2056 3214
139 191 193 223 189

716 185 968 217 οοιιιιειιιιιιιιιι
987 185 1021 214 IN
1041 184 1211 214 PSALMOS.
1264 169 1303 205 νδ

1718 185 1770 213 190

137 248 245 282 εἰσάγει
258 247 377 282 ποίησιν.
397 245 457 273 Οἵδε
471 245 502 272 δὲ
515 245 532 281 ἡ
544 245 639 281 Γραφὴ
654 245 702 271 καὶ
727 244 837 276 πλειους
851 245 934 279 οὐρα-

986 245 1031 270 tur
1047 242 1129 274 diem,
1146 241 1485 269 ﬁrmamenticreationem
1497 242 1610 270 inducit.
1629 242 1770 278 Scriptura

137 294 217 326 νούςο
234 293 274 320 διό
292 300 388 328 φησιν·
403 291 516 319 Αἰνεῖτε
531 291 585 318 τὸν
598 291 707 324 Κύριον
718 290 753 317 ἐκ
770 289 830 317 τῶν
842 291 930 324 οὐρα-

137 340 216 368 rdw"
237 339 285 366 καὶ
310 338 407 365 πάλιν·
425 337 540 364 Αἰνεῖτε
561 336 654 363 αὐτὸν
677 336 705 363 οὶ
730 335 852 369 οὐρανοὶ
874 334 934 362 τῶν

137 384 287 420 οὐρανῶν,
302 384 353 411 καὶ
368 384 400 410 τὸ
415 383 493 418 ὕδωρ
505 383 537 410 τὸ
558 382 696 417 ὑπεράνω
711 381 770 417 τῶν
780 381 916 415 οὐρανῶν
925 391 931 397 -

139 434 187 460 καὶ
200 431 318 467 ἀλλαχοῦ
339 431 462 467 εἴρηται·
484 431 514 456 '0
528 429 656 464 οὐρανὸς
675 429 728 456 τοῦ
750 429 879 463 οὐρανοῦ
894 428 934 462 τῷ

137 479 246 514 Κυρίῳ.
252 479 307 504 Καὶ
313 478 344 504 τὸ
350 477 491 513 στερέωμα
497 476 627 511 κέκληται
635 475 758 511 οὐρανὸς,
765 475 813 501 καὶ
820 477 833 502 ὁ
840 475 934 511 Σωτὴρ

137 525 188 561 τὴν
205 524 342 560 βασιλείαν
358 524 412 550 τῶν
429 523 551 559 οὐρανῶν
575 523 781 557 ἐπαγγέλλεται,
796 521 843 549 καὶ
856 523 884 548 ὲν
900 523 933 557 τῇ

138 572 206 607 εὐχῇ
214 571 334 598 διδάσκει
343 571 444 596 εἰπεῖν’
454 570 549 603 Πάτερ
558 569 643 604 ἡμῶν
649 570 664 595 ὀ
672 569 707 595 ἐν
715 568 776 602 τοῖς
784 568 934 602 οὐρανοῖς,

138 618 196 650 καὶ,
210 618 244 644 At
258 615 401 651 δυνάμεις
418 615 478 642 τῶν
493 615 630 650 οὐρανῶν
644 613 896 648 σαλευθήσονται.

181 706 290 742 Ἡμέρα
298 705 337 740 τῇ
349 705 443 741 ἡμέρᾳ
455 705 605 740 ἐρεύγεται
612 705 706 740 ῥῆμα,
719 706 767 733 καὶ
780 705 838 738 νὺξ
847 706 935 733 νυκτὶ

137 753 318 788 ἀναγγέλλει
341 751 465 787 γνῶσιν.
486 751 611 778 Διδάσκει
638 752 732 788 ἡμέρα
753 753 800 779 καὶ
815 752 934 781 διδάσκει

138 799 190 832 νὺξ
203 799 266 826 τοὺς
285 798 426 829 ἐθέλοντας
445 797 629 829 παιδεύεσθαι,
645 797 695 833 ὅση
709 797 752 829 τίς
771 798 845 824 ἐστιν
859 799 876 833 ἡ
892 807 935 824 σο-

138 845 192 880 φία
208 846 224 880 ἡ
241 844 358 880 ἆρρητος
377 843 425 870 καὶ
440 843 624 880 ἀπερίληπτος
644 843 757 879 δύναμις
768 843 815 870 τοῦ
831 844 865 871 τὰ
879 844 935 870 δια-

139 892 268 927 στὴματα
286 891 340 918 τῶν
354 890 458 926 χρόνων
478 891 734 926 καταμετρήσαντος
752 891 844 922 αὐτοῖς
856 891 932 917 Θεοῦ.

986 294 1051 314 vero
1066 287 1220 321 complures
1233 286 1318 314 caelos
1340 286 1416 314 norit
1432 286 1625 322 admittitque‘,
1640 289 1772 323 quocirca

986 333 1065 360 dicit:
1089 332 1210 360 Laudate
1236 332 1381 360 Dominum
1402 332 1434 360 de
1449 334 1520 360 mli;
1530 334 1572 368 ";
1587 341 1619 361 ac
1638 342 1769 362 rursum:

985 378 1107 406 Laudato
1129 387 1199 409 eum,
1227 379 1287 406 εωιί
1315 379 1451 412 costarum,
1469 383 1493 406 et
1510 388 1578 414 aqua
1605 381 1690 407 omnis
1714 388 1772 416 qua:

986 432 1063 459 super
1079 425 1156 452 calor
1176 425 1257 452 est”.
1282 425 1354 452 Alibi
1379 433 1488 460 quoque
1511 425 1614 453 dictum
1634 426 1770 455 occurrit:

986 468 1091 497 Caelum
1115 470 1172 496 cwli
1200 469 1360 497 Domino".
1389 469 1603 498 Firmamentum
1629 471 1694 499 item
1715 479 1772 499 cm-

986 516 1042 543 lum
1056 519 1181 548 vocatur,
1199 520 1226 543 et
1244 515 1369 543 Salvator
1384 523 1497 551 regnum
1514 516 1646 543 caelorum
1665 517 1773 551 pollice-

985 565 1041 593 tur,
1056 569 1087 588 ac
1107 561 1144 588 ita
1159 561 1327 597 precandum
1343 569 1408 588 esse
1423 562 1559 589 instituit:
1575 562 1655 589 Pater
1673 568 1772 596 noster,

985 609 1030 643 qui
1051 609 1115 635 eain
1143 608 1214 635 uelis
1223 608 1257 640 ³⁶;
1281 611 1308 635 ct
1324 617 1330 634 :
1349 607 1463 634 Virtutes
1487 607 1612 635 caelorum
1629 608 1770 636 movebun-

1039 655 1072 670 ⁸⁷.

1020 698 1104 727 Vens.
1116 699 1144 726 5.
1170 698 1232 726 Dies
1252 698 1307 725 diei
1325 703 1428 726 eructat
1450 697 1567 731 uerbum,
1589 704 1615 726 et
1631 706 1684 725 nos:
1704 700 1774 726 nocti

985 745 1086 773 indicat
1110 746 1259 773 scientiam.
1286 745 1371 773 Docet
1395 745 1465 778 dies,
1482 745 1561 772 docet
1581 745 1700 780 itemque
1719 753 1774 773 nox

985 800 1033 820 eos
1045 793 1091 828 qui
1108 792 1217 820 institui
1231 795 1388 828 peroptant,
1406 799 1490 826 quam
1505 791 1651 819 ineﬂ'abilis
1664 792 1774 826 sapien~

985 839 1034 871 tia,
1060 846 1142 874 quam
1159 837 1446 873 incomprehensibilis
1472 837 1562 865 virtus
1585 837 1622 865 sit
1648 837 1706 870 Dei,
1725 838 1773 873 qui

986 885 1053 919 ipsis
1071 889 1224 920 temporum
1246 883 1391 911 intervalla
1412 883 1552 911 dimensus
1569 887 1623 910 est.
1652 883 1680 910 Si
1696 890 1774 911 nam-

137 938 171 964 Εὶ
188 937 238 972 μὲν
253 937 307 973 γὰρ
327 936 421 972 μηδεὶς
441 934 475 972 ἦν
490 938 504 963 ὁ
522 937 569 962 καὶ
582 936 695 968 ταύταις
709 936 793 972 ὥραις
811 937 858 963 καὶ
872 936 935 972 χρό-

986 938 1039 966 que
1066 931 1158 958 nullus
1182 934 1255 958 esset
1279 930 1328 965 qui
1356 930 1399 957 his
1415 930 1627 965 tempestatibus
1642 931 1729 965 spatia
1746 933 1775 958 et

137 991 202 1014 νους
218 984 265 1009 καὶ
288 982 401 1018 καιροὺς
425 981 631 1017 διαταξάμενος,
649 982 808 1018 ἁπρονοήτῳ
833 981 861 1008 δὲ
887 982 935 1009 καὶ

138 1030 229 1066 ἀλόγῳ
240 1030 348 1065 κινήσει
362 1030 432 1057 κατά
441 1038 468 1056 τι
478 1029 611 1065 σύμϐαμα
625 1030 768 1065 Ιτυχιμαῖον
792 1028 935 1063 ὑφεστῶτα

137 1075 172 1112 ἦν
182 1086 188 1092 ·
204 1077 289 1113 ἐχρῆν
302 1077 387 1112 δήπου
404 1077 440 1112 μὴ
456 1078 492 1103 τὰ
507 1076 552 1102 ἴσα
571 1076 743 1111 διαστήματα
755 1075 809 1102 τῶν
824 1075 934 1111 ἡμερῶν

137 1124 182 1151 διὰ
197 1124 297 1155 παντὸς
316 1123 364 1150 τοῦ
381 1123 478 1155 αἰῶνος
500 1123 659 1157 ὑφεστάναι,
681 1120 697 1158 ἢ
716 1121 936 1157 συγκεχυμένους

139 1168 230 1196 αὐτῶν
251 1166 321 1195 εἶναι
336 1168 400 1199 τοὺς
422 1168 545 1203 καιροὺς,
563 1168 611 1194 καὶ
625 1167 674 1199 τὰς
690 1167 790 1198 νύκτας
804 1167 832 1193 δὲ
846 1166 936 1193 ὡσαύ-

138 1225 193 1248 τως
203 1216 266 1251 εἱκῆ
276 1216 323 1243 καὶ
331 1216 369 1247 ὼς
382 1215 476 1250 ἔτυχεν
487 1215 627 1251 φέρεσθαι.
641 1214 764 1248 Ἀλογίας
774 1213 826 1249 γὰρ
834 1213 935 1249 ἀδελφὴ

139 1261 248 1294 ἀταξία,
265 1262 312 1288 καὶ
330 1260 369 1296 τῷ
380 1261 516 1297 τυχιμαίῳ
530 1260 625 1286 ἕπεται
642 1259 770 1295 σύγχυσις
779 1267 786 1274 θ
799 1259 836 1290 ὡς
847 1259 935 1294 ἔμπα-

139 1309 181 1335 λιν
197 1308 288 1343 πάσης
304 1307 430 1339 εὐταξίας
456 1307 561 1342 ἡγεῖται
586 1306 675 1341 λόγος,
699 1305 829 1342 ἁρμονίας
845 1314 874 1332 τε
888 1305 936 1332 καὶ

141 1355 300 1390 συμφωνίας
312 1354 418 1390 ἡγεῖται
433 1354 522 1388 σοφία.
544 1354 574 1382 At
587 1353 677 1380 τοίνυν
690 1353 792 1380 τούτων
807 1353 875 1389 πρὸς
889 1352 936 1379 ἁλ-

139 1402 223 1438 λήλας
246 1403 359 1439 ἀμοιϐαὶ
383 1403 430 1429 καὶ
446 1403 644 1438 ὑποχωρήσεις,
666 1401 730 1428 ποτὲ
756 1401 805 1437 μὲν
824 1401 935 1437 ἡμερῶν

141 1451 350 1486 μηκυνομένων,
372 1450 572 1486 ὑποχωρουσῶν
587 1450 616 1476 δὲ
633 1449 721 1476 αὐτῶν
738 1448 852 1480 νυκτῶν,
870 1447 935 1474 ποτὲ

137 1497 168 1524 δὲ
181 1497 235 1524 τῶν
248 1497 352 1524 νυκτῶν
373 1498 403 1524 τὸ
427 1496 685 1533 προδεδανεισμένον
702 1497 780 1532 χρέος
799 1496 868 1522 κατὰ
885 1496 934 1531 τὴν

138 1545 194 1572 τών
207 1544 287 1581 ὡρῶν
302 1544 416 1580 αὔξησιν
427 1543 688 1579 ἀπολαμϐανουσῶν,
707 1544 846 1579 μονονουχὶ
857 1542 936 1577 φθέγ-

140 1599 233 1625 γονται
257 1591 304 1617 καὶ
321 1590 431 1617 λαλοίσι
457 1589 562 1627 μεγάλῃ
583 1589 659 1625 φωνῇ
675 1590 708 1624 τῇ
730 1588 860 1626 πανσόφῳ
876 1589 934 1615 δια-

139 1635 218 1668 τάξει
232 1635 279 1662 τοῦ
301 1635 356 1662 τῶν
369 1635 438 1661 ὅλων
457 1635 644 1671 μαρτυροῦσαι
662 1634 741 1666 Θεοῦ,
763 1635 809 1661 καὶ
832 1634 934 1670 κηρύτ-

139 1690 234 1708 τουσιν
252 1681 404 1717 ἀνθρώποις
422 1681 471 1717 τὴν
487 1681 535 1708 τοῦ
551 1681 618 1707 Θεοῦ
634 1681 747 1715 γνῶσιν·
765 1679 836 1707 οὕτω
849 1681 877 1707 δὲ
891 1689 936 1707 κε-

140 1727 276 1762 γραγόσιν
303 1727 391 1759 αὐτοῖς
417 1727 509 1763 ἔργοις
533 1727 566 1753 αδ
590 1726 641 1753 τῶν
668 1726 780 1762 ἡμερῶν
807 1724 854 1752 καὶ
882 1725 936 1752 τῶν

141 1772 251 1799 νυκτῶν
275 1773 362 1807 φωναὶ
386 1775 442 1805 τοῖς
463 1773 571 1799 ἐπαΐειν
596 1772 685 1799 αὐτῶν
706 1772 874 1807 δυναμένοις,
898 1772 937 1804 ὡς

142 1819 277 1855 μηδεμίαν
297 1819 382 1855 ἀκοὴν
404 1819 544 1846 λανθάνειν
558 1818 606 1854 τὴν
617 1817 787 1845 διδασκαλίαν
799 1817 897 1845 αὐτῶν.

136 1914 138 1927 ¹
176 1909 360 1945 Πεπλήρωται
374 1908 439 1943 γοῦν
454 1909 468 1943 ἡ
482 1908 612 1943 σύμπασα
626 1906 680 1933 τῶν
690 1905 839 1942 ἀνθρώπων
853 1907 937 1933 οἰκου-

142 1955 210 1991 μένη
227 1955 278 1989 τῆς
292 1953 429 1990 εὐρύθμου
445 1954 492 1981 καὶ
503 1952 648 1988 ἀμοιὸαίας
663 1951 752 1979 αὐτῶν
765 1952 873 1988 χορείας
885 1961 892 1968 ·
903 1952 936 1978 δι’

140 2001 159 2028 ἃ
180 2001 322 2028 λέλεκται’
340 2002 401 2028 οὐκ
425 2000 485 2027 εζσὶ
501 1999 604 2026 Julia)
625 1998 695 2026 οὐδὲ
715 1999 799 2033 λόγοι
813 1995 856 2025 ὧν
869 1999 937 2033 οὐχὶ

141 2048 303 2075 ἀκούονται
318 2048 348 2073 al
368 2045 463 2081 φωναὶ
483 2044 591 2072 αὐτῶν.
614 2045 666 2077 Εἷς
682 2043 786 2072 πᾶσαν
798 2044 855 2078 τὴν
878 2043 937 2078 γῆν

140 2093 272 2128 ἐξῆλθεν
286 2095 303 2120 ὁ
318 2093 449 2128 φθόγγος
465 2092 574 2124 αὐτῶν,
587 2091 636 2118 καὶ
652 2092 695 2124 εὶς
711 2089 747 2117 τὰ
758 2090 870 2124 πέρατα
882 2089 937 2124 τῆς

141 2138 322 2174 οἰκουμένης
342 2138 378 2164 τὰ
395 2137 512 2172 ῥήματα
527 2136 642 2164 αὐτῶν·
668 2135 745 2171 δῆλον
762 2135 800 2167 δὲ,
820 2136 861 2162 ὅτι
883 2135 936 2162 τῶν

142 2184 256 2220 ἡμερῶν
270 2184 318 2210 καὶ
333 2182 387 2209 τῶν
401 2181 516 2214 νυκτῶν,
533 2181 586 2208 τῶν
608 2189 638 2206 τε
661 2179 863 2214 διηγουμένων
880 2178 938 2213 τὴν

142 2231 196 2258 τοῦ
211 2230 286 2257 Θεοῦ
298 2230 392 2261 δόξαν
404 2228 536 2264 οὐρανῶν,
549 2227 595 2254 καὶ
609 2225 656 2252 τοῦ
670 2225 728 2259 τὴν
740 2225 865 2259 ποίησιν
879 2223 937 2250 τῶν

143 2277 251 2313 χειρῶν
267 2276 360 2303 αὑτοῦ
378 2275 616 2311 ἐξαγγέλλοντος
635 2271 833 2308 στερεώματος.
853 2270 938 2297 Ἔνθα

142 2324 169 2350 δὲ
186 2323 325 2359 γενομένῳ
351 2331 395 2358 μοι
420 2321 571 2356 θαυμάζειν
599 2319 713 2350 ἔπεισιν,
732 2318 806 2349 ὅπως
825 2317 839 2343 ὁ
865 2315 937 2352 ἱερὸς

143 2370 293 2401 ἀπόστολος
304 2369 334 2395 τό
346 2377 353 2383 ·
364 2369 417 2401 Εἰς
429 2366 532 2394 πᾶσαν
543 2365 600 2400 τὴν
612 2363 670 2400 γῆν
682 2362 812 2398 ἐξῆλθεν
824 2364 840 2390 ό
851 2363 936 2397 φθόγ-

143 2425 196 2452 τος
211 2415 323 2446 αὐτῶν,
340 2414 390 2441 καὶ
408 2415 452 2446 εἰς
465 2412 502 2440 τὰ
515 2411 628 2447 πέρατα
639 2410 693 2445 τῆς
708 2409 886 2444 οἰκουμένης
899 2409 935 2435 τὰ

141 2463 262 2498 ῥήματα
273 2460 383 2495 αὐτῶν,
399 2460 445 2486 ἐπὶ
460 2460 522 2491 τοὺς
546 2457 669 2493 μαθητὰς
683 2456 730 2483 καὶ
742 2453 937 2489 εὐαγγελιστὰς

144 2510 192 2536 καὶ
215 2508 380 2539 ἀποστόλους
394 2506 442 2533 τοῦ
459 2506 584 2541 Σωτῆρος
602 2503 680 2539 ἡμῶν
696 2503 844 2537 ἀνήνεγκεν
861 2501 889 2526 ἐν
904 2499 937 2534 τῇ

144 2557 213 2592 πρὸς
233 2554 386 2590 Ῥωμαίους
395 2552 547 2587 Ἐπιστολῇ.
571 2550 738 2584 Ἐπιστήσας
753 2548 782 2575 δὲ
805 2546 851 2573 τὸν
874 2545 937 2572 νοῦν

147 2591 181 2637 τῇ
193 2601 358 2635 ἀποστολικῇ
371 2597 452 2631 λέξει,
465 2597 567 2634 σφόδρα
577 2595 698 2632 ἀκριϐῶς
708 2591 786 2630 εὗρον
798 2592 879 2620 αὐτὸν
893 2600 939 2636 καῖ

111 2641 120 2677 l
145 2646 323 2683 ταχρηστικῷ
330 2646 423 2681 τρόπῳ
431 2644 565 2680 εὐκαίρως
573 2642 622 2679 ’τὴν
630 2641 780 2677 παράθεσιν
788 2638 939 2674 πεποιημέ-

112 2684 114 2689 ’
144 2704 199 2723 νον·
214 2696 244 2722 οὗ
261 2695 316 2730 γὰρ
330 2693 422 2729 ὥσπερ
435 2691 499 2719 ποτὲ
508 2691 557 2726 μὲν
568 2690 633 2725 ἔφη·
655 2688 779 2720 Ἡσαΐας
788 2686 822 2714 δὲ
841 2684 936 2720 κράζει

143 2742 220 2777 ὑπὲρ
245 2741 300 2768 τοῦ
332 2738 465 2774 Ἰσραὴλ,
492 2737 559 2764 ποτὲ
585 2736 624 2768 δὲ,
639 2734 736 2766 καθὼς
761 2731 937 2777 προειριπνιεν

148 2775 289 2821 Ἡσαΐας·
301 2787 348 2814 καὶ
363 2785 456 2812 πάλιν·
474 2784 574 2816 Καθὼς
588 2782 763 2818 γέγραπται·
778 2778 826 2805 καὶ
842 2775 934 2808 αὖθις·

985 977 1133 1004 interstitia
1148 977 1332 1012 .destinasset,
1349 975 1396 1004 sed
1417 976 1563 1003 temerariu
1577 979 1603 1002 et
1618 975 1774 1003 inconside-

986 1024 1046 1048 rato
1062 1026 1137 1049 motu
1162 1026 1246 1057 atque
1273 1029 1340 1050 casu
1364 1021 1493 1057 quopiam
1517 1027 1575 1048 ιιωο
1588 1021 1770 1054 exsisterent;

985 1073 1122 1103 oporteret
1139 1076 1204 1096 sane
1223 1076 1278 1095 non
1288 1068 1439 1103 aequalibus
1455 1067 1552 1102 spatiis
1574 1067 1633 1094 dies
1645 1075 1660 1094 ιι
1673 1067 1774 1095 saeculo

986 1114 1127 1141 ordinatas
1147 1114 1241 1147 fuisse,
1263 1118 1309 1141 aut
1332 1113 1447 1140 confusa
1465 1120 1571 1143 exrum.
1591 1113 1774 1148 similiterque

985 1160 1106 1187 noctium
1120 1164 1254 1195 tempore,
1274 1167 1340 1187 casu
1358 1167 1389 1186 ac
1402 1159 1515 1187 fortuito
1529 1159 1642 1186 revolvi.
1666 1159 1774 1186 Etenim

985 1206 1131 1234 temerario
1158 1207 1236 1234 casui
1262 1206 1393 1233 [initiatus
1421 1210 1463 1232 est
1485 1205 1643 1232 inconditus
1675 1212 1769 1232 rerum

986 1256 1087 1284 status,
1114 1256 1141 1279 et
1170 1251 1313 1279 fortuitam
1340 1259 1396 1279 rem
1424 1251 1550 1286 sequitur
1572 1250 1717 1285 confusio;
1745 1255 1775 1279 ut

985 1298 1046 1326 vice
1064 1305 1143 1326 versa
1156 1303 1261 1325 rectum
1285 1297 1409 1324 ordinem
1437 1298 1507 1324 ratio
1528 1297 1632 1332 dirigit,
1652 1305 1773 1324 concen.

986 1347 1099 1378 tumque
1120 1351 1153 1370 ac
1168 1342 1344 1370 concordiam
1380 1349 1472 1369 rerum
1498 1342 1633 1377 sapientia
1657 1342 1775 1370 admini-

987 1393 1067 1417 strat.
1087 1389 1187 1416 Mature
1211 1396 1278 1415 sane
1301 1388 1412 1415 illorum
1435 1388 1640 1415 vicissitudines
1655 1391 1682 1415 et
1706 1396 1774 1415 con-

986 1436 1145 1467 ccssiones;
1160 1442 1223 1461 nam
1239 1434 1320 1461 modo
1334 1434 1405 1464 dies,
1418 1433 1586 1461 concedente
1605 1437 1695 1465 nocte,
1710 1441 1773 1468 pro-

985 1481 1097 1508 lixiores
1118 1483 1193 1512 sunt,
1211 1480 1292 1507 modo
1307 1484 1401 1506 noctes
1416 1479 1538 1506 debitum
1559 1487 1591 1506 ac
1607 1483 1702 1506 mutuo
1724 1479 1772 1506 da-

986 1531 1044 1553 tum
1063 1526 1181 1561 spatium
1197 1529 1277 1552 aucta
1296 1525 1384 1552 hieme
1402 1531 1434 1552 ac
1456 1527 1616 1558 tempestate
1630 1529 1772 1559 repetunt;

987 1572 1054 1604 haec,
1074 1572 1198 1606 inquam,
1227 1573 1334 1597 tantum
1361 1577 1415 1596 non
1439 1569 1637 1601 vociferantur,
1668 1577 1699 1596 ac
1724 1575 1773 1597 ceu

949 1613 970 1642 C
987 1618 1061 1646 edito
1077 1618 1198 1645 clamore
1227 1615 1466 1651 sapientissimum
1486 1615 1561 1642 illum
1579 1616 1613 1642 ab
1633 1616 1775 1643 universo-

987 1673 1047 1693 rum
1071 1663 1128 1692 Deo
1154 1665 1333 1691 constitutum
1366 1662 1492 1689 ordinem
1512 1661 1707 1696 depraadicant,
1725 1663 1776 1689 ho-

986 1711 1162 1746 minibusque
1193 1709 1240 1737 Dei
1281 1709 1407 1736 notitiam
1440 1708 1617 1735 annuntiant.
1656 1707 1701 1735 Sic
1733 1708 1776 1736 vel

987 1758 1054 1794 ipsis
1076 1757 1158 1793 gestis
1186 1756 1314 1792 operibus
1346 1756 1453 1783 dierum
1481 1755 1660 1789 noctiumque
1693 1762 1775 1783 voces

988 1803 1021 1831 iis
1043 1804 1089 1839 qui
1103 1803 1198 1831 auditu
1213 1803 1310 1830 valent
1334 1802 1494 1833 inclamant,
1522 1803 1553 1828 ut
1580 1808 1629 1836 per
1653 1801 1775 1828 omnium

987 1858 1069 1879 aures
1080 1850 1206 1878 doctrina
1220 1856 1316 1877 eorum
1331 1847 1472 1883 pervadat.

1024 1896 1177 1924 Universus
1194 1896 1287 1930 itaque
1298 1895 1384 1925 orbis,
1404 1893 1451 1929 qui
1474 1893 1507 1919 ab
1525 1893 1683 1920 hominibus
1698 1893 1775 1920 inco-

988 1944 1064 1975 litur,
1083 1941 1226 1970 concinnis
1252 1939 1410 1975 hujusmodi
1428 1947 1459 1966 ac
1484 1939 1586 1966 muluis
1604 1939 1711 1967 choreis
1732 1947 1776 1966 re-

987 1991 1089 2026 pletum
1104 1992 1166 2021 est;
1190 1994 1275 2022 quare
1299 1985 1418 2013 dicitur:
1446 1984 1524 2011 Vers.
1542 1984 1569 2017 4,
1585 1984 1612 2011 5.
1638 1983 1700 2011 Ilon
1713 1988 1775 2011 sunt

989 2035 1108 2071 loquelae,
1137 2041 1217 2068 neque
1243 2039 1386 2062 sermones,
1410 2039 1521 2065 quarunt
1550 2038 1601 2057 non
1629 2029 1775 2057 audiantur

988 2089 1061 2109 uoces
1095 2087 1197 2107 eorum.
1240 2077 1274 2105 In
1312 2085 1413 2104 omnem
1446 2081 1545 2103 terram.
1580 2077 1661 2103 exivit
1693 2084 1775 2104 sonus

988 2135 1090 2159 eorum,
1104 2132 1129 2154 et
1145 2127 1172 2153 in
1185 2126 1250 2161 fines
1270 2124 1340 2151 orbis
1357 2128 1433 2151 terra:
1447 2123 1523 2150 verba
1537 2131 1638 2155 eorum,
1649 2122 1775 2150 videlicet

989 2176 1094 2203 dierum
1118 2181 1151 2200 ac
1167 2173 1301 2204 noctium,
1321 2178 1369 2198 nec
1393 2179 1447 2198 non
1467 2170 1610 2201 cmlorum,
1628 2170 1672 2204 qui
1697 2178 1776 2196 enar-

989 2224 1051 2247 rant
1075 2219 1189 2255 gloriam
1206 2217 1266 2249 Dei,
1282 2220 1310 2244 et
1332 2215 1506 2248 firmamenti,
1523 2215 1592 2251 quod
1616 2220 1695 2249 opera
1718 2223 1776 2241 ma-

989 2274 1071 2294 nuum
1086 2265 1143 2300 ejus
1158 2263 1310 2291 annuntiat.
1330 2261 1381 2289 Hic
1393 2270 1476 2297 porro
1498 2262 1564 2289 mihi
1582 2261 1638 2288 hazc
1651 2263 1776 2287 contem-

990 2311 1077 2347 planti
1101 2310 1196 2338 mirari
1217 2309 1301 2340 subit,
1328 2315 1382 2342 quo
1399 2312 1480 2343 pacto
1502 2310 1613 2334 sanctus
1626 2305 1777 2341 Apostolus

989 2358 1056 2386 illud
1070 2367 1076 2384 :
1103 2356 1137 2383 In
1158 2363 1260 2382 onmem
1277 2359 1375 2381 terram
1389 2353 1468 2380 exiuit
1490 2361 1569 2380 sonus
1588 2361 1691 2384 eorum,
1707 2357 1732 2378 et
1747 2352 1776 2378 in

989 2406 1053 2440 ﬁnes
1069 2403 1140 2431 orbis
1157 2407 1233 2429 terra:
1245 2399 1323 2427 verba
1335 2408 1436 2432 eorum,
1458 2399 1491 2426 ad
1512 2398 1673 2433 discipulos,
1691 2405 1775 2426 evan-

990 2450 1103 2486 gelistas
1121 2453 1147 2476 et
1174 2447 1313 2482 apostolos
1338 2445 1488 2472 Salvator-is
1511 2444 1599 2471 nostri
1617 2444 1644 2471 in
1669 2451 1718 2471 sua
1740 2444 1775 2471 ad

990 2497 1129 2523 Romanos
1146 2494 1265 2529 Epistula
1288 2491 1387 2519 referat
1397 2491 1430 2517 ⁸⁸.
1467 2490 1535 2516 Dum
1556 2494 1645 2517 autem
1665 2493 1776 2524 aposto-

990 2542 1073 2569 licum
1106 2541 1209 2568 dictum
1249 2538 1341 2566 animo
1372 2535 1578 2574 perpenderem,
1608 2535 1776 2570 deprehendi

990 2589 1080 2624 ipsum
1096 2586 1219 2623 apposite
1235 2584 1383 2612 admodum
1396 2588 1423 2610 et
1439 2585 1592 2617 opportune
1615 2581 1775 2616 hujusmodi

991 2632 1270 2661 accommodationem
1296 2628 1456 2657 advexisse:
1483 2635 1539 2654 non
1567 2624 1639 2654 enim
1662 2630 1692 2653 ut
1713 2625 1776 2653 aliis

991 2680 1018 2707 in
1037 2679 1106 2707 locis
1121 2678 1202 2706 modo
1216 2677 1256 2705 sic
1277 2675 1384 2707 eﬂ'atur,
1406 2673 1494 2700 Isaias
1518 2677 1606 2700 autem
1620 2673 1719 2699 clamat
1744 2671 1777 2699 de

992 2726 1125 2754 Israele”
1139 2733 1147 2758 ;
1169 2723 1251 2752 modo
1267 2723 1317 2755 sic,
1340 2725 1369 2748 ut
1386 2720 1509 2756 pradixit
1520 2719 1609 2747 Isaias
1623 2719 1645 2735 '°
1659 2727 1667 2750 ;
1679 2726 1776 2746 rursus

990 2769 1296 2808 vero,Quemadmadum
1311 2769 1437 2803 scriptum
1452 2773 1490 2795 est
1501 2768 1536 2800 ",'
1550 2767 1712 2801 iterumque,
1723 2763 1776 2792 Di-

176 2881 200 2897 ³³
211 2880 286 2908 Psal.
298 2885 411 2906 chvm.
428 2876 451 2902 l.
489 2875 512 2890 ⁸⁵
531 2874 596 2901 ibid.
612 2874 637 2901 4.
676 2873 699 2888 ⁸⁵
710 2871 781 2899 Psal.
799 2876 876 2902 cxln,
900 2867 930 2896 ‘IG

986 2868 1001 2884 "
1017 2866 1111 2894 Matth.
1130 2873 1166 2899 vr,
1179 2863 1206 2892 9.
1254 2863 1277 2879 ⁸⁷
1289 2861 1355 2890 Luc.
1373 2869 1430 2903 nni,
1447 2860 1492 2887 26.
1508 2892 1512 2895 _
1538 2858 1560 2875 ⁸⁸
1584 2856 1664 2885 Rom.
1680 2864 1707 2890 ι,
1728 2855 1773 2884 l3.

147 2924 170 2948 δ’
183 2928 263 2958 Rom.
280 2937 318 2962 Ix,
333 2926 379 2954 ‘27.
415 2925 437 2942 ’θ
449 2924 516 2954 ibid.
533 2923 579 2951 29.
597 2922 639 2950 ιιι
655 2922 719 2950 Cor.
736 2928 755 2954 ι,
775 2919 818 2948 5i.
