2056 3214
275 168 326 196 125

271 226 352 253 ciuus
368 234 410 254 me
431 226 588 262 conjicient,
608 234 710 262 et‘oque
727 234 827 262 magno
852 232 964 262 peccato
977 227 1065 255 obno-
1077 231 1100 259 Α

272 279 344 299 XIUS.

309 317 391 345 Vsus.
411 318 454 345 15.
477 318 598 345 Eternnt
620 318 646 345 in
669 318 861 352 beneplacitum
885 319 989 355 eloquia
1013 319 1066 346 oris

272 365 332 391 mei.
347 365 416 394 Cum
434 365 490 393 hmc
506 364 572 391 mihi
590 364 638 392 abs
651 369 676 392 te
687 365 786 392 collata
798 365 910 398 fuerint,
927 370 993 392 tunc
1008 365 1066 392 elo-

272 411 336 446 quia
350 411 407 439 oris
423 411 487 443 mei,
501 418 561 446 quae
575 411 713 445 precando
724 431 731 443 ,
752 415 779 438 te
795 411 903 446 hymnis
924 411 1068 438 celebran-

272 457 318 489 do,
330 457 433 492 gratias
447 457 496 484 tibi
512 456 617 492 agendo
634 457 732 489 obtuli,
749 457 849 491 placita
861 457 909 484 tibi
921 462 1013 485 orunt.
1030 456 1066 483 Ea

272 511 337 531 vero
354 504 453 539 placita
477 503 586 538 eloquia
618 506 704 535 sunt,
733 511 794 538 quae
815 504 1014 538 approbatione
1041 507 1068 530 et

272 551 353 578 laude
368 551 459 585 digna.
486 550 520 577 Et
543 551 680 578 meditatio
700 551 787 578 cordis
810 551 862 577 mei
885 551 913 577 in
929 556 1067 586 conspectu

273 601 317 623 tuo
332 601 370 623 est
383 604 492 629 semper.
505 595 643 623 Meditatio
657 596 756 624 mentis
768 603 844 628 meze,
855 603 915 630 qua:
925 596 953 622 in
965 596 1068 630 cogita-

272 643 393 670 tionibus
408 647 434 670 ct
448 642 532 669 animi
557 643 684 670 sensibus
706 642 857 677 perﬁcitur,
868 650 930 669 cum
947 642 982 669 sil.
993 641 1068 668 omni

272 689 353 724 culpa
376 689 517 722 immunis,
532 689 559 716 in
580 693 728 724 conspectu
757 693 805 716 tuo
825 694 867 717 est
881 697 998 724 semper.
1013 688 1069 716 Mc-

273 735 370 763 ditatio
381 744 447 763 sane
458 744 511 763 non
527 736 637 763 aliunde
653 743 735 771 quam
753 736 801 763 abs
818 740 845 763 te
860 735 999 771 inculpata
1007 743 1069 763 esse

274 783 354 814 \alet,
365 783 410 818 qui
425 791 467 810 me
479 784 512 810 ab
525 783 642 811 occultis
657 783 725 810 meis
741 781 909 810 emundasti.

309 829 432 860 Domine.
450 830 558 864 adjutor
574 838 645 856 meus
663 835 688 857 et
701 829 848 864 redemptor
862 837 946 856 meus.
959 828 997 856 Te
1011 828 1069 864 opi-

271 875 389 907 tulante,
408 875 539 908 Domine,
556 884 571 903 a
592 876 699 904 nemine
716 875 861 902 adversum
879 882 922 902 me
940 875 1070 910 spiritua-

636 167 769 196 EUSEBII
789 168 1029 196 CIESABIENSIS
1048 168 1124 197 OPP.
1140 168 1230 196 PARS
1247 169 1291 197 lll.
1313 166 1518 198 EXEGETICA.

1605 158 1611 180 ί
1632 156 1647 191 ίί
1865 169 1917 198 tuo

1114 227 1200 254 ταῦτα
1226 227 1260 253 τὰ
1281 226 1491 262 παραπτώματα
1516 226 1556 258 εἰς
1583 226 1682 261 πρᾶξιν
1705 226 1810 262 φαύλην
1833 236 1916 262 μετα-

1119 273 1206 309 φέρει,
1221 273 1268 299 καὶ
1284 273 1395 308 γίνομαι
1409 272 1559 303 ὑπεύθυνος
1574 273 1697 308 ἁμαρτίᾳ
1713 273 1828 308 μεγάλῃ.

1153 319 1206 346 Καὶ
1223 319 1344 346 ἔσονται
1358 320 1402 351 είς
1416 318 1558 346 εὐδοκίαν
1570 319 1606 345 τὰ
1626 319 1714 354 λόγια
1728 318 1782 345 τοῦ
1802 320 1914 354 στόμα-

1118 365 1169 397 τός
1183 372 1252 398 μου.
1272 364 1355 392 Ὅταν
1377 363 1464 390 ταῦτά
1487 372 1531 398 μοι
1555 363 1683 398 ὑπαρχθῇ
1706 362 1782 399 παρὰ
1805 363 1864 397 σοῦ,
1879 364 1915 392 ταὶ

1118 411 1196 444 λόγια
1218 409 1264 436 τοῦ
1284 410 1417 445 στόματός
1434 418 1483 444 μου
1500 409 1518 436 ἃ
1530 410 1687 445 προήνεγκα
1700 410 1847 445 εὐχόμενός
1861 419 1915 443 σοι,

1120 457 1211 492 ὑμνῶν
1233 466 1273 489 σε,
1290 456 1457 492 εὐχαριστῶν
1484 465 1535 488 σοι,
1556 457 1597 488 εἰς
1617 456 1740 483 εὐδοκίαν
1760 457 1848 484 ἔσται.
1867 458 1916 489 Εἰς

1119 503 1241 530 εὐδοκίαν
1257 503 1285 530 δὲ
1299 504 1372 530 ἐστιν
1386 503 1420 529 τὰ
1437 503 1514 537 λόγια
1530 503 1564 529 τὰ
1581 503 1716 538 ἀποδοχῆς
1734 503 1806 536 ἄξια.
1823 504 1877 531 Kal
1895 505 1915 539 ἡ

1115 549 1226 584 μελέτη
1251 549 1306 583 τῆς
1326 549 1450 583 καρδίας
1469 558 1528 584 μου
1553 549 1681 576 ἐνώπιόν
1700 557 1759 576 σου
1776 550 1841 577 ἐστὶ
1864 551 1916 578 διὰ

1119 597 1241 628 παντός.
1264 596 1295 622 Ἡ
1314 595 1411 631 μελέτη
1422 595 1468 622 τοῦ
1481 596 1650 631 διανοητικοῦ
1665 605 1727 631 μου,
1743 596 1874 632 γινομένη
1885 597 1915 623 ὲν

1118 641 1258 677 λογισμοῖς
1274 641 1320 667 καὶ
1342 642 1476 677 νοήσεπιν,
1495 641 1572 673 ἐκτὸς
1595 640 1662 668 οὖσα
1682 642 1782 674 παντὸς
1804 641 1913 678 μώμου,

1118 687 1232 715 ἐνώπιόν
1248 696 1294 713 σου
1308 688 1435 723 τυγχάνει
1454 687 1498 717 διὰ
1512 688 1621 719 παντός.
1641 688 1676 714 Τὸ
1688 688 1779 724 μέντοι
1799 687 1850 723 τῆς
1866 697 1916 724 με·

1119 735 1199 770 λέτης
1223 735 1366 770 ἄμεμπτον
1383 735 1432 761 οὐκ
1453 735 1563 761 ἄλλοθεν
1588 735 1604 770 ἢ
1633 736 1665 762 ὲκ
1690 735 1737 762 σοῦ
1764 735 1914 771 ὑπῆρκται,

1121 782 1318 818 καθαρίσαντός
1335 790 1369 817 με
1386 781 1440 808 ἀπὸ
1455 782 1508 809 τῶν
1525 781 1648 816 κρυφίων
1665 790 1725 816 μου.

1159 829 1259 862 Imple,
1270 828 1365 861 ,ϐοηθέ
1371 837 1429 862 μου
1442 829 1489 855 καὶ
1501 828 1636 862 λυτρωτιὶ
1644 837 1713 863 μου.
1723 828 1773 855 Σοῦ
1788 827 1917 864 βοηθοῦν-

1120 883 1175 907 τος,
1188 872 1210 900 ὦ
1229 875 1356 906 δέσποτα,
1375 875 1463 901 οὐδενὶ
1484 874 1630 901 ὑποπίπτω
1649 874 1701 901 τῶν
1721 874 1917 910 πνευματικῶς

273 921 335 948 liter
349 921 466 948 bellante
493 926 663 956 prosternar.
680 920 758 954 Quod
781 921 804 948 si
828 928 894 948 casu
911 920 1022 948 eveniar
1036 924 1066 947 ut

1120 920 1390 956 προσπολεμούντων.
1417 921 1448 946 Εἰ
1467 921 1495 947 δὲ
1515 921 1562 947 καὶ
1584 921 1646 956 παρ’
1663 921 1731 957 ἐμὴν
1749 921 1916 958 ἀπροσεξίαν

273 966 523 995 inconsideratione
543 975 603 994 mea
620 967 654 994 ab
670 966 834 994 adversariis
851 967 1018 1002 intercipiat,
1034 970 1064 993 tu

272 1020 316 1040 me
331 1021 347 1041 e
361 1014 487 1042 manibus
502 1022 597 1041 eorum
614 1014 732 1041 redimas
742 1034 750 1046 ,
768 1013 814 1048 qui
834 1020 888 1041 una
909 1012 1018 1047 adjutor
1033 1020 1065 1040 ac

272 1059 429 1094 redemptor
445 1068 506 1088 esse
521 1060 745 1094 deprehenderis.

345 1117 371 1143 ‘l.
397 1116 431 1143 IN
451 1116 577 1148 FINEM,
603 1115 765 1143 PSALMUS
789 1115 895 1143 DAVID
919 1115 992 1142 XIX.

309 1162 394 1189 Vens.
421 1162 458 1189 Ξ·
473 1162 500 1189 4.
522 1162 658 1189 Exaudiat
675 1166 698 1189 te
715 1162 845 1189 Dominus
864 1162 892 1188 in
915 1162 957 1188 die
981 1161 1065 1188 tribu-

273 1208 399 1240 lationis,
424 1212 543 1243 protegat
562 1213 585 1235 te
608 1217 701 1236 nomen
724 1208 773 1235 Dei
800 1208 894 1236 Iacob.
909 1207 1001 1234 Mitto!
1019 1207 1066 1234 tibi

273 1253 405 1280 auxilium
415 1254 447 1281 de
457 1259 560 1287 sancto,
572 1259 596 1281 et
612 1254 643 1281 de
661 1255 727 1281 Sion
742 1259 849 1281 tueatur
865 1259 900 1281 te.
915 1253 1018 1281 Memor
1031 1254 1065 1280 sit

273 1301 360 1326 omnis
371 1300 499 1335 sacriﬁcii
517 1301 565 1332 lui,
575 1305 600 1327 et
612 1300 797 1327 holocaustum
813 1305 887 1327 tuum
901 1301 996 1335 pingue
1006 1301 1064 1335 ﬁat.

273 1346 443 1382 Diapsulma.
461 1346 588 1374 Psalmus
604 1347 713 1382 quidem
727 1367 733 1379 ,
752 1350 782 1373 ut
807 1347 986 1381 inscriptione
1010 1345 1065 1373 fer-

274 1397 330 1425 tur,
346 1393 442 1420 Davidi
458 1392 618 1420 attribuitur
631 1402 637 1419 :
654 1393 746 1420 animo
761 1396 852 1419 autem
867 1396 988 1427 reputes,
1001 1399 1065 1419 num

275 1438 299 1466 si
315 1438 429 1466 historia
446 1441 595 1469 spectetur,
611 1438 664 1464 alia
680 1438 716 1465 sit
724 1437 878 1473 cujuspiam
895 1437 994 1469 oratio,
1006 1445 1066 1473 qua:

274 1485 387 1512 Davidis
402 1484 633 1519 supplicationum
656 1484 777 1518 adjutrix
793 1484 838 1511 sit.
855 1483 907 1516 Qui
923 1483 1007 1510 David
1021 1490 1068 1510 ro-

277 1533 323 1565 gat
333 1529 526 1564 obsecratque,
543 1534 572 1556 ut
586 1529 658 1562 Deus
674 1528 725 1555 sibi
741 1531 865 1556 servator
880 1528 1008 1561 assistat,
1034 1535 1066 1555 ac

274 1581 368 1603 contra
381 1575 509 1603 inimicos
527 1583 621 1603 secum
637 1575 770 1603 decertet.
788 1574 943 1602 Verisimile
965 1574 1066 1610 quippe
1080 1593 1101 1622 Ο

273 1626 326 1654 est,
342 1622 367 1649 ei
383 1621 426 1649 bis
447 1621 617 1648 incumbenli
632 1621 748 1648 chorum
769 1625 928 1648 sanctorum
952 1621 1065 1655 angelo-

273 1675 346 1698 rum,
357 1667 548 1702 religiosorum
564 1667 717 1697 hominum,
732 1674 930 1701 sacrorumque
943 1666 990 1693 Dei
1013 1666 1065 1693 mi-

273 1713 425 1740 nistrorum
449 1712 557 1744 adesse,
574 1720 628 1739 una
643 1720 706 1739 cum
731 1712 778 1738 illo
801 1712 928 1747 precari,
955 1715 982 1738 et
1009 1711 1067 1739 haec

274 1758 369 1786 omnia
385 1758 466 1786 simul
483 1758 607 1793 proferre
622 1767 629 1784 :
651 1756 787 1784 Emaudiat
803 1762 826 1784 te
840 1756 969 1784 Dominus
981 1758 1008 1784 in
1025 1757 1067 1784 die

274 1804 468 1835 tribulationis,
477 1807 617 1836 etc-.etera;
630 1802 785 1838 atqueillud
798 1802 861 1829 item
873 1811 879 1829 :
893 1801 928 1828 Et
943 1801 1011 1828 adsit
1020 1801 1067 1828 tibi

278 1860 371 1879 nomen
387 1851 436 1878 Dei
449 1850 544 1877 Iacob.
568 1850 617 1877 Est
636 1849 711 1877 enim
728 1849 792 1876 talis
804 1849 941 1876 invocatio
952 1853 979 1876 et
994 1857 1066 1877 com-

272 1898 383 1934 pellatio
402 1898 434 1925 ad
458 1895 660 1932 propulsanilos
669 1903 765 1923 omnes
776 1894 903 1922 inimicos
912 1896 990 1923 satis.
1004 1894 1065 1922 Haac

273 1951 328 1972 non
343 1944 394 1971 soli
408 1943 503 1970 Davidi
517 1946 684 1978 competunt;
697 1942 743 1970 sed
759 1942 840 1970 etiam
851 1941 961 1968 cuilibet
976 1941 1064 1974 alteri,

275 1991 322 2025 qui
337 1990 364 2017 in
375 1990 459 2017 simili
473 1997 538 2016 casu
550 1997 599 2024 per
613 1989 764 2016 orationem
782 1987 934 2023 spiritualia
958 1991 984 2015 et
997 1995 1065 2022 pura

276 2035 330 2063 Deo
346 2035 480 2063 sacriﬁcia
498 2036 613 2068 emittit;
630 2035 693 2068 cui,
715 2038 746 2061 ut
765 2042 815 2069 par
832 2039 885 2066 est,
901 2041 986 2061 sacra:
1013 2033 1065 2060 illa:

275 2081 403 2110 virtutes.
415 2085 442 2107 et
453 2085 610 2107 sanctorum
621 2080 779 2115 angelorum
793 2079 868 2106 chori
881 2087 936 2106 una
954 2079 1064 2111 adsunt,

274 2125 430 2155 orationum
453 2133 484 2155 ac
506 2125 728 2160 deprecationum
754 2125 822 2152 socii
849 2128 876 2152 et
895 2124 1043 2159 adjutores.

312 2170 396 2199 Vens.
427 2171 489 2198 5—7.
525 2170 636 2197 Tribuat
671 2171 718 2197 tibi
751 2170 880 2198 Dominus
922 2170 1064 2197 secundum

274 2228 320 2247 cor
340 2224 424 2251 tuum,
441 2222 464 2245 et
479 2225 554 2244 omne
568 2217 706 2244 consilium
723 2221 797 2243 tuum
812 2217 959 2250 conﬁrmet.
977 2216 1064 2244 Lwta—

275 2266 360 2292 bimur
375 2265 402 2291 in
419 2263 534 2291 salutari
549 2268 603 2295 tuo,
617 2267 641 2290 at
660 2264 688 2289 in
704 2263 808 2290 nomine
823 2262 931 2289 Domini
953 2263 1002 2289 Dei
1016 2271 1064 2289 no-
1079 2264 1101 2292 D

274 2312 323 2338 atri
337 2309 577 2346 magniﬁcabimur.
593 2309 705 2343 Impleat
714 2309 841 2336 Dominus
855 2317 945 2336 omnes
956 2309 1064 2343 petitio-

273 2366 319 2385 nes
336 2362 394 2384 tuas
408 2365 418 2384 :
431 2365 500 2384 nunc
517 2356 623 2391 cognovi
638 2356 762 2391 quoniam
775 2356 877 2382 salvum
894 2355 955 2390 fecit
972 2355 1063 2382 Domi-

275 2412 324 2430 nus
337 2403 471 2431 Christum
483 2411 568 2430 suum.
585 2403 608 2429 Α
621 2402 800 2437 diapsalmate
813 2403 870 2430 orsi
885 2402 932 2437 qui
952 2409 1064 2436 precan-

275 2453 331 2482 tur,
344 2449 514 2484 prophetiam
534 2449 680 2482 emittunt;
696 2448 770 2484 quod
792 2448 817 2476 ei
828 2448 874 2483 qui
889 2447 1063 2474 rationabilia

274 2495 320 2522 illa
335 2494 468 2522 sacriﬁcia
481 2495 596 2527 obtulit,
621 2503 652 2522 ea
672 2495 763 2521 omnia
778 2494 926 2529 largiturus
940 2494 975 2521 sit
990 2492 1062 2520 Deus

274 2549 334 2576 quae
348 2544 439 2568 mente
458 2545 486 2568 et
500 2542 592 2568 animo
611 2541 777 2575 postulavit;
798 2544 825 2567 et
838 2540 985 2568 consilium
1002 2539 1062 2574 ejus

274 2587 457 2624 perfecturus,
470 2587 613 2622 siquidem
625 2596 680 2614 non
701 2587 782 2615 fuerit
797 2587 864 2622 ipsis
878 2586 924 2614 Dei
937 2587 1062 2615 consiliis

274 2634 404 2661 alienum.
417 2632 464 2665 lis,
481 2633 618 2668 inquiunt,
633 2639 722 2661 tecum
743 2633 821 2660 bonis
841 2633 973 2666 fruemur,
988 2634 1063 2661 laeta-

274 2680 420 2715 bimurque
449 2679 476 2706 in
502 2679 614 2706 salutari
638 2684 705 2707 tuo:
727 2679 804 2714 gnari
819 2679 920 2714 quippe
947 2687 1060 2712 sumus,

276 2725 379 2760 Spiritu
396 2728 492 2752 sancto
514 2725 665 2757 rcvelante,
697 2725 800 2759 prolem
816 2724 890 2751 illam
905 2731 937 2751 ex
956 2727 982 2751 te
998 2732 1062 2759 pro-

273 2771 403 2802 dit-uram,
416 2771 606 2798 universorum
622 2771 762 2798 hominum
787 2771 906 2799 salutare
929 2770 1060 2799 futuram.

273 2818 333 2851 Qua
357 2818 384 2845 in
399 2825 429 2846 re
444 2825 494 2846 nos
508 2825 617 2854 quoque
629 2818 656 2844 in
671 2819 781 2846 nomine
795 2818 904 2846 Domini
915 2817 962 2845 Dei
974 2817 1061 2846 nostri

272 2864 520 2900 magniﬁcabimur.
537 2864 704 2900 lmpleantur
718 2866 799 2894 etiam
822 2866 967 2902 petitiones
983 2868 1037 2893 tuae
1053 2875 1059 2893 :

274 2910 340 2946 ipse
354 2910 715 2952 Q'JiPPeP991‘i8'EB_§!‘“‘-

1117 967 1217 994 ἁλῶναι
1228 968 1284 997 τοῖς
1297 967 1427 998 ἐναντίοις
1441 966 1543 1002 συμϐῇ,
1558 968 1588 993 σύ
1607 976 1639 1002 με
1652 968 1684 993 ἐκ
1697 967 1751 994 τῶν
1765 968 1918 1004 κρατησάνσ

1115 1022 1168 1040 των
1183 1012 1338 1049 λυτροῦσαι,
1360 1013 1418 1048 ἅμα
1443 1012 1538 1048 βοηθὸς
1562 1006 1609 1040 καὶ
1629 1013 1768 1050 λυτρωτὴς
1788 1015 1916 1051 εὑρισκό-

1120 1067 1209 1095 μενος.

1194 1114 1251 1141 ΕΙΣ
1268 1115 1312 1141 ΤΟ
1331 1114 1452 1148 ΤΕΛΟΣ,
1471 1114 1617 1141 ΨΑΛΜΟΣ
1636 1116 1679 1143 ΤΩ
1696 1115 1794 1142 ΔΔΥΙΔ
1809 1116 1860 1143 ΙΘ¹.

1158 1160 1339 1188 Ἐπακούσαι
1362 1169 1420 1188 σου
1445 1162 1554 1195 Κύριος
1582 1161 1617 1187 ἐν
1639 1161 1734 1196 ἡμέρᾳ
1764 1163 1913 1197 θλίψεωςν

1116 1207 1322 1240 ὑπερασπίσαι
1335 1215 1393 1234 σου
1407 1207 1440 1233 τὸ
1456 1207 1550 1242 ὄνομα
1564 1208 1617 1234 τοῦ
1632 1208 1706 1235 Θεοῦ
1726 1208 1835 1235 Ἰακώϐ.
1856 1209 1915 1240 Ἐξ-

1117 1253 1294 1280 ἀποστείλιιι
1316 1262 1365 1280 σοι
1387 1253 1534 1287 βοήθειαν
1554 1254 1589 1287 ἐξ
1605 1255 1701 1290 ἁγίου,
1723 1255 1772 1282 καί
1786 1256 1821 1282 ἐκ
1838 1256 1915 1282 Σιὼν

1118 1298 1307 1326 ἁντιλάϐοιτό
1331 1307 1399 1326 σου.
1419 1301 1574 1334 Μνησθειή
1593 1300 1695 1335 πάσης
1721 1302 1828 1335 θυσίας
1843 1310 1914 1334 σου,

1117 1344 1166 1370 καί
1178 1345 1211 1371 τὸ
1223 1346 1418 1380 ὀλοκαύτωμά
1431 1354 1488 1373 σου
1502 1347 1643 1374 πιανάτω.
1657 1347 1823 1382 Διάψαλμα.
1835 1349 1914 1376 Ἔστι

1119 1391 1168 1426 μὲν
1179 1390 1218 1426 τῷ
1234 1391 1314 1418 Δαυῒδ
1332 1392 1511 1428 ἀνακείμενος
1530 1394 1544 1419 ὁ
1560 1393 1676 1429 ψαλμὺς,
1694 1393 1764 1421 κατὰ
1781 1394 1830 1430 τὴν
1847 1403 1915 1430 προ-

1117 1438 1235 1473 γραφήν.
1257 1438 1419 1474 Ἐπίστησον
1434 1438 1462 1465 δὲ
1479 1439 1583 1475 μήποτε
1594 1439 1631 1471 ὠς
1646 1439 1714 1475 πρὸς
1730 1440 1778 1475 τὴν
1792 1440 1914 1476 ἱστορίαν

1116 1483 1182 1520 εὐχή
1199 1493 1240 1516 τις
1251 1482 1284 1520 ἦν
1296 1485 1364 1520 αὑτὴ
1380 1486 1509 1521 συνεργὸς
1526 1487 1586 1518 ταῖς
1600 1486 1646 1512 τοῦ
1658 1486 1737 1513 Δαυῖδ
1751 1487 1912 1522 ἱκετηρίαις.

1117 1528 1245 1563 δεομένου
1260 1539 1289 1556 τε
1305 1531 1352 1556 καὶ
1367 1530 1570 1562 ἀντιϐολοῦντος
1588 1531 1632 1558 διὰ
1653 1532 1807 1567 προσευχῆς
1822 1533 1913 1567 τυχεῖν

1118 1575 1185 1602 Θεοῦ
1199 1577 1324 1612 Σωτῆρος
1340 1577 1408 1612 πρὸς
1424 1577 1537 1614 ἐχθροὺς
1553 1578 1600 1604 καὶ
1612 1578 1758 1614 πολεμίους
1773 1587 1914 1614 παρατατ-

1117 1624 1242 1658 τομένου.
1258 1624 1338 1656 Εἰκὸς
1350 1624 1406 1660 γὰρ
1422 1622 1456 1660 ἦν
1474 1624 1548 1659 αὐτῷ
1565 1624 1651 1651 ταῦτα
1672 1625 1816 1660 πράττοντι
1833 1626 1912 1661 χορὸν

1118 1669 1202 1703 ἁγίων
1226 1670 1349 1703 ἀγγέλων
1370 1670 1386 1705 ἢ
1408 1671 1454 1696 καὶ
1479 1671 1609 1705 θεοφιλῶν
1630 1671 1744 1707 ἀνδρῶν,
1770 1672 1860 1699 αὐτῶν
1881 1672 1914 1708 δὴ

1116 1715 1170 1743 τῶν
1191 1715 1270 1750 ἱερῶν
1293 1717 1341 1743 καὶ
1362 1716 1526 1753 λειτουργῶν
1546 1716 1592 1743 τοῦ
1610 1717 1678 1744 Θεοῦ
1691 1718 1726 1744 τὰ
1744 1718 1912 1754 προκείμενα

1117 1761 1205 1788 πάντα
1234 1762 1411 1798 συνεύχεσθαι
1434 1763 1508 1799 αὐτῷ
1533 1764 1580 1790 καὶ
1603 1763 1710 1798 λέγειν·
1732 1765 1913 1793 Έπιικούσαι

1117 1814 1174 1834 σου
1189 1809 1296 1842 Κύριος
1312 1809 1347 1835 ἐν
1362 1809 1457 1844 ’ἡμέρᾳ
1473 1810 1613 1844 θλίψεως,
1634 1811 1681 1837 καὶ
1696 1810 1730 1837 τὰ
1744 1811 1822 1846 ἑξῆς·
1839 1811 1869 1838 τό
1882 1820 1912 1837 τε

1116 1854 1154 1886 δὲ,
1170 1855 1222 1881 Καὶ
1235 1856 1404 1890 παρασταίη
1418 1863 1468 1883 σοι
1481 1856 1514 1882 τὸ
1531 1856 1623 1891 ὄνομα
1636 1856 1689 1883 τοῦ
1707 1857 1780 1884 Θεοῦ
1800 1856 1911 1885 Ἰακώϐ.

1123 1900 1255 1937 Ἀπαρκεῖ
1272 1901 1327 1937 γὰρ
1347 1902 1415 1937 αὐτὴ
1433 1903 1449 1937 ἡ
1467 1902 1610 1937 ἐπίκλησις
1631 1903 1677 1930 καὶ
1700 1904 1717 1938 ἡ
1741 1904 1912 1939 προσηγορία

1117 1947 1185 1982 πρὸς
1197 1947 1303 1987 ἄμυναν
1318 1949 1418 1980 παντὸς
1438 1948 1570 1975 ἐναντίου.
1585 1948 1677 1975 Ταῦτα
1691 1949 1719 1975 δὲ
1736 1950 1766 1976 οὺ
1783 1950 1856 1984 μόνῳ
1872 1950 1912 1985 τῷ

1116 1993 1206 2026 Δαυῖδ,
1220 1994 1288 2021 ἀλλὰ
1304 1995 1351 2021 καὶ
1370 1995 1452 2021 παντὶ
1471 1995 1509 2030 τῷ
1523 1995 1582 2022 καθ’
1595 1996 1724 2030 ὁμοίωσιν
1741 1996 1844 2022 ἐκείνου
1862 1996 1911 2028 τὰς

1115 2039 1148 2067 δι’
1165 2040 1253 2076 εὐχῶν
1262 2041 1451 2076 ἀναπέμποντι
1471 2041 1510 2076 τῷ
1530 2041 1589 2076 Θεῷ
1606 2042 1702 2078 νοερὰς
1719 2043 1766 2068 καὶ
1786 2043 1911 2079 καθαρὰς

1116 2085 1220 2118 Θυσίας,
1234 2087 1362 2122 δυνάμεις
1376 2087 1465 2121 ἁγίας,
1483 2088 1530 2114 καὶ
1551 2088 1676 2122 ἀγγέλων
1698 2089 1777 2124 ἱερῶν
1800 2091 1908 2125 χοροὺς,

1115 2132 1187 2164 εἰκὸς
1200 2132 1232 2159 ἂν
1248 2132 1290 2168 εἴη
1306 2132 1479 2167 συνεύχεσθαι
1497 2134 1542 2159 καὶ
1559 2132 1730 2168 ἐπεύχεσθαι.

1150 2178 1212 2212 Δῴη
1239 2186 1288 2204 σοι
1308 2179 1415 2212 Κύριος
1439 2179 1514 2206 κατὰ
1538 2179 1595 2213 τὴν
1617 2179 1743 2213 καρδίαν
1763 2189 1838 2211 σου,
1858 2182 1908 2208 καὶ

1115 2224 1218 2252 πᾶσαν
1234 2224 1291 2258 τὴν·
1310 2225 1429 2258 βουλήν
1446 2233 1504 2252 σου
1523 2225 1690 2260 πληρώσαι.
1714 2227 1909 2261 “miliaad-

1113 2272 1189 2305 μεθα
1199 2271 1233 2298 ὲν
1248 2270 1288 2303 τῷ
1303 2271 1438 2305 σωτηρίῳ
1453 2279 1521 2303 σου,
1537 2272 1585 2298 καί
1600 2272 1638 2298 ἐν
1650 2272 1689 2305 τῷ
1702 2273 1821 2307 ὀνόματ’-ι
1834 2273 1908 2300 Θεοῦ

1114 2315 1199 2351 ἡμῶν
1207 2317 1505 2351 μεγαλυνθησόμεθα.
1523 2317 1682 2351 Πληρώσαι
1694 2319 1802 2352 Κύριος
1811 2318 1909 2345 πάντα

1114 2362 1149 2388 τὰ
1165 2362 1310 2397 (ιὶτήματά
1330 2370 1388 2389 σου
1399 2371 1405 2377 ·
1425 2362 1483 2389 ’νῦν
1500 2363 1605 2397 ἔγνων.
1626 2363 1670 2390 ὅτι
1689 2365 1787 2391 ἐσωοέ
1800 2365 1908 2399 Κύριος

1114 2407 1167 2432 τὸν
1182 2406 1310 2440 Χριστὸν
1328 2406 1430 2433 αὑτοῦ.
1453 2406 1519 2432 Ἀπὸ
1539 2407 1586 2433 τοῦ
1610 2407 1794 2443 διαψάλματος
1815 2408 1840 2434 οἱ
1860 2407 1904 2433 εὺ-

1114 2452 1224 2488 ξάμενοι
1252 2452 1483 2487 προφητεύουσιν,
1506 2452 1581 2488 αὐτῷ
1603 2453 1649 2480 τὸν
1670 2454 1736 2480 Θεὺν
1755 2454 1868 2486 δώσειν,

1113 2498 1161 2530 τὰς
1173 2497 1284 2532 λογικὰς
1298 2497 1392 2530 θυσίας
1414 2499 1610 2534 προσήνεγκεν,
1631 2499 1683 2526 ὅσα
1701 2499 1771 2526 κατὰ
1787 2499 1907 2526 διάνοιαν

1113 2544 1197 2580 ᾔτησε
1208 2563 1215 2576 ,
1232 2544 1278 2570 καὶ
1298 2544 1436 2580 πλήρωσιν
1453 2546 1486 2580 τῇ
1502 2544 1594 2580 βουλῇ,
1609 2545 1626 2580 ἢ
1650 2545 1691 2571 ὅτι
1713 2546 1749 2581 μὴ
1777 2545 1908 2581 ἀλλότρια

1113 2589 1180 2616 Θεοῦ
1195 2589 1228 2616 τὰ
1242 2589 1451 2625 βεϐουλευμένα.
1464 2590 1707 2626 Συναπολαύσομεν
1717 2591 1745 2617 δέ
1760 2600 1811 2621 σοι.
1827 2593 1905 2626 φασὶ,

1113 2636 1168 2662 τῶν
1192 2635 1319 2670 ἀγαθῶν,
1347 2636 1544 2672 ἀγαλλιώμενοι
1568 2636 1606 2672 τῷ
1631 2637 1757 2673 σωτηρίῳ
1784 2637 1824 2673 τῷ
1849 2638 1903 2673 σῷ·

1113 2681 1235 2718 ἔγνωμεν
1249 2682 1303 2718 γὰρ
1316 2681 1345 2714 ἐξ
1355 2683 1433 2716 ἁγίου
1447 2682 1603 2718 Πνεύματος
1623 2683 1653 2710 τὸ
1674 2684 1706 2710 ἐκ
1726 2683 1773 2710 σοῦ
1789 2685 1904 2719 γενησό-

1115 2737 1194 2764 μενον
1206 2729 1329 2764 γέννημα
1354 2728 1461 2755 πάντων
1481 2729 1632 2765 ἀνθρώπων
1655 2730 1802 2765 σωτήριον⁸
1820 2730 1862 2764 ἐρ’
1882 2727 1904 2764 ᾧ

1113 2776 1160 2802 καὶ
1171 2777 1252 2810 ἡμεῖς
1267 2775 1527 2811 μεγαλυνθησόμεθα
1543 2777 1571 2802 ἐν
1588 2775 1626 2811 τῷ
1641 2775 1752 2811 ὀνόματι
1773 2775 1819 2802 τοῦ
1835 2776 1903 2803 Θεοῦ

1113 2821 1200 2857 ἡμῶν.
1219 2822 1309 2848 Ἔστω
1321 2821 1349 2848 δέ
1364 2830 1410 2848 σου
1427 2822 1473 2848 καὶ
1488 2821 1522 2848 τὰ
1535 2821 1675 2857 αἰτήματα
1685 2828 1692 2838 ·
1707 2822 1754 2849 καὶ
1773 2821 1828 2858 γὰρ
1838 2821 1902 2855 ἄξια

1112 2868 1197 2896 ταῦτα
1207 2868 1285 2895 Θεοῦ.
