2056 3214
183 149 232 178 ΞΜ

747 157 1000 188 COMMENTARIA
1017 159 1051 188 IN
1069 157 1238 190 PSALMOSI

1303 144 1358 182 τ’
1749 164 1803 195 eos

177 215 221 243 μα
232 209 332 258 αὐτῶν
343 210 403 239 ἀπὸ
417 212 490 240 υίῶν
502 213 673 248 ἀνθρώπων.
687 216 812 252 Διαδοχαὶ
822 217 876 254 γὰρ
888 219 958 253 γεγά

1019 227 1076 246 men
1097 227 1188 247 eorum
1206 228 1222 247 a
1246 220 1311 255 ﬁliis
1325 220 1469 249 hominum.
1485 222 1632 258 lmpiorum
1646 224 1802 253 atheoruin-

180 261 240 281 νασι
258 255 362 291 μυρίων
377 258 482 284 ἁσεῆὦν
502 260 548 286 καὶ
564 259 651 287 ἀθέων
664 261 768 297 ἀνδρῶν
780 271 786 277 ·
800 263 928 296 πολλάκις
942 265 970 291 δὲ

179 301 226 327 καὶ
246 302 370 337 πονηρῶν
397 305 522 341 πατέρων
538 307 589 333 υἱοὶ
606 307 742 340 θεοσεϐεῖς
766 310 813 335 καὶ
837 310 970 344 θεοφιλεῖς

179 347 386 384 ἀπεφάνθησαν.
412 351 524 387 Σπέρμα
535 353 563 379 δὲ
577 353 630 380 τῶν
640 354 726 381 ἀθέων
738 356 783 382 καὶ
799 356 903 390 καρπὸς
917 357 970 383 τῶν

180 393 297 426 ἀσεϐῶν,
307 396 331 420 οἱ
339 394 412 428 λόγοι
424 397 512 423 αὐτῶν
526 398 571 424 καὶ
584 400 611 424 αἱ
623 399 791 427 διδασκαλίαι
806 402 852 427 καὶ
862 402 894 427 τὰ
904 403 970 429 ἄθεα

175 439 299 480 δόγματα
313 461 319 471 ,
352 443 420 477 μετά
448 443 496 478 τὴν
512 444 638 481 τελευτὴν
656 447 744 473 αὐτῶν
770 447 798 473 ὲν
816 449 969 483 ἀνθρώποις

175 485 366 520 ἀποφανθέντα
377 508 383 519 ,
395 490 532 524 τυγχάνει.
550 491 580 516 Ἀ
594 491 625 527 δὴ
638 492 675 524 ὡς
687 493 787 527 ἀγαθὸς
799 495 812 520 ό
822 495 886 526 Θεὸς
898 496 969 522 ἀπω-

175 531 236 567 λείᾳ
261 533 308 558 καὶ
323 533 470 570 ἀφανισμῷ
485 537 667 572 παραδίδωσιν
680 548 686 553 ·
717 540 759 566 ἵνα
777 541 844 576 μήτε
864 543 967 577 καρπὸς

174 578 229 603 τῶν
240 578 346 606 ἀσεϐῶν
365 581 433 615 μήτε
452 582 561 618 σπέρμα
578 585 667 610 αὐτῶν
681 586 880 622 περιλείπηται.

212 624 275 650 Ὀτι
283 625 408 652 έκλιναν
417 628 459 659 εὶς
471 629 507 654 σὲ
517 630 594 656 κακὰ
603 633 612 661 ,‘
621 630 827 666 διελογίσαντο
835 635 964 668 βουλὰς,

174 667 210 701 ἀς
226 670 261 696 οὐ
275 669 319 704 μὴ
337 670 482 699 δύνωνται
500 674 622 708 στῆσαι.
656 677 719 703 Ὅτι
736 678 838 712 θήσεις
856 667 966 713 ίιὺτοίις

173 714 278 749 νῶτον,
288 717 322 742 ἐν
332 717 393 750 τοῖς
403 721 587 754 περιλοίποις
598 730 655 749 σου
665 723 831 758 aito/primam
838 726 869 752 τὸ
876 728 966 760 πρόσ-

173 768 255 787 ωπον
282 763 391 790 αὐτῶν.
424 765 507 792 Πάλιν
530 768 695 803 παρατίθησι
719 770 768 805 τὴν
782 771 870 797 αἰτίαν
882 772 914 798 δι’
933 772 965 807 ἣν

171 807 260 834 ταῦτα
272 808 426 841 πείσονται,
446 810 531 845 λέγων
542 820 548 826 -
565 813 622 839 ’Ότι
634 813 758 840 ἔκλιναν
770 817 812 848 εἰς
828 816 865 842 σὲ
878 817 963 843 κακά.

181 854 253 880 Ἀντὶ
260 854 286 880 δὲ
296 854 341 881 τοῦ
353 876 359 887 ,
373 856 517 883 "Exin-ar
526 878 532 888 ,
545 859 558 884 ὀ
568 858 714 894 Σύμμαχος
724 869 730 875 ⁸
742 861 804 887 ’Ὁτι
816 861 964 896 συνέφρα-

1022 270 1074 297 quo
1098 263 1238 291 hominum
1266 265 1414 292 innumerae
1438 268 1624 295 successiones
1649 269 1746 297 fuere:
1771 279 1802 297 ac

1021 309 1181 344 plerumque
1201 311 1307 344 evertit,
1330 315 1359 337 ut
1379 319 1411 339 ex
1434 312 1563 348 improbis
1580 315 1704 350 patribus
1719 316 1755 351 pii
1772 324 1803 343 ac

1020 355 1141 391 religiosi
1157 356 1202 383 ﬁlii
1220 358 1403 385 exorirentur.
1421 359 1472 386 Sed
1489 368 1579 387 semen
1595 363 1737 390 atheorum
1748 384 1754 395 ,
1770 371 1802 390 ac

1021 400 1128 429 fructus
1150 402 1293 437 impiorum
1318 408 1382 431 sunt
1398 405 1478 432 verba
1490 425 1497 437 ,
1514 406 1660 440 doctrinas,
1677 413 1704 435 et
1719 409 1801 444 impia

1020 448 1185 475 documenta
1201 450 1376 482 eorumdem,
1393 458 1452 485 quae
1468 455 1528 486 post
1553 452 1673 486 ipsorum
1696 454 1800 482 obitum

1019 503 1066 529 per
1080 495 1205 522 homines
1220 496 1444 524 disseminantur.
1461 497 1579 533 Quaeque
1593 500 1696 527 scilicet
1711 500 1781 528 Deus
1791 522 1799 534 ,

1019 545 1111 574 utpote
1123 542 1210 569 bonus
1222 562 1228 572 ,
1243 543 1276 569 de
1290 543 1378 569 medio
1393 543 1463 570 tollit
1479 551 1510 570 ac
1524 544 1638 579 dissipat
1652 554 1658 579 ;
1670 550 1699 572 ut
1713 555 1802 582 neque

1019 586 1139 619 fructus,
1159 596 1246 622 neque
1263 596 1355 615 semen
1372 589 1517 623 impiorum
1532 590 1670 617 residuum
1688 592 1732 618 sit.

1053 633 1135 661 Vens.
1156 634 1197 666 12,
1216 635 1259 661 {3.
1283 635 1415 667 Quoniam
1429 635 1624 663 declinaverunt
1640 638 1666 663 in
1680 642 1704 664 Ie
1719 638 1799 670 mala,

1017 682 1194 715 cogitaverunt
1219 682 1330 708 consilia
1357 690 1414 716 qua:
1446 690 1497 708 non
1524 687 1645 717 poterunt
1672 684 1798 710 stabilire.

1018 727 1147 759 Quoniam
1169 735 1247 761 pones
1269 736 1311 754 eos
1333 728 1458 760 dorsum,
1475 729 1501 755 in
1517 729 1635 762 reliquiis
1657 730 1707 756 tuis
1732 738 1801 763 ρναι-

1015 772 1122 806 parabis
1148 773 1248 799 vultum
1275 782 1376 800 eorum.
1404 773 1511 801 Rursus
1538 783 1647 802 causam
1669 783 1718 802 cur
1744 775 1800 803 haec

1016 819 1171 853 perpessuri
1191 819 1245 846 sint
1261 819 1354 851 allert,
1374 820 1416 846 his
1435 821 1524 847 verbis
1543 831 1548 848 :
1567 821 1699 853 Quoniam
1715 822 1799 848 decli-

1016 871 1142 892 narerunl
1157 866 1183 892 in
1199 870 1221 892 lc
1237 866 1319 892 mala.
1337 865 1421 901 Cujus
1436 867 1495 893 loco
1511 867 1688 902 Symmachus
1702 878 1708 895 :
1726 868 1798 901 Quo-

174 899 234 931 ξαν
245 900 319 927 κατὰ
333 902 391 928 σοῦ
402 903 444 935 είς
458 905 561 931 κακόν,
578 905 608 930 Εἰ
621 905 673 940 γὰρ
685 907 730 932 καὶ
742 907 900 942 ἀνθρώπους
913 908 958 934 ιδι.

1016 912 1087 938 niam
1105 912 1313 938 communierant
1329 920 1355 939 se
1370 917 1461 938 contra
1479 918 1500 939 te
1515 913 1540 939 in
1558 913 1667 940 malum.
1685 913 1798 942 Etiamsi

172 955 236 972 κουν
250 946 375 982 πολεμεῖν
385 969 391 981 ,
411 949 466 975 ἀλλ’
480 951 540 977 ἐπεὶ
555 951 591 986 μὴ
602 952 635 978 δι’
647 952 756 987 εὔλογον
771 954 860 980 αἰτίαν
870 975 876 986 ,
897 955 964 989 μηδὲ

170 993 214 1019 διὰ
230 1001 289 1019 τινα
305 995 404 1030 πρᾶξιν
419 996 518 1022 ἄτοπον
534 998 648 1030 ἐκείνοις
665 1000 840 1027 ἐπεϐούλευον
855 1021 862 1033 ,
880 1001 922 1028 διὰ
936 1002 963 1028 δὲ

172 1038 256 1074 μόνην
272 1040 320 1075 τὴν
331 1042 371 1073 εἰς
387 1042 415 1067 σὲ
431 1043 587 1070 εὐσέϐειαν·
601 1045 713 1077 εἰκότως
726 1046 797 1073 εἴποι
814 1047 845 1074 ἄν
860 1057 902 1079 τις
914 1048 962 1075 αὑ-

170 1084 234 1114 τοὺς
258 1085 299 1111 σοι
315 1085 352 1120 τῷ
370 1086 428 1121 Θεῷ
444 1088 697 1117 ἐπιϐεϐουλευκέναι
709 1112 715 1123 ,
744 1093 791 1118 καὶ
807 1093 896 1125 πάσας
913 1094 961 1126 τὰς

172 1131 296 1166 μηχανὰς
313 1132 345 1163 ἃς
359 1132 552 1161 ὲῆουλεύσαντο
573 1137 641 1163 κατὰ
658 1137 712 1163 τῶν
727 1138 778 1164 σῶν
797 1140 877 1166 ὁσίων
890 1141 960 1167 κατά

170 1177 217 1203 σοῦ
230 1177 276 1203 τοῦ
291 1177 358 1204 Θεοῦ
378 1180 598 1215 μεμηχανῆσθαι.
616 1183 660 1208 Διὸ
675 1183 707 1218 δὴ
722 1184 756 1210 τὰ
772 1185 954 1221 προλεχθέντα

170 1223 266 1255 αὐτοὺς
280 1224 464 1259 καταλήψεται
474 1235 480 1241 ³
492 1227 552 1253 οὐδὲ
564 1227 613 1259 τὰς
627 1229 674 1260 σὰς
685 1229 825 1266 διαδράναι
837 1231 960 1267 δυνήσον-

168 1277 214 1295 ται
225 1271 328 1305 χεῖρας.
348 1272 378 1297 Οἱ
393 1272 440 1306 μὲν
451 1272 504 1308 γὰρ
516 1274 691 1308 ἐμηχανῶντο
701 1276 747 1302 καὶ
758 1277 845 1303 πάντα
858 1277 958 1312 ἔπρατ-

169 1322 215 1340 τον
227 1314 299 1349 ἀθέῳ
311 1317 463 1352 φρονήματι
476 1319 545 1344 κατὰ
558 1318 605 1344 σοῦ
615 1320 662 1345 τοῦ
674 1320 740 1349 Θεοῦ
753 1321 941 1357 βουλευόμενοι
952 1331 958 1337 ⁸

171 1362 203 1388 σὺ
213 1362 242 1388 δὲ
257 1363 354 1394 αὐτοὺς
365 1364 545 1400 ἐπιστρύφους
557 1366 657 1398 ἐποίεις
670 1368 714 1393 καὶ
727 1369 849 1403 φυγάδας
860 1390 867 1402 ,
879 1370 916 1401 ὡς
929 1369 962 1396 τὰ

169 1408 242 1435 νῶτα
257 1412 430 1446 παραχωρεῖν
451 1412 645 1447 ἐλαυνομένους
663 1415 715 1441 ὑπὸ
732 1415 782 1449 τῆς
799 1417 849 1451 σῆς
866 1416 961 1451 ὀργῆς.

1014 958 1086 984 enim
1102 957 1260 984 viderentur
1277 958 1400 985 homines
1418 958 1589 993 impugnare,
1619 965 1643 986 at
1662 959 1725 994 quia
1742 968 1798 988 non

1014 1003 1169 1030 rationabili
1186 1003 1219 1030 de
1235 1011 1332 1035 causa,
1350 1012 1436 1038 neque
1451 1004 1485 1031 ob
1501 1008 1633 1038 patratum
1650 1005 1797 1040 quodpiam

1013 1048 1120 1075 facinus
1137 1048 1250 1075 insidias
1267 1049 1332 1083 ipsis
1350 1049 1496 1084 parabant,
1514 1050 1561 1076 sed
1583 1054 1692 1085 propter
1713 1059 1795 1077 unam

1013 1102 1107 1121 eorum
1128 1102 1191 1129 erga
1213 1098 1239 1121 te
1262 1095 1410 1130 pietatem;
1430 1095 1493 1129 jure
1514 1095 1640 1122 dicantur
1662 1100 1755 1123 contra
1770 1101 1796 1122 te

1014 1140 1102 1175 ipsum
1128 1139 1212 1166 Deum
1235 1140 1349 1168 insidias
1365 1141 1499 1167 struxisse
1510 1162 1517 1174 ,
1533 1149 1562 1167 ac
1579 1142 1795 1176 conspirationes

1013 1193 1107 1212 eorum
1136 1193 1231 1213 omnes
1261 1186 1391 1213 adversus
1420 1191 1530 1213 sanctos
1559 1192 1619 1213 tuos
1647 1187 1794 1219 conﬂatus,

1013 1235 1108 1258 contra
1126 1234 1151 1258 te
1167 1231 1251 1258 Deum
1275 1240 1366 1259 versas
1383 1232 1476 1259 fuisse.
1494 1232 1584 1266 Quare
1602 1234 1738 1267 pradictis
1756 1234 1794 1261 illi

1013 1276 1221 1312 intercipientur
1237 1278 1333 1309 malis,
1352 1287 1439 1313 neque
1455 1280 1509 1306 tuis
1526 1288 1554 1307 se
1572 1280 1724 1307 subducere
1739 1288 1795 1306 ma-

1011 1323 1091 1349 nibus
1117 1323 1255 1351 valebunt.
1278 1324 1318 1351 llli
1344 1325 1453 1359 quidem
1479 1326 1621 1353 machinas
1649 1334 1744 1353 omnes
1769 1331 1795 1352 ct

1010 1369 1150 1396 molimina
1175 1370 1365 1402 intenderunt,
1395 1377 1477 1406 atque
1502 1372 1583 1406 impia
1608 1377 1698 1399 mente
1727 1373 1793 1400 nihil

1011 1422 1066 1442 non
1087 1420 1219 1451 egerunt,
1240 1417 1431 1451 conjuratione
1446 1418 1589 1445 adversum
1606 1422 1631 1444 te
1648 1418 1732 1445 Deum
1752 1417 1794 1444 fil—-

168 1460 210 1482 cta
226 1465 231 1482 :
247 1460 275 1483 at
290 1461 318 1484 tu
333 1458 394 1485 illos
411 1466 522 1487 aversos
542 1461 710 1488 constituisti
731 1467 757 1489 et
777 1463 876 1498 iugasti
891 1484 898 1495 ,
914 1464 950 1491 ita
967 1467 1014 1497 ut,
1030 1463 1071 1490 ira
1085 1467 1131 1490 tua
1147 1463 1267 1491 instante
1281 1469 1308 1492 et
1325 1466 1495 1500 propellente
1507 1486 1513 1496 .
1532 1471 1606 1501 terga
1622 1470 1738 1492 vertant.

170 1532 225 1559 ΕΙΣ
244 1534 287 1560 ΤΟ
307 1535 416 1561 ΤΕΛΟΣ
437 1536 528 1562 ΥΠΕΡ
552 1537 619 1563 ΤΗΣ
643 1537 865 1565 ΑΝΤῙΛΠΨΕΩΣ
892 1539 955 1567 ΤΗΣ

268 1569 428 1603 ΕΩΘΙΝΗΣ,
446 1572 591 1598 ΨΑΛΜΟΣ
612 1573 654 1598 ΤΩ
673 1574 771 1599 ΔΑΥΙΔ
791 1575 855 1602 KA'.

208 1637 242 1663 Ἦ
257 1637 303 1664 τοῦ
314 1638 422 1675 ψαλμοῦ
435 1641 581 1677 προγραφὴ
598 1641 688 1668 πᾶσαν
702 1642 750 1678 τὴν
764 1643 891 1671 ὑπόθεσιν
901 1644 956 1671 τῶν

167 1684 198 1709 ὲν
215 1684 290 1719 αὒτῷ
304 1685 458 1721 φερομένων
474 1687 503 1713 ὲν
517 1686 556 1722 τῷ
569 1687 656 1723 καιρῷ
668 1688 717 1723 τῆς
731 1689 763 1715 ἐκ
774 1689 877 1724 νεκρῶν
892 1690 957 1717 ἀνα-

171 1732 293 1763 στάσεως
310 1732 354 1759 τοῦ
369 1733 495 1769 Σωτῆρος
510 1733 589 1770 ήμῶν
603 1735 754 1771 ἀνατίθησι.
783 1736 828 1763 Διὸ
843 1737 957 1773 ἐπιγρά-

170 1786 215 1813 φει
225 1799 232 1811 ,
251 1779 319 1813 Περὶ
331 1779 382 1814 τῆς
396 1781 585 1816 ἀντιλήψεως
598 1782 652 1817 τῆς
663 1783 795 1817 ἑωθινῆς.
818 1784 913 1812 Ὀποῖα
929 1785 957 1812 δὲ

165 1822 201 1860 ἦν
214 1824 248 1851 τὰ
260 1825 309 1861 τῆς
321 1826 435 1862 ἑωθινῆς
445 1828 613 1864 ἀντιλήψεως
623 1849 629 1860 ,
642 1827 718 1861 αὖθις
731 1830 755 1856 οἱ
766 1830 957 1865 εὐαγγελισταὶ

165 1873 403 1908 παραστήσουσινε
420 1874 435 1899 ὸ
450 1874 498 1909 μὲν
515 1875 621 1907 Λουκᾶς
634 1872 685 1902 ὧδε
702 1876 832 1911 γράφων·
864 1876 904 1911 Τῇ
922 1876 957 1904 δὲ

162 1916 217 1951 μιᾷ
242 1917 302 1945 τῶν
320 1918 476 1946 σαϐϐάτων
491 1920 597 1954 ὄρθρου
611 1921 722 1954 ,ϐαθέος
736 1922 785 1949 ἐπὶ
803 1922 836 1949 τὸ
851 1922 957 1957 μνῆμα

164 1963 259 1999 ἦλθον
271 1966 411 2000 γυναῖκες
421 1987 428 1999 ,
441 1966 588 2002 φέρουσαι
600 1968 619 1995 ἂ
628 1970 795 2004 ἡτοίμασαν
806 1970 955 2005 ἀρώματα.

163 2010 261 2046 Εὗρον
284 2012 319 2039 δὲ
335 2013 389 2040 τὸν
414 2015 501 2041 λίθον
520 2015 800 2051 ἀποκεκυλισμένον
818 2017 877 2044 ἀπὸ
902 2017 955 2044 τοῦ

162 2060 318 2093 μνημείου.
337 2061 538 2088 Είσελθοῦσαι
548 2062 582 2088 δὲ
593 2064 649 2098 οὺχ
659 2061 749 2097 εὗρον
762 2063 795 2090 τὸ
804 2063 890 2098 σῶμα
902 2063 955 2091 τοῦ

163 2106 275 2139 Κυρίου
298 2106 405 2140 Ἰησοῦ.
429 2108 483 2134 Καὶ
504 2108 622 2143 ἐγένετο
640 2109 675 2136 ὲν
693 2109 733 2142 τῷ
752 2109 955 2144 διαπορεῖσθαι

163 2150 258 2183 αὐτὰς
271 2151 338 2185 περὶ
352 2152 460 2179 τούτου
470 2172 478 2184 ,
492 2152 540 2179 καὶ
554 2153 619 2180 ἰδοὺ
635 2153 742 2188 ἄνδρες
756 2154 811 2181 δύο
825 2155 953 2189 ἐπέστη-

163 2203 224 2222 σαν
234 2196 338 2230 αὐταῖς
347 2197 382 2224 ἐν
391 2197 494 2232 ἐσθῆτι
506 2199 721 2235 ἀστραπτούσῃ
731 2220 738 2232 ,
755 2200 783 2227 οἳ
794 2201 842 2228 καὶ
855 2199 950 2231 εἷπον

167 2244 198 2269 Τί
208 2241 319 2277 ζητεῖτε
332 2244 385 2270 τὸν
395 2243 486 2275 ζῶντα
493 2246 568 2280 μετὰ
580 2246 638 2273 τῶν
647 2246 777 2281 νεκρῶν;
795 2248 855 2274 Οὐκ
867 2247 953 2274 ἐστιν

162 2285 231 2319 ὧδε,
245 2288 315 2316 ἀλλ’
326 2288 434 2324 ἠγέρθη
448 2298 454 2305 ι
466 2290 623 2325 μνήσθητε
633 2312 641 2324 ,
654 2292 693 2325 ὡς
702 2292 858 2327 ἐλάλησεν
870 2292 951 2327 ὑμῖν,

162 2333 206 2360 ἔτι
223 2333 267 2359 ὢν
287 2333 376 2368 ἐνττῇ
388 2335 551 2369 Γαλιλαίᾳ·
585 2337 686 2371 ὁμοίως
711 2337 739 2363 δὲ
757 2338 804 2364 καὶ
825 2339 849 2364 ot
866 2338 953 2365 λοιποὶ

162 2378 355 2413 εὲαγγελισταὶ
370 2381 521 2415 εἰρήκασιν.
546 2382 627 2418 Ὁρᾷς
643 2383 716 2414 ὅπως
731 2382 764 2409 τὰ
778 2383 827 2418 τῆς
840 2383 953 2420 ἑωθινῆς

162 2424 331 2460 ἀντιλήψεως
342 2426 414 2453 κατὰ
427 2426 472 2453 τὸν
486 2427 580 2463 καιρὸν
592 2428 641 2464 τῆς
656 2429 829 2462 ἀναστάσεως
840 2429 887 2457 τοῦ
900 2431 953 2457 Σω-

161 2470 246 2506 τῆρος
263 2471 341 2506 ἡμῶν
360 2472 527 2508 ὲπληροῦτο;
556 2474 602 2500 Διὸ
621 2473 670 2510 τὴν
690 2476 779 2502 πᾶσαν
796 2477 951 2512 οἰκονομίαν

160 2517 208 2543 τοῦ
225 2511 359 2554 σωτηρίου
375 2519 479 2551 πάθους
490 2522 523 2556 τῇ
539 2521 684 2548 ἀναστάσει
701 2522 782 2549 αὒτοῦ
797 2523 829 2550 τὸ
842 2524 954 2560 Πνεῦμα

161 2563 193 2589 τὸ
208 2563 283 2598 ἅγιον
303 2565 459 2601 ἀνατίθησι,
474 2567 521 2593 καὶ
536 2568 575 2599 εἰς
590 2568 656 2594 αὐτὸ
669 2568 757 2595 ἐκεῖνο
771 2570 801 2596 τὸ
813 2570 889 2602 τέλος
903 2571 952 2607 τὴν

162 2611 330 2646 προφητείαν
344 2612 501 2648 ἀναπέμπει
515 2613 559 2641 διὰ
567 2614 621 2650 τῆς
633 2615 765 2651 λεγούσης
776 2618 950 2654 προγραφῆς·

158 2657 212 2690 εις
228 2657 260 2684 τὸ
274 2657 361 2691 τέλος
376 2658 454 2693 ὑπὲρ
471 2658 526 2693 τῆς
543 2660 732 2696 ἀντιλήψεως
745 2661 800 2697 τῆς
816 2662 951 2697 ἑωθινῆς,

159 2699 268 2736 ψαλμὸς
281 2701 321 2737 τῷ
333 2702 424 2730 Δαυτδ.
444 2703 499 2730 Καὶ
514 2704 573 2737 πῶς
587 2705 641 2741 γὰρ
654 2707 705 2733 οὐκ
718 2706 829 2743 ἔμελλεν
845 2708 952 2744 ψαλμδς

159 2745 271 2774 ἔσεσθαι
287 2748 304 2783 ή
324 2748 373 2783 τὴν
390 2748 538 2777 ἀνάστασιν
553 2751 600 2777 τοῦ
616 2752 741 2789 Σωτῆρος
761 2753 838 2789 ἡμῶν
855 2754 950 2790 περιέ-

159 2798 246 2825 χουσα
258 2793 413 2828 προφητεία
424 2815 431 2827 ,
450 2795 496 2821 καὶ
508 2795 558 2830 τῆς
577 2796 738 2833 Ἑκκλησὶας
749 2798 831 2826 αὑτοῦ
845 2799 894 2834 τὴν
908 2798 952 2826 σύ-

197 2889 221 2906 ⁹³
240 2889 309 2922 Luc.
327 2898 406 2922 xxxv,
427 2891 482 2919 i-O.

303 2936 442 2969 Ρηιιοι..
463 2938 521 2969 Gn.
538 2937 656 2970 XXIII.

1007 1538 1034 1565 l.
1062 1537 1096 1564 IN
1123 1537 1229 1564 FINEM
1254 1537 1322 1565 PRO
1350 1537 1585 1565 SUSCEPTIONE
1614 1538 1803 1571 MATUTINA,

1214 1572 1377 1600 PSALMUS
1398 1573 1500 1600 DAV'ID
1522 1574 1592 1601 XXI;

1008 1641 1017 1647 '
1042 1640 1102 1676 Ipsa
1115 1640 1213 1676 psalmi
1233 1639 1376 1675 inscriptio
1391 1643 1478 1668 totum
1492 1648 1583 1668 rerum
1599 1648 1659 1675 quae
1674 1641 1707 1669 de
1724 1644 1792 1669 tem-

1006 1695 1071 1723 pore
1083 1686 1293 1714 resurrectionis
1308 1686 1460 1714 Salvatoris
1476 1686 1564 1714 nostri
1581 1694 1614 1714 ex
1631 1687 1748 1715 mortuis
1762 1687 1793 1715 lu

1005 1741 1038 1761 eo
1053 1732 1178 1760 feruntur
1192 1735 1382 1768 argumentum
1399 1731 1520 1767 praefert.
1534 1731 1625 1765 Quare
1638 1732 1678 1760 sic
1695 1733 1792 1761 titulus

1005 1778 1087 1806 habet
1108 1788 1116 1806 :
1134 1778 1172 1805 De
1188 1778 1352 1812 susceptione
1368 1778 1510 1804 matutina.
1526 1778 1621 1811 Qualia
1641 1782 1731 1807 autem
1747 1778 1792 1805 illa

1006 1823 1108 1851 fuerint
1127 1831 1188 1858 quae
1208 1823 1241 1850 ad
1264 1822 1465 1858 susceptionem
1487 1823 1648 1850 matutinam
1674 1823 1792 1858 pertine-

1005 1870 1080 1902 bant,
1098 1877 1206 1897 rursum
1224 1869 1345 1903 aperient
1358 1869 1530 1903 evangelista:
1542 1878 1548 1896 :
1561 1869 1600 1896 sic
1616 1870 1687 1896 enim
1703 1868 1792 1896 Lucas

1005 1913 1086 1943 habet
1103 1925 1109 1942 ε
1124 1914 1182 1942 Una
1200 1919 1286 1941 autem
1303 1913 1413 1941 Sabbati
1430 1914 1506 1941 valde
1530 1913 1647 1940 diluculo
1668 1919 1790 1941 venerunt

1005 1964 1127 1990 mulieres
1155 1962 1189 1989 ad
1212 1965 1427 1991 monumentum,
1468 1964 1603 1994 portantes
1628 1968 1686 1994 qua
1711 1968 1788 1995 para-

1006 2013 1094 2037 verant
1122 2011 1243 2035 aromata
1263 2014 1271 2033 :
1294 2010 1319 2033 et
1338 2006 1491 2033 inuenerunt
1511 2004 1624 2039 lapidem
1647 2005 1791 2032 revolutum

1005 2064 1022 2082 α
1038 2059 1215 2081 monumento.
1243 2052 1278 2079 Et
1302 2052 1428 2087 ingressa:
1448 2060 1499 2079 mm
1523 2052 1676 2081 invenerunt
1698 2059 1791 2086 corpus

1005 2101 1111 2129 Domini
1124 2099 1198 2128 Jesu.
1213 2099 1246 2126 Et
1259 2098 1358 2133 factum
1372 2103 1421 2128 est.
1437 2098 1500 2125 dum
1516 2103 1601 2125 mente
1618 2103 1792 2126 consternatae

1004 2151 1088 2175 essent
1104 2146 1136 2173 de
1157 2146 1219 2178 ista,
1236 2152 1293 2171 ecce
1314 2142 1367 2169 duo
1387 2144 1436 2170 viri
1451 2148 1578 2171 steterunt
1597 2151 1671 2171 secus
1689 2143 1750 2170 illas
1765 2144 1791 2169 iu

1005 2198 1073 2221 ueste
1088 2192 1208 2228 fulgenti.
1222 2191 1266 2227 qui
1285 2193 1311 2216 et
1327 2188 1451 2216 dixerunt
1466 2199 1473 2217 :
1487 2190 1559 2223 Quid
1574 2190 1692 2225 quaeritis
1707 2190 1793 2216 viven-

1005 2245 1056 2267 tem
1070 2247 1129 2266 cum
1143 2239 1274 2266 mortuis?
1292 2237 1353 2265 Non
1369 2241 1408 2263 est
1424 2236 1476 2270 hic,
1493 2236 1537 2264 sed
1551 2236 1677 2263 surrexit.
1696 2234 1793 2261 Recor-

1004 2286 1106 2313 a'amim'
1117 2285 1231 2321 qualiter
1246 2285 1350 2312 locutus
1365 2289 1404 2311 est
1421 2283 1503 2316 vobis,
1519 2291 1578 2309 cum
1596 2282 1681 2309 adhuc
1697 2281 1724 2307 in
1743 2279 1795 2308 Ga-

1005 2332 1077 2359 lilaza
1097 2336 1163 2358 esset
1175 2332 1207 2357 ³³.
1227 2330 1315 2358 Simili
1337 2330 1417 2357 modo
1431 2329 1476 2356 alii
1496 2336 1604 2363 quoque
1616 2327 1793 2362 evangelista-

1005 2375 1164 2411 loquuntur.
1194 2375 1290 2402 Viden'
1323 2374 1463 2410 quomodo
1494 2373 1626 2400 matutina
1653 2374 1794 2407 susceptio

1003 2427 1124 2457 tempore
1151 2420 1361 2449 resurrectionis
1389 2419 1536 2447 Salvatoris
1563 2418 1650 2446 nostri
1677 2418 1787 2453 impleta

1004 2468 1104 2497 fuerit?
1125 2468 1216 2501 Quare
1234 2471 1318 2495 totam
1334 2466 1513 2503 oeconomiam
1532 2464 1668 2501 passionis
1689 2464 1785 2492 Salva—

1004 2515 1072 2543 toris
1096 2515 1194 2546 nostri,
1222 2513 1417 2542 resurrectioni
1440 2513 1499 2547 ejus
1528 2511 1646 2547 Spiritus
1674 2515 1788 2539 sanctus

1003 2562 1135 2593 ascribit,
1148 2565 1229 2596 atque
1250 2561 1283 2588 ad
1305 2561 1394 2596 ipsum
1417 2559 1497 2586 tinem
1518 2557 1688 2594 prophetiam
1708 2557 1791 2585 refert

1002 2617 1050 2644 per
1065 2608 1269 2643 inscriptionem
1287 2614 1369 2642 supra
1387 2606 1512 2633 allatam:
1531 2603 1564 2631 In
1578 2604 1654 2638 ﬁnem
1671 2611 1718 2639 pro
1731 2611 1792 2630 sus-

1003 2655 1119 2690 ceptione
1154 2654 1286 2681 matutina
1303 2652 1421 2688 psalmus
1438 2650 1533 2678 David.
1553 2649 1587 2677 Et
1603 2657 1667 2686 qua,
1688 2657 1790 2689 quaso,

1002 2702 1108 2730 ratione
1121 2701 1262 2736 prophetia
1275 2698 1429 2727 Servatoris
1443 2698 1530 2726 nostri
1548 2697 1789 2728 resurrectionem,

1002 2748 1095 2776 itidem
1107 2747 1238 2775 Ecclesia:
1247 2745 1333 2781 ipsius
1343 2745 1578 2776 constitutionem,
1590 2743 1712 2771 omnium
1725 2750 1791 2778 gen-

1001 2794 1069 2821 tium
1086 2792 1269 2824 vocationem,
1292 2788 1477 2826 generationis
1500 2792 1624 2818 venturae
1648 2796 1680 2815 ac
1705 2787 1791 2814 futuri
