2056 3214
253 141 305 167 265

614 135 743 164 EUSEBII
762 132 999 162 CKESARIENSIS
1017 131 1091 160 OPP.
1112 131 1201 160 PARS
1219 131 1262 159 Ill.
1275 147 1308 153 —-
1328 129 1530 158 EXEGETICA.

1813 128 1866 155 ΞΜ

255 196 346 232 populi
376 194 573 230 praescientiam
604 192 798 228 complectens,
829 198 884 218 non
912 191 1033 226 psalmus

1091 198 1178 217 πασιν
1190 209 1198 222 ,
1217 189 1263 215 καὶ
1281 187 1335 215 τῶν
1355 187 1439 214 ἐθνῶν
1457 187 1583 214 ἁπάντων
1600 185 1647 221 τὴν
1667 184 1760 219 κλῆσιν
1774 184 1823 220 τῆς
1837 193 1867 210 τε

255 240 436 269 inscribatur‘?
459 239 497 266 De
520 239 553 266 iis
574 238 684 273 quippe,
707 241 800 272 utpote
822 237 855 263 de
879 236 1033 271 ingentibus

255 285 345 317 bonis,
359 284 480 320 gaudens
494 283 611 319 Spiritus
624 286 736 310 sanctus
751 282 927 317 psalmodiam
940 288 1034 316 aggre-

255 332 337 358 ditur.

290 375 401 404 Vensﬁ.
414 376 481 403 Deus
495 375 561 402 Deus
578 382 660 404 meus,
674 374 770 405 respice
782 375 808 400 in
824 382 862 400 me
875 381 884 400 :
902 381 982 409 quare
996 381 1034 399 me

255 423 438 457 dereliquisti?
459 422 532 456 longe
549 430 570 448 Διι
590 421 674 447 salute
699 429 756 447 mea
778 420 854 447 verba
880 419 1035 446 delictorum

258 477 383 496 mearum.
403 468 472 495 Cum
488 468 514 494 in
531 466 665 495 Hebraico
679 466 827 500 exemplari
844 466 922 497 illud,
937 465 1035 500 respice

256 514 283 540 in
302 521 352 545 me,
371 520 426 540 non
449 515 607 547 compareat
641 511 687 539 sed
717 511 743 537 in
768 511 833 538 solis
855 501 1035 545 .Septuaginta

257 557 452 593 lnterpretibus
475 557 563 592 primo
576 556 666 584 versui
678 556 829 588 inseratur;
840 555 901 590 jure
912 563 927 582 a
942 554 1036 581 Salva-

257 609 315 631 tore
329 607 425 632 nostro
439 603 497 630 haec
511 602 676 629 vociferante
690 601 901 636 prmtcrliiissum
914 604 965 628 est.

292 693 332 719 Ac
354 692 430 724 mihi,
455 699 557 727 quaeso,
582 690 733 726 perpendas
756 697 809 725 quo
833 694 912 725 pacto
940 689 1036 724 reliqui

258 744 353 764 omnes
371 737 531 771 interpretes
547 735 702 763 delictorum
715 742 767 762 non
781 734 953 762 meminerint
966 743 973 760 :
989 741 1037 761 ne-

258 791 312 818 que
331 783 402 810 enim
423 786 638 820 consentaneum
662 785 722 810 erat
742 788 865 816 persona:
889 779 1038 807 Salvatoris

1083 237 1179 270 γενεᾶς
1205 235 1252 262 καὶ
1279 234 1324 261 τοῦ
1341 233 1539 270 τεχθησομὲνου
1553 231 1618 258 λαοῦ
1632 231 1680 267 τὴν
1695 231 1866 266 πρόγνωσινς

1090 281 1151 308 Ἐπὶ
1173 281 1276 312 τούτοις
1299 280 1353 316 γὰρ
1369 279 1406 311 ὡς
1423 279 1469 305 ἐπὶ
1485 277 1612 314 μεγάλοις
1627 276 1739 311 ἀγαθοῖς
1755 278 1868 312 συγχαί-

1086 337 1131 363 ρον
1144 327 1174 353 τὸ
1189 326 1300 362 Πνεῦμα
1314 326 1345 352 τὸ
1361 325 1437 360 ἅγιον
1451 324 1499 360 τὴν
1516 323 1674 359 ψαλμῳδίαν
1689 324 1812 350 ποιεῖται.

1126 373 1156 399 '0
1170 373 1240 405 Θεὸς
1250 373 1266 399 ὁ
1281 372 1351 404 Θεός
1356 380 1426 405 μου,
1440 371 1571 405 πρόσχες
1584 378 1651 405 μοι’
1662 370 1712 397 ἵνα
1730 370 1759 396 τί
1783 369 1871 404 ἐγκα-

1087 418 1203 451 τέλιπές
1212 426 1249 452 με
1259 426 1267 449 ;
1278 416 1399 452 μακρὰν
1414 416 1471 444 ἀπὸ
1485 415 1540 450 τῆς
1551 416 1697 449 σωτηρίας
1707 424 1766 450 μου
1779 416 1869 442 011d-

1086 474 1130 500 γοι
1145 464 1205 490 τῶν
1222 462 1463 497 παραπτωμάτων
1479 470 1548 496 μου.
1584 461 1628 496 Μὴ
1645 460 1825 497 προκειμένου
1840 461 1869 487 δὲ

1086 512 1114 536 ἐν
1127 510 1166 546 τῷ
1183 508 1318 545 Ἐϐραῖκῷ
1329 507 1387 542 τοῦ,
1395 507 1527 542 πρόσχες
1537 515 1588 541 μοι
1597 526 1604 538 ,
1618 506 1632 532 ὃ
1645 506 1676 541 δὴ
1691 505 1761 532 κατὰ
1774 505 1870 541 μόνους

1085 555 1147 586 τοὺς
1176 553 1375 589 Ἐϐδομήκοντα
1399 552 1561 587 προσέκειτο
1582 550 1621 586 τῷ
1648 550 1748 586 πρώτῳ
1774 550 1868 585 στίχῳ,

1085 599 1204 635 ἀκριϐῶς
1221 599 1268 626 καὶ
1285 599 1336 625 ὑπὸ
1351 598 1400 633 τῆς
1419 598 1510 633 φωνῆς
1523 596 1569 623 τοῦ
1584 596 1709 632 Σωτῆρος
1724 596 1803 631 ἡμῶν
1817 604 1871 622 πα-

1087 645 1268 681 ραλέλειπται.

1122 691 1177 718 Καὶ
1191 691 1240 717 θέα
1256 690 1316 717 τίνα
1328 689 1428 726 τρόπον
1441 689 1470 716 ἐν
1487 689 1553 716 πᾶσι
1565 689 1668 720 τούτοις
1684 687 1802 723 οὐδαμοῦ
1817 695 1873 715 πα-

1084 736 1286 770 ραπτωμάτων
1311 735 1517 771 ἐμνημόνευσαν
1543 735 1567 761 οἱ
1583 733 1673 761 λοιποὶ
1689 734 1870 770 ἐρμηνευταί·

1089 782 1150 808 οὐδὲ
1166 782 1219 818 γὰρ
1238 781 1342 817 ἥρμοζε
1361 780 1570 817 παραπτώματα
1593 780 1756 816 ἐφαρμόζειν
1771 780 1810 815 τῷ
1825 779 1874 806 τοῦ

259 829 346 857 nostri
363 828 459 856 delicta
474 828 621 860 ascribere,
633 828 678 862 qui
689 832 824 861 peccatum
839 835 890 853 non
905 826 977 861 fecit,
993 834 1039 853 nec

1091 828 1213 864 Σωτῆρος
1224 828 1302 863 ἡμῶν
1319 827 1473 864 προσώπῳ,
1491 827 1525 860 ὃς
1540 827 1686 862 ἁμαρτίαν
1700 828 1755 854 οὐκ
1772 827 1875 861 ἐποίη-

260 876 377 903 inuentus
394 880 433 902 est
449 875 525 902 dolus
542 876 568 901 in
588 882 631 901 ore
649 873 706 908 ejus
717 873 751 900 ’³.
772 873 796 900 Is
815 881 882 900 vero
897 879 947 907 pro
969 872 1004 900 iis
1023 879 1038 899 e

1091 882 1153 906 σεν,
1160 860 1348 908 Εὺδὲὲῠρέθτί
1354 860 1486 906 δόλος-ἐν
1493 872 1532 905 τῷ
1539 860 1662 906 στόματι
1671 871 1773 898 αὐτοῦ.
1789 860 1875 906 ’Υπὲρ

260 921 360 956 populo
381 921 426 955 qui
451 920 577 955 lacrymis
602 918 721 947 ac‘lletu
746 918 828 953 digna
849 918 1038 950 admittebant,

256 973 308 1001 pro
319 965 442 1001 apostolo
453 972 502 994 suo
515 964 600 996 Iuda,
618 965 694 1000 lapso
707 970 735 992 et
755 971 770 990 ιι
786 963 895 999 propria
910 962 1040 998 dignitate

257 1012 383 1047 depulso,
408 1012 502 1046 lugens
523 1011 579 1038 lucc
600 1009 708 1038 assidue
731 1009 866 1037 clamabat
886 1018 892 1036 :
917 1008 1003 1043 Longe
1023 1016 1040 1034 a

259 1057 346 1085 salute
361 1065 418 1084 mea
433 1057 510 1084 verba
526 1057 668 1091 gemituum
685 1062 811 1082 meorum.
825 1053 925 1086 Voces,
941 1053 1038 1088 inquit,

261 1107 288 1131 et
303 1102 382 1130 verba
399 1110 489 1130 rerum
507 1109 523 1128 a
538 1109 580 1128 mc
596 1108 702 1135 semper
714 1107 764 1136 pro
778 1100 877 1135 populo
891 1103 1038 1134 gestarum,

261 1155 276 1175 a
291 1148 378 1176 salute
394 1155 452 1175 mea
465 1147 658 1183 longe'rcmota
670 1150 744 1179 sunt,
759 1154 821 1174 cum
837 1146 904 1173 nihil
917 1145 1040 1172 utilitatis

261 1194 361 1229 populo
377 1193 524 1221 accesserit
547 1200 580 1220 ex
599 1199 630 1220 ea
647 1199 727 1228 quam
749 1191 1039 1227 ipsisproeuravi‘sa-

262 1240 327 1267 lute.
343 1239 377 1266 At
393 1247 426 1267 ne
438 1239 578 1267 videamur
592 1246 625 1266 ex
640 1238 749 1266 curiosa
765 1238 854 1273 aliqua
870 1237 1042 1272 indagatione

261 1286 382 1322 reliquos
405 1286 568 1321 interpretes
593 1285 691 1317 secuti,
716 1292 764 1312 cos
782 1284 831 1320 qui
857 1284 909 1311 alia
936 1282 1041 1310 ratione

262 1331 397 1366 psalmum
412 1331 625 1366 interpretantur
636 1337 794 1365 coarguere,
811 1328 988 1365 Septuaginta
1000 1328 1042 1355 vi-

262 1384 357 1404 rorum
384 1376 608 1411 interpretatione
633 1380 751 1403 utemur.
776 1374 843 1402 Nam
869 1374 908 1402 iﬂi
933 1381 1042 1410 quoque

262 1424 334 1450 lianc
357 1421 503 1450 lectionem
526 1422 706 1450 observantes
731 1425 758 1449 et
784 1420 1040 1453 animadvertentes,

261 1469 335 1496 hunc
359 1467 494 1503 psalmum
517 1467 627 1495 Christo
649 1474 704 1494 non
731 1473 881 1502 congruere
907 1465 1040 1493 dixenmt.

260 1513 379 1543 Audiant
393 1513 484 1549 itaque
495 1511 626 1540 Joannem
639 1512 678 1540 sic
687 1511 867 1539 clamantem:
878 1509 944 1538 Ecce
952 1510 1042 1545 Agnus

262 1559 320 1591 Dei,
331 1559 375 1594 qui
383 1558 451 1585 tolh't
462 1563 597 1593 peccatum
611 1557 701 1584 mundi
711 1557 738 1589 ¹;
754 1561 781 1584 ct
797 1556 917 1584 divinum
931 1555 1043 1583 Paulum

260 1605 299 1631 ita
315 1605 468 1640 loquentem
483 1604 552 1637 :Qui
564 1608 698 1638 peccatum
715 1611 766 1630 non
781 1606 896 1634 noverat,
912 1609 958 1636 pro
970 1602 1043 1629 nobis

263 1654 396 1685 peccatum
409 1649 479 1684 fecit,
490 1654 517 1675 ut
527 1657 573 1676 nos
582 1649 850 1683 efﬁceremurjustitia
860 1648 907 1675 Dei
917 1649 943 1675 in
954 1649 1009 1683 ipso
1016 1650 1043 1682 ²;

263 1699 290 1722 ct
300 1703 409 1722 rursum
421 1705 428 1722 :
442 1694 564 1722 Christus
582 1703 628 1721 nos
645 1694 752 1721 redemit
769 1694 800 1721 de
816 1694 954 1721 maledicto
970 1694 1043 1730 legis,

263 1741 357 1776 factus,
367 1748 414 1774 pro
428 1739 502 1768 nobis
515 1739 711 1767 mdtedictum'.
724 1738 807 1774 Igitur
817 1739 1043 1774 quemadmodum

265 1786 455 1822 l'onsjustitize
469 1794 530 1814 cum
543 1785 589 1819 sit,
605 1790 716 1821 peccata
731 1785 790 1821 ipse
804 1789 897 1813 nostra
909 1785 1043 1820 suscepit;

263 1837 292 1862 et
304 1840 366 1861 cum
384 1833 420 1862 'sit
437 1833 768 1868 benedictionispelagus,
783 1833 954 1868 ingruentem
967 1833 1045 1860 nobis

264 1879 489 1908 maledictionem.
496 1879 610 1914 accepit,
623 1883 703 1916 atque
717 1878 881 1913 contemptis
891 1878 1044 1914 opprobriis

263 1932 373 1954 crucem
389 1924 537 1952 sustinuit:
555 1925 595 1951 sic
612 1931 660 1959 pro
674 1923 752 1951 nobis
768 1923 900 1951 rationem
915 1923 1043 1952 reddidit.

266 1970 294 1998 Si
320 1971 392 1999 enim
414 1974 543 1998 statutam
571 1969 649 1996 nobis
664 1968 836 2004 disciplinam
865 1969 961 1997 lubens
988 1969 1046 2004 ipse

265 2016 367 2050 subiit;
390 2023 454 2043 nam
474 2015 615 2049 disciplina
635 2016 707 2050 pacis
729 2019 826 2042 nostra;
841 2023 917 2050 super
932 2024 1001 2049 eum,
1017 2021 1046 2044 ut

265 2063 303 2089 ait
316 2061 466 2097 proplieta‘
480 2071 487 2088 :
504 2061 589 2087 multo
608 2060 696 2096 magis
721 2061 842 2089 rationes
864 2061 921 2096 ipse
937 2067 1045 2089 nostras

265 2114 314 2142 pro
330 2106 410 2134 nobis
423 2105 527 2137 retulit,
541 2108 622 2140 atque
637 2105 747 2131 clamat:
766 2104 879 2139 Longe'a
893 2105 978 2131 salute
990 2114 1046 2132 mea

265 2153 380 2180 rationes
403 2151 560 2178 delictorum
586 2157 714 2177 meorum.
739 2148 787 2182 Nc,
815 2150 913 2185 inquit.
944 2154 1046 2178 natura:

265 2202 377 2235 peccata
395 2197 535 2233 respicias.

1088 918 1116 944 δὲ
1135 918 1190 944 τῶν
1210 918 1356 953 κλαυθμῶν
1381 918 1428 944 καὶ
1448 917 1553 954 θρήνων
1572 917 1635 950 ἄξια
1655 917 1827 952 πραττόντων
1845 917 1875 943 ἐν

1088 964 1127 999 τῷ
1139 963 1214 1000 λαῷ,
1247 964 1316 998 ὑπὲρ
1331 963 1359 990 δὲ
1372 963 1419 990 τοῦ
1434 963 1582 990 ἀποστόλου
1599 962 1681 989 αὑτοῦ
1704 961 1804 994 Ἰούδα,
1827 961 1875 988 τοῦ

1089 1010 1308 1046 ἐξολισθήσαντος
1328 1009 1375 1036 καὶ
1391 1010 1440 1045 τῆς
1464 1009 1567 1041 οἰκείας
1589 1009 1667 1041 ἀξίας
1681 1008 1875 1042 ἀποπεσόντος,

1089 1056 1248 1092 ὀδυρόμενος
1261 1056 1373 1082 διετέλει
1392 1055 1460 1091 βοῶν
1470 1063 1478 1070 ·
1495 1055 1620 1089 Μακρὰν
1635 1054 1694 1082 ἀπὸ
1709 1054 1764 1089 τῆς
1778 1062 1876 1088 σωτη-

1086 1103 1155 1137 plac
1167 1112 1226 1137 μου
1237 1104 1264 1130 οἱ
1276 1102 1359 1137 λόγοι
1372 1102 1432 1128 τῶν
1446 1101 1582 1136 όδιιομῶν
1594 1110 1662 1135 μου.
1679 1101 1710 1127 ΟΞ
1724 1100 1778 1135 γὰρ
1790 1100 1875 1134 λόγοι,

1090 1149 1172 1184 φησὶ,
1189 1148 1242 1174 τῶν
1256 1148 1332 1183 ἐμῶν
1344 1168 1352 1181 ,
1368 1147 1423 1174 τῶν
1441 1147 1510 1183 ὺπέρ
1525 1146 1571 1173 τοῦ
1588 1146 1653 1173 λαοῦ
1671 1147 1786 1174 πάντοτε
1802 1155 1877 1181 γινο-

1092 1195 1179 1230 μένων
1191 1214 1199 1227 ,
1214 1194 1263 1229 τῆς
1273 1194 1342 1229 ἐμῆς
1354 1193 1490 1229 σωτηρίας
1505 1192 1614 1229 μακρὰν
1628 1192 1770 1227 γεγόνασιν
1779 1212 1788 1225 ,
1802 1193 1878 1220 οὐδὲν

1090 1239 1274 1275 ὼφεληθέντος
1290 1239 1336 1266 τοῦ
1352 1238 1417 1266 λαοῦ
1434 1239 1488 1266 ἀπὸ
1508 1238 1558 1274 τῆς
1576 1238 1605 1272 ἐξ
1623 1237 1690 1274 ἐμοῦ
1704 1237 1878 1274 προξενηθεί-

1092 1293 1141 1320 σης
1153 1285 1242 1317 αὐτοῖς
1253 1284 1397 1320 σωτηρίας.
1413 1284 1471 1311 Ἵνα
1481 1283 1510 1310 δέ
1527 1283 1564 1319 μὴ
1577 1283 1707 1319 δόξωμεν,
1721 1285 1778 1315 τοῖς
1788 1283 1878 1315 ἄλλοις

1091 1331 1271 1367 ἐρμηνευταῖς
1284 1330 1399 1357 ἐνταῦθα
1415 1330 1578 1366 κεχρημένοι
1594 1331 1626 1357 ἐκ
1640 1330 1778 1366 περινοίας
1789 1350 1797 1362 ,
1815 1330 1878 1362 τοὺς

1091 1376 1191 1413 ἑτέρως
1205 1376 1250 1403 τὸν
1264 1375 1370 1411 ψαλμὸν
1386 1375 1592 1412 ἡρμηνευκότας
1616 1375 1735 1412 ἐλέγχειν
1745 1395 1753 1408 ,
1778 1377 1811 1411 τῇ
1823 1374 1878 1402 τῶν

1099 1421 1298 1458 Ἑϐδομήκοντα
1312 1421 1444 1457 ἑρμηνείᾳ
1458 1421 1632 1457 χρησόμεθαο
1659 1421 1745 1457 ταύτῃ
1757 1421 1811 1456 γὰρ
1825 1421 1878 1447 κά-

1092 1469 1175 1495 κεῖνοι
1191 1467 1304 1503 τηρήσει
1318 1466 1545 1502 προσεσχηκότες,
1554 1466 1604 1493 οὐκ
1618 1467 1722 1501 ἔφασαν
1735 1466 1880 1502 ἁρμόττειν

1056 1525 1078 1554 C
1094 1513 1138 1540 τὸν
1148 1512 1259 1549 Δψαλμὸν
1268 1512 1306 1548 τῷ
1313 1513 1416 1548 Κυρίῳ.
1433 1512 1641 1539 Ἀκουσάτωσαν
1654 1512 1745 1539 τοίνυν
1756 1512 1879 1539 Ἰωάννου

1096 1559 1208 1594 βοῶντος
1218 1567 1224 1574 ’
1239 1559 1299 1586 Ἴδε
1309 1560 1324 1586 ὁ
1333 1558 1427 1593 ἀμνὸς
1433 1558 1485 1585 τοῦ
1499 1558 1572 1585 Θεοῦ
1579 1577 1589 1590 ,
1599 1559 1616 1585 ὁ
1624 1558 1715 1593 αἵρων
1725 1558 1781 1592 τὴν
1790 1559 1880 1593 ἀμαρ-

1094 1605 1161 1632 τίαν
1170 1604 1222 1632 τοῦ
1231 1605 1346 1639 κόσμου
1357 1612 1364 1620 ·
1374 1603 1421 1630 τοῦ
1432 1603 1460 1630 δὲ
1471 1603 1612 1630 θεσπεσίου
1624 1605 1730 1631 Παύλου
1739 1604 1864 1639 λέγοντος
1871 1613 1878 1619 ·

1096 1652 1151 1679 Τὸν
1163 1652 1206 1686 μὴ
1223 1652 1331 1687 γνόντα
1350 1652 1511 1686 ἁμαρτίαν,
1538 1651 1613 1685 ὑπὲρ
1633 1651 1716 1686 ἡμῶν
1734 1651 1881 1686 ἁμαρτίαν

1093 1697 1247 1731 ἐποίησεν,
1255 1698 1305 1724 ἵνα
1319 1697 1403 1731 ἡμεῖς
1414 1697 1560 1732 γενώμεθα
1573 1697 1645 1724 Θεοῦ
1658 1697 1836 1731 δικαιοσύνη
1846 1697 1882 1723 ἑν

1094 1742 1187 1775 αὐτῷ·
1204 1743 1249 1769 καὶ
1264 1743 1344 1769 πάλιν
1353 1751 1361 1758 ο
1381 1739 1506 1777 Χριστὸς
1521 1743 1599 1778 ἡμᾶς
1612 1742 1763 1778 ἠγόρασεν
1778 1742 1812 1769 ἐκ
1825 1742 1881 1777 τῆς

1096 1788 1225 1822 κατάρας
1239 1788 1291 1815 τοῦ
1302 1789 1406 1823 νόμου,
1416 1789 1573 1824 γενόμενος
1582 1788 1656 1823 ὑπὲρ
1666 1789 1750 1823 ’ἡμῶν
1759 1787 1879 1822 κατάρα.

1099 1833 1247 1869 Τοιγαροῦν
1275 1834 1367 1870 ὥσπερ
1383 1834 1554 1870 δικαιοσύνης
1568 1834 1697 1870 ὖπάρχων
1724 1834 1814 1870 πηγὴ,
1833 1833 1882 1869 τὴν

1099 1879 1235 1915 ἡμετέραν
1251 1880 1386 1915 ἁμαρτίαν
1401 1880 1513 1908 ἀνέλαϐε
1522 1900 1529 1913 ,
1552 1880 1599 1907 καὶ
1611 1880 1734 1914 εὐλογίας
1747 1880 1784 1907 ῶν
1798 1879 1883 1907 πέλα-

1095 1934 1142 1960 γος
1157 1945 1164 1957 ,
1191 1925 1240 1961 τὴν
1257 1925 1432 1961 ἐπικειμένην
1451 1927 1518 1961 ἡμῖν
1537 1925 1643 1959 ἐδέξατο
1662 1926 1784 1961 κατᾶραν
1797 1945 1806 1958 ,
1834 1925 1883 1952 καὶ

1096 1972 1210 2008 σταυρὸν
1219 1972 1362 2008 ὑπέμεινεν
1375 1972 1503 2008 αἰσχύνης
1519 1973 1724 2008 καταφρονήσας
1733 1981 1740 1988 ’
1752 1972 1822 1999 οὕτω
1836 1972 1884 2000 καὶ

1096 2018 1158 2049 τοὺς
1173 2017 1243 2053 ὑπὲρ
1256 2018 1333 2053 ἡμῶν
1350 2018 1494 2054 ἐποιήσατο
1509 2018 1613 2053 λόγους.
1629 2019 1660 2046 El
1675 2018 1728 2055 γὰρ
1739 2018 1788 2054 τὴν
1817 2018 1885 2055 ὡρι-

1096 2064 1198 2100 σμένην
1218 2065 1285 2100 ήμϊν
1310 2064 1432 2091 παιδείαν
1449 2064 1568 2099 ὑπῆλθεν
1589 2064 1660 2091 ἑκὼν
1671 2084 1679 2096 ,
1692 2064 1811 2092 παιδεία
1829 2064 1883 2100 γὰρ

1095 2109 1216 2144 εἰρήνης
1227 2109 1312 2145 ἡμῶν
1324 2110 1369 2136 ἐπ’
1380 2110 1482 2142 αὐτὸν,
1527 2111 1608 2146 φησιν
1622 2111 1636 2137 ὸ
1649 2111 1806 2146 προφήτης·
1820 2110 1885 2137 nol-

1096 2154 1133 2190 λῷ
1145 2155 1244 2190 μᾶλλον
1253 2157 1307 2188 τοῖς
1315 2156 1384 2191 ὑπὲρ
1395 2156 1411 2191 ἡ
1416 2156 1473 2191 μῶν
1486 2155 1542 2182 ἀνθ’
1553 2155 1631 2191 ἡμῶν
1641 2156 1774 2191 ἐχρήσατο
1782 2155 1883 2190 λόγοις,

1062 2191 1084 2218 D
1099 2201 1145 2227 καὶ
1161 2201 1219 2237 βοᾷ·
1245 2202 1368 2236 Μακρὰν
1381 2201 1439 2228 ἀπὸ
1455 2201 1507 2236 τῆς
1526 2202 1673 2236 σωτηρίας
1686 2211 1746 2236 μου
1761 2203 1787 2229 cl
1799 2203 1885 2237 λόγοι

264 2245 324 2273 τῶν
335 2244 577 2280 παραπτωμάτων
586 2252 655 2278 μου.
671 2243 715 2278 Μὴ
726 2243 892 2280 ἀποΰλέψῃς,
907 2244 998 2279 φησὶν,
1009 2246 1060 2279 εἰς,
1071 2247 1106 2274 τὰ
1118 2248 1167 2284 τῆς
1183 2249 1289 2282 φύσεως
1308 2249 1360 2284 πλη
1365 2249 1453 2285 μμελή
1458 2258 1539 2283 ματα.

301 2292 383 2321 Vens.
400 2294 427 2320 5.
444 2292 515 2320 Deus
535 2299 617 2324 meus,
640 2291 759 2318 clamabo
780 2291 813 2318 ad
831 2295 854 2318 te
868 2300 914 2326 per
929 2291 1008 2324 diem,
1024 2297 1048 2319 et

267 2348 318 2366 non
330 2338 514 2371 exaudiespet
529 2343 614 2369 nocte,
632 2341 656 2364 et
671 2345 722 2364 non
734 2336 767 2363 ad
779 2337 959 2372 insipientiam
974 2338 1048 2366 mihi.

269 2386 330 2413 llaec
344 2385 378 2413 de
391 2383 470 2412 nobis
482 2383 623 2411 confessus
635 2383 769 2415 Salvator,
783 2383 821 2410 ait
837 2393 843 2410 :
859 2382 904 2410 Sic
915 2383 1049 2412 clamante

269 2439 322 2463 ine,
334 2427 523 2458 exauditurum
539 2433 566 2456 te
580 2429 666 2456 novi‘:
683 2436 744 2456 nam
758 2436 820 2455 cum
833 2429 1050 2464 interpunctione

268 2476 420 2511 legendum.
433 2475 466 2503 Et
477 2479 557 2503 nocte
569 2482 678 2510 quoque
693 2474 827 2506 clamabo,
840 2482 928 2509 neque
942 2475 967 2502 id
982 2475 1048 2502 milii

267 2522 301 2550 ad
326 2521 511 2557 insipientiam
537 2524 696 2556 reputetur;
718 2520 937 2556 quandoquidem
958 2522 1048 2550 tristia

268 2568 371 2595 circum
387 2574 431 2594 me
448 2566 537 2602 posita
555 2570 629 2594 sunt.
647 2566 724 2593 Multi
742 2573 808 2594 sane
821 2567 848 2594 in
863 2567 990 2602 perplexo
1004 2575 1050 2595 rc-

268 2621 329 2642 rnm
341 2617 414 2642 statu
432 2613 547 2648 caligine
566 2612 757 2644 obvolvuntur,
776 2615 805 2639 ut
818 2613 898 2639 etiam
915 2613 980 2647 quid
994 2613 1050 2640 cla-

268 2660 353 2688 manti
377 2659 523 2688 dicendum
546 2658 600 2687 Deo
622 2659 658 2688 sit
681 2659 829 2695 ignorent:
846 2665 878 2685 ac
898 2666 947 2693 ego
967 2659 1051 2694 probe

268 2707 331 2734 novi
352 2713 406 2742 qua
427 2705 461 2733 de
487 2711 570 2732 causa
589 2708 730 2732 nocturnae
751 2704 804 2732 illa:
819 2704 989 2732 calamitates
1007 2712 1050 2732 me

269 2752 497 2781 circumveniant.

1138 2296 1169 2322 '0
1181 2297 1252 2330 Θεός
1267 2305 1336 2332 μου,
1353 2295 1531 2331 κεκράξομαι
1550 2296 1660 2330 ἡμέρας
1675 2295 1749 2330 πρὸς
1767 2296 1814 2328 σὲ,
1835 2297 1886 2324 καί

1100 2342 1154 2368 οὐκ
1170 2342 1336 2376 εἶσακούσῃ
1346 2351 1352 2357 ·
1380 2342 1429 2368 καὶ
1448 2341 1574 2375 νυκτὸς,
1593 2342 1639 2368 καὶ
1655 2342 1710 2368 οὐκ
1725 2342 1769 2375 εις
1781 2341 1887 2369 ἄνοιαν

1098 2388 1172 2422 ἐμοι.
1190 2388 1281 2414 Ταῦτα
1293 2388 1320 2414 δὲ
1332 2389 1397 2424 περὶ
1409 2387 1485 2424 ἡμῶν
1497 2387 1751 2424 ἐξομολογούμενος,
1763 2389 1776 2414 ὁ
1790 2388 1887 2424 Σωτὴρ

1098 2433 1187 2467 λέγει·
1216 2433 1293 2460 Οὕτω
1307 2433 1334 2460 δὲ
1351 2442 1400 2469 μου
1417 2433 1549 2469 βοῶντος,
1572 2431 1644 2467 οἶδα,
1663 2434 1703 2460 ’ότι
1720 2433 1884 2470 εἰσακούσῃ·

1102 2479 1161 2514 μεθ’
1178 2479 1349 2515 ὑποστιγμῆς
1368 2480 1420 2515 γὰρ
1439 2480 1635 2514 ἀναγνωστέον.
1669 2481 1724 2507 Καὶ
1742 2480 1839 2512 νυκτὸς
1857 2480 1887 2507 δὲ

1101 2525 1285 2561 κεκράξομαι,
1312 2526 1361 2552 οὐκ
1386 2526 1478 2557 ἀνοίας
1505 2534 1549 2561 μοι
1567 2525 1762 2561 λογιζομένης·
1790 2526 1835 2552 ὅτε
1853 2526 1888 2552 τὰ

1102 2572 1299 2608 περιεστηκότα
1319 2572 1378 2598 ἐστὶ
1400 2572 1558 2608 σκυθρωπά.
1573 2572 1633 2598 Τῶν
1653 2571 1757 2598 πολλῶν
1776 2572 1805 2597 ἐν
1825 2573 1887 2602 ταῖς

1101 2618 1276 2654 περιστάσεσι
1292 2617 1505 2653 σκοτιζομένων,
1521 2617 1558 2649 ὡς
1571 2617 1699 2644 καὶ¹αὒτὺ
1711 2616 1790 2643 τοῦτο
1806 2616 1833 2642 τί
1847 2616 1888 2643 δεῖ

1101 2662 1237 2698 κράζοντα
1256 2662 1323 2698 πρὸς
1339 2662 1404 2689 Θεὸν
1420 2662 1508 2696 λέγειν
1524 2662 1643 2696 ἁγνοεῖν’
1668 2662 1817 2697 ἐπίσταμαι
1833 2661 1887 2697 γὰρ

1102 2707 1157 2741 ἐγὼ
1169 2707 1238 2739 τίνος
1253 2707 1334 2735 ἷνεκα
1348 2707 1410 2743 περὶ
1424 2708 1474 2743 ἐμὲ
1485 2707 1628 2743 νυκτερινὴ
1639 2707 1804 2739 κατάστασίς
1817 2708 1884 2734 ἐστι.

305 2844 326 2859 ³³
346 2843 353 2871 l
372 2843 444 2871 Petr.
464 2850 501 2876 ιι,
516 2842 562 2870 22.
602 2843 608 2858 '
629 2841 706 2870 Joan.
724 2849 748 2876 ι,
765 2842 809 2870 56.
848 2843 858 2859 ¹
878 2842 900 2870 ιι
916 2842 977 2870 Cor.
993 2850 1026 2875 ν,

1127 2843 1137 2859 ³
1155 2842 1214 2870 Gal.
1234 2849 1285 2874 ιιι,
1305 2841 1349 2870 l5.
1387 2840 1398 2858 ⁵
1417 2839 1470 2868 lsa.
1489 2846 1555 2873 ιιιι,
1575 2839 1599 2867 5.
