2056 3214
204 202 258 230 215

750 204 997 234 COMMENTARIA
1016 206 1050 234 IN
1075 206 1244 235 PSALMOS.

1294 199 1321 222 ίι
1342 192 1347 213 ¹
1772 212 1827 240 2η

204 261 309 288 ἐθνῶν.
328 261 392 288 ’Ὁτι
409 261 462 289 τοῦ
475 263 586 297 Κυρίου
605 252 804 298 ήᾟασιλεία,
827 265 875 293 καὶ
897 266 986 300 αὐτὸς

1039 266 1105 293 mini
1126 270 1165 293 est
1183 263 1300 302 regnum,
1318 270 1342 293 et
1370 267 1422 301 ipse
1444 267 1598 296 darnimztur
1617 269 1742 304 gentium.
1759 269 1825 297 Nam

181 320 184 323 -
203 306 341 338 δεσπόζῃ
355 307 414 335 τῶν
427 308 530 337 ἐθνῶν.
549 308 601 336 Τοῦ
618 310 673 346 γὰρ
688 311 822 347 εωτηρίου
838 312 926 347 φωτὸς
939 313 987 339 αὐ-

203 354 261 386 τοῖς
277 353 491 389 ἐπιλάμψαντος,
504 355 768 392 ἀναμνησθήσονται,
780 358 818 390 ὠς
835 358 888 393 ἄρα
898 356 932 394 ἦν
947 368 988 391 τις

204 399 296 431 αὐτοῖς
313 399 425 435 Κύριος,
437 401 451 426 ὂ
462 409 492 434 γε
517 401 623 436 ἀληθῶς
640 404 694 428 τῶν
708 403 776 430 ὅλων
800 404 947 439 δεσπότης’
964 407 988 432 οἱ

204 445 258 481 γὰρ
272 447 458 481 νενομισμένοι
473 446 639 483 αὺτοῖςῆσαν
657 449 758 484 Κυρίου
768 459 774 464 ·
790 452 829 482 είς
839 451 987 487 ἀνάμνησιν

202 491 231 517 δὲ
246 491 368 523 ἐλθόντες
384 492 430 518 τοῦ
449 492 523 527 σφῶν
535 494 674 527 δεσπότου,
694 496 736 522 ἐπ’
754 497 834 523 αὑτὸν
850 498 986 532 καταφεύ-

204 537 310 570 ξονται·
343 539 388 564 καὶ
414 539 443 564 ὃν
469 539 553 565 παλαι
577 541 808 577 ἀπεστράφησαν,
839 543 907 569 κατὰ
929 553 987 570 τινα

203 584 307 620 ἐχθρῶν
325 585 484 621 ἐπιϐουλὴν,
502 586 595 613 τοῦτον
614 588 714 622 Κύριον
731 589 818 615 αὐτῶν
839 589 903 617 ὅντα
927 592 985 616 ἐπιοο

202 630 362 665 γνώσονται,
381 632 427 658 καὶ
445 633 694 668 ἑπιστραφήσονται
718 635 785 669 πρὸς
806 636 895 662 αὑτὸν.
920 636 987 662 Ἀλλ’

202 676 244 703 ἴνα
264 677 300 712 μή
318 685 359 709 τις
379 678 498 712 νομίτειε
519 679 605 705 ταῦτα
629 679 752 713 λέγεσθαι
771 681 833 715 περὶ
853 680 899 707 τοῦ
925 682 987 707 Ἰου-

202 723 283 750 δαίων
296 723 398 756 ἔθνους,
412 724 532 759 ἀκριϐῶς
546 726 559 750 ὀ
576 725 652 758 λόγος
674 726 861 761 προστίθησιν,
879 727 916 758 ὡς
934 728 987 762 ἄρα

201 768 287 795 ταῦτα
305 768 512 804 πληρωθήσεται
537 770 582 796 ἐπὶ
601 771 690 797 πάντα
711 772 745 798 τὰ
771 772 830 798 καθ’
853 773 916 808 ὅλης
938 774 986 808 τῆς

202 814 364 850 οἰκουμένης
384 815 462 850 ἔθνη·
487 814 534 841 εἶτ’
555 817 766 852 ἐπιστραφέντες
789 819 815 844 τί
833 819 987 853 ποιήσουσιν

203 860 315 887 ἐνώπιον
332 860 413 887 αὐτοῦ
428 862 512 888 nini
525 863 551 889 αἱ
568 864 680 898 πατριαὶ
700 864 754 890 τῶν
771 864 868 891 ἐθνῶν·
882 865 939 891 ἀνθ’
956 863 986 890 οὒ

202 906 348 942 Σύμμαχος
363 908 409 934 καὶ
431 909 553 940 Ἀκύλας,
574 909 667 936 πᾶσαι
690 912 719 937 al
739 913 907 945 συγγένειαι
931 911 987 937 τῶν

200 953 305 985 ἐθνῶν,
320 954 449 989 εἰρήκασι
468 955 569 990 σφόδρα
594 956 724 991 ἀκριϐῶς.
742 957 819 983 Ποῖον
842 957 895 992 γὰρ
911 957 985 989 ἔθνος
1002 951 1021 978 Β

198 998 259 1033 οὐχὶ
281 1000 439 1032 συγγενείας
461 1000 516 1034 ἕχει
535 1000 749 1035 ἐπιςτραφείσας
774 1002 841 1037 πρὸς
863 1003 907 1029 τὸν
931 1003 984 1029 τῶν

199 1040 267 1071 ὅλων
280 1044 361 1076 Θεόν;
380 1045 446 1071 Ποία
460 1046 488 1071 δὲ
514 1046 599 1079 πόλις,
663 1047 725 1073 ποία
749 1047 840 1083 χώρα,
871 1048 886 1084 ἦ
912 1050 984 1080 ποῖος

198 1090 271 1122 οἶκος
283 1091 332 1117 οὐκ
345 1091 400 1126 ἕχει
412 1091 486 1123 τινας
500 1093 706 1129 ἀφωρισμένους
723 1095 769 1121 καὶ
786 1095 985 1130 ἐξειλεγμένους

197 1137 237 1172 τῷ
253 1137 329 1172 Θεῷ;
348 1138 409 1169 Πῶς
432 1138 582 1173 δ’ἔμελλον
600 1140 773 1167 ἀποτίθεσθαι
795 1142 842 1176 μὲν
859 1142 908 1176 τὴν
924 1142 986 1167 ἑαυ-

196 1184 252 1211 τῶν
271 1184 366 1220 λήθην,
384 1185 536 1220 ἀνάμνησιν
558 1186 586 1212 δὲ
617 1187 751 1214 ποιεῖσθαι
778 1188 825 1214 τοῦ
841 1188 895 1214 τῶν
918 1189 985 1215 ὅλων

197 1230 265 1257 θεοῦ
282 1231 315 1257 αῖ
333 1231 486 1265 συγγένειαι
500 1232 553 1258 τῶν
574 1233 675 1259 ἐθνῶνθ
691 1234 749 1266 πῶς
761 1234 788 1261 δὲ
811 1235 985 1270 ἐπιστρέφειν

198 1275 266 1310 πρὸς
279 1275 358 1302 αὑτὸν
372 1276 461 1303 πάντα
471 1277 504 1303 τὰ
521 1278 625 1313 πέρατα
635 1279 683 1314 τῆς
697 1280 757 1314 γῆς,
772 1280 892 1315 ἐπιλέγει
904 1282 983 1317 ἑξῆς·

198 1321 262 1347 Ὅτι
274 1321 326 1348 τοῦ
336 1322 447 1356 Κυρίου
468 1324 486 1357 ἡ
503 1323 656 1357 βασιλεία,
675 1325 723 1352 καὶ
745 1327 835 1359 αὐτὸς
849 1327 984 1358 δεσπόζει

196 1366 256 1393 τῶν
269 1367 373 1394 ἐθνῶν.
390 1368 425 1394 Οἵ
437 1368 490 1403 γὰρ
505 1369 587 1395 πάλαι
599 1371 784 1406 κρατήσαντες
798 1372 923 1407 δαίμονες
939 1375 985 1400 καὶ

194 1412 317 1444 διάϐολος
333 1413 530 1449 κατελύθησαν,
550 1415 596 1441 καὶ
618 1416 684 1451 μόνη
702 1417 718 1451 ἠ
743 1417 789 1443 τοῦ
811 1418 855 1443 ἐπὶ
877 1418 985 1444 πάντων

195 1457 267 1484 Θεοῦ
281 1458 403 1493 βασιλεία
427 1460 609 1495 ἐπεκράτησε.
636 1461 717 1494 Τάξει
740 1460 786 1488 οὖν
808 1464 822 1489 ὁ
839 1462 915 1497 λόγος
939 1465 985 1490 καὶ

195 1504 340 1540 ἀκολουθίᾳ
358 1505 498 1541 κέχρηται,
518 1506 625 1542 πρῶτον
653 1508 756 1542 φήσας·
786 1509 986 1542 Μνησθήσον-

196 1559 253 1582 ται,
266 1549 325 1578 εἶτα
338 1551 478 1587 δεύτερον,
495 1553 769 1587 ἐπιστραφήσονται
779 1574 785 1585 ,
810 1555 857 1581 καὶ
876 1556 985 1590 τρίτον,

197 1597 458 1632 προσκυνήσουσι.
483 1599 574 1626 Ταῦτα
591 1600 619 1626 δὲ
638 1600 726 1626 πάντα
743 1600 830 1633 ἔσται,
846 1602 909 1629 “οτι
931 1603 985 1629 τοῦ

197 1644 308 1677 Kt-plov
333 1645 353 1679 ἡ
377 1645 540 1677 βασιλεία,
566 1647 614 1672 καὶ
643 1647 733 1679 αὐτὸς
763 1647 897 1679 ὃεσπὸζει
927 1648 984 1675 τῶν

198 1689 302 1716 ἐθνῶν.

236 1735 364 1771 Ἐφαγον
376 1737 425 1764 καὶ
445 1740 677 1774 προσεκύνησαν
700 1740 811 1774 πάντες
834 1742 860 1768 οἱ
883 1742 985 1775 πίονες

199 1778 253 1813 τῆς
263 1780 334 1815 γῆς·
358 1781 485 1809 ἐνώπιον
499 1784 592 1811 αὐτοῦ
611 1785 854 1818 προσπεσοῦνται
876 1785 985 1818 πάντες

196 1828 225 1854 οι
239 1828 467 1862 καταϐαίνοντες
485 1830 528 1862 εὶς
546 1830 603 1865 τήν
615 1830 682 1866 γῆν.
703 1832 759 1858 Καὶ
782 1832 802 1866 ἡ
821 1832 907 1867 ψυχή
926 1841 985 1867 μου

195 1873 276 1906 αὐτῷ
291 1873 336 1908 ζῇ,
360 1874 459 1902 καὶτὸ
481 1876 602 1911 σπέρμα
625 1886 685 1912 μου
711 1877 870 1905 δουλεύσει
894 1878 983 1911 αὐτῷ.

197 1919 277 1946 Ἔστι
287 1919 316 1946 δὲ
335 1920 395 1947 καθ’
416 1921 534 1957 ἑκάστην
549 1922 733 1959 ἀναστάσιμον
751 1923 856 1959 ἡμέραν
870 1923 917 1950 τοῦ
928 1924 985 1950 Σω-

195 1965 278 2001 τῆρος
296 1965 386 2002 ἡμῶν,
401 1968 449 2003 τὴν
465 1968 635 2005 καλουμένην
654 1970 787 2007 κυριακὴν
797 1991 805 2003 ,
821 1971 881 2006 ὕψει
897 1980 985 2007 παρα-

195 2010 289 2038 λαϐεῖν
301 2012 365 2044 τοῦς
375 2012 425 2047 τῆς
439 2014 543 2048 τροφῆς
555 2015 604 2050 τῆς
625 2015 706 2049 ἁγίας
725 2016 772 2043 καὶ
791 2016 837 2043 τοῦ
860 2016 984 2052 σώματος

195 2056 243 2083 τοῦ
256 2057 391 2093 σωτηρίου
408 2059 675 2095 μεταλαμϐάνοντας,
693 2062 739 2089 καὶ
758 2063 827 2098 μετὰ
843 2063 874 2090 τὸ
889 2064 985 2098 φαγεῖν

196 2104 415 2138 προσκυνοῦντας
428 2105 474 2132 τὸν
487 2106 587 2142 δοτῆρα
596 2108 642 2134 καὶ
656 2109 772 2144 χορηγὸν
784 2109 834 2145 τῆς
852 2108 983 2141 ζωοποιοῦ

194 2149 309 2184 τροφῆς,
326 2149 464 2186 θαυμάσαι
476 2160 505 2179 τε
519 2152 574 2180 τῶν
587 2153 673 2188 λόγων
689 2154 720 2181 τὺ
736 2154 917 2191 ἀποτέλεσμα,
938 2158 984 2184 καὶ

195 2195 358 2231 κατ’ἀὺτὴν
373 2196 423 2232 τὴν
446 2197 591 2234 πρόχειρον
615 2199 687 2233 λέξιν
710 2199 744 2226 δι’
765 2199 854 2235 ἔργων
868 2200 985 2237 πληρού-

195 2248 290 2274 μενον.
308 2240 382 2267 Ἀντὶ
392 2241 421 2268 δὲ
435 2243 483 2269 τοῦ
493 2251 500 2258 ·
513 2244 540 2270 οί
556 2244 659 2277 πίονες
668 2243 723 2278 τῆς
736 2244 802 2279 γῆς,
813 2245 985 2281 ἡρμήνευσεν

193 2286 209 2312 ὁ
226 2285 382 2322 Σύμμαχος,
402 2288 430 2315 οἱ
452 2289 571 2323 λιπαροὶ
589 2289 645 2324 τῆς
665 2289 731 2324 γῆς.
756 2291 936 2326 Σημαίνονται
956 2292 985 2318 δὲ

193 2329 240 2356 διὰ
255 2330 359 2358 τούτων
384 2332 409 2359 οἱ
433 2333 466 2360 ὲκ
488 2334 538 2368 τῆς
552 2334 678 2370 οὐρανίου
704 2336 809 2371 τροφῆς
834 2336 884 2369 τὰς
900 2337 986 2372 ψυχὰς

194 2376 342 2412 εὐτραφεῖς
355 2377 403 2404 καὶ
414 2378 560 2413 ῥωμαλέοι.
581 2379 651 2407 Ἀλλ’
664 2377 735 2407 οὗτοι
751 2381 800 2417 μὲν
814 2382 927 2416 ἔφαγον
939 2382 986 2409 καὶ

195 2424 443 2457 προσεκύνησαν.
475 2425 583 2461 Ἐπειδὴ
608 2426 637 2453 δὲ
663 2427 703 2453 δεῖ
725 2427 799 2463 αὐτῷ
822 2427 884 2455 πᾶν
909 2429 984 2463 γόνυ

195 2468 313 2504 κάμψαι
330 2469 517 2505 ἐπουρανίων
538 2473 588 2500 καὶ
611 2474 748 2509 ἐπιγείων
767 2475 816 2502 καὶ
841 2478 984 2511 καταχθο-

194 2515 279 2547 νίων,
306 2516 419 2549 εἰκότως
437 2518 502 2553 ἑξῆς
523 2520 701 2547 ἐπισυνάπτει
723 2521 823 2555 λέγων’
845 2521 984 2549 Ἐνώπιον

196 2560 290 2587 αὑτοῦ
308 2563 554 2596 προσπεσοῦνται
573 2564 684 2598 πάντες
707 2567 735 2593 οί
755 2567 984 2601 καταϐαίνοντες

197 2607 240 2640 είς
254 2606 331 2642 γῆν·
351 2609 409 2636 ἀνθ’
431 2606 463 2637 οὗ
479 2610 494 2636 ὁ
520 2611 568 2646 μὲν
590 2611 721 2644 Ἀκύλας·
749 2615 802 2647 Είς
825 2615 985 2648 πρόσωπον

196 2653 289 2680 enitor")
316 2654 473 2690 κάμψουσι
497 2656 609 2690 πάντες
630 2659 656 2684 ol
685 2660 916 2692 καταϐαίνοντες
942 2660 1004 2693 εἰς’

196 2700 285 2735 χοῦν,
301 2701 441 2729 ἐκδέδωκε.
457 2703 553 2737 Σαφῶς
568 2704 595 2730 δὲ
611 2704 653 2731 διὰ
669 2705 771 2733 τούτων
785 2707 831 2733 καὶ
849 2707 878 2733 τὺ
893 2706 986 2742 σχῆμα

195 2747 250 2773 τῶν
262 2747 327 2781 γρνυ
340 2748 485 2775 κλινόντων
503 2750 532 2776 ἐν
544 2751 577 2785 τῇ
598 2750 745 2787 Ἐκκλησία
763 2752 810 2779 τοῦ
832 2753 900 2779 Θεοῦ
918 2762 987 2789 παρ-

198 2792 317 2825 totum,
329 2794 359 2820 ἐν
398 2794 498 2829 γόνατα
524 2796 673 2830 κλίναντες,
693 2799 739 2825 καὶ
755 2799 789 2825 τὰ
812 2799 925 2834 μέτωπα
948 2800 987 2831 εἰς

197 2838 251 2874 ¹γῆν
266 2840 431 2875 ἐρείσαντες,
443 2842 537 2869 τοῦτον
560 2846 719 2879 προσκυνεῖν
737 2845 847 2873 εἰώθασι
865 2846 910 2873 τὸν
925 2846 987 2881 τρο·-

233 2931 255 2947 ¹ι
276 2929 393 2966 Philipp.
415 2939 449 2964 ll,
470 2931 510 2958 ιυ.

1040 312 1153 340 salutari
1179 312 1281 340 lumine
1303 312 1379 347 ipsos
1397 314 1591 347 eollustranle,
1616 315 1830 344 reminiscentur.

1039 357 1092 386 sibi
1104 358 1247 386 Dominum
1263 367 1334 392 esse,
1354 360 1543 390 universorum
1564 369 1658 390 revera
1673 362 1827 390 dominato-

1040 411 1095 431 rem
1113 412 1118 429 :
1133 404 1177 431 cui
1192 404 1273 431 etiam
1293 404 1409 439 subjecti
1429 411 1507 433 erant
1532 407 1549 432 ii
1576 408 1620 442 qui
1643 408 1676 435 ab
1698 408 1763 442 ipsis
1777 408 1825 436 do-

1039 449 1105 476 mini
1121 450 1327 484 reputabuntur.
1339 451 1406 479 Cum
1422 459 1503 486 porro
1516 451 1621 479 Domini
1635 454 1677 480 sui
1694 454 1825 481 memine-

1038 495 1103 527 rint,
1119 495 1151 522 ad
1170 495 1258 530 ipsum
1273 496 1429 532 confugient
1443 507 1449 524 :
1466 505 1497 525 ac
1513 506 1591 534 quem
1608 500 1683 531 olim,
1701 501 1824 527 inimico-

1039 549 1098 569 rum
1124 541 1231 569 insidiis
1258 543 1458 575 circumventi,
1485 545 1601 572 aversati
1629 551 1708 578 sunt,
1736 547 1823 580 ipsum

1038 592 1187 622 agnoscent
1202 594 1263 615 esse
1278 588 1330 615 sibi
1344 588 1497 623 Dominum,
1516 595 1597 625 alque
1608 591 1641 618 ad
1658 592 1746 626 ipsum
1760 599 1822 618 con—

1038 638 1186 663 vertentur.
1205 634 1238 660 At
1258 642 1291 662 ne
1304 635 1365 670 quis
1386 636 1534 663 arbitretur
1553 637 1580 663 id
1599 637 1632 665 de
1647 637 1760 665 Judaico
1779 646 1825 672 pu-

1038 681 1102 716 pillo
1117 682 1218 709 dictum
1230 704 1236 715 ,
1251 682 1373 717 apposite
1390 681 1517 716 adjicitur
1534 684 1591 710 haec
1609 684 1681 719 apud
1704 684 1823 712 universi

1037 728 1112 755 orbis
1139 728 1262 755 nationes
1280 727 1415 762 implenda
1440 736 1510 755 esse.
1528 729 1564 755 Ac
1582 729 1679 757 deinde
1701 730 1825 757 enimtia-

1038 778 1093 806 tur,
1110 774 1175 809 quid
1193 774 1219 801 in
1235 778 1383 809 conspectu
1399 775 1458 810 ejus
1477 776 1587 803 factura:
1610 776 1665 804 sint
1686 781 1747 811 post
1761 785 1826 804 con-

1038 822 1190 849 versionem
1219 821 1353 849 universze
1382 821 1491 849 familia:
1521 823 1640 857 gentium
1663 832 1669 849 :
1695 830 1743 857 pro
1771 831 1825 858 quo

1040 867 1219 902 Symmachus
1230 873 1255 895 et
1266 867 1373 903 Aquila,
1384 868 1509 895 univcrsre
1521 871 1687 904 cognationes
1697 870 1823 904 gentium,

1038 913 1199 947 ediderunt,
1225 918 1251 941 et
1280 915 1388 950 quidem
1418 915 1562 942 admodum
1593 921 1729 944 accurate.
1760 917 1826 950 Qua:

1036 960 1134 987 etenim
1163 960 1237 987 natio
1262 968 1315 987 nou
1343 961 1448 995 aliquas
1474 961 1650 995 cognationes
1675 961 1773 989 habeat
1792 962 1826 988 ad

1038 1005 1122 1033 Deum
1150 1006 1337 1034 universorum
1364 1007 1528 1035 conversas?
1545 1007 1610 1040 Qua:
1638 1007 1743 1039 civitas,
1765 1008 1825 1041 quis

1038 1051 1125 1085 locus,
1151 1059 1211 1087 qua:
1236 1052 1333 1079 domus
1359 1060 1412 1079 non
1437 1053 1578 1087 quospiam
1605 1052 1699 1079 saltem
1726 1053 1824 1079 habent

1037 1096 1092 1124 Deo
1119 1101 1273 1131 segregatos
1294 1101 1320 1124 et
1339 1098 1457 1125 electos?
1480 1098 1539 1130 Quo
1560 1101 1640 1132 pacto
1661 1101 1750 1124 autem
1773 1098 1825 1124 ilhc

1037 1143 1212 1178 cognationes
1223 1144 1342 1178 gentium
1360 1144 1522 1172 oblivionem
1539 1144 1614 1171 illam
1627 1151 1703 1171 suam
1718 1144 1825 1178 deposi-

1037 1193 1104 1216 tura:
1120 1190 1184 1222 sint,
1200 1195 1225 1218 et
1239 1190 1421 1218 recordatum:
1436 1191 1521 1218 Deum
1537 1192 1742 1224 universorum;
1758 1198 1827 1225 quo-

1037 1236 1118 1263 modo
1132 1236 1195 1264 item
1208 1237 1382 1265 convertendi
1404 1237 1437 1264 ad
1460 1246 1524 1271 cum
1544 1238 1598 1266 sint
1620 1237 1738 1265 universi
1757 1237 1825 1265 ﬁnes

1037 1286 1133 1317 terrm;
1149 1283 1199 1310 sub
1222 1284 1278 1311 hzec
1304 1284 1419 1319 explicat
1436 1285 1479 1312 his
1499 1285 1588 1312 verbis
1604 1294 1610 1312 :
1627 1285 1749 1320 quoniam
1771 1285 1824 1312 Dc-

1038 1329 1101 1356 mini
1121 1334 1159 1356 est
1179 1338 1296 1365 regnum,
1319 1336 1342 1357 et
1366 1331 1419 1365 ipse
1442 1331 1595 1358 dominatur
1610 1332 1734 1366 gentium.
1757 1330 1824 1358 Nam

1037 1375 1083 1409 qui
1100 1375 1163 1402 olim
1182 1376 1331 1404 dominium
1349 1377 1506 1404 obtinebant
1520 1378 1656 1405 dzemones
1671 1380 1751 1412 atque
1767 1376 1825 1403 dia-

1037 1422 1127 1454 bolus,
1142 1422 1198 1456 jam
1215 1423 1336 1458 abrogati
1362 1428 1441 1455 sunt;
1464 1431 1495 1450 ae
1522 1424 1608 1451 solum
1628 1423 1749 1451 omnium
1771 1422 1823 1450 Do—

1038 1468 1103 1495 mini
1117 1468 1163 1496 Dei
1176 1477 1288 1504 regnum
1302 1470 1382 1504 viget.
1399 1469 1499 1497 Ordine
1517 1470 1602 1505 igitur
1612 1477 1643 1497 ac
1654 1477 1825 1504 consequen-

1037 1514 1075 1540 tia
1090 1521 1180 1541 scrmo
1201 1518 1321 1547 constat;
1339 1522 1401 1542 nam
1417 1523 1479 1542 eum
1498 1516 1584 1549 primo
1600 1515 1723 1547 dixisset,
1742 1515 1823 1541 remi-

1037 1559 1185 1592 niscentur;
1213 1561 1351 1594 secundo,
1378 1566 1578 1593 convertentur;
1607 1561 1686 1588 tertio
1715 1561 1823 1588 domum

1037 1606 1140 1640 adjicit,
1157 1606 1315 1633 adorabunt.
1334 1606 1395 1634 [hec
1412 1615 1493 1641 porro
1510 1607 1600 1634 omnia
1614 1607 1748 1640 evenient,
1764 1614 1825 1641 quo-

1037 1652 1109 1679 niam
1126 1651 1231 1680 Domini
1246 1657 1284 1680 est
1300 1660 1417 1687 regnum,
1431 1657 1455 1678 et
1470 1653 1522 1686 ipse
1535 1652 1686 1679 dominatur
1698 1652 1822 1687 gentium.

1072 1740 1153 1769 Vens.
1173 1741 1217 1773 '50,
1236 1742 1279 1768 5|.
1301 1741 1524 1769 Manducaverunt
1538 1747 1559 1768 et
1581 1741 1753 1767 (Idut'at‘et'ttttl
1769 1750 1825 1767 om-

1036 1795 1079 1814 nes
1096 1787 1201 1822 pingues
1220 1791 1312 1819 terrw;
1331 1788 1357 1814 in
1381 1792 1518 1821 conspectu
1543 1787 1599 1819 eius
1621 1787 1713 1813 cadent
1737 1795 1824 1813 omnes

1034 1833 1079 1868 qui
1091 1832 1249 1860 descendunt
1263 1833 1291 1860 in
1307 1837 1414 1861 terram.
1430 1832 1464 1859 Et
1477 1833 1568 1860 anima
1583 1840 1639 1859 mea
1655 1832 1698 1859 illi
1713 1832 1784 1865 vivit,
1801 1837 1824 1859 et

1035 1887 1120 1906 semen
1146 1887 1231 1905 meum
1258 1879 1350 1906 serviet
1371 1879 1432 1914 ipsi.
1466 1877 1587 1913 Singulis
1616 1878 1831 1906 resurrectionis-

1036 1922 1186 1951 Salvatoris
1203 1924 1289 1951 nostri
1308 1923 1414 1955 diebus,
1432 1918 1492 1959 quia
1515 1922 1662 1950 Dominica:
1677 1926 1824 1953 vocantur,

1035 1969 1102 2006 ipsis
1118 1971 1204 1999 oculis
1228 1978 1339 1999 eernere
1362 1974 1404 1998 est
1430 1978 1477 1997 eos
1499 1969 1546 2005 qui
1567 1975 1676 1997 sacrum
1692 1967 1783 1995 cibum
1796 1973 1824 1996 et

1035 2017 1153 2045 salutare
1165 2024 1264 2052 corpus
1277 2016 1424 2052 accipiunt,
1441 2018 1502 2051 post
1517 2014 1606 2050 ipsum
1627 2013 1824 2047 esum,vivifici

1035 2062 1156 2090 alimenti
1176 2062 1332 2098 largitorem
1349 2065 1376 2090 et
1395 2069 1519 2097 promum
1538 2061 1663 2094 adorare,
1679 2064 1761 2097 atque
1774 2062 1825 2088 mi-

1035 2107 1090 2134 rari
1100 2107 1244 2135 verborum
1256 2107 1411 2142 hujusmodi
1422 2113 1558 2138 eventum,
1567 2110 1595 2134 et
1606 2113 1634 2134 re
1644 2110 1729 2141 gesta,
1737 2106 1825 2141 quoad

1035 2152 1184 2187 planiorem
1208 2152 1274 2180 dicti
1294 2152 1471 2185 sententiam,
1492 2151 1632 2187 impletum
1656 2151 1824 2179 vaticinium.

1035 2197 1102 2234 Ejus
1115 2203 1205 2227 autem
1215 2199 1286 2232 loco,
1301 2199 1409 2234 pingues
1425 2203 1512 2231 teme,
1526 2197 1826 2233 Symmachus,sagina-

1037 2250 1077 2273 tos
1093 2250 1188 2278 terrae,
1216 2245 1412 2280 interpretatus
1433 2249 1485 2273 est.
1508 2244 1611 2280 Hisque
1637 2244 1791 2271 indicantur
1807 2244 1825 2270 ii

1037 2291 1084 2326 qui
1093 2299 1124 2319 ex
1134 2291 1238 2319 cmlesti
1249 2291 1322 2322 cibo.
1331 2291 1420 2326 opima
1432 2291 1531 2319 mentis
1543 2290 1701 2318 habitudine
1716 2297 1748 2317 ac
1759 2290 1827 2317 viri-

1039 2338 1091 2366 bus
1106 2338 1205 2366 valent.
1218 2337 1271 2366 Sed
1288 2338 1314 2365 hi
1329 2337 1438 2373 quidem
1453 2337 1675 2364 manducaverunt
1687 2341 1712 2363 et
1727 2336 1827 2364 adora-

1039 2389 1139 2412 t'erunt.
1152 2384 1286 2418 Quoniam
1302 2392 1366 2417 vero
1390 2391 1459 2419 opus
1479 2388 1521 2411 est
1544 2387 1574 2410 ut
1594 2383 1646 2417 ipsi
1669 2390 1744 2410 omne
1759 2391 1833 2418 genui

1037 2430 1159 2465 ﬂectatur
1171 2430 1322 2462 cmlestium,
1336 2430 1497 2457 terrestrium
1509 2433 1533 2455 et
1545 2428 1708 2462 infernarum
1720 2429 1754 2460 ’°,
1765 2428 1827 2464 jure

1037 2480 1129 2511 postea
1143 2476 1261 2509 additur,
1284 2476 1312 2502 in
1329 2480 1467 2510 conspectu
1492 2474 1549 2509 ejus
1568 2473 1661 2501 cadent
1678 2482 1767 2501 omnes
1781 2477 1826 2510 qni

1038 2522 1196 2550 descendunt
1212 2523 1239 2549 in
1254 2528 1351 2550 terram
1372 2530 1380 2548 :
1403 2529 1451 2556 pro
1474 2528 1529 2555 quo
1553 2520 1662 2555 Aquila,
1678 2521 1705 2548 in
1727 2521 1826 2548 uultum

1037 2569 1093 2603 ejus
1108 2568 1211 2601 ﬂectant
1230 2576 1257 2594 se
1281 2575 1368 2594 omnes
1387 2566 1431 2601 qui
1456 2565 1614 2593 descendunt
1634 2565 1662 2592 in
1684 2564 1824 2599 pulverem.

1039 2614 1121 2646 Queis
1138 2613 1284 2642 manifeste
1300 2620 1394 2640 eorum
1414 2611 1460 2647 qui
1482 2612 1509 2639 in
1535 2611 1657 2639 Ecclesia
1677 2610 1724 2638 Dei
1738 2617 1825 2645 genua

1039 2659 1152 2686 ﬂectunt
1167 2666 1270 2686 morem
1284 2658 1406 2685 declarat
1421 2666 1427 2683 ι
1445 2656 1481 2683 ibi
1504 2657 1577 2684 enim
1601 2662 1689 2692 genua
1715 2654 1828 2681 flecten—

1039 2708 1091 2737 tes,
1107 2708 1189 2740 atque
1210 2704 1345 2731 frontibus
1363 2703 1420 2731 suis
1440 2706 1519 2730 terra:
1539 2702 1739 2732 incumbentes,
1755 2699 1828 2726 hunc

1040 2751 1170 2779 adorandi
1187 2751 1268 2778 ritum
1284 2754 1402 2777 servant.
1418 2748 1519 2776 Deinde
1541 2748 1679 2782 adjicitur,
1696 2751 1720 2774 et
1737 2746 1829 2772 anime

1041 2807 1096 2826 mea
1111 2797 1152 2824 illi
1167 2797 1239 2829 vivit,
1259 2801 1282 2823 et
1298 2803 1385 2823 semen
1402 2803 1486 2823 meum
1506 2795 1597 2822 serviet
1614 2794 1673 2829 ipsi.
1691 2793 1757 2827 Qum
1770 2793 1827 2820 cla-

1040 2846 1097 2873 rius
1132 2842 1311 2880 Symmachus
1337 2843 1393 2870 hzcr‘
1423 2850 1475 2869 una
1504 2842 1633 2877 capularis
1664 2841 1819 2875 interpreti»
