2056 3214
286 202 339 230 215

604 201 737 229 EUSEBII
757 201 997 229 CA'ISARIENSIS
1016 200 1091 229 OPP.
1110 199 1202 227 PARS
1222 199 1266 226 Ill.
1286 214 1320 219 —
1336 197 1534 227 EXEGETICA.

1850 198 1902 226 216

287 265 342 292 tur,
357 263 418 286 ante
431 259 515 294 ipsum
534 265 617 293 genua
637 258 739 292 [lactent
753 267 839 286 omnes
853 259 897 294 qui
913 257 1057 286 descendun

1121 265 1180 284 πον.
1195 254 1251 283 Εἶθ’
1266 256 1329 291 ἑξῆς
1343 255 1466 291 εἴρηται·
1481 255 1534 282 Καὶ
1547 255 1567 290 ἠ
1583 255 1666 289 ψυχή
1682 263 1738 287 μου
1760 253 1840 287 αὑτῴ
1852 252 1884 288 ζῇ
1894 261 1901 268 ·

285 307 312 332 in
341 310 459 332 terram:
484 303 559 338 cujus
582 303 671 330 anima
683 304 757 336 vivet,
781 312 867 331 semen
892 309 979 331 autem
1004 304 1069 331 calet

285 353 381 384 ipsum.
401 350 442 377 Illi
465 357 570 380 omnes,
588 349 690 384 inquit,
717 350 924 385 procumbentes
939 353 966 377 et
982 357 1069 385 genua

284 398 421 425 ﬂectentes
435 397 598 429 adorabunt,
614 396 712 432 quibus
723 404 786 431 spes
802 400 844 424 est
867 401 895 423 ut
916 397 1005 423 anima
1027 396 1069 422 vi-

284 447 338 478 vat,
352 447 380 471 et
392 451 509 478 quorum
526 451 618 470 semen
630 443 699 470 colet
714 442 814 477 ipsum.
832 441 909 475 Quod
922 443 944 470 si
960 442 1022 477 quis
1035 449 1068 469 ex

283 498 399 526 persona
430 490 579 517 Salvatoris
605 489 663 516 hanc
693 489 767 516 dicta
789 489 853 516 velit
879 488 1020 523 excipere,
1042 493 1068 515 et

282 538 372 564 anima
391 545 450 563 mea
465 535 506 562 illi
522 535 593 569 uiuit,
615 535 764 562 secundum
780 534 932 562 versionem
950 533 1067 569 Septua—

282 584 354 618 ginta
377 581 571 616 lnterpretum;
597 585 625 608 et
651 581 735 613 illud,
757 588 841 608 semen
868 588 951 607 meum
975 580 1067 607 serviet

282 630 349 663 ipsi;
365 629 388 656 is
404 628 477 655 dicat
495 628 552 655 haec
571 636 586 654 a
605 626 746 654 Salvatore
767 627 948 662 pronuntiari,
963 627 1009 661 qui
1024 631 1065 653 to-

282 681 338 701 tum
355 675 427 702 hunc
439 675 571 710 psalmum
586 674 620 702 de
634 674 752 708 qualibet
771 674 861 700 anima
880 673 932 701 sibi
947 672 1064 705 addicta,

281 728 385 747 necnon
399 720 433 747 de
442 720 544 748 semine
560 719 780 754 suo,protulerit.
794 718 891 746 Semen
906 721 996 745 autem
1006 717 1066 752 ejus

281 765 416 799 quodnam
433 773 494 794 esse
508 766 620 797 dixeris,
635 765 687 793 nisi
705 773 752 793 eos
767 765 813 801 qui
828 765 879 799 ipsi
895 772 942 800 per
955 771 1066 799 genera-

281 813 382 840 tionem
395 812 512 848 Spiritus
529 813 615 840 sancti
634 812 680 839 lilii
697 812 749 839 orti
769 814 854 844 sunt;
870 811 917 846 qui
934 818 995 838 cum
1015 809 1066 837 Pa-

280 863 348 886 trem
378 859 437 892 ejus
463 859 606 891 coluerint,
633 862 762 886 aeternam
786 866 818 885 ac
846 858 953 885 beatam
981 857 1064 884 vitam

279 909 492 940 consequentur.

1119 303 1168 330 καί
1188 303 1221 329 τὸ
1237 302 1355 337 σπέρμα
1371 311 1430 336 μου
1448 301 1606 328 δουλεύσει
1617 299 1705 333 αὐτῷ.
1724 301 1757 327 '0
1775 299 1807 335 δὴ
1822 299 1903 334 σαφέ-

1120 358 1213 385 στερον
1225 350 1395 385 ἡρμήνευσεν
1408 349 1422 375 6
1435 349 1580 384 Σύμμαχος
1597 347 1718 382 συνάψας
1734 347 1780 374 καὶ¹
1800 346 1884 373 εἰπών
1893 354 1901 362 ι

1121 398 1309 430 Ἐμπροσθεν
1322 395 1414 422 αὐτοῦ
1429 395 1617 422 dudum-(nr
1627 393 1756 425 ἅπαντες
1769 394 1796 420 οι
1814 400 1903 419 κατα-

1118 443 1271 475 ϐαίνοντες
1287 442 1330 474 είς
1346 441 1446 468 κόνιν·
1465 438 1500 468 οὗ
1521 441 1540 474 ἠ
1561 439 1647 474 ψυχὴ
1664 438 1761 472 (ilva,
1783 438 1901 472 σπέρμα

1117 488 1152 515 δὲ
1165 488 1322 522 λατρεύσει
1335 486 1423 519 αὐτῷ.
1437 487 1540 518 Πάντες
1549 485 1603 520 γὰρ
1613 485 1699 516 αὐτοὶ,
1714 484 1804 519 φησὶν,
1820 483 1900 510 ὀκλά-

1118 543 1230 566 σαντες,
1259 533 1305 560 καὶ
1327 533 1390 567 γόνυ
1420 532 1559 563 κλίναντες
1585 531 1833 567 προσκυνήσουσιν·
1863 526 1899 556 ὦν

1117 581 1194 612 ἐλπὶς
1207 580 1336 617 ζήσεσθαι
1347 580 1396 615 τὴν
1408 579 1506 615 ψυχὴν,
1520 580 1567 606 καὶ
1577 575 1614 605 ὧν
1623 578 1653 605 τὺ
1666 578 1775 612 σπέρμα
1788 576 1900 613 λατρεύ-

1118 635 1158 653 σει
1172 626 1255 661 αὐτῷ.
1270 627 1302 652 Ei
1322 625 1350 652 δὲ
1369 625 1402 652 ἐκ
1417 625 1561 661 προσώπου
1576 624 1621 651 τοῦ
1636 624 1759 658 λέγοντος
1775 622 1899 658 Σωτῆρος

1117 671 1237 708 βούλοιτό
1248 680 1289 703 τις
1305 671 1419 698 ἀκοῦσαι
1435 671 1478 697 τό·
1495 671 1551 698 Kal
1566 671 1584 704 ὴ
1596 669 1680 704 ψυχή
1693 678 1752 704 μου
1766 667 1846 701 αὑτῷ
1855 667 1898 701 ζῇ,

1116 717 1186 744 κατὰ
1212 718 1261 753 τὴν
1288 718 1342 744 τῶν
1376 717 1573 752 Ἑϐδομήκοντα
1596 715 1759 751 ἑρμηνείαν·
1783 714 1841 747 καὶ,
1865 713 1898 740 Τὸ

1115 764 1233 799 σπέρμα
1250 772 1308 798 μου
1323 763 1480 790 δουλεύσει
1497 763 1591 796 αὐτῷ’
1615 761 1686 788 εἴποι
1701 760 1735 788 ἄν
1755 759 1840 787 ταῦτα
1855 759 1898 786 λέ-

1115 809 1209 844 γεσοαι
1224 809 1276 835 ὑπὸ
1295 808 1342 835 τοῦ
1360 809 1495 844 Σωτῆρος,
1518 807 1610 834 τοῦτον
1631 807 1718 834 πάντα
1737 805 1782 832 τὸν
1794 803 1899 840 ψαλμὸν

1114 855 1256 888 διεξιόντος
1267 855 1331 890 περὶ
1351 855 1440 891 πάσης
1456 853 1545 889 ψυχῆς
1559 853 1632 888 αὐτῷ
1647 851 1837 887 ἀνακειμένης,
1851 849 1898 876 καὶ

1115 900 1237 937 περὶτοῦ
1251 900 1334 927 αὑτοῦ
1349 899 1514 936 σπέρματος.
1530 898 1644 934 Σπέρμα
1665 898 1694 925 δὲ
1717 896 1798 924 αὑτοῦ
1819 896 1845 922 τί
1865 895 1899 923 ἂν

277 951 390 987 εἴποιςῆ
412 952 474 983 τοὺς
487 951 530 978 διὰ
547 953 697 987 γεννήσεως
712 952 788 986 ἁγίου
811 951 879 978 Πνεύ
884 959 967 987 ματος
985 948 1170 984 γεννωμένους
1189 946 1263 982 αὐτῷ
1275 947 1358 978 υἱοὺς,
1370 946 1394 972 οἳ
1405 946 1451 972 καὶ
1465 944 1655 977 δουλεύσαντες
1666 943 1705 980 τῷ
1718 942 1799 971 αὐτοῦ
1810 943 1897 977 Πατρὶ

276 997 326 1032 τῆς
336 996 443 1023 αἰωνίου
458 997 505 1023 καὶ
520 997 656 1032 μακαρίας
669 996 742 1031 ζωῆς
758 996 931 1031 μεθέξουσιν;

313 1042 393 1070 Vens.
412 1042 457 1070 52.
481 1042 691 1069 Annuutiabilur
715 1041 827 1069 Domino
847 1042 980 1077 generatio
1003 1049 1057 1068 vero

1155 1035 1397 1070 Ἁνατγελήσεται
1418 1033 1458 1067 τῷ
1482 1034 1578 1068 Κυρίῳ
1594 1033 1679 1068 γενεὰ
1703 1034 1722 1067 ἡ
1740 1034 1895 1069 ἐρχομένη,

276 1094 348 1123 tura,
360 1095 385 1116 et
404 1089 599 1116 annuntiabunt
616 1089 674 1115 mli
688 1088 821 1123 justitiam
833 1088 890 1123 ejus
908 1087 1003 1122 populo
1018 1087 1062 1122 qui

276 1139 407 1165 nascetur,
421 1142 496 1169 quem
519 1133 579 1167 fecit
602 1132 742 1160 Dominus.
764 1133 913 1168 Postquam
936 1131 1062 1159 Servatur

276 1187 368 1207 semen
383 1187 463 1208 suum
478 1179 638 1207 memoravit
657 1179 700 1206 his
714 1179 814 1212 verbis,
835 1183 859 1205 et
876 1186 962 1205 semen
976 1185 1061 1204 meum

275 1227 367 1253 ueniet
379 1226 440 1261 ipsi,
453 1225 589 1261 quodnam
607 1224 672 1253 illud
690 1232 783 1253 semen
806 1225 842 1252 sit
865 1224 948 1259 probe
964 1222 1059 1258 aperit,

274 1280 336 1300 cum
359 1273 562 1309 generationem
585 1276 737 1304 venturam,
760 1275 787 1299 et
807 1271 936 1306 populum
952 1269 998 1305 qui
1012 1276 1060 1297 na-

273 1322 366 1344 scetur
380 1321 585 1345 commemorat.
603 1316 835 1350 Quemadmodum
859 1316 930 1343 enim
945 1322 1005 1350 quae
1019 1314 1061 1350 gi~

274 1367 394 1398 gnuntur
409 1371 441 1391 ex
456 1363 560 1391 semine
585 1363 691 1390 initium
713 1362 861 1392 exsistendi
883 1362 995 1395 ducunt,
1013 1369 1060 1389 eo-

272 1409 332 1437 dem
348 1417 461 1444 prorsus
478 1409 561 1437 modo
573 1409 745 1437 nasciturum
759 1409 889 1444 populum
904 1413 930 1436 et
945 1416 1058 1444 genera-

273 1457 374 1483 tionem
388 1460 541 1488 venturam,
557 1464 655 1484 novam
672 1456 778 1484 scilicet
800 1463 833 1483 ac
859 1460 1006 1488 recentem,
1025 1463 1058 1483 ex

273 1503 347 1530 nullo
363 1502 470 1530 initium
488 1507 663 1538 accepturam
686 1502 817 1536 declarat,
843 1502 896 1529 nisi
918 1509 952 1530 ex
975 1502 1058 1530 ratio-

271 1549 325 1576 nali
346 1549 450 1577 semine
474 1557 535 1581 suo,
549 1549 620 1584 quod
640 1549 699 1584 ipse
717 1556 839 1584 praesens
857 1556 906 1584 per
920 1549 1057 1583 apostolos

272 1595 298 1620 in
325 1598 397 1622 terra
423 1595 627 1629 disseminabat,
640 1596 766 1624 videlicet
793 1595 919 1631 spiritum
934 1595 1057 1630 adoptio-

272 1641 324 1668 nis.
353 1641 424 1669 Loco
447 1642 538 1674 illius,
564 1641 766 1668 annuntiabitur
788 1641 902 1668 Domino
923 1641 1056 1676 generatio

271 1692 390 1721 uentura,
401 1688 500 1714 mirum
515 1688 542 1714 in
562 1687 672 1715 modum
693 1687 882 1723 Symmachus,
896 1687 1056 1714 describetur

273 1711 390 1721 ”⁷““’“’“’⁷⁷
403 1711 448 1714 ”’”““
458 1711 500 1714 ““““
515 1711 542 1714 “““
562 1711 672 1715 ““”“’““’“’”
693 1711 882 1723 ’⁷1”““-’““¹’⁴’“”’
897 1711 1049 1714 ”“⁷⁷““⁷⁷”””
1069 1711 1090 1739 C

271 1735 297 1761 in
323 1733 390 1761 libro
411 1733 532 1762 Domino.
560 1733 692 1761 Futurum
716 1738 776 1761 erat
798 1739 828 1761 ut
849 1734 1056 1761 annuntiaretur

271 1780 410 1815 generatio
424 1783 536 1806 ventura
548 1789 556 1812 ;
572 1780 638 1814 quin
652 1779 733 1807 etiam
750 1778 866 1806 Domino
879 1786 1056 1806 consecrare-

270 1831 316 1852 tur
335 1826 403 1853 liber
418 1826 566 1861 prophetis:
585 1826 619 1853 de
642 1826 817 1861 generatione
842 1828 959 1853 ventura
974 1833 1006 1853 ac
1023 1825 1056 1853 de

271 1873 369 1907 popqu
388 1873 540 1900 nascituro.

462 1929 625 1957 PSALMUS
658 1928 762 1957 DAVID
791 1928 876 1956 XXII.

304 1988 385 2015 Vens.
405 1989 432 2021 l,
449 1988 477 2016 2.
493 1989 621 2015 Dominus
631 1988 716 2022 pascit
733 1995 782 2020 me,
798 1991 824 2014 et
839 1985 906 2013 nihil
923 1986 988 2013 mihi
1005 1985 1053 2014 de-

267 2035 328 2067 erit,
343 2035 370 2061 in
386 2034 442 2062 loco
456 2043 562 2068 pascuae
577 2033 613 2060 ibi
633 2042 674 2060 me
688 2033 835 2060 collocavit.
860 2032 945 2067 Super
956 2041 1053 2068 aquam

267 2080 416 2114 refectionis
437 2079 556 2106 educavit
585 2088 640 2111 me,
656 2080 773 2106 animam
798 2087 884 2106 meam
913 2078 1050 2106 convertit.

271 2124 382 2151 Deduxi!
396 2133 444 2151 me.
462 2123 559 2152 Ovium
579 2125 701 2152 conditio
717 2132 767 2153 ceu
784 2125 890 2152 medius
910 2129 998 2152 status
1009 2129 1051 2152 est

266 2171 338 2198 inter
360 2170 541 2206 pcrfectorum
567 2178 756 2206 progressum,
782 2175 809 2199 et
832 2179 925 2198 eorum
949 2175 1050 2198 statum

265 2217 312 2251 qui
329 2224 391 2244 cum
412 2217 440 2243 in
459 2215 595 2251 profundo
614 2216 742 2250 nequitia:
765 2217 971 2252 provolvantur,
989 2216 1050 2244 ideo

267 2261 409 2297 reptilibus
424 2262 546 2297 ferisque
558 2263 712 2297 agrestibus
734 2266 939 2298 comparantur.
955 2261 1049 2289 Perfe-

264 2312 325 2336 ctus
343 2316 460 2343 namque
484 2308 527 2335 vir
547 2308 571 2335 is
598 2308 690 2342 fuerit,
713 2308 793 2343 cujus
811 2308 901 2335 anima
927 2308 959 2335 ad
980 2308 1047 2335 ima-

264 2356 352 2389 ginem
372 2360 399 2382 et
420 2355 627 2383 similitudinem
640 2355 686 2382 Dei
704 2355 786 2386 laeta,
804 2355 927 2382 moribus
942 2355 974 2381 ad
993 2354 1046 2381 vir-

263 2403 347 2427 tutem
372 2401 542 2428 concinnatis
570 2399 700 2436 insignita
720 2404 761 2427 est
781 2409 786 2426 :
810 2399 855 2434 qui
883 2399 1043 2432 Dominum,
1060 2395 1082 2422 Ι)

263 2453 353 2480 regem
370 2447 433 2478 sibi,
452 2456 506 2474 non
523 2451 674 2482 pastorem,
696 2446 830 2474 inscribit.
855 2445 906 2479 Qui
927 2453 992 2473 vero
1011 2453 1043 2473 ex

262 2491 418 2525 lmjusmodi
436 2497 507 2520 statu
524 2493 663 2528 delapsus,
681 2496 708 2520 et
723 2492 769 2527 qui
787 2493 896 2527 proprio
910 2500 942 2519 ac
959 2491 1044 2520 libero

261 2538 410 2564 voluntatis
432 2539 545 2566 arbitrio
565 2539 591 2565 in
616 2537 719 2566 ferinos
745 2545 835 2565 mores
862 2541 1043 2565 commutatus

261 2587 313 2618 est,
328 2583 352 2611 is
366 2584 463 2610 merito
476 2592 562 2619 equus
574 2585 745 2613 eﬂ‘eminatus
757 2588 878 2616 vocetur,
892 2584 948 2611 sive
963 2585 1044 2619 lupus

261 2636 356 2664 rapax.
374 2628 530 2657 Istiusmodi
546 2635 635 2658 autem
649 2630 784 2663 homines,
801 2633 952 2663 serpentes,
969 2629 1045 2664 geni-

260 2674 333 2702 mina
349 2675 503 2710 viperarum
514 2695 522 2707 ,
541 2683 651 2709 porcos,
674 2684 767 2708 canes,
789 2676 888 2711 vulpes
901 2675 1044 2709 Scriptura

260 2720 330 2748 solet
346 2720 493 2755 appellare.
516 2719 568 2753 Qui
581 2728 643 2748 vero
658 2729 690 2748 ex
704 2721 756 2748 hac
771 2721 871 2747 misera
887 2719 1043 2747 conditione

259 2766 288 2793 in
306 2767 445 2793 meliorem
470 2773 500 2794 se
522 2766 627 2800 frugem
656 2767 801 2801 recipiunt,
827 2770 884 2793 tum
906 2765 985 2801 quasi
1008 2765 1041 2793 ad

260 2812 413 2847 ingressum
432 2819 464 2840 ac
482 2808 647 2839 vestibulum
670 2811 767 2840 divina
789 2812 954 2848 cognitionis
978 2819 1042 2847 pro-

259 2860 361 2895 gressi,
377 2867 441 2888 oves
455 2859 499 2887 Dei
520 2860 582 2896 jure
600 2864 793 2894 nuncupentur
807 2870 814 2887 :
831 2860 863 2887 ad
878 2859 1039 2894 perfectiora

300 2941 333 2975 (l)
351 2940 378 2968 In
396 2940 528 2968 llebrnieo
542 2940 651 2975 legitur,
669 2931 745 2970 um'a
769 2944 847 2967 12D”.

1112 1082 1161 1109 καὶ
1175 1081 1375 1116 drum-elome
1388 1080 1444 1115 τὴν
1456 1080 1655 1114 δικαιοσύνην
1672 1080 1764 1107 αὐτοῦ
1779 1080 1843 1113 ,1αῷ
1857 1081 1896 1114 τῷ

1111 1126 1330 1161 τεχθησομένῳ,
1341 1126 1378 1153 ὃν
1387 1127 1531 1160 ἐποίησεν
1542 1128 1558 1154 ὃ
1570 1126 1687 1160 Κύριος.
1703 1127 1897 1162 Προονομάσας

1113 1173 1223 1209 σπέρμα
1237 1172 1317 1199 αὑτοῦ
1335 1173 1349 1199 6
1360 1172 1455 1208 Σωτὴρ
1470 1173 1499 1198 ὲν
1514 1172 1567 1207 τῷ·
1582 1172 1637 1200 Καὶ
1650 1172 1684 1199 τὸ
1698 1172 1818 1208 σπέρμα
1835 1182 1895 1208 μου

1110 1219 1269 1246 δουλεύσει
1284 1218 1376 1251 αὐτῷ·
1391 1218 1418 1245 τί
1432 1227 1497 1245 ποτε
1512 1218 1554 1253 εἴη
1567 1218 1645 1244 τοῦτο
1655 1218 1685 1245 τὸ
1711 1218 1820 1255 σπέρμα
1839 1219 1896 1246 δια-

1112 1266 1202 1301 σαφεῖ,
1217 1265 1312 1300 γενεὰν
1329 1265 1480 1301 ἐρχομένην
1497 1265 1636 1301 ὀνομάζων
1656 1265 1704 1292 καὶ
1717 1265 1780 1293 λαὸν
1799 1266 1895 1302 τεχθη-

1111 1312 1232 1347 σόμενον.
1250 1312 1355 1347 ’Ὠσπερ
1368 1311 1422 1346 γὰρ
1434 1311 1469 1338 τὰ
1482 1311 1647 1347 γεννώμενα,
1663 1311 1717 1339 ἀπὸ
1731 1313 1894 1348 σπερμάτων

1109 1356 1158 1392 τὴν
1172 1356 1258 1392 ἀρχὴν
1273 1356 1324 1391 τῆς
1337 1356 1512 1388 ὑποστάσεως
1527 1356 1669 1392 λαμϐάνει,
1682 1357 1727 1384 τὸν
1737 1357 1819 1385 αὐτὸν
1832 1359 1895 1394 τρό-

1110 1410 1160 1428 πον
1171 1401 1216 1428 τὸν
1227 1400 1422 1437 τεχθησόμενον
1439 1401 1503 1428 λαὸν
1522 1402 1568 1428 καὶ
1584 1402 1633 1438 τὴν
1654 1402 1833 1438 ἐλευσομένην
1845 1412 1892 1438 γε·

1109 1450 1181 1482 νεὰν,
1199 1450 1261 1477 νέαν
1275 1448 1356 1477 οὖσαν
1380 1449 1427 1476 καὶ¹
1453 1450 1565 1486 καινὴν,
1586 1449 1735 1485 οὐδαμόθεν
1758 1449 1829 1482 ἕξειν
1844 1449 1892 1485 τὴν

1108 1496 1195 1533 ἀρχὴν
1208 1497 1371 1532 παρίστησιν
1381 1495 1437 1522 ἀλλ’
1450 1496 1467 1531 ἢ
1482 1496 1514 1522 ἐκ
1528 1495 1582 1522 τῶν
1593 1495 1674 1522 αὑτοῦ
1685 1495 1800 1530 λογικῶν
1811 1504 1892 1531 σπερ-

1110 1541 1211 1577 μάτων,
1224 1538 1261 1568 ὧν
1278 1542 1325 1568 ἐπὶ
1338 1542 1390 1577 γῆς
1403 1541 1497 1578 παρὼν
1511 1541 1689 1569 κατεϐάλλετο
1702 1541 1746 1568 διὰ
1758 1541 1812 1568 τῶν
1825 1541 1891 1570 ἀπο-

1109 1587 1208 1614 στόλων
1220 1587 1313 1619 αὑτοῦ,
1324 1587 1354 1614 τὸ
1368 1587 1475 1623 πνεῦμα
1486 1587 1534 1623 τῆς
1545 1587 1687 1619 υἱοθεσίας.
1703 1587 1774 1614 Ἀντὶ
1786 1587 1814 1614 δὲ
1825 1587 1872 1615 τοῦ
1881 1595 1889 1603 ·

1115 1633 1359 1668 Ἀναγτιελήσεται
1374 1633 1414 1666 τῷ
1424 1634 1521 1667 Κυρίῳ
1531 1633 1617 1668 γενεὰ
1626 1633 1645 1667 ή
1659 1633 1813 1668 ἐρχομένη,
1827 1634 1891 1669 σφό-

1108 1678 1158 1714 δρα
1181 1678 1343 1714 θαυμαστῶς
1365 1679 1379 1705 6
1400 1679 1563 1714 Σύμμαχος·
1591 1679 1839 1714 Ἀναγραφήσεται
1857 1680 1892 1707 ἐν

1103 1724 1212 1758 ,βιϐλίῳ
1233 1724 1273 1758 τῷ
1291 1725 1389 1759 Κυρίῳ
1414 1725 1464 1760 (l).
1484 1725 1618 1761 Ἧμελλεν
1640 1725 1850 1760 ἀναγγέλλεσθαι
1873 1727 1889 1762 ἠ

1105 1769 1186 1804 γενεὰ
1206 1771 1223 1806 ἡ
1248 1770 1395 1806 ὲρχομένη¹
1415 1770 1472 1798 ἀλλ’
1495 1771 1707 1806 ἀνατεθήσεσθαι
1731 1771 1770 1807 τῷ
1796 1772 1890 1808 Κυρίῳ

1105 1816 1194 1851 βίϐλος
1208 1818 1375 1853 προφητείας
1392 1818 1455 1854 περὶ
1473 1818 1524 1853 τῆς
1539 1819 1635 1853 γενεᾶς
1654 1819 1704 1855 τῆς
1729 1819 1888 1856 ἐρχομένης,

1105 1863 1151 1889 καὶ
1164 1863 1211 1890 τοῦ
1228 1864 1429 1899 τεχθησομένου
1443 1864 1518 1891 λαοῦ.

1291 1932 1436 1959 ΨᾹΛΜΟΣ
1457 1933 1499 1959 TD
1518 1933 1618 1959 ΔΑΥΙΔ
1638 1933 1701 1959 KB’.

1138 1989 1245 2023 Κύριος
1261 1990 1406 2024 ποιμαίνει
1421 1998 1469 2024 με,
1482 1990 1531 2016 καί
1548 1990 1638 2017 οὐδέν
1651 1998 1689 2024 με
1708 1989 1886 2024 ὑστερήσει·

1101 2036 1145 2068 είς
1164 2036 1258 2062 τόπον
1283 2035 1380 2070 χλόης
1408 2035 1473 2062 ἐκεῖ
1500 2044 1539 2070 με
1565 2034 1814 2070 κατεσκήνωσεν,·
1838 2035 1887 2062 ἐπὶ

1101 2081 1209 2114 ὕδατος
1222 2081 1418 2115 ἀναπαύσεως
1430 2081 1571 2116 ἐξέθρεψέ
1578 2090 1616 2116 με
1624 2088 1631 2096 ·
1643 2081 1700 2116 τὴν
1711 2081 1816 2116 ψυχήν
1828 2090 1888 2116 μου

1099 2127 1294 2161 ἐπέστρεψεν.
1317 2127 1464 2163 Ὧδήγησέ
1484 2136 1532 2162 με.
1556 2128 1632 2164 Μέση
1655 2128 1783 2162 τυγχάνει
1804 2128 1888 2155 κατά-

1101 2182 1194 2205 στασις
1207 2174 1222 2209 ἡ
1235 2173 1289 2200 τῶν
1302 2173 1444 2210 προϐάτων
1454 2174 1503 2209 τῆς
1516 2182 1546 2200 τε
1560 2173 1614 2200 τῶν
1625 2173 1734 2200 τελείων
1748 2173 1887 2209 προκοπῆς

1099 2219 1145 2245 καὶ
1158 2218 1211 2245 τῶν
1225 2219 1252 2245 ἐν
1264 2218 1337 2254 βυθῷ
1350 2218 1449 2251 κακίας
1462 2218 1685 2254 καλινδουμένων,
1695 2218 1741 2245 καὶ
1754 2218 1798 2245 διὰ
1807 2218 1886 2245 τοῦτο

1098 2265 1223 2300 ἑρπετοῖς
1240 2264 1285 2291 καὶ
1310 2264 1414 2301 θηρίοις
1441 2265 1547 2301 ἀγρίοις
1570 2264 1826 2300 παραϐαλλομένων.
1855 2264 1885 2291 ’0

1099 2309 1148 2345 μὲν
1163 2309 1217 2345 γὰρ
1233 2309 1334 2341 τέλειος
1347 2310 1444 2344 γένοιτ’
1461 2310 1494 2337 ἂν
1517 2311 1531 2337 6
1554 2310 1625 2338 κατὰ
1644 2311 1694 2346 τὴν
1718 2310 1810 2337 είκόνα
1837 2310 1884 2337 τοῦ

1097 2354 1164 2380 Θεοῦ
1180 2355 1227 2381 καὶ
1246 2354 1296 2390 τὴν
1314 2355 1444 2391 ὁμοίωσιν
1465 2355 1547 2382 αὐτοῦ
1570 2355 1620 2391 τὴν
1643 2355 1730 2391 ψυχὴν
1751 2357 1807 2387 τοῖς
1825 2356 1884 2382 κατ’

1097 2400 1195 2436 ἀρετὴν
1206 2401 1317 2436 τρόποις
1324 2401 1630 2437 κεχαρακτηρισμένοις·
1641 2402 1654 2428 ὁ
1664 2402 1710 2428 καὶ
1721 2401 1832 2436 βασιλέα
1839 2401 1884 2429 τὸν

1098 2446 1209 2482 Κύριον,
1217 2446 1274 2473 ἀλλ’
1282 2447 1312 2473 οὐ
1321 2447 1438 2483 ποιμένα
1451 2448 1667 2484 ἐπιγραφόμενος
1677 2457 1683 2463 -
1695 2449 1709 2475 ό
1718 2448 1746 2474 δὲ
1759 2447 1884 2474 ἐκπεσὼν

1097 2492 1208 2528 ταύτης,
1220 2492 1248 2526 ἐξ
1263 2493 1490 2529 αὐτοπροαιρέτου
1500 2494 1527 2521 δὲ
1538 2493 1702 2530 διαστροφῆς
1714 2493 1760 2520 ἐπὶ
1772 2494 1822 2529 τὴν
1836 2493 1884 2528 θη-

1099 2538 1179 2575 ριώδη
1190 2539 1399 2575 μεταϐεϐληκὼς
1410 2540 1476 2574 ἕξιν,
1489 2540 1571 2572 ἵππος
1581 2539 1738 2576 θηλυμανὴς
1748 2540 1884 2576 χρηματί-

1097 2593 1137 2611 σοι
1147 2585 1189 2618 ἂν,
1201 2586 1248 2612 καὶ
1258 2585 1338 2618 λύκος
1346 2586 1522 2621 ἁρπακτικός.
1534 2588 1629 2622 Ὀφεις
1641 2587 1680 2619 δὲ,
1689 2587 1736 2614 καὶ
1745 2587 1826 2622 γεννή
1831 2595 1883 2622 μα-

1093 2639 1129 2657 τα
1141 2631 1313 2666 ὲχιδνῶν,καὶ
1323 2632 1439 2668 χοίρους,
1449 2634 1495 2660 καὶ
1505 2633 1598 2665 κύνας,
1607 2634 1652 2660 καὶ
1663 2632 1808 2665 ἀλώπεκας
1820 2633 1884 2664 τοὺς

1094 2675 1231 2708 τοιούτους
1240 2677 1334 2704 εἴωθεν
1344 2677 1486 2714 ὀνομάζειν
1499 2680 1515 2714 ἡ
1526 2679 1630 2715 Γραφή.
1640 2680 1671 2706 Ol
1681 2679 1709 2705 δὲ
1722 2679 1754 2705 ἐκ
1764 2679 1814 2714 τῆς
1826 2687 1882 2705 τοι-

1095 2721 1180 2757 αύτης
1191 2722 1391 2756 καταπτώσεως
1401 2724 1613 2760 μεταϐάλλοντες
1622 2726 1667 2752 ἐπὶ
1678 2725 1728 2761 τὴν
1739 2725 1883 2760 κρείττονα

1096 2768 1271 2801 κατάστασιν,
1280 2770 1349 2802 τέως
1366 2771 1415 2806 μὲν
1431 2771 1524 2807 ὥσπερ
1536 2773 1564 2798 ὲν
1578 2772 1741 2806 εἰσαγωγαῖς
1752 2770 1800 2798 καὶ
1813 2779 1881 2806 προ-

1096 2814 1188 2850 θὺροις
1202 2815 1357 2851 γιγνόμενοι
1373 2817 1423 2852 τῆς
1439 2818 1509 2844 κατὰ
1522 2817 1588 2844 Θεὸν
1599 2817 1736 2852 γνώσεως,
1757 2816 1881 2852 πρόϐατα

1095 2860 1127 2887 ἂν
1153 2861 1264 2893 εἰκότως
1280 2861 1403 2897 κληθεῖεν
1418 2863 1501 2890 Θεοῦ·
1521 2863 1706 2898 προκόψαντες
1728 2863 1757 2889 δὲ
1781 2862 1828 2889 ἐπὶ
1850 2862 1880 2888 τὶ
