2056 3214
167 188 220 217 217

751 193 1003 228 (ΞΟΜΜΕΝῙΔΒΙΑ
1023 197 1058 225 ΙΝ
1076 197 1249 230 PSALMOS.

1293 178 1363 221 ιφ
1745 208 1798 238 Sis

166 250 344 287 τελειότερον,
365 253 502 289 ἄνθρωποι
527 254 750 290 χρηματίζουσιν.
774 256 837 283 Ὀτε
852 266 883 291 γε
906 257 943 293 μὴ

1010 265 1100 287 autem
1132 262 1275 296 provecti,
1307 262 1432 292 homines
1461 270 1605 294 vocantur.
1644 267 1685 295 llli
1715 276 1798 303 porro

167 295 291 331 πρόϐατα
305 298 495 333 τυγχάνουσιν,
508 300 560 326 ὑπὸ
580 301 688 336 ποιμένι
702 301 741 337 τῷ
761 301 804 329 διὰ
829 303 957 339 Ἱεζεκιὴλ

166 341 313 377 δηλωθέντι
335 344 426 376 Δαυῖδ,
451 345 574 372 τουτέστι
589 347 628 382 τῷ
653 348 684 374 ὲκ
706 348 862 384 σπέρματος
877 350 957 377 Δαυῖδ

166 388 273 424 Σωτῆρι
292 389 371 425 ἡμῶν
394 391 440 417 καὶ
456 392 582 427 Χριστῷ,
613 394 760 429 ἀγόμενοι,
786 395 956 422 διδάσκονται

165 434 255 469 λέγειν
267 445 273 451 ο
287 437 394 471 Κύριος
414 439 559 472 ποιμαίνει
578 449 626 474 με,
640 440 688 466 καὶ
705 441 795 468 οὐδέν
814 450 850 476 με
869 443 956 468 ὑστε-

160 481 262 515 ρήσει,
273 483 304 509 υἱ
318 483 346 509 δὲ
361 484 436 510 αὐτοὶ
452 485 500 520 τῆς
514 487 609 521 νοερᾶς
624 487 671 513 καὶ
684 488 780 523 καινῆς
792 489 894 524 τροφῆς
911 490 956 516 καὶ

136 523 139 528 ’
164 527 234 558 πόας
254 527 580 566 ἁντιλαμϐανόμενοι’τῆς
602 532 630 558 ὲν
651 534 706 564 τοῖς
730 533 811 568 ἱεροῖς
835 534 957 569 Εὑαγγε-

163 572 232 605 λίοις
248 573 371 609 ἐροῦσιν·
387 575 439 608 Εἰς
458 577 551 603 τόπον
561 579 657 611 χλόης
672 579 736 605 ἐκεῖ
750 588 789 613 με
810 581 956 614 κατεσχή-

163 628 272 648 γωσεν.
281 621 369 649 Πίνων
379 622 403 648 δὲ
417 622 463 649 τοῦ
478 623 571 655 ὕδατος
584 625 597 650 ὁ
610 626 784 661 εἰσαγόμενος
795 627 824 653 ἐν
834 628 954 663 Χριστῷ,

163 666 241 693 οὔπω
251 667 279 693 δὲ
295 667 341 694 τοῦ
355 668 425 694 οἴνου
439 668 485 694 τοῦ
504 670 554 704 τῆς
568 670 694 707 ἀληθινῆς
713 673 834 707 ἀμπέλου
857 672 911 706 οἶός
926 684 954 701 τε

163 712 202 739 ὢν
215 713 445 749 μεταλαμϐάνειν,
460 715 504 742 διὰ
520 716 551 742 τὸ
569 716 609 742 ἔτι
630 717 767 752 πρόϐατον
784 716 863 751 εἶναι,
886 720 954 752 τέως

162 759 192 785 δὲ
209 759 248 794 τῷ
259 760 385 796 σωτηρίῳ
409 762 574 797 τρεφόμενος
603 762 688 795 ὕδατι,
711 765 774 799 περὶ
798 762 828 791 οὗ
855 765 918 792 ἐϐόα
941 767 955 793 ὁ

163 805 260 841 Σωτὴρ
272 805 358 840 λέγων
368 815 374 821 ⁸
396 807 433 833 El
448 816 492 840 τις
508 807 592 842 διψᾷ,
605 809 737 843 ἐρχέσθω
751 812 827 844 πρός
841 820 879 846 με
904 813 953 838 καὶ

163 851 286 878 πινέτω·
300 852 347 879 καὶ
369 853 465 879 πάλιν·
484 854 515 879 '0
531 854 626 881 πίνων
653 855 686 881 ἐκ
712 856 763 882 τοῦ
784 856 893 890 ὕδατος
917 855 952 885 οὗ

162 896 221 931 ἐγὼ
239 897 324 924 δώσω
339 899 429 932 αὐτῷ,
449 900 574 934 ποταμοὶ
591 901 625 927 ἐκ
651 901 705 935 τῆς
722 903 838 936 κοιλίας
860 903 953 931 αὑτοῦ

1009 306 1118 340 quando
1132 314 1197 335 oves
1211 311 1292 341 sunt,
1316 316 1330 335 a
1347 314 1456 344 pastore
1480 320 1559 348 quem
1573 313 1698 343 Ezechiel
1716 314 1798 343 Davi-

1008 350 1050 378 dis
1077 352 1189 380 nomine
1217 353 1321 381 iudicat
1338 356 1372 388 τι,
1390 356 1414 382 id
1438 360 1479 384 est
1507 358 1676 388 aSalvatore
1701 365 1796 389 nostra

1008 396 1118 424 Christo
1132 398 1217 431 ducti,
1234 399 1268 427 ad
1283 400 1340 428 hare
1354 401 1468 429 dicenda
1490 403 1683 438 instituuntur,
1703 407 1796 434 Domi-

1008 451 1056 469 nus
1069 444 1154 478 pascit
1172 453 1222 478 me,
1235 450 1259 472 et
1274 446 1341 473 nihil
1354 448 1417 474 milii
1427 449 1520 477 deerit.
1547 450 1587 478 Illi
1606 460 1669 480 vero
1683 454 1734 489 ipsi
1754 454 1796 481 in-

1007 488 1139 523 telligibili
1155 497 1187 517 ac
1200 498 1272 518 novo
1289 492 1417 520 alimento
1434 499 1515 529 atque
1529 497 1638 530 pascuis
1653 506 1794 527 sacrorum

1007 534 1215 570 Evangeliorum
1245 540 1374 572 enutriti,
1399 540 1501 574 dicent,
1521 542 1548 569 in
1566 543 1622 570 loco
1638 552 1743 578 pascua
1758 546 1794 573 ibi

1007 590 1046 608 me
1064 582 1211 610 collocavit.
1231 583 1282 617 Qui
1303 589 1393 612 autent
1413 586 1440 613 in
1457 586 1567 615 Christo
1583 589 1717 622 inﬁtiatur,
1734 593 1794 627 qui-

1005 635 1059 661 que
1076 634 1174 663 aquam
1189 633 1275 663 potat,
1290 631 1361 665 quod
1377 632 1499 659 nondum
1516 634 1603 661 valeat
1618 636 1709 663 vinum
1725 646 1794 665 vera:

1006 674 1069 701 vitis
1090 674 1194 707 bibere,
1213 676 1278 711 quia
1297 677 1386 704 adhuc
1413 678 1441 705 in
1464 679 1555 706 ovium
1583 689 1700 709 numero
1720 691 1794 710 com-

1006 723 1129 755 putatur,
1153 721 1200 748 sed
1224 726 1317 749 tamen
1340 723 1455 751 salutari
1480 725 1526 752 illa
1546 733 1617 761 aqua
1641 732 1792 760 recreatur,

1005 766 1038 793 de
1052 774 1104 800 qua
1119 765 1244 794 Salvator
1267 768 1325 795 haec
1341 770 1458 797 clamat:
1477 770 1507 798 Si
1530 773 1588 806 quis
1612 773 1669 800 silit
1681 794 1688 806 ,
1707 776 1793 802 veniat

1006 812 1039 838 ad
1055 821 1095 839 me
1110 818 1134 839 et
1152 813 1223 840 bibat
1251 815 1291 846 ";
1312 821 1338 843 et
1356 816 1452 843 iterum
1473 826 1478 843 :
1504 817 1558 850 Qui
1580 818 1672 846 biberit
1696 829 1792 856 aquam

1004 866 1081 893 quam
1107 867 1152 893 ego
1177 860 1246 887 dabo
1272 862 1306 893 ei,
1335 862 1448 896 [Iuntina
1472 863 1504 890 de
1528 871 1614 892 ventre
1638 867 1694 901 ejus
1710 867 1793 902 ﬂuent

1005 914 1079 941 aquw
1096 907 1188 933 vim"
1201 917 1208 941 ;
1222 916 1253 934 ac
1270 916 1396 937 rursum:
1415 910 1467 944 Qui
1482 911 1575 939 biberit
1587 921 1618 940 ex
1630 922 1699 949 aqua
1713 923 1790 950 quam

157 942 328 975 ⁴ῥεύσουσιν
339 943 448 977 ὕδατος
462 944 567 977 ζῶντος
576 953 582 959 ·
599 945 645 971 καὶ
657 944 747 978 αὖθις·
766 947 796 974 ’0
810 948 905 974 πίνων
918 948 945 974 ἐλ

1004 959 1049 985 ego
1065 951 1133 978 dabo
1151 953 1186 984 ei,
1201 962 1253 981 non
1273 955 1342 981 sitiet
1360 956 1387 982 in
1403 960 1530 984 retentum
1545 958 1585 992 ";
1602 959 1625 986 is
1639 960 1701 994 jure
1715 961 1792 989 dixe—

163 988 218 1028 τοῆ
242 989 352 1024 ὕδατος
364 989 400 1019 οὗ
423 992 479 1027 ἐγὼ
501 992 586 1019 δώσω
601 993 697 1026 αὐτῷ,
716 995 750 1021 οὑ
772 994 814 1029 μὴ
833 995 949 1030 διψήσῃ

160 1036 206 1069 εις
225 1036 280 1063 τὸν
300 1037 407 1063 αἰῶνα·
433 1039 503 1065 εἴποι
523 1039 571 1066 ἄν·
605 1040 665 1066 Ἐπὶ
690 1040 798 1074 ὕδατος
817 1042 950 1068 ἀναπαύ-

158 1088 239 1115 σεως
251 1082 395 1117 ἐξέθρεψέ
407 1092 455 1119 με.
470 1085 547 1111 ’Λλλὰ
558 1087 605 1112 καὶ
619 1087 673 1112 πᾶν
688 1086 770 1121 ἄχθος
785 1087 949 1123 ἀποθέμενος

158 1128 214 1155 τῶν
222 1129 343 1156 παλαιῶν
355 1131 559 1167 ἁμαρτημάτων
569 1133 731 1168 διὰλουτροῦ
742 1134 949 1168 παλιγγενεσίας

158 1175 207 1202 καὶ
222 1175 430 1209 ἀνακαινώσεως
454 1178 611 1213 Πνεὺματος
625 1179 713 1213 ἁγίου,
732 1181 802 1206 εἴποι
822 1180 864 1207 ἄν·
887 1181 949 1207 Ἐπὶ

157 1221 267 1255 ὕδατος
293 1223 492 1258 ἀναπαύσεως
514 1225 656 1260 ἐξέθρεψέ
679 1235 727 1260 με.
760 1227 948 1260 Ἀναπαύσεως

156 1267 212 1303 γὰρ
223 1268 261 1300 ὡς
274 1269 381 1305 ἀληθῶς
397 1271 484 1297 ἐκεῖνο
501 1272 531 1298 τὸ
545 1272 625 1308 ὕδωρ,
639 1273 671 1299 δι’
693 1270 723 1300 οὗ
747 1274 777 1300 τὸ
805 1274 873 1310 βαρὺ
902 1276 947 1301 καὶ

156 1314 305 1350 ἐπίμοχοον
329 1317 437 1353 φορτίον
464 1317 517 1344 τῶν
538 1319 679 1355 ἁμαρτιῶν
708 1320 738 1346 τὸ
770 1320 879 1352 πιεζοῦν
898 1322 948 1357 τὴν

155 1361 245 1396 ψυχὴν
258 1363 414 1398 ἀπορρίψας
430 1373 483 1396 τις,
499 1365 545 1391 καὶ
569 1366 656 1392 πάντα
679 1366 764 1401 ῥύπον
781 1367 827 1393 καὶ
855 1368 947 1395 σπίλον

155 1407 203 1434 καὶ
216 1407 311 1443 κηλίδα
323 1410 506 1445 σμηξάμενος,
525 1411 632 1446 δεσμῶν
646 1421 675 1438 τε
692 1413 798 1444 ἀνεθεὶς
816 1413 947 1440 πολυπλό-

154 1464 229 1489 κων,
257 1457 461 1494 συνῃσθημένος
483 1458 586 1486 τούτων
621 1460 749 1487 ἁπάντων
779 1461 850 1496 ὲρεῖ·
885 1461 946 1487 Ἐπὶ

154 1500 265 1535 ὕδατος
280 1503 478 1537 ἀναπαύσεως
492 1504 634 1539 ἐξέθρεψὲ
648 1514 697 1540 με.
716 1504 773 1532 Εἶθ’
791 1506 883 1541 ὥσπερ
902 1507 947 1532 ὲκ-

154 1545 256 1573 λείπων
269 1547 354 1575 πάλαι
366 1549 415 1584 τὴν
427 1549 526 1585 ψυχὴν,
545 1550 639 1577 ἔπειτα
650 1551 693 1578 διὰ
706 1552 754 1587 τῆς
768 1551 946 1587 ἀποδοθείσης

154 1593 235 1629 χλόης
247 1594 294 1620 καὶ
308 1594 355 1621 τοῦ
371 1596 503 1631 σωτηρίου
518 1596 613 1628 ὕδατος
625 1597 765 1624 ἀναλαϐὼν
780 1597 884 1629 ἑαυτὸν,
899 1597 945 1625 καὶ

1004 996 1049 1029 rit,
1071 1005 1150 1032 super
1170 1007 1265 1033 aquam
1286 1001 1383 1034 requiei
1408 1001 1528 1029 educavit
1558 1011 1607 1030 me.
1633 1003 1685 1032 Sed
1709 1005 1789 1033 etiam

1003 1043 1091 1077 posita
1107 1052 1155 1079 per
1170 1045 1309 1072 lavacrum
1329 1048 1545 1081 regenerationis
1563 1054 1590 1076 et
1604 1051 1792 1079 renovationis

1004 1087 1123 1123 Spiritus
1147 1091 1235 1118 sancti
1259 1095 1379 1119 veterum
1400 1098 1575 1127 peccatorum
1601 1096 1720 1130 sarcina,
1743 1104 1790 1131 ap-

1002 1135 1090 1169 posite
1118 1134 1205 1168 dicat,
1234 1143 1312 1170 super
1339 1145 1436 1172 aquam
1467 1139 1566 1173 requiei
1591 1140 1711 1167 educavit
1739 1151 1788 1169 me.

1002 1179 1114 1215 Requiei
1144 1181 1243 1208 etenim
1273 1190 1336 1210 vere
1362 1187 1404 1210 est
1434 1191 1504 1219 aqua
1535 1185 1709 1220 hujusmodi,
1737 1196 1790 1222 qua

1001 1227 1073 1262 quis,
1088 1227 1193 1262 abjecto
1207 1231 1380 1262 peccatorum
1394 1231 1469 1265 gravi
1484 1238 1656 1266 onerosoque
1671 1234 1792 1268 pondere

1002 1273 1119 1300 animam
1131 1275 1311 1308 opprimente,
1324 1276 1397 1302 omni
1417 1278 1521 1304 macula
1539 1282 1565 1305 et
1581 1279 1641 1306 labe
1654 1280 1788 1313 abstersa,

1001 1319 1152 1355 solutisque
1164 1321 1280 1349 vinculis
1303 1322 1357 1349 illis
1374 1324 1553 1358 complicatis,
1571 1325 1663 1352 lzetitia
1675 1327 1789 1361 hujusce

1002 1374 1092 1393 rerum
1108 1374 1253 1394 successus
1269 1367 1384 1395 alii-ctus
1400 1369 1569 1404 diect,super
1581 1378 1677 1405 aquam
1692 1372 1789 1405 requiei

999 1412 1119 1439 educavit
1143 1421 1193 1440 mc.
1220 1412 1324 1440 Deinde
1348 1422 1422 1446 vero,
1449 1420 1542 1450 utpote
1566 1416 1612 1451 qui
1638 1424 1700 1443 cum
1723 1417 1786 1444 olim

1000 1459 1091 1486 animo
1113 1459 1258 1491 deﬁceret,
1281 1468 1330 1494 per
1355 1462 1471 1495 gratiam
1498 1463 1550 1490 sibi
1575 1463 1666 1490 datam
1686 1471 1718 1491 ac
1739 1471 1788 1498 per

1000 1506 1147 1532 salutarem
1171 1513 1269 1540 aquam
1293 1505 1320 1532 in
1341 1507 1480 1534 meliorem
1504 1516 1565 1535 sese
1587 1512 1689 1536 statum
1711 1515 1787 1535 rece-

999 1551 1079 1585 perit,
1097 1550 1174 1585 quasi
1200 1557 1215 1576 a
1232 1554 1318 1577 morte
1339 1557 1483 1579 revocatus
1506 1553 1541 1579 sit
1561 1552 1647 1585 dicet,
1668 1553 1785 1579 animum

999 1604 1084 1622 meam
1105 1597 1240 1623 convertit.
1266 1596 1327 1623 Haec
1351 1598 1443 1625 omnia
1465 1599 1591 1626 evenient
1610 1600 1713 1627 homini
1738 1600 1785 1635 qui

152 1638 249 1676 ὥσπερ
266 1640 298 1667 ὲκ
312 1640 426 1667 θανάτου
440 1642 672 1679 παλινδρομήσας,
694 1644 792 1679 φήσει·
812 1643 872 1677 Τὴν
889 1645 945 1678 ψυ-

1000 1650 1046 1677 per
1064 1646 1243 1669 memoratum
1261 1642 1390 1671 Daridem
1407 1652 1421 1670 a
1434 1643 1550 1672 Domino
1564 1646 1696 1680 pascitur.

153 1684 216 1720 χήν
232 1694 292 1720 μου
311 1686 486 1722 ἐπέστρεψε.
507 1688 599 1715 Ταῦτα
621 1689 709 1716 πάντα
726 1690 841 1726 ὑπάρξει
861 1690 899 1725 τῷ
930 1689 974 1716 διὰ
992 1688 1038 1715 τοῦ
1058 1688 1223 1724 δηλωθέντος
1249 1690 1330 1717 Δαυῒδ
1349 1691 1401 1717 ὑπὸ
1426 1691 1473 1718 τοῦ
1509 1692 1612 1727 Κυρίου
1642 1701 1783 1728 ποιμαινιν-

156 1730 241 1766 μένῳ.

196 1775 339 1814 Ὢδῄγησέ
357 1787 396 1813 με
417 1779 466 1806 ἐπὶ
486 1781 605 1814 τρίόους
628 1781 822 1815 δικαιοσύνης
841 1782 944 1809 ἕνεκεν

153 1823 207 1850 τοῦ
226 1824 369 1858 ὀνόματος
381 1827 484 1853 αὐτοῦ.
499 1826 602 1858 Ταῦτα,
619 1828 700 1863 φησι,
718 1829 842 1864 πράττει,
857 1830 894 1861 ὡς
911 1829 943 1856 ἂν

152 1869 190 1906 μὴ
208 1869 402 1907 βλασφημῆται
420 1873 503 1900 αὑτοῦ
523 1873 554 1900 τὺ
575 1873 670 1910 ὄνομα,
694 1874 750 1902 τῶν
771 1875 854 1902 αὐτοῦ
877 1885 944 1912 προ-

150 1915 241 1943 ϐάτων
256 1917 460 1954 ἀπολλυμένων,
477 1918 493 1954 ἢ
518 1919 611 1951 κακῶς
627 1920 778 1956 ἀγομένων.
805 1921 873 1949 Ἐὰν
887 1922 943 1957 γὰρ

149 1962 200 1989 καὶ
213 1963 348 1997 πορευθῶ
363 1965 398 1991 ἐν
419 1964 504 1999 μέσῳ
517 1966 607 1999 σκιᾶς
625 1966 765 1999 θανάτου,
790 1968 826 1994 οὐ
851 1969 942 2002 φοϐη-

149 2008 279 2044 θήσομαι
290 2009 378 2042 κακὰ,
389 2010 435 2037 ὅτι
451 2011 492 2038 σὺ
509 2011 573 2046 μετ’
587 2011 660 2047 ἐμοῦ
670 2011 706 2039 εἷ.
722 2013 839 2049 Μακράν
853 2013 907 2050 γὰρ
923 2015 940 2050 ἡ

150 2055 273 2090 ἁμαρτία
293 2056 394 2088 παντῦς
408 2056 533 2089 συνόντος
552 2057 622 2094 Θεῷ.
649 2058 734 2086 Σκιὰν
760 2059 875 2087 Θανάτου
894 2060 940 2088 τὸν

147 2099 238 2127 κοινόν
251 2109 318 2137 φησι
343 2102 469 2135 θάνατον,
493 2103 541 2130 καὶ
568 2104 618 2140 τὴν
644 2105 693 2140 τῆς
705 2104 796 2141 ψυχῆς
819 2106 874 2132 ἀπὺ
891 2106 939 2134 τοῦ

147 2146 275 2182 σώματος
286 2147 372 2179 λύσιν,
391 2149 459 2185 πρὸς
473 2149 675 2186 ἀντιδιαστολὴν
693 2151 741 2178 τοῦ
761 2151 875 2179 Θανάτου
888 2152 939 2188 τῆς

143 2191 246 2228 ψυχῆς,
260 2193 320 2221 καθ’
336 2194 351 2221 ὃ
370 2194 492 2231 εἴρηται·
509 2196 597 2231 Ψυχὴ
620 2198 844 2232 ἁμαρτάνουσα,
862 2199 937 2233 αὕτη

144 2239 336 2267 ἀποθανεῖται
347 2249 354 2256 ⁵
371 2242 428 2274 καὶ,
443 2242 546 2269 Ἔστιν
567 2243 694 2278 ἁμαρτία
708 2244 784 2279 πρὸς
798 2245 936 2273 θάνατον.

143 2286 203 2314 οὐκ
213 2286 270 2313 ἐστι
284 2287 339 2323 γὰρ
356 2287 420 2315 σκιὰ
437 2288 552 2316 θανάτου
562 2297 569 2304 ·
584 2290 641 2316 ἀλλ’
653 2290 779 2326 ἀληθινὸς
792 2291 907 2324 θάνατος
918 2293 934 2328 ή

142 2332 196 2368 τῆς
206 2332 296 2369 ψυχῆς
305 2333 428 2362 ἀπώλεια
439 2335 578 2370 τυγχάνει.
588 2336 664 2363 Ἐπεὶ
674 2335 721 2364 οὖν
732 2338 934 2373 μεμαθήκασιν,

142 2377 182 2411 ὡς
204 2379 258 2415 ἄρα
273 2380 288 2406 ὁ
303 2380 438 2408 πιστεύων
462 2381 502 2413 εἰς
524 2382 570 2409 τδν
591 2382 655 2410 Υῐὺν
676 2383 723 2410 τοῦ
748 2383 815 2411 Θεοῦ
842 2384 872 2411 οὐ
896 2384 933 2420 μὴ

1032 1778 1114 1807 Vens.
1136 1780 1163 1812 5,
1185 1780 1211 1806 4.
1237 1780 1352 1806 Deduxit
1374 1788 1414 1807 me
1439 1788 1517 1814 super
1542 1782 1650 1810 semitas
1667 1783 1784 1817 justitia:

994 1831 1099 1860 propter
1123 1834 1216 1852 nomen
1236 1834 1324 1853 suum.
1349 1826 1422 1858 "me,
1446 1827 1544 1862 inquit,
1574 1828 1636 1856 ideo
1660 1831 1726 1865 agit,
1752 1835 1782 1858 ut

993 1879 1038 1904 ne,
1056 1872 1168 1900 amissis
1184 1879 1216 1899 ac
1231 1873 1357 1907 perditis,
1372 1876 1419 1899 aut
1434 1873 1507 1900 male
1521 1874 1648 1903 deductis
1670 1877 1781 1910 ovibus,

992 1926 1091 1946 nomen
1114 1926 1193 1945 suum
1210 1918 1423 1953 blasphemetur.
1448 1917 1519 1946 Nam
1536 1924 1561 1946 et
1574 1921 1598 1947 si
1612 1921 1784 1950 ambulavero

991 1965 1019 1991 in
1034 1964 1120 1992 medio
1135 1964 1236 1992 umbra’
1250 1965 1356 1996 mortis,
1376 1973 1428 1992 non
1449 1965 1544 1993 timebo
1560 1967 1642 2000 mala,
1656 1969 1781 2003 quoniam

991 2014 1019 2037 tu
1037 2019 1137 2037 mecum
1150 2019 1187 2038 es.
1205 2009 1305 2037 Procul
1317 2010 1390 2038 enim
1411 2014 1553 2046 peccatum
1575 2015 1618 2040 est
1632 2013 1666 2041 ab
1685 2021 1719 2041 eo
1732 2014 1780 2049 qui

989 2054 1037 2083 Dei
1062 2056 1202 2083 consortio
1217 2055 1324 2083 fruitur.
1348 2055 1479 2084 Umbram
1495 2057 1594 2086 mortis
1609 2063 1689 2086 vocat
1705 2067 1780 2087 rnor-

989 2104 1043 2130 tem
1064 2101 1137 2129 illam
1158 2108 1342 2133 communem.
1360 2105 1441 2136 atque
1461 2103 1663 2137 separationem
1682 2105 1780 2133 animae

988 2155 1004 2175 a
1018 2155 1149 2184 corpore,
1174 2148 1208 2175 ad
1221 2147 1402 2175 diﬁerentiam
1423 2150 1520 2177 mortis
1542 2150 1650 2184 animm,
1674 2151 1708 2179 de
1724 2160 1777 2187 qua

987 2195 1089 2223 dicitur
1107 2203 1114 2221 :
1130 2195 1228 2222 Anima
1251 2203 1310 2230 qui?
1336 2194 1497 2230 peccaverit,
1524 2196 1584 2229 ipsa
1598 2198 1724 2224 morietur
1738 2199 1778 2232 ¹⁵;

987 2245 1014 2270 et
1034 2249 1040 2267 :
1060 2241 1108 2269 Eu
1132 2245 1268 2277 peccatum
1293 2240 1328 2267 ad
1355 2247 1465 2267 morlem
1488 2241 1521 2267 ".
1555 2240 1696 2277 Siquidem
1722 2251 1777 2270 non

987 2291 1083 2319 umbra
1107 2289 1224 2321 mortis,
1250 2288 1298 2317 sed
1325 2297 1390 2317 vera
1416 2295 1491 2316 mors
1521 2290 1580 2319 est,
1604 2287 1649 2314 illa
1679 2288 1778 2317 anima:

985 2336 1130 2372 pernicies.
1152 2334 1378 2370 Quandoquidem
1407 2333 1491 2369 igitur
1517 2332 1687 2366 didicerunt,
1714 2340 1770 2360 cre-

985 2383 1093 2410 dentem
1122 2382 1150 2408 in
1173 2379 1271 2408 Filium
1302 2380 1349 2407 Dei
1373 2387 1428 2407 non
1456 2378 1620 2406 moriturum
1653 2386 1715 2406 esse
1747 2379 1774 2406 in

140 2424 265 2461 ἀποθάνῃ
281 2426 321 2458 εις
336 2426 382 2453 τὸν
399 2428 495 2460 αἰῶνα,
511 2428 681 2464 μεταϐέϐηκε
704 2429 731 2456 δὲ
748 2430 802 2457 ἀπὸ
825 2429 872 2457 τοῦ
887 2429 934 2457 θα-

996 2431 1130 2461 eteruum,
1149 2427 1196 2455 sed
1213 2426 1376 2454 translatum
1394 2433 1456 2453 esse
1471 2424 1505 2452 de
1521 2427 1609 2451 morte
1625 2422 1659 2450 ad
1671 2423 1775 2458 vitam,

141 2471 224 2498 νάτου
241 2473 281 2504 εἰς
296 2473 345 2509 τὴν
361 2474 443 2511 ζωὴν,
460 2476 562 2512 σφόδρα
580 2476 701 2512 ἀκριϐῶς
716 2476 746 2503 οὐ
767 2477 834 2511 φασὶ
854 2476 933 2504 θάνα-

140 2525 188 2544 τον
201 2518 306 2545 ἐπιέναι
327 2520 419 2553 αὐτοῖς
433 2522 516 2559 ἀλλ’ἢ
534 2524 588 2560 ἄρα
607 2523 685 2550 σκιὰν
698 2523 813 2550 θανάτου
824 2532 831 2538 ·
846 2523 932 2561 ταύτῃ

140 2563 283 2599 δηλοῦντες
306 2566 371 2598 τοὺς
391 2567 462 2594 κατὰ
486 2567 629 2604 ἄνθρωπον
652 2568 791 2601 κινδύνους
815 2568 862 2596 καὶ
886 2568 932 2596 τὸν

142 2612 294 2646 σωματικὸν
318 2611 432 2640 θάνατον
452 2614 528 2641 οὐδὲν
552 2614 644 2650 ἕτερον
669 2614 766 2650 δνταῆ
793 2614 930 2651 χωρισμδν

139 2656 229 2693 ψυχῆς
242 2658 296 2686 ἀπὸ
310 2659 444 2695 σώματος.
747 2675 749 2678 τ

179 2702 211 2731 Ἠ
222 2704 334 2738 ,ῥάϐδος
350 2713 408 2733 σου
421 2706 469 2733 καὶ
491 2708 511 2741 ὴ
531 2707 681 2741 βακτηρία
700 2714 769 2740 σου,
784 2705 875 2735 αὗταί
892 2716 930 2742 με

136 2749 362 2784 παρεκάλεσαν.
371 2751 464 2779 Ταῦτα
478 2750 525 2779 οὖν
535 2753 689 2789 παρακαλεί
704 2754 749 2781 τὸν
762 2754 930 2789 τυπτόμενον

136 2796 186 2823 καὶ
205 2796 252 2823 τὸν
274 2796 464 2833 κολαζόμενον,
489 2799 682 2835 πεπεισμένον,
697 2800 739 2826 ὅτι
765 2801 893 2835 μαστιγοῖ
915 2800 930 2826 ὁ

136 2842 203 2873 Θεὸς
216 2842 305 2870 πάντα
322 2844 380 2870 υἱὸν
392 2843 422 2871 ὃν
434 2845 628 2881 παραδέχεται.

980 2475 1126 2503 admodum
1153 2477 1336 2509 congruenter
1356 2480 1410 2500 non
1427 2475 1554 2504 mortem,
1582 2470 1630 2498 sed
1646 2470 1773 2498 umbram

979 2522 1079 2549 mortis
1098 2520 1150 2549 sibi
1168 2520 1304 2548 accidisse
1327 2522 1497 2551 memorant;
1524 2524 1579 2553 quo
1595 2516 1773 2545 declarantur

979 2567 1100 2603 pericula
1117 2573 1179 2601 quae
1195 2566 1346 2593 secundum
1379 2564 1515 2591 hominem
1542 2562 1724 2598 contingunt,
1744 2565 1772 2589 et

979 2612 1118 2640 indicatur
1146 2618 1306 2646 corpoream
1333 2612 1449 2637 mortem
1480 2609 1548 2636 nihil
1584 2608 1659 2636 aliud
1688 2614 1771 2639 esse.

978 2666 1060 2694 quam
1083 2657 1283 2693 separationem
1311 2655 1409 2682 animat
1424 2662 1439 2681 a
1452 2662 1577 2690 corpore.

1019 2705 1100 2741 Virga
1119 2709 1165 2731 tua
1178 2708 1203 2731 et
1216 2703 1325 2730 baculus
1340 2707 1410 2734 tuus,
1423 2702 1481 2733 ipsa
1495 2710 1535 2729 me
1547 2702 1685 2729 consulatu
1694 2706 1767 2729 sunt.

979 2751 1042 2779 Haec
1065 2751 1149 2787 igitur
1163 2749 1343 2777 consolantur
1362 2755 1424 2775 eum
1442 2747 1488 2783 qui
1505 2748 1665 2777 verberibus
1680 2751 1708 2776 et
1721 2755 1768 2776 ca-

979 2796 1172 2833 stigationibus
1189 2793 1315 2827 afﬁcitur,
1335 2797 1429 2829 utpote
1444 2794 1491 2829 qui
1507 2801 1610 2830 gnarus
1630 2794 1665 2822 sit
1681 2793 1769 2822 Deum

979 2843 1125 2871 verberare
1141 2840 1227 2867 ﬁlium
1241 2847 1321 2874 quem
1338 2839 1518 2875 cooptavcrit.

190 2914 211 2929 "
232 2913 332 2941 Ezeeh.
351 2922 452 2949 xulv,
471 2916 516 2944 23.
555 2917 577 2952 ξ’
597 2915 676 2944 Joan.
696 2924 752 2950 vn,
771 2915 816 2944 57.
856 2916 879 2933 ³³
898 2915 967 2944 ibid.
987 2914 1031 2943 39.
1070 2912 1093 2930 “
1112 2911 1192 2939 Ioan.
1214 2918 1259 2944 IV,
1279 2906 1336 2938 ιδέ
1380 2910 1402 2927 ¹¹
1423 2909 1523 2938 Ezccb.
1543 2916 1631 2944 "ut,
1648 2909 1675 2937 ἁ.
1714 2910 1737 2926 ⁸⁸
1754 2907 1770 2937 ι

136 2948 216 2977 Joan.
232 2957 248 2977 ν
258 2968 265 2980 .
284 2949 328 2977 l7.
