2056 3214
285 200 338 228 225

592 200 727 229 EUSEBII
747 200 987 230 CAESARIENSIS
1005 200 1079 229 OPP.
1102 200 1192 228 PARS
1210 199 1253 228 ΙΙΙ.
1275 216 1310 221 -
1329 199 1536 228 EXEGETICA.

1863 200 1918 229 224

286 258 390 287 scilicet
405 265 488 286 causa
503 258 552 294 qui
570 266 633 286 cum
652 258 700 286 Dei
720 258 791 286 Filio
805 267 920 294 regnum
939 259 1067 287 cmlorum

1126 258 1273 295 μέλλοντας
1301 258 1477 310 κληρονομεῖν
1500 258 1549 293 τὴν
1562 257 1702 293 βασιλείαν
1723 257 1777 284 τῶν
1791 257 1918 294 οὐρανῶν

285 305 462 333 consecuturi
486 308 574 332 erant.
603 303 704 332 Multas
724 305 825 340 quippe
843 313 875 332 ac
889 305 1014 333 diversas
1038 304 1071 331 ad

284 352 361 387 regni
387 352 521 379 caelorum
546 351 649 378 aditum
669 355 764 386 portas
778 352 899 386 aperuit:
919 360 981 379 nam
1000 351 1071 386 apud

285 397 392 425 Patrem
421 397 578 425 mansiones
601 398 694 425 multa),
720 402 784 425 sunt
794 399 826 424 ’⁷.
858 398 897 425 Ac
923 397 1070 433 perpende,

284 451 389 479 inraso,
418 451 484 470 num
514 443 559 470 hic
592 444 716 471 solvatur
743 445 859 480 quaestio
885 445 995 480 psalmi,
1024 444 1070 479 qui

284 489 326 518 sic
355 489 453 517 habet:
481 489 608 517 Ascendit
635 490 703 518 Deus
731 491 759 517 in
780 490 953 526 jubilatione,
978 490 1072 517 Domi-

283 544 332 563 nus
345 536 372 563 in
388 544 448 563 voce
463 536 575 564 lubw“.
611 536 662 563 llic
682 535 802 571 Spiritus
834 542 946 564 sanctus
969 536 1071 571 jubila-

283 583 386 610 tionem
416 590 448 609 ac
469 590 561 610 vocem
589 583 662 611 tubze
691 583 776 611 dedit.
805 582 873 610 Nam
897 583 925 610 in
947 590 1066 610 ascensu

284 627 344 655 Filii
363 628 409 655 Dei
427 629 454 655 in
468 629 565 661 caelos,
589 637 636 664 par
652 629 703 656 fuit
723 629 775 664 ipsi
791 629 898 657 obviam
914 629 969 656 isse
988 637 1071 664 ange-

284 675 337 707 los,
365 682 422 702 suae
444 682 494 709 pro
519 674 678 702 hominibus
704 675 867 702 oeconomia:
880 675 1069 706 administros,

284 726 366 756 atque
390 721 543 748 cmlestium
561 727 702 756 portarum
731 721 803 749 fores
831 721 883 756 ipsi
917 721 1069 756 aperuisse,

282 775 364 795 voces
379 767 572 803 angelicosque
587 768 732 800 clamores,
750 768 796 803 qui
812 767 839 794 in
848 767 955 803 psalmo
974 767 1069 795 ferun-

282 819 337 847 tur,
363 814 507 842 emisisse:
524 821 593 850 quos
609 814 800 849 jubilationem
826 818 853 842 et
871 821 965 841 vocem
994 813 1067 841 tuba:

281 863 422 895 nuncupat
439 859 534 887 dicens
549 868 555 886 :
571 859 694 887 Ascendit
706 859 776 886 Deus
793 859 821 886 in
829 859 1002 893 jubilalione,
1019 859 1070 886 Da-

283 905 370 932 minus
384 906 411 932 in
426 913 484 932 voce
498 904 577 932 labre.

554 1003 669 1030 DAVIDI
691 1003 786 1031 XXIV.

316 1050 383 1078 Cum
394 1044 482 1086 ncque
497 1050 629 1085 psalmus,
642 1058 730 1086 neque
744 1050 892 1084 canticum,
905 1058 993 1085 neque
1004 1049 1068 1085 quid

281 1097 371 1124 simile
389 1096 566 1128 inscribatur,
581 1103 670 1131 neque
686 1096 713 1122 in
732 1096 812 1122 ﬁnem
828 1095 885 1122 haec
899 1094 1067 1128 referantur;

281 1151 312 1170 ac
325 1143 436 1178 quidam
446 1150 588 1170 sermones
600 1142 656 1170 sint
669 1141 696 1169 in
709 1141 812 1178 Spiritu
825 1147 922 1170 sancto
937 1150 951 1168 a
969 1140 1069 1168 Davide

281 1189 443 1223 conscripti,
459 1188 521 1216 ideo
535 1196 550 1215 a
566 1188 679 1223 reliquis
694 1188 890 1224 interpretibus
901 1187 1010 1215 Davidia
1027 1188 1070 1215 in-

280 1234 421 1263 scribitur.
432 1233 499 1262 Jure
513 1234 639 1262 dicamus
654 1234 743 1270 ipsum
756 1234 908 1261 doctrinam
926 1234 1069 1270 complecti

280 1278 464 1308 confessionis
479 1280 535 1308 Deo
551 1280 676 1314 emissae;
693 1288 747 1315 qua
766 1280 840 1316 prior
856 1280 965 1315 quidem
985 1279 1069 1306 David

281 1335 349 1355 usus
367 1328 413 1360 sit,
429 1326 528 1354 deinde
543 1326 623 1354 nobis
636 1326 758 1354 eamdem
772 1326 859 1362 ipsam
870 1326 1025 1359 tradiderit,
1041 1330 1071 1353 ut

279 1373 391 1401 doceret
407 1380 462 1408 quo
476 1377 556 1408 pacto
577 1371 715 1399 inﬁrmum
731 1380 868 1407 quemque
884 1373 1003 1400 animum
1021 1380 1070 1400 cu-

279 1427 340 1448 rare
357 1427 435 1448 suam
451 1427 500 1455 per
515 1417 717 1447 confessionem
731 1422 867 1454 oporteat.

317 1508 398 1537 Vnus.
413 1509 442 1542 2,
456 1509 484 1537 5.
503 1509 544 1535 Ad
555 1513 589 1540 te,
605 1508 726 1542 Domine,
741 1509 824 1536 levavi
843 1509 961 1536 animam
974 1517 1069 1541 meam;

279 1553 351 1582 Deus
366 1563 450 1587 meus,
464 1555 491 1581 in
505 1559 529 1581 te
540 1554 656 1589 conﬁdo,
670 1563 721 1581 mm
732 1555 883 1582 erubescam
896 1563 905 1582 .'
916 1563 996 1590 neque
1008 1555 1071 1581 irri-

278 1599 357 1627 deant
371 1608 410 1627 me
423 1600 524 1627 inimici
537 1600 598 1632 mei,
610 1600 705 1627 etenim
719 1600 834 1627 universi
849 1601 894 1635 qui
904 1601 1034 1628 sustinent
1047 1605 1071 1627 te

279 1654 330 1672 non
349 1645 553 1680 canfundentur.
570 1645 633 1673 Haec
648 1646 696 1679 ait,
713 1647 792 1681 quasi
814 1647 841 1674 in
855 1647 940 1673 altum
956 1651 1067 1674 evectus

279 1699 306 1720 et
320 1692 488 1725 translatus;
512 1695 542 1718 ut
558 1693 604 1726 qui
624 1693 743 1720 animam
760 1700 837 1721 suam
858 1693 892 1720 ab
907 1693 1008 1721 inﬁmis
1024 1701 1066 1721 re-

281 1738 332 1766 bus
347 1738 511 1765 abstractam
527 1738 670 1765 sublimem
686 1739 782 1774 egerit.
799 1743 880 1773 atque
894 1738 991 1766 aﬂ'ectu
1006 1746 1066 1766 eam

278 1791 389 1812 sursum
409 1791 442 1811 ac
462 1783 518 1811 Deo
533 1784 653 1811 vicinam
678 1785 864 1818 constituerit,
890 1787 918 1812 et
940 1785 1065 1812 mortalin

279 1831 454 1866 humanaque
469 1834 624 1862 aversatus,
649 1829 684 1857 ad
705 1829 789 1857 Deum
811 1837 841 1857 se
856 1829 965 1858 sincero
985 1830 1067 1858 corde

279 1878 454 1905 converterit.
470 1876 628 1912 Deindeque
644 1877 682 1904 ait
694 1886 700 1904 ε
714 1875 773 1904 Non
789 1877 867 1909 mihi,
886 1876 933 1905 sed
950 1876 999 1904 tibi
1011 1876 1067 1904 Deo

278 1932 339 1952 meo
349 1923 480 1957 conﬁsus,
495 1924 634 1958 multaque
645 1931 711 1951 usus
727 1922 836 1954 ﬁducia,
850 1922 932 1950 talem
950 1930 1006 1950 rem
1024 1929 1067 1958 ag-

279 1978 390 2006 gressus
409 1977 480 1998 sum.
497 1969 548 2002 Qui
564 1970 655 1996 omnia
673 1976 734 2005 quae
747 1969 798 1996 sub
808 1973 948 2004 aspectum
963 1972 989 1996 et
1004 1976 1067 1996 sen-

280 2024 341 2044 sum
356 2016 458 2043 cadunt
475 2015 650 2050 contempsit,
665 2019 692 2043 et
705 2016 736 2042 ad
753 2016 944 2049 incorporeum
963 2015 1066 2042 invisi—

279 2063 416 2098 liilcmque
431 2062 517 2090 Deum
535 2062 653 2088 animam
669 2062 767 2094 erexit,
790 2061 884 2096 Deum,
908 2067 937 2089 ut
956 2069 1065 2097 posses-

280 2117 340 2137 sum
359 2109 408 2136 abs
427 2116 457 2136 se
478 2108 590 2140 bonum,
614 2107 726 2136 ﬁdenter
747 2108 875 2142 invocat;
900 2113 1066 2144 quapropter

279 2155 347 2183 dicit
367 2165 373 2182 :
390 2155 461 2182 Deus
478 2163 560 2185 meus.
587 2155 613 2181 in
631 2160 654 2182 te
669 2154 782 2190 con/ida.
808 2154 874 2188 Quae
892 2155 925 2182 ad
943 2163 986 2183 me
1000 2156 1065 2182 atti-

280 2203 355 2232 nent,
372 2199 471 2235 inquit,
490 2199 526 2228 ita
541 2208 571 2227 se
587 2200 698 2227 habent.
712 2200 844 2227 Cmtcrum
858 2201 985 2236 precibus
1000 2201 1065 2228 mihi

279 2247 425 2282 divinaque
443 2250 491 2274 tuo
505 2246 608 2273 auxilio
623 2254 692 2281 opus
704 2250 756 2279 est,
770 2251 799 2272 ut
810 2254 844 2274 ne
856 2254 870 2273 a
888 2254 971 2282 scopo
987 2247 1064 2274 aber-

280 2301 347 2325 rem,
369 2300 438 2320 neve
458 2300 509 2320 ceu
525 2299 540 2319 a
555 2292 666 2327 praealto
686 2293 826 2319 cacumine
842 2293 934 2328 lapsus
951 2297 1053 2320 attcrnr

279 2339 369 2373 Quare
384 2338 500 2366 obsecro
514 2345 644 2373 rogoque.
660 2346 694 2366 ne
705 2338 739 2366 ab
750 2338 870 2366 inimicis
882 2340 951 2367 meis
962 2339 1064 2375 pudore

280 2385 422 2413 suﬁ‘undar
436 2388 463 2413 et
479 2383 595 2412 irridear
611 2394 618 2411 :
633 2384 706 2419 quod
721 2393 787 2412 sane
800 2389 846 2412 tuo
861 2385 908 2413 Dei
923 2386 974 2413 mei
987 2387 1065 2413 auxi-

279 2432 315 2458 lio
329 2431 469 2458 obtinebo.
488 2430 555 2457 Nam
568 2431 684 2466 pristina
700 2431 808 2465 quidem
829 2439 862 2458 ex
885 2432 995 2466 proprio
1017 2441 1065 2460 vo-

279 2477 392 2504 luntatis
405 2477 511 2505 delectu
523 2477 775 2512 proﬁciscebantur,
789 2481 819 2504 ut
830 2477 934 2505 scilicet
946 2478 1064 2505 animum

279 2529 366 2550 meam
388 2522 521 2549 arbitratu
547 2530 608 2550 meo
631 2531 678 2550 sus
700 2522 787 2558 deque
802 2530 908 2558 agerem
924 2533 930 2551 ι
947 2524 1066 2551 secunda

280 2566 433 2602 patrocinio
448 2570 476 2594 et
492 2567 616 2595 subsidio
632 2571 713 2603 egent
733 2571 792 2596 tuo.

318 2699 399 2726 Vens.
415 2699 441 2727 4.
461 2699 665 2734 Confundautur
676 2702 766 2737 iniqua
779 2706 882 2737 agentes
896 2709 1062 2736 supervacue.

282 2738 424 2781 Proposito
440 2746 567 2775 insistere
582 2748 670 2775 solum
691 2749 830 2781 convenit,
855 2756 943 2784 neque
958 2754 1064 2777 mutare

280 2793 455 2826 sententiam,
470 2792 512 2820 vel
528 2800 543 2820 a
563 2793 616 2821 ﬁde
629 2794 755 2822 deﬁcere.
771 2792 839 2822 Nam
855 2796 902 2831 qui
921 2796 1064 2825 instabiles

280 2839 448 2875 mobilesque
463 2843 538 2872 sunt,
564 2847 595 2867 ac
609 2840 682 2867 omni
697 2845 777 2868 vento
790 2841 1031 2876 circumferuntur,
1047 2843 1063 2871 ii

315 2919 337 2935 "
357 2917 434 2947 Joan.
452 2926 512 2954 xn',
528 2919 555 2946 2.
595 2919 616 2935 "
635 2917 708 2946 Psal.
728 2926 807 2954 ιινι,
826 2920 852 2947 0.

1123 306 1171 332 σὺν
1186 304 1224 340 τῷ
1235 304 1292 340 Υεῷ
1307 305 1354 331 τοῦ
1370 303 1448 331 Θεοῦ.
1466 303 1571 335 Πολλὰς
1584 303 1639 339 γὰρ
1649 303 1750 339 ἀνέῳξε
1764 303 1810 330 καὶ
1821 304 1918 338 διαφό-

1123 360 1187 387 ρους
1204 351 1290 383 πύλας
1301 351 1349 386 τῆς
1368 351 1408 382 είς
1424 352 1486 382 τοὺς
1497 351 1627 385 οὐρανοὺς
1640 350 1756 377 εἰσόδου·
1784 350 1846 377 ἐπεὶ
1870 351 1918 377 καὶ

1122 397 1217 424 πολλαὶ
1235 397 1315 433 μοναὶ
1332 397 1408 433 παρὰ
1419 396 1457 432 τῷ
1470 396 1568 432 Πατρί.
1583 397 1654 432 Ὅρα
1666 397 1694 423 δὲ
1710 397 1734 422 εί
1752 395 1790 432 μὴ
1806 398 1836 423 ἐν
1852 398 1919 423 τοῦ-

1121 452 1177 475 τοις
1190 443 1282 478 λυθείη
1296 442 1330 470 ἂν
1344 443 1374 469 τὸ
1391 442 1556 478 ζητούμενον
1573 443 1601 469 ἐν
1611 441 1651 477 τῷ
1664 441 1794 476 φάσκοντι
1802 442 1914 477 ψαλμῷ-

1128 490 1226 524 Ἀνέϐη
1242 491 1258 516 ὁ
1272 489 1344 522 Θεὸς
1375 489 1411 515 ὲν
1435 487 1608 524 ἀλαλαγμῷ,
1634 488 1743 522 Κύριος
1771 488 1806 515 ἑν
1828 488 1918 523 φωνῇ

1121 534 1297 570 σάλπιγγος.
1325 534 1457 561 Ἐνταῦθα
1472 534 1526 570 γὰρ
1550 534 1580 560 τὸ
1603 533 1715 570 Πνεῦμα
1730 534 1760 560 τὸ
1773 534 1850 569 ἆγιον
1869 536 1919 562 καὶ

1121 581 1165 608 τὸν
1177 581 1334 617 ἀλαλαγμὸν
1347 580 1394 607 καὶ
1410 580 1459 616 τὴν
1474 580 1566 616 φωνὴν
1592 580 1643 614 τῆς
1657 580 1807 614 σάλπιγγος
1820 580 1919 607 ἀποδὶο

1120 627 1210 654 δωσιν.
1235 627 1279 654 Ἐν
1289 627 1343 662 γὰρ
1355 627 1388 662 τῇ
1411 627 1450 658 εἰς
1460 625 1592 661 οὐρανοὺς
1614 625 1745 652 ἀναϐάσει
1771 625 1817 652 τοῦ
1847 625 1918 652 Υἱοῦ

1119 671 1166 698 τοῦ
1181 671 1260 703 Θεοῦ,
1275 672 1338 703 τοὺς
1352 670 1600 705 διακονησαμένους
1622 670 1696 705 αὐτῷ
1711 670 1844 704 ἀγγέλους
1865 670 1917 705 τὴν

1119 718 1159 748 είς
1174 716 1334 752 ἀνθρώπους
1362 715 1518 750 οἰκονομίαν
1543 715 1706 750 προτρέχειν
1731 714 1805 750 αὐτῷ
1828 715 1916 746 εἰκὸς,

1119 761 1230 790 καὶτὰς
1244 761 1386 796 οὐρανίους
1406 760 1493 792 πύλας
1510 759 1585 794 αὐτῷ
1608 755 1841 794 παρασκευάζειν,
1858 768 1916 794 φω-

1119 807 1168 839 νάς
1181 815 1211 833 τε
1225 807 1334 842 ἀφιέναι
1348 807 1394 833 καὶ
1411 805 1474 841 βοὰς
1487 805 1645 840 ἀγγελικὼς,
1657 805 1707 836 τὰς
1717 806 1745 832 ἐν
1759 805 1799 841 τῷ
1812 805 1915 841 ψαλμῷ

1119 853 1282 889 φερομένας
1296 852 1329 884 ἃς
1338 852 1370 888 δὴ
1386 852 1544 887 ἀλαλαγμὸν
1572 852 1618 878 καὶ
1646 851 1737 888 φωνὴν
1763 851 1916 886 σάλπιγγος

1119 899 1244 935 ὠνόμασε
1256 899 1355 934 φήσας¹
1376 898 1475 932 Ἀνέϐη
1490 900 1506 925 ό
1523 897 1596 931 Θεὸς
1613 897 1647 924 ἐν
1660 897 1835 934 ἀλαλαγμῷ,
1855 898 1917 925 Κύ-

1086 966 1107 993 B
1116 955 1182 980 ριος
1198 945 1232 972 ἐν
1246 944 1332 980 φωνῇ
1344 944 1520 980 σάλπιγγος,

1082 1637 1103 1666 C

1393 1003 1436 1029 ΤΩ
1454 1003 1554 1029 ΔΑΥΙΔ
1573 1002 1641 1029 KA’.

1161 1047 1237 1076 Ἐπεὶ
1253 1048 1323 1084 μήτε
1335 1047 1440 1083 ψαλμδς
1453 1047 1662 1082 ἐπιγέγραπται.
1677 1048 1744 1083 μήτε
1759 1046 1826 1083 ᾠδὴ,
1843 1047 1915 1083 μήτε

1118 1093 1215 1120 τιτῶν
1238 1092 1448 1128 παραπλησίων,
1475 1092 1533 1118 ἀλλ’
1561 1092 1615 1118 006"
1639 1093 1680 1124 εἰς
1709 1093 1740 1119 τὸ
1756 1092 1833 1123 τέλος
1848 1092 1916 1118 ἀνα-

1120 1140 1257 1176 πέμπεται
1272 1139 1307 1166 τὰ
1317 1138 1493 1175 προκείμενα·
1508 1138 1581 1172 λόγοι
1590 1137 1618 1165 δέ
1626 1139 1694 1165 είσιν
1707 1138 1736 1165 ἐν
1746 1139 1817 1173 ἁγίῳ
1827 1139 1916 1165 Ilvati-

1121 1195 1186 1222 ματι
1197 1185 1236 1222 τῷ
1248 1185 1329 1212 Δαυῖδ
1341 1184 1591 1220 συγγεγραμμένον
1600 1185 1641 1211 διὸ
1656 1184 1731 1220 παρὰ
1742 1185 1798 1216 τοῖς
1808 1184 1915 1216 λοιποῖς

1120 1233 1299 1269 ἐρμηνευταῖς
1316 1232 1369 1258 τοῦ
1381 1230 1471 1258 Δαυῒδ
1495 1231 1715 1267 προγέγραπται·
1733 1231 1844 1262 εἰκότως
1861 1231 1915 1266 φή-

1121 1287 1203 1314 σομεν
1215 1277 1387 1305 διδασκαλίαν
1404 1277 1542 1313 περιέχειν
1554 1277 1604 1312 τῆς
1628 1277 1696 1312 πρὸς
1713 1277 1758 1303 τὸν
1771 1276 1837 1303 Θεδν
1852 1277 1915 1309 ἐξο-

1122 1324 1305 1360 μολογήσεως,
1355 1323 1461 1358 πρῶτος
1481 1323 1528 1358 μὲν
1541 1323 1622 1355 αὐτὸς
1636 1324 1650 1350 ό
1664 1322 1745 1349 Δαυῖδ
1764 1323 1912 1359 ἐχρήσατο,

1120 1369 1215 1396 ἔπειτα
1244 1369 1345 1397 δὲ,καὶ
1375 1369 1441 1404 ἡμῖν
1472 1368 1658 1404 παραδέδωκε,
1688 1367 1824 1394 παιδεύων
1837 1367 1914 1400 ὅπως

1120 1416 1172 1452 χρὴ
1190 1415 1340 1451 νοσήσαντα
1354 1414 1403 1451 τὴν
1416 1414 1520 1441 ἑαυτῶν
1533 1414 1696 1448 θεραπεύειν
1707 1414 1796 1450 ψυχὴν
1805 1414 1839 1441 δι’
1853 1414 1914 1448 ἐξο-

1122 1462 1223 1498 μολογή
1227 1470 1305 1493 σεως.

1155 1507 1234 1542 Πρὸς
1248 1507 1295 1540 σὲ,
1310 1507 1409 1542 Κύριε,
1426 1504 1485 1543 ἦρα
1505 1506 1562 1542 τὴν
1582 1506 1689 1542 ψυχήν
1707 1515 1777 1542 μου·
1799 1507 1817 1533 ὁ
1838 1506 1914 1539 Θεός

1118 1562 1189 1588 μου,
1209 1553 1257 1580 ἐπὶ
1273 1552 1323 1580 σοὶ
1345 1553 1482 1585 πέποιθα,
1492 1552 1535 1588 μὴ
1559 1553 1810 1588 κατασχυνθείην’
1832 1552 1914 1588 μηδὲ

1121 1598 1414 1634 καταγελασάτωσάν
1423 1609 1461 1634 με
1475 1601 1502 1626 οἱ
1518 1599 1618 1634 ἐχθροί
1626 1607 1696 1634 μου·
1708 1598 1759 1625 καὶ
1772 1598 1826 1634 Ἱύρ
1838 1598 1914 1625 πάν-

1120 1654 1169 1679 τες
1183 1647 1210 1673 οί
1234 1645 1438 1680 ὺπομένοντές
1461 1654 1498 1673 σε
1518 1647 1554 1672 οὺ
1578 1645 1620 1680 μὴ
1655 1644 1912 1680 καταισχυνθῶσι.

1120 1690 1213 1717 Ταῦτά
1226 1699 1319 1726 φησιν,
1348 1690 1447 1717 ὡσανεὶ
1473 1691 1577 1727 ἐπάρας
1596 1692 1635 1723 είς
1659 1690 1726 1726 ὕψος
1741 1690 1868 1727 μεταθείς
1881 1699 1913 1718 τε

1120 1736 1166 1762 καὶ
1183 1735 1351 1772 μετεωρίσας
1364 1736 1418 1764 τῶν
1436 1737 1499 1773 τῇδε
1511 1738 1680 1773 πραγμάτων
1688 1737 1737 1773 τὴν
1752 1737 1850 1764 ἑαυτοῦ
1861 1737 1915 1772 ψυ-

1120 1783 1180 1818 χήν·
1198 1781 1254 1810 ἄνω
1264 1791 1295 1809 τε
1310 1783 1424 1818 πλησίον
1435 1783 1520 1819 αὐτὴν
1536 1783 1581 1810 τοῦ
1597 1783 1664 1810 Θεοῦ
1680 1785 1713 1820 τῇ
1726 1783 1844 1810 διαθέσει
1861 1792 1913 1810 κα-

1120 1831 1256 1866 ταστήσας
1270 1830 1304 1857 δι’
1324 1830 1499 1866 ἀποστροφῆς
1520 1830 1568 1866 μὲν
1585 1830 1638 1857 τῶν
1665 1829 1770 1866 θνητῶν
1793 1829 1840 1856 καὶ
1865 1829 1914 1856 ἀν-

1120 1876 1273 1912 θρωπίνων,
1289 1877 1455 1913 ἐπιστροφῆς
1479 1877 1507 1904 δὲ
1523 1876 1635 1913 γνησίας
1651 1877 1700 1912 τῆς
1725 1876 1793 1912 πρὸς
1817 1876 1911 1904 αὐτόν.

1121 1923 1240 1950 Ἐπειτά
1252 1932 1328 1959 φησυ
1338 1923 1423 1951 Τοῦτο
1437 1923 1586 1958 πεποίηκα,
1600 1922 1650 1949 οὐκ
1665 1921 1775 1957 ἐμαυτῷ
1790 1921 1913 1958 θαρρῶν,

1120 1969 1176 1997 ἀλλ’
1189 1969 1235 1996 ἐπὶ
1254 1970 1295 1996 σοὶ
1309 1969 1348 2005 τῷ
1358 1969 1417 2005 Θεῷ
1431 1977 1481 2005 μου
1494 1968 1642 2000 πεποιθὼς,
1672 1968 1755 2003 πολλῇ
1770 1968 1915 2003 παρρησίᾳ

1119 2015 1268 2052 χρώμενος.
1293 2015 1323 2042 '0
1335 2016 1442 2043 πάντων
1457 2015 1507 2050 μέν
1533 2014 1587 2041 τῶν
1612 2014 1748 2050 αἰσθητῶν
1766 2015 1814 2041 καὶ
1843 2015 1914 2050 69m-

1121 2061 1209 2096 μένων
1224 2061 1442 2097 καταφρονήσας,
1459 2060 1505 2087 ἐπὶ
1514 2060 1542 2086 δὲ
1554 2060 1600 2087 τὸν
1611 2059 1755 2095 ἀσώματον
1769 2060 1815 2086 καὶ
1830 2060 1916 2096 ἀόρα-

1118 2115 1163 2132 τον
1177 2106 1243 2132 Θεὸν
1261 2105 1309 2142 τὴν
1321 2106 1418 2133 ἑαυτοῦ
1428 2106 1517 2142 ψυχὴν
1530 2105 1645 2141 ἐπάρας,
1675 2105 1713 2137 ὡς
1726 2105 1759 2132 ἂν
1772 2105 1837 2132 ἰδιον
1849 2106 1915 2132 ἐαυ-

1118 2152 1164 2179 τοῦ
1184 2153 1277 2188 κτῆμα
1299 2153 1443 2188 γενόμενον
1463 2152 1508 2179 τὸν
1525 2152 1590 2179 Θεὸν
1605 2151 1792 2179 ἐπικαλεῖσθαι
1804 2151 1912 2188 θαρρεῖ-

1118 2198 1158 2225 διὸ
1171 2198 1253 2233 λέγει·
1285 2199 1316 2226 Ὁ
1342 2199 1413 2232 Θεός
1425 2208 1497 2233 μου,
1510 2198 1558 2225 ἐπὶ
1574 2198 1622 2225 σοί
1653 2198 1789 2225 πέποιθα.
1808 2198 1864 2224 Καὶ
1877 2198 1914 2225 τΞι

1120 2246 1183 2280 παρ’
1195 2245 1261 2280 ἐμοῦ
1279 2245 1338 2280 μὲν,
1351 2245 1427 2280 φησὶ,
1443 2244 1539 2272 ταῦτα.
1557 2245 1655 2271 Λοιπὸν
1670 2244 1697 2271 δὲ
1708 2245 1790 2280 εὐχῆς
1806 2254 1852 2280 μοι
1861 2245 1912 2276 δεῖ,

1119 2291 1166 2317 καὶ
1181 2290 1230 2325 τῆς
1247 2291 1324 2326 παρὰ
1335 2290 1382 2317 σοῦ
1402 2290 1448 2318 τοῦ
1476 2290 1544 2317 Θεοῦ
1559 2290 1727 2326 συνεργείας,
1743 2290 1811 2326 πρὸς
1829 2291 1859 2317 τὸ
1873 2291 1912 2326 μὴ

1118 2337 1247 2363 ἐκπεσεῖν
1273 2336 1320 2363 τοῦ
1334 2335 1447 2368 σκοποῦ,
1465 2336 1524 2372 μηδ’
1539 2335 1632 2372 ὥσπερ
1649 2336 1695 2371 ἀφ’
1706 2335 1810 2371 ὑψηλῆς
1823 2337 1914 2372 ἀκρω-

1119 2382 1196 2418 ρείας
1213 2381 1330 2408 πεσόντα
1345 2382 1546 2418 ἀπορραγῆναι.
1563 2382 1607 2408 Διὸ
1624 2381 1720 2417 δέομαι
1735 2383 1781 2408 καὶ
1797 2382 1914 2409 ἱκετεύω

1120 2430 1157 2465 μὴ
1173 2428 1414 2464 καταιηυνθῆναι,
1437 2428 1503 2464 μηδὲ
1524 2427 1760 2464 καταγελασθῆναι
1785 2428 1839 2454 ὑπὸ
1858 2428 1912 2454 τῶν

1118 2476 1222 2513 ἐχθρῶν
1235 2484 1296 2512 μου·
1316 2476 1400 2503 ταῦτα
1410 2475 1438 2502 δέ
1455 2483 1499 2510 μοι
1515 2474 1590 2500 ἔσται
1612 2475 1645 2500 ἐκ
1658 2473 1707 2508 τῆς
1720 2473 1771 2508 σῆς
1781 2473 1829 2500 τοῦ
1843 2473 1911 2500 Θεοῦ

1120 2532 1170 2558 μου
1187 2521 1322 2558 βοηθείας.
1339 2521 1379 2548 Τὰ
1392 2522 1440 2556 μὲν
1455 2520 1510 2556 γὰρ
1524 2519 1620 2557 πρῶτα
1639 2519 1668 2553 ἐξ
1683 2519 1755 2555 ἐμῆς
1770 2517 1804 2555 ἦν
1814 2527 1914 2555 προαι-

1119 2569 1230 2604 ρέσεως,
1244 2569 1275 2595 τὸ
1293 2569 1370 2602 ἄγειν
1382 2568 1429 2594 καὶ
1449 2567 1542 2603 φέρειν
1554 2566 1602 2602 τὴν
1619 2565 1737 2602 ἐμαυτοῦ
1756 2565 1847 2601 ψυχὴν
1858 2566 1911 2600 ὅπη

1117 2616 1164 2642 καὶ
1178 2615 1318 2651 βούλομαι·
1332 2614 1366 2641 τὰ
1379 2613 1407 2641 δὲ
1420 2614 1533 2649 δεύτερα
1550 2614 1600 2649 τῆς
1616 2612 1665 2648 σῆς
1679 2611 1851 2648 ἀντιλήψεως
1866 2612 1913 2638 καὶ

1118 2661 1275 2697 συνεργείας
1286 2660 1380 2687 δεῖται.

1151 2705 1409 2740 Αίσχυνθήτωσαν
1423 2707 1449 2732 οἱ
1463 2705 1646 2740 ἀνομοῦντες
1660 2703 1810 2738 διακενῆς.
1823 2703 1912 2730 Μόνον

1118 2751 1261 2787 ὑπομένειν
1274 2753 1306 2787 τῇ
1324 2751 1463 2788 προθέσει,
1480 2751 1547 2787 μηδὲ
1562 2750 1750 2786 μεταϐάλλειν,
1765 2751 1813 2777 καὶ
1834 2750 1911 2786 μεθί-

1120 2797 1233 2825 στασθαι
1255 2799 1303 2834 τῆς
1318 2798 1445 2830 πίστεως.
1459 2798 1490 2824 Οἱ
1515 2797 1568 2833 γὰρ
1585 2797 1736 2833 εὑρίπιστοι
1754 2796 1802 2824 καὶ
1828 2795 1907 2822 παντὶ

1119 2843 1210 2880 ἀνέμῳ
1226 2844 1436 2881 περιφερόμενοι
1449 2842 1559 2871 πάθοιεν
1574 2844 1606 2871 ἄν
1622 2851 1685 2870 ποτε
1700 2843 1733 2870 τᾶ
1745 2843 1794 2879 τῆς
1808 2840 1905 2879 αἰσχῦ-
