2056 3214
273 174 323 202 ’227
367 170 369 173 ’

641 172 771 200 EUSEBII
790 171 1026 200 ΟιΕὸΑῐίΙΕΝδΙδ
1046 170 1118 198 ΟΙΨ.
1134 170 1222 198 PARS
1241 171 1285 198 Ill.
1307 187 1341 190 βο
1360 170 1560 199 EXEGETICA.

1835 171 1887 190 ΜΩ

1837 188 1887 198 ait:

273 239 299 263 et
315 238 404 262 rectus
421 233 551 261 Dominus
568 237 620 265 est,
637 232 683 267 qui
696 232 781 266 probe
800 231 891 259 omnia
904 231 1052 266 dispensat,

1106 229 1167 260 στός
1182 230 1255 256 ἐστιν
1276 230 1323 256 καὶ
1355 230 1444 263 εὐθὶς,
1462 229 1553 264 φησιν,
1567 230 1581 256 ὁ
1603 229 1712 264 Κύριος,
1728 227 1757 255 εὖ
1774 229 1892 256 διατιθέ-

274 284 429 313 rectamquc
445 278 534 313 diligit
547 278 629 310 viam,
645 284 676 304 ac
691 281 815 304 tortuosa
832 277 860 303 in
881 279 984 303 rectum
997 275 1053 302 cal-

274 325 324 352 lem
339 323 458 352 deducit.
473 323 645 358 Quapropter
657 325 816 356 peccatores
831 327 886 347 non
900 323 1051 352 aversatur,

274 378 361 405 neque
373 369 486 404 negligit
500 369 600 396 siuitvc
619 375 666 394 eos
686 366 804 400 peccatis
819 366 957 401 corrumpi
975 366 1050 393 suis:

273 416 319 443 sed
335 415 413 450 quasi
427 415 612 450 perhumanus
628 413 769 447 bonusque
790 412 918 440 Servator
932 412 1054 438 inﬁrmo-

274 469 332 488 rum
364 462 427 496 plus
458 467 540 495 quam
566 460 635 486 bene
663 459 820 486 habentium
844 465 937 484 curam
966 457 1052 492 gerit,

274 513 354 543 atque
374 508 441 542 ipsis
456 507 540 542 legem
568 506 631 537 dat.
658 503 824 540 pmnitentia:
835 503 893 531 vias
917 503 1051 534 iudicans,

274 558 398 590 legesque
409 561 512 586 ponens
530 553 596 588 ipsis
608 553 641 579 ad
657 553 772 580 salutem
785 555 975 585 congruentes.
985 550 1052 578 Nam

273 601 314 628 vel
332 601 365 628 iis
379 601 424 635 qui
447 603 561 635 peccant
575 599 617 626 via
632 598 754 634 quaedam
779 597 875 625 salutis
888 597 1051 629 ostenditur,

274 647 397 674 videlicet
415 645 620 677 conversionis,
645 644 810 679 pmnitentite
823 663 830 674 .
855 643 1051 675 confessionis,

274 701 331 727 qua:
349 692 457 727 quidem
481 691 532 718 alia
548 695 590 718 est
606 698 620 717 a
642 691 685 716 via
705 689 833 725 perlectis
852 689 919 717 viris
942 689 1050 716 tradita.

274 739 339 766 Nam
350 747 412 766 cum
429 739 514 773 legem
527 738 573 765 dat
588 737 668 768 Deus,
685 737 756 763 viam
772 736 948 770 peccantibus
961 735 1052 765 aliam,

274 786 352 813 aliam
367 792 382 812 a
397 788 508 820 peccato
525 792 554 812 se
574 784 805 816 convertentibus,
821 783 901 810 aliam
917 783 950 809 iis
961 781 1007 817 qui
1025 781 1052 807 in

274 833 372 860 virtute
385 831 539 867 proﬁciunt,
554 831 633 858 aliam
650 831 757 858 demum
774 829 980 865 perlectioribus
998 833 1053 855 tra-

273 878 320 904 tlit.
336 877 517 910 Quamobrem
540 876 716 911 peccantibus
740 876 848 910 quidem
870 875 942 901 viam
960 877 1053 901 osten-

274 925 327 957 Jit;
345 927 504 950 mansuetos
530 930 591 949 cum
610 922 713 957 judicio
745 922 862 957 diriget,
884 927 1053 955 eorumque,

273 975 364 1006 utpote
381 970 573 1006 perfectiorum
586 990 592 1001 .
615 977 709 996 curam
737 973 829 1004 geret;
851 975 936 1003 quare
956 968 1054 1003 dignos

273 1023 318 1043 eos
335 1016 382 1050 qui
398 1015 469 1042 beati
495 1014 710 1050 prmdiearentur
730 1013 884 1044 mstimavit,
903 1012 1052 1040 secundum

273 1061 337 1089 illud
351 1061 459 1090 :.Beati
489 1061 583 1092 mites,
598 1060 720 1095 quoniam
744 1060 794 1093 ipsi
813 1059 980 1093 possidebunt
1000 1062 1053 1085 ter-

273 1116 329 1134 ram
351 1107 384 1134 ⁸¹.
405 1106 461 1134 llos
484 1106 566 1133 etiam
592 1106 672 1133 docet
685 1106 744 1133 vias
766 1113 839 1132 suas.
867 1104 937 1132 Loco
962 1108 1052 1132 autem

274 1154 357 1187 illius,
373 1154 428 1180 vias
444 1160 506 1180 suas
520 1160 529 1179 :
544 1152 639 1187 Aquila
653 1155 679 1179 et
695 1151 885 1187 Symmachus,
896 1151 966 1178 viam
977 1159 1053 1178 suam

273 1200 411 1227 dixerunt.
431 1199 497 1226 Nam
512 1207 543 1226 ea
561 1198 618 1233 ipsa
631 1198 673 1224 via
695 1198 820 1225 Salvator
835 1198 958 1229 incessit.
973 1201 1054 1232 prout

273 1245 392 1272 dicitur:
418 1244 516 1271 Discite
539 1252 555 1270 a
576 1251 617 1270 me
639 1243 701 1278 quia
721 1243 793 1270 mitis
817 1244 876 1270 sum
897 1247 922 1270 et
946 1242 1053 1270 humilis

273 1290 349 1317 corde
360 1290 393 1317 “.
418 1289 516 1316 Eadem
545 1289 626 1324 igitur
655 1290 714 1324 ipsa
743 1288 785 1315 via
814 1289 876 1316 illos
897 1288 1007 1316 deducit
1027 1291 1054 1315 et

273 1336 350 1371 quasi
371 1343 451 1362 manu
468 1335 572 1370 dirigit.
598 1333 701 1362 Idcirco
719 1338 749 1361 ut
771 1334 880 1369 sapiens
904 1334 1050 1370 legislator,

274 1378 352 1409 aliam
370 1381 577 1416 peccatoribus,
599 1381 711 1408 milibus
735 1383 847 1408 alteram
869 1380 939 1408 viam
962 1384 1054 1407 osten-

273 1428 322 1455 dit.

306 1558 388 1586 Vens.
408 1558 452 1586 10.
475 1557 608 1586 Universae
626 1557 674 1586 via:
693 1557 810 1589 Domini,
824 1557 1008 1584 misericordia
1028 1561 1053 1584 et

273 1606 367 1632 ueritas
388 1605 580 1640 requirentibus
595 1609 778 1632 testamentum
792 1604 849 1639 ejus
859 1609 884 1631 et
903 1604 1054 1631 testimonia

273 1651 336 1685 ejus.
352 1650 453 1682 Multa},
469 1650 568 1685 inquit,
579 1650 629 1677 vim
644 1650 752 1677 Domini
769 1653 843 1680 sunt,
858 1657 951 1677 verum
966 1649 1053 1677 omni-

274 1697 324 1724 bus
341 1696 483 1731 pmcurrit
496 1695 686 1723 misericordia
698 1695 757 1729 ejus
769 1703 775 1720 ε
792 1703 855 1722 eum
866 1694 1053 1723 misericordia

274 1749 355 1777 porro
374 1741 475 1769 veritas
494 1749 548 1768 una
563 1742 686 1776 procedit
698 1762 705 1773 ,
718 1742 863 1768 miseretur
882 1742 982 1776 quippe
994 1749 1053 1767 om-

274 1785 347 1812 nium
362 1789 389 1812 et
408 1785 474 1812 nihil
494 1785 552 1812 odit
562 1793 656 1812 eorum
669 1793 730 1820 qua:
744 1785 807 1813 fecit
817 1785 840 1801 ³³
854 1795 860 1812 :
878 1793 965 1820 neque
981 1786 1053 1812 enim

274 1831 375 1866 aliquid
390 1831 513 1858 condidit
523 1831 596 1866 quod
609 1831 673 1858 odio
692 1831 813 1858 haberet.
831 1830 950 1866 Singulis
972 1831 1054 1866 igitur

274 1877 371 1905 divinae
389 1876 636 1904 administrationis
656 1881 683 1903 et
701 1876 879 1910 providentize
898 1877 950 1904 viis
973 1877 1053 1904 misc-

275 1923 392 1950 ricordia
408 1923 566 1957 prmcurrit.
592 1922 808 1950 misericordiam
825 1923 926 1950 veritas
955 1923 1053 1950 subsc-

273 1967 375 2002 quitur.
392 1967 427 1994 lis
443 1971 533 1994 autem
549 1967 595 2002 qui
618 1967 733 1994 sollicite
753 1967 905 2002 requirunt,
925 1967 1053 2002 quaestio-

274 2020 338 2039 num
354 2020 445 2040 veram
462 2013 585 2040 notitiam
601 2013 791 2042 subministrat
801 2013 892 2048 quiait
909 2013 1052 2046 :Quazrite.

273 2063 297 2085 et
311 2058 457 2089 invenietis,
466 2059 580 2092 pulsate.
589 2063 614 2085 et
622 2059 755 2092 aperietur
766 2059 836 2086 vobis
848 2059 881 2084 ³⁵.
895 2058 1054 2086 Testamen-

274 2109 331 2131 tum
349 2111 414 2131 vcro
430 2104 489 2139 ejus
508 2104 535 2131 in
552 2112 650 2140 genere
670 2109 821 2140 acceptum,
840 2109 951 2132 vocatur
964 2105 1054 2133 omnis

273 2149 404 2177 divinitus
425 2150 559 2185 inspirata
585 2149 726 2185 Scriptura
755 2151 912 2178 hominibus
941 2151 1051 2178 tradita.

273 2196 440 2224 Tcslimonia
452 2200 516 2224 sunt
533 2200 666 2232 quotquot
680 2197 707 2224 in
727 2197 877 2232 Scripturis
903 2197 1003 2225 divinis
1019 2198 1053 2225 de

1106 285 1184 311 μενος
1197 275 1231 302 τὰ
1248 275 1346 308 πάντα,
1371 277 1417 302 καὶ
1435 275 1484 311 τὴν
1508 276 1614 303 εὐθεῖαν
1630 275 1688 303 ὁδὸν
1710 275 1834 309 ἁγαπιῖιν,
1855 275 1892 302 τά.

1105 331 1131 348 τε
1145 321 1237 348 σκολιὰ
1251 323 1290 353 εἰς
1309 321 1414 348 εὐθείαν
1429 322 1513 356 ἄγων.
1535 322 1585 349 Διὰ
1600 322 1679 349 τοῦτο
1691 322 1742 348 οὐκ
1753 321 1882 358 ἀποστρέ-

1105 377 1193 403 φεται,
1210 368 1269 395 οὐδὲ
1285 369 1392 404 παρορᾷ
1405 369 1614 403 Αιταλιμπάνων
1623 369 1722 400 αὐτοὺς
1729 368 1888 404 φθείρεσθαι

1104 416 1163 446 ταῖς
1186 415 1288 441 ἑαυτῶν
1304 414 1468 450 ἁμαρτ¹αις·
1494 415 1550 441 ἀλλ’
1569 412 1612 441 οἷα
1635 413 1824 449 φιλάνθρωπος
1841 414 1888 440 καὶ

1103 460 1203 494 ἀγαθὸς
1222 460 1316 495 Σωτὴρ
1338 460 1484 486 νοσούντων
1502 460 1600 494 μᾶλλον
1615 459 1631 495 ἢ
1649 460 1822 494 ὑγιαινόντων
1839 460 1889 494 τὴν

1104 506 1230 542 φροντίδα
1246 508 1376 532 ποιεῖται·
1395 507 1443 533 καὶ
1455 506 1559 538 τούτοις
1578 506 1727 541 νομοθετεῖ,
1746 506 1888 541 μετανοίας

1103 553 1179 584 ὁδοὺς
1196 552 1353 583 ὑποδεικνὺς
1367 552 1467 584 αὐτοῖς,
1479 552 1526 578 καὶ
1540 551 1637 586 νόμους
1645 552 1708 583 τοὺς
1720 551 1888 587 ἁρμόζοντας

1103 598 1194 629 αὐτοῖς
1208 598 1276 633 πρὸς
1290 598 1424 633 σωτηρίαν
1447 597 1672 633 παρατιθέμενος.
1691 598 1769 623 Ἐστι
1782 597 1836 632 γάρ
1846 605 1888 628 τις

1104 644 1150 670 καὶ
1161 643 1220 675 dab;
1230 645 1285 675 τοῖς
1305 644 1503 679 ἁμαρτάνουσιν
1519 643 1721 678 ὲπιδεδειγμένη
1742 643 1888 678 σιιηηρίας,

1103 689 1119 724 ἡ
1134 688 1185 723 τῆς
1198 688 1364 723 ἐπιστροφῆς
1381 688 1428 715 καὶ
1444 687 1586 723 μετανοίας
1600 687 1647 713 καὶ
1658 687 1887 722 ἐξομολογήσεως,

1103 735 1141 766 ὡς
1159 734 1240 770 ἑτέρα
1267 733 1334 761 οὖσα
1360 735 1433 769 παρὰ
1454 733 1503 769 τὴν
1525 735 1580 765 τοῖς
1600 733 1711 765 τελείοις
1733 733 1888 769 δεδομένην.

1103 781 1266 816 Νομοθετῶν
1297 780 1352 816 γὰρ
1373 782 1387 807 ὁ
1412 780 1487 812 Θεὸς,
1508 779 1592 815 ἄλλην
1615 780 1663 815 μὲν
1687 779 1890 815 ἁμαρτάνουσιν

1102 826 1161 852 ὁδὸν
1175 826 1318 857 δείκνυσιν,
1334 826 1429 861 ἑτέραν
1437 826 1464 852 δὲ
1477 827 1533 858 τοῖς
1547 825 1753 861 ἐπιστρέφουσιν
1761 825 1791 858 ἐξ
1801 825 1887 862 ἁμαρ-

1103 872 1173 904 τίας,
1201 873 1247 899 καὶ
1273 872 1356 907 ἄλλην
1372 872 1451 898 πάλιν
1467 873 1523 903 τοῖς
1538 873 1567 898 ὲν
1590 873 1673 907 ἀρετῇ
1692 872 1888 907 προκόπτουσι,

1070 910 1091 939 Β
1105 918 1151 945 καὶ
1172 918 1269 953 ἑτέραν
1288 920 1343 950 τοῖς
1371 918 1555 954 τελειοτέροις.
1571 918 1616 944 Διὸ
1631 919 1687 949 τοῖς
1702 918 1751 953 μὲν
1766 917 1878 953 ἁμαρτά

1104 973 1193 991 νουσιν
1206 964 1393 990 ὑποδείκνυσιν
1405 964 1462 990 ὁδόν
1475 973 1480 978 ·
1496 964 1557 995 τοὺς
1573 964 1600 990 δὲ
1614 965 1709 999 πραεῖς
1719 963 1847 998 ὁδηγήσει
1861 963 1889 990 ἐν

1104 1011 1191 1047 κρίσει
1214 1011 1391 1046 κεκριμένως,
1414 1010 1460 1036 καὶ
1486 1010 1573 1036 αὐτῶν
1590 1009 1716 1045 πρόνοιαν
1730 1008 1887 1043 ποιούμενος

1104 1057 1141 1089 ὡς
1157 1057 1313 1092 βελτιόνων⁵
1348 1056 1387 1082 διδ
1414 1056 1461 1082 καὶ
1488 1055 1667 1091 μακαρισμῶν
1687 1055 1786 1087 αὐτοὺς
1807 1054 1886 1088 ἀξιοῖ.

1104 1104 1224 1136 κατὰτὸ,
1243 1103 1385 1137 Μακάριοι
1409 1104 1436 1129 ol
1455 1102 1566 1136 πραεῖς,
1585 1102 1629 1129 ὅτι
1646 1101 1730 1128 αὐτοὶ
1745 1102 1887 1135 κληρονο-

1101 1150 1236 1185 μήσουσι
1260 1150 1317 1183 τὴν
1339 1149 1406 1184 γῆν.
1424 1148 1540 1180 Τούτους
1561 1148 1588 1174 δὲ
1611 1148 1658 1175 καὶ
1672 1148 1792 1174 διδάσκει
1812 1146 1887 1178 ὁδοὺς

1105 1195 1196 1222 αὐτοῦ.
1221 1195 1293 1222 ’Λντὶ
1316 1195 1343 1221 δὲ
1366 1194 1422 1227 τοῦ,
1440 1194 1528 1227 ὁδοὺς
1544 1194 1647 1225 αὑτοῦ,
1669 1195 1682 1220 ὁ
1705 1192 1821 1224 Ἀκύλας
1841 1192 1886 1218 καὶ

1104 1243 1118 1268 ὸ
1131 1241 1287 1277 Σύμμαχος,
1302 1241 1372 1267 ὁδὸν
1379 1240 1498 1272 ἑαυτοῦ,
1509 1241 1617 1276 ἔφησεν.
1629 1240 1736 1274 Ταύτην
1744 1239 1798 1275 γὰρ
1807 1238 1886 1270 αὐτὸς

1104 1289 1118 1314 ὀ
1132 1288 1227 1323 Σωτὴρ
1251 1287 1352 1313 ὥδευσε
1368 1287 1416 1322 τὴν
1437 1287 1494 1313 tam
1510 1286 1580 1313 κατὰ
1594 1286 1624 1312 τὸ
1641 1285 1800 1321 λελεγμένον
1812 1293 1820 1301 ⁸
1831 1283 1887 1312 Md-

1105 1334 1169 1360 θετε
1183 1333 1233 1359 ἀπ’
1245 1332 1316 1367 ἐμοῦ
1334 1332 1377 1359 ὅτι
1389 1332 1482 1366 πρᾶός
1494 1334 1551 1368 ειμι
1563 1332 1758 1365 miranti-dc
1769 1330 1807 1366 τῇ
1817 1339 1886 1365 καρ-

1104 1375 1163 1410 δίᾳ.
1177 1376 1256 1402 Κατὰ
1270 1376 1374 1412 ταύτην
1385 1375 1431 1403 οὖν
1456 1377 1528 1411 ἄγων
1549 1378 1656 1409 αὐτοὺς,
1683 1377 1778 1412 ὑδηγὸς
1798 1375 1886 1403 αὐτῶν

1106 1421 1151 1448 καὶ
1163 1423 1331 1457 χειραγωγδς
1343 1423 1446 1458 γίνεται
1456 1432 1462 1437 ·
1481 1423 1574 1458 διόπερ
1587 1423 1624 1455 ὡς
1637 1423 1717 1457 σοφὸς
1729 1422 1885 1458 νομοθέτης,

1105 1469 1187 1504 ἄλλην
1203 1469 1252 1504 μὲν
1274 1470 1332 1509 ὁδον
1359 1470 1524 1496 ἐπιδείκνυσι
1537 1470 1591 1501 τοῖς
1601 1470 1811 1505 ἁμαρτάνουσιν,
1827 1468 1886 1495 ἑτέ-

1107 1522 1156 1549 ραν
1167 1514 1196 1541 δὲ
1208 1515 1264 1546 τοῖς
1272 1515 1380 1550 πράοις.

1139 1559 1238 1587 Πᾶσαι
1261 1561 1291 1587 αἱ
1312 1561 1375 1588 ὁδοὶ
1392 1561 1501 1595 Kt-plov
1519 1561 1605 1593 ἔλεος
1620 1560 1669 1587 καὶ
1689 1560 1813 1593 ἀλήθεια
1825 1559 1886 1592 τοῖς

1102 1604 1257 1639 ἐκζητοῦσι
1282 1605 1339 1640 τὴν
1356 1606 1503 1641 Διαθήκην
1525 1606 1617 1633 αὑτοῦ
1632 1606 1680 1633 καὶ
1698 1606 1734 1633 τὰ
1742 1606 1886 1642 μαρτύρια

1103 1651 1204 1677 αὑτοῦ.
1219 1651 1318 1677 Πολλοιὶ⁸
1333 1652 1392 1687 μὲν,
1410 1652 1501 1687 φησιν,
1517 1653 1543 1679 αι
1559 1653 1613 1679 ὁδοὶ
1625 1652 1671 1678 τοῦ
1687 1652 1798 1688 Κυρίου,
1819 1651 1886 1687 πλὴν

1104 1695 1160 1721 ἀλλ’
1171 1696 1199 1722 ὲν
1213 1696 1313 1728 πάσαις
1327 1696 1357 1723 τὸ
1371 1697 1444 1729 ἕλεος
1458 1697 1540 1724 αὑτοῦ
1554 1698 1712 1734 προτρέχει·
1725 1697 1764 1733 τῷ
1776 1706 1807 1724 τε
1818 1696 1888 1723 ἐλέει

1104 1740 1290 1775 συμπαρορμᾷ
1301 1741 1317 1775 ἡ
1329 1740 1440 1776 ἀλήθεια
1452 1750 1459 1756 ·
1479 1742 1550 1768 ἐλεεῖ
1566 1741 1619 1778 γὰρ
1630 1742 1665 1768 τὰ
1679 1742 1742 1768 ὅντα
1753 1742 1801 1768 καὶ
1811 1742 1886 1769 οὐδὲν

1104 1784 1274 1818 βδελύσσεται
1304 1782 1340 1812 ὧν
1358 1786 1497 1821 ἐποίησεν·
1522 1787 1580 1813 οὐδὲ
1601 1787 1654 1823 γὰρ
1685 1786 1770 1822 μισῶν
1781 1795 1808 1812 τι
1822 1795 1886 1813 κατ-

1104 1831 1244 1858 εσκεύασε.
1253 1832 1321 1858 Καθ’
1333 1833 1450 1868 ἑκάστην
1457 1834 1545 1860 τοίνυν
1559 1834 1616 1861 ὁδὸν
1625 1834 1674 1869 τῆς
1685 1834 1731 1860 τοῦ
1742 1833 1809 1860 Θεοῦ
1822 1834 1886 1860 διοι-

1104 1879 1209 1914 κήσεώς
1228 1888 1257 1905 τε
1278 1880 1324 1906 καὶ
1347 1881 1473 1916 προνοίας
1489 1881 1518 1907 τὸ
1537 1881 1609 1913 ἕλεος
1630 1881 1713 1908 αὐτοῦ
1731 1881 1886 1917 προτρέχει,

1103 1924 1198 1952 ἕπεται
1221 1925 1250 1952 δὲ
1273 1926 1311 1962 τῷ
1328 1926 1394 1962 ἐλέῳ
1411 1928 1427 1962 ή
1450 1927 1570 1962 ἀλήθεια.
1590 1929 1653 1960 Τοῖς
1677 1928 1698 1954 δ’
1718 1927 1886 1963 ἐκζητοῦσιν,

1104 1970 1321 2006 ἀσχολουμένοις,
1345 1973 1358 1997 ὁ
1379 1971 1478 1999 εἰπών·
1500 1973 1629 2007 Ζητεῖτε,
1645 1973 1693 2000 καὶ
1724 1972 1885 2007 εὑρήσετε,

1104 2018 1233 2051 κρούετε,
1266 2019 1314 2045 καὶ
1328 2019 1518 2054 ἀνοιγήσεται
1527 2021 1607 2055 ὑμῖν,
1625 2021 1676 2056 τὴν
1689 2021 1752 2057 περὶ
1771 2021 1825 2047 τῶν
1838 2020 1886 2056 ζη-

1104 2063 1242 2098 τουμένων
1266 2064 1393 2100 ἀλήθειαν
1422 2067 1612 2102 παραδίδωσιν.
1626 2067 1747 2102 Διαθήκη
1761 2067 1789 2093 δὲ
1804 2066 1886 2093 αὑτοῦ

1105 2108 1218 2141 γενικῶς
1233 2110 1278 2136 καὶ
1293 2111 1352 2137 καθ’
1363 2111 1423 2138 ὅλου
1442 2111 1596 2147 ὠνόμασται
1611 2113 1685 2138 πᾶσα
1702 2113 1719 2148 ἡ
1733 2112 1885 2147 ἀνθρώποις

1105 2154 1284 2190 παραδοθεῖσα
1299 2156 1473 2188 θεόπνευστος
1484 2157 1588 2193 Γρατέή.
1601 2157 1745 2193 Μαρτύρια
1759 2157 1786 2183 δὲ
1805 2157 1885 2184 αὑτοῦ

1104 2200 1231 2235 τυγχάνει
1249 2201 1351 2237 ἧτοιτὰ
1364 2203 1537 2238 προφητικῶς
1551 2204 1614 2239 περὶ
1631 2203 1712 2229 αὑτοῦ
1733 2204 1762 2229 ἐν
1781 2205 1815 2239 τῇ
1827 2203 1885 2238 Θείᾳ.

275 2243 321 2270 illo
338 2242 495 2278 prophetico
521 2243 646 2270 feruntur
656 2263 663 2274 ,
689 2248 736 2270 aut
751 2252 811 2279 qua:
826 2244 860 2272 ab
883 2244 942 2278 ipso
957 2244 990 2271 iis
1005 2245 1051 2279 qui

1105 2248 1198 2283 Γραφῇ
1226 2248 1468 2284 μεμαρτυρημένα,
1497 2249 1513 2284 ἢ
1540 2249 1574 2276 τὰ
1597 2249 1668 2276 κατὰ
1690 2249 1886 2285 διαμαρτυρίαν

275 2289 301 2316 in
311 2289 391 2317 rebus
399 2289 498 2317 divinis
514 2289 703 2322 instituuntur,
713 2290 903 2318 testificatione
918 2290 1051 2322 adhibita,

272 2340 404 2372 praecepta
420 2339 493 2364 sunt.

305 2391 388 2420 Vsus.
403 2392 446 2424 12,
463 2393 506 2420 15.
528 2392 595 2425 Quis
610 2397 649 2419 est
662 2392 737 2419 homo
749 2394 794 2428 qui
809 2393 881 2420 timet
892 2393 1053 2420 Dominum?

271 2437 351 2472 legem
365 2442 462 2465 statuet
475 2438 500 2464 ei
511 2438 538 2464 in
553 2438 609 2469 uia,
622 2446 701 2473 quam
720 2438 805 2473 elegit.
831 2439 928 2465 Anima
946 2438 1002 2472 ejus
1025 2438 1052 2465 in

271 2483 344 2509 bonis
360 2483 548 2517 demorabitur,
560 2489 583 2511 et
595 2492 682 2510 semen
696 2484 751 2518 ejus
766 2484 930 2511 ha'reditnbit
942 2489 1051 2512 terram.

271 2529 381 2561 Audiat,
399 2529 501 2564 inquit.
516 2530 640 2564 quisquis
656 2530 732 2557 timet
746 2530 900 2564 Dominum,
917 2537 998 2566 atque
1024 2531 1051 2558 in

271 2580 336 2605 una,
355 2580 435 2608 quam
449 2574 538 2608 elegit,
556 2575 601 2601 via
621 2574 733 2607 incedit,
755 2575 883 2610 quidnam
901 2576 953 2610 ipsi
971 2583 1052 2603 even-

271 2625 362 2647 turum
379 2619 425 2646 sit.
442 2618 475 2645 Et
491 2627 564 2647 nunc
580 2620 688 2655 quidem
704 2620 749 2647 ille
766 2620 845 2648 malis
862 2619 1003 2652 aﬂicictur,
1022 2625 1052 2648 ut

272 2673 321 2700 par
333 2669 386 2697 est,
401 2665 502 2700 quippe
517 2665 563 2700 qui
586 2666 726 2701 religionis
748 2672 780 2693 ac
793 2665 903 2701 pictatis
923 2665 1052 2692 certami-

272 2711 353 2738 nibus
368 2713 537 2739 exerceatur.
561 2711 596 2739 At
610 2712 662 2739 erit
677 2715 783 2746 tempus
803 2719 857 2746 quo
880 2711 970 2738 anima
990 2711 1050 2746 ejus

272 2758 300 2785 in
315 2757 394 2785 bonis
414 2757 616 2784 demorabitur:
641 2758 802 2792 quibusnam
833 2757 859 2784 in
889 2757 979 2788 bonis,
996 2757 1050 2785 nisi

271 2804 304 2831 de
317 2803 417 2839 quibus
435 2803 538 2830 dictum
558 2807 618 2830 est:
636 2803 701 2836 Qua:
717 2804 807 2830 oculur
825 2811 876 2830 non
893 2802 956 2830 vidit
973 2803 1006 2835 "',
1023 2807 1049 2830 et

306 2881 327 2897 ³¹
345 2880 438 2908 Matth.
457 2888 491 2911 v,
510 2881 536 2908 4.
575 2881 596 2897 ³⁸
617 2880 710 2908 Matth.
731 2889 774 2912 x1.
790 2881 834 2908 ει).

1106 2294 1151 2320 ὑπ’
1174 2293 1257 2320 αὐτοῦ
1282 2295 1337 2325 τοῖς
1355 2294 1389 2320 τὰ
1413 2293 1471 2320 θεῖα
1498 2294 1699 2330 παιδευομένοις
1731 2296 1886 2331 παρηγγελ-

1107 2340 1185 2375 μένα.

1143 2396 1190 2429 Τίς
1205 2396 1290 2423 ἐστιν
1302 2396 1456 2430 ἄνθρωπος
1469 2398 1486 2424 ὁ
1496 2398 1682 2432 ροΰούμενῡς
1694 2398 1747 2426 τὸν
1759 2399 1885 2432 Κύριον;

1104 2441 1390 2476 νομοθετήσειάῠτῴ
1398 2441 1433 2468 ἐν
1444 2441 1512 2474 ὁδῷ,
1523 2439 1543 2477 ᾗ
1558 2443 1726 2476 ᾐρετισατο.
1748 2443 1783 2471 Ἠ
1800 2443 1885 2478 ψυχὴ

1102 2487 1196 2513 αὑτοῦ
1211 2487 1246 2513 ὲν
1263 2487 1382 2522 ἀγαθοῖς
1406 2487 1634 2521 αὺλισθήσετιιι,
1649 2489 1698 2515 καὶ
1717 2489 1750 2515 τὸ
1769 2489 1887 2522 σπέρμα

1103 2532 1196 2560 αὑτοῦ
1217 2532 1438 2567 κληρονομήσει
1453 2533 1521 2568 γῆν.
1551 2533 1695 2564 Ἀκουέτω,
1714 2534 1790 2569 φησι,
1808 2534 1888 2565 πᾶςό

1104 2578 1270 2614 φοϐούμενος
1293 2578 1339 2605 τὸν
1360 2578 1472 2613 Κύριον,
1496 2579 1559 2614 μίαν
1572 2587 1602 2605 τε
1612 2579 1669 2605 ὁδὸν
1682 2579 1715 2614 ἦν
1744 2579 1777 2606 ἂν
1801 2579 1888 2606 ἕλοιτο

1101 2624 1337 2659 διαπορευόμενος,
1354 2623 1380 2649 τί
1397 2623 1478 2650 αὑτὸν
1497 2623 1650 2659 περιμένει.
1668 2624 1725 2650 Νῦν
1742 2624 1791 2659 μὲν
1804 2633 1887 2651 κακο-

1106 2669 1231 2705 παθήσει,
1247 2668 1291 2696 οἷα
1313 2670 1396 2701 εἰκὸς,
1421 2668 1654 2704 ἐγγυμναζόμενος
1665 2671 1719 2701 τοῖς
1729 2670 1779 2704 τῆς
1795 2670 1886 2697 θεοσε-

1104 2715 1178 2746 ϐείας
1191 2715 1280 2746 ἄθλοις
1291 2723 1297 2730 ·
1313 2714 1389 2741 ἔσται
1403 2714 1432 2741 δὲ
1449 2714 1544 2750 καιρὺς
1557 2715 1675 2750 ὁπηνίκα
1691 2716 1707 2750 ή
1718 2715 1791 2751 ψυχὴ
1804 2715 1886 2742 αὐτοῦ

1103 2760 1132 2787 ἐν
1151 2759 1260 2794 ἀγαθοῖς
1279 2760 1468 2795 αὑλισθήσετᾳι
1479 2768 1486 2774 ·
1513 2759 1600 2790 ποίοις
1615 2759 1643 2786 δὲ
1659 2760 1769 2794 ἀγαθοῖς
1788 2760 1804 2795 ἦ
1822 2760 1885 2796 περὶ

1103 2802 1140 2832 ὧν
1150 2804 1256 2841 εἴρηται
1268 2814 1274 2819 ·
1299 2806 1327 2832 Ἃ
1352 2805 1503 2840 ὀφοίιλμίης
1517 2806 1572 2832 οὐκ
1595 2803 1671 2838 εἶδε,
1692 2806 1738 2832 καὶ
1754 2805 1788 2832 τὰ
1805 2806 1884 2842 ἑξῆς;

875 2881 896 2898 ’³
918 2881 982 2915 Sap.
1001 2889 1044 2914 si,
1063 2881 1108 2909 ‘25.
1148 2883 1170 2899 ³³
1190 2883 1283 2911 Matth.
1303 2891 1351 2915 vn,
1373 2883 1399 2911 7.
1437 2884 1459 2900 ³⁸
1479 2883 1489 2909 l
1506 2883 1569 2911 Cor.
1589 2891 1607 2911 ιι
1621 2904 1628 2913 .
1647 2884 1673 2910 9.
