2056 3214
128 161 183 189 229

686 159 936 187 COMMENTARIA
955 159 987 186 IN
1009 157 1175 186 PSALMOS.
1211 170 1231 191 ι
1245 158 1267 195 vi

1688 159 1741 187 9.30

120 220 157 246 Τό
171 227 202 254 γε
215 219 264 254 μὲν
279 218 406 257 σπέρμα)
429 219 497 254 ὅπερ
514 217 676 244 κατεῦάλετο
700 220 728 245 ὲν
742 220 775 255 τῇ
791 221 826 255 γῇ
843 220 903 246 καθ’

960 218 1072 246 uetera?
1096 217 1195 245 Semen
1212 224 1296 252 porro
1312 218 1386 252 ejus,
1409 218 1480 253 quod
1503 219 1530 245 in
1554 222 1655 246 terram
1677 219 1742 253 iecit

119 266 150 291 ὂν
164 264 335 291 ἐπολιτεύετο
350 264 395 290 ἐπὶ
415 264 465 300 γῆς
487 263 592 299 χρόνον,
607 263 720 296 πολλοὺς
735 264 906 301 κληρονομή-

122 320 173 341 σει,
188 309 323 346 σωτηρίας
341 310 426 336 αἴτιον
452 309 593 344 γινόμενον
611 309 727 342 πολλοῖς.
749 311 863 346 Σπέρμα
877 311 905 338 δὲ

119 357 146 382 τί
160 355 193 382 ἂν
210 355 296 387 εἴποις
315 356 332 390 ἢ
354 355 402 390 τὴν
422 354 595 382 διδασκαλίαν
610 355 656 382 καὶ
672 356 736 387 τοὺς
752 355 847 390 λόγους
861 357 906 382 καὶ

118 402 155 429 τά
181 402 395 438 συγγράμματα,
426 402 442 437 ἢ
470 402 532 434 τοὺς
547 402 617 429 κατά
640 402 705 429 Θεὸν
726 403 799 438 αὐτῷ
812 411 907 438 γεννη-

120 448 219 480 θέντας
239 449 286 475 καὶ
311 448 527 483 μαθητευθέντας
540 449 639 484 ἄνδρας
652 457 658 481 ;
679 448 713 474 δι’
725 446 762 476 ὧν
777 450 824 476 καὶ
839 449 906 484 μετὰ

118 495 169 531 τὴν
177 496 207 522 ὲν
218 495 329 527 ἀγαθοῖς
343 495 495 522 ἀνάπαυσιν
517 495 599 522 αὺτοῦ
616 496 707 532 μυρίοι
718 497 767 532 τῆς
782 497 856 533 παρὰ
868 497 906 532 τῷ

119 540 181 577 Θεῷ
209 541 390 577 κληρονομίας
423 541 579 574 τεύξονται,
611 542 658 568 ἆτε
686 542 796 577 ἀγαθῶν
821 552 906 579 σπερ-

120 587 215 622 μάτων
229 588 353 623 τυχόντες
380 588 425 615 καὶ
452 588 620 624 ὡφελημένοι
637 588 686 624 τὴν
699 588 788 616 ἔνθεον
805 598 907 625 καρπο-

120 633 227 670 φορίαν.

156 679 330 714 ιίραταὶωμα
345 679 451 713 Κύριος
466 679 524 706 τῶν
536 680 727 714 φοϐουμένων
741 680 844 712 αὑτὸν,
857 681 907 708 καὶ

119 724 140 757 ἠ
164 724 293 758 Διαθήκη
316 724 409 752 αὑτοῦ
437 724 490 752 τοῦ
515 724 648 759 δηλῶσαι
670 726 782 759 αὐτοῖς.
808 726 836 753 '0
857 727 907 762 μὲν

127 770 252 802 Ἀκύλας,
263 771 431 806 ἁπόρῤητον
443 773 551 805 Κυρίου
565 772 602 808 (Ι)
613 772 751 806 ἐξέδωκεν·
769 774 783 799 ὁ
793 774 820 800 δὲ
832 775 906 810 Σύμ-

120 825 219 852 μαχος,
237 817 337 852 ὁμιλία
345 817 464 851 Κυρίου⁵
478 819 493 844 ὀ
502 818 529 844 δὲ
545 818 689 845 Θεοδοτίων
699 819 747 846 καὶ
760 820 776 855 ἡ
794 820 905 856 πέμπτη

117 862 235 895 ἔκδυσις,
247 862 416 897 μυστήριον
427 864 546 898 Κυρίου.
565 864 703 891 Ἐντεῦθεν
719 865 772 901 γὰρ
789 866 828 897 εὶς
845 875 905 892 τοσ-

119 908 208 944 αύτην
241 909 325 945 ἤλασε
347 909 532 945 μακαριότητα
556 910 570 936 ὀ
591 910 719 947 ἀνωτέρω
751 911 909 947 προλεχθεὶς

119 954 288 990 φοϐούμενος
303 954 406 990 Κύριον
427 955 460 981 ὲκ
476 954 522 982 τοῦ
544 955 651 991 ὁμιλίαν
670 956 716 982 τοῦ
733 955 846 992 Κυρίου,
862 957 909 984 καὶ

120 1000 278 1036 ἀπόρρητον
294 999 391 1032 αὑτοῦ,
412 1000 458 1027 καὶ
479 1000 510 1026 τὸ
526 1001 672 1036 μυστήριον
688 1001 769 1028 αὑτοῦ
789 1001 908 1036 γνωστὸν

120 1045 196 1080 αὐτῷ
205 1045 357 1079 γεγονέναι,
381 1045 429 1071 καὶ
442 1044 476 1071 τὰ
490 1045 519 1072 ἐν
538 1047 572 1081 τῇ
594 1046 716 1082 Διαθήκῃ
730 1047 822 1079 αὑτοῦ,
837 1047 908 1073 τοῦτ’

120 1092 195 1118 ἐστιν
210 1092 239 1118 ὲν
250 1093 283 1127 τῇ
301 1091 360 1127 θείᾳ
372 1091 478 1127 Γραφῇ,
494 1091 675 1127 περιεχόμενα
690 1092 837 1128 μυςτήρια.

157 1139 190 1165 οι
204 1137 352 1172 ὀφθαλμοί
362 1146 421 1172 μου
435 1136 484 1163 διὰ
506 1136 619 1169 παντὸς
632 1136 708 1170 πρὸς
725 1136 777 1163 τὸν
789 1137 907 1171 Κύριον,

121 1184 167 1211 ὅτι
184 1184 276 1217 αὐτὸς
292 1183 441 1211 ἐκσπάσει
456 1183 490 1210 ἐκ
506 1183 632 1218 παγίδος
648 1182 719 1216 τοὺς
733 1183 827 1216 πόδας
837 1192 906 1218 μου.

127 1232 310 1266 Fatalem-or
327 1230 373 1258 ἐπ’
387 1230 439 1265 ἐμὲ
452 1230 501 1257 καὶ
524 1229 655 1264 ἐλέησόν
665 1238 714 1265 με,
729 1230 774 1257 ὅτι
786 1239 910 1266 μονογε-

120 1278 180 1313 νὴς
190 1278 239 1305 καὶ
250 1278 368 1312 πτωχός
380 1278 439 1312 εἰμι
453 1277 520 1312 ἐγώ.
540 1278 575 1304 Al
587 1277 706 1311 θλίψεις
716 1276 771 1311 τῆς
785 1277 909 1312 καρδίας

118 1333 179 1360 μου
192 1324 440 1358 ἐπληθύνθησαν,
454 1324 488 1350 ὲκ
499 1323 557 1350 τῶν
563 1322 704 1357 ἀναγκῶν
710 1331 771 1358 μου
783 1322 909 1359 ἐξάγαγέ

117 1379 166 1406 με.
186 1370 223 1398 Οὑ
240 1369 283 1397 διὰ
293 1369 327 1397 τὰ
338 1369 537 1406 κατορθώματα
559 1369 652 1405 ὥσπερ
668 1369 844 1404 ὀφειλομένην
859 1370 910 1405 τὴν

123 1416 261 1452 σωτηρίαν
283 1415 358 1451 αὐτῷ
370 1424 377 1431 ·
392 1413 452 1442 οῖδα
476 1415 541 1449 γὰρ,
561 1415 613 1448 ὅτι,
639 1414 727 1441 πάντα
747 1416 862 1450 ποιήσας
875 1415 910 1442 τὰ

122 1463 189 1499 παρ’
215 1461 345 1498 ἐμαυτοῦ,
374 1461 414 1488 ἔτι
429 1460 476 1488 τοῦ
492 1461 538 1487 σοῦ
557 1461 648 1493 ἐλέους
665 1461 770 1496 δέομαι.
787 1461 832 1488 Διὸ
846 1461 909 1488 ἐπί-

121 1511 239 1543 ϐλεψογ
263 1509 311 1536 ἐπ’
333 1507 396 1543 ἐμὲ,
415 1507 464 1534 καὶ
493 1507 623 1541 ἐλέησόν
646 1516 694 1541 με.
725 1507 837 1534 Σύνοιδα
856 1507 910 1543 γὰρ

120 1555 235 1591 ἐμαυτῷ
257 1554 358 1589 πτωχῷ
375 1554 421 1580 καὶ
447 1553 590 1588 ἀϐοηθήτῳ
610 1554 656 1580 καὶ
682 1552 719 1589 μὴ
746 1553 911 1588 ὲπαρκοῦντι

123 1610 191 1639 :pa;
205 1601 352 1637 σωτηρίαν.
375 1600 454 1627 Ἰδιόν
466 1600 495 1626 τέ
516 1600 574 1626 ἐστι
597 1599 703 1626 πάντων
714 1599 767 1626 τῶν
780 1598 909 1634 θεοφιλῶν

121 1649 153 1675 τὸ
166 1647 280 1679 ἑαυτοὺς
299 1646 401 1674 κακοῦν
421 1647 449 1673 ὲν
462 1645 593 1681 θλίψεσιν,
605 1646 633 1672 ὲν
651 1644 793 1679 ἀνάγκαις,
809 1645 838 1671 ὲν
853 1653 911 1671 στε-

121 1694 280 1730 νοχωρίαις,
293 1693 341 1720 καὶ
352 1693 479 1728 διωγμοῖς
488 1701 495 1708 ·
510 1691 565 1718 ἀλλ’
574 1691 604 1718 οὺ
616 1691 662 1718 καὶ
673 1690 798 1726 ἀγνοοῦσι
814 1690 843 1717 τδ
849 1690 910 1717 τού-

123 1748 183 1767 των
196 1739 290 1771 τέλοςθ
307 1739 347 1765 διὸ
368 1739 459 1774 τυχεῖν
486 1737 569 1764 αὑτοῦ
601 1736 676 1772 παρὰ
703 1736 749 1763 τοῦ
772 1735 838 1762 Θεοῦ
857 1736 911 1762 ἱκε-

122 1785 235 1813 τεύουσι
247 1785 368 1819 λέγοντες
381 1794 387 1800 ·
408 1785 455 1811 Ἐκ
481 1783 541 1810 τῶν
563 1782 701 1818 ἀναγκῶν
714 1791 773 1817 μου
785 1781 911 1817 ἐξάγαγέ

120 1839 178 1866 με·
193 1830 232 1863 ὼς
244 1831 278 1858 ἂν
291 1830 440 1861 διελθόντες
453 1829 502 1861 τὰς
520 1828 567 1855 τοῦ
587 1828 644 1864 βίου
665 1828 797 1862 ἀνάγκας,
810 1827 859 1859 τὰς
881 1827 911 1854 δὲ

125 1877 269 1913 συμφορὰς
294 1877 342 1903 καὶ
369 1876 418 1908 τὰς
448 1875 631 1910 περιστάσεις,
651 1875 736 1901 εἰπεῖν
751 1882 814 1900 ποτε
830 1873 910 1908 δυνη-

125 1922 196 1949 θεῖεν
207 1931 214 1937 ·
233 1922 397 1956 Διήλθομεν
410 1921 458 1948 διὰ
472 1920 563 1954 πυρὸς
574 1919 624 1947 καὶ
640 1919 757 1952 ὕδατος,
776 1919 825 1946 καὶ
841 1918 910 1953 ἐξή-

124 1974 215 2000 γαγες
231 1965 310 2000 ἡμᾶς
325 1966 370 1998 εἰς
385 1964 558 2000 ἀναψυχήν.

164 2011 220 2038 Ἴδε
235 2011 293 2046 τὴν
306 2011 487 2038 ταπείνωσιν
502 2019 561 2046 μου
581 2010 631 2037 καὶ
658 2010 711 2037 τὸν
734 2011 829 2037 κόπον
840 2018 909 2044 μου,

124 2058 174 2085 καὶ
205 2057 280 2092 ἇφερ
306 2057 407 2090 πάσας
431 2057 482 2089 τὰς
502 2056 646 2091 ἁμαρτίας
668 2065 737 2091 μου.
759 2056 815 2083 Ἴδε
842 2055 911 2088 τοὺς

123 2105 250 2139 ἐχθρούς
260 2112 329 2138 μου,
341 2103 384 2129 ὅτι
394 2103 638 2137 ἐπληθύνθησαν,
649 2102 698 2129 καὶ
707 2102 797 2137 μῖσος
807 2102 911 2130 ἄδικον

123 2149 277 2184 ἐιιίσησάν
293 2157 337 2182 με.
355 2148 494 2180 Φύλαξον
517 2147 574 2182 τὴν
587 2147 693 2182 ψυχήν
712 2157 771 2182 μου
794 2148 843 2176 καὶ
856 2149 911 2182 .613-

124 2195 178 2223 σαί
191 2203 246 2230 με·
264 2194 307 2230 μὴ
330 2193 592 2228 καταισχυνθείην,
610 2193 655 2220 ὄτι
669 2193 784 2228 ἤλπισα
797 2194 846 2220 ἐπὶ
863 2193 909 2222 σέ.

959 266 1023 293 dum
1041 265 1068 292 in
1084 272 1115 291 ea
1137 268 1309 295 versaretur,
1326 264 1427 292 mullos
1446 264 1603 292 hmreditatc
1616 266 1740 300 accipiet.

959 310 1058 346 quibus
1073 316 1156 337 causa
1170 309 1266 336 salutis
1284 308 1391 336 evadet.
1410 308 1508 336 Semen
1521 317 1584 337 vero
1603 309 1741 344 quodnam

959 363 1019 383 esse
1035 355 1147 386 dixeris.
1161 355 1215 383 nisi
1228 355 1381 382 doctrinam
1392 375 1399 387 ,
1418 363 1557 383 sermones
1567 376 1574 388 ,
1597 357 1699 391 Scripta
1714 361 1742 383 et

960 403 1085 430 homines
1104 403 1150 438 qui
1176 401 1327 430 secundum
1353 401 1438 429 Deum
1457 401 1508 436 ipsi
1533 402 1589 429 nati
1609 406 1691 438 alque
1707 403 1742 429 ab
1770 433 1773 439 ι

960 455 992 475 eo
1007 449 1122 476 instituti
1147 449 1228 476 sunt?
1246 448 1298 481 Qui
1316 455 1431 475 numero
1455 456 1530 483 prenc
1554 447 1664 480 inﬁniti,
1680 453 1742 484 post

960 495 1045 530 ipsius
1061 495 1082 522 ῆι
1115 496 1193 522 bouis
1208 494 1333 530 adeptam
1353 494 1486 530 requiem,
1510 498 1603 529 utpote
1622 502 1655 522 ex
1671 495 1742 522 bono

959 542 1011 569 orti
1039 543 1160 574 semine,
1178 549 1210 569 ac
1223 541 1314 568 divina
1340 541 1385 568 illa
1406 541 1520 576 utilique
1540 540 1592 568 sibi
1615 541 1742 576 prosapia

959 588 1105 623 progeniti,
1120 587 1303 616 hmreditatcm
1315 595 1330 614 a
1347 587 1401 615 Deo
1415 592 1628 623 consequentur.

995 675 1077 704 Vsus.
1095 677 1136 704 M.
1162 676 1371 704 Firmamentum
1388 680 1426 703 est
1444 676 1573 703 Dominus
1592 675 1743 703 timentibus

959 730 1028 755 eum,
1046 728 1071 750 et
1100 727 1283 750 testamentum
1306 722 1388 756 ipsius
1411 727 1439 748 ut
1462 722 1646 756 manifeste'lur
1676 721 1742 749 illis.

959 769 1068 804 Aquila,
1082 773 1209 796 secretum
1218 767 1335 800 Domini.
1348 767 1449 801 edidit;
1463 767 1652 803 Symmachus,
1661 767 1744 795 collo-

958 815 1049 850 quium
1067 815 1189 846 Domiui;
1207 814 1357 842 Thcodotio
1372 818 1399 841 ct
1413 813 1512 847 Quinta
1528 813 1623 847 editio,
1643 819 1738 849 myste-

959 863 1028 889 rium
1045 862 1171 889 Domini:
1188 861 1250 890 inde
1271 862 1344 889 enim
1364 862 1409 889 ille
1428 861 1554 896 superius
1572 866 1740 890 memoratus

924 902 947 932 Β
959 908 1006 944 qui
1020 909 1097 935 timet
1109 907 1261 940 Dominum,
1276 907 1310 935 ad
1325 913 1426 935 tantam
1441 907 1594 935 felicitatem
1609 909 1742 943 pervenit,

960 955 1023 990 quia
1045 954 1209 990 colloquium
1234 954 1351 988 Domini,
1367 958 1502 982 secretum
1530 962 1562 982 ac
1585 955 1744 990 mysterium

959 999 1031 1035 ejus,
1046 1005 1140 1027 notum
1155 1000 1205 1035 ipsi
1221 1004 1289 1032 erat,
1305 1004 1370 1028 nota
1391 1000 1456 1028 item
1473 1008 1504 1028 ea
1521 1008 1581 1035 qua:
1602 1001 1629 1028 in
1646 1000 1743 1029 Testa—

960 1049 1052 1073 mento
1066 1046 1135 1080 ejus,
1146 1045 1172 1073 id
1185 1050 1240 1079 cst,
1252 1045 1279 1073 in
1292 1046 1392 1074 divinis
1406 1046 1557 1082 Seripturis
1568 1047 1745 1075 continentur

960 1100 985 1119 In
989 1092 1099 1127 ystcria.

998 1136 1081 1165 Vsus.
1100 1138 1190 1166 lii-l7.
1219 1137 1296 1165 Oculi
1309 1138 1360 1165 mei
1395 1146 1494 1172 semper
1528 1138 1562 1165 ad
1592 1138 1743 1172 Demittunt,

960 1184 1084 1218 quoniam
1099 1185 1153 1219 ipse
1169 1184 1258 1212 evellet
1277 1184 1308 1212 de
1328 1185 1420 1220 laqueo
1437 1184 1514 1220 pedes
1535 1193 1616 1213 meos.
1637 1185 1746 1220 Respice

961 1229 987 1256 in
1003 1237 1042 1256 me
1061 1235 1084 1256 et
1109 1231 1231 1258 miserere
1255 1231 1316 1262 mei,
1338 1231 1401 1266 quia
1425 1231 1518 1258 unicus
1529 1235 1554 1258 et
1571 1239 1669 1266 pauper
1686 1240 1745 1258 sum

960 1284 1016 1311 ego.
1037 1275 1231 1305 Tribnlationes
1247 1276 1334 1304 cordis
1359 1278 1409 1305 mei
1429 1278 1613 1312 multiplicata:
1628 1283 1699 1311 sunt,
1712 1278 1746 1306 de

961 1322 1159 1350 necessitatibus
1183 1322 1247 1350 meis
1268 1331 1329 1350 erue
1353 1332 1403 1350 me.
1431 1323 1490 1352 Non
1512 1325 1547 1352 ob
1573 1328 1648 1352 recte
1672 1324 1745 1352 facta

960 1375 1042 1402 opera
1061 1369 1140 1403 quasi
1157 1369 1276 1396 debitam
1305 1369 1421 1398 salutem
1446 1371 1512 1398 mihi
1536 1371 1664 1406 postulo;
1682 1371 1744 1399 novi

960 1413 1033 1440 enim
1048 1421 1101 1446 me,
1118 1414 1243 1449 quamvis
1256 1415 1346 1442 omnia
1362 1423 1411 1451 pro
1429 1415 1558 1444 facultate
1572 1417 1684 1452 egerim,
1696 1421 1746 1445 tuo

960 1463 1053 1487 tamen
1076 1467 1156 1494 egere
1171 1460 1284 1489 auxilio.
1301 1460 1481 1493 Quamobrem
1495 1461 1591 1496 respice
1610 1463 1637 1489 in
1653 1471 1703 1495 me,
1719 1468 1744 1490 et

961 1505 1083 1533 miserere
1091 1507 1149 1532 mei.
1159 1506 1224 1533 Nam
1234 1513 1277 1534 me
1285 1514 1440 1541 pauperem,
1452 1507 1526 1534 nulla
1535 1508 1630 1535 fultum
1638 1516 1699 1543 ope,
1711 1516 1744 1537 ac

961 1551 1041 1579 saluti
1053 1551 1118 1578 mihi
1131 1552 1309 1587 procuranda:
1321 1551 1450 1586 imparem
1460 1553 1527 1580 scio.
1537 1552 1678 1588 Proprium
1695 1561 1744 1581 au-

961 1600 1017 1624 tem
1038 1596 1167 1624 omnibus
1192 1597 1246 1632 piis
1269 1605 1301 1625 ac
1317 1597 1372 1625 Deo
1398 1597 1494 1625 amicis
1516 1597 1582 1626 viris
1608 1603 1661 1630 cst,
1683 1606 1745 1627 sese

961 1643 1090 1670 aerumnis
1105 1643 1232 1679 atlligcre,
1251 1644 1278 1671 in
1303 1644 1527 1677 necessitatibus,
1549 1644 1578 1673 in
1597 1646 1744 1680 angustiis,

962 1689 989 1716 in
1005 1689 1241 1725 persecutionibus
1254 1690 1376 1723 versari;
1393 1690 1441 1718 scd
1459 1690 1505 1727 qui
1519 1692 1556 1719 sit
1569 1699 1664 1720 eorum
1681 1693 1745 1721 linis

961 1733 1015 1763 non
1038 1736 1164 1771 ignorant
1186 1743 1294 1770 :quare
1319 1736 1392 1764 illius
1413 1737 1576 1772 assequendi
1601 1745 1666 1774 ergo
1689 1739 1744 1767 Deo

961 1782 1114 1818 supplicant
1137 1782 1179 1810 his
1195 1782 1302 1814 verbis,
1322 1781 1353 1810 de
1374 1783 1572 1811 necessitatibus
1594 1785 1658 1811 meis
1683 1793 1745 1812 erue

961 1837 1019 1862 me;
1035 1832 1073 1859 ut.
1087 1829 1222 1864 superatis
1238 1829 1296 1856 vita:
1306 1829 1524 1862 necessitatibus,
1532 1829 1743 1864 calamitatibus,

961 1875 1107 1907 aerumnis,
1129 1875 1221 1902 dicere
1247 1874 1394 1910 aliquando
1416 1875 1541 1910 possint:
1564 1877 1743 1905 Trausiuimus

959 1928 1005 1954 per
1029 1921 1114 1956 ignem
1134 1925 1158 1948 et
1182 1928 1295 1955 aquam,
1318 1925 1343 1947 et
1366 1920 1481 1948 cduxisti
1508 1930 1555 1949 nos
1582 1923 1608 1949 ἱιι
1632 1923 1741 1958 refrige-

961 1968 1030 1994 rium
1043 1968 1077 1994 “.

998 2013 1078 2041 Vens.
1103 2012 1195 2040 18-20.
1235 2013 1297 2040 l'itle
1329 2014 1503 2041 humilitatem
1533 2023 1618 2041 meam
1644 2020 1669 2042 et
1699 2016 1742 2042 la-

962 2059 1048 2086 borent
1063 2066 1158 2091 meum,
1168 2064 1191 2085 et
1202 2058 1306 2086 dimitte
1321 2059 1442 2086 universa
1453 2059 1549 2086 delicta
1561 2068 1628 2087 utea.
1637 2059 1744 2095 Respice

962 2104 1081 2131 inimicos
1097 2112 1167 2131 meos
1194 2104 1319 2138 quoniam
1345 2104 1513 2138 multiplicati
1534 2110 1610 2137 sunt,
1632 2111 1657 2132 et
1683 2105 1744 2133 odio

961 2151 1050 2186 iniquo
1067 2149 1176 2178 oderunt
1196 2158 1245 2177 me.
1268 2150 1379 2178 Custodi
1400 2151 1516 2177 animum
1534 2159 1618 2178 meum
1643 2157 1667 2178 et
1683 2160 1745 2180 erue

962 2204 1020 2223 me:
1037 2204 1089 2223 non
1106 2197 1258 2223 erubescam
1269 2196 1393 2231 quoniam
1408 2196 1509 2229 speravi
1523 2196 1551 2222 in
1567 2201 1602 2223 te.
1615 2195 1691 2230 Quod
1708 2197 1743 2224 ad

125 2241 165 2268 Τέι
179 2242 229 2277 μὲν
245 2241 309 2276 παρ’
325 2240 392 2276 ἐμοῦ
408 2239 595 2272 σπουδάζεται,
611 2239 645 2265 τὰ
659 2239 688 2265 δὲ
706 2239 782 2275 παρά
803 2238 850 2266 σοῦ
862 2248 909 2266 τυ-

963 2249 1006 2269 mc
1033 2244 1148 2277 spectat,
1175 2242 1388 2270 sollicitudinem
1411 2243 1464 2270 mei
1480 2250 1563 2278 gero;
1588 2242 1636 2270 sed
1662 2250 1741 2277 opem

124 2289 182 2322 χεῐν
193 2286 272 2319 ἀξιῶ.
294 2285 364 2320 Ἐγὼ
373 2286 423 2321 μὲν
433 2283 478 2312 οὖν
494 2285 610 2320 ἐμαυτὸν
625 2284 741 2317 κολάζω,
758 2285 804 2311 καὶ
816 2284 910 2321 ῶσπερ

124 2333 202 2368 δίκην
224 2332 470 2367 εἰσπρατττόμενος
494 2328 532 2358 ὦν
549 2331 679 2367 πρότερον
701 2330 910 2366 ὲπλημμὲλησα,

126 2379 243 2414 ἐμαυτὸν
251 2377 371 2414 τιμωροῦ
375 2386 434 2413 μαι,
448 2376 583 2404 ταπεινῶν
597 2376 714 2412 ἐμαυτὸν
721 2377 749 2403 ὲν
756 2377 849 2409 κόποις
865 2378 912 2404 καὶ

126 2425 269 2457 πόνοις-σὺ
289 2425 330 2457 δὲ,
345 2425 360 2450 ὁ
371 2424 447 2456 Θεὸς,
461 2421 506 2450 οἷά
522 2432 571 2455 τις.
584 2422 763 2458 ἀγωνοθέτης,
781 2422 826 2450 τὸν
847 2423 912 2459 sum;

127 2470 218 2504 ἀγῶνα
224 2470 334 2505 θεωρῶν
344 2470 458 2501 καὶτοὺς
466 2468 548 2504 ἐμοὺς
555 2468 676 2503 καμάτου
680 2476 703 2501 ς,
711 2468 782 2494 δίδου
789 2468 838 2504 τὴν
848 2468 912 2503 ἄφε-

128 2525 171 2543 σιν
183 2515 238 2542 τῶν
253 2514 522 2551 ἁμαρτημάτων,καὶ
541 2512 734 2548 συγχώρειὸσα
742 2512 851 2540 πώποτε
859 2513 913 2540 διε-

127 2561 274 2598 πραξάμην
290 2562 319 2588 ἐν
333 2560 490 2597 ἁμαρτίαις.
511 2559 590 2585 ’Λλλά
606 2559 653 2585 καὶ
667 2558 832 2594 θεασάμενος
848 2559 912 2591 τοὺς

127 2608 212 2643 ἐμοὺς
223 2608 337 2644 ἐχθροὺς
358 2607 451 2634 ὀπόσοι
464 2606 539 2637 ὄντες
554 2604 740 2636 ἐπεϐούλευον,
756 2605 802 2632 καὶ
816 2605 854 2636 ὡς
867 2607 912 2640 μῖ-

127 2663 174 2686 σος
186 2654 278 2681 ἄδικον
290 2653 424 2689 ὲμίσησάν
437 2661 481 2689 με,
490 2651 577 2687 φύλαξ
587 2650 665 2686 γενοῦ
673 2650 722 2686 τῆς
736 2651 804 2686 ἐμῆς
813 2651 915 2687 ψυχῆς,

162 2732 186 2748 ³⁸
211 2730 284 2759 Psal.
300 2738 352 2758 uv
364 2750 373 2763 ,
392 2730 436 2758 12.

162 2810 201 2845 (l)
221 2808 356 2845 llebraiea
372 2811 446 2845 sunt_
460 2812 527 2845 ﬁtfit
537 2812 584 2845 ηε)
595 2827 602 2837 ,
629 2804 831 2845 a'Theodoreto
849 2812 909 2845 λιιι-

128 2841 182 2872 tem
194 2841 286 2872 lectio
311 2843 467 2879 Synuuaflii
482 2844 522 2879 sic
535 2843 646 2879 utier-tur
656 2861 664 2872 ,
678 2842 824 2879 μυᾳτήριον
849 2841 905 2866 Κυ-

129 2882 197 2917 ρίου.
217 2880 284 2913 Quae
299 2875 401 2915 pariter
411 2877 604 2906 Thcodotionis
619 2875 684 2905 esse
694 2875 794 2904 ibidem
812 2875 907 2903 fertur.

961 2287 1078 2322 imploro
1091 2291 1175 2314 tuam.
1190 2287 1246 2323 Ego
1260 2288 1370 2322 quidem
1382 2289 1571 2323 memetipsum
1587 2289 1699 2324 castigo.
1715 2293 1744 2316 et

962 2332 1041 2368 quasi
1068 2333 1232 2368 supplicium
1263 2333 1298 2361 de
1325 2334 1447 2369 pristinis
1474 2334 1581 2362 delictis
1612 2342 1743 2366 sumens.

964 2379 1082 2408 ulciscor
1098 2379 1250 2415 meipsum,
1277 2387 1320 2407 me
1341 2380 1475 2415 abjectum
1499 2379 1638 2407 laboribus
1661 2384 1744 2415 atque

963 2424 1092 2452 aerumnis
1111 2425 1258 2452 constituo.
1272 2424 1313 2452 Tu
1324 2432 1398 2457 vero,
1411 2424 1492 2456 Deus.
1507 2432 1558 2452 ceu
1576 2425 1638 2460 quis
1655 2430 1743 2453 certa«

965 2471 1068 2498 minum
1083 2471 1239 2506 prtefectus,
1255 2474 1282 2498 et
1298 2478 1415 2506 pugnam
1429 2475 1457 2498 et
1468 2471 1574 2499 labores
1587 2479 1662 2499 meos
1677 2479 1744 2499 con-

962 2515 1124 2550 templatus,
1140 2516 1247 2543 veniam
1264 2523 1371 2551 quaeso,
1393 2515 1526 2543 scelerum
1550 2516 1703 2550 concedito,
1717 2521 1744 2544 et

963 2566 1132 2594 quaecunque
1146 2559 1174 2586 in
1193 2561 1314 2595 peccatis
1336 2560 1408 2587 edidi
1430 2559 1570 2587 remittito.
1587 2558 1640 2587 Sed
1660 2561 1742 2588 etiam

964 2605 1090 2633 inimicos
1115 2613 1190 2634 meos
1207 2606 1392 2640 conspicatus,
1408 2609 1474 2640 quot
1492 2604 1616 2632 videlicet
1629 2613 1744 2633 numero

963 2650 1077 2679 insidias
1089 2651 1156 2678 mihi
1171 2655 1278 2687 parent,
1295 2654 1322 2679 et
1340 2650 1412 2686 quod
1429 2658 1472 2678 me
1488 2650 1551 2678 odio
1568 2651 1661 2688 iniquo
1682 2659 1742 2687 pcr-

962 2803 1016 2832 Nos
1028 2805 1163 2832 saniorem
1176 2804 1318 2833 lectionem
1332 2813 1364 2833 ex
1379 2813 1445 2835 is.
1462 2808 1598 2842 omnibus,
1629 2816 1684 2837 uno
1695 2816 1746 2838 ex-

962 2844 1054 2875 cepto,
1074 2843 1241 2867 mutuamur.
