2056 3214
292 157 341 184 23!

647 152 779 182 EUSEBII
795 151 1034 181 CESARIENSIS
1050 151 1126 181 OPP.
1147 152 1237 180 PARS
1255 151 1338 180 HL—
1356 151 1561 180 EKEGETICA.

1859 151 1913 178 ΞΜ

299 219 462 249 sequantur,
477 216 571 241 custos
586 216 645 240 esto
661 212 758 239 animm
782 219 859 244 mete,
879 215 906 239 et
930 211 965 238 ab
989 211 1081 239 inimi-

1132 211 1178 238 καὶ
1191 211 1271 248 ῥῦσαί
1287 220 1322 247 με
1339 211 1388 247 τῆς
1398 211 1453 238 τῶν
1467 211 1604 247 πολεμίων
1619 210 1772 250 ἐπῲουλῆς.
1791 209 1913 236 Τοσαῦτα

295 268 391 288 carum
418 259 526 287 insidiis
548 267 614 288 erue
637 266 690 287 me.
711 258 759 286 His
782 266 864 294 porro
888 261 988 293 gestis,
1013 259 1077 285 tali-

295 307 402 341 busque
417 306 545 341 precibus
565 304 691 337 emissis,
714 312 749 332 ne
773 304 926 332 coniundar
949 303 1075 339 efﬂagito.

293 353 362 380 Cum
379 353 450 380 enim
465 356 494 380 te
507 359 583 387 spem
599 358 687 378 meam
703 350 903 383 constituerim,
920 351 1003 384 probe
1020 350 1076 377 scio

295 408 326 426 ac
342 407 501 435 persuasum
517 399 615 429 habeo.
632 398 704 432 quod
725 406 787 434 spes
799 406 854 426 non
885 398 1045 425 confundat.

330 445 413 473 Vens.
439 446 471 472 2i
488 466 495 477 ,
518 445 564 472 22.
591 444 744 471 lmtoceules
773 449 797 471 et
822 444 886 470 recti
911 444 1077 470 adiuuerunt

296 493 369 525 milii,
386 493 448 527 quia
466 491 580 519 sustinui
603 496 634 518 te.
655 490 760 522 Libera,
777 490 858 522 Deus,
876 489 963 518 Israel
977 497 1009 516 ex
1023 497 1080 516 om-

296 539 372 566 nibus
389 537 604 564 tribulationibus
620 537 686 564 suis.
703 536 760 564 lloc
776 544 791 563 a
807 544 850 563 me
871 540 977 571 gestum
998 543 1078 570 opus,

297 591 359 612 cum
381 584 485 611 ueteris
513 583 653 614 collatum,
680 589 857 618 permagnum
883 582 946 614 fuit,
975 581 1080 616 tibique

297 630 352 658 Deo
368 634 508 665 acceptum
522 639 529 662 ;
546 629 639 656 multis
654 629 726 656 enim
740 629 895 663 exemplum
917 628 1078 660 tolerantur,

297 678 358 704 vita:
379 675 482 711 probat,
506 674 674 710 pwnitenlia:
700 679 727 701 et
755 673 938 701 confessionis
965 673 1078 701 exstiti:

297 725 462 756 quapropter
484 720 644 747 innocentes
660 723 687 746 ct
709 719 775 746 recti
801 718 852 745 viri
869 718 936 746 mihi
953 726 1002 746 ceu
1018 719 1080 754 glu-

297 766 354 794 tine
380 764 519 800 conjuncti
541 765 723 796 adhaeserunt,
747 771 892 799 meumque
913 764 1080 791 consortium

297 811 504 846 expetiverunt;
518 810 592 838 nulla
608 817 674 838 sane
688 810 739 836 alia
755 809 788 837 de
805 817 899 842 causa,
921 817 1001 844 quam
1017 809 1081 844 quia

302 857 502 894 perseverando
517 856 646 889 sustinui,
663 860 690 883 et
706 855 770 882 nihil
783 863 836 882 non
849 862 995 889 perpessus
1008 862 1081 886 sum,

1129 258 1157 285 δὲ
1174 258 1280 294 πράξας
1308 258 1355 285 καὶ
1375 257 1492 285 τοσαῦτα
1505 258 1620 294 δεηθεὶς,
1633 258 1669 294 μὴ
1686 256 1913 291 καταισχυνθῆναι

1129 304 1206 338 ἀξιῶ.
1224 305 1257 331 Σὲ
1270 305 1324 340 γὰρ
1336 304 1428 330 ἐλπίδα
1451 305 1569 340 ἐμαυτοῦ
1581 304 1702 340 θέμενος,
1721 303 1842 339 ἀκριόῶς
1857 299 1914 329 οῖδα

1130 350 1177 377 καὶ
1187 350 1349 386 πέπεισμαι,
1362 351 1402 377 ὅτι
1419 351 1435 386 ἠ
1454 350 1530 382 ἐλπὶς
1544 351 1574 377 οὺ
1590 349 1774 386 καταισχύνει.

1167 443 1285 470 Ἀκακοι
1296 441 1345 469 καὶ
1354 441 1451 475 εὐθεῖς
1465 441 1637 469 excutio-td
1642 450 1703 477 μοι,
1714 442 1759 469 ὅτι
1770 442 1914 477 ὑπέμεινά

1130 496 1176 516 σε.
1204 489 1369 522 Δύτρωσαι,
1393 490 1409 515 d
1429 487 1511 521 Θεὸς,
1531 488 1585 514 τὸν
1612 488 1730 522 Ἰσραὴλ
1751 488 1787 516 ἐκ
1809 488 1915 516 πασῶν

1131 534 1189 562 τῶν
1199 535 1332 569 θλίψεων
1341 534 1444 562 αὐτοῦ.
1458 535 1513 561 Καὶ
1527 535 1606 562 τοῦτὸ
1620 544 1664 571 μοι
1678 536 1745 572 πρὸς
1758 538 1815 568 τοῖς
1827 536 1915 569 ἄλλοις

1131 580 1322 616 κατορθώμασι
1351 580 1423 615 μέγα
1447 580 1561 616 ὑπῆρξε,
1581 581 1627 607 καὶ
1643 581 1684 607 σοὶ
1697 581 1736 616 τῷ
1748 582 1806 617 Θεῷ
1822 582 1913 617 φίλον·

1133 627 1240 659 πολλοῖς
1260 627 1314 662 γὰρ
1341 626 1470 666 ἐγινόμην
1488 626 1669 662 ὑπογραμμὺς
1686 628 1843 663 καρτερίας,
1859 627 1915 663 βίου

1131 683 1161 700 τε
1194 673 1291 708 σεμνοῦ
1317 673 1364 700 καὶ
1384 673 1526 708 μετανοίας
1554 673 1599 700 καὶ
1623 673 1857 709 ἐξομολογήσεωςσ
1877 674 1915 701 διδ

1132 721 1229 748 ἄκακοι
1243 720 1337 756 ἄνδρες
1350 721 1396 746 καὶ
1409 720 1497 752 εὐθείς
1510 720 1675 755 συνήπτοντὸ
1686 729 1730 755 μοι
1742 720 1915 756 κολλώμενοι,

1132 767 1179 793 καὶ
1193 765 1322 801 συμϐιοῦν
1334 765 1481 797 ἀξιοῦντες,
1495 765 1526 792 δι’
1540 766 1614 792 οὐδὲν
1629 766 1721 801 ἕτερον
1731 766 1748 801 ἢ
1758 767 1799 792 ὅτι
1813 766 1915 802 ὑπέμε-

1133 822 1177 840 νον
1189 813 1340 848 καρτερῶν,
1360 813 1407 839 καὶ
1423 812 1511 839 πάντα
1522 812 1667 848 ὑπέφερον,
1685 813 1714 839 σὲ
1733 813 1781 848 τὴν
1797 813 1916 848 ἐμαυτοῦ

1133 860 1226 886 ἐλπίδα
1252 858 1481 895 προϐεϐλημένος.
1513 858 1624 890 Τούτοις
1654 858 1755 886 ἅπασιν
1780 859 1914 893 ἐπιλέγει·

299 903 370 939 quod
386 907 412 930 te
428 910 501 938 spem
519 910 605 929 meam
621 901 820 929 constituerim.
838 899 885 928 His
904 901 961 928 haec
978 900 1080 928 subne‘

1132 907 1293 941 Λύτρωσαι,
1316 907 1332 932 ό
1363 905 1444 938 Θεὸς,
1466 905 1520 932 τὸν
1543 904 1660 939 Ἰσραὴλ
1680 905 1713 932 ἐκ
1735 905 1841 933 πασῶν
1860 905 1915 933 τῶν

299 950 358 982 ctit,
367 948 471 981 Libera,
488 949 567 982 Deus,
585 947 672 975 Israel
685 955 717 975 ex
732 947 851 974 omnibus
867 946 1080 973 tribulationibus

298 996 368 1022 suis:
384 1002 444 1022 sese
461 995 566 1022 scilicet
586 993 714 1021 lsraelem
730 992 765 1020 ob
782 993 908 1027 superius
932 995 1081 1020 memorata

303 1044 380 1075 gesta
393 1043 544 1074 nuncupat.
560 1038 635 1066 Talis
654 1038 726 1066 enim
740 1041 782 1065 est
795 1038 920 1073 quisquis
934 1037 968 1065 ab
984 1038 1082 1064 animte

298 1095 354 1115 stu:
377 1085 534 1114 conditione
560 1085 666 1112 lsraelis
683 1091 782 1111 nomen
813 1084 926 1110 obtinet.
951 1083 1005 1110 Aut
1028 1083 1081 1110 alia

299 1131 413 1164 ratione,
430 1138 492 1157 cum
517 1130 555 1157 ita
570 1129 713 1156 institutus
729 1119 775 1161 sit,
803 1132 833 1155 ut
854 1136 909 1155 non
932 1128 976 1155 sui
995 1127 1082 1156 solius

298 1177 450 1205 custodiam
466 1180 552 1211 gerat,
569 1180 616 1202 aut
639 1175 681 1202 sui
700 1179 807 1202 tantum
823 1175 968 1207 sollicitus,
989 1182 1038 1210 pro
1052 1182 1083 1202 se

299 1224 358 1252 solo
374 1223 457 1250 Deum
474 1226 616 1257 precetur;
629 1225 690 1256 post
711 1228 768 1248 rem
784 1220 852 1248 bene
867 1225 982 1255 gestam.
1006 1223 1083 1255 post-

299 1276 380 1304 quam
405 1275 454 1295 sua
477 1270 551 1294 recte
578 1265 742 1301 composuit,
763 1273 813 1300 pro
835 1265 963 1293 universo
982 1265 1083 1301 populo

300 1313 346 1341 Dei
364 1312 576 1347 supplicationes
595 1311 706 1344 emittit,
727 1315 870 1346 rogatque,
893 1315 934 1343 ut,
951 1311 1083 1346 quemad-

300 1359 410 1387 modum
435 1366 464 1386 se
480 1358 596 1385 antehac
620 1366 654 1385 ex
671 1358 801 1385 aerumnis
821 1361 850 1385 et
873 1358 1005 1393 angustiis
1027 1358 1081 1386 eri.

299 1413 363 1441 pere
387 1404 514 1440 dignatus
538 1408 590 1435 est,
615 1403 642 1430 id
663 1403 752 1437 ipsum
771 1407 833 1438 agat
847 1410 912 1438 erga
928 1407 1017 1430 totum
1035 1402 1082 1430 Dei

299 1452 441 1489 populum,
466 1451 514 1486 qui
537 1449 705 1486 intelligendi
730 1449 848 1486 quadam
875 1450 980 1478 ratione
999 1450 1083 1479 lsrael

300 1501 485 1533 nuncupatur.

500 1552 663 1580 PSALMUS
680 1552 782 1580 DAVID
794 1551 877 1580 XXV.

1131 953 1264 987 θλίψεων
1273 952 1381 980 αὐτοῦ·
1396 953 1455 988 ἦτοι
1472 951 1552 983 αὐτὸς
1561 951 1657 978 ἑαυτὸν
1674 951 1916 987 ἐξομολογούμενος

1135 999 1242 1036 Ἰσραὴλ
1255 998 1393 1034 ὀνομάζων
1409 999 1453 1026 διὰ
1464 998 1499 1024 τὰ
1514 997 1697 1033 προλεχθέντα
1716 997 1798 1025 αὐτοῦ
1817 1007 1916 1034 κατορ-

1132 1044 1244 1081 θώματα
1255 1053 1262 1060 ’
1275 1044 1395 1076 τοιοῦτος
1405 1044 1459 1079 γάρ
1478 1045 1550 1070 ἐστιν
1569 1044 1583 1070 ό
1606 1043 1676 1070 κατὰ
1696 1042 1784 1078 ψυχὴν
1799 1043 1915 1079 Ἰσραήλ.

1133 1090 1170 1116 Ἣ
1185 1089 1282 1122 ἄλλως,
1296 1089 1487 1124 διδασκόμενος
1508 1088 1545 1124 μὴ
1561 1089 1656 1115 ἑαυτὸν
1672 1088 1751 1123 μόνον
1764 1088 1916 1123 φυλάττειν,

1133 1136 1200 1172 μηδὲ
1218 1135 1292 1170 αὐτῷ
1307 1135 1379 1170 μόνῳ
1401 1134 1571 1166 σπουδάζειν,
1585 1134 1632 1161 καὶ
1646 1134 1710 1169 περὶ
1730 1134 1808 1169 μόνου
1823 1135 1916 1162 ἑαυτοῦ

1131 1184 1177 1210 τον
1200 1182 1266 1208 Θεὸν
1293 1181 1422 1208 ἱκετεύειν
1434 1190 1441 1196 ·
1459 1181 1527 1216 μετὰ
1545 1180 1573 1207 δὲ
1592 1180 1622 1206 τὸ
1636 1179 1807 1216 κατορθῶσαι
1823 1181 1871 1207 καὶ
1886 1179 1916 1208 εὖ

1131 1227 1165 1254 τὰ
1179 1227 1240 1254 καθ’
1252 1227 1346 1253 ἐαυτὸν
1367 1225 1514 1258 διαθέσθαι,
1533 1225 1602 1260 ὑπὲρ
1616 1224 1663 1251 τοῦ
1681 1225 1780 1256 παντὸς
1792 1225 1858 1252 λαοῦ
1870 1225 1916 1253 τοῦ

1131 1271 1199 1299 Θεοῦ
1224 1272 1273 1304 τὰς
1295 1271 1480 1307 παρακλήσεις
1495 1270 1649 1306 ἀναπέμπει
1661 1279 1668 1285 ·
1696 1270 1811 1297 ἱκετεύει
1828 1279 1869 1303 τε,
1885 1272 1918 1299 ἶν’

1132 1318 1226 1355 ὥσπερ
1238 1318 1365 1354 ἀνωτέρω
1381 1318 1476 1345 ἑαυτὴν
1486 1317 1561 1353 ἠξίου
1577 1317 1707 1354 ρυσθῆναι
1723 1313 1776 1344 ἀπὸ
1788 1318 1842 1345 τῶν
1854 1319 1917 1346 ἐαυ-

1132 1369 1179 1396 τοῦ
1205 1368 1339 1403 θλίψεων,
1361 1368 1432 1395 οὕτω
1458 1368 1505 1395 καὶ
1534 1368 1622 1395 πάντα
1643 1368 1689 1395 τὸν
1704 1368 1752 1395 τοῦ
1768 1367 1837 1395 Θεοῦ
1853 1367 1916 1394 λαὸν

1133 1414 1204 1442 κατά
1219 1414 1338 1442 διάνοιαν
1361 1414 1467 1451 Ἰσραὴλ
1482 1414 1690 1450 ὀνομαζόμενον.

1326 1540 1474 1568 ΨΑΛΜΟΣ
1485 1540 1528 1566 TD
1545 1539 1645 1567 ΔΑΥΙΔ
1659 1540 1725 1567 KE'.

335 1599 418 1627 Vens.
428 1599 453 1625 l.
465 1597 563 1625 Indica
588 1606 638 1630 me,
663 1597 782 1630 Domine,
801 1597 925 1632 quoniam
941 1604 986 1632 ego
1000 1597 1028 1624 in
1044 1598 1081 1624 in-

1169 1587 1279 1622 Κρῖνόν
1287 1596 1336 1622 με,
1353 1587 1451 1621 Κύριε,
1465 1586 1509 1613 ὅτι
1521 1586 1578 1621 ἐγὼ
1594 1586 1628 1613 ἐν
1645 1586 1755 1620 ἀκακία
1770 1594 1830 1621 μου
1850 1585 1918 1613 ἐπο-

299 1644 420 1672 noceutia
433 1651 491 1670 mea
510 1650 663 1677 progressus
679 1649 748 1673 sum,
763 1646 788 1668 et
802 1641 830 1668 in
850 1640 963 1668 Domino
978 1648 1085 1674 sperans

301 1699 354 1718 non
362 1689 549 1718 commovebar.
560 1688 687 1716 Fortasse
701 1688 836 1722 quispiam
848 1687 906 1714 haec
912 1686 984 1714 dicta
990 1686 1085 1714 Davidi

301 1737 423 1765 referens
439 1735 561 1770 apposite
577 1734 686 1765 dixerit,
700 1734 791 1769 ipsum
803 1733 941 1768 supplices
954 1732 1010 1760 Deo
1021 1740 1084 1768 pre—

301 1790 348 1810 cos
359 1781 496 1809 eil'undere
512 1788 561 1815 pro
575 1781 629 1807 vita
644 1787 703 1807 sua.
723 1778 791 1806 Nam
805 1786 868 1806 cum
887 1783 1000 1806 sanctus
1013 1778 1086 1814 Apo-

303 1828 390 1856 stolus
404 1827 477 1854 dicat
490 1835 497 1853 :
511 1825 620 1860 Oportet
630 1825 745 1859 primum
759 1824 876 1851 omnium
891 1824 949 1859 ﬁeri
965 1825 1085 1851 obsecra-

302 1874 394 1904 tiones,
406 1872 548 1903 orationes,
557 1869 756 1905 postulationes,
768 1870 915 1904 gratiarum
922 1870 1037 1897 actiones
1045 1871 1065 1886 ³⁷
1075 1879 1083 1903 ;

302 1926 335 1946 ac
360 1918 489 1954 praedicta
513 1917 541 1944 in
565 1919 682 1951 quatuor
700 1915 807 1950 species
829 1915 1010 1948 distribuerit,
1037 1923 1085 1950 par

302 1969 344 1994 est
358 1972 408 1992 nos
425 1971 456 1991 ea
467 1971 527 1998 qua:
541 1962 568 1989 in
581 1961 747 1997 psalmorum
767 1960 838 1988 libro
857 1960 982 1988 feruntur
994 1966 1084 1988 mente

303 2010 484 2046 perpendere,
509 2012 590 2043 atque
611 2007 733 2035 indicare
747 2007 859 2042 quinam
884 2015 980 2035 eorum
1004 2007 1084 2035 obse-

303 2057 450 2087 crationes,
467 2055 513 2090 qui
535 2055 683 2085 orationes,
699 2054 746 2089 qui
768 2053 978 2094 postulationes,
994 2055 1084 2082 maxi-

303 2110 400 2137 meque
420 2101 468 2136 qui
491 2101 639 2136 gratiarum
657 2100 779 2128 actiones
803 2099 968 2135 praeferant:
985 2100 1083 2135 quidve

303 2149 378 2177 aliud
397 2149 430 2175 ab
448 2148 501 2175 alio
517 2146 635 2179 dim-rat,
650 2150 730 2181 atque
745 2154 776 2173 ex
796 2149 852 2172 toto
868 2146 1034 2181 psalmorum
1053 2147 1084 2173 li-

303 2195 354 2223 bro
368 2201 450 2229 supra
464 2193 600 2220 dictorum
616 2192 794 2227 proprietates
809 2191 939 2227 seligere;
954 2195 994 2223 ut,
1007 2192 1082 2220 verbi

303 2248 395 2274 causa,
410 2239 625 2271 obsecrationes,
640 2246 674 2265 ex
689 2238 722 2265 iis
737 2238 850 2273 psalmis
865 2238 912 2273 qui
932 2238 1083 2265 invocatio—

1131 1634 1254 1668 ρεύθην,
1266 1633 1316 1660 καὶ
1325 1633 1374 1659 ἐπὶ
1384 1632 1424 1666 τῷ
1431 1632 1527 1666 Κιιρίῳ
1533 1631 1660 1662 ἐλπίζων
1668 1633 1704 1659 οὐ
1715 1631 1758 1666 μὴ
1768 1630 1917 1659 σαλευθῶ.

1141 1679 1224 1711 ’ἰδίως
1241 1679 1274 1706 ἄν
1287 1687 1329 1710 τις
1348 1679 1395 1706 ἐπὶ
1416 1678 1461 1705 τὸν
1475 1678 1555 1704 Δαυῖδ
1579 1678 1720 1712 ἀναφέρων
1731 1678 1793 1709 τοὺς
1809 1686 1918 1714 προκειυ

1136 1725 1232 1760 μένους
1246 1724 1350 1758 λόγους,
1362 1724 1432 1750 εῐποι
1443 1723 1475 1750 ἂν
1485 1723 1609 1758 ἐντυχίαν
1616 1723 1696 1749 αὐτὸν
1706 1723 1841 1750 ποιεῖσθαι
1852 1723 1918 1758 πρὸς

1134 1770 1179 1797 τὸν
1191 1769 1256 1796 Θεδν
1272 1769 1337 1805 περὶ
1349 1769 1395 1795 τοῦ
1409 1769 1472 1796 ἰδίου
1488 1768 1554 1804 βίου.
1571 1767 1623 1795 Τοῦ
1632 1768 1686 1805 γὰρ
1697 1768 1770 1804 ἱεροῦ
1790 1768 1918 1795 Ἀποστά-

1134 1814 1180 1841 λου
1195 1815 1344 1850 φήσαντος-
1367 1814 1486 1849 Πρῶτον
1505 1814 1622 1841 πάντων
1634 1815 1682 1841 δεῖ
1691 1814 1837 1842 ποιεῖσθαι
1851 1813 1918 1847 δεή-

1134 1868 1210 1893 σεις,
1235 1861 1422 1896 προσευχὰς,
1440 1861 1607 1894 ἐντεύξεις,
1626 1861 1834 1895 εὐχαριστίαςι
1872 1860 1919 1886 καὶ

1133 1906 1264 1938 διελόντος
1286 1907 1320 1934 τὰ
1343 1907 1525 1943 προλεχθέντα
1548 1908 1587 1939 εἰς
1614 1907 1670 1943 εἴδη
1692 1907 1822 1942 τέσσαρα,
1842 1907 1917 1942 ἡμᾶς

1134 1954 1266 1990 προσήκει
1279 1954 1329 1990 τὴν
1344 1954 1461 1981 διάνοιαν
1474 1955 1530 1985 τοῖς
1547 1955 1575 1981 ἐν
1587 1955 1622 1989 τῇ
1635 1954 1718 1989 βίϐλῳ
1734 1953 1787 1980 τῶν
1795 1953 1917 1989 Ψαλμῶν

1133 1999 1330 2035 ὲμφερομένοις
1353 2000 1466 2035 ὲφιστᾷν
1487 1999 1533 2026 τὸν
1556 1999 1627 2033 νοῦν,
1655 1999 1918 2034 ἐπισημαινομένους

1133 2045 1204 2077 τίνες
1217 2046 1265 2081 μὲν
1277 2045 1366 2072 αὐτῶν
1385 2045 1543 2081 περιέχουσι
1555 2045 1671 2081 δεήσεις,
1685 2045 1732 2072 καὶ
1746 2046 1817 2077 τίνες
1833 2053 1918 2081 προσ·

1133 2090 1224 2126 ευχὰς,
1249 2092 1296 2118 καὶ
1314 2092 1386 2124 τίνες
1407 2091 1552 2124 ἐντεύξεις,
1568 2092 1612 2118 καὶ
1626 2093 1671 2119 ἐπὶ
1693 2093 1759 2118 πᾶσι
1775 2092 1847 2123 τίνες
1873 2092 1918 2119 εὑ-

1133 2138 1290 2173 χαριστίαςο
1308 2137 1334 2164 τι
1347 2147 1376 2164 τε
1398 2138 1520 2174 διαφέρει
1549 2137 1661 2174 θάτερον
1676 2138 1802 2174 θατέρου,
1822 2138 1919 2165 ἀναλέ-

1133 2183 1227 2218 γεσθαι
1255 2192 1285 2210 τε
1312 2184 1365 2210 ἀπὸ
1385 2185 1474 2219 πάσης
1497 2184 1546 2219 τῆς
1567 2184 1658 2219 βίϐλου
1674 2183 1727 2211 τῶν
1747 2184 1869 2219 Ψαλμῶν
1883 2183 1918 2210 τὰ

1135 2230 1267 2266 ἰδιώματα
1282 2231 1336 2257 τῶν
1349 2231 1500 2266 εἰρημένων
1514 2240 1521 2246 ⁸
1539 2228 1593 2257 οἷον
1616 2231 1666 2262 τὰς
1682 2231 1730 2266 μὲν
1746 2231 1852 2266 δεήσεις
1864 2230 1918 2258 ἀπὸ

302 2296 351 2316 nes
372 2292 399 2315 et
427 2286 640 2321 supplicationes
669 2285 897 2320 complectuntur,
929 2285 956 2312 in
984 2285 1081 2320 quibus

1134 2277 1188 2303 τῶν
1205 2277 1384 2313 περιεχόντων
1399 2277 1596 2313 παρακλήσεις,
1610 2277 1657 2304 καὶ
1667 2278 1824 2314 ἱκετηρίας,
1835 2279 1864 2305 ἐν
1874 2275 1918 2309 αἷς

301 2338 409 2362 exstant
428 2334 509 2361 etiam
530 2331 734 2363 confessiones;
759 2331 848 2366 qualis
874 2336 916 2359 est
934 2331 1081 2366 vigesimus

301 2383 415 2415 quartus
434 2378 565 2414 psalmus,
582 2377 628 2412 qui
643 2384 730 2412 neque
751 2376 898 2407 canticum.
912 2383 999 2410 neque
1009 2375 1082 2410 psal—

302 2433 373 2457 mus,
391 2432 478 2460 neque
493 2424 621 2459 hymnus.
642 2429 731 2458 neque
752 2421 841 2449 simile
860 2421 1010 2457 quidpiam,
1031 2421 1080 2449 sed

302 2470 395 2498 Davidi
410 2472 498 2498 solum
512 2470 680 2497 inscribitur.
695 2469 840 2496 Orationes
854 2472 928 2499 sunt,
948 2471 1081 2503 quotquot

303 2516 399 2552 psalmi
415 2517 442 2543 in
457 2517 535 2543 titulo
550 2516 688 2543 orationes
703 2515 849 2547 dicuntur;
865 2514 1021 2549 cuiusmodi
1041 2518 1083 2541 est

302 2561 424 2589 decimus
438 2566 542 2595 sextus,
559 2561 741 2597 octogesimus
756 2561 881 2596 quintus,
897 2560 1082 2595 octogesimus

303 2615 402 2640 nonus,
427 2608 591 2636 centesimus
611 2608 728 2643 primus,
750 2606 915 2634 centesimus
930 2607 1081 2642 quadrage-

303 2655 389 2684 simus
408 2653 523 2688 primus.
546 2653 702 2681 Gratiarum
722 2653 845 2680 actiones
868 2657 941 2685 sunt,
957 2653 1003 2687 qui
1020 2652 1080 2687 pani

302 2700 409 2727 ratione
423 2706 454 2726 ac
469 2699 634 2726 centesimus
649 2698 786 2727 secundus
797 2697 944 2732 conscripti
962 2701 1037 2728 sunt,
1052 2698 1080 2724 in

302 2753 356 2780 quo
376 2746 416 2773 sic
437 2743 690 2779 legitur:Benedic,
715 2743 805 2771 anima
821 2750 889 2776 mea,
915 2741 1041 2773 Domino.
1055 2747 1080 2770 et

301 2792 356 2818 noli
384 2789 502 2818 oblivisci
522 2797 610 2817 omnes
631 2789 814 2817 retributiones
830 2788 904 2823 ejus,
927 2791 954 2815 et
970 2791 1078 2816 caetera.

335 2870 358 2888 ’ν
379 2869 389 2896 ι
405 2868 475 2896 Tim.
494 2877 531 2899 ιι.
551 2868 576 2896 Ι.
597 2867 664 2895 Vide
680 2874 760 2900 supra
776 2866 873 2902 psalm.
891 2873 947 2900 vn,
964 2865 996 2899 ι,
1014 2864 1040 2893 5.

1134 2321 1220 2348 δὲικαὶ
1232 2321 1437 2357 ἐξομολογήσεις
1456 2323 1583 2358 φέρονται
1595 2331 1601 2338 ·
1617 2323 1709 2354 ὁποῖός
1724 2324 1798 2349 ἐστιν
1810 2324 1824 2350 ὁ
1843 2325 1917 2350 alito-

1136 2367 1197 2399 στὸς
1205 2368 1341 2403 ’τέταρτος
1363 2368 1479 2404 ψαλμδς,
1496 2368 1557 2396 οὒτε
1570 2369 1635 2405 ᾠδὴ.
1650 2368 1712 2396 οὔτε
1723 2369 1840 2404 ψαλμδς,
1856 2369 1919 2396 οὔτε

1135 2415 1227 2450 ὕμνος,
1244 2415 1305 2442 οὕτε
1319 2424 1345 2442 τι
1365 2415 1498 2443 τοιοῦτον·
1522 2415 1579 2442 ἀλλ’
1598 2416 1690 2448 ἁπλῶς
1706 2416 1744 2452 τῷ
1758 2416 1841 2443 Δαυῒδ
1857 2419 1920 2444 ἐπι-

1133 2463 1334 2499 γεγραμμένος.
1368 2464 1521 2500 Προσευχαὶ
1538 2464 1567 2490 δέ
1592 2465 1670 2496 εἰσιν,
1684 2465 1740 2491 ὅσοι
1756 2465 1785 2491 ἐν
1798 2467 1831 2500 τῇ
1853 2473 1919 2500 προ-

1133 2511 1225 2545 γραφῇ
1252 2509 1410 2546 προσευχῶν
1434 2510 1645 2546 ὲπιγρὰφουσιν·
1661 2507 1717 2537 οἷον
1735 2512 1750 2537 ὁ
1765 2510 1794 2543 ἒξ
1817 2512 1866 2537 καὶ
1876 2511 1921 2537 δέ-

1133 2562 1224 2586 κατος,
1240 2555 1288 2581 καὶ
1300 2555 1314 2581 ό
1329 2554 1505 2590 ὀγδοηκοστὸς
1525 2555 1659 2591 πέμπτος,
1677 2557 1723 2583 καὶ
1739 2556 1919 2591 ὀγδοηκοστὸς

1131 2599 1248 2632 ἓννατος,
1269 2599 1316 2627 καὶ
1338 2600 1482 2632 summa;
1498 2601 1614 2636 πρῶτος,
1632 2601 1680 2628 καὶ
1694 2601 1840 2633 ἑκατοστὸς
1855 2609 1918 2628 τεσ-

1132 2649 1298 2684 σαρακοστὸς
1319 2646 1435 2683 πρῶτος.
1452 2647 1627 2683 Εὐχαριστίαι
1638 2647 1668 2674 δέ
1688 2648 1756 2674 εἰσιν
1771 2648 1796 2674 οἱ
1817 2647 1918 2683 ὁμοίως

1132 2695 1238 2731 ἔχοντες
1245 2696 1283 2731 τῷ
1291 2695 1427 2730 ἑκατοστῷ
1434 2695 1561 2730 δευτέρῳ,
1570 2696 1598 2721 ὲν
1608 2692 1630 2728 ᾦ
1644 2694 1750 2730 εἴρηται
1759 2703 1766 2710 ·
1779 2695 1915 2729 Εὺλόνει,

1132 2743 1152 2776 ὴ
1161 2742 1245 2777 ψυχή
1254 2750 1324 2777 μου,
1350 2742 1402 2769 τὸν
1429 2743 1547 2776 Κύριον,
1580 2742 1629 2769 καὶ
1646 2741 1689 2776 μὴ
1713 2740 1916 2768 taumaer

1133 2787 1233 2821 πάσας
1257 2788 1309 2822 τὰς
1325 2787 1542 2821 ἀνταποδόσεις
1572 2787 1682 2820 αὐτοῦ,
1710 2787 1757 2814 καὶ
1783 2786 1818 2814 τὰ
1842 2785 1913 2821 ἑξῆς.
