2056 3214
289 177 344 210 2'59

660 178 795 207 EUSEBll
813 176 1052 206 CESARIENSIS
1070 176 1148 205 OPP.
1169 177 1258 205 PARS
1279 176 1321 204 Ill.
1342 181 1376 198 '—
1394 175 1599 205 EXEGETlCA.

1864 177 1909 203 Sil)

291 241 391 269 Verum
413 238 458 275 qui
485 237 550 266 taiia
568 241 663 265 contra
690 245 734 265 me
750 237 898 265 machinati
916 240 999 268 sunt,
1019 243 1071 262 cun

1134 235 1167 261 τὸ
1191 236 1371 271 καταφαγεῖν
1391 236 1444 269 τὰς
1467 235 1582 270 σάρκας
1602 243 1671 269 μου.
1692 233 1761 262 Ἀλλ’
1783 234 1808 261 οἱ
1831 233 1910 260 ταῦτα

289 287 344 322 jam
361 284 478 321 proximi
499 283 628 312 carnibus
645 284 714 312 meis
731 284 866 311 instarent
880 303 887 316 ,
915 283 1009 310 nescio
1024 289 1071 317 qut

1130 282 1190 307 κατ’
1208 281 1274 316 ἐμοῦ
1296 281 1492 316 διανοηθέντες,
1507 281 1554 307 καὶ
1576 280 1626 315 ήδη
1648 280 1760 316 πλησίον
1778 280 1910 315 γενόμενοι

291 336 371 368 pacto
385 340 445 368 quae
459 332 487 359 in
506 339 550 359 me
569 335 726 367 perpetrare
747 330 869 358 meditati
892 329 1019 361 fuerant,
1046 336 1079 356 ea

290 379 349 414 ipsa
361 378 482 414 perpessi
497 382 569 410 sunt.
585 377 653 406 Nam
677 384 730 409 me,
746 377 844 411 inquit,
858 383 953 404 contra
970 383 1019 404 eos
1033 376 1077 403 ni-

291 425 328 452 hil
343 424 535 460 aggrcdiente,
551 424 602 459 ipsi
622 424 751 458 inﬁrmati
767 427 843 455 sunt,
870 427 895 450 et
918 422 1076 455 occiderunt.

291 470 447 503 Enimvero,
469 476 498 498 ut
514 474 606 505 aperte
621 471 721 506 liquet.
739 470 809 498 lucis
823 477 889 498 meae
916 469 1078 497 servatoris-

289 525 342 552 que
356 518 409 545 mei
429 525 530 550 arcana
550 517 697 553 divinaque
718 517 817 545 virtute
838 516 965 544 dehellati
982 520 1010 543 et
1030 516 1078 544 de-

289 563 360 598 pulsi
377 567 457 596 sunt,
474 568 504 591 ut
519 572 572 592 una
587 572 637 600 ego
656 565 691 592 ab
706 563 813 592 insidiis
829 571 924 591 eorum
938 563 1076 598 eriperer;

288 610 410 646 nihilque
425 611 518 639 damni
532 611 696 646 acciperem,
711 615 737 639 et
754 611 808 639 illis
824 618 934 646 quoque
950 610 1077 638 utilitatis

289 655 427 691 quidpiam
439 657 595 690 obveniret;
612 665 644 684 ac
660 656 800 685 debilitata
809 656 967 684 eorumdem
983 656 1078 692 nequi-

291 701 380 733 tia,id
393 702 490 730 saltem
504 702 574 730 lucri
597 703 785 738 perciperent,
811 706 840 730 ut
865 710 899 730 ne
920 702 956 731 ob
971 702 1076 730 illatum

289 748 356 775 mihi
383 747 592 781 detrimentum,
619 757 714 777 eorum
743 749 903 784 improbitas
935 756 1077 777 accresce—

288 795 340 820 ret.
357 791 386 820 ln
401 793 564 828 quibusdam
576 794 778 829 exemplaribus
795 794 975 824 inscribitur:
993 794 1077 822 Psal-

288 848 346 866 mus
361 839 471 867 Davidia
486 842 639 876 priusquam
655 842 787 869 (iniretur.

323 885 405 914 Vsus.
425 887 452 915 Δ.
477 885 563 914 Unam
577 888 640 921 petii
650 896 666 914 a
679 887 793 916 Domino
804 907 813 920 ,
831 888 899 915 hanc
922 888 1055 923 requirant
1066 908 1074 920 ,

286 937 315 962 tu
331 932 473 960 inhabilem
487 934 514 960 in
529 933 607 965 domo
631 933 740 961 Domini
758 934 880 963 omnibus
897 934 987 962 diebus
1015 934 1074 962 vita:

285 986 367 1010 mea,
391 983 420 1007 ut
441 978 544 1006 videam
573 979 731 1014 voluptatem
759 979 887 1013 Domini,
918 984 944 1008 et
972 980 1074 1008 visitant

286 1023 411 1058 templum
433 1024 501 1058 ejus.
521 1023 628 1052 Domini
651 1024 836 1060 pulchritudo,
853 1033 885 1053 ac
899 1025 981 1053 decor
994 1024 1073 1054 volu-

284 1073 419 1105 ptasque,
445 1070 472 1097 in
499 1070 581 1098 domo
607 1069 655 1098 Dei
671 1071 860 1106 conspicitur,
892 1070 1018 1098 videlicet
1045 1070 1073 1097 in

284 1115 406 1144 Ecclesia
422 1116 498 1151 ejus;
528 1116 610 1151 idque
625 1121 737 1152 propter
752 1116 883 1144 divinitus
897 1116 1012 1144 traditas
1022 1124 1073 1159 _sa-

284 1168 401 1196 orasque
426 1160 606 1196 disciplinas,
633 1161 733 1195 quibus
747 1168 811 1188 vera
839 1160 910 1189 inest
937 1159 1073 1188 sermonis

284 1207 468 1242 pulchritudo,
484 1215 565 1235 verus
580 1207 673 1239 decor,
687 1207 714 1234 in
734 1214 787 1244 quo
802 1207 844 1235 vel
864 1209 923 1241 ipse
938 1205 1010 1234 Deus
1024 1205 1073 1233 de-

284 1252 400 1284 lectatur
420 1260 452 1280 ac
477 1259 612 1280 versatur.
628 1252 722 1288 Neque
738 1260 753 1281 a
769 1260 833 1280 vero
849 1251 1034 1283 aberraveris,
1047 1251 1071 1278 si

283 1297 410 1325 decorem
427 1297 503 1325 illum
519 1297 622 1326 dixeris
633 1306 695 1327 esse
711 1301 887 1332 temperatam
901 1297 1072 1332 probamque

284 1344 377 1376 vitam,
395 1351 429 1372 ac
446 1347 571 1372 sanctum
596 1344 751 1373 institutum
770 1344 910 1374 hominum
937 1343 983 1378 qui
1008 1343 1071 1370 reli-

283 1390 363 1426 gione
379 1398 412 1418 ac
427 1391 528 1426 pietate
540 1394 718 1420 exornantur.

316 1478 400 1507 Vens.
421 1479 448 1512 Β,
466 1479 493 1508 6.
516 1479 647 1514 Quoniam
672 1479 811 1509 abscondit
833 1488 874 1507 me
897 1480 924 1507 in
948 1480 1072 1507 taberna-

282 1525 362 1553 culo:
378 1527 404 1553 in
417 1526 459 1558 die
470 1526 600 1555 malot’um
621 1527 736 1561 protexit
756 1534 795 1554 me
811 1526 838 1553 in
855 1525 1010 1555 abscondito
1028 1531 1071 1559 ta:

283 1571 417 1599 bcrnacuti
432 1572 484 1600 sui.
508 1571 542 1600 1η
558 1577 633 1606 petra
659 1572 787 1603 excitauit
814 1579 863 1599 me.
890 1571 954 1599 Haec
977 1571 1070 1602 omnia

282 1617 348 1644 mihi
372 1617 497 1646 Salvator
514 1625 591 1646 meus
611 1619 724 1653 largitus
740 1622 801 1651 est,
824 1618 888 1645 dum
913 1619 1071 1652 appropiant

282 1669 360 1696 super
374 1671 414 1691 me
426 1667 556 1696 nocentes.
571 1669 599 1693 ut
619 1664 699 1691 edant
715 1671 807 1691 carnes
822 1671 905 1690 meas.
925 1662 979 1697 Ipsi
995 1670 1072 1690 nam-

282 1708 476 1744 queinlirmati
492 1713 558 1736 sunt
576 1713 603 1737 et
617 1709 775 1739 ceciderunt
791 1718 797 1736 :
817 1717 866 1746 ego
881 1712 972 1736 autem
988 1709 1016 1742 in
1030 1712 1072 1736 ta-

283 1754 432 1789 bernaculo
447 1755 575 1784 habitans
588 1755 702 1783 dextera
725 1756 786 1790 ejus
806 1754 971 1790 contegehar
983 1774 990 1786 ,
1008 1755 1072 1790 quia

282 1801 387 1830 scilicet
411 1802 441 1830 in
463 1801 580 1830 desertis
607 1801 675 1829 locis
691 1805 757 1832 tunc
775 1801 906 1836 temporis
922 1800 1069 1834 versabar,

281 1848 355 1884 quod
372 1848 493 1876 nondum
508 1849 625 1877 excitata
640 1847 738 1876 domus
755 1846 861 1876 Domini
875 1851 949 1880 esset
960 1867 968 1878 ,
983 1854 1072 1881 neque

281 1895 414 1930 templum
423 1895 484 1930 ejus
499 1898 629 1923 exstaret.
645 1893 698 1923 Sal
719 1894 778 1929 ipse
797 1893 916 1929 protexit
929 1901 972 1922 me
987 1893 1015 1920 in
1027 1892 1071 1920 die

281 1940 427 1973 malorum,
449 1941 477 1968 id
491 1945 542 1974 est,
561 1944 685 1976 tempore
700 1940 922 1976 persecutionum
939 1944 966 1968 et
982 1943 1071 1967 tenta-

281 1987 402 2021 tionum;
431 1994 486 2014 non
507 1987 561 2015 alio
585 1987 614 2014 in
628 1987 699 2020 loco,
716 1994 797 2022 quam
814 1987 840 2015 in
853 1986 1016 2014 abscondito
1030 1989 1071 2013 ta-

282 2033 422 2064 bernaculi
438 2033 492 2061 sui.
509 2033 630 2068 Hujusce
644 2041 727 2068 porro
736 2033 802 2061 dicti
817 2033 1068 2068 interpretationem

282 2077 453 2105 mutuaberis
479 2085 514 2105 ex
545 2078 580 2106 iis
606 2086 668 2113 quae
695 2078 800 2114 Moyses
830 2078 864 2106 de
893 2078 1071 2106 tabernaculo

281 2123 466 2159 conscripsit,
496 2131 603 2151 necnon
627 2124 661 2152 de
689 2124 859 2153 tabernaculi
886 2123 990 2152 intimis
1010 2132 1070 2159 par-

278 2169 369 2201 tibus,
386 2177 446 2205 quae
464 2170 592 2198 omnibus
606 2170 883 2203 inaccessae,Sancta
911 2174 1068 2198 sanctorum

279 2216 460 2244 vocabantur.
497 2215 560 2244 Haec
591 2220 670 2244 erant
699 2216 857 2246 abscondita
888 2215 1067 2244 tabernaculi.

1091 914 1113 945 Β

1127 326 1181 352 τῶν
1198 326 1271 362 ἐμῶν
1290 327 1408 362 σαρκῶν,
1427 327 1477 352 οὐκ
1497 324 1544 352 οἶδ’
1559 327 1632 357 ὅπως
1652 325 1724 361 ἅπερ
1739 325 1841 361 πρᾶξαι
1856 326 1909 352 κατ’

1128 372 1196 408 ἐμοῦ
1221 373 1400 409 διανενόηντο,
1423 373 1510 400 ταῦτα
1532 373 1713 400 πεπόνθασιν·
1743 371 1832 399 Αὐτοὶ
1851 372 1908 408 γὰρ,

1127 419 1220 454 φησὶν,
1244 419 1435 453 ήσθένησαν,
1451 419 1644 452 καὶ-ἔπεσαν,
1671 419 1745 445 οὐδὲν
1767 418 1834 454 ὲμοῦ
1857 413 1910 446 κατ’
1933 447 1942 457 ,

1127 465 1215 493 αὐτῶν
1237 466 1436 502 ἐνηργηκότος·
1458 466 1526 493 ἀλλὰ
1546 465 1646 501 δηλαδὴ
1669 465 1715 492 τοῦ
1739 465 1806 500 ἐμοῦ
1831 466 1910 500 φωτὸς

1128 513 1174 539 καὶ
1192 511 1240 539 τοῦ
1261 512 1328 548 ὲμοῦ
1352 512 1472 548 σωτῆρος
1486 513 1633 549 ἀπορρήτῳ
1646 512 1693 539 καὶ
1708 512 1785 547 θεῖκῇ
1805 511 1910 547 δυνάμει

1127 558 1188 584 κατ’
1210 557 1300 584 αὐτῶν
1325 558 1560 594 στρατευσαμένου
1586 559 1633 585 καὶ
1654 557 1851 589 καταϐαλόντος
1871 557 1910 583 αὺ-

1126 602 1200 634 τοὺς,
1219 603 1250 629 ἵν’
1263 602 1318 637 ἐγώ
1334 612 1363 629 τε
1377 603 1503 638 ρυσϐείην
1517 603 1566 638 τῆς
1587 603 1676 629 αὐτῶν
1699 603 1853 638 ἐπιϐουλῆς,
1870 603 1911 629 καὶ

1129 648 1212 683 μηδὲν
1234 648 1370 684 βλαϐείην,
1393 649 1470 676 αὐτοί
1493 657 1522 675 τε
1546 649 1722 684 ὼφεληθεϊεν,
1741 649 1791 684 τῆς
1813 650 1911 676 ἑαυτῶν

1127 694 1225 726 κακίας
1240 693 1478 729 ὲξασθενήσαντες,
1496 694 1674 730 κερδάναντες
1685 694 1725 729 τῷ
1742 694 1779 730 μὴ
1792 694 1841 730 τὴν
1855 696 1910 721 ἐαυ-

1127 740 1181 767 τῶν
1197 740 1313 776 αὐξῆσαι
1334 741 1484 777 μοχθηρίαν
1498 740 1542 767 διὰ
1564 740 1615 776 τῆς
1630 742 1690 767 κατ’
1715 740 1781 776 ἐμοῦ
1805 740 1910 777 βλάῦης.

1129 787 1177 813 Ἐν
1199 795 1269 813 τισιν
1290 787 1503 822 ἐπιγέγραπται,
1528 786 1652 822 Ψαλμὸς
1671 787 1724 814 τοῦ
1746 786 1835 813 Δαυῒδ
1859 787 1911 821 πρὸ

1127 832 1180 860 τοῦ
1195 832 1366 868 χρισθῆναι.
1806 825 1808 827 ’

1163 878 1243 906 Μίαν
1267 878 1427 914 ᾐτησάμην
1446 878 1526 913 παρὰ
1550 879 1672 913 Kvplov.
1697 879 1810 913 ταύτην
1832 878 1902 914 ἐκζηο

1126 924 1225 958 τήσω·
1245 925 1299 952 τοῦ
1321 925 1471 952 κατοικεῖν
1489 934 1528 960 με
1541 926 1575 952 ἐν
1593 926 1665 958 οἴκῳ
1689 926 1799 960 Κυρίου
1815 924 1908 959 πάσας

1127 971 1180 1005 τὰς
1201 971 1313 1006 ἡμέρας
1335 971 1391 1006 τῆς
1412 971 1486 1006 ζωῆς
1504 981 1574 1007 μου,
1599 973 1652 1000 τοῦ
1667 972 1786 1007 θεωρεῖν
1805 981 1843 1007 με
1859 971 1910 1007 τὴν

1126 1019 1312 1053 τερπνότητα
1326 1017 1450 1052 Κυρίου,
1466 1018 1514 1045 καὶ
1532 1018 1765 1046 ἐπισκέπτεσθαι
1777 1019 1831 1045 τὸν
1840 1019 1910 1045 ναὸν

1125 1064 1228 1092 αὺτοῦ.
1243 1064 1347 1097 Κάλλος
1363 1065 1465 1101 Κυρίου
1477 1065 1524 1092 καὶ
1538 1064 1688 1101 εὐπρέπεια
1703 1065 1750 1091 καὶ
1764 1064 1910 1101 τερπνότης

1127 1111 1155 1137 ὲν
1170 1110 1209 1146 τῷ
1230 1112 1297 1147 οἴκῳ
1312 1111 1358 1138 τοῦ
1382 1110 1449 1139 Θεοῦ
1465 1110 1619 1146 θεωρεῖται,
1634 1110 1732 1146 δηλαδὴ
1750 1111 1778 1136 ὲν
1794 1111 1828 1146 τῇ
1851 1110 1908 1138 Ἐκ-

1125 1156 1225 1193 κλησίᾳ
1241 1156 1335 1190 αὐτοῦ,
1357 1156 1401 1184 διὰ
1421 1156 1475 1183 τῶν
1495 1156 1679 1183 θεοπνεύστων
1701 1157 1747 1183 καὶ
1765 1156 1844 1191 ἱερῶν
1861 1165 1909 1190 μα-

1127 1201 1265 1238 θημάτων,
1282 1203 1310 1229 ὲν
1327 1199 1367 1234 οἷς
1382 1201 1412 1229 τὺ
1430 1201 1554 1238 ἀληθινὸν
1570 1201 1616 1228 τοῦ
1633 1201 1711 1236 λόγου
1734 1201 1842 1233 κάλλος.
1867 1202 1909 1228 καὶ

1125 1249 1141 1284 ἡ
1164 1248 1266 1283 ἀληθὴς
1292 1248 1453 1284 εὐπρέπεια,
1519 1249 1566 1275 καὶ
1593 1248 1674 1279 αὐτὸς
1697 1248 1873 1283 ἐπιτέρπεται
1893 1251 1905 1276 ὁ

1125 1294 1191 1326 Θεὸς
1205 1294 1251 1321 καὶ
1264 1294 1480 1330 ὲμπολιτεύεται.
1504 1294 1560 1320 Οὐκ
1573 1293 1605 1322 ἂν
1621 1293 1649 1320 δὲ
1671 1293 1803 1329 ἁμάρτοις
1817 1293 1898 1332 εῦπρέ

1125 1350 1205 1368 πειαν
1229 1341 1316 1376 λέγων
1339 1342 1386 1368 καὶ
1409 1341 1454 1368 τὸν
1475 1339 1601 1376 σώφρονα
1621 1340 1668 1367 καὶ
1683 1339 1779 1378 σεμνρν
1797 1340 1854 1374 βίον
1868 1340 1910 1366 κα)

1125 1389 1214 1415 πᾶσαν
1233 1387 1281 1424 τὴν
1299 1388 1425 1425 ἐνάρετον
1438 1387 1572 1414 πολιτείαν
1586 1387 1640 1414 τῶν
1659 1387 1688 1413 ἐν
1704 1386 1841 1422 θεοσεϐείᾳ
1855 1386 1907 1413 δια-

1125 1436 1292 1471 πρεπόντων.

1161 1484 1220 1510 ’Ὁτι
1241 1482 1355 1518 ἔκρυψέ
1378 1491 1416 1518 με
1435 1483 1471 1509 ἐν
1495 1481 1612 1516 σκηνῇ·
1637 1481 1672 1508 ὲν
1694 1480 1788 1515 ἡμέρᾳ
1814 1479 1909 1508 κακῶν

1123 1530 1275 1557 ἐσκέπασέ
1296 1539 1334 1564 με
1355 1530 1389 1557 ὲν
1410 1529 1573 1563 ἀποκρύφῳ
1595 1527 1649 1562 τῆς
1668 1526 1786 1561 σκηνῆς
1807 1525 1910 1553 αὑτοῦ.

1130 1577 1178 1605 Ἕν
1191 1577 1283 1611 πέτρᾳ
1298 1577 1404 1612 ὕψωσέ
1415 1585 1463 1612 με.
1477 1575 1570 1603 Ταῦτά
1584 1584 1628 1611 μοι
1646 1575 1734 1601 πάντα
1750 1573 1885 1609 παρέσχον
1896 1573 1909 1598 t'

1123 1622 1218 1658 Σωτήρ
1235 1631 1286 1658 μου
1298 1622 1332 1649 ἐν
1345 1621 1385 1655 τῷ
1399 1620 1522 1656 ὲγγίζέιν
1535 1619 1580 1648 ἐπ’
1599 1620 1652 1655 ἐμὲ
1666 1618 1847 1651 κακοῦντας,
1859 1617 1909 1645 τοῦ

1122 1668 1228 1703 φαγεῖν
1242 1667 1295 1701 τὰς
1317 1668 1433 1702 σάρκας
1450 1677 1521 1702 μου.
1537 1669 1568 1694 Οἱ
1587 1667 1635 1702 μὲν
1651 1666 1705 1701 γὰρ
1720 1665 1850 1700 ἠσθένουν
1865 1663 1909 1690 καὶ

1122 1713 1250 1740 ἔπιπτον·
1276 1713 1332 1747 ἐγὼ
1346 1713 1374 1739 δὲ
1395 1713 1448 1739 ὑπὸ
1469 1712 1519 1747 τῆς
1537 1712 1618 1739 αὑτοῦ
1632 1711 1720 1743 δεξιᾶς,
1735 1710 1910 1746 ἐκρυπτόμην

1121 1758 1151 1786 ἐν
1164 1759 1249 1794 σκηνῇ
1262 1758 1406 1791 κατοικῶν,
1420 1758 1462 1785 διὰ
1477 1757 1508 1785 τὸ
1521 1759 1549 1784 ὲν
1563 1757 1690 1794 ἐρημίαις
1708 1757 1757 1789 τὰς
1772 1756 1910 1791 διατριϐὰς

1122 1804 1266 1835 ποιεῖσθαι,
1281 1805 1326 1831 καὶ
1339 1804 1377 1840 μὴ
1390 1804 1460 1839 ἔχειν
1474 1804 1532 1830 τότε
1545 1803 1590 1829 τὸν
1603 1801 1677 1830 οἶκον
1690 1801 1736 1828 τοῦ
1751 1801 1830 1833 Θεοῦ,
1843 1801 1911 1836 μηδὲ

1121 1851 1166 1878 τὸν
1182 1850 1244 1877 ναὸν
1264 1850 1356 1878 αὑτοῦ.
1376 1850 1455 1877 Ἀλλὰ
1476 1850 1523 1877 καὶ
1542 1849 1680 1876 ὲσκέπασέ
1703 1857 1737 1884 με
1761 1848 1789 1874 ἐν
1805 1849 1838 1883 τῇ
1855 1847 1913 1874 τῶν

1121 1897 1215 1924 κακῶν
1230 1897 1331 1933 ἡμέρᾳ,
1348 1897 1485 1924 τουτέστιν
1503 1897 1531 1923 ἐν
1545 1895 1632 1932 καιρῷ
1653 1895 1705 1922 τῶν
1720 1894 1846 1929 διωγμῶν
1864 1894 1914 1920 καῖ⁵

1121 1943 1175 1970 τῶν
1191 1944 1374 1980 πειρατηρίων
1383 1952 1389 1958 ·
1405 1944 1454 1970 οὐκ
1468 1942 1584 1978 ἀλλαχοῦ
1599 1951 1661 1974 που,
1674 1941 1731 1968 ἀλλ’
1748 1942 1776 1968 ὲν
1788 1941 1827 1976 τῷ
1841 1941 1910 1967 ἀπο-

1122 1989 1218 2025 κρύφῳ
1232 1990 1282 2025 τῆς
1296 1990 1399 2025 σκηνῆς
1418 1988 1511 2015 αὐτοῦ.
1528 1989 1643 2024 Νοὴσεις
1659 1988 1688 2014 δὲ
1701 1987 1731 2014 τὸ
1748 1986 1913 2021 λελεγμένον

1120 2036 1175 2063 ἀπὸ
1188 2035 1241 2063 τῶν
1259 2036 1334 2071 παρὰ
1346 2036 1457 2063 Μωῦσεῖ
1469 2035 1533 2070 περὶ
1548 2034 1598 2069 τῆς
1614 2033 1716 2069 σκηνῆς
1732 2034 1911 2068 ἀναγεγραμ-

1123 2082 1220 2118 μένων,
1239 2082 1286 2109 καὶ
1300 2082 1363 2119 περὶ
1382 2081 1436 2108 τῶν
1456 2080 1584 2108 ἐσωτάτω
1603 2080 1654 2116 τῆς
1670 2080 1770 2114 σκηνῆς
1787 2078 1840 2105 τῶν
1853 2079 1911 2110 τοῖς

1121 2129 1204 2155 πᾶσιν
1226 2129 1345 2160 ἀϐάτων,
1363 2128 1435 2163 ἆπερ
1457 2127 1571 2154 ἐκάλουν
1591 2126 1673 2160 ’Ἅγια
1696 2125 1793 2160 ἁγίων.
1816 2123 1912 2152 Ταῦτα

1120 2175 1174 2211 γὰρ
1187 2173 1221 2210 ἦν
1241 2174 1276 2201 τὰ
1298 2173 1446 2209 ἀπόκρυφα
1464 2173 1513 2208 τῆς
1531 2171 1644 2207 σκηνῆς.
1661 2170 1739 2197 Οὕτω
1758 2171 1847 2196 τοίνυν
1862 2170 1913 2197 καὶ

1121 2222 1149 2247 ἐν
1173 2220 1212 2256 τῷ
1232 2219 1320 2256 καιρῷ
1342 2219 1397 2247 τῶν
1420 2217 1603 2254 πειρατηρίων
1623 2217 1704 2248 αὐτὸς
1724 2217 1789 2252 ὲμὺς
1806 2216 1912 2252 Κύριος

279 2261 326 2292 Sic
353 2263 446 2299 itaque
474 2263 502 2290 in
536 2267 659 2298 tempore
683 2263 865 2291 tentationum
883 2282 890 2295 ,
927 2263 986 2298 ipse
1014 2262 1067 2290 Do-

1123 2268 1166 2295 καὶ
1181 2266 1276 2302 Σωτὴρ
1292 2266 1428 2293 ὲσκέπασε
1440 2264 1488 2291 καὶ
1498 2263 1640 2299 ἀπέκρυψέ
1648 2270 1683 2298 με
1694 2263 1724 2289 ὲν
1734 2261 1772 2296 τῷ
1780 2263 1913 2298 ὲσωτάτῳ

279 2312 371 2341 minus
398 2314 425 2339 et
445 2310 574 2338 Servator
607 2317 686 2338 meus
720 2310 840 2346 protexit
870 2317 914 2337 me
943 2313 971 2337 et
1005 2310 1068 2337 abs-

279 2357 373 2385 condit
410 2357 439 2384 in
467 2357 571 2385 intimis
609 2357 780 2384 tabernaculi
811 2356 855 2384 sui
878 2366 884 2384 :
912 2364 966 2385 non
995 2356 1068 2392 quod

278 2411 374 2431 revera
396 2404 434 2432 ibi
457 2411 500 2432 me
527 2403 724 2436 collocaverit,
753 2402 801 2431 sed
826 2403 853 2430 in
873 2403 972 2430 animae
994 2407 1067 2430 statu

279 2449 462 2483 sanctiﬁcato,
485 2454 512 2478 et
534 2457 550 2477 a
577 2450 664 2477 turbae
687 2449 838 2485 frequentia
862 2453 1015 2485 segregato.
1035 2448 1068 2476 Et

279 2495 348 2528 haec,
365 2496 464 2531 inquit,
480 2496 547 2524 mihi
562 2496 709 2529 obvertere,
726 2496 881 2532 usquedum
897 2496 956 2524 dies
978 2497 1067 2524 malo-

277 2550 339 2570 rum
355 2547 572 2578 perseverarent,
588 2543 739 2571 secundum
756 2543 823 2570 illud
838 2543 892 2570 alio
906 2544 933 2571 in
952 2544 1012 2570 loco
1025 2543 1067 2570 di-

277 2592 352 2616 ctum
372 2596 379 2614 :
400 2587 482 2620 Vade,
496 2589 607 2622 populus
624 2597 708 2621 meus,
725 2589 795 2616 intra
820 2589 849 2616 in
869 2589 991 2616 cubirula
1009 2593 1066 2622 tua,

277 2633 371 2662 claude
381 2633 495 2668 januam
516 2638 600 2668 tuam,
614 2635 745 2663 absconde
760 2635 892 2662 modicum
905 2636 939 2662 ad
953 2645 1068 2663 momen-

278 2680 345 2712 i..m,
362 2681 445 2708 donec
463 2686 626 2715 pertranseat
641 2683 683 2710 ira
705 2682 809 2710 Domini
826 2682 860 2710 “.
875 2682 927 2710 Sed
942 2691 1004 2710 cum
1024 2691 1066 2710 me

279 2735 331 2754 non
348 2734 456 2762 semper
470 2727 616 2760 occultari,
636 2735 724 2763 neque
746 2728 774 2755 in
794 2728 955 2755 abscondito
972 2729 1065 2756 taber-

279 2773 368 2800 naculi
386 2773 428 2800 sui
452 2772 562 2800 latitare
575 2772 666 2805 vellet,
682 2781 714 2800 ac
738 2774 826 2802 solum
852 2782 894 2801 me
922 2774 1065 2801 utilitatem

277 2826 391 2854 capere;
406 2821 524 2846 cumau'e
547 2818 714 2848 decrevisset
736 2828 779 2848 me
795 2820 856 2848 aliis
874 2828 983 2856 quoque
1006 2820 1067 2848 frus

314 2909 334 2924 "
355 2908 408 2936 lsa.
427 2916 501 2942 xxvt,
517 2908 563 2936 ‘20.

1121 2313 1169 2348 ὶτῆς
1183 2312 1266 2340 αὑτοῦ
1282 2311 1398 2347 σκηνῆς·
1417 2311 1447 2337 οὐ
1463 2312 1571 2342 πάντως
1585 2311 1614 2337 ὲν
1631 2310 1707 2345 τόπῳ
1719 2310 1784 2345 τοίῳ
1805 2309 1837 2345 δὴ
1860 2318 1914 2336 κα-

1119 2359 1266 2394 ταστήσας,
1282 2356 1338 2384 ἀλλ’
1362 2357 1391 2385 ὲν
1407 2356 1496 2392 ψυχῆς
1509 2357 1674 2383 καταστάσει
1693 2355 1846 2391 ἡγιασμένη
1863 2355 1913 2381 καὶ

1118 2406 1168 2442 τῆς
1190 2405 1244 2435 τῶν
1267 2404 1372 2431 πολλῶν
1395 2404 1548 2438 κοινότητος
1570 2403 1826 2439 ἀποκεχωρισμένῃ.
1854 2403 1913 2429 Καὶ

1118 2452 1215 2484 ταῦτα,
1225 2451 1302 2487 φησὶ,
1312 2451 1377 2487 περὶ
1392 2450 1441 2486 ἐμὲ
1456 2450 1571 2483 ἐγίνετο,
1586 2449 1666 2486 μέχρι
1679 2449 1774 2485 καιροῦ
1792 2449 1842 2483 τῆς
1855 2449 1913 2474 τῶν

1118 2498 1212 2526 κακῶν
1227 2498 1344 2533 ἡμέρας,
1361 2497 1432 2524 κατὰ
1443 2497 1474 2523 τὸ
1492 2496 1654 2531 λελεγμένον
1670 2497 1698 2522 ἐν
1712 2495 1815 2530 ἑτέροις
1826 2504 1833 2510 υ
1850 2495 1914 2521 Βά-

1118 2545 1185 2578 arce,
1201 2547 1217 2572 ὁ
1226 2546 1300 2578 λαός
1311 2554 1382 2580 μου,
1397 2545 1516 2572 εἴσελθε
1531 2545 1574 2577 εις
1586 2544 1623 2570 τὰ
1637 2542 1740 2577 rayer
1754 2551 1823 2574 σου,
1837 2542 1915 2568 ἀπό-

1118 2595 1243 2620 κλεισον
1253 2592 1310 2627 τὴν
1323 2593 1416 2626 θύραν
1429 2599 1497 2624 σου,
1508 2591 1692 2625 ὰποκρύϐηθι
1699 2588 1808 2624 μικρὸν
1820 2588 1913 2619 ὅσον,

1117 2639 1173 2672 ἓως
1186 2638 1224 2665 ἂν
1245 2638 1379 2673 παρέλθῃ
1395 2639 1414 2673 ἡ
1429 2638 1502 2672 ὀργὴ
1522 2638 1642 2671 Κυρίου.
1666 2636 1735 2663 Ἀλλ’
1754 2635 1804 2661 οὑκ
1825 2635 1867 2666 εἰς
1880 2634 1914 2660 τὸ

1117 2686 1247 2717 παντελὲς
1263 2684 1430 2721 κρύπτεσθαι
1448 2693 1480 2720 με
1503 2684 1651 2719 βουληθεὶς,
1665 2683 1717 2709 οὐδ’
1731 2683 1760 2709 ὲν
1784 2681 1824 2716 τῷ
1837 2681 1914 2707 ἀπο-

1117 2732 1214 2767 κρύφῳ
1229 2732 1278 2768 τῆς
1295 2731 1397 2767 σκηνῆς
1411 2731 1492 2758 αὐτοῦ
1513 2731 1663 2759 λανθάνειν,
1677 2730 1725 2756 καὶ¹
1739 2729 1819 2764 μόνον
1833 2728 1912 2762 dupe—

1117 2779 1231 2811 λεϊσθαι,
1247 2779 1381 2814 χρήσιμον
1395 2777 1422 2804 δὲ
1443 2778 1489 2804 καὶ
1505 2778 1598 2813 ἕτερον
1611 2776 1778 2810 καταστῆναι
1798 2774 1914 2810 κρίνας,

1117 2825 1164 2851 ἐπὶ
1181 2825 1252 2852 τέλει
1273 2825 1324 2856 τῆς
1338 2824 1391 2851 τῶν
1404 2824 1498 2852 κακῶν
1514 2824 1621 2859 ἡμέρας
1635 2824 1670 2851 ἐν
1690 2823 1782 2857 πέτρᾳ
1800 2819 1917 2856 ﬁgi/was?
