2056 3214
263 184 316 212 :67

622 181 756 209 EUSEBH
775 180 1013 210 CJESARIENSIS
1033 179 1108 208 OPP.
1129 178 1220 206 PARS
1240 177 1283 205 ΙΙΙ.
1303 193 1337 198 -
1357 176 1560 204 EXEGETICA.

1831 175 1885 202 258

263 250 327 270 mea
338 242 401 268 dum
412 249 458 269 oro
470 239 504 268 ad
521 244 554 267 te.
570 239 658 273 Quam
671 247 738 267 vero
752 243 869 267 mentem
883 238 1052 274 deprecatio-

1107 236 1222 264 δέεσθαι
1233 244 1270 270 με
1283 235 1356 269 πρὸς
1367 235 1413 261 σέ.
1427 234 1493 261 Τίνα.
1506 234 1534 261 δὲ
1547 233 1666 261 διάνοιαν
1681 234 1804 269 περιέχει
1818 237 1832 260 6
1841 234 1888 268 τῆς

262 289 306 317 nia
319 288 404 317 series
419 287 556 323 praeferat,
570 294 618 322 age
633 289 761 314 accurate
772 285 980 321 perpendamus.
991 285 1054 312 Cla-

262 341 337 362 mare
350 341 379 361 se
390 332 458 361 dicit
470 332 505 361 ad
517 331 671 365 Dominum,
689 335 771 366 atque
783 331 860 357 illum
875 335 905 357 ut
915 330 1054 365 proprium

261 380 316 407 sibi
334 370 421 406 Deum
434 379 573 406 invocare.
590 377 631 405 Tu
647 377 731 409 enim,
741 377 789 409 ait,
802 377 930 413 dignatus
943 384 973 404 es
989 384 1056 402 nun-

261 425 355 460 cupari
380 424 453 452 Deus
476 431 564 456 meus,
578 426 608 451 ut
623 423 832 458 promissionem
850 422 924 448 illam
951 421 1055 448 sanctis

261 471 326 498 viris
343 470 435 498 datam
450 477 588 497 assereres
603 478 610 497 :
630 468 663 495 Et
679 477 723 495 ero
737 468 843 495 illorum
860 467 943 499 Deus,
960 471 985 494 et
1002 466 1056 501 ipsi

262 519 339 546 erant
355 513 418 540 milii
432 511 543 546 populus
557 511 600 536 ⁵⁸⁸.
614 510 713 544 Excipe
729 509 935 544 deprecationem
952 514 1047 539 meum,

264 566 290 589 et
307 569 338 588 ne
358 560 436 588 sileas
457 567 474 585 a
488 566 538 590 me,
563 551 700 592 nequando
723 561 809 583 taceas
833 564 850 581 a
866 563 916 586 me,
939 558 964 580 et
979 553 1049 580 assi-

267 606 379 634 mitabor
399 603 613 633 descendentibus
635 603 661 629 in
685 603 782 630 locum.
807 601 869 628 llzcc
891 601 997 629 dicebat
1021 599 1049 626 in

267 652 416 681 cortamine
439 651 604 679 constitutus
628 658 635 676 :
656 656 690 676 ne
713 648 746 675 iis
770 648 816 683 qui
844 651 906 681 post
928 645 1051 674 mortalis

269 698 382 732 hujusce
399 698 461 724 vitae
480 696 584 723 exitum
607 686 633 722 in
657 695 753 722 mortis
771 694 859 721 lacum
874 692 1051 724 descendunt,

269 743 366 771 similis
392 742 477 770 lieret.
498 741 611 769 Etiamsi
638 741 711 777 enim
738 741 766 767 in
792 739 924 774 superiori
945 738 1052 773 psalmo

263 785 364 812 dixerit
380 794 387 812 :
402 784 485 812 Credo
497 785 582 811 videre
599 784 666 810 bona
689 783 797 810 Domini
820 785 846 810 in
871 789 942 811 terra
967 785 1055 810 viven-

265 832 499 863 tium";altamen
516 835 545 858 ut
561 831 642 857 homo
655 830 743 857 adhuc
758 838 841 857 carne
854 831 1052 861 circumdatus.

265 877 300 904 ob
312 877 374 904 vita:
388 877 554 904 debilitatem
570 884 602 903 ac
616 876 814 904 volubilitatem
830 876 996 904 decertabat.
1011 876 1055 902 Si-

1105 283 1224 318 δεὴσεως
1238 282 1327 316 λόγος,
1339 281 1405 316 φέρε
1420 281 1640 316 κατανοήσωμεν.
1656 280 1724 316 Βοᾷν
1741 279 1808 314 φησὶ
1822 280 1890 315 πρὸς

1106 329 1216 364 Κύριον,
1231 327 1418 354 ἐπικαλεῖσθαί
1431 335 1460 353 τε
1479 326 1558 352 αὑτὸν
1588 326 1625 357 ὡς
1641 325 1705 352 ἴδιον
1718 324 1798 351 αὐτοῦ
1813 324 1888 352 Θεόν.

1106 376 1141 401 Σὺ
1158 374 1222 411 γὰρ,
1238 375 1330 410 φησὶν,
1344 374 1358 399 6
1373 371 1544 404 καταξιώσας
1559 371 1625 407 ἐμὸς
1637 370 1803 407 χρηματίσαι
1814 370 1889 402 Θεὸς,

1105 420 1166 447 καθ’
1186 421 1219 456 ἣν
1238 419 1414 455 περιποιῆσαι
1437 418 1506 453 πρὸς
1527 417 1590 448 τοὺς
1611 417 1703 451 ἁγίους
1726 415 1891 450 ἐπαγγελίαν

1105 466 1198 493 εἰπών’
1215 467 1269 494 Καὶ
1282 466 1388 500 ἔσομαι
1401 463 1499 492 αὐτῶν
1510 463 1592 495 Θεὸς,
1605 463 1654 489 καὶ
1667 463 1752 493 αὐτοὶ
1769 461 1892 488 ἔσονται

1101 521 1153 547 μοι
1168 513 1251 545 λαός,
1267 510 1434 545 Παράδεξαί
1444 519 1502 545 μου
1518 509 1575 543 τὴν
1588 508 1703 542 δέησιν.
1719 507 1830 542 Καὶ.μὴ
1841 516 1892 534 πα-

1101 553 1302 592 ῥασιωπήσῃς
1326 557 1377 583 ἀπ’
1400 555 1483 590 ἐμοῦ,
1512 554 1629 589 μήποτε
1654 552 1892 588 παρασιωπήσῃς

1104 604 1154 631 ἀπ’
1171 603 1254 638 ἐμοῦ,
1277 602 1325 630 καὶ
1345 601 1563 637 ὀμοιωθήσομίιι
1581 600 1643 632 τοῖς
1661 600 1893 626 καταϐαίνουσιν

1103 651 1148 682 εις
1166 648 1290 676 λάκκον.
1305 649 1396 675 Ταῦτα
1410 648 1432 674 δ’
1451 647 1569 682 ἔφασκεν
1584 648 1612 672 ὲν
1624 646 1728 681 ἀγωνίᾳ.
1743 644 1891 677 καθεστώς·

1107 696 1143 730 μή
1162 704 1198 730 πη
1214 695 1267 729 ἄρα
1285 695 1340 725 τοῖς
1357 694 1424 729 μετὰ
1443 693 1492 728 τὴν
1509 692 1638 720 ἀνάλυσιν
1650 692 1697 718 τοῦ
1716 691 1814 727 Θνητοῦ
1835 691 1892 726 βίου

1105 741 1311 768 καταϐαίνουσιν
1323 741 1362 772 εἰς
1378 740 1422 766 τὸν
1437 739 1483 766 τοῦ
1499 739 1613 766 θανάτου
1628 738 1728 765 λάκκον
1739 746 1892 774 παρομοιω-

1104 787 1173 822 θείη.
1199 787 1229 813 Εἰ
1245 786 1300 822 γὰρ
1324 786 1357 812 τὰ
1383 785 1501 821 μάλιστα
1523 786 1552 811 ἐν
1575 784 1613 819 τῷ
1637 784 1689 820 πρὸ
1706 784 1799 810 τούτου
1817 783 1894 818 ἔλεγε

1102 833 1212 868 ψαλμῷ
1238 833 1371 859 Πιστεύω
1384 832 1436 858 τοῦ
1446 831 1520 858 ἰδεῖν
1532 831 1567 857 τὰ
1579 830 1674 865 ἀγαθὰ
1689 830 1800 864 Κυρίου
1809 830 1845 857 ἐν
1854 829 1892 865 τῇ

1107 879 1236 909 fdwrmr'
1259 878 1315 905 ἀλλ’
1329 879 1404 913 ὅμως
1424 878 1462 910 ὡς
1481 878 1633 913 ἄνθρωπος,
1656 877 1696 903 ἔτι
1714 877 1802 912 σάρκα
1818 885 1895 912 περι-

266 923 374 958 quidem
384 927 411 950 et
425 923 481 958 ipse
494 922 640 958 Apostolus
655 922 825 955 decertabat,
839 930 872 949 ne
883 922 944 949 aliis
957 922 1056 956 prmdi-

1107 925 1241 960 κείμενος,
1256 925 1361 959 ἠγωνία
1375 923 1418 950 διὰ
1433 924 1462 950 τὸ
1474 923 1572 959 σαθρὸν
1589 924 1635 949 καὶ
1652 921 1830 958 εὐμετάϐολον
1843 921 1892 948 τοῦ

265 976 332 996 cans
347 968 404 1003 ipse
420 969 550 1003 reprobus
565 968 775 996 inveniretur“.
791 967 893 994 Larum
911 971 1000 994 autem
1012 975 1056 994 so-

265 1015 322 1041 lent
336 1014 420 1041 divini
434 1014 494 1041 libri
513 1022 669 1048 nuncupare
681 1014 834 1041 animarum
845 1013 1015 1040 domicilium
1028 1013 1055 1040 in

264 1061 384 1093 inferno,
403 1065 432 1087 ut
457 1068 556 1088 vocare
580 1065 793 1090 consueverunt.
808 1059 886 1092 Quod
899 1059 980 1086 etiam
996 1060 1055 1094 ipse

264 1106 348 1133 David
357 1106 497 1142 ‘deelarat,
514 1105 578 1133 dum
598 1114 652 1132 non
671 1106 750 1141 longe
773 1105 838 1132 hinc
862 1105 889 1131 in
906 1113 972 1131 uix
987 1105 1056 1140 psal-

266 1159 310 1178 mo
327 1152 390 1178 talia
407 1152 477 1180 fatur
492 1162 498 1178 :
517 1151 628 1178 Domine
652 1151 722 1178 Deus
738 1159 821 1183 meus,
833 1151 945 1177 clamavi
960 1150 993 1176 ad
1020 1155 1053 1181 te,

265 1204 290 1224 et
304 1197 407 1225 sanasti
422 1206 462 1224 me
473 1206 483 1224 :
503 1197 626 1228 Domine.
640 1197 755 1224 eduxisti
772 1205 804 1224 ex
819 1196 921 1231 inferno
937 1196 1055 1222 animum

268 1251 373 1274 meam;
395 1243 505 1272 salvain
520 1251 560 1269 me
575 1251 591 1269 a
606 1242 819 1269 descendentibus
839 1242 865 1268 in
887 1242 984 1268 locum.
1010 1240 1056 1267 Vi-

265 1288 328 1317 den'
344 1289 480 1323 quomodo
492 1288 585 1316 eodem
599 1289 626 1315 in
642 1289 701 1315 loco
715 1288 852 1315 infernum
862 1293 887 1314 et
900 1288 987 1314 lacum
1004 1294 1054 1313 una

266 1335 425 1371 copulavit?
448 1335 500 1362 Sed
515 1335 543 1362 in
560 1335 685 1369 prresenti
704 1333 813 1370 quidem
831 1334 936 1369 psalmo
952 1334 1055 1361 clamo-

265 1390 322 1410 rem
338 1381 374 1409 ad
385 1381 469 1409 Deum
482 1381 591 1411 emittit,
608 1389 707 1416 rogans
720 1388 773 1408 non
785 1379 931 1407 assimilari
944 1379 1055 1407 descen-

266 1428 393 1456 dentibus
413 1428 440 1455 in
455 1428 561 1460 lacum;
582 1432 610 1454 at
630 1427 656 1453 in
674 1435 745 1454 nono
761 1430 789 1453 et
805 1427 936 1461 vigesimo
951 1426 1054 1453 oratio-

267 1482 328 1502 nem
346 1474 396 1502 sibi
421 1475 491 1501 bene
506 1474 624 1500 cessisse
646 1473 819 1503 testiiicatur,
835 1473 875 1499 sic
891 1472 984 1499 aiens:
1001 1471 1054 1498 Do-

269 1522 347 1552 mine,
363 1520 477 1548 clamat-i
497 1520 531 1547 ad
545 1519 582 1552 'te,
599 1524 624 1547 et
647 1520 750 1546 sanasti
770 1527 828 1550 me;
851 1518 960 1545 salvasli
979 1526 1018 1544 me
1037 1526 1054 1545 α

266 1566 480 1594 deseendentibus
500 1567 528 1593 in
548 1566 677 1592 locum”.
694 1564 852 1600 Opportune
873 1569 962 1591 autem
976 1565 1055 1592 lacus

270 1613 371 1640 dicitur
390 1613 542 1640 animarum
559 1612 585 1638 in
604 1612 711 1638 inferno
727 1611 907 1638 domicilium.
922 1610 1057 1643 Quemad-

270 1659 381 1686 modum
405 1659 477 1686 enim
494 1659 568 1685 lacus
584 1658 785 1693 receptaculum
803 1663 845 1685 est
860 1664 992 1693 aquarum
1010 1656 1058 1684 de-

269 1712 353 1739 super
367 1711 399 1730 ac
413 1711 428 1731 e
444 1703 553 1731 sublimi
571 1704 641 1730 istuc
658 1703 851 1735 decidentium.
868 1705 907 1731 sic
923 1707 950 1730 et
962 1704 1057 1730 mortis

267 1751 355 1786 regio.
373 1750 417 1777 cui
433 1758 532 1776 nomen
550 1749 685 1780 infernus,
705 1756 751 1775 eas
773 1758 833 1785 qua;
852 1758 866 1776 a
883 1750 1007 1784 supernis
1025 1757 1057 1776 ex

269 1797 389 1823 humana
404 1796 459 1823 vita
478 1796 548 1822 istuc
564 1795 694 1822 decidunt
711 1796 817 1823 animas
833 1796 982 1830 excipiens,
997 1795 1059 1830 jure

269 1843 345 1870 lacus
361 1842 526 1877 appellatur.
539 1840 627 1877 Rogat
639 1841 731 1876 itaque
744 1846 772 1868 ut
788 1849 821 1868 ne
834 1842 861 1868 in
879 1846 1057 1868 memoratum

269 1888 358 1914 lacum
375 1895 427 1916 una
446 1894 507 1915 cum
528 1889 590 1915 aliis
607 1887 777 1915 detrahatur.
795 1886 827 1913 Et
843 1887 894 1913 hoc
909 1894 975 1913 sane
992 1886 1058 1913 mihi

268 1938 417 1970 continget,
429 1934 478 1967 ait,
490 1934 513 1962 si
531 1933 648 1969 reliquis
660 1933 817 1960 hominibus
833 1933 930 1960 similis
946 1931 1058 1959 evadam

270 1982 316 2015 qui
337 1981 387 2009 abs
402 1984 429 2008 te
443 1988 496 2007 non
514 1980 708 2010 exaudiuntur,
723 1979 795 2014 quod
812 1982 854 2006 est
868 1978 1018 2005 aversionis
1034 1981 1061 2004 et

269 2027 325 2053 mlii
342 2027 380 2053 tui
395 2026 514 2061 signum.
525 2025 598 2052 Loco
613 2029 705 2052 autem
725 2024 817 2058 hujus,
837 2032 868 2050 ne
883 2024 962 2050 sileas
979 2032 994 2049 α
1009 2031 1059 2054 me,

271 2071 462 2106 Symmachus,
488 2079 519 2097 ne
539 2075 626 2098 taceas
642 2078 676 2097 ea:
693 2079 743 2102 me,
763 2071 864 2103 habet;
887 2078 922 2097 ne
943 2069 1012 2096 forte
1035 2074 1061 2096 te

270 2116 366 2152 procul
387 2124 430 2143 me
453 2116 623 2152 quiescente,
646 2116 744 2143 similis
765 2116 817 2143 sim
832 2115 1060 2143 descendentibus

270 2164 298 2190 in
317 2162 419 2189 lacum.

305 2292 388 2322 Vens.
407 2294 432 2322 5.
454 2294 587 2328 Quoniam
603 2302 653 2321 non
671 2294 856 2322 intellexerunt
875 2303 953 2329 opera
969 2295 1058 2321 Domi—
1073 2291 1094 2317 Ι)

270 2340 308 2372 ni.
324 2345 349 2368 et
365 2342 392 2368 iu
407 2350 487 2372 opera
510 2349 637 2368 manuum
657 2341 725 2376 ejus,
741 2340 860 2367 dcstrucs
877 2341 950 2373 illos,
967 2345 992 2367 et
1006 2349 1057 2367 non

270 2387 415 2422 (adiﬁcabis
432 2396 486 2416 eos.
509 2386 598 2422 Opera
620 2388 728 2415 Domini
755 2387 857 2415 dixeris
885 2387 1056 2414 conditarum

271 2432 394 2460 omnium
413 2441 503 2461 rerum
524 2434 718 2465 substantiam,
737 2441 818 2468 quam
833 2441 865 2460 ex
880 2441 933 2460 non
949 2437 1060 2460 exstan-

273 2478 347 2506 Iibus
369 2479 401 2505 ad
422 2480 611 2507 exsistentiam
634 2480 747 2507 deduxit
763 2480 952 2507 universorum
969 2479 1058 2513 opifex

273 2524 345 2552 Deus
360 2533 367 2550 ε
381 2532 463 2559 opera
480 2531 570 2553 autem
587 2534 717 2553 manuum
733 2526 802 2560 ejus.
820 2534 910 2553 rerum
926 2525 1060 2552 factarum

273 2569 546 2604 administrationem,
562 2580 615 2607 qua
628 2572 760 2607 prospicit
773 2580 805 2598 ac
821 2572 973 2606 dispensat,
990 2571 1058 2599 Pro-

272 2617 399 2645 videntia:
415 2625 471 2644 sua:
486 2618 634 2646 virtutibus
648 2626 699 2647 ceu
716 2619 841 2646 matribus
855 2618 946 2645 omnia
962 2618 1062 2653 guber-

274 2672 352 2692 nalis.

315 2711 394 2738 Vens.
410 2710 437 2741 6,
454 2711 481 2737 7.
504 2710 659 2738 Benedictus
681 2711 761 2744 Deus,
779 2711 902 2746 quoniam
923 2709 1058 2736 exaudivit
1096 2728 1100 2733 .

275 2765 360 2784 νηί-ειη
376 2756 567 2792 deprecationis
581 2765 654 2784 meae.
675 2757 803 2783 Dominus
824 2756 932 2790 adjutor
947 2763 1018 2781 meus
1035 2759 1059 2781 et

276 2808 406 2839 protector
419 2811 510 2830 meus:
525 2803 550 2829 in
569 2803 625 2837 ipso
642 2805 754 2837 speravit
769 2811 814 2830 cor
830 2811 926 2835 meum,
947 2806 971 2828 et
986 2801 1062 2836 adju-

312 2896 345 2912 "'
360 2894 414 2923 εἰει.
432 2903 480 2929 ru,
493 2894 537 2921 25.

576 2891 688 2920 5'ZI‘sal.
708 2900 781 2927 xxvi,
800 2891 842 2918 15.
875 2892 902 2907 ἰ’
918 2891 1006 2919 lCor.
1021 2899 1058 2924 ll,
1077 2891 1121 2919 9.7.

1107 970 1175 1005 βίου.
1197 971 1272 996 Ἐπεὶ
1287 970 1333 996 καὶ
1345 971 1359 996 ὁ
1376 969 1535 1001 Ἀποστολος
1549 969 1664 1004 ἠγωνία,
1680 969 1788 1004 μήπως,
1805 967 1896 999 ἄλλοις

1106 1014 1237 1050 κηρύξας,
1253 1014 1333 1046 αὐτὸς
1352 1014 1478 1049 ἀδόκιμος
1493 1013 1613 1048 γένηται.
1631 1013 1738 1039 Λάκκον
1751 1012 1779 1038 δὲ
1796 1011 1895 1040 εἰώθα-

1107 1069 1147 1087 σιν
1158 1062 1182 1086 οἱ
1195 1060 1260 1087 θεῖοι
1273 1060 1347 1093 λόγοι
1361 1060 1503 1094 ὀνομάζειν
1518 1059 1548 1085 τδ
1563 1058 1616 1085 τῶν
1629 1058 1723 1092 ψυχῶν
1736 1057 1894 1093 οἰκητήριον

1105 1105 1135 1131 τὸ
1152 1106 1180 1131 ἐν
1199 1105 1238 1140 τῷ
1252 1104 1409 1140 καλουμένῳ
1426 1103 1488 1140 ᾷδῃν
1508 1103 1521 1129 ὃ
1543 1103 1576 1138 δὴ
1597 1103 1761 1138 παρίστησιν
1782 1100 1862 1132 αὐτὸς
1881 1101 1895 1127 6

1105 1149 1185 1176 Δαυῖδ
1199 1149 1248 1176 οὐκ
1259 1150 1297 1180 εἰς
1310 1148 1416 1184 μακρὰν
1431 1149 1459 1174 ὲν
1473 1147 1511 1183 τῷ
1523 1148 1561 1174 κθ⁶
1573 1147 1673 1182 ψαλμῷ
1691 1147 1788 1180 λέγων·
1806 1147 1894 1180 Κύριε

1107 1193 1122 1219 ὁ
1137 1195 1209 1228 Θεός
1223 1204 1289 1227 μου,
1303 1194 1449 1229 ἐκέκραξα
1466 1194 1540 1227 πρὸς
1556 1194 1604 1226 σὲ,
1619 1193 1665 1220 καὶ
1686 1192 1758 1219 ἰάσω
1769 1201 1819 1226 με·
1834 1193 1893 1220 Κύ-

1101 1249 1157 1274 ριε,
1168 1240 1315 1275 ἀνήγαγες
1325 1239 1359 1271 ἐξ
1372 1239 1445 1272 ᾅδου
1460 1239 1516 1272 τὴν
1530 1238 1635 1273 ψυχήν
1646 1246 1715 1272 μου
1729 1236 1848 1270 ἑαωσάς
1856 1245 1894 1271 με

1104 1285 1163 1312 ἀ.τό
1182 1285 1239 1311 τῶν
1254 1284 1494 1311 καταϐαινόντων
1505 1284 1548 1315 εἰς
1564 1283 1689 1309 λάκκον.
1718 1282 1798 1318 Ὁρᾷς
1820 1282 1895 1313 ὅπως

1104 1332 1148 1358 τὸν
1163 1331 1229 1366 ᾇδην
1244 1332 1291 1357 καὶ
1307 1330 1351 1357 τὸν
1365 1329 1465 1356 λάκκον
1479 1329 1507 1355 ἐν
1527 1328 1620 1363 ταὺτῷ
1635 1328 1678 1354 διὰ
1697 1327 1797 1354 τούτων
1811 1327 1893 1362 συνῆ-

1104 1378 1153 1413 ψεν
1164 1386 1170 1409 ;
1186 1377 1255 1403 Ἀλλ’
1267 1378 1294 1403 ὲν
1308 1377 1357 1411 μὲν
1370 1375 1409 1410 τῷ
1424 1374 1492 1410 μετὰ
1502 1377 1596 1410 χεῖρας
1610 1373 1674 1409 βοὰς
1690 1374 1758 1409 πρὸς
1769 1373 1816 1399 τὸν
1827 1371 1896 1398 θ-ὸν

1104 1425 1226 1459 ἀφίησιν,
1235 1422 1400 1458 παρακαλῶν
1411 1422 1448 1457 μὴ
1455 1421 1620 1456 ὁμοιωθῆναι
1627 1422 1681 1451 τοῖς
1689 1419 1897 1446 καταϐαίνουσιν

1104 1471 1143 1501 εἰς
1157 1470 1265 1496 λάκκον·
1277 1470 1304 1495 ἐν
1317 1468 1344 1494 δὲ
1354 1467 1392 1502 τῷ
1403 1467 1504 1502 ἐννατῳ
1518 1467 1565 1494 καὶ
1578 1466 1691 1501 εἰκοστῷ
1701 1465 1895 1502 κατωρθῶσθαι

1103 1516 1178 1551 αὐτῷ
1189 1516 1223 1542 τὰ
1232 1516 1281 1550 τῆς
1295 1515 1377 1549 εὐχῆς
1388 1514 1506 1541 διδάσκει
1523 1513 1618 1547 λέγων·
1638 1514 1737 1548 Κύριε,
1750 1512 1896 1546 ἐκέκραξα

1107 1565 1180 1597 πρὸς
1195 1562 1241 1593 σὲ,
1262 1562 1310 1588 καὶ
1325 1561 1400 1588 ἰάσω
1413 1569 1462 1595 με’
1479 1560 1599 1594 Ecciqu
1611 1570 1648 1596 με
1661 1560 1718 1587 ἀπὸ
1734 1559 1793 1587 τῶν
1806 1567 1896 1586 κατα-

1107 1609 1268 1636 ϐαινόντων
1286 1610 1328 1640 εὶς
1343 1607 1469 1635 λάκκον.
1489 1607 1640 1643 Προσφυῶς
1656 1607 1684 1634 δὲ
1707 1606 1806 1638 λάκκος
1830 1605 1896 1632 ὠνό-

1109 1663 1209 1691 μασται
1229 1654 1259 1681 τὸ
1272 1655 1299 1681 ἐν
1314 1654 1353 1690 τῷ
1365 1654 1414 1690 ᾄδῃ
1426 1654 1480 1680 τῶν
1494 1653 1587 1688 ψυχῶν
1599 1653 1764 1688 οἰκητήριον.
1786 1652 1830 1683 Ὠς
1843 1651 1897 1686 γὰρ

1107 1702 1121 1727 6
1138 1701 1238 1731 λάκκος
1255 1700 1356 1734 δοχεῖόν
1377 1701 1434 1726 ἐστι
1454 1700 1507 1726 τῶν
1529 1698 1630 1725 ἄνωθεν
1648 1698 1694 1724 καὶ
1713 1697 1743 1730 ἐξ
1760 1697 1842 1732 ὕψους
1857 1697 1897 1728 εἰς

1108 1746 1187 1772 αὐτὸν
1205 1745 1433 1780 καταφερομένων
1450 1745 1562 1771 ὑδάτων·
1583 1744 1628 1770 τὸν
1642 1744 1722 1770 αὑτὸν
1738 1743 1838 1778 τρόπον
1851 1742 1898 1769 καὶ

1108 1792 1122 1817 6
1137 1791 1183 1817 τοῦ
1198 1791 1313 1818 Θανάτου
1328 1791 1426 1826 χῶρος,
1441 1792 1455 1817 6
1471 1791 1637 1826 καλούμενος
1650 1790 1716 1825 ᾅδης
1730 1789 1778 1820 τὰς
1795 1789 1898 1815 ἄνωθεν

1109 1837 1162 1864 ἀπὸ
1177 1837 1224 1863 τοῦ
1239 1837 1291 1863 τῶν
1307 1836 1457 1872 ἀνθρώπων
1478 1837 1535 1872 βίου
1553 1838 1593 1867 εἰς
1609 1835 1689 1862 αὑτὸν
1710 1834 1900 1870 καταφερομέ-

1109 1892 1156 1914 νας
1169 1882 1257 1918 ψυχὰς
1274 1882 1479 1917 ὑποδεχόμενος,
1503 1881 1650 1918 προσφυῶς
1671 1882 1772 1912 λάκκος
1789 1881 1898 1916 ὠνόμα-

1111 1937 1182 1954 σται.
1210 1928 1368 1964 Παρακαλεῐ
1391 1929 1480 1954 τοίνυν
1503 1929 1540 1964 μὴ
1566 1927 1778 1962 συνελκυσϐἧναι
1795 1929 1835 1959 εις
1854 1927 1900 1955 τὸν

1109 1975 1291 2010 δεδηλωμένον
1304 1975 1415 2001 λάκκον.
1429 1973 1512 2001 Τοῦτο
1523 1974 1561 2005 δὲ,
1575 1974 1666 2009 φησὶν,
1678 1973 1764 2005 ἔσται,
1774 1975 1798 1999 εἰ
1807 1973 1900 2008 ὅμοιος

1110 2021 1240 2056 γενοίμην
1252 2022 1309 2052 τοῖς
1319 2021 1420 2051 λοιποῖς
1433 2019 1587 2055 ἀνθρώποις
1600 2021 1656 2051 τοῖς
1672 2019 1709 2055 μὴ
1724 2019 1901 2054 εἰσακουομέ-

1110 2076 1165 2098 νοις
1177 2068 1228 2093 ὑπὸ
1239 2067 1295 2093 σοῦ·
1308 2067 1322 2093 ὃ
1333 2067 1365 2101 δὴ
1378 2068 1489 2102 σημεῖον
1501 2066 1629 2101 τυγχάνει
1638 2066 1687 2101 τῆς
1704 2066 1753 2101 σῆς
1767 2066 1902 2100 ἀποστρο-

1112 2114 1176 2148 φῆς,
1197 2114 1268 2140 Ἀντὶ
1281 2114 1309 2139 δὲ
1327 2113 1385 2139 τοῦ·
1403 2113 1451 2147 Μὴ
1469 2112 1707 2146 παρασιωπήσῃς
1721 2113 1771 2139 ἀπ’
1785 2112 1869 2146 ἐμοῦ,
1885 2113 1901 2138 6

1112 2160 1269 2198 Σύμμαχος,
1279 2159 1321 2194 μὴ
1335 2160 1467 2194 σιγήσῃς
1479 2159 1512 2191 ἐξ
1524 2159 1606 2193 ἐμοῦ,
1621 2159 1695 2194 φησί’
1708 2159 1824 2194 μήποτε,
1837 2159 1901 2194 ἡσυ-

1112 2206 1244 2242 χάσαντός
1259 2215 1305 2232 σου
1318 2206 1418 2233 ἄποθὲν
1432 2214 1492 2240 μου,
1507 2205 1633 2240 ὀμοιωθῶ
1648 2206 1704 2236 τοῖς
1719 2204 1900 2231 καταϐαίνου-

1113 2260 1155 2278 σιν
1169 2253 1208 2283 εἰς
1221 2252 1331 2278 λάκκον.

1145 2297 1204 2322 Ὅτι
1222 2297 1257 2322 οὐ
1274 2295 1412 2329 συνῆκαν
1425 2298 1468 2329 εἰς
1482 2297 1517 2323 τὰ
1531 2297 1602 2331 ἔργα
1617 2297 1736 2331 Krplov,
1750 2296 1799 2324 καὶ
1812 2297 1856 2328 εις
1865 2295 1902 2322 τὰ

1108 2343 1180 2376 ἔργα
1198 2341 1256 2368 τῶν
1272 2341 1380 2376 χειρῶν
1398 2342 1502 2373 αὑτοῦ,
1518 2342 1654 2375 sentiatsi};
1668 2341 1789 2374 αὐτοὺς,
1801 2342 1850 2374 καὶ
1865 2342 1901 2368 οὐ

1107 2387 1149 2421 μὴ
1169 2387 1376 2421 οἰκοδομήσας
1393 2387 1513 2419 αὐτούς.
1540 2387 1628 2421 Ἔργα
1645 2386 1673 2412 δὲ
1695 2386 1799 2422 Κυρίου
1815 2385 1902 2416 εἴποις

1111 2433 1142 2460 ἂν
1163 2433 1211 2469 τὴν
1234 2433 1287 2459 τῶν
1303 2433 1422 2468 γενητῶν
1440 2434 1547 2460 πάντων
1564 2433 1722 2464 ὑπόστασιν,
1743 2432 1804 2459 καθ’
1819 2432 1853 2467 ἥν
1873 2432 1903 2464 ἐξ

1112 2479 1161 2505 οὐκ
1174 2479 1258 2505 ὄντων
1274 2480 1314 2510 εἰς
1336 2479 1366 2505 τὺ
1386 2478 1453 2505 εἶναι
1477 2479 1510 2505 τὰ
1531 2480 1618 2505 πάντα
1635 2480 1793 2514 παρήγαγεν
1814 2478 1829 2504 6
1848 2477 1903 2504 τῶν

1114 2525 1221 2551 πάντων
1232 2525 1345 2560 ποιητὴς
1360 2525 1435 2556 Θεὸς
1452 2525 1520 2561 ἔργα
1535 2525 1563 2551 δὲ
1576 2525 1675 2560 χειρῶν
1690 2523 1770 2551 αὑτοῦ
1785 2523 1835 2558 τὴν
1848 2523 1902 2550 τῶν

1113 2571 1265 2605 γενομένων
1288 2571 1429 2606 διοίκησιν,
1457 2572 1517 2598 καθ’
1541 2572 1575 2607 ἣν
1599 2572 1708 2607 προνοεῖ
1731 2570 1777 2597 καὶ
1803 2569 1891 2596 διέπει

1113 2617 1233 2652 ὡσπερεὶ
1253 2617 1331 2652 χερσὶ
1349 2619 1409 2647 ταῖς
1434 2617 1531 2643 ἑαυτοῦ
1554 2618 1747 2653 προνοητικαῖς
1771 2616 1890 2651 δυνάμεσ

1113 2662 1296 2698 διακυϐερνῶν
1310 2663 1344 2688 τὰ
1357 2663 1454 2689 πάντα.

1149 2708 1320 2742 Εὐλογητὸς
1341 2710 1357 2735 o'
1377 2709 1457 2742 Θεὸς,
1481 2709 1525 2736 ὅτι
1546 2711 1708 2744 εὶσήκο-σε
1730 2708 1785 2743 τῆς
1800 2707 1903 2744 εει-γῆς

1114 2754 1168 2789 τῆς
1180 2754 1312 2789 δεήσεώς
1327 2764 1396 2790 μου.
1420 2756 1527 2790 Κύριος
1546 2756 1660 2789 βοηθός
1672 2765 1732 2790 μου
1749 2756 1797 2782 καὶ
1814 2757 1902 2788 ὑπερ-

1113 2800 1268 2835 ασπιστής
1286 2810 1355 2836 μου·
1373 2802 1420 2828 ἐπ’
1434 2802 1514 2835 αὐτῷ
1529 2801 1547 2836 ἤ
1559 2804 1661 2829 ῖπισεν
1676 2802 1695 2836 ἡ
1714 2801 1819 2836 καρδιά
1831 2809 1885 2836 μοι

1163 2892 1185 2908 ⁸⁵
1199 2891 1269 2920 Psal.
1287 2901 1360 2927 xxrr,
1374 2894 1400 2921 4.
