2056 3214
299 171 354 199 255

669 169 804 197 EUSEBII
825 169 1065 203 CESARIENSIS
1084 169 1158 197 OPP.
1179 169 1268 196 PARS
1287 169 1331 197 Ill.
1350 185 1386 190 —
1405 168 1606 196 EXEGETICA.

1869 169 1921 197 256

333 225 416 253 Vens.
436 225 462 253 5.
486 225 543 252 νοω
563 225 668 252 Domini
691 234 768 260 super
793 233 894 260 aquas,
915 226 986 253 Deus
1003 227 1081 261 maje

1172 226 1258 260 Φωνὴ
1273 227 1383 260 Κυρίου
1398 227 1447 253 ἐπὶ
1466 225 1525 253 τῶν
1545 226 1670 258 ὑδάτων,
1685 229 1702 254 ό
1719 227 1790 259 Θεὸς
1804 225 1860 260 τῆς
1873 227 1921 254 δό-

296 272 375 300 statis
393 271 525 302 intonuit;
547 271 676 298 Dominus
694 279 771 305 super
790 279 872 306 aquas
890 271 998 299 multas.
1015 271 1083 305 Quia

297 327 359 347 cum
377 318 405 346 in
419 318 521 345 vertice
533 317 650 345 Carmeli
669 325 716 344 acr
730 325 844 345 serenus
858 321 941 348 esset,
957 317 1084 345 audiebat

296 373 390 393 vacem
411 372 545 400 aquarum
562 364 720 390 multarum.
742 363 781 390 Ac
801 364 824 391 si
843 364 905 398 quis
928 363 1083 391 summatim

297 412 389 439 omnia
405 411 516 446 colligat
531 418 591 445 quae
607 410 634 436 in
655 408 748 436 Veteri
769 408 944 437 Testamento
956 409 990 436 de
1006 410 1083 444 aquis

297 458 434 489 feruntur,
452 457 476 485 is
493 464 560 484 sane
580 455 682 483 videbit
704 455 787 482 illud:
805 455 920 489 Spiritus
941 455 991 482 Dei
1016 456 1084 490 fere-

296 505 374 532 batur
386 511 464 538 super
479 510 577 538 aquam
589 502 611 517 ⁸⁹
623 510 630 535 ;
646 506 673 529 et
684 502 749 528 illud
763 512 769 528 :
785 501 905 528 Educant
919 510 994 537 aqua:
1004 502 1084 536 repti—

295 550 334 578 lia
350 550 501 577 animarum
515 548 667 578 viventium,
680 552 704 574 et
721 547 841 574 volatilia
852 547 890 579 7°;
905 555 938 575 ea
959 548 1022 574 item
1036 547 1084 574 de-

292 595 445 632 prehendet
468 602 529 630 quae
554 595 581 622 in
609 593 712 621 diluvio
735 598 809 628 gesta
839 597 920 624 sunt.
945 593 1083 628 quomodo

293 641 432 672 videlicet,
450 647 513 667 cum
528 639 621 667 omnia
635 639 713 673 aquis
730 638 873 665 submersa
887 641 988 669 essent,
1007 637 1083 664 solus

291 686 348 714 Noe
368 694 431 713 eum
446 686 481 713 iis
496 685 542 720 qui
561 685 589 712 in
605 692 668 712 area
684 688 763 712 erant
780 684 872 710 salvus
893 683 1029 714 evaserit,
1051 690 1082 710 ea

291 732 379 759 etiam
392 739 453 767 qua:
469 731 496 758 in
510 730 640 766 Aigypto,
657 735 684 757 et
699 730 726 756 in
744 730 813 756 mari
829 729 932 760 ltubro,
943 733 970 756 et
982 736 1043 763 «que
1055 728 1082 755 in

290 776 432 810 Jordane,
456 785 509 813 qua
527 778 632 804 ratione
650 776 696 803 ﬁlii
719 775 802 803 Israel
819 775 894 803 sicco
910 775 978 810 pede
993 779 1083 802 trans-

294 824 386 852 ierint.

332 869 416 897 Vens.
435 869 461 896 4.
487 869 543 896 νοω
557 868 664 895 Domini
681 869 709 895 in
727 868 831 895 virtute.
846 866 912 894 Nam
929 867 975 902 qui
990 866 1082 894 omnia

1136 274 1192 307 ξης
1224 273 1402 307 ὲΐιίντησε·
1431 274 1537 307 Κύριος
1564 273 1614 300 ἐπὶ
1644 273 1761 300 ὑδάτων
1787 273 1921 302 πολλῶν.

1136 320 1206 351 Ὅτι,
1223 319 1330 355 αἰθρίας
1355 319 1438 355 οὔσης
1471 320 1517 346 ἐπὶ
1535 320 1584 356 τὴν
1600 320 1720 356 κορυφὴν
1742 319 1789 346 τοῦ
1805 320 1921 355 Καρμή-

1128 366 1190 398 λου,
1207 367 1289 401 ἤκουε
1311 367 1402 402 φωνὴν
1433 366 1535 393 ὑδάτων
1554 366 1668 392 πολλῶν.
1684 366 1740 393 Καὶ
1759 366 1837 398 ὅλως,
1859 375 1922 392 συν-

1134 412 1244 446 αγαγών
1257 421 1297 444 τις
1312 412 1346 438 τὰ
1355 413 1382 438 ὲν
1391 413 1423 448 τῇ
1438 412 1542 448 Παλαιᾷ
1555 413 1619 448 περὶ
1634 412 1736 439 ὑδάτων
1752 412 1923 447 ἀναγεγραμ-

1136 458 1214 493 μένα,
1242 459 1289 484 καὶ
1312 458 1350 490 ὡς
1375 459 1416 489 τὸ,
1441 458 1563 492 Πνεῦμα
1583 457 1638 488 τοῦ,
1661 457 1735 485 Θεοῦ
1762 457 1922 492 ἐπεφέρετο

1134 504 1232 530 ἐπάνω
1246 504 1299 531 τοῦ
1316 504 1438 537 ὕδατος·
1461 505 1510 531 καὶ
1523 504 1553 531 τό
1563 513 1570 519 ·
1580 503 1759 538 Ἑξαγατέτω
1778 503 1813 530 τὰ
1829 503 1922 530 ὕδατα

1134 550 1241 584 ἑρπετὰ
1257 549 1365 585 ψυχῶν
1386 549 1487 580 ζὶιλσῶν
1502 550 1550 577 καὶ
1567 550 1686 577 πετεινὰ
1709 550 1872 584 πετόμεναο
1889 549 1922 576 τά

1133 604 1163 621 τε
1181 596 1209 621 ὲν
1222 595 1261 630 τῷ
1276 595 1470 631 κατακλυσμῷ,
1486 596 1532 628 ὡς,
1556 596 1682 623 ἁπάντων
1697 595 1869 632 ὑποϐρυχίων
1881 604 1920 630 γι-

1134 641 1262 676 νομένων,
1277 642 1355 676 μύνος
1371 643 1385 668 ὁ
1405 643 1466 668 Νῶε
1490 643 1536 668 καὶ
1557 643 1581 668 οἱ
1607 643 1655 668 σὺν
1676 641 1750 676 αὐτῷ
1765 641 1920 674 διεσώζοντο

1134 686 1162 711 ἐν
1177 687 1208 720 τῇ
1226 685 1349 721 κιδωτῷ’
1366 687 1413 713 καὶ
1427 686 1460 713 τὰ
1482 687 1528 713 ἐπὶ
1543 687 1591 722 τῆς
1607 686 1755 720 Αἰγύπτου,
1771 687 1818 712 καὶ
1840 686 1874 713 τὰ
1893 687 1920 712 ὲν

1133 732 1166 766 τῇ
1186 731 1303 767 Ἐρυθρᾷ
1324 731 1456 768 θαλάσσῃ.
1470 733 1516 758 καὶ
1540 732 1574 758 τὰ
1594 733 1623 758 ὲν
1643 731 1682 767 τῷ
1701 732 1832 768 Ἰορδάνῃ.
1848 732 1920 764 ὅπως

1134 777 1242 813 ἀϐρόχῳ
1259 777 1319 804 ποδὶ
1332 777 1487 804 διεϐίϐασαν
1501 778 1525 803 οἱ
1541 777 1592 803 υἱοὶ
1613 776 1730 812 Ἰσραὴλ,
1745 777 1850 811 ἴψεται.

1169 865 1254 899 Φωνὴ
1270 866 1379 900 Κιιρίου
1398 865 1432 892 ὲν
1446 865 1538 900 ἰσχύϊ.
1557 866 1587 892 '0
1602 865 1656 901 γὰρ
1674 865 1762 892 πάντα
1778 864 1878 900 ἰσχύων
1893 865 1921 891 ἐν

295 918 385 950 potest
407 915 434 941 in
459 914 570 941 Christo
594 915 640 948 qui
666 921 696 940 se
721 911 876 943 confortat,
904 911 928 938 is
948 915 1081 946 praecepta

1134 912 1172 948 τῷ
1196 911 1386 947 ὲνδυναμοῧντι
1407 912 1487 939 αὑτὸν
1509 912 1629 947 Χριστῷ,
1657 909 1734 944 οὗτος
1757 912 1851 938 ἀκούει
1867 911 1920 939 τῶν

296 961 403 988 Domini
420 961 507 992 audit,
527 964 555 988 et
567 968 598 987 ea
617 959 787 993 exsequitur.
810 957 868 985 Vox
888 965 954 992 ergo
976 956 1082 983 Domini

293 1015 349 1034 non
363 1007 390 1034 in
402 1006 485 1034 debili
500 1013 532 1033 ac
544 1006 634 1033 soluta
653 1006 755 1036 anima,
773 1003 820 1032 sed
841 1004 868 1030 in
888 1003 1000 1030 robusta
1023 1009 1084 1037 quas

293 1054 398 1081 naviter
426 1053 526 1080 bonum
547 1055 684 1086 operatur.
719 1051 776 1077 Vox
801 1049 908 1076 Domini
931 1049 959 1076 in
982 1049 1085 1084 magni-

294 1099 411 1135 ﬁcentia.
426 1098 486 1125 Non
510 1105 558 1132 per
572 1104 604 1124 ea
621 1096 727 1128 solum,
754 1095 854 1130 inquit.
872 1102 932 1129 qua:
947 1094 981 1121 de
1005 1093 1083 1128 aquis

293 1144 367 1170 dicta
382 1144 461 1170 nobis
478 1148 552 1174 sunt,
564 1150 615 1169 vox
632 1141 740 1167 Domini
756 1140 927 1173 declaratur,
939 1139 986 1167 sed
1000 1139 1083 1166 etiam

295 1199 343 1226 per
360 1192 488 1217 virtutem
507 1193 535 1216 et
561 1187 792 1224 magniﬁcentiam
809 1187 881 1222 ejus,
898 1194 979 1221 quam
995 1186 1083 1213 oculis

296 1235 499 1272 deprehendere
516 1238 617 1270 potest,
633 1233 761 1269 quisquis
784 1232 928 1260 confertim
951 1232 1082 1259 mundum

296 1288 383 1311 totum
395 1289 627 1318 quaquaversum,
637 1285 664 1308 et
680 1285 772 1316 partes
788 1279 848 1314 ejus
864 1279 1003 1314 sigillatim
1017 1286 1083 1306 con—

293 1329 456 1364 templatur,
474 1334 582 1355 necnon
611 1325 826 1353 inenarrabilem
854 1324 1081 1360 magnitudinem,

295 1375 459 1403 ineﬂ‘abilem
475 1372 718 1409 pulchritudinem.
733 1379 765 1398 ac
779 1371 864 1398 multa
877 1370 1008 1397 varietate
1020 1378 1083 1405 spe—

293 1420 434 1452 ctabilem,
446 1427 507 1455 qua:
519 1419 586 1451 ipsis
598 1419 680 1450 inest,
694 1417 868 1452 sapientiam.
878 1416 942 1449 Quae
953 1417 1081 1443 nimirum

294 1456 457 1502 potestatem
469 1465 653 1499 virtutemque
667 1464 856 1490 universorum
868 1462 974 1497 opiﬁcis
990 1465 1082 1497 aperte

292 1516 522 1541 eommonstrant.
538 1511 607 1538 Hinc
622 1514 665 1538 est
678 1509 750 1545 quod
773 1517 913 1537 sermones
931 1509 1081 1544 prophetici

295 1559 341 1586 Dei
359 1558 503 1586 scientiam
522 1565 537 1584 a
555 1557 742 1592 magnitudine
757 1563 870 1590 operum
889 1555 949 1590 ejus
965 1554 1080 1582 mutuati

293 1605 358 1632 sint.
378 1603 561 1637 Quamobrem
574 1601 645 1637 apud
661 1600 806 1629 Jcremiam
824 1601 928 1627 dictum
945 1604 1004 1627 est:
1025 1599 1081 1626 Do-

295 1651 382 1677 minus
395 1650 440 1685 qui
461 1649 523 1684 fecit
539 1652 636 1675 terram
653 1648 679 1674 in
698 1646 852 1681 fortitudine
867 1655 917 1674 sua
929 1646 962 1679 ⁷¹,
981 1652 1008 1673 et
1028 1653 1081 1673 cae-

294 1700 353 1724 tera
358 1716 364 1723 .

331 1740 414 1767 VERS.
432 1739 459 1770 5,
474 1739 500 1766 6.
523 1738 580 1765 Vox
601 1737 710 1764 Domini
726 1736 915 1771 confringeutis
931 1736 1021 1762 τεάν-οδ
1034 1743 1042 1761 ;
1056 1739 1080 1761 et

294 1786 439 1821 confringet
454 1785 582 1812 Dominus
599 1783 689 1811 eedros
703 1782 808 1814 Libani,
825 1788 849 1810 et
864 1783 1020 1809 comminuet
1036 1790 1080 1809 eos

295 1839 422 1867 tanquam
450 1831 560 1859 uitulum
586 1829 698 1862 Libani,
724 1834 750 1857 et
775 1829 885 1856 dilectus
914 1829 1080 1863 quemadmo-

294 1888 358 1907 num
379 1879 451 1914 ﬁlius
475 1878 652 1905 unicorm'um.
677 1876 734 1904 lloc
758 1877 823 1904 item
849 1876 929 1903 modo
947 1876 1081 1910 interpre-

295 1926 363 1953 teris
375 1934 382 1953 :
400 1932 448 1960 per
463 1924 577 1952 vitulum
591 1923 698 1954 Libani,
711 1922 795 1949 ﬁlium
811 1922 993 1952 unicornium,
1007 1921 1081 1948 vide-

294 1974 341 1997 tur
352 1969 568 2004 Hierosolymam
585 1967 720 1999 indicare,
737 1971 819 2002 atque
830 1967 905 1994 illum
920 1966 1023 2001 pridem
1038 1965 1080 1992 di-

295 2017 395 2044 lectum
411 2016 496 2042 ﬁlium
509 2014 694 2042 unicornium.
707 2013 775 2040 Nam
791 2021 824 2041 ex
840 2013 944 2040 sanctis
955 2011 1078 2047 patribus

294 2063 348 2090 orti
367 2066 442 2093 sunt,
466 2061 514 2096 qui
536 2060 601 2087 olim
626 2059 773 2086 unicornes
793 2051 993 2090 vocitabantur,
1015 2058 1078 2092 quia

294 2115 350 2135 uno
364 2106 420 2134 Deo
435 2105 520 2133 veluti
535 2113 620 2132 cornu
637 2108 701 2132 sunt
718 2104 761 2131 usi
776 2113 782 2131 ε
801 2110 853 2138 qua
871 2103 905 2130 de
929 2111 958 2130 re
978 2103 1078 2138 gloria-

294 2153 395 2183 bantur
416 2150 460 2178 his
479 2150 588 2177 verbis:
614 2148 645 2176 In
668 2153 691 2175 te
703 2148 822 2175 inimicos
849 2152 952 2174 nostros
968 2147 1078 2174 ventila-

295 2197 380 2223 bimus
395 2204 477 2223 cornu
488 2195 523 2222 ⁷¹.
535 2195 656 2227 Quorum
673 2194 719 2221 lilii
737 2194 821 2226 fuere,
834 2193 918 2220 duces
932 2192 1028 2219 Sutrion
1045 2201 1077 2220 ex

293 2242 515 2273 circumcisione,
533 2241 573 2268 sic
586 2242 658 2268 enim
675 2240 702 2266 in
722 2239 783 2266 aliis
797 2239 964 2267 cditionibus
978 2247 1078 2266 voean-
1094 2254 1116 2282 Β

294 2294 349 2322 tur,
367 2297 421 2324 qua
440 2296 507 2315 voce
529 2288 657 2322 principes
673 2287 872 2320 signiﬁcantur.
896 2286 949 2314 Eos
965 2287 1079 2313 commi-

294 2337 406 2364 natione
423 2335 552 2362 contrivit
569 2341 629 2365 sua,
647 2340 700 2360 una
718 2341 780 2360 cum
794 2332 978 2368 Hierosolyma
995 2341 1075 2368 quam

293 2383 408 2410 vitulum
426 2385 454 2408 et
482 2380 616 2407 Libanum
643 2382 792 2413 nuncupat.
824 2377 852 2405 ld
884 2378 956 2405 enim
986 2382 1078 2412 aperte

259 2453 264 2458 ,
295 2427 419 2454 Ezechiel
430 2426 561 2461 propheta
576 2424 739 2460 signiﬁcavit
750 2425 792 2451 his
804 2424 909 2451 verbis:
922 2423 985 2450 Η(ιέ
995 2423 1076 2449 dicit:

294 2473 391 2508 Aquila
401 2472 510 2508 grandis
522 2480 678 2508 magnarum
689 2471 804 2503 alarum,
817 2471 892 2506 longo
903 2470 1076 2497 membrorum

294 2518 386 2550 ductu,
406 2518 483 2552 plena
509 2517 651 2553 unguibus,
673 2517 830 2551 ductumque
852 2516 927 2542 habet
951 2520 976 2542 ut
993 2515 1078 2550 ingre-

294 2565 385 2592 diatur
397 2565 424 2591 in
440 2563 580 2596 Libanum,
593 2568 617 2591 et
631 2563 690 2590 tulit
702 2562 798 2590 selecto
814 2556 895 2594 cedri,
910 2561 1075 2588 summitates

295 2610 428 2647 frondium
445 2615 608 2642 tenerorum.
631 2614 655 2636 et
670 2608 764 2635 detulit
781 2617 812 2634 ea
829 2608 855 2634 in
876 2612 973 2633 terram
995 2605 1078 2634 Chal-

293 2658 412 2686 da'orum
435 2655 585 2692 [Chanaan]
607 2656 639 2682 ".
670 2655 735 2688 ρυω
761 2655 819 2689 ipse
843 2653 870 2680 in
902 2652 1076 2687 sequentibus

295 2703 490 2738 interpretatur
513 2700 628 2728 dicens:
653 2700 719 2727 Cum
740 2699 837 2726 uenerit
861 2697 916 2724 Rex
932 2696 1075 2732 Babylonis

329 2781 351 2796 "
364 2779 463 2808 Genes.
480 2786 500 2812 ι,
513 2777 540 2804 2.

1135 958 1247 985 ἐντολῶν
1262 959 1374 994 Κυρίου,
1391 958 1438 985 καὶ
1453 959 1533 985 ποιεῖ.
1551 958 1628 993 Φωνὴ
1648 956 1694 985 οὖν
1709 958 1811 993 Κυρίου
1824 957 1874 984 οὐκ
1893 958 1920 984 ὲν

1134 1007 1167 1042 τῇ
1194 1005 1302 1032 ἀσθενεῖ
1322 1006 1369 1032 καὶ
1392 1005 1525 1041 λελυμένῃ
1547 1005 1630 1040 ψυχῇ,
1643 1005 1699 1031 ἀλλ’
1721 1005 1749 1030 ὲν
1764 1006 1796 1040 τῇ
1820 1005 1920 1040 εὖτόνῳ

1137 1052 1252 1089 ἰσχυρῶς
1273 1052 1495 1088 κατεργαζομένη
1517 1052 1546 1078 τὸ
1564 1050 1675 1085 ἀγαθόν.
1699 1050 1784 1084 Φωνὴ
1810 1050 1919 1084 Κιιρίου

1134 1099 1169 1125 ὲν
1186 1098 1437 1134 μεηαῖοπρεπείᾳ.
1453 1098 1490 1123 Οὐ
1513 1097 1555 1123 διὰ
1569 1097 1668 1132 μόνων,
1687 1097 1763 1131 φησὶ,
1777 1097 1830 1123 τῶν
1844 1098 1918 1132 εἰρη-

1136 1144 1223 1179 μένων
1234 1145 1299 1179 ήμῖν
1312 1144 1377 1178 περὶ
1391 1143 1494 1170 ὑδάτων
1509 1144 1525 1178 ἠ
1542 1142 1616 1178 φωνὴ
1630 1143 1793 1178 παρίσταται
1806 1142 1853 1168 τοῦ
1867 1143 1919 1169 Κυ-

1135 1191 1207 1226 ρίου·
1228 1189 1295 1216 ἀλλὰ
1311 1190 1359 1216 καὶ⁸
1375 1189 1418 1216 διὰ
1432 1189 1482 1223 τῆς
1497 1188 1587 1223 ἰσχύος
1603 1188 1686 1214 αὑτοῦ
1704 1189 1751 1214 καὶ
1769 1188 1818 1223 τῆς
1835 1197 1919 1223 μεγα-

1133 1236 1308 1271 λοπρεπείας,
1323 1236 1357 1270 ἣν
1375 1235 1447 1262 ἔστιν
1466 1234 1613 1270 ὀφθαλμοῖς
1629 1234 1794 1269 κατανοῆσαι
1815 1234 1919 1269 ἀθρόως

1133 1281 1178 1308 τὸν
1193 1281 1337 1316 σύμπαντα
1351 1277 1453 1316 κόσμον
1470 1276 1614 1316 ἆπείρατα,
1637 1280 1708 1311 ἰδίως
1730 1289 1759 1306 τε
1775 1279 1808 1306 τὰ
1826 1279 1918 1306 τούτου

1134 1327 1205 1363 μέρη
1227 1327 1403 1362 θεασάμενον,
1416 1328 1450 1354 τά
1461 1335 1491 1352 τε
1507 1326 1608 1362 μεγέθη
1631 1326 1664 1352 τὰ
1677 1326 1858 1362 ἁνεκδιήγητα
1873 1327 1918 1353 καὶ

1133 1373 1167 1400 τὰ
1189 1374 1363 1409 ἀνέκφραστα
1384 1373 1480 1408 κάλλη,
1504 1373 1554 1407 τήν
1577 1381 1606 1398 τε
1625 1373 1654 1398 ἐν
1674 1373 1764 1404 αὐτοῖς
1779 1372 1918 1408 ὁρωμένην

1133 1419 1322 1446 πολυποίκιλον
1351 1419 1462 1454 σοφίαν
1485 1418 1502 1446 ἃ
1526 1419 1558 1454 δὴ
1578 1418 1705 1453 τυγχάνει
1730 1418 1918 1453 παραστατικὰ

1131 1465 1182 1500 τῆς
1197 1465 1243 1492 τοῦ
1268 1465 1472 1501 συστησαμένου
1494 1464 1527 1490 τὰ
1551 1464 1639 1490 πάντα
1661 1463 1801 1499 δυνάμεώς
1822 1472 1852 1490 τε
1875 1464 1918 1490 καὶ

1134 1509 1233 1544 ἰσχύος.
1248 1509 1344 1535 Ἔνθεν
1358 1510 1382 1535 οἱ
1396 1509 1558 1545 προφητικοὶ
1571 1508 1643 1542 λόγοι
1654 1508 1703 1543 τὴν
1718 1508 1856 1543 θεολογίαν
1866 1509 1918 1535 ἀπὸ

1132 1555 1180 1590 τῆς
1193 1554 1394 1591 μεγαλουργίας
1410 1554 1491 1581 αὑτοῦ
1509 1554 1727 1590 παρελάμϐανον.
1751 1555 1797 1581 Διὸ
1813 1555 1918 1590 εἴρηται

1133 1601 1208 1637 παρὰ
1222 1601 1260 1637 τῷ
1278 1601 1395 1637 Ἱερεμίᾳ
1406 1610 1412 1616 ·
1432 1601 1538 1635 Κύριος
1559 1602 1575 1627 ό
1596 1599 1725 1634 ποιήσας
1743 1600 1800 1635 τὴν
1815 1601 1872 1636 γῆν
1884 1601 1917 1627 ἐν

1132 1646 1271 1681 τῇηὶσχύϊ
1284 1647 1388 1678 αὑτοῦ,
1408 1647 1455 1673 καὶ
1472 1646 1505 1673 τὰ
1520 1645 1594 1681 ἑξῆς.

1166 1736 1252 1770 Φωνὴ
1273 1737 1383 1770 Κυρίου
1400 1736 1614 1770 συντρίϐοντος
1635 1735 1776 1769 κέδρους·
1799 1735 1917 1769 συντρίι

1131 1783 1181 1815 ψει
1206 1782 1314 1815 Κύριος
1334 1780 1387 1814 τὰς
1406 1781 1532 1815 κέδρους
1558 1780 1612 1807 τοῦ
1634 1779 1776 1807 Λιϐάνου·
1799 1779 1848 1806 καὶ
1868 1781 1917 1806 λε-

1131 1827 1239 1853 πτυνεῐ
1257 1826 1351 1859 αὐτὰς
1365 1827 1404 1859 ὡς
1421 1826 1474 1852 τὸν
1489 1827 1609 1861 μόσχον
1630 1826 1683 1852 τοῦ
1705 1825 1834 1852 Λιϐάνου
1855 1825 1917 1861 (sic)

1131 1872 1180 1898 καὶ
1200 1874 1216 1899 ὀ
1236 1871 1427 1907 ὴγτιπημένος
1443 1873 1482 1906 ὡς
1500 1872 1564 1905 υἱὸς
1576 1871 1797 1907 μονοκερώτων.
1817 1871 1853 1898 Ἦ
1872 1871 1918 1898 καὶ

1130 1917 1231 1949 οὕτως·
1246 1917 1353 1952 Μόσχον
1375 1917 1446 1944 ἔοικε
1469 1917 1596 1950 Λιὸάνου,
1617 1917 1663 1944 τὸν
1685 1917 1742 1944 υἱὸν
1767 1917 1917 1954 μονοκερώ-

1130 1971 1194 1996 των,
1210 1962 1258 1997 τὴν
1277 1963 1453 1998 Ἰερουσαλὴμ
1466 1963 1566 1997 λέγειν,
1584 1963 1631 1989 καὶ
1650 1963 1695 1989 τὸν
1709 1962 1792 1989 πάλαι
1807 1964 1917 1998 ἠγαπη-

1132 2006 1210 2042 μένον
1227 2006 1283 2033 υίὺν
1306 2007 1508 2042 μονοκερώτων.
1534 2007 1610 2033 Ἐπεὶ
1634 2007 1758 2042 πατέρων
1775 2007 1917 2041 γεγόνασιν

1131 2053 1225 2088 ἁγίων,
1247 2053 1345 2085 οἵτινες
1369 2053 1492 2088 ἐλέγοντο
1514 2053 1711 2089 μονοκέρωτες,
1726 2053 1771 2080 διὰ
1792 2054 1822 2080 τὸ
1845 2054 1917 2089 μόνῳ

1130 2098 1189 2133 θεῷ
1208 2099 1301 2134 κέρατι
1315 2099 1475 2134 κεχρῆσθαι,
1489 2099 1526 2130 ὡς
1539 2100 1582 2126 ἐπ’
1594 2098 1667 2134 αὑτῷ
1679 2099 1858 2134 σεμνύνεσθαι
1870 2099 1917 2126 καὶ

1130 2145 1228 2179 λέγειν·
1251 2146 1299 2171 Ἐν
1315 2145 1366 2172 σοὶ
1379 2145 1450 2178 τοὺς
1469 2145 1595 2180 ἐχθροὺς
1610 2145 1693 2181 ἡμῶν
1714 2146 1915 2180 κερατιοῦμεν.

1130 2188 1179 2217 Ὧν
1195 2191 1248 2217 υἱοὶ
1271 2191 1413 2225 γεγόνασιν
1429 2191 1453 2217 οἱ
1471 2191 1615 2226 ἡγούμενοι
1636 2190 1688 2217 τῶν
1712 2192 1743 2217 ὲκ
1767 2191 1916 2227 περιτομῆς

1131 2238 1236 2274 Σαρίων
1249 2238 1286 2273 (l)
1301 2237 1416 2264 ἐνταῦοα
1427 2238 1587 2274 κεκλημένοι
1598 2238 1667 2264 κατὰ
1684 2238 1733 2270 τὰς
1747 2238 1829 2270 ἄλλας
1843 2239 1916 2265 ἐκδό-

1133 2292 1199 2315 σεις,
1215 2284 1228 2310 ὃ
1246 2284 1428 2320 ἑρμηνεύεται
1441 2283 1594 2318 ἄρχοντες,
1605 2283 1651 2315 οὒς
1663 2283 1759 2319 ἀπειλῇ
1775 2284 1915 2320 συνέτριψε

1133 2328 1201 2364 μετὰ
1215 2329 1265 2364 τῆς
1286 2329 1474 2364 Ἰερουσαλὴμ,
1487 2329 1520 2364 ἣν
1535 2329 1633 2364 μόσχον
1650 2329 1701 2364 ἔφη
1722 2329 1769 2356 καὶ
1790 2329 1913 2355 Λίϐανον.

1131 2375 1228 2410 Σαςξῶς
1243 2375 1297 2411 γὰρ
1315 2375 1445 2410 Ίεξεκιῆλ
1464 2375 1478 2401 ὁ
1493 2376 1636 2410 προφήτης
1657 2375 1735 2402 τοῦτο
1759 2375 1915 2411 παρέστησε

1130 2422 1235 2457 φήσας*
1259 2421 1330 2448 Τάδε
1352 2420 1451 2455 λέγει’
1478 2422 1504 2447 Ὀ
1524 2421 1610 2453 ἀετὸς
1635 2422 1651 2447 ό
1671 2421 1765 2456 μέγας
1786 2423 1802 2447 ό
1825 2429 1915 2455 μεγα-

1129 2467 1323 2502 λοπτὲρυγος,
1344 2469 1360 2494 ό
1372 2467 1487 2502 μακρὸς
1503 2466 1541 2501 τῇ
1561 2466 1689 2498 ἐκτάσει,
1708 2466 1827 2501 πλήρης
1852 2467 1914 2493 ὀνύ-

1130 2521 1191 2547 χων
1205 2513 1239 2545 ὃς
1251 2513 1312 2547 ἔχει
1329 2512 1361 2539 τὸ
1376 2513 1475 2547 imula
1490 2513 1638 2539 εἰσελθεῖν
1651 2514 1694 2545 εὶς
1708 2512 1761 2538 τὸν
1774 2513 1915 2542 Λίϐανον.

1130 2559 1179 2585 καὶ
1196 2558 1284 2585 ἔλασε
1302 2558 1338 2585 τὰ
1351 2559 1492 2586 salicum
1513 2558 1567 2592 τῆς
1583 2557 1700 2592 κέδρου,
1719 2558 1754 2585 τὰ
1767 2558 1843 2592 ἄκρα
1861 2557 1915 2590 τῆς

1130 2606 1328 2639 (ﬁdaﬁda-qtae,
1350 2605 1399 2632 καὶ
1427 2605 1555 2639 ἤνεγκεν
1581 2604 1657 2631 αὐτὰ
1685 2605 1728 2637 εἰς
1755 2603 1813 2639 γῆν
1840 2605 1915 2630 Χηλ-

1129 2649 1232 2677 διιίων·
1247 2650 1265 2677 ἃ
1279 2651 1325 2677 καὶ
1336 2650 1379 2677 διὰ
1392 2650 1446 2676 τῶν
1461 2650 1523 2684 ἑξῆς
1537 2651 1692 2686 ἡρμήνευσε
1707 2649 1793 2684 λέγων
1806 2658 1813 2665 ’
1829 2650 1915 2676 Ὅταν

1129 2697 1202 2731 ἔλθῃ
1215 2696 1365 2730 ,βασιλεὺς
1379 2696 1557 2729 Βαϐυλῶνος
1570 2696 1621 2723 ἐπὶ
1645 2695 1849 2731 Ἰερουσαλὴμ,
1867 2695 1914 2721 καὶ

590 2777 613 2792 ⁷ο
629 2775 694 2804 ibid.
709 2776 754 2803 90.
794 2776 815 2791 ⁷¹
841 2774 941 2802 Jerem.
956 2782 982 2806 κ,
997 2773 1038 2800 1‘2.
1075 2774 1081 2789 π

1132 2774 1185 2801 sal.
1203 2782 1277 2807 mu,
1293 2775 1319 2802 6.
1358 2774 1381 2790 ⁷³
1395 2773 1495 2802 Ezeeh.
1508 2781 1575 2806 xvu,
1591 2773 1618 2802 5.

330 2858 368 2894 (ι)
386 2857 443 2885 Vox
455 2855 718 2894 Eapbnvmreliquis
731 2856 932 2894 interpretibus
947 2863 1087 2890 expressa,
1108 2862 1138 2881 ex
1157 2855 1290 2884 llebraico
1319 2855 1408 2884 Sirion
1434 2853 1558 2884 conferta
1577 2856 1638 2886 est;
1653 2851 1829 2891 Septuaginta
1849 2858 1911 2881 vero

293 2891 459 2930 lnterpretcs
475 2891 660 2928 ἠγαπημένον,
673 2891 806 2924 dilectum,
819 2892 991 2919 transtulere.
