2056 3214
150 192 204 219 ‘Zl‘i'l

715 193 969 222 COMMENTARIA
990 194 1024 222 IN
1043 192 1212 222 rsawos.
1257 174 1279 202 δ
1295 159 1313 195 δ’

1723 197 1778 226 25$

148 249 279 286 λήψεται
292 246 345 278 τιὸ-ἱ⁴
360 249 492 282 ,ϐασιλέα
506 251 601 286 αὐτῆς
618 253 667 279 καὶ
680 252 732 279 τὸν
745 252 877 288 ἄρχοντα
888 255 935 280 αὑ-

991 254 1018 280 in
1040 253 1210 286 Jerusalem,
1247 257 1364 280 assume!
1392 262 1477 288 regem
1509 264 1565 289 εμιε
1581 260 1605 282 et
1633 256 1777 292 principem

150 296 215 331 τῆς.
242 296 360 329 Τούτους
379 297 433 333 γὰρ
453 297 596 325 ἐπίλεπτα
621 297 667 323 καὶ
690 298 766 333 ἄκρα
790 299 940 334 κέκληκεν

149 342 352 376 ἁπαλότητος.
374 343 482 379 Μόσχον
498 344 526 370 δὲ
547 344 632 379 αὐτῆς
653 353 719 380 φησι
742 345 772 372 τὸ
794 345 941 381 θυσιαστή-

151 396 218 424 ριον,
234 389 264 415 ὲν
277 387 298 423 ᾧ
315 389 429 425 μόσχους
444 391 491 417 καὶ
506 390 600 422 θυσίας
613 391 745 426 ἀνέφερον
756 400 762 406 ·
776 392 794 419 ἃ
807 391 839 428 δὴ
853 393 941 419 πάντα

150 434 344 471 συντέτριπται
365 435 435 471 μετὰ
443 436 583 472 Σαρίων,ὄ
599 437 672 464 ἐστιν
687 437 835 473 ἀρχόντων.
846 438 940 470 Οὕτως

147 477 195 506 οὖν
210 489 278 515 φησι
295 481 433 516 συντρίψει
448 482 494 508 καὶ
515 482 578 514 τοὺς
596 483 624 509 ὲν
648 484 703 514 τοῖς
718 483 820 515 λοιποῖς
837 483 940 510 ἔθνεσιν

147 525 267 558 ἀσεϐεῖς,
287 527 350 558 τοὺς
365 527 560 562 ἐπαιρομένους
573 527 610 560 ὼς
624 528 673 560 τὰς
696 528 808 564 κέδρους
824 528 870 556 τοῦ
888 529 936 556 Λι-

148 573 164 598 C
169 573 242 599 ivou.

183 617 270 652 Φωνὴ
286 617 395 651 Κυρίου
418 619 620 652 συσσείοντος
634 619 755 654 ἔρημον,
776 620 940 648 συσσείσει

148 665 256 698 Κύριος
277 664 334 698 τὴν
353 665 465 700 ἔρημον
487 664 597 698 Κάδης.
621 666 739 702 Ἀληθῶς
760 667 814 702 γὰρ
836 668 852 706 ὴ
871 667 941 703 σύμ-

148 720 223 738 πασα
238 710 292 737 τῶν
308 711 460 748 ἀνθρώπων
476 713 632 748 οἰκουμένη,
649 712 750 749 ἕρημος
764 711 831 740 οὖσα
843 714 939 749 πρότε-

150 766 196 794 ρον
211 757 278 784 Θεοῦ
292 759 418 792 γνώσεως
431 759 477 786 καὶ
489 759 639 791 εὐσεῦείας,
659 759 816 795 συνεσείσθη
835 759 878 787 διὸ.
891 759 938 786 τοῦ

147 805 324 839 εὕαγγελικοῦ
342 807 528 841 κηρύγματος,
550 806 587 838 ὡς
604 805 766 841 μεταϐαλεῖν
785 807 870 842 αὐτὴν
885 806 939 833 ἀπὸ

148 851 248 883 κακίας
271 852 310 882 είς
325 851 436 887 ἀρετὴν,
461 852 507 878 καὶ
521 853 575 879 ἀπὸ
591 852 702 886 ἀγνοίας
721 853 761 884 είς
782 853 939 889 ἐπιστήμην

149 895 233 923 θείαν.
248 897 360 931 Γέγονεν
378 895 423 925 οὖν
438 897 466 931 ἐξ
482 898 585 933 ἐρήμου
602 897 758 934 οίκουμένη.

182 987 269 1021 Φωνὴ
296 988 407 1023 Kvplov
438 987 684 1023 καταρτιζομένου
711 987 855 1023 ἐλά-ρους,
886 987 936 1014 καὶ

145 1032 337 1066 ἀποκαλύψει
358 1032 498 1067 δρυμοὺς,
514 1033 562 1060 καὶ
583 1034 617 1059 ἐν
637 1032 676 1066 τῷ
692 1033 754 1066 ναῷ
769 1024 862 1060 αὺτοῦ
877 1033 937 1067 πᾶς

145 1087 192 1112 τις
214 1079 294 1114 λέγει
321 1079 424 1111 δόξαν.
450 1080 580 1114 Ὲλάφους
596 1080 661 1116 γὰρ,
682 1080 774 1116 φησιν,
799 1082 812 1107 ό
834 1080 937 1115 Κύριος

146 1125 382 1160 καταρτισάμενος
394 1134 400 1140 ·
417 1124 485 1158 ζῶον
509 1126 659 1162 φιλέρημον
674 1126 830 1160 ὀψιοκτόνον
843 1135 873 1153 τε
890 1127 937 1152 καὶ

145 1171 327 1207 κερασφόρον,
347 1172 394 1198 καὶ
416 1172 487 1198 κατὰ
505 1173 549 1198 τὸν
574 1172 655 1207 νόμον
686 1172 816 1208 καθαρὸν,
841 1173 871 1199 ὃν
895 1173 937 1206 ἐξ-

146 1215 272 1250 έπεμψεν
281 1217 320 1248 είς
330 1217 379 1251 τὴν
389 1216 607 1252 προδηλωθεῖσαν
623 1217 735 1253 ἔρημον.
750 1218 781 1244 Οἱ
793 1218 821 1244 δὲ
835 1218 937 1254 ταύτην

145 1261 339 1298 διαδραμόντες
354 1262 416 1294 τοὺς
432 1263 461 1288 ἐν
476 1263 544 1299 αὐτῇ
562 1263 638 1297 ὗξεις
654 1265 710 1296 τοῖς
732 1264 835 1291 ἑαυτῶν
856 1274 936 1292 κατε-

145 1307 272 1343 πάτησαν
288 1308 360 1339 ποσὶ,
375 1308 464 1334 πάντα
487 1317 517 1334 τε
533 1308 566 1336 τὰ
582 1310 610 1335 ἐν
624 1311 655 1344 τῇ
670 1310 765 1345 ἐρήμῳ
786 1311 874 1338 ίοὸόλα
891 1311 938 1348 θη-

146 1353 191 1389 ρία
208 1353 316 1389 μακρὰν
336 1353 478 1389 ἀπήλασαν
490 1363 496 1369 ’
512 1351 548 1382 ὧν
568 1355 728 1386 ἐλαθέντων,
747 1356 938 1393 ἀπεκαλύφθη-

146 1407 196 1426 σαν
211 1401 234 1425 οἱ
251 1400 368 1435 δρυμοί·
385 1401 439 1428 Kal
459 1401 493 1427 ἐν
514 1400 554 1434 τῷ
571 1400 633 1433 νιιῷ
651 1400 709 1434 πᾶς
726 1411 770 1435 τις
789 1403 869 1438 λέγει
886 1403 936 1430 δό-

144 1445 213 1477 ξαν.
237 1446 342 1482 Σφόδρα
355 1447 476 1482 ἀκριϐῶς
490 1446 613 1482 εἴρηταυ
630 1448 682 1474 Kal
699 1447 733 1474 ὲν
749 1447 788 1480 τῷ
809 1449 871 1481 ναῷ
886 1451 937 1475 αὺ-

144 1491 199 1517 τοῦ
222 1490 281 1524 πᾶς
299 1500 344 1524 τις
364 1493 447 1526 λέγει
473 1492 584 1524 δόξαν·
607 1493 699 1518 οὐκέτι
723 1492 778 1528 γὰρ
804 1493 936 1525 Ἰουδαῖοι,

144 1536 228 1564 esset
242 1538 275 1564 ὲκ
291 1537 444 1573 περιτομῆς
462 1538 537 1570 λαὸς,
556 1538 623 1564 ἀλλὰ
637 1539 691 1570 πᾶς
702 1547 744 1570 τις
766 1539 780 1566 ὁ
797 1538 825 1571 ἐξ
848 1539 937 1566 ἁπὰνς

145 1590 198 1609 των
212 1583 265 1609 τῶν
283 1582 368 1610 ἐθνῶν
379 1583 565 1619 ἐπιστραφείς.
582 1584 689 1617 Κύριος
709 1584 801 1619 ἰσχὺν
815 1584 855 1618 τῷ
872 1584 936 1618 λαῷ

145 1629 238 1656 αὑτοῦ
257 1628 361 1656 δώσει·
378 1630 486 1664 Κύριος
508 1629 669 1664 εὐλογήσει
686 1629 738 1656 τὸν
750 1629 827 1656 λαὸν
842 1630 936 1657 αὐτοῦ

146 1675 181 1700 ἐν
195 1674 308 1709 εἰρήνῃ.

409 1720 556 1748 ΨΑΛΜΟΣ
574 1720 662 1747 ΩΔΠΣ

148 1765 219 1792 ΤΟΥ
229 1765 461 1794 ΕΓΚΑΙΜΣΜΟΥ
473 1767 541 1794 ΤΟΥ
553 1767 659 1795 ΟιΚΟΥ
671 1767 742 1796 ΤΟΥ
756 1768 856 1794 ΔΔΥΊΔ
869 1768 934 1796 KG’.

182 1831 252 1858 Ἀλλ’
269 1832 340 1859 εἴποι
357 1833 400 1865 τίς
421 1833 454 1860 ἂν
472 1833 542 1869 πρὸς
562 1834 651 1867 τοῦτο,
666 1833 703 1866 ὡς
720 1834 848 1870 οὐδεμίαν
865 1835 936 1862 οἰκο-

144 1876 229 1912 δομῆς
244 1878 317 1904 οἴκου
333 1878 424 1914 ῆναοῦ
442 1881 559 1906 ποιεῖται
577 1880 687 1916 μνήμην
699 1888 706 1895 ·
724 1879 783 1906 οὐδέ
799 1889 841 1912 τις
859 1880 936 1915 λόγος

145 1923 219 1949 ἐστὶν
239 1924 268 1950 ἐν
284 1924 324 1959 τῷ
345 1924 444 1960 ψαλμῷ
464 1925 612 1961 δυνάμενος
632 1926 763 1961 ἁρμόζειν
787 1927 934 1960 ὲγκαινίοις

144 1968 229 2002 οἴκου,
260 1969 298 2002 ὠς
325 1970 432 2006 νομίσαι
464 1971 524 1999 τινὰ
558 1972 604 1998 ἐπὶ
638 1972 807 2008 ὲγκαινισμῷ
831 1972 878 1999 τοῦ
906 1974 935 1999 ἐν

150 2014 345 2050 Ἰεροσολύμοις
357 2015 410 2043 νεὼ
422 2017 467 2043 τὸν
481 2016 660 2053 προκείμενον
674 2016 781 2052 ψαλμὸν
796 2018 932 2053 εἰρῆσθαι.

151 2059 219 2086 Ἀλλ’
239 2061 302 2087 ἐπεὶ
317 2062 542 2098 προγέγραπται,
560 2061 647 2098 ’ῼδῆς
670 2062 865 2097 ὲῖνκαινισμοῦ
881 2063 933 2090 τοῦ

143 2106 248 2134 οἶκουο
276 2108 374 2134 σκόπει
398 2109 501 2144 μήποτε
529 2108 603 2135 οἷκον
624 2108 740 2136 ἐνταῦθα
762 2110 812 2146 τὴν
835 2110 932 2136 ἑαυτοῦ

144 2151 232 2186 ψυχὴν
247 2151 392 2179 αἰνίττεται
403 2161 409 2168 ·
431 2153 459 2179 ὲν
508 2153 538 2180 τὸ
554 2153 624 2180 θεῖον
640 2153 760 2190 Πνεῦμα,
777 2153 815 2186 ὡς
833 2155 861 2180 ὲν
877 2154 933 2190 ναῷ

144 2197 258 2232 οίκῆσάν
280 2206 355 2230 ποτε,
375 2198 464 2234 καιρῷ
479 2207 532 2225 τινι
552 2199 654 2234 ἔρημον
670 2200 754 2235 αὐτὴν
774 2200 931 2227 καταλέλοι-

144 2251 205 2275 πεν,
236 2243 416 2280 ἀναχωρῆσαν
442 2243 485 2271 διὰ
514 2244 563 2280 τὴν
593 2244 834 2281 πλημμεληθείσαν
859 2246 932 2281 αὐτῷ

144 2288 215 2316 κατὰ
238 2289 284 2316 τὸν
303 2289 404 2325 Οὐρίαν
425 2290 472 2316 καὶ
495 2290 544 2325 τὴν
566 2290 661 2317 τούτου
682 2292 799 2325 γυναῖκα
820 2291 936 2327 πρᾶξιν⁸

144 2331 177 2357 δι’
193 2332 227 2367 ἣν
243 2331 290 2358 καὶ
307 2333 386 2368 μέχρι
403 2332 448 2360 τοῦ
471 2333 586 2361 θανάτου
613 2335 797 2371 κατελήλυθε,
821 2336 854 2362 τὰ
881 2337 934 2372 πρὸ

145 2376 258 2404 θάνατον
278 2378 456 2414 ἁμαρτήσας·
480 2379 594 2415 δυνάμει
618 2380 646 2407 δὲ
669 2381 730 2407 τότε
756 2381 804 2407 καὶ
827 2382 866 2413 εἰς
889 2382 934 2409 τὸν

145 2422 264 2455 λάκκον,
289 2424 335 2450 καὶ
361 2425 400 2456 εἰς
421 2424 467 2451 τὸν
488 2425 555 2461 ᾅδην
579 2425 748 2462 κατηνέχθη,
777 2427 879 2463 κατέϐη
903 2436 933 2454 τε

144 2469 252 2504 ἀληθῶς
265 2470 305 2501 εἰς
319 2469 481 2506 διαφθοράν
505 2470 543 2502 ὡς
558 2470 602 2497 διὰ
625 2471 712 2498 ταῦτα
729 2471 838 2508 θρήνοις
852 2472 933 2499 αὑτὸν

145 2515 292 2550 σχολάσαι,
319 2515 421 2544 σάκκον
446 2525 476 2543 τε
506 2517 566 2543 ἀντὶ
580 2516 631 2552 τῆς
654 2517 794 2554 βασιλικῆς
821 2518 934 2553 ἐσθῆτος

145 2561 350 2597 περιϐαλέσθαι.
373 2561 443 2588 Ἀλλ’
466 2562 560 2598 ἐπειδὴ
585 2562 723 2597 ἀξιόλογον
749 2563 935 2599 ἐνδειξάμενος

143 2606 300 2641 μετάνοιαν,
318 2608 412 2634 ἑαυτόν
436 2616 465 2634 τε
483 2608 601 2639 κολάσας
624 2608 672 2634 καὶ
695 2610 933 2644 τιμωρησάμενος,

142 2651 245 2684 ἱκανῶς
258 2661 287 2678 τε
301 2653 506 2689 ἐγκαρτερήσας
521 2654 580 2685 ταῖς
596 2653 831 2690 ἑξομολογήσεσιν,
848 2656 934 2690 ἐπαγ-

143 2697 237 2730 γελίαν
258 2697 380 2732 ἀφέσεως
403 2699 453 2734 τῆς
477 2698 612 2734 ἁμαρτίας
638 2699 751 2735 εἴληφε,
773 2700 818 2726 διὰ
839 2700 886 2727 τοῦ
903 2702 934 2726 ὲκ

145 2743 304 2778 σπέρματος
316 2743 397 2770 αὑτοῦ
412 2744 640 2780 προελευσομένου
649 2745 777 2781 Χριστοῦ,
793 2746 934 2781 μέλλοντος

145 2788 192 2814 καὶ
208 2788 304 2824 μέχρις
326 2789 390 2824 ᾅδου
413 2790 627 2826 καταϐήσεσθαι·
650 2791 762 2823 εἰκότως
779 2792 828 2827 τῆς
851 2800 934 2828 κατηα

145 2834 222 2868 φείας
247 2834 415 2870 μεταδαλὼν,
431 2836 479 2862 καὶ
493 2836 543 2871 τῆς
558 2837 599 2871 ἐφ’
613 2834 653 2868 οἷς
672 2837 820 2873 ἐτόλμησεν
837 2837 932 2873 ἐξομο-

146 2881 298 2916 λογήσεως,
319 2881 493 2916 εὐχαριστίαν
514 2883 670 2918 ἀναπέμπει
692 2883 731 2918 τῷ
751 2883 811 2919 Θεῷ
827 2884 929 2919 λέγων·

185 2955 241 2978 "J'
255 2957 351 2985 Ezech.
369 2966 433 2989 xvn,
450 2959 491 2986 1‘2.

991 300 1049 334 ejus
1061 299 1131 326 "-“.
1140 299 1195 327 llos
1208 299 1304 326 selecta
1316 304 1403 333 vocat,
1417 306 1442 327 et
1454 303 1617 329 summitates
1641 302 1778 337 f'ondium

992 351 1142 373 tenerorum
1167 346 1238 381 ejus.
1253 345 1375 373 Vitulnm
1395 350 1484 374 autem
1499 347 1569 382 ejus,
1583 348 1669 376 altare
1686 353 1776 381 vocat.

992 393 1018 419 in
1033 401 1088 428 quo
1099 393 1199 420 vitulos
1215 396 1241 420 et
1262 392 1396 419 sacriﬁcia
1411 392 1570 421 offerebant.
1589 394 1655 428 Quae
1674 395 1776 427 omnia,

992 447 1044 467 una
1060 447 1121 467 cum
1139 439 1244 471 Sariis,
1262 438 1288 466 id
1309 443 1351 466 est
1374 439 1546 474 principibus
1569 440 1639 474 ejus,
1657 441 1776 468 contrita

991 493 1065 514 sunt.
1083 485 1131 519 lta,
1151 485 1250 520 inquit,
1273 489 1433 512 camerarum
1453 486 1572 520 gentium
1591 486 1689 521 impios
1710 494 1776 515 con-

991 534 1070 564 teret,
1088 531 1133 566 qui
1149 531 1236 558 instar
1251 530 1398 558 cedrorum
1415 529 1511 558 Libani
1529 531 1713 566 erigebantur.

1026 621 1109 649 Vens.
1124 620 1151 648 8.
1181 619 1238 647 Vox
1262 619 1371 648 Domini
1394 620 1566 648 concutienlis
1586 620 1728 653 desertum,
1752 625 1777 648 et

991 667 1160 696 commovebit
1183 666 1314 694 Dominus
1336 667 1469 694 desertum
1496 666 1592 694 (fades.
1611 666 1680 694 Vere
1704 664 1777 695 to'tns

990 715 1065 743 orbis
1082 714 1233 746 hominum,
1244 721 1306 740 cum
1321 718 1384 741 ante
1399 713 1447 741 Dei
1461 713 1616 749 cognitione
1634 721 1666 741 ac
1679 713 1778 749 pietate

990 766 1092 786 vacuus
1107 762 1132 786 et
1155 758 1280 786 desertus
1297 762 1386 790 esset,
1404 765 1453 793 per
1472 759 1656 794 evangelicum
1679 759 1778 794 praedi-

990 805 1125 832 cationem
1143 809 1299 831 commotus
1316 808 1376 836 est,
1402 803 1439 830 ita
1457 809 1485 831 ut
1500 812 1515 831 a
1535 805 1657 839 nequitia
1671 805 1705 832 ad
1719 805 1777 832 vir-

989 855 1074 878 tutem
1086 871 1093 883 ,
1112 849 1147 877 ab
1168 850 1322 885 ignorantia
1340 849 1372 876 ad
1385 850 1526 877 scientiam
1546 850 1665 877 divinam
1683 854 1775 878 trans-

991 900 1102 923 mearet.
1126 895 1165 922 Ex
1183 896 1291 923 deserto
1314 895 1397 931 igitur
1413 895 1552 923 habitatus
1567 896 1642 924 orbis
1663 896 1776 925 eﬂectus

951 941 973 969 Β
987 946 1038 969 est.

1023 987 1106 1015 Vens.
1124 987 1215 1014 9-H.
1242 986 1299 1014 Vox
1312 986 1418 1013 Domini
1434 987 1610 1020 pmparantis
1632 995 1729 1019 cervos.
1751 993 1776 1015 et

987 1032 1111 1060 reuelabit
1132 1033 1274 1064 condensa,
1291 1036 1314 1058 et
1332 1032 1359 1058 in
1386 1032 1482 1066 templo
1503 1032 1559 1066 ejus
1581 1040 1670 1060 omnes
1690 1033 1776 1060 dicent

987 1080 1111 1115 gloriam.
1129 1079 1196 1106 Nam
1221 1078 1368 1111 Dominus,
1387 1078 1492 1113 inquit,
1511 1086 1606 1106 cervos
1630 1083 1774 1114 praeparat.

988 1125 1036 1152 Est
1049 1125 1149 1152 animal
1168 1124 1324 1152 solitudinis
1339 1132 1446 1155 amans,
1467 1124 1640 1159 serpentibus
1655 1125 1774 1156 exitiale.

987 1176 1013 1198 et
1029 1175 1185 1202 cornutum,
1204 1175 1285 1206 atque
1307 1170 1457 1198 secundum
1474 1171 1559 1206 legem
1575 1171 1706 1198 mundum
1723 1176 1775 1202 est,

988 1223 1020 1242 ac
1037 1215 1064 1242 in
1076 1215 1237 1250 praedictum
1251 1215 1389 1242 desertum
1403 1215 1534 1243 emissum
1553 1215 1613 1243 fuit.
1626 1215 1677 1249 Qui
1695 1224 1778 1251 porro

987 1261 1126 1289 desertum
1142 1261 1300 1295 hujusmodi
1316 1264 1491 1296 percurrunt,
1509 1265 1651 1296 serpentes
1662 1261 1779 1297 pedibus

988 1308 1046 1335 suis
1061 1311 1216 1342 proterunt,
1229 1307 1377 1342 omniaque
1402 1311 1536 1334 venenata
1558 1309 1584 1334 in
1610 1315 1702 1335 eremo
1716 1308 1777 1334 ani-

989 1354 1071 1381 malia
1101 1354 1196 1389 procul
1223 1353 1345 1389 abigunt.
1374 1353 1480 1386 Quibus
1504 1353 1626 1388 depulsis
1657 1353 1777 1381 revelata

989 1405 1054 1428 sunt
1071 1405 1216 1435 querceta,
1233 1404 1257 1426 et
1272 1400 1299 1426 in
1321 1400 1417 1432 templo
1435 1399 1492 1433 ejus
1513 1408 1602 1426 omnes
1620 1399 1707 1426 dicent
1718 1399 1778 1434 glo-

989 1447 1066 1472 riam.
1086 1445 1197 1472 Smnma
1215 1449 1290 1472 certe
1315 1446 1492 1472 accuratione
1515 1445 1617 1472 dictum
1632 1448 1684 1477 est,
1709 1450 1733 1472 et
1749 1446 1776 1473 in

990 1492 1084 1526 templo
1097 1491 1154 1526 ejus
1172 1499 1260 1518 omnes
1278 1490 1364 1517 dicent
1379 1490 1510 1525 gloriam;
1526 1499 1579 1518 non
1593 1491 1665 1518 enim
1677 1490 1775 1524 Judaei,

988 1545 1076 1572 neque
1099 1537 1216 1572 populus
1231 1544 1263 1564 ex
1282 1536 1509 1568 circumcisione,
1531 1537 1579 1565 sed
1599 1537 1723 1572 quisquis
1743 1545 1774 1565 ex

988 1583 1116 1610 omnibus
1132 1582 1259 1618 gentibus
1276 1589 1428 1610 conversus
1443 1585 1495 1610 est.
1511 1581 1639 1610 Dominus
1654 1583 1776 1611 virtutem

989 1628 1083 1663 ρυριιίο
1101 1637 1149 1655 suo
1165 1627 1257 1660 dabit;
1274 1627 1405 1655 Dominus
1421 1627 1552 1655 benedicet
1574 1629 1670 1663 populo
1684 1638 1731 1656 suo
1748 1630 1776 1656 in

989 1683 1061 1710 pace.

1217 1718 1380 1747 PSALMUS
1400 1719 1537 1748 CANTICI

1040 1767 1067 1795 1.
1080 1767 1114 1794 IN
1127 1765 1358 1794 DEDICATIONE
1376 1765 1496 1794 DOMUS
1513 1765 1617 1793 DAVID
1629 1765 1724 1793 XXIX.

1023 1833 1077 1862 Sed
1095 1833 1212 1862 fortasse
1223 1833 1359 1868 quispiam
1371 1833 1406 1860 ad
1418 1833 1474 1860 haec
1489 1832 1600 1865 dixerit,
1619 1832 1692 1868 quod
1712 1833 1775 1860 nul-

986 1881 1040 1908 lam
1054 1881 1098 1908 hic
1113 1883 1260 1908 structum
1279 1880 1378 1907 domus
1401 1879 1459 1907 sive
1480 1879 1574 1914 templi
1596 1879 1679 1906 iaciat
1695 1886 1774 1906 men-

986 1927 1088 1954 tionem
1107 1935 1114 1953 :
1143 1933 1194 1953 nec
1210 1925 1350 1960 quidpiam
1368 1924 1395 1951 in
1413 1924 1519 1959 psalmo
1533 1925 1685 1959 reperiatur
1700 1924 1775 1959 quod

986 1972 1071 2008 possit
1086 1971 1251 1999 dedicationi
1267 1971 1366 1998 domus
1381 1976 1547 2005 competere,
1564 1974 1594 1997 ut
1619 1971 1682 2005 quis
1698 1975 1777 2006 puta-

985 2015 1054 2042 verit
1077 2014 1110 2042 de
1130 2014 1222 2050 templi
1245 2013 1486 2049 llierosolymitani
1514 2014 1687 2042 dedicatione
1703 2015 1778 2043 hunc

985 2059 1119 2094 psalmum
1133 2059 1339 2093 pronuntiatum
1355 2058 1450 2086 fuisse.
1467 2058 1568 2086 Verum
1583 2060 1714 2094 quoniam
1732 2060 1774 2088 in-

985 2105 1135 2132 scribitur:
1151 2104 1277 2132 Psalmus
1299 2105 1396 2131 cantici
1425 2104 1452 2130 in
1479 2103 1644 2131 dedicatione
1660 2105 1772 2139 domus,

983 2151 1061 2185 mibi,
1075 2158 1178 2186 quaeso,
1189 2150 1358 2182 consideres,
1371 2157 1436 2177 num
1447 2150 1491 2177 hic
1504 2157 1552 2185 per
1563 2150 1685 2181 domum.
1697 2159 1775 2179 suam

984 2198 1071 2233 ipsam
1094 2196 1212 2224 animam
1231 2195 1375 2223 adumbret
1396 2205 1402 2222 :
1431 2195 1458 2222 in
1485 2203 1539 2230 qua
1564 2203 1627 2222 cum
1655 2195 1776 2230 Spiritus

991 2246 1101 2269 sanctus
1117 2249 1166 2269 ceu
1181 2241 1207 2268 in
1224 2240 1326 2276 templo
1353 2239 1500 2275 aliquando
1515 2239 1675 2270 habitasset,
1704 2247 1775 2273 quo-

954 2285 975 2312 D
989 2287 1051 2315 dam
1063 2291 1186 2321 tempore
1200 2286 1336 2314 desertam
1352 2292 1411 2312 eam
1428 2284 1547 2319 reliquit,
1565 2289 1647 2318 atque
1659 2279 1774 2311 recessit

987 2335 1022 2361 ob
1037 2337 1173 2369 patratum
1190 2333 1217 2359 in
1231 2331 1325 2360 Uriam
1340 2335 1367 2358 et
1379 2338 1490 2358 uxorem
1503 2330 1563 2365 ejus
1575 2329 1699 2363 facinus;
1712 2330 1776 2358 ideo

987 2381 1020 2408 ad
1039 2385 1152 2408 mortem
1171 2387 1258 2414 usque
1281 2378 1410 2413 delapsus
1435 2382 1488 2410 est,
1510 2377 1573 2412 quia
1602 2376 1635 2403 ad
1657 2381 1773 2404 mortem

987 2431 1165 2462 peccaverat;
1193 2426 1247 2452 imo
1271 2425 1376 2452 ratione
1398 2424 1516 2459 quadam
1532 2431 1618 2457 usque
1633 2423 1667 2450 ad
1682 2423 1774 2451 laeum

987 2477 1014 2500 ct
1031 2473 1064 2500 ad
1089 2472 1224 2499 infernum
1240 2471 1376 2498 deductus
1391 2473 1443 2501 est,
1463 2476 1495 2494 ae
1521 2468 1609 2502 reipsa
1632 2467 1773 2497 descendit

989 2519 1016 2546 in
1034 2518 1237 2552 corruptionem
1250 2526 1257 2550 ;
1275 2517 1312 2543 ita
1330 2520 1359 2542 ut
1375 2523 1406 2542 ea
1420 2514 1452 2541 de
1467 2521 1549 2540 causa
1562 2513 1670 2541 fletibus
1684 2522 1714 2541 se
1726 2514 1774 2542 deo

986 2563 1067 2594 derit,
1082 2570 1113 2590 ac
1128 2570 1178 2597 pro
1197 2562 1269 2597 regia
1286 2565 1360 2589 veste
1378 2567 1488 2589 saccum
1513 2559 1641 2588 induerit.
1658 2561 1692 2587 At
1710 2563 1774 2597 quia

987 2613 1134 2644 postquam
1150 2609 1260 2643 dignam
1289 2607 1414 2635 exhibuit
1440 2606 1641 2641 pwnilentiam,
1665 2615 1696 2634 ac
1714 2615 1774 2635 sese

987 2655 1129 2689 castigavit
1145 2658 1226 2690 atque
1242 2654 1360 2689 punivit,
1376 2651 1594 2687 congruentique
1609 2656 1731 2686 tempore
1746 2653 1773 2679 in

986 2701 1208 2730 confessionibus
1222 2699 1418 2735 perseveravit,
1443 2698 1600 2726 remittendi
1631 2698 1683 2725 sibi
1708 2706 1772 2733 pec-

987 2748 1040 2774 cati
1055 2747 1264 2782 promissionem
1291 2749 1389 2772 nactus
1409 2748 1461 2776 est,
1478 2753 1525 2779 per
1542 2744 1681 2771 Christum
1697 2743 1770 2770 scili<

987 2797 1029 2821 cet
1058 2801 1089 2820 ex
1116 2793 1176 2827 ejus
1203 2790 1307 2819 semine
1332 2790 1518 2824 proditurum,
1534 2793 1561 2815 ct
1582 2788 1615 2814 ad
1632 2787 1772 2816 infernum

987 2846 1074 2872 usque
1090 2837 1305 2868 descensurum;
1320 2836 1383 2870 jure
1406 2843 1421 2862 a
1438 2835 1549 2862 tristitia
1566 2837 1592 2861 et
1606 2841 1620 2860 a
1636 2833 1772 2860 scelerum

985 2883 1158 2911 confessione
1185 2882 1348 2914 transl-atus,
1364 2881 1468 2917 gratias
1486 2880 1540 2916 agit
1569 2879 1633 2910 Deo,
1651 2878 1746 2907 dicens
1760 2886 1770 2894 ⁸
