2056 3214
279 172 334 201 ρετ.

632 170 767 198 EUSEB“
785 169 1025 197 CAESARIENSIS
1044 169 1119 197 OPP.
1141 167 1231 196 PARS
1249 168 1292 196 lll.
1313 184 1347 188 —
1365 167 1569 196 EXEGETICA.

1860 168 1910 195 ΞΜ

314 227 397 255 Vsus.
430 227 522 254 H-IS.
539 227 646 254 Audiuit
668 228 805 258 Dominus.
835 232 873 257 et,
891 229 1013 255 misertus
1035 236 1068 254 est

1163 228 1290 254 Ἤκουσε
1307 228 1434 260 Κύριος,
1451 225 1497 252 καὶ
1511 224 1625 259 ἠλέησέ
1641 231 1696 258 με’
1725 225 1831 258 Κύριος
1846 224 1909 260 ἐγε-

278 274 340 306 rrm',
361 273 489 300 Dominus
512 273 599 307 factus
626 278 665 299 est
687 274 794 308 adjutor
815 282 897 300 meus.
933 273 1068 300 Conveni-

277 320 313 346 ui
341 319 475 353 planctum
510 327 594 345 meum
625 319 651 344 in
673 319 799 353 gaudium
816 319 880 345 mihi
895 327 903 345 :
917 319 1069 346 conscidisti

279 373 384 392 saccum
398 374 495 397 meum,
510 370 535 392 et
551 365 748 392 circumdedisti
762 374 802 392 me
815 366 919 393 lmlitia.
933 366 1002 393 Cum
1018 366 1068 396 sic.

279 411 378 446 inquit,
397 411 570 446 deprecarer,
586 411 632 446 qui
656 418 710 437 non
738 411 832 444 procul
855 413 897 437 est
919 410 953 436 ab
974 410 1007 437 iis
1022 410 1068 445 qui

280 466 347 494 pure
367 465 399 485 ac
422 457 538 485 ﬁdeliter
551 457 678 484 invocant
694 457 794 492 ipsum,
810 455 940 484 Dominus
956 456 1067 488 audivit,

279 503 313 530 de
327 510 382 537 quo
399 502 500 529 dictum
516 507 576 529 est:
593 501 678 534 Prope
692 506 729 527 est
747 500 876 527 Dominus
891 499 1012 526 omnibus
1028 499 1069 525 in-

279 548 430 574 vocantibus
443 555 500 574 cum
524 548 551 574 in
571 547 679 574 veritate
692 547 735 574 "z
751 551 778 574 et
794 551 936 581 postquam
954 545 1068 577 audivit,

279 594 400 620 misertus
416 598 455 620 est
470 593 531 622 mei.
548 600 580 619 ac
604 599 682 619 suam
704 599 767 625 erga
789 599 831 618 me
853 591 1068 618 misericordiam

279 647 360 674 opere
373 638 581 673 comprobavit:
599 637 685 672 factus
703 641 741 664 est
761 635 833 662 enim
852 636 960 671 adjulor
984 644 1067 663 ηιεαε,

278 685 425 720 Postquam
454 692 504 711 nos
531 684 607 711 hisee
633 684 767 710 allocutus
787 688 829 710 est
844 683 946 714 verbis,
965 687 992 710 et
1008 690 1069 717 quae

279 731 330 759 sibi
348 729 505 758 acciderant
525 730 672 759 enarravit.
691 737 788 756 rursus
813 729 961 764 gratiarum
984 729 1069 754 aetio-

279 785 340 805 nem
353 777 386 804 ad
404 777 492 811 ipsum
509 775 593 802 Deum
616 775 759 807 convertit,
777 775 908 802 beneﬁcia
934 775 987 802 sibi
1009 774 1067 802 col-

279 823 332 849 lata
348 829 522 850 enumerans.
543 820 620 853 Nam,
637 821 735 855 inquit,
749 825 777 847 tu
800 820 852 847 mei
876 820 1005 847 misertus
1025 827 1067 851 es,

278 873 305 895 et
319 867 407 895 factus
427 875 456 894 es
468 867 575 901 adjutor
590 873 682 899 meus;
701 871 782 901 atque
804 866 844 893 sic
857 870 962 893 veteres
979 866 1068 901 lacry-

1120 273 1195 305 νήθη
1217 273 1330 306 ,ϐοηθός
1348 281 1416 306 μου.
1442 272 1609 305 Ἔστρεψας
1632 271 1685 298 τὸν
1706 272 1834 298 κοπετόν
1853 280 1911 306 μου

1119 321 1162 352 εἰς
1182 321 1280 354 χαρὰν
1294 319 1369 353 ἐμοὶ,
1393 317 1550 351 διέρῤηξας
1570 317 1624 343 τὸν
1646 316 1762 343 σάκκοι·
1776 325 1846 350 μου,
1863 317 1911 343 turi

1120 365 1296 400 περιέζωσίὶς
1307 374 1345 400 με
1356 366 1558 399 εὐφροσύνην.
1568 363 1671 394 Ταῦτα,
1682 362 1759 397 φησὶ,
1772 362 1912 396 δεηθέντος

1121 421 1182 447 μου,
1197 407 1261 447 ιδ’μὴ
1278 412 1384 447 μακρὰν
1399 410 1524 445 ἀφεστὼς
1537 410 1591 436 τῶν
1607 409 1734 444 καθαρῶς
1748 409 1795 435 καὶ
1810 408 1912 440 πιστῶς

1119 457 1342 492 ἐπικαλουμένων
1361 455 1443 482 αὑτὸν
1456 455 1557 491 Κύριος
1568 454 1695 489 ἢκουσε,
1712 453 1775 489 περὶ
1791 450 1822 479 οὗ
1837 453 1912 488 εἴρη-

1119 512 1179 530 ται·
1212 504 1316 537 Ἐγγὺς
1341 503 1449 536 Κύριος
1471 501 1546 529 πᾶσι
1569 501 1632 534 τοῖς
1662 500 1912 534 ἐπικαλουμένοις

1119 550 1212 576 αὑτὸν
1234 549 1269 575 ἑν
1289 548 1425 581 άληΟεΙᾳ·
1450 547 1498 574 καὶ
1521 547 1640 578 ἀκούσας
1662 546 1777 580 ἠλέησέ
1796 554 1845 580 με.
1868 547 1912 573 καὶ

1119 595 1198 630 ἔργον
1221 594 1374 627 ὲπεδεῖξατο
1399 592 1445 619 τοῦ
1472 594 1511 625 εἰς
1525 594 1574 628 ἐμὲ
1591 592 1833 627 οἴκτουοέγενήθη
1856 593 1909 626 γὰρ

1116 641 1231 674 βοηίίίς
1240 650 1309 675 μου.
1323 641 1415 667 Ταῦτα
1430 640 1467 672 ὡς
1482 639 1550 674 πρὸς
1565 640 1639 675 ἡμᾶς
1648 638 1808 673 διαλεχθεὶς,
1821 638 1868 664 καὶ
1879 638 1911 664 τὰ

1121 686 1313 721 συμϐεϐηκότα
1333 686 1407 721 αὐτῷ
1426 685 1535 717 διδάξας
1547 686 1631 720 ἡμᾶς,
1648 684 1813 720 ἀποστρέφει
1832 683 1912 710 πάλιν

1119 732 1168 767 τὴν
1181 731 1355 767 εὐχαριστίαν
1373 731 1417 758 ἐπ’
1432 731 1512 757 αὑτὸν
1529 731 1604 763 Θεὸν,
1619 731 1668 762 τὰς
1683 731 1722 761 εις
1736 730 1816 756 αὑτὸν
1837 729 1912 764 εὐερ-

1119 778 1213 812 γεσίας
1228 777 1343 810 διεξιών.
1365 777 1497 813 Ἦλέησας
1515 777 1570 813 γάρ
1588 786 1620 812 με
1641 778 1684 808 σὺ,
1700 777 1778 811 φησι,
1801 777 1849 803 καὶ
1865 776 1912 810 γέ-

1119 830 1200 856 γονας
1225 821 1320 856 βοηθὸς
1343 829 1411 857 μου·
1433 821 1504 848 οὕτω
1529 830 1558 847 τε
1584 820 1731 856 μετέϐαλες
1757 821 1791 848 τὰ
1811 821 1913 848 παλαιὰ

1121 876 1172 903 μου
1192 868 1306 904 δάκρυα,
1324 868 1372 894 καὶ
1388 868 1451 900 τοὺς
1471 867 1587 904 θρήνους
1607 867 1655 893 καὶ
1675 869 1720 894 τὸν
1740 867 1856 894 κοπετὸν
1873 868 1913 899 εἰς

279 921 348 946 mas,
365 912 583 944 lamentationes,
608 912 746 946 planctum
772 911 799 938 in
824 911 921 943 risum,
939 910 1067 944 gaudium

1119 915 1224 948 γέλωτα
1236 915 1282 941 καὶ
1297 915 1394 950 χαρὰν,
1412 915 1459 941 καὶ
1477 914 1646 948 ἀγαλλίασιν,
1664 913 1853 948 ὲπαληθεύσας
1867 913 1913 940 τὸν

278 963 305 986 et
329 958 538 986 exsultationem
558 958 743 985 commutasti.
767 957 806 984 lla
830 965 922 984 veram
942 963 1069 990 compro-

278 1005 346 1032 basti
371 1005 444 1032 illam
472 1003 678 1035 beatitudinem,
696 1011 756 1038 qua:
776 1004 822 1030 diu
848 1006 942 1038 postea
957 1002 990 1030 de
1003 1002 1068 1029 llen-

277 1052 350 1079 tibus
364 1059 395 1078 ae
408 1051 564 1086 lugentibus
578 1050 676 1077 tradita
692 1054 733 1077 est
749 1060 755 1076 :
770 1049 846 1076 Beati
859 1050 902 1081 qui
915 1049 988 1083 ﬂent,
1003 1056 1069 1084 quo-

278 1099 350 1125 niam
366 1098 485 1125 ridebunt
496 1098 535 1128 ’°;
550 1097 620 1124 beati
633 1098 676 1132 qui
692 1097 788 1131 lugent,
804 1097 927 1130 quoniam
941 1095 990 1129 ipsi
1005 1103 1068 1121 cou-

279 1144 435 1171 solabuntur
450 1144 484 1170 “.
503 1143 544 1170 Me
565 1150 646 1170 sacco
659 1142 770 1175 exuisti,
788 1143 832 1177 qui
848 1143 938 1168 luctus
960 1141 1066 1175 signum

278 1193 347 1220 erat,
365 1189 393 1215 in
408 1197 462 1224 quo
478 1196 522 1215 me
545 1188 704 1222 allligebmn,
722 1192 748 1214 et
769 1187 879 1222 cingulo
896 1187 994 1214 lmtitiae
1016 1187 1067 1213 cir-

278 1235 453 1262 cumcinxisti
474 1241 526 1260 me.
543 1233 604 1260 Haec
620 1241 701 1267 porro
711 1233 802 1259 olnnia
829 1233 894 1259 mihi
916 1232 1066 1267 praebuisti,

279 1284 309 1307 ut
326 1280 409 1312 ne',~si
425 1280 474 1307 tibi
498 1286 552 1306 non
568 1279 710 1306 confessus
727 1286 828 1309 essem,
843 1283 914 1305 terra
934 1283 959 1305 et
979 1278 1067 1313 pulvis

278 1334 458 1358 remanerem,
472 1330 502 1352 ut
525 1330 611 1352 cantet
631 1324 677 1351 tibi
700 1325 785 1360 gloria
811 1333 877 1351 mea.
896 1323 963 1350 Nam
983 1325 1006 1352 si
1022 1324 1068 1351 de-

277 1372 445 1400 scendissem
474 1372 502 1399 in
530 1371 752 1406 corruptionem,
775 1371 849 1397 nulla
872 1370 936 1397 hinc
964 1370 1068 1397 utilitas

278 1419 321 1446 vel
337 1419 403 1446 mihi
418 1419 459 1446 vel
472 1418 533 1446 aliis
559 1421 689 1445 eventura
712 1421 781 1445 erat.
803 1416 858 1452 Ego
879 1424 996 1451 namque
1013 1416 1067 1443 vita

278 1466 323 1493 illa
343 1474 404 1501 qua:
424 1473 458 1492 ex
481 1470 507 1493 te
524 1465 646 1500 procedit
671 1464 820 1499 privandus
842 1471 927 1497 eram,
943 1463 988 1490 alii
1004 1471 1067 1491 vero

279 1520 326 1548 per
340 1520 382 1540 me
393 1513 508 1539 salutem
523 1511 635 1538 minime
649 1510 721 1538 nacti
737 1514 837 1538 essent.

313 1557 347 1584 At
362 1558 471 1593 quando
489 1562 517 1584 tu
534 1557 685 1584 convenisti
704 1556 838 1590 planctum
853 1563 938 1582 meum
955 1555 982 1581 in
1001 1563 1067 1590 gau-

278 1603 350 1629 dium
374 1602 448 1634 mihi,
464 1606 491 1630 et
506 1603 615 1638 quando
637 1600 791 1628 conscidisti
814 1608 919 1626 saccum
936 1607 1021 1625 meum
1043 1603 1068 1625 et
1081 1593 1102 1623 C

278 1648 474 1675 circumdedisti
499 1656 538 1674 me
559 1647 664 1678 Iustitia,
678 1653 732 1673 non
757 1645 863 1673 modica
888 1644 951 1671 inde
965 1645 1068 1671 utilitas

279 1694 396 1720 accessit
411 1703 417 1720 :
434 1701 497 1720 nam
513 1694 628 1728 pristina
645 1696 756 1726 recepta
770 1692 868 1726 gloria,
880 1699 928 1725 per
942 1698 1002 1718 eam
1019 1690 1068 1718 tibi

279 1739 396 1766 cantabo
408 1745 435 1766 et
445 1739 558 1774 psallam
569 1759 577 1771 ,
591 1746 644 1765 non
663 1746 745 1772 prava
760 1739 869 1773 quidem
889 1737 1067 1768 conscientia,

279 1786 327 1813 sed
344 1785 434 1812 ﬁdenti
455 1792 487 1811 ac
506 1792 573 1820 pura
600 1788 700 1812 mente.
724 1784 786 1811 Ideo
800 1784 848 1815 ait,
867 1783 899 1810 Ut
921 1788 1006 1810 cantet
1023 1782 1069 1809 tibi

278 1831 364 1866 gloria
380 1839 446 1863 mea,
467 1835 492 1858 et
514 1839 566 1858 non
589 1836 758 1865 compungar.
781 1829 820 1856 ita
847 1836 928 1864 porro
945 1836 1069 1863 persevc-

279 1878 346 1904 rabo
363 1885 410 1912 per
424 1884 505 1904 omne
530 1876 670 1909 saeculum,
685 1875 836 1904 conﬁtebor
862 1874 924 1906 tibi,
949 1879 977 1902 et
1002 1881 1017 1900 a
1044 1877 1070 1900 te

280 1923 345 1950 mihi
363 1930 470 1958 semper
491 1923 589 1950 collata
606 1921 737 1949 beneﬁcia
761 1920 990 1948 commemorabo.
1015 1919 1068 1945 Do-

278 1970 364 1996 minus
379 1969 466 2004 factus
480 1973 519 1996 est
536 1968 644 2003 adjutor
657 1976 738 1996 meus.
761 1967 913 1994 Notandum
931 1973 1013 2000 porro
1027 1969 1070 1992 est

279 2016 356 2046 illud,
369 2015 456 2048 [actus
467 2019 515 2047 est,
531 2021 586 2040 non
606 2021 713 2048 semper
730 2016 868 2047 acceptam
887 2011 1068 2038 substantiam

279 2060 453 2096 signiﬁcare;
477 2060 524 2087 sed
543 2060 704 2095 quandoque
725 2060 807 2086 etiam
835 2058 957 2085 habitum
972 2064 1069 2092 quem-

279 2108 353 2134 dam.
369 2106 464 2133 Sicubi
481 2105 564 2140 igitur
586 2105 612 2132 id
630 2105 664 2132 de
688 2104 829 2131 Salvatore
849 2104 967 2136 dicatur,
991 2103 1066 2129 habi-

279 2156 337 2179 tum
353 2152 386 2179 ad
401 2159 458 2178 rem
473 2151 604 2185 aliquam,
621 2159 674 2177 non
692 2149 874 2178 substantiam
897 2149 1007 2181 factam,
1030 2148 1068 2175 si-

279 2197 398 2233 gniﬁcat.
427 2196 584 2224 Convertisti
615 2196 750 2230 planctum
778 2203 864 2222 meum
888 2195 915 2220 in
941 2195 1068 2229 gaudium

280 2244 353 2271 mihi.
369 2243 426 2271 Vox
442 2244 498 2275 illa,
515 2243 635 2278 planctus
654 2242 722 2278 [sive
745 2243 831 2268 tunsio
854 2241 989 2277 pectoris],
1004 2248 1067 2268 sen-

280 2299 339 2319 sum
357 2290 492 2326 signillcat
508 2300 514 2317 :
528 2289 600 2325 quod
612 2289 654 2316 vel
667 2289 725 2323 ipsa
740 2296 769 2315 re
785 2288 950 2318 declaratur,
971 2295 1068 2314 manus

280 2338 379 2372 quippe
402 2341 495 2372 pectus
519 2335 647 2362 tundunt.
671 2333 722 2367 Qui
745 2334 827 2368 igitur
846 2334 873 2360 in
896 2333 1068 2368 propriorum

281 2387 454 2418 peccatorum
470 2389 553 2410 sensu
570 2385 706 2412 versatur,
724 2387 756 2407 ac
773 2387 821 2414 per
843 2379 998 2414 spirituales
1015 2386 1070 2405 ma-

282 2437 333 2457 nus
348 2437 409 2456 cum
433 2429 553 2456 efﬁcacia
577 2435 687 2455 sensum
709 2426 810 2454 excitat
829 2434 923 2457 suum,
940 2426 963 2453 is
979 2430 1069 2453 trans-

282 2475 351 2502 latus
376 2483 391 2501 a
417 2476 502 2506 luctu,
518 2474 659 2510 gaudium,
688 2472 806 2508 Spiritus
829 2472 916 2499 sancti
936 2471 1068 2503 fructum,

280 2520 403 2556 accipiet.
420 2520 488 2547 illud
508 2527 601 2555 porro.
621 2519 783 2550 convenisti,
799 2519 976 2545 mutationem
992 2517 1066 2544 illam

280 2576 312 2595 ex
327 2567 438 2602 planctu
450 2571 476 2593 et
490 2567 564 2593 luctu
579 2566 607 2593 in
629 2565 749 2592 laetitiam
765 2565 885 2592 declarat
899 2573 906 2598 ;
930 2563 996 2591 illud
1019 2564 1067 2591 de—

281 2621 366 2644 mum,
383 2620 433 2638 non
448 2619 616 2647 compungar,
632 2611 658 2638 id
673 2615 724 2644 est,
746 2618 800 2638 non
817 2611 926 2637 mutabo
944 2610 1069 2645 proposi-

281 2663 349 2686 tum.
364 2657 455 2686 Gloria
477 2657 523 2683 illa
538 2657 674 2684 cantatrix
691 2657 751 2692 ejus
766 2657 812 2692 qui
834 2656 874 2684 sic
894 2655 979 2683 Deum
1003 2655 1068 2682 alfa-

280 2709 336 2737 turI
356 2708 461 2731 rectum
476 2703 538 2729 vitae
563 2702 716 2729 institutum
737 2707 778 2730 est
803 2705 830 2729 et
850 2701 969 2736 cognitio
988 2708 1066 2735 pura.

282 2748 393 2776 Domine
412 2747 482 2774 Deus
507 2755 590 2779 meus,
611 2748 637 2773 in
662 2752 787 2774 arternum
808 2746 952 2781 conﬁtebor
966 2746 1021 2772 tibi.
1038 2745 1066 2773 ld

281 2799 332 2826 est,
345 2801 394 2828 pro
408 2792 536 2819 omnibus
550 2799 611 2826 quae
621 2792 794 2828 contigerint,
807 2799 861 2820 non
877 2791 957 2819 modo
971 2791 1067 2826 jucun-

320 2883 342 2900 "
362 2882 434 2911 Psal.
452 2889 540 2916 amr,
560 2883 605 2910 l8.
642 2883 665 2899 ⁹⁰
685 2882 750 2911 Luc.
771 2891 806 2917 VI,
823 2884 869 2912 2i.

1120 958 1232 994 ὕστερόν
1249 967 1314 984 ποτε
1327 958 1457 993 λεχθέντα
1473 958 1646 994 μακαρισμὸν
1664 959 1727 994 περὶ
1739 958 1793 985 τῶν
1805 957 1914 985 κλαιόν-

1118 1012 1171 1029 των
1184 1003 1230 1029 καὶ
1245 1003 1424 1034 πενθούντων,
1440 1003 1511 1030 κατὰ
1521 1003 1566 1029 τό·
1589 1003 1733 1037 Μακάριοι
1752 1004 1780 1029 al
1792 1003 1913 1030 κλαίον-

1118 1058 1177 1082 τες,
1193 1049 1236 1075 ὅτι
1254 1048 1435 1084 γελάσονται
1446 1058 1452 1065 ’
1464 1049 1511 1075 καὶ
1525 1049 1664 1084 μακάριοι
1679 1051 1706 1076 οἱ
1721 1049 1911 1084 πενθοῦντες,

1118 1096 1161 1122 ὅτι
1180 1095 1478 1128 παρακληθήσονται.
1504 1095 1544 1122 Τὰ
1561 1095 1683 1130 σύμϐολα
1703 1095 1768 1129 γοῦν
1786 1095 1834 1122 τοῦ
1849 1095 1913 1122 πέν-

1118 1140 1181 1172 θους
1205 1140 1342 1172 angam;
1361 1149 1410 1176 με,
1435 1141 1482 1168 τὸν
1507 1141 1624 1173 σάκκον,
1651 1142 1680 1168 ὲν
1704 1138 1726 1175 ᾧ
1747 1140 1912 1168 κακοπαθῶν

1119 1188 1235 1222 ἐμαυτὸν
1249 1188 1450 1224 ἐτιμωρούμην,
1469 1189 1515 1214 καὶ
1532 1187 1655 1224 ζώσματι
1679 1188 1847 1224 εὐφροσύνης
1865 1197 1912 1215 πει

1120 1234 1251 1269 ριέζωσάς
1275 1243 1318 1269 με.
1346 1235 1400 1261 Καὶ
1412 1234 1499 1261 ταῦτα
1514 1235 1601 1261 πάντα
1626 1244 1671 1270 μοι
1693 1234 1844 1270 παρέσχου,
1868 1234 1912 1261 tua

1120 1280 1157 1316 μὴ
1178 1281 1318 1315 ἀπομείνω
1341 1281 1413 1312 κόνις
1431 1281 1478 1307 καὶ
1494 1278 1558 1316 χοῦς
1582 1282 1595 1308 ὁ
1617 1282 1653 1316 μὴ
1669 1281 1911 1317 ἐξομολογούμενός

1119 1334 1171 1359 σοι,
1192 1326 1248 1352 ἀλλ’
1263 1327 1312 1353 ἵνα
1329 1326 1435 1361 pawn
1455 1335 1503 1353 σοι
1520 1328 1538 1360 ἡ
1554 1327 1628 1358 δόξα
1638 1336 1708 1362 μου.
1731 1328 1775 1354 Ἐν
1794 1327 1842 1362 μὲν
1857 1327 1911 1363 γὰρ

1118 1371 1157 1406 τῷ
1174 1372 1325 1407 καταϐῆναι
1344 1381 1377 1406 με
1394 1373 1433 1404 εἰς
1448 1372 1596 1408 διαφθορὰν
1615 1373 1727 1409 οῶδεμῑα
1742 1382 1784 1405 τις
1794 1371 1829 1408 ἦν
1840 1372 1912 1408 ὡφέ-

1118 1417 1178 1444 λεια
1191 1417 1245 1444 οὔτ’
1261 1417 1323 1452 ἐμοὶ
1335 1417 1397 1444 οὔτε
1409 1419 1521 1453 ἑτέροις.
1545 1418 1616 1452 Ἐγώ
1631 1424 1667 1444 τε·
1678 1418 1733 1454 γὰρ
1746 1417 1912 1454 ἀπεστερού-

1120 1472 1173 1498 μην
1185 1463 1234 1498 τῆς
1248 1464 1322 1499 παρὰ
1340 1463 1386 1490 σοῦ
1399 1463 1482 1498 ζωῆς,
1497 1465 1571 1491 ἄλλοι
1585 1474 1613 1491 τε
1628 1464 1753 1500 οὐδαμῶς
1766 1465 1911 1501 ἐτύγχανον

1118 1508 1168 1543 τῆς
1183 1509 1216 1535 δι’
1232 1509 1298 1545 ἐμοῦ
1316 1511 1461 1546 σωτηρίας.

1160 1555 1203 1580 ‘Ev
1218 1555 1246 1581 δὲ
1260 1555 1298 1591 τῷ
1308 1555 1509 1590 μεταϐάλλειν
1524 1564 1561 1583 σε
1576 1556 1630 1584 τὸν
1644 1557 1773 1584 narrator
1783 1566 1844 1591 μου
1868 1558 1912 1590 εις

1119 1600 1216 1634 χαρὰν
1232 1600 1307 1634 ἐμοὶ,
1326 1601 1373 1627 καὶ
1395 1603 1423 1628 ἐν
1439 1602 1478 1638 τῷ
1498 1601 1656 1636 διαρῤῆξαι
1671 1610 1708 1629 σε
1728 1603 1782 1629 τὸν
1797 1603 1913 1630 σάκκον

1116 1655 1176 1680 μου
1193 1647 1241 1673 καὶ
1258 1644 1629 1683 περιζώσαιὶύφροσύνην,
1648 1650 1697 1685 οὐχ
1712 1650 1728 1684 ή
1741 1650 1861 1685 τυχοῦσα
1873 1659 1912 1684 γε·

1119 1692 1230 1727 γένηται
1240 1693 1358 1727 ὠφέλεια
1367 1703 1373 1709 ·
1388 1694 1533 1722 ἀπολαϐὼν
1547 1695 1601 1731 γὰρ
1613 1695 1662 1731 τὴν
1679 1696 1814 1732 προτέραν
1828 1697 1913 1731 ἐμαυ-

1118 1738 1164 1764 τοῦ
1177 1738 1266 1772 δόξαν,
1283 1739 1326 1765 διὰ
1335 1740 1438 1775 ταύτης
1453 1749 1493 1767 σοι
1506 1741 1594 1775 ψαλῶ,
1603 1742 1649 1768 καὶ
1663 1741 1739 1776 ψαλῶ
1754 1743 1833 1769 octoni
1846 1743 1914 1778 μετά

1118 1792 1190 1815 τινος
1205 1784 1311 1819 φαύλης
1328 1786 1518 1822 συνειδήσεως,
1534 1787 1601 1814 ἀλλὰ
1630 1788 1700 1823 μετὰ
1723 1790 1914 1824 πεπαρῤησια-

1120 1829 1222 1864 σμένης
1238 1830 1284 1856 καὶ
1302 1830 1425 1866 καθαρᾶς
1449 1831 1577 1864 διανοίας.
1594 1834 1639 1860 Διό
1652 1842 1748 1868 φησιν·
1766 1835 1861 1867 Ὅπως
1876 1834 1914 1860 ἂν

1118 1875 1224 1910 pultm
1251 1884 1300 1903 σοι
1324 1877 1343 1910 ἠ
1364 1877 1440 1909 δόξα
1464 1887 1535 1912 μου,
1558 1878 1607 1905 καὶ
1628 1880 1664 1905 οὐ
1683 1879 1726 1913 μὴ
1746 1880 1912 1914 κατανυτὼ.

1119 1921 1197 1947 Οὖτιν)
1211 1931 1239 1948 τε
1252 1922 1399 1949 διατελέσω
1415 1924 1456 1954 εἰς
1469 1924 1516 1950 τὸν
1533 1923 1680 1959 σύμπαντα
1696 1924 1798 1956 αἰῶνας
1817 1924 1913 1960 ἐξομο-

1119 1965 1279 2002 λογούμενος
1296 1976 1352 1999 σοι,
1374 1968 1421 1994 καὶ
1439 1969 1489 1999 τὰς
1506 1968 1555 2000 σὰς
1575 1968 1619 1995 διὰ
1637 1969 1736 2001 παντὸς
1753 1970 1913 2004 εὐεργεσίας

1119 2013 1168 2044 τὰς
1183 2014 1222 2042 εἰς
1238 2013 1287 2047 ἐμὲ
1301 2013 1416 2044 διεξιών.
1434 2014 1542 2047 Κύριος
1564 2014 1691 2048 ἐγενήθη
1709 2015 1825 2048 ,ϐοηθός
1840 2024 1911 2049 μου.

1119 2058 1301 2093 Σημειωτὲον,
1331 2059 1372 2085 ὃτι
1397 2058 1436 2090 τὸ,
1465 2058 1603 2093 ἐγενήθη,
1630 2059 1681 2085 οὐκ
1711 2059 1754 2085 ἀεὶ
1785 2060 1913 2086 οὑσίωσιν

1120 2103 1256 2138 σημαίνει·
1267 2103 1324 2129 ἀλλ’
1339 2103 1394 2129 ἔσθ’
1409 2104 1452 2129 ὅτε
1468 2104 1515 2130 καὶ
1529 2104 1596 2139 πρός
1610 2112 1669 2130 τινα
1685 2104 1786 2139 σχέσιν.
1803 2104 1838 2130 E!’
1847 2113 1912 2131 ποτε

1119 2147 1165 2174 οὖν
1193 2150 1240 2175 καὶ
1263 2150 1309 2175 ἐπὶ
1333 2149 1379 2175 τοῦ
1400 2149 1526 2186 Σωτῆρος
1555 2149 1665 2185 τοιαύτη
1694 2151 1799 2184 γένοιτο
1824 2151 1911 2186 φωνὴ,

1121 2195 1213 2229 σχέσιν
1225 2195 1293 2231 πρός
1309 2204 1334 2221 τι
1354 2196 1400 2221 καὶ
1417 2196 1476 2230 ούχὶ
1493 2196 1620 2222 οὑσὶωσιν
1639 2196 1774 2231 σημαίνει.
1793 2197 1914 2230 Ἕστρε-

1119 2243 1181 2275 ψας
1198 2240 1250 2267 τὸν
1269 2243 1398 2267 κυπετόν
1415 2250 1475 2275 μου
1491 2242 1535 2274 εῘς
1556 2241 1653 2276 χαρὰν
1672 2241 1746 2276 ἐμοι.
1766 2242 1809 2275 'H,
1825 2249 1913 2270 κοπε-

1121 2288 1186 2320 τὸς,
1201 2287 1276 2322 φωνὴ
1286 2307 1293 2318 ,
1308 2288 1358 2322 τὴν
1376 2287 1550 2323 συναὶσθησιν
1575 2287 1713 2323 σημαίνει,
1729 2289 1767 2319 ὼς
1781 2288 1829 2314 καὶ
1843 2289 1913 2324 αὐτῆ

1121 2334 1137 2368 ἡ
1157 2333 1255 2369 πρᾶξις
1270 2333 1433 2368 παρίστησι,
1448 2333 1501 2360 τῶν
1519 2333 1617 2369 χειρῶν
1633 2333 1665 2360 τὸ
1681 2334 1778 2369 στῆθος
1798 2341 1913 2360 κοπτού-

1122 2379 1185 2405 σῶν.
1226 2379 1254 2405 '0
1284 2377 1329 2405 οὖν
1354 2379 1383 2405 ὲν
1409 2379 1583 2415 συναισθήσει
1610 2380 1681 2406 ἰδίων
1706 2381 1914 2415 ἁμαρτημάτων

1120 2424 1250 2459 γεγονὼς,
1273 2425 1320 2451 καὶ
1337 2425 1521 2460 ὲνεργητικῶς
1543 2425 1587 2452 διὰ
1601 2425 1701 2461 χειρῶν
1719 2427 1913 2461 πνευματικῶν

1120 2470 1168 2506 τὴν
1187 2470 1312 2505 αἴσθησιν
1337 2470 1419 2497 αὑτοῦ
1435 2470 1589 2507 διεγείρας,
1612 2471 1772 2506 μεταϐαλὼν
1793 2472 1847 2498 ἀπὸ
1865 2471 1912 2498 τοῦ

1117 2515 1310 2551 ὀλοφύρεσθαι,
1329 2515 1416 2550 χαρὰν
1429 2516 1474 2542 τὸν
1487 2517 1592 2552 καρπὺν
1611 2517 1658 2543 τοῦ
1673 2517 1831 2552 meeum;
1847 2518 1913 2544 ἀνα-

1117 2561 1240 2596 λήψεται.
1258 2560 1305 2592 Τὸ,
1323 2560 1489 2595 ἓστρεψιις,
1517 2562 1592 2597 δηλοί
1609 2562 1658 2598 τὴν
1675 2564 1707 2589 ἐκ
1737 2562 1785 2589 τοῦ
1809 2563 1912 2589 κόπτε-

1122 2608 1182 2634 σθαι
1207 2608 1254 2634 καὶ
1278 2608 1420 2635 λυπεῖσθαι
1435 2609 1474 2640 εἰς
1503 2609 1590 2644 χαρὰν
1616 2609 1783 2645 μεταϐολὴνο
1811 2610 1847 2636 τὸ
1871 2609 1912 2640 δὲ,

1119 2656 1155 2682 οὐ
1165 2655 1207 2689 μὴ
1224 2655 1396 2690 κατανυγῶ,
1414 2656 1444 2681 οὐ
1467 2655 1504 2691 μὴ
1533 2655 1673 2691 μεταγνῶ,
1693 2656 1769 2690 φησι.
1795 2655 1866 2688 Δόξα
1885 2656 1913 2682 δὲ

1120 2701 1258 2735 ψάλλουσα
1270 2700 1317 2727 τοῦ
1333 2701 1420 2728 ταῦτα
1434 2701 1559 2736 λέγοντος
1572 2702 1612 2737 τῷ
1624 2702 1768 2737 Θεῷ,ὀρθὴ
1789 2702 1912 2728 πολιτεέα

1121 2747 1167 2772 καὶ
1179 2746 1278 2780 γνῶσίς
1294 2748 1368 2772 ἐστιν
1384 2747 1542 2783 εἰλικρινής.
1556 2748 1644 2782 Κίφιε
1667 2749 1684 2774 ὁ
1700 2748 1771 2780 Θεός
1781 2756 1851 2781 μου,
1868 2747 1911 2779 εις

1122 2793 1174 2819 τὸν
1187 2791 1278 2820 αἰῶνα
1290 2793 1551 2829 ἐξομολογήσομαι
1563 2801 1612 2820 σοι
1622 2803 1628 2809 ·
1644 2794 1705 2820 ἀντὶ
1715 2793 1772 2826 τοῦ,
1783 2793 1830 2819 ἐπὶ
1843 2792 1910 2820 πᾶσι

907 2884 929 2901 ⁸⁸
950 2883 1046 2911 Matth.
1068 2891 1098 2916 v,
1115 2883 1140 2910 5.
