2056 3214
132 211 188 239 965

701 210 951 243 COMMENTARIA
970 215 1003 243 IN
1023 215 1192 246 PSALMOS.
1252 201 1279 228 ³³
1292 190 1307 215 ο

1705 219 1758 249 εοσ

130 271 188 302 τοῖς
201 269 405 306 συμϐαίνουσιν,
420 272 450 298 οὒ
465 272 612 309 προσηνέσι
627 273 717 308 μόνον,
732 274 800 302 ἀλλὰ
812 275 859 302 καὶ
875 276 917 302 ἐπὶ

972 276 1015 305 dis
1026 276 1119 312 rebus,
1134 277 1182 306 sed
1197 277 1278 305 etiam
1293 285 1343 314 pro
1354 277 1504 312 laboribus,
1519 280 1620 316 gratias
1630 280 1680 308 tibi
1696 288 1757 316 ago,

129 316 232 348 πόνοις,
251 316 402 352 εὐχαριστῶ
416 327 466 350 σοι,
481 318 611 346 Δέσποτα.

129 374 185 401 ΕΙΣ
210 374 254 400 ΤΟ
280 374 391 401 ΤΕΛΟΣ
415 375 561 402 ΨΑΛΜΟΣ
587 377 632 411 ΤΩ
660 374 769 411 ΔΑΥΙΔ,
795 376 923 406 ΕΚΣΤΑ-

466 411 550 437 ΣΕΩΣ
566 409 606 438 Λ’.

164 451 234 481 οὔτε
254 455 283 481 ὲν
296 456 328 491 τῇ
349 455 482 491 Ἐϐραίων
499 457 604 493 Γραφῇ,
619 457 681 484 οὔτε
702 459 777 495 παρὰ
793 460 849 492 τοῖς
865 459 921 487 λοι-

128 502 190 532 ποῖς
203 498 385 537 ἑρμηνευταῐς
399 503 415 537 ἡ
431 501 578 539 προγραφὴ
595 503 725 539 περιέχει,
737 500 918 539 ἐκστάσεως.

127 546 241 581 Μήποτε
260 546 288 573 δὲ
308 547 352 573 διὰ
367 546 398 574 τὸ
417 546 579 584 ἐκφέρεσθαι
604 548 643 584 τῷ
666 549 780 585 ψαλμῷ·
804 551 874 585 Ἐγὼ
885 550 920 577 δὲ

127 590 197 620 εἶπα
209 594 245 619 ἐν
257 592 296 628 τῇ
311 593 453 621 ἐκστάσει
461 603 536 629 μου·
555 594 738 631 Ἆπέρῤιμμαι
753 594 812 624 ἀπὸ
826 603 919 631 προσ-

126 638 209 666 ώπου
219 639 279 666 τῶν
292 635 452 676 ὀφθαλμῶν
462 650 530 674 σου,
541 640 590 678 τὴν
601 642 760 679 προσθήκην
774 653 816 677 τις
826 645 920 681 ἐποιή-

128 692 194 712 σατο
216 687 247 713 ὲν
269 688 302 722 τῇ
325 689 471 724 προγραφῇ
491 689 532 720 είς
547 688 593 716 τὸν
605 689 699 725 καιρὸν
714 690 775 718 καθ’
787 688 816 718 ὃν
832 692 862 718 ὲν
873 692 919 718 ὲκ-

127 731 221 758 στάσει
235 731 380 766 γενόμενος
387 730 462 759 εἶπεν
470 742 476 748 ·
492 733 677 769 Ἀπέρῤιμμαι
689 731 746 762 ἀπὸ
756 736 918 771 προσώπου

126 786 188 803 των
208 778 369 813 ὀφθαλμῶν
385 786 453 811 σου,
468 770 679 816 ἀναπέμψαςίτὰ
691 770 864 819 ἐμφερόμενα
879 784 918 819 τῷ

126 821 215 858 λόγως
233 823 305 860 Πλὴν
319 825 376 851 ἀλλ’
388 825 427 857 εἰς
438 825 469 852 τὸ
480 825 556 858 τέλος
569 827 632 859 τοὺς
647 829 859 863 ἐντυγχάνοντας
868 839 918 857 παι

127 868 268 905 ραπέμπει
280 871 328 897 καὶ
344 871 360 906 ή
373 867 498 907 παροῦσα
520 873 676 909 προγραφὴ,
691 872 749 909 ἦτοι
765 874 810 902 διὰ
823 875 857 902 τὰ
871 884 917 903 τε-

125 911 247 946 λευταῖα,
264 915 294 943 ὲν
307 913 348 948 οἷς
361 916 521 952 παραίνεσιν
538 916 755 955 ἀναγκαιοτάτην
768 920 915 958 περιέχειή

976 322 1098 351 Domine.

976 378 1002 408 1.
1031 379 1063 407 IN
1093 377 1200 408 FINEM
1209 379 1504 443 PSALMyngAVID,
1523 380 1592 410 PRO
1609 380 1757 410 EXSTASI

1008 460 1101 498 Neque
1124 463 1152 490 in
1167 459 1300 491 Hebraica
1320 462 1472 498 Scriptura.
1488 470 1578 498 neque
1596 463 1624 490 in
1644 462 1757 498 reliquis

973 507 1180 544 interpretibus,
1203 507 1346 542 inscriptio
1361 507 1425 534 illud
1441 506 1561 542 praefert,
1580 514 1627 539 pro
1646 507 1756 534 exstari.

972 552 1042 582 Num
1066 554 1136 583 forte
1155 554 1219 590 quia
1245 554 1312 582 illud
1337 554 1364 581 in
1384 554 1489 589 psalmo
1508 554 1531 570 "
1548 553 1679 581 effertur:
1701 553 1756 588 Ego

973 606 1059 629 autent
1074 601 1131 629 dixi
1152 599 1181 629 in
1200 601 1300 629 exstas!
1317 601 1412 628 mentis
1433 608 1498 628 mete
1512 608 1522 628 :
1542 600 1680 635 Projectus
1698 597 1753 627 sum

973 656 989 674 a
1001 641 1069 682 ficia
1084 643 1219 674 o'cularum
1234 651 1352 679 tuorum,
1369 646 1486 682 idipsum
1500 646 1636 682 quispiam
1659 646 1753 674 inscri-

971 694 1056 729 ptioni
1068 693 1212 726 addiderit.
1229 693 1262 721 ad
1278 698 1386 728 tempus
1397 693 1464 720 illud
1480 693 1507 720 id
1518 692 1650 724 referens,
1661 700 1716 727 quo
1729 692 1754 719 in

972 738 1075 766 exstusi
1091 738 1196 773 positus
1209 738 1279 765 dixit
1294 747 1300 765 :
1314 735 1453 773 Projectus
1468 745 1527 764 sum
1548 746 1564 764 a
1579 737 1647 769 facie
1662 737 1751 764 oculo-

971 792 1031 811 rum
1046 789 1149 812 tuorum
1160 784 1315 813 ?Ca:terum
1330 791 1451 820 praesens
1468 784 1611 819 inscriptio
1627 784 1754 812 lectorem

972 829 1005 856 ad
1022 829 1102 856 ﬁnem
1117 830 1242 862 remittit.
1258 831 1315 859 sive
1330 834 1440 866 propter
1453 838 1485 858 ea
1499 838 1559 865 quae
1569 838 1665 858 versus
1675 830 1754 857 finem

971 876 1111 907 dicuntur,
1126 875 1172 903 ubi
1187 884 1235 910 per
1252 876 1436 904 necessariam
1451 875 1664 903 admonitionem
1679 875 1755 903 affert

970 921 1015 949 his
1030 921 1129 948 verbis:
1138 921 1246 957 Diligite
1254 922 1407 954 Dominum,
1416 930 1505 952 omnes
1518 922 1604 949 sancti
1612 922 1680 956 ejus,
1689 929 1754 956 quo-

124 961 256 998 λέγουσα·
279 963 462 998 Ἀγαπήσατε
476 964 530 991 τὸν
545 965 656 999 Κύριον
668 966 779 1000 πάντες
793 969 820 994 οὶ
840 968 917 996 ὅσιοι

969 967 1041 994 niam
1052 967 1173 994 veritates
1188 967 1296 1002 requirit
1309 967 1447 1000 Dominus,
1460 972 1487 995 et
1497 971 1594 995 caetera
1605 976 1612 1001 ;
1625 968 1681 995 sive
1692 967 1754 1002 quia

124 1011 219 1038 αὑτοῦ
232 1031 240 1042 ,
268 1010 314 1037 ὅτι
338 1011 480 1045 ἀληθείας
502 1008 661 1046 ἐκζητεῖται
680 1014 797 1048 Κύριος,
819 1014 866 1042 καὶ
887 1016 922 1044 τὰ

125 1053 205 1091 ἑξῆς·
221 1055 238 1092 ἢ
259 1056 303 1083 διὰ
326 1054 357 1083 τὸ
373 1054 555 1093 προφητεύειν
569 1057 631 1085 τινὰ
645 1058 708 1094 περὶ
724 1059 778 1087 τῶν
802 1060 874 1088 κατὰ
891 1059 922 1088 τὸ

125 1101 212 1133 πάθος
233 1100 281 1127 τοῦ
305 1102 431 1138 Σωτῆρος
453 1102 670 1138 πεπραγμένωνε
693 1104 711 1131 a
734 1105 766 1140 δὴ
779 1105 920 1140 γίγνεσθαι

123 1147 242 1183 ἦμελλεν
254 1148 302 1174 ἐπὶ
317 1148 457 1184 συντελείᾳ
471 1146 518 1175 τοῦ
536 1149 642 1181 αἰῶνος.
651 1147 720 1176 Ἀλλ’
735 1151 797 1178 ἐπεὶ
813 1152 860 1178 καὶ
872 1152 920 1179 τοῦ

124 1192 205 1219 Δαυῒδ
226 1192 338 1224 ἐλπίδας
359 1193 511 1228 ὑπογράφει
538 1192 644 1227 ἀγαθὰς
664 1195 678 1221 ὁ
699 1193 788 1229 λόγος,
819 1196 918 1228 αἵτινες

124 1239 242 1274 ἤμελλον
254 1238 329 1274 αὐτῷ
350 1238 390 1270 εῑς
413 1238 458 1265 τὸν
484 1236 614 1274 μέλλοντα
629 1237 724 1274 χρόνον
735 1239 916 1274 ἀποδίδοσθαι,

123 1284 236 1316 εἰκότως
253 1285 292 1316 είς
308 1282 337 1310 τὸ
352 1283 429 1315 τέλος
443 1283 600 1319 ἀναπέμπει
613 1284 663 1320 τὴν
680 1286 849 1321 προγραφὴν.
865 1287 918 1313 Πε-

125 1329 209 1365 ριέχει
233 1329 262 1356 δὲ
288 1330 302 1357 ὸ
327 1330 381 1361 πᾶς
402 1329 543 1365 ἱκετηρίαν
564 1329 611 1356 τοῦ
632 1330 722 1363 Δαυῖδ,
740 1331 799 1357 ὅλον
823 1331 917 1358 ἑαυτὸν

970 1013 1101 1040 nonnulla
1115 1013 1280 1041 vaticinatur
1292 1021 1352 1049 qua:
1370 1017 1491 1048 tempore
1505 1013 1642 1048 passionis
1661 1012 1754 1040 Salva-

970 1058 1038 1086 toris
1049 1057 1138 1085 nostri
1152 1061 1228 1093 gesta
1247 1061 1322 1090 sunt,
1335 1065 1451 1093 quaeque
1474 1058 1503 1085 in
1520 1058 1754 1086 consummatione

969 1104 1062 1132 saeculi
1077 1108 1191 1132 ventura
1202 1108 1291 1132 erant.
1306 1103 1359 1132 Sed
1374 1104 1503 1139 quoniam
1518 1103 1589 1131 bona
1603 1103 1648 1131 hic
1659 1102 1754 1132 Davidi

969 1157 1032 1185 spes
1047 1149 1249 1182 subindicatur,
1265 1158 1325 1185 qua
1339 1150 1392 1186 ipsi
1409 1150 1437 1177 in
1451 1150 1545 1178 futuro
1558 1152 1682 1185 tempore
1700 1149 1754 1176 im-

971 1197 1068 1232 plenda
1084 1200 1162 1229 erat,
1181 1196 1243 1232 jure
1262 1197 1468 1232 inscriptionem
1485 1196 1513 1224 in
1533 1196 1612 1224 finem
1630 1196 1753 1224 remittit.

971 1241 1055 1270 Totus
1067 1250 1135 1270 vero
1155 1242 1278 1278 psalmus
1295 1241 1406 1270 Davidis
1426 1242 1653 1278 supplicationem
1677 1249 1754 1269 com-

971 1288 1100 1323 plectitur
1111 1288 1160 1325 qui
1175 1296 1236 1316 sese
1249 1293 1335 1316 totum
1352 1288 1407 1316 Deo
1425 1286 1606 1320 concredidit,
1624 1292 1754 1323 rogatque

971 1337 1001 1360 ut
1017 1342 1051 1362 ne
1068 1342 1116 1370 spe
1129 1335 1245 1363 labatur.

123 1376 326 1411 ἀναρτήσαντος
338 1375 384 1402 τοῦ
398 1374 477 1406 Θεοῦ,
494 1375 541 1401 καὶ
559 1375 713 1411 παρακαλεῖ
733 1377 769 1412 μὴ
786 1377 912 1404 ἐκπεσεῖν
925 1378 976 1414 τῆς
989 1379 1105 1413 ἐλπίδος.

165 1422 229 1449 Ἐπὶ
253 1421 314 1454 σοὶ,
334 1421 433 1456 Κύριε,
449 1420 578 1455 ἤλπισα,
600 1421 643 1456 μὴ
665 1423 917 1457 καταισχυνθείην

1004 1426 1087 1455 Vens.
1102 1426 1163 1454 2-4.
1191 1427 1226 1455 In
1241 1433 1275 1458 te.
1292 1424 1413 1459 Domine,
1427 1425 1541 1461 speravi,
1567 1426 1630 1454 non‘
1644 1425 1753 1458 confan-

123 1469 166 1502 εις
181 1468 236 1496 τὸν
254 1464 363 1495 αἰῶνα·
386 1469 422 1495 ἐν
436 1468 474 1504 τῇ
493 1469 670 1502 δικαιοσύνῃ
688 1475 746 1495 σου
764 1468 859 1502 ῥῦσαί
877 1477 917 1504 με

968 1473 1018 1500 dar
1034 1474 1061 1500 in
1077 1478 1204 1501 attentum
1223 1481 1232 1501 :
1251 1474 1278 1500 in
1290 1473 1399 1508 justitia
1421 1477 1466 1499 tua
1487 1471 1569 1499 libera
1583 1480 1633 1499 me.
1649 1471 1754 1498 Inclina

123 1514 174 1541 καὶ
185 1511 295 1546 ἐξελοῦ
306 1521 354 1548 με.
375 1513 487 1541 [miror
502 1513 579 1548 πρὸς
593 1513 632 1548 μὲ
646 1512 679 1540 τὸ
699 1510 754 1546 οὖς
776 1521 845 1546 σου,
865 1513 916 1540 τά·

969 1519 1003 1546 ad
1017 1527 1058 1546 me
1074 1526 1164 1546 aurem
1181 1523 1254 1546 tuam
1266 1538 1273 1551 ,
1297 1517 1415 1545 accelera
1429 1522 1458 1544 ut
1474 1525 1552 1544 eruas
1569 1525 1619 1544 me.
1637 1515 1754 1543 Etiamsl

124 1567 222 1594 zvror
235 1559 290 1587 τοῦ
304 1559 461 1591 ἐξελέσθαι
476 1568 524 1594 με.
540 1559 634 1595 Πολλῷ
649 1568 679 1586 τε
702 1559 807 1595 πλούτῳ
822 1560 917 1596 περιρ-

969 1565 1062 1593 multis
1076 1565 1178 1593 divitiis
1193 1564 1325 1596 afﬂueret,
1338 1568 1366 1592 et
1379 1563 1500 1590 victoriis
1510 1570 1578 1597 quas
1587 1562 1620 1590 de
1634 1561 1754 1590 inimicis

125 1606 264 1644 ῥεόμενος,
282 1607 306 1633 εί
321 1606 367 1633 καὶ
383 1606 470 1638 νίκαις
483 1607 541 1638 ταῖς
555 1607 615 1632 κατ’
627 1606 731 1642 ἐχθρῶν
746 1606 917 1642 ἑκόμα,ἀλλὰ

970 1614 1166 1645 reportaverat,
1188 1615 1351 1641 ornaretur,
1375 1609 1443 1636 nihil
1457 1616 1551 1637 eorum
1565 1608 1599 1635 ad
1620 1608 1753 1636 securita-

123 1652 228 1680 τούτων
239 1651 314 1679 οὐδὲν
327 1651 395 1688 πρὸς
408 1652 556 1686 ἀσφάλειαν
567 1661 598 1679 συ
603 1652 763 1688 μϐαλεῖσθαι
774 1652 847 1687 αὐτῷ
858 1651 918 1679 ἐπέ-

125 1707 234 1732 πειστο,
249 1696 330 1734 μόνην
342 1698 370 1725 δὲ
386 1698 435 1734 τὴν
451 1699 496 1725 ἐπὶ
511 1699 612 1734 Κύριον
626 1698 721 1725 ἐλπίδα
731 1705 737 1713 ·
755 1698 804 1725 διδ.
813 1698 917 1725 ἱκέτευε

125 1744 232 1779 ταύτης
245 1745 347 1780 μήποτε
362 1746 489 1772 ὲκπεσεῖν
499 1754 505 1760 ·
522 1745 590 1772 ἀλλὰ
603 1745 649 1772 καὶ
663 1745 737 1781 ἡμᾶς
752 1745 874 1772 ἐδίδασκε
883 1745 918 1772 τὰ

125 1791 209 1827 ὃμοια
226 1791 300 1826 αὐτῷ
315 1788 462 1827 ζηλοῦντας
486 1791 534 1818 καὶ
551 1792 658 1827 φρονεῖν
674 1791 721 1818 καὶ
737 1784 835 1825 λέγειν.
845 1791 918 1818 Ἀντὶ

124 1837 164 1869 δὲ,
179 1836 214 1864 ἐν
224 1837 262 1871 τῇ
276 1837 452 1872 δικαιοσύνῃ
467 1844 535 1864 σου·
551 1838 585 1864 ἐν
596 1833 633 1872 τῇ
648 1838 838 1873 ἐλεημοσύνη
847 1844 916 1870 σου,

124 1884 139 1910 ό
152 1882 300 1918 Σύμμαχος
322 1882 447 1916 ἐξέδωκε.
463 1883 559 1910 ιἐνοῦ
573 1892 623 1918 μοι
646 1885 690 1916 εἰς
713 1884 787 1911 Θεὸν
806 1886 917 1920 ὑπερα-

124 1929 270 1964 σπιστὴν,
286 1930 336 1957 καὶ
351 1931 395 1963 εἰς
409 1928 494 1957 οἷκον
510 1930 686 1966 καταφυγῆς
696 1932 749 1958 τοῦ
758 1931 858 1959 σῶσαί
867 1941 915 1967 με.

126 1976 184 2002 Ὅτι
198 1975 368 2011 κραταίωμά
382 1985 442 2011 μου
455 1976 504 2003 καὶ
517 1976 674 2012 καταφυγή
688 1986 747 2011 μου
762 1974 792 2004 εἴ
801 1976 852 2010 σὺ,
867 1978 918 2005 καὶ

124 2020 228 2047 ἕνεκεν
241 2020 295 2047 τοῦ
313 2021 459 2055 ὀνόματός
475 2028 534 2048 σου
549 2020 711 2056 όδηγήσεις
730 2031 769 2057 με
790 2023 839 2050 καὶ
853 2023 917 2050 δια-

125 2066 245 2101 θρέψεις
264 2074 313 2102 με.
329 2066 422 2094 Ταῦτα
442 2065 489 2094 καὶ
514 2067 543 2094 ὲν
566 2067 605 2102 τῷ
618 2062 843 2104 ἑπτακαιδεκάτῳ
856 2066 917 2096 εἷπε

167 2159 300 2193 Ἑξιὶξεις
318 2168 357 2195 με
378 2159 412 2186 ὲκ
435 2160 562 2195 παγίδος
581 2160 703 2195 ταύτης,
724 2158 762 2197 ἧς
778 2159 917 2196 ἕκρυψάν

123 2212 183 2239 μοι,
204 2204 249 2231 ὅτι
270 2204 312 2231 σὺ
331 2204 359 2231 εί
378 2206 394 2231 ὁ
409 2204 639 2239 ὑπερασπιστὴς
656 2213 726 2239 μου,
747 2206 845 2239 Κύριε.
865 2207 917 2240 Εἰς

124 2250 227 2286 χεῷἀς
249 2256 308 2278 σου
329 2251 539 2286 παραθήσομαι
562 2251 593 2278 τὸ
613 2248 828 2286 πνεῦμάμου·
845 2252 916 2279 ἐλυ-

968 1661 1023 1685 tem
1039 1657 1090 1685 sibi
1111 1656 1247 1690 conferre,
1265 1664 1402 1691 unamque
1421 1656 1448 1682 in
1475 1655 1620 1683 Dominum
1637 1662 1711 1690 spem
1726 1655 1754 1682 id

967 1706 1099 1738 praestare
1123 1710 1226 1738 posse,
1252 1702 1450 1730 arbitrabatur.
1474 1700 1564 1734 Quare
1580 1700 1754 1735 supplicabat

969 1753 999 1776 ut
1011 1755 1153 1784 nunquam
1167 1748 1202 1776 ab
1222 1755 1254 1776 ea
1271 1747 1409 1775 decideret
1430 1754 1437 1773 :
1459 1746 1506 1774 sed
1520 1754 1570 1774 nos
1585 1753 1694 1781 quoque
1710 1746 1753 1773 in-

968 1794 1099 1823 stituebat
1115 1798 1144 1822 ut
1156 1795 1232 1830 paria
1247 1797 1413 1830 quaerentes,
1429 1793 1523 1820 eadem
1541 1800 1602 1828 quae
1618 1793 1677 1828 ipse
1690 1800 1753 1820 sen-

968 1841 1083 1868 tiremus
1102 1848 1134 1868 ac
1148 1840 1333 1875 loqueremur.
1357 1839 1429 1867 Loco
1449 1843 1540 1866 autem
1563 1838 1646 1869 illius,
1668 1839 1695 1864 in
1706 1838 1755 1872 ju-

967 1887 1042 1914 stitia
1068 1891 1132 1918 tua,
1168 1885 1360 1922 Symmachus,
1375 1886 1403 1912 in
1424 1884 1605 1912 misericordia
1625 1889 1681 1916 tua,
1694 1884 1754 1912 edi‘

967 1933 1017 1960 dit.
1035 1932 1099 1960 Esto
1123 1932 1188 1959 mihi
1215 1931 1241 1960 in
1260 1932 1344 1959 Deum
1366 1936 1539 1967 protectorem
1560 1935 1585 1958 et
1605 1930 1632 1957 in
1646 1930 1754 1957 domum

967 1978 1071 2014 refugii,
1086 1983 1115 2004 ut
1126 1977 1228 2005 salvum
1241 1985 1281 2003 me
1294 1977 1390 2012 facias.
1406 1976 1538 2011 Quoniam
1552 1974 1682 2010 fortitudo
1696 1982 1754 2001 mea

966 2030 991 2051 et
1006 2024 1135 2059 refugium
1157 2030 1243 2050 meum
1264 2031 1292 2050 es
1313 2027 1358 2056 tu,
1383 2027 1408 2050 et
1432 2028 1535 2058 propter
1560 2030 1653 2049 nomen
1679 2026 1754 2047 tuum

966 2070 1076 2098 deducas
1091 2077 1132 2097 me
1145 2074 1170 2097 et
1185 2069 1299 2097 enutries
1316 2077 1366 2096 me.
1384 2068 1447 2096 Haec
1468 2069 1496 2097 in
1515 2069 1631 2104 septimo
1647 2067 1754 2096 decimo

967 2123 1076 2152 qu0que
1091 2115 1198 2151 psalmo
1211 2115 1328 2142 dixerat.

1002 2162 1086 2190 Vens.
1101 2162 1129 2194 5,
1142 2162 1168 2190 6.
1185 2161 1287 2189 Educet
1300 2169 1340 2189 me
1352 2160 1384 2188 de
1396 2161 1487 2197 laqueo
1499 2160 1546 2187 hoc
1557 2168 1631 2196 quem
1643 2159 1755 2187 abscon-

966 2208 1061 2236 derunt
1078 2209 1152 2242 mihi,
1167 2209 1292 2244 quoniam
1313 2212 1340 2234 tu
1356 2216 1382 2234 es
1396 2212 1527 2242 protector
1540 2214 1624 2234 meus.
1640 2205 1673 2233 In
1696 2214 1754 2232 ma-

967 2263 1015 2282 nus
1030 2260 1088 2282 luas
1102 2254 1288 2282 commendabo
1302 2254 1425 2289 spiritum
1437 2261 1522 2280 meum
1535 2260 1543 2279 :
1555 2251 1689 2279 redemisti
1701 2259 1752 2283 me,

123 2296 227 2331 τρώσω
249 2304 298 2331 με,
313 2297 402 2331 Κύριε
427 2298 444 2324 d
470 2297 542 2330 Θεὸς
569 2296 624 2331 τῆς
647 2296 855 2331 (Undalum-0E3
878 2294 915 2325 ὧν

968 2301 1080 2328 Domine
1091 2300 1162 2328 Deus
1176 2300 1304 2328 ueritatis,
1322 2300 1361 2327 Ex
1376 2300 1410 2327 iis
1425 2307 1486 2335 qua:
1502 2299 1559 2334 jam
1574 2298 1639 2325 olim
1655 2305 1753 2332 exper—

125 2343 274 2379 ὲπειράθην
296 2343 380 2370 πάλαι
402 2340 543 2379 πρότερον,
561 2344 724 2379 πέπεισμαι,
739 2344 780 2370 ὅτι
802 2343 849 2370 καὶ
868 2343 916 2371 νῦν

123 2389 229 2423 ἐξάξεις
241 2397 275 2424 με
291 2390 323 2416 ὲκ
338 2389 428 2425 πάσης
440 2389 551 2424 παγίδος
561 2390 610 2425 τῆς
623 2390 676 2416 ὑπὸ
688 2390 742 2417 τῶν
753 2389 798 2426 exe
804 2389 856 2426 ρῶν
871 2399 915 2426 μοι

123 2434 486 2470 κατασκευαζομένης.Ἕως
506 2436 561 2472 γὰρ
582 2437 611 2462 ὲν
632 2435 671 2471 τῷ
692 2435 741 2471 βίῳ
762 2435 802 2471 τῷ
826 2436 915 2472 θνητῷ

122 2483 259 2518 τυγχάνω,
274 2481 333 2510 οἶδα
358 2480 573 2519 πολεμούμενος
599 2483 647 2510 καὶ
676 2482 772 2519 μέχρις
797 2483 916 2519 ἐσχάτης

123 2528 262 2564 ἀναπνοῆς
273 2529 301 2555 ὲν
313 2527 417 2564 ἀγωνίᾳ
428 2526 562 2564 κατέστην
572 2528 619 2556 καὶ
632 2528 676 2555 διὰ
685 2528 733 2560 τὰς
745 2527 799 2554 τῶν
810 2527 915 2564 ἐχθρῶν

124 2573 280 2606 ἐπιϐουλάς.
291 2573 370 2602 Ἀλλὰ
381 2574 543 2610 πέπεισμαι,
556 2575 597 2602 ὅτι
622 2574 669 2602 ἐπὶ
693 2575 734 2602 σοὶ
758 2575 914 2610 ἀναρτήσας

122 2619 173 2654 τὴν
198 2619 318 2655 ὲμαυτοῦ
341 2619 446 2652 ἐλπίδα,
470 2619 501 2646 οὒ
528 2619 798 2655 καταισχυνθήσομαι
815 2620 855 2652 εἰς
869 2619 914 2646 τὸν

123 2664 220 2691 αἰῶνα.
237 2664 303 2691 Θεὸν
319 2663 348 2691 δὲ
368 2663 497 2699 ἀληθείας
519 2664 655 2700 εὐκαίρως
677 2664 725 2690 καὶ
742 2663 915 2698 καταλλήλως

122 2710 181 2741 τοῖς
195 2708 353 2744 λεγομένοις
366 2708 522 2746 ὠνόμασεν⁴
535 2709 567 2736 οὑ
580 2708 633 2744 γὰρ
648 2708 706 2735 ἔστι
721 2708 914 2745 διαψευσθῆναι

122 2755 169 2783 τὸν
183 2756 230 2782 ἐπὶ
247 2755 277 2782 σὲ
286 2755 426 2791 ,ὴλπικότα
437 2774 445 2788 ,
459 2755 521 2782 οὐδὲ
529 2755 576 2782 τὸν
588 2755 635 2783 ἐπὶ
649 2755 709 2786 ταῖς
725 2755 784 2786 σαῖς
794 2755 912 2788 ἐπαγγε-

123 2800 195 2834 λίαις
211 2803 426 2829 πεπιστευκότα.

165 2848 328 2883 Ἐμίσησας
345 2848 416 2881 τοὺς
432 2848 700 2883 ὃιαφυλάσσοντας
715 2846 914 2881 ματαιότητος

124 2891 276 2928 διακενῆς.
286 2893 359 2928 Ἐγὼ
379 2894 413 2922 δὲ
434 2894 482 2921 ἐπὶ
502 2894 542 2927 τῷ
558 2894 655 2928 Κυρίῳ
666 2890 783 2927 ἤλπισα
794 2901 800 2909 υ
819 2892 911 2928 ἀγαλ-

161 2939 184 2955 ⁹¹
201 2938 274 2968 Psal.
292 2947 358 2968 xxx.
373 2939 419 2966 25.

285 2986 422 3017 PATROL.
446 2985 504 3016 Gn.
529 2984 648 3016 XXIII.

965 2351 1010 2375 tus
1026 2354 1102 2379 sum,
1125 2346 1233 2374 conﬁdo
1255 2350 1282 2374 te
1299 2354 1333 2374 ex
1352 2346 1450 2381 quovis
1474 2345 1571 2380 laqueo
1589 2343 1753 2372 educturum

964 2401 1021 2426 me,
1037 2393 1071 2421 ab
1087 2393 1206 2421 inimicis
1220 2393 1287 2420 mihi
1302 2395 1409 2428 palato.
1424 2391 1549 2425 Quandiu
1563 2390 1636 2418 enim
1655 2389 1683 2416 in
1697 2390 1753 2416 vita

965 2439 1074 2467 mortali
1099 2447 1205 2472 versor,
1229 2447 1273 2466 me
1295 2437 1483 2473 impugnatum
1508 2436 1543 2464 iri
1570 2436 1646 2470 scio;
1668 2438 1696 2464 et
1718 2434 1752 2463 ad

966 2489 1117 2513 extremum
1133 2492 1221 2520 usque
1235 2484 1361 2517 halitum,
1380 2483 1554 2511 inimicorum
1577 2481 1685 2510 insidiis
1706 2489 1752 2517 ay

965 2533 1077 2568 petitus,
1100 2531 1128 2559 in
1154 2531 1304 2559 certamine
1324 2530 1490 2558 constitutus
1508 2536 1566 2557 ero.
1590 2527 1625 2556 At
1644 2528 1752 2556 conlido

964 2578 1023 2606 fore
1039 2581 1080 2609 ut.
1096 2585 1145 2613 spe
1158 2585 1218 2605 mea
1238 2577 1267 2604 in
1287 2581 1314 2604 te
1329 2575 1460 2612 reposita,
1475 2582 1530 2603 non
1548 2573 1701 2602 coniundar
1722 2574 1752 2602 in

963 2629 1107 2652 aeternum.
1128 2624 1213 2651 Deum
1230 2627 1320 2651 autem
1334 2622 1457 2650 veritatis
1474 2625 1625 2657 opportune
1640 2623 1667 2648 et
1684 2627 1752 2647 con-

963 2673 1094 2706 gruenter
1110 2670 1144 2697 ad
1158 2677 1216 2697 rem
1231 2676 1292 2705 qua;
1307 2668 1397 2704 agitur
1413 2668 1521 2695 vocavit
1539 2676 1546 2695 ε
1568 2675 1656 2702 neque
1675 2666 1750 2693 enim

964 2717 1124 2752 contingere
1139 2719 1238 2752 potest,
1254 2719 1284 2742 ut
1298 2715 1323 2742 is
1339 2710 1385 2749 qui
1409 2714 1437 2742 in
1459 2718 1485 2742 te
1509 2714 1643 2750 speravit.
1665 2713 1706 2740 vel
1725 2712 1749 2738 is

964 2761 1010 2796 qui
1024 2761 1167 2796 promissis
1186 2760 1240 2788 tuis
1255 2759 1335 2787 ﬁdem
1351 2759 1456 2792 habuit,
1474 2767 1522 2794 spe
1543 2759 1658 2786 labatur.

998 2850 1081 2878 Vens.
1099 2850 1124 2883 7,
1140 2850 1167 2877 8.
1187 2849 1274 2877 Odisti
1288 2848 1453 2876 obseruantes
1469 2848 1607 2878 vanitates,
1624 2851 1749 2880 supervit»

963 2905 1021 2924 oue.
1044 2896 1100 2932 Ego
1122 2900 1209 2924 autem
1234 2896 1261 2922 in
1280 2895 1390 2922 Domino
1414 2894 1515 2931 sperari
1532 2902 1541 2921 :
1563 2890 1699 2919 exsultatio
1721 2891 1746 2916 οι

1565 2981 1583 3009 9
