2056 3214
295 217 347 244 267

643 211 781 240 EUSEBII
802 208 1041 239 CESARIENSIS
1060 207 1135 236 OPP.
1152 207 1241 234 PARS
1269 206 1358 234 Ill.—
1378 205 1582 233 EXEGETICA.

1879 203 1930 230 ωδ

299 273 410 302 ttetabor
428 273 456 299 in
473 269 658 299 misericordia
681 273 736 296 tua.
757 268 854 296 Merito
879 266 981 294 laetaris
995 266 1028 293 de
1040 273 1085 293 ve-

1140 267 1282 299 λιάσομαι
1306 264 1355 291 καὶ
1378 263 1622 298 εὐφρανθήσομαι
1642 261 1691 288 ἐπὶ
1707 260 1747 293 τῷ
1766 259 1843 287 ἐλέει
1861 267 1928 287 σου·

298 320 388 349 ritatis
412 317 592 347 amatoribus,
609 315 725 350 illosque
752 313 890 346 admittis;
907 312 968 339 ideo
983 311 1087 338 dictum

297 372 349 398 est.
371 366 501 393 Veritates
517 363 627 398 requirit
639 361 789 393 Dominus;
812 360 873 388 illos
894 367 958 386 vero
973 359 1019 394 qui
1041 366 1088 384 va-

297 414 409 442 nitatem
440 414 590 441 sectantur,
615 411 710 444 utpote
736 407 782 442 qui
799 405 972 433 mendacium
990 412 1087 432 conse-

296 463 415 489 ctentur,
435 455 590 484 adversaris
612 458 639 482 et
660 453 755 480 odisti.
786 451 899 479 Vanitas
919 451 1020 486 quippe
1045 453 1088 478 est

296 505 368 541 quod
384 503 525 532 mendacio
541 502 649 537 plenum
664 508 671 526 :
692 506 777 535 quare
798 499 839 526 sic
853 499 984 525 admones
1000 507 1006 524 :
1023 496 1088 524 Filii

297 552 432 580 hominum
447 557 580 584 usquequo
593 547 668 583 gravi
685 547 772 577 corde,
789 551 818 572 ut
832 545 894 580 quid
909 544 1022 579 diligitis
1043 551 1089 570 oa-

296 600 406 627 nitatem
422 602 445 624 et
459 596 579 632 quaeritis
593 594 757 622 mendacium
767 593 811 619 '3?
828 592 883 628 Ego
895 599 961 619 vero
980 598 995 617 a
1009 591 1088 618 vanis

296 644 381 672 rebus
396 649 520 673 aversus,
541 642 569 668 in
589 644 616 668 te
636 640 695 667 solo
707 639 823 666 Domino
837 645 898 665 meo
913 645 989 672 spem
1007 644 1090 671 repo.

297 691 353 722 sui,
369 697 454 725 quare
473 687 581 716 conﬁdo
597 694 652 714 non
678 685 781 713 frustra
797 684 845 711 tibi
864 685 997 718 meipsum
1011 691 1088 710 com-

298 736 418 764 misisse.
440 734 508 762 Nam
527 734 589 761 ﬁnis
608 732 666 769 spei
686 732 712 759 in
733 735 760 759 te
783 730 873 766 posita
899 735 940 758 est
960 728 1088 764 gaudium

298 785 326 808 et
346 780 449 807 ltetitia.

335 826 418 853 Veiis.
435 826 461 853 9.
481 825 614 858 Quoniam
640 823 778 858 respexisti
798 822 973 849 humilitatem
992 828 1087 853 meam,

297 873 409 900 saloasti
430 873 462 899 de
478 870 678 898 necessitatibus
701 870 818 896 animam
841 875 944 898 meam;
963 875 1007 894 nec
1024 874 1088 893 con-

297 919 402 946 clusisti
423 927 464 945 me
488 919 514 944 in
538 917 660 944 manibus
687 916 810 947 inimici;
835 914 954 941 statuisti
979 914 1005 939 in
1032 913 1087 939 loco

297 965 412 999 spatioso
428 963 504 998 pedes
527 971 608 990 meos.
638 962 698 989 Jam
720 962 790 988 alias
807 959 951 995 respexisti
975 958 1086 985 humili—

296 1015 380 1038 tatem
402 1017 490 1037 meam
507 1019 513 1036 :
533 1016 565 1036 ac
582 1008 745 1043 plerumque
761 1006 851 1033 anima
868 1011 928 1032 mea
948 1004 975 1030 in
991 1011 1086 1030 neces-

297 1057 392 1084 sitates
411 1055 445 1082 ab
468 1055 587 1082 inimicis
610 1053 662 1081 sibi
688 1052 814 1079 inductas
837 1051 964 1086 delapsa,
988 1056 1086 1083 meque

295 1102 364 1130 nihil
377 1101 450 1128 aliud
465 1104 561 1136 agente
572 1107 653 1135 quam
670 1104 699 1126 ut
711 1099 882 1126 liumiliarem
899 1102 926 1124 et
940 1096 1085 1131 aiﬂigerem

296 1156 350 1181 me,
365 1148 400 1175 ob
413 1148 530 1175 emissas
547 1146 580 1173 ad
601 1149 628 1173 te
641 1145 724 1172 Deum
742 1152 831 1172 meum
848 1151 954 1179 preces,
978 1147 1007 1170 tu
1027 1143 1085 1177 ipse

295 1202 374 1222 meus
399 1197 586 1229 propugnator
612 1200 644 1218 ac
669 1196 817 1226 protector.
842 1197 886 1216 me
912 1195 1083 1224 nequaquam

296 1240 460 1275 despiciens,
476 1239 524 1267 sed
542 1238 721 1266 humilitatem
734 1237 891 1273 approbans
908 1244 1009 1268 meam,
1028 1236 1084 1262 sal-

296 1286 364 1313 uasti
379 1285 412 1312 de
426 1283 624 1312 necessitatibus
645 1284 763 1310 animant
779 1290 875 1314 meam,
893 1289 938 1308 nec
952 1280 1083 1308 conclusi-

295 1333 332 1360 sti
343 1340 383 1359 me
397 1331 424 1358 in
438 1330 559 1358 manibus
587 1330 706 1361 inimici;
728 1337 759 1356 ac
783 1332 881 1364 praeter
902 1327 1085 1362 exspectatio-

294 1386 358 1406 ncm
373 1385 416 1405 me
433 1378 460 1405 in
478 1377 582 1404 retibus
608 1376 663 1411 jam
684 1376 854 1408 devolutum,
870 1379 896 1401 et
910 1374 1083 1401 inimicorum

294 1423 424 1451 manibus
445 1419 588 1455 traditum,
607 1421 732 1456 eripuisti
747 1419 934 1454 remisistiqu:
956 1419 1082 1450 liberum,

294 1469 378 1505 pedes
397 1476 473 1497 meos
494 1469 522 1495 'm
543 1468 690 1495 latitudine
710 1474 742 1494 ac
762 1468 790 1493 in
805 1467 865 1494 loco
881 1465 1001 1500 spatioso
1018 1472 1084 1492 cou-

294 1515 408 1543 stituisti
422 1535 429 1547 ,
457 1515 603 1549 solutoque
629 1512 694 1540 mihi
724 1512 907 1543 concessisti,
926 1512 1084 1546 ubicunque

293 1563 389 1590 vellem
404 1562 567 1589 incederem.
581 1560 609 1587 In
623 1559 738 1588 historia
751 1566 831 1594 porro
843 1563 981 1589 narratur,
995 1557 1083 1592 ipsmu

294 1617 366 1644 saepe
379 1616 394 1636 a
403 1608 484 1636 Saulc
495 1607 707 1643 deprehensum,
718 1610 745 1633 et
757 1605 904 1640 aliquando
915 1605 942 1631 in
954 1604 1084 1639 spelunca

295 1654 444 1684 inclusum,
468 1659 568 1679 manus
588 1651 648 1686 ejus
669 1650 801 1685 effugisse
825 1659 831 1678 :
855 1654 883 1677 et
900 1650 969 1676 alias
994 1648 1086 1676 aGct-

294 1699 374 1727 thesis
395 1706 424 1726 se
442 1701 533 1725 mente
547 1701 657 1732 captum
679 1696 836 1724 simulando
861 1696 983 1730 elapsum
1014 1703 1085 1722 esse.

332 1786 414 1815 Vsus.
437 1786 482 1813 10.
505 1785 631 1813 Miserere
654 1785 715 1817 mei,
740 1784 861 1816 Domine,
889 1784 1014 1818 quoniam
1039 1783 1087 1810 tri-

297 1834 396 1861 bulor:
417 1832 588 1860 conturbatus
605 1837 644 1859 est
661 1832 690 1858 in
715 1833 758 1858 ira
780 1831 871 1858 oculus
895 1838 979 1861 meus,
997 1830 1087 1856 anima

296 1889 354 1908 mea
378 1885 404 1908 et
425 1884 513 1907 venter
534 1887 616 1906 meas.
641 1877 734 1913 Rogo,
754 1877 860 1911 inquit,
892 1883 926 1903 ac
955 1875 1088 1911 deprecor

296 1928 350 1955 mei
374 1930 405 1954 ut
427 1925 595 1957 miserearis,
623 1925 748 1960 quoniam
771 1923 900 1955 tribulor;
921 1923 1001 1958 cujus
1027 1923 1087 1950 loco

295 1973 407 2009 Aquila,
429 1972 562 2005 Quoniam
578 1975 718 2006 angustum
735 1970 810 1997 mihi.
829 1969 880 1996 Tui
896 1970 968 1997 enim
983 1973 1009 1996 et
1023 1975 1087 2004 pro-

295 2020 445 2046 missorum
464 2022 574 2045 tuorum
596 2025 679 2044 causa
708 2017 734 2044 in
757 2020 873 2052 angusta
894 2019 921 2043 et
946 2019 1021 2042 arcta
1044 2015 1087 2042 via

296 2065 406 2094 incedo.
431 2065 466 2091 At
486 2064 584 2091 animae
605 2071 672 2091 mea;
691 2063 799 2096 oculus,
822 2063 936 2098 ipsaque
956 2069 1034 2089 mens
1054 2069 1087 2088 ac

298 2111 340 2139 vis
355 2110 540 2137 ratiocinandi
560 2109 670 2136 turbata
685 2112 726 2136 est
741 2109 769 2136 in
785 2109 836 2136 ira.
853 2108 906 2135 Pro
923 2115 977 2143 quo
989 2107 1087 2143 Aquila

299 2156 516 2192 dicit:Squaluit
532 2157 561 2183 in
578 2156 760 2191 indignatione
782 2154 875 2182 oculus
898 2160 988 2185 meus;
1008 2153 1087 2189 Sym—

296 2203 413 2231 machus
428 2210 504 2236 vero,
521 2202 654 2230 Turbatus
676 2206 715 2230 est
732 2209 786 2236 pne
799 2200 979 2235 indignatione
996 2199 1086 2226 oculus

297 2259 381 2278 meus.
399 2249 468 2277 Nam
494 2256 556 2277 cum
583 2248 815 2284 indignationem,
840 2246 947 2282 inquit,
971 2250 998 2273 et
1019 2246 1087 2273 iram

1139 312 1262 344 Εἰκότως
1276 311 1381 347 χαίρεις
1396 311 1444 346 μὲν
1459 311 1516 341 τοῖς
1529 310 1578 345 τῆς
1593 307 1720 343 ἀληθείας
1734 307 1872 342 ἐρασταῖς,
1885 306 1930 332 καὶ

1140 359 1253 390 τούτους
1271 358 1428 394 προσίεσαιο
1444 357 1483 383 διὸ
1495 356 1618 383 λέλεκται
1630 364 1636 370 ·
1657 354 1806 387 Ἀληθείας
1819 351 1933 386 ἐκζητεῖ

1139 406 1264 439 Κύριος·
1286 404 1349 436 τοὺς
1366 404 1395 430 δὲ
1411 404 1460 439 τὴν
1478 402 1646 438 ματαιότητα
1666 400 1845 436 περιέποντας
1862 398 1931 424 εικό-

1141 460 1195 483 τως
1211 450 1355 486 ἀποτρέπῃ
1371 450 1417 476 καὶ
1432 450 1529 485 μισεῖς,
1547 447 1584 479 ὠς
1599 447 1631 473 ἂν
1645 446 1675 473 τὸ
1689 445 1786 480 ψεῦδος
1801 442 1932 479 μεταδιώ-

1140 505 1249 528 κοντας.
1264 496 1422 530 Ματαιότης
1433 495 1486 530 γὰρ
1496 494 1527 520 τὸ
1541 493 1654 528 ψεύδους
1668 492 1751 527 γέμον
1761 500 1767 505 ”
1782 490 1822 517 διὸ
1836 497 1932 525 παραι-

1141 544 1196 574 νεῖς
1213 542 1313 576 λέγων·
1335 541 1393 568 Υἱοὶ
1413 539 1586 574 ἀνθρώπων,
1609 537 1663 570 ἕως
1687 538 1760 564 πότε
1779 535 1931 570 βαρυκὰρ-

1139 589 1214 620 διοι;
1235 588 1286 614 ἵνα
1308 588 1336 614 τί
1363 586 1495 621 ἀγαπᾶτε
1513 584 1705 620 ματαιότητα,
1726 582 1775 609 καὶ
1799 581 1931 615 ζητεῖσθε

1140 633 1272 668 ψεῦδος;
1292 633 1361 667 Ἐγὼ
1384 633 1422 665 δὲ,
1439 630 1622 667 ἀποστραφεὶς
1645 629 1679 656 τὰ
1707 629 1818 664 μάταια,
1836 628 1883 653 ἐπὶ
1903 628 1930 654 σὲ

1144 681 1224 715 μόνον
1250 679 1295 706 τὸν
1319 678 1436 715 ἐμαυτοῦ
1454 678 1555 713 Κύριον
1571 677 1672 712 ἤλπισα
1683 684 1689 690 ·
1705 675 1745 701 διὸ
1769 675 1930 709 πέπεισμαι,

1140 726 1189 752 οὐχ
1216 727 1276 760 εἰκῇ
1299 732 1339 751 σοι
1367 724 1485 760 ἐμαυτὸν
1499 721 1722 758 παρατεθεῖσθαι.
1740 719 1777 746 Τὸ
1789 719 1844 756 γὰρ
1856 719 1931 750 τέλος

1139 772 1190 807 τῆς
1204 773 1243 803 είς
1258 771 1286 797 σὲ
1301 771 1408 802 ἐλπίδος
1424 769 1494 806 χαρὰ
1509 770 1556 796 καὶ
1575 768 1737 804 εὐφροσύνη.

1176 819 1236 844 ’Ότι
1255 817 1371 851 ἐπεῖδες
1391 816 1449 851 τὴν
1470 814 1652 842 ταπεινωσίν
1671 823 1741 848 μου,
1756 813 1877 846 ἔσωσας
1897 812 1931 838 ὲκ

1140 865 1201 892 τῶν
1215 863 1354 898 ἀνακριῶν
1367 863 1425 898 τὴν
1437 862 1544 896 ψυχήν·
1555 870 1626 896 μου.
1641 860 1697 887 Καὶ
1719 861 1756 887 οὐ
1777 859 1933 887 συνέκλει-

1140 911 1198 944 σάς
1210 919 1248 946 με
1261 911 1305 943 εὶς
1321 909 1420 945 χεῖρας
1431 907 1560 943 ἐχθρῶν·
1578 907 1712 940 ἕστησας
1725 906 1761 933 ἐν
1772 904 1932 940 εὐρυχώρῳ

1139 957 1210 990 τοὺς
1226 956 1321 989 πόδας
1332 955 1477 991 μου.ἸΙδη
1492 954 1539 981 καὶ
1554 953 1647 980 ἄλλοτε
1661 952 1764 984 ἐπεῖδες
1776 952 1825 987 τὴν
1835 951 1931 978 ταπεί-

1139 1004 1221 1031 νωσίν
1239 1012 1289 1039 μου
1299 1011 1306 1018 ο
1325 1002 1454 1033 πολλάκις
1470 1009 1499 1027 τε
1517 999 1717 1036 περιπεσούσης
1730 998 1780 1034 τῆς
1794 997 1864 1033 ὲμῆς
1877 997 1930 1031 ψυ-

1139 1050 1188 1086 χῆς
1206 1050 1339 1084 ἀνάγκαις
1355 1049 1414 1080 ταῖς
1430 1047 1481 1074 ὑπὸ
1498 1046 1552 1073 τῶν
1568 1045 1672 1081 ἐχθρῶν
1687 1044 1869 1074 ὲπιτεθείσαις
1879 1042 1929 1069 αὺ-

1138 1098 1182 1132 τῇ,
1195 1095 1263 1131 ἐμοῦ
1284 1103 1313 1121 τε
1333 1094 1415 1130 μηδὲν
1429 1093 1509 1119 πλέον
1527 1091 1691 1127 πράττοντος
1706 1089 1722 1126 ἢ
1736 1088 1930 1120 ταπεινοῦντος

1139 1142 1256 1178 ἐμαυτὸν
1269 1141 1317 1168 καὶ
1329 1140 1475 1171 κακοῦντος
1486 1139 1530 1166 διὰ
1545 1138 1600 1165 τῶν
1617 1137 1684 1174 πρὸς
1696 1136 1725 1163 σὲ
1735 1136 1781 1163 τὸν
1794 1135 1861 1162 Θεὸν
1873 1136 1930 1162 ἱκε-

1137 1189 1250 1225 τηρίων,
1267 1188 1298 1214 σὺ
1315 1187 1396 1218 αὐτὸς
1415 1187 1429 1211 ὁ
1446 1185 1511 1220 ἐμὸς
1527 1185 1684 1220 ὑπερμαχος
1703 1183 1750 1209 καὶ
1772 1183 1927 1218 ὑπερασπι-

1139 1235 1214 1271 στὴς,
1227 1235 1263 1270 μὴ
1276 1231 1479 1269 ἁντιπαρελθών
1493 1240 1538 1267 με,
1549 1230 1748 1265 ἀποδεξάμενος
1757 1228 1786 1255 δὲ
1800 1228 1848 1264 τὴν
1860 1227 1928 1264 ἐμὴν

1138 1281 1311 1312 ταπείνωσιν,
1327 1280 1446 1311 ἔσωσας
1457 1278 1491 1304 ἐκ
1506 1277 1566 1304 τῶν
1582 1275 1720 1311 ἀναγκῶν
1742 1275 1801 1309 τὴν
1823 1273 1928 1309 ψυχήν

1134 1337 1204 1362 μου,
1223 1327 1272 1354 καὶ
1293 1327 1328 1352 οὐ
1351 1323 1553 1356 συνέκλεισάς
1567 1332 1605 1358 με
1623 1324 1667 1355 εἰς
1683 1321 1783 1356 χεῖρας
1797 1320 1925 1354 ἐχθρῶν·

1138 1373 1296 1409 παραδόξως
1321 1371 1349 1397 δέ
1377 1379 1410 1406 με
1434 1369 1499 1396 εἴσω
1515 1367 1629 1395 δικτύων
1644 1368 1694 1403 ἤδη
1709 1366 1865 1401 γενόμενον,
1882 1365 1928 1391 καὶ

1137 1420 1197 1450 ταῖς
1210 1418 1289 1454 χερσὶ
1303 1416 1356 1443 τῶν
1370 1415 1474 1451 ἐχθρῶν
1487 1413 1702 1449 παραδεδομένον
1717 1412 1844 1448 ἁρπάσας
1858 1410 1928 1437 ἐλεύ-

1138 1466 1215 1501 Θερον
1233 1465 1346 1499 ἀνῆκας,
1363 1463 1410 1490 καὶ
1425 1462 1487 1493 τοὺς
1505 1461 1588 1492 πόδας
1606 1469 1656 1495 μου
1673 1460 1702 1486 ὲν
1717 1458 1867 1494 πλατύτητι
1883 1459 1928 1484 καὶ

1138 1510 1292 1547 εὐρυχωρίᾳ.
1308 1509 1487 1544 κατέστησας,
1507 1507 1686 1542 συγχωρήσας
1701 1505 1799 1539 ἄφετόν
1824 1512 1858 1539 με
1880 1503 1928 1538 βα-

1137 1558 1219 1590 δίζειν
1237 1557 1298 1583 ὅποι
1312 1557 1359 1582 καὶ
1375 1555 1514 1590 βούλομαι.
1531 1553 1657 1580 Διδάσκει
1671 1551 1699 1578 δὲ
1717 1551 1764 1577 καὶ
1779 1551 1796 1586 ἡ
1812 1550 1928 1586 ἱστορία,

1138 1605 1189 1636 ὅτι,
1208 1603 1338 1633 πολλάκις
1354 1600 1535 1635 καταληφθεὶς
1551 1598 1604 1625 ὑπὸ
1626 1598 1672 1624 τοῦ
1694 1597 1791 1628 Σαοὺλ,
1807 1596 1854 1623 καὶ
1869 1596 1929 1631 μέν·

1141 1658 1181 1675 τοι
1198 1648 1245 1675 καὶ
1259 1649 1287 1674 ἐν
1302 1647 1340 1682 τῷ
1356 1646 1479 1681 σπηλαίῳ
1495 1643 1675 1679 καθειρχθεὶς,
1692 1642 1740 1673 τὰς
1755 1640 1858 1667 ἐκείνου
1874 1641 1929 1675 χεῖ-

1144 1703 1193 1731 ρας
1207 1695 1329 1729 διέφυγε,
1348 1693 1395 1720 καὶ
1410 1691 1502 1719 ἄλλοτε
1513 1691 1575 1721 τοὺς
1586 1688 1729 1719 Γετθαίους
1737 1686 1929 1723 παραπληξίαν

1142 1750 1193 1777 σχη
1198 1740 1391 1776 ματισάμενος.

1184 1786 1326 1819 Ἐλέησόν
1340 1795 1387 1820 με,
1403 1785 1501 1819 Κύριε,
1515 1784 1559 1811 ὅὲι
1573 1783 1717 1817 θλίϐομαι·
1738 1779 1887 1815 ἐταράχθη
1896 1779 1931 1806 ἐν

1141 1831 1223 1867 θυμῷ
1237 1833 1252 1858 ὁ
1266 1831 1419 1866 ὀφθαλμός
1432 1839 1502 1864 μου,
1515 1829 1534 1863 ἡ
1549 1828 1634 1863 ψυχή
1644 1837 1714 1863 μου,
1725 1827 1772 1854 καὶ
1787 1827 1805 1860 ή
1816 1825 1930 1861 γαστήρ

1138 1879 1354 1915 μου.Ἰκετεύω,
1371 1878 1447 1912 φησι,
1463 1878 1510 1904 καὶ
1522 1876 1617 1911 δέομαι
1633 1874 1787 1910 ἐλεηθῆναι,
1804 1873 1849 1899 ὅτι
1869 1872 1931 1899 0.1!-

1142 1928 1227 1961 ϐομαι
1239 1933 1246 1940 ·
1262 1925 1319 1951 ἀνθ’
1335 1922 1365 1951 οὗ
1377 1925 1391 1950 ὁ
1413 1923 1528 1954 Ἀκύλας
1543 1921 1624 1957 φησιν
1635 1929 1641 1935 ·
1655 1921 1713 1946 ’Ὁτι
1730 1918 1842 1946 στενὸν
1855 1918 1929 1952 ἐμοι.

1141 1973 1196 2009 Τὴν
1220 1973 1275 2009 γὰρ
1299 1972 1395 2008 στενὴν
1409 1972 1456 1998 καὶ
1475 1970 1658 2006 τεθλιμμένην
1672 1967 1756 1995 ὁδεύω
1769 1967 1814 1994 διὰ
1830 1966 1870 1998 σὲ,
1886 1965 1931 1992 καὶ

1140 2019 1189 2051 τὰς
1210 2019 1258 2051 σὰς
1279 2018 1454 2053 ἐπαγγελίας.
1464 2017 1544 2043 Ἀλλὰ
1558 2016 1606 2042 καὶ
1620 2016 1634 2042 ὁ
1650 2015 1699 2050 τῆς
1710 2013 1799 2049 ψυχῆς
1816 2021 1867 2048 μου
1882 2012 1930 2046 ὀφ-

1141 2066 1253 2102 θαλμὸς,
1269 2065 1348 2097 αὐτὸς
1361 2066 1375 2091 ὁ
1389 2063 1452 2096 νοῦς
1467 2063 1515 2090 καὶ
1526 2062 1557 2089 τὸ
1571 2063 1600 2089 ὲν
1617 2061 1679 2097 ἐμοὶ
1692 2059 1855 2094 λογιστικὸν,
1870 2059 1932 2084 ὲτα-

1143 2112 1231 2149 ράχθη
1261 2113 1289 2138 ἐν
1320 2110 1417 2147 θυμῷ·
1446 2110 1503 2136 ἀνθ’
1521 2105 1552 2136 οὗ
1576 2109 1590 2136 ὁ
1619 2107 1668 2144 μὲν
1689 2106 1803 2137 Ἀκύλας
1829 2104 1929 2149 φησίν”

1137 2148 1285 2193 Ηὺχμώθη
1299 2157 1342 2183 ’ἐν
1364 2154 1556 2190 παροργισμῷ
1583 2155 1598 2180 d
1612 2151 1764 2188 ὀφθαλμός
1776 2159 1836 2185 μου
1848 2157 1855 2163 ·
1876 2150 1890 2175 ὁ
1904 2148 1930 2174 δὲ

1141 2205 1304 2239 Σύμμαχοςι
1328 2202 1473 2235 Ἐθολώθη
1491 2201 1539 2227 διὰ
1557 2197 1763 2234 παροργισμὸν
1779 2195 1931 2231 ὀφθαλμός

1138 2252 1276 2286 μου.Ὂτε
1298 2249 1351 2284 γὰρ
1373 2247 1548 2285 παρώργισα,
1566 2245 1642 2281 φησι,
1657 2244 1703 2271 καὶ
1723 2242 1807 2278 θυμὸν
1822 2239 1932 2276 ἐμαυτῷ

296 2295 363 2322 mihi
392 2295 547 2328 concilavi,
573 2301 658 2321 ausus
682 2301 714 2321 ea
736 2297 893 2328 perpetrare
909 2299 970 2327 qua:
995 2291 1086 2319 furore

1142 2298 1286 2332 ὲπήγειρα,
1302 2295 1441 2330 τολμήσας
1453 2291 1654 2328 διαπράξασθαι
1667 2289 1701 2316 τὰ
1717 2287 1803 2324 θυμοῦ
1825 2287 1873 2313 καὶ
1888 2287 1933 2322 ὀρ-

297 2348 324 2369 et
345 2342 386 2369 ira
407 2341 490 2377 digna
513 2345 593 2374 sunt,
617 2344 684 2368 tunc
703 2340 846 2372 confusio,
869 2339 1042 2367 conturbatio
1060 2343 1087 2366 et

297 2388 409 2423 squalor
437 2388 630 2416 rationabilem
658 2388 756 2416 animae
778 2388 833 2416 vim
853 2387 1008 2422 occupavit.
1033 2385 1087 2414 Sed

298 2434 381 2461 etiam
399 2435 490 2462 anima
503 2443 563 2463 mea
578 2438 605 2463 et
618 2438 714 2462 venter
730 2442 810 2463 meus
829 2435 887 2469 ipse
907 2432 1086 2460 conturbatus

298 2489 330 2508 ac
355 2481 488 2511 confusus
514 2486 556 2510 est
589 2483 618 2510 in
639 2486 763 2518 tempore
788 2481 985 2517 indignationis
1008 2488 1085 2509 mete.

299 2527 533 2559 Quemadmodum
549 2537 614 2557 vero
631 2529 730 2556 animas
743 2528 854 2556 oculum
869 2535 918 2564 per
930 2527 1087 2555 translatio-

299 2581 362 2600 nem
380 2581 394 2600 a
407 2574 500 2601 sensili
523 2575 602 2602 oculo
618 2575 796 2611 intelligimus
807 2594 814 2607 ,
837 2575 877 2602 sic
891 2577 1014 2602 ventrem
1029 2574 1088 2608 ejus

298 2627 474 2655 nequaquam
497 2621 589 2649 labare
617 2622 641 2650 si
662 2623 716 2650 vim
741 2621 881 2649 memoriae
899 2622 1035 2657 accipias;
1059 2622 1088 2649 in

299 2672 352 2698 qua
369 2673 418 2692 ceu
437 2665 465 2692 in
479 2670 582 2700 ventre,
597 2667 674 2695 cibos
691 2674 787 2694 omnes
809 2675 824 2694 a
840 2668 1015 2695 sermonibus
1028 2675 1089 2702 per-

299 2717 394 2746 ceptos
409 2719 542 2747 reponere
565 2706 769 2744 consuevimus.
789 2715 973 2748 Quamobrem
988 2715 1089 2742 alicubi

299 2756 401 2785 dicitur
415 2768 421 2785 :
435 2758 558 2791 Benedic,
575 2760 665 2786 anima
674 2768 742 2793 mea,
757 2761 878 2792 Domino,
893 2765 918 2787 et
929 2761 1018 2787 omnia
1031 2769 1089 2795 qua:

299 2807 372 2834 intra
397 2815 436 2834 me
458 2811 529 2839 sunt,
542 2806 642 2833 nomini
669 2811 761 2834 sancto
785 2807 842 2842 ejus
854 2807 898 2834 ”³¹.
922 2806 954 2834 Et
966 2806 1090 2834 Salvator

300 2855 339 2883 ait
353 2863 360 2883 :
377 2853 430 2888 Qui
450 2853 543 2880 biberit
560 2859 592 2880 ea:
608 2860 676 2887 aqua
690 2860 768 2890 quam
780 2861 826 2887 ego
839 2852 908 2881 dabo
930 2853 964 2887 ei,
980 2853 1090 2888 ﬂumina

335 2944 358 2960 "
379 2943 451 2972 Psal.
469 2950 512 2979 ιν,
531 2943 558 2971 5.
598 2942 633 2959 ’³⁵
648 2941 724 2972 Psal.
744 2949 801 2978 cu,
820 2943 845 2971 l.

1140 2331 1193 2377 γῆς
1207 2341 1282 2373 ἄξια,
1296 2341 1326 2368 τὸ
1348 2339 1499 2375 τηνικαῦτα
1523 2339 1653 2373 σύγχυσις
1678 2335 1726 2362 καὶ
1752 2334 1865 2365 θόλωσις
1888 2331 1933 2359 καὶ

1140 2388 1245 2424 αὐχμὸς
1268 2387 1298 2414 τὸ
1322 2386 1476 2421 λογιστικὸν
1497 2384 1546 2420 τῆς
1568 2383 1638 2419 ἐμῆς
1655 2382 1743 2417 ψυχῆς
1761 2380 1932 2414 κατείληφεν.

1147 2434 1228 2461 Ἀλλὰ
1245 2433 1292 2461 καὶ
1305 2435 1322 2469 ἡ
1334 2433 1405 2468 ψυχὴ
1427 2440 1488 2468 μου,
1503 2431 1580 2467 φησὶ,
1595 2430 1643 2457 καὶ
1651 2430 1668 2464 ἡ
1684 2427 1791 2463 γαστήρ
1808 2435 1871 2462 μου,
1889 2425 1935 2452 καὶ

1139 2481 1207 2518 αὑτὴ
1219 2479 1337 2515 tamen
1352 2480 1399 2506 xui.
1410 2478 1546 2515 ἐταράχθη
1561 2476 1630 2504 κατὰ
1638 2476 1683 2502 τὸν
1696 2475 1791 2510 καιρὸν
1803 2472 1850 2500 τοῦ
1865 2481 1934 2508 παρ-

1141 2527 1277 2565 οργισμοῦ
1307 2527 1480 2563 μου.”Ὠσπερ
1493 2525 1521 2551 δὲ
1534 2522 1670 2558 ὀφθαλμὸν
1686 2520 1775 2555 ψυχῆς
1795 2518 1867 2545 κατὰ
1889 2526 1934 2552 με-

1142 2574 1264 2611 ταφορὰν
1290 2573 1338 2600 τοῦ
1362 2571 1490 2606 αἰσθητοῦ
1517 2568 1655 2604 ὀφθαλμοῦ
1669 2568 1847 2602 νενοήκαμεν,
1864 2564 1934 2590 οὕτω

1143 2609 1190 2648 καί
1215 2609 1263 2657 τὴν
1282 2618 1403 2655 γαστέρα
1419 2617 1504 2652 αὐτῆς
1518 2616 1568 2642 οὐκ
1581 2615 1613 2641 ἂν
1627 2614 1758 2649 ἁμάρτοις
1778 2610 1865 2638 εἰπὼν
1886 2609 1935 2644 τὴν

1143 2655 1257 2703 δύναμιν
1277 2666 1325 2702 τὴν
1349 2663 1529 2702 μνημονικὴν,
1544 2662 1573 2688 ἐν
1633 2659 1727 2695 ὥσπερ
1743 2659 1771 2684 ὲν
1783 2657 1874 2692 κοιλίᾳ
1887 2655 1934 2682 καὶ

1142 2702 1243 2749 γαστρὶ
1256 2713 1345 2744 πάσας
1368 2712 1418 2743 τὰς
1442 2710 1485 2737 διὰ
1503 2709 1590 2743 λόγων
1611 2706 1713 2742 τροφὰς
1727 2702 1932 2731 ὲναποτίθεσθαι

1143 2759 1233 2786 εἴωθε.
1252 2759 1296 2785 Διὸ
1321 2756 1444 2785 λέλεκταί
1471 2763 1538 2782 ’κου’
1559 2754 1694 2787 Εὺλότει,
1712 2752 1731 2785 ἡ
1756 2749 1842 2784 ψυχή
1861 2757 1930 2784 μου.

1143 2807 1197 2834 τὸν
1211 2806 1330 2841 Κύριον,
1346 2805 1394 2832 καὶ
1407 2803 1506 2832 πάντα
1520 2802 1555 2830 τὰ
1565 2800 1652 2833 ἐντός
1671 2807 1730 2834 μου
1742 2797 1774 2824 τὸ
1791 2797 1885 2830 ὄνομα
1900 2795 1932 2841 το

1145 2852 1232 2887 ἅγιον
1243 2840 1345 2880 αὐτοῦ.
1365 2850 1420 2878 Καὶ
1433 2852 1447 2877 ὁ
1460 2849 1556 2885 Σωτὴρ
1568 2848 1611 2874 δέ·
1632 2847 1680 2878 Ὃς
1696 2844 1733 2871 ἂν
1753 2843 1807 2877 πίῃ
1826 2842 1860 2869 ὲκ
1881 2840 1931 2868 τοῦ
