2056 3214
725 201 981 230 (ΖΟΜΜΕΝΤΔΒΙΔ
998 201 1032 229 ΙΝ
1052 200 1189 229 PSALMO

1190 200 1221 229 s.
1258 183 1290 210 ⁸⁷
1301 178 1320 204 ⁰
1731 200 1782 232 ετο

158 256 279 291 ὕδατος,
293 255 329 287 οὗ
342 258 402 295 ἐγὼ
416 259 503 288 δώσω
518 260 609 294 αὐτῷ,
623 262 749 297 ποταμοὶ
768 262 804 289 ἐκ
819 262 876 297 τῆς
889 271 940 290 κει·

1001 262 1033 290 de
1052 266 1141 289 ventre
1163 261 1220 296 ejus
1237 263 1318 294 [ment
1340 267 1415 295 aqua
1432 261 1505 293 viva,
1526 259 1646 289 salientis
1662 260 1689 288 in
1704 262 1783 288 vitam

162 303 228 336 ιιας
250 304 344 332 αὐτοῦ
363 306 533 339 ῥεύσουσιν
552 307 662 341 ὓδατος
681 306 796 342 ζῶντος,
822 308 950 343 ἁλλομέ-

156 358 213 376 νου
228 351 273 383 εις
285 350 362 385 ζωὴν
370 351 500 379 αἰώνιον.
516 353 663 380 Κάνταῦθα
679 354 767 380 τοίνυν
781 354 830 389 τὴν
845 363 949 390 μνημο-

155 396 233 432 νικὴν
248 396 373 430 δύναμιν,
391 398 407 434 ἢ
426 399 474 425 καὶ¹
489 399 554 426 αὐτὸ
567 400 597 426 τὸ
612 400 773 435 ἡγεμονικὸν
785 400 835 435 τῆς
848 401 946 436 ψυχῆς,

154 443 259 471 κοιλίαν
272 443 412 479 ὠνόμασεν
428 446 442 472 ό
457 445 561 481 Σωτήρ.
579 446 711 478 Θολωθεὶς
729 447 817 473 τοίνυν
832 447 876 473 τὸν
897 448 946 482 ὀφ-

154 489 258 525 θαλμὸν
272 490 323 525 τῆς
335 490 434 526 ψυχῆς,
446 491 493 517 καὶ
507 491 556 527 τὴν
570 491 690 527 γαστέρα
704 491 752 527 τὴν
766 492 948 528 παραδεδομέ-

153 544 213 572 νην,
231 537 337 572 ἰατρείᾳ
351 538 399 563 καὶ
415 537 547 573 Θεραπεία
568 538 686 573 ἐμαυτὸν
707 540 845 574 παρεῖχον,
867 538 946 575 ὀδύνῃ

151 582 200 610 καὶ
217 584 438 618 στεναγμοῖς,καὶ
453 583 575 619 πτωχείᾳ
589 584 750 619 παραδιδοὺς
765 584 809 611 τὸν
825 584 944 619 ἐμαυτοῦ

152 628 222 663 βίον,
236 628 330 664 ὣσπερ
346 629 391 656 διά
404 638 485 655 τινων
500 629 606 655 κύκλων
622 630 821 665 ἰατρευόμενος.
832 631 903 658 Ἀντὶ
916 630 945 657 δὲ

150 674 267 706 τοῦ,Ἐγ
282 676 412 709 πτωχείᾳ
434 675 453 709 ἡ
477 676 566 709 ἰσχύς
585 684 655 709 μου,
675 675 723 702 καὶ
740 675 776 702 τὰ
792 676 867 703 ὀστᾶ
885 685 944 711 μου

149 721 380 756 ἐταράχθησαν·
397 722 563 757 σαφέστερον
576 723 590 748 ὁ
606 722 752 758 Σύμμαχος
773 723 945 758 ἡρμήνευσεν

150 767 236 794 εἰπών
248 776 254 783 ·
270 769 322 795 Διὰ
336 768 542 802 τὴν-’κάκωσίν
554 777 613 802 μου
625 769 644 802 ἡ
663 769 752 803 ἰσχύς
768 778 826 803 μου
845 769 893 795 καὶ
908 769 944 796 τὰ

150 812 228 840 ὀστᾶ
240 821 300 847 μου
314 814 514 847 ηὑρωτίασαν.
532 813 609 841 Οὒτω
625 814 689 849 γὰρ,
717 815 808 849 φησὶν,
826 815 943 850 ἐμαυτὸν

149 857 276 889 ἐκάκουν,
291 858 330 890 ὡς
342 858 385 885 διὰ
396 859 445 894 τὴν
460 859 613 895 ὑπερϐολὴν
626 860 676 894 τῆς
692 859 840 891 κακώσεως
852 860 943 894 ἐξατο-

149 903 232 938 νῆσαί
258 912 309 938 μου
335 905 382 930 καὶ
403 904 582 941 ὲξασθενῆσαι
599 905 648 941 τήν
664 906 748 940 ἰσχὺν,
762 906 808 932 καὶ
826 906 896 932 αὐτὰ
909 907 942 933 τὰ

999 312 1126 335 retentam
1144 306 1177 334 ³⁸.
1205 305 1255 333 llic
1287 306 1379 340 itaque
1411 305 1602 334 reminiscendi
1627 305 1696 339 vim,
1726 306 1783 334 sive.

998 352 1079 379 etiam
1098 351 1247 387 principem
1266 350 1365 377 anima:
1384 354 1498 384 partem.
1516 354 1635 378 ventrem
1655 349 1782 377 Servatur

998 397 1178 432 nuncupavit.
1195 397 1264 423 Cum
1283 403 1348 431 ergo
1371 400 1397 422 et
1415 395 1516 422 mentis
1534 396 1620 425 oculis
1636 400 1663 424 et.
1676 400 1780 428 ventre,

998 443 1031 469 de
1046 450 1101 478 quo
1121 442 1177 476 jam
1194 440 1328 481 diximus,
1347 440 1526 468 conturbatus
1549 448 1653 475 essem,
1671 441 1782 469 medela:

997 497 1040 516 me
1068 493 1150 524 atque
1176 486 1315 515 curationi
1345 485 1465 520 tradidi;
1493 486 1597 518 dolori,
1625 487 1782 521 gemitibus,

996 534 1111 569 egestati
1127 534 1209 561 vitam
1233 532 1326 560 addixi
1356 540 1457 564 meam,
1474 540 1523 559 ceu
1547 533 1663 567 quadam
1686 533 1783 560 circui-

999 582 1072 608 tione
1091 588 1158 607 usus
1174 579 1207 606 ad
1226 580 1342 606 salutem
1360 578 1586 614 recuperandam.
1602 578 1655 606 Pro
1672 580 1718 606 illo
1734 587 1782 606 au-

996 632 1060 657 tem,
1091 625 1124 652 In
1143 629 1296 660 paupertate
1318 625 1400 651 virtus
1423 633 1491 658 mea,
1513 629 1537 651 et
1563 633 1625 651 ossa
1643 633 1699 651 mea
1719 633 1782 651 σωτ-

997 672 1106 699 turbala
1132 676 1209 703 sunt,
1234 671 1354 705 apertius
1381 670 1561 706 Symmachus
1588 671 1782 705 interpretatus

995 721 1037 746 est
1058 717 1100 744 his
1125 716 1235 749 verbis,
1256 715 1366 749 Propter
1393 715 1557 750 aﬂliclionem
1580 724 1680 747 meum,
1698 716 1782 743 virtus

995 772 1054 790 mea
1077 767 1101 789 et
1124 770 1185 788 ossa
1208 770 1265 788 mea
1288 765 1456 795 putt-uerunt.
1482 760 1520 787 lla
1539 769 1581 787 me
1599 760 1781 793 macerabant,

996 808 1095 843 inquit,
1110 812 1140 835 ut
1155 814 1265 843 propter
1279 806 1433 834 alﬂictionis
1446 806 1518 838 vim,
1534 806 1622 833 virtus
1638 814 1698 834 mea
1714 806 1783 834 deﬁ-

994 859 1068 881 ceret
1085 862 1116 880 ac
1132 853 1325 884 iulirmaretur,
1341 857 1422 887 atque
1434 852 1492 887 ipsa
1507 854 1605 878 anima:
1626 860 1699 885 ossa,
1718 853 1784 887 ipsa:

995 900 1149 932 facultates,
1173 899 1273 934 quibus
1290 899 1354 925 olim
1381 898 1495 925 viriliter
1519 899 1647 933 agebam,
1670 906 1783 933 compu-

146 949 198 984 ’ἑῆς
208 948 297 984 ψυχῆς
314 958 366 984 μου
380 950 471 981 ὀστέα,
487 951 593 983 καὶτὰς
607 951 735 986 δυνάμεις
750 952 779 977 ἐν
796 949 839 983 αἷς
857 952 939 979 πάλαι

991 949 1155 977 trescerent;
1182 945 1240 971 sive
1254 943 1406 971 secundum
1430 943 1568 978 Aquilam,
1590 943 1621 969 It‘t
1646 952 1707 970 ossa
1724 951 1782 970 mea

145 994 313 1030 ἡνδριζόμην
329 996 519 1032 ηὑρωτίασαν·
541 997 557 1032 ἢ
579 997 649 1023 κατὰ
672 999 718 1024 τὸν
737 998 865 1024 ’Λκύλσιν⁸
885 999 940 1025 Καὶ

144 1040 183 1067 τὰ
195 1040 272 1068 ὀστᾶ
283 1050 344 1075 μου
359 1042 512 1076 ηὺχμώθη,
526 1042 620 1070 Ταῦτα
631 1044 659 1070 δὲ
675 1045 808 1078 ἀναγκαῖα
826 1045 893 1080 πρὸς
904 1045 942 1070 δι-

144 1085 294 1114 δασκαλίαν
308 1088 356 1114 καὶ
368 1088 550 1123 ὑπογραμμὸν
563 1089 618 1116 τῶν
633 1091 757 1124 ἀφέσεως
773 1092 863 1125 τυχεῖν
882 1091 943 1126 βου-

144 1131 269 1167 λομένων
284 1132 337 1159 τῶν
351 1134 459 1160 οἰκείων
474 1133 729 1170 πλημμελημάτων.

180 1176 270 1211 Παρὰ
283 1176 398 1210 πάντας
412 1177 482 1210 τοὺς
500 1178 625 1213 ἐχθρούς
638 1189 698 1214 μου
710 1180 858 1214 ἐγενήθην
869 1181 943 1208 ὄνει-

144 1221 209 1255 δος,
221 1222 272 1249 καὶ
286 1223 348 1256 τοῖς
360 1224 474 1259 τεὶτοσί
488 1235 547 1260 μου
563 1226 693 1260 σφόδρα,
713 1227 761 1253 καὶ
779 1228 869 1261 φίεος
881 1228 942 1261 τοῖς

143 1268 293 1303 γνωστοῖς
310 1278 377 1303 μου.
403 1272 435 1297 Ol
450 1271 629 1305 θεωροῦντές
640 1281 678 1306 με
692 1273 750 1304 ἔξω
766 1274 880 1308 ἔφυγον
891 1275 942 1300 ἀπ’

143 1313 218 1347 ἐμοῦ
227 1321 235 1329 ⁰
253 1314 431 1350 ἐπελήσθην
443 1317 514 1343 ὡσεὶ
529 1317 637 1351 νεκρὸς
652 1318 710 1344 ἀπὸ
730 1318 854 1351 καρδίας
865 1327 871 1333 ”
884 1319 944 1352 ἐγε-

142 1359 244 1394 νήθην
252 1361 324 1388 ὡσεὶ
349 1363 461 1396 σκεῦος
474 1364 643 1396 ἀπολωλός.
661 1364 753 1391 Ταῦτα
769 1365 942 1400 ἀναφέρομεν

143 1405 191 1431 ἐπὶ
213 1405 260 1432 τὸν
283 1406 378 1442 καιρὸν
393 1407 440 1434 τοῦ
458 1408 560 1440 πάθους
576 1408 623 1435 τοῦ
640 1409 765 1444 Σωτῆρος
787 1409 875 1444 ἡμῶν,
893 1410 942 1445 ἁρ-

145 1451 223 1486 μόζοι
238 1450 271 1478 ἂν
286 1452 333 1478 ὑπ’
348 1453 430 1479 αὐτοῦ
444 1453 580 1488 λέγεσθαι,
595 1455 638 1480 ὅτε
662 1456 685 1480 οἱ
706 1454 797 1490 ἐχθροὶ
822 1456 941 1491 ἀνηρτη-

143 1496 225 1532 μένον
248 1497 367 1533 ὁρῶντες
390 1499 469 1525 αὑτὸν
485 1499 656 1531 ἐπετώθαζον
671 1500 855 1531 ὀνειδίζοντες,
870 1500 942 1526 κατὰ

142 1541 179 1569 τὰ
193 1543 376 1578 γεγραμμένα
399 1544 427 1570 ἐν
449 1545 504 1576 τοῖς
521 1545 711 1578 Εὑαγγελίοις·
730 1545 798 1570 οἵτε
813 1545 940 1579 γνωστοὶ,

143 1590 192 1616 καὶ
207 1590 232 1616 οι
252 1589 383 1625 μαθηταὶ,
394 1590 439 1617 καὶ
454 1590 534 1625 φίλοι,
547 1591 621 1626 φόϐῳ
637 1592 828 1623 ὑποπεσόντες,
843 1592 942 1627 ἀνεχώ-

144 1643 210 1671 ρουν
233 1635 442 1667 καταλείποντες
462 1637 558 1663 αὐτόν·
578 1637 622 1663 ὅτε
638 1638 685 1663 καὶ
709 1639 723 1663 ὁ
744 1639 938 1675 πρωτοστάτης

141 1681 193 1708 τοῦ
208 1681 291 1717 χοροῦ
308 1682 362 1709 τῶν
379 1682 461 1716 αὑτοῦ
475 1683 602 1719 μαθητῶν
615 1684 730 1719 ἤρνηται
743 1685 823 1711 αὐτὸν
837 1685 935 1720 τρίτον.

144 1727 216 1754 Τότε
230 1727 259 1753 δὲ
269 1729 315 1755 καὶ
327 1729 467 1764 ἁπελήσθη
479 1730 544 1756 ὡσεὶ
558 1730 653 1766 νεκρὸς
664 1731 717 1757 ἀπὸ
729 1731 857 1766 καρδίας⁸
871 1732 938 1759 ἀλλὰ

144 1772 195 1799 καὶ
217 1773 344 1811 ἐνομίσθη
368 1776 509 1809 γεγονέναι
525 1775 562 1807 ὡς
585 1776 681 1809 σκεῦος
698 1777 847 1809 ἀπολωλός.
865 1778 938 1813 Πλὴν

144 1818 215 1845 ἀλλὰ
227 1819 276 1846 καὶ
292 1819 379 1847 ταῦτα
391 1821 437 1847 ἐπὶ
453 1821 498 1848 τὸν
512 1823 540 1847 ὲν
554 1821 592 1856 τῷ
606 1822 706 1857 ψαλμῷ
722 1822 936 1858 ἐξομολογούμε-

143 1873 190 1892 νον
204 1865 396 1902 ἀναφερόμενα
407 1867 628 1903 ὑπερϐάλλουσαν
640 1869 721 1896 αὑτοῦ
736 1870 883 1905 παρίστησι
894 1870 939 1896 κά-

142 1919 238 1937 κωσιν.
254 1911 334 1938 Οὖτω
359 1911 413 1947 γὰρ
426 1913 520 1939 ἑαυτὸν
536 1913 672 1948 ὲξέτηκεν,
688 1914 725 1945 ὡς
738 1914 872 1940 ἐκλείπειν
889 1915 938 1949 μὲν

142 1956 225 1983 αὑτοῦ
252 1957 281 1983 ὲν
305 1957 385 1993 ὀδύνῃ
402 1958 450 1993 τὴν
467 1957 549 1994 ζωὴν,
567 1959 612 1985 καὶ
637 1959 684 1995 ἔτη
709 1961 738 1986 ὲν
765 1962 936 1995 στεναγμοῖς,

143 2001 292 2038 ἀσθενῆσαι
306 2002 335 2029 δὲ
351 2003 379 2029 ὲν
392 2004 512 2040 πτωχείᾳ
526 2005 575 2040 τὴν
589 2006 676 2040 ἰσχὺν,
688 2006 735 2032 καὶ
750 2006 782 2032 τὰ
794 2007 874 2032 ὀστέα
888 2006 937 2041 τῆς

143 2046 232 2083 ψυχῆς
258 2047 341 2074 αὐτοῦ
364 2050 548 2085 ταραχθῆναι·
571 2051 613 2085 ἐφ’
628 2049 668 2082 οἷς
691 2052 737 2077 καὶ
761 2051 872 2085 ἐγελᾶτο
887 2052 939 2078 ὑπὸ

142 2093 199 2120 τῶν
213 2089 328 2130 ἐχθρῶν,
344 2095 381 2126 ὡς
395 2096 455 2130 εἰκῆ
471 2097 519 2122 καὶ
533 2097 621 2132 μάτην
638 2098 734 2124 ἑαυτὸν
748 2098 937 2124 κατακόπτων.

144 2138 184 2164 οὐ
200 2138 280 2173 μόνον
291 2138 319 2164 δὲ
337 2139 412 2174 παρὰ
425 2141 483 2171 τοῖς
501 2141 608 2176 ἐχθροῖς
625 2142 729 2175 ἐγίνετο
745 2142 855 2173 ὄνειδος,
871 2142 939 2168 ἀλλὰ

144 2185 194 2211 καὶ
211 2184 288 2220 παρὰ
300 2186 356 2216 τοῖς
370 2185 487 2218 γείτοσιν
502 2186 585 2212 αὑτοῦ
603 2188 659 2218 τοῖς
676 2187 791 2222 μάλιστα
806 2188 886 2213 αὑτὸν
902 2188 939 2213 εἰ-

142 2229 212 2262 δόσι,
229 2229 275 2256 διὰ
289 2229 319 2256 τὺ
335 2229 448 2264 ἔγγιστα
467 2231 559 2257 οἰκεῖν.
585 2227 664 2257 Οὗτοι
679 2231 742 2267 γὰρ,
757 2231 872 2267 ὁρῶντες
888 2232 938 2258 αὺ-

143 2275 190 2302 τὸν
207 2275 412 2311 κατατρύχοντα
425 2277 454 2303 ὲν
467 2278 500 2311 τῇ
515 2277 583 2312 πρὸς
595 2277 640 2303 τὸν
655 2277 721 2303 Θεὸν
738 2277 937 2313 ἐξομολογήσει,

143 2321 300 2355 κατεγέλων
322 2322 405 2348 αὐτοῦ
431 2322 477 2348 καὶ
497 2322 643 2354 ὠνείδιζον.
659 2323 689 2348 Oi
706 2322 734 2348 δὲ
755 2323 938 2358 προσήκοντες
952 2320 977 2348 Ι)

143 2368 219 2404 αὐτῷ
241 2370 383 2403 συγγενεῖς
404 2368 452 2395 καὶ
473 2368 544 2402 φίλοι
560 2369 607 2394 καὶ
622 2368 777 2402 ἐφοϐοῦντο,
794 2369 831 2400 ὡς
847 2378 936 2404 μεμη-

142 2414 209 2441 νότα
232 2415 280 2442 καὶ
304 2415 353 2446 τὰς
376 2415 477 2450 φρένας
501 2414 683 2451 ἐξεστηκότα·
701 2414 771 2442 ὥστε
785 2416 935 2450 ἀναχωρεῖν

143 2460 191 2488 καί
203 2462 314 2496 φεύγειν
329 2462 358 2495 ἐξ
371 2461 464 2493 αὑτοῦ,
475 2461 714 2494 ἀπογινώσκοντας
726 2461 807 2488 αὑτοῦ
819 2462 868 2496 τὴν
881 2471 935 2487 σω-

142 2507 253 2543 τηρίαν,
275 2507 361 2543 λήθην
376 2516 407 2534 τε
423 2507 505 2534 αὑτοῦ
523 2508 658 2533 ποιεῖσθαι
682 2506 750 2534 ὡσεὶ
770 2507 816 2532 καὶ
837 2506 933 2542 νεκροῦ

142 2553 193 2589 ήδη
209 2553 366 2588 γενομένου,
381 2553 429 2581 καὶ
443 2554 481 2585 ὡς
493 2553 557 2588 περὶ
574 2552 686 2584 σκεύους
700 2552 869 2584 ἀπολωλότος
879 2553 936 2578 δια-

143 2596 259 2623 κεῖσθαι.
276 2596 370 2623 Ταῦτα
396 2597 484 2624 πάντα
510 2596 670 2624 πεπονθέναι
697 2597 825 2631 ἔφασκεν,
841 2598 936 2624 ἑαυτὸν

142 2642 237 2669 κακῶν
249 2641 440 2678 ἐξομολογήσει
454 2643 502 2669 καὶ
518 2643 655 2678 μετανοίᾳ.
665 2643 733 2669 Ἀλλ’
745 2643 798 2670 οἶδε
815 2643 874 2678 μὲν,
883 2652 935 2678 φη-

144 2686 182 2720 σὶ,
199 2688 315 2715 τοιοῦτοι
327 2689 454 2723 γεγόνασι
468 2690 532 2725 περὶ
546 2689 605 2724 ὲμέ.
615 2689 685 2723 Ἐγὼ
702 2689 730 2716 δὲ
746 2690 796 2716 οὐκ
813 2690 876 2716 ἄνευ
892 2689 936 2716 λό-

142 2742 192 2768 γου
206 2734 291 2766 οὕτως
299 2735 417 2770 ὲμαυτὺν
429 2733 505 2771 ἦγον,
517 2735 574 2762 ἀλλ’
583 2736 731 2772 ἐπειδήπερ
743 2736 841 2771 ἢκουον
854 2736 937 2771 ψόγον

143 2779 249 2807 ⁸πολλῶν
264 2781 466 2816 παροικούντων
480 2782 619 2814 κυκλόθεν,
633 2783 657 2808 οἰ
668 2782 728 2809 τότε
745 2783 933 2818 συναιρόμενοι

143 2824 190 2852 ἰπὶ
201 2825 232 2852 τὸ
243 2825 309 2852 αὐτὸ
320 2826 413 2852 λαϐεῖν
423 2826 472 2862 τὴν
482 2827 570 2862 ψυχήν
582 2836 632 2862 μου
642 2827 821 2863 ἑνεθυμοῦντο
831 2837 836 2843 ·
846 2829 870 2854 οἱ
881 2828 934 2863 γὰρ

180 2916 204 2933 ’⁸
223 2917 305 2972 1031:.
323 2927 361 2946 vn
373 2938 380 2951 ,
396 2919 439 2945 58.

994 994 1166 1019 exaruerunt.
1188 989 1251 1015 Ilaac
1270 995 1353 1023 porro
1371 993 1436 1015 sunt
1453 988 1496 1020 iis,
1514 988 1560 1022 qui
1578 988 1712 1015 scelerum
1734 996 1781 1015 su-

993 1045 1073 1064 orum
1102 1035 1212 1062 veniam
1236 1033 1372 1068 consequi
1387 1036 1543 1068 peroptant,
1561 1033 1592 1060 ad
1609 1032 1781 1067 disciplinam

993 1089 1018 1110 et
1034 1081 1184 1116 exemplum
1203 1080 1367 1107 necessaria.

1029 1180 1113 1209 Vens.
1142 1181 1237 1208 l'Z—H.
1256 1181 1342 1216 Super
1358 1190 1447 1208 omnes
1481 1181 1602 1208 inimicos
1636 1190 1707 1209 meo;
1738 1182 1781 1216 fa-

994 1232 1050 1253 ctus
1070 1235 1127 1253 sunt
1149 1226 1316 1261 opprobrium
1332 1232 1356 1254 et
1371 1227 1461 1254 vicinis
1484 1227 1546 1253 meis
1565 1226 1648 1259 valde,
1662 1232 1686 1254 et
1702 1227 1782 1254 timor

994 1274 1062 1300 notis
1078 1273 1152 1299 meis.
1181 1273 1233 1305 Qui
1253 1273 1373 1300 uidebant
1390 1281 1440 1305 me,
1456 1273 1529 1307 foras
1547 1273 1670 1308 fugerunt
1693 1281 1708 1299 a
1722 1270 1781 1300 me:

994 1320 1117 1347 oblivioni
1138 1320 1216 1346 datus
1233 1328 1292 1346 sum
1309 1324 1435 1354 tanquam
1449 1324 1567 1346 mortuus
1590 1328 1606 1346 a
1620 1318 1706 1346 corde.
1723 1317 1780 1345 Fa-

993 1371 1050 1393 ctus
1073 1374 1131 1392 sum
1154 1371 1279 1400 tanquam
1301 1374 1346 1392 vas
1368 1365 1510 1399 perditum.
1536 1364 1599 1392 Haec
1619 1364 1653 1392 ad
1672 1369 1780 1400 tempus

993 1413 1129 1447 passionis
1147 1412 1299 1439 Salvatoris
1314 1412 1401 1439 nostri
1424 1411 1577 1442 referimus,
1595 1419 1655 1446 quae
1669 1411 1703 1438 ab
1719 1412 1780 1446 ipso

993 1461 1177 1492 congruenter
1189 1456 1263 1483 dicta
1287 1456 1398 1487 fuerint,
1415 1455 1524 1491 quando
1540 1455 1642 1482 inimici
1663 1463 1780 1490 suspen-

993 1512 1054 1531 sum
1070 1503 1193 1530 videntes
1211 1502 1361 1530 irridebant
1375 1509 1448 1533 eum,
1466 1501 1621 1536 opprobriis
1638 1501 1779 1528 incessen—

994 1554 1049 1580 les,
1074 1552 1103 1575 ut
1123 1549 1150 1576 in
1165 1548 1320 1583 Evangeliis
1344 1548 1475 1582 scriptum
1497 1551 1539 1574 est
1557 1556 1563 1573 :
1586 1554 1618 1574 ac
1633 1546 1690 1573 noti
1707 1545 1778 1580 ejus,

994 1595 1120 1630 discipuli
1137 1601 1164 1625 et
1179 1595 1270 1628 amici,
1287 1598 1359 1621 metu
1385 1593 1503 1627 correpti
1527 1592 1701 1624 recedebant,
1718 1593 1780 1627 ipso

990 1642 1104 1674 relicto;
1127 1641 1237 1675 quando
1268 1640 1292 1667 is
1319 1640 1366 1674 qui
1391 1638 1589 1673 discipulorum
1606 1637 1672 1672 .ejus
1695 1637 1779 1665 choro

988 1691 1118 1722 praeerat,
1137 1691 1178 1713 ter
1195 1686 1284 1721 ipsum
1311 1685 1429 1719 negavit.
1453 1683 1531 1710 Tunc
1554 1691 1620 1711 sane
1644 1680 1778 1711 oblivioni

989 1733 1069 1760 datus
1085 1737 1128 1760 est
1146 1737 1276 1767 tanquam
1304 1736 1430 1758 mortuus
1454 1737 1469 1756 a
1486 1729 1588 1761 corde;
1617 1729 1671 1756 imo
1694 1730 1779 1757 etiam

988 1782 1119 1814 tanquam
1147 1785 1196 1805 vas
1223 1776 1360 1812 perditum
1393 1778 1535 1810 reputatus
1560 1778 1612 1802 est.
1643 1774 1778 1801 Caeterum

988 1824 1045 1851 luec
1062 1824 1085 1851 si
1102 1824 1135 1850 ad
1152 1831 1214 1850 eum
1226 1823 1272 1857 qui
1291 1822 1317 1848 in
1331 1822 1436 1857 psalmo
1453 1821 1598 1848 conﬁtetur
1614 1819 1778 1853 referantur,

983 1867 1138 1897 extremam
1156 1870 1215 1904 ejus
1229 1869 1369 1896 miseriam
1388 1873 1415 1895 et
1428 1866 1601 1894 aﬂlictionem
1625 1866 1777 1894 declarant.

989 1916 1028 1943 ita
1043 1917 1115 1942 enim
1134 1923 1195 1943 sese
1212 1914 1369 1945 maceravit,
1385 1919 1415 1940 ut
1428 1913 1558 1940 deﬁceret
1573 1913 1600 1939 in
1614 1912 1708 1939 dolore
1721 1912 1777 1938 vita

988 1962 1066 1995 eius,
1087 1965 1114 1988 et
1138 1961 1201 1988 anni
1225 1961 1285 1994 ejus
1309 1961 1335 1986 in
1365 1959 1528 1994 gemitibus,
1552 1958 1640 1986 virtus
1663 1958 1723 1992 ejus
1747 1957 1776 1984 in

990 2011 1147 2041 paupertate
1171 2006 1366 2037 intirmaretur,
1386 2009 1414 2032 et
1429 2012 1491 2032 ossa
1515 2005 1613 2031 animae
1633 2003 1694 2038 ejus
1710 2011 1777 2030 con—

990 2053 1181 2085 turbarentur;
1202 2060 1256 2086 qua
1281 2052 1308 2078 in
1330 2059 1359 2078 re
1389 2051 1427 2078 ab
1442 2050 1559 2077 inimicis
1579 2058 1688 2085 quoque
1703 2049 1778 2076 deri-

989 2100 1115 2130 debatur,
1130 2098 1210 2133 quasi
1232 2099 1258 2125 in
1270 2105 1370 2125 vanum
1385 2105 1417 2124 ac
1436 2097 1536 2124 frustra
1552 2104 1612 2124 sese
1634 2096 1774 2131 atiligeret.

990 2145 1048 2172 Non
1064 2145 1144 2171 modo
1161 2149 1250 2171 autem
1266 2143 1385 2170 inimicis
1408 2143 1434 2169 in
1451 2142 1628 2177 opprobrium
1652 2141 1714 2172 fuit,
1729 2139 1776 2168 sed

990 2191 1072 2218 etiam
1090 2190 1198 2223 vicinis,
1213 2190 1260 2225 qui
1274 2190 1347 2224 quod
1363 2190 1486 2224 proxime
1503 2189 1667 2220 habitarent,
1685 2188 1776 2223 ipsum

990 2237 1074 2271 probe
1096 2240 1240 2264 noverant.
1272 2235 1327 2270 lpsi
1349 2243 1466 2270 namque
1491 2234 1613 2262 videntes
1641 2233 1716 2260 illum
1747 2233 1776 2260 in

991 2282 1164 2310 confessione
1189 2281 1223 2308 ad
1239 2281 1323 2308 Deum
1351 2281 1452 2308 etnissa
1485 2287 1545 2306 sese
1575 2281 1772 2310 maeerantem,

991 2327 1141 2354 irridcbant
1164 2334 1226 2354 eum
1237 2330 1263 2353 et
1287 2326 1442 2361 opprobriis
1468 2324 1628 2352 onerabant.
1659 2323 1774 2359 Cognati

990 2381 1053 2400 vero
1070 2376 1096 2399 et
1111 2372 1206 2404 amici,
1225 2372 1271 2407 qui
1284 2372 1374 2407 ipsum
1388 2371 1534 2398 convenire
1553 2370 1686 2401 solebant,
1702 2373 1774 2396 metu

990 2418 1127 2452 perterriti
1143 2421 1232 2448 erant,
1252 2424 1284 2443 ac
1301 2417 1324 2444 si
1340 2424 1402 2443 eum
1430 2415 1612 2442 insanientem
1637 2421 1668 2441 ac
1684 2418 1776 2441 mente

988 2464 1136 2490 alienatum
1158 2462 1310 2495 vidissent;
1330 2463 1365 2489 ita
1385 2467 1412 2488 ut
1429 2461 1463 2487 de
1485 2460 1572 2488 salute
1593 2460 1654 2494 ejus
1676 2459 1776 2495 despe-

989 2513 1082 2536 rantes
1098 2508 1259 2535 secederent
1280 2512 1307 2535 et
1322 2507 1482 2541 aufugercnt
1494 2525 1501 2538 ,
1533 2505 1676 2540 ipsumque
1690 2505 1773 2532 veluti

985 2555 1040 2590 jam
1066 2558 1203 2581 mortuum
1225 2554 1356 2582 oblivioni
1380 2553 1489 2584 darent,
1516 2559 1548 2578 ac
1573 2556 1702 2587 tanquam
1725 2559 1773 2579 vas

987 2600 1121 2635 perditum
1135 2600 1278 2627 haberent.
1295 2600 1357 2626 Haec
1371 2598 1462 2626 omnia
1478 2605 1635 2633 perpessum
1652 2606 1681 2625 se
1696 2598 1774 2625 testi-

988 2646 1084 2672 ﬁcatur
1097 2665 1104 2677 ,
1121 2646 1185 2673 dum
1203 2654 1232 2672 se
1250 2647 1278 2673 in
1295 2645 1467 2672 confessione
1484 2648 1510 2672 et
1525 2645 1682 2679 pcenitentia
1706 2643 1773 2672 allii-

989 2695 1073 2726 geret.
1093 2690 1146 2718 Sed
1164 2690 1202 2717 illi
1218 2691 1339 2725 quidem,
1358 2690 1406 2721 ait,
1427 2690 1468 2717 sic
1487 2697 1551 2724 erga
1572 2697 1614 2716 me
1637 2697 1666 2716 se
1680 2697 1774 2724 gesse-

989 2742 1062 2765 runt.
1081 2737 1137 2772 Ego
1152 2745 1216 2765 vero
1234 2745 1287 2764 non
1303 2737 1363 2764 sine
1379 2736 1495 2764 consilio
1511 2741 1537 2763 et
1552 2735 1656 2763 ratione
1673 2743 1716 2762 me
1732 2736 1774 2764 sic

988 2791 1067 2819 agere
1079 2784 1206 2819 putabam
1222 2791 1228 2808 :
1245 2782 1293 2810 sed
1307 2782 1370 2817 quia
1387 2782 1528 2809 audiebam
1545 2780 1773 2816 vituperationem

987 2830 1135 2858 multorum
1149 2828 1377 2857 commorantium
1395 2828 1423 2856 in
1438 2828 1567 2860 circuitu,
1579 2827 1624 2862 qui
1640 2831 1704 2854 tunc
1719 2832 1773 2853 uua
