2056 3214
272 207 324 235 ST!

620 205 753 233 EL’SEBII
772 205 1011 233 CESABIENSIS
1029 205 1105 234 OPP.
1125 204 1215 234 PARS
1233 204 1277 232 ιιι.
1291 220 1326 224 -
1343 203 1541 232 EXEGE’I'ICA.

1844 207 1898 232 272

276 266 473 294 cutn'eulebant
495 272 528 292 eo
542 264 668 295 consilio.
684 269 714 292 ut
727 265 846 292 animam
873 273 960 293 meam
989 266 1060 292 acci-

1111 266 1223 300 ἀφανεῑς
1248 264 1294 291 καὶ
1317 264 1427 299 ἀόρατοι
1450 263 1551 298 ἐχθροὶ,
1571 260 1763 296 περιπεσόντος
1786 268 1838 296 μου
1863 261 1896 296 τῇ

278 316 386 348 perant;
412 319 474 338 nam
493 311 594 339 occulti
618 314 645 339 et
665 310 815 339 invisibiles
838 311 953 343 inimici,
974 320 1016 339 me
1032 311 1059 339 in

271 362 418 394 peccatum
433 359 557 393 lapso.iu
579 366 663 385 unum
686 359 844 393 congregati
867 363 931 386 sunt
953 363 983 386 ut
1000 358 1060 385 ani-

277 412 348 432 mam
371 411 457 431 meam
476 408 622 439 raperent;
649 404 709 431 ideo
733 411 828 432 eorum
853 404 969 432 insidias
995 405 1059 432 sub-

273 450 417 481 odoratus,
432 449 484 476 tale
501 449 534 476 de
550 457 592 476 me
610 450 773 484 supplicium
792 450 916 484 sumpsi;
935 449 1059 485 cogitans

276 503 342 522 ntuu
368 495 438 522 forte
453 494 533 527 Deus,
558 501 703 530 conspecta
727 496 884 530 hujusmodi
908 495 1060 530 abjcctione

275 549 347 573 mea,
362 540 548 568 misericordia
565 545 654 568 motus
668 549 711 568 me
725 541 892 569 liberaturus
905 545 987 569 esset.

312 586 395 614 Vsus.
412 586 454 618 15,
468 585 512 613 16.
535 585 590 620 Ego
607 590 694 613 autent
716 587 744 613 in
765 591 789 613 te
805 587 917 620 speravi,
936 586 1060 618 Domine;

277 631 353 661 dixi:
366 632 435 660 Deus
453 641 523 659 meus
539 640 567 659 es
584 637 621 663 ιιι,
639 633 666 659 in
682 632 802 660 manibus
823 634 874 660 tuis
891 638 972 660 sortes
985 642 1058 660 meta.

278 679 341 706 llaec
358 678 484 709 inimicis,
503 677 600 712 inquit,
617 683 712 705 contra
729 686 771 705 me
789 679 974 710 molientibus,
990 679 1015 706 in
1033 683 1060 706 te

277 724 530 760 speravi,Domine;
547 724 666 759 dixique,
683 728 708 752 te
725 724 812 753 solum
825 725 890 753 mihi
908 725 1060 759 adjutorem

277 769 399 796 suliicere
414 779 420 796 τ
436 777 509 801 nam,
528 769 596 796 Deus
621 777 691 801 meus
708 778 735 796 es
759 775 798 802 tu,
818 771 845 797 in
861 771 986 799 manibus
1009 773 1059 800 luis

277 821 360 842 sortes
371 822 444 842 mete.
453 814 505 841 Pro
519 822 573 849 quo
584 818 639 841 tum
650 814 781 842 llebraica
793 816 883 848 lectio,
894 822 950 844 tum
963 818 1060 853 reliqui

277 859 451 894 interpretes,
468 865 583 894 tempora
607 867 674 891 mea,
684 860 838 890 ediderunt.
863 862 974 891 Etiamsi
988 865 1060 891 cnim

276 906 378 933 inimici
396 906 451 941 jam
472 905 589 933 maxime
605 906 711 935 viribus
729 908 847 940 valeant,
871 909 950 944 quasi
965 910 1061 937 adver-

1113 311 1243 347 ἁμαρτίᾳ,
1259 310 1452 337 συνετάσσοντο
1474 308 1542 344 πρὸς
1566 307 1705 342 ἀλλήλους,
1723 306 1797 338 ὅπως
1820 306 1899 341 διαρο

1112 358 1218 384 πάσωσι
1241 356 1290 392 τὴν
1315 355 1384 391 ἐμὴν
1410 355 1509 390 ψυχήν.
1535 354 1634 388 Διόπερ
1648 352 1712 387 ἐγὼ,
1729 353 1779 387 τῆς
1797 351 1899 378 τούτων

1112 402 1255 437 ἐπιϐουλῆς
1270 400 1486 436 συναισθόμενος,
1500 400 1532 434 τῇ
1546 398 1665 434 τοσαύτῃ
1677 398 1794 433 ἐμαυτὸν
1809 396 1900 424 ἐπεδί-

1112 447 1171 474 δουν
1191 446 1319 482 τιμωρίᾳ,
1335 445 1361 471 εί
1380 453 1436 476 πως
1452 444 1504 479 ἄρα
1523 445 1537 469 ό
1551 443 1617 474 Θεὸς
1633 442 1677 469 διὰ
1696 441 1745 477 τὴν
1766 441 1900 477 τοσαύτην

1114 501 1164 528 μου
1185 492 1347 519 ταπείνωσιν
1373 489 1492 525 ἐλεήσειε
1516 498 1549 524 με
1577 489 1624 516 καὶ
1647 487 1758 524 ῥύσαιτο
1781 487 1829 522 τῆς
1845 487 1900 514 τῶν

1113 538 1218 574 ἐχθρῶν
1232 537 1386 572 ἐπιϐουλῆς.

1155 584 1223 618 Έγιὼ
1239 583 1273 610 δὲ
1289 583 1337 609 ἐπὶ
1359 583 1408 609 σοι
1425 582 1552 616 ἤλπισα,
1565 582 1652 615 Κύριε
1662 588 1669 596 °
1690 580 1759 607 εῐπα
1768 589 1774 594 ·
1788 580 1829 607 Σὺ
1841 577 1871 606 εἴ
1883 580 1900 606 ό

1113 629 1186 663 Θεός
1196 638 1266 664 μου,
1280 629 1316 656 ἐν
1329 628 1393 661 ταῖς
1405 629 1492 662 χερσί
1502 635 1560 655 σου
1573 629 1600 654 οἱ
1612 626 1720 662 κλῆροι
1728 635 1798 662 μου.
1807 627 1899 653 Ταῦτα

1112 677 1165 702 τῶν
1179 675 1284 711 ἐχθρῶν
1301 684 1362 710 μου,
1376 675 1452 710 φησὶ,
1469 673 1668 709 βουλευομένων
1683 673 1743 701 κατ’
1762 673 1840 709 ἐμοῦ,
1853 673 1901 700 ἐπὶ

1113 720 1142 747 σὲ
1160 721 1270 756 ήλπισα,
1286 720 1388 756 Κύριεο
1410 719 1501 753 ἔλεγόν
1522 719 1552 745 τὲ
1576 727 1606 745 σε
1632 718 1712 753 μόνον
1733 718 1829 753 βοηθόν
1855 726 1900 753 μοι

1112 768 1246 803 ἀπαρκεῖν
1256 775 1262 781 ·
1280 767 1351 799 Θεὸς
1368 765 1424 799 γάρ
1442 774 1500 800 μου
1512 763 1542 792 εἴ
1550 765 1601 796 σὺ,
1613 764 1648 791 ἐν
1660 764 1724 797 ταῖς
1738 764 1826 799 χερσί
1841 772 1900 792 σου

1113 814 1140 839 οἱ
1155 812 1262 846 κλῆροι
1271 821 1330 846 μου
1341 820 1348 828 ’
1369 810 1428 839 ἀνθ’
1441 806 1482 842 οὗ,
1498 812 1524 837 οι
1541 809 1636 843 καιροί
1650 818 1720 844 μου,
1734 810 1750 844 ἡ
1769 808 1899 844 Ἐϐραῖκὴ

1113 859 1265 894 ἀνάγνωσις
1284 858 1330 885 καὶ
1344 858 1368 884 οἱ
1383 858 1471 884 λοιποὶ
1485 856 1650 892 ἐρμηνευταὶ
1662 855 1851 883 ὲκδεδώκασιν.
1868 855 1900 881 ΕΞ

1113 905 1168 941 γὰρ
1193 905 1239 932 καὶ
1262 904 1295 931 τά
1323 904 1440 940 μάλιστα
1460 903 1507 930 νῦν
1531 904 1555 930 οἱ
1579 903 1671 939 ἐχθροὶ
1697 901 1898 937 κατισχύουσιν,

277 959 337 978 sum
360 959 403 978 me
420 953 492 978 nacti
509 956 691 986 opportunum
713 956 839 988 tempus;
862 957 890 980 at
909 953 975 981 mihi
992 958 1060 982 tem-

1111 950 1205 987 ὥσπερ
1218 950 1312 986 καιρὸν
1326 949 1432 985 ἔχοντες
1446 950 1504 976 κατ’
1519 948 1597 984 ἐμοῦ,
1615 948 1672 975 ἀλλ’
1690 949 1714 974 οἱ
1729 948 1792 983 ἐμοὶ
1810 948 1901 982 καιροὶ

275 1004 340 1032 pora
365 1003 425 1024 mea
451 997 478 1024 in
501 997 627 1025 manibus
653 997 709 1025 tuis
732 1002 874 1029 reservata
902 1004 988 1027 sunt:
1005 1008 1060 1035 quo

276 1046 397 1077 tempore
429 1046 517 1070 sortes
543 1050 619 1071 meas
648 1050 732 1078 penes
761 1047 789 1072 te
819 1045 954 1080 repositas
980 1046 1057 1073 novi.

275 1087 456 1121 Quamobrem
470 1089 533 1123 jure
549 1089 676 1124 supplico
692 1089 865 1125 postuloque,
883 1099 926 1119 me
948 1091 974 1118 in
991 1099 1060 1126 prte-

277 1134 348 1161 senti
377 1135 411 1161 ab
439 1134 559 1162 inimicis
585 1139 611 1162 et
639 1142 654 1161 a
676 1135 902 1170 persequentibus
926 1143 969 1164 me
993 1136 1060 1164 libe-

277 1179 343 1206 rari.

320 1223 401 1251 Vens.
443 1223 537 1251 17-19.
575 1224 688 1252 Illustrn
727 1225 821 1259 facient
862 1230 934 1252 tuam
980 1232 1059 1259 super

275 1278 377 1297 servum
394 1274 478 1303 tuum,
493 1270 594 1297 salvum
612 1279 653 1298 me
674 1271 718 1305 fac
740 1271 767 1297 in
789 1271 971 1298 misericordia
995 1276 1059 1298 tua:

278 1316 407 1348 Domine,
439 1325 491 1343 non
515 1317 684 1351 confundor,
721 1318 848 1353 quoniam
877 1318 994 1345 invocavi
1023 1323 1057 1345 te.

276 1363 509 1396 Quemadmodum
528 1364 636 1391 oriente
656 1363 714 1392 sole
731 1364 851 1392 tenebrae
869 1364 1058 1399 dissipantur,

276 1409 328 1436 sub
345 1414 417 1436 terra
443 1409 587 1446 abscon'so,
612 1409 702 1436 omnia
720 1417 774 1437 nox
793 1413 924 1444 occupat,
940 1413 1060 1444 tuncque

274 1461 307 1480 ex
324 1453 442 1481 latibulis
464 1454 522 1482 suis
543 1454 680 1489 prodeunt
703 1455 767 1482 fera:
786 1459 925 1490 agrestes,
952 1455 1060 1490 virique

274 1500 392 1534 operarii
418 1499 588 1534 iniquitatis;
616 1500 670 1533 ita,
696 1500 751 1529 Deo
776 1508 882 1532 averso,
914 1501 1060 1536 insurgunt

275 1545 372 1571 anima:
386 1545 494 1576 hostes,
510 1546 651 1580 ipsamque
674 1546 876 1573 incursionibus
897 1546 1058 1579 molestant;

275 1589 335 1624 ipso
360 1593 448 1617 autem
469 1589 582 1618 Deitatis
603 1598 659 1618 suae
685 1591 777 1618 lumen
801 1592 958 1623 emittente,
986 1590 1059 1626 quod

275 1635 380 1661 vuitum
392 1634 438 1662 Dei
451 1634 592 1670 Scriptura
607 1643 705 1664 vocare
726 1637 878 1670 consuevit,
896 1641 963 1664 tunc
980 1645 1058 1665 aver-
1072 1623 1092 1652 ε

275 1684 372 1707 tuntur
383 1685 411 1707 et
425 1680 516 1715 fugam
540 1681 644 1708 faciunt
659 1690 755 1709 omnes
771 1684 818 1717 qui
834 1683 922 1710 amica
939 1684 1060 1711 tenebris

277 1732 359 1759 opera
375 1729 543 1761 perpetrant,
562 1733 593 1752 ac
608 1726 738 1761 quidquid
754 1727 808 1754 Deo
831 1729 1001 1755 contrarium
1018 1732 1061 1756 est.

278 1770 438 1806 d.ssipatur.
464 1770 555 1803 Quare
573 1779 619 1805 qut
642 1772 731 1806 pritno
747 1772 929 1800 conﬁtebatur
948 1774 1059 1802 dicens:

279 1815 393 1842 illustra
421 1815 516 1850 faciem
543 1821 616 1843 tuam
644 1825 723 1852 super
749 1827 852 1845 seruum
885 1823 981 1853 tuum,
1004 1819 1062 1854 jam

280 1868 402 1893 rursum,
419 1861 478 1888 Non
491 1866 602 1897 propter
624 1870 705 1898 opera
730 1871 799 1896 mea,
819 1864 919 1899 inquit,
932 1864 979 1892 sed
998 1858 1069 1900 pro;

277 1911 339 1941 pter
360 1907 576 1935 misericordiam
599 1913 672 1936 tuam
690 1909 804 1937 salutem
833 1910 957 1939 nancisci
983 1918 1059 1946 rogo;

278 1957 359 1988 atque
384 1953 481 1980 iterum
499 1963 506 1980 :
523 1953 656 1986 Quoniam
685 1958 712 1982 te
738 1955 877 1987 invocavi,
903 1956 1002 1991 inquit,
1027 1964 1061 1983 ne

279 1998 432 2026 confundar
445 1999 509 2034 quia
526 2000 633 2034 speravi
651 1999 677 2026 in
692 2003 728 2027 te.
743 2000 849 2027 Etenim
865 2001 957 2036 impiis
972 2002 1017 2036 qui
1035 2006 1061 2029 te

278 2043 363 2072 Deum
380 2051 434 2071 non
450 2049 553 2072 norunt‘
561 2045 737 2080 opprobrium
751 2046 875 2074 debetur.
892 2046 1062 2082 Quapropter

277 2090 326 2121 ait,
337 2089 500 2117 Erubescanl
516 2091 589 2125 impii
605 2097 629 2118 et
643 2091 807 2120 deducantur
818 2093 845 2119 in
857 2093 1004 2127 infernum;
1020 2094 1061 2121 vel

277 2135 427 2162 secundum
446 2136 570 2170 Aquilam
596 2141 623 2164 et
643 2136 845 2172 Symmachum,
863 2138 965 2166 Sileant
978 2139 1005 2165 in
1021 2140 1062 2166 in-

277 2181 362 2215 ferno.
382 2180 414 2207 Et
428 2181 483 2216 jam
495 2181 605 2216 quidem
621 2183 659 2209 illi
677 2182 825 2217 loquuntur
841 2185 925 2210 multa
942 2184 1016 2218 ausi;
1034 2189 1062 2211 at

276 2233 339 2254 cum
361 2226 388 2253 in
403 2231 598 2261 congruentem
624 2228 677 2255 sibi
701 2228 790 2255 locum
814 2229 922 2257 deducti
949 2230 1060 2264 fuerint,

1110 996 1312 1032 πεφυλαγμένοι
1335 996 1402 1022 είσὶν
1413 996 1443 1022 ὲν
1459 996 1519 1026 ταῖς
1538 995 1598 1026 σαῖς
1612 994 1706 1030 χερσίν
1717 1002 1723 1009 ·
1739 994 1769 1020 ἐν
1782 992 1822 1025 οἷς
1836 1001 1900 1020 και-ι

1111 1045 1168 1079 ροῖς
1182 1042 1229 1069 καὶ
1243 1042 1304 1074 τοὺς
1317 1041 1435 1076 ἐμαυτοῦ
1451 1041 1570 1076 κλήρους
1583 1038 1641 1067 οἶδα
1657 1039 1731 1076 παρὰ
1748 1039 1789 1066 σοὶ
1799 1039 1901 1074 euitat-

1110 1088 1213 1115 τεσθαι.
1229 1088 1273 1114 Διὸ
1286 1087 1398 1119 εἰκότως
1417 1086 1529 1113 ἱκετεύω
1552 1086 1599 1112 καὶ
1615 1085 1709 1121 δέομαι
1725 1085 1770 1111 ἐπὶ
1785 1084 1832 1111 τοῦ
1848 1093 1900 1111 πα-

1111 1134 1202 1170 ρόντος
1212 1133 1340 1169 ρυσθῆναι
1348 1133 1380 1159 ἐκ
1392 1132 1446 1159 τῶν
1457 1131 1560 1167 ἐχθρῶν
1575 1140 1625 1166 μου
1641 1131 1689 1158 καὶ
1703 1131 1736 1157 ἐκ
1747 1130 1800 1157 τῶν
1816 1138 1900 1157 κατα-

1110 1177 1263 1206 διωκόντων
1277 1187 1320 1214 με.

1152 1224 1313 1258 Ἐπιφανον
1329 1222 1363 1250 τὸ
1386 1224 1548 1257 πρόσωπόν
1564 1231 1622 1250 σου
1644 1223 1693 1250 ἐπὶ
1717 1223 1771 1250 τὸν
1787 1223 1900 1250 δοῦλόν

1110 1277 1167 1297 σου
1200 1269 1304 1296 σῶσόν
1325 1277 1364 1303 με
1382 1269 1416 1295 ὲν
1436 1268 1515 1295 ἐλέει
1530 1276 1588 1295 σου
1600 1276 1606 1284 ·
1624 1270 1723 1303 Κύριε,
1735 1269 1779 1304 μὴ
1801 1276 1899 1296 καται-

1110 1315 1291 1350 σχυνθειην,
1317 1315 1361 1341 ὅτι
1383 1313 1612 1349 ἐπεκαλεσιὴλην
1635 1323 1681 1342 σε.
1696 1315 1799 1350 Ὥσπερ
1824 1314 1900 1350 ήλίου

1110 1361 1299 1393 ἀνατείλαντος
1315 1360 1408 1387 λύεται
1433 1360 1463 1387 τὸ
1487 1361 1581 1392 σκότος
1591 1369 1597 1376 ·
1614 1361 1665 1387 ὑπὸ
1679 1361 1730 1396 γῆν
1743 1361 1772 1387 δὲ
1786 1360 1898 1395 γενομέ-

1109 1418 1166 1441 νου,
1184 1409 1232 1442 νὺξ
1249 1409 1425 1444 διαλαμϐάνει
1443 1408 1473 1434 τὸ
1490 1409 1559 1435 πᾶν·
1576 1408 1686 1443 προΐασι
1702 1416 1731 1434 τε
1746 1408 1776 1433 ἐκ
1789 1407 1843 1433 τῶν
1858 1407 1899 1434 οίο

1110 1455 1192 1482 κείων
1206 1455 1381 1482 καταδύσεων
1400 1455 1483 1490 θῆρες
1500 1454 1591 1489 ἀγριοι.
1608 1454 1654 1480 καὶ
1670 1453 1765 1488 ἄνδρες
1780 1461 1899 1488 κακουρ-

1109 1501 1171 1534 γίας
1187 1501 1317 1536 ἐργάται·
1331 1501 1426 1532 οὕτως,
1443 1499 1679 1535 ἀποστρεφομένου
1696 1499 1746 1534 μὲν
1762 1498 1808 1525 τοῦ
1821 1498 1898 1530 Θεοῦ,

1110 1547 1133 1572 οἱ
1148 1547 1196 1581 τῆς
1209 1545 1299 1581 ψυχῆς
1313 1545 1404 1582 ἐχθροὶ
1421 1545 1614 1572 ἐπανίστανται
1629 1545 1675 1570 καὶ
1689 1544 1901 1579 κατατρέχουσιν

1110 1591 1194 1627 αὐτῆς
1203 1600 1209 1607 ·
1223 1591 1424 1627 ἐπιλάμψαντος
1437 1591 1465 1618 δὲ
1477 1590 1558 1618 αὑτοῦ
1569 1590 1599 1617 τὸ
1610 1590 1667 1624 φῶς
1681 1590 1731 1625 τῆς
1744 1590 1827 1617 αὐτοῦ
1841 1589 1899 1616 0εό-

1110 1646 1200 1672 τητος,
1215 1638 1283 1674 ὅπερ
1296 1638 1440 1674 πρόσωπον
1449 1636 1515 1663 Θεοῦ
1530 1636 1674 1671 ὀνομάζειν
1686 1635 1780 1662 εἴωθεν
1793 1636 1810 1671 ἡ
1827 1636 1897 1671 Γρακ-

1111 1684 1158 1718 φὴ,
1175 1683 1375 1719 ἀποτρέπονται
1391 1683 1438 1718 μὲν
1450 1682 1497 1709 καὶ
1511 1682 1697 1717 ἀποφεύγουσι
1714 1681 1814 1713 πάντες
1825 1681 1851 1707 οἱ
1866 1682 1902 1707 τὰ

1112 1729 1177 1763 φίλα
1190 1728 1236 1755 τοῦ
1252 1728 1363 1760 σκότους
1381 1728 1449 1764 ἔργα
1471 1728 1708 1764 διαπραττόμενοι,
1720 1727 1857 1754 διαλύεται
1871 1726 1899 1754 δὲ

1111 1775 1165 1802 πᾶν
1180 1775 1210 1801 τὸ
1224 1774 1344 1801 ἐναντίον
1360 1775 1399 1810 τῷ
1414 1774 1483 1810 Θεῷ.
1499 1774 1543 1800 Διὸ
1561 1773 1714 1810 παρακαλεῖ
1725 1774 1739 1800 ό
1754 1773 1787 1800 τὰ
1802 1773 1899 1808 πρῶτα

1112 1819 1377 1855 ἐξομολογησάμενος
1394 1820 1521 1854 φάσκων·
1546 1820 1712 1853 Ἐπίφανον
1733 1818 1766 1845 τὸ
1804 1820 1898 1853 πρέσ-

1111 1865 1193 1892 ωπόν
1204 1871 1262 1891 σου
1278 1866 1321 1898 είς
1334 1866 1388 1892 τὸν
1400 1865 1512 1892 δοῦλόν
1532 1873 1604 1892 σοιν
1629 1865 1675 1892 καὶ
1693 1865 1785 1892 πάλιν·
1804 1865 1842 1891 Οὺ
1855 1864 1902 1892 διὰ

1111 1916 1160 1943 τὰς
1175 1911 1244 1945 ἐμὰς
1261 1911 1384 1947 πράξεις,
1401 1912 1478 1947 φησὶ,
1492 1911 1535 1938 διὰ
1557 1912 1585 1938 δὲ
1601 1912 1631 1938 τὸ
1649 1912 1694 1938 σὸν
1712 1912 1785 1943 ἕλεος
1810 1911 1900 1946 σωθῆο

1111 1966 1155 1983 ναι
1172 1957 1256 1989 ἀξιῶ·
1284 1958 1331 1984 καὶ
1355 1955 1449 1989 αὖθις·
1471 1958 1546 1984 Ἐπεὶ
1568 1957 1597 1984 δὲ
1625 1966 1654 1984 σε
1679 1957 1898 1992 ἐπεκαλεσάμην,

1112 2003 1189 2038 φησι,
1205 2002 1243 2038 μὴ
1266 2003 1501 2039 καταισχυνθείην,
1517 2003 1558 2030 ὃτι
1577 2003 1625 2030 ἐπὶ
1647 2004 1688 2031 σοὶ
1710 2003 1820 2038 ἤλπισα.
1836 2002 1900 2034 Tuis

1113 2047 1162 2082 μὲν
1177 2047 1230 2083 γάρ
1247 2047 1367 2081 ἀσεϐέσι,
1381 2049 1437 2079 τοῖς
1450 2048 1479 2074 σὲ
1495 2048 1539 2074 τὸν
1554 2048 1619 2074 Θεὸν
1631 2048 1681 2075 οὐκ
1695 2048 1900 2083 ἐπισταμένοις,

1112 2093 1226 2128 αἰσχύνη
1250 2093 1368 2128 πρέπει·
1392 2093 1432 2119 διό
1456 2101 1537 2128 φησιν
1549 2101 1556 2108 ο
1571 2093 1815 2128 Αἰσχυνθείησαν
1827 2094 1899 2120 dae

1112 2137 1173 2170 ϐεῖς
1186 2137 1234 2164 καὶ
1249 2138 1470 2172 καταχθειησαν
1482 2139 1524 2171 εις
1538 2138 1611 2172 ᾅδου
1621 2147 1628 2154 ·
1644 2138 1660 2173 ἢ
1677 2138 1748 2165 κατὰ
1759 2139 1804 2165 τὸν
1818 2139 1901 2165 Ἁκε-

1112 2182 1161 2209 λαν
1172 2184 1219 2210 καὶ
1232 2183 1277 2210 τὸν
1291 2184 1436 2219 Σύμμαχον
1447 2193 1453 2199 ·
1471 2184 1672 2211 Σιωπάτωσαν
1687 2186 1730 2218 εἰς
1745 2185 1831 2218 ᾅδην.
1841 2185 1900 2212 Νῦν

1117 2228 1167 2263 μὲν
1180 2228 1235 2264 γὰρ
1249 2228 1358 2254 λαλοῦσι
1379 2227 1463 2254 πολλὰ
1480 2228 1648 2264 τολμῶντες·
1665 2228 1775 2255 ἐπειδὰν
1797 2229 1825 2255 δὲ
1847 2237 1900 2255 κα-

276 2275 341 2299 tunc
366 2271 529 2307 arrogantiae
559 2273 638 2300 linem
668 2273 785 2307 facient,
808 2279 873 2302 tunc
901 2277 972 2303 labia
998 2277 1060 2310 illa,

1114 2273 1248 2309 ταχθῶσιν
1269 2275 1308 2305 εἰς
1329 2273 1359 2300 τὸ
1378 2273 1541 2310 κατάλληλον
1554 2273 1645 2305 αὐτοῖς
1658 2274 1766 2309 χωρίον,
1779 2274 1809 2300 τὸ
1824 2283 1900 2309 τηνι-

275 2325 336 2353 ᾳυιὲ
349 2319 376 2346 in
392 2319 519 2354 praesenti
535 2326 595 2345 cum
610 2319 737 2354 superbia
750 2325 844 2347 contra
856 2321 961 2356 justum
973 2323 1060 2350 virum

1114 2320 1202 2346 καῦτα
1214 2319 1361 2346 παύσονται
1371 2320 1420 2355 τῆς
1433 2321 1615 2355 μεγαλαυχίας
1623 2330 1630 2337 ·
1642 2320 1704 2347 τότε
1717 2320 1744 2347 δὲ
1758 2321 1803 2347 καὶ
1812 2321 1899 2347 ἄλαλα

276 2365 361 2392 multa
384 2365 539 2400 proferunt,
566 2368 642 2392 muta
665 2370 762 2399 erunt;
790 2371 855 2394 tunc
875 2367 909 2395 de
922 2368 1060 2403 justorum

276 2409 416 2438 hominum
433 2411 561 2446 despectu
578 2411 645 2438 ultio
662 2416 795 2439 sumetur.

313 2539 395 2570 Vens.
409 2541 455 2573 20,
471 2542 516 2570 2L
530 2542 616 2575 Quam
633 2551 729 2578 magna
744 2543 888 2571 multitudo
910 2543 1057 2572 dulcedinis

276 2591 339 2620 tum,
355 2585 475 2619 Domine,
491 2596 570 2622 quam
584 2590 746 2616 abscondisti
762 2591 912 2618 timentibus
927 2592 970 2618 te!
995 2591 1058 2619 Per-

276 2632 362 2666 [θεῖειί
374 2632 411 2659 eis
428 2633 473 2667 qui
489 2639 595 2667 sperant
608 2635 635 2661 in
647 2639 670 2662 Ia
686 2636 712 2662 in
726 2641 864 2670 conspectu
878 2637 995 2671 ﬁliorum
1010 2637 1057 2665 ho-

276 2681 385 2707 minum.
404 2679 553 2706 Abscondcs
577 2689 620 2708 eos
645 2682 672 2708 in
698 2682 851 2709 abscondito
868 2682 945 2717 faciei
967 2689 1019 2710 tute
1039 2693 1058 2712 a

278 2725 478 2752 conturbatione
494 2725 638 2753 hominum.
667 2727 790 2763 Proteges
811 2737 854 2755 eos
881 2729 908 2755 in
933 2729 1057 2756 taberna.

275 2771 363 2797 culoa
381 2771 590 2798 contradictione
614 2771 776 2807 linguarum.
807 2773 914 2805 lsthaac,
938 2773 986 2806 ait,
1007 2774 1056 2802 de-

276 2820 403 2851 precatus
419 2824 490 2848 sum,
512 2821 541 2844 ut
555 2817 676 2845 illustres
695 2818 790 2846 faciem
805 2824 879 2848 tuam
897 2828 979 2854 super
995 2829 1055 2848 ser-

276 2869 341 2889 vum
368 2867 456 2894 tuum,
481 2867 507 2890 et
532 2867 562 2889 ut
586 2863 701 2891 salutem
721 2865 906 2893 misericordia
923 2869 970 2892 tua
990 2874 1058 2893 nan-

277 2908 379 2940 ciscar,
389 2913 415 2936 et
431 2916 465 2936 ne
479 2909 632 2938 confutular
644 2910 775 2944 quoniam
793 2911 915 2940 invocavi
939 2917 974 2944 te,
987 2919 1054 2940 con-

1111 2366 1256 2400 γενήσεται
1275 2365 1310 2392 τὰ
1326 2365 1372 2392 ἐπὶ
1390 2366 1437 2392 τοῦ
1451 2366 1582 2402 παρόντος
1600 2366 1684 2393 πολλὰ
1706 2366 1775 2392 κατὰ
1795 2366 1843 2392 τοῦ
1857 2367 1898 2393 δι-

1112 2410 1188 2436 καίου
1212 2410 1383 2445 φθεγγόμενα
1399 2411 1475 2446 χείλη
1493 2411 1552 2446 μεθ’
1565 2411 1767 2447 ὑπερηφανίας’
1786 2411 1847 2437 τότε
1869 2411 1900 2438 δὲ

1113 2457 1160 2483 καὶ
1174 2456 1381 2492 ἐκδικηθήσεται
1396 2457 1470 2483 πᾶσα
1485 2457 1501 2492 ἡ
1517 2456 1588 2483 κατά
1605 2456 1658 2484 τῶν
1670 2456 1779 2484 δικαίων
1793 2457 1899 2490 ἐξουδέ-

1110 2511 1200 2534 νωσις.

1151 2547 1197 2579 Ὡς
1209 2547 1288 2573 πολὺ
1305 2547 1337 2573 τὸ
1351 2547 1469 2581 πλῆθος
1481 2546 1534 2582 τῆς
1548 2548 1753 2582 χρηστότητός
1764 2555 1831 2582 σου,
1840 2549 1898 2576 K6-

1106 2601 1163 2626 ριε,
1174 2591 1211 2628 ἧς
1227 2593 1360 2627 ἔκρυψας
1372 2593 1433 2626 τοῖς
1445 2593 1641 2628 φοϐουμένοις
1652 2595 1707 2621 (re!
1720 2594 1899 2629 Ὲξειργάσω

1109 2639 1171 2671 τοῖς
1187 2638 1360 2668 ἐλπίζουσιν
1379 2639 1428 2665 ἐπὶ
1451 2638 1488 2666 σὲ
1502 2639 1640 2666 ἐναντίον
1663 2639 1722 2666 τῶν
1738 2640 1811 2667 υἱῶν
1837 2641 1898 2668 τῶν

1110 2684 1281 2718 ἀνθρώπων.
1312 2685 1524 2718 Κατακρύψεις
1545 2686 1656 2717 αὐτοὺς
1676 2685 1711 2712 ἐν
1733 2685 1898 2721 ἀποκρύφῳ

1110 2730 1162 2756 τοῦ
1191 2729 1350 2764 προσώπου
1383 2738 1441 2757 σου
1471 2731 1530 2758 ἀπὸ
1561 2731 1693 2766 ταραχῆς
1721 2732 1894 2766 ἀνθρώπων.

1110 2775 1275 2809 Σκεπάσεις
1302 2775 1411 2809 αὐτοὺς
1440 2777 1475 2803 ἐν
1502 2776 1610 2811 σκηνῇ,
1636 2777 1694 2804 ἀπὸ
1723 2778 1896 2812 ἀντιλογίας

1109 2821 1368 2855 γλωσσῶν.Ταῦτα,
1377 2822 1467 2856 φησιν,
1479 2822 1612 2854 ἱκέτευσα,
1626 2823 1756 2857 ἐπιφᾶναι
1765 2823 1795 2849 τὸ
1808 2823 1895 2860 πρόσ-

1112 2868 1184 2894 ωπόν
1200 2876 1244 2893 σου
1273 2869 1318 2894 ἐπὶ
1334 2868 1378 2894 τὸν
1396 2867 1487 2895 δοῦλόν
1502 2877 1559 2901 σου,
1576 2869 1623 2895 καὶ
1640 2868 1757 2904 σωθῆναι
1770 2868 1807 2903 τῷ
1824 2869 1894 2896 ἐλέει

1113 2921 1159 2939 σου
1172 2913 1208 2949 μὴ
1222 2913 1408 2948 καταισχῦναι,
1421 2915 1461 2941 ὅτι
1475 2914 1681 2950 ἐπεκαλεσάμην
1693 2923 1733 2947 σε,
1744 2914 1893 2950 πεπεισμέν-
