2056 3214
156 205 211 233 275

718 208 974 244 ,ΕΟΜΜΕΝΤΑΒΙΑ
993 207 1025 235 1N
1041 206 1212 234 PSALMOS.

1264 196 1287 226 δ
1303 191 1315 219 Γ
1721 208 1773 239 27,4

155 274 211 297 νος,
224 263 262 296 ὡς
276 265 291 300 ἡ
307 263 340 299 σὴ
353 263 502 299 χρηστότης
516 264 598 299 πολλή
613 273 653 295 τις
666 265 712 291 καὶ
727 265 827 299 ᾶςςατος
840 265 926 300 τύγχά

994 263 1061 290 ﬁsus
1079 262 1315 290 mansuetudinem
1342 266 1416 291 tuam
1432 271 1554 299 magnam
1571 267 1597 292 et
1612 262 1780 295 ineffabilem,

156 320 207 342 νει,
225 310 338 337 πλούτου
349 310 377 336 δὲ
390 310 468 344 γέμει
484 309 591 336 πολλοῦ.
603 310 647 336 Διὸ
661 311 707 337 καὶ
719 311 794 346 παρὰ
809 311 847 346 τῷ
861 312 939 337 Ἀπο-

157 357 243 392 στόλῳ
259 356 365 391 εἴρηται
375 364 381 370 '
401 356 435 382 Ἦ
454 354 506 382 τοῦ
522 356 654 382 πλούτου
670 355 723 390 τῆς
738 356 940 390 χρηστότητος

153 401 247 430 αὑτοῦ
261 401 311 428 καὶ
331 400 385 435 τῆς
399 401 512 435 ἀνοχῆς
527 401 575 428 καὶ
595 401 650 435 τῆς
662 402 864 436 μακροθυμίας
888 411 939 429 καν-

153 447 329 483 τιιφρονεῖςς
359 446 438 475 Ἀλλὰ
464 447 510 474 νῦν
533 448 582 482 μέν
601 445 638 474 ουδ’
655 449 710 479 τοῖς
729 448 795 475 πᾶσι
820 448 938 483 φανερὰν

154 496 240 526 ποιεῖς
247 493 295 529 τὴν
304 493 476 529 χρηστότητά
484 502 530 520 σου
539 502 545 508 ·
558 493 688 529 κρύπτεις
695 494 722 521 δὲ
738 494 822 529 αὐτὴν
837 494 883 521 καὶ
891 503 937 520 τα-

153 539 234 576 μιεύῃ
245 539 387 574 φυλάττων
398 540 454 570 10E;
465 539 546 574 φοὸου
551 539 640 575 μένοις
656 547 695 565 σε.
706 539 779 566 Ἐπεὶ
790 540 836 565 καὶ
851 539 937 574 ἐξειρ-

151 585 229 619 γάσω
243 585 328 620 αὐτὴν
341 586 381 616 εἰς
396 585 461 611 αὐτὸ
470 584 549 612 τοῦτο
559 594 564 599 ·
575 585 646 619 λέγω
659 585 688 611 δὲ
696 586 734 616 εἰς
750 585 780 611 τὸ
791 587 846 617 τοῖς
859 585 935 612 ἐλπί-

152 631 244 664 ζουσιν
260 632 307 658 ἐπὶ
326 632 355 658 σὲ
377 633 526 667 παρασχεῖν
549 631 650 666 αὐτὴν,
683 631 729 658 καὶ
757 631 883 667 παρέξεις
904 640 937 666 γε

151 677 236 713 αὐτὴν
260 676 330 704 κατὰ
357 677 451 713 καιρὸν
472 677 526 713 πρὸ
542 677 596 704 τῶν
619 677 764 712 ὀφθαλμῶν
791 677 844 704 τῶν
871 678 936 704 υἰῶν

149 723 204 756 Ιιξιῖιν
220 722 383 758 ἀνθρώπων,
396 723 465 749 ὥστε
487 722 590 754 πάντας
606 722 668 748 ἰδεῖν
684 723 732 758 τὴν
754 723 803 757 σὴν
821 723 935 758 χρηστό-

150 776 230 803 τητα,
243 767 332 803 καιρῷ
346 767 396 802 τῆς
404 767 458 794 τῶν
474 767 584 802 ἀγαθῶν
598 767 714 803 ἀμοιϐῆς
729 768 868 804 διδομένην
879 770 934 800 τοῖς

152 813 253 846 ἀξίοις·
275 813 370 849 διόπερ
384 813 431 842 καὶ
452 813 482 840 ἐν
501 812 539 848 τῷ
556 812 606 848 βίῳ
625 813 674 846 τάς
692 822 731 840 σοι
755 814 935 849 ἀνακειμένας

149 858 240 894 ψυχὰς
252 858 322 886 κατὰ
332 859 396 891 τοὺς
406 858 460 885 τῶν
473 860 658 895 πειρατηρίων
672 861 782 895 καιροὺς
796 861 844 895 τῆς
859 860 934 895 παρὰ

150 904 249 930 σαιρτοῦ
265 905 368 940 σκέπης
380 905 514 938 καταξιῶν
529 905 724 942 ἀποκρύπτεις,
741 907 870 942 ῥυόμενος
883 907 931 934 αὐ-

146 950 212 982 τοὺς
230 950 285 978 ἀπὸ
299 951 422 987 ταραχῆς
439 951 599 987 ἀνθρώπων,
615 951 661 978 καὶ
676 951 770 988 ὥσπερ
795 953 824 978 ἐν
846 952 934 990 σκέπῃ

147 996 201 1022 ὑπὸ
217 996 267 1032 τὴν
292 996 390 1023 σαυτοῦ
407 998 486 1032 χεῖρα.
505 996 647 1029 σκεπάζων
663 998 761 1029 αὐτοὺς
785 998 838 1024 ἀπὸ
862 999 934 1025 ἅντι-

145 1040 239 1074 λογίας
254 1041 393 1074 γλωσσῶν,
404 1042 471 1077 πρὸς
483 1042 511 1067 τ’)
522 1035 608 1077 μηδὲν
617 1042 853 1070 καταϐλάπτεσθαι
866 1044 932 1079 μήτε

147 1086 201 1113 ὑπὸ
217 1086 270 1112 τῶν
290 1086 379 1121 λόγοις
393 1088 491 1119 αὐτοὺς
506 1088 777 1124 καταπολεμούντων,
797 1090 864 1124 μήτε
881 1090 933 1116 ὑπὸ

144 1132 200 1159 τῶν
214 1132 248 1159 δι’
264 1132 353 1168 ἔργων
374 1133 423 1164 τὰς
443 1133 501 1160 κατ’
518 1134 606 1160 αὐτῶν
629 1134 752 1170 μηχανὰς
770 1136 933 1168 συσκευαζο-

145 1178 247 1214 μένων.

179 1225 352 1260 Εὐλογητὸς
366 1226 539 1260 Κύριος-,ὄτι
558 1225 771 1261 ἐθαυμάστωσε
790 1227 822 1254 τὸ
846 1228 931 1260 ἕλεος

145 1270 240 1298 αὐτοῦ
254 1271 288 1297 ἐν
306 1271 392 1298 πόλει
412 1272 562 1305 πριοκῆς.
579 1272 629 1298 Διὰ
645 1273 778 1300 τοσούτων
798 1274 846 1309 τὴν
863 1274 931 1309 πρὸς

145 1315 191 1343 τὸν
207 1316 272 1343 Θεὸν
292 1316 410 1349 ἔντευξιν
436 1317 617 1352 πεποιημένος
640 1319 653 1345 ὁ
674 1318 927 1354 ἐξομολογούμενος,

144 1363 191 1388 ἐπὶ
205 1362 323 1397 χρηστὸν
346 1363 512 1398 πριγρᾴφει
528 1363 602 1396 τέλος
625 1365 670 1391 τὸν
697 1364 791 1398 λόγον,
812 1365 929 1399 εὐλογῶν

142 1406 189 1433 τὸν
206 1407 288 1440 Θεὸν,
308 1408 352 1434 ὅτι
373 1408 587 1443 ἐθαυμάστωσε
616 1410 650 1437 τὸ
670 1411 757 1444 ἕλεος
782 1413 874 1439 αὑτοῦ
894 1413 929 1440 ἐν

141 1453 228 1480 πόλει
237 1453 389 1488 περιοχῆς·
403 1454 470 1489 ὅπερ
478 1454 492 1480 ὁ
499 1455 643 1492 Σύμμαχος
651 1457 820 1493 ήρμήνευσεν
831 1458 927 1489 οὕτως·

141 1499 314 1533 Εὐλογητὸς
331 1500 436 1534 Κύριος
448 1501 464 1527 ὀ
481 1501 662 1535 παραδείξας
683 1503 716 1528 τὸ
734 1502 820 1536 ἕλεος
834 1504 927 1530 αὑτοῦ

140 1544 217 1578 ἐμοὶ,
232 1545 272 1578 ὡς
287 1545 322 1571 ἐν
337 1545 421 1572 πόλει
444 1547 713 1582 περιπεφραγμένῃ.
730 1548 767 1574 Δι’
781 1548 848 1583 ἐμοῦ
861 1548 927 1585 γὰρ,

142 1591 234 1626 φησὶν,
252 1592 266 1618 ὁ
284 1591 351 1623 Θεὸς
373 1592 512 1627 ἐδοξάσθη,
526 1593 577 1625 ὅτι,
592 1593 694 1629 μυρίων
714 1595 756 1621 ἐπ’
775 1595 825 1630 ἐμὲ
848 1595 926 1623 πολε·
940 1610 961 1640 c

141 1636 212 1671 μίων
235 1637 408 1670 συστάντων,
435 1639 482 1665 καὶ
504 1639 580 1675 δίκην
609 1640 729 1676 μεγάλης
752 1641 854 1673 πόλεως
876 1641 926 1677 τὴν

141 1681 215 1717 ἐμὴν
227 1682 314 1718 ψυχὴν
330 1683 483 1719 πολιορκεῖν
495 1685 713 1720 πεπειραμένων,
725 1687 739 1712 ὁ
752 1687 816 1722 ἐμὸς
828 1686 924 1721 φύλαξ,

142 1727 269 1762 φραγμόν
285 1737 327 1763 μοι
342 1730 506 1769 περιὸαλὼν,
522 1731 552 1758 τὺ
575 1731 648 1763 ἕλεος
669 1731 750 1758 αὑτοῦ
771 1732 925 1768 θαυμαστὸν

140 1771 253 1804 ἔδειξεν,
270 1773 338 1801 οὕτω
355 1783 389 1810 με
408 1775 496 1808 σώσας
512 1776 577 1804 ὡσεὶ
597 1778 643 1805 καὶ
660 1777 734 1805 πόλιν
748 1778 832 1814 τείχει
849 1782 925 1815 περι·

138 1816 310 1853 σεϐλημένην
342 1819 442 1854 ὀχυρῷ.
469 1821 593 1853 Τοιοῦτος
617 1822 645 1849 δέ
669 1831 713 1858 μοι
740 1823 854 1858 γέγονας
863 1826 895 1852 σὺ
910 1827 925 1852 ὁ

137 1862 204 1897 ἐμὸς
220 1862 331 1898 Κύριος,
345 1865 462 1900 ὁπηνίκα
475 1866 555 1898 αὐτὸς
569 1868 685 1902 ἐμαυτὸν
698 1870 833 1897 ταπεινῶν
849 1871 877 1897 ἐν
889 1873 922 1907 τῇ

137 1907 271 1945 γενομένῃ
289 1918 335 1943 μοι
348 1910 485 1942 ἐκστάσει,
506 1912 535 1937 ἐν
597 1912 744 1947 ἐταράχθη
757 1915 792 1941 ἐν·
810 1915 892 1950 θυμῷ
907 1918 924 1943 d

137 1953 289 1989 ὀφθαλμός
295 1964 356 1990 μου
365 1956 413 1985 καὶ
424 1957 443 1990 ἡ
458 1957 542 1992 ψυχή
556 1967 625 1992 μου,
637 1959 686 1986 καὶ
698 1961 717 1994 ἠ
731 1961 844 1996 γαστήρ
852 1972 921 1997 μου.

136 1998 194 2025 Οὐκ
214 1997 371 2036 ἐπετρίὂην,
390 2002 445 2029 ἀλλ’
463 2003 618 2030 ὲταπείνουν
640 2006 766 2040 ἐμαυτὸν,
783 2007 819 2039 ὡς
839 2009 924 2043 ἁπορσ

139 2043 233 2090 ριφεὶςν
243 2045 297 2071 ἀπὸ
312 2046 367 2073 τῶν
390 2047 442 2073 σῶν
456 2048 602 2084 ὀφθαλμῶν
619 2050 662 2078 διὰ
684 2052 732 2087 τὴν
748 2053 815 2088 ἐμὴν
831 2055 921 2090 ἁμαρ-

136 2088 207 2115 τίαν.
229 2089 309 2116 Ἀλλὰ
320 2090 404 2119 ταῦτα,
417 2092 471 2126 ἐγὼ
490 2094 538 2128 μὲν
556 2094 646 2128 ἔλεγον
663 2088 918 2133 ἐξομολογούμενος·

137 2135 169 2179 σὺ
186 2135 214 2161 δὲ
230 2135 420 2172 φιλάνθρωπος
434 2147 480 2164 και
499 2140 600 2174 ἀγαθὸς
616 2141 691 2173 Θεὸς,
704 2143 754 2169 οὐκ
767 2144 921 2179 ἀπέρριψας

134 2178 180 2205 τὸν
196 2179 242 2206 σὺν
257 2181 374 2216 οἰκέτην,
391 2182 457 2209 ἀλλὰ
471 2185 540 2210 κατὰ
559 2186 608 2221 τὴν
625 2187 787 2221 ἐπαγγελίαν
867 2178 919 2224 ᾠά-

137 2232 254 2251 σκουσαν
263 2233 270 2240 ’
290 2225 378 2253 Ὅταν
391 2228 596 2263 ἀποστραφεὶς
604 2231 762 2266 στενάξῃς,
779 2235 845 2260 τότε
863 2241 920 2261 σω-

135 2269 229 2304 θήσῃ·
246 2271 334 2299 ταῦτα
357 2273 424 2308 ἐμοῦ
452 2274 575 2308 λέγοντος
600 2278 780 2312 εξσήκουσας,
801 2279 848 2306 καὶ
874 2280 917 2306 διὰ
934 2278 955 2305 D

134 2313 214 2341 τοῦτο
228 2315 463 2351 ἐθαυμάστωσας
475 2319 508 2345 τὸ
527 2320 613 2354 ἔλεός
633 2330 690 2348 σου
706 2322 769 2357 ἐμοὶ
783 2323 818 2350 ἐν
832 2324 919 2351 πόλει

133 2360 286 2395 περιοχῆς.
721 2358 725 2361 ’

320 2418 366 2444 ΤΩ
382 2420 478 2446 ΔΑΥΙΔ
492 2421 667 2449 ΣΥΝΕΣΕΩΣ
683 2423 745 2450 AA’.

169 2461 312 2496 Μακάριοι
327 2460 369 2491 ὧν
384 2465 539 2500 ἀφέθησαν
552 2470 580 2495 al
593 2469 719 2503 ἀνομίαι,
730 2471 778 2498 καὶ
791 2468 834 2500 ὧν
848 2472 916 2499 ἐπε-

134 2507 335 2541 καλύφθησίιν
355 2512 384 2536 al
401 2510 547 2545 ἁμαρτίαι.
564 2512 652 2540 Πολλὰ
672 2514 799 2547 κακώσας
822 2517 917 2544 ἑαυτὸν

134 2551 180 2578 ἐπὶ
191 2551 230 2586 τῷ
245 2553 427 2589 συμϐεϐηκότι
442 2556 655 2593 πλημμελήματι
670 2561 684 2586 ὁ
702 2560 791 2595 sane,
808 2562 854 2588 καὶ
868 2562 917 2594 τὰς

133 2596 177 2624 διὰ
191 2598 238 2625 τοῦ
250 2601 411 2635 τριακοστοῦ
429 2603 519 2636 φωνὰς
537 2605 694 2640 προέμενος,
710 2607 858 2643 φροντίζων
871 2610 916 2636 καὶ

132 2643 256 2677 ἀγωνιῶν
265 2645 313 2681 τὴν
320 2646 366 2673 τοῦ
374 2647 440 2674 Θεοῦ
451 2649 549 2685 κρίσιν,
559 2650 601 2685 ἐφ’
609 2648 649 2684 οἷς
660 2652 741 2685 αὐτὸς
752 2654 839 2690 ἑαυτῷ
852 2664 914 2682 συν-

132 2689 256 2723 εγνὼκει·
265 2689 323 2718 εἶτα
333 2692 514 2729 τῷΠνεύματι
524 2696 562 2731 τῷ
573 2697 642 2731 ἁγίῳ
651 2698 696 2724 καὶ
710 2700 743 2734 τῇ
756 2700 867 2736 δυνάμει
880 2703 913 2737 τῇ

132 2738 285 2772 προφητικῇ
302 2738 350 2773 τὴν
366 2738 409 2766 διὰ
424 2739 474 2775 τῆς
495 2743 626 2777 σωτηρίου
643 2744 752 2779 χάριτος
768 2745 914 2781 μέλλουσαν

131 2780 240 2808 ἔσεσθαι
254 2783 337 2810 πᾶσιν
359 2784 512 2820 ἀνθρώποις
529 2787 701 2824 συγχώρησιν
720 2790 773 2817 τῶν
790 2792 914 2828 ἁμαρτη-

133 2827 226 2867 μάτων
247 2829 383 2864 ἐπιγνοὺς,
409 2832 454 2859 καὶ
474 2832 510 2864 ὡς
526 2834 550 2859 ot
573 2834 603 2867 ἐξ
621 2834 704 2862 ἐθνῶν
724 2827 912 2874 εἰδωλολάτραι

166 2917 190 2932 ⁸⁵
208 2917 287 2945 Rom.
307 2927 342 2953 ll,
360 2919 386 2948 ζ.
425 2921 447 2937 ⁹⁴
466 2921 564 2950 Ezech.
582 2931 686 2958 xum,
703 2925 746 2953 12.

991 316 1062 340 esse,
1085 316 1117 336 ac
1141 308 1243 336 divitiis
1267 308 1361 336 multis
1389 308 1532 337 refertam.
1557 310 1646 343 Quare
1668 309 1781 337 dictum.

988 354 1023 381 ab
1039 354 1169 389 Apostolo
1192 354 1243 381 fuit
1264 363 1271 381 :
1287 355 1331 381 An
1351 355 1456 383 divitias
1477 355 1600 383 bonitatis
1612 355 1669 387 eius
1685 359 1709 384 et
1723 363 1772 389 pa-

990 401 1088 428 ιὶεηιίω
1113 406 1139 428 et
1172 401 1380 436 longanimitatis
1405 402 1550 428 contemnis
1560 402 1606 428 9‘?
1631 401 1685 429 Sed
1713 401 1770 436 jam

988 446 1098 482 quidem
1111 454 1166 474 non
1185 447 1314 474 omnibus
1333 446 1485 475 bonitatem
1504 451 1576 474 tuam
1597 448 1777 475 manifestam

987 491 1070 525 facis,
1091 492 1137 519 sed
1159 493 1281 520 occultas
1296 500 1354 520 eam
1380 496 1407 519 et
1435 492 1572 525 recondis,
1593 492 1774 527 custodisque

987 537 1148 565 timentibus
1161 542 1197 566 te.
1216 538 1285 571 Quia
1301 546 1366 566 vero
1382 538 1415 565 ad
1432 546 1491 565 eam
1509 538 1595 574 ipsam
1611 546 1667 565 rem
1682 537 1771 573 perfe-

987 584 1048 611 cisti
1062 591 1134 615 eam,
1152 583 1178 610 id
1204 588 1256 615 est,
1283 588 1312 610 ut
1342 578 1523 618 sperantibus
1539 584 1564 610 in
1592 589 1620 611 te
1643 584 1769 619 largiare,

987 629 1164 664 praebeasquc
1178 630 1264 664 ipsam
1290 636 1447 665 opportuno
1472 634 1594 665 tempore
1614 637 1669 664 pm
1684 631 1770 658 oculis

986 674 1104 702 ﬁliorum
1126 674 1277 707 hominum,
1300 675 1337 702 ita
1355 679 1385 701 ut
1400 682 1495 702 omnes
1513 675 1665 703 bonitatem
1682 676 1771 710 suspi-

986 722 1061 748 ciant
1081 724 1166 752 tuam,
1185 724 1307 756 tempore
1331 721 1564 749 remunerationis
1579 721 1713 748 bonorum
1730 721 1770 748 di-

985 766 1046 801 gnis
1067 767 1243 797 attributam;
1271 766 1331 793 ideo
1353 766 1380 793 in
1397 767 1447 794 hac
1468 767 1522 793 vita
1545 765 1651 793 animas
1666 766 1714 793 tibi
1726 766 1771 793 ad-

985 812 1082 846 dictas,
1096 812 1275 840 tcntationum
1292 816 1415 846 tempore
1428 816 1473 839 tua
1490 813 1659 847 protectione
1672 813 1769 848 dignas

984 857 1099 889 habens,
1116 858 1275 889 abscondis,
1302 859 1459 893 liberasque
1488 859 1550 885 illas
1574 866 1589 885 a
1618 858 1770 886 conturba-

985 903 1059 931 tione
1075 904 1229 937 hominum,
1261 912 1293 932 ac
1320 905 1374 932 sub
1388 912 1470 932 manu
1494 908 1539 930 tua
1560 904 1634 931 velut
1655 904 1706 931 sub
1729 909 1770 931 to:

985 950 1076 984 gmine
1100 950 1217 984 quodam
1236 951 1356 986 protegis
1378 958 1425 977 eas
1442 958 1457 976 a
1473 949 1692 977 contradictione
1716 950 1769 976 lin-

984 1003 1113 1029 guarum,
1126 999 1154 1023 ut
1170 995 1237 1022 nihil
1254 996 1388 1023 laedantur
1403 996 1443 1023 vel
1457 996 1490 1023 ab
1502 996 1535 1023 iis
1551 996 1598 1030 qui
1611 996 1685 1031 ipsas
1707 1004 1768 1023 ver-

984 1040 1027 1067 bis
1040 1040 1210 1076 impugnant,
1231 1042 1274 1069 vel
1298 1042 1333 1069 ab
1356 1041 1390 1069 iis
1416 1042 1462 1077 qui
1479 1041 1620 1071 machinas
1636 1049 1700 1069 suas
1716 1041 1766 1069 ad-

983 1094 1080 1115 versus
1096 1087 1157 1115 illas
1172 1088 1322 1116 instruunt.

1018 1229 1101 1258 νεκδ.
1116 1230 1329 1259 22.Benedictus
1344 1231 1481 1265 Dominus,
1492 1232 1618 1268 quoniam
1632 1233 1770 1267 miri/icio.

981 1276 1016 1302 vit
1028 1276 1235 1303 misericordiam
1247 1286 1322 1304 suam
1337 1278 1363 1305 in
1376 1279 1480 1305 civitate
1502 1279 1668 1306 munitionis.
1691 1277 1769 1305 Post!

981 1329 1062 1356 quam
1078 1322 1234 1350 conﬁtendo
1253 1326 1293 1350 tot
1307 1324 1398 1351 verbis
1409 1323 1493 1351 Deum
1510 1324 1693 1359 compellavit,
1709 1332 1766 1352 ser-

980 1374 1088 1395 monem
1113 1376 1194 1395 suum
1212 1373 1367 1403 opportuno
1383 1375 1410 1396 et
1432 1370 1503 1397 bono
1517 1370 1634 1396 termino
1647 1369 1777 1403 claudith

979 1412 1167 1440 benedicendo
1186 1413 1283 1446 Deum,
1300 1415 1425 1449 quoniam
1445 1415 1597 1449 miriﬁcavit
1614 1415 1764 1441 misericor-

978 1458 1051 1484 diam
1066 1467 1142 1486 suam
1169 1460 1196 1486 in
1222 1460 1326 1486 ciuitate
1357 1461 1530 1487 munitionis:
1544 1459 1616 1495 quod
1643 1460 1763 1494 Symma‘

977 1504 1047 1532 chus
1062 1506 1102 1533 sic
1113 1505 1309 1541 interpretatus
1323 1510 1379 1534 est:
1398 1506 1552 1534 Benedictus
1564 1506 1705 1538 Dominus,
1718 1506 1763 1541 qui

977 1550 1090 1577 ostendit
1101 1551 1165 1578 mihi
1175 1551 1383 1579 misericordiam
1401 1560 1489 1586 suam,
1504 1552 1582 1587 quasi
1602 1552 1629 1578 in
1654 1551 1773 1578 civitate,

977 1596 1091 1622 munita.
1112 1596 1164 1624 Per
1179 1605 1222 1624 me
1236 1597 1345 1633 quippe,
1367 1598 1415 1629 ait,
1431 1596 1505 1624 Deus
1518 1596 1686 1632 gloriﬁcatus
1708 1601 1761 1628 est,

977 1639 1041 1674 quia
1054 1641 1253 1676 propemodum
1275 1642 1389 1670 inﬁnitis
1408 1642 1531 1670 collectis
1553 1642 1688 1673 hostibus,
1702 1642 1772 1670 ani-.

976 1693 1105 1721 mamque
1132 1695 1220 1715 meam
1246 1696 1296 1717 ceu
1324 1695 1451 1723 magnam
1474 1688 1613 1716 civitatem
1636 1688 1777 1715 obsidere,

976 1733 1153 1764 conantibus,
1170 1737 1263 1762 custos
1277 1734 1323 1762 ille
1345 1742 1423 1762 meus
1438 1737 1515 1768 septo
1534 1742 1578 1761 me
1593 1733 1760 1761 circummu-

975 1778 1066 1812 niens,
1093 1780 1310 1808 misericordiam
1340 1788 1426 1818 suam
1449 1780 1601 1808 mirabilem
1626 1780 1759 1812 exhibuit,

976 1828 1057 1859 atque
1072 1826 1110 1853 ita
1126 1834 1168 1853 me
1183 1826 1303 1853 servavit
1320 1826 1431 1861 perinde
1446 1830 1528 1861 atque
1547 1826 1686 1854 civitatem
1704 1826 1768 1853 [ομ.

975 1869 1081 1898 tissimo
1108 1879 1189 1899 muro
1202 1872 1316 1906 [circum
1340 1872 1512 1899 instructam.
1531 1871 1606 1899 Talis
1629 1879 1692 1907 erga
1717 1879 1762 1900 me

974 1915 1062 1949 fuisti,
1078 1916 1193 1946 Domine
1216 1918 1263 1950 mi,
1285 1918 1395 1953 quando
1412 1918 1601 1953 memetipsum
1617 1918 1759 1945 humilia-vi

974 1962 1002 1991 in
1019 1970 1135 1990 excessu
1156 1964 1257 1990 mentis
1274 1971 1351 1995 meat.
1371 1971 1426 1999 quo
1444 1963 1616 1995 conturbatus
1632 1968 1670 1990 est
1683 1964 1759 1991 inira

973 2008 1064 2038 oculus
1091 2017 1174 2040 meus,
1199 2009 1289 2035 animo
1317 2018 1375 2036 mea
1399 2014 1423 2038 et
1449 2015 1537 2039 venter
1557 2018 1640 2037 meus.
1665 2009 1758 2046 Neque

972 2058 1038 2081 tunc
1065 2054 1276 2089 procrastinavi,
1305 2055 1353 2082 sed
1381 2055 1573 2090 memetipsum
1603 2055 1757 2089 humiliavi,

972 2099 1051 2135 quasi
1073 2100 1177 2134 peccati
1193 2101 1245 2128 mei
1269 2108 1353 2128 causa
1369 2102 1508 2136 projectus
1526 2102 1561 2130 ab
1574 2102 1662 2130 oculis
1688 2102 1754 2130 tuis.

971 2145 1005 2174 Et
1024 2146 1081 2172 haec
1100 2146 1211 2180 quidem
1226 2146 1382 2174 conﬁtendo
1394 2146 1450 2173 dixi
1464 2157 1470 2174 :
1485 2146 1526 2173 Tu
1543 2155 1606 2174 vero
1619 2147 1757 2175 humanus

971 2191 1114 2227 bonusque
1131 2194 1213 2223 Deus,
1228 2200 1270 2220 me
1287 2192 1467 2221 domesticum
1484 2197 1560 2220 tuum
1581 2201 1633 2220 non
1650 2193 1754 2227 abjcci-

971 2238 1024 2271 sti,
1043 2238 1090 2266 sed
1105 2237 1255 2266 secundum
1270 2240 1476 2273 promissionem
1494 2240 1585 2272 istam,
1602 2238 1669 2267 Cum
1693 2247 1755 2265 σοι·

969 2291 1057 2310 oersus
1074 2284 1242 2318 ingemueris,
1256 2289 1317 2311 tunc
1330 2284 1442 2312 salutem
1454 2284 1623 2315 obtinebis“,
1639 2291 1681 2311 me
1696 2284 1754 2311 haec

971 2328 1105 2356 dicentem
1118 2330 1264 2362 exaudisti,
1285 2334 1313 2357 et
1326 2336 1469 2365 propterea
1484 2330 1635 2364 miri/icasti
1649 2329 1754 2357 miseri-

970 2375 1088 2403 cordiam
1107 2380 1179 2403 luant
1196 2376 1260 2403 mihi
1274 2377 1301 2402 in
1320 2377 1423 2403 civitate
1435 2375 1600 2403 munitionis.

1084 2430 1149 2458 lPSl
1168 2431 1271 2459 DAVID
1290 2430 1527 2458 INTELLECTUS
1545 2429 1642 2460 XXXI.

1006 2476 1089 2504 Vens.
1111 2477 1137 2504 1.
1153 2477 1230 2504 Beati
1244 2485 1354 2512 quorum
1377 2478 1493 2504 remissae
1506 2479 1567 2502 sunt
1590 2474 1758 2510 iniquitates,

970 2527 994 2549 et
1020 2530 1131 2557 quorum
1149 2526 1216 2549 tecta
1242 2527 1302 2549 sunt
1324 2526 1442 2557 peccata.
1468 2521 1616 2555 Postquam
1637 2528 1685 2555 pro
1702 2520 1755 2548 ad-.

970 2568 1055 2596 misso
1071 2568 1174 2595 scelere
1191 2576 1251 2596 sese
1265 2568 1351 2596 David
1370 2568 1484 2595 multum
1498 2567 1640 2599 alnixerat,
1656 2573 1751 2594 voces-

968 2621 1021 2648 que
1043 2613 1070 2641 in
1088 2613 1193 2648 psalmo
1213 2614 1352 2642 tricesimo
1375 2613 1480 2649 positas
1504 2613 1645 2646 emiserat,
1663 2612 1696 2639 de
1708 2611 1752 2646 ju-

968 2658 1040 2686 dicio
1055 2658 1101 2685 Dei
1120 2666 1169 2693 pro
1186 2659 1220 2686 iis
1234 2667 1353 2694 quorum
1372 2659 1425 2686 sibi
1442 2659 1569 2686 conscius
1591 2661 1650 2686 erat
1674 2657 1751 2685 solli.

968 2703 1059 2737 citus;
1073 2712 1175 2740 gnarus
1185 2704 1251 2732 item
1262 2713 1296 2732 ex
1312 2704 1413 2739 Spiritu
1424 2707 1521 2732 sancto
1536 2707 1617 2739 atquc
1636 2710 1668 2730 ex
1684 2710 1749 2737 pro-

967 2750 1074 2785 phetica
1089 2750 1135 2777 illa
1160 2751 1270 2783 virtute,
1287 2750 1458 2779 remissionis
1483 2754 1658 2786 peccatorum
1684 2756 1745 2783 quae

966 2803 1014 2830 per
1027 2796 1173 2824 salutarem
1186 2797 1301 2832 gratiam
1313 2797 1469 2826 hominibus
1480 2795 1652 2825 concedenda
1669 2798 1747 2824 erat:

965 2848 1067 2876 gnarus
1084 2842 1148 2869 item
1165 2841 1323 2870 idololatras
1349 2847 1376 2871 et
1393 2843 1487 2871 atheos
1511 2841 1647 2871 sexcentis
1667 2838 1749 2868 malis
