2056 3214
299 218 352 248 275

658 187 795 242 EUSE.Bii
812 211 1050 242 CAESABIENSIS
1069 210 1145 239 OPP.
1165 208 1255 236 PARS
1274 207 1318 236 ill.
1337 223 1373 229 —-
1388 206 1591 235 EXEGETICA.

1873 205 1924 233 276

297 277 486 313 complicatos.
503 275 650 311 aliquando
666 276 773 303 veniam
790 279 965 310 peccatorum
983 281 1032 309 per
1044 273 1079 300 la-

1136 271 1183 298 καὶ
1205 270 1290 306 aliaet,
1319 269 1427 310 μυρίοις
1453 269 1547 299 κακοῖς
1572 265 1799 302 ἐμπεπαρμένοι,
1823 264 1923 301 ἀθρόας

294 332 407 352 νίΙΟΓυΠΙ
421 323 637 359 regenerationis
652 322 797 350 confertim
814 327 1023 354 consecuturos,
1039 320 1081 353 his

294 369 374 398 dictis
393 369 504 397 eosdem
528 372 569 396 ter
585 369 680 396 beatos
695 368 836 403 praedicat.
861 366 1025 398 Gemitibus,
1041 367 1084 402 in-

293 417 362 452 quit,
379 418 407 443 et
421 415 553 451 lacrymis
575 414 768 449 frequentibus
784 413 890 449 peccati
906 421 990 440 causa
1014 420 1082 441 con-

294 463 450 494 tabescens,
466 466 493 489 et
515 460 590 488 illius
605 468 671 495 ergo
693 461 720 487 in
747 459 929 487 adversitates
957 459 1083 487 innume-

294 515 340 534 ras
363 507 504 543 delapsus,
531 507 707 536 mmulatione
733 506 833 541 dignos
852 513 900 533 eos
931 512 963 532 ac
987 504 1083 533 beatos

293 553 426 588 praedico,
441 553 488 590 qui
504 552 564 580 sine
587 552 708 580 miseriis
724 551 894 586 hujusmodi,
911 559 960 586 per
975 550 1022 578 Dei
1036 551 1081 578 bes

294 599 468 634 nignitatem,
490 598 680 626 remissionem
703 601 881 633 peccatorum
906 600 1081 632 acceperunt.

293 644 383 672 Tanto
401 644 502 680 quippe
517 652 581 680 erga
595 644 657 672 illos
669 644 760 676 studio
776 649 802 671 et
813 643 975 671 liberalitate
985 644 1081 674 utitur,

293 695 324 719 ut
336 699 392 719 non
409 691 497 718 solum
519 691 652 725 remittat,
668 690 716 718 sed
729 691 813 717 etiam
829 693 903 724 tegat
915 697 1010 716 eorum
1024 697 1084 724 pec-

294 741 365 770 cata,
383 740 414 765 ut
431 744 466 765 ne
480 736 625 772 vestigium
641 735 752 772 quidem
768 743 864 764 eorum
877 734 1019 762 residuum
1034 735 1080 764 sit.

330 828 412 857 Vens.
427 829 455 857 2.
468 829 567 856 Beatus
584 829 623 856 vir
638 829 682 856 cui
699 837 752 856 non
767 828 938 862 imputaverit
951 827 1082 854 Dominus

291 879 439 910 peccatum,
464 883 510 902 nec
528 881 566 902 est
581 875 609 902 in
624 883 668 902 ore
691 874 748 909 ejus
765 874 853 901 dolus.
877 873 943 907 Qua:
954 873 1082 908 superius

291 921 365 949 dicta
379 925 453 954 sunt,
473 921 623 957 generatim
637 921 797 953 eﬂ‘eruntur,
817 924 898 956 atque
912 928 1008 948 omnes
1022 927 1082 946 om-

1135 318 1201 345 ποτὲ
1218 317 1358 350 τεύξονται
1376 316 1500 351 ἀφέσεως
1523 313 1665 350 ἁμαρτιῶν
1684 313 1727 339 διὰ
1743 310 1856 348 λουτροῦ
1873 319 1924 338 πα-

1133 363 1313 398 λιγγενεσίας,
1321 361 1536 398 τρια-μακαρίους
1546 360 1657 390 τούτους
1668 358 1812 393 ἀποφαίνει
1819 357 1862 384 διὰ
1872 357 1923 384 τῶν

1134 410 1332 446 προκειμένων.
1368 409 1525 444 Ὀδυρμοῖς,
1550 407 1649 443 φησὶν,
1667 405 1722 440 ἐγὼ
1743 405 1789 432 καὶ
1811 405 1924 440 δάκρυσι

1134 451 1256 492 θαμινοῖς
1274 455 1319 482 διὰ
1339 454 1388 490 τὴν
1404 453 1541 490 ἁμαρτίαν
1564 451 1755 490 προστετηκὼς
1766 471 1772 483 ,
1791 451 1838 477 καὶ
1856 459 1924 477 παν-

1132 502 1265 536 τοδαπαῖς
1278 501 1433 537 συμφοραῖς
1447 498 1548 534 ταύτης
1563 498 1644 534 χάριν
1659 495 1825 532 περιπεσὼν,
1840 495 1924 531 ζηλω-

1132 549 1196 581 τοὺς
1219 548 1339 579 ἐκείνους
1358 546 1405 574 καὶ
1429 545 1581 582 μακαρίους
1606 542 1761 575 ἀποκαλῶ,-
1776 543 1839 574 τοὺς
1859 542 1924 569 ἀτα-

1133 594 1280 630 λαιπώρως
1293 595 1327 629 τῇ
1340 592 1388 619 τοῢ
1416 591 1484 619 Θεοῦ
1509 591 1700 626 φιλανθρωπίᾳ
1721 589 1775 616 τῶν
1799 590 1924 624 ἁμαρτη-

1135 641 1227 676 μάτων
1247 639 1410 675 δεξαμένους
1429 638 1478 673 τὴν
1503 637 1610 672 ἄφεσιν.
1633 636 1756 671 Τοσαύτη
1781 634 1836 671 γὰρ
1862 635 1925 670 περὶ

1133 687 1232 718 αὐτοὺς
1243 686 1342 721 χρῆται
1358 683 1510 721 φιλοτιμία,
1526 683 1564 715 ὡς
1580 683 1618 718 μὴ
1635 682 1714 718 μόνον
1728 682 1847 717 ἀφεῖναι,
1860 680 1924 707 ἀλλὰ

1133 733 1182 759 καὶ
1204 732 1323 767 καλύψαι
1346 731 1396 765 τὰς
1412 730 1568 766 ἁμαρτίας,
1589 730 1635 756 καὶ
1652 729 1719 765 μηδὲ
1742 729 1802 764 ῐχνη
1818 722 1925 755 ’τούτων

1134 779 1234 806 καταλε
1239 778 1282 805 ίπε
1287 787 1320 805 ιν.

1171 824 1322 858 Μακάριος
1344 823 1421 856 ἀνὴρ
1441 817 1467 855 ᾧ
1498 822 1534 849 οὐ
1559 820 1603 856 μὴ
1636 820 1794 855 λογίσηται
1819 819 1925 853 Κύριος

1133 870 1291 906 ἁμαρτίαν,
1308 868 1379 896 οὺδέ
1392 869 1479 895 ἐστιν
1489 867 1524 894 ἑν
1535 865 1575 900 τῷ
1590 867 1714 901 στόματι
1725 865 1817 892 αὑτοῦ
1827 865 1928 896 δόλος.

1133 917 1173 944 Τὰ
1193 915 1243 952 μὲν
1257 914 1464 951 προλελεγμένα
1487 913 1602 948 γενικῶς
1617 912 1737 948 εἴρηται,
1751 911 1797 938 καὶ
1811 910 1926 938 καθόλου

290 967 357 995 nino
379 967 531 1003 respiciunt
557 967 605 1003 qui
629 976 677 1003 per
695 967 813 1002 gratiam
831 969 1007 1001 peccatorum
1029 972 1077 992 ve-

1132 962 1196 998 περὶ
1215 961 1324 988 πάντων
1345 959 1399 987 τῶν
1421 959 1574 994 μελλόντων
1591 959 1712 993 ἀφέσεως
1729 957 1870 993 ἁμαρτιῶν
1884 955 1925 982 διὰ

289 1013 363 1047 niam
377 1014 485 1049 nacturi
503 1018 585 1047 sunt;
612 1019 640 1041 at
661 1021 722 1049 quae
741 1013 770 1040 in
785 1012 915 1048 praesenti
934 1011 1076 1043 dicuntur,

289 1067 345 1094 quo
367 1060 422 1086 ritu
444 1060 574 1088 remissio
597 1054 767 1087 concedatur
797 1059 920 1093 declarat
950 1057 994 1084 his
1018 1064 1079 1084 ver-

290 1104 348 1132 bis:
372 1104 422 1138 Cui
439 1113 493 1132 non
508 1106 678 1140 imputaverit
693 1105 822 1132 Dominus
839 1108 985 1139 peccatum.
1009 1102 1078 1130 Nam

288 1155 431 1187 peccatum
449 1152 532 1179 semel
550 1156 750 1187 perpetratum,
766 1151 825 1180 fieri
837 1159 892 1178 non
914 1157 995 1185 posse
1011 1149 1078 1184 quin

289 1197 441 1229 admissum
459 1197 542 1228 fuerit
566 1197 722 1233 significat:
751 1198 799 1225 sed
822 1204 906 1232 penes
932 1196 1078 1223 Dominum

289 1250 361 1284 esse,
378 1246 408 1270 ut
421 1242 449 1270 in
461 1243 616 1273 rationibus
637 1244 696 1272 suis
710 1243 833 1279 peccanti
850 1242 957 1269 facinus
971 1241 1013 1268 vel
1026 1241 1078 1267 im-

290 1292 369 1324 putet
383 1289 426 1321 vei
441 1297 496 1316 non
508 1289 633 1325 imputet,
653 1297 684 1317 ac
705 1290 812 1325 veniam
828 1292 854 1318 et
878 1286 1077 1327 indulgentiam

288 1334 433 1368 concedat.
455 1334 557 1363 Verum
581 1335 646 1371 quia
671 1339 806 1371 quotquot
823 1334 1013 1362 remissionem
1030 1332 1078 1360 de-

287 1380 426 1413 iictorum,
440 1389 501 1416 quae
524 1389 573 1417 per
595 1382 761 1416 baptismum
785 1381 876 1413 datur,
895 1380 1006 1410 adeunt,
1029 1386 1078 1413 per

287 1425 492 1462 confessionem
515 1427 542 1454 in
561 1418 735 1454 Salvatorem
760 1426 902 1458 emissam,
921 1433 970 1460 per
996 1423 1076 1459 fidem

287 1471 317 1502 in
332 1472 523 1501 universorum
538 1473 633 1506 Deum,
651 1481 682 1500 ac
696 1481 744 1508 per
758 1472 961 1500 confessionem
987 1471 1077 1499 since-

287 1524 359 1550 ram,
388 1519 494 1552 veniam
519 1523 743 1554 consequuntur;
757 1521 941 1553 congruenter
954 1520 981 1543 et
997 1523 1078 1542 accu-

287 1568 347 1591 rate
359 1564 506 1592 admodum
524 1566 664 1600 adjicitur,
682 1564 739 1592 Nec
750 1570 790 1592 est
802 1565 829 1591 in
846 1572 890 1591 ore
901 1564 957 1598 ejus
979 1563 1056 1590 dolus
1067 1582 1074 1595 ,

288 1615 346 1643 aut,
359 1612 387 1638 in
407 1613 502 1647 spiritu
526 1612 583 1647 ejus
605 1612 700 1638 dolus:
724 1620 787 1639 nam
811 1616 929 1646 utroque
949 1611 1031 1638 modo
1048 1611 1076 1638 in
1091 1629 1115 1660 α

289 1657 404 1690 lectione
416 1657 512 1685 fertur.
539 1657 588 1684 ilic
603 1658 676 1684 enim
691 1659 800 1690 beatus,
813 1659 860 1693 qui
885 1658 983 1693 spiritu
1005 1664 1075 1692 puro

289 1711 322 1731 ac
337 1711 384 1730 ore
399 1703 491 1730 veraci
505 1703 709 1732 confessionem
726 1704 792 1736 edit,
813 1711 949 1739 vocesque
974 1703 1078 1739 profert

288 1749 317 1775 in
334 1749 444 1784 lavacro
467 1750 686 1785 regenerationis
711 1751 819 1779 solitas.
842 1751 921 1784 Quod
944 1751 1009 1778 siin
1027 1759 1076 1778 ore

288 1795 360 1831 ejus,
371 1796 414 1823 vel
429 1796 455 1823 in
469 1797 578 1832 spiritu,
594 1797 637 1824 vel
653 1797 682 1824 in
703 1797 794 1824 anima
810 1796 890 1824 dolus
912 1797 1076 1832 inveniatur.

289 1846 384 1879 utpote
395 1843 442 1878 qui
455 1844 575 1879 seipsum
591 1843 730 1878 deceperit
745 1843 782 1870 ita
798 1847 828 1870 ut
841 1843 948 1870 veniam
960 1851 1015 1870 non
1029 1843 1078 1870 ob-

289 1888 391 1925 tineat;
403 1896 453 1916 sua
465 1889 578 1924 insuper
597 1889 669 1916 maia
686 1888 843 1923 adaugebit,
861 1896 924 1915 cum
945 1887 1078 1922 majorem

288 1933 342 1963 sibi
361 1935 430 1972 iram
444 1935 471 1962 in
488 1935 532 1963 die
546 1935 594 1963 iraaI
617 1935 833 1968 coacervaverit.

324 2067 409 2097 Vens.
429 2066 457 2098 3,
472 2067 499 2094 ιι.
521 2067 652 2100 Quoniam
671 2068 758 2101 tacui,
786 2068 994 2094 inveteraverunt
1016 2077 1079 2098 ossa

288 2123 358 2146 mea,
372 2113 436 2142 dum
453 2113 597 2141 clamarem
613 2119 667 2140 tota
683 2114 735 2147 die,
750 2119 801 2142 etc.
825 2114 864 2141 iiii
879 2115 989 2149 quidem
1007 2115 1078 2145 beati

289 2164 364 2192 sunt,
377 2167 445 2195 quos
461 2159 488 2186 in
511 2159 608 2194 spiritu
622 2167 789 2195 cognoscens
804 2160 899 2188 beatos
922 2161 1078 2196 przedicavi.

291 2205 346 2242 Ego
362 2212 427 2232 vero
446 2209 589 2243 postquam
618 2205 783 2232 clamoribus
807 2210 834 2232 et
860 2206 1080 2235 confessionibus

287 2254 404 2280 multum
433 2252 620 2285 iaboraveram
634 2271 642 2283 ,
665 2251 828 2287 defatigatus
845 2253 928 2280 tacui.
953 2252 1007 2280 Pro
1024 2261 1079 2289 quo

1130 1008 1181 1043 τῆς
1200 1006 1314 1044 χάριτος
1336 1007 1497 1041 τυγχάνειν-
1513 1005 1546 1032 τὰ
1568 1005 1597 1032 δὲ
1614 1005 1798 1040 προσκείμενα
1819 1003 1894 1035 ὅπως
1907 1003 1927 1044 ἡ.

1130 1055 1226 1089 ἄφεσις
1243 1054 1343 1080 δίδοται
1355 1052 1504 1089 παρίστησι
1515 1051 1559 1078 διὰ
1574 1051 1636 1077 τοῦ·
1655 1048 1696 1078 Οὗ
1709 1050 1751 1085 μὴ
1765 1050 1924 1085 ,λογίσηται

1129 1099 1238 1133 Κύριος
1260 1099 1416 1133 ἁμαρτίαν.
1434 1096 1525 1129 "Atei
1552 1097 1601 1132 μὲν
1626 1096 1680 1132 γὰρ
1708 1095 1856 1130 γενομένην
1876 1094 1924 1130 τὴν

1129 1144 1317 1180 παραχθεῖσαν
1347 1143 1483 1179 ἁμαρτίαν
1503 1143 1633 1177 ἀγένητον
1659 1141 1697 1177 μὴ
1715 1138 1923 1169 δύκθασθαιεῖναι

1129 1190 1203 1226 δηλοί
1214 1199 1220 1205 ·
1241 1191 1286 1216 τόν
1301 1198 1333 1224 γε
1349 1190 1398 1225 μὲν
1415 1189 1517 1225 Κύριον
1533 1188 1579 1214 τδν
1595 1187 1718 1220 ἐξουσίαν
1732 1187 1827 1222 ἔχοντα
1843 1188 1871 1213 ὲν
1886 1187 1923 1221 τῷ

1129 1236 1276 1271 λογοθεσίῳ
1296 1235 1451 1270 λογίζεσθαι
1477 1234 1516 1270 τῷ
1539 1233 1729 1269 ἡμαρτηκότι,
1756 1233 1827 1269 ἣμὴ
1851 1233 1923 1267 λογί-

1129 1281 1225 1314 ζεσθαι
1240 1281 1271 1308 τὺ
1295 1281 1501 1317 πεπραγμένον,
1520 1279 1587 1306 ἀλλὰ
1614 1280 1765 1315 συγχωρεῖν
1790 1279 1922 1306 ποιεῖσθαι

1128 1327 1177 1362 τὴν
1196 1327 1302 1361 ἄφεσιν.
1317 1326 1373 1352 Καὶ
1391 1326 1540 1362 ἐπειδήπερ
1555 1325 1670 1357 ἕκαστος
1687 1326 1740 1351 τῶν
1755 1326 1922 1361 προσιόντων

1128 1368 1166 1407 τῇ
1191 1371 1235 1398 διὰ
1267 1371 1314 1398 τοῦ
1346 1371 1533 1407 βαπτίσματος
1557 1371 1716 1407 δωρουμένη
1747 1371 1920 1406 συγχωρήσει

1128 1418 1162 1444 δι’
1180 1418 1324 1453 ὁμολογίας
1341 1418 1391 1453 τῆς
1416 1419 1456 1449 εἰς
1479 1418 1522 1444 τὸν
1541 1418 1672 1454 Σωτῆρα,
1692 1417 1742 1452 τῆς
1758 1425 1790 1451 γε
1815 1418 1856 1448 εἰς
1875 1416 1920 1443 τὸν

1128 1463 1182 1490 τῶν
1200 1464 1269 1491 ὅλων
1285 1464 1350 1491 Θεὸν
1369 1464 1496 1496 πίστεως,
1510 1465 1557 1491 καὶ
1569 1464 1602 1490 δι’
1620 1463 1841 1499 ὲξομολογήσεως
1857 1463 1921 1489 είλι-

1128 1510 1254 1546 κρινοῦς,
1270 1511 1319 1546 τῆς
1337 1510 1461 1545 ἀφέσεως
1485 1510 1626 1543 τεύξεται·
1649 1510 1750 1545 σφόδρα
1771 1509 1893 1544 ἀκριϐῶς
1905 1510 1920 1536 ὁ

1128 1556 1206 1590 λόγος
1224 1556 1388 1592 προστίθησι
1415 1556 1463 1591 τὴν
1481 1556 1636 1590 φάσκουσαν
1656 1555 1830 1592 προσθήκην·
1851 1556 1919 1583 Οὐδ’

1129 1603 1217 1630 ἔστιν
1231 1603 1266 1629 ὲν
1283 1602 1323 1635 τῷ
1336 1603 1461 1637 στόματι
1476 1602 1569 1629 αὑτοῦ
1577 1602 1677 1635 δόλος,
1691 1602 1718 1637 ἢ,
1734 1602 1768 1628 ἐν
1782 1601 1821 1635 τῷ
1831 1601 1920 1629 πνεύ-

1127 1658 1197 1685 ματι
1212 1650 1305 1677 αὑτοῦ
1327 1649 1433 1682 δόλος·
1455 1649 1592 1684 ἑκατέρως
1615 1648 1669 1684 γὰρ
1694 1648 1805 1684 φέρεται.
1831 1649 1860 1675 ἐν
1882 1647 1920 1683 τῷ

1130 1695 1334 1732 ἀναγνώσματι.
1348 1694 1431 1727 Οὗτος
1447 1696 1501 1731 γὰρ
1519 1695 1664 1731 μακάριος,
1682 1696 1695 1721 ό
1712 1694 1824 1730 καθαρῷ
1841 1693 1920 1720 πνεύ-

1131 1751 1195 1778 ματι
1218 1742 1268 1778 τὴν
1289 1742 1481 1777 ἐξομολόγησιν
1508 1742 1684 1777 ποιούμενος,
1703 1741 1750 1768 καὶ
1770 1741 1820 1772 τὰς
1839 1741 1868 1767 ἐν
1882 1739 1919 1776 τῷ

1129 1787 1233 1823 λουτρῷ
1245 1787 1294 1821 τῆς
1310 1786 1521 1820 παλιγγενεσίας
1536 1786 1628 1820 φωνὰς
1645 1785 1875 1822 προσφερόμενος.
1890 1785 1919 1812 Et

1129 1832 1150 1858 δ’
1176 1831 1299 1867 εὑρεθείη
1317 1832 1345 1858 ὲν
1370 1831 1408 1866 τῷ
1434 1831 1546 1866 στόματι
1570 1830 1652 1857 αὑτοῦ
1670 1831 1759 1862 δόλος,
1783 1830 1799 1866 ἢ
1826 1831 1855 1857 ὲν
1880 1829 1918 1865 τῷ

1129 1876 1265 1912 πνεύματι
1282 1880 1329 1904 καὶ
1351 1878 1385 1912 τῇ
1409 1877 1500 1912 ψυχῇ,
1516 1877 1553 1908 ὼς
1575 1877 1716 1912 ἀπατήσας
1739 1867 1837 1902 ’ἑαυτὸν
1853 1875 1919 1911 πρὸς

1128 1923 1159 1948 τὸ
1170 1923 1207 1960 μὴ
1224 1924 1313 1958 τυχεῖν
1328 1923 1377 1958 τῆς
1389 1922 1523 1956 ἀφέσεως,
1535 1922 1575 1948 ἔτι
1593 1922 1639 1949 καὶ
1653 1922 1765 1957 αὐξήσει
1777 1922 1810 1948 τὰ
1824 1921 1918 1948 ἑαυτοῦ

1128 1969 1202 1995 κακὰ
1225 1968 1414 2004 ὲπισωρεύσας
1437 1967 1497 1994 καθ’
1524 1967 1620 1994 ἑαυτοῦ
1646 1967 1756 1994 πλείονα
1784 1967 1868 2003 ὀργὴν
1891 1968 1918 1993 ὲν

1129 2014 1221 2050 ἡμέρᾳ
1234 2014 1330 2049 ὀργῆς.

1166 2070 1225 2096 Ὅτι
1239 2068 1551 2105 ἑσίγησα,ἐπαλαιὼθη
1567 2068 1603 2095 τὰ
1622 2068 1699 2096 ὀστᾶ
1709 2078 1780 2103 μου,
1795 2069 1854 2096 ἀπὸ
1865 2069 1918 2096 τοῦ

1130 2112 1246 2147 κράζειν
1256 2122 1294 2148 με
1307 2113 1382 2147 ὅλην
1395 2113 1453 2147 τὴν
1468 2113 1591 2148 ἡμέραν,
1607 2123 1633 2143 κ.
1649 2123 1674 2141 τ.
1691 2115 1716 2141 λ.
1735 2115 1849 2143 Ἐκεῖνοι
1866 2115 1914 2151 μέν

1130 2158 1184 2184 είσι
1209 2158 1348 2193 μακάριοι,
1365 2157 1412 2189 οὒς
1429 2157 1467 2193 τῷ
1486 2158 1620 2194 πνεύματι
1646 2160 1727 2193 γνοὺς
1748 2159 1914 2196 ὲμακάρισα·

1130 2201 1186 2236 ὲγὼ
1209 2203 1237 2228 δὲ
1257 2203 1341 2230 πολλὰ
1356 2205 1490 2235 κοπιάσας
1505 2205 1534 2231 ὲν
1549 2206 1610 2236 ταῖς
1624 2204 1691 2240 πρὸς
1703 2205 1747 2232 τὸν
1762 2205 1827 2232 Θεὸν
1842 2205 1916 2240 βοαῖς

1131 2247 1178 2275 καὶ
1193 2248 1424 2285 ἐξομολογήσεσιν,
1443 2250 1586 2285 ἀπέκαμον
1598 2251 1645 2277 καὶ
1666 2251 1795 2286 ὲσίγησαξ
1809 2251 1867 2278 ἀνθ’
1886 2249 1916 2279 οὗ

289 2298 490 2335 Symmachus.
517 2298 650 2331 Quoniam
677 2298 758 2331 silui;
787 2298 938 2326 Theodotio
966 2305 1079 2335 autem,

1131 2293 1145 2320 ὁ
1165 2294 1214 2329 μὲν
1233 2294 1388 2331 Σύμμαχος,
1405 2295 1464 2322 Ὅτι
1479 2296 1667 2332 ἀπεσίγησα·
1685 2297 1698 2323 ὁ
1720 2297 1748 2322 δὲ
1760 2297 1915 2331 Θεοδοτίων,

287 2343 421 2376 Quoniam
437 2342 565 2375 laboravi,
578 2343 747 2378 interpretati
761 2347 834 2374 sunt.
851 2343 904 2371 Pro
916 2344 961 2372 illo
975 2348 1082 2382 autem,

287 2388 349 2415 dum
363 2388 517 2420 clamarem,
534 2387 714 2424 Symmachus
724 2410 731 2422 ,
744 2388 814 2415 Dum
834 2389 997 2418 lamentarer
1022 2396 1078 2420 tota

287 2434 345 2465 die,
363 2433 457 2461 edidit.
483 2433 705 2461 inveteraverunt
722 2438 811 2461 autem
827 2435 887 2469 ejus
910 2443 990 2467 ossa,
1009 2445 1076 2464 con-

287 2479 352 2506 trita
374 2480 479 2508 scilicet
501 2487 534 2507 ex
553 2480 683 2507 continua
708 2479 754 2507 illa
769 2480 914 2508 aiilictione
936 2490 988 2517 qua
1003 2490 1033 2510 se
1049 2484 1077 2511 in

287 2525 460 2553 confessione
487 2526 636 2553 maceravit
653 2535 659 2553 :
686 2525 722 2553 ibi
738 2534 855 2562 namque
872 2527 945 2556 vires
959 2529 1056 2556 animae
1067 2550 1075 2562 ,

287 2578 347 2606 quae
357 2578 421 2598 ossa
434 2571 571 2605 dicuntur,
581 2571 810 2608 defatigabantur.
820 2573 911 2606 Quare
926 2575 1076 2602 secundum

288 2616 414 2652 Aquilam
431 2616 543 2648 dicitur,
557 2617 689 2650 Quoniam
703 2618 831 2652 obmutui,
843 2621 957 2647 contrita
969 2620 1076 2656 fuerunt

288 2671 349 2690 ossa
364 2671 422 2693 mea
443 2662 471 2689 in
490 2663 576 2698 rugitu
593 2672 668 2697 meo;
697 2665 845 2693 secundum
862 2666 1053 2702 Symmachum
1066 2687 1074 2701 ,

288 2710 421 2744 Quoniam
433 2709 507 2740 silui.
524 2710 732 2739 inveteraverunt
752 2720 813 2739 ossa
834 2720 892 2739 mea
908 2733 914 2745 ,
939 2712 1003 2739 dum
1018 2713 1076 2740 cla-

288 2764 388 2783 marent
401 2760 456 2782 tota
470 2754 521 2782 die.
541 2754 601 2782 Non
615 2755 649 2783 ad
665 2764 749 2783 unum
768 2764 901 2788 mensem,
915 2757 962 2785 sed
987 2758 1077 2785 omni-

289 2800 340 2829 bus
358 2801 454 2829 diebus
469 2808 531 2828 sese
545 2801 701 2828 macerabat
715 2809 746 2829 ac
759 2802 933 2837 defatigabat.

325 2891 410 2920 Ἴσκε.
426 2892 452 2920 5.
464 2891 594 2919 Delicium
606 2899 690 2918 meum
706 2892 837 2926 cognitum
853 2893 913 2927 feci,
927 2899 952 2920 et
969 2893 1076 2928 injusti-

290 2941 355 2970 tiam
375 2947 460 2972 meum
476 2947 526 2967 non
547 2937 681 2966 abscondi.
703 2938 783 2966 Dixi:
807 2939 956 2973 Conﬁtebor
981 2939 1074 2968 adver-

1132 2338 1192 2365 Ὅτι
1205 2339 1368 2371 ἐκοπίασα,
1388 2341 1572 2376 ἡρμήνευσαν.
1592 2342 1664 2368 Ἀντὶ
1682 2342 1710 2369 δὲ
1729 2343 1775 2369 τοῦ
1791 2343 1850 2378 ἀπὸ
1866 2344 1916 2371 τοῦ

1131 2385 1248 2418 κράζειν
1263 2394 1312 2420 με,
1335 2386 1401 2413 Ἀπὸ
1420 2387 1473 2414 τοῦ
1493 2387 1652 2422 ὀδύρεσθαί
1671 2398 1709 2424 με
1724 2390 1828 2417 πᾶσαν
1845 2390 1916 2425 ὴμέ-

1129 2439 1203 2464 ριιν,
1223 2431 1371 2465 ἐκδέδωκεν
1394 2433 1408 2459 ὀ
1423 2433 1579 2469 Σύμμαχος.
1594 2434 1767 2471 Ἐπαλαιώῦη
1783 2435 1811 2462 δὲ
1835 2436 1917 2463 αὐτοῦ

1131 2477 1165 2504 τὰ
1178 2477 1243 2504 ὀστᾶ
1264 2478 1460 2514 συντριΰὸμενα
1475 2481 1507 2506 ὲκ
1523 2480 1574 2515 τῆς
1592 2481 1691 2517 πολλῆς
1708 2482 1856 2514 κακώσεως
1869 2483 1918 2518 τῆς

1133 2523 1203 2550 κατὰ
1217 2525 1266 2560 τὴν
1282 2524 1472 2561 ἐξομολόγησιν
1489 2527 1563 2562 αὐτῷ
1575 2528 1772 2564 γεγενημένης·
1794 2530 1823 2559 εν
1872 2530 1918 2555 καὶ

1131 2570 1181 2601 τὰς
1196 2570 1323 2605 δυνάμεις
1336 2565 1390 2612 ¹τῆς
1405 2572 1494 2611 ψυχῆς
1516 2572 1598 2599 ὀστέα
1625 2573 1831 2610 ὀνομαζομένας
1853 2584 1918 2602 κατ-

1132 2616 1233 2645 επόνει.
1249 2617 1293 2643 Διὸ
1308 2618 1377 2644 κατὰ
1392 2618 1436 2644 τὸν
1450 2617 1565 2647 Ἀκύλαν
1580 2619 1700 2654 εἴρηται·
1716 2619 1775 2645 Ὅτι
1789 2620 1919 2655 ἐλώφεεν-

1131 2669 1184 2695 σα,
1200 2663 1354 2704 κατεζρίόη
1370 2664 1407 2690 τὰ
1430 2663 1505 2691 ὀστᾶ
1525 2674 1584 2700 μου
1606 2665 1640 2691 ἐν·
1658 2665 1831 2700 ¹βρυχήματί
1842 2673 1917 2701 μου·

1133 2709 1204 2736 κατὰ
1226 2709 1255 2736 δὲ
1278 2709 1323 2736 τὸν
1347 2710 1511 2747 Σύμμαχον,
1529 2710 1589 2737 Ὅτι
1609 2711 1824 2745 ἀπεσιώπησα,
1848 2712 1919 2738 ἐπα-

1132 2754 1243 2789 λαιώθη
1261 2756 1298 2782 τὰ
1311 2755 1387 2784 ὀστᾶ
1403 2766 1473 2791 μου,
1493 2757 1553 2784 ἀπὸ
1574 2756 1624 2783 τοῦ
1640 2756 1798 2793 ὀδύρεσθαι
1816 2757 1918 2784 πᾶσαν

1134 2801 1256 2836 ἡμέραν.
1271 2803 1337 2829 Οὐδὲ
1351 2803 1431 2840 μέχρι
1448 2803 1540 2838 μηνὸς,
1560 2803 1628 2838 ἀλλὰ
1646 2803 1734 2835 πάσας
1749 2803 1799 2836 τὰς
1813 2803 1917 2839 ἡμέρας

1134 2847 1297 2883 κατέτρυχεν
1314 2850 1410 2875 ἑαυτὸν
1423 2849 1469 2876 καὶ
1486 2850 1639 2877 κατεπόνει.

1167 2894 1227 2928 Τὴν
1242 2894 1387 2928 ἁμαρτίαν
1404 2903 1463 2929 μου
1475 2894 1630 2929 ἑγνόῳισα,
1644 2894 1694 2922 καὶ
1711 2895 1768 2929 τὴν
1786 2895 1913 2930 ἀνομίαν

1125 2950 1183 2978 μου
1199 2941 1253 2968 οὐκ
1265 2941 1413 2975 ἐκάλυψα.
1430 2939 1521 2968 Εἷπα·
1545 2941 1743 2974 Ἐξαγορεύσω
1759 2943 1823 2969 κατ’
1839 2943 1909 2978 ἐμοῦ
