2056 3214
270 162 323 191 979

601 161 735 189 EUSEBH
754 163 994 193 CESARIENSIS
1013 165 1089 194 OPP.
1109 166 1198 194 PARS
1215 166 1261 195 Ill.
1283 182 1316 187 —
1334 167 1540 196 EXEGETICA.

1846 170 1898 200 280

270 222 328 250 sive
345 220 378 248 ad
395 219 503 249 Patrem
525 218 647 248 deducit.
674 220 749 248 Loco
772 225 862 249 autem
884 222 972 256 illius,
996 222 1053 250 Fir-

1109 224 1185 256 τέλος
1200 225 1230 251 τὸ
1240 225 1449 261 τρισμακάριον,
1466 226 1512 253 τὸν
1535 225 1631 253 ἑαυτοῦ
1646 226 1763 262 Πατέρα.
1784 226 1857 255 Ἀντὶ
1869 228 1898 255 δὲ

270 267 347 295 mabo
362 274 439 302 super
453 271 476 293 te
491 266 580 293 oculos
592 274 672 299 meos,
686 266 868 303 Symmachus
882 269 971 302 habet,
988 269 1058 297 Con.

270 312 373 341 sultabo
384 313 415 339 de
430 318 454 339 te
465 312 540 339 oculo
557 321 624 340 meo.
638 312 707 346 Quia
723 314 796 341 enim
812 315 882 342 oculi
894 315 1001 342 Domini
1013 324 1059 343 su-

266 368 313 394 per
329 359 429 394 justas,
447 364 472 386 et
486 368 563 386 aures
580 362 637 394 ejus
659 360 694 387 ad
709 368 797 395 preces
832 370 922 389 eorum
934 362 976 396 ";
999 371 1057 391 me-

268 407 320 434 rito
340 414 402 434 eum
427 406 474 442 qui
497 406 561 433 talia
590 410 716 442 precatus
744 411 806 439 est,
833 408 915 435 oculo
931 409 1059 444 dignatur

269 460 334 485 suo,
361 456 391 480 ut
406 452 492 480 radiis
512 452 566 480 illis
589 460 622 479 ex
644 452 738 480 divino
753 453 833 480 oculo
858 454 967 482 emissis
994 455 1053 482 illu~

269 501 368 525 atratus
382 501 489 529 mente,
504 495 575 523 viam
597 501 692 524 cernat
709 497 760 524 sibi
776 498 950 532 promissam.
968 499 1058 532 Quare

268 543 339 571 oculi
356 543 464 570 Domini
481 550 535 570 non
551 551 633 578 super
647 551 742 573 omnes
755 563 763 576 ,
793 544 840 571 sed
868 552 945 579 super
967 545 1056 580 justas

268 594 390 622 tantum;
407 596 471 616 nam
485 588 518 616 ab
533 589 625 624 impiis
640 588 736 616 oculos
756 597 822 617 suos
842 590 948 618 avertit.

1109 271 1166 303 τοῦ,
1192 271 1367 306 Ἐπιστηριῶ
1389 272 1440 299 ἐπὶ
1460 272 1497 299 σὲ
1520 272 1592 306 τοὺς
1625 273 1798 308 ὀφθαλμούς
1827 283 1898 309 μου,

1108 318 1123 344 ό
1143 318 1307 353 Σύμμαχος,
1328 319 1554 354 Βουλεύσομαι,
1581 319 1663 355 φησὶ,
1688 319 1753 353 περὶ
1775 318 1835 346 σοῦ
1859 319 1898 353 τῷ

1109 364 1252 398 ὀφθαλμῷ
1266 373 1336 399 μου.
1356 365 1466 401 Ἐπειδὴ
1487 365 1541 401 γὰρ
1558 365 1704 400 ὀφθαλμοὶ
1723 366 1833 400 Κυρίου
1850 366 1898 394 ἐπὶ

1109 409 1257 443 δικαίους,
1272 411 1322 438 καὶ
1335 409 1396 438 ὦτα
1410 411 1502 439 αὐτοῦ
1519 413 1563 445 είς
1577 411 1684 446 δέησιν
1693 411 1791 440 αὐτῶν
1803 421 1810 428 ·
1828 412 1900 439 εἰκό-

1110 465 1164 488 τως
1176 456 1221 483 τὸν
1237 457 1356 485 τοσαῦτα
1367 458 1503 494 ηὐγμένον
1518 457 1641 487 καταειοῖ
1650 458 1697 485 τοῦ
1718 458 1783 485 ίδίου
1799 457 1899 494 ὀφθαλη

1112 502 1173 537 μοῦ,
1190 503 1274 536 ὅπως,
1291 504 1324 531 ὲκ
1341 504 1395 531 τῶν
1423 505 1594 539 φωτιστικῶν
1612 504 1701 532 αὐτῶν
1724 504 1779 531 τῶν
1796 505 1828 531 ἐκ
1851 504 1900 532 τοῦ

1110 548 1183 576 θείου
1196 549 1336 586 ὀφθαλμοῦ
1351 551 1533 586 πεμπομένων
1548 551 1691 586 φωτισθεὶς
1705 551 1754 587 τὴν
1769 551 1899 584 διάνοιαν,

1109 595 1157 631 τὴν
1176 596 1235 623 ὁδὸν
1258 596 1387 632 θεάσηται
1408 597 1458 633 τὴν
1475 597 1682 633 ἐπηγγελμένην
1697 597 1780 633 αὐτῷ.
1801 597 1901 633 Διόπερ

269 633 397 671 ὗφθαλμοὶ
418 636 522 671 Κυρίου
546 637 596 662 οὐκ
617 636 663 662 ἐπὶ
681 636 796 668 πάντας,
821 636 878 663 ἀλλ’
896 637 945 663 ἐπὶ
965 638 1062 672 μόνους
1081 641 1153 676 τοὺς
1175 642 1311 677 δικαίους
1325 652 1332 659 θ
1349 644 1405 671 ἀπὸ
1429 644 1483 680 γὰρ
1515 644 1570 671 τῶν
1597 643 1704 671 ἀσεϐῶν
1731 644 1900 678 ἀποστρέφει

270 682 328 713 τοὺς
344 681 441 709 ἑαυτοῦ
459 682 625 718 ὀφθαλμούς.

301 728 384 758 Vens.
403 730 445 757 ll.
458 730 599 757 Laetamim‘
614 731 640 757 in
654 730 766 758 Domino
780 736 804 758 et
825 732 965 764 essultate,
977 733 1057 767 justi,

268 781 290 804 et
305 776 468 812 gloriamini,
483 786 570 804 omnes
586 778 650 804 recti
669 777 757 805 corde.
774 777 922 813 Postquam
937 787 1059 814 respon—

267 821 372 850 sionem
385 822 418 849 ad
436 827 592 857 precantem
612 830 704 850 sermo
719 823 867 857 conclusit,
888 828 951 859 post
974 831 1057 859 supra

268 867 402 895 dictorum
428 868 661 904 promissionem,
687 868 721 896 ad
747 876 893 897 commune
915 869 1056 897 hominum

1147 734 1343 770 Εὐφράνθητε
1364 735 1414 762 ἐπὶ
1427 736 1537 770 Κύριον
1561 735 1610 763 καί
1637 736 1834 771 ἀγαλλιᾶσθε,
1856 738 1900 765 δί-

1112 789 1200 812 καιοι,
1214 781 1263 808 καὶ
1278 781 1444 816 καυχᾶσθε,
1459 782 1570 815 πάντες
1583 783 1610 808 οὶ
1624 781 1720 815 εὐθεῖς
1735 781 1772 816 τῇ
1782 782 1899 817 καρδίᾳ.

1110 825 1287 861 Περιγράψας
1302 826 1317 852 ὁ
1337 826 1415 861 λόγος
1438 827 1487 863 τὴν
1501 827 1571 863 πρὸς
1595 827 1641 854 τὸν
1663 827 1810 862 εὐξάμενον
1830 828 1897 855 ἁπό-

1109 879 1216 906 κρισιν.
1235 871 1468 907 ὲπαγγειλάμενὸς
1488 880 1518 898 τε
1537 871 1611 907 αὐτῷ
1631 872 1665 898 τὰ
1685 872 1900 907 προλελεγμένα,

268 921 353 948 genus
366 921 457 941 sermo
476 914 641 941 transfertur
657 925 662 942 :
679 916 743 949 quia
759 915 794 942 ob
810 916 864 942 vim
881 916 983 943 amoris
996 916 1053 944 vult

1110 915 1267 951 μεταϐαίνει
1293 916 1339 942 ἐπὶ
1369 916 1400 942 τὸ
1430 916 1519 943 κοινὸν
1545 916 1598 943 τῶν
1627 915 1778 951 ἀνθρώπων
1806 916 1899 950 γένος,

267 965 362 986 omnes
378 959 493 986 salutem
514 960 648 987 obtinere.
671 960 786 995 Ipseque
807 960 890 988 David
910 964 1055 996 postquam

267 1004 465 1033 confessionem
484 1014 561 1032 suam
584 1006 713 1037 absolvit,
732 1007 803 1034 felici
823 1007 1003 1042 responsione
1024 1015 1056 1036 ac

267 1051 462 1086 pollicitatione
477 1052 607 1084 donatus,
625 1059 658 1079 ex
678 1053 703 1079 vi
720 1052 812 1088 gaudii
837 1054 950 1088 reliquis
973 1053 1056 1081 etiam

267 1097 425 1125 hominibus
446 1098 541 1126 isthazc
562 1097 746 1126 emolumenta
772 1099 920 1127 conciliare
944 1099 1055 1135 satagit.

268 1142 408 1171 Lmamini
433 1144 460 1170 in
480 1144 594 1171 Domino
611 1148 635 1172 et
653 1144 795 1178 exsultate,
808 1145 888 1180 justi,
914 1150 939 1172 et
955 1146 1056 1181 gloria-

266 1190 344 1221 mini,
362 1197 450 1216 omnes
475 1189 540 1216 recti
562 1189 649 1216 corde.
674 1189 908 1222 Quemadmodum
929 1195 1056 1225 peccato-

267 1241 327 1261 rum
348 1233 440 1261 ordini
456 1234 489 1261 ad
508 1234 649 1262 sinistram
672 1235 773 1269 posito,
791 1239 988 1270 congruentem
1007 1235 1057 1263 de-

267 1279 306 1306 dit
321 1278 545 1311 admonitionem,
562 1280 716 1314 exemplum
732 1287 793 1308 sese
810 1280 934 1315 prasbens
956 1280 989 1308 iis
1008 1280 1055 1316 qui

266 1333 281 1353 ι
299 1326 418 1362 peccatis
439 1329 656 1359 convertuntur;
680 1326 721 1353 sic
741 1327 824 1353 etiam
844 1326 927 1361 justis
945 1327 1055 1362 propria

266 1374 318 1402 sibi
334 1381 367 1402 ac
380 1374 571 1401 convenientia
591 1374 736 1403 annuntiat
751 1373 777 1400 in
792 1374 918 1408 praesenti
931 1394 938 1406 ,
954 1374 1054 1403 cohor-

265 1423 328 1449 tans
345 1420 407 1448 illos
428 1424 458 1449 ut
473 1420 507 1448 de
524 1420 598 1447 nulla
618 1424 789 1448 terrenarum
812 1427 905 1447 rerum
918 1420 1053 1453 laetemur,

265 1466 313 1494 sed
330 1466 364 1494 de
375 1466 490 1495 Domino
503 1467 648 1502 magniﬁce
664 1466 796 1497 sentiant,
812 1470 839 1493 et
851 1466 885 1493 de
896 1469 972 1492 tanto
983 1466 1055 1495 bono

264 1514 401 1550 gaudeant
417 1517 444 1541 et
465 1513 613 1541 exsultent.
630 1512 687 1540 Sed
708 1513 802 1544 etiam,
820 1512 864 1546 qui
877 1512 1013 1547 gloriatur
1027 1513 1055 1539 iu

264 1561 377 1589 Domino
392 1560 529 1596 glorietur,
553 1560 591 1586 ait
605 1558 754 1595 Apostolus
768 1558 787 1584 ³.
801 1557 867 1585 Jure
890 1558 981 1593 itaque
1002 1558 1054 1585 hoc

1108 963 1141 989 δι’
1157 963 1310 999 ὑπερϐολὴν
1325 963 1531 999 φιλανθρωπίας
1548 963 1652 994 πάντας
1669 962 1828 998 βουλόμενος
1848 971 1902 990 σω-

1109 1009 1262 1044 θῆναι.Καὶ
1273 1010 1353 1042 αὐτὸς
1369 1010 1396 1036 δὲ
1412 1010 1426 1035 ό
1440 1009 1531 1040 Δαυῖδ,
1546 1008 1726 1045 προσδιελθὼν
1741 1009 1789 1044 τὴν
1803 1008 1901 1036 ἑαυτοῦ

1108 1055 1312 1091 ἐξομολόγησιν,
1331 1055 1423 1086 αἰσίας
1439 1063 1469 1081 τε
1485 1055 1656 1090 ἀποκρίσεως
1671 1054 1717 1081 καὶ
1733 1054 1901 1089 ἐπαγγελίας

1108 1099 1296 1133 καταξιωθεὶς,
1306 1099 1335 1133 ἐξ
1345 1099 1565 1136 ὑπερϐαλλούσης
1577 1100 1663 1136 χαρᾶς
1674 1100 1720 1126 καὶ
1731 1100 1787 1131 τοῖς
1797 1099 1900 1134 λοιποῖς

1108 1147 1263 1183 ἀνθρώποις
1280 1146 1405 1182 προξενεῖ
1424 1145 1457 1172 τὰ
1476 1146 1526 1180 τῆς
1544 1145 1688 1180 ὡφελείας.
1704 1146 1901 1181 Εὐφράνθητε

1108 1191 1157 1218 ἐπὶ
1176 1192 1286 1224 Κύριον
1300 1191 1350 1219 καὶ
1371 1189 1570 1225 ἀγαλλιᾶσθε,
1591 1190 1707 1221 δίκαιοι,
1724 1190 1774 1216 καὶ
1788 1188 1901 1223 καυχᾶ-

1108 1238 1163 1265 σθε
1180 1236 1291 1269 πάντες
1308 1237 1334 1262 ol
1351 1235 1448 1269 εὐθεῐς
1468 1235 1506 1270 τῇ
1523 1235 1639 1270 καρδία.
1664 1236 1769 1270 Ὥσπερ
1781 1234 1820 1270 τῷ
1839 1235 1902 1271 ἀριε

1109 1282 1196 1318 στερῷ
1211 1282 1332 1317 τάγματι
1343 1281 1397 1308 τῶν
1414 1281 1584 1317 ἁμαρτωλῶν
1594 1281 1629 1308 τὰ
1644 1280 1798 1316 κατάλληλα
1810 1280 1900 1316 παρῄέ

1107 1336 1195 1362 νεσεν,
1207 1328 1303 1355 ἑαυτὸν
1319 1328 1471 1362 ὑπόδειγμα
1482 1327 1629 1363 παρασχὼν
1646 1328 1701 1359 τοῖς
1712 1327 1741 1359 ἐξ
1757 1326 1900 1362 ἁμαρτιῶν

1107 1375 1317 1410 ἐπιστρέφουσιν
1327 1383 1333 1389 ·
1349 1374 1419 1401 οὕτω
1436 1374 1484 1401 καὶ
1501 1375 1558 1406 τοῖς
1572 1373 1687 1405 δικαίοις
1697 1374 1731 1400 τὰ
1748 1374 1838 1400 οἰκεῖα
1851 1372 1899 1399 καὶ

1107 1421 1198 1453 αὐτοῖς
1217 1420 1333 1456 ἁρμόδια
1343 1420 1548 1454 εὐαγγελίζεται
1564 1421 1608 1449 διὰ
1625 1421 1680 1448 τῶν
1697 1420 1897 1457 προκειμένων,

1107 1466 1248 1502 παραινῶν
1264 1466 1356 1498 αὐτοῖς
1380 1466 1426 1492 ἐπὶ
1444 1466 1537 1502 μηδενὶ
1555 1467 1604 1502 μὲν
1621 1467 1675 1494 τῶν
1691 1466 1830 1502 κοσμικῶν
1854 1466 1899 1492 εὐ-

1107 1512 1279 1548 φραίνεσθαι,
1303 1513 1349 1539 ἐπὶ
1369 1513 1397 1539 δὲ
1419 1513 1464 1539 τὸν
1480 1513 1581 1549 Κύριον
1611 1513 1682 1549 μέγα
1701 1513 1824 1548 φρονεῖν,
1850 1511 1898 1538 καὶ

1108 1559 1150 1586 ἐπ’
1166 1558 1239 1594 αὐτῷ
1251 1558 1324 1594 μόνῳ
1335 1558 1538 1595 εὐφραίνεσθαι,
1549 1560 1653 1595 χαίρειν
1664 1567 1694 1585 τε
1706 1559 1753 1587 καὶ
1766 1558 1898 1593 ἀγαλλιᾷν

264 1607 326 1634 loco
341 1606 425 1638 totius
437 1606 573 1634 sermonis
595 1605 675 1632 linem
691 1603 756 1631 facit
773 1603 816 1631 his
832 1604 934 1636 verbis,
952 1603 986 1630 Et
996 1603 1053 1639 glo-

1105 1606 1151 1632 ἐπὶ
1175 1605 1214 1641 τῷ
1230 1605 1351 1641 τοσούτῳ
1371 1605 1476 1641 ἀγαθῷ.
1498 1605 1578 1632 Ἀλλὰ
1599 1606 1646 1632 καὶ
1672 1607 1688 1632 ὁ
1705 1604 1897 1640 καυχώμενος

263 1652 373 1684 riamini
387 1652 413 1678 in
430 1652 488 1682 illo.
510 1659 598 1680 omnes
623 1652 687 1678 recti
704 1649 782 1677 corde
794 1658 803 1676 :
818 1657 906 1684 neque
921 1649 955 1677 de
975 1650 1052 1679 vobis

264 1698 332 1733 ipsis
347 1697 489 1732 magniﬁce
504 1696 640 1725 sentiatis.
657 1696 706 1726 sed
734 1695 769 1723 de
796 1695 857 1730 ipso
872 1694 989 1722 Domino
1005 1695 1053 1730 qui

264 1743 342 1771 vobis
356 1742 466 1771 virtutis
482 1742 572 1770 omnis
588 1745 684 1770 auctor
703 1741 764 1768 fuit.

1105 1651 1140 1678 ὲν
1152 1652 1249 1687 Κυρίῳ
1264 1651 1436 1686 καυχάσθω,
1446 1651 1516 1678 κατὰ
1529 1651 1575 1678 τδν
1595 1651 1763 1680 Ἀπόστολον.
1778 1651 1897 1686 Εἰκότως

1106 1694 1152 1723 οὖν
1167 1697 1214 1723 καὶ
1233 1697 1350 1723 ἐνταῦθα
1369 1697 1399 1724 τὸ
1416 1697 1602 1733 συμπέρασμα
1624 1696 1672 1724 τοῦ
1696 1697 1795 1729 παντὸς
1816 1697 1896 1732 λόγου

1106 1740 1333 1777 ὲπισφραγίξεται
1347 1742 1443 1778 λέγων·
1451 1742 1505 1769 Kal
1517 1741 1670 1777 καυχᾶσθε
1680 1742 1714 1771 ὲν
1722 1742 1812 1775 αὐτῷ,
1821 1741 1899 1769 πάν-

264 1798 312 1822 τες
324 1790 352 1816 οἱ
365 1788 461 1821 εὑθεῖς
475 1787 513 1823 τῇ
531 1788 653 1822 καρδίᾳ·
675 1787 713 1825 μὴ
729 1787 784 1824 γὰρ
801 1788 843 1823 ἐφ’
861 1788 966 1820 ἑαυτοῖς
984 1787 1055 1823 μέγα
1073 1789 1192 1827 φρονεῖν,
1208 1787 1266 1821 ἀλλ’
1279 1789 1323 1816 ἐπ’
1337 1788 1411 1824 αὑτῷ
1425 1789 1464 1824 τῷ
1485 1789 1575 1824 πάσης
1590 1790 1654 1825 ὑμῖν
1685 1789 1786 1825 ἀρετῆς
1817 1788 1897 1825 αἰτίῳ

263 1834 402 1872 γενομένῳ
412 1835 518 1870 Κυρίῳ.

447 1892 613 1923 PSALMUS
628 1892 733 1920 DAVID
752 1892 861 1928 XXXII.

300 1940 455 1968 Secundum
469 1939 630 1967 llebraicam
645 1939 790 1967 lectionem
802 1942 829 1966 et
845 1938 993 1967 secundum
1007 1946 1050 1966 re-

263 1987 354 2022 liquos
376 1987 536 2023 interpretes
561 1986 741 2021 inscriptione
763 1990 839 2014 caret
854 1985 900 2013 hic
917 1985 1049 2020 psalmus,

263 2033 433 2067 multamque
454 2039 516 2059 cum
533 2031 698 2067 praecedenti
725 2030 933 2059 consonantiam
958 2030 1050 2058 habet.

264 2077 333 2104 Cum
348 2078 419 2105 enim
443 2076 470 2103 in
486 2076 539 2103 ﬁne
564 2076 637 2104 illius
654 2077 779 2109 dixisset,
791 2075 933 2104 ιιιειαηιὶιιί
950 2076 978 2103 in
999 2075 1053 2103 Do-

264 2123 346 2154 mino,
358 2127 382 2149 et
391 2121 610 2157 exsultatc,justi,
624 2122 658 2149 ab
672 2122 768 2150 iisdem
781 2122 867 2150 ferme
878 2122 970 2150 verbis
982 2129 1052 2157 prae-

265 2174 371 2198 sentem
391 2168 509 2201 orditur,
523 2168 607 2197 Vens.
624 2169 636 2196 l
655 2178 662 2196 :
682 2168 833 2201 Exsultate,
845 2169 925 2204 justi,
946 2169 974 2196 in
997 2168 1051 2196 Do-

266 2216 348 2243 mino.
364 2214 532 2250 Videturque
546 2214 613 2241 mihi
628 2222 658 2243 ea
675 2222 736 2250 quae
751 2214 778 2241 in
791 2215 918 2250 praesenti
933 2215 1051 2250 prophe-

1292 1889 1439 1917 ΨΑΛΜΟΣ
1459 1891 1503 1918 ΤΩ
1523 1891 1623 1917 ΔΑΥῘΔ
1642 1891 1703 1918 ΔΒ’.

1138 1937 1217 1964 Κατὰ
1246 1936 1295 1972 τὴν
1320 1936 1468 1972 Ἐὃραϊκὴν
1493 1937 1646 1970 ἀνάγνωσιν
1667 1936 1715 1963 καὶ
1734 1937 1806 1963 κατὰ
1831 1937 1897 1970 τοὺς

1103 1984 1214 2015 λοιποὺς
1231 1982 1401 2018 ἑρμηνευτὰς
1428 1982 1614 2018 ἀνεπίγραφός
1638 1984 1711 2010 ἐστιν
1735 1984 1749 2010 ὁ
1770 1983 1893 2020 ψαλμύςο

1104 2029 1206 2065 πολλὴν
1234 2029 1262 2055 δὲ
1283 2028 1379 2061 σώζεις
1397 2029 1557 2059 ἀκολουθίαν
1578 2029 1646 2065 πρὸς
1660 2029 1706 2056 τὸν
1727 2030 1781 2065 πρὸ
1797 2029 1893 2057 αὑτοῦ.

1104 2076 1247 2112 Προειπὼν
1263 2076 1317 2112 γὰρ
1331 2076 1402 2102 κατὰ
1419 2075 1449 2105 τὸ
1470 2075 1546 2107 τέλος
1561 2076 1663 2103 ἐκείνου
1676 2084 1683 2092 ⁸
1698 2076 1894 2111 Εὐφράνθητε
1935 2075 1938 2077 ’

1103 2122 1154 2149 ἐπὶ
1173 2123 1282 2157 Κύριον
1306 2121 1356 2149 καὶ
1380 2121 1582 2157 ἀγαλλιᾶσθε,
1599 2121 1726 2150 δίκαιοι.
1751 2121 1893 2157 μονονουχὶ

1103 2169 1188 2204 αὐτῆς
1205 2168 1305 2204 ἤρξατο
1320 2168 1369 2202 τῆς
1388 2167 1486 2201 λέξεως
1508 2167 1554 2195 τοῦ
1580 2167 1770 2207 προκειμένου,
1784 2168 1891 2203 φήσας’

1109 2213 1312 2249 Ἆγαλλιᾶσθε,
1338 2213 1455 2245 δίκαιοι,
1477 2213 1513 2240 ἐν
1537 2214 1644 2249 Κυρίῳ.
1668 2213 1722 2240 Καί
1749 2222 1794 2249 μοι
1818 2213 1894 2241 δοκεῖ

264 2261 317 2288 tice
333 2260 471 2292 dicuntur,
488 2260 521 2287 ad
544 2266 692 2295 personam
715 2267 811 2287 eorum
836 2260 883 2295 qui
907 2260 934 2287 in
949 2267 1051 2294 praece-

1105 2259 1280 2297 προφητικῶς
1302 2259 1337 2287 τὰ
1357 2259 1489 2294 λεγόμενα
1505 2259 1550 2286 διὰ
1564 2259 1618 2285 τῶν
1638 2259 1826 2295 προκειμένων
1851 2260 1891 2291 είς

264 2307 338 2334 denti
355 2307 460 2342 psalmo
483 2306 641 2335 indicantur
657 2305 753 2334 referri
764 2325 771 2338 ,
797 2306 948 2333 secundum
964 2305 1048 2333 illud:

263 2352 340 2382 Beati
360 2361 471 2388 quorum
487 2353 605 2379 ramissa’
622 2356 683 2380 sunt
705 2352 868 2387 iniquitates,
892 2356 916 2379 et
939 2360 1050 2387 quorum

264 2402 332 2425 tecta
345 2404 405 2426 sunt
417 2402 533 2433 peccata.
552 2397 621 2426 Nam
642 2397 676 2425 ad
702 2405 750 2425 eos
766 2397 813 2433 qui
836 2405 884 2433 per
899 2397 1049 2426 salutarem

263 2445 380 2480 gratiam
399 2445 591 2472 remissionem
614 2447 791 2479 peccatorum
808 2443 948 2471 consecuti
973 2448 1047 2477 sunt,

262 2491 290 2518 id
309 2490 452 2517 vociferari
469 2490 588 2523 videtur,
609 2490 759 2524 Exsultate,
778 2490 860 2525 justi,
872 2490 898 2517 in
923 2490 1047 2518 Domino.

261 2534 324 2564 Non
347 2536 563 2571 vobismetipsis,
589 2544 643 2563 non
669 2536 797 2571 cuiquam
813 2537 984 2564 saecularium
1002 2545 1049 2565 re-

263 2589 335 2614 rum,
357 2581 405 2609 sed
421 2581 538 2609 Domino
553 2582 661 2614 conﬁsi,
684 2582 712 2609 in
729 2582 788 2617 ipso
804 2582 962 2618 dignitatem
977 2591 1048 2619 pra;-

262 2628 392 2660 ferentes,
408 2627 436 2655 iu
454 2628 514 2663 ipso
529 2629 689 2663 gloriantes,
703 2629 839 2657 exsultate
854 2638 913 2662 vos,
933 2638 950 2657 ο
964 2630 1048 2663 beati,

262 2681 379 2710 quorum
394 2673 515 2702 remissae
532 2677 595 2701 sunt
611 2670 826 2709 iniquitates,'et
845 2683 961 2711 quorum
975 2680 1047 2704 tecta

263 2724 328 2748 sunt
341 2725 462 2756 peccata.
488 2719 580 2750 Recto:
604 2724 703 2758 quippe
722 2731 829 2757 omnes,
854 2722 954 2758 inquit,
976 2722 1048 2749 decet

263 2765 312 2794 Dei
334 2766 513 2798 collaudalia;
532 2768 680 2795 secundum
707 2768 834 2805 Aquilam
862 2776 945 2801 vero,
961 2768 1047 2795 Raetis

263 2812 373 2847 pulchra
386 2817 425 2839 εει
439 2813 566 2841 cantatio.
580 2812 649 2846 Quia
662 2815 734 2842 enim
747 2823 801 2843 non
816 2815 957 2851 speciosus
971 2815 1050 2851 hym-

305 2889 324 2907 "
338 2890 410 2923 Psal.
431 2898 536 2925 xxxiii,
556 2891 597 2919 16,
638 2889 726 2920 'lCor.
745 2900 770 2926 ι,
788 2892 832 2920 3|.

1103 2308 1249 2344 πρόσωπον
1279 2306 1489 2342 ἀναπέμπεσθαι
1512 2306 1566 2335 τῶν
1589 2307 1619 2332 ὲν
1645 2306 1684 2342 τῷ
1715 2307 1768 2339 πρὸ
1796 2306 1891 2333 τούτου

1102 2352 1201 2388 ψαλμῷ
1214 2351 1398 2388 δηλωθέντων,
1416 2351 1487 2378 κατὰ
1501 2351 1541 2383 τὸ,
1559 2351 1703 2385 Μακάριοι
1722 2348 1766 2378 ὧν
1781 2351 1892 2385 ἀφέθηι-

1102 2407 1164 2427 σαν
1177 2400 1206 2425 αἱ
1220 2398 1349 2433 ἀνομίαι,
1366 2397 1416 2424 καὶ
1429 2395 1472 2424 ὧν
1486 2397 1743 2431 ἐπεκαλύφθησαν
1755 2398 1785 2423 al
1800 2396 1892 2431 ἀμαρ-

1102 2446 1171 2473 τίαι.
1191 2446 1235 2477 Ὠς
1253 2445 1307 2481 γὰρ
1324 2444 1392 2479 πρὸς
1412 2444 1531 2475 ἐκείνους
1547 2444 1609 2475 τοὺς
1634 2443 1817 2479 τετυχηκότας
1840 2443 1891 2478 τῆς

1101 2491 1224 2526 ἀφέσεως
1237 2490 1291 2517 τῶν
1312 2490 1519 2526 ἁμαρτημάτων
1536 2489 1580 2516 διὰ
1596 2488 1646 2524 τῆς
1661 2488 1794 2526 σωτηρίου
1811 2488 1891 2525 χάρι-

1101 2546 1146 2569 τος
1162 2538 1342 2571 ἀναφωνείται
1358 2536 1399 2568 τὺ,
1422 2534 1628 2570 Ἀγαλλιᾶσθε,
1645 2534 1765 2566 δίκαιοι,
1784 2534 1819 2561 ὲν
1831 2536 1891 2563 Κυ-

1098 2584 1163 2619 ρίῳ.
1181 2583 1226 2619 Μὴ
1241 2583 1295 2619 γὰρ
1315 2583 1357 2618 ἐφ’
1380 2581 1515 2617 ἑαυτοῖςῆ
1540 2581 1586 2608 ὲπί
1606 2590 1633 2607 τι
1654 2581 1708 2610 τῶν
1733 2580 1889 2615 κοσμικῶν,

1101 2631 1159 2659 ἀλλ’
1175 2630 1221 2656 ἐπὶ
1236 2629 1274 2665 τῷ
1290 2628 1383 2664 Κυρίῳ
1398 2627 1571 2659 πεποιθότες,
1586 2627 1632 2654 καὶ
1642 2627 1685 2653 ἐπ’
1702 2625 1775 2661 αὐτῷ
1789 2633 1890 2661 σεμνυ-

1099 2676 1205 2712 νόμενοι
1217 2676 1263 2704 καὶ
1275 2676 1304 2702 ὲν
1315 2674 1389 2710 αὺτῷ
1400 2673 1582 2709 καυχώμενοι,
1593 2667 1756 2707 ἀγαλλιᾶσθε
1768 2671 1848 2706 ὑμεῖς
1862 2670 1888 2698 οἱ

1102 2722 1241 2759 μακάριοι,
1258 2718 1297 2749 ὧν
1314 2721 1454 2757 ἀφέθησαν
1478 2720 1506 2749 αἱ
1523 2719 1644 2755 ἀνομίαι,
1660 2719 1708 2746 καὶ
1726 2715 1764 2745 ὧν
1787 2718 1887 2745 ἐπεκα-

1100 2769 1239 2806 λύφθησαν
1255 2770 1284 2797 αἱ
1309 2769 1452 2805 ἁμαρτίαι.
1470 2768 1579 2803 Πρέπει
1600 2767 1669 2804 γὰρ,
1698 2765 1779 2801 φησὶ,
1803 2766 1886 2793 πᾶσιν

1101 2814 1163 2847 τοῖς
1173 2815 1317 2850 εὐθέσινή
1338 2816 1380 2849 εὶς
1393 2814 1447 2842 τὸν
1469 2814 1543 2842 Θεὸν
1555 2814 1681 2846 αινεσις.
1699 2811 1777 2839 Κατὰ
1797 2810 1827 2839 δὲ
1840 2809 1886 2839 τὸν
