2056 3214
135 183 185 212 28]

698 188 950 223 conuersum
969 192 1006 220 1N
1024 193 1194 224 PSALMOS.
1232 178 1298 211 ⁷>τ

1705 198 1761 228 282

140 240 268 273 Ἀκύλαν,
286 243 346 276 Τοῖς
370 244 493 272 εὐθέσιν
509 245 665 280 ὡραιοῦται
687 247 827 282 ὖμνησις.
849 250 907 277 Ἐπε

957 272 962 285 ,
975 260 1028 280 nus
1041 257 1084 281 est
1098 253 1126 281 in
1138 261 1186 281 ore
1200 254 1362 288 peccatoris,
1381 253 1445 290 jure
1459 262 1517 287 eos,
1531 254 1654 290 quipura
1668 261 1760 285 mente

132 287 188 323 γὰρ
204 288 254 323 οὐχ
269 288 370 324 ὡραῖος
391 289 474 326 ὖμνος
489 292 518 317 ὲν
534 291 648 327 στόματι
665 293 839 329 ἁμαρτωλοῦ,
853 296 925 323 εικό-

131 342 187 366 τως
202 336 259 366 τοῖς
270 335 394 372 καθαρὰς
410 336 528 370 διανοίας
541 338 588 365 καὶ
603 338 710 375 καθαρά
726 340 803 376 χείλη
826 350 925 378 κεκτη-

133 380 225 416 μένοις
240 381 401 418 εὐπρέπειὴ
419 383 466 410 τοῦ
479 383 548 411 Θεοῦ
565 384 676 417 αῖνεσις.

174 427 422 463 Ἐξομολογεῖσθε
437 430 477 463 τῷ
499 432 597 465 Κυρίῳ
615 432 650 458 ἐν
664 432 778 468 κιθάρᾳ,
791 433 826 461 ἐν
841 436 923 469 ψαλ-

129 474 221 508 τηρίῳ
233 473 403 510 δεκαχόρδῳ
415 476 532 511 ψὰλατε
545 477 635 511 αὐτῷ.
653 479 732 506 Κατὰ
747 480 859 517 πρώτην
873 483 921 509 τοῦ

129 520 213 556 νόμου
225 521 375 558 παράδοσιν
382 524 630 559 γεγραμμένα.Καὶ
640 526 654 552 ὁ
663 525 712 558 τὰς
720 525 772 552 ἐσω
779 526 862 554 δὲκαὶ
873 526 921 559 τὰς

129 565 182 599 ἔξω
190 566 332 602 αἰσθήσεις
341 568 463 604 καθαρὰς
470 569 518 595 καὶ
528 570 688 605 ἀμέμπτους
697 570 836 604 φυλάττων
844 573 873 599 ἐν
882 572 921 598 δε-

129 611 255 647 καχόρδῳ
265 611 351 648 ψαλτη
357 613 405 648 ρίῳ
410 613 505 648 ψάλλει
514 614 552 652 τῷ
558 615 626 651 Θεῷ.
632 617 741 651 ’ᾼσστε
752 616 831 649 αὐτῷ
838 614 920 652 ᾆσμα

128 658 243 688 καινόν.
261 658 298 684 Τὸ
318 659 367 694 μὲν
389 659 503 687 παλαιὸν
517 658 594 696 ᾆσμα
609 661 653 688 διὰ
669 663 786 695 παλαιᾶς
802 662 919 699 κιθάρας

127 703 175 730 καὶ
185 703 303 731 παλαιοῦ
312 705 473 741 ψαλτηρίου,
486 706 539 733 τῶν
555 707 665 743 ἀψύχων
681 709 813 744 ὀργάνων,
824 709 919 746 ὥσπερ

126 749 171 776 διὰ
183 750 324 786 ωμὸόλων
339 752 385 778 καὶ
408 753 520 779 εἰκόνων
537 754 721 786 ἐσπουδάζετο
740 754 779 790 τῷ
791 756 917 792 προτέρῳ

125 795 201 831 λαῷε
217 796 248 823 τὸ
268 796 297 823 δὲ
311 798 404 824 καινὸν
424 796 499 835 ᾆσμα
522 800 772 837 μεγαλοφυὲσεπρον
791 802 839 828 καὶ
860 802 918 829 Θεο-

126 842 315 878 πρετιέστερον.
329 843 373 870 διὰ
388 844 504 880 κιθάρας
521 844 620 881 ζώσης,
638 847 686 873 καὶ
696 846 740 873 διὰ
761 847 807 874 τοῦ
820 848 916 874 ἀποδο-

107 897 110 901 ·
125 886 219 920 θέντος
231 888 393 924 ἂκαχόρδου
413 889 563 926 ψαλτηρίου
578 892 770 927 ἀναπέμπεται
792 893 831 928 τῷ
845 893 912 929 Θεῷ.

975 302 1003 326 et
1018 307 1088 335 puro
1100 299 1183 328 corde
1201 303 1276 332 sunt,
1294 300 1372 328 decet
1386 299 1434 328 Dei
1449 301 1623 330 collaudatio.

1006 427 1092 457 Vens.
1113 428 1142 463 2,
1166 429 1194 458 5.
1214 429 1382 465 Canﬁtemini
1405 430 1519 458 Domino
1543 431 1570 458 in
1595 432 1709 466 cit/mra,
1728 432 1757 461 in

971 475 1097 509 psalterio
1110 475 1198 503 decem
1207 475 1366 510 chordarum
1378 477 1484 512 psallite
1497 477 1550 511 illi._
1562 477 1756 514 [Instrumenta

971 521 1086 558 scilicet]
1102 522 1253 550 secundum
1272 523 1386 558 primam
1410 524 1478 559 legis
1494 524 1666 552 traditionem
1683 525 1755 553 εει-ῖς

971 571 1026 603 pta.
1042 567 1172 604 Quisquis
1193 576 1256 597 cum
1280 569 1436 603 interiores,
1452 575 1509 597 tum
1524 571 1674 600 exteriOres
1689 579 1754 600 sen-

970 621 1028 648 sus,
1045 622 1129 650 puros
1150 615 1360 651 inculpatosque
1385 620 1487 649 servat,
1513 617 1540 644 in
1558 617 1687 652 psalterio
1707 618 1755 646 de-

969 666 1029 687 cem
1053 659 1216 688 chordarum
1240 661 1333 697 psallit
1353 661 1420 690 Deo.
1443 661 1556 691 Cantate
1574 663 1599 691 ei
1622 664 1753 691 canticum

967 712 1073 734 novum.
1089 704 1233 733 Canticum
1254 710 1332 735 vetus
1345 707 1456 742 antiqua
1472 708 1578 736 cithara
1598 712 1625 736 et
1641 709 1753 746 antiquo

967 751 1098 786 psalterio
1108 755 1247 785 cantatur,
1258 752 1450 781 instrumentis
1463 754 1569 782 scilicet
1582 755 1752 790 inanimatis,

967 797 1046 833 quasi
1062 798 1194 834 Symbolis
1205 802 1233 826 et
1252 799 1417 835 imaginibus
1432 801 1532 836 quibus
1552 801 1628 836 prior
1642 802 1686 830 ille
1702 809 1752 838 po-

965 843 1047 878 pulus
1059 843 1196 871 studebat.
1212 844 1248 871 At
1263 852 1362 875 novum
1377 846 1514 873 canticum
1531 847 1751 882 magniﬁcentius

966 897 997 916 ac
1012 888 1066 916 Deo
1083 889 1203 925 dignius,
1223 891 1330 919 cithara
1351 892 1457 920 vivente
1472 900 1504 920 ac
1529 899 1682 921 memorato
1702 894 1751 922 illo

122 932 231 967 Καλῶς
250 933 365 968 Mare
378 935 413 961 ἐν
428 936 602 971 ἀλαλαγμῷ.
625 936 709 970 Οὗτος
730 939 744 965 ὁ
758 939 907 973 ἀλαλαγμός

965 935 1136 963 decachordo
1151 934 1293 971 psalterio,
1318 936 1373 964 Deo
1392 938 1534 965 emittitur.
1553 938 1622 966 Bene
1643 939 1751 973 psallite

121 980 181 1005 ἐστι
197 979 344 1015 μυστικάς·
360 980 399 1007 διὸ
418 981 526 1018 εἴρηταί
547 991 598 1009 που
610 992 616 999 ·
633 984 783 1018 Μακάριος
804 986 820 1011 ό
839 985 914 1018 λαὸς

121 1026 139 1051 ό
151 1024 307 1058 γινώσκων
330 1027 516 1062 ἀλαλαγμόν.
537 1029 617 1057 Ἀλλά
633 1031 680 1057 καὶ
700 1031 760 1057 ἀντῖ¹
782 1031 850 1066 βοῶν
867 1033 913 1059 καὶ

123 1069 243 1106 μόσχων,
264 1072 313 1101 καὶ
343 1072 396 1099 τῶν
421 1073 454 1100 δι’
472 1075 587 1110 αἰματος
603 1076 713 1108 θυσιῶν,
731 1077 826 1109 θυσίας
848 1077 914 1105 ἀλα-

120 1115 229 1152 λαγμοῦ
250 1118 463 1146 κατατεθυκέναι
486 1120 568 1156 φησιν
585 1122 599 1147 ὁ
615 1121 715 1148 εἰπών·
737 1122 913 1149 Ἐκύκλωσα

119 1161 170 1188 καὶ
189 1162 285 1191 ἔθυσα
307 1163 390 1198 ἐντῇ
411 1165 513 1200 σκηνῇ
534 1166 628 1194 αὑτοῦ
645 1167 755 1194 θυσίαν
780 1168 912 1203 ἀλαλαγ-

115 1217 177 1243 μου

194 1263 222 1281 τι
237 1254 329 1289 εὐθὺς
343 1257 360 1283 ὀ
376 1256 467 1291 λόγος
479 1257 532 1284 τοῦ
552 1258 673 1292 Κυρίου,
690 1259 739 1286 καὶ
756 1259 853 1287 πάντα
874 1260 912 1288 τὰ

117 1299 190 1334 ἔργα
205 1301 299 1328 αὐτοῦ
317 1301 353 1328 ἐν
370 1302 482 1329 πίστει.
508 1303 616 1338 Ἁτιαπᾷ
631 1304 843 1340 ἐλεημοσύνην
859 1306 909 1333 καὶ

117 1345 219 1378 κρίσιν
229 1353 235 1360 ·
250 1345 303 1372 τοῦ
315 1346 422 1380 ἐλέους
435 1347 546 1381 Κυρίου
562 1348 683 1384 πλήρης
697 1351 717 1385 ἡ
731 1350 779 1386 τῆ.
799 1352 839 1379 Τὰ
859 1353 909 1388 μὲν

115 1390 167 1425 τῆς
191 1390 245 1417 τῶν
263 1391 348 1419 ὄντων
370 1393 549 1429 καταλήψεως
570 1394 614 1422 διὰ
633 1395 752 1428 πίστεως
772 1398 838 1433 ἡμῖν
854 1407 908 1434 χω-

116 1437 208 1473 ρείτω,
225 1438 260 1464 τά
279 1438 307 1465 δὲ
335 1438 381 1465 τοῦ
403 1440 556 1475 πρακτικοῦ
574 1441 632 1476 βίου
654 1442 700 1469 διὰ
725 1443 908 1480 ὲλεημοσύνης

115 1484 164 1510 καὶ
179 1484 308 1519 κρίσεως.
323 1485 415 1513 Ταῦτα
428 1487 484 1523 γὰρ
498 1488 595 1524 ἀγαπᾷ
607 1489 622 1514 ὁ
641 1489 723 1521 εὐθὺς
739 1489 786 1516 τοῦ
803 1491 907 1526 Κυρίου

114 1528 193 1563 λόγος
207 1538 213 1545 ·
229 1529 277 1556 au
301 1532 442 1567 κριτικοὺς
460 1534 536 1569 ἡμᾶς
558 1534 765 1568 κατασκευάσας
779 1536 826 1562 καὶ
849 1536 907 1563 δια-

114 1576 255 1610 κριτικοὺς
268 1576 316 1603 τοῠ
331 1585 362 1604 τε
375 1578 458 1605 καλοῦ
484 1579 593 1606 καὶτοῦ
617 1580 750 1608 ἐναντίου.
774 1581 820 1608 Διὸ
844 1581 906 1617 βού-

964 981 991 1007 in
1012 981 1181 1015 jubilatione.
1211 981 1275 1009 Hmc
1294 982 1423 1017 juhilatio
1445 984 1562 1019 mystica
1584 988 1626 1012 est
1643 994 1649 1012 :
1664 993 1750 1020 quare

963 1027 1066 1054 dictum
1082 1028 1182 1056 alicubi
1198 1029 1267 1057 fuit:
1285 1029 1382 1057 Beatus
1397 1030 1508 1064 populus
1524 1030 1570 1065 qui
1585 1031 1634 1057 uit
1650 1030 1749 1062 iubila-

964 1073 1058 1100 tianem
1069 1075 1091 1101 ‘.
1108 1072 1165 1101 lmo
1186 1082 1251 1102 vero
1270 1074 1363 1107 boum,
1385 1075 1544 1107 vitulorum,
1558 1078 1748 1106 cruentorum-

962 1125 1015 1152 que
1033 1119 1232 1147 sacriﬁciorum
1246 1120 1317 1153 loco,
1331 1120 1449 1148 hostiam
1462 1120 1636 1156 jubilationis
1650 1121 1748 1150 immo-

962 1165 1033 1193 lasse
1051 1166 1090 1193 ait
1115 1166 1307 1195 ille:Circuivi
1327 1172 1352 1197 et
1376 1167 1510 1195 immolavi
1527 1169 1555 1195 in
1576 1169 1747 1198 tabernaculo

960 1209 1018 1244 eju's
1034 1210 1148 1237 hostiam
1158 1211 1328 1245 jubilationia
1337 1212 1357 1240 ³.

995 1254 1080 1284 Vnus.
1094 1256 1121 1288 4,
1142 1256 1169 1284 5.
1191 1255 1261 1290 Quia
1275 1263 1374 1285 rectum
1398 1263 1438 1286 est
1457 1259 1563 1287 verbum
1579 1259 1698 1293 Domini,
1719 1264 1747 1288 et

960 1301 1049 1327 omnia
1070 1309 1150 1336 opera
1163 1302 1220 1336 ejus
1239 1302 1266 1329 in
1285 1302 1347 1337 ﬁde.
1372 1302 1467 1339 Diiigit
1490 1305 1702 1332 misericordiam
1720 1310 1746 1333 et

955 1345 1087 1379 judicium
1100 1354 1110 1373 .'
1127 1346 1310 1374 misericordia
1320 1347 1428 1375 Domini
1440 1349 1519 1382 plana
1531 1354 1569 1376 ett
1586 1355 1666 1379 terra.
1681 1350 1746 1384 Qus

958 1392 1153 1427 cogitationem
1167 1400 1199 1420 ac
1213 1394 1485 1429 comprehensionem
1499 1403 1591 1422 rerum
1608 1399 1744 1431 spectant,

957 1445 1007 1477 per
1020 1437 1100 1466 ﬁdem
1121 1439 1201 1467 nobis
1218 1439 1377 1474 tradantur;
1404 1448 1466 1474 quae
1487 1445 1577 1469 autem
1595 1442 1744 1477 practicam

956 1485 1052 1517 vitam,
1073 1492 1123 1520 per
1145 1485 1362 1516 misericordiam
1385 1490 1412 1514 et
1423 1487 1570 1521 judicium.
1586 1487 1650 1516 Hec
1670 1488 1743 1515 enim

957 1529 1045 1564 diligit
1068 1534 1173 1557 rectum
1194 1530 1261 1558 illud
1278 1531 1391 1558 verbum
1403 1531 1526 1564 Domini,
1551 1535 1645 1568 utpote
1668 1533 1745 1569 quod

956 1575 1036 1603 nobis
1061 1576 1265 1604 internuscendi
1280 1577 1335 1604 vim
1355 1577 1494 1610 indiderit,
1512 1586 1544 1606 ac
1569 1579 1744 1609 discernendi

113 1620 188 1647 λεται
204 1622 278 1657 ἡμᾶς
302 1623 386 1659 μηδὲν
403 1624 524 1660 ἀκρίτως
546 1626 687 1662 πράττειν,
709 1627 777 1663 μηδὲ
800 1628 904 1663 ἀλόγως

957 1621 1027 1648 inter
1038 1621 1140 1649 bonum
1155 1625 1182 1649 et
1197 1622 1352 1657 oppositum
1373 1623 1458 1652 illius.
1477 1623 1662 1657 Quamobrem
1685 1626 1744 1654 vult

113 1667 247 1703 φέρεσθαι
269 1670 327 1701 ταῖς
347 1669 377 1703 ἐξ
398 1670 488 1697 αὐτῶν
507 1673 621 1708 ὁρμαῖς,
647 1673 816 1709 κεκριμένως,
840 1675 905 1710 περ)⁸

112 1712 170 1739 τῶν
187 1714 330 1748 πρακτέων
354 1715 530 1751 βουλεύεσθαι
543 1737 550 1750 ,
579 1717 626 1745 καὶ
644 1719 712 1754 πρός
738 1727 770 1753 γε
795 1719 905 1748 πάντων

112 1758 308 1793 ὲλῆμονικοὺς
335 1759 423 1794 εἶναι,
451 1763 672 1799 συγνωμονικοὺς
696 1763 724 1790 δὲ
751 1764 819 1800 πρὸς
841 1765 905 1796 τοὺς

112 1804 320 1840 ἁμαρτάνοντας
333 1808 521 1843 γιγνομένους,
535 1809 688 1844 συμπαθεῖς
706 1809 734 1836 δὲ
749 1809 796 1836 καὶ
811 1809 904 1844 φιλαν-

112 1850 239 1886 θρώπους
255 1853 324 1889 πρὸς
337 1854 401 1886 τοὺς
414 1854 489 1882 ἐλέου
502 1855 658 1891 δεομένους.

152 1897 195 1930 Τῷ
207 1899 287 1934 λόγῳ
298 1899 352 1926 τοῦ
367 1901 480 1935 Καρίου
493 1901 654 1936 οϊοῠρανοὶ
667 1902 902 1936 ἐστερεώθησαν,

111 1945 161 1971 καὶ
174 1945 215 1978 τῷ
227 1947 375 1982 πνεύματι
387 1948 440 1974 τοῦ
453 1948 603 1982 στόματος
613 1947 706 1974 αὑτοῦ
719 1946 803 1975 πᾶσα
819 1948 838 1982 ὴ
849 1947 902 1973 δύ-

110 1999 198 2024 ναμις
226 1991 337 2018 αὐτῶν.
362 1992 406 2028 Τῷ
433 1991 480 2020 οὖν
509 1992 597 2028 Πατρὶ
617 1993 693 2020 πᾶσα
715 1993 732 2028 ἡ
749 1992 861 2029 δύναμις
883 1993 901 2028 ὴ

109 2036 308 2072 ὑπερουράνιος
333 2037 502 2074 ἐστερεώθηο
525 2038 648 2066 τουτέστι
671 2037 702 2064 τὸ
725 2036 832 2064 εὔτονον
855 2037 903 2064 καὶ

110 2082 220 2118 βέϐαιον
236 2083 283 2110 καὶ
297 2083 395 2118 πάγιον
408 2085 437 2110 ἐν
450 2084 590 2120 ἁγιασμῷ,
607 2084 654 2111 καὶ
671 2083 746 2120 πάσῃ
759 2083 902 2121 πρεπούσῃ

108 2134 168 2164 ταῖς
186 2131 272 2167 ἱεραῖς
290 2122 436 2165 δυνάμεσιν
450 2130 545 2165 ἀρετῇ,
568 2130 601 2156 ὲκ
616 2129 667 2164 τῆς
679 2128 725 2156 τοῦ
745 2129 902 2165 Πνεύματος

109 2177 270 2212 ἐπικουρίας
285 2176 401 2212 ἔχουσιν.
428 2175 537 2202 Ἐνθόιδε
558 2175 607 2210 μὲν
622 2173 669 2202 οὖν
691 2175 810 2210 πνεῦμα
835 2176 902 2202 στό-

105 2232 201 2258 ματος
215 2222 308 2250 αὐτοῦ
321 2222 537 2257 ἀναγέγραπται.
554 2221 715 2257 Εὑρήσομεν
733 2221 763 2248 δὲ
783 2221 899 2256 ἀλλαχοῦ

108 2270 154 2296 καὶ
175 2269 255 2303 λόγον
280 2268 412 2304 στόματος
428 2267 510 2294 αὐτοῦ
535 2266 692 2302 εἰρημένον,
720 2266 764 2293 ἵνα
783 2266 866 2302 νοηθῇ
885 2267 904 2301 ό,

108 2314 203 2350 Σωτὴρ
222 2314 270 2341 καὶ
286 2314 317 2341 τὸ
339 2314 416 2348 ἅγιον
434 2312 516 2340 αὑτοῦ
543 2312 665 2347 Πνεῦμα.
695 2312 851 2347 Ἀμφότεροι
869 2312 899 2339 δὲ

109 2363 280 2396 συνήργησεν
298 2359 327 2386 ὲν
351 2360 384 2394 τῇ
401 2358 488 2389 κτίσει
507 2356 561 2384 τῶν
580 2356 703 2391 οὐρανῶν
718 2356 767 2383 καὶ
789 2356 844 2383 τῶν
869 2357 899 2383 ἐν

108 2406 199 2437 αὐτοῖς
213 2405 353 2440 δυνάμεων
363 2411 371 2420 '
386 2403 432 2430 διά
447 2402 526 2429 τοῦτο
546 2403 654 2438 εῐρηται
664 2410 671 2417 ·
692 2401 734 2435 Τῷ
745 2402 826 2436 λόγῳ
842 2403 900 2429 Κυ-

106 2450 174 2484 ρίου
194 2451 221 2476 οι
236 2449 357 2483 οὐρανοὶ
375 2448 615 2483 ἐστερεώθησαν,
632 2447 682 2474 καὶ
697 2446 737 2480 τῷ
753 2447 900 2481 πνεύματι

107 2495 161 2522 τοῦ
185 2496 334 2530 στόματος
358 2494 452 2524 αὐτοῦ
482 2494 567 2522 πᾶσα
593 2494 614 2528 ’ὴ
638 2493 764 2529 δύναμις
789 2491 896 2520 αὐτῶν.

107 2542 189 2569 οὐδὲν
203 2541 256 2578 γὰρ
269 2541 410 2576 ἁγιάζεται
429 2540 466 2576 μὴ
477 2541 511 2576 τῇ
525 2539 660 2576 παρουσίᾳ
671 2539 717 2566 τοῦ
727 2539 893 2576 Πνεύματος.

113 2587 248 2622 ’Δγγέλων
261 2587 326 2622 γοῦν
348 2587 398 2623 τὴν
413 2586 463 2621 μὲν
479 2587 520 2618 είς
532 2586 563 2613 τὸ
584 2583 654 2612 εἶναι
673 2585 790 2621 πάροδον
813 2585 827 2611 ὁ
847 2585 894 2622 δη-

109 2633 238 2673 μιουργὸς
250 2633 345 2668 Λόγος,
358 2633 373 2659 ὁ
384 2632 499 2668 ποιητὴς
512 2631 566 2659 τῶν
577 2631 657 2664 ὅλων,
672 2632 815 2667 παρείχετο
824 2640 830 2647 ·
849 2632 894 2659 τὸν

107 2679 242 2715 ἀγιασμὸν
252 2679 280 2707 δὲ
290 2679 382 2712 αὐτοῖς
391 2679 421 2706 τὸ
435 2679 546 2714 Πνεῦμα
558 2679 590 2706 τὺ
605 2679 682 2713 ἃγιον
692 2678 875 2714 συνεπέφερεν
884 2687 891 2693 ·

106 2726 137 2753 οὐ
151 2725 206 2761 γὰρ
219 2725 311 2760 νήπιοι
329 2724 483 2756 κτισθέντες
496 2724 522 2751 ot
532 2723 656 2758 ἄγγελοι.

141 2770 299 2805 Φοϐηθήτω
319 2770 374 2798 τὸν
396 2770 505 2805 Κύρων
513 2769 598 2797 πᾶσα
615 2770 635 2804 ὴ
661 2768 711 2804 τῆη
727 2768 778 2797 ἀπ’
799 2768 893 2799 αὐτοῦ

107 2817 140 2844 δὲ
151 2816 390 2850 σαλευθήτωσαν
418 2815 531 2850 πάντες
553 2817 580 2843 οἱ
607 2815 819 2847 κατοικοῦντες
835 2814 892 2850 τὴν

140 2908 150 2927 ³
171 2906 244 2935 Psal.
264 2913 404 2938 Lxxxvm,
422 2905 465 2933 l6.
504 2905 513 2921 '
534 2903 604 2932 Psal.
624 2911 705 2936 xxvi,
723 2902 748 2930 6.

955 1675 1006 1696 nos
1023 1667 1092 1694 nihil
1108 1668 1284 1703 sinejudicio
1307 1677 1397 1705 agere,
1413 1677 1503 1705 neque
1518 1670 1744 1700 irrationabiliter

955 1713 1115 1749 impetuque
1127 1714 1239 1750 proprio
1256 1714 1333 1747 ferri,
1349 1715 1382 1743 de
1393 1716 1506 1751 agendis
1520 1716 1669 1751 prudenter
1677 1725 1744 1746 con-

955 1759 1056 1794 sulere,
1077 1768 1110 1788 ac
1134 1768 1190 1796 prae
1206 1761 1345 1793 omnibus,
1369 1762 1563 1791 misericordes
1581 1771 1654 1796 esse,
1676 1771 1742 1801 pecs

955 1811 1016 1834 cata
1032 1807 1059 1834 in
1074 1814 1126 1834 nos
1142 1807 1263 1836 admissa
1279 1808 1360 1836 facile
1376 1809 1542 1841 condonare,
1553 1809 1699 1838 condolere
1709 1817 1742 1838 ac

953 1853 1035 1882 mites
1049 1861 1111 1882 esse
1123 1862 1186 1890 erga
1202 1861 1253 1882 eos
1266 1854 1314 1889 qui
1328 1854 1515 1882 misericordia
1535 1859 1626 1890 egent.

990 1898 1071 1927 Vens.
1088 1899 1115 1927 6.
1141 1899 1224 1927 Verbo
1235 1899 1344 1926 Domini
1364 1899 1424 1926 caeli
1437 1901 1541 1935 ﬁrmati
1557 1905 1629 1931 sunt.
1644 1906 1670 1929 at
1685 1902 1741 1936 rpi-

953 1945 1008 1972 ritu
1022 1945 1075 1972 aria
1087 1945 1143 1979 eius
1154 1945 1240 1974 omnis
1251 1945 1334 1972 virtus
1345 1953 1446 1972 eorum.
1460 1945 1483 1972 A
1495 1945 1576 1974 Patre
1588 1946 1672 1982 igitur
1681 1955 1739 1975 om-

952 1991 996 2019 nis
1009 1991 1098 2019 virtus
1111 1991 1233 2024 caelestis
1251 1990 1359 2018 ﬁrmata
1381 1996 1434 2023 est.
1451 1991 1478 2018 id
1492 1995 1535 2020 est
1548 1992 1673 2026 firmitas,
1689 2000 1737 2022 so-

952 2037 1055 2069 liditas,
1069 2037 1259 2074 stabiliusque
1275 2037 1304 2064 in
1321 2037 1538 2066 sanctiﬁcatione
1555 2046 1587 2066 ac
1600 2040 1674 2067 omni
1690 2047 1737 2068 sa-

951 2082 1007 2110 cris
1031 2082 1212 2117 potestatibus
1234 2083 1409 2111 convenienti
1435 2084 1536 2112 virtute
1562 2092 1596 2113 ex
1617 2084 1736 2121 Spiritus

952 2127 1055 2156 auxilio
1071 2127 1135 2155 data
1156 2131 1208 2156 est.
1225 2127 1275 2156 Hic
1291 2136 1374 2164 porro
1387 2129 1498 2163 spiritus
1520 2130 1574 2157 oris
1587 2131 1645 2165 ejus
1665 2131 1736 2159 scri-

950 2176 1026 2208 ptum
1045 2176 1097 2200 est.
1117 2172 1190 2201 Alibi
1204 2181 1314 2208 quoque
1339 2175 1460 2208 reperire
1483 2178 1526 2202 est
1539 2175 1653 2202 verbum
1677 2174 1735 2204 oris

950 2218 1020 2252 ejus,
1036 2222 1066 2245 ut
1088 2218 1132 2247 his
1158 2218 1326 2254 intelligatur
1350 2218 1476 2247 Salvator
1497 2223 1524 2247 et
1548 2223 1660 2248 sanctus
1674 2220 1735 2255 ejus

952 2263 1069 2298 Spiritus
1089 2268 1220 2298 :uterque
1239 2271 1322 2299 porro
1345 2264 1373 2290 in
1397 2264 1536 2291 creatione
1552 2264 1683 2292 caelorum
1707 2267 1735 2291 et

949 2313 1116 2344 potestatum
1129 2317 1225 2337 eorum
1238 2313 1402 2345 cooperatus
1415 2313 1467 2338 est.
1484 2309 1548 2337 Ideo
1564 2309 1667 2336 dictum
1679 2312 1733 2341 est,

956 2355 1038 2383 Verbo
1054 2356 1162 2383 Domini
1180 2356 1238 2383 cazli
1251 2356 1353 2391 ﬁrmati
1367 2360 1438 2388 sunt,
1458 2360 1482 2382 et
1500 2355 1597 2390 spiritu
1608 2355 1662 2382 oris
1676 2354 1733 2389 ejus

949 2403 1034 2429 omnis
1048 2402 1132 2430 virtus
1147 2410 1249 2431 eorum.
1267 2401 1341 2429 Nihil
1357 2401 1431 2428 enim
1448 2400 1508 2428 sine
1525 2399 1644 2435 Spiritus
1662 2406 1734 2434 prae.

949 2449 1038 2477 sentia
1066 2448 1263 2476 sanctiﬁcatur.
1286 2447 1397 2483 Angelis
1417 2447 1501 2482 igitur
1524 2446 1670 2473 transitum
1696 2445 1730 2473 ad

949 2495 1123 2523 existentiam
1143 2498 1251 2522 creator
1266 2493 1386 2522 Verbum
1399 2492 1524 2529 praebuit,
1539 2490 1729 2519 universorum

947 2542 1038 2577 opifex
1052 2551 1059 2568 :
1079 2539 1322 2568 sanctiﬁcationem
1338 2546 1402 2566 vero
1417 2537 1513 2566 eodem
1532 2540 1654 2573 tempore
1668 2535 1730 2572 Spi-

947 2587 1017 2615 ritus
1031 2591 1143 2615 sanctus
1158 2585 1271 2620 indidit;
1286 2593 1341 2614 non
1356 2584 1428 2613 enim
1439 2583 1558 2612 infantes
1575 2583 1661 2612 creati
1679 2590 1730 2612 an-

945 2634 998 2671 geli
1015 2637 1090 2662 sunt.

981 2766 1064 2796 Vnus.
1081 2767 1108 2799 8,
1124 2766 1150 2794 9.
1172 2766 1274 2793 Timeat
1284 2763 1426 2792 Dominum
1445 2763 1530 2790 omnis
1545 2767 1616 2789 terra
1628 2767 1639 2787 :
1652 2759 1684 2787 ab
1695 2766 1725 2787 co

946 2818 1034 2842 autem
1046 2817 1256 2842 commoveantur
1267 2819 1354 2839 omnes
1366 2809 1541 2837 inhabitantes
1557 2807 1654 2834 orbem.
1669 2804 1724 2834 Ad-
