  <div class='ocr_page' id='page_1' title='image "/cluster/home/n/w/nwhite01/storage/ocr_20150623/23/njp.32101077772505/149.png"; bbox 0 0 2056 3214; ppageno 0'>
   <div class='ocr_carea' id='block_1_1' title="bbox 292 199 346 228">
    <p class='ocr_par' dir='ltr' id='par_1_1' title="bbox 292 199 346 228">
     <span class='ocr_line' id='line_1_1' title="bbox 292 199 346 228; baseline 0 0"><span class='ocrx_word' id='word_1_1' title='bbox 292 199 346 228; x_wconf 72' lang='lat'><strong>383</strong></span> 
     </span>
    </p>
   </div>
   <div class='ocr_carea' id='block_1_2' title="bbox 293 244 1113 291">
    <p class='ocr_par' dir='ltr' id='par_1_2' title="bbox 293 244 1113 291">
     <span class='ocr_line' id='line_1_2' title="bbox 293 244 1113 291; baseline -0.022 -4"><span class='ocrx_word' id='word_1_2' title='bbox 293 258 404 287; x_wconf 89' lang='lat' dir='ltr'><strong>modum</strong></span> <span class='ocrx_word' id='word_1_3' title='bbox 416 258 625 291; x_wconf 72' lang='lat' dir='ltr'><strong>consequenter,</strong></span> <span class='ocrx_word' id='word_1_4' title='bbox 639 255 784 288; x_wconf 74' lang='lat' dir='ltr'><strong>postquam</strong></span> <span class='ocrx_word' id='word_1_5' title='bbox 798 255 895 283; x_wconf 81' lang='lat' dir='ltr'><strong>magna</strong></span> <span class='ocrx_word' id='word_1_6' title='bbox 907 246 953 274; x_wconf 91' lang='lat' dir='ltr'><strong>Dei</strong></span> <span class='ocrx_word' id='word_1_7' title='bbox 968 244 1074 280; x_wconf 87' lang='lat' dir='ltr'><strong>opiﬁcia</strong></span> <span class='ocrx_word' id='word_1_8' title='bbox 1089 245 1113 273; x_wconf 75' lang='grc' dir='ltr'>Α</span> 
     </span>
    </p>
   </div>
   <div class='ocr_carea' id='block_1_3' title="bbox 294 294 1075 334">
    <p class='ocr_par' dir='ltr' id='par_1_3' title="bbox 294 294 1075 334">
     <span class='ocr_line' id='line_1_3' title="bbox 294 294 1075 334; baseline -0.02 -1"><span class='ocrx_word' id='word_1_9' title='bbox 294 304 450 334; x_wconf 83' lang='lat' dir='ltr'><strong>declaravit.</strong></span> <span class='ocrx_word' id='word_1_10' title='bbox 464 310 496 330; x_wconf 86' lang='lat' dir='ltr'><strong>ac</strong></span> <span class='ocrx_word' id='word_1_11' title='bbox 510 305 615 328; x_wconf 88' lang='lat' dir='ltr'><strong>tantum</strong></span> <span class='ocrx_word' id='word_1_12' title='bbox 628 306 683 326; x_wconf 89' lang='lat' dir='ltr'><strong>non</strong></span> <span class='ocrx_word' id='word_1_13' title='bbox 693 297 729 324; x_wconf 91' lang='lat' dir='ltr'><strong>ob</strong></span> <span class='ocrx_word' id='word_1_14' title='bbox 739 296 834 323; x_wconf 86' lang='lat' dir='ltr'><strong>oculos</strong></span> <span class='ocrx_word' id='word_1_15' title='bbox 845 294 945 330; x_wconf 90' lang='lat' dir='ltr'><strong>posuit,</strong></span> <span class='ocrx_word' id='word_1_16' title='bbox 958 295 1075 327; x_wconf 86' lang='lat' dir='ltr'><strong>quantus</strong></span> 
     </span>
    </p>
   </div>
   <div class='ocr_carea' id='block_1_4' title="bbox 296 337 1075 379">
    <p class='ocr_par' dir='ltr' id='par_1_4' title="bbox 296 337 1075 379">
     <span class='ocr_line' id='line_1_4' title="bbox 296 337 1075 379; baseline -0.021 0"><span class='ocrx_word' id='word_1_17' title='bbox 296 351 332 379; x_wconf 87' lang='lat' dir='ltr'><strong>sit</strong></span> <span class='ocrx_word' id='word_1_18' title='bbox 346 350 391 378; x_wconf 90' lang='lat' dir='ltr'><strong>ille</strong></span> <span class='ocrx_word' id='word_1_19' title='bbox 406 349 501 376; x_wconf 86' lang='lat' dir='ltr'><strong>talium</strong></span> <span class='ocrx_word' id='word_1_20' title='bbox 523 353 614 374; x_wconf 87' lang='lat' dir='ltr'><strong>rerum</strong></span> <span class='ocrx_word' id='word_1_21' title='bbox 637 343 763 372; x_wconf 89' lang='lat' dir='ltr'><strong>conditor</strong></span> <span class='ocrx_word' id='word_1_22' title='bbox 788 341 938 373; x_wconf 80' lang='lat' dir='ltr'><strong>Dominus;</strong></span> <span class='ocrx_word' id='word_1_23' title='bbox 963 346 1025 366; x_wconf 90' lang='lat' dir='ltr'><strong>eum</strong></span> <span class='ocrx_word' id='word_1_24' title='bbox 1040 337 1075 364; x_wconf 90' lang='lat' dir='ltr'><strong>ti-</strong></span> 
     </span>
    </p>
   </div>
   <div class='ocr_carea' id='block_1_5' title="bbox 296 383 1076 431">
    <p class='ocr_par' dir='ltr' id='par_1_5' title="bbox 296 383 1076 431">
     <span class='ocr_line' id='line_1_5' title="bbox 296 383 1076 431; baseline -0.019 -7"><span class='ocrx_word' id='word_1_25' title='bbox 296 404 370 424; x_wconf 88' lang='lat' dir='ltr'><strong>mere</strong></span> <span class='ocrx_word' id='word_1_26' title='bbox 392 394 528 431; x_wconf 72' lang='lat' dir='ltr'><strong>przecepit.</strong></span> <span class='ocrx_word' id='word_1_27' title='bbox 552 390 756 423; x_wconf 79' lang='lat' dir='ltr'><strong>Annuntiatque</strong></span> <span class='ocrx_word' id='word_1_28' title='bbox 773 395 827 414; x_wconf 86' lang='lat' dir='ltr'><strong>non</strong></span> <span class='ocrx_word' id='word_1_29' title='bbox 844 386 914 414; x_wconf 87' lang='lat' dir='ltr'><strong>ultra</strong></span> <span class='ocrx_word' id='word_1_30' title='bbox 931 384 1010 412; x_wconf 79' lang='lat' dir='ltr'><strong>idolis</strong></span> <span class='ocrx_word' id='word_1_31' title='bbox 1027 383 1076 410; x_wconf 89' lang='lat' dir='ltr'><strong>ad-</strong></span> 
     </span>
    </p>
   </div>
   <div class='ocr_carea' id='block_1_6' title="bbox 296 432 1076 470">
    <p class='ocr_par' dir='ltr' id='par_1_6' title="bbox 296 432 1076 470">
     <span class='ocr_line' id='line_1_6' title="bbox 296 432 1076 470; baseline -0.018 1"><span class='ocrx_word' id='word_1_32' title='bbox 296 442 445 470; x_wconf 85' lang='lat' dir='ltr'><strong>hibendum</strong></span> <span class='ocrx_word' id='word_1_33' title='bbox 471 440 601 469; x_wconf 84' lang='lat' dir='ltr'><strong>animum,</strong></span> <span class='ocrx_word' id='word_1_34' title='bbox 619 445 674 464; x_wconf 91' lang='lat' dir='ltr'><strong>non</strong></span> <span class='ocrx_word' id='word_1_35' title='bbox 700 436 838 463; x_wconf 70' lang='lat' dir='ltr'><strong>daemonas</strong></span> <span class='ocrx_word' id='word_1_36' title='bbox 852 432 981 460; x_wconf 79' lang='lat' dir='ltr'><strong>colendos</strong></span> <span class='ocrx_word' id='word_1_37' title='bbox 1005 437 1076 461; x_wconf 87' lang='lat' dir='ltr'><strong>esse,</strong></span> 
     </span>
    </p>
   </div>
   <div class='ocr_carea' id='block_1_7' title="bbox 298 479 1078 518">
    <p class='ocr_par' dir='ltr' id='par_1_7' title="bbox 298 479 1078 518">
     <span class='ocr_line' id='line_1_7' title="bbox 298 479 1078 518; baseline -0.017 -1"><span class='ocrx_word' id='word_1_38' title='bbox 298 490 347 518; x_wconf 82' lang='lat' dir='ltr'><strong>sed</strong></span> <span class='ocrx_word' id='word_1_39' title='bbox 369 491 505 515; x_wconf 86' lang='lat' dir='ltr'><strong>tantarum</strong></span> <span class='ocrx_word' id='word_1_40' title='bbox 523 492 614 512; x_wconf 89' lang='lat' dir='ltr'><strong>rerum</strong></span> <span class='ocrx_word' id='word_1_41' title='bbox 632 491 717 511; x_wconf 91' lang='lat' dir='ltr'><strong>unum</strong></span> <span class='ocrx_word' id='word_1_42' title='bbox 737 483 871 516; x_wconf 89' lang='lat' dir='ltr'><strong>opiﬁcem.</strong></span> <span class='ocrx_word' id='word_1_43' title='bbox 897 479 970 506; x_wconf 85' lang='lat' dir='ltr'><strong>Illius</strong></span> <span class='ocrx_word' id='word_1_44' title='bbox 988 482 1078 505; x_wconf 84' lang='lat' dir='ltr'><strong>autem</strong></span> 
     </span>
    </p>
   </div>
   <div class='ocr_carea' id='block_1_8' title="bbox 297 523 1077 566">
    <p class='ocr_par' dir='ltr' id='par_1_8' title="bbox 297 523 1077 566">
     <span class='ocr_line' id='line_1_8' title="bbox 297 523 1077 566; baseline -0.017 -4"><span class='ocrx_word' id='word_1_45' title='bbox 297 535 368 566; x_wconf 81' lang='lat' dir='ltr'><strong>loco,</strong></span> <span class='ocrx_word' id='word_1_46' title='bbox 378 535 597 562; x_wconf 79' lang='lat' dir='ltr'><strong>commoveantur,</strong></span> <span class='ocrx_word' id='word_1_47' title='bbox 611 527 791 564; x_wconf 82' lang='lat' dir='ltr'><strong>Symmachus</strong></span> <span class='ocrx_word' id='word_1_48' title='bbox 806 530 971 553; x_wconf 82' lang='lat' dir='ltr'><strong>revereantur</strong></span> <span class='ocrx_word' id='word_1_49' title='bbox 982 523 1077 551; x_wconf 86' lang='lat' dir='ltr'><strong>edidit.</strong></span> 
     </span>
    </p>
   </div>
   <div class='ocr_carea' id='block_1_9' title="bbox 297 569 1082 612">
    <p class='ocr_par' dir='ltr' id='par_1_9' title="bbox 297 569 1082 612">
     <span class='ocr_line' id='line_1_9' title="bbox 297 569 1082 612; baseline -0.015 -5"><span class='ocrx_word' id='word_1_50' title='bbox 297 579 349 608; x_wconf 81' lang='lat' dir='ltr'><strong>llic</strong></span> <span class='ocrx_word' id='word_1_51' title='bbox 371 578 517 612; x_wconf 73' lang='lat' dir='ltr'><strong>intelligas,</strong></span> <span class='ocrx_word' id='word_1_52' title='bbox 543 583 596 611; x_wconf 91' lang='lat' dir='ltr'><strong>quo</strong></span> <span class='ocrx_word' id='word_1_53' title='bbox 612 578 692 610; x_wconf 89' lang='lat' dir='ltr'><strong>pacto</strong></span> <span class='ocrx_word' id='word_1_54' title='bbox 709 573 827 600; x_wconf 79' lang='lat' dir='ltr'><strong>futurum</strong></span> <span class='ocrx_word' id='word_1_55' title='bbox 850 575 908 599; x_wconf 84' lang='lat' dir='ltr'><strong>erat</strong></span> <span class='ocrx_word' id='word_1_56' title='bbox 934 574 963 597; x_wconf 93' lang='lat' dir='ltr'><strong>ut</strong></span> <span class='ocrx_word' id='word_1_57' title='bbox 987 569 1022 597; x_wconf 80' lang='lat' dir='ltr'><strong>ab</strong></span> <span class='ocrx_word' id='word_1_58' title='bbox 1046 575 1082 596; x_wconf 86' lang='lat' dir='ltr'><strong>eo</strong></span> 
     </span>
    </p>
   </div>
   <div class='ocr_carea' id='block_1_10' title="bbox 299 614 1079 653">
    <p class='ocr_par' dir='ltr' id='par_1_10' title="bbox 299 614 1079 653">
     <span class='ocr_line' id='line_1_10' title="bbox 299 614 1079 653; baseline -0.015 0"><span class='ocrx_word' id='word_1_59' title='bbox 299 627 535 653; x_wconf 73' lang='lat' dir='ltr'><strong>commoverentur</strong></span> <span class='ocrx_word' id='word_1_60' title='bbox 570 629 664 649; x_wconf 89' lang='lat' dir='ltr'><strong>omnes</strong></span> <span class='ocrx_word' id='word_1_61' title='bbox 697 620 880 648; x_wconf 89' lang='lat' dir='ltr'><strong>inhabitantes</strong></span> <span class='ocrx_word' id='word_1_62' title='bbox 914 617 1026 647; x_wconf 87' lang='lat' dir='ltr'><strong>orbem,</strong></span> <span class='ocrx_word' id='word_1_63' title='bbox 1056 614 1079 642; x_wconf 85' lang='lat' dir='ltr'><strong>si</strong></span> 
     </span>
    </p>
   </div>
   <div class='ocr_carea' id='block_1_11' title="bbox 299 662 1079 705">
    <p class='ocr_par' dir='ltr' id='par_1_11' title="bbox 299 662 1079 705">
     <span class='ocr_line' id='line_1_11' title="bbox 299 662 1079 705; baseline -0.014 -7"><span class='ocrx_word' id='word_1_64' title='bbox 299 671 391 698; x_wconf 81' lang='lat' dir='ltr'><strong>animo</strong></span> <span class='ocrx_word' id='word_1_65' title='bbox 404 669 556 705; x_wconf 85' lang='lat' dir='ltr'><strong>perpendas</strong></span> <span class='ocrx_word' id='word_1_66' title='bbox 580 675 632 702; x_wconf 90' lang='lat' dir='ltr'><strong>qua</strong></span> <span class='ocrx_word' id='word_1_67' title='bbox 659 667 764 693; x_wconf 78' lang='lat' dir='ltr'><strong>ratione</strong></span> <span class='ocrx_word' id='word_1_68' title='bbox 789 673 838 700; x_wconf 86' lang='lat' dir='ltr'><strong>per</strong></span> <span class='ocrx_word' id='word_1_69' title='bbox 861 662 1079 699; x_wconf 67' lang='lat' dir='ltr'><strong>prazdicationem</strong></span> 
     </span>
    </p>
   </div>
   <div class='ocr_carea' id='block_1_12' title="bbox 299 707 1081 751">
    <p class='ocr_par' dir='ltr' id='par_1_12' title="bbox 299 707 1081 751">
     <span class='ocr_line' id='line_1_12' title="bbox 299 707 1081 751; baseline -0.013 -8"><span class='ocrx_word' id='word_1_70' title='bbox 299 716 481 751; x_wconf 84' lang='lat' dir='ltr'><strong>evangelieam</strong></span> <span class='ocrx_word' id='word_1_71' title='bbox 493 718 519 742; x_wconf 89' lang='lat' dir='ltr'><strong>et</strong></span> <span class='ocrx_word' id='word_1_72' title='bbox 542 714 690 742; x_wconf 81' lang='lat' dir='ltr'><strong>salutarem</strong></span> <span class='ocrx_word' id='word_1_73' title='bbox 713 712 866 739; x_wconf 77' lang='lat' dir='ltr'><strong>doctrinam</strong></span> <span class='ocrx_word' id='word_1_74' title='bbox 891 710 918 736; x_wconf 91' lang='lat' dir='ltr'><strong>in</strong></span> <span class='ocrx_word' id='word_1_75' title='bbox 943 712 1002 735; x_wconf 89' lang='lat' dir='ltr'><strong>toto</strong></span> <span class='ocrx_word' id='word_1_76' title='bbox 1015 707 1081 734; x_wconf 84' lang='lat' dir='ltr'><strong>orbe</strong></span> 
     </span>
    </p>
   </div>
   <div class='ocr_carea' id='block_1_13' title="bbox 300 753 1081 789">
    <p class='ocr_par' dir='ltr' id='par_1_13' title="bbox 300 753 1081 789">
     <span class='ocr_line' id='line_1_13' title="bbox 300 753 1081 789; baseline -0.012 0"><span class='ocrx_word' id='word_1_77' title='bbox 300 760 428 789; x_wconf 74' lang='lat' dir='ltr'><strong>Ecclesiae</strong></span> <span class='ocrx_word' id='word_1_78' title='bbox 442 760 498 787; x_wconf 86' lang='lat' dir='ltr'><strong>Deo</strong></span> <span class='ocrx_word' id='word_1_79' title='bbox 515 759 668 787; x_wconf 67' lang='lat' dir='ltr'><strong>constituta:</strong></span> <span class='ocrx_word' id='word_1_80' title='bbox 685 758 750 789; x_wconf 87' lang='lat' dir='ltr'><strong>sint,</strong></span> <span class='ocrx_word' id='word_1_81' title='bbox 768 765 848 784; x_wconf 81' lang='lat' dir='ltr'><strong>aures</strong></span> <span class='ocrx_word' id='word_1_82' title='bbox 862 756 984 783; x_wconf 90' lang='lat' dir='ltr'><strong>omniurn</strong></span> <span class='ocrx_word' id='word_1_83' title='bbox 999 753 1081 781; x_wconf 79' lang='lat' dir='ltr'><strong>verbo</strong></span> 
     </span>
    </p>
   </div>
   <div class='ocr_carea' id='block_1_14' title="bbox 301 800 1082 842">
    <p class='ocr_par' dir='ltr' id='par_1_14' title="bbox 301 800 1082 842">
     <span class='ocr_line' id='line_1_14' title="bbox 301 800 1082 842; baseline -0.014 -7"><span class='ocrx_word' id='word_1_84' title='bbox 301 808 430 842; x_wconf 59' lang='lat' dir='ltr'><strong>repletae.</strong></span> <span class='ocrx_word' id='word_1_85' title='bbox 456 806 630 840; x_wconf 89' lang='lat' dir='ltr'><strong>universique</strong></span> <span class='ocrx_word' id='word_1_86' title='bbox 659 803 784 831; x_wconf 84' lang='lat' dir='ltr'><strong>homines</strong></span> <span class='ocrx_word' id='word_1_87' title='bbox 808 802 854 829; x_wconf 88' lang='lat' dir='ltr'><strong>illa</strong></span> <span class='ocrx_word' id='word_1_88' title='bbox 880 805 956 828; x_wconf 85' lang='lat' dir='ltr'><strong>tanta</strong></span> <span class='ocrx_word' id='word_1_89' title='bbox 982 800 1082 827; x_wconf 87' lang='lat' dir='ltr'><strong>virtute</strong></span> 
     </span>
    </p>
   </div>
   <div class='ocr_carea' id='block_1_15' title="bbox 301 843 1081 884">
    <p class='ocr_par' dir='ltr' id='par_1_15' title="bbox 301 843 1081 884">
     <span class='ocr_line' id='line_1_15' title="bbox 301 843 1081 884; baseline -0.013 -4"><span class='ocrx_word' id='word_1_90' title='bbox 301 852 440 884; x_wconf 82' lang='lat' dir='ltr'><strong>commoti,</strong></span> <span class='ocrx_word' id='word_1_91' title='bbox 459 859 492 878; x_wconf 87' lang='lat' dir='ltr'><strong>ac</strong></span> <span class='ocrx_word' id='word_1_92' title='bbox 507 850 604 878; x_wconf 88' lang='lat' dir='ltr'><strong>mutati</strong></span> <span class='ocrx_word' id='word_1_93' title='bbox 620 857 635 877; x_wconf 88' lang='lat' dir='ltr'><strong>a</strong></span> <span class='ocrx_word' id='word_1_94' title='bbox 649 849 766 884; x_wconf 85' lang='lat' dir='ltr'><strong>pristino</strong></span> <span class='ocrx_word' id='word_1_95' title='bbox 779 847 912 875; x_wconf 88' lang='lat' dir='ltr'><strong>idolorum</strong></span> <span class='ocrx_word' id='word_1_96' title='bbox 930 852 1031 876; x_wconf 86' lang='lat' dir='ltr'><strong>errore,</strong></span> <span class='ocrx_word' id='word_1_97' title='bbox 1049 843 1081 870; x_wconf 86' lang='lat' dir='ltr'><strong>ad</strong></span> 
     </span>
    </p>
   </div>
   <div class='ocr_carea' id='block_1_16' title="bbox 301 890 1083 934">
    <p class='ocr_par' dir='ltr' id='par_1_16' title="bbox 301 890 1083 934">
     <span class='ocr_line' id='line_1_16' title="bbox 301 890 1083 934; baseline -0.015 -7"><span class='ocrx_word' id='word_1_98' title='bbox 301 907 370 927; x_wconf 66' lang='lat' dir='ltr'><strong>verae</strong></span> <span class='ocrx_word' id='word_1_99' title='bbox 384 899 491 934; x_wconf 88' lang='lat' dir='ltr'><strong>pietatis</strong></span> <span class='ocrx_word' id='word_1_100' title='bbox 503 896 741 924; x_wconf 78' lang='lat' dir='ltr'><strong>commonitionem</strong></span> <span class='ocrx_word' id='word_1_101' title='bbox 755 892 936 921; x_wconf 83' lang='lat' dir='ltr'><strong>accesserint:</strong></span> <span class='ocrx_word' id='word_1_102' title='bbox 951 890 1083 923; x_wconf 83' lang='lat' dir='ltr'><strong>Quoniam</strong></span> 
     </span>
    </p>
   </div>
   <div class='ocr_carea' id='block_1_17' title="bbox 301 938 930 979">
    <p class='ocr_par' dir='ltr' id='par_1_17' title="bbox 301 938 930 979">
     <span class='ocr_line' id='line_1_17' title="bbox 301 938 930 979; baseline -0.013 -7"><span class='ocrx_word' id='word_1_103' title='bbox 301 946 355 979; x_wconf 79' lang='lat' dir='ltr'><strong>ipse</strong></span> <span class='ocrx_word' id='word_1_104' title='bbox 369 945 446 978; x_wconf 66' lang='lat' dir='ltr'><strong>dixit,</strong></span> <span class='ocrx_word' id='word_1_105' title='bbox 463 949 487 971; x_wconf 81' lang='lat' dir='ltr'><strong>et</strong></span> <span class='ocrx_word' id='word_1_106' title='bbox 513 944 584 978; x_wconf 78' lang='lat' dir='ltr'><strong>facta</strong></span> <span class='ocrx_word' id='word_1_107' title='bbox 601 947 661 969; x_wconf 82' lang='lat' dir='ltr'><strong>sunt</strong></span> <span class='ocrx_word' id='word_1_108' title='bbox 671 950 682 978; x_wconf 90' lang='lat'><strong>;_</strong></span> <span class='ocrx_word' id='word_1_109' title='bbox 706 942 760 975; x_wconf 79' lang='lat' dir='ltr'><strong>ipse</strong></span> <span class='ocrx_word' id='word_1_110' title='bbox 784 938 930 970; x_wconf 75' lang='lat' dir='ltr'><strong>mandat-it,</strong></span> 
     </span>
    </p>
   </div>
   <div class='ocr_carea' id='block_1_18' title="bbox 301 997 371 1019">
    <p class='ocr_par' dir='ltr' id='par_1_18' title="bbox 301 997 371 1019">
     <span class='ocr_line' id='line_1_18' title="bbox 301 997 371 1019; baseline -0.014 0"><span class='ocrx_word' id='word_1_111' title='bbox 301 997 371 1019; x_wconf 69' lang='lat' dir='ltr'><strong>sunt.</strong></span> 
     </span>
    </p>
   </div>
   <div class='ocr_carea' id='block_1_19' title="bbox 331 1073 1084 1111">
    <p class='ocr_par' dir='ltr' id='par_1_19' title="bbox 331 1073 1084 1111">
     <span class='ocr_line' id='line_1_19' title="bbox 331 1073 1084 1111; baseline -0.016 -2"><span class='ocrx_word' id='word_1_112' title='bbox 331 1082 415 1109; x_wconf 68' lang='lat' dir='ltr'><strong>Vsus.</strong></span> <span class='ocrx_word' id='word_1_113' title='bbox 431 1081 471 1108; x_wconf 72' lang='grc'><strong>10.</strong></span> <span class='ocrx_word' id='word_1_114' title='bbox 488 1079 614 1106; x_wconf 77' lang='lat' dir='ltr'><strong>Dominus</strong></span> <span class='ocrx_word' id='word_1_115' title='bbox 629 1077 741 1111; x_wconf 78' lang='lat' dir='ltr'><strong>dissipat</strong></span> <span class='ocrx_word' id='word_1_116' title='bbox 769 1075 881 1102; x_wconf 79' lang='lat' dir='ltr'><strong>consilia</strong></span> <span class='ocrx_word' id='word_1_117' title='bbox 898 1073 1023 1108; x_wconf 77' lang='lat' dir='ltr'><strong>gentium,</strong></span> <span class='ocrx_word' id='word_1_118' title='bbox 1042 1079 1084 1098; x_wconf 77' lang='lat' dir='ltr'><strong>re-</strong></span> 
     </span>
    </p>
   </div>
   <div class='ocr_carea' id='block_1_20' title="bbox 302 1117 1084 1163">
    <p class='ocr_par' dir='ltr' id='par_1_20' title="bbox 302 1117 1084 1163">
     <span class='ocr_line' id='line_1_20' title="bbox 302 1117 1084 1163; baseline -0.017 -8"><span class='ocrx_word' id='word_1_119' title='bbox 302 1128 395 1163; x_wconf 79' lang='lat' dir='ltr'><strong>probat</strong></span> <span class='ocrx_word' id='word_1_120' title='bbox 421 1131 507 1153; x_wconf 79' lang='lat' dir='ltr'><strong>autem</strong></span> <span class='ocrx_word' id='word_1_121' title='bbox 535 1124 704 1160; x_wconf 78' lang='lat' dir='ltr'><strong>cogitationes</strong></span> <span class='ocrx_word' id='word_1_122' title='bbox 721 1121 885 1156; x_wconf 80' lang='lat' dir='ltr'><strong>populorum,</strong></span> <span class='ocrx_word' id='word_1_123' title='bbox 912 1123 935 1146; x_wconf 88' lang='lat' dir='ltr'><strong>et</strong></span> <span class='ocrx_word' id='word_1_124' title='bbox 962 1117 1084 1152; x_wconf 77' lang='lat' dir='ltr'><strong>reprobat</strong></span> 
     </span>
    </p>
   </div>
   <div class='ocr_carea' id='block_1_21' title="bbox 303 1163 1085 1207">
    <p class='ocr_par' dir='ltr' id='par_1_21' title="bbox 303 1163 1085 1207">
     <span class='ocr_line' id='line_1_21' title="bbox 303 1163 1085 1207; baseline -0.015 -6"><span class='ocrx_word' id='word_1_125' title='bbox 303 1174 415 1201; x_wconf 65' lang='lat' dir='ltr'><strong>consilia</strong></span> <span class='ocrx_word' id='word_1_126' title='bbox 433 1172 590 1207; x_wconf 79' lang='lat' dir='ltr'><strong>principum.</strong></span> <span class='ocrx_word' id='word_1_127' title='bbox 612 1169 680 1202; x_wconf 86' lang='lat' dir='ltr'><strong>Quia</strong></span> <span class='ocrx_word' id='word_1_128' title='bbox 704 1167 813 1195; x_wconf 88' lang='lat' dir='ltr'><strong>videbat</strong></span> <span class='ocrx_word' id='word_1_129' title='bbox 832 1165 945 1200; x_wconf 85' lang='lat' dir='ltr'><strong>spiritus</strong></span> <span class='ocrx_word' id='word_1_130' title='bbox 969 1163 1085 1198; x_wconf 80' lang='lat' dir='ltr'><strong>prophe-</strong></span> 
     </span>
    </p>
   </div>
   <div class='ocr_carea' id='block_1_22' title="bbox 303 1210 1085 1250">
    <p class='ocr_par' dir='ltr' id='par_1_22' title="bbox 303 1210 1085 1250">
     <span class='ocr_line' id='line_1_22' title="bbox 303 1210 1085 1250; baseline -0.018 -2"><span class='ocrx_word' id='word_1_131' title='bbox 303 1222 376 1248; x_wconf 72' lang='lat' dir='ltr'><strong>ticus</strong></span> <span class='ocrx_word' id='word_1_132' title='bbox 388 1219 509 1246; x_wconf 80' lang='lat' dir='ltr'><strong>futurum</strong></span> <span class='ocrx_word' id='word_1_133' title='bbox 520 1224 591 1248; x_wconf 81' lang='lat' dir='ltr'><strong>esse,</strong></span> <span class='ocrx_word' id='word_1_134' title='bbox 605 1219 635 1242; x_wconf 91' lang='lat' dir='ltr'><strong>ut</strong></span> <span class='ocrx_word' id='word_1_135' title='bbox 646 1212 879 1250; x_wconf 87' lang='lat' dir='ltr'><strong>persecutionibus</strong></span> <span class='ocrx_word' id='word_1_136' title='bbox 893 1210 1085 1237; x_wconf 84' lang='lat' dir='ltr'><strong>amictarentur</strong></span> 
     </span>
    </p>
   </div>
   <div class='ocr_carea' id='block_1_23' title="bbox 305 1256 1084 1301">
    <p class='ocr_par' dir='ltr' id='par_1_23' title="bbox 305 1256 1084 1301">
     <span class='ocr_line' id='line_1_23' title="bbox 305 1256 1084 1301; baseline -0.018 -7"><span class='ocrx_word' id='word_1_137' title='bbox 305 1268 323 1295; x_wconf 92' lang='lat' dir='ltr'><strong>ii</strong></span> <span class='ocrx_word' id='word_1_138' title='bbox 339 1266 386 1301; x_wconf 90' lang='lat' dir='ltr'><strong>qui</strong></span> <span class='ocrx_word' id='word_1_139' title='bbox 402 1273 417 1299; x_wconf 66' lang='grc' dir='ltr'><strong>ιι</strong></span> <span class='ocrx_word' id='word_1_140' title='bbox 433 1264 524 1300; x_wconf 87' lang='lat' dir='ltr'><strong>prisca</strong></span> <span class='ocrx_word' id='word_1_141' title='bbox 555 1263 600 1289; x_wconf 88' lang='lat' dir='ltr'><strong>illa</strong></span> <span class='ocrx_word' id='word_1_142' title='bbox 632 1260 824 1295; x_wconf 87' lang='lat' dir='ltr'><strong>superstitione</strong></span> <span class='ocrx_word' id='word_1_143' title='bbox 845 1256 979 1284; x_wconf 84' lang='lat' dir='ltr'><strong>recessuri</strong></span> <span class='ocrx_word' id='word_1_144' title='bbox 996 1258 1084 1286; x_wconf 83' lang='lat' dir='ltr'><strong>erant,</strong></span> 
     </span>
    </p>
   </div>
   <div class='ocr_carea' id='block_1_24' title="bbox 305 1302 1087 1342">
    <p class='ocr_par' dir='ltr' id='par_1_24' title="bbox 305 1302 1087 1342">
     <span class='ocr_line' id='line_1_24' title="bbox 305 1302 1087 1342; baseline -0.017 -2"><span class='ocrx_word' id='word_1_145' title='bbox 305 1317 333 1340; x_wconf 86' lang='lat' dir='ltr'><strong>et</strong></span> <span class='ocrx_word' id='word_1_146' title='bbox 346 1312 493 1342; x_wconf 78' lang='lat' dir='ltr'><strong>multorum</strong></span> <span class='ocrx_word' id='word_1_147' title='bbox 509 1310 624 1336; x_wconf 87' lang='lat' dir='ltr'><strong>deorum</strong></span> <span class='ocrx_word' id='word_1_148' title='bbox 638 1313 760 1334; x_wconf 83' lang='lat' dir='ltr'><strong>errorem</strong></span> <span class='ocrx_word' id='word_1_149' title='bbox 785 1302 945 1335; x_wconf 82' lang='lat' dir='ltr'><strong>aversaturi,</strong></span> <span class='ocrx_word' id='word_1_150' title='bbox 972 1305 1001 1328; x_wconf 89' lang='lat' dir='ltr'><strong>ut</strong></span> <span class='ocrx_word' id='word_1_151' title='bbox 1027 1308 1087 1328; x_wconf 86' lang='lat' dir='ltr'><strong>sese</strong></span> 
     </span>
    </p>
   </div>
   <div class='ocr_carea' id='block_1_25' title="bbox 305 1346 1087 1386">
    <p class='ocr_par' dir='ltr' id='par_1_25' title="bbox 305 1346 1087 1386">
     <span class='ocr_line' id='line_1_25' title="bbox 305 1346 1087 1386; baseline -0.018 0"><span class='ocrx_word' id='word_1_152' title='bbox 305 1359 339 1386; x_wconf 88' lang='lat' dir='ltr'><strong>ad</strong></span> <span class='ocrx_word' id='word_1_153' title='bbox 356 1359 545 1385; x_wconf 83' lang='lat' dir='ltr'><strong>universorum</strong></span> <span class='ocrx_word' id='word_1_154' title='bbox 559 1353 702 1381; x_wconf 86' lang='lat' dir='ltr'><strong>Dominum</strong></span> <span class='ocrx_word' id='word_1_155' title='bbox 713 1353 920 1381; x_wconf 86' lang='lat' dir='ltr'><strong>converterent;</strong></span> <span class='ocrx_word' id='word_1_156' title='bbox 933 1346 1087 1375; x_wconf 84' lang='lat' dir='ltr'><strong>necessario</strong></span> 
     </span>
    </p>
   </div>
   <div class='ocr_carea' id='block_1_26' title="bbox 306 1393 1087 1439">
    <p class='ocr_par' dir='ltr' id='par_1_26' title="bbox 306 1393 1087 1439">
     <span class='ocr_line' id='line_1_26' title="bbox 306 1393 1087 1439; baseline -0.018 -7"><span class='ocrx_word' id='word_1_157' title='bbox 306 1403 429 1439; x_wconf 74' lang='lat' dir='ltr'><strong>praecipit</strong></span> <span class='ocrx_word' id='word_1_158' title='bbox 440 1403 491 1434; x_wconf 86' lang='lat' dir='ltr'><strong>eis,</strong></span> <span class='ocrx_word' id='word_1_159' title='bbox 508 1400 554 1436; x_wconf 86' lang='lat' dir='ltr'><strong>qui</strong></span> <span class='ocrx_word' id='word_1_160' title='bbox 574 1406 665 1426; x_wconf 91' lang='lat' dir='ltr'><strong>rerum</strong></span> <span class='ocrx_word' id='word_1_161' title='bbox 679 1397 799 1424; x_wconf 89' lang='lat' dir='ltr'><strong>omnium</strong></span> <span class='ocrx_word' id='word_1_162' title='bbox 814 1395 937 1430; x_wconf 85' lang='lat' dir='ltr'><strong>opiﬁcem</strong></span> <span class='ocrx_word' id='word_1_163' title='bbox 952 1393 1087 1424; x_wconf 87' lang='lat' dir='ltr'><strong>noverint,</strong></span> 
     </span>
    </p>
   </div>
   <div class='ocr_carea' id='block_1_27' title="bbox 306 1441 1089 1482">
    <p class='ocr_par' dir='ltr' id='par_1_27' title="bbox 306 1441 1089 1482">
     <span class='ocr_line' id='line_1_27' title="bbox 306 1441 1089 1482; baseline -0.018 -4"><span class='ocrx_word' id='word_1_164' title='bbox 306 1455 336 1478; x_wconf 90' lang='lat' dir='ltr'><strong>ut</strong></span> <span class='ocrx_word' id='word_1_165' title='bbox 350 1449 489 1477; x_wconf 87' lang='lat' dir='ltr'><strong>immissos</strong></span> <span class='ocrx_word' id='word_1_166' title='bbox 506 1454 521 1473; x_wconf 86' lang='lat' dir='ltr'><strong>a</strong></span> <span class='ocrx_word' id='word_1_167' title='bbox 541 1445 668 1482; x_wconf 79' lang='lat' dir='ltr'><strong>gentibus</strong></span> <span class='ocrx_word' id='word_1_168' title='bbox 683 1443 711 1470; x_wconf 87' lang='lat' dir='ltr'><strong>in</strong></span> <span class='ocrx_word' id='word_1_169' title='bbox 733 1441 892 1469; x_wconf 87' lang='lat' dir='ltr'><strong>inﬁdelitate</strong></span> <span class='ocrx_word' id='word_1_170' title='bbox 913 1445 1089 1474; x_wconf 82' lang='lat' dir='ltr'><strong>perseveran-</strong></span> 
     </span>
    </p>
   </div>
   <div class='ocr_carea' id='block_1_28' title="bbox 307 1485 1087 1533">
    <p class='ocr_par' dir='ltr' id='par_1_28' title="bbox 307 1485 1087 1533">
     <span class='ocr_line' id='line_1_28' title="bbox 307 1485 1087 1533; baseline -0.018 -8"><span class='ocrx_word' id='word_1_171' title='bbox 307 1497 380 1533; x_wconf 83' lang='lat' dir='ltr'><strong>tibus</strong></span> <span class='ocrx_word' id='word_1_172' title='bbox 398 1501 526 1525; x_wconf 87' lang='lat' dir='ltr'><strong>lerrores,</strong></span> <span class='ocrx_word' id='word_1_173' title='bbox 552 1498 700 1525; x_wconf 88' lang='lat' dir='ltr'><strong>eorumque</strong></span> <span class='ocrx_word' id='word_1_174' title='bbox 723 1489 810 1516; x_wconf 86' lang='lat' dir='ltr'><strong>minas</strong></span> <span class='ocrx_word' id='word_1_175' title='bbox 826 1495 880 1514; x_wconf 92' lang='lat' dir='ltr'><strong>non</strong></span> <span class='ocrx_word' id='word_1_176' title='bbox 901 1485 1087 1513; x_wconf 79' lang='lat' dir='ltr'><strong>reformident.</strong></span> 
     </span>
    </p>
   </div>
   <div class='ocr_carea' id='block_1_29' title="bbox 307 1531 1095 1570">
    <p class='ocr_par' dir='ltr' id='par_1_29' title="bbox 307 1531 1095 1570">
     <span class='ocr_line' id='line_1_29' title="bbox 307 1531 1095 1570; baseline -0.018 0"><span class='ocrx_word' id='word_1_177' title='bbox 307 1531 383 1570; x_wconf 37' lang='lat' dir='ltr'><strong>Ilicet</strong></span> <span class='ocrx_word' id='word_1_178' title='bbox 397 1541 470 1569; x_wconf 89' lang='lat' dir='ltr'><strong>enim</strong></span> <span class='ocrx_word' id='word_1_179' title='bbox 487 1539 592 1567; x_wconf 87' lang='lat' dir='ltr'><strong>inﬁnita</strong></span> <span class='ocrx_word' id='word_1_180' title='bbox 607 1540 702 1565; x_wconf 87' lang='lat' dir='ltr'><strong>contra</strong></span> <span class='ocrx_word' id='word_1_181' title='bbox 718 1542 767 1563; x_wconf 89' lang='lat' dir='ltr'><strong>vos</strong></span> <span class='ocrx_word' id='word_1_182' title='bbox 788 1534 934 1561; x_wconf 86' lang='lat' dir='ltr'><strong>moliantur</strong></span> <span class='ocrx_word' id='word_1_183' title='bbox 949 1541 955 1565; x_wconf 88' lang='lat'><strong>;</strong></span> <span class='ocrx_word' id='word_1_184' title='bbox 974 1536 1000 1558; x_wconf 85' lang='lat' dir='ltr'><strong>at</strong></span> <span class='ocrx_word' id='word_1_185' title='bbox 1022 1531 1095 1558; x_wconf 80' lang='lat' dir='ltr'><strong>nihil</strong></span> 
     </span>
    </p>
   </div>
   <div class='ocr_carea' id='block_1_30' title="bbox 308 1579 1098 1620">
    <p class='ocr_par' dir='ltr' id='par_1_30' title="bbox 308 1579 1098 1620">
     <span class='ocr_line' id='line_1_30' title="bbox 308 1579 1098 1620; baseline -0.018 -4"><span class='ocrx_word' id='word_1_186' title='bbox 308 1589 336 1616; x_wconf 91' lang='lat' dir='ltr'><strong>in</strong></span> <span class='ocrx_word' id='word_1_187' title='bbox 359 1587 444 1615; x_wconf 90' lang='lat' dir='ltr'><strong>vestri</strong></span> <span class='ocrx_word' id='word_1_188' title='bbox 458 1585 605 1620; x_wconf 83' lang='lat' dir='ltr'><strong>perniciem</strong></span> <span class='ocrx_word' id='word_1_189' title='bbox 618 1582 730 1616; x_wconf 79' lang='lat' dir='ltr'><strong>exsequi</strong></span> <span class='ocrx_word' id='word_1_190' title='bbox 742 1581 880 1607; x_wconf 87' lang='lat' dir='ltr'><strong>valebunt.</strong></span> <span class='ocrx_word' id='word_1_191' title='bbox 899 1579 959 1614; x_wconf 84' lang='lat' dir='ltr'><strong>Ipse</strong></span> <span class='ocrx_word' id='word_1_192' title='bbox 974 1584 1098 1611; x_wconf 88' lang='lat' dir='ltr'><strong>namque.</strong></span> 
     </span>
    </p>
   </div>
   <div class='ocr_carea' id='block_1_31' title="bbox 309 1623 1090 1668">
    <p class='ocr_par' dir='ltr' id='par_1_31' title="bbox 309 1623 1090 1668">
     <span class='ocr_line' id='line_1_31' title="bbox 309 1623 1090 1668; baseline -0.018 -6"><span class='ocrx_word' id='word_1_193' title='bbox 309 1634 432 1668; x_wconf 80' lang='lat' dir='ltr'><strong>omnium</strong></span> <span class='ocrx_word' id='word_1_194' title='bbox 449 1630 539 1667; x_wconf 77' lang='lat' dir='ltr'><strong>opifex</strong></span> <span class='ocrx_word' id='word_1_195' title='bbox 559 1633 586 1657; x_wconf 92' lang='lat' dir='ltr'><strong>et</strong></span> <span class='ocrx_word' id='word_1_196' title='bbox 609 1629 752 1658; x_wconf 84' lang='lat' dir='ltr'><strong>Dominus.</strong></span> <span class='ocrx_word' id='word_1_197' title='bbox 770 1626 803 1653; x_wconf 85' lang='lat' dir='ltr'><strong>ad</strong></span> <span class='ocrx_word' id='word_1_198' title='bbox 816 1633 896 1660; x_wconf 82' lang='lat' dir='ltr'><strong>quem</strong></span> <span class='ocrx_word' id='word_1_199' title='bbox 919 1623 1090 1657; x_wconf 79' lang='lat' dir='ltr'><strong>confugistis,</strong></span> 
     </span>
    </p>
   </div>
   <div class='ocr_carea' id='block_1_32' title="bbox 311 1670 1093 1711">
    <p class='ocr_par' dir='ltr' id='par_1_32' title="bbox 311 1670 1093 1711">
     <span class='ocr_line' id='line_1_32' title="bbox 311 1670 1093 1711; baseline -0.015 -4"><span class='ocrx_word' id='word_1_200' title='bbox 311 1678 425 1707; x_wconf 86' lang='lat' dir='ltr'><strong>insidias</strong></span> <span class='ocrx_word' id='word_1_201' title='bbox 443 1685 457 1703; x_wconf 85' lang='lat' dir='ltr'><strong>a</strong></span> <span class='ocrx_word' id='word_1_202' title='bbox 472 1675 599 1711; x_wconf 77' lang='lat' dir='ltr'><strong>gentibus</strong></span> <span class='ocrx_word' id='word_1_203' title='bbox 614 1682 645 1701; x_wconf 89' lang='lat' dir='ltr'><strong>ac</strong></span> <span class='ocrx_word' id='word_1_204' title='bbox 662 1673 817 1700; x_wconf 88' lang='lat' dir='ltr'><strong>inﬁdelibus</strong></span> <span class='ocrx_word' id='word_1_205' title='bbox 833 1671 940 1706; x_wconf 90' lang='lat' dir='ltr'><strong>populis</strong></span> <span class='ocrx_word' id='word_1_206' title='bbox 954 1670 1030 1697; x_wconf 86' lang='lat' dir='ltr'><strong>vobis</strong></span> <span class='ocrx_word' id='word_1_207' title='bbox 1046 1676 1093 1703; x_wconf 81' lang='lat' dir='ltr'><strong>pa-</strong></span> 
     </span>
    </p>
   </div>
   <div class='ocr_carea' id='block_1_33' title="bbox 310 1714 1093 1755">
    <p class='ocr_par' dir='ltr' id='par_1_33' title="bbox 310 1714 1093 1755">
     <span class='ocr_line' id='line_1_33' title="bbox 310 1714 1093 1755; baseline -0.014 -4"><span class='ocrx_word' id='word_1_208' title='bbox 310 1727 394 1754; x_wconf 87' lang='lat' dir='ltr'><strong>ratas,</strong></span> <span class='ocrx_word' id='word_1_209' title='bbox 422 1726 450 1749; x_wconf 84' lang='lat' dir='ltr'><strong>et</strong></span> <span class='ocrx_word' id='word_1_210' title='bbox 476 1719 654 1755; x_wconf 78' lang='lat' dir='ltr'><strong>cogitationes</strong></span> <span class='ocrx_word' id='word_1_211' title='bbox 679 1725 774 1745; x_wconf 90' lang='lat' dir='ltr'><strong>eorum</strong></span> <span class='ocrx_word' id='word_1_212' title='bbox 797 1716 875 1743; x_wconf 84' lang='lat' dir='ltr'><strong>vobis</strong></span> <span class='ocrx_word' id='word_1_213' title='bbox 900 1715 1029 1742; x_wconf 81' lang='lat' dir='ltr'><strong>adversas</strong></span> <span class='ocrx_word' id='word_1_214' title='bbox 1053 1714 1093 1740; x_wconf 86' lang='lat' dir='ltr'><strong>vel</strong></span> 
     </span>
    </p>
   </div>
   <div class='ocr_carea' id='block_1_34' title="bbox 311 1760 1094 1799">
    <p class='ocr_par' dir='ltr' id='par_1_34' title="bbox 311 1760 1094 1799">
     <span class='ocr_line' id='line_1_34' title="bbox 311 1760 1094 1799; baseline -0.015 -2"><span class='ocrx_word' id='word_1_215' title='bbox 311 1774 380 1797; x_wconf 84' lang='lat' dir='ltr'><strong>nutu</strong></span> <span class='ocrx_word' id='word_1_216' title='bbox 407 1767 465 1795; x_wconf 89' lang='lat' dir='ltr'><strong>solo</strong></span> <span class='ocrx_word' id='word_1_217' title='bbox 494 1764 655 1799; x_wconf 80' lang='lat' dir='ltr'><strong>dissipabit:</strong></span> <span class='ocrx_word' id='word_1_218' title='bbox 681 1766 708 1790; x_wconf 87' lang='lat' dir='ltr'><strong>et</strong></span> <span class='ocrx_word' id='word_1_219' title='bbox 736 1761 883 1796; x_wconf 85' lang='lat' dir='ltr'><strong>siquando</strong></span> <span class='ocrx_word' id='word_1_220' title='bbox 911 1760 1046 1794; x_wconf 84' lang='lat' dir='ltr'><strong>principes</strong></span> <span class='ocrx_word' id='word_1_221' title='bbox 1063 1766 1094 1785; x_wconf 89' lang='lat' dir='ltr'><strong>ac</strong></span> 
     </span>
    </p>
   </div>
   <div class='ocr_carea' id='block_1_35' title="bbox 311 1806 1093 1852">
    <p class='ocr_par' dir='ltr' id='par_1_35' title="bbox 311 1806 1093 1852">
     <span class='ocr_line' id='line_1_35' title="bbox 311 1806 1093 1852; baseline -0.014 -10"><span class='ocrx_word' id='word_1_222' title='bbox 311 1824 389 1852; x_wconf 79' lang='lat' dir='ltr'><strong>reges</strong></span> <span class='ocrx_word' id='word_1_223' title='bbox 416 1814 495 1841; x_wconf 87' lang='lat' dir='ltr'><strong>vobis</strong></span> <span class='ocrx_word' id='word_1_224' title='bbox 522 1814 711 1842; x_wconf 78' lang='lat' dir='ltr'><strong>succenseant,</strong></span> <span class='ocrx_word' id='word_1_225' title='bbox 738 1813 765 1836; x_wconf 81' lang='lat' dir='ltr'><strong>at</strong></span> <span class='ocrx_word' id='word_1_226' title='bbox 789 1809 813 1835; x_wconf 88' lang='lat' dir='ltr'><strong>is</strong></span> <span class='ocrx_word' id='word_1_227' title='bbox 833 1807 947 1834; x_wconf 89' lang='lat' dir='ltr'><strong>consilia</strong></span> <span class='ocrx_word' id='word_1_228' title='bbox 973 1806 1093 1840; x_wconf 81' lang='lat' dir='ltr'><strong>ipsarum</strong></span> 
     </span>
    </p>
   </div>
   <div class='ocr_carea' id='block_1_36' title="bbox 313 1852 1094 1891">
    <p class='ocr_par' dir='ltr' id='par_1_36' title="bbox 313 1852 1094 1891">
     <span class='ocr_line' id='line_1_36' title="bbox 313 1852 1094 1891; baseline -0.018 -2"><span class='ocrx_word' id='word_1_229' title='bbox 313 1862 391 1890; x_wconf 79' lang='lat' dir='ltr'><strong>irrita</strong></span> <span class='ocrx_word' id='word_1_230' title='bbox 414 1859 506 1890; x_wconf 86' lang='lat' dir='ltr'><strong>faciet,</strong></span> <span class='ocrx_word' id='word_1_231' title='bbox 524 1858 667 1891; x_wconf 87' lang='lat' dir='ltr'><strong>solumque</strong></span> <span class='ocrx_word' id='word_1_232' title='bbox 682 1855 742 1889; x_wconf 90' lang='lat' dir='ltr'><strong>ejus</strong></span> <span class='ocrx_word' id='word_1_233' title='bbox 760 1852 903 1880; x_wconf 77' lang='lat' dir='ltr'><strong>consilium</strong></span> <span class='ocrx_word' id='word_1_234' title='bbox 920 1852 946 1878; x_wconf 95' lang='lat' dir='ltr'><strong>in</strong></span> <span class='ocrx_word' id='word_1_235' title='bbox 963 1855 1094 1877; x_wconf 61' lang='lat' dir='ltr'><strong>aeternum</strong></span> 
     </span>
    </p>
   </div>
   <div class='ocr_carea' id='block_1_37' title="bbox 312 1898 1095 1937">
    <p class='ocr_par' dir='ltr' id='par_1_37' title="bbox 312 1898 1095 1937">
     <span class='ocr_line' id='line_1_37' title="bbox 312 1898 1095 1937; baseline -0.017 -2"><span class='ocrx_word' id='word_1_236' title='bbox 312 1907 443 1936; x_wconf 88' lang='lat' dir='ltr'><strong>manebit.</strong></span> <span class='ocrx_word' id='word_1_237' title='bbox 458 1904 603 1932; x_wconf 82' lang='lat' dir='ltr'><strong>Enimvero</strong></span> <span class='ocrx_word' id='word_1_238' title='bbox 617 1901 795 1937; x_wconf 76' lang='lat' dir='ltr'><strong>cogitationes</strong></span> <span class='ocrx_word' id='word_1_239' title='bbox 816 1899 959 1933; x_wconf 73' lang='lat' dir='ltr'><strong>sapientiae.</strong></span> <span class='ocrx_word' id='word_1_240' title='bbox 969 1898 1028 1933; x_wconf 85' lang='lat' dir='ltr'><strong>ejus</strong></span> <span class='ocrx_word' id='word_1_241' title='bbox 1041 1905 1095 1923; x_wconf 91' lang='lat' dir='ltr'><strong>non</strong></span> 
     </span>
    </p>
   </div>
   <div class='ocr_carea' id='block_1_38' title="bbox 313 1945 1094 1991">
    <p class='ocr_par' dir='ltr' id='par_1_38' title="bbox 313 1945 1094 1991">
     <span class='ocr_line' id='line_1_38' title="bbox 313 1945 1094 1991; baseline -0.018 -8"><span class='ocrx_word' id='word_1_242' title='bbox 313 1953 426 1991; x_wconf 83' lang='lat' dir='ltr'><strong>perinde</strong></span> <span class='ocrx_word' id='word_1_243' title='bbox 446 1956 527 1987; x_wconf 87' lang='lat' dir='ltr'><strong>atque</strong></span> <span class='ocrx_word' id='word_1_244' title='bbox 541 1950 720 1985; x_wconf 85' lang='lat' dir='ltr'><strong>cogitationes</strong></span> <span class='ocrx_word' id='word_1_245' title='bbox 735 1947 875 1974; x_wconf 86' lang='lat' dir='ltr'><strong>hominum</strong></span> <span class='ocrx_word' id='word_1_246' title='bbox 898 1945 981 1971; x_wconf 68' lang='lat' dir='ltr'><strong>irritae</strong></span> <span class='ocrx_word' id='word_1_247' title='bbox 996 1947 1094 1971; x_wconf 90' lang='lat' dir='ltr'><strong>erunt:</strong></span> 
     </span>
    </p>
   </div>
   <div class='ocr_carea' id='block_1_39' title="bbox 314 1991 1098 2033">
    <p class='ocr_par' dir='ltr' id='par_1_39' title="bbox 314 1991 1098 2033">
     <span class='ocr_line' id='line_1_39' title="bbox 314 1991 1098 2033; baseline -0.015 -6"><span class='ocrx_word' id='word_1_248' title='bbox 314 1999 361 2028; x_wconf 89' lang='lat' dir='ltr'><strong>sed</strong></span> <span class='ocrx_word' id='word_1_249' title='bbox 374 1997 476 2033; x_wconf 87' lang='lat' dir='ltr'><strong>judicia</strong></span> <span class='ocrx_word' id='word_1_250' title='bbox 491 1997 551 2031; x_wconf 84' lang='lat' dir='ltr'><strong>ejus</strong></span> <span class='ocrx_word' id='word_1_251' title='bbox 569 1998 727 2030; x_wconf 85' lang='lat' dir='ltr'><strong>permanent</strong></span> <span class='ocrx_word' id='word_1_252' title='bbox 742 1993 770 2020; x_wconf 91' lang='lat' dir='ltr'><strong>in</strong></span> <span class='ocrx_word' id='word_1_253' title='bbox 787 1991 988 2027; x_wconf 81' lang='lat' dir='ltr'><strong>generationem</strong></span> <span class='ocrx_word' id='word_1_254' title='bbox 1011 1993 1037 2016; x_wconf 86' lang='lat' dir='ltr'><strong>et</strong></span> <span class='ocrx_word' id='word_1_255' title='bbox 1051 1996 1098 2023; x_wconf 83' lang='lat' dir='ltr'><strong>ge-</strong></span> 
     </span>
    </p>
   </div>
   <div class='ocr_carea' id='block_1_40' title="bbox 315 2036 1099 2077">
    <p class='ocr_par' dir='ltr' id='par_1_40' title="bbox 315 2036 1099 2077">
     <span class='ocr_line' id='line_1_40' title="bbox 315 2036 1099 2077; baseline -0.014 -5"><span class='ocrx_word' id='word_1_256' title='bbox 315 2044 493 2073; x_wconf 90' lang='lat' dir='ltr'><strong>nerationem.</strong></span> <span class='ocrx_word' id='word_1_257' title='bbox 511 2041 694 2077; x_wconf 79' lang='lat' dir='ltr'><strong>Cogitationes</strong></span> <span class='ocrx_word' id='word_1_258' title='bbox 711 2039 810 2074; x_wconf 88' lang='lat' dir='ltr'><strong>quippe</strong></span> <span class='ocrx_word' id='word_1_259' title='bbox 826 2045 890 2065; x_wconf 85' lang='lat' dir='ltr'><strong>suas</strong></span> <span class='ocrx_word' id='word_1_260' title='bbox 911 2039 1033 2064; x_wconf 88' lang='lat' dir='ltr'><strong>reservat</strong></span> <span class='ocrx_word' id='word_1_261' title='bbox 1051 2036 1099 2062; x_wconf 88' lang='lat' dir='ltr'><strong>ho-</strong></span> 
     </span>
    </p>
   </div>
   <div class='ocr_carea' id='block_1_41' title="bbox 316 2081 1099 2123">
    <p class='ocr_par' dir='ltr' id='par_1_41' title="bbox 316 2081 1099 2123">
     <span class='ocr_line' id='line_1_41' title="bbox 316 2081 1099 2123; baseline -0.014 -5"><span class='ocrx_word' id='word_1_262' title='bbox 316 2090 436 2119; x_wconf 87' lang='lat' dir='ltr'><strong>minibus</strong></span> <span class='ocrx_word' id='word_1_263' title='bbox 449 2097 479 2116; x_wconf 84' lang='lat' dir='ltr'><strong>se</strong></span> <span class='ocrx_word' id='word_1_264' title='bbox 493 2088 601 2123; x_wconf 83' lang='lat' dir='ltr'><strong>dignis;</strong></span> <span class='ocrx_word' id='word_1_265' title='bbox 617 2091 643 2114; x_wconf 90' lang='lat' dir='ltr'><strong>et</strong></span> <span class='ocrx_word' id='word_1_266' title='bbox 657 2086 720 2120; x_wconf 83' lang='lat' dir='ltr'><strong>quia</strong></span> <span class='ocrx_word' id='word_1_267' title='bbox 736 2086 764 2112; x_wconf 95' lang='lat' dir='ltr'><strong>in</strong></span> <span class='ocrx_word' id='word_1_268' title='bbox 782 2084 895 2119; x_wconf 77' lang='lat' dir='ltr'><strong>singulis</strong></span> <span class='ocrx_word' id='word_1_269' title='bbox 916 2081 1099 2118; x_wconf 85' lang='lat' dir='ltr'><strong>generationi-</strong></span> 
     </span>
    </p>
   </div>
   <div class='ocr_carea' id='block_1_42' title="bbox 317 2126 1098 2165">
    <p class='ocr_par' dir='ltr' id='par_1_42' title="bbox 317 2126 1098 2165">
     <span class='ocr_line' id='line_1_42' title="bbox 317 2126 1098 2165; baseline -0.015 -1"><span class='ocrx_word' id='word_1_270' title='bbox 317 2138 369 2165; x_wconf 88' lang='lat' dir='ltr'><strong>bus</strong></span> <span class='ocrx_word' id='word_1_271' title='bbox 397 2141 424 2163; x_wconf 91' lang='lat' dir='ltr'><strong>et</strong></span> <span class='ocrx_word' id='word_1_272' title='bbox 450 2134 592 2161; x_wconf 86' lang='lat' dir='ltr'><strong>hominum</strong></span> <span class='ocrx_word' id='word_1_273' title='bbox 621 2129 863 2161; x_wconf 83' lang='lat' dir='ltr'><strong>suecessiouibus,</strong></span> <span class='ocrx_word' id='word_1_274' title='bbox 891 2128 1000 2163; x_wconf 87' lang='lat' dir='ltr'><strong>quidam</strong></span> <span class='ocrx_word' id='word_1_275' title='bbox 1024 2126 1098 2162; x_wconf 81' lang='lat' dir='ltr'><strong>digni</strong></span> 
     </span>
    </p>
   </div>
   <div class='ocr_carea' id='block_1_43' title="bbox 317 2173 1098 2218">
    <p class='ocr_par' dir='ltr' id='par_1_43' title="bbox 317 2173 1098 2218">
     <span class='ocr_line' id='line_1_43' title="bbox 317 2173 1098 2218; baseline -0.015 -8"><span class='ocrx_word' id='word_1_276' title='bbox 317 2182 514 2218; x_wconf 82' lang='lat' dir='ltr'><strong>reperiuntur,</strong></span> <span class='ocrx_word' id='word_1_277' title='bbox 545 2179 606 2214; x_wconf 88' lang='lat' dir='ltr'><strong>jure</strong></span> <span class='ocrx_word' id='word_1_278' title='bbox 630 2185 662 2205; x_wconf 86' lang='lat' dir='ltr'><strong>ac</strong></span> <span class='ocrx_word' id='word_1_279' title='bbox 689 2177 785 2204; x_wconf 87' lang='lat' dir='ltr'><strong>merito</strong></span> <span class='ocrx_word' id='word_1_280' title='bbox 817 2175 919 2203; x_wconf 81' lang='lat' dir='ltr'><strong>eisdem</strong></span> <span class='ocrx_word' id='word_1_281' title='bbox 957 2173 1098 2207; x_wconf 79' lang='lat' dir='ltr'><strong>cogitatio-</strong></span> 
     </span>
    </p>
   </div>
   <div class='ocr_carea' id='block_1_44' title="bbox 318 2219 1098 2259">
    <p class='ocr_par' dir='ltr' id='par_1_44' title="bbox 318 2219 1098 2259">
     <span class='ocr_line' id='line_1_44' title="bbox 318 2219 1098 2259; baseline -0.017 -2"><span class='ocrx_word' id='word_1_282' title='bbox 318 2237 366 2257; x_wconf 83' lang='lat' dir='ltr'><strong>nes</strong></span> <span class='ocrx_word' id='word_1_283' title='bbox 393 2234 506 2256; x_wconf 89' lang='lat' dir='ltr'><strong>servans</strong></span> <span class='ocrx_word' id='word_1_284' title='bbox 538 2232 617 2256; x_wconf 82' lang='lat' dir='ltr'><strong>suas,</strong></span> <span class='ocrx_word' id='word_1_285' title='bbox 648 2224 722 2259; x_wconf 83' lang='lat' dir='ltr'><strong>ipsas</strong></span> <span class='ocrx_word' id='word_1_286' title='bbox 754 2222 780 2249; x_wconf 91' lang='lat' dir='ltr'><strong>in</strong></span> <span class='ocrx_word' id='word_1_287' title='bbox 821 2219 1011 2257; x_wconf 82' lang='lat' dir='ltr'><strong>generationes</strong></span> <span class='ocrx_word' id='word_1_288' title='bbox 1039 2226 1098 2245; x_wconf 59' lang='lat' dir='ltr'><strong>om»</strong></span> 
     </span>
    </p>
   </div>
   <div class='ocr_carea' id='block_1_45' title="bbox 319 2265 1138 2312">
    <p class='ocr_par' dir='ltr' id='par_1_45' title="bbox 319 2265 1138 2312">
     <span class='ocr_line' id='line_1_45' title="bbox 319 2265 1138 2312; baseline -0.016 -10"><span class='ocrx_word' id='word_1_289' title='bbox 319 2282 368 2302; x_wconf 89' lang='lat' dir='ltr'><strong>nes</strong></span> <span class='ocrx_word' id='word_1_290' title='bbox 384 2271 520 2307; x_wconf 85' lang='lat' dir='ltr'><strong>producit.</strong></span> <span class='ocrx_word' id='word_1_291' title='bbox 538 2270 570 2297; x_wconf 87' lang='lat' dir='ltr'><strong>Et</strong></span> <span class='ocrx_word' id='word_1_292' title='bbox 598 2269 656 2296; x_wconf 74' lang='lat' dir='ltr'><strong>lucc</strong></span> <span class='ocrx_word' id='word_1_293' title='bbox 671 2275 736 2296; x_wconf 84' lang='lat' dir='ltr'><strong>sane</strong></span> <span class='ocrx_word' id='word_1_294' title='bbox 767 2267 831 2294; x_wconf 89' lang='lat' dir='ltr'><strong>olim</strong></span> <span class='ocrx_word' id='word_1_295' title='bbox 862 2265 1017 2302; x_wconf 76' lang='lat' dir='ltr'><strong>prophetiae</strong></span> <span class='ocrx_word' id='word_1_296' title='bbox 1031 2271 1099 2299; x_wconf 67' lang='lat' dir='ltr'><strong>prze-</strong></span> <span class='ocrx_word' id='word_1_297' title='bbox 1114 2282 1138 2312; x_wconf 64' lang='grc' dir='ltr'><strong>Β</strong></span> 
     </span>
    </p>
   </div>
   <div class='ocr_carea' id='block_1_46' title="bbox 319 2310 1098 2352">
    <p class='ocr_par' dir='ltr' id='par_1_46' title="bbox 319 2310 1098 2352">
     <span class='ocr_line' id='line_1_46' title="bbox 319 2310 1098 2352; baseline -0.014 -4"><span class='ocrx_word' id='word_1_298' title='bbox 319 2321 392 2348; x_wconf 86' lang='lat' dir='ltr'><strong>dicta</strong></span> <span class='ocrx_word' id='word_1_299' title='bbox 417 2321 495 2350; x_wconf 86' lang='lat' dir='ltr'><strong>sunt,</strong></span> <span class='ocrx_word' id='word_1_300' title='bbox 513 2316 635 2352; x_wconf 88' lang='lat' dir='ltr'><strong>ipsisque</strong></span> <span class='ocrx_word' id='word_1_301' title='bbox 662 2314 744 2341; x_wconf 89' lang='lat' dir='ltr'><strong>rebus</strong></span> <span class='ocrx_word' id='word_1_302' title='bbox 768 2313 851 2348; x_wconf 84' lang='lat' dir='ltr'><strong>gestis</strong></span> <span class='ocrx_word' id='word_1_303' title='bbox 879 2319 929 2338; x_wconf 87' lang='lat' dir='ltr'><strong>nos</strong></span> <span class='ocrx_word' id='word_1_304' title='bbox 953 2310 1098 2338; x_wconf 90' lang='lat' dir='ltr'><strong>verborum</strong></span> 
     </span>
    </p>
   </div>
   <div class='ocr_carea' id='block_1_47' title="bbox 319 2357 1101 2399">
    <p class='ocr_par' dir='ltr' id='par_1_47' title="bbox 319 2357 1101 2399">
     <span class='ocr_line' id='line_1_47' title="bbox 319 2357 1101 2399; baseline -0.014 -5"><span class='ocrx_word' id='word_1_305' title='bbox 319 2370 447 2394; x_wconf 89' lang='lat' dir='ltr'><strong>eventum</strong></span> <span class='ocrx_word' id='word_1_306' title='bbox 461 2362 629 2398; x_wconf 84' lang='lat' dir='ltr'><strong>excepimus.</strong></span> <span class='ocrx_word' id='word_1_307' title='bbox 646 2360 754 2399; x_wconf 74' lang='lat' dir='ltr'><strong>Quanta</strong></span> <span class='ocrx_word' id='word_1_308' title='bbox 766 2359 839 2386; x_wconf 90' lang='lat' dir='ltr'><strong>enim</strong></span> <span class='ocrx_word' id='word_1_309' title='bbox 855 2358 985 2386; x_wconf 84' lang='lat' dir='ltr'><strong>adversus</strong></span> <span class='ocrx_word' id='word_1_310' title='bbox 1006 2357 1101 2384; x_wconf 85' lang='lat' dir='ltr'><strong>Eccle-</strong></span> 
     </span>
    </p>
   </div>
   <div class='ocr_carea' id='block_1_48' title="bbox 321 2404 1101 2446">
    <p class='ocr_par' dir='ltr' id='par_1_48' title="bbox 321 2404 1101 2446">
     <span class='ocr_line' id='line_1_48' title="bbox 321 2404 1101 2446; baseline -0.014 -6"><span class='ocrx_word' id='word_1_311' title='bbox 321 2413 388 2440; x_wconf 88' lang='lat' dir='ltr'><strong>siam</strong></span> <span class='ocrx_word' id='word_1_312' title='bbox 415 2411 475 2446; x_wconf 85' lang='lat' dir='ltr'><strong>ejus</strong></span> <span class='ocrx_word' id='word_1_313' title='bbox 500 2408 649 2437; x_wconf 81' lang='lat' dir='ltr'><strong>machinati</strong></span> <span class='ocrx_word' id='word_1_314' title='bbox 680 2407 754 2438; x_wconf 81' lang='lat' dir='ltr'><strong>sint.</strong></span> <span class='ocrx_word' id='word_1_315' title='bbox 780 2405 875 2440; x_wconf 85' lang='lat' dir='ltr'><strong>quales</strong></span> <span class='ocrx_word' id='word_1_316' title='bbox 898 2404 1101 2439; x_wconf 86' lang='lat' dir='ltr'><strong>persecutiones</strong></span> 
     </span>
    </p>
   </div>
   <div class='ocr_carea' id='block_1_49' title="bbox 321 2450 1102 2491">
    <p class='ocr_par' dir='ltr' id='par_1_49' title="bbox 321 2450 1102 2491">
     <span class='ocr_line' id='line_1_49' title="bbox 321 2450 1102 2491; baseline -0.012 -7"><span class='ocrx_word' id='word_1_317' title='bbox 321 2457 509 2488; x_wconf 76' lang='lat' dir='ltr'><strong>excitaverint,</strong></span> <span class='ocrx_word' id='word_1_318' title='bbox 528 2452 682 2491; x_wconf 87' lang='lat' dir='ltr'><strong>cujusmodi</strong></span> <span class='ocrx_word' id='word_1_319' title='bbox 692 2450 806 2480; x_wconf 86' lang='lat' dir='ltr'><strong>consilia</strong></span> <span class='ocrx_word' id='word_1_320' title='bbox 818 2454 912 2478; x_wconf 85' lang='lat' dir='ltr'><strong>contra</strong></span> <span class='ocrx_word' id='word_1_321' title='bbox 928 2457 978 2477; x_wconf 84' lang='lat' dir='ltr'><strong>nos</strong></span> <span class='ocrx_word' id='word_1_322' title='bbox 992 2450 1102 2476; x_wconf 91' lang='lat' dir='ltr'><strong>inierint</strong></span> 
     </span>
    </p>
   </div>
   <div class='ocr_carea' id='block_1_50' title="bbox 323 2495 1102 2538">
    <p class='ocr_par' dir='ltr' id='par_1_50' title="bbox 323 2495 1102 2538">
     <span class='ocr_line' id='line_1_50' title="bbox 323 2495 1102 2538; baseline -0.01 -9"><span class='ocrx_word' id='word_1_323' title='bbox 323 2503 459 2538; x_wconf 82' lang='lat' dir='ltr'><strong>principes</strong></span> <span class='ocrx_word' id='word_1_324' title='bbox 477 2501 558 2536; x_wconf 85' lang='lat' dir='ltr'><strong>hujus</strong></span> <span class='ocrx_word' id='word_1_325' title='bbox 573 2499 676 2531; x_wconf 52' lang='lat' dir='ltr'><strong>saeculi,</strong></span> <span class='ocrx_word' id='word_1_326' title='bbox 701 2505 751 2533; x_wconf 91' lang='lat' dir='ltr'><strong>pro</strong></span> <span class='ocrx_word' id='word_1_327' title='bbox 768 2497 807 2524; x_wconf 91' lang='lat' dir='ltr'><strong>rei</strong></span> <span class='ocrx_word' id='word_1_328' title='bbox 831 2496 961 2532; x_wconf 77' lang='lat' dir='ltr'><strong>gravitate</strong></span> <span class='ocrx_word' id='word_1_329' title='bbox 981 2495 1102 2523; x_wconf 85' lang='lat' dir='ltr'><strong>enarrari</strong></span> 
     </span>
    </p>
   </div>
   <div class='ocr_carea' id='block_1_51' title="bbox 324 2542 1104 2583">
    <p class='ocr_par' dir='ltr' id='par_1_51' title="bbox 324 2542 1104 2583">
     <span class='ocr_line' id='line_1_51' title="bbox 324 2542 1104 2583; baseline -0.01 -8"><span class='ocrx_word' id='word_1_330' title='bbox 324 2547 418 2583; x_wconf 89' lang='lat' dir='ltr'><strong>nequit</strong></span> <span class='ocrx_word' id='word_1_331' title='bbox 431 2557 438 2574; x_wconf 88' lang='lat'><strong>:</strong></span> <span class='ocrx_word' id='word_1_332' title='bbox 455 2555 541 2582; x_wconf 90' lang='lat' dir='ltr'><strong>neque</strong></span> <span class='ocrx_word' id='word_1_333' title='bbox 556 2545 692 2573; x_wconf 86' lang='lat' dir='ltr'><strong>recenseri</strong></span> <span class='ocrx_word' id='word_1_334' title='bbox 708 2550 762 2579; x_wconf 93' lang='lat' dir='ltr'><strong>quo</strong></span> <span class='ocrx_word' id='word_1_335' title='bbox 783 2547 862 2578; x_wconf 87' lang='lat' dir='ltr'><strong>pacto</strong></span> <span class='ocrx_word' id='word_1_336' title='bbox 879 2542 935 2569; x_wconf 60' lang='lat' dir='ltr'><strong>haec</strong></span> <span class='ocrx_word' id='word_1_337' title='bbox 950 2542 1040 2568; x_wconf 92' lang='lat' dir='ltr'><strong>omnia</strong></span> <span class='ocrx_word' id='word_1_338' title='bbox 1056 2548 1104 2575; x_wconf 86' lang='lat' dir='ltr'><strong>per</strong></span> 
     </span>
    </p>
   </div>
   <div class='ocr_carea' id='block_1_52' title="bbox 324 2589 1103 2626">
    <p class='ocr_par' dir='ltr' id='par_1_52' title="bbox 324 2589 1103 2626">
     <span class='ocr_line' id='line_1_52' title="bbox 324 2589 1103 2626; baseline -0.01 -5"><span class='ocrx_word' id='word_1_339' title='bbox 324 2593 455 2621; x_wconf 83' lang='lat' dir='ltr'><strong>virtutem</strong></span> <span class='ocrx_word' id='word_1_340' title='bbox 470 2591 517 2618; x_wconf 87' lang='lat' dir='ltr'><strong>Dei</strong></span> <span class='ocrx_word' id='word_1_341' title='bbox 533 2591 665 2626; x_wconf 89' lang='lat' dir='ltr'><strong>dissipata</strong></span> <span class='ocrx_word' id='word_1_342' title='bbox 683 2589 784 2617; x_wconf 81' lang='lat' dir='ltr'><strong>fuerint</strong></span> <span class='ocrx_word' id='word_1_343' title='bbox 796 2597 803 2622; x_wconf 84' lang='lat'><strong>;</strong></span> <span class='ocrx_word' id='word_1_344' title='bbox 817 2595 905 2622; x_wconf 83' lang='lat' dir='ltr'><strong>neque</strong></span> <span class='ocrx_word' id='word_1_345' title='bbox 917 2591 997 2615; x_wconf 74' lang='lat' dir='ltr'><strong>aetate</strong></span> <span class='ocrx_word' id='word_1_346' title='bbox 1009 2591 1103 2614; x_wconf 87' lang='lat' dir='ltr'><strong>nostra</strong></span> 
     </span>
    </p>
   </div>
   <div class='ocr_carea' id='block_1_53' title="bbox 326 2634 1105 2672">
    <p class='ocr_par' dir='ltr' id='par_1_53' title="bbox 326 2634 1105 2672">
     <span class='ocr_line' id='line_1_53' title="bbox 326 2634 1105 2672; baseline -0.01 -6"><span class='ocrx_word' id='word_1_347' title='bbox 326 2637 508 2669; x_wconf 86' lang='lat' dir='ltr'><strong>solummodo,</strong></span> <span class='ocrx_word' id='word_1_348' title='bbox 527 2638 573 2664; x_wconf 88' lang='lat' dir='ltr'><strong>sed</strong></span> <span class='ocrx_word' id='word_1_349' title='bbox 588 2645 637 2672; x_wconf 89' lang='lat' dir='ltr'><strong>per</strong></span> <span class='ocrx_word' id='word_1_350' title='bbox 659 2636 780 2671; x_wconf 83' lang='lat' dir='ltr'><strong>singulas</strong></span> <span class='ocrx_word' id='word_1_351' title='bbox 794 2634 982 2670; x_wconf 78' lang='lat' dir='ltr'><strong>generationes</strong></span> <span class='ocrx_word' id='word_1_352' title='bbox 1004 2640 1019 2659; x_wconf 90' lang='lat' dir='ltr'><strong>a</strong></span> <span class='ocrx_word' id='word_1_353' title='bbox 1035 2637 1105 2660; x_wconf 86' lang='lat' dir='ltr'><strong>tem-</strong></span> 
     </span>
    </p>
   </div>
   <div class='ocr_carea' id='block_1_54' title="bbox 326 2679 1102 2721">
    <p class='ocr_par' dir='ltr' id='par_1_54' title="bbox 326 2679 1102 2721">
     <span class='ocr_line' id='line_1_54' title="bbox 326 2679 1102 2721; baseline -0.009 -9"><span class='ocrx_word' id='word_1_354' title='bbox 326 2693 391 2721; x_wconf 90' lang='lat' dir='ltr'><strong>pore</strong></span> <span class='ocrx_word' id='word_1_355' title='bbox 403 2683 487 2711; x_wconf 86' lang='lat' dir='ltr'><strong>divini</strong></span> <span class='ocrx_word' id='word_1_356' title='bbox 503 2682 650 2710; x_wconf 82' lang='lat' dir='ltr'><strong>Salvatoris</strong></span> <span class='ocrx_word' id='word_1_357' title='bbox 665 2681 751 2709; x_wconf 90' lang='lat' dir='ltr'><strong>nostri</strong></span> <span class='ocrx_word' id='word_1_358' title='bbox 764 2680 897 2708; x_wconf 82' lang='lat' dir='ltr'><strong>adventus</strong></span> <span class='ocrx_word' id='word_1_359' title='bbox 917 2680 1027 2714; x_wconf 82' lang='lat' dir='ltr'><strong>impleta</strong></span> <span class='ocrx_word' id='word_1_360' title='bbox 1038 2679 1102 2706; x_wconf 91' lang='lat' dir='ltr'><strong>sint.</strong></span> 
     </span>
    </p>
   </div>
   <div class='ocr_carea' id='block_1_55' title="bbox 361 2724 1105 2763">
    <p class='ocr_par' dir='ltr' id='par_1_55' title="bbox 361 2724 1105 2763">
     <span class='ocr_line' id='line_1_55' title="bbox 361 2724 1105 2763; baseline -0.011 -5"><span class='ocrx_word' id='word_1_361' title='bbox 361 2730 444 2758; x_wconf 70' lang='lat' dir='ltr'><strong>Vens.</strong></span> <span class='ocrx_word' id='word_1_362' title='bbox 463 2729 497 2756; x_wconf 74' lang='grc'><strong>12</strong></span> <span class='ocrx_word' id='word_1_363' title='bbox 512 2728 580 2755; x_wconf 79' lang='grc'><strong>-15,</strong></span> <span class='ocrx_word' id='word_1_364' title='bbox 613 2728 695 2755; x_wconf 88' lang='lat' dir='ltr'><strong>Beata</strong></span> <span class='ocrx_word' id='word_1_365' title='bbox 727 2735 788 2763; x_wconf 83' lang='lat' dir='ltr'><strong>gens</strong></span> <span class='ocrx_word' id='word_1_366' title='bbox 812 2726 886 2761; x_wconf 80' lang='lat' dir='ltr'><strong>cujus</strong></span> <span class='ocrx_word' id='word_1_367' title='bbox 913 2730 952 2752; x_wconf 72' lang='lat' dir='ltr'><strong>est</strong></span> <span class='ocrx_word' id='word_1_368' title='bbox 977 2724 1105 2751; x_wconf 72' lang='lat' dir='ltr'><strong>Dominus</strong></span> 
     </span>
    </p>
   </div>
   <div class='ocr_carea' id='block_1_56' title="bbox 327 2771 1104 2811">
    <p class='ocr_par' dir='ltr' id='par_1_56' title="bbox 327 2771 1104 2811">
     <span class='ocr_line' id='line_1_56' title="bbox 327 2771 1104 2811; baseline -0.008 -7"><span class='ocrx_word' id='word_1_369' title='bbox 327 2777 398 2805; x_wconf 76' lang='lat' dir='ltr'><strong>Deus</strong></span> <span class='ocrx_word' id='word_1_370' title='bbox 428 2776 494 2811; x_wconf 74' lang='lat' dir='ltr'><strong>eius,</strong></span> <span class='ocrx_word' id='word_1_371' title='bbox 528 2774 638 2810; x_wconf 80' lang='lat' dir='ltr'><strong>populus</strong></span> <span class='ocrx_word' id='word_1_372' title='bbox 663 2781 737 2809; x_wconf 87' lang='lat' dir='ltr'><strong>quem</strong></span> <span class='ocrx_word' id='word_1_373' title='bbox 767 2773 844 2809; x_wconf 77' lang='lat' dir='ltr'><strong>elegit</strong></span> <span class='ocrx_word' id='word_1_374' title='bbox 873 2773 901 2799; x_wconf 77' lang='lat' dir='ltr'><strong>in</strong></span> <span class='ocrx_word' id='word_1_375' title='bbox 924 2771 1104 2799; x_wconf 75' lang='lat' dir='ltr'><strong>hwredttatem</strong></span> 
     </span>
    </p>
   </div>
   <div class='ocr_carea' id='block_1_57' title="bbox 327 2818 1108 2856">
    <p class='ocr_par' dir='ltr' id='par_1_57' title="bbox 327 2818 1108 2856">
     <span class='ocr_line' id='line_1_57' title="bbox 327 2818 1108 2856; baseline -0.006 -7"><span class='ocrx_word' id='word_1_376' title='bbox 327 2822 389 2849; x_wconf 76' lang='lat' dir='ltr'><strong>sibi.</strong></span> <span class='ocrx_word' id='word_1_377' title='bbox 407 2821 476 2848; x_wconf 90' lang='lat' dir='ltr'><strong>Olim</strong></span> <span class='ocrx_word' id='word_1_378' title='bbox 494 2819 603 2856; x_wconf 88' lang='lat' dir='ltr'><strong>quidem</strong></span> <span class='ocrx_word' id='word_1_379' title='bbox 617 2827 680 2854; x_wconf 89' lang='lat' dir='ltr'><strong>pars</strong></span> <span class='ocrx_word' id='word_1_380' title='bbox 705 2823 785 2854; x_wconf 87' lang='lat' dir='ltr'><strong>atque</strong></span> <span class='ocrx_word' id='word_1_381' title='bbox 799 2818 942 2846; x_wconf 66' lang='lat' dir='ltr'><strong>haereditas</strong></span> <span class='ocrx_word' id='word_1_382' title='bbox 964 2818 1023 2853; x_wconf 77' lang='lat' dir='ltr'><strong>ejus</strong></span> <span class='ocrx_word' id='word_1_383' title='bbox 1048 2820 1108 2846; x_wconf 81' lang='lat' dir='ltr'><strong>erat</strong></span> 
     </span>
    </p>
   </div>
   <div class='ocr_carea' id='block_1_58' title="bbox 329 2864 1106 2900">
    <p class='ocr_par' dir='ltr' id='par_1_58' title="bbox 329 2864 1106 2900">
     <span class='ocr_line' id='line_1_58' title="bbox 329 2864 1106 2900; baseline -0.008 -5"><span class='ocrx_word' id='word_1_384' title='bbox 329 2867 412 2895; x_wconf 81' lang='lat' dir='ltr'><strong>Israel</strong></span> <span class='ocrx_word' id='word_1_385' title='bbox 429 2876 436 2894; x_wconf 93' lang='lat'>:</span> <span class='ocrx_word' id='word_1_386' title='bbox 460 2874 554 2894; x_wconf 81' lang='lat' dir='ltr'><strong>verum</strong></span> <span class='ocrx_word' id='word_1_387' title='bbox 568 2865 631 2900; x_wconf 89' lang='lat' dir='ltr'><strong>quia</strong></span> <span class='ocrx_word' id='word_1_388' title='bbox 647 2864 673 2892; x_wconf 93' lang='lat' dir='ltr'><strong>id</strong></span> <span class='ocrx_word' id='word_1_389' title='bbox 693 2864 738 2892; x_wconf 90' lang='lat' dir='ltr'><strong>ille</strong></span> <span class='ocrx_word' id='word_1_390' title='bbox 753 2864 932 2899; x_wconf 88' lang='lat' dir='ltr'><strong>contempsit,</strong></span> <span class='ocrx_word' id='word_1_391' title='bbox 956 2864 989 2890; x_wconf 87' lang='lat' dir='ltr'><strong>ad</strong></span> <span class='ocrx_word' id='word_1_392' title='bbox 1013 2867 1106 2897; x_wconf 80' lang='lat' dir='ltr'><strong>gentes</strong></span> 
     </span>
    </p>
   </div>
   <div class='ocr_carea' id='block_1_59' title="bbox 329 2908 1105 2953">
    <p class='ocr_par' dir='ltr' id='par_1_59' title="bbox 329 2908 1105 2953">
     <span class='ocr_line' id='line_1_59' title="bbox 329 2908 1105 2953; baseline -0.006 -12"><span class='ocrx_word' id='word_1_393' title='bbox 329 2914 415 2953; x_wconf 72' lang='lat' dir='ltr'><strong>gratia</strong></span> <span class='ocrx_word' id='word_1_394' title='bbox 434 2913 592 2942; x_wconf 80' lang='lat' dir='ltr'><strong>transmissa</strong></span> <span class='ocrx_word' id='word_1_395' title='bbox 617 2914 668 2939; x_wconf 85' lang='lat' dir='ltr'><strong>est.</strong></span> <span class='ocrx_word' id='word_1_396' title='bbox 685 2910 722 2938; x_wconf 87' lang='lat' dir='ltr'><strong>De</strong></span> <span class='ocrx_word' id='word_1_397' title='bbox 748 2910 810 2937; x_wconf 73' lang='lat' dir='ltr'><strong>caelo</strong></span> <span class='ocrx_word' id='word_1_398' title='bbox 834 2910 945 2946; x_wconf 72' lang='lat' dir='ltr'><strong>respexit</strong></span> <span class='ocrx_word' id='word_1_399' title='bbox 966 2908 1105 2942; x_wconf 71' lang='lat' dir='ltr'><strong>Dominus,</strong></span> 
     </span>
    </p>
   </div>
   <div class='ocr_carea' id='block_1_60' title="bbox 621 176 1552 220">
    <p class='ocr_par' dir='ltr' id='par_1_60' title="bbox 621 176 1552 220">
     <span class='ocr_line' id='line_1_60' title="bbox 621 176 1552 220; baseline -0.018 0"><span class='ocrx_word' id='word_1_400' title='bbox 621 190 756 220; x_wconf 83' lang='lat' dir='ltr'><strong>EUSEBll</strong></span> <span class='ocrx_word' id='word_1_401' title='bbox 775 184 1014 217; x_wconf 70' lang='lat' dir='ltr'><strong>CASSARIENSIS</strong></span> <span class='ocrx_word' id='word_1_402' title='bbox 1033 183 1108 212; x_wconf 74' lang='lat' dir='ltr'><strong>OPP.</strong></span> <span class='ocrx_word' id='word_1_403' title='bbox 1128 181 1218 210; x_wconf 77' lang='lat' dir='ltr'><strong>PARS</strong></span> <span class='ocrx_word' id='word_1_404' title='bbox 1235 180 1280 208; x_wconf 79' lang='grc' dir='ltr'><strong>ΠΙ.</strong></span> <span class='ocrx_word' id='word_1_405' title='bbox 1299 195 1334 200; x_wconf 93' lang='lat'><strong>—</strong></span> <span class='ocrx_word' id='word_1_406' title='bbox 1347 176 1552 206; x_wconf 75' lang='lat' dir='ltr'><strong>EXEGETICA.</strong></span> 
     </span>
    </p>
   </div>
   <div class='ocr_carea' id='block_1_61' title="bbox 1855 172 1906 200">
    <p class='ocr_par' dir='ltr' id='par_1_61' title="bbox 1855 172 1906 200">
     <span class='ocr_line' id='line_1_61' title="bbox 1855 172 1906 200; baseline -0.02 0"><span class='ocrx_word' id='word_1_407' title='bbox 1855 172 1906 200; x_wconf 65' lang='lat'><strong>284</strong></span> 
     </span>
    </p>
   </div>
   <div class='ocr_carea' id='block_1_62' title="bbox 1125 230 1905 276">
    <p class='ocr_par' dir='ltr' id='par_1_62' title="bbox 1125 230 1905 276">
     <span class='ocr_line' id='line_1_62' title="bbox 1125 230 1905 276; baseline -0.017 -7"><span class='ocrx_word' id='word_1_408' title='bbox 1125 242 1314 276; x_wconf 76' lang='grc' dir='ltr'>οικουμένην.</span> <span class='ocrx_word' id='word_1_409' title='bbox 1330 238 1435 274; x_wconf 82' lang='grc' dir='ltr'>Σφόδρα</span> <span class='ocrx_word' id='word_1_410' title='bbox 1447 236 1475 264; x_wconf 81' lang='grc' dir='ltr'>δὲ</span> <span class='ocrx_word' id='word_1_411' title='bbox 1489 233 1643 264; x_wconf 78' lang='grc' dir='ltr'><strong>ἀκολούθως</strong></span> <span class='ocrx_word' id='word_1_412' title='bbox 1658 231 1706 264; x_wconf 82' lang='grc' dir='ltr'>τὰς</span> <span class='ocrx_word' id='word_1_413' title='bbox 1719 231 1767 258; x_wconf 86' lang='grc' dir='ltr'><strong>τοῦ</strong></span> <span class='ocrx_word' id='word_1_414' title='bbox 1779 230 1846 258; x_wconf 82' lang='grc' dir='ltr'>Θεοῦ</span> <span class='ocrx_word' id='word_1_415' title='bbox 1861 239 1905 265; x_wconf 85' lang='grc' dir='ltr'>με-</span> 
     </span>
    </p>
   </div>
   <div class='ocr_carea' id='block_1_63' title="bbox 1127 276 1906 322">
    <p class='ocr_par' dir='ltr' id='par_1_63' title="bbox 1127 276 1906 322">
     <span class='ocr_line' id='line_1_63' title="bbox 1127 276 1906 322; baseline -0.017 -8"><span class='ocrx_word' id='word_1_416' title='bbox 1127 286 1291 322; x_wconf 83' lang='grc' dir='ltr'>γαλουργίας</span> <span class='ocrx_word' id='word_1_417' title='bbox 1321 283 1506 320; x_wconf 78' lang='grc' dir='ltr'><strong>παραστήσας,</strong></span> <span class='ocrx_word' id='word_1_418' title='bbox 1526 281 1573 307; x_wconf 78' lang='grc' dir='ltr'>καὶ</span> <span class='ocrx_word' id='word_1_419' title='bbox 1594 278 1732 315; x_wconf 75' lang='grc' dir='ltr'><strong>μονονουχὶ</strong></span> <span class='ocrx_word' id='word_1_420' title='bbox 1762 276 1906 311; x_wconf 75' lang='grc' dir='ltr'><strong>ὀφθαλμοῖς</strong></span> 
     </span>
    </p>
   </div>
   <div class='ocr_carea' id='block_1_64' title="bbox 1126 321 1908 365">
    <p class='ocr_par' dir='ltr' id='par_1_64' title="bbox 1126 321 1908 365">
     <span class='ocr_line' id='line_1_64' title="bbox 1126 321 1908 365; baseline -0.017 -6"><span class='ocrx_word' id='word_1_421' title='bbox 1126 321 1260 365; x_wconf 70' lang='grc' dir='ltr'><strong>ἐπιδείξας</strong></span> <span class='ocrx_word' id='word_1_422' title='bbox 1276 330 1404 365; x_wconf 80' lang='grc' dir='ltr'>ὀπηλίκος</span> <span class='ocrx_word' id='word_1_423' title='bbox 1415 328 1487 355; x_wconf 75' lang='grc' dir='ltr'>ἐστὶν</span> <span class='ocrx_word' id='word_1_424' title='bbox 1502 328 1516 352; x_wconf 80' lang='grc' dir='ltr'>ὁ</span> <span class='ocrx_word' id='word_1_425' title='bbox 1529 326 1582 352; x_wconf 81' lang='grc' dir='ltr'><strong>τῶν</strong></span> <span class='ocrx_word' id='word_1_426' title='bbox 1594 324 1720 351; x_wconf 83' lang='grc' dir='ltr'><strong>τοιούτων</strong></span> <span class='ocrx_word' id='word_1_427' title='bbox 1745 321 1908 358; x_wconf 80' lang='grc' dir='ltr'>δημιουργὸς</span> 
     </span>
    </p>
   </div>
   <div class='ocr_carea' id='block_1_65' title="bbox 1127 367 1908 415">
    <p class='ocr_par' dir='ltr' id='par_1_65' title="bbox 1127 367 1908 415">
     <span class='ocr_line' id='line_1_65' title="bbox 1127 367 1908 415; baseline -0.017 -9"><span class='ocrx_word' id='word_1_428' title='bbox 1127 379 1237 415; x_wconf 79' lang='grc' dir='ltr'>Κύριος,</span> <span class='ocrx_word' id='word_1_429' title='bbox 1255 375 1470 412; x_wconf 79' lang='grc' dir='ltr'>παρακελεύεται</span> <span class='ocrx_word' id='word_1_430' title='bbox 1495 372 1588 398; x_wconf 83' lang='grc' dir='ltr'>τοῦτον</span> <span class='ocrx_word' id='word_1_431' title='bbox 1618 367 1767 404; x_wconf 81' lang='grc' dir='ltr'>φοϐεῖσθαι.</span> <span class='ocrx_word' id='word_1_432' title='bbox 1792 368 1908 401; x_wconf 77' lang='grc' dir='ltr'><strong>Εὐαγγε-</strong></span> 
     </span>
    </p>
   </div>
   <div class='ocr_carea' id='block_1_66' title="bbox 1127 414 1909 456">
    <p class='ocr_par' dir='ltr' id='par_1_66' title="bbox 1127 414 1909 456">
     <span class='ocr_line' id='line_1_66' title="bbox 1127 414 1909 456; baseline -0.015 -5"><span class='ocrx_word' id='word_1_433' title='bbox 1127 414 1229 456; x_wconf 77' lang='grc' dir='ltr'>λιζεται</span> <span class='ocrx_word' id='word_1_434' title='bbox 1242 423 1269 449; x_wconf 82' lang='grc' dir='ltr'>δὲ</span> <span class='ocrx_word' id='word_1_435' title='bbox 1287 421 1403 452; x_wconf 82' lang='grc' dir='ltr'><strong>εἰδώλοις</strong></span> <span class='ocrx_word' id='word_1_436' title='bbox 1422 419 1520 455; x_wconf 78' lang='grc' dir='ltr'>μηκέτι</span> <span class='ocrx_word' id='word_1_437' title='bbox 1536 417 1679 453; x_wconf 81' lang='grc' dir='ltr'>προσέχειν</span> <span class='ocrx_word' id='word_1_438' title='bbox 1687 416 1732 442; x_wconf 72' lang='grc' dir='ltr'>τὸν</span> <span class='ocrx_word' id='word_1_439' title='bbox 1748 414 1822 446; x_wconf 81' lang='grc' dir='ltr'>νοῦν,</span> <span class='ocrx_word' id='word_1_440' title='bbox 1843 414 1909 449; x_wconf 84' lang='grc' dir='ltr'>μήτε</span> 
     </span>
    </p>
   </div>
   <div class='ocr_carea' id='block_1_67' title="bbox 1127 459 1910 504">
    <p class='ocr_par' dir='ltr' id='par_1_67' title="bbox 1127 459 1910 504">
     <span class='ocr_line' id='line_1_67' title="bbox 1127 459 1910 504; baseline -0.015 -7"><span class='ocrx_word' id='word_1_441' title='bbox 1127 470 1256 504; x_wconf 80' lang='grc' dir='ltr'>δαίμονας</span> <span class='ocrx_word' id='word_1_442' title='bbox 1271 467 1404 499; x_wconf 76' lang='grc' dir='ltr'>σέὸεσθαι,</span> <span class='ocrx_word' id='word_1_443' title='bbox 1420 465 1487 493; x_wconf 85' lang='grc' dir='ltr'>ἀλλὰ</span> <span class='ocrx_word' id='word_1_444' title='bbox 1500 465 1545 491; x_wconf 81' lang='grc' dir='ltr'><strong>τὸν</strong></span> <span class='ocrx_word' id='word_1_445' title='bbox 1557 462 1688 490; x_wconf 84' lang='grc' dir='ltr'>τοσούτων</span> <span class='ocrx_word' id='word_1_446' title='bbox 1699 461 1824 495; x_wconf 87' lang='grc' dir='ltr'>ποιητήν.</span> <span class='ocrx_word' id='word_1_447' title='bbox 1839 459 1910 486; x_wconf 74' lang='grc' dir='ltr'>’Δντὶ</span> 
     </span>
    </p>
   </div>
   <div class='ocr_carea' id='block_1_68' title="bbox 1128 505 1912 546">
    <p class='ocr_par' dir='ltr' id='par_1_68' title="bbox 1128 505 1912 546">
     <span class='ocr_line' id='line_1_68' title="bbox 1128 505 1912 546; baseline -0.014 -4"><span class='ocrx_word' id='word_1_448' title='bbox 1128 516 1156 543; x_wconf 82' lang='grc' dir='ltr'><strong>δὲ</strong></span> <span class='ocrx_word' id='word_1_449' title='bbox 1169 515 1226 546; x_wconf 82' lang='grc' dir='ltr'>τοῦ,</span> <span class='ocrx_word' id='word_1_450' title='bbox 1243 513 1489 546; x_wconf 72' lang='grc' dir='ltr'>σαλευθήτωσαν,</span> <span class='ocrx_word' id='word_1_451' title='bbox 1502 511 1515 536; x_wconf 85' lang='grc' dir='ltr'>ὁ</span> <span class='ocrx_word' id='word_1_452' title='bbox 1536 510 1692 544; x_wconf 79' lang='grc' dir='ltr'><strong>Σύμμαχος,</strong></span> <span class='ocrx_word' id='word_1_453' title='bbox 1714 505 1912 534; x_wconf 74' lang='grc' dir='ltr'>εὐλαϐείσθω-</span> 
     </span>
    </p>
   </div>
   <div class='ocr_carea' id='block_1_69' title="bbox 1129 551 1911 593">
    <p class='ocr_par' dir='ltr' id='par_1_69' title="bbox 1129 551 1911 593">
     <span class='ocr_line' id='line_1_69' title="bbox 1129 551 1911 593; baseline -0.014 -5"><span class='ocrx_word' id='word_1_454' title='bbox 1129 570 1199 593; x_wconf 83' lang='grc' dir='ltr'>σαν,</span> <span class='ocrx_word' id='word_1_455' title='bbox 1228 559 1351 593; x_wconf 81' lang='grc' dir='ltr'>ἐξέδωκε.</span> <span class='ocrx_word' id='word_1_456' title='bbox 1372 558 1488 593; x_wconf 84' lang='grc' dir='ltr'>Νοήσεις</span> <span class='ocrx_word' id='word_1_457' title='bbox 1508 556 1581 586; x_wconf 79' lang='grc' dir='ltr'>ὅπως</span> <span class='ocrx_word' id='word_1_458' title='bbox 1613 553 1722 589; x_wconf 76' lang='grc' dir='ltr'>ἔμελλον</span> <span class='ocrx_word' id='word_1_459' title='bbox 1749 551 1911 579; x_wconf 70' lang='grc' dir='ltr'>σαλεύεσθαι</span> 
     </span>
    </p>
   </div>
   <div class='ocr_carea' id='block_1_70' title="bbox 1129 597 1911 636">
    <p class='ocr_par' dir='ltr' id='par_1_70' title="bbox 1129 597 1911 636">
     <span class='ocr_line' id='line_1_70' title="bbox 1129 597 1911 636; baseline -0.014 -2"><span class='ocrx_word' id='word_1_460' title='bbox 1129 608 1176 634; x_wconf 76' lang='grc' dir='ltr'><strong>ἀπ’</strong></span> <span class='ocrx_word' id='word_1_461' title='bbox 1192 605 1273 633; x_wconf 77' lang='grc' dir='ltr'>αὑτοῦ</span> <span class='ocrx_word' id='word_1_462' title='bbox 1289 605 1387 636; x_wconf 85' lang='grc' dir='ltr'>πάντες</span> <span class='ocrx_word' id='word_1_463' title='bbox 1404 604 1428 629; x_wconf 87' lang='grc' dir='ltr'>οἱ</span> <span class='ocrx_word' id='word_1_464' title='bbox 1451 601 1639 631; x_wconf 77' lang='grc' dir='ltr'>κατοικοῦντες</span> <span class='ocrx_word' id='word_1_465' title='bbox 1669 599 1717 635; x_wconf 80' lang='grc' dir='ltr'>τὴν</span> <span class='ocrx_word' id='word_1_466' title='bbox 1739 597 1911 633; x_wconf 70' lang='grc' dir='ltr'>οἰκουμένην.</span> 
     </span>
    </p>
   </div>
   <div class='ocr_carea' id='block_1_71' title="bbox 1130 639 1914 686">
    <p class='ocr_par' dir='ltr' id='par_1_71' title="bbox 1130 639 1914 686">
     <span class='ocr_line' id='line_1_71' title="bbox 1130 639 1914 686; baseline -0.017 -8"><span class='ocrx_word' id='word_1_467' title='bbox 1130 652 1278 686; x_wconf 80' lang='grc' dir='ltr'>ἐπιστήσας</span> <span class='ocrx_word' id='word_1_468' title='bbox 1288 649 1337 685; x_wconf 81' lang='grc' dir='ltr'><strong>τὴν</strong></span> <span class='ocrx_word' id='word_1_469' title='bbox 1357 648 1484 679; x_wconf 80' lang='grc' dir='ltr'>διάνοιαν,</span> <span class='ocrx_word' id='word_1_470' title='bbox 1508 645 1545 677; x_wconf 85' lang='grc' dir='ltr'>ὡς</span> <span class='ocrx_word' id='word_1_471' title='bbox 1571 644 1617 671; x_wconf 75' lang='grc' dir='ltr'>ἐπὶ</span> <span class='ocrx_word' id='word_1_472' title='bbox 1636 643 1674 678; x_wconf 83' lang='grc' dir='ltr'>τῷ</span> <span class='ocrx_word' id='word_1_473' title='bbox 1705 639 1914 677; x_wconf 77' lang='grc' dir='ltr'>κηρύγματιτῷ</span> 
     </span>
    </p>
   </div>
   <div class='ocr_carea' id='block_1_72' title="bbox 1131 686 1914 731">
    <p class='ocr_par' dir='ltr' id='par_1_72' title="bbox 1131 686 1914 731">
     <span class='ocr_line' id='line_1_72' title="bbox 1131 686 1914 731; baseline -0.019 -7"><span class='ocrx_word' id='word_1_474' title='bbox 1131 695 1297 731; x_wconf 80' lang='grc' dir='ltr'>εὐαγγελικῷ</span> <span class='ocrx_word' id='word_1_475' title='bbox 1312 694 1358 721; x_wconf 74' lang='grc' dir='ltr'>καὶ</span> <span class='ocrx_word' id='word_1_476' title='bbox 1369 695 1401 729; x_wconf 76' lang='grc' dir='ltr'>τῇ</span> <span class='ocrx_word' id='word_1_477' title='bbox 1418 691 1543 727; x_wconf 76' lang='grc' dir='ltr'>σωτηρίῳ</span> <span class='ocrx_word' id='word_1_478' title='bbox 1554 688 1707 723; x_wconf 70' lang='grc' dir='ltr'>διδασκαλίᾳ</span> <span class='ocrx_word' id='word_1_479' title='bbox 1721 686 1781 713; x_wconf 82' lang='grc' dir='ltr'>καθ’</span> <span class='ocrx_word' id='word_1_480' title='bbox 1789 686 1852 720; x_wconf 77' lang='grc' dir='ltr'>ὅλης</span> <span class='ocrx_word' id='word_1_481' title='bbox 1865 686 1914 720; x_wconf 85' lang='grc' dir='ltr'>τῆς</span> 
     </span>
    </p>
   </div>
   <div class='ocr_carea' id='block_1_73' title="bbox 1131 731 1914 778">
    <p class='ocr_par' dir='ltr' id='par_1_73' title="bbox 1131 731 1914 778">
     <span class='ocr_line' id='line_1_73' title="bbox 1131 731 1914 778; baseline -0.019 -7"><span class='ocrx_word' id='word_1_482' title='bbox 1131 743 1290 778; x_wconf 66' lang='grc' dir='ltr'>οἰκουμένης</span> <span class='ocrx_word' id='word_1_483' title='bbox 1306 739 1464 775; x_wconf 81' lang='grc' dir='ltr'>Ἐκκλησίαι</span> <span class='ocrx_word' id='word_1_484' title='bbox 1480 737 1518 772; x_wconf 83' lang='grc' dir='ltr'>τῷ</span> <span class='ocrx_word' id='word_1_485' title='bbox 1528 735 1585 770; x_wconf 85' lang='grc' dir='ltr'><strong>Θεῷ</strong></span> <span class='ocrx_word' id='word_1_486' title='bbox 1599 734 1774 768; x_wconf 75' lang='grc' dir='ltr'>συνέστησαν·</span> <span class='ocrx_word' id='word_1_487' title='bbox 1789 731 1866 757; x_wconf 80' lang='grc' dir='ltr'><strong>πᾶ.σά</strong></span> <span class='ocrx_word' id='word_1_488' title='bbox 1885 738 1914 756; x_wconf 84' lang='grc' dir='ltr'>τε.</span> 
     </span>
    </p>
   </div>
   <div class='ocr_carea' id='block_1_74' title="bbox 1131 776 1916 825">
    <p class='ocr_par' dir='ltr' id='par_1_74' title="bbox 1131 776 1916 825">
     <span class='ocr_line' id='line_1_74' title="bbox 1131 776 1916 825; baseline -0.019 -8"><span class='ocrx_word' id='word_1_489' title='bbox 1131 789 1199 825; x_wconf 82' lang='grc' dir='ltr'>ἀκοὴ</span> <span class='ocrx_word' id='word_1_490' title='bbox 1209 776 1356 824; x_wconf 66' lang='grc' dir='ltr'>ἐπληρώθη</span> <span class='ocrx_word' id='word_1_491' title='bbox 1368 785 1414 813; x_wconf 83' lang='grc' dir='ltr'><strong>τοῦ</strong></span> <span class='ocrx_word' id='word_1_492' title='bbox 1431 785 1523 818; x_wconf 66' lang='grc' dir='ltr'>λόγου,</span> <span class='ocrx_word' id='word_1_493' title='bbox 1541 783 1587 809; x_wconf 66' lang='grc' dir='ltr'><strong>καὶ</strong></span> <span class='ocrx_word' id='word_1_494' title='bbox 1604 781 1704 811; x_wconf 80' lang='grc' dir='ltr'>πάντες</span> <span class='ocrx_word' id='word_1_495' title='bbox 1717 779 1854 814; x_wconf 80' lang='grc' dir='ltr'>ἄνθρωποι</span> <span class='ocrx_word' id='word_1_496' title='bbox 1868 776 1916 804; x_wconf 77' lang='grc' dir='ltr'>ἐπὶ</span> 
     </span>
    </p>
   </div>
   <div class='ocr_carea' id='block_1_75' title="bbox 1131 822 1918 872">
    <p class='ocr_par' dir='ltr' id='par_1_75' title="bbox 1131 822 1918 872">
     <span class='ocr_line' id='line_1_75' title="bbox 1131 822 1918 872; baseline -0.019 -9"><span class='ocrx_word' id='word_1_497' title='bbox 1131 837 1164 872; x_wconf 85' lang='grc' dir='ltr'>τῇ</span> <span class='ocrx_word' id='word_1_498' title='bbox 1178 822 1296 870; x_wconf 74' lang='grc' dir='ltr'>τοσαύτῇ</span> <span class='ocrx_word' id='word_1_499' title='bbox 1310 833 1422 867; x_wconf 65' lang='grc' dir='ltr'>δυνάμει</span> <span class='ocrx_word' id='word_1_500' title='bbox 1452 829 1616 863; x_wconf 82' lang='grc' dir='ltr'>κεκίνηνται,</span> <span class='ocrx_word' id='word_1_501' title='bbox 1635 824 1846 862; x_wconf 72' lang='grc' dir='ltr'>μεταϐάλλοντες</span> <span class='ocrx_word' id='word_1_502' title='bbox 1863 822 1918 849; x_wconf 69' lang='grc' dir='ltr'><strong>ἀπὸ</strong></span> 
     </span>
    </p>
   </div>
   <div class='ocr_carea' id='block_1_76' title="bbox 1132 869 1917 917">
    <p class='ocr_par' dir='ltr' id='par_1_76' title="bbox 1132 869 1917 917">
     <span class='ocr_line' id='line_1_76' title="bbox 1132 869 1917 917; baseline -0.019 -8"><span class='ocrx_word' id='word_1_503' title='bbox 1132 869 1181 917; x_wconf 52' lang='grc' dir='ltr'>τῆς</span> <span class='ocrx_word' id='word_1_504' title='bbox 1210 869 1344 916; x_wconf 64' lang='grc' dir='ltr'>προτέρας</span> <span class='ocrx_word' id='word_1_505' title='bbox 1377 877 1440 912; x_wconf 72' lang='grc' dir='ltr'>περὶ</span> <span class='ocrx_word' id='word_1_506' title='bbox 1472 875 1506 902; x_wconf 79' lang='grc' dir='ltr'>τὰ</span> <span class='ocrx_word' id='word_1_507' title='bbox 1536 873 1631 900; x_wconf 81' lang='grc' dir='ltr'>εἴδωλα</span> <span class='ocrx_word' id='word_1_508' title='bbox 1656 872 1770 906; x_wconf 81' lang='grc' dir='ltr'><strong>πλάνης,</strong></span> <span class='ocrx_word' id='word_1_509' title='bbox 1805 869 1853 896; x_wconf 70' lang='grc' dir='ltr'><strong>καὶ</strong></span> <span class='ocrx_word' id='word_1_510' title='bbox 1876 869 1917 900; x_wconf 73' lang='grc' dir='ltr'><strong>εἰς</strong></span> 
     </span>
    </p>
   </div>
   <div class='ocr_carea' id='block_1_77' title="bbox 953 915 1918 964">
    <p class='ocr_par' dir='ltr' id='par_1_77' title="bbox 953 915 1918 964">
     <span class='ocr_line' id='line_1_77' title="bbox 953 915 1918 964; baseline -0.024 -1"><span class='ocrx_word' id='word_1_511' title='bbox 953 915 982 964; x_wconf 53' lang='grc' dir='ltr'>ξι</span> <span class='ocrx_word' id='word_1_512' title='bbox 991 915 1079 962; x_wconf 69' lang='lat' dir='ltr'><strong>creata</strong></span> <span class='ocrx_word' id='word_1_513' title='bbox 1097 934 1118 960; x_wconf 82' lang='grc' dir='ltr'><strong>Β</strong></span> <span class='ocrx_word' id='word_1_514' title='bbox 1132 915 1283 962; x_wconf 57' lang='grc' dir='ltr'>ὑπόμνησιν</span> <span class='ocrx_word' id='word_1_515' title='bbox 1297 925 1417 955; x_wconf 73' lang='grc' dir='ltr'>ἐλθόντες</span> <span class='ocrx_word' id='word_1_516' title='bbox 1427 922 1475 958; x_wconf 85' lang='grc' dir='ltr'>τῆς</span> <span class='ocrx_word' id='word_1_517' title='bbox 1487 919 1600 956; x_wconf 80' lang='grc' dir='ltr'>ἀληθοῦς</span> <span class='ocrx_word' id='word_1_518' title='bbox 1617 917 1765 948; x_wconf 76' lang='grc' dir='ltr'>εὐσεῦείας·</span> <span class='ocrx_word' id='word_1_519' title='bbox 1783 917 1848 942; x_wconf 71' lang='grc' dir='ltr'>Ὀτι</span> <span class='ocrx_word' id='word_1_520' title='bbox 1864 915 1918 941; x_wconf 85' lang='grc' dir='ltr'><strong>αὑ-</strong></span> 
     </span>
    </p>
   </div>
   <div class='ocr_carea' id='block_1_78' title="bbox 1134 959 1918 1006">
    <p class='ocr_par' dir='ltr' id='par_1_78' title="bbox 1134 959 1918 1006">
     <span class='ocr_line' id='line_1_78' title="bbox 1134 959 1918 1006; baseline -0.019 -5"><span class='ocrx_word' id='word_1_521' title='bbox 1134 959 1274 1006; x_wconf 26' lang='grc' dir='ltr'>τὸςὶεἴειε,</span> <span class='ocrx_word' id='word_1_522' title='bbox 1286 971 1335 998; x_wconf 77' lang='grc' dir='ltr'>καὶ</span> <span class='ocrx_word' id='word_1_523' title='bbox 1352 967 1546 1004; x_wconf 74' lang='grc' dir='ltr'>ἐγενήθησαν·</span> <span class='ocrx_word' id='word_1_524' title='bbox 1569 964 1661 997; x_wconf 77' lang='grc' dir='ltr'>αὐτὸς</span> <span class='ocrx_word' id='word_1_525' title='bbox 1676 962 1853 994; x_wconf 75' lang='grc' dir='ltr'>ἐνετείλατο,</span> <span class='ocrx_word' id='word_1_526' title='bbox 1868 959 1918 987; x_wconf 71' lang='grc' dir='ltr'>καὶ</span> 
     </span>
    </p>
   </div>
   <div class='ocr_carea' id='block_1_79' title="bbox 1135 1019 1327 1052">
    <p class='ocr_par' dir='ltr' id='par_1_79' title="bbox 1135 1019 1327 1052">
     <span class='ocr_line' id='line_1_79' title="bbox 1135 1019 1327 1052; baseline -0.016 -7"><span class='ocrx_word' id='word_1_527' title='bbox 1135 1019 1327 1052; x_wconf 81' lang='grc' dir='ltr'>ἐκτίσθησαν.</span> 
     </span>
    </p>
   </div>
   <div class='ocr_carea' id='block_1_80' title="bbox 1171 1049 1920 1098">
    <p class='ocr_par' dir='ltr' id='par_1_80' title="bbox 1171 1049 1920 1098">
     <span class='ocr_line' id='line_1_80' title="bbox 1171 1049 1920 1098; baseline -0.019 -7"><span class='ocrx_word' id='word_1_528' title='bbox 1171 1049 1277 1098; x_wconf 73' lang='grc' dir='ltr'>Κύριος</span> <span class='ocrx_word' id='word_1_529' title='bbox 1289 1060 1471 1093; x_wconf 63' lang='grc' dir='ltr'>ὃιιῖσκεδιὶζέι</span> <span class='ocrx_word' id='word_1_530' title='bbox 1488 1058 1605 1092; x_wconf 76' lang='grc' dir='ltr'>,βουλὰς</span> <span class='ocrx_word' id='word_1_531' title='bbox 1629 1055 1722 1084; x_wconf 77' lang='grc' dir='ltr'>ἐθνῶν</span> <span class='ocrx_word' id='word_1_532' title='bbox 1731 1075 1738 1087; x_wconf 89' lang='grc'><em>,</em></span> <span class='ocrx_word' id='word_1_533' title='bbox 1773 1051 1873 1083; x_wconf 78' lang='grc' dir='ltr'>ἀθετεῖ</span> <span class='ocrx_word' id='word_1_534' title='bbox 1885 1049 1920 1077; x_wconf 74' lang='grc' dir='ltr'>δὲ</span> 
     </span>
    </p>
   </div>
   <div class='ocr_carea' id='block_1_81' title="bbox 1136 1097 1919 1145">
    <p class='ocr_par' dir='ltr' id='par_1_81' title="bbox 1136 1097 1919 1145">
     <span class='ocr_line' id='line_1_81' title="bbox 1136 1097 1919 1145; baseline -0.02 -7"><span class='ocrx_word' id='word_1_535' title='bbox 1136 1097 1300 1145; x_wconf 67' lang='grc' dir='ltr'>λογισμοὺς</span> <span class='ocrx_word' id='word_1_536' title='bbox 1323 1108 1416 1138; x_wconf 77' lang='grc' dir='ltr'>λαῶν,</span> <span class='ocrx_word' id='word_1_537' title='bbox 1449 1106 1498 1133; x_wconf 77' lang='grc' dir='ltr'>καὶ</span> <span class='ocrx_word' id='word_1_538' title='bbox 1532 1103 1630 1132; x_wconf 80' lang='grc' dir='ltr'>ἀθετεῖ</span> <span class='ocrx_word' id='word_1_539' title='bbox 1660 1099 1777 1134; x_wconf 73' lang='grc' dir='ltr'>,βουλὰς</span> <span class='ocrx_word' id='word_1_540' title='bbox 1809 1097 1919 1132; x_wconf 77' lang='grc' dir='ltr'><strong>ἀρχόν·-</strong></span> 
     </span>
    </p>
   </div>
   <div class='ocr_carea' id='block_1_82' title="bbox 1136 1142 1920 1188">
    <p class='ocr_par' dir='ltr' id='par_1_82' title="bbox 1136 1142 1920 1188">
     <span class='ocr_line' id='line_1_82' title="bbox 1136 1142 1920 1188; baseline -0.022 -4"><span class='ocrx_word' id='word_1_541' title='bbox 1136 1142 1205 1184; x_wconf 55' lang='lat' dir='ltr'><strong>mi».</strong></span> <span class='ocrx_word' id='word_1_542' title='bbox 1225 1142 1302 1183; x_wconf 58' lang='grc' dir='ltr'><strong>ἱΕπεὶ.</strong></span> <span class='ocrx_word' id='word_1_543' title='bbox 1330 1153 1450 1188; x_wconf 85' lang='grc' dir='ltr'>συνεώρα</span> <span class='ocrx_word' id='word_1_544' title='bbox 1475 1151 1507 1178; x_wconf 78' lang='grc' dir='ltr'>τὸ</span> <span class='ocrx_word' id='word_1_545' title='bbox 1535 1148 1701 1186; x_wconf 79' lang='grc' dir='ltr'>προφητικὸν</span> <span class='ocrx_word' id='word_1_546' title='bbox 1728 1145 1836 1179; x_wconf 85' lang='grc' dir='ltr'>πνεῦμα</span> <span class='ocrx_word' id='word_1_547' title='bbox 1857 1142 1920 1178; x_wconf 77' lang='grc' dir='ltr'>μέλ-</span> 
     </span>
    </p>
   </div>
   <div class='ocr_carea' id='block_1_83' title="bbox 1129 1188 1921 1233">
    <p class='ocr_par' dir='ltr' id='par_1_83' title="bbox 1129 1188 1921 1233">
     <span class='ocr_line' id='line_1_83' title="bbox 1129 1188 1921 1233; baseline -0.02 -4"><span class='ocrx_word' id='word_1_548' title='bbox 1129 1203 1231 1232; x_wconf 73' lang='grc' dir='ltr'>ιλοντας</span> <span class='ocrx_word' id='word_1_549' title='bbox 1245 1199 1405 1233; x_wconf 74' lang='grc' dir='ltr'>ἐξάπτεσθαι</span> <span class='ocrx_word' id='word_1_550' title='bbox 1435 1197 1569 1232; x_wconf 62' lang='grc' dir='ltr'>διωγμοὺς</span> <span class='ocrx_word' id='word_1_551' title='bbox 1593 1193 1663 1221; x_wconf 78' lang='grc' dir='ltr'>κατὰ</span> <span class='ocrx_word' id='word_1_552' title='bbox 1678 1192 1731 1218; x_wconf 80' lang='grc' dir='ltr'><strong>τῶν</strong></span> <span class='ocrx_word' id='word_1_553' title='bbox 1747 1188 1921 1224; x_wconf 77' lang='grc' dir='ltr'>ἀναχωρούν-</span> 
     </span>
    </p>
   </div>
   <div class='ocr_carea' id='block_1_84' title="bbox 1137 1237 1921 1283">
    <p class='ocr_par' dir='ltr' id='par_1_84' title="bbox 1137 1237 1921 1283">
     <span class='ocr_line' id='line_1_84' title="bbox 1137 1237 1921 1283; baseline -0.019 -9"><span class='ocrx_word' id='word_1_554' title='bbox 1137 1256 1192 1274; x_wconf 80' lang='grc' dir='ltr'><strong>των</strong></span> <span class='ocrx_word' id='word_1_555' title='bbox 1206 1247 1312 1283; x_wconf 69' lang='grc' dir='ltr'>μὲν.,τῆς</span> <span class='ocrx_word' id='word_1_556' title='bbox 1326 1244 1459 1281; x_wconf 83' lang='grc' dir='ltr'>προτέρας</span> <span class='ocrx_word' id='word_1_557' title='bbox 1469 1240 1676 1275; x_wconf 81' lang='grc' dir='ltr'>δεισιδαιμονίας</span> <span class='ocrx_word' id='word_1_558' title='bbox 1690 1237 1738 1264; x_wconf 74' lang='grc' dir='ltr'><strong>καὶ</strong></span> <span class='ocrx_word' id='word_1_559' title='bbox 1749 1238 1921 1270; x_wconf 78' lang='grc' dir='ltr'>ἀποστρεφο-</span> 
     </span>
    </p>
   </div>
   <div class='ocr_carea' id='block_1_85' title="bbox 1141 1279 1921 1326">
    <p class='ocr_par' dir='ltr' id='par_1_85' title="bbox 1141 1279 1921 1326">
     <span class='ocr_line' id='line_1_85' title="bbox 1141 1279 1921 1326; baseline -0.015 -9"><span class='ocrx_word' id='word_1_560' title='bbox 1141 1279 1228 1326; x_wconf 76' lang='grc' dir='ltr'>μένων</span> <span class='ocrx_word' id='word_1_561' title='bbox 1238 1279 1296 1325; x_wconf 39' lang='grc' dir='ltr'>τὴν·</span> <span class='ocrx_word' id='word_1_562' title='bbox 1309 1279 1436 1315; x_wconf 77' lang='grc' dir='ltr'>πολύθεον</span> <span class='ocrx_word' id='word_1_563' title='bbox 1462 1286 1575 1321; x_wconf 81' lang='grc' dir='ltr'>πλάνην,</span> <span class='ocrx_word' id='word_1_564' title='bbox 1592 1284 1638 1311; x_wconf 75' lang='grc' dir='ltr'><strong>ἐπὶ</strong></span> <span class='ocrx_word' id='word_1_565' title='bbox 1664 1283 1693 1310; x_wconf 80' lang='grc' dir='ltr'>δὲ</span> <span class='ocrx_word' id='word_1_566' title='bbox 1712 1282 1764 1309; x_wconf 75' lang='grc' dir='ltr'>τὸν</span> <span class='ocrx_word' id='word_1_567' title='bbox 1781 1281 1834 1307; x_wconf 84' lang='grc' dir='ltr'><strong>τῶν</strong></span> <span class='ocrx_word' id='word_1_568' title='bbox 1853 1279 1921 1306; x_wconf 84' lang='grc' dir='ltr'>ὅλων</span> 
     </span>
    </p>
   </div>
   <div class='ocr_carea' id='block_1_86' title="bbox 1139 1325 1923 1372">
    <p class='ocr_par' dir='ltr' id='par_1_86' title="bbox 1139 1325 1923 1372">
     <span class='ocr_line' id='line_1_86' title="bbox 1139 1325 1923 1372; baseline -0.017 -8"><span class='ocrx_word' id='word_1_569' title='bbox 1139 1325 1240 1372; x_wconf 77' lang='grc' dir='ltr'>Κύριον</span> <span class='ocrx_word' id='word_1_570' title='bbox 1255 1334 1479 1369; x_wconf 82' lang='grc' dir='ltr'>ἐπιστρεφόντων,</span> <span class='ocrx_word' id='word_1_571' title='bbox 1504 1330 1658 1365; x_wconf 79' lang='grc' dir='ltr'>ἀναγκαίως</span> <span class='ocrx_word' id='word_1_572' title='bbox 1679 1328 1734 1355; x_wconf 83' lang='grc' dir='ltr'>τῶν</span> <span class='ocrx_word' id='word_1_573' title='bbox 1755 1329 1783 1354; x_wconf 88' lang='grc' dir='ltr'><strong>ἐν</strong></span> <span class='ocrx_word' id='word_1_574' title='bbox 1808 1325 1923 1360; x_wconf 75' lang='grc' dir='ltr'>ἀπιστίᾳ</span> 
     </span>
    </p>
   </div>
   <div class='ocr_carea' id='block_1_87' title="bbox 1142 1370 1922 1419">
    <p class='ocr_par' dir='ltr' id='par_1_87' title="bbox 1142 1370 1922 1419">
     <span class='ocr_line' id='line_1_87' title="bbox 1142 1370 1922 1419; baseline -0.015 -10"><span class='ocrx_word' id='word_1_575' title='bbox 1142 1370 1289 1419; x_wconf 81' lang='grc' dir='ltr'>μεινάντων</span> <span class='ocrx_word' id='word_1_576' title='bbox 1308 1380 1390 1407; x_wconf 82' lang='grc' dir='ltr'>ἐθνῶν</span> <span class='ocrx_word' id='word_1_577' title='bbox 1420 1379 1482 1410; x_wconf 78' lang='grc' dir='ltr'>τοὺς</span> <span class='ocrx_word' id='word_1_578' title='bbox 1497 1377 1593 1412; x_wconf 73' lang='grc' dir='ltr'>φόϐους</span> <span class='ocrx_word' id='word_1_579' title='bbox 1609 1376 1655 1402; x_wconf 77' lang='grc' dir='ltr'><strong>καὶ</strong></span> <span class='ocrx_word' id='word_1_580' title='bbox 1680 1374 1729 1406; x_wconf 78' lang='grc' dir='ltr'><strong>τὰς</strong></span> <span class='ocrx_word' id='word_1_581' title='bbox 1753 1371 1867 1403; x_wconf 80' lang='grc' dir='ltr'>ἀπειλὰς</span> <span class='ocrx_word' id='word_1_582' title='bbox 1885 1370 1922 1406; x_wconf 87' lang='grc' dir='ltr'>μὴ</span> 
     </span>
    </p>
   </div>
   <div class='ocr_carea' id='block_1_88' title="bbox 1141 1418 1923 1462">
    <p class='ocr_par' dir='ltr' id='par_1_88' title="bbox 1141 1418 1923 1462">
     <span class='ocr_line' id='line_1_88' title="bbox 1141 1418 1923 1462; baseline -0.018 -6"><span class='ocrx_word' id='word_1_583' title='bbox 1141 1418 1252 1456; x_wconf 79' lang='grc' dir='ltr'>δεδιέναι</span> <span class='ocrx_word' id='word_1_584' title='bbox 1269 1424 1480 1462; x_wconf 81' lang='grc' dir='ltr'>παρακελεύεται</span> <span class='ocrx_word' id='word_1_585' title='bbox 1497 1424 1552 1454; x_wconf 87' lang='grc' dir='ltr'>τοῖς</span> <span class='ocrx_word' id='word_1_586' title='bbox 1569 1422 1628 1453; x_wconf 77' lang='grc' dir='ltr'><strong>τῶν¹</strong></span> <span class='ocrx_word' id='word_1_587' title='bbox 1651 1420 1717 1448; x_wconf 80' lang='grc' dir='ltr'>ὅλων</span> <span class='ocrx_word' id='word_1_588' title='bbox 1733 1418 1846 1454; x_wconf 81' lang='grc' dir='ltr'>ποιητὴν</span> <span class='ocrx_word' id='word_1_589' title='bbox 1860 1418 1923 1443; x_wconf 82' lang='grc' dir='ltr'>ἐπε-</span> 
     </span>
    </p>
   </div>
   <div class='ocr_carea' id='block_1_89' title="bbox 1141 1463 1925 1510">
    <p class='ocr_par' dir='ltr' id='par_1_89' title="bbox 1141 1463 1925 1510">
     <span class='ocr_line' id='line_1_89' title="bbox 1141 1463 1925 1510; baseline -0.019 -8"><span class='ocrx_word' id='word_1_590' title='bbox 1141 1474 1284 1510; x_wconf 77' lang='grc' dir='ltr'>γνωκόσιν.</span> <span class='ocrx_word' id='word_1_591' title='bbox 1300 1471 1357 1499; x_wconf 84' lang='grc' dir='ltr'><strong>Κᾶν</strong></span> <span class='ocrx_word' id='word_1_592' title='bbox 1375 1470 1429 1506; x_wconf 85' lang='grc' dir='ltr'><strong>γὰρ</strong></span> <span class='ocrx_word' id='word_1_593' title='bbox 1447 1469 1530 1505; x_wconf 80' lang='grc' dir='ltr'>μυρία</span> <span class='ocrx_word' id='word_1_594' title='bbox 1544 1467 1604 1494; x_wconf 83' lang='grc' dir='ltr'>καθ’</span> <span class='ocrx_word' id='word_1_595' title='bbox 1623 1465 1698 1501; x_wconf 82' lang='grc' dir='ltr'>ὑμῶν</span> <span class='ocrx_word' id='word_1_596' title='bbox 1713 1463 1925 1490; x_wconf 71' lang='grc' dir='ltr'>ἐπιϐουλεύων-</span> 
     </span>
    </p>
   </div>
   <div class='ocr_carea' id='block_1_90' title="bbox 1142 1509 1924 1552">
    <p class='ocr_par' dir='ltr' id='par_1_90' title="bbox 1142 1509 1924 1552">
     <span class='ocr_line' id='line_1_90' title="bbox 1142 1509 1924 1552; baseline -0.019 -4"><span class='ocrx_word' id='word_1_597' title='bbox 1142 1509 1195 1548; x_wconf 68' lang='grc' dir='ltr'>ταιυ</span> <span class='ocrx_word' id='word_1_598' title='bbox 1210 1520 1266 1546; x_wconf 70' lang='grc' dir='ltr'>ἀλλ’</span> <span class='ocrx_word' id='word_1_599' title='bbox 1282 1518 1368 1550; x_wconf 75' lang='grc' dir='ltr'>οὐδὲν,</span> <span class='ocrx_word' id='word_1_600' title='bbox 1386 1516 1477 1552; x_wconf 56' lang='grc' dir='ltr'>φησιν,</span> <span class='ocrx_word' id='word_1_601' title='bbox 1494 1513 1630 1549; x_wconf 71' lang='grc' dir='ltr'>ίσχύσουσι</span> <span class='ocrx_word' id='word_1_602' title='bbox 1643 1511 1702 1538; x_wconf 76' lang='grc' dir='ltr'>καθ’</span> <span class='ocrx_word' id='word_1_603' title='bbox 1715 1509 1791 1546; x_wconf 81' lang='grc' dir='ltr'>ὑμῶν</span> <span class='ocrx_word' id='word_1_604' title='bbox 1810 1509 1924 1552; x_wconf 50' lang='grc' dir='ltr'>ἐνεργῆῖ</span> 
     </span>
    </p>
   </div>
   <div class='ocr_carea' id='block_1_91' title="bbox 1144 1548 1925 1598">
    <p class='ocr_par' dir='ltr' id='par_1_91' title="bbox 1144 1548 1925 1598">
     <span class='ocr_line' id='line_1_91' title="bbox 1144 1548 1925 1598; baseline -0.02 -4"><span class='ocrx_word' id='word_1_605' title='bbox 1144 1575 1199 1593; x_wconf 89' lang='grc' dir='ltr'>σαι.</span> <span class='ocrx_word' id='word_1_606' title='bbox 1215 1564 1300 1596; x_wconf 76' lang='grc' dir='ltr'>Αὐτὸς</span> <span class='ocrx_word' id='word_1_607' title='bbox 1317 1548 1370 1598; x_wconf 81' lang='grc' dir='ltr'><strong>γὰρ</strong></span> <span class='ocrx_word' id='word_1_608' title='bbox 1417 1548 1531 1587; x_wconf 41' lang='grc' dir='ltr'>’πάντων</span> <span class='ocrx_word' id='word_1_609' title='bbox 1545 1557 1709 1593; x_wconf 79' lang='grc' dir='ltr'>δημιουργὸς</span> <span class='ocrx_word' id='word_1_610' title='bbox 1723 1556 1769 1582; x_wconf 82' lang='grc' dir='ltr'>καὶ</span> <span class='ocrx_word' id='word_1_611' title='bbox 1783 1548 1925 1589; x_wconf 79' lang='grc' dir='ltr'>Κύριος,ᾦ</span> 
     </span>
    </p>
   </div>
   <div class='ocr_carea' id='block_1_92' title="bbox 1105 1599 1926 1648">
    <p class='ocr_par' dir='ltr' id='par_1_92' title="bbox 1105 1599 1926 1648">
     <span class='ocr_line' id='line_1_92' title="bbox 1105 1599 1926 1648; baseline -0.018 -9"><span class='ocrx_word' id='word_1_612' title='bbox 1105 1610 1126 1638; x_wconf 82' lang='lat' dir='ltr'><strong>C</strong></span> <span class='ocrx_word' id='word_1_613' title='bbox 1142 1611 1338 1648; x_wconf 82' lang='grc' dir='ltr'>προσεφύγετε,</span> <span class='ocrx_word' id='word_1_614' title='bbox 1367 1608 1416 1639; x_wconf 80' lang='grc' dir='ltr'><strong>τὰς</strong></span> <span class='ocrx_word' id='word_1_615' title='bbox 1432 1607 1492 1634; x_wconf 74' lang='grc' dir='ltr'>καθ’</span> <span class='ocrx_word' id='word_1_616' title='bbox 1506 1605 1580 1640; x_wconf 83' lang='grc' dir='ltr'>ὑμῶν</span> <span class='ocrx_word' id='word_1_617' title='bbox 1604 1602 1747 1633; x_wconf 71' lang='grc' dir='ltr'>ἐπιϐουλὰς</span> <span class='ocrx_word' id='word_1_618' title='bbox 1776 1600 1828 1627; x_wconf 84' lang='grc' dir='ltr'><strong>τῶν</strong></span> <span class='ocrx_word' id='word_1_619' title='bbox 1843 1599 1926 1626; x_wconf 85' lang='grc' dir='ltr'>ἐθνῶν</span> 
     </span>
    </p>
   </div>
   <div class='ocr_carea' id='block_1_93' title="bbox 1144 1645 1927 1685">
    <p class='ocr_par' dir='ltr' id='par_1_93' title="bbox 1144 1645 1927 1685">
     <span class='ocr_line' id='line_1_93' title="bbox 1144 1645 1927 1685; baseline -0.019 0"><span class='ocrx_word' id='word_1_620' title='bbox 1144 1659 1190 1685; x_wconf 81' lang='grc' dir='ltr'>καὶ</span> <span class='ocrx_word' id='word_1_621' title='bbox 1204 1657 1258 1683; x_wconf 81' lang='grc' dir='ltr'><strong>τῶν</strong></span> <span class='ocrx_word' id='word_1_622' title='bbox 1285 1656 1405 1682; x_wconf 84' lang='grc' dir='ltr'>ἀπίστων</span> <span class='ocrx_word' id='word_1_623' title='bbox 1421 1653 1502 1684; x_wconf 83' lang='grc' dir='ltr'>λαῶν,</span> <span class='ocrx_word' id='word_1_624' title='bbox 1526 1651 1587 1681; x_wconf 74' lang='grc' dir='ltr'>τοὺς</span> <span class='ocrx_word' id='word_1_625' title='bbox 1607 1649 1668 1676; x_wconf 73' lang='grc' dir='ltr'>καθ’</span> <span class='ocrx_word' id='word_1_626' title='bbox 1683 1647 1758 1683; x_wconf 84' lang='grc' dir='ltr'>ὑμῶν</span> <span class='ocrx_word' id='word_1_627' title='bbox 1780 1645 1927 1680; x_wconf 74' lang='grc' dir='ltr'>λογισμοὺς</span> 
     </span>
    </p>
   </div>
   <div class='ocr_carea' id='block_1_94' title="bbox 1143 1691 1927 1736">
    <p class='ocr_par' dir='ltr' id='par_1_94' title="bbox 1143 1691 1927 1736">
     <span class='ocr_line' id='line_1_94' title="bbox 1143 1691 1927 1736; baseline -0.018 -7"><span class='ocrx_word' id='word_1_628' title='bbox 1143 1704 1183 1729; x_wconf 72' lang='grc' dir='ltr'>ἑνὶ</span> <span class='ocrx_word' id='word_1_629' title='bbox 1199 1702 1312 1736; x_wconf 85' lang='grc' dir='ltr'>νεύματι</span> <span class='ocrx_word' id='word_1_630' title='bbox 1326 1698 1504 1726; x_wconf 82' lang='grc' dir='ltr'>διασκεδάσει.</span> <span class='ocrx_word' id='word_1_631' title='bbox 1522 1697 1552 1722; x_wconf 86' lang='grc' dir='ltr'><strong>Εἰ</strong></span> <span class='ocrx_word' id='word_1_632' title='bbox 1578 1695 1606 1721; x_wconf 82' lang='grc' dir='ltr'><strong>δὲ</strong></span> <span class='ocrx_word' id='word_1_633' title='bbox 1633 1694 1680 1721; x_wconf 81' lang='grc' dir='ltr'><strong>καὶ</strong></span> <span class='ocrx_word' id='word_1_634' title='bbox 1706 1691 1834 1728; x_wconf 79' lang='grc' dir='ltr'>ἄρχοντές</span> <span class='ocrx_word' id='word_1_635' title='bbox 1863 1697 1927 1716; x_wconf 79' lang='grc' dir='ltr'>ποτε</span> 
     </span>
    </p>
   </div>
   <div class='ocr_carea' id='block_1_95' title="bbox 1143 1734 1929 1782">
    <p class='ocr_par' dir='ltr' id='par_1_95' title="bbox 1143 1734 1929 1782">
     <span class='ocr_line' id='line_1_95' title="bbox 1143 1734 1929 1782; baseline -0.019 -7"><span class='ocrx_word' id='word_1_636' title='bbox 1143 1749 1191 1775; x_wconf 74' lang='grc' dir='ltr'><strong>καὶ</strong></span> <span class='ocrx_word' id='word_1_637' title='bbox 1208 1734 1326 1782; x_wconf 80' lang='grc' dir='ltr'>βασιλεῖς</span> <span class='ocrx_word' id='word_1_638' title='bbox 1344 1744 1463 1780; x_wconf 78' lang='grc' dir='ltr'>μέλλοιεν</span> <span class='ocrx_word' id='word_1_639' title='bbox 1488 1742 1546 1769; x_wconf 85' lang='grc' dir='ltr'>καθ’</span> <span class='ocrx_word' id='word_1_640' title='bbox 1565 1739 1641 1776; x_wconf 81' lang='grc' dir='ltr'>ὑμῶν</span> <span class='ocrx_word' id='word_1_641' title='bbox 1664 1736 1838 1771; x_wconf 79' lang='grc' dir='ltr'>ἐξάπτεσθαι,</span> <span class='ocrx_word' id='word_1_642' title='bbox 1862 1734 1929 1762; x_wconf 79' lang='grc' dir='ltr'>ἀλλὰ</span> 
     </span>
    </p>
   </div>
   <div class='ocr_carea' id='block_1_96' title="bbox 1143 1781 1930 1825">
    <p class='ocr_par' dir='ltr' id='par_1_96' title="bbox 1143 1781 1930 1825">
     <span class='ocr_line' id='line_1_96' title="bbox 1143 1781 1930 1825; baseline -0.018 -4"><span class='ocrx_word' id='word_1_643' title='bbox 1143 1794 1190 1821; x_wconf 73' lang='grc' dir='ltr'><strong>καὶ</strong></span> <span class='ocrx_word' id='word_1_644' title='bbox 1204 1781 1304 1819; x_wconf 75' lang='grc' dir='ltr'>τούτων</span> <span class='ocrx_word' id='word_1_645' title='bbox 1321 1788 1561 1825; x_wconf 33' lang='grc' dir='ltr'>ἀθετήσειλβουλάς·</span> <span class='ocrx_word' id='word_1_646' title='bbox 1579 1786 1709 1822; x_wconf 82' lang='grc' dir='ltr'>κρατήσει</span> <span class='ocrx_word' id='word_1_647' title='bbox 1725 1784 1753 1810; x_wconf 79' lang='grc' dir='ltr'>δὲ</span> <span class='ocrx_word' id='word_1_648' title='bbox 1766 1783 1832 1818; x_wconf 82' lang='grc' dir='ltr'>μόνη</span> <span class='ocrx_word' id='word_1_649' title='bbox 1851 1783 1868 1817; x_wconf 82' lang='grc' dir='ltr'>ἡ</span> <span class='ocrx_word' id='word_1_650' title='bbox 1881 1781 1930 1807; x_wconf 82' lang='grc' dir='ltr'>αὐ-</span> 
     </span>
    </p>
   </div>
   <div class='ocr_carea' id='block_1_97' title="bbox 1144 1826 1930 1874">
    <p class='ocr_par' dir='ltr' id='par_1_97' title="bbox 1144 1826 1930 1874">
     <span class='ocr_line' id='line_1_97' title="bbox 1144 1826 1930 1874; baseline -0.018 -9"><span class='ocrx_word' id='word_1_651' title='bbox 1144 1839 1190 1866; x_wconf 83' lang='grc' dir='ltr'><strong>τοῦ</strong></span> <span class='ocrx_word' id='word_1_652' title='bbox 1207 1837 1287 1874; x_wconf 79' lang='grc' dir='ltr'>βουλὴ</span> <span class='ocrx_word' id='word_1_653' title='bbox 1299 1838 1338 1868; x_wconf 82' lang='grc' dir='ltr'><strong>είς</strong></span> <span class='ocrx_word' id='word_1_654' title='bbox 1360 1836 1404 1862; x_wconf 77' lang='grc' dir='ltr'><strong>τὸν</strong></span> <span class='ocrx_word' id='word_1_655' title='bbox 1420 1835 1514 1861; x_wconf 68' lang='grc' dir='ltr'>αἰῶνα.</span> <span class='ocrx_word' id='word_1_656' title='bbox 1545 1831 1623 1858; x_wconf 84' lang='grc' dir='ltr'>Ἀλλὰ</span> <span class='ocrx_word' id='word_1_657' title='bbox 1650 1830 1696 1856; x_wconf 70' lang='grc' dir='ltr'>καὶ</span> <span class='ocrx_word' id='word_1_658' title='bbox 1719 1829 1768 1864; x_wconf 78' lang='grc' dir='ltr'><strong>τῆς</strong></span> <span class='ocrx_word' id='word_1_659' title='bbox 1794 1826 1890 1861; x_wconf 71' lang='grc' dir='ltr'>σοφίας</span> <span class='ocrx_word' id='word_1_660' title='bbox 1905 1826 1930 1852; x_wconf 82' lang='grc' dir='ltr'>οι</span> 
     </span>
    </p>
   </div>
   <div class='ocr_carea' id='block_1_98' title="bbox 1144 1872 1930 1919">
    <p class='ocr_par' dir='ltr' id='par_1_98' title="bbox 1144 1872 1930 1919">
     <span class='ocr_line' id='line_1_98' title="bbox 1144 1872 1930 1919; baseline -0.018 -8"><span class='ocrx_word' id='word_1_661' title='bbox 1144 1883 1269 1919; x_wconf 76' lang='grc' dir='ltr'>λογισμοὶ</span> <span class='ocrx_word' id='word_1_662' title='bbox 1280 1881 1425 1916; x_wconf 66' lang='grc' dir='ltr'>αὑτοῦούκ</span> <span class='ocrx_word' id='word_1_663' title='bbox 1443 1879 1542 1914; x_wconf 76' lang='grc' dir='ltr'>ὁμοίως</span> <span class='ocrx_word' id='word_1_664' title='bbox 1568 1879 1624 1909; x_wconf 86' lang='grc' dir='ltr'>τοῖς</span> <span class='ocrx_word' id='word_1_665' title='bbox 1649 1876 1788 1910; x_wconf 77' lang='grc' dir='ltr'>λογισμοῖς</span> <span class='ocrx_word' id='word_1_666' title='bbox 1813 1872 1867 1898; x_wconf 81' lang='grc' dir='ltr'><strong>τῶν</strong></span> <span class='ocrx_word' id='word_1_667' title='bbox 1884 1873 1930 1898; x_wconf 84' lang='grc' dir='ltr'><strong>ἁν-</strong></span> 
     </span>
    </p>
   </div>
   <div class='ocr_carea' id='block_1_99' title="bbox 1147 1919 1938 1968">
    <p class='ocr_par' dir='ltr' id='par_1_99' title="bbox 1147 1919 1938 1968">
     <span class='ocr_line' id='line_1_99' title="bbox 1147 1919 1938 1968; baseline -0.019 -9"><span class='ocrx_word' id='word_1_668' title='bbox 1147 1931 1262 1968; x_wconf 84' lang='grc' dir='ltr'>θρώπων</span> <span class='ocrx_word' id='word_1_669' title='bbox 1277 1930 1460 1964; x_wconf 84' lang='grc' dir='ltr'>ἀθετήσονται·</span> <span class='ocrx_word' id='word_1_670' title='bbox 1474 1925 1660 1962; x_wconf 80' lang='grc' dir='ltr'>παραμένουσι</span> <span class='ocrx_word' id='word_1_671' title='bbox 1673 1923 1701 1949; x_wconf 77' lang='grc' dir='ltr'><strong>δὲ</strong></span> <span class='ocrx_word' id='word_1_672' title='bbox 1711 1920 1808 1949; x_wconf 77' lang='grc' dir='ltr'>ἐαυτοῦ</span> <span class='ocrx_word' id='word_1_673' title='bbox 1824 1919 1938 1955; x_wconf 64' lang='grc' dir='ltr'>κρίσεις</span> 
     </span>
    </p>
   </div>
   <div class='ocr_carea' id='block_1_100' title="bbox 1147 1965 1932 2012">
    <p class='ocr_par' dir='ltr' id='par_1_100' title="bbox 1147 1965 1932 2012">
     <span class='ocr_line' id='line_1_100' title="bbox 1147 1965 1932 2012; baseline -0.02 -6"><span class='ocrx_word' id='word_1_674' title='bbox 1147 1965 1186 2011; x_wconf 80' lang='grc' dir='ltr'><strong>είς</strong></span> <span class='ocrx_word' id='word_1_675' title='bbox 1202 1978 1297 2012; x_wconf 86' lang='grc' dir='ltr'>γενεὰν</span> <span class='ocrx_word' id='word_1_676' title='bbox 1313 1976 1359 2008; x_wconf 68' lang='grc' dir='ltr'>καὶ</span> <span class='ocrx_word' id='word_1_677' title='bbox 1377 1975 1481 2009; x_wconf 78' lang='grc' dir='ltr'>γενεάν.</span> <span class='ocrx_word' id='word_1_678' title='bbox 1495 1972 1625 2001; x_wconf 76' lang='grc' dir='ltr'>Φυλάττει</span> <span class='ocrx_word' id='word_1_679' title='bbox 1636 1970 1692 2005; x_wconf 78' lang='grc' dir='ltr'><strong>γὰρ</strong></span> <span class='ocrx_word' id='word_1_680' title='bbox 1706 1969 1768 1999; x_wconf 77' lang='grc' dir='ltr'>τοὺς</span> <span class='ocrx_word' id='word_1_681' title='bbox 1781 1966 1863 1997; x_wconf 81' lang='grc' dir='ltr'>αὐτοῦ</span> <span class='ocrx_word' id='word_1_682' title='bbox 1888 1965 1932 1991; x_wconf 80' lang='grc' dir='ltr'>λο-</span> 
     </span>
    </p>
   </div>
   <div class='ocr_carea' id='block_1_101' title="bbox 1146 2011 1931 2060">
    <p class='ocr_par' dir='ltr' id='par_1_101' title="bbox 1146 2011 1931 2060">
     <span class='ocr_line' id='line_1_101' title="bbox 1146 2011 1931 2060; baseline -0.02 -8"><span class='ocrx_word' id='word_1_683' title='bbox 1146 2025 1262 2060; x_wconf 84' lang='grc' dir='ltr'>γισμοὺς</span> <span class='ocrx_word' id='word_1_684' title='bbox 1276 2024 1331 2054; x_wconf 85' lang='grc' dir='ltr'>τοῖς</span> <span class='ocrx_word' id='word_1_685' title='bbox 1344 2020 1439 2052; x_wconf 77' lang='grc' dir='ltr'>ἑαυτοῦ</span> <span class='ocrx_word' id='word_1_686' title='bbox 1453 2019 1547 2051; x_wconf 80' lang='grc' dir='ltr'>ἀξίοις·</span> <span class='ocrx_word' id='word_1_687' title='bbox 1565 2018 1612 2044; x_wconf 71' lang='grc' dir='ltr'>καὶ</span> <span class='ocrx_word' id='word_1_688' title='bbox 1625 2015 1772 2050; x_wconf 76' lang='grc' dir='ltr'>ἐπειδήπερ</span> <span class='ocrx_word' id='word_1_689' title='bbox 1793 2012 1853 2039; x_wconf 79' lang='grc' dir='ltr'>καθ’</span> <span class='ocrx_word' id='word_1_690' title='bbox 1867 2011 1931 2038; x_wconf 75' lang='grc' dir='ltr'>ἐκά-</span> 
     </span>
    </p>
   </div>
   <div class='ocr_carea' id='block_1_102' title="bbox 1149 2058 1932 2106">
    <p class='ocr_par' dir='ltr' id='par_1_102' title="bbox 1149 2058 1932 2106">
     <span class='ocr_line' id='line_1_102' title="bbox 1149 2058 1932 2106; baseline -0.02 -8"><span class='ocrx_word' id='word_1_691' title='bbox 1224 2069 1319 2105; x_wconf 77' lang='grc' dir='ltr'>γενεὰν</span> <span class='ocrx_word' id='word_1_692' title='bbox 1333 2068 1379 2095; x_wconf 65' lang='grc' dir='ltr'>καὶ</span> <span class='ocrx_word' id='word_1_693' title='bbox 1391 2065 1513 2101; x_wconf 81' lang='grc' dir='ltr'>διαδοχὴν</span> <span class='ocrx_word' id='word_1_694' title='bbox 1524 2063 1672 2099; x_wconf 77' lang='grc' dir='ltr'>ἀνθρώπων</span> <span class='ocrx_word' id='word_1_695' title='bbox 1684 2058 1853 2096; x_wconf 83' lang='grc' dir='ltr'>εὑρίσκονταί</span> <span class='ocrx_word' id='word_1_696' title='bbox 1861 2065 1932 2088; x_wconf 83' lang='grc' dir='ltr'>τινες</span> 
     </span>
    </p>
   </div>
   <div class='ocr_carea' id='block_1_103' title="bbox 1148 2101 1931 2150">
    <p class='ocr_par' dir='ltr' id='par_1_103' title="bbox 1148 2101 1931 2150">
     <span class='ocr_line' id='line_1_103' title="bbox 1148 2101 1931 2150; baseline -0.019 -6"><span class='ocrx_word' id='word_1_697' title='bbox 1148 2117 1229 2150; x_wconf 79' lang='grc' dir='ltr'>ἄξιοι,</span> <span class='ocrx_word' id='word_1_698' title='bbox 1247 2116 1358 2146; x_wconf 72' lang='grc' dir='ltr'>εἰκότως</span> <span class='ocrx_word' id='word_1_699' title='bbox 1382 2113 1485 2144; x_wconf 84' lang='grc' dir='ltr'>τούτοις</span> <span class='ocrx_word' id='word_1_700' title='bbox 1510 2111 1601 2142; x_wconf 79' lang='grc' dir='ltr'>αὐτοῖς</span> <span class='ocrx_word' id='word_1_701' title='bbox 1622 2107 1755 2143; x_wconf 85' lang='grc' dir='ltr'>διατηρῶν</span> <span class='ocrx_word' id='word_1_702' title='bbox 1773 2106 1834 2136; x_wconf 80' lang='grc' dir='ltr'>τοὺς</span> <span class='ocrx_word' id='word_1_703' title='bbox 1849 2101 1931 2131; x_wconf 76' lang='grc' dir='ltr'>αύτοῦ</span> 
     </span>
    </p>
   </div>
   <div class='ocr_carea' id='block_1_104' title="bbox 1148 2149 1930 2197">
    <p class='ocr_par' dir='ltr' id='par_1_104' title="bbox 1148 2149 1930 2197">
     <span class='ocr_line' id='line_1_104' title="bbox 1148 2149 1930 2197; baseline -0.019 -8"><span class='ocrx_word' id='word_1_704' title='bbox 1148 2149 1304 2197; x_wconf 72' lang='grc' dir='ltr'>λογισμοὺς,</span> <span class='ocrx_word' id='word_1_705' title='bbox 1318 2161 1356 2192; x_wconf 87' lang='grc' dir='ltr'><strong>εἰς</strong></span> <span class='ocrx_word' id='word_1_706' title='bbox 1365 2158 1459 2194; x_wconf 79' lang='grc' dir='ltr'>γενεὰν</span> <span class='ocrx_word' id='word_1_707' title='bbox 1467 2157 1513 2187; x_wconf 71' lang='grc' dir='ltr'><strong>καὶ</strong></span> <span class='ocrx_word' id='word_1_708' title='bbox 1526 2155 1621 2190; x_wconf 79' lang='grc' dir='ltr'>γενεὰν</span> <span class='ocrx_word' id='word_1_709' title='bbox 1638 2153 1736 2184; x_wconf 75' lang='grc' dir='ltr'>αὐτοὺς</span> <span class='ocrx_word' id='word_1_710' title='bbox 1750 2149 1930 2185; x_wconf 81' lang='grc' dir='ltr'>παρεκτείνει.</span> 
     </span>
    </p>
   </div>
   <div class='ocr_carea' id='block_1_105' title="bbox 1149 2194 1933 2242">
    <p class='ocr_par' dir='ltr' id='par_1_105' title="bbox 1149 2194 1933 2242">
     <span class='ocr_line' id='line_1_105' title="bbox 1149 2194 1933 2242; baseline -0.02 -7"><span class='ocrx_word' id='word_1_711' title='bbox 1149 2194 1204 2235; x_wconf 73' lang='grc' dir='ltr'><strong>Καὶ</strong></span> <span class='ocrx_word' id='word_1_712' title='bbox 1215 2194 1299 2235; x_wconf 74' lang='grc' dir='ltr'>ταῦτα</span> <span class='ocrx_word' id='word_1_713' title='bbox 1315 2206 1361 2242; x_wconf 67' lang='grc' dir='ltr'><strong>μὲν</strong></span> <span class='ocrx_word' id='word_1_714' title='bbox 1378 2204 1460 2231; x_wconf 79' lang='grc' dir='ltr'>πάλαι</span> <span class='ocrx_word' id='word_1_715' title='bbox 1473 2200 1632 2238; x_wconf 82' lang='grc' dir='ltr'>προελέγετο</span> <span class='ocrx_word' id='word_1_716' title='bbox 1647 2195 1831 2234; x_wconf 73' lang='grc' dir='ltr'>προφητικῶς·</span> <span class='ocrx_word' id='word_1_717' title='bbox 1845 2194 1933 2230; x_wconf 66' lang='grc' dir='ltr'>ἔργοις</span> 
     </span>
    </p>
   </div>
   <div class='ocr_carea' id='block_1_106' title="bbox 1150 2240 1933 2287">
    <p class='ocr_par' dir='ltr' id='par_1_106' title="bbox 1150 2240 1933 2287">
     <span class='ocr_line' id='line_1_106' title="bbox 1150 2240 1933 2287; baseline -0.022 -5"><span class='ocrx_word' id='word_1_718' title='bbox 1150 2255 1177 2282; x_wconf 78' lang='grc' dir='ltr'>δὲ</span> <span class='ocrx_word' id='word_1_719' title='bbox 1194 2255 1284 2284; x_wconf 74' lang='grc' dir='ltr'>αὐτοῖς</span> <span class='ocrx_word' id='word_1_720' title='bbox 1298 2240 1346 2287; x_wconf 60' lang='grc' dir='ltr'><strong>τὴν</strong></span> <span class='ocrx_word' id='word_1_721' title='bbox 1362 2251 1473 2278; x_wconf 76' lang='grc' dir='ltr'>ἑκϐασιν</span> <span class='ocrx_word' id='word_1_722' title='bbox 1487 2248 1540 2275; x_wconf 77' lang='grc' dir='ltr'>τῶν</span> <span class='ocrx_word' id='word_1_723' title='bbox 1554 2248 1640 2280; x_wconf 75' lang='grc' dir='ltr'>λόγων</span> <span class='ocrx_word' id='word_1_724' title='bbox 1663 2245 1743 2281; x_wconf 83' lang='grc' dir='ltr'>ἡμεῖς</span> <span class='ocrx_word' id='word_1_725' title='bbox 1761 2240 1933 2277; x_wconf 83' lang='grc' dir='ltr'>παρειλήφα-</span> 
     </span>
    </p>
   </div>
   <div class='ocr_carea' id='block_1_107' title="bbox 1152 2286 1934 2337">
    <p class='ocr_par' dir='ltr' id='par_1_107' title="bbox 1152 2286 1934 2337">
     <span class='ocr_line' id='line_1_107' title="bbox 1152 2286 1934 2337; baseline -0.022 -9"><span class='ocrx_word' id='word_1_726' title='bbox 1152 2310 1212 2337; x_wconf 85' lang='grc' dir='ltr'>μεν.</span> <span class='ocrx_word' id='word_1_727' title='bbox 1229 2300 1297 2327; x_wconf 85' lang='grc' dir='ltr'>Ὅσα.</span> <span class='ocrx_word' id='word_1_728' title='bbox 1314 2286 1367 2333; x_wconf 57' lang='grc' dir='ltr'><strong>ηιλὰρ</strong></span> <span class='ocrx_word' id='word_1_729' title='bbox 1384 2296 1589 2332; x_wconf 74' lang='grc' dir='ltr'>ἐμηχανήσαντο</span> <span class='ocrx_word' id='word_1_730' title='bbox 1608 2291 1678 2319; x_wconf 83' lang='grc' dir='ltr'>κατὰ</span> <span class='ocrx_word' id='word_1_731' title='bbox 1702 2291 1751 2325; x_wconf 79' lang='grc' dir='ltr'>τῆς</span> <span class='ocrx_word' id='word_1_732' title='bbox 1772 2286 1934 2321; x_wconf 76' lang='grc' dir='ltr'>Ἐκκλησίας</span> 
     </span>
    </p>
   </div>
   <div class='ocr_carea' id='block_1_108' title="bbox 1151 2332 1933 2378">
    <p class='ocr_par' dir='ltr' id='par_1_108' title="bbox 1151 2332 1933 2378">
     <span class='ocr_line' id='line_1_108' title="bbox 1151 2332 1933 2378; baseline -0.022 -4"><span class='ocrx_word' id='word_1_733' title='bbox 1151 2332 1243 2378; x_wconf 73' lang='grc' dir='ltr'>αὑτοῦ,</span> <span class='ocrx_word' id='word_1_734' title='bbox 1261 2345 1307 2372; x_wconf 76' lang='grc' dir='ltr'>καὶ</span> <span class='ocrx_word' id='word_1_735' title='bbox 1321 2332 1427 2374; x_wconf 77' lang='grc' dir='ltr'>ὁποίους</span> <span class='ocrx_word' id='word_1_736' title='bbox 1442 2341 1501 2369; x_wconf 71' lang='grc' dir='ltr'>καθ’</span> <span class='ocrx_word' id='word_1_737' title='bbox 1518 2339 1596 2375; x_wconf 82' lang='grc' dir='ltr'>ἡμῶν</span> <span class='ocrx_word' id='word_1_738' title='bbox 1619 2338 1768 2372; x_wconf 74' lang='grc' dir='ltr'>ἐπήγειραν</span> <span class='ocrx_word' id='word_1_739' title='bbox 1786 2332 1933 2368; x_wconf 76' lang='grc' dir='ltr'>διωγμοὺς,</span> 
     </span>
    </p>
   </div>
   <div class='ocr_carea' id='block_1_109' title="bbox 1151 2379 1936 2427">
    <p class='ocr_par' dir='ltr' id='par_1_109' title="bbox 1151 2379 1936 2427">
     <span class='ocr_line' id='line_1_109' title="bbox 1151 2379 1936 2427; baseline -0.022 -6"><span class='ocrx_word' id='word_1_740' title='bbox 1151 2393 1244 2425; x_wconf 85' lang='grc' dir='ltr'>ὁποίας</span> <span class='ocrx_word' id='word_1_741' title='bbox 1255 2401 1285 2418; x_wconf 88' lang='grc' dir='ltr'><strong>τε</strong></span> <span class='ocrx_word' id='word_1_742' title='bbox 1302 2390 1398 2427; x_wconf 81' lang='grc' dir='ltr'>βουλὰς</span> <span class='ocrx_word' id='word_1_743' title='bbox 1411 2388 1602 2416; x_wconf 79' lang='grc' dir='ltr'>ἐϐουλεύσαντο</span> <span class='ocrx_word' id='word_1_744' title='bbox 1631 2385 1656 2411; x_wconf 90' lang='grc' dir='ltr'>οἱ</span> <span class='ocrx_word' id='word_1_745' title='bbox 1682 2383 1812 2418; x_wconf 80' lang='grc' dir='ltr'>ἄρχοντες</span> <span class='ocrx_word' id='word_1_746' title='bbox 1827 2380 1873 2407; x_wconf 84' lang='grc' dir='ltr'><strong>τοῦ</strong></span> <span class='ocrx_word' id='word_1_747' title='bbox 1897 2379 1936 2405; x_wconf 87' lang='grc' dir='ltr'><strong>αἱ-</strong></span> 
     </span>
    </p>
   </div>
   <div class='ocr_carea' id='block_1_110' title="bbox 1151 2426 1935 2471">
    <p class='ocr_par' dir='ltr' id='par_1_110' title="bbox 1151 2426 1935 2471">
     <span class='ocr_line' id='line_1_110' title="bbox 1151 2426 1935 2471; baseline -0.022 -4"><span class='ocrx_word' id='word_1_748' title='bbox 1151 2441 1219 2471; x_wconf 83' lang='grc' dir='ltr'>ὣνος</span> <span class='ocrx_word' id='word_1_749' title='bbox 1227 2438 1320 2465; x_wconf 88' lang='grc' dir='ltr'>τούτου</span> <span class='ocrx_word' id='word_1_750' title='bbox 1334 2436 1393 2463; x_wconf 81' lang='grc' dir='ltr'>καθ’</span> <span class='ocrx_word' id='word_1_751' title='bbox 1409 2434 1495 2470; x_wconf 79' lang='grc' dir='ltr'>ἡμῶν,</span> <span class='ocrx_word' id='word_1_752' title='bbox 1509 2433 1558 2460; x_wconf 74' lang='grc' dir='ltr'>οὐκ</span> <span class='ocrx_word' id='word_1_753' title='bbox 1584 2431 1656 2458; x_wconf 76' lang='grc' dir='ltr'>ἔστιν</span> <span class='ocrx_word' id='word_1_754' title='bbox 1672 2428 1789 2461; x_wconf 80' lang='grc' dir='ltr'>ἐπαξίως</span> <span class='ocrx_word' id='word_1_755' title='bbox 1803 2426 1935 2460; x_wconf 77' lang='grc' dir='ltr'>διηγήσα-</span> 
     </span>
    </p>
   </div>
   <div class='ocr_carea' id='block_1_111' title="bbox 1154 2471 1936 2514">
    <p class='ocr_par' dir='ltr' id='par_1_111' title="bbox 1154 2471 1936 2514">
     <span class='ocr_line' id='line_1_111' title="bbox 1154 2471 1936 2514; baseline -0.022 -1"><span class='ocrx_word' id='word_1_756' title='bbox 1154 2487 1224 2513; x_wconf 71' lang='grc' dir='ltr'>σθαν</span> <span class='ocrx_word' id='word_1_757' title='bbox 1244 2485 1289 2511; x_wconf 78' lang='grc' dir='ltr'><strong>καὶ</strong></span> <span class='ocrx_word' id='word_1_758' title='bbox 1302 2484 1339 2514; x_wconf 85' lang='grc' dir='ltr'>ὡς</span> <span class='ocrx_word' id='word_1_759' title='bbox 1355 2481 1441 2508; x_wconf 80' lang='grc' dir='ltr'>ταῦτα</span> <span class='ocrx_word' id='word_1_760' title='bbox 1457 2480 1544 2507; x_wconf 78' lang='grc' dir='ltr'>πάντα</span> <span class='ocrx_word' id='word_1_761' title='bbox 1563 2477 1629 2505; x_wconf 86' lang='grc' dir='ltr'>Θεοῦ</span> <span class='ocrx_word' id='word_1_762' title='bbox 1650 2476 1762 2510; x_wconf 82' lang='grc' dir='ltr'>δυνάμει</span> <span class='ocrx_word' id='word_1_763' title='bbox 1785 2471 1936 2500; x_wconf 70' lang='grc' dir='ltr'>διεσκεδάνν</span> 
     </span>
    </p>
   </div>
   <div class='ocr_carea' id='block_1_112' title="bbox 1152 2517 1934 2561">
    <p class='ocr_par' dir='ltr' id='par_1_112' title="bbox 1152 2517 1934 2561">
     <span class='ocr_line' id='line_1_112' title="bbox 1152 2517 1934 2561; baseline -0.02 -2"><span class='ocrx_word' id='word_1_764' title='bbox 1152 2540 1239 2559; x_wconf 86' lang='grc' dir='ltr'>νυντο·</span> <span class='ocrx_word' id='word_1_765' title='bbox 1258 2530 1303 2557; x_wconf 71' lang='grc' dir='ltr'>καὶ</span> <span class='ocrx_word' id='word_1_766' title='bbox 1316 2530 1353 2560; x_wconf 86' lang='grc' dir='ltr'>ὠς</span> <span class='ocrx_word' id='word_1_767' title='bbox 1363 2529 1412 2554; x_wconf 76' lang='grc' dir='ltr'>οὐκ</span> <span class='ocrx_word' id='word_1_768' title='bbox 1433 2527 1474 2561; x_wconf 79' lang='grc' dir='ltr'><strong>ἐφ’</strong></span> <span class='ocrx_word' id='word_1_769' title='bbox 1490 2524 1567 2561; x_wconf 83' lang='grc' dir='ltr'>ἡμῶν</span> <span class='ocrx_word' id='word_1_770' title='bbox 1586 2523 1674 2559; x_wconf 74' lang='grc' dir='ltr'>μόνον,</span> <span class='ocrx_word' id='word_1_771' title='bbox 1702 2520 1768 2548; x_wconf 83' lang='grc' dir='ltr'>ἀλλὰ</span> <span class='ocrx_word' id='word_1_772' title='bbox 1794 2519 1855 2546; x_wconf 84' lang='grc' dir='ltr'>καθ’</span> <span class='ocrx_word' id='word_1_773' title='bbox 1871 2517 1934 2544; x_wconf 76' lang='grc' dir='ltr'>ἐκά-</span> 
     </span>
    </p>
   </div>
   <div class='ocr_carea' id='block_1_113' title="bbox 1154 2564 1936 2612">
    <p class='ocr_par' dir='ltr' id='par_1_113' title="bbox 1154 2564 1936 2612">
     <span class='ocr_line' id='line_1_113' title="bbox 1154 2564 1936 2612; baseline -0.019 -8"><span class='ocrx_word' id='word_1_774' title='bbox 1154 2586 1220 2612; x_wconf 87' lang='grc' dir='ltr'>στην</span> <span class='ocrx_word' id='word_1_775' title='bbox 1232 2575 1326 2611; x_wconf 84' lang='grc' dir='ltr'>γενεὰν</span> <span class='ocrx_word' id='word_1_776' title='bbox 1339 2575 1427 2610; x_wconf 72' lang='grc' dir='ltr'>ἔργοις</span> <span class='ocrx_word' id='word_1_777' title='bbox 1439 2571 1525 2600; x_wconf 81' lang='grc' dir='ltr'>ταῦτα</span> <span class='ocrx_word' id='word_1_778' title='bbox 1538 2569 1686 2605; x_wconf 80' lang='grc' dir='ltr'>ἐπληροῦτο</span> <span class='ocrx_word' id='word_1_779' title='bbox 1703 2567 1756 2594; x_wconf 83' lang='grc' dir='ltr'>ἀπὸ</span> <span class='ocrx_word' id='word_1_780' title='bbox 1766 2565 1819 2592; x_wconf 83' lang='grc' dir='ltr'><strong>τῶν</strong></span> <span class='ocrx_word' id='word_1_781' title='bbox 1834 2564 1936 2600; x_wconf 77' lang='grc' dir='ltr'>χρόνων</span> 
     </span>
    </p>
   </div>
   <div class='ocr_carea' id='block_1_114' title="bbox 1153 2615 1733 2660">
    <p class='ocr_par' dir='ltr' id='par_1_114' title="bbox 1153 2615 1733 2660">
     <span class='ocr_line' id='line_1_114' title="bbox 1153 2615 1733 2660; baseline -0.021 -9"><span class='ocrx_word' id='word_1_782' title='bbox 1153 2625 1202 2660; x_wconf 85' lang='grc' dir='ltr'>τῆς</span> <span class='ocrx_word' id='word_1_783' title='bbox 1215 2622 1262 2649; x_wconf 89' lang='grc' dir='ltr'><strong>τοῦ</strong></span> <span class='ocrx_word' id='word_1_784' title='bbox 1276 2622 1399 2657; x_wconf 83' lang='grc' dir='ltr'>Σωτῆρος</span> <span class='ocrx_word' id='word_1_785' title='bbox 1413 2617 1569 2653; x_wconf 78' lang='grc' dir='ltr'>θεοφανείας</span> <span class='ocrx_word' id='word_1_786' title='bbox 1584 2615 1733 2651; x_wconf 79' lang='grc' dir='ltr'>ἀρξάμενα.</span> 
     </span>
    </p>
   </div>
   <div class='ocr_carea' id='block_1_115' title="bbox 1190 2711 1938 2756">
    <p class='ocr_par' dir='ltr' id='par_1_115' title="bbox 1190 2711 1938 2756">
     <span class='ocr_line' id='line_1_115' title="bbox 1190 2711 1938 2756; baseline -0.019 -5"><span class='ocrx_word' id='word_1_787' title='bbox 1190 2722 1342 2756; x_wconf 76' lang='grc' dir='ltr'>Μακάρων</span> <span class='ocrx_word' id='word_1_788' title='bbox 1355 2719 1387 2747; x_wconf 84' lang='grc' dir='ltr'>τὸ</span> <span class='ocrx_word' id='word_1_789' title='bbox 1404 2719 1491 2751; x_wconf 78' lang='grc' dir='ltr'>ἔθνος</span> <span class='ocrx_word' id='word_1_790' title='bbox 1506 2714 1542 2745; x_wconf 83' lang='grc' dir='ltr'>οὗ</span> <span class='ocrx_word' id='word_1_791' title='bbox 1568 2716 1654 2743; x_wconf 79' lang='grc' dir='ltr'>ἐστιν</span> <span class='ocrx_word' id='word_1_792' title='bbox 1666 2715 1683 2741; x_wconf 81' lang='grc' dir='ltr'><em>ὁ</em></span> <span class='ocrx_word' id='word_1_793' title='bbox 1708 2714 1816 2747; x_wconf 81' lang='grc' dir='ltr'>Κύριος</span> <span class='ocrx_word' id='word_1_794' title='bbox 1828 2714 1844 2739; x_wconf 87' lang='grc' dir='ltr'><strong><em>ὀ</em></strong></span> <span class='ocrx_word' id='word_1_795' title='bbox 1868 2711 1938 2743; x_wconf 70' lang='grc' dir='ltr'>Θεὸς</span> 
     </span>
    </p>
   </div>
   <div class='ocr_carea' id='block_1_116' title="bbox 1156 2757 1938 2800">
    <p class='ocr_par' dir='ltr' id='par_1_116' title="bbox 1156 2757 1938 2800">
     <span class='ocr_line' id='line_1_116' title="bbox 1156 2757 1938 2800; baseline -0.02 -3"><span class='ocrx_word' id='word_1_796' title='bbox 1156 2769 1263 2800; x_wconf 78' lang='grc' dir='ltr'>αὐτοῦ,</span> <span class='ocrx_word' id='word_1_797' title='bbox 1291 2767 1366 2800; x_wconf 75' lang='grc' dir='ltr'>λαὸς</span> <span class='ocrx_word' id='word_1_798' title='bbox 1400 2765 1436 2792; x_wconf 82' lang='grc' dir='ltr'>ὃν</span> <span class='ocrx_word' id='word_1_799' title='bbox 1469 2761 1627 2795; x_wconf 75' lang='grc' dir='ltr'>ἐξελέξατο</span> <span class='ocrx_word' id='word_1_800' title='bbox 1657 2760 1700 2792; x_wconf 78' lang='grc' dir='ltr'>εἰς</span> <span class='ocrx_word' id='word_1_801' title='bbox 1735 2757 1938 2792; x_wconf 69' lang='grc' dir='ltr'>κληρονομίαν</span> 
     </span>
    </p>
   </div>
   <div class='ocr_carea' id='block_1_117' title="bbox 1155 2801 1939 2847">
    <p class='ocr_par' dir='ltr' id='par_1_117' title="bbox 1155 2801 1939 2847">
     <span class='ocr_line' id='line_1_117' title="bbox 1155 2801 1939 2847; baseline -0.017 -6"><span class='ocrx_word' id='word_1_802' title='bbox 1155 2813 1260 2847; x_wconf 82' lang='grc' dir='ltr'>ἐαυτῷ.</span> <span class='ocrx_word' id='word_1_803' title='bbox 1279 2812 1365 2839; x_wconf 85' lang='grc' dir='ltr'>Πάλαι</span> <span class='ocrx_word' id='word_1_804' title='bbox 1378 2811 1427 2846; x_wconf 83' lang='grc' dir='ltr'><strong>μὲν</strong></span> <span class='ocrx_word' id='word_1_805' title='bbox 1442 2809 1496 2845; x_wconf 86' lang='grc' dir='ltr'><strong>γὰρ</strong></span> <span class='ocrx_word' id='word_1_806' title='bbox 1511 2807 1544 2844; x_wconf 85' lang='grc' dir='ltr'>ἦν</span> <span class='ocrx_word' id='word_1_807' title='bbox 1563 2806 1670 2842; x_wconf 85' lang='grc' dir='ltr'>Ἰσραὴλ</span> <span class='ocrx_word' id='word_1_808' title='bbox 1697 2806 1774 2841; x_wconf 80' lang='grc' dir='ltr'>μερὶς</span> <span class='ocrx_word' id='word_1_809' title='bbox 1801 2804 1849 2831; x_wconf 73' lang='grc' dir='ltr'><strong>καὶ</strong></span> <span class='ocrx_word' id='word_1_810' title='bbox 1876 2801 1939 2836; x_wconf 79' lang='grc' dir='ltr'>κλη-</span> 
     </span>
    </p>
   </div>
   <div class='ocr_carea' id='block_1_118' title="bbox 1158 2846 1938 2896">
    <p class='ocr_par' dir='ltr' id='par_1_118' title="bbox 1158 2846 1938 2896">
     <span class='ocr_line' id='line_1_118' title="bbox 1158 2846 1938 2896; baseline -0.018 -9"><span class='ocrx_word' id='word_1_811' title='bbox 1158 2859 1269 2896; x_wconf 83' lang='grc' dir='ltr'>ρονομία</span> <span class='ocrx_word' id='word_1_812' title='bbox 1283 2857 1374 2884; x_wconf 83' lang='grc' dir='ltr'>αὑτοῦ·</span> <span class='ocrx_word' id='word_1_813' title='bbox 1400 2855 1457 2883; x_wconf 79' lang='grc' dir='ltr'>ἀλλ’</span> <span class='ocrx_word' id='word_1_814' title='bbox 1473 2855 1533 2881; x_wconf 76' lang='grc' dir='ltr'>ἐπεὶ</span> <span class='ocrx_word' id='word_1_815' title='bbox 1559 2853 1674 2888; x_wconf 75' lang='grc' dir='ltr'>ἠθέτησε</span> <span class='ocrx_word' id='word_1_816' title='bbox 1701 2849 1899 2886; x_wconf 73' lang='grc' dir='ltr'>μεταϐέϐληται</span> <span class='ocrx_word' id='word_1_817' title='bbox 1921 2846 1938 2880; x_wconf 73' lang='grc' dir='ltr'>ἡ</span> 
     </span>
    </p>
   </div>
   <div class='ocr_carea' id='block_1_119' title="bbox 1157 2893 1938 2942">
    <p class='ocr_par' dir='ltr' id='par_1_119' title="bbox 1157 2893 1938 2942">
     <span class='ocr_line' id='line_1_119' title="bbox 1157 2893 1938 2942; baseline -0.017 -10"><span class='ocrx_word' id='word_1_818' title='bbox 1157 2893 1236 2942; x_wconf 39' lang='lat' dir='ltr'><strong>iam</strong></span> <span class='ocrx_word' id='word_1_819' title='bbox 1252 2904 1297 2931; x_wconf 68' lang='grc' dir='ltr'>ἐπὶ</span> <span class='ocrx_word' id='word_1_820' title='bbox 1309 2902 1342 2930; x_wconf 77' lang='grc' dir='ltr'>τὰ</span> <span class='ocrx_word' id='word_1_821' title='bbox 1356 2901 1428 2938; x_wconf 80' lang='grc' dir='ltr'>ἔθνη.</span> <span class='ocrx_word' id='word_1_822' title='bbox 1451 2900 1501 2934; x_wconf 79' lang='grc' dir='ltr'><strong>Ἐξ</strong></span> <span class='ocrx_word' id='word_1_823' title='bbox 1521 2899 1650 2934; x_wconf 64' lang='grc' dir='ltr'>οὐρανοῦ</span> <span class='ocrx_word' id='word_1_824' title='bbox 1667 2897 1833 2930; x_wconf 67' lang='grc' dir='ltr'><strong>ἐπέϐλεψεν</strong></span> <span class='ocrx_word' id='word_1_825' title='bbox 1851 2896 1866 2921; x_wconf 81' lang='grc' dir='ltr'><strong><em>ό</em></strong></span> <span class='ocrx_word' id='word_1_826' title='bbox 1881 2893 1938 2920; x_wconf 69' lang='grc' dir='ltr'>ιω-</span> 
     </span>
    </p>
   </div>
  </div>
