2056 3214
296 196 350 225 987

608 191 742 221 EUSEBII
761 189 1000 219 CASSARIENSIS
1015 189 1091 218 OPP.
1111 189 1202 218 PARS
1233 190 1277 218 lll.
1296 204 1332 212 —
1350 190 1556 219 EIEGETICA.

1861 192 1914 220 288

297 251 441 282 sericordia
456 258 525 286 ejus,
547 254 575 276 ut
591 254 670 277 eruat
687 257 704 275 a
716 253 801 275 morte
817 248 921 275 animus
934 254 1041 278 eorum,
1055 251 1077 273 et

1132 245 1235 280 ζοντας
1245 247 1294 274 ἐπὶ
1307 247 1341 274 τὸ
1356 247 1443 281 ἕλεος
1457 248 1561 281 αὐτοῦ,
1574 249 1728 283 ,ῥύσασθαι
1738 248 1772 275 ἐκ
1792 249 1923 278 θανάτου

296 302 352 328 alat
371 307 415 327 eos
434 298 460 325 in
482 296 563 331 fame.
583 295 680 323 Isthaec
699 293 922 330 supradictorum
942 292 1084 324 sententiae

295 345 442 373 cohaerent.
460 342 556 371 Sermo
570 348 688 376 namque
703 343 847 376 postquam
869 346 965 367 omnes
986 337 1033 373 qui
1055 337 1083 365 in

295 395 367 419 terra
382 393 446 418 sunt
462 388 588 421 homines
611 387 646 415 ad
669 387 716 415 Dei
731 387 857 415 timorem
874 385 1002 421 superius
1018 392 1085 412 evo-

294 437 366 465 cavit
380 436 424 464 his
439 434 543 467 verbis,
555 434 658 462 Timeat
674 433 814 464 Dominum
829 432 912 460 omni:
928 436 1020 465 terra;
1036 430 1084 458 de-

294 483 358 511 inde
379 486 410 510 ut
435 481 543 509 animos
568 479 700 511 adderet,
721 487 757 507 ne
776 478 868 506 animo
888 477 1036 509 deﬁcerent
1051 483 1084 505 ac

293 528 506 557 reformidarent
518 526 726 562 persecutiones
739 525 904 553 obventuras
914 544 921 558 ,
935 527 998 551 ante
1012 522 1084 558 adje-

293 581 384 609 cerat,
398 575 527 602 Dominus
540 574 653 608 dissipat
663 571 777 603 consilia
787 571 903 607 gentium
912 591 920 604 ,
931 574 959 603 et
970 574 1081 598 caetera.

293 622 388 650 Eidem
406 621 487 657 igitur
502 619 645 648 sententiae
660 618 793 646 insistens
809 617 835 644 in
851 617 979 652 superius
994 616 1083 644 allatis

294 669 332 697 ait
347 690 353 696 .
369 667 520 700 Conﬁdite,
535 674 584 694 vos
599 673 697 694 omnes
715 665 749 693 ad
766 671 836 700 quos
852 670 943 691 sermo
954 663 1082 691 vertitur.

294 715 324 744 Si
349 715 443 751 itaque
463 713 497 741 ad
520 713 595 741 hunc
617 713 743 740 timorem
769 710 962 741 accesseritis.
988 709 1083 739 oculos

293 762 354 798 ejus
376 761 487 796 vimque
502 759 578 787 illius
595 757 783 794 perspicacem
798 757 877 785 vobis
891 755 1082 791 providentem

292 806 453 835 obtinebitis
464 826 472 838 ,
491 813 552 841 qua:
573 812 621 833 vos
636 804 671 831 ab
684 803 813 831 omnibus
831 802 952 830 inimicis
966 809 998 829 ac
1015 801 1083 829 insi-

291 854 445 882 diatoribus
460 851 599 881 liberabit.
615 850 684 879 Ecce
698 856 818 886 namque
834 848 904 875 oculi
918 847 1025 874 Domini
1037 855 1084 874 su-

290 909 336 936 per
352 904 496 929 metuentes
512 907 572 926 eum
583 918 590 931 ,
607 898 652 933 qui
667 900 775 931 sperant
799 903 878 930 super
897 892 1081 921 misericordia

1134 292 1187 325 τὰς
1199 292 1302 327 ψυχὰς
1315 293 1423 325 αὐτῶν,
1436 294 1485 322 καὶ
1499 293 1655 329 διαθρέψαι
1668 294 1779 328 αὐτοὺς
1788 295 1823 321 ὲν
1834 296 1921 331 λιμῷ.

1136 338 1247 373 Ἔχεται
1265 340 1313 374 τῆς
1326 338 1379 366 τῶν
1393 339 1613 375 προλελεγμένων
1634 340 1753 373 διανοίας
1762 341 1797 368 τὰ
1812 342 1923 377 προκεί-

1136 392 1213 419 μενα.
1227 385 1400 419 Συγκαλέσας
1411 385 1464 421 γὰρ
1474 387 1487 412 ὁ
1503 386 1582 421 λόγος
1601 388 1704 420 πάντας
1718 389 1781 420 τοὺς
1811 389 1858 415 ἐπὶ
1873 391 1923 427 γῆς

1134 431 1294 467 ἀνθρώπους
1321 433 1367 459 ἐπὶ
1391 433 1435 460 τὸν
1451 433 1531 468 φόϐον
1550 433 1598 466 τοῦ
1614 434 1681 461 Θεοῦ
1694 435 1738 462 διὰ
1757 435 1805 462 τοῦ
1829 445 1924 472 προει-

1134 478 1204 504 πεῖν·
1220 478 1376 513 Φοϐηϐήτω
1392 479 1446 506 τὸν
1467 480 1578 513 Κύριον
1590 479 1674 507 πᾶσα
1686 482 1705 516 ὴ
1725 480 1778 516 γῆἠ
1800 481 1860 510 εἶτα
1872 474 1925 511 πα·

1135 524 1308 560 ραθαῤῥύνας
1324 524 1361 561 μὴ
1377 525 1496 561 ἀγωνιᾷν
1514 526 1581 561 μηδὲ
1611 527 1750 561 φοὸεἰσθαι
1779 528 1843 561 τοὺς
1859 528 1924 565 μὲλ-

1133 570 1228 603 λοντας
1247 571 1441 598 ἐπανίστασθαι
1473 572 1564 604 αὐτοῖς
1588 573 1735 609 διωγμοὺς,
1752 575 1854 611 συνῆψε
1880 575 1925 605 διὰ

1133 617 1187 644 τῶν
1207 617 1361 653 ἔμπροσθεν
1393 618 1434 644 τό·
1464 619 1572 652 Κύριος
1595 619 1782 652 διασηδάζέι
1803 622 1924 656 ,βουλὰς

1133 663 1238 695 ἐθνῶν,
1254 663 1301 690 καὶ
1316 662 1348 689 τὰ
1360 661 1434 698 ἑξῆς.
1451 663 1508 698 Τῆς
1523 661 1569 690 οὖν
1585 664 1670 700 αὐτῆς
1695 665 1814 698 διανοίας
1829 667 1925 703 ἐχόμε-

1133 719 1178 742 νος
1191 711 1237 737 καὶ
1253 710 1296 737 διὰ
1312 711 1366 737 τῶν
1380 712 1568 747 προκειμένων
1595 713 1669 748 φησί·
1688 712 1837 750 Θαρσεῖτε.Δ
1855 714 1925 741 πάν-

1134 766 1178 788 τες
1191 757 1268 792 ὑμεῖς
1283 758 1350 793 πρὸς
1367 758 1412 790 οὒς
1422 759 1436 785 ὀ
1447 758 1533 793 λόγος.
1549 760 1580 786 Et
1604 759 1671 794 γοῦν
1698 760 1872 796 προσέλθοιτε
1885 762 1925 798 τῷ

1129 803 1216 830 ἀὑτοῦ
1232 803 1316 839 φόϐῳ,
1328 803 1403 836 ἕξετε
1413 805 1476 836 τοὺς
1486 804 1567 832 αὐτοῦ
1583 805 1738 841 ὀφθαλμοὺς
1751 807 1796 833 καὶ
1807 807 1858 843 τὴν
1872 808 1926 835 διο-

1135 847 1248 884 ρατικὴν
1262 848 1343 874 αὐτοῦ
1353 848 1466 884 δύναμιν
1484 850 1685 877 ἐπισκοποῦσαν
1699 851 1780 884 ὑμᾶς,
1796 853 1844 879 καὶ
1858 853 1926 881 πάν-

1133 902 1186 920 των
1200 893 1304 930 ἐχθρῶν
1319 895 1365 921 καὶ
1393 896 1541 923 ἐπιΰούλων
1570 897 1714 933 ῥυομένην.
1739 897 1817 925 Ἰδοὺ
1827 899 1884 935 γὰρ
1899 900 1928 928 οι

285 946 366 982 ~ejus,
390 950 420 972 ut
441 950 516 972 eruat
542 953 559 972 α
579 948 665 974 morte
688 942 793 970 animus
813 948 915 971 eorum.
936 938 1004 966 Nam
1021 939 1077 966 sine

1134 939 1282 974 ὀφθαλμοὶ
1296 941 1406 975 Κυρίου
1431 941 1481 968 ἐπὶ
1508 943 1579 976 τοὺς
1602 944 1808 978 φοϐουμένους
1819 945 1926 978 αὐτὸν,

290 991 378 1019 oculis
392 991 439 1018 Dei
455 990 529 1017 nulla
546 989 644 1017 salutis
664 995 729 1023 spes
752 989 812 1020 est,
833 994 867 1013 ne
889 985 1000 1022 quidem
1021 984 1078 1019 regi

290 1037 319 1065 in
335 1037 448 1064 militari
462 1038 599 1071 potestate
616 1033 709 1062 ﬁdenti
724 1042 732 1067 ;
749 1040 806 1064 non
828 1031 932 1068 giganti
954 1031 982 1058 in
1004 1030 1078 1058 mul-

290 1082 407 1110 titudine
434 1081 543 1109 virtutis
562 1083 590 1108 et
613 1077 783 1106 fortitudinis
807 1076 998 1112 superbienti;
1022 1083 1077 1103 non

291 1136 363 1165 equo
391 1126 529 1155 velocitati
559 1125 660 1161 pedum
689 1123 850 1151 conﬁdenti.
887 1122 951 1150 Haec
978 1122 1080 1157 quippe

289 1172 383 1200 omnia
398 1171 523 1206 decipere
539 1170 646 1202 solent,
664 1169 759 1197 fallere
776 1169 841 1196 item
864 1171 892 1195 et
913 1168 940 1194 in
956 1174 1078 1194 errorem

290 1217 423 1246 inducere
435 1224 482 1245 eos
496 1216 544 1252 qui
567 1216 596 1243 in
618 1215 716 1243 iisdem
736 1222 812 1249 spem
831 1213 943 1240 habent.
961 1211 1014 1239 Sed
1029 1219 1078 1239 vos

290 1263 418 1292 conﬁdite
432 1263 479 1297 qui
493 1261 638 1289 Dominum
652 1260 786 1288 invocatis
797 1279 806 1291 .
820 1258 936 1294 ejusque
953 1257 1078 1285 timorem

289 1307 489 1342 assumpsistis.
504 1307 625 1338 Consilia
639 1305 761 1342 gentium
775 1313 809 1332 ne
821 1303 1005 1332 reformidetis
1017 1311 1079 1339 quae.

289 1354 423 1382 Dominus
454 1353 592 1388 dissipat,
621 1359 672 1380 nec
701 1350 883 1387 cogitationes
913 1350 1076 1385 populorum

288 1408 349 1436 qua:
370 1407 386 1427 a
411 1401 466 1427 Deo
491 1392 575 1426 irritae
596 1397 763 1430 efﬁciuntur,
787 1404 839 1424 nec
857 1397 974 1424 consilia
1002 1396 1079 1432 prin—

287 1448 380 1481 cipum
409 1452 470 1481 qua:
501 1444 560 1479 ipse
590 1443 745 1475 subvertit,
775 1441 831 1470 imo
864 1449 954 1477 neque
985 1448 1078 1476 regem

287 1491 381 1519 manui
402 1490 516 1518 militari
540 1489 683 1521 innixum,
704 1495 794 1523 neque
816 1487 953 1522 gigantem
970 1486 1079 1513 fortitu-

287 1538 351 1566 dine
366 1545 399 1565 ac
413 1537 518 1565 viribus
533 1535 675 1571 corporeis
687 1538 848 1562 tumentem.
862 1533 968 1563 Etcum
982 1534 1079 1568 ingens

287 1583 462 1620 praesidium,
478 1582 606 1610 videliCet
618 1580 797 1616 providentia
812 1580 899 1618 ipsius
913 1579 1009 1608 oculos
1025 1578 1076 1606 ob-

1133 985 1203 1018 τοὺς
1216 985 1391 1019 ἐλπίζοντας
1417 987 1466 1013 ἐπὶ
1495 987 1528 1014 τὸ
1550 987 1636 1021 ἕλεος
1651 988 1755 1020 αὐτοῦ,
1771 987 1928 1023 ῥύσασθαι

1133 1031 1166 1058 ἐκ
1182 1031 1312 1059 θανάτου
1329 1032 1383 1066 τὰς
1395 1033 1497 1068 ψυχὰς
1525 1033 1634 1061 αὐτῶν.
1661 1036 1727 1071 Δίχα
1756 1035 1811 1072 γὰρ
1836 1037 1927 1065 αὐτῶν

1133 1077 1186 1126 τῷν
1203 1078 1330 1126 τοῦλΘεοῦ
1347 1079 1492 1114 ὀφθαλμῶν
1521 1080 1571 1106 οὐκ
1593 1080 1667 1107 ἔστιν
1693 1081 1759 1118 ἄλλη
1792 1083 1929 1126 σωτηρίας

1134 1125 1220 1157 ἐλπὶς,
1234 1124 1295 1152 οθτε
1312 1126 1417 1160 βασιλεῖ
1435 1128 1615 1162 στρατιωτικῇ
1634 1127 1747 1163 δυνάμει
1771 1124 1927 1165 θαρροῦντι,

1133 1170 1194 1198 οὕτε
1211 1171 1321 1205 γίγαντι
1338 1172 1383 1198 ἐπὶ
1401 1172 1495 1208 πλήθει
1518 1172 1660 1207 δυνάμεως
1676 1174 1724 1200 καὶ
1755 1175 1848 1210 ἰσχύος
1860 1184 1927 1210 γαυ-

1136 1217 1269 1252 ρουμένῳ,
1284 1216 1345 1243 οὔτε
1363 1218 1438 1252 ἵππῳ
1455 1217 1542 1245 ποδῶν
1556 1218 1676 1254 ὠκύτητι
1690 1220 1847 1255 θαρροῦντι.
1860 1221 1928 1249 Πάν-

1133 1271 1167 1289 τα
1182 1262 1236 1298 γὰρ
1250 1263 1337 1289 ταῦτα
1353 1263 1535 1297 διαψεύδεται,
1552 1264 1663 1298 σφάλλει
1690 1265 1737 1291 καὶ
1757 1265 1848 1302 πλανᾷ
1865 1267 1927 1299 τοὺς

1133 1308 1177 1335 ἐπ’
1193 1308 1284 1340 αὐτοῖς
1309 1308 1467 1343 ὴλπικότας.
1493 1309 1561 1335 Ἀλλ’
1586 1309 1665 1345 ὑμεῖς
1689 1309 1827 1346 Θαρσεῖτε,
1843 1311 1926 1338 οἱτδν

1133 1352 1234 1388 Κύριον
1246 1352 1448 1385 ἐπικαλοῦντες,
1464 1353 1510 1380 καὶ
1526 1353 1571 1380 τὸν
1591 1353 1674 1380 αὑτοῦ
1687 1354 1770 1388 φόϐον
1785 1354 1927 1390 ἀνειληφό-

1133 1407 1187 1431 τες.
1203 1399 1258 1426 Καὶ
1271 1400 1339 1435 μήτε
1352 1399 1448 1435 βουλὰς
1466 1399 1550 1426 ἐθνῶν
1578 1399 1715 1435 φοϐεῖσθε⁷
1733 1401 1766 1433 ἃς
1792 1402 1808 1428 ὁ
1823 1401 1926 1437 Κύριος

1132 1445 1350 1476 διασκεδάννυσι,
1376 1445 1445 1481 μήτε
1459 1445 1605 1480 λογισμοὺς
1625 1445 1707 1476 λαῶν,
1732 1445 1778 1477 οὓς
1794 1447 1808 1472 ὁ
1824 1446 1926 1482 Κύριος

1133 1491 1232 1523 ἀθετεῖ,
1255 1491 1323 1526 μήτε
1339 1490 1436 1526 βουλὰς
1449 1491 1597 1526 ἀρχόντων,
1619 1491 1652 1523 ἃς
1665 1491 1746 1524 αὐτὸς
1765 1492 1924 1528 ἀνατρέπει.

1139 1535 1218 1563 Ἀλλὰ
1234 1536 1301 1572 μηδὲ
1320 1536 1430 1571 βασιλέα
1445 1536 1541 1572 πλήθει
1565 1537 1763 1572 στρατιωτικῆς
1784 1537 1925 1572 δυνάμεως

1134 1581 1282 1608 πεποιθότα
1295 1581 1529 1617 καταπλήττεσθε,
1549 1582 1616 1617 μηδὲ
1643 1582 1759 1616 γίγαντα
1788 1582 1861 1617 ἰσχύϊ
1877 1582 1924 1609 καὶ

287 1629 414 1662 tineatis,
432 1630 461 1657 in
474 1629 534 1665 ipso
547 1629 607 1656 solo
622 1632 650 1656 et
667 1627 696 1654 in
712 1626 906 1654 misericordia
919 1625 981 1660 ejus
1000 1632 1076 1660 spem

1131 1627 1198 1663 ἀλκῇ
1224 1626 1349 1663 σώματος
1376 1627 1555 1662 τυφούμενον.
1583 1628 1712 1662 Ἔχοντες
1733 1627 1760 1655 δὲ
1787 1628 1860 1663 μέγα
1875 1637 1924 1663 φυ-

287 1676 411 1710 reponite
425 1679 544 1704 vestram
554 1694 562 1707 ,
580 1679 609 1700 ut
625 1677 703 1702 eruat
721 1681 738 1700 α
753 1677 837 1700 morte
853 1672 956 1699 animus
972 1679 1075 1698 eorum.

288 1721 363 1750 Mors
377 1724 468 1748 autem
484 1719 582 1747 anima:
603 1718 686 1746 tuerit
705 1719 754 1747 Dei
774 1718 935 1754 abnegatio,
961 1716 1078 1746 deiectio

288 1769 368 1804 plena
378 1787 385 1800 ,
399 1770 427 1795 et
440 1770 554 1802 peccata
567 1765 600 1793 ad
616 1769 732 1794 mortem
769 1764 806 1792 ita
821 1768 852 1791 ut
867 1763 890 1791 si
906 1762 1015 1798 quando
1031 1769 1078 1790 ac-

287 1814 377 1847 cidat,
395 1817 426 1840 ut
445 1813 614 1848 sperantium
638 1811 666 1838 in
691 1810 776 1839 Deum
798 1817 915 1845 corpora
937 1808 1077 1836 communi

287 1860 387 1892 morti,
410 1859 445 1887 ob
466 1859 527 1894 ejus
549 1856 738 1886 testimonium
761 1856 926 1887 tradantur,
952 1859 980 1882 at
1004 1854 1078 1882 oculi

286 1906 335 1934 Dei
350 1906 457 1934 animas
471 1913 567 1934 eorum
581 1907 712 1932 curantes
725 1911 741 1931 a
756 1905 846 1930 morte
868 1902 944 1938 ipsos
965 1901 1076 1937 eripue-

287 1957 361 1980 runt.
377 1951 470 1987 Neque
486 1950 515 1980 id
531 1950 704 1979 solummodo
720 1953 852 1985 praestant
868 1957 876 1982 ;
893 1947 942 1976 sed
957 1952 988 1976 ut
1001 1948 1076 1976 alant

286 2007 334 2026 eos
349 1998 377 2025 in
395 1998 466 2025 fame
478 2017 486 2030 ,
504 1996 709 2033 providentiam
725 1995 837 2023 habent.
857 1994 998 2030 Siquidem
1015 2001 1078 2029 per-

287 2045 461 2074 secutionum
484 2048 624 2079 tempore,
646 2050 700 2078 quo
722 2043 884 2078 plerumque
902 2041 1027 2070 doctrina
1050 2045 1077 2068 et

287 2091 442 2119 divinarum
467 2089 673 2125 Scripturarum
698 2088 832 2117 lectiones
857 2088 1074 2124 praepediuntur,

286 2137 398 2172 rarique
414 2139 564 2163 occurrunt
583 2135 630 2171 qui
652 2135 810 2170 spirituales
831 2135 909 2162 cibos
930 2134 1074 2161 animabus

287 2182 430 2211 hominum
451 2181 633 2217 impertiant;
657 2186 777 2209 attamen
801 2181 874 2208 oculi
890 2180 1016 2212 Domini.
1032 2180 1075 2207 di-

285 2228 342 2257 vini
358 2227 479 2264 Spiritus
498 2227 621 2259 influxu,
645 2226 769 2262 ipsorum
786 2227 893 2257 animas
908 2226 984 2255 alunt
997 2229 1024 2253 et
1039 2225 1074 2252 ab

285 2275 346 2310 ipso
360 2274 415 2302 Deo
428 2273 571 2301 institutas
585 2272 707 2300 eﬂiciunt
720 2292 728 2306 ,
741 2272 780 2299 ita
796 2277 825 2299 ut
840 2272 910 2299 citra
924 2272 1073 2299 humanam

1129 1673 1275 1709 λακτήριον
1299 1674 1362 1705 τοὺς
1389 1673 1440 1708 τῆς
1457 1673 1585 1708 προνοίας
1601 1673 1683 1700 αὑτοῦ
1698 1673 1865 1709 ὀφθαλμοὺς,
1880 1674 1922 1701 ἐπ’

1129 1716 1209 1742 αὑτὸν
1222 1716 1345 1748 ἐλπίζετε
1365 1717 1444 1752 μόνον
1460 1718 1507 1744 καὶ
1519 1717 1566 1743 ἐπὶ
1587 1717 1618 1744 τὸ
1632 1718 1706 1749 ἕλεος
1718 1718 1812 1750 αὐτοῦ,
1834 1720 1878 1753 εις
1890 1720 1923 1746 τὸ

1124 1761 1279 1795 ῥύσασθαι
1297 1761 1331 1788 ἐκ
1344 1761 1474 1790 θανάτου
1491 1762 1546 1795 τὰς
1560 1763 1663 1798 ψυχὰς
1679 1763 1788 1791 αὐτῶν.
1803 1764 1923 1799 Θάνατος

1129 1808 1152 1834 δ’
1163 1808 1196 1834 ἂν
1215 1808 1258 1845 εἴη
1268 1807 1358 1844 ψυχῆς
1376 1809 1393 1844 ἠ
1419 1808 1533 1844 ἄρνησις
1549 1809 1596 1836 τοῦ
1609 1809 1676 1836 Θεοῦ
1693 1810 1741 1836 καὶ
1755 1811 1772 1846 ἡ
1789 1811 1923 1848 παντελὴς

1129 1854 1346 1886 (innatae-imm!
1361 1855 1389 1881 αἱ
1417 1855 1485 1893 πρὸς
1499 1854 1612 1882 θάνατον
1621 1856 1855 1891 ἁμαρτίαι-ὣστε,
1871 1857 1923 1884 κᾶν

1130 1901 1218 1936 συμϐῇ
1235 1909 1298 1928 ποτε
1314 1901 1367 1927 τῶν
1384 1901 1546 1934 ἐλπιζόντων
1560 1902 1608 1929 ἐπὶ
1623 1903 1669 1928 τὸν
1686 1902 1788 1938 Κύριον
1812 1903 1847 1930 τὰ
1875 1903 1926 1931 uti»

1130 1955 1202 1981 ματα
1212 1946 1318 1981 θανάτῳ
1332 1947 1526 1981 παραδίδοσθαι
1541 1947 1579 1984 τῷ
1599 1947 1681 1983 κοινῷ
1697 1947 1741 1975 διὰ
1756 1949 1864 1985 τὴνηείς
1872 1951 1922 1977 αὐ-

1127 1993 1172 2018 τὸν
1191 1993 1353 2029 μαρτυρίαν,
1365 1993 1421 2020 ἀλλ’
1434 1994 1458 2020 oi.
1472 1993 1606 2029 ὀφθαλμοὶ
1618 1995 1700 2021 αὑτοῦ
1712 1995 1758 2022 τοῦ
1767 1997 1922 2033 κρείττονος

1127 2040 1337 2075 ἐπιμεληθέντες
1353 2040 1402 2073 τὰς
1417 2041 1506 2077 ψυχὰς
1525 2041 1614 2069 αὐτῶν
1627 2042 1777 2078 ἐρρύσαντο
1793 2044 1826 2078 ἐκ
1840 2044 1922 2072 θανά-

1126 2094 1182 2112 του.
1200 2087 1236 2113 Οὺ
1256 2087 1335 2122 μόνον
1349 2086 1377 2114 δὲ
1391 2087 1470 2114 τοῦτο
1487 2087 1619 2120 ποιοῦσιν,
1646 2088 1713 2115 ἀλλὰ
1729 2090 1776 2116 καὶ
1798 2090 1847 2117 τοῦ
1862 2091 1921 2118 δια-

1126 2131 1224 2168 θρέψαι
1237 2132 1335 2164 αὐτοὺς
1349 2134 1377 2159 ἐν
1390 2132 1461 2168 λιμῷ
1478 2133 1606 2168 πρόνοιαν
1632 2135 1782 2161 ποιοῦνται.
1801 2135 1848 2164 Ἐν
1865 2137 1920 2174 γὰρ

1124 2180 1180 2209 τοῖς
1196 2180 1301 2214 καιροῖς
1313 2178 1366 2205 τῶν
1395 2179 1533 2214 διωγμῶν,
1548 2179 1608 2205 καθ’
1619 2179 1665 2211 οὒς
1690 2181 1819 2215 πολλάκις
1831 2183 1924 2215 κεκώπ

1124 2224 1216 2251 λυνται
1234 2225 1282 2260 μὲν
1301 2226 1328 2252 αῐ
1358 2225 1528 2252 διδασκαλίαι
1545 2226 1592 2253 καὶ
1604 2226 1638 2253 τὰ
1653 2226 1708 2254 τῶν
1732 2227 1921 2257 θεοπνεύστων

1125 2269 1242 2305 Γραφῶν
1257 2269 1468 2306 ἀναγνώσματα,
1496 2270 1621 2303 σπανίζει
1636 2271 1665 2298 δὲ
1678 2272 1692 2298 ὁ
1705 2271 1754 2304 τὰς
1768 2281 1920 2309 πνευματι-

286 2322 369 2349 ullam
391 2313 583 2356 disciplinam,
608 2326 709 2346 arcana
734 2319 851 2355 quadam
865 2319 965 2346 virtute
979 2317 1071 2345 nutri-

1131 2317 1176 2348 κὰς
1191 2317 1294 2352 τροφὰς
1318 2318 1377 2348 ταῖς
1387 2304 1449 2344 τῶν
1468 2317 1619 2353 ἀνθρώπων
1648 2317 1783 2351 διαδιδοὺς
1807 2304 1919 2356 ψυχαῖς,

287 2373 377 2395 antur.

1125 2364 1199 2399 ὅμως
1214 2365 1238 2390 οἱ
1252 2363 1385 2399 ὀφθαλμοὶ
1398 2364 1445 2391 τοῦ
1458 2364 1561 2400 Κυρίου
1575 2366 1608 2400 τῇ
1622 2365 1668 2392 τοῦ
1680 2366 1752 2392 θείου
1760 2367 1920 2402 Πνεύματος

286 2417 409 2452 ἐπιρροῇ,
427 2415 589 2444 καὶτούτων
616 2415 666 2447 τὰς
688 2414 776 2451 ψυχὰς
808 2414 980 2450 διατρέφουσι
1006 2413 1191 2444 θεοδιδάκτους
1220 2412 1318 2444 αὐτοὺς
1335 2411 1560 2449 ἀπεργαζόμενοι,
1592 2413 1630 2444 ὡς
1645 2414 1692 2440 καὶ
1707 2414 1770 2442 ἄνευ
1793 2415 1845 2451 τῆς
1873 2416 1925 2444 ἀνι

287 2462 402 2498 θρώπων
417 2462 590 2495 διδασκαλίας
602 2462 753 2499 ἀπορρήτῳ
768 2461 880 2496 δυνάμει
906 2459 1065 2496 τρέφεσθαι.

439 2550 469 2578 IN
487 2550 653 2580 PSALMUM
674 2549 778 2579 DAYID
797 2549 914 2583 XXXIII.

288 2631 313 2658 I.
340 2628 454 2663 Quando
472 2629 620 2657 immutauit
639 2630 740 2657 vultum
759 2638 837 2659 suum
855 2638 946 2657 coram
963 2630 1073 2663 Abimee

450 2664 522 2698 Iech,
540 2669 565 2691 et
583 2665 685 2692 dimisit
703 2673 762 2693 eum
780 2671 805 2695 et
825 2666 903 2693 abiit.
1014 2660 1016 2663 '

322 2736 438 2778 Quidam
461 2741 591 2778 suspicati
614 2747 678 2772 sunt
706 2743 779 2771 illam
804 2742 947 2778 praasentis
969 2742 1072 2777 psalmi

288 2790 494 2826 inscriptionem
503 2809 512 2822 ,
529 2788 672 2816 historiam
686 2789 839 2824 respicere,
853 2796 907 2824 qua
921 2787 1009 2816 fertur
1024 2788 1073 2816 Da-

285 2839 376 2866 videm
390 2844 405 2864 a
420 2836 490 2864 facie
502 2835 594 2864 Saulis
607 2835 757 2870 fugientem
768 2855 775 2867 ,
791 2835 825 2862 ad
838 2834 962 2862 Anchum
979 2841 1070 2870 regem

286 2885 355 2913 Geth
373 2884 542 2916 accessisse,
557 2882 668 2918 quando
685 2881 819 2909 insaniam
838 2881 973 2910 simulans
992 2881 1071 2916 quasi

286 2937 414 2968 tympano
431 2930 556 2967 pulsabat
572 2930 605 2957 ad
622 2932 715 2964 portas
732 2928 822 2962 urbis,
840 2933 866 2957 et
882 2928 1070 2959 deferebatur.

1243 2548 1299 2578 ΕΙΣ
1314 2548 1383 2575 ΤΟΝ
1396 2549 1547 2576 ΨΑΛΜΟΝ
1562 2548 1605 2576 ΤΩ
1621 2550 1721 2577 ΔΔΥῘΔ
1736 2550 1793 2576 AI".

1133 2629 1237 2656 Ὁπότε
1259 2628 1410 2662 ﬁliolam
1429 2627 1462 2654 τὸ
1491 2628 1653 2662 πρόσωπον
1676 2629 1770 2656 αὑτοῦ
1788 2629 1925 2658 enimio»

1151 2663 1314 2699 Ἀϐιμέλεχ,
1330 2664 1378 2690 καὶ
1394 2663 1550 2692 ἀπέλυσεν
1566 2663 1659 2691 αὐτὸν
1677 2665 1726 2691 καὶ
1750 2664 1899 2698 ἀπῆλθεν.

1168 2741 1314 2768 Ὑπέλαϐόν
1340 2750 1411 2773 τινες
1439 2741 1488 2777 τὴν
1525 2740 1574 2768 τοῦ
1599 2741 1780 2778 προκειμένου
1805 2743 1915 2779 ψαλμοῦ

1126 2786 1287 2823 προγραφὴν
1303 2787 1410 2822 ἐκείνην
1423 2788 1565 2823 σημαίνειν
1590 2788 1638 2823 τὴν
1668 2789 1798 2823 ἱστορίαν,
1822 2789 1914 2826 δι’ἧς,

1126 2831 1233 2867 φεύγων
1248 2831 1328 2858 Δαυῒδ
1343 2831 1396 2858 ἀπὸ
1412 2831 1558 2868 προσώπου
1565 2833 1659 2865 Σαοὺλ,
1672 2833 1831 2869 ἐληλυθέναι
1847 2834 1913 2870 πρρς

1132 2878 1243 2913 Ἀγχοὺς
1256 2878 1365 2913 βασιλέα
1372 2878 1421 2904 Γὲθ
1430 2878 1644 2914 ἀναγέγραπται·
1659 2880 1702 2906 ὅτε
1716 2880 1815 2915 μανίαν
1830 2889 1914 2917 προσο

1126 2925 1247 2962 ποιηθεὶς
1273 2923 1453 2960 ὲτυμπὰνιζεν
1467 2925 1512 2951 ἐπὶ
1537 2927 1597 2958 ταῖς
1620 2925 1715 2961 θύραις
1731 2927 1780 2962 τῆς
1798 2927 1915 2961 πόλεωῆ
