2056 3214
106 211 164 240 289

679 204 930 241 contionum
949 210 982 238 ιιι
1000 201 1171 239 ιτελιιιοε.

1223 179 1287 224 δ’)
1686 212 1740 241 290

109 272 157 299 καὶ
172 260 355 307 παρειρἐρετο,
373 272 420 299 καὶ
432 272 539 305 ἔπιπτε,
565 273 612 300 καὶ
627 274 756 310 κατέρῤει
775 273 810 301 τὰ
825 273 900 301 σίελα

953 275 981 300 et
997 271 1157 305 decidebat,
1176 274 1204 299 et
1220 265 1377 300 deﬂuebant
1393 271 1486 300 saliva:
1501 272 1562 308 ejus
1579 272 1607 300 iu
1623 271 1739 300 barbam

107 317 191 345 αὑτοῦ
205 316 253 343 ἐπὶ
267 317 313 344 τὸν
324 317 442 353 πώγωνα
451 319 544 346 αὑτοῦ·
553 318 618 346 ὥστ’
626 319 713 347 εἰπεῖν
726 319 773 347 τὸν
786 318 900 355 ’Δγχοῦς

108 362 179 400 πρὸς
194 364 259 396 τοὺς
283 364 380 396 παῖδας
409 364 502 391 αὐτοῦ⁸
524 365 625 401 ’Δνδρα
650 366 799 402 ἐπίληπτον
816 366 858 393 ἵνα
874 365 901 393 τι

108 411 272 447 εἰσηγάγετῑ
301 410 370 447 πρὸς
394 410 447 447 pi;
474 411 543 438 Ἀλλ’
568 412 609 439 ὅτι
636 412 685 449 μὲν
712 412 843 448 ἡλλοῑωσε
871 410 902 439 τὺ

108 456 255 492 πρόσωπον
271 456 365 489 αὐτοῦ,
390 456 509 492 ἤκουσαν
523 458 548 484 οἱ
578 456 702 485 τοιοῦτοι·
727 459 770 485 ὒπι
800 458 823 485 δ’
838 451 902 494 ἑξῆς

110 501 255 536 συνῆπται,
271 501 411 529 ἐναντίον
432 503 594 538 Ἀϐιμέλεχ,
611 503 718 530 δοκοῦσί
733 512 777 539 μοι
793 512 901 540 παρεω-

110 547 233 583 ρακέναι.
258 548 288 574 '0
305 548 354 583 μὲν
367 546 413 574 οὖν
435 549 549 584 Ἀγχοῦς
562 549 616 576 τῶν
631 550 786 584 ἀλλοψύλων
800 548 834 586 ἦν
849 551 900 585 βα-

109 591 200 625 σιλεὺς
225 592 281 619 τῶν
305 593 502 621 κατοικούντων
517 594 566 630 τὴν
591 595 651 621 Γέθ·
668 596 682 621 ὀ
707 595 736 621 δὲ
757 595 901 632 ’Λῧιμέλεχ

109 638 199 674 ἱερεὺς
218 637 267 665 τοῦ
285 638 354 665 Θεοῦ
383 640 592 675 μνημονεύεται’
621 641 689 677 πρὸς
704 641 733 667 ὃν
757 641 803 668 καὶ
819 642 900 670 αὑτὸν

108 684 246 721 ἐληλυθὼς
270 686 284 712 ὁ
300 686 382 712 Δαυῒδ
405 687 458 722 πρὸ
472 687 522 722 τῆς
544 689 694 724 παρουσίας
708 689 757 724 τῆς
771 688 839 725 πρὸς
854 689 900 716 τὸν

114 730 229 766 ’Δγχοὺς
246 731 402 766 ιστορεῖται·
420 732 493 767 λέγει
507 733 561 769 γὰρ
576 735 592 770 ἡ
610 735 704 770 Γραφή
716 743 723 750 ·
740 735 795 763 Kal
816 735 900 770 ἔρχε-

107 783 157 802 ται
174 777 190 802 ὁ
203 777 292 804 Acuti?
307 778 350 810 είς
362 778 441 805 Νοΰὴ
454 780 528 813 πρὸς
558 780 714 815 Ἀχιμέλεχ
730 781 784 808 τὸν
810 781 899 815 Ιερέιι,

108 821 161 848 καὶ
175 821 282 856 ἐξέστη
310 823 465 858 Ἀχιμέλεχ
479 824 516 859 τῇ
527 825 695 859 ἀπαντήσει
715 826 818 853 αὑτοῦ·
850 827 901 854 καὶ

107 868 196 895 εἶπεν
208 867 296 901 αὐτῷ·
310 870 340 896 Τί
353 869 397 896 ὅτι
413 870 453 897 σὺ
466 871 561 905 μόνος
571 871 618 898 καὶ
634 872 733 905 οὐδεὶς
742 873 818 908 μετὰ
829 873 899 905 σοῦ;

107 915 165 941 Kal
190 912 255 942 εἷπε
265 916 355 943 Δαυτδ
373 916 412 949 τῷ
430 917 508 951 ἱερεῖ·
546 918 577 944 '0
595 919 746 952 ,ϐασιλεὺς
761 919 901 947 ἐντέταλ-

952 318 1062 354 ipsius;
1079 317 1117 345 ita
1136 321 1167 345 ut
1184 317 1288 345 diceret
1304 317 1419 346 Auchus
1435 319 1528 353 pueris
1544 318 1604 347 suis
1621 328 1628 346 :
1648 318 1739 352 Quare

950 363 1040 391 virum
1054 363 1186 399 epilepsia
1199 367 1356 399 correptum
1368 363 1402 391 ad
1411 371 1454 392 me
1463 364 1655 393 introduxistis
1666 365 1677 391 ?
1687 364 1740 392 Ve-

950 414 1012 437 rum
1025 409 1065 437 illi
1078 409 1113 437 ad
1128 409 1156 437 id
1171 410 1260 438 solum
1274 410 1452 438 attenderuut
1464 410 1539 446 quod
1554 411 1740 439 immutaverit
1762 411 1765 413 λ

949 456 1055 484 Vultum
1068 463 1148 484 suum
1162 465 1169 490 ;
1182 455 1231 484 sed
1244 455 1371 484 videntur
1382 456 1448 484 mihi
1461 456 1490 484 id
1501 457 1655 493 neglexisse
1666 456 1739 493 quod

951 511 1015 530 mox
1037 503 1172 538 sequitur,
1195 511 1287 530 coram
1311 502 1473 530 Abimeleclt.
1485 504 1520 531 At
1531 503 1604 530 enim
1627 503 1738 530 Auchus

951 549 1168 584 alienigenarum
1181 548 1295 576 Getham
1319 549 1496 576 incolentium
1523 556 1570 576 rex
1584 552 1642 576 erat
1654 557 1661 583 ;
1675 548 1740 577 Abi-

951 596 1055 623 melech
1070 603 1134 623 vero
1150 595 1280 623 sacerdos
1290 594 1338 622 Dei
1355 594 1440 623 fuisse
1453 598 1621 622 memoratur
1635 603 1642 621 :
1658 602 1739 629 quem

950 641 1015 669 item
1034 641 1118 669 David
1135 641 1252 674 adiisse.
1270 646 1417 676 antequam
1431 641 1489 677 regi
1510 639 1624 668 Auchus
1649 647 1679 667 se
1704 639 1741 667 si-

950 691 1052 719 steret.
1080 691 1244 721 enarratur;
1272 687 1310 714 ait
1323 687 1425 723 quippe
1441 686 1606 723 Scriptura:
1623 685 1657 714 Et
1672 687 1741 714 venit
1760 713 1765 722 ,

950 732 1036 760 David
1053 734 1081 760 in
1097 733 1202 760 Nobam
1220 733 1254 760 ad
1267 732 1433 760 Achimclech
1453 732 1635 764 sacerdotem,
1652 737 1677 759 et
1694 732 1741 759 ob-

951 779 1051 813 stupuit
1075 778 1239 806 Acltimelech
1262 778 1295 806 de
1321 787 1432 806 occursu
1454 778 1533 813 ejus;
1551 783 1576 806 et
1600 778 1669 805 dixit
1693 779 1740 806 ei:

952 827 1042 860 Quare
1056 830 1083 853 tu
1097 827 1170 854 solus
1185 831 1210 854 et
1224 827 1314 854 nullus
1328 832 1366 854 est
1381 831 1465 853 tecum
1478 828 1490 855 2
1505 826 1539 854 Et
1553 827 1591 854 ait
1604 827 1690 854 David
1704 826 1739 853 nd

951 873 1137 901 sacerdotem:
1154 872 1210 900 Rea;
1229 872 1352 907 preecepit
1371 872 1435 899 mihi
1454 880 1600 899 sermonem
1620 871 1695 899 hodie
1714 876 1739 898 et

951 920 1020 947 dixit
1034 919 1098 947 mihi
1113 928 1121 947 :
1138 918 1224 947 Nemo
1239 920 1307 946 sciat
1321 927 1376 946 rem
1389 922 1495 953 propter
1507 927 1586 954 quam
1599 927 1646 954 ego
1662 919 1739 946 mitlo
1769 955 1771 957 _

106 961 158 987 ταί
168 969 218 995 μοι
228 961 314 995 ῥῆμα
324 961 457 997 σήμερον
466 963 515 990 καὶ
528 961 593 991 εἶπέ
604 973 664 999 μοι⁸
673 965 786 999 Μηδεὶς
799 965 899 1000 γνώτω

951 972 974 994 te
983 987 991 999 ,
1004 971 1028 994 et
1041 966 1072 994 de
1085 975 1138 1002 qua
1152 966 1263 1001 ρηοδερί
1285 965 1352 997 tibi;
1367 969 1392 992 et
1405 965 1493 999 pueris
1508 965 1665 999 testiﬁcatus
1679 973 1738 991 sum

106 1006 142 1033 τὸ
157 1005 240 1042 ,ῥῆμα
256 1007 325 1041 περὶ
348 1006 384 1036 οὗ
413 1008 471 1043 ἐγὼ
498 1010 678 1037 ἀποστέλλω
691 1018 737 1044 σε,
756 1012 804 1038 καὶ
821 1012 898 1047 ὑπὲρ

107 1050 145 1081 οὕ
161 1053 340 1089 ἐντέταλμαί
368 1062 428 1087 σοι,
460 1056 587 1089 καὶτοῖς
615 1056 782 1091 παιδαρίοις
800 1057 898 1093 διαμε-

104 1100 294 1135 μαρτύρημαι
320 1101 355 1128 ὲν
377 1101 418 1134 τῷ
432 1102 513 1135 τόπῳ
528 1103 568 1136 τῷ
597 1104 748 1139 λεγομένῳ
763 1104 836 1132 Θεοῦ
852 1105 899 1131 πί-

106 1155 184 1180 στις.
197 1147 253 1174 Kal
267 1147 327 1175 νῦν
339 1148 367 1175 ει
378 1149 457 1175 εἰσιν
468 1148 528 1176 ὑπὸ
556 1148 613 1184 τὴν
640 1149 723 1184 χεῖρά
735 1158 793 1177 σου
806 1150 897 1185 ἄρτοι,

106 1192 161 1226 δὸς
173 1193 218 1226 είς
228 1193 331 1228 χεῖράς
344 1203 404 1229 μου
425 1194 458 1222 τὸ
479 1195 611 1230 εὑρεθέν.
633 1196 687 1223 Kul
707 1197 854 1232 ἀπεκρίθη
882 1198 899 1224 ὁ

108 1237 206 1272 ἱερεὺς
216 1239 257 1272 τῷ
277 1239 378 1274 Δαυῒὸ,
393 1240 442 1267 καὶ
458 1238 553 1268 εἶπεν
572 1242 632 1269 Οὐκ
647 1242 727 1269 εἰσὶν
740 1242 823 1276 ἄρτοι
844 1241 899 1275 ,Βέ-

108 1284 193 1318 σηλοι
204 1284 262 1312 ὑπὸ
279 1285 337 1320 τὴν
348 1285 433 1321 χεῖρά
442 1295 513 1322 μου,
529 1287 574 1314 ὅτι
589 1288 658 1315 ἀλλ’
677 1288 695 1323 ἢ
717 1288 801 1323 ἄρτοι
821 1289 900 1324 ἅγιοι

107 1331 198 1357 εἰσιν
218 1331 245 1358 el
266 1333 482 1368 πεφυλαγμένα
510 1334 547 1360 τὰ
571 1333 711 1369 παιδάριά
733 1335 819 1362 ἐστιν
839 1336 899 1363 ἀπὸ

106 1376 260 1411 γυναικὸς,
282 1377 332 1404 καὶ
364 1377 482 1413 φάγετε.
500 1379 556 1406 Καὶ
583 1380 726 1415 ἀπεκρίθη
740 1381 831 1408 Δαυῒδ
859 1381 900 1414 τῷ

105 1421 187 1457 ἱερεῖ,
200 1422 249 1449 καὶ
258 1421 344 1450 εἶπεν
353 1423 442 1457 αὐτῷ·
458 1425 534 1452 Ἀλλ’
545 1426 603 1452 ἀπὸ
612 1426 753 1460 γυναικὸς
765 1427 899 1462 ἀπεσχη-

103 1468 181 1502 ιιεθιι
192 1467 280 1502 ἐχθὲς
292 1469 341 1495 καὶ
355 1469 458 1503 τρίτην
471 1469 593 1504 ἡμέραν·
607 1471 642 1497 ἐν
665 1471 704 1504 τῷ
718 1471 851 1504 ἐξελθεῖν
861 1481 900 1507 με

106 1515 150 1547 εἰς
161 1513 234 1541 ὁδὸν
242 1513 347 1550 γέγονε
362 1515 398 1542 τὰ
411 1515 550 1550 παιδάρια
564 1516 741 1552 ηνισμένα·
759 1518 808 1544 καὶ
823 1518 898 1552 αὕτη

105 1561 126 1594 ἠ
141 1559 212 1593 ὁδὸς
223 1559 367 1594 βέϐηλος·
386 1560 462 1588 διότι
477 1561 611 1596 σήμερον
621 1562 837 1597 ἀγιασθήσεται
852 1563 900 1590 διὰ

106 1604 142 1631 τὰ
152 1605 250 1639 σκεύη
273 1614 343 1641 μου.
368 1606 422 1633 Καὶ
457 1606 567 1633 ἔδωκεν
592 1605 672 1639 αὑτῴ
700 1607 857 1642 Ἀχιμέλεχ
883 1609 900 1634 ό

949 1014 976 1040 in
994 1013 1051 1041 loco
1066 1013 1111 1048 qui
1125 1012 1235 1045 dicitur,
1252 1011 1300 1038 Dei
1317 1010 1394 1046 ﬁdes.
1408 1010 1488 1037 Nunc
1500 1019 1561 1046 ergo
1579 1011 1602 1038 si
1618 1010 1672 1037 sint
1690 1010 1738 1037 sub

949 1068 1029 1086 manu
1047 1064 1093 1086 tua
1107 1066 1187 1093 panes
1200 1079 1207 1089 .
1222 1057 1257 1084 da
1273 1058 1301 1084 in
1318 1065 1412 1084 manus
1429 1065 1501 1083 meas
1518 1056 1587 1092 quod
1605 1063 1737 1091 repertum

950 1105 1040 1138 fuerit.
1060 1105 1095 1132 Et
1112 1104 1269 1139 respondens
1286 1102 1410 1131 sacerdos
1426 1102 1523 1130 Davidi
1539 1103 1576 1129 ait
1593 1102 1635 1130 illi
1648 1110 1657 1130 :
1676 1101 1737 1129 Nan

949 1155 1010 1177 sunt
1030 1158 1110 1185 panes
1131 1150 1195 1177 laici
1214 1149 1262 1176 sub
1281 1157 1362 1176 manu
1382 1156 1456 1182 mea,
1476 1148 1521 1175 sed
1539 1152 1641 1175 tantum
1657 1156 1737 1182 pones

949 1197 1053 1230 sancti,
1073 1197 1098 1223 si
1117 1197 1301 1223 abstinuerunt
1324 1195 1400 1230 pueri
1424 1203 1441 1222 a
1462 1189 1636 1228 mulieribus,
1651 1201 1739 1221 come-

949 1241 1014 1270 dite.
1028 1241 1062 1268 Et
1076 1242 1210 1276 respondit
1225 1241 1310 1269 David
1323 1241 1470 1274 sacerdoti,
1484 1245 1509 1268 et
1522 1241 1590 1268 dixit
1603 1241 1627 1267 ei
1638 1248 1646 1266 :
1663 1240 1738 1267 Certe

950 1296 967 1315 a
982 1287 1136 1315 mulieribus
1153 1287 1331 1315 continuimus
1347 1295 1395 1315 nos
1413 1286 1446 1313 ab
1462 1287 1518 1314 heri
1533 1291 1557 1314 et
1573 1285 1669 1313 nudius
1687 1290 1740 1312 ter-

950 1334 1018 1366 tius,
1031 1333 1136 1368 quando
1149 1333 1246 1369 egressi
1259 1341 1350 1360 sumus
1365 1333 1392 1359 in
1405 1333 1475 1359 riam
1486 1354 1493 1365 ,
1507 1337 1531 1360 et
1546 1332 1652 1368 fuerunt
1663 1331 1740 1366 pueri

949 1379 1131 1414 sanctiﬁcati:
1146 1387 1225 1413 porro
1240 1380 1282 1406 cia
1296 1379 1352 1406 lucc
1366 1378 1468 1412 polluta
1483 1383 1543 1411 est;
1558 1378 1603 1406 sed
1619 1379 1675 1413 ipsa
1690 1379 1737 1405 Ira-

950 1424 992 1451 die
999 1423 1318 1459 sanctiﬁcabiturpropter
1331 1433 1393 1451 vasa
1407 1432 1474 1451 mea.
1489 1423 1521 1451 Et
1535 1423 1607 1451 dedit
1620 1424 1644 1451 ei
1658 1423 1739 1450 Acili-

950 1470 1048 1497 melech
1063 1470 1184 1498 sacerdos
1198 1479 1277 1505 panes
1290 1471 1477 1505 propositionis
1488 1490 1495 1503 ,
1509 1478 1588 1505 neque
1598 1470 1665 1497 enim
1681 1473 1739 1496 erat

950 1516 987 1543 ibi
1001 1518 1093 1551 panis,
1110 1518 1162 1544 nisi
1178 1522 1281 1543 tantum
1296 1524 1377 1551 panes
1392 1516 1486 1550 faciei,
1502 1516 1548 1551 qui
1566 1515 1663 1543 sublati
1681 1516 1742 1550 {ut-

951 1566 1013 1587 rant
1025 1570 1041 1587 a
1056 1561 1124 1595 [acie
1136 1561 1261 1593 Domini,
1275 1565 1303 1587 ut
1317 1565 1457 1595 poneretur
1467 1561 1544 1595 panis
1559 1559 1672 1592 calidus,
1687 1568 1739 1593 qua

951 1608 993 1634 die
1009 1608 1109 1642 accepit
1124 1616 1167 1635 eos
1184 1609 1205 1634 '.

107 1650 204 1684 ιερεὺς
218 1650 289 1684 τοὺς
311 1651 422 1686 ἄρτους
441 1651 496 1686 τῆς
513 1653 692 1686 προθέσεως’
719 1652 764 1680 ὅτι
791 1654 847 1680 οὐκ
867 1651 906 1689 ἦν
925 1653 1025 1688 ἄρτος,
1041 1654 1111 1680 ἀλλ’
1122 1654 1142 1688 ἢ
1156 1653 1237 1688 ἄρτοι
1251 1654 1304 1682 τοῦ
1316 1654 1478 1689 προσώπου
1495 1654 1522 1680 οἱ
1555 1654 1739 1689 ἀφῃρημένοι

43 1704 48 1708 ”
105 1700 142 1726 ἐκ
154 1699 316 1734 προσώπου
328 1701 437 1735 Κυρίου
450 1701 504 1728 τοῦ
525 1702 725 1737 παρατεθῆναι
741 1702 832 1737 ἄρτον
851 1703 970 1738 θερμὸν,
983 1701 1002 1739 ᾖ
1024 1703 1119 1738 ἡμέρᾳ
1132 1703 1240 1732 ἐλαϐεν
1249 1704 1370 1736 αὐτούς.

145 1744 242 1772 Ταῦτα
262 1746 310 1785 μὲν
331 1745 378 1773 οὖν
398 1747 414 1782 ἡ
434 1748 499 1783 περὶ
521 1747 569 1774 τοῦ
604 1748 747 1784 Ἀχιμέλεχ
772 1749 898 1785 διήγησις

986 1750 1049 1777 Haec
1067 1750 1149 1777 habet
1169 1749 1291 1776 narratio
1311 1749 1357 1777 illa
1375 1748 1409 1776 de
1428 1748 1615 1776 Achimelcch.
1635 1747 1741 1778 Deinde

105 1791 243 1829 περιέχει·
269 1791 332 1827 ἑξῆς
357 1792 385 1819 δὲ
409 1793 544 1828 συνῆπται
568 1793 605 1826 ὡς
621 1795 720 1830 ἀνέστη
746 1795 828 1822 Δαυῒδ
852 1797 898 1823 καὶ

106 1840 208 1874 ἔφυγεν
220 1839 249 1865 ὲν
262 1840 295 1875 τῇ
311 1839 403 1875 ἡμέρᾳ
420 1840 521 1875 ἐκείνῃ·
553 1839 600 1867 τοῦ
614 1849 643 1867 τε
665 1841 807 1877 ’Λχιμέλεχ
835 1843 899 1869 ἀνα-

105 1886 244 1922 χωρήσας,
256 1882 323 1921 ἦλθε
346 1885 414 1921 πρὸς
433 1885 545 1922 Ἀγχοῦς
569 1886 680 1921 βασιλέα
712 1887 773 1913 Γέθ.
803 1888 832 1914 '0
850 1888 899 1923 μὲν

107 1930 154 1958 οὖν
168 1940 210 1964 τις
224 1932 291 1968 ἐρεῖ,
307 1931 368 1958 ἐπεὶ
399 1932 436 1967 μὴ
471 1933 618 1968 ἐμφέρεται
636 1934 665 1959 ὲν
679 1934 712 1968 τῇ
745 1934 850 1969 ἱστορίᾳ
865 1935 897 1969 τῇ

107 1975 233 2004 κατὰτὸν
262 1976 406 2012 Ἀχιμέλεχ
427 1986 436 2002 ι
453 1977 602 2009 ἀλλοιώσας
624 1978 654 2004 τδ
680 1978 824 2014 πρόσωπον
852 1980 899 2006 αὑ-

106 2022 155 2049 τοῦ
170 2024 184 2050 ι
200 2022 290 2056 Δαυτδ,
310 2033 319 2050 ι
339 2024 409 2051 κατὰ
426 2023 536 2059 σφάλμα
561 2025 666 2052 κεῖσθαι
689 2024 719 2051 τὸ
735 2025 821 2060 ὄνομα
851 2025 898 2052 τοῦ

113 2068 258 2105 ’Δϐιμὲλεχ
274 2070 335 2096 ἀντὶ
358 2069 404 2096 τοῦ
430 2069 561 2105 ὀνόματος
585 2070 707 2106 Ἀγχούς·
737 2071 829 2105 σαφῶς
845 2071 899 2107 γὰρ

106 2115 153 2141 ἐπὶ
166 2114 212 2142 τοῦ
226 2115 338 2151 Ἀγχοῦς
354 2116 469 2152 εἴρηταν
479 2123 489 2141 ι
497 2116 644 2148 ἀλλοιώσας
654 2116 684 2143 τὸ
695 2121 842 2152 πρόσωπον
855 2117 898 2144 αὺ-

106 2162 167 2194 τοῦ,
181 2170 191 2187 ι
203 2161 247 2188 iis:
262 2162 308 2188 καὶ
322 2161 357 2189 τὰ
374 2162 449 2189 σίελα
459 2162 541 2189 αὑτοῦ
554 2163 681 2198 κατέρρει
692 2163 739 2189 καὶ
752 2163 900 2199 ὲτυμπάνι-

108 2207 164 2240 ζεν.
184 2208 285 2243 Ἔργον
295 2207 324 2235 δὲ
340 2207 454 2244 θρασὺν,
468 2208 516 2235 καὶ
535 2209 669 2244 προπετὲς
685 2207 754 2236 εἶναι
780 2210 899 2245 ἡγοῦμαι

107 2251 139 2278 τι,
151 2251 342 2287 ἀποφήνασθαι
369 2250 471 2287 τολμᾷν
487 2251 536 2287 τὴν
554 2251 628 2278 θείαν
650 2252 760 2288 Γραφὴν
775 2253 900 2289 ἡμαρτῆ-

109 2299 181 2331 σθαι,
197 2297 244 2324 καὶ
255 2296 382 2324 τοσοῦτον
396 2297 533 2333 περιέχειν
548 2297 670 2333 σφάλμα,
693 2297 730 2329 ὡς
745 2298 805 2325 ἀντὶ
823 2298 901 2326 ἀλλο-

109 2343 192 2378 φύλου
208 2343 303 2378 ἀνδρὸς
319 2342 393 2378 ἱερέα
426 2343 492 2370 Θεοῦ
510 2343 693 2379 παρενθεῖναι’
725 2344 842 2379 μάλιστα
855 2345 900 2371 ὅτε

107 2391 156 2418 καὶ.
167 2389 185 2425 ή
206 2389 338 2425 Ἐϐραῖκὴ
353 2389 505 2423 ἀνάγνωσις
522 2390 569 2416 καὶ
585 2391 608 2416 οἱ
630 2390 718 2416 λοιποὶ
733 2390 900 2426 ἑρμηνευταὶ

109 2436 211 2468 πάντες
222 2435 266 2462 τὸν
285 2435 428 2471 Ἀχιμέλεχ
437 2434 616 2471 περιέχουσιν.
635 2435 739 2463 Οὐκοῦν
753 2436 898 2464 ἀκόλουθον
913 2431 936 2459 Ῑ)

109 2482 143 2509 ἂν
155 2483 209 2517 εἴη,
221 2481 405 2518 ἀληθευούσης
422 2481 471 2516 τῆς
487 2482 659 2517 προγραφῆς,
675 2482 815 2517 ἐπιζητεῖν
840 2482 899 2515 πῶς

109 2529 158 2555 καὶ
172 2528 236 2554 mc:
258 2527 408 2561 ήλλοίωσε
439 2527 471 2554 τὸ
501 2528 662 2562 ,πρόσωπον
685 2529 778 2555 αὐτοῦ
810 2520 903 2561 Δαυῖό

108 2574 248 2601 ἐναντίον
279 2575 443 2609 Ἀϐιμέλεχ,
468 2575 517 2601 καὶ
548 2574 703 2602 ἀπέλυσεν
727 2577 829 2608 αὐτὸν,
850 2576 899 2604 καὶ

109 2620 237 2655 ἀπῆλθε.
251 2621 330 2648 Δοκεῖ
342 2621 372 2655 δή
385 2629 429 2656 μοι
444 2621 476 2648 ὲκ
487 2622 537 2657 τῆς
552 2621 728 2657 παραθέσεως
737 2623 789 2649 τῶν
800 2623 901 2651 λοιπῶν

110 2665 287 2702 ἑρμηνευτῶν
299 2665 391 2698 λύσεις
413 2666 587 2702 εὑρίσκεσθαι
600 2667 647 2694 τοῦ
670 2666 847 2703 ζητουμένου.
870 2669 899 2694 '0

112 2713 161 2748 μὲν
175 2712 231 2749 γὰρ
253 2712 369 2745 ’Δκύλας
386 2713 433 2739 καὶ
448 2712 464 2748 ἡ
481 2713 591 2749 πέμπτη
607 2713 712 2745 ἔκδυσις
733 2714 828 2741 τοῦτον
846 2716 898 2750 ὴρ-

112 2745 249 2794 ιιήνευσαν
260 2759 306 2785 τὸν
320 2759 429 2794 τρόπον·
448 2745 503 2786 Ῠοῦ
519 2745 613 2786 λαυίὸ
629 2759 678 2786 ὅτε
702 2745 907 2795 quamve-rel,

111 2805 206 2841 γεῦμα
223 2805 317 2833 αὑτοῦ
339 2807 382 2838 είς
405 2805 567 2839 πρόσωπον
587 2805 750 2840 Ἀϐιμέλεχ,
768 2806 818 2833 καὶ
833 2802 906 2838 ἐξέέ

111 2850 316 2884 ϐαιεναύτὸν,
348 2851 397 2878 καὶ
419 2851 547 2886 ἀπῆλθε.
572 2851 685 2888 Μήποτε
698 2851 752 2887 γὰρ
774 2852 819 2879 διὰ
836 2853 898 2884 τοὺς

146 2943 157 2958 '
175 2941 185 2969 ι
203 2941 273 2977 Reg.
293 2941 417 2975 ξιιμ-6.

950 1796 1081 1831 adjicitur
1107 1804 1162 1830 quo
1184 1799 1265 1831 pacto
1285 1795 1370 1823 David
1397 1795 1548 1824 surrexerit
1573 1799 1601 1822 et
1616 1795 1741 1831 ell‘ugerit

949 1843 996 1870 illa
1014 1843 1075 1875 die,
1099 1850 1218 1877 cumque
1240 1842 1274 1870 ab
1302 1841 1478 1870 Achimelech
1505 1841 1690 1874 discessisset,
1705 1842 1740 1870 ad

949 1889 1061 1916 Auchus
1068 1896 1159 1923 regem
1170 1888 1239 1916 Geth
1251 1889 1410 1916 accesserit.
1421 1887 1496 1916 Dicet
1505 1888 1574 1916 forte
1582 1888 1738 1923 quispiam:

951 1936 1018 1963 Cum
1034 1935 1062 1962 in
1077 1935 1190 1962 historia
1205 1935 1239 1962 de
1255 1934 1429 1962 Achimclech
1443 1942 1497 1962 non
1511 1934 1615 1962 feratur
1630 1944 1639 1961 ι
1655 1934 1735 1961 Davi-

950 1983 1011 2010 dem
1025 1982 1184 2009 immutasse
1201 1981 1304 2008 vultum
1318 1988 1409 2012 suum,
1424 1990 1433 2006 ι
1444 1980 1523 2015 lapsu
1543 1980 1673 2016 graphico
1688 1988 1740 2008 no-

950 2036 1012 2056 men
1027 2027 1203 2055 Achimelech
1219 2034 1270 2062 pro
1284 2027 1395 2054 nomine
1415 2026 1528 2054 Auchus
1541 2026 1661 2062 positum
1672 2031 1735 2055 est:

950 2074 1023 2101 clare
1038 2074 1112 2101 enim
1137 2073 1165 2100 in
1188 2073 1304 2100 historia
1322 2072 1434 2100 Auchus
1459 2073 1561 2101 dicitur
1579 2074 1740 2102 immutasse

949 2116 1055 2148 vultum
1080 2127 1171 2153 suum,
1196 2119 1307 2155 quando
1327 2119 1419 2147 saliva!
1444 2120 1504 2154 ejus
1529 2119 1697 2152 difﬂuebant.
1713 2125 1740 2148 et

950 2165 1029 2201 quasi
1043 2169 1174 2201 tympano
1187 2165 1324 2201 pulsabat.
1341 2165 1376 2192 At
1387 2172 1438 2200 ego
1449 2165 1539 2193 audax
1550 2166 1739 2194 temerarium-

950 2220 1004 2247 que
1020 2211 1126 2240 facinus
1140 2212 1260 2239 arbitror
1276 2219 1349 2244 esse.
1365 2213 1544 2247 pronuntiare
1570 2212 1742 2240 conﬁdenter

950 2258 1070 2286 divinam
1084 2258 1254 2293 Scripturam
1267 2258 1370 2293 lapsam
1380 2266 1451 2290 esse,
1462 2262 1489 2285 et
1499 2259 1553 2286 tale
1562 2258 1657 2285 vitium
1670 2266 1739 2294 prae-

951 2304 1032 2336 ferre.
1049 2307 1079 2331 ut
1097 2312 1147 2339 pro
1162 2304 1222 2331 viro
1244 2303 1397 2339 alienigena
1419 2305 1548 2332 sacerdos
1565 2304 1672 2332 Domini
1689 2312 1740 2339 po-

951 2354 1052 2382 natur;
1071 2357 1134 2376 cum
1157 2349 1276 2377 maxime
1292 2348 1425 2377 Hebraica
1442 2349 1563 2377 lcctio.et
1577 2349 1674 2384 reliqui
1697 2350 1739 2377 in-

952 2399 1086 2430 terpretes
1109 2403 1205 2423 omnes
1225 2396 1389 2423 Arhimelech
1419 2395 1624 2423 circumferant.
1644 2395 1740 2424 Restat

951 2441 1046 2477 igitur,
1061 2442 1171 2477 quando
1198 2442 1342 2477 inscriptio
1355 2449 1419 2469 vera
1434 2441 1547 2477 profert,
1565 2445 1593 2469 ut
1610 2442 1739 2478 exquira—

949 2495 1014 2514 mus
1024 2488 1161 2523 quomodo
1175 2492 1202 2515 et
1217 2488 1327 2522 quando
1338 2487 1423 2515 David
1438 2487 1538 2514 vultum
1550 2495 1627 2515 suum
1640 2488 1738 2515 immu-

951 2534 1016 2560 tavit
1031 2542 1121 2560 coram
1143 2533 1304 2567 Abimeleclr,
1323 2539 1347 2560 et
1366 2534 1466 2561 dimisit
1481 2543 1550 2565 eum.
1562 2540 1587 2562 et
1600 2535 1674 2563 abiit.
1691 2535 1739 2563 Vi-

952 2579 1032 2606 detur
1043 2587 1110 2606 sane
1127 2579 1192 2606 mihi
1212 2587 1246 2606 ex
1259 2584 1418 2608 czetcrorum
1435 2580 1610 2615 interpretum
1628 2589 1739 2617 compa-

952 2624 1057 2651 ratione
1086 2624 1193 2659 quaasiti
1209 2626 1359 2652 solutiones
1372 2625 1550 2660 suppeditari.
1558 2626 1626 2654 Nam
1640 2627 1737 2663 Aquila

952 2675 976 2698 et
993 2671 1087 2705 quinta
1103 2671 1187 2699 editio
1200 2671 1252 2699 hoc
1266 2676 1344 2706 pacto
1362 2672 1532 2708 interpretati
1553 2678 1616 2702 sunt
1632 2682 1638 2700 :
1657 2675 1739 2701 Davi-

950 2715 991 2742 dis
1006 2717 1111 2751 quando
1137 2716 1286 2744 immutauit
1299 2721 1405 2751 gustum
1426 2726 1502 2745 suum
1519 2719 1553 2746 ad
1567 2719 1660 2754 faciem
1670 2720 1737 2746 Abi-

950 2761 1059 2793 mclech,
1090 2766 1115 2788 et
1146 2762 1221 2796 ejecit
1242 2770 1313 2794 eum,
1342 2767 1367 2790 et
1405 2763 1481 2791 abiit.
1520 2764 1601 2792 Forte
1626 2771 1737 2800 propter

950 2815 1036 2843 panes
1052 2808 1259 2843 propositionis,
1273 2816 1343 2844 quos
1369 2817 1431 2837 cum
1453 2811 1603 2846 accepisset
1619 2811 1654 2838 ab
1671 2812 1738 2839 Abi-

950 2853 1066 2885 mclech,
1083 2853 1201 2887 comedit
1220 2853 1277 2888 ipse
1303 2858 1330 2882 et
1351 2855 1428 2890 pueri
1446 2856 1491 2890 qui
1515 2863 1576 2883 cum
1593 2863 1625 2884 eo
1646 2860 1734 2889 erant,
