2056 3214
320 207 370 239 291

663 208 798 237 EUSEBll
814 201 1054 236 CA‘ZSARIENSIS
1072 204 1148 235 OPP.
1168 203 1258 232 PARS
1289 202 1375 231 lll.—
1393 200 1595 229 EXEGETICA.

1898 197 1950 226 292

320 269 482 296 immutaSse
505 267 607 296 dicitur
624 272 734 303 gustum
749 264 828 295 suum
847 267 881 295 ad
894 267 990 294 faciem
1002 266 1107 294 Abime-

1163 265 1262 300 ἄρτους
1270 263 1320 298 τῆς
1337 261 1501 298 προθέσεως,
1513 260 1561 292 οὓς
1575 258 1664 286 λαϐὼν
1678 258 1754 294 παρὰ
1768 257 1815 285 τοῦ
1838 257 1950 293 ’Δειμέ-

322 315 394 342 lech.
410 315 479 343 Cum
493 315 565 342 cnim
585 315 784 342 sanctificatum
802 314 892 341 cibum
907 313 1064 344 comederit.
1078 319 1110 340 ac

321 361 507 389 sacerdotales
524 369 618 396 panes,
633 361 733 396 quibus
744 360 856 388 nonnisi
878 359 944 387 solis
959 359 1108 386 sacerdoti-

320 407 372 435 bus
387 408 425 434 uti
445 407 554 439 licebat,
576 407 729 434 immutavit
749 411 857 442 gustum
881 413 971 434 suum.
987 404 1111 440 Symma-

320 453 389 480 chus
403 461 468 480 vero
485 460 548 479 cum
560 453 637 484 dicit,
656 452 764 479 Davidis
786 451 890 487 quando
907 451 1110 486 transformat/it

320 506 420 526 morem
435 507 512 526 suum
530 507 618 525 coram
635 498 794 532 Abtmelech,
812 498 894 525 alium
910 506 1021 526 sensum
1045 499 1111 526 sub-

318 546 389 582 ji’cit,
404 546 469 574 dum
491 546 528 573 ait
541 554 644 573 morem
667 545 778 574 Davidis
802 545 976 573 immutatum
993 545 1020 572 in
1042 553 1109 573 con-

320 597 416 628 spectu
432 592 604 620 Ahimelech:
627 592 690 626 quia
714 591 820 619 scilicet
839 591 1024 627 interrogatus
1049 599 1110 626 qua:

320 646 403 667 causa
420 642 553 674 susceptae
566 638 615 666 vim
636 638 688 665 sibi
703 641 786 670 esset,
807 638 939 665 mentitus
953 641 1006 669 est,
1020 645 1051 664 ac
1065 645 1110 664 sa-

320 686 458 714 cerdotem
477 685 589 713 fefellit:
607 686 726 712 alienum
742 683 843 719 quippe
859 683 968 712 Davidis
988 683 1109 711 moribus

320 736 378 759 crat
395 731 504 759 fallacia
520 731 570 763 uti,
598 738 653 765 qua
676 734 768 757 tamen
786 738 852 758 usus
869 738 902 757 eo
921 733 1044 764 tempore
1058 729 1110 755 im-

319 777 434 804 mutavit
448 784 548 804 morem
566 784 658 808 suum,
679 776 829 803 secundum
848 775 1050 811 Symmachum.
1069 774 1108 802 Ex

319 823 399 850 dictis
421 830 503 857 porro
521 823 607 857 ipsam
637 829 748 857 quoque
773 821 953 856 Septuaginta
980 820 1109 848 Virorum

319 869 570 904 lnterpretationem
587 868 709 896 historia:
721 867 889 895 Abimelechi
901 867 1030 902 adaptare
1043 868 1109 894 lice-

318 914 368 946 bit,
383 921 443 948 qme
458 917 552 940 narrat
575 913 704 941 Davidem
725 913 887 940 immutasse
901 914 1005 940 vultum
1028 920 1108 940 suum

318 967 411 986 coram
433 959 602 991 Ahimelech,
620 959 685 994 quia
706 966 761 986 non
785 958 837 993 ipsi
852 966 945 985 veram
966 955 1034 993 fugae
1051 966 1107 986 suae

318 1013 430 1033 causam
457 1005 656 1037 declaraverat,
683 1004 731 1032 sed
751 1003 885 1031 fefellerat
909 1011 970 1031 eum
985 1004 1038 1030 alia
1057 1011 1108 1039 pro

319 1052 381 1080 aliis
398 1053 524 1085 locutus;
542 1053 579 1078 ita
594 1055 623 1078 ut
648 1051 730 1078 etiam
750 1051 869 1078 Goliathi
882 1051 1012 1078 frameam
1028 1051 1062 1077 ab
1075 1058 1108 1077 co

319 1097 465 1131 acceperit,
483 1096 590 1131 ipsique
613 1095 744 1131 perniciei
757 1103 842 1123 causa
865 1096 957 1123 fuerit.
980 1096 1038 1123 Sub
1052 1096 1108 1123 ι]ωο

320 1143 392 1169 enim
405 1141 470 1169 Saul
481 1150 542 1169 cum
556 1150 612 1169 rem
629 1146 732 1178 gestam
747 1142 897 1175 didicisset,
912 1143 988 1170 misit
1002 1143 1049 1177 qui
1060 1150 1107 1170 oc-

319 1188 442 1215 ciderent
455 1188 613 1215 Abimelech
625 1192 652 1216 et
667 1195 761 1216 omnes
779 1188 936 1216 sacerdotes
951 1188 1069 1221 Domini,
1081 1192 1109 1216 et

318 1233 424 1261 Nobam
444 1234 582 1262 civitatem
605 1235 777 1262 sacerdotum
803 1236 949 1270 percussit.
972 1235 1108 1270 Gestaque

318 1280 377 1308 haec
402 1281 494 1308 omnia
519 1286 593 1314 sunt,
620 1281 684 1316 quia
710 1281 795 1310 David
820 1283 975 1310 immutavit
997 1282 1108 1309 modum

318 1334 410 1361 suum,
434 1331 481 1354 aut
495 1322 600 1355 vultum
618 1336 696 1355 suum
726 1328 753 1355 in
776 1333 925 1364 conspectu
939 1328 1107 1356 Abimelech.

317 1370 474 1408 Regnorum
502 1372 643 1408 Scriptura
662 1373 827 1401 Acltimelech
846 1374 944 1408 habet;
962 1382 996 1402 ne
1013 1382 1047 1401 ex
1064 1374 1109 1401 lit-

318 1421 384 1446 terae
407 1419 621 1447 commutatione
645 1419 782 1454 quispiam
805 1424 971 1447 moveatur:
997 1427 1059 1446 nam
1075 1427 1108 1447 ex

317 1472 349 1492 ea
360 1472 421 1500 qum
433 1465 577 1492 intercedit
593 1466 663 1493 inter
676 1466 780 1493 litteras
796 1466 860 1492 Beth
876 1469 903 1493 et
916 1465 1000 1501 Caph,
1016 1470 1045 1493 ut
1056 1465 1109 1493 lle-

317 1511 382 1538 brzci
406 1516 516 1542 vocant.
537 1511 726 1544 similitudine,
751 1512 859 1539 diverse
879 1519 978 1538 nomen
1005 1511 1109 1538 editum

317 1555 370 1584 fuit
385 1565 392 1583 :
407 1556 542 1591 siquidem
561 1565 614 1584 una
626 1557 776 1592 cadentque
793 1557 849 1584 fere
861 1556 978 1584 duorum
991 1556 1110 1584 elemen—

316 1605 408 1633 torum
426 1601 522 1636 figura,
536 1601 699 1629 brevissimo
713 1602 790 1636 apice
805 1602 894 1629 solum
909 1601 1106 1636 distinguente.

316 1647 348 1674 In
376 1646 530 1681 Evangeliis
567 1654 649 1681 porro
678 1647 794 1681 hujusce
826 1647 950 1674 historiae
977 1647 1107 1674 Davidem

317 1693 468 1728 spectantis
491 1692 618 1720 Salvator
640 1693 765 1720 meminit
790 1693 832 1720 his
853 1693 943 1720 verbis
958 1703 964 1721 :
979 1693 1041 1720 Non
1067 1694 1106 1721 te-

316 1739 394 1774 gistis
412 1737 474 1772 quid
487 1737 578 1772 fecerit
597 1738 692 1770 David,
708 1739 813 1773 quando
830 1740 934 1771 esuriit,
952 1744 976 1766 et
990 1741 1034 1775 qui
1047 1749 1107 1768 cum

315 1791 346 1810 eo
361 1787 438 1809 erant
449 1783 599 1826 :quomodo
612 1784 722 1810 intravit
737 1784 764 1811 in
785 1784 892 1812 domum
909 1785 968 1819 Dei,
982 1790 1007 1813 et
1022 1795 1104 1821 partes

315 1830 504 1865 propositionis
514 1829 637 1862 comedit,
658 1839 723 1865 quos
745 1839 798 1858 non
813 1831 907 1859 licebat
922 1833 946 1859 ei
960 1832 1046 1866 edere,
1062 1842 1107 1860 ne-

315 1883 366 1911 que
382 1876 414 1902 iis
429 1877 474 1911 qui
488 1884 549 1902 cum
564 1884 594 1902 eo
610 1881 697 1910 erant,
712 1877 765 1904 nisi
786 1877 852 1904 solis
874 1878 1053 1906 sacerdotibus
1066 1879 1108 1906 ὀἳ

318 1920 376 1948 Hoc
388 1921 416 1948 in
427 1921 574 1957 Ev‘angelio
597 1922 749 1950 secundum
762 1922 919 1951 Matthazum
935 1924 1039 1952 dictum
1053 1929 1105 1953 est.

316 1967 385 1994 Cum
402 1971 492 1996 autem
516 1968 545 1995 in
572 1967 720 2003 Evangelio
745 1969 896 1996 secundum
923 1969 1044 1998 Marcum
1069 1971 1106 1998 ita

317 2013 438 2040 locutum
455 2013 624 2042 Salvatorem
645 2022 707 2042 esse
725 2015 883 2044 scribatur:
903 2015 1048 2051 Nunquam
1072 2016 1108 2044 le-

317 2060 393 2095 gistis
414 2061 477 2096 quid
497 2060 587 2095 fecerit
610 2061 707 2094 David,
730 2062 836 2097 quando
861 2063 1044 2090 necessitatem
1063 2063 1108 2090 ha-

317 2105 384 2138 buit,
396 2110 421 2132 et
436 2106 529 2132 esui-iit
557 2108 611 2141 ipse
629 2111 655 2135 et
673 2107 718 2142 qui
734 2115 793 2134 cum
814 2116 844 2135 eo
863 2110 960 2137 erant?
976 2109 1107 2144 quomoda

318 2151 435 2178 introivit
452 2152 479 2178 in
494 2151 601 2178 domum
616 2151 666 2179 Dei
684 2152 732 2179 sub
747 2152 877 2180 Abiathar
888 2154 1006 2189 principe
1020 2163 1107 2182 sacer-

317 2196 421 2230 dotum,
437 2202 462 2224 et
481 2206 562 2232 panes
589 2199 777 2232 propositionis
801 2201 970 2227 manducavit
984 2200 1024 2228 “?
1044 2201 1106 2236 quis

317 2251 373 2271 non
388 2243 472 2270 animi
491 2243 608 2278 pendeat
624 2248 772 2278 quaeratve,
789 2252 842 2279 qua
861 2245 967 2273 ratione
982 2246 1027 2273 hic
1042 2245 1106 2274 Ser-

1160 311 1217 346 λεχ,
1233 309 1334 344 ἔφαγεν
1356 307 1436 339 αὐτὸς
1450 307 1498 334 καὶ
1517 307 1551 333 τὰ
1579 305 1709 340 παιδάρια
1733 304 1766 330 τὰ
1784 303 1842 340 μετ’
1856 303 1950 336 αὑτοῦ,

1159 356 1337 393 ἡλλοιωκέναι
1351 355 1459 389 λέγεται
1487 354 1517 380 τὸ
1531 352 1621 388 γεῦμα
1643 350 1725 378 αὑτοῦ
1749 351 1789 382 εις
1804 350 1952 386 πρόσωπον

1166 403 1320 438 ’Λὸιμέλεχ.
1335 401 1518 437 Ἦγιασμένης
1531 399 1585 435 γὰρ
1596 398 1698 435 τροφῆς
1707 397 1886 432 γευσάμενος,
1903 396 1952 423 καὶ

1159 449 1213 476 τῶν
1228 449 1317 485 ἄρτων
1329 448 1382 474 τῶν
1411 446 1564 481 ἱερατικῶν,
1581 442 1622 477 οἷς
1637 444 1688 471 οὐκ
1709 443 1773 479 ἐξῆν
1795 442 1953 479 χρήσασθαι

1160 497 1183 522 εἰ
1200 495 1237 531 μὴ
1251 495 1340 530 μόνοις
1357 495 1413 526 τοῖς
1429 491 1692 528 ἱερεῦσιιι,ὴλλοῐωσε
1705 490 1735 517 τὸ
1750 489 1842 525 γεῦμα
1857 489 1951 517 αὑτοῦ.

1166 542 1195 568 ’0
1206 542 1234 568 δὲ
1244 541 1391 577 Σύμμαχος
1406 539 1500 567 εἰπών·
1517 539 1573 566 Τοῦ
1590 537 1680 565 Δαυῒδ
1699 537 1789 564 ὁπότε
1808 537 1952 570 μετεμόρ-

1160 596 1242 622 φωσε
1257 587 1310 614 τὸν
1324 587 1435 621 τρόπον·
1457 586 1510 612 τὸν
1525 584 1634 612 ἑαυτοῦ
1655 584 1826 618 ἔμπροσθεν
1841 582 1953 617 Ἀϐιμέ-

1159 637 1225 669 λεχ,
1246 634 1342 669 ἑτέραν
1366 634 1483 660 διάνοιαν
1506 630 1686 665 ὑποϐέϐληκε,
1713 628 1758 655 τὸν
1782 628 1884 664 τρόπον
1905 627 1952 655 τοῦ

1160 681 1241 707 Δαυῒδ
1254 679 1415 715 ἠλλοιῶσθαι
1442 679 1530 714 φήσας
1548 675 1701 713 ἔμπροσθεν
1737 674 1894 710 ’Δΰιμέλεχ,
1910 674 1952 701 διὰ

1159 728 1198 759 τὸ,
1213 726 1381 763 ἐρωτηθέντα
1396 725 1438 757 τίς
1451 724 1494 759 εἴη
1508 723 1581 758 αὑτῷ
1598 723 1614 758 ἠ
1643 722 1716 748 αἰτία
1732 721 1782 756 τῆς
1796 720 1869 750 ὀδοῦ,
1886 720 1953 755 ψεύ-

1160 773 1257 800 σασθαι
1272 773 1319 799 καὶ
1334 769 1568 808 παραλογίσασθαι
1583 769 1627 795 τὸν
1645 767 1730 803 ἱερέα·
1741 766 1884 802 ἀλλότριον
1899 766 1952 801 γὰρ

1159 817 1192 854 ἦν
1208 818 1253 845 τοῦ
1275 817 1376 853 τρόπου
1401 815 1447 842 τοῦ
1469 813 1551 841 Δαυῒδ
1578 813 1609 840 τὸ
1630 812 1723 849 ἀπάτῃ
1753 808 1952 848 κεχρῆσθαι,ᾗ

1159 866 1220 893 κατ’
1231 866 1332 892 ἐκεῖνον
1355 863 1401 891 τὸν
1431 862 1526 898 καιρὸν
1551 860 1733 897 χρησάμενος,
1759 857 1892 894 ήλλοίωσε
1906 858 1952 885 τὸν

1158 913 1257 948 τρόπον
1273 911 1365 943 αὐτοῦ,
1379 910 1450 937 κατὰ
1465 909 1511 936 τὸν
1527 909 1684 943 Σύμμαχον.
1708 906 1755 932 Ἐκ
1763 905 1792 932 δὲ
1805 901 1861 932 τῶν
1877 906 1953 941 εἰρη-

1122 951 1145 981 Β
1162 958 1249 994 μένων
1261 957 1308 984 καὶ
1324 956 1373 991 τὴν
1384 955 1438 982 τῶν
1455 954 1657 989 Ἐὃδομήκοντα
1672 949 1819 987 ἑρμηνείαν
1829 950 1954 985 ἐφαρμό-

1159 1013 1216 1035 σεις
1229 1005 1262 1039 τῇ
1288 1002 1360 1029 κατὰ
1383 1001 1428 1028 τὸν
1450 1000 1593 1035 Ἀῧιμέλεχ
1621 998 1736 1033 ἱστορίᾳ,
1756 997 1874 1032 -φησάσῃ
1906 996 1954 1031 ὴλ-

1157 1049 1356 1077 λοιωκέναιτὸν
1382 1047 1462 1075 Δαυῖδ
1484 1047 1515 1074 τὸ
1543 1046 1689 1082 πρόσωπον
1716 1044 1812 1071 ἑαυτοῦ
1835 1043 1953 1070 ἐνώπιον

1164 1095 1318 1131 Ἀϐιμέλεχ,
1332 1093 1376 1120 διὰ
1397 1093 1427 1120 τὸ
1444 1093 1482 1128 μὴ
1514 1092 1680 1126 ἀπαγγεῖλαι
1706 1090 1780 1125 αὐτῷ
1799 1089 1847 1116 τὸν
1863 1089 1954 1125 ἀληθῆ

1157 1141 1236 1175 λόγον
1263 1141 1313 1175 τῆς
1340 1139 1436 1166 ἑαυτοῦ
1464 1139 1563 1174 φυγῆς,
1594 1136 1831 1172 παραλογίσασθαι
1850 1136 1880 1162 δὲ
1907 1136 1955 1162 καὶ

1158 1186 1239 1221 ἔτερα
1254 1186 1311 1212 ἀνθ’
1327 1185 1429 1220 ἑτέρων
1447 1185 1544 1210 εἰπεῖν·
1555 1183 1593 1215 ὼς
1606 1183 1652 1209 καὶ
1674 1182 1723 1217 τὴν
1744 1181 1882 1217 ῥομφαίαν
1905 1180 1953 1207 τοῦ

1158 1230 1255 1257 Γολιὰθ
1269 1231 1332 1266 παρ’
1347 1230 1430 1258 αὐτοῦ
1454 1229 1593 1261 δέξασθαι,
1618 1227 1744 1262 γενέσθαι
1772 1236 1803 1254 τε
1819 1227 1896 1263 αὐτῴ
1911 1227 1954 1253 αἶ-

1158 1285 1214 1304 τιον
1227 1277 1373 1308 ἀπωλείας.
1386 1276 1487 1303 Μαθὼν
1503 1276 1558 1312 γὰρ
1572 1275 1641 1312 μετὰ
1653 1276 1738 1302 ταῦτα
1753 1274 1841 1302 Σαοὺλ
1852 1275 1889 1302 τὰ
1904 1283 1955 1301 πε-

1159 1323 1313 1358 πραγμένα,
1329 1321 1440 1357 πέμψας
1458 1322 1561 1349 ἀνεῖλεν
1592 1321 1671 1348 αὐτόν
1691 1329 1720 1347 τε
1743 1320 1790 1348 τὸν
1809 1320 1954 1356 Ἀϐιμέλεχ

1159 1371 1205 1396 καὶ
1225 1370 1329 1400 πάντας
1353 1369 1417 1400 τοὺς
1442 1369 1523 1404 ἱερεῖς
1538 1367 1584 1394 τοῦ
1602 1367 1705 1403 Κυρίου
1731 1367 1778 1394 καὶ
1790 1367 1840 1402 τὴν
1861 1366 1954 1397 Νοὸὰν

1158 1417 1208 1451 τὴν
1224 1415 1301 1442 πόλιν
1314 1415 1367 1442 τῶν
1391 1415 1486 1450 ἱερέων
1514 1415 1643 1447 ἐπάταξε.
1671 1413 1727 1441 Καὶ
1747 1413 1835 1441 ταῦτα
1863 1414 1954 1440 πάντα

1160 1463 1326 1499 πέπρακται,
1341 1462 1408 1489 διότι
1418 1461 1546 1497 ὴλλοίωσε
1561 1461 1642 1488 Δαυῖδ
1663 1461 1708 1487 τὸν
1721 1461 1822 1496 τρόπον
1838 1460 1920 1487 αὑτοῦ
1935 1459 1952 1495 ἢ

1159 1509 1190 1536 τὸ
1204 1509 1349 1546 πρόσωπον
1365 1508 1447 1535 αὑτοῦ
1472 1507 1587 1534 ἐνώπιον
1602 1507 1755 1542 Ἀϐιμέλεχ.
1776 1506 1874 1533 Ἡ⁴τῶν
1899 1506 1954 1532 Βα-

1160 1555 1268 1582 σιλειῶν
1278 1555 1372 1591 Γραφὴ
1391 1554 1542 1589 Ἀχίμέλεχ
1566 1554 1699 1589 περιέχει·
1717 1553 1869 1588 ἐναλλαγῆς
1879 1561 1953 1579 στοι-

1161 1602 1233 1637 χείου
1244 1601 1403 1637 γενομένης,
1421 1600 1497 1627 οὐδὲν
1514 1600 1554 1627 δεῖ
1579 1598 1721 1626 κινεῖσθαι·
1746 1599 1821 1635 παρὰ
1836 1599 1893 1634 γὰρ
1902 1598 1953 1634 τὴν

1158 1647 1304 1683 ὁμοιότητα
1320 1647 1367 1674 τοῦ
1390 1646 1521 1682 στοιχείου
1533 1645 1579 1672 τοῦ
1596 1645 1659 1680 ,βὴο
1671 1645 1734 1681 παρ’
1749 1644 1886 1681 Ἑϐραίοις
1903 1653 1954 1672 κα-

1157 1693 1287 1729 λουμένου
1308 1694 1355 1720 καὶ
1376 1693 1423 1719 τοῦ
1444 1693 1506 1727 χὰφ
1533 1691 1669 1728 διαφόρως
1684 1691 1792 1727 ἐξεδόθη
1818 1690 1950 1725 τοῦνομα·

1159 1739 1250 1774 σχεδὸν
1259 1740 1313 1776 γὰρ
1326 1740 1354 1766 ἓν
1371 1740 1417 1767 καὶ
1435 1739 1533 1766 ταυτόν
1557 1739 1615 1765 ἐστι
1628 1738 1663 1765 τὰ
1677 1738 1723 1765 δύο
1735 1740 1866 1774 στοιχεῖα,
1883 1737 1952 1773 βρα-

1157 1786 1276 1821 χυτάτης
1290 1787 1404 1823 κεραίας
1419 1787 1503 1822 μόνης
1515 1786 1737 1821 ὲναλλαττούσης.
1755 1786 1900 1821 Μέμνηται
1922 1785 1953 1812 δὲ

1157 1831 1236 1862 καὶο
1253 1831 1348 1867 Σωτὴρ
1362 1833 1391 1858 ὲν
1407 1834 1463 1864 τοῖς
1478 1831 1655 1866 [εὐαγγελίοις
1682 1831 1734 1867 τῆς
1765 1832 1953 1867 προκειμένης

1157 1877 1228 1904 κατὰ
1244 1877 1290 1904 τοῦ
1307 1877 1388 1904 Δαυῒδ
1405 1878 1523 1914 ἱστορίας
1550 1878 1645 1912 λέγων·
1671 1880 1732 1905 Οὐκ
1751 1878 1900 1913 ἀνέγνωτε
1922 1878 1953 1905 τι

1157 1923 1282 1957 ἐποίησε
1297 1923 1397 1956 Δαυΐδ,
1412 1923 1461 1950 ὅτε
1482 1923 1624 1950 ὲπείνασε
1642 1923 1691 1950 καὶ
1706 1925 1733 1950 οἱ
1757 1924 1821 1958 μετ’
1844 1924 1951 1950 αὑτοῦ·

1157 1968 1197 2002 ὠς
1210 1968 1353 2003 εἰσῆλθεν
1375 1970 1418 2002 εὶς
1445 1968 1499 1995 τὸν
1519 1967 1604 1996 οἷκον
1616 1969 1670 1995 τοῦ
1687 1968 1771 2001 Θεοῦ,
1799 1969 1848 1995 καὶ
1879 1968 1952 2002 τοὺς

1156 2014 1265 2049 ἄρτους
1278 2014 1333 2049 τῆς
1347 2014 1516 2049 προθέσεως
1526 2015 1648 2050 ἔφαγεν,
1662 2014 1715 2048 οὒς
1739 2015 1795 2042 οὐκ
1814 2014 1888 2047 ἐξὸν
1909 2013 1951 2050 ἦν

1156 2060 1262 2095 φαγεῖν
1277 2061 1349 2088 οὐδὲ
1371 2061 1434 2095 τοῖς
1460 2061 1524 2096 μετ’
1541 2061 1646 2093 αὑτοῦ,
1661 2062 1687 2088 ει
1706 2060 1749 2096 μὴ
1760 2061 1868 2096 μόνοις
1885 2062 1951 2095 τοῖς

1156 2106 1286 2141 ἱερεῦσι;
1300 2106 1385 2133 Τοῦτο
1400 2107 1448 2142 μὲν
1463 2105 1508 2134 οὖν
1525 2108 1554 2135 ἓν
1569 2107 1608 2143 τῷ
1620 2108 1690 2134 κατὰ
1704 2107 1844 2134 Ματθαῖον
1854 2107 1950 2142 Εὐαγ-

1156 2153 1238 2189 γελίῳ
1253 2154 1371 2189 εἴρηται.
1386 2154 1462 2180 Ἐπεὶ
1481 2154 1509 2180 δὲ
1524 2154 1552 2180 ἐν
1574 2153 1613 2189 τῷ
1629 2154 1699 2181 κατὰ
1720 2154 1834 2189 Μάρκον
1855 2154 1946 2188 Εὐαγ-

1157 2199 1239 2235 γελίῳ
1258 2199 1465 2236 ἀναγέγραπται
1486 2201 1501 2226 ὁ
1521 2200 1616 2236 Σωτὴρ
1637 2199 1770 2236 εἰρηκώς-
1795 2199 1946 2226 Οὐδέποτε

1158 2245 1305 2280 ἀνέγνωτε
1318 2246 1347 2272 τι
1360 2246 1485 2280 ἐποίησε
1501 2245 1600 2278 Δαυῖδ,
1619 2245 1667 2272 ὅτε
1680 2246 1785 2281 χρείαν
1796 2245 1882 2279 ἔσχε,
1895 2246 1947 2272 καὶ

316 2294 396 2317 vator
411 2294 465 2316 n'on
488 2289 668 2322 Abimelcchi,
694 2289 742 2317 sed
767 2290 921 2319 Abiatharis
939 2292 1104 2319 mentionem

1158 2291 1318 2318 ἐπείνασεν
1329 2290 1420 2324 αὐτὸς
1431 2290 1479 2317 καὶ
1492 2293 1518 2318 οἱ
1527 2291 1591 2326 μετ’
1601 2291 1693 2318 αὑτοῦ
1705 2299 1714 2323 ;
1728 2290 1790 2324 πῶς
1802 2290 1946 2325 εἰσῆλθεν

316 2335 435 2363 fecerit?
450 2335 492 2363 Ad
510 2342 592 2370 quam
611 2343 667 2362 rem
691 2335 760 2363 forte
775 2337 836 2370 quis
853 2337 1017 2371 respondeat
1027 2338 1106 2365 bino-

315 2381 418 2408 minem
442 2380 649 2408 Abimelechum
666 2380 762 2414 fuisse,
781 2381 818 2408 ita
841 2385 870 2409 ut
893 2382 917 2409 is
941 2382 999 2417 ipse
1024 2382 1107 2410 fuerit

316 2426 364 2460 qui
387 2425 528 2453 Abiathar.
555 2425 588 2452 Et
604 2433 671 2452 sane
695 2433 758 2452 mox
781 2426 841 2461 ejus
868 2425 949 2459 ﬁlius,
974 2426 1106 2454 Abiathar

316 2470 407 2498 dictus
421 2471 450 2498 in
461 2471 531 2499 libro
545 2471 701 2506 Regnorum
717 2471 803 2499 fertur
817 2481 824 2499 :
836 2473 882 2508 qui
893 2472 970 2501 solus
984 2480 1000 2500 a
1013 2480 1106 2500 sacer-

316 2517 412 2544 dotum
425 2518 497 2545 caede
522 2518 645 2553 elapsus,
665 2526 728 2546 cum
747 2518 850 2546 Davide
871 2523 941 2546 erat.
960 2520 1037 2547 Alius
1052 2519 1106 2547 for-

316 2568 391 2590 tasse
405 2563 512 2596 dixerit,
534 2565 562 2592 in
578 2565 694 2592 historia
709 2564 914 2593 Abimelechum
936 2569 965 2592 ut
975 2566 1104 2594 sacerdo-

317 2613 373 2637 tem
389 2610 547 2644 memorari;
565 2615 593 2638 at
619 2611 671 2639 hoc
698 2611 759 2639 loco
787 2611 957 2640 Salvatorem
988 2612 1102 2646 dixisse,

317 2656 495 2684 Abiatharum
510 2664 542 2684 eo
562 2661 684 2692 tempore
700 2658 784 2686 fuisse
808 2659 960 2694 principem
976 2659 1105 2686 sacerdo-

319 2708 376 2729 tum
393 2711 400 2729 :
417 2701 551 2734 Introivit,
567 2702 614 2735 ait,
631 2702 718 2730 Dauid
733 2705 762 2730 in
774 2703 881 2731 domum
899 2704 948 2731 Dei
962 2705 1010 2731 sub
1022 2704 1105 2732 Abiu-

317 2749 379 2776 tlmr
395 2748 511 2782 principe
531 2749 706 2776 sacerdotum.
725 2750 796 2778 Sane
812 2758 877 2778 vero
890 2751 1004 2778 historia
1019 2758 1105 2779 caesos

317 2795 491 2823 Achimelech
507 2798 535 2823 et
549 2795 705 2823 sacerdotes
719 2804 734 2823 a
750 2795 832 2824 Saule
853 2804 1021 2832 memorans,
1037 2797 1105 2825 nihil

352 2932 375 2973 το
394 2931 488 2960 Matth.
507 2939 561 2966 ιιι,
580 2931 637 2965 5,4.
657 2931 698 2970 ,η
720 2929 802 2959 Marc.
823 2938 856 2964 n,
875 2930 920 2964 25,
934 2929 979 2958 26.

1159 2339 1202 2370 εις
1215 2337 1269 2364 τὸν
1283 2336 1366 2364 οἶκον
1387 2337 1440 2364 τοῦ
1463 2337 1534 2364 Θεοῦ
1554 2338 1602 2364 ἐπὶ
1618 2338 1753 2372 Ἀϐιάθαρ
1772 2337 1827 2364 τοῦ
1845 2337 1948 2372 ἀρχιε-

1157 2383 1243 2418 ρέως,
1258 2383 1307 2410 καὶ
1325 2383 1395 2416 τοὺς
1409 2383 1517 2418 ἄρτους
1534 2383 1587 2417 τῆς
1600 2384 1765 2418 προθέσεως
1778 2383 1890 2418 éssars;
1907 2383 1950 2415 τίς

1159 2428 1210 2455 οὐκ
1225 2428 1258 2455 ἂν
1273 2429 1429 2464 ἀπορήσειε,
1445 2429 1502 2460 πῶς
1515 2430 1528 2455 ὁ
1541 2429 1634 2464 Σωτὴρ
1645 2429 1761 2456 ἐνταῦθα
1773 2429 1804 2455 οὐ
1814 2429 1863 2456 τοῦ
1873 2427 1950 2455 ’Δει-

1164 2473 1258 2509 μέλεχ,
1275 2474 1342 2501 ἀλλὰ
1365 2473 1410 2500 τοῦ
1428 2474 1559 2510 Ἀϐιάθαρ
1584 2474 1734 2509 μέμνηται;
1758 2474 1830 2510 Πρὸς
1850 2473 1865 2500 ὃ
1879 2474 1952 2500 εἴποι

1161 2528 1203 2552 τις
1216 2520 1249 2547 ἂν
1260 2519 1392 2555 διώνυμον
1403 2519 1564 2556 γεγενῆσθαι
1578 2521 1623 2547 τὸν
1635 2520 1787 2555 Ἀϐιμέλεχ,
1801 2519 1867 2546 ὥστ’
1880 2517 1951 2546 εἶναι

1161 2565 1207 2593 τὸν
1224 2565 1304 2592 αὑτὸν
1317 2565 1356 2599 τῷ
1371 2566 1511 2601 Ἀὃιαθαρ.
1527 2565 1630 2592 Αὐτίκα
1645 2566 1709 2599 γοῦν
1730 2565 1778 2592 καὶ
1798 2565 1856 2596 υἱὸς
1877 2563 1954 2598 αὑτῷ

1161 2611 1292 2646 Ἀϐιάθαρ
1318 2609 1483 2645 κεκλημένος
1499 2608 1647 2644 ἐμφέρεται
1666 2609 1698 2643 τῇ
1714 2607 1808 2643 Γραφῇ
1823 2606 1880 2633 τῶν
1894 2606 1950 2632 Βα-

1156 2657 1271 2684 σιλειῶν·
1288 2656 1328 2688 ὃς,
1342 2655 1479 2690 διαφυγὼν
1493 2654 1546 2681 ἀπὸ
1562 2654 1615 2680 τῶν
1628 2652 1825 2689 ἀναιρεθέντων
1852 2651 1950 2687 ἱερέων

1158 2705 1246 2740 μόνος,
1261 2703 1300 2739 τῷ
1319 2703 1399 2729 Δαυῗδ
1424 2702 1518 2737 συνῆν.
1538 2701 1634 2733 ’Ἄλλος
1659 2701 1681 2727 δ’
1694 2700 1727 2727 ἂν
1740 2699 1813 2726 εἴποι
1828 2697 1876 2725 τοῦ
1898 2698 1951 2733 μὲν

1164 2750 1306 2785 Ἀϐιμέλεχ
1317 2749 1365 2785 τὴν
1379 2748 1497 2784 ἱστορίαν
1517 2748 1555 2780 ὡς
1583 2747 1677 2784 ἱερέως
1699 2744 1888 2782 μνημονεύειν·
1905 2745 1952 2770 ὲν-

1157 2795 1243 2823 ταῦθα
1259 2795 1287 2823 δὲ
1303 2795 1346 2823 τὸν
1359 2795 1474 2830 Σωτῆρα
1497 2795 1541 2821 τὸν
1564 2793 1695 2829 Ἀὃιάθαρ
1706 2791 1839 2828 ἀρχιερέα
1849 2789 1951 2825 τυγχάν-
