2056 3214
126 214 183 242 293
688 209 913 242 COMMENTARI

967 214 986 241 N
1006 214 1176 243 PSALMOS.
1219 186 1281 228 ’δῆ
1697 219 1750 247 act

127 283 183 301 νειν
203 274 263 300 κατ’
281 273 368 300 ἐκεῖνο
377 273 474 309 καιροῦ
488 274 581 309 φῆσαι.
594 273 724 307 Εἰσῆλθες
740 272 804 310 γὰρ,
821 273 912 308 φησιν,

967 274 999 302 de
1018 275 1149 309 principis
1165 274 1335 302 sacerdotum
1347 281 1413 303 nece
1432 275 1560 303 narravit.
1573 275 1605 303 Et
1619 277 1676 304 haec
1689 279 1750 313 qui-

127 320 219 347 Δαυῒδ
234 321 280 353 sic
293 319 346 347 τὸν
363 318 446 347 οἷκον
460 320 512 347 τοῦ
533 320 606 347 Θεοῦ
631 319 681 346 ἐπὶ
712 319 842 354 Ἀϐιάθαρ
859 320 913 347 τοῦ

967 320 1028 348 dem
1043 320 1123 348 nobis
1137 320 1170 347 de
1183 320 1281 355 psalmi
1297 321 1377 347 titulo
1399 321 1471 348 dicta
1487 322 1553 349 sint.

127 367 296 402 ἀρχιερέως.
316 367 370 394 Καὶ
389 368 513 402 φαίνεται
527 368 543 402 ἡ
559 367 612 393 τῶν
626 367 750 403 ἱστοριῶν
768 367 871 403 γραφὴ,
900 367 946 394 τὸν
972 368 1116 404 Ἀχιμέλεχ
1132 368 1178 394 καὶ
1195 368 1257 400 τοὺς
1277 368 1360 403 ἱερεῖς
1375 368 1422 394 τοῦ
1437 369 1503 395 Θεοῦ
1533 369 1682 405 ἀνῃρῆσθαι
1698 371 1750 406 φή-

129 421 200 440 σασα
215 413 268 440 ὑπὸ
284 413 332 440 τοῦ
365 413 460 446 Σαοὺλ,
491 414 622 450 ἀρχιερέα
640 414 811 450 ἀνῃρημένον
828 415 877 450 οὐχ
907 416 1081 450 ἱστορήσαπα.
1100 415 1192 442 Ταῦτα
1223 415 1271 450 μὲν
1296 413 1341 442 οὖν
1358 416 1422 451 ἡμῖν
1445 417 1484 448 είς
1509 416 1558 452 τὴν
1572 417 1617 444 τοῦ
1641 417 1749 453 ψαλμοῦ

127 462 290 498 προγραφὴν
306 462 432 498 εἰρήσθω.

161 508 328 543 Εὐλογήσω
354 508 408 535 τὸν
438 509 546 543 Κύριον
569 510 604 536 ἐν
636 510 724 536 παι-τὶ
744 509 846 544 καιρῷ,
869 509 918 536 διὰ

127 555 240 587 παντὸς
255 555 274 589 ἡ
287 555 403 587 αἵνεσις
427 555 519 582 αὐτοῦ
533 555 567 582 ἐν
578 555 616 588 τῷ
639 556 765 590 στόματί
777 564 846 590 μου.
864 557 917 583 Εὑ-

126 599 263 635 χαριστῶν
276 600 291 625 ὁ
307 599 388 627 Δαυῒδ
405 601 446 635 ἐφ’
465 598 506 632 οἷς
519 599 621 636 ἠξιώθη
648 601 749 636 τροφῆς
765 601 917 637 ἱερατικῆς,

127 647 185 672 Οὐκ
201 646 245 672 ἐπὶ
260 646 308 673 τοῦ
337 647 479 682 παρόντος,
509 649 585 683 φησι,
607 647 696 683 μόνον,
721 648 788 675 ἀλλὰ
814 649 861 675 καὶ
875 648 918 675 διὰ

127 692 217 727 πάσης
233 692 283 726 τῆς
295 693 367 728 ζωῆς
380 693 494 727 χάριτας
508 692 646 727 ὁμολογῶν
670 692 716 719 καὶ
737 692 854 728 εὐλογῶν
868 693 916 720 αὺ-

125 735 172 762 τὸν
189 736 344 763 διατελέσωο
362 737 422 763 οὐδὲ
438 736 667 772 ἀπολειφθήσεται
680 746 744 764 ποτε
770 738 801 765 τὸ
829 738 916 773 στόμα

128 791 180 818 μου
207 785 255 818 τῆς
271 785 310 814 είς
324 783 405 810 αὑτὸν
422 783 559 815 αἰνέσεως.
582 783 654 809 ’Λντὶ
678 783 732 819 γὰρ
756 783 849 815 θυσίας
869 784 916 810 καὶ

126 828 359 863 ὁλοκαυτωμάτων
376 828 559 864 πεπαίδευμαι
570 830 618 863 τὴν
631 829 676 856 διὰ
693 828 803 864 χειλέων
818 829 916 865 προσά-

126 882 187 907 γειν
200 873 273 909 αὐτῷ
289 873 394 901 θυσίαν,

1000 506 1082 534 Vsus,
1098 506 1124 533 2.
1147 507 1303 535 Benedicam
1320 508 1461 536 Dominum
1488 509 1514 536 in
1528 511 1600 537 omni
1625 516 1748 547 tempore,

965 561 1066 588 semper
1093 553 1152 580 laus
1178 554 1235 588 ejus
1255 554 1281 580 in
1302 563 1346 581 ore
1373 563 1440 582 meo.
1461 554 1570 583 Gratias
1596 557 1650 592 agit
1667 558 1750 586 David

966 599 1038 634 quod
1054 599 1216 626 sacerdotali
1239 599 1300 626 cibo
1322 599 1450 635 dignatus
1464 600 1518 627 sit:
1532 601 1587 628 Nec
1607 602 1694 629 solum
1720 604 1748 630 in

967 645 1106 680 praesenti,
1117 645 1165 677 ait,
1179 645 1226 672 sed
1239 653 1286 680 per
1301 649 1386 672 totum
1397 646 1459 673 vitae
1471 647 1636 674 curriculum
1649 649 1750 683 gratias

967 690 1113 718 confitendi
1127 698 1158 717 ac
1171 691 1348 718 benedicendi
1362 691 1442 718 ﬁnem
1457 699 1510 718 non
1526 692 1624 719 iaciam
1641 702 1647 720 :
1662 702 1751 728 neque
1772 723 1775 727 ,

966 745 997 764 os
1021 745 1111 764 meum
1138 737 1218 764 laude
1235 737 1294 772 ejus
1324 745 1441 765 vacuum
1468 746 1586 773 unquam
1604 740 1664 766 erit.
1681 740 1750 767 Nam

965 783 1106 810 institutus
1117 783 1153 809 ita
1169 782 1218 814 fui,
1230 787 1259 810 ut
1274 783 1470 811 sacriﬁciorum
1488 789 1514 812 et
1529 778 1750 814 holocaustorum

964 829 1034 862 vice,
1050 829 1130 858 labiis
1145 829 1197 864 ipsi
1213 829 1329 858 hostiam
1347 830 1469 859 otl'eram.

169 918 275 953 Ἐπειδὴ
291 918 345 954 γὰρ
360 919 487 953 φεύγοντι
505 927 549 954 μοι
563 919 648 951 οὐδεὶς
664 919 758 955 βοηθὸς
773 919 912 954 πάρεστιν,

1000 915 1225 952 Quandoquidem
1251 917 1364 952 fugienti
1389 918 1455 945 mihi
1484 919 1576 946 nullus
1603 920 1750 955 opitulator

124 963 186 990 οὐδέ
198 972 239 996 τις
255 964 416 1000 καταφυγὴ,
433 964 493 991 οὐδὲ
506 965 639 1000 ἀσφάλεια
648 974 654 980 ·
671 965 750 1001 μόνον
765 965 793 992 δὲ
803 965 848 992 τὸν
860 965 915 991 Κύ-

125 1018 184 1045 ριον
199 1010 383 1045 φυλακτήριον
397 1010 535 1045 ἐπάγομαι
551 1011 599 1046 τῆς
615 1010 734 1046 ἐμαυτοῦ
751 1011 849 1046 ψυχῆς,
867 1010 915 1037 καὶ

124 1056 168 1081 ἐπ’
186 1054 270 1090 αὐτῷ,
292 1055 347 1081 ἀλλ’
365 1055 415 1081 οὐκ
431 1056 476 1082 ἐπὶ
489 1057 548 1087 ταῖς
571 1056 650 1091 ἐμαῖς
665 1055 882 1091 δικαιοπραγίαις
897 1055 914 1091 ὴ

123 1101 197 1136 ψυχή
210 1109 259 1136 μου
271 1100 374 1136 θαρρεῖ·
395 1101 515 1132 εἰκότως,
525 1101 574 1127 ἐπὶ
596 1101 635 1134 τῷ
643 1102 739 1135 Κυρίῳ
765 1101 912 1135 καυχήσε‹

124 1155 171 1173 ται
182 1148 200 1180 ὴ
212 1146 297 1181 ψυχή
304 1155 364 1181 μου
374 1155 381 1161 ⁸
394 1146 612 1173 ἀκουσάτωσαν
620 1146 724 1180 πραεῖς
735 1147 782 1173 καὶ
791 1147 916 1180 εὐφραν-

124 1194 275 1227 θήτωσαν.
312 1194 377 1228 Ἐμὲ
400 1194 428 1219 δὲ
449 1193 576 1224 λαϐόντες
595 1193 745 1228 ὑπόδειγμα
769 1193 867 1225 πάντες
889 1193 914 1219 oi

125 1241 208 1275 πρᾶοι
228 1240 273 1266 καὶ
290 1239 412 1266 ταπεινοὶ
429 1238 476 1265 καὶ
488 1239 618 1270 ἐπιεικεῖς
629 1238 672 1265 διὰ
683 1239 730 1274 τὴν
742 1239 781 1270 εἰς
793 1238 838 1265 τὸν
849 1239 914 1266 Θεὸν

124 1285 268 1314 εὐλάϐειαν
278 1307 286 1319 ,
301 1285 489 1322 θαρῥείτωσαν
499 1285 545 1311 καὶ
559 1284 610 1320 πλη
616 1283 771 1320 ρούσθωσαν
784 1284 915 1320 εὐφροσύ-

124 1341 174 1366 νης
185 1351 192 1362 ,
209 1331 243 1358 τὰ
263 1331 309 1358 ἴσα
327 1340 370 1366 μοι
387 1331 639 1367 προσδοκήσαντες,
662 1331 709 1357 καὶ
723 1330 801 1357 αὑτὸν
820 1330 914 1357 ἐλπίδα

124 1378 170 1404 τὸν
183 1377 284 1413 Κύριον
291 1377 410 1412 θέμενοι.
433 1377 508 1403 Ἐπεὶ
516 1377 544 1403 δὲ
555 1377 602 1403 καὶ
614 1377 662 1412 τὴν
674 1376 808 1412 ῥομφαίαν
819 1376 838 1402 Γ
839 1376 913 1403 ολιὰῦ

123 1423 171 1450 τοῦ
183 1422 332 1457 ἁλλοούλου
342 1422 416 1459 παρὰ
424 1422 463 1457 τῷ
478 1422 621 1458 Ἀὅιμέλεχ
628 1421 717 1449 λαϐὼν
730 1422 811 1457 ἀπῄει
821 1430 828 1436 ·
846 1421 913 1447 Ἀλλ’

123 1470 178 1496 οὐδ’
191 1470 340 1505 inira-311p,
352 1470 428 1505 φησὶ,
445 1470 627 1505 καυχήσομαι,
641 1469 698 1495 ἀλλ’
708 1468 799 1504 ἐπὶτῷ
810 1469 913 1504 Κυρίῳ,

123 1517 158 1543 δι’
175 1515 204 1542 ὃν
220 1516 323 1551 ταύτην
337 1516 495 1551 ἐκτησάμην
510 1515 560 1551 τὴν
580 1514 733 1550 ῥομφαίαν
749 1514 786 1545 ὼς
805 1514 850 1540 καὶ
869 1513 915 1540 τὸν

126 1563 203 1600 ίέρέα
213 1564 299 1590 εἰπεῖν
310 1563 385 1599 αὺτῷ
396 1571 402 1578 ·
420 1563 492 1590 Ἰδοὺ
504 1563 523 1596 ἠ
534 1562 668 1596 ῥομφαία
678 1561 790 1588 ramo
803 1560 855 1588 τοῦ
867 1562 915 1587 Φι-

966 961 1053 992 adest,
1071 960 1177 988 nullum
1193 960 1331 996 eﬂ‘ugium,
1352 963 1485 990 securitas
1504 963 1594 997 nulla;
1607 964 1750 999 solumque

966 1005 1110 1033 Dominum
1123 1005 1219 1033 animm
1237 1013 1302 1032 mea:
1317 1006 1472 1041 praesidium
1485 1008 1589 1042 paravi,
1603 1011 1683 1043 atque
1697 1010 1750 1044 ipsi

966 1051 1028 1085 soli,
1044 1059 1099 1078 non
1121 1054 1195 1079 recte
1213 1051 1292 1079 factis
1310 1053 1396 1084 meis,
1418 1053 1531 1080 confidit
1554 1054 1644 1081 anima
1671 1063 1749 1088 mea;

963 1096 1025 1131 jure
1045 1104 1111 1124 sane
1142 1097 1171 1124 in
1190 1095 1302 1123 Domino
1330 1097 1482 1124 laudabitur
1502 1099 1591 1125 anima
1608 1107 1684 1126 mea:
1699 1109 1749 1126 au-

965 1141 1040 1168 diant
1052 1144 1182 1170 mansueti
1197 1147 1221 1170 et
1238 1143 1367 1182 (meatur.
1381 1143 1476 1179 Meque
1491 1144 1518 1171 in
1530 1146 1682 1180 exemplum
1697 1147 1749 1173 sibi

965 1192 1149 1223 proponentes
1171 1189 1306 1216 mansueti
1328 1186 1432 1221 omnes,
1451 1189 1566 1218 humiles
1582 1198 1613 1218 ac
1634 1192 1750 1220 modesti

964 1234 1034 1266 viri,
1054 1235 1090 1262 ob
1113 1235 1239 1269 pietatem
1265 1243 1329 1270 erga
1349 1235 1433 1263 Deum
1450 1244 1549 1270 suam,
1571 1237 1708 1265 conﬁdant
1724 1242 1751 1266 ct

966 1280 1066 1315 gaudio
1089 1281 1282 1313 cumulentur,
1307 1282 1383 1315 paria
1410 1290 1516 1310 mecum
1548 1288 1748 1319 exspectantes,

967 1326 1111 1361 ipsumque
1140 1326 1284 1354 Dominum
1314 1327 1366 1354 sibi
1398 1328 1424 1355 in
1457 1337 1531 1364 spem
1556 1334 1748 1364 proponentes.

966 1369 1101 1403 Quoniam
1126 1378 1191 1397 vero
1213 1375 1357 1406 postquam
1380 1372 1499 1407 gladium
1521 1374 1678 1409 alienigena:
1696 1375 1750 1402 Go-

966 1415 1032 1442 liath
1055 1415 1088 1442 ab
1103 1415 1279 1444 Abimelecho
1309 1423 1466 1452 acceperat,
1489 1419 1616 1446 discessit
1636 1427 1746 1455 :ueque

966 1460 993 1487 iu
1006 1459 1169 1496 hoc,inquit,
1180 1461 1327 1496 gloriabor,
1339 1462 1386 1489 sed
1400 1462 1427 1489 in
1437 1462 1560 1496 Domino,
1573 1464 1650 1498 cujus
1667 1465 1750 1492 bene-

966 1506 1028 1533 ﬁcio
1048 1506 1122 1534 hunc
1146 1507 1266 1541 gladium
1287 1511 1385 1534 nactus
1411 1516 1491 1540 sum:
1511 1509 1546 1536 ita
1573 1513 1602 1536 ut
1626 1510 1668 1538 vel
1692 1511 1750 1545 ipse

967 1553 1095 1580 sacerdos
1120 1552 1160 1579 sic
1183 1560 1244 1579 eum
1262 1553 1458 1588 compellaret:
1486 1553 1552 1581 Ecce
1573 1555 1678 1589 gladius
1698 1555 1751 1584 Go-

123 1597 264 1637 λιονταίου
275 1631 283 1643 ,
304 1609 340 1636 ὃν
351 1597 503 1642 ἐειάταξας
519 1609 554 1635 ἐν
565 1607 605 1642 τῇ
618 1607 735 1634 κοιλάδι
755 1607 829 1640 Ἠλᾷ
841 1626 848 1640 ,
865 1607 913 1633 καὶ

967 1597 1032 1625 liath
1043 1597 1204 1631 Philiathwi,
1217 1607 1292 1633 quem
1314 1600 1468 1634 percussisti
1481 1601 1508 1627 in
1522 1602 1590 1629 valle
1601 1601 1662 1634 Ela,
1679 1604 1751 1630 invo-

123 1655 203 1689 αὐτὴ
215 1655 411 1690 ἑνειλημμένη
426 1654 537 1689 ίματίῳ.
555 1655 589 1680 El
601 1653 715 1686 ταύτην
726 1651 825 1686 λήψῃ,
841 1660 914 1679 σαυ-

124 1701 168 1733 τῷ
179 1700 252 1727 λάϐε
261 1720 268 1732 ,
283 1700 325 1726 ὅτι
338 1701 394 1727 οὐκ
408 1701 493 1727 ἔστιν
503 1699 588 1733 ἑτέρα
601 1698 695 1733 παρὲξ
708 1697 812 1732 αὐτῆς.
834 1696 914 1724 Ὥστε

126 1746 232 1773 τούτων
246 1746 395 1773 ἀκούσαντα
408 1746 454 1772 τὸν
470 1745 551 1773 Δαυτδ
565 1745 668 1771 εἰπεῖν·
697 1744 748 1770 Ἐν
761 1743 801 1776 τῷ
816 1743 914 1776 Κυρίῳ

124 1793 353 1826 ἐπαινεθήσεται
368 1794 388 1827 ἡ
406 1792 491 1827 ψυχή
500 1801 569 1827 μου.
587 1791 716 1826 Μεγάλην
730 1790 807 1823 δόξαν
819 1789 914 1826 ἔφερεν

125 1841 215 1867 ἐκεῖνο
228 1840 258 1866 τὺ
270 1840 334 1876 δόρυ
344 1840 384 1875 τῷ
393 1839 474 1866 Δαυῒδ
483 1859 490 1871 ,
506 1839 640 1874 παιδαρίῳ
655 1838 703 1873 μὲν
715 1837 771 1864 ὄντι
781 1856 789 1870 ,
806 1836 853 1863 καὶ
866 1845 915 1872 μη-

124 1887 155 1913 δὲ
171 1886 264 1923 φέρειν
285 1887 357 1913 ὅπλα
371 1885 505 1921 πολεμικὰ
519 1884 691 1919 ἐπισταμένῳ
701 1903 708 1917 ,
724 1883 815 1910 πίστει
837 1882 865 1908 δὲ
880 1883 912 1917 τῇ

125 1933 167 1964 εἰς
181 1932 247 1959 Θεὸν
264 1932 513 1967 καταγωνισαμένῳ
526 1931 571 1958 τὸν
590 1929 685 1956 Γολιὰο
699 1950 706 1961 ,
723 1929 760 1960 ὡς
776 1928 819 1955 διὰ
835 1927 914 1954 τοῦτο

125 1978 186 2005 ἀντὶ
207 1979 380 2014 ἀναθήματος
398 1978 447 2014 τὴν
461 1976 597 2012 ῥομφαίαν
619 1975 701 2010 μόνην
724 1974 831 2008 εκείνην
847 1974 913 1999 ἁνα-

127 2025 232 2051 κεῖσθαι
247 2025 275 2050 ὲν
288 2023 326 2058 τῷ
343 2022 409 2059 ἱερῷ
419 2031 425 2037 ·
451 2023 466 2049 ὃ
477 2022 509 2058 δὴ
526 2022 572 2048 καὶ
589 2021 779 2056 ἐπεσημήνατο
793 2020 881 2054 φήσας
900 2019 914 2044 ὀ

128 2069 232 2101 ἱερεύς·
249 2069 303 2096 Καὶ
323 2069 378 2095 οὐκ
395 2069 479 2096 ἔστιν
493 2067 582 2101 ἄλλη.
614 2066 681 2092 Οὐδὲ
693 2066 747 2101 γὰρ
760 2065 824 2100 ἐξῆν
839 2066 867 2091 ὲν
880 2066 912 2100 τῇ

127 2115 214 2150 σκηνῇ
239 2113 286 2140 τοῦ
309 2113 376 2140 Θεοῦ
394 2113 463 2140 ὅπλα
479 2112 614 2147 πολεμικὰ
633 2111 807 2138 ἀποτίθεσθαι
819 2119 825 2125 ⁸
847 2109 914 2145 μόνη

125 2160 153 2186 δὲ
168 2159 259 2195 ἐκείνη
276 2161 315 2191 εἰς
333 2160 441 2195 μνήμην
463 2158 509 2185 τοῦ
529 2157 611 2184 Δαυῖδ
625 2157 673 2192 τῆς
689 2156 759 2184 κατὰ
774 2156 821 2183 τοῦ
835 2155 913 2182 ἀλλο-

126 2205 211 2241 φύλου
228 2206 305 2240 νίκης
319 2205 441 2232 ἀνέκειτο
451 2224 458 2237 ,
474 2203 575 2230 ὠσανεὶ
587 2203 792 2239 εὑχαριστήριον
805 2202 915 2228 ἀποκει-

128 2252 196 2289 μένη
210 2251 248 2287 τῷ
261 2252 310 2287 τὴν
324 2251 400 2287 νίκην
413 2250 487 2286 αὐτῷ
501 2249 681 2286 δεδωρημένῳ
696 2248 735 2283 τῷ
748 2247 816 2282 Θεῷ.

968 1644 1038 1671 lutus
1055 1649 1132 1671 veste.
1148 1642 1178 1670 Si
1192 1644 1259 1670 hunc
1273 1644 1310 1671 vis
1327 1645 1428 1676 tollere,
1446 1646 1508 1672 tolle
1522 1647 1579 1680 tibi,
1592 1648 1654 1682 quia
1662 1648 1750 1676 nullus

967 1689 1037 1715 alius
1048 1688 1090 1715 hic
1102 1693 1141 1715 est
1155 1692 1250 1720 pra'ter
1259 1688 1345 1723 ipsum
1356 1689 1388 1716 ".
1406 1688 1453 1717 His
1467 1690 1558 1726 itaque
1572 1692 1683 1725 auditis,
1699 1692 1752 1720 Da-

966 1733 1011 1762 vid
1027 1735 1080 1762 ait:
1094 1734 1127 1761 In
1144 1732 1256 1762 Domino
1271 1734 1424 1761 laudabitur
1441 1736 1531 1763 anima
1547 1745 1614 1765 mea.
1627 1737 1751 1774 Magnam

967 1784 1042 1808 certe
1059 1780 1153 1807 Davidi
1177 1781 1290 1816 gloriam
1306 1781 1419 1816 parabat
1444 1782 1489 1809 ille
1510 1783 1632 1818 gladius;
1648 1785 1750 1820 quippe

967 1826 1015 1861 qui
1035 1826 1167 1861 puerulus
1182 1834 1244 1854 cum
1262 1830 1346 1858 esset,
1370 1827 1586 1862 bellicorumque
1612 1836 1752 1857 armorum

967 1872 1121 1908 imperitus,
1141 1871 1192 1899 ﬁde
1212 1871 1240 1898 in
1257 1870 1342 1898 Deum
1367 1872 1489 1900 munitus
1509 1872 1615 1900 Goliath
1633 1874 1750 1906 devicit;

967 1919 1004 1945 ita
1016 1922 1046 1946 ut
1058 1926 1090 1946 ea
1103 1918 1136 1946 de
1152 1925 1235 1946 causa
1252 1917 1359 1944 donarii
1372 1917 1432 1945 loco
1448 1918 1524 1946 solus
1538 1919 1583 1946 illc
1597 1919 1702 1954 gladius
1722 1919 1750 1947 in

967 1972 1047 1992 sacro
1066 1964 1204 1999 repositus
1229 1967 1325 1990 easet:
1349 1963 1421 1998 quod
1445 1964 1533 1998 ipsum
1559 1964 1686 1991 sacerdos
1708 1965 1751 1991 bis

967 2010 1058 2038 verbis
1074 2009 1213 2040 indicavit,
1231 2015 1256 2035 et
1273 2009 1362 2036 nullus
1382 2009 1451 2036 alius
1465 2014 1514 2036 est.
1529 2009 1621 2044 Neque
1638 2011 1709 2037 enim
1723 2010 1751 2038 in

967 2056 1144 2083 tabernaculo
1159 2053 1206 2082 Dei
1225 2055 1323 2082 licebat
1340 2063 1415 2082 arma
1429 2055 1526 2082 bellica
1543 2055 1685 2090 deponere.
1702 2055 1752 2084 llic

968 2107 1058 2129 autem
1077 2102 1152 2129 solus
1172 2101 1199 2128 in
1219 2102 1379 2129 memoriam
1401 2105 1544 2137 reportata:
1560 2109 1573 2128 a
1595 2101 1695 2129 Davide
1718 2103 1753 2130 de

968 2148 1121 2183 alienigena
1137 2148 1258 2175 victoriae
1275 2149 1413 2182 repositus
1429 2151 1499 2180 erat,
1516 2148 1594 2183 quasi
1614 2148 1640 2175 in
1652 2149 1753 2187 gratia—

969 2203 1029 2222 rum
1047 2194 1181 2222 actionem
1199 2190 1254 2221 Dco
1269 2195 1315 2229 qui
1328 2195 1470 2222 victoriam
1485 2194 1535 2230 ipsi
1549 2194 1669 2223 dederat.

160 2281 355 2332 Mordlﬁuats
368 2281 421 2324 eor
431 2281 541 2330 Κύριον
556 2281 617 2323 οίὺιζ
628 2281 692 2329 ἐμοὶ
702 2314 709 2327 ,
721 2281 774 2320 atat
788 2281 915 2328 ὕψώσω-

1004 2282 1087 2310 Vens.
1104 2282 1130 2310 5.
1146 2282 1317 2317 Magm‘ﬁcate
1333 2281 1475 2308 Dominum
1490 2288 1599 2313 merum,
1612 2285 1636 2308 et
1654 2281 1753 2307 exalte-

123 2353 183 2379 μεν
197 2344 229 2370 τὸ
247 2344 340 2378 ὄνομα
354 2343 446 2370 αὐτοῦ
463 2343 512 2369 ἐπὶ
524 2342 557 2369 τὸ
569 2342 651 2368 αὐτό.
671 2341 702 2367 Οἱ
717 2341 771 2376 γὰρ
786 2340 818 2367 δι’
829 2339 916 2375 ἔργων

127 2391 175 2416 καὶ
192 2390 250 2425 βίου
265 2389 312 2416 τοῦ
331 2390 391 2416 κατ’
407 2388 506 2425 ἀρετὴν
526 2388 574 2424 τὴν
591 2389 619 2414 ὲν
643 2388 748 2418 ἑαυτοῖς
763 2387 856 2413 εἰκόνα
869 2385 916 2412 τοῦ

127 2435 195 2462 Θεοῦ
209 2435 384 2470 κοσμοῦντες,
399 2434 480 2461 αὐτὸν
493 2433 633 2467 δοξάζουσι
645 2434 690 2460 καὶ
705 2433 826 2468 ὑψοῦσιν.
842 2431 918 2463 Ἐξε-

128 2481 241 2514 ζήτησα
255 2482 308 2508 τὸν
320 2481 429 2515 Κύριον
443 2480 492 2507 καὶ
505 2479 658 2514 ἐπήκουσέ
673 2488 742 2514 μου.
776 2478 852 2504 Ἐπεὶ
866 2477 915 2512 τῷ,

127 2527 293 2562 ἐξεζήτησα
303 2548 311 2561 ,
328 2527 358 2554 τὸ
367 2547 374 2560 ,
394 2526 547 2560 ἐπήκουσέ
559 2534 618 2560 μου
628 2545 636 2558 ,
649 2523 826 2559 ἁνταπεδόθη.

162 2614 257 2649 Οὗτος
273 2617 289 2643 ὁ
302 2614 420 2649 πτωχὸς
435 2613 594 2647 ἐκέκραεε,
613 2613 661 2640 καὶ
677 2614 694 2640 ὁ
712 2612 818 2647 Κύριος
831 2610 915 2644 εισή-

129 2669 244 2688 κουσεν
256 2661 350 2688 αὑτοῦ
358 2681 364 2692 ,
378 2661 426 2687 καὶ
438 2660 472 2686 ἐκ
483 2659 588 2687 πασῶν
599 2659 658 2686 τῶν
669 2659 801 2693 θλίψεων
824 2656 917 2684 αὑτοῦ

129 2708 248 2734 ἔσωσεν
257 2707 360 2734 αὐτόν.
377 2705 458 2732 Πάλιν
469 2705 563 2732 ἑαυτὸν
573 2725 580 2736 ,
588 2705 625 2736 ὡς
635 2705 681 2731 καὶ
692 2705 720 2730 ἐν
731 2705 786 2734 τοῖς
797 2702 918 2739 ἔμπροσ-

130 2753 176 2779 θεν
188 2773 196 2785 ,
218 2751 398 2787 ὑπογραμμὸν
418 2751 531 2787 παρέχει
549 2749 598 2786 τῆς
617 2748 716 2785 ἐτέρων
735 2746 916 2779 διδασκαλίας.

130 2798 242 2833 Πτωχὺν
256 2798 310 2833 γὰρ
325 2797 419 2824 ἑαυτὸν
437 2795 519 2823 εἰπὼν
538 2796 581 2823 διὰ
595 2795 644 2831 τὴν
657 2795 707 2830 τῆς
721 2794 810 2829 ψυχῆς
820 2792 918 2820 ἑαυτοῦ

128 2845 293 2871 ταπείνωσιν
301 2844 348 2870 καὶ
360 2842 536 2878 μετριοσύνην
546 2862 553 2875 ,
562 2840 599 2874 ὡς
610 2849 642 2868 πε
648 2841 672 2877 pl
682 2839 773 2876 ἐτέρου
785 2847 818 2866 πε
823 2839 848 2875 pl.
858 2839 919 2866 ἑαυ-

169 2937 190 2952 "
213 2935 220 2961 l
240 2935 306 2970 i195.
326 2941 388 2966 ut,
407 2933 434 2960 9.

970 2338 1028 2357 mus
1039 2338 1132 2357 nomen
1149 2329 1206 2363 ejus
1223 2329 1249 2355 in
1272 2328 1398 2362 idipsum.
1420 2327 1486 2354 Nam
1502 2327 1548 2362 qui
1573 2327 1702 2361 operibus
1720 2334 1753 2354 ac

970 2377 1024 2404 vita
1039 2383 1101 2403 cum
1119 2375 1217 2402 virtute
1240 2380 1300 2401 acta
1316 2375 1462 2408 imaginem
1489 2373 1536 2400 Dci
1550 2372 1577 2399 in
1593 2380 1621 2399 se
1633 2373 1750 2407 positam

970 2426 1115 2454 exornant,
1126 2422 1145 2449 ii
1160 2429 1225 2449 sane
1241 2421 1329 2455 ipsum
1343 2419 1429 2454 gloria
1451 2418 1570 2446 adiciunt
1580 2421 1606 2445 et
1621 2417 1750 2445 exaltant.

972 2466 1109 2505 Exquisivi
1126 2468 1265 2494 Dominum
1277 2471 1301 2492 et
1317 2464 1450 2492 exaudivit
1467 2472 1516 2490 me.
1533 2463 1670 2498 Siquidem
1688 2463 1752 2491 huic

969 2515 1048 2546 voci,
1069 2512 1214 2548 exquisivi,
1246 2511 1293 2538 illa
1323 2510 1442 2538 vicissim
1469 2508 1590 2541 additur,
1619 2509 1752 2536 exaudivit

970 2569 1020 2588 me.

1009 2601 1090 2632 Vsus.
1110 2602 1168 2630 6-8.
1196 2601 1250 2629 Iste
1273 2608 1373 2636 pauper
1401 2600 1542 2633 clamavit,
1569 2603 1594 2627 et
1624 2599 1752 2626 Dominus

968 2650 1100 2679 exaudivit
1124 2657 1193 2680 eum,
1218 2652 1242 2675 et
1262 2647 1293 2674 de
1313 2646 1433 2673 omnibus
1460 2645 1674 2672 tribulationibus
1694 2646 1752 2679 ejus

969 2696 1080 2724 saluauit
1095 2703 1163 2722 eum.
1181 2693 1229 2720 llic
1247 2700 1367 2724 rursum,
1389 2691 1428 2718 uti
1445 2691 1581 2726 superius,
1598 2691 1751 2724 exemplum

970 2742 1122 2778 disciplina
1137 2748 1197 2768 sese
1210 2739 1271 2766 aliis
1285 2737 1418 2774 perbibet.
1429 2737 1497 2764 Cum
1513 2743 1542 2764 se
1557 2743 1672 2771 namque
1685 2743 1752 2770 pau-

971 2796 1063 2825 perem
1087 2787 1122 2815 ob
1144 2787 1241 2814 animae
1261 2792 1316 2812 sua:
1339 2783 1519 2811 humilitatem
1543 2789 1575 2809 ac
1591 2781 1750 2809 modestiam

972 2836 1104 2867 declarat,
1122 2833 1156 2861 de
1175 2832 1273 2868 rseipso
1293 2830 1372 2866 quasi
1392 2829 1426 2858 de
1440 2829 1492 2857 alio
1506 2829 1578 2856 hanc
1598 2827 1752 2856 doctrinam
