2056 3214
311 228 367 258 295

647 221 783 253 EUSEBll
799 218 1039 252 C(ESARIENSlS
1058 217 1133 248 OPP.
1154 211 1244 246 PARS
1263 216 1306 245 lll.
1326 231 1362 237 -—-
1380 214 1585 243 EXEGETICA.

1894 213 1948 240 596

312 289 416 318 tradit:
436 286 491 314 Iste
502 292 602 321 pauper
620 284 756 316 clamavit,
775 287 799 310 et
820 281 949 309 Dominus
967 279 1103 308 exaudivit

1154 277 1200 304 τοῦ
1218 275 1339 304 διδάσκει
1352 275 1438 310 λέγων
1447 282 1454 290 ⁸
1469 272 1565 307 οὗτος
1578 274 1594 299 ὀ
1608 272 1725 307 πτωχὸς
1743 271 1885 306 ἑκέκραξε
1898 273 1948 299 καὶ

311 345 382 364 eum.
399 334 433 361 At
448 341 492 366 ne,
518 332 616 368 inquit,
642 329 835 360 arbitremini,
856 335 899 355 me
921 326 1032 362 quidem
1055 324 1102 361 qui

312 390 362 418 pro
376 389 440 417 rege.
461 387 493 407 ac
510 378 633 406 universi
660 377 753 413 populi
773 375 896 411 principe
917 374 1037 404 habeor,
1055 370 1103 399 sed

312 429 404 457 animo
419 428 455 455 ob
487 426 534 454 Dei
563 429 665 452 metum
691 430 795 459 pauper
817 429 897 453 sum.
921 419 1011 448 solum
1039 418 1103 445 talia

311 478 506 506 consecutum;
520 472 660 500 enimvero
672 470 756 506 probe
767 471 936 503 Compertum
947 470 999 497 est,
1013 466 1103 501 ipsum

312 521 458 549 Dominum
475 519 521 554 qui
546 525 668 553 praesens
697 515 826 542 omnibus
849 517 900 544 est,
924 512 1030 539 similes
1049 511 1103 538 mei

311 574 462 604 pauperes,
479 564 606 592 videlicet
623 563 750 590 timentes
775 560 871 592 Deum,
896 558 1101 586 exauditurum.

313 603 423 641 Custatc
452 614 477 639 et
503 610 586 638 videte
615 608 741 644 quoniam
767 606 856 633 suavis
885 608 925 632 est
952 603 1102 631 Dominus:

313 660 404 687 beatus
421 658 460 685 vir
476 657 521 693 qui
537 659 625 690 sperat
647 655 674 681 in
690 662 730 680 eo.
750 651 882 687 Quisquis
896 650 932 677 ob
954 649 1103 685 perfectam

312 709 340 734 et
355 703 553 732 indelicientem
570 702 597 728 in
624 700 708 727 Deum
727 707 802 734 spem
817 698 858 726 vir
869 697 988 730 exsistit,
1006 696 1103 724 beatus

311 755 365 780 est.
383 750 476 786 Neque
497 749 547 776 abs
566 755 596 775 re
618 746 723 782 Aquilae
738 742 959 779 interpretationi
982 748 1103 776 praesens

312 797 415 825 dictum
433 795 495 831 quis
518 793 663 829 optaverit.
682 791 712 818 ln
728 791 808 818 titulo
824 789 925 825 quippe
950 787 1102 816 secundum

311 841 438 878 Aquilam
453 841 557 868 dictum
582 841 646 866 est:
674 836 796 868 Daoidis,
826 834 933 870 quando
954 833 1104 860 immutauit

312 895 417 925 gustum
432 895 510 915 suum
533 889 594 912 ante
616 883 711 919 facient
740 879 900 908 Abimeleclt.
925 878 996 913 Quia
1022 879 1104 914 igitur

312 924 381 969 ipse,
399 940 460 960 cum
484 937 568 967 panes
593 927 790 964 propositionis
810 925 986 957 comedisset,
1005 924 1104 951 immu-

313 960 380 1007 tavit
399 960 510 1014 gustum
535 960 628 1008 suum,
644 960 677 1002 ac
702 980 735 1002 ex
760 976 842 1009 gustu
858 971 957 999 deinde
983 970 1104 998 divinam
1119 960 1140 987 Β

312 1026 366 1054 sibi
388 1026 517 1052 virtutem
543 1022 670 1050 collatam
695 1019 781 1047 fuisse
794 1018 899 1052 sensit;
924 1016 1039 1048 idcirco,
1062 1023 1105 1043 se-

312 1071 433 1100 cundum
448 1069 524 1100 illud,
537 1068 641 1103 Absque
654 1067 717 1095 dolo
737 1065 834 1100 accepi,
847 1065 904 1092 sine
920 1063 1019 1091 inuidia
1032 1070 1104 1089 com-

313 1115 469 1149 munica“,
494 1114 529 1142 ad
553 1113 726 1142 consimilem
757 1115 869 1148 gustum
896 1108 1104 1147 percipiendum

313 1164 382 1191 alios
405 1162 536 1190 festinare
555 1160 728 1191 cohortatur,
745 1164 828 1194 atque
852 1157 961 1193 precari
976 1160 1006 1183 ut
1033 1163 1105 1191 pane

312 1209 376 1239 vita!
398 1209 527 1236 alantur:
559 1206 640 1242 cujus
665 1205 821 1241 symbolum
847 1211 880 1231 ac
913 1203 1003 1238 imago
1025 1205 1105 1229 erant

314 1263 400 1292 panes
415 1255 455 1282 illi
469 1252 667 1290 propositionis
693 1259 742 1287 per
766 1249 868 1286 Moysis
883 1249 970 1284 legem
997 1247 1103 1276 statuti.

315 1301 406 1335 Quare
422 1300 507 1328 David
532 1306 595 1326 cum
616 1297 781 1332 intelligeret
808 1295 889 1331 cujus
917 1294 1008 1330 imago
1031 1296 1106 1321 esset

316 1346 395 1383 panis
412 1345 457 1372 ille
481 1342 688 1379 propositionis,
705 1349 761 1368 non
773 1340 807 1368 ad
828 1346 990 1374 corporeum
1006 1344 1104 1374 panem

315 1396 346 1421 ut
365 1391 546 1423 accedamus;
563 1387 611 1417 sed
636 1387 668 1415 ad
689 1393 787 1422 panem
813 1385 861 1421 qui
882 1391 1015 1419 corporeo
1039 1383 1105 1411 sub-

315 1438 464 1469 lndicatur,
489 1443 540 1463 nos
568 1437 711 1470 provocat.
728 1431 784 1459 Nos
800 1432 884 1468 igitur
909 1431 957 1466 qui
972 1430 1000 1457 in
1024 1429 1105 1458 terris

314 1490 469 1516 versamur,
487 1481 566 1517 panis
589 1484 616 1508 et
632 1479 715 1507 Verbi
732 1479 780 1514 qui
794 1477 828 1505 de
855 1477 927 1505 cmlo
951 1475 1104 1509 descendit,

314 1536 346 1556 ac
365 1528 542 1562 semetipsum
571 1524 724 1554 exinanivit
739 1528 766 1551 et
782 1521 936 1558 depressit,
956 1521 1104 1557 participes

315 1573 455 1601 eﬂicimur.
476 1572 529 1606 Qui
547 1579 613 1599 vero
627 1574 692 1599 sunt
709 1570 738 1598 in
751 1576 837 1604 regno
862 1567 1006 1599 caelorum,
1024 1568 1105 1602 pleno

315 1619 363 1646 illo
377 1626 409 1646 ac
423 1617 545 1653 perfecto
555 1620 681 1648 utuntur,
696 1615 756 1650 ejus
774 1613 919 1642 divinitate
939 1613 1062 1646 enutriti,
1077 1615 1104 1640 et

316 1663 457 1699 sapientiae
482 1661 763 1696 contemplationibus
786 1659 918 1686 fruentes.
936 1658 999 1686 Haec
1022 1658 1104 1686 etiam

316 1717 368 1738 nos
391 1709 540 1744 aliquando
564 1706 708 1735 obtinendi
731 1713 808 1741 spem
838 1704 940 1732 habere
966 1704 1103 1736 convenit,

316 1755 494 1793 quamobrem
518 1753 622 1781 dictum
647 1755 712 1780 est:
745 1751 841 1777 Beatus
876 1750 916 1777 vir
947 1750 992 1785 qui
1018 1753 1105 1784 sperat

317 1802 343 1830 ἔοι
359 1809 400 1829 eo.

353 1847 437 1876 Vens.
455 1846 483 1873 9.
509 1845 608 1873 Timete
630 1843 785 1875 Dominum,
807 1851 895 1870 omnes
920 1843 1006 1869 sancti
1031 1841 1104 1877 ejus,

316 1895 442 1931 quoniam
458 1901 510 1920 non
524 1896 563 1919 est
576 1891 666 1926 inopia
682 1890 835 1918 timentibus
850 1897 919 1917 eum.
933 1888 995 1916 Haec
1014 1888 1106 1916 omnia

317 1941 402 1970 l)av'*id
425 1941 459 1968 ad
484 1939 601 1967 aliorum
625 1937 773 1965 utilitatem
807 1936 1004 1965 sententiarum
1029 1941 1105 1962 more

317 1987 432 2024 profert,
450 1992 567 2021 quorum
596 1983 673 2019 prior
693 1983 752 2019 ipse
769 1982 873 2018 potitus
896 1985 965 2014 erat,
995 1979 1105 2015 quando

317 2032 466 2069 exquisivit
501 2030 660 2062 Dominum,
694 2036 726 2056 ac
748 2028 897 2064 propitium
928 2031 1026 2055 nactus
1051 2030 1103 2054 est.

317 2077 445 2113 Praecipit
459 2076 551 2111 itaque
577 2074 681 2103 sanctis
697 2073 756 2106 Dei,
779 2077 810 2101 ut
832 2074 957 2105 timorem
974 2073 1033 2108 ejus
1049 2078 1106 2108 prm

317 2124 406 2152 oculis
419 2123 538 2150 habeant
554 2131 561 2149 :
581 2121 616 2149 ab
643 2121 690 2148 illo
706 2120 807 2155 quippe
823 2120 920 2146 timore
939 2117 1028 2145 sancti
1047 2117 1105 2145 elli-

317 2169 446 2202 ciuntur;
462 2167 524 2195 ideo
539 2166 593 2193 alio
607 2166 635 2193 in
651 2165 757 2201 psalmo
768 2164 881 2196 dictum,
895 2162 986 2189 Timor
997 2162 1105 2189 Domini

317 2221 407 2244 castus
429 2215 465 2248 ιδ,
489 2213 629 2243 videlicet.
655 2216 747 2240 castos
772 2210 900 2238 eﬂiciens.
933 2209 1105 2244 Quapropter

318 2262 410 2290 divina
426 2261 472 2289 lex
488 2260 546 2288 ait:
567 2258 660 2286 Sancti
675 2258 759 2291 eritis,
773 2257 898 2292 quoniam
912 2264 958 2291 ego
978 2255 1103 2282 Dominus

1154 325 1171 350 ό
1190 323 1297 357 Κύριος
1311 321 1495 355 είσήκουσεν
1510 319 1614 346 αὑτοῦ.
1638 318 1717 345 Ἀλλὰ
1735 319 1772 354 μὴ
1786 318 1846 353 ἐμὲ,
1866 319 1945 353 φησι,

1156 369 1235 405 μόνον
1246 367 1422 404 τετυχηκέναι
1434 365 1616 402 νομίζετε,τδν
1626 364 1804 400 νομιζόμενον
1816 363 1866 399 μὲν
1877 362 1946 391 εἶναι

1155 413 1267 450 βασιλέα
1281 414 1330 440 καὶ
1343 413 1461 448 ἄρχοντα
1473 411 1521 438 τοῦ
1538 410 1639 442 παντὸς
1654 409 1763 442 ἔθνους,
1777 410 1810 444 τῇ
1827 409 1856 436 δὲ

1154 458 1328 495 πτωχεύοντα
1346 458 1389 484 διὰ
1402 457 1447 484 τὸν
1457 456 1505 483 τοῦ
1523 455 1591 482 Θεοῦ
1609 455 1706 490 ᾡόὸοψ
1724 454 1845 490 ἀκριὸὦς
1859 455 1889 481 δὲ
1904 463 1946 489 γι-

1153 506 1289 533 νώσκεται
1300 525 1307 535 ,
1320 505 1360 531 ὅτι
1374 505 1388 530 ὁ
1405 503 1486 535 αὐτὸς
1497 502 1599 538 Κύριος
1611 501 1658 528 καὶ
1673 499 1768 538 παρὼν
1780 501 1834 528 τῶν
1845 501 1946 536 ὁμοίως

1153 552 1215 588 ἐμοὶ
1228 550 1344 587 πτωχῶν
1356 571 1364 583 ,
1380 550 1452 585 λέγω
1465 549 1494 576 δὲ
1506 549 1560 576 τῶν
1573 547 1747 583 φοϐουμένων
1761 547 1855 579 αὐτὸν,
1870 549 1945 573 εἰσα-

1154 597 1289 625 κούσεται.
1304 596 1462 623 Γεύσασθε
1475 594 1524 622 καὶ
1546 593 1624 620 were
1647 593 1692 620 ὅτι
1706 592 1842 627 χρηστὸς
1855 595 1873 620 ὁ
1890 593 1946 620 K1}-

1149 653 1225 679 ριοςυ
1239 641 1385 678 μακάριος
1396 641 1475 676 ἀνὴρ
1484 641 1518 674 ὃς
1527 639 1638 670 ἐλπίζει
1706 639 1809 666 αὐτόν·
1826 638 1855 666 '0
1862 639 1908 666 διὰ
1917 638 1947 666 τὸ

1153 691 1262 722 τελείως
1273 690 1320 716 καὶ
1333 688 1482 719 ἀνελλιπῶς
1497 686 1618 719 ἐλπίζειν
1632 687 1678 713 ἐπὶ
1693 676 1760 713 Θεὸν
1776 685 1848 721 ἀνὴρ
1859 686 1947 722 ὑπάρ-

1154 744 1209 774 χων
1226 735 1361 773 μακάριός
1376 736 1460 762 ἐστιν.
1484 734 1541 761 Ούκ
1554 733 1706 764 ἀπεικότως
1719 732 1752 760 ἄν
1766 741 1808 764 τις
1823 732 1946 767 ἐφαρμό-

1155 793 1226 811 σειεν
1236 785 1270 819 τῇ
1283 782 1354 810 κατὰ
1366 781 1412 808 τὸν
1429 781 1545 808 Ἀκύλαν
1558 779 1691 816 ἑρμηνείᾳ
1701 778 1749 814 τὴν
1763 778 1946 814 προκειμένην

1154 830 1239 864 λέξιν·
1251 829 1365 864 ἐπείπερ
1378 829 1407 855 ὲν
1419 829 1452 863 τῇ
1465 827 1610 862 προγραφῇ
1622 825 1692 852 κατὰ
1703 824 1747 851 τὸν
1763 823 1879 851 Ἀκύλαν
1891 824 1947 850 ἐλέ-

1154 885 1217 912 γετο
1224 884 1230 891 ·
1250 875 1306 903 Τοῦ
1315 873 1416 907 Δαυῒὸ,
1428 873 1478 900 ὅτε
1488 872 1640 907 ἠλλοίωσε
1649 871 1682 898 τὸ
1695 870 1788 907 γεῦμα
1798 870 1895 898 αὐτοῦ
1905 871 1946 904 εἰς

1154 923 1317 958 πρόσωπον
1337 919 1500 956 Ἀϐιμέλεχ.
1519 918 1596 945 Ἐπεὶ
1612 918 1700 945 τοίνυν
1716 917 1808 951 αὐτὸς,
1823 917 1880 943 τῶν
1897 912 1946 953 dp;

1155 979 1209 997 των
1224 969 1273 1005 τῆς
1287 967 1444 1004 προθέσεως
1464 963 1641 1002 μεταλαϐὼν,
1667 964 1798 999 ὴλλοίωσε
1812 964 1842 991 τὸ
1856 964 1948 1000 γεῦμα

1155 1015 1239 1044 αὐτοῦ
1249 1035 1257 1048 ,
1273 1013 1324 1042 εἴτ’
1340 1014 1394 1041 ἀπὸ
1404 1014 1455 1049 τῆς
1467 1012 1588 1048 γεύσεως
1602 1010 1700 1047 ᾔσθετο
1712 1011 1854 1047 δυνάμεως
1872 1011 1948 1043 θείας

1155 1061 1354 1099 χορηγηθείσης
1367 1059 1442 1095 αὐτῷ
1451 1067 1458 1074 ·
1471 1058 1566 1086 τούτου
1581 1059 1661 1094 χάριν
1674 1057 1745 1085 κατὰ
1752 1057 1783 1084 τό
1792 1066 1800 1072 ·
1819 1057 1948 1090 Ἀδόλως

1154 1110 1274 1141 ἔλαϐον,
1289 1108 1426 1143 ἀφθόνως
1437 1106 1641 1142 μεταδίδομτιι,
1659 1104 1813 1141 παρακαλεῖ
1827 1104 1877 1131 καὶ
1890 1103 1948 1131 ιτε-

1156 1163 1220 1191 ρους
1232 1154 1358 1181 σπεύδειν
1374 1153 1420 1180 ἐπὶ
1429 1154 1479 1189 τὴν
1493 1153 1589 1188 ὁμοίαν
1600 1151 1676 1187 αὑτῷ
1690 1150 1784 1186 γεῦσιν
1794 1170 1801 1182 ,
1817 1149 1946 1182 εὔξασθαί

1154 1209 1185 1227 τε
1198 1200 1335 1237 τραφῆναι
1351 1199 1391 1235 τῷ
1403 1199 1477 1235 ἄρτῳ
1489 1198 1538 1234 τῆς
1552 1198 1642 1233 ζωῆς·
1657 1194 1688 1225 οὗ
1700 1195 1832 1232 σύμϐολον
1848 1196 1896 1223 καὶ
1909 1197 1946 1222 εὶ-

1155 1245 1211 1273 κὼν
1221 1245 1366 1281 ἐτύγχανον
1377 1246 1401 1272 οἱ
1413 1245 1456 1271 διὰ
1467 1244 1607 1275 Μωῦσέως
1617 1243 1859 1279 νενομοθετημένοι
1870 1242 1947 1278 ἄρτοι

1155 1294 1205 1329 τῆς
1220 1292 1384 1328 προθέσεως.
1402 1291 1502 1327 Διόπερ
1515 1292 1529 1318 ὁ
1543 1290 1624 1318 Δαυῖδ
1635 1310 1643 1323 ,
1659 1291 1759 1326 νοήσας
1775 1289 1848 1320 τίνος
1862 1285 1898 1324 ἦν
1910 1288 1947 1314 εί-

1156 1337 1211 1366 κὼν
1229 1340 1244 1366 ὁ
1258 1339 1308 1375 τῆς
1324 1338 1479 1374 προθέσεως
1492 1338 1590 1374 ἄρτος,
1606 1338 1656 1364 οὐκ
1668 1337 1714 1363 ἐπὶ
1729 1336 1775 1363 τὸν
1791 1335 1946 1371 σωματικὸν

1156 1385 1281 1412 σπεύδειν
1298 1384 1457 1422 προτρέπει,
1473 1383 1530 1410 ἀλλ’
1541 1384 1588 1410 ἐπὶ
1599 1383 1645 1410 τὸν
1657 1383 1690 1410 δι’
1698 1381 1781 1409 αὐτοῦ
1791 1381 1945 1417 νοούμενον.

1161 1429 1255 1468 Ἡμεῖς
1269 1432 1318 1467 μὲν
1331 1429 1378 1459 οὖν
1392 1431 1417 1458 οί
1428 1430 1476 1457 ἐπὶ
1492 1430 1543 1467 γῆς
1559 1431 1591 1457 ὲκ
1604 1429 1651 1457 τοῦ
1663 1428 1778 1465 ούρανοῦ
1792 1427 1947 1464 καταϐεϐη-

1155 1477 1233 1510 κότος
1256 1476 1303 1503 τοῦ
1326 1477 1408 1513 ἄρτου
1429 1476 1477 1503 καὶ
1499 1475 1547 1503 τοῦ
1565 1475 1653 1509 Λόγου
1671 1473 1839 1505 κενώσαντος
1852 1473 1946 1500 ἑαυτὸν

1156 1524 1203 1551 καὶ
1219 1524 1415 1560 σμικρύναντος
1430 1521 1688 1559 μεταλαμϐάνομεν·
1702 1521 1729 1547 οἱ
1743 1520 1772 1547 δὲ
1783 1521 1812 1546 ὲν
1823 1521 1856 1556 τῇ
1872 1519 1946 1555 βασι-

1154 1570 1215 1606 λείᾳ
1233 1570 1288 1597 τῶν
1303 1569 1424 1606 οὐρανῶν
1439 1569 1559 1605 πλήρους
1575 1567 1659 1595 αὑτοῦ
1675 1567 1723 1594 καὶ
1743 1565 1846 1594 τελείου
1864 1575 1946 1601 μετα-

1155 1616 1322 1652 λαμϐάνουσι
1334 1636 1342 1649 ,
1363 1615 1526 1652 τρεφόμενοι
1542 1614 1624 1642 αὑτοῦ
1640 1615 1673 1650 τῇ
1689 1614 1796 1648 θεότητι
1807 1632 1814 1645 ,
1830 1613 1878 1640 καὶ
1894 1611 1946 1639 τῶν

1155 1662 1205 1697 τῆς
1221 1662 1316 1696 σοφίας
1332 1661 1517 1697 θεωρημάτων
1533 1659 1716 1692 ἀπολαύοντες
1726 1679 1733 1691 ,
1758 1655 1795 1687 ὧν
1811 1660 1859 1686 καὶ
1872 1660 1945 1695 ἡμᾶς

1154 1707 1243 1743 καιρῷ
1251 1715 1315 1734 ποτε
1324 1708 1465 1742 μετασχεῖν
1476 1706 1597 1738 ἐλπίζειν
1609 1707 1752 1742 προσήκει,
1761 1705 1800 1733 διὸ
1808 1705 1945 1732 λέλεκται·

1153 1752 1305 1797 Μςικάριος
1320 1753 1398 1787 ἀνὴρ
1411 1752 1445 1786 ὃς
1456 1745 1568 1782 ἐλπίζει
1580 1752 1627 1779 ἐπ’
1640 1753 1743 1779 αὐτόν.

1190 1841 1340 1876 Φοϐήθητε
1353 1841 1407 1868 τὸν
1419 1841 1547 1876 Κύριον,
1569 1839 1682 1873 πάντες
1703 1840 1730 1866 ol
1745 1839 1822 1874 ἅγιοι
1842 1838 1946 1872 αὐτοῦ,

1155 1889 1200 1916 ὅτι
1212 1890 1268 1916 οὐκ
1282 1888 1369 1915 ἐστιν
1381 1887 1536 1922 ὑστέρημα
1553 1886 1616 1919 τοῖς
1630 1885 1827 1921 φοϐουμένοις
1842 1885 1947 1913 αὐτόν.

1155 1935 1247 1962 Πάντα
1259 1934 1346 1961 ταῦτα
1360 1933 1507 1969 γνωμικῶς
1520 1933 1534 1960 ό
1547 1931 1627 1959 Δαυῒδ
1643 1932 1683 1963 είς
1697 1931 1746 1967 τὴν
1760 1931 1863 1967 ἑτέρων
1877 1931 1947 1964 ὠφέ-

1154 1981 1229 2008 λειαν
1245 1980 1422 2017 προφέρεται,
1441 1979 1520 2011 αὐτὸς
1534 1979 1666 2014 πρότερον
1678 1977 1835 2009 ἀπολαύσας
1846 1977 1946 2008 αὐτῶν,

1154 2028 1200 2054 ὅτε
1209 2047 1216 2061 ,
1236 2028 1390 2063 ἐκζητήσας
1403 2026 1448 2053 τὸν
1462 2025 1564 2061 Κύριον
1575 2045 1583 2057 ,
1603 2024 1721 2059 ἐπηκόου
1735 2023 1818 2051 αὑτοῦ
1830 2023 1945 2059 τετύχη-

1155 2082 1197 2100 κε.
1209 2072 1430 2108 Παρακελεύεται
1446 2071 1535 2098 τοίνυν
1550 2071 1597 2098 τὸν
1612 2070 1694 2105 φόϐον
1709 2070 1756 2097 τοῦ
1771 2070 1876 2105 Κυρίου
1894 2069 1947 2105 πρὸ

1155 2119 1301 2154 ὀφθαλμῶν
1312 2117 1433 2145 τίθεσθαι
1444 2118 1507 2149 τοὺς
1519 2117 1614 2152 ἁγίους
1626 2115 1708 2143 αὑτοῦ
1717 2125 1724 2131 ·
1737 2115 1789 2142 ὑπὸ
1799 2116 1853 2150 γὰρ
1865 2114 1946 2141 αὐτοῦ

1155 2165 1203 2192 τοῦ
1219 2165 1301 2200 φόϐου
1315 2165 1387 2199 ἅγιοι
1402 2163 1609 2191 ἀνατελοῦνται·
1625 2162 1665 2189 διὸ
1675 2162 1801 2189 λέλεκται
1815 2163 1844 2188 έν
1861 2161 1947 2197 ἑτέρῳ

1155 2210 1263 2247 ψαλμῷ·
1281 2211 1312 2237 '0
1321 2210 1413 2245 φόϐος
1421 2209 1532 2243 Κυρίου
1542 2209 1644 2244 ἁγνὸς,
1654 2209 1714 2235 ἀντὶ
1723 2208 1781 2240 τοῦ,
1792 2208 1946 2242 ἁγνοποιός.

1155 2258 1201 2284 Διδ
1213 2257 1260 2285 καὶ
1271 2257 1286 2284 ὁ
1299 2256 1370 2287 θεῖος
1382 2256 1463 2291 νόμος
1478 2254 1560 2291 φησίν
1569 2263 1576 2270 ν
1590 2255 1686 2289 ’Ἅγιοι
1700 2255 1818 2286 ἔσεσθε,
1834 2254 1879 2281 ὅτι
1890 2254 1947 2290 ἐγὼ

317 2308 388 2336 Deus
405 2311 488 2334 vester
500 2309 607 2333 sanctus
623 2312 681 2331 sum
694 2303 727 2330 ".
741 2303 830 2337 Atque
841 2301 950 2337 signum
962 2299 1029 2328 illud
1046 2300 1104 2327 evi-

1155 2304 1261 2338 Κύριος
1278 2304 1295 2330 ό
1315 2302 1387 2335 Θεὸς
1404 2300 1488 2336 ὑμῶν
1506 2301 1598 2336 ἅγιος.
1630 2300 1684 2327 Καὶ
1705 2302 1815 2336 σημεῖον
1832 2301 1880 2328 τοῦ
1901 2310 1948 2336 φο-

318 2355 386 2382 dens
402 2352 484 2381 fuerit
506 2350 614 2378 timoris
632 2349 751 2382 Domini,
773 2348 797 2376 si
818 2347 880 2383 quis
899 2354 915 2373 a
934 2346 1062 2374 sordibus
1078 2349 1106 2373 et

317 2400 409 2437 pravis
431 2397 560 2435 operibus
576 2404 664 2432 purus
689 2399 716 2423 et
734 2402 836 2423 vacuus
864 2393 966 2426 fuerit,
991 2399 1106 2426 seseque

318 2449 445 2474 sanctum
464 2451 580 2480 corpore
597 2451 628 2470 ac
645 2439 917 2477 spiritu'servaverit.
933 2437 1106 2465 Timentibus

318 2499 401 2528 porro
413 2490 509 2524 Deum,
525 2490 573 2525 qui
589 2496 635 2524 per
646 2489 706 2523 ejus
719 2491 821 2514 metum
840 2485 927 2513 sancti
940 2483 1104 2516 eﬁiciuntur,

319 2537 387 2565 nihil
403 2543 522 2572 unquam
535 2535 633 2566 deerit,
645 2537 738 2568 utpote
752 2532 798 2567 qui
813 2531 924 2559 divitias
942 2536 1055 2566 magnas
1072 2536 1104 2556 ac

318 2584 478 2611 thesaurum
492 2582 624 2618 optimum
646 2580 674 2607 in
700 2579 760 2614 ipso
782 2578 879 2606 timore
899 2576 1009 2604 Domini
1026 2583 1103 2611 repe-

317 2630 414 2659 rerint.

570 2682 708 2711 DAVlDlS
726 2680 846 2709 XXXIV.

354 2731 437 2759 Vens.
460 2730 519 2757 1-5.
537 2728 646 2762 Iudico,
660 2728 779 2760 Domine,
803 2730 924 2754 nocentes
949 2732 999 2758 me,
1018 2731 1102 2759 expu-

319 2788 371 2816 gna
382 2781 563 2814 impugnantes
578 2785 628 2804 me.
643 2775 810 2811 Apprehende
833 2782 910 2801 arma
929 2779 954 2800 et
973 2777 1077 2800 scutum
1091 2779 1101 2798 :

320 2831 345 2854 et
357 2834 468 2861 exsurge
480 2825 508 2851 in
523 2823 686 2858 adjutorium
712 2822 786 2848 mihi.
803 2820 916 2856 E/funde
930 2820 1061 2854 frameam
1075 2823 1101 2844 et

1156 2347 1262 2373 δεῖσθαι
1278 2345 1324 2373 τὸν
1338 2346 1441 2382 Κύριον
1457 2345 1530 2372 τοῦτ’
1549 2345 1582 2372 ἂν
1596 2345 1701 2379 γένοιτο
1711 2365 1718 2376 ,
1737 2346 1768 2372 τὸ
1785 2345 1948 2382 καθαρεύειν

1158 2391 1206 2427 μὲν
1220 2390 1309 2426 πάσης
1321 2390 1455 2426 ρυπαρίας
1466 2390 1512 2416 καὶ
1526 2390 1641 2425 αίσχρᾶς
1651 2389 1776 2425 πράξεως
1785 2410 1792 2423 ,
1802 2390 1947 2424 φυλάττειν

1155 2437 1184 2464 δὲ
1198 2438 1295 2469 αὐτοὺς
1309 2436 1405 2470 ἁγίους
1422 2436 1468 2463 καὶ
1487 2434 1594 2470 σώματι
1609 2435 1656 2461 καὶ
1672 2435 1816 2470 πνεύματι.
1842 2435 1906 2466 Τοῖς
1917 2434 1945 2461 δὲ

1155 2483 1201 2510 τὸν
1226 2482 1328 2519 Κύριον
1345 2481 1539 2517 φοϐουμένοις,
1566 2481 1613 2508 καὶ
1627 2481 1671 2507 διὰ
1696 2481 1740 2507 τὸν
1764 2480 1846 2507 αὑτοῦ
1865 2480 1945 2514 φόϐον

1157 2531 1333 2567 ἡγιασμένοις
1345 2550 1351 2562 ,
1380 2529 1455 2556 οὐδὲν
1475 2528 1508 2556 ἂν
1524 2528 1607 2564 δεήσῃ
1630 2527 1668 2559 ὡς
1682 2528 1716 2554 ἂν
1733 2527 1818 2562 μέγαν
1833 2526 1946 2554 πλοῦτον

1157 2577 1204 2604 καὶ
1220 2576 1354 2613 θησαυρὸν
1369 2575 1470 2610 ἀγαθὸν
1481 2575 1510 2602 ὲν
1522 2573 1596 2610 αὺτῷ
1610 2573 1650 2609 τῷ
1663 2573 1737 2609 φόϐῳ
1751 2572 1854 2608 Κυρίου
1865 2573 1946 2608 εὑρη-

1157 2623 1243 2650 κόσιν.

1413 2674 1483 2703 ΤΟΥ
1501 2673 1601 2702 ΔΑΥΙΔ
1617 2674 1676 2700 AA"

1191 2725 1335 2755 Δικασον,
1353 2723 1451 2757 Κύριε,
1469 2723 1540 2756 τοὺς
1554 2720 1735 2753 ἀδικοῦντάς
1748 2728 1803 2755 με,
1815 2718 1944 2753 tradem:-

1155 2779 1213 2799 σον
1227 2771 1297 2803 τοὺς
1313 2768 1520 2804 πολοιωῦντάς
1533 2777 1581 2803 με.
1601 2766 1761 2794 Ἑπιλαΰοῦ
1781 2765 1878 2792 ὅπλου
1895 2765 1941 2792 καὶ

1154 2817 1260 2852 θυρεοῦ
1271 2826 1278 2832 ·
1297 2817 1347 2844 καί
1359 2815 1507 2849 ἀνάστηθι
1526 2815 1570 2847 είς
1585 2812 1730 2847 βοήθειάν
1739 2821 1800 2847 μοι.
1817 2813 1943 2846 Ἕκχεον

321 2872 445 2900 tonclude
455 2870 578 2898 adversus
589 2877 633 2896 eos
644 2868 688 2903 qui
702 2871 890 2902 persequuntur
903 2874 952 2892 me.
963 2865 1099 2898 Quoniam

1154 2862 1312 2897 ῥομφαίαν,
1325 2861 1373 2888 καὶ
1389 2861 1575 2896 σύγυεισον
1589 2858 1765 2891 ἐξεναντίας
1780 2855 1839 2883 τῶν
1853 2864 1941 2883 κατα*

360 2950 382 2966 ⁸⁸
401 2949 464 2985 Sap.
484 2955 537 2982 vn,
559 2947 602 2976 15.
640 2946 662 2963 “
682 2944 858 2982 Psal._xvm,
877 2943 920 2971 ιο.
960 2942 982 2958 ⁸⁸
1002 2941 1091 2969 chit.
1112 2947 1150 2974 si,
1172 2939 1218 2967 45.
