2056 3214
157 206 212 239 297

725 208 973 240 COMMENTARIA
995 208 1029 238 lN
1047 207 1213 237 PSALMOS.
1262 189 1320 230 *Α

1721 206 1774 237 ΞΜ

155 268 324 295 διωκόντων
335 275 384 302 με.
404 261 480 294 Ἐπεὶ
493 267 540 294 καὶ
550 268 578 294 ἐν
593 267 631 303 τῷ
647 267 774 303 Ίεζεκιὴλ
783 268 866 294 πολλὰ
881 260 929 303 πέρ

997 268 1025 295 in
1048 266 1189 295 Ezechiele
1215 265 1297 292 multa
1321 264 1353 293 de
1367 263 1470 293 framea
1487 264 1560 293 dicta
1585 267 1669 299 s‘uut;
1697 273 1773 298 nam,

155 311 292 348 ῥομφαίας
304 311 409 348 εἴρηται
418 321 425 327 ⁸
450 312 593 347 Ῥομφαία
603 312 657 347 γὰρ
667 332 674 344 ,
689 313 755 348 φησὶ
767 333 774 344 ,
796 313 938 346 ῥομφαία,

152 357 322 393 ἑξεγέρθητι
329 377 337 390 ,
346 358 394 384 καὶ
403 358 478 393 φάγε
485 355 555 392 αζιια
569 357 753 392 τραυματιῶν
763 367 770 373 ³
784 358 830 384 καὶ
842 358 921 385 πάλιν
930 366 936 372 “

153 403 197 439 Γῆ
215 404 271 431 ἐὰν
286 402 401 438 ἁμάρτῃ
414 413 476 438 μοι,
495 404 543 430 καὶ
557 402 716 430 ἀποστελῶ
726 404 877 438 ῥομφαίαν
891 403 938 429 ἐπ’

151 449 247 483 αὐτήν
255 457 262 465 ⁵
274 449 361 476 πάντα
372 449 400 476 δὲ
411 449 496 477 ταῦτα
504 450 573 477 κατὰ
581 450 629 485 τῆς
640 451 668 477 ὲν
679 449 831 484 ἀνθρώποις
840 450 938 482 κακίας

150 496 298 532 ἐπαφίησιν
307 515 315 528 ,
328 495 366 528 ὡς
375 496 476 532 ἀγαθὸς
486 516 493 529 ,
508 496 577 532 πρὸς
587 495 719 531 ὠφέλειαν
734 495 786 522 τῶν
798 496 842 522 ὑπ’
853 495 938 532 αὐτῆς

150 541 378 578 κεκρατημένων·
393 540 454 568 ἐπεὶ
470 542 515 569 καὶ
529 541 656 577 πολέμων
674 540 752 574 σώζει
777 542 828 577 (l),
843 541 936 578 ὥσπερ

150 587 241 624 ξατρὺς
250 608 258 619 ,
272 588 379 623 τέμνων
397 588 443 615 καὶ
459 589 545 616 καίων
560 588 594 615 τὰ
602 588 752 615 πεπονθότα
759 588 803 615 τοῦ
812 588 936 624 σώματος

148 634 216 670 πρὸς
224 625 371 670 θεραπείαν
386 634 498 666 παντός·
512 634 616 666 τούτοις
624 634 747 669 ἐπιφέρει
760 634 845 668 λέγων
858 635 933 670 ἑξῆς·

147 678 242 707 Εἶπον
259 679 297 714 τῇ
311 680 397 714 ψυχῇ
409 689 483 715 μου·
505 681 637 715 Σωτηρία
651 689 708 707 σου
723 680 780 715 ἐγώ
794 682 866 716 είμι-
892 690 936 707 πι-

147 726 249 753 στεύων
266 726 313 753 καὶ
326 727 448 762 ἀκριϐῶς
462 726 643 761 πεπεισμένος
656 746 663 758 ,
681 727 721 753 ὅτι
745 726 776 753 τὸ
792 726 934 762 λεγόμενον

147 771 199 799 ὑπὸ
213 772 257 799 τοῦ
270 772 337 799 Θεοῦ
352 773 401 799 οὐκ
414 773 506 808 ἀργῶς
519 773 641 808 πρόεισιν
651 793 658 805 ,
677 773 732 799 ἀλλ’
744 774 784 805 εἰς
797 774 877 809 ἔργον
890 774 935 800 ὲκ-

147 816 235 844 6αίνει
247 818 355 850 πάντως
364 818 395 845 τὸ
405 817 559 854 λεγόμενον.
576 819 629 845 Καὶ
642 820 670 845 ἐν
685 818 771 854 τούτῳ
781 819 809 845 δὲ
823 819 870 855 τὴν
885 819 934 854 μὲν

147 862 244 890 ἑαυτοῦ
260 864 368 899 ἠρνεῖτο
385 864 536 900 σωτηρίαν,
549 863 595 890 καὶ
611 864 659 900 τὴν
676 863 772 891 ἑαυτοῦ
790 867 934 900 παρῃτεῖτο

146 908 234 944 ζωὴν,
251 909 300 946 τὴν
318 911 347 937 δὲ
363 910 410 937 τοῦ
426 911 527 946 Κυρίου
544 911 679 946 σωτηρίαν
696 912 728 946 τῇ
745 911 841 938 ἑαυτοῦ
861 911 932 946 ψυχῇ

993 313 1121 345 Framea,
1138 311 1236 347 inquit,
1253 311 1356 346 [ramea
1381 311 1520 344 suscitare,
1544 316 1568 338 et
1585 311 1689 339 comede
1708 319 1773 339 san‘

992 360 1095 395 guinem
1118 357 1314 384 vulneratorum
1331 357 1367 390 “;
1395 363 1426 383 ac
1451 364 1576 384 rursum:
1606 357 1687 385 Terra
1712 365 1772 384 cum

991 405 1134 440 peccaverit
1150 405 1224 436 mihi,
1239 405 1319 431 etiam
1333 403 1475 430 immittam
1493 403 1620 438 frameam
1635 408 1728 431 contra
1736 403 1771 430 il-

991 451 1045 478 lam
1057 451 1093 483 ι⁷;
1111 451 1168 477 hrec
1184 454 1274 478 autem
1292 450 1381 477 omnia
1395 451 1526 478 adversus
1540 450 1670 477 malitiam
1683 450 1772 477 homi-

990 505 1067 529 num,
1084 501 1177 532 utpote
1192 497 1291 529 bonus,
1308 497 1341 524 ad
1357 497 1501 524 utilitatem
1521 504 1615 524 eorum
1632 497 1703 532 quia
1715 496 1771 524 fra-

990 548 1049 568 mea
1067 541 1112 568 illa
1124 545 1303 576 oecupantur,
1320 541 1420 568 emittit
1437 551 1444 568 :
1463 541 1590 577 quoniam
1605 541 1668 568 item
1684 549 1698 568 a
1713 541 1771 570 bel-

990 587 1024 614 lis
1038 591 1127 614 servat
1143 591 1169 614 et
1183 591 1274 615 tuetur
1293 587 1372 621 quasi
1398 587 1532 620 medicus,
1545 587 1668 622 corporis
1685 595 1770 615 mem-

988 631 1037 658 bra
1055 631 1125 659 male
1140 631 1246 663 aﬂ'ecta,
1266 631 1299 658 ad
1311 632 1396 660 totius
1411 632 1625 659 incolumitatem
1641 639 1770 660 resecari!

988 680 1015 704 et
1030 677 1165 711 adurens;
1182 677 1242 705 ideo
1258 677 1284 704 in
1303 678 1481 712 sequentibus
1496 677 1579 704 infert
1592 686 1597 704 :
1608 677 1657 704 Dic
1673 678 1770 704 animo;

988 731 1052 750 mea:
1067 731 1075 750 :
1091 722 1170 750 Salus
1192 729 1236 751 tua
1257 733 1302 760 ego
1322 732 1391 756 sum,
1408 725 1523 752 credens
1539 725 1644 752 scilicet
1660 732 1692 752 ac
1708 732 1770 759 per-

988 776 1098 797 suasum
1118 770 1197 804 plane
1212 771 1325 802 habens.
1341 770 1450 799 effatum
1470 771 1534 798 illud
1559 770 1606 799 Dei
1626 779 1680 798 non
1710 771 1769 798 fru-

988 819 1044 842 stra
1058 815 1192 849 prolatum
1209 824 1279 848 esse,
1295 816 1341 844 sed
1352 824 1434 851 opere
1448 824 1480 844 ac
1499 825 1528 844 re
1547 821 1623 852 gesta
1646 825 1769 854 ('Ompl'O-

987 861 1056 888 hari.
1073 861 1160 896 Atque
1175 869 1206 889 ea
1223 863 1331 897 quidem
1353 863 1380 889 in
1404 871 1433 890 re
1458 863 1573 891 salutem
1593 872 1672 899 quam
1690 872 1722 891 ex
1739 872 1769 891 se

988 907 1068 935 habet
1093 908 1252 944 abnegabat,
1275 909 1413 944 vitamque
1434 910 1570 944 propriam
1594 910 1766 944 repudiabat,

145 955 307 991 χαρισθῆναι
322 955 419 992 ηὔχετο
429 976 436 988 ,
453 958 528 989 ὅπως
544 956 589 984 καὶ
605 956 684 988 αὐτὸς
702 957 757 992 ἔχοι
771 957 874 991 λέγειν’
889 955 929 983 Ζιῖ

986 961 1018 980 ac
1032 953 1140 981 Domini
1155 955 1269 981 salutem
1283 955 1380 982 anima:
1390 955 1509 983 conferri
1520 963 1576 983 sum
1587 956 1765 991 precabatur;

143 1000 178 1028 δὲ
189 998 290 1029 οὐκέτι
303 1002 376 1038 ἐγὼ,
393 1002 428 1037 ζῇ
440 1003 473 1029 δὲ
487 1004 522 1029 ἐν
537 1002 601 1037 ἐμοὶ
613 1003 749 1036 Χριστός.
777 1002 862 1034 Αὐτὸς
878 1002 931 1038 γάρ

144 1047 217 1074 ἐστιν
229 1048 245 1083 ἠ
260 1049 381 1090 σωῃρία
397 1048 490 1084 ἡμῶν
503 1048 580 1074 τοῦτο
593 1048 656 1082 γοῦν
670 1047 734 1074 αὐτὸ
747 1048 871 1083 σημαίνει
884 1047 932 1075 καὶ

144 1092 160 1128 ἢ
173 1092 221 1120 τοῦ
240 1093 327 1129 Ἰησοῦ
345 1093 475 1129 ὀνόματος
490 1093 631 1130 ἑρμηνεία.

176 1180 436 1215 Αἰσχυνθήτωσαν
444 1181 493 1207 καὶ
501 1180 734 1215 ἐντραπήτωσιιν
741 1183 767 1208 01
777 1180 930 1215 ζητοῦντες

142 1223 200 1259 τὴν
221 1225 328 1260 ψυχήν·
345 1235 415 1261 μου.
444 1225 544 1252 Τούτου
560 1226 631 1262 γὰρ,
651 1226 734 1262 φησὶ,
757 1225 859 1262 Κύριε,
878 1226 931 1252 ὑπὸ

143 1270 189 1297 σοῦ
209 1270 375 1305 γενομένου,
401 1270 448 1297 καὶ
472 1270 673 1303 ὲπακούσαντός
694 1280 744 1307 μου
768 1272 816 1306 τῆς
836 1271 928 1307 εὐχῆς,

142 1317 271 1352 αἰσχυνθὴ
277 1325 366 1349 σονται
376 1316 422 1344 καὶ
432 1318 646 1354 ἐντραπήσονται
654 1318 691 1349 ὡς
701 1318 788 1353 μάτην
795 1318 931 1353 ἐπιχειρή-

144 1371 239 1394 σαντες
249 1371 255 1377 ·
265 1363 306 1389 διὸ
321 1361 367 1389 καὶ
383 1359 518 1398 ἀπέτυχον
531 1363 576 1390 τοῦ
591 1363 818 1398 σπουδαζομένου.
843 1363 928 1389 Ἀπο-

141 1406 409 1441 στραφήτωσανεῖς
419 1407 455 1434 τὰ
463 1408 558 1434 ὀπίσω
569 1407 616 1434 καὶ
623 1407 929 1442 καταισχυνθήτωσαν

141 1455 168 1481 ol
181 1452 366 1488 λογιζόμενοι
377 1462 427 1488 μοι
439 1454 525 1481 κακά.
542 1453 638 1481 Οῡκέτι
651 1454 705 1490 γὰρ
719 1455 862 1490 στήσονται
875 1451 928 1490 πρὸ

142 1498 286 1535 προσώπου
305 1507 373 1535 μουν
392 1499 464 1526 νῶτα
479 1499 506 1526 δὲ
524 1499 615 1531 δόντες
634 1499 861 1536 παραχωρήσουσί
880 1508 926 1535 μοι

141 1546 174 1572 τὰ
189 1547 342 1582 νικητήρια.
361 1545 511 1579 Φεύγοντας
525 1545 552 1571 δὲ
567 1544 664 1577 αὐτοὺς
678 1547 725 1572 καὶ
740 1547 779 1577 είς
793 1545 827 1572 τὰ
842 1545 928 1572 ὀπίσω

139 1591 294 1628 χωροῦντας
301 1591 515 1628 διασκορπισμὺς
522 1591 866 1627 λήψεται.Γενηθήτωσαν
873 1592 927 1627 γὰρ

139 1637 212 1664 ὡσεὶ
234 1637 308 1672 χοῦς
326 1637 402 1664 κατὰ
424 1638 586 1672 πρόσωπον
602 1637 713 1672 ἀνέμου
730 1637 778 1665 καὶ
801 1637 927 1673 ἄγγελος
941 1655 962 1682 c

140 1683 251 1716 Κυρίου
266 1682 408 1710 ὲκθλίϐων
424 1683 550 1717 αὐτοὺς,
577 1684 643 1720 μηδὲ
660 1685 842 1720 συναχθῆναι,
861 1684 927 1720 μηδὲ

141 1729 355 1764 παλινδῳμῆσαι
375 1731 537 1766 συγχωρῶν,
552 1732 566 1758 ὁ
584 1731 607 1757 δ’
624 1730 704 1762 αὐτὸς
716 1731 868 1765 ὲπιμενέτω
879 1732 925 1757 ὲκ-

141 1774 241 1802 θλίϐων
253 1775 362 1809 αὐτοὺς,
377 1775 499 1804 τουτέστι
510 1777 641 1810 κολάζων.
659 1775 816 1811 Γενηθήτω
825 1777 843 1811 ἡ
857 1768 926 1808 ὁδὸς

139 1820 240 1849 αὐτῶν
254 1823 362 1856 σκότος
376 1823 425 1850 καὶ
441 1823 600 1858 ὀλίσθημα,
616 1823 663 1850 καὶ
679 1823 804 1858 ἄγγελος
816 1822 925 1856 Kvplov

985 1001 1015 1025 ut
1036 998 1094 1033 ipse
1121 1007 1228 1034 quoque
1245 999 1334 1027 dicere
1357 1005 1450 1035 posset
1477 1010 1484 1028 :
1517 1000 1580 1028 Vivo
1598 1001 1766 1036 autem.jam

984 1050 1036 1069 non
1051 1051 1115 1079 ego;
1145 1044 1204 1070 vivit
1222 1052 1280 1071 vero
1293 1044 1318 1071 in
1334 1053 1374 1071 me
1389 1043 1510 1073 Christus
1525 1046 1556 1072 ’⁸.
1573 1046 1632 1081 Ipse
1649 1053 1766 1080 namque

984 1093 1025 1116 est
1043 1089 1117 1117 salus
1137 1095 1231 1117 nostra
1249 1100 1255 1117 :
1275 1090 1394 1125 idipsum
1416 1099 1498 1126 porro
1514 1092 1554 1119 vel
1571 1092 1630 1127 ipsa
1647 1092 1765 1119 nominis

984 1133 1047 1161 Jesu
1060 1134 1259 1169 significatione
1276 1135 1423 1163 indicatur.

1019 1178 1102 1207 Vens.
1130 1180 1188 1208 4-8.
1220 1179 1423 1215 Confundantur
1450 1187 1475 1210 et
1500 1174 1664 1210 revereantur
1691 1191 1764 1218 qum-

983 1231 1067 1254 rentes
1088 1227 1203 1253 animam
1220 1235 1315 1255 meam.
1340 1227 1388 1256 His
1415 1228 1507 1261 rebus,
1533 1229 1654 1261 Domine.
1681 1230 1721 1257 sic
1748 1237 1765 1258 ι

983 1276 1010 1299 te
1024 1273 1119 1308 geslis.
1141 1277 1282 1308 postquam
1299 1274 1517 1308 deprecationem
1535 1283 1620 1303 meam
1635 1276 1764 1303 exaudie-

983 1318 1031 1351 ris,
1049 1319 1251 1346 confundantur
1267 1319 1304 1346 illi
1322 1327 1354 1346 ac
1369 1319 1472 1355 pudore
1487 1319 1647 1353 allicientur,
1665 1325 1694 1348 ut
1706 1321 1763 1349 fru-

982 1365 1038 1389 stra
1056 1370 1113 1390 rem
1129 1364 1249 1399 aggressi
1266 1373 1272 1391 :
1291 1365 1466 1399 quamobrem
1481 1373 1496 1392 a
1511 1373 1594 1401 scopo
1608 1366 1674 1401 lapsi
1687 1370 1761 1394 sunt.

982 1409 1141 1435 Avertantur
1158 1415 1301 1436 retrorsum
1315 1415 1340 1437 et
1358 1410 1512 1438 erubescant
1532 1412 1676 1447 cogitantes
1699 1412 1763 1439 mihi

982 1454 1063 1482 mala.
1080 1454 1138 1482 Non
1148 1455 1217 1482 ultra
1229 1456 1299 1482 enim
1313 1456 1464 1484 consistent
1473 1460 1534 1485 ante
1550 1457 1645 1486 faciem
1657 1466 1742 1485 meam
1754 1468 1761 1485 :

982 1499 1028 1526 sed
1043 1502 1119 1534 terga
1135 1500 1242 1530 dantes.
1259 1501 1356 1528 cedent
1372 1501 1436 1527 mihi
1453 1502 1603 1529 victoriam.
1627 1501 1680 1537 Ipsi
1701 1510 1762 1529 vero

982 1544 1115 1580 fugientes
1139 1553 1171 1571 ac
1193 1549 1266 1572 retro
1291 1545 1420 1573 cedentes
1436 1546 1654 1581 dissipabuntur.
1679 1547 1762 1574 Fiant

982 1594 1107 1625 tanquam
1121 1589 1206 1624 pulvis
1232 1595 1290 1617 ante
1308 1590 1404 1624 faciem
1427 1592 1505 1623 venti,
1524 1597 1549 1618 et
1573 1593 1681 1627 angelus
1708 1592 1760 1620 Do-

978 1636 1044 1662 mini
1058 1641 1195 1663 coarctans
1219 1645 1272 1668 eos,
1300 1645 1333 1664 ne
1354 1638 1425 1664 ultra
1453 1638 1513 1665 illos
1538 1638 1698 1673 congregari
1715 1644 1760 1667 aut

980 1680 1077 1707 reverti
1097 1681 1177 1711 sinat.
1193 1681 1239 1708 sed
1258 1681 1340 1708 instet
1355 1681 1413 1716 ipse
1430 1688 1583 1714 coarctans,
1601 1683 1627 1709 id
1643 1687 1685 1710 est
1709 1692 1760 1718 pu-

980 1726 1058 1754 niens
1070 1726 1140 1753 illos.
1158 1725 1220 1753 Fiat
1236 1728 1276 1754 via
1290 1727 1399 1754 illorum
1414 1728 1524 1755 tem-bne
1538 1732 1562 1755 et
1579 1728 1719 1761 lubricum,
1735 1735 1760 1757 ct

979 1773 1087 1807 angelus
1107 1772 1215 1799 Domini
1225 1779 1379 1809 persequens
1396 1782 1449 1801 eos.
1468 1773 1544 1801 Viam
1560 1774 1705 1810 impiorum
1721 1776 1759 1803 vi-

978 1821 1034 1845 tam
1052 1825 1162 1853 pravam
1176 1823 1326 1854 nuncupat.
1344 1827 1397 1855 qua
1412 1820 1450 1846 illi
1466 1819 1509 1846 via
1525 1819 1696 1848 incedebant.

138 1867 327 1895 καταδιώκων
336 1869 456 1902 αὐτούς.
473 1869 546 1896 Ὀδὸν
554 1869 658 1897 ἀσεϐῶν
665 1869 710 1896 τὸν
720 1869 854 1905 μοχθηρὸν
867 1868 923 1903 βίον
939 1864 1083 1900 ὀνομάζει,
1099 1865 1159 1891 καθ’
1174 1865 1204 1891 ὃν
1218 1865 1267 1901 τὴν
1284 1865 1395 1902 πορείαν
1411 1866 1580 1901 ἐποιήσαντο.

173 1914 239 1940 Ὀτι
263 1913 377 1948 δωρεὰν
400 1913 538 1948 ἐκρυψάν
550 1923 600 1948 μοι
619 1914 782 1949 διαφθορὰν
800 1912 925 1948 παγίδος

137 1959 246 1986 αὐτῶν.
276 1959 346 1986 'Av0‘
361 1957 390 1987 οὗ
404 1961 418 1986 ὁ
432 1959 579 1996 Σύμμαχος
594 1958 722 1992 ἐξέδωκεν
738 1958 824 1991 οὕτως
835 1966 842 1974 ·
861 1959 925 1985 Ὅτι

137 2006 275 2039 ἀναιτίως
290 2005 482 2040 κατέκρυψάν
491 2015 541 2041 μοι
557 2005 721 2041 διαφθορὰν
733 2005 860 2042 δικτύων
873 2005 925 2032 αὑ-

137 2051 204 2079 τῶν.
219 2052 310 2087 Μηδὲν
326 2052 380 2088 γὰρ
395 2052 440 2078 ὑπ’
453 2051 520 2088 ἐμοῦ
531 2051 748 2088 προπεπονθότες
762 2051 865 2087 δωρεὰν
878 2051 925 2077 καὶ

137 2098 266 2129 ἀναιτίως
279 2097 456 2124 ἑπεῦούλευὸν
472 2107 516 2133 μοι
533 2096 698 2133 κρύπτοντες
714 2097 831 2131 παγίδα,
849 2094 925 2133 δι’ἦς

136 2144 198 2179 ἐμοὶ
209 2143 356 2180 διαφθορὰν
368 2143 577 2176 κατεσκεύαζον.
590 2144 621 2170 El
633 2142 678 2170 καὶ
691 2143 724 2170 τὰ
741 2142 856 2178 μάλιστα
870 2143 923 2178 γὰρ

136 2190 246 2217 ἐδόκουν
256 2191 288 2217 δι’
299 2191 346 2217 ἀνθ
352 2189 448 2226 ρώπων
458 2199 491 2225 με
504 2189 566 2218 πολε
571 2191 630 2226 μεῖν
640 2210 647 2222 ,
657 2189 714 2225 ἤτοι
724 2190 767 2216 διὰ
774 2189 819 2216 τοῦ
828 2189 923 2221 Σαοὺλ,

136 2236 153 2273 ἢ
167 2237 215 2263 καὶ
227 2236 259 2262 δι’
271 2236 371 2271 ἐτέρων
381 2256 388 2268 ,
404 2235 461 2262 ἀλλ’
473 2235 522 2265 οὑκ
534 2233 646 2270 ἠγνόουν
657 2234 712 2268 ἐγὼ
722 2234 771 2269 τῆς
780 2233 826 2260 τοῦ
839 2234 924 2261 Σαοὺλ

1015 1909 1146 1942 Quoniam
1169 1910 1252 1944 gratis
1273 1910 1464 1936 absconderant
1489 1910 1552 1936 mihi
1574 1910 1706 1936 interitum
1723 1910 1757 1937 la-

978 1956 1037 1991 quei
1050 1956 1101 1982 sui.
1116 1955 1168 1982 Pro
1183 1963 1238 1990 quo
1263 1954 1444 1990 Symmachus
1459 1956 1499 1982 sic
1515 1954 1610 1987 edidit,
1627 1955 1759 1987 Quoniam

978 2004 1033 2028 sine
1050 2009 1132 2027 causa
1149 2000 1340 2027 absconderant
1356 2000 1420 2026 milii
1432 2000 1567 2026 interitum
1586 2000 1679 2026 retium
1696 2009 1759 2028 suo-

978 2054 1046 2073 rum.
1063 2046 1142 2072 Nullo
1162 2046 1262 2081 quippe
1279 2053 1293 2072 a
1316 2053 1359 2073 Ine
1383 2044 1470 2072 affecti
1494 2045 1604 2078 damno,
1631 2046 1714 2081 gratis
1731 2050 1759 2074 et

978 2093 1037 2120 sine
1059 2099 1142 2119 causa
1170 2091 1370 2119 abscondentes
1394 2092 1532 2126 laqueum,
1557 2091 1758 2120 insidiabantur

978 2138 1054 2169 mihi,
1076 2145 1130 2173 quo
1151 2138 1216 2165 mihi
1236 2137 1376 2164 interitum
1394 2141 1532 2172 pararent.
1555 2137 1667 2166 Etiamsi
1686 2140 1759 2166 enim

977 2183 1150 2216 videbantur,
1178 2184 1235 2211 sive
1264 2183 1363 2214 Saulis,
1393 2183 1450 2210 sive
1473 2183 1588 2211 aliorum
1618 2183 1759 2211 hominum

977 2236 1059 2264 opera
1074 2230 1234 2264 impugnare
1254 2237 1311 2262 me;
1344 2233 1367 2256 at
1391 2237 1445 2256 non
1475 2229 1632 2264 ignorabam
1647 2238 1696 2265 ego
1710 2231 1758 2265 qui

137 2281 302 2317 ζηλοτυπίας
315 2281 376 2313 τοὺς
389 2280 491 2313 αἰτίους
507 2280 553 2308 καὶ
567 2280 620 2307 τῶν
635 2279 734 2306 λοιπῶν
749 2279 851 2315 ἐχθρῶν
862 2278 924 2310 τοὺς

981 2274 1051 2301 Sauli
1070 2275 1179 2302 invidiae
1196 2279 1332 2307 auctores,
1347 2280 1374 2302 et
1389 2276 1434 2310 qui
1450 2277 1616 2311 reliquorum
1638 2276 1758 2303 hostium

137 2326 288 2358 ὑποὸολεῖς.
302 2321 311 2332 ”
321 2326 410 2353 ’Δλλοι
427 2325 480 2362 γὰρ
496 2324 565 2361 ἦσαν
581 2326 605 2353 οἱ
621 2325 669 2357 τὰς
687 2324 788 2351 ἑαυτῶν
808 2321 925 2358 παγίδας

138 2372 305 2409 κρύπτοντες
323 2372 370 2399 καὶ¹
383 2372 431 2407 τὴν
450 2371 537 2407 ψυχήν
555 2380 605 2407 μου
620 2370 772 2405 διαφθεῖραι
789 2368 924 2404 πειρώμε-

137 2426 177 2445 νοι
186 2438 194 2450 ,
205 2417 230 2444 οἳ
246 2417 293 2444 καὶ
304 2416 404 2451 μάτην
419 2416 578 2443 ὡνείδισαν
590 2415 645 2450 τὴν
658 2414 763 2450 ψυχήν
773 2423 846 2449 μου·
864 2413 922 2441 ἀνθ’

135 2459 165 2491 οὗ
176 2463 191 2488 ὁ
202 2463 349 2498 Σύμμαχος
364 2462 493 2495 ἐξέδωκεν
503 2470 509 2476 ·
528 2461 677 2494 Ἀναιτίως
690 2459 853 2493 ὺπώρυξαν
866 2458 923 2492 τὴν

135 2507 242 2542 ⁴ψυχήν
254 2516 324 2542 μου.
349 2508 441 2534 Πάντα
455 2507 508 2542 γὰρ
525 2506 666 2542 ἔπραττον,
681 2505 814 2540 ἐκστῆσαι
829 2504 920 2539 βουλό-

138 2559 212 2588 μενοι
226 2552 309 2581 αὑτοῦ
320 2553 369 2589 τὴν
382 2553 471 2594 ψυχὴν
483 2553 533 2587 τῆς
544 2552 749 2586 ἐνυπαρχούσης
761 2550 828 2585 αὐτῇ
841 2549 922 2585 πραό-

135 2606 215 2634 τητος
232 2599 279 2624 καὶ
292 2595 480 2631 ἀνεξικακίας,
494 2597 540 2623 καὶ
555 2597 646 2628 ὅπως,
662 2595 815 2630 πληρωθεὶς
834 2594 919 2629 θυμοῦ

135 2644 182 2671 καὶ
198 2644 298 2680 ὀργῆς,
314 2644 360 2670 ἐπὶ
373 2643 421 2679 τὴν
436 2634 541 2678 ἄμυναν
557 2642 628 2669 ἔλθοι
638 2661 645 2670 .
663 2641 709 2668 καὶ
727 2640 813 2676 δράσῃ
829 2649 855 2667 τι
869 2649 919 2667 κα·-

135 2689 184 2716 κδν
196 2689 243 2716 τὸν
257 2690 351 2717 Σαούλ.
378 2689 470 2716 Ταῦτα
487 2688 536 2724 μὲν
548 2687 594 2716 οὖν
607 2688 671 2723 περὶ
686 2686 740 2713 τῶν
757 2687 861 2713 πολλῶν
877 2687 922 2722 ἑχ-

136 2736 207 2771 θρῶν
220 2744 226 2751 ·
257 2735 362 2771 περὶδὲ
383 2735 429 2762 τοῦ
453 2737 482 2762 ὲν
502 2735 594 2767 αὐτοῖς
614 2734 762 2770 κορυφαίου
782 2732 918 2767 ἐπιλέγει·

142 2780 265 2808 Ἐλθέτω
276 2779 356 2813 αὐτῷ
371 2781 461 2815 nari;-
473 2780 514 2814 ἣν
527 2781 562 2807 οὐ
577 2779 732 2815 γινώσκει,
746 2778 795 2805 καὶ
812 2779 830 2812 ἡ
846 2777 921 2811 θήρα

136 2825 176 2860 ἣν
186 2826 299 2861 ἔκρυψε
309 2827 482 2854 συλλαϐἐτω
492 2827 594 2859 αὐτὸν,
607 2826 654 2853 καὶ
666 2826 701 2852 ἐν
714 2824 750 2859 τῇ
761 2824 861 2858 uariat
872 2831 922 2850 πε-

171 2896 194 2912 ¹⁶
211 2896 311 2924 Ezech.
327 2902 385 2928 ut,
402 2895 428 2923 9.
468 2896 489 2911 ¹⁷
509 2895 590 2923 Zach.
610 2903 671 2926 xm,
689 2894 714 2922 'l.
752 2892 773 2910 ¹³
792 2893 852 2921 Gal.
872 2901 903 2926 ιι,
919 2893 964 2921 20.

977 2321 1077 2347 occulti
1093 2320 1258 2356 impulsores
1273 2325 1377 2349 essent.
1394 2321 1448 2348 Alii
1472 2329 1590 2352 namque
1610 2326 1687 2349 erant
1710 2322 1757 2356 qui

976 2365 1088 2400 laqueos
1110 2366 1320 2399 absconderem,
1348 2371 1377 2393 et
1400 2367 1518 2394 animam
1542 2368 1655 2402 perdere
1668 2374 1757 2394 meam

975 2412 1146 2444 molirentur,
1170 2413 1217 2447 qui
1240 2412 1321 2440 etiam
1348 2420 1505 2446 supervacue
1533 2415 1756 2446 exprobraverunt

975 2457 1089 2484 animam
1107 2466 1191 2485 meam
1205 2466 1214 2484 :
1232 2466 1281 2493 pro
1296 2466 1350 2493 quo
1373 2458 1553 2494 Symmachus
1577 2457 1674 2488 edidit.
1700 2458 1758 2485 sine

974 2511 1055 2530 causa
1067 2503 1231 2537 stt/foderunt
1253 2504 1371 2531 animam
1387 2511 1480 2530 meam.
1499 2503 1570 2536 Nihil
1584 2504 1685 2538 quippe
1702 2511 1756 2531 non

973 2550 1099 2584 agebant,
1119 2554 1146 2576 ut
1170 2550 1289 2577 animam
1306 2549 1365 2584 ejus
1383 2551 1417 2577 ab
1433 2550 1515 2577 insita
1535 2549 1581 2576 illa
1598 2553 1757 2576 mansuetu-

973 2594 1037 2621 dine
1056 2598 1082 2621 et
1109 2595 1273 2629 iujuriarum
1289 2594 1427 2622 oblivione
1442 2594 1629 2626 deturbarent,
1643 2602 1698 2630 quo
1714 2595 1756 2621 ira

971 2640 1117 2675 furoreque
1128 2642 1224 2676 plenus
1237 2641 1269 2668 ad
1286 2641 1433 2668 vindictam
1451 2648 1480 2667 se
1497 2643 1626 2672 verteret,
1637 2645 1664 2667 et
1677 2639 1753 2667 Sauli

970 2687 1108 2722 quidpiam
1126 2688 1190 2714 mali
1202 2687 1324 2715 inferret.
1348 2687 1413 2714 Haec
1427 2687 1460 2715 de
1473 2687 1565 2715 multis
1581 2687 1697 2714 inimicis
1712 2686 1754 2712 di-

970 2736 1013 2759 cta
1031 2742 1038 2760 :
1057 2733 1090 2760 de
1106 2733 1214 2760 illorum
1238 2736 1328 2760 autem
1347 2732 1468 2768 principe
1492 2733 1549 2760 haec
1572 2732 1684 2766 adjicit:
1705 2730 1754 2757 Ve-

971 2778 1027 2804 niat
1040 2778 1081 2805 illi
1098 2778 1205 2813 laqueus
1221 2786 1298 2812 quem
1312 2778 1428 2813 ignorat,
1455 2782 1480 2805 et
1494 2778 1582 2811 captio
1596 2785 1672 2811 quam
1690 2775 1753 2803 αὐε-

970 2824 1058 2852 condit
1074 2824 1338 2859 apprehendat-eum,
1353 2830 1378 2852 et
1393 2825 1420 2852 in
1438 2825 1559 2860 laqueum
1578 2828 1656 2851 caaat
1672 2823 1699 2851 in
1710 2826 1751 2858 ip-

171 2942 210 2978 (l)
223 2943 290 2976 Quis
304 2950 361 2969 non
372 2943 444 2976 videt
456 2943 597 2978 legendum
609 2949 671 2970 esse
685 2938 929 2978 πολεμῶν,1.ιτιιίιιθ(

990 2941 1158 2970 reddendum
1177 2950 1183 2969 :
1201 2941 1282 2969 etiam
1301 2941 1461 2976 impugnans
1477 2941 1585 2968 salvat?

299 2990 434 3020 Ρλπιοι..
457 2990 515 3020 Gn.
539 2989 655 3020 XXI".

1555 2988 1592 3017 10
