2056 3214
288 207 340 236 299

627 205 761 233 EUSEBII
777 202 1017 232 CAESARIENSIS
1033 201 1108 231 OPP.
1124 202 1214 231 PARS
1232 204 1276 233 Ill.
1292 220 1326 225 —
1346 205 1548 234 EXECETlCA.

1856 205 1908 234 300

270 268 274 271 '
288 273 356 292 nam.
373 263 436 292 llaec
461 265 540 300 quasi
566 264 704 300 precando
719 273 733 292 a
749 265 850 293 Davide
865 265 981 300 prolata,
999 264 1072 291 iutu-

1123 264 1217 292 σεῖται
1234 265 1269 292 ὲν
1281 265 1368 300 αὐτῇ.
1393 266 1485 292 Ταῦτα
1499 265 1527 291 δὲ
1541 264 1636 300 ὥσπερ
1650 264 1679 291 ἐν
1691 265 1757 301 εὐχῇ
1773 265 1812 300 τῷ
1828 264 1908 291 Δαυτδ

289 318 380 338 rerum
406 311 557 346 pramuntia
584 315 674 344 erant,
703 315 730 339 et
758 319 818 347 qua:
841 314 971 339 eventura
993 313 1072 337 erant

289 357 646 392 prophetico-declarabant.
661 356 850 393 Similiterque
866 357 992 392 superius
1009 363 1073 392 pro-

288 403 394 439 phetico
411 403 514 431 dictum
530 408 587 431 est:
607 403 771 431 Erubescant
786 403 1032 438 etconfundantur,
1044 403 1071 430 id

284 452 338 480 est.
353 449 516 476 erubescent
532 453 559 476 et
575 448 838 483 coniundemur;fac
853 457 962 477 rursum
974 449 1071 477 :Auer-

287 499 377 522 tantur
391 499 415 521 et
429 494 637 528 confundantur,
651 500 675 523 et
693 496 760 530 ﬁant
773 500 898 531 tanquam
909 495 1005 530 pulvis,
1020 495 1073 524 hoc

286 545 338 573 est,
353 545 510 568 avertentur
527 545 554 569 et
575 540 788 574 confundentur,
806 546 833 570 et
860 542 924 569 ﬁent
941 546 1072 577 tanquam

286 587 385 622 pulvis.
399 587 467 614 Nam
482 594 542 623 qum
555 587 673 615 inimicis
687 593 818 616 eventura
843 592 921 616 erant
944 596 1073 624 praznun-

284 633 382 662 tiabat.
401 633 460 660 Erit
486 634 532 669 qui
555 634 715 667 arbitretur,
740 635 774 662 de
799 633 881 664 Saule
894 635 950 662 hare
966 636 1072 671 prolata

286 688 358 711 esse.
378 679 441 715 quia
456 680 528 707 haud
549 680 596 708 diu
614 684 708 715 postea
726 681 778 708 hoc
797 681 849 716 ipsi
866 682 930 709 mali
947 683 1071 718 contigit.

288 729 321 754 At
335 735 384 755 nos
398 735 492 755 eorum
508 735 568 763 quae
585 727 666 755 initio
679 728 775 763 psalmi
792 727 864 756 dicta
880 733 943 756 sunt
969 737 1073 758 memo-

287 783 343 806 res,
357 774 415 802 haec
427 774 485 810 ipsa
497 774 530 802 de
545 774 663 810 quodam
680 782 713 802 ex
736 774 927 810 spiritualibus
941 775 1072 810 inimicis,

287 821 334 856 qui
350 821 378 848 in
395 821 496 848 malitia
512 820 646 848 valentior
657 824 742 854 esset,
759 821 887 849 nimirum
903 821 937 851 de
951 822 1070 856 diabolo,

280 867 315 894 eid
331 867 433 895 dictum
451 868 625 902 accipiemus.

322 958 405 987 Vens.
421 959 448 989 9.
467 959 510 987 l0.
533 959 628 986 Omnia
648 968 708 986 ossa
727 968 784 986 mea
812 960 924 988 dicent:
949 960 1070 994 Domine,

286 1006 343 1041 quis
357 1006 452 1033 similis
468 1006 538 1034 tibi?
555 1006 677 1041 Eripiens
701 1007 804 1041 inopem
823 1008 854 1034 de
876 1011 955 1034 manu
977 1008 1072 1042 {ortio-

287 1060 346 1078 rum
365 1060 406 1084 eo,
425 1060 534 1087 egenum
556 1058 582 1079 et
607 1061 749 1087 pauperem
767 1062 784 1080 a
807 1053 990 1088 diripientib'us
1001 1063 1070 1082 eum.

287 1097 356 1125 Ossa
373 1098 469 1125 animm
485 1102 549 1125 sunt
565 1098 684 1126 virtutes
699 1099 760 1134 ejus
776 1099 956 1136 intelligendi,
971 1101 1010 1127 uti
1026 1108 1073 1127 su-

288 1144 380 1179 perius
396 1143 498 1171 dictum
511 1148 563 1172 est.
591 1143 658 1180 Ipsae
673 1153 738 1173 vero
754 1147 814 1181 ejus
839 1147 984 1181 praesentia
1010 1146 1073 1174 illu-

286 1190 389 1221 strataa.
405 1189 497 1216 dicent
514 1199 521 1216 :
535 1189 656 1223 Domine,
670 1192 728 1227 quis
740 1192 836 1219 similis
848 1192 895 1219 tibi
905 1195 918 1221 .9
928 1192 984 1220 Nisi
999 1193 1072 1220 enim

287 1240 315 1261 tu
331 1242 417 1270 egeno
433 1234 580 1268 adfuisses,
596 1237 649 1264 nisi
662 1237 752 1272 ipsum
767 1238 870 1265 auxilio
884 1238 1013 1274 dignatus
1027 1246 1071 1267 es-

286 1287 331 1307 ses
366 1284 424 1312 tuo.
448 1280 528 1315 quis,
557 1289 670 1316 quaeso,
693 1286 868 1318 quantusque
896 1283 941 1311 ille
971 1283 1072 1317 homo,

284 1325 332 1360 qui
352 1326 427 1353 solus
449 1330 489 1354 tot
511 1326 651 1362 tantisque
673 1328 793 1356 inimicis
815 1328 935 1356 conferri
960 1331 1074 1365 posset?

285 1372 308 1398 Δ
323 1372 395 1399 nuda
411 1376 438 1400 et
454 1373 572 1408 simplici
586 1381 676 1401 rerum
693 1375 809 1403 historia
825 1376 891 1403 dicti
909 1377 1072 1404 sententiam

285 1417 430 1453 percipies,
447 1419 470 1447 si
495 1421 627 1448 memoria
652 1425 770 1456 repetas.
801 1429 857 1457 quo
882 1427 963 1457 pacto
988 1422 1073 1450 David

285 1464 350 1491 dum
369 1464 482 1500 fugeret,
508 1466 543 1493 ad
560 1470 664 1493 tantam
692 1467 811 1502 inopiam
828 1468 957 1496 redactus
975 1472 1027 1501 est,
1043 1473 1074 1497 ut

284 1517 355 1546 pane
372 1519 404 1538 ac
418 1513 584 1541 necessariis
603 1513 741 1542 alimentis
756 1518 882 1547 careret;
903 1522 936 1542 ac
950 1515 1073 1543 necessi-

284 1562 342 1586 tate
356 1562 468 1586 coactus
489 1566 574 1594 panes
597 1559 793 1595 propositionis
818 1561 962 1588 comedere
988 1561 1072 1588 aude-

1122 313 1253 348 εῐρημένα
1267 312 1416 348 μελλόντων
1425 310 1458 348 ἦν
1469 311 1685 347 προαγορευτικὰ
1695 331 1702 343 ,
1715 312 1761 338 καὶ
1772 311 1908 347 συμϐησο-

1125 359 1211 394 μένων
1228 359 1393 394 προφητικά.
1411 358 1488 385 Οὕτω
1503 357 1567 392 γοῦν
1581 358 1628 384 καὶ
1640 358 1765 394 ἀνωτέρω
1779 366 1911 393 προφητι-

1124 405 1179 437 κῶς
1191 405 1299 440 ἐλέγετο
1309 414 1315 420 ·
1331 404 1590 439 Αἰσχυνθήτωσαν
1600 404 1648 430 καὶ
1665 403 1909 438 ἑντραπήτωσαν,

1123 453 1183 479 ἀντὶ
1198 451 1242 478 τοῦ
1252 472 1259 483 ,
1274 451 1485 487 Αἰχυνθήσονται
1497 450 1544 477 καὶ
1556 451 1785 485 ἐντραπήσονται·
1798 450 1845 477 καὶ
1857 450 1910 477 πά-

1123 497 1172 524 λιν·
1183 499 1211 524 Ἀ
1216 496 1528 532 ποστραεοήτωσανκαὶ
1535 496 1852 530 καταισχυνθήτωσαν,
1861 496 1910 523 καὶ

1123 544 1336 580 γενηθήτωσαν
1349 544 1389 577 ὡς
1401 543 1484 578 χοῦς,
1502 543 1563 571 ἀντὶ
1581 542 1644 570 τοῦ⁸
1679 543 1911 578 ’Δποστραψήσον-

1122 600 1168 618 ται
1185 591 1232 618 καὶ
1247 590 1470 626 αἱσχιινθησονται
1496 591 1543 618 καὶ
1557 591 1716 626 γενήσονται
1730 589 1768 621 ὼς
1779 589 1852 624 χοῦς.
1869 589 1910 617 Τὰ

1123 635 1177 670 γὰρ
1192 635 1332 671 μέλλονται
1348 644 1379 662 συ
1384 635 1532 671 μεήσεσθαι
1544 636 1599 667 τοῖς
1612 635 1718 670 ἐχθροῖς
1729 633 1811 661 αὑτοῦ
1822 643 1910 670 προη-

1123 682 1244 717 γόρευεν.
1289 682 1343 708 Καὶ
1361 682 1375 708 ὁ
1397 682 1445 717 μὲν
1461 681 1516 717 γὰρ
1532 682 1664 717 ἡγήσεται
1683 681 1746 717 περὶ
1762 680 1808 707 τοῦ
1826 680 1911 707 Σαοὺλ

1123 729 1248 765 εἰρῆσθαι
1262 728 1310 764 τὴν
1325 728 1507 764 προκειμένην
1525 729 1619 764 ρἦιν²
1643 729 1704 755 ἐπεὶ
1719 728 1765 755 καὶ
1777 727 1912 755 πέπονθεν

1123 776 1172 802 οὐκ
1181 777 1219 807 εις
1231 774 1339 811 μακρὰν
1349 774 1434 801 ταῦτα
1444 783 1450 789 ⁸
1463 775 1543 810 ἡμεῖς
1553 774 1591 804 δὲ,
1606 774 1772 810 μεμνημένοι
1783 773 1838 800 τῶν
1849 781 1913 809 προ-

1123 822 1292 857 λελεγμένων
1305 822 1344 853 εῐς
1358 822 1407 856 τὴν
1419 820 1505 857 ἀρχὴν
1517 820 1563 847 τοῦ
1578 820 1685 856 ψαλμοῦ
1695 840 1702 852 ,
1717 820 1764 847 καὶ
1776 820 1861 847 ταῦτα
1871 820 1911 852 εἰς

1123 869 1171 895 ἕνα
1185 868 1245 896 τινὰ
1261 869 1316 896 τῶν
1330 867 1432 903 νοητῶν
1450 867 1555 903 ἐχθρῶν
1571 867 1616 894 τὸν
1636 868 1672 899 ὼς
1689 868 1718 894 ὲν
1732 867 1816 903 κακίᾳ
1831 867 1911 894 δυνα-

1125 916 1257 951 τώτερον,
1271 915 1370 951 δηλαδὴ
1385 915 1430 941 τὸν
1442 913 1564 941 διάϐολον
1574 933 1582 946 ,
1598 912 1781 949 ὲχληψόμεθα.

1161 962 1263 990 Πάντα
1278 962 1313 988 τὰ
1327 961 1404 988 ὀστᾶ,
1415 970 1475 996 μου
1489 961 1591 995 ἐροῦσι
1601 968 1608 975 ⁸
1626 961 1729 994 Κύριε,
1743 960 1789 993 τίς
1811 959 1912 994 ὅμοιός

1124 1017 1191 1041 σοι;
1222 1009 1381 1042 Ῥυόμενος
1404 1006 1523 1041 πτωχὸν
1543 1007 1577 1032 ἐκ
1595 1005 1693 1040 χειρὸς
1710 1004 1913 1040 στερειυτέρω

1124 1054 1217 1082 αὑτοῦ
1227 1075 1234 1087 ,
1259 1054 1306 1081 καὶ
1323 1053 1442 1087 πτωχὸν
1456 1053 1503 1080 καὶ
1521 1052 1634 1086 πένητα
1646 1051 1704 1079 ἀπὸ
1718 1051 1776 1078 τῶν
1787 1050 1913 1086 διαρπα-

1124 1100 1232 1130 ζόντων
1249 1101 1351 1126 αὐτόν.
1386 1100 1467 1126 Ὀστᾶ
1490 1099 1578 1134 ψυχῆς
1598 1100 1625 1125 αἱ
1639 1097 1807 1134 διανοητικαὶ
1825 1096 1913 1132 αὐτῆς

1123 1147 1249 1182 δυνάμεις
1258 1147 1296 1178 ὡς
1307 1145 1460 1181 ἔμπροσθεν
1468 1145 1588 1180 εἴρηται·
1601 1144 1781 1179 φωτιζόμεναι
1791 1144 1820 1170 δὲ
1831 1140 1912 1170 αὗται

1125 1195 1156 1220 ἐκ
1169 1194 1218 1228 τῆς
1230 1192 1311 1219 αὑτοῦ
1322 1192 1482 1228 παρουσίας,
1498 1192 1613 1227 φήσουσι
1623 1199 1629 1206 ·
1643 1191 1740 1225 Κύριε,
1755 1190 1800 1223 τίς
1812 1185 1913 1224 ὅμοιός

1124 1247 1189 1270 (7w;
1202 1239 1233 1265 Et
1249 1238 1286 1274 μὴ
1295 1238 1349 1274 γὰρ
1361 1239 1392 1264 σὺ
1404 1239 1494 1273 παρῇς
1506 1236 1545 1272 τῷ
1552 1236 1651 1272 πτωχῷ
1660 1257 1667 1269 ,
1681 1236 1728 1263 καὶ
1741 1231 1914 1271 κατηξίωσας

1124 1284 1202 1311 αὐτὸν
1215 1285 1263 1319 τῆς
1275 1284 1350 1319 παρὰ
1365 1283 1412 1310 σοῦ
1425 1283 1562 1318 βοηθείας,
1577 1283 1618 1314 τις
1631 1281 1663 1308 ἂν
1674 1283 1720 1309 καὶ
1734 1280 1813 1313 πόσος
1829 1281 1911 1316 μόνος

1124 1331 1204 1362 αῖιτὺς
1225 1329 1436 1366 συγκρινόμενος
1455 1331 1510 1360 τοῖς
1531 1327 1667 1360 τοσούτοις
1683 1328 1729 1354 καὶ
1745 1327 1913 1362 τηλικούτοις

1124 1377 1205 1403 αὑτοῦ
1223 1376 1344 1412 ἐχθροῖς
1373 1377 1489 1410 Νοήσεις
1505 1376 1532 1402 δὲ
1551 1375 1598 1401 καὶ
1617 1374 1670 1401 ἀπὸ
1683 1374 1763 1409 ψιλῆς
1777 1374 1826 1409 τῆς
1841 1375 1912 1400 ἱστο-

1125 1423 1185 1458 ρίας
1201 1422 1246 1449 τὸν
1258 1422 1335 1456 λόγον
1345 1442 1352 1454 ,
1366 1423 1394 1448 ὲν
1411 1422 1448 1457 νῷ
1461 1420 1550 1448 λαϐὼν
1559 1442 1566 1453 ,
1583 1421 1620 1453 ὡς
1633 1420 1740 1456 φεύγων
1751 1421 1766 1446 ὸ
1779 1418 1861 1446 Δαυῖδ
1871 1421 1913 1452 εἰς

1123 1469 1257 1505 τοσαύτην
1278 1469 1377 1505 ἤλαυνε
1403 1469 1557 1503 πτωχείαν,
1582 1468 1651 1494 ὥστε
1679 1467 1767 1503 ἄρτων
1792 1466 1840 1493 καὶ
1862 1467 1913 1502 τῆς

1123 1516 1273 1550 ἀναγκαίας
1289 1515 1392 1551 τροφῆς
1408 1514 1550 1550 δεηθῆναι,
1582 1516 1622 1546 εἰς
1638 1515 1760 1550 ἀνάγκην
1778 1523 1808 1541 τε
1825 1514 1909 1541 mea

1123 1561 1170 1588 τοῦ
1183 1561 1316 1597 τολμῆσαι
1330 1561 1384 1587 τῶν
1398 1560 1486 1597 ἄρτων
1501 1559 1550 1595 τῆς
1568 1558 1721 1595 προθέσεως
1740 1558 1911 1596 μεταλαϐεῖν.

286 1607 339 1632 ret.
354 1603 413 1632 Non
424 1605 495 1632 enim
508 1604 668 1633 deliciarum
683 1613 778 1640 causa,
792 1614 847 1634 non
857 1603 891 1634 de
903 1605 1011 1642 justitia
1021 1615 1072 1634 sua

1124 1609 1162 1634 Οὐ
1182 1608 1237 1644 γὰρ
1252 1608 1360 1643 τρυφῶν
1378 1607 1423 1634 ἐπὶ
1439 1607 1509 1634 τοῦτ’
1524 1605 1636 1643 ἤρχετο,
1661 1605 1715 1634 οὐδ’
1733 1604 1914 1642 ἐπαιρόμενος

285 1651 385 1684 elatus,
407 1659 462 1678 non
476 1651 607 1686 despectu
627 1652 716 1687 legum
733 1652 761 1680 id
787 1660 933 1688 aggressus
947 1657 1005 1686 est;
1024 1652 1071 1680 sed

286 1705 319 1724 ex
336 1705 433 1731 magna
458 1697 582 1724 ciborum
599 1698 726 1733 penuria.
742 1698 925 1731 Quamobrem
948 1699 1074 1726 Salvator

285 1790 332 1815 riit
348 1789 387 1815 "‘3
402 1788 462 1824 Ipse
479 1789 589 1824 quidem
604 1797 707 1824 egenus
726 1793 785 1816 erat
813 1798 875 1816 cum
901 1791 997 1825 paucis
1027 1790 1071 1817 iu-

286 1836 365 1871 giens
384 1845 390 1863 :
407 1836 454 1871 qui
468 1844 532 1864 vero
548 1836 764 1872 insequebantur
779 1845 841 1864 eum
860 1838 1010 1872 praevalidi.
1032 1838 1074 1874 ip-

286 1888 370 1916 seque
386 1879 453 1909 Saul
468 1885 528 1909 erat
556 1889 602 1908 rex
631 1882 714 1909 totius
739 1882 839 1917 gentis,
866 1890 899 1909 ac
923 1882 1072 1918 principes,

286 1926 346 1961 ejus
362 1929 477 1956 comites
492 1937 498 1954 :
512 1936 619 1956 necnon
633 1928 848 1964 alienigenarum
860 1929 976 1956 militum
988 1930 1074 1957 duces

287 1972 391 2001 Davide
405 1974 584 2008 potentiores,
602 1982 720 2010 quorum
742 1983 842 2003 manus
856 1983 918 2003 cum
931 1975 1072 2011 eﬂ‘ugeret,

286 2026 341 2046 non
357 2019 500 2054 ignorabat
515 2020 577 2055 quis
602 2020 655 2048 sibi
683 2021 829 2048 auxiliator
852 2024 935 2050 esset.
961 2021 994 2048 Et
1017 2021 1074 2049 haec

286 2065 397 2100 quidem
417 2064 451 2092 de
469 2065 586 2093 historia
610 2066 684 2093 dicta
711 2067 777 2093 sint.
800 2065 876 2100 Quod
907 2067 931 2094 si
950 2068 1074 2094 occultos

286 2115 370 2147 atque
383 2111 537 2139 invisibiles
553 2112 651 2139 anima:
674 2112 741 2147 justi
769 2113 896 2141 inimicos
919 2114 1072 2149 intelligas;

287 2165 355 2184 sane
370 2157 583 2190 animadvertes,
600 2166 650 2187 nes
674 2158 701 2186 in
719 2160 778 2187 acie
794 2159 926 2188 adversus
948 2161 1074 2189 inimicos

287 2204 366 2236 istos,
384 2205 431 2239 qui
443 2205 562 2232 animam
579 2213 686 2240 semper
700 2211 824 2234 nostram
839 2207 997 2242 deprmdare
1016 2212 1074 2236 ten-

287 2255 357 2282 tant,
382 2251 458 2278 nullo
480 2251 534 2279 alio
561 2252 686 2287 adjut0re
701 2260 733 2281 ac
750 2257 889 2282 servatore
914 2262 994 2290 egere
1020 2256 1073 2283 nisi

287 2297 348 2332 ipso
360 2296 481 2325 Christo.
494 2298 622 2326 Animum
638 2307 703 2328 vero
720 2300 848 2328 intendas
863 2309 929 2328 num
948 2302 1018 2329 alius
1034 2302 1071 2329 sit

286 2351 389 2379 egenus
407 2352 422 2371 a
437 2352 566 2381 paupere,
591 2353 623 2374 ac
643 2350 734 2374 utrum
751 2355 780 2385 r_e
796 2348 854 2383 ipsa
871 2348 1008 2380 diﬂ‘erant,
1024 2354 1071 2377 aut

286 2390 375 2418 solum
391 2391 529 2427 cogitandi
547 2391 629 2419 modo
656 2402 662 2420 ε
687 2394 751 2428 quia
767 2393 825 2422 ﬁeri
848 2399 938 2428 potest
953 2399 982 2421 nt
999 2395 1072 2423 idem

287 2436 323 2463 sit
335 2443 436 2470 egenus
461 2440 488 2465 et
509 2437 678 2470 mendicans,
696 2439 768 2473 quod
783 2446 798 2466 a
814 2439 916 2468 divitiis
928 2449 998 2476 quas
1013 2442 1068 2477 pri-

286 2482 347 2509 dem
365 2482 498 2511 habuerat
517 2483 664 2518 exciderit;
695 2488 777 2520 atque
800 2493 853 2513 una
868 2495 981 2522 pauper,
999 2488 1070 2523 quod

250 2553 262 2567 γ,
286 2527 380 2555 labore
394 2529 494 2556 victum
509 2530 561 2557 sibi
576 2535 662 2565 paret.
970 2541 972 2545 '

322 2571 404 2601 Vens.
421 2573 465 2601 ii.
478 2573 619 2609 Surgente:
648 2580 725 2604 testes
744 2577 830 2613 iniqui
842 2587 900 2614 qua:
918 2580 1072 2614 ignorabam

286 2620 484 2655 interrogabant
501 2629 551 2648 me.
566 2621 617 2655 Qui
632 2630 687 2650 non
702 2623 827 2658 justitiaz,
856 2626 903 2653 sed
921 2627 1072 2661 iniquitatis

285 2670 372 2694 testes
391 2670 467 2698 sunt.
494 2672 638 2702 surgentes
654 2673 736 2704 atque
763 2678 794 2698 se
815 2672 966 2700 excitantes
978 2672 1073 2702 dolose

285 2720 346 2747 quae
359 2713 456 2748 ignoro
470 2713 648 2750 interrogant.
662 2715 735 2744 Nihil
746 2718 847 2753 quippe
860 2719 925 2746 mali
941 2719 984 2746 vir
999 2719 1071 2755 frugi

286 2758 384 2791 norit,
408 2759 510 2787 nemini
543 2761 648 2788 scilicet
675 2762 861 2798 improborum
892 2764 1070 2793 admiscetur.

286 2804 485 2833 Testimonium
511 2812 600 2834 autem
624 2807 698 2837 illius
711 2814 753 2838 est
773 2810 847 2844 τοιιὶ
871 2816 957 2839 seruat
973 2821 1072 2848 prace-

286 2856 371 2886 ptnm,
386 2860 437 2879 non
449 2858 535 2880 noscat
548 2861 600 2880 rem
615 2854 714 2882 malam
729 2856 763 2883 ’°.
780 2855 846 2883 Nam
857 2857 901 2884 hic
909 2866 960 2885 non
972 2864 1070 2892 noscat,

325 2943 345 2959 ¹⁹
367 2941 461 2970 Matth.
481 2951 535 2977 ιιι,
553 2942 580 2972 5.
618 2945 641 2960 “
661 2943 751 2972 Eccle.
769 2952 832 2977 \‘lll,

1124 1654 1281 1691 δικαιοσύνῃ
1290 1674 1298 1684 .
1314 1654 1368 1680 οὐδ’
1382 1653 1468 1686 ἄλλως
1487 1653 1664 1689 καταφρονῶν
1680 1653 1726 1680 τοῦ
1739 1653 1820 1689 νόμου
1830 1673 1837 1686 ,
1855 1651 1913 1680 ἀλλ’

1097 1724 1103 1735 ί
1125 1699 1157 1725 ἐκ
1175 1699 1274 1734 πολλῆς
1291 1699 1406 1730 ἀσιτίας.
1433 1699 1479 1725 Διό
1495 1702 1577 1734 φησιν
1594 1700 1607 1725 ὁ
1624 1699 1735 1735 Σωτήρ’
1765 1694 1826 1726 οὐκ
1843 1699 1913 1726 ἀνέ-

286 1742 347 1769 ait:
368 1741 428 1769 Non
444 1743 542 1778 legistis
568 1731 631 1778 quid
647 1742 738 1777 fecerit
764 1743 861 1776 David,
887 1740 993 1779 quando
1010 1752 1071 1771 esu-
1094 1731 1104 1783 Ξ

1125 1753 1217 1779 rrth
1233 1745 1260 1771 τί
1272 1745 1396 1779 ἐποίησε
1407 1744 1497 1772 Δαυῖδ
1506 1765 1512 1775 ,
1529 1745 1578 1772 ὅτε
1591 1745 1751 1776 ἐπείνασες
1764 1739 1819 1772 Καὶ
1832 1745 1914 1777 αὐτὸς

1127 1791 1176 1826 μὲν
1191 1788 1225 1826 ἦν
1243 1790 1350 1826 πτωχὸς
1368 1791 1417 1817 σὺν
1432 1791 1532 1825 ὀλίγοις
1544 1791 1664 1826 φεύγων·
1680 1792 1704 1818 οἰ
1719 1791 1740 1817 δ’
1756 1784 1913 1830 ὲλαύνοντές

1125 1834 1205 1863 αὐτὸν
1221 1835 1342 1862 δυνατοὶ”
1373 1835 1498 1870 βασιλεὺς
1516 1836 1569 1871 γὰρ
1587 1833 1621 1871 ἦν
1640 1835 1686 1862 τοῦ
1704 1835 1804 1867 παντὸς
1820 1834 1914 1866 ἔθνους

1125 1880 1211 1907 Σαοὺλ
1221 1900 1227 1912 ,
1244 1882 1292 1908 παὶ
1308 1882 1332 1908 οἱ
1348 1882 1407 1916 μετ’
1423 1881 1505 1908 αὑτοῦ
1521 1880 1665 1918 ἄρχοντες·
1681 1880 1709 1907 οἵ
1722 1883 1752 1907 τε
1766 1880 1820 1907 τῶν
1835 1880 1914 1907 ἁλλο-

1125 1925 1215 1961 φύλων
1231 1928 1366 1963 πολεμίων
1384 1928 1570 1963 καθηγεμόνες
1584 1927 1761 1963 στερεώτεροι
1777 1926 1853 1958 ὄντες
1866 1926 1912 1953 τοῦ

1124 1973 1221 2007 Δαυῒδ,
1238 1971 1275 2000 ὧν
1290 1974 1338 2006 τὰς
1353 1976 1447 2010 χεῖρας
1460 1974 1669 2010 διαδιδράσκων,
1694 1975 1743 2000 οὐκ
1759 1972 1851 2008 ἠγνόει
1867 1974 1913 2000 τὸν

1125 2020 1206 2047 αὑτοῦ
1221 2019 1327 2056 βοηθόν.
1354 2021 1408 2047 Καὶ
1419 2021 1505 2047 ταῦτα
1523 2021 1572 2056 μὲν
1588 2020 1655 2056 πρὸς
1669 2020 1718 2056 τὴν
1737 2020 1865 2055 ἱστορίαν·
1889 2020 1912 2046 εἰ

1125 2066 1153 2093 δὲ
1163 2067 1226 2098 τοὺς
1240 2067 1352 2102 ἀφανεῖς
1363 2065 1410 2094 καὶ
1422 2067 1554 2103 ἀοράτους
1565 2067 1679 2102 ἐχθροὺς
1690 2067 1739 2101 τῆς
1750 2066 1796 2093 τοῦ
1808 2066 1913 2093 δικαίου

1124 2113 1212 2149 ψυχῆς
1229 2114 1368 2148 νοήσειας,
1386 2111 1460 2148 ὕψει,
1477 2112 1514 2145 ώς
1527 2112 1579 2140 οὐδ’
1593 2113 1672 2140 ἄλλον
1687 2112 1783 2148 βοηθοῦ
1797 2111 1914 2148 δεόμεθα

1126 2162 1173 2188 καὶ
1190 2161 1315 2197 Σωτῆρος
1331 2161 1348 2196 ἢ
1367 2160 1415 2187 τοῦ
1431 2158 1548 2195 Χριστοῦ
1563 2159 1644 2186 αὑτοῦ
1664 2160 1693 2186 ὲν
1709 2161 1742 2195 τῇ
1762 2159 1914 2194 παρατάξει

1125 2209 1157 2243 τῇ
1170 2207 1237 2243 πρὸς
1248 2207 1310 2239 τοὺς
1318 2207 1429 2243 νοητοὺς
1438 2206 1592 2242 πολεμίους,
1602 2206 1666 2237 τοὺς
1675 2204 1722 2241 τὴν
1732 2205 1820 2240 ψυχὴν
1830 2203 1912 2230 αὑτοῦ

1126 2248 1286 2289 διαρπάζειν
1300 2253 1342 2280 ἀεὶ
1351 2252 1544 2288 πειρωμένους.
1560 2251 1730 2287 Ἑπιστήσεις
1744 2251 1772 2277 δὲ
1786 2251 1810 2277 εἰ
1821 2251 1914 2286 ἕτερός

1127 2300 1200 2325 ἐστιν
1220 2299 1233 2325 ό
1256 2297 1364 2333 πτωχὸς
1380 2297 1455 2332 παρὰ
1471 2294 1515 2323 τὸν
1535 2296 1652 2332 πένητα,
1682 2296 1728 2322 καὶ
1748 2294 1860 2331 πότερον
1879 2297 1912 2331 τῇ

1126 2345 1287 2376 ὑποστάσει,
1308 2344 1325 2379 ἢ
1341 2344 1374 2379 τῇ
1393 2343 1501 2379 ἐπινοίᾳ
1516 2343 1553 2379 τῷ
1568 2343 1699 2378 ἐγχωρεῖν
1712 2338 1757 2368 τὸν
1769 2341 1849 2368 αὑτὸν
1867 2342 1914 2368 καὶ

1125 2391 1232 2427 πτωχὸν
1241 2389 1311 2418 εἶναι
1323 2390 1517 2426 πτωχεύσαντα
1527 2390 1565 2426 τῷ
1575 2389 1801 2417 ἀποπεπτωκέναι
1812 2386 1842 2415 οὗ
1856 2386 1914 2424 εἶχε

1126 2439 1240 2466 πλούτου
1251 2456 1259 2470 ,
1279 2439 1325 2465 καὶ
1345 2438 1449 2473 πένητα
1467 2437 1505 2473 τῷ
1526 2436 1594 2473 μετὰ
1613 2436 1694 2463 πόνον
1711 2436 1863 2471 περιποιεῖν
1878 2434 1913 2461 τὰ

1125 2486 1194 2522 πρὸς
1207 2485 1237 2512 τὸ
1250 2485 1353 2521 διαζῇν.

1169 2578 1365 2611 Ἀναστάντες
1374 2576 1522 2612 μάρτιιρες
1535 2575 1632 2603 ἄδικοι
1643 2574 1662 2601 ἀ
1676 2574 1730 2601 οὐκ
1745 2573 1914 2608 ἐγίνωσκον

1125 2626 1245 2660 ἠρώτων·
1258 2634 1306 2661 με.
1333 2625 1364 2652 0i
1379 2624 1416 2660 μὴ
1430 2622 1619 2656 δικαιοσύνης,
1637 2621 1696 2648 ἀλλ’
1713 2620 1819 2664 ᾀδικίας
1844 2619 1915 2654 μάρ-

1125 2681 1206 2708 τυρες
1219 2692 1226 2703 ,
1243 2671 1433 2702 διαναστάντες
1449 2670 1494 2696 καὶ
1508 2667 1690 2704 διεγείραντες
1703 2666 1799 2697 αὐτοὺς
1812 2685 1820 2697 ,
1838 2673 1915 2699 σοφι-

1127 2717 1227 2750 στικῶς
1242 2716 1415 2753 ἐπερωτῶσιν
1429 2715 1445 2743 ἃ
1471 2715 1502 2742 οὐ
1517 2712 1653 2750 γινώσκω.
1690 2713 1773 2739 Οὐδὲν
1789 2711 1843 2748 γὰρ
1859 2711 1914 2739 τῶν

1125 2765 1234 2800 φαύλων
1246 2763 1373 2799 γινώσκει
1389 2763 1404 2789 ὁ
1422 2762 1564 2793 σπουδαῖος
1575 2780 1582 2793 ,
1603 2760 1740 2787 τουτέστιν
1755 2758 1842 2785 οὐδενὶ
1858 2758 1914 2785 τῶν

1125 2812 1250 2848 πονηρῶν
1262 2812 1456 2847 ἀνακέκραται.
1469 2809 1626 2845 Μαρτύριον
1639 2808 1667 2835 δέ
1677 2816 1683 2823 ’
1703 2808 1735 2834 ’0
1744 2805 1915 2841 φυλάσσων

1125 2860 1254 2895 ἐντολὴν
1268 2860 1304 2888 οὐ
1319 2859 1461 2894 γνώσεται
1474 2856 1557 2892 ῥῆμα
1571 2856 1713 2889 ποντιρίν.
1729 2853 1783 2881 Καὶ
1795 2851 1914 2879 ὲνττῦθα
