2056 3214
166 218 217 253 50!

730 222 981 259 COMMENTARIA
997 230 1030 259 IN
1046 224 1214 259 PSALMOS.
1259 212 1315 251 ηδ(

1739 226 1793 256 502

166 281 222 316 γὰρ
237 281 269 308 τὸ
282 283 317 309 οὺ
337 283 482 318 γνώσεται
493 307 500 318 ,
516 285 545 312 οὗ
562 278 708 323 πεποίηται
722 289 783 316 οὐδὲ
802 290 950 327 ἀνακεκρα-

1009 289 1035 317 id
1045 294 1097 321 est,
1113 297 1167 316 non
1179 287 1355 324 perpetravit.
1372 292 1459 322 neque
1472 293 1556 322 pravo
1567 286 1642 322 operi
1658 285 1792 316 admissus

166 335 212 354 ται
226 328 297 355 κατὰ
313 329 390 364 ῥῆμα
405 331 522 367 πονηρόν
534 341 540 347 ·
557 332 653 367 ψεῦδος
667 334 722 370 γὰρ
740 335 770 362 τὸ
783 336 903 371 νομίζειν
919 336 956 372 μὴ

167 373 328 401 ἐπίστασθαι
348 375 424 411 ῥῆμα
441 378 557 413 πονηρὸν
576 379 621 406 τὸν
635 380 801 414 φυλάττοντα
818 382 868 417 τὴν
883 382 956 409 θείαν

166 419 288 455 ἐντολήν.
325 421 464 458 Διάκρισιν
478 424 532 460 γὰρ
552 425 621 461 ἔχων
640 427 758 462 πονηροῦ
774 428 821 454 καὶ
836 428 954 462 ἀγαθοῦ,

165 465 249 492 τᾶλλα
262 467 351 494 πάντα
366 468 549 505 ἀποστραφεὶς
563 472 686 508 ῥήματα,
701 474 838 510 ἐπιτηρεῖν
850 474 898 510 τὴν
913 477 956 502 ὲν-

165 511 246 547 τολὴν
257 510 349 548 ἦλθεν.
367 515 400 541 Ὃ
411 512 457 542 οὗν
468 515 542 550 λέγει
556 518 674 545 τοιοῦτόν
688 519 761 546 ἐστιν
773 528 780 535 ο
793 520 893 556 Πεῖραν
906 521 955 548 οὐκ

165 557 262 594 ἔχοντα
275 560 335 586 οὐδὲ
350 561 449 595 γνῶσιν
489 562 594 598 ἔννοιαν
607 564 661 591 τῶν
675 565 783 598 κακῶν,
798 555 956 602 διερεθίζον-

164 604 211 636 τές
223 614 257 640 με
273 606 418 642 ὲπερὼτων
435 617 469 643 με
486 610 549 645 περὶ
562 611 650 637 αὐτῶν
660 631 666 643 ,
682 611 776 647 ὥσπερ
819 614 955 648 Αἰγυπτία

164 650 210 677 τὸν
229 652 327 688 Ἰωσὴφ
337 675 344 684 ,
361 653 407 680 καὶ
420 656 444 681 οἱ
461 656 639 693 πρεσϐύτεροι
653 659 701 693 τὴν
716 659 877 687 Σουσάνναν.

207 697 463 727 Ἀνταπεδίὸοσάν
486 709 540 736 μοι
558 704 674 737 πονηρὰ
692 705 758 732 ἀντὶ
781 706 881 733 καλῶν
904 707 953 734 καὶ

164 743 306 772 ἀτεκνίαν
319 745 357 780 τῇ
375 747 463 781 ψυχῇ
478 757 541 782 μου.
585 749 665 785 Ἐμοῦ
682 751 904 788 φιλοτιμουμένου
921 753 954 780 τὰ

167 789 234 825 πρὸς
261 791 364 823 πάντας
391 793 545 828 καθήκοντα
572 795 724 831 ἀμέμπτως
743 797 875 824 ἐπιτελεῖν
892 798 954 834 βού-

164 835 268 868 λεσθαι,
279 838 302 864 εἰ
314 837 425 865 δυνατὸν
437 839 506 874 μετὰ
516 840 623 868 πάντων
634 841 783 877 ἀνθρώπων
792 844 953 880 εἰρηνεύειν,

164 883 240 910 αὐτοὶ
263 884 324 911 ἀντὶ
345 885 447 912 τούτων
462 886 516 912 τῶν
533 887 623 914 καλῶν
639 889 745 924 πονηρὰ
761 890 954 917 ἀνταπεδίδουν

164 937 225 964 μοι,
240 930 332 971 ἐχθροί
345 931 392 957 καὶ
402 931 544 966 δυσμενεῖς
553 933 596 959 διὰ
608 934 716 961 πάντων
726 935 934 971 ἀναφαινόμενοι
944 945 951 951 ·

1007 340 1050 364 est
1064 345 1071 363 :
1091 335 1268 363 hallucinatio
1283 334 1384 369 quippe
1394 337 1436 361 est
1450 334 1588 365 arbitrari.
1612 341 1675 361 eum
1689 333 1735 368 qui
1750 333 1793 360 di-

1006 383 1099 410 vinum
1111 377 1203 410 servat
1216 381 1385 413 mandatum,
1410 380 1508 407 malam
1527 386 1581 408 non
1595 381 1706 408 novisse
1723 388 1790 408 rem.

1005 426 1073 454 Nam
1101 427 1296 455 discretionem
1311 425 1374 453 boni
1396 429 1423 453 et
1441 425 1505 452 mali
1529 430 1639 457 nactus,
1655 434 1670 452 a
1684 425 1791 453 caeteris

1006 481 1129 505 aversus,
1143 473 1176 500 ad
1191 475 1356 508 praeceptum
1379 471 1544 499 servandum
1559 471 1673 499 accedit.
1689 471 1792 506 Hujus-

1006 519 1078 547 modi
1091 520 1173 554 igitur
1196 522 1238 547 est
1262 518 1334 553 quod
1354 518 1400 545 hic
1418 517 1516 545 eﬂ‘atur
1529 527 1534 544 :
1548 517 1588 544 Me
1599 517 1701 544 nullum
1714 517 1792 544 malae

1005 564 1044 591 rei
1056 564 1270 599 experimentum
1287 562 1463 590 autnotitiam
1473 562 1530 589 sive
1543 561 1733 596 cogitationem
1743 561 1792 587 ha-

1006 610 1113 638 bentem
1128 611 1308 640 concitantes,
1329 609 1407 636 deiis
1429 608 1645 644 interrogabant,
1661 607 1790 642 quemad-

1005 657 1115 684 modum
1138 656 1265 692 Egyptia
1284 655 1445 690 Josephutn,
1461 659 1488 682 et
1500 662 1579 683 senes
1590 654 1754 681 Susannam.

1040 702 1125 730 Vens.
1144 703 1187 729 12.
1204 701 1390 729 Retribucbant
1406 701 1469 728 mihi
1484 701 1555 727 mala
1563 708 1610 732 pro
1618 700 1692 727 bonis
1703 704 1726 727 ct
1739 704 1778 726 ste

1004 749 1131 776 rilt‘tatem
1146 749 1241 776 (minue
1258 756 1331 775 metu.
1343 747 1410 774 Cum
1430 747 1482 774 hoc
1497 755 1581 773 unum
1599 746 1748 776 studerem,
1762 749 1792 772 ut

1004 796 1183 832 congruentia
1195 795 1324 823 omnibus
1338 795 1398 823 sine
1408 794 1620 829 reprehensione
1635 799 1792 828 peragerem

1005 842 1027 870 si
1041 841 1149 877 quidem
1166 841 1252 876 possit
1278 848 1340 868 cum
1357 840 1486 868 omnibus
1512 839 1669 867 hominibus
1696 841 1793 873 pacato

1005 889 1064 923 agi;
1084 895 1133 923 pro
1160 888 1194 915 iis
1219 888 1259 915 illi
1275 887 1356 914 bonis
1379 887 1451 914 mala
1468 886 1655 921 rependebant
1672 885 1750 916 mihi,
1764 884 1794 912 in

1004 934 1132 962 omnibus
1151 941 1212 961 sese
1228 933 1353 961 inimicos
1378 937 1459 967 atque
1479 932 1594 960 infestos
1607 932 1768 960 exhibentes
1783 939 1791 957 :

162 975 193 1002 τὸ
218 976 280 1003 ὅσον
304 976 332 1003 δὲ
357 977 400 1003 ἐπ’
417 977 509 1010 αὐτοῖς
526 979 575 1014 τὴν
591 980 619 1006 ὲν
637 980 728 1012 καλοῖς
750 982 890 1009 εὐτεκνίαν
904 983 950 1018 τῆς

1004 987 1037 1008 ac
1050 982 1182 1015 quantum
1202 979 1229 1005 in
1243 979 1310 1014 ipsis
1318 983 1388 1010 erat,
1407 978 1505 1005 anima:
1528 986 1594 1006 mete
1618 978 1646 1005 in
1660 977 1740 1005 honis
1754 976 1793 1005 fe-

160 1023 251 1060 ψυχῆς
270 1033 320 1060 μου
335 1024 455 1061 ἀναιρεῖν
469 1026 634 1063 ἐπεχείρουν.
675 1028 705 1054 Et
726 1027 806 1062 γοῦν,
832 1029 954 1061 πεισθεὶς

160 1069 253 1097 αὐτῶν
265 1071 325 1102 ταῖς
338 1066 488 1107 ἐρωτήσεσι
501 1072 620 1105 τοιοῦτος
634 1073 771 1108 ἐγεγόνειν
790 1072 845 1102 οἷον
859 1075 953 1110 ἤθελον

162 1125 197 1153 με
212 1117 343 1153 ποιῆσαι,
358 1117 497 1153 ὴτεκνώθη
512 1117 544 1145 ἃν
557 1119 574 1155 ἡ
587 1119 659 1154 ψυχή
677 1129 727 1155 μου
741 1142 747 1153 ,
767 1121 864 1156 μηκέτι
875 1120 952 1157 δεχο-

161 1161 232 1197 μένη
247 1162 297 1195 τὰς
311 1162 386 1195 θείας
399 1163 446 1190 τοῦ
464 1157 581 1199 νυμφίου
598 1165 689 1199 γονάς.
725 1166 758 1193 El
772 1167 800 1194 δὲ
814 1167 896 1194 τέκνα
909 1167 953 1195 λέ-

159 1217 252 1244 γοιντο
262 1210 287 1236 οἱ
300 1210 418 1246 μαθηταὶ
429 1210 476 1237 τοῦ
486 1210 640 1245 διδάξαντος
648 1233 654 1244 ,
671 1213 717 1239 καὶ
728 1213 812 1245 ὅντως
825 1214 953 1241 ἀτεκνοῦ-

159 1262 204 1283 ται
219 1256 236 1291 ἡ
252 1256 325 1291 ψυχὴ
342 1256 388 1283 τοῦ
404 1251 562 1284 διδασκάλου
573 1278 581 1290 ,
609 1258 747 1294 σφάλμασι
765 1259 952 1295 περιπεσοῦσα

159 1299 201 1337 τῷ
214 1299 312 1338 ἑαυτῆς
326 1302 466 1338 σκανδάλῳ
475 1323 482 1335 ,
497 1303 646 1339 ἀναιροῦσα
661 1305 724 1336 τοὺς
737 1305 766 1338 ἐξ
779 1305 863 1342 αὐτῆς
875 1312 952 1340 γενο-

161 1343 262 1384 μένους
275 1348 320 1376 διὰ
347 1350 506 1385 μαθητείας.
537 1351 609 1377 Ἀντὶ
623 1351 651 1377 δὲ
666 1351 713 1378 τοῦ
723 1372 730 1384 ,
756 1351 898 1380 ἀτεκνίαν
913 1353 952 1388 τῇ

159 1395 248 1430 ψυχῇ
261 1404 322 1430 μου
332 1416 339 1427 ,
361 1396 601 1432 Ἀνεστραμμένα
615 1397 691 1424 κατὰ
705 1397 760 1432 τῆς
770 1397 872 1434 ψυχῆς
879 1407 949 1434 μου,

158 1441 174 1467 ὸ
191 1441 340 1477 Σύμμαχος
347 1442 487 1474 ἐξέδωκεν.

201 1528 310 1564 Ἐπειδὴ
325 1529 359 1556 τὰ
374 1529 542 1566 προκείμενα
558 1530 691 1566 συνῆπται
706 1528 762 1563 τοῖς
777 1531 806 1558 ἐν
820 1531 859 1567 τῷ
872 1540 949 1568 τρια-

159 1574 250 1610 κοστῷ
265 1576 349 1611 τρίτῳ
367 1575 467 1612 ψαλμῷ
483 1576 708 1612 προλελεγμένοις
718 1585 726 1594 ο
751 1577 843 1604 ἐκεῖνα
857 1575 885 1604 δὲ
900 1575 950 1613 τῆς

160 1620 281 1656 ἱστορίας
296 1622 466 1657 ὲμνημόνευε
479 1621 528 1657 τῆς
544 1622 613 1649 κατὰ
629 1620 673 1649 τὸν
692 1623 851 1658 Ἀϐιμέλεχ,
864 1624 905 1658 ἐφ’
918 1621 949 1650 οὗ

1005 1025 1172 1053 cunditatem
1195 1024 1229 1052 de
1253 1024 1344 1051 medio
1372 1024 1469 1051 tollere
1499 1024 1644 1051 curabant.
1664 1023 1737 1051 Sane
1767 1024 1792 1051 si

1004 1079 1098 1100 eorum
1109 1070 1304 1106 quaestionibus
1315 1071 1561 1105 obtemperassem,
1579 1070 1642 1097 talis
1669 1068 1792 1104 profecto

1003 1118 1111 1153 qualem
1127 1117 1178 1152 ipsi
1190 1116 1318 1144 volebant
1332 1115 1447 1144 elfectus
1465 1124 1568 1149 essem,
1585 1116 1706 1150 orbaque
1715 1115 1793 1150 prole

1004 1164 1100 1191 fuisset
1112 1163 1202 1190 anima
1216 1170 1287 1195 mea,
1299 1163 1393 1190 divina
1413 1163 1507 1197 sponsi
1529 1162 1634 1190 semina
1651 1169 1707 1189 non
1721 1161 1793 1188 ulte-

1002 1210 1060 1237 rius
1075 1209 1224 1244 excipiens.
1236 1208 1314 1242 Quod
1337 1208 1360 1235 si
1386 1207 1514 1243 discipuli
1530 1207 1651 1235 doctoris
1676 1207 1718 1234 sui
1743 1206 1792 1233 lilii

1002 1262 1063 1282 esse
1088 1254 1230 1286 dicantur:
1255 1261 1287 1281 ea
1316 1261 1425 1288 quoque
1452 1253 1559 1280 ratione
1578 1253 1653 1288 prole
1679 1252 1793 1279 orhatur

1002 1301 1092 1328 ahima
1101 1300 1232 1332 doctoris,
1243 1299 1365 1335 ejusdem
1375 1299 1474 1327 erratis
1490 1300 1517 1327 in
1532 1298 1726 1327 ollendiculum
1742 1298 1791 1326 abs

1002 1355 1032 1374 se
1052 1351 1176 1382 paratum
1202 1346 1324 1381 delapsa,
1345 1345 1409 1372 dum
1431 1353 1481 1381 per
1506 1345 1659 1372 doctrinam
1676 1352 1724 1372 eos
1742 1344 1790 1379 qui

1001 1392 1050 1419 abs
1065 1398 1094 1420 se
1104 1392 1161 1419 nati
1176 1396 1240 1419 sunt
1256 1390 1399 1418 interimit.
1412 1390 1464 1418 Pro
1478 1390 1525 1418 illo
1542 1394 1644 1420 autem,
1660 1389 1791 1416 sterilita—

1002 1443 1052 1466 tem
1065 1439 1160 1466 anima:
1170 1446 1252 1471 mete,
1279 1440 1401 1472 perversa
1428 1442 1522 1464 contra
1552 1437 1670 1463 animam
1694 1444 1790 1469 meam,

1000 1485 1083 1512 vertit
1097 1483 1290 1520 Symmachus.

1035 1531 1168 1565 Quoniam
1185 1530 1244 1557 haec
1259 1536 1319 1565 quae
1346 1530 1402 1565 jam
1421 1533 1572 1557 tractamus
1594 1536 1657 1557 cum
1679 1529 1713 1557 iis
1730 1535 1791 1563 qua:

1000 1577 1028 1604 in
1050 1577 1188 1604 tricesimo
1205 1577 1287 1604 tertio
1308 1576 1415 1610 psalmo
1433 1574 1575 1610 praemissa
1602 1577 1668 1601 sunt
1685 1581 1791 1601 cannea

1001 1627 1129 1656 ctuntur;
1149 1623 1193 1650 illa
1209 1629 1274 1651 vero
1284 1623 1317 1650 de
1329 1622 1443 1650 historia
1452 1620 1610 1649 Abimelech
1624 1620 1791 1648 mentionem

160 1666 291 1701 ὴλλοίωσε
305 1667 335 1694 τὸ
351 1665 496 1704 πρόσωπον
508 1668 589 1695 αὑτοῦ
599 1689 606 1701 ,
623 1669 692 1696 κατὰ
705 1669 739 1696 τὰ
751 1669 948 1705 ἅποδεδομένα”

1003 1669 1101 1700 fecere,
1116 1669 1189 1704 apud
1202 1676 1294 1704 quem,
1314 1669 1354 1695 uti
1374 1668 1502 1703 superius
1520 1667 1651 1694 traditum
1667 1670 1719 1698 est,
1739 1666 1791 1693 im-

161 1711 234 1747 τάχα
247 1721 298 1739 που
312 1707 422 1740 δῦναται
435 1715 481 1741 καὶ
492 1714 526 1741 τὰ
541 1714 608 1750 μετὰ
623 1716 715 1751 χεῖρας
732 1715 774 1742 ἐπ’
789 1716 880 1743 ἐκεῖνα
890 1717 951 1743 ἀνα-

163 1757 302 1793 φέρεσθαι.
312 1759 411 1786 Μαθὼν
422 1760 475 1796 γὰρ
485 1761 500 1787 ὁ
510 1761 596 1787 Σαοὺλ
605 1761 678 1796 παρὰ
690 1761 768 1797 Δωὴκ
777 1782 784 1793 ,
793 1761 830 1794 ὡς
839 1763 950 1797 ἀφῖκται

160 1804 244 1831 Δαυῖὃ
258 1805 325 1841 πρὸς
345 1802 487 1842 ’Δὸιμέλεχ
500 1827 507 1837 ,
527 1807 625 1843 ἄρτους
641 1817 669 1834 τε
689 1808 807 1844 εἰληφὼς
820 1808 951 1835 διασέσω-

161 1857 239 1882 σται,
255 1851 357 1883 πάντας
374 1852 462 1879 ἀνεῖλε
475 1853 537 1885 τοὺς
551 1854 631 1888 ἱερεῖς
644 1854 691 1880 τοῦ
706 1853 818 1888 Κυρίου,
828 1854 908 1881 αὐτόν
920 1854 950 1881 τε

159 1896 206 1923 τὸν
229 1896 373 1933 Ἀϐιμέλεχ
391 1899 530 1932 παγγενεί.
550 1899 665 1926 Δύναται
678 1898 724 1926 οὖν
739 1900 825 1927 ταῦτα
842 1902 855 1927 ὁ
869 1901 950 1928 Δαυῖδ

161 1942 200 1974 εἰς
214 1943 361 1978 πρόσωπον
373 1943 420 1970 τοῦ
434 1944 521 1970 Σαοὺλ
533 1945 682 1981 εἰρηκέναι,
697 1946 733 1978 ὡς
748 1947 795 1973 καὶ
807 1947 894 1973 πάντα
904 1945 950 1974 τὸν

159 1989 264 2025 ψαλμὸν
281 1991 320 2021 εἰς
339 1987 440 2017 ἐκεῖνον
454 1991 636 2027 ἀναφέρεσθαι
653 1991 698 2018 τὸν
718 1993 826 2028 καιρὸν,
843 1992 904 2019 καθ’
920 1993 949 2019 ὃν

160 2035 239 2070 Δωὴκ
267 2035 523 2072 ἐψευδομαρτύρησε
552 2037 599 2064 τοῦ
629 2037 772 2073 Ἀὃίμέλεχ
801 2039 876 2073 παρὰ
902 2038 949 2065 τοῦ

160 2078 246 2107 Σαούλ
256 2089 262 2095 ·
282 2081 328 2107 καὶ
346 2081 416 2116 τάχα
432 2082 462 2108 τὸ
476 2082 588 2117 Πνεῦμα
601 2083 632 2109 τὸ
650 2083 740 2117 ἆγιον,
755 2082 790 2109 τὰ
806 2083 878 2119 πάθη
895 2084 949 2110 τῶν

160 2124 256 2162 ἱερέων
270 2127 426 2163 ὺπογράφον
440 2148 447 2159 ,
464 2127 498 2154 τὰ
515 2127 682 2164 προκείμενα
699 2128 829 2164 ἀνεφώνει
845 2129 930 2162 λέγων
940 2138 947 2144 ·

159 2173 301 2206 Δικασον,
314 2175 410 2208 Κύριε,
428 2174 498 2208 τοὺς
517 2174 694 2208 ἀδικοῦντάς
704 2184 752 2210 με,
768 2176 814 2202 καὶ
825 2177 858 2203 τὰ
874 2174 948 2212 ἑξῆς.

159 2218 200 2246 Τὰ
216 2219 244 2245 δὲ
263 2219 435 2255 μονοτρόπως
451 2220 582 2257 εἰρημένα
599 2221 661 2257 περὶ
678 2221 737 2254 ἑνός
756 2230 827 2254 τινος
847 2222 875 2248 ὲν
891 2222 947 2258 τῷ,

165 2265 291 2293 Ἐλθέτω
303 2266 382 2299 αὐτῷ
396 2266 486 2301 παγίς
497 2265 537 2301 ἣν
553 2268 588 2294 οὺ
602 2267 757 2302 γινώσκει,
773 2269 822 2295 καὶ
838 2269 857 2302 ὴ
873 2269 949 2304 θήρα

158 2309 199 2345 ἢν
209 2311 324 2346 ἔκρυψε
334 2308 510 2340 συλλαϐἐτω
520 2313 622 2345 αὑτὸν,
635 2314 683 2340 καὶ
696 2314 730 2340 ἐν
741 2313 778 2349 τῇ
789 2314 890 2349 παγίδι
901 2322 948 2342 πε-

158 2357 253 2384 σεῖται
268 2357 303 2384 ἐν
316 2356 406 2393 αὐτῇ,
427 2357 537 2395 δύναται
551 2359 589 2394 τῷ
604 2359 683 2395 Δωὴκ
697 2356 872 2395 ἐφαρμόζειν.
891 2361 946 2388 Καὶ

158 2400 187 2429 τὸ
194 2423 202 2434 ,
216 2403 416 2438 Ἀναστάντες
421 2405 569 2440 μάρτυρες
577 2406 682 2438 ἄδικοι,
691 2405 709 2432 ἁ
718 2407 773 2433 οὐκ
780 2405 946 2440 ἐγίνωσκον

158 2448 278 2482 ἠρώτων
284 2457 323 2484 με
333 2458 339 2465 ·
357 2449 597 2478 ἁνταπεδίδοσάν
609 2460 661 2486 μοι
676 2451 793 2485 πονηρὰ
802 2451 868 2478 ἀντὶ
878 2452 947 2486 ἀγα-

159 2494 217 2522 θῶν
230 2516 239 2528 ,
256 2492 306 2522 καὶ
324 2496 466 2523 ἀτεκνίαν
478 2496 516 2532 τῇ
528 2497 615 2532 ψυχῇ
633 2507 692 2532 μου
703 2517 710 2530 ,
743 2499 774 2525 ἐκ
801 2499 945 2534 προσώπου

159 2541 265 2577 Αεχθείη
279 2542 312 2568 ἂν
328 2542 375 2569 τοῦ
395 2543 547 2580 Ἀϐιμέλεχ.
565 2542 618 2570 Καὶ
633 2543 718 2571 ταῦτα
735 2545 763 2571 δὲ
779 2545 852 2576 εἰκὸς
868 2546 944 2581 εἰρη-

158 2584 233 2614 κέναι
246 2584 291 2614 τὸν
307 2587 388 2615 Δαυτδ
399 2598 405 2603 ·
421 2589 503 2616 αὑτοῦ
518 2589 572 2626 γὰρ
586 2587 787 2626 ἐπιγέγραπται
803 2592 817 2617 ὁ
828 2591 945 2626 ψαλμδς,

159 2631 321 2669 ἅποστολικῇ
338 2635 455 2662 διαθέσει
471 2632 591 2669 λέξοντος
606 2635 637 2662 ἄν
647 2644 653 2651 ’
683 2637 732 2670 Τίς
744 2637 878 2671 ἀσθενεῖ,
896 2639 946 2665 καὶ

159 2679 213 2704 οὐκ
228 2678 363 2710 dudm-c3;
376 2679 422 2712 τίς
433 2679 660 2710 σκανδαλίζεται
670 2701 676 2711 ,
692 2681 740 2707 καὶ
757 2682 812 2708 οὐκ
822 2681 879 2716 ὲγιὼ
889 2690 945 2709 πυ-

158 2723 281 2758 ροῦμαι;
300 2725 365 2757 καὶ,
382 2724 532 2759 Παθόντος
547 2725 616 2760 ἐνὸς
627 2727 755 2761 μέλους,
770 2726 945 2761 σιεμπάσχει

159 2770 256 2797 πάντα
271 2770 307 2797 τὰ
318 2771 407 2805 μέλη.
426 2770 480 2798 Καὶ
493 2772 570 2803 ἄλλος
579 2772 607 2799 δὲ
620 2772 695 2808 παρὰ
706 2772 790 2799 ταῦτα
805 2773 945 2809 μάρτυρας

158 2816 206 2850 μὲν
221 2815 329 2848 ἀδίκους
346 2814 416 2844 εἴποι
431 2817 462 2844 ἄν
478 2827 519 2850 τις
536 2819 638 2851 πάντας
651 2819 713 2851 τοὺς
725 2818 945 2852 ὲνδιαὸάλλοντας

161 2861 201 2889 τὸν
217 2862 297 2889 Δαυῒδ
313 2864 387 2899 παρὰ
401 2864 448 2891 τοῦ
464 2864 549 2891 Σαούλ
561 2872 567 2880 ·
584 2864 644 2892 τότε
661 2865 710 2900 μὲν
726 2865 780 2900 γὰρ
797 2866 820 2892 οἱ
838 2867 943 2902 Ζιφαῖοι

190 2950 213 2966 ¹¹
233 2949 255 2976 ll
272 2950 334 2979 Cor.
355 2959 398 2982 ιιι.
415 2951 461 2981 29,
499 2951 520 2968 ¹¹
540 2952 551 2979 l
568 2952 631 2981 Cor.
650 2961 687 2980 xtl
700 2972 707 2986 ,
721 2953 768 2982 ‘26.

1001 1716 1116 1743 mutavit
1130 1716 1232 1743 vultum
1240 1723 1338 1748 suum;
1358 1714 1474 1753 fortasse
1489 1714 1594 1749 possint
1610 1713 1669 1741 haec
1684 1720 1745 1748 quae
1762 1713 1790 1740 in

1001 1762 1133 1797 praesenti
1154 1765 1271 1797 aguntur
1286 1761 1319 1788 ad
1344 1760 1390 1787 illa
1402 1760 1508 1788 referri.
1522 1760 1589 1786 Nam
1606 1767 1667 1787 cum
1686 1758 1750 1786 Saul
1774 1766 1791 1786 a

1003 1809 1073 1837 Doec
1085 1809 1244 1837 edidicisset
1265 1807 1395 1835 Davidem
1408 1807 1440 1834 ad
1454 1806 1611 1834 Abimelech
1626 1805 1789 1836 accessisse,

1001 1858 1091 1890 atque,
1106 1855 1225 1890 acceptis
1236 1855 1364 1890 panibus,
1386 1855 1500 1882 salutem
1523 1858 1634 1881 nactum
1652 1861 1714 1881 esse
1738 1852 1790 1888 [ne

1003 1900 1072 1929 fame
1086 1901 1210 1936 periret].
1227 1908 1323 1928 omnes
1351 1899 1508 1928 sacerdotes
1520 1898 1628 1926 Domini
1645 1898 1790 1934 ipsumque

1000 1946 1156 1974 Abimelech
1171 1955 1233 1974 cum
1245 1954 1343 1981 genere
1363 1954 1413 1973 suo
1429 1945 1610 1973 internecioni
1634 1944 1718 1972 dedit.
1736 1943 1790 1970 Po-

1000 1992 1124 2028 tuitergo
1134 1992 1218 2020 David
1237 1993 1294 2020 haec
1302 1992 1335 2019 de
1348 1999 1465 2027 persona
1480 1991 1571 2018 Saulis
1583 1990 1684 2021 dicere,
1704 1990 1741 2017 ita
1760 1994 1790 2017 ut

1000 2041 1074 2066 totus
1089 2039 1210 2074 psalmus
1237 2038 1271 2065 ad
1294 2038 1321 2065 id
1333 2038 1465 2073 temporis
1487 2038 1636 2069 referatur,
1648 2044 1704 2072 quo
1717 2035 1790 2063 Doce

1000 2088 1096 2113 contra
1125 2085 1282 2113 Abimelcch
1305 2085 1376 2120 apud
1404 2085 1513 2112 Saulem
1545 2084 1643 2111 falsum
1666 2083 1791 2111 testimo-

1000 2133 1075 2159 nium
1091 2132 1177 2159 dixit:
1192 2136 1219 2160 et
1227 2131 1344 2160 fortasse
1358 2131 1478 2167 Spiritus
1488 2135 1600 2159 sanctus
1616 2129 1790 2157 sacerdotum

999 2179 1105 2206 cladem
1133 2179 1292 2206 describens
1308 2179 1366 2206 haec
1387 2179 1487 2205 dixerit
1503 2188 1509 2205 :
1538 2176 1648 2208 Judt‘ca,
1667 2176 1790 2206 Domine.

999 2229 1119 2252 nocentes
1135 2233 1184 2255 me,
1198 2229 1225 2252 ct
1243 2229 1351 2252 caetera.
1369 2224 1435 2258 Qua:
1458 2232 1540 2259 porro
1555 2223 1587 2250 de
1603 2229 1658 2249 uno
1672 2222 1730 2249 solo
1752 2221 1791 2248 di-

999 2275 1109 2303 cuntur,
1128 2275 1158 2297 ut
1178 2271 1242 2298 illud
1258 2276 1300 2299 est
1317 2282 1323 2299 :
1344 2270 1435 2298 Veniat
1449 2270 1491 2297 illi
1501 2270 1610 2304 laqueus
1623 2276 1698 2307 quem
1712 2268 1790 2302 igno-

1001 2321 1054 2348 rat.
1068 2321 1092 2343 et
1106 2317 1193 2351 captio
1202 2325 1280 2351 quam
1292 2315 1429 2344 abscondit
1443 2314 1618 2350 apprehendat
1641 2322 1710 2345 eum,
1722 2317 1746 2339 el
1761 2313 1791 2339 in

1000 2365 1120 2398 laqueum
1141 2363 1219 2390 cadat
1234 2364 1261 2390 in
1276 2364 1370 2398 ipsum,
1383 2362 1453 2390 Doec
1466 2361 1565 2389 ascribi
1584 2363 1708 2395 possunt.
1722 2358 1790 2385 Illud

1000 2413 1101 2442 autem,
1121 2408 1260 2442 Surgenles
1272 2413 1347 2435 testes
1359 2408 1454 2443 iniqui,
1468 2414 1526 2442 qua:
1541 2406 1697 2441 ignorabam
1708 2404 1790 2430 inter-

1000 2455 1129 2489 rogabant
1151 2462 1207 2481 me:
1225 2454 1403 2481 rrtribuebant
1423 2452 1488 2479 ntiltt'
1512 2451 1584 2478 mala
1601 2458 1647 2485 pro
1664 2449 1749 2482 bonis,
1764 2453 1790 2476 et

1000 2500 1167 2528 sterilitatem
1179 2500 1274 2527 anima:
1288 2507 1361 2531 meae,
1375 2506 1406 2526 ex
1417 2497 1586 2526 Abimelechi
1598 2503 1714 2532 persona
1725 2503 1790 2530 pro-

998 2546 1123 2573 nuntiata
1145 2545 1245 2573 fuerint
1264 2555 1270 2572 :
1288 2552 1348 2580 qua
1370 2553 1420 2580 par
1446 2548 1488 2571 est
1514 2543 1617 2570 dixisse
1646 2541 1786 2572 Davidem,

997 2592 1118 2627 psalmus
1139 2591 1240 2626 quippe
1269 2591 1328 2625 ejus
1354 2598 1416 2618 esse
1438 2589 1598 2617 inscribitur
1615 2597 1621 2614 :
1641 2589 1664 2616 is
1680 2593 1789 2623 aposto-

997 2637 1049 2664 lico
1069 2642 1145 2664 more
1158 2637 1198 2664 sic
1214 2636 1311 2664 allatus
1337 2635 1481 2663 credatur:
1500 2634 1565 2668 Quis
1582 2635 1746 2667 infirmatur.
1759 2637 1787 2660 et

995 2688 1041 2719 ego
1058 2690 1109 2710 non
1127 2684 1266 2718 inﬁrmor?
1280 2683 1337 2717 quis
1365 2682 1576 2714 scandalizatur,
1610 2685 1635 2707 et
1662 2688 1708 2715 ego
1733 2687 1786 2707 non

998 2734 1061 2756 uror
1071 2730 1092 2744 ἰ
1105 2727 1153 2756 ?Et
1170 2737 1176 2755 :
1195 2727 1224 2755 .St'
1238 2727 1300 2763 quid
1315 2728 1434 2762 patiatur
1446 2736 1527 2754 unum
1542 2727 1697 2761 membrum,
1713 2733 1786 2752 cont-

997 2776 1136 2808 patiuntur
1151 2775 1238 2801 omnia
1255 2773 1371 2801 membra
1386 2774 1419 2800 “.
1446 2772 1478 2800 Et
1500 2772 1615 2801 forsitan
1631 2771 1700 2798 alitts
1715 2778 1787 2805 przc-

999 2826 1072 2848 terea
1088 2820 1171 2850 dicat.
1198 2820 1307 2855 iniquos
1333 2823 1416 2848 testes
1427 2827 1488 2847 esse
1508 2821 1642 2854 quotquot
1656 2816 1786 2843 Davidom

998 2866 1069 2901 apud
1081 2866 1188 2896 Saulem
1203 2866 1361 2894 calumniati
1377 2871 1456 2899 sunt;
1474 2865 1554 2892 modo
1567 2864 1666 2900 quippe
1683 2861 1786 2895 Ziplztei
