2056 3214
309 212 362 240 505

632 211 766 239 EUSEBII
784 210 1026 241 C/ESARIENSIS
1044 213 1121 242 OPP.
1144 213 1232 241 PARS
1259 214 1302 242 Ill.
1321 231 1354 235 —
1375 215 1578 242 EXEGETICA.

1874 212 1929 240 5οι
1946 188 1950 192 ι

309 269 599 298 ιωεὰοηιθεᾱὶροὺθιιι
610 278 616 295 :
631 269 697 297 Ecce
705 270 788 298 David
798 270 966 299 absconditus
973 277 1011 299 est
1018 271 1089 307 apud

1142 272 1232 306 ἔλεγον
1243 271 1364 304 ἐλθόντες
1375 281 1381 288 '
1404 272 1480 300 Ἰδοὺ
1492 271 1581 300 Δαυῒδ
1596 272 1756 305 κέκρυπται
1770 275 1829 303 παρ
1837 269 1928 306 ’ήμῖκ,

308 325 355 344 nos
368 316 390 331 ’³
405 324 411 342 :
428 321 454 343 et
469 316 522 342 alio
541 320 663 351 tempore
688 317 744 348 alii,
773 318 900 352 gratiam.
925 322 955 346 ut
976 318 1092 350 videtur,

309 362 379 398 apud
395 369 486 397 regem
516 361 622 393 inituri,
648 362 734 389 multa
752 363 820 390 [alsa
847 364 1004 391 testimonia
1020 365 1094 392 dices

308 409 382 439 bant.
394 413 422 436 et
435 416 495 443 qua:
512 408 569 443 ipse
583 415 670 443 neque
680 414 792 436 noverat
803 417 890 444 neque
901 411 1032 446 cogitarat
1042 410 1094 445 ipsi

309 453 495 481 ascribehant.
519 452 587 480 Illud
619 457 722 485 autem,
744 454 922 482 retribuebant
941 455 1006 482 mihi
1022 456 1094 482 mala

306 508 354 533 pro
363 499 448 530 bouis,
465 499 498 526 ad
514 499 602 534 ipsum
618 507 727 535 quoque
741 500 869 528 Davidem
884 501 979 529 referri
991 504 1090 537 potest.

306 544 373 572 Nam
389 545 481 572 mttltis
496 552 511 572 a
523 544 624 573 Davide
647 545 727 573 bonis
742 545 856 573 affectus
885 545 962 579 Saul,
981 551 1093 574 contra-

307 591 374 619 riam
392 591 444 627 ipsi
455 591 541 620 vicem
569 593 744 627 rependebat,
765 593 829 621 dum
848 594 973 630 graviora
997 598 1093 622 contra

306 638 492 674 anitnatnejus
507 639 721 672 ntachinaretur,
753 644 780 667 ct
806 641 978 669 sterilitatem
996 641 1094 668 anima:

305 684 366 718 ejus
391 684 514 712 inferret.
532 684 608 712 Tunc
627 693 709 720 porro
735 686 865 714 sterilitas
883 687 979 714 anima:
1004 687 1092 720 adest,

306 729 370 756 dum
387 731 491 758 semina
501 739 561 766 qua:
577 731 604 758 in
625 731 741 759 aliorum
758 732 902 760 utilitatem
920 733 1034 768 spargit,
1047 737 1093 760 aut

305 784 365 811 qua:
382 784 430 811 per
442 777 594 804 doctrinam
609 778 718 811 emittit,
729 778 847 806 fructum
863 787 917 807 non
932 779 1031 807 ferunt.
1047 779 1093 807 Sic

305 830 370 859 ergo
381 831 444 850 cum
461 823 545 850 David
563 824 648 851 multa
666 824 741 851 Sauli
764 825 834 852 bona
850 826 982 861 gigneret,
992 826 1092 854 sterili-

304 873 387 897 tatem
404 869 455 904 ipsi
470 868 534 896 Saul
545 869 687 902 inferebat,
698 878 752 897 non
764 870 861 906 dignos
875 871 1003 899 emittens
1014 879 1092 907 spar-

305 923 399 943 sorum
416 915 553 943 seminum
570 914 689 943 fructus.

339 961 424 989 Vens.
441 961 484 988 15.
503 961 558 997 Ego
586 966 684 994 autem,
705 971 765 989 eum
784 962 846 989 milii
870 963 973 990 molesti
994 969 1090 998 essent,
1107 955 1127 982 Β

303 1006 431 1033 induebar
446 1007 544 1034 cilicio.
562 1006 596 1033 Et
608 1007 782 1034 humiliabam
807 1009 833 1034 in
854 1009 957 1043 jejunio
971 1010 1090 1036 animant

303 1061 399 1084 meum,
415 1057 438 1079 et
450 1054 537 1079 oratio
550 1061 608 1080 mea
615 1053 643 1079 in
656 1054 716 1080 sinu
738 1061 794 1080 meo
817 1060 987 1082 convertatur.
1002 1054 1044 1082 Ad
1058 1063 1090 1083 ea
1111 1079 1114 1082 .

302 1106 362 1133 quae
388 1098 464 1133 prius
490 1099 590 1126 tradita
605 1103 680 1130 sunt,
708 1100 853 1134 perpende,
874 1108 969 1135 quaeso
985 1121 992 1133 ,
1026 1109 1090 1128 num

303 1144 360 1172 haec
379 1151 502 1178 persona:
530 1144 679 1172 Salvatoris
704 1145 790 1172 nostri
807 1147 953 1174 convenire
978 1151 1088 1182 queant,

303 1191 515 1226 proplteticeque
541 1191 575 1218 de
598 1191 658 1226 ipso
681 1192 862 1225 prmnuntiata
887 1191 997 1220 fuerint.
1023 1193 1090 1221 Vide

302 1237 386 1271 igitur
413 1243 478 1263 num
491 1243 524 1263 eo
540 1239 621 1271 pacto
635 1236 781 1268 sententia,
797 1236 872 1262 nullo
897 1237 992 1268 obice,
1010 1237 1090 1271 plana

301 1281 409 1308 evadat.
440 1280 565 1308 Salvator
589 1281 661 1308 enim
689 1285 780 1308 noster
811 1277 884 1307 Patri
909 1288 960 1310 suo
981 1280 1089 1309 initium

302 1327 399 1363 psalmi
440 1326 589 1355 secundum
627 1326 822 1354 humanitatem
849 1327 970 1360 dixerit,
1003 1335 1089 1363 usque

302 1373 337 1400 ad
353 1373 430 1405 illud,
446 1378 470 1400 et
495 1373 620 1400 conclude
634 1372 759 1400 adversus
779 1381 823 1400 eos
839 1373 883 1407 qui
898 1379 1089 1408 persequuntur

302 1425 344 1444 me
358 1426 367 1444 :
385 1418 413 1445 in
428 1418 559 1446 vicesimo
576 1418 664 1453 printo
675 1419 739 1446 item
755 1419 870 1453 psalmo,
885 1418 931 1453 qui
944 1419 1088 1454 perspicue

301 1463 336 1491 ab
351 1464 409 1498 ipso
422 1463 568 1498 profertur,
587 1464 688 1491 dictum
703 1468 760 1491 est:
777 1463 810 1490 In
824 1464 986 1498 adjutarium
1003 1473 1088 1492 meum

301 1510 422 1541 intende;
441 1510 497 1538 imo
508 1514 535 1538 et
551 1511 578 1537 in
592 1509 747 1545 Evangeliis
761 1510 878 1538 orationi
895 1518 1007 1539 vacasse
1023 1519 1088 1538 nar-

301 1559 387 1583 ratur.
405 1555 438 1583 Et
450 1563 515 1584 sane
526 1564 586 1591 quze
607 1556 651 1583 ltic
668 1555 768 1591 scripta
785 1560 859 1588 sunt,
876 1561 937 1592 post
953 1561 1087 1592 patratum

302 1610 317 1630 a
329 1601 431 1630 Iudaeis
449 1603 477 1630 in
489 1610 550 1630 eum
567 1602 674 1630 facinus
685 1610 767 1638 opere
781 1602 838 1637 ipse
852 1603 1008 1638 complevit.
1025 1603 1088 1631 Fra-

302 1656 362 1675 ntea
383 1649 483 1683 quippe
506 1648 644 1680 militaris,
661 1649 818 1683 bellumque
832 1647 1017 1676 Romanorum
1033 1658 1088 1677 non

302 1693 350 1721 diu
366 1698 470 1728 postea,
485 1702 536 1721 nec
547 1694 608 1721 sine
622 1693 668 1720 Dei
683 1693 798 1728 judicio,
810 1694 920 1722 tnstitit.
935 1694 1003 1722 Nam
1016 1694 1088 1724 Deus

303 1739 362 1774 ipse
378 1743 448 1771 erat,
467 1739 513 1774 qui
530 1747 578 1774 per
597 1739 724 1766 hostilem
744 1739 893 1767 exercitum
910 1741 984 1775 ipsos
1000 1741 1090 1776 impu-

303 1785 414 1821 gnabat.
433 1785 460 1812 Id
479 1793 526 1821 per
551 1786 710 1820 parabolam
739 1785 865 1813 Salvator
889 1786 946 1821 ipse
969 1787 1089 1815 declarat

304 1832 339 1859 iis
353 1832 400 1867 qui
413 1833 584 1859 vocationem
599 1831 633 1858 ad
648 1831 758 1866 nuptias
772 1836 943 1866 respuerant,
961 1832 1088 1859 nuntios-

303 1886 357 1913 que
377 1877 585 1910 interfecerant;
601 1877 666 1904 dum
681 1877 729 1908 ait,
751 1885 841 1913 regem
857 1877 966 1906 mistsse
983 1878 1090 1906 exerci-

303 1928 347 1952 tus
375 1932 439 1952 suos
455 1928 483 1951 et
508 1924 646 1951 civitatem
673 1931 768 1951 eorum
793 1923 970 1951 succendisse
986 1924 1018 1949 ".
1043 1924 1088 1951 Sic

304 1970 396 2004 itaque
409 1978 441 1997 ea
467 1977 529 2004 quae
549 1969 606 2004 jam
621 1973 772 1997 tractamus
793 1970 903 2005 impleta
928 1975 1001 1998 sunt.
1018 1970 1088 2004 Quia

302 2017 374 2044 enim
389 2016 426 2043 illi
437 2024 498 2044 cum
510 2015 578 2044 Filio
588 2015 634 2044 Dei
648 2017 740 2052 inique
750 2021 873 2052 egerunt,
881 2017 1000 2045 damnati
1012 2022 1086 2050 sunt,

302 2063 424 2098 ultioque
439 2063 580 2098 sanguinis
595 2063 655 2098 ejus
670 2068 778 2098 sumpta
805 2069 858 2091 est.
884 2064 916 2091 Et
940 2066 1003 2100 quia
1026 2073 1088 2093 sese

302 2107 405 2134 Christi
421 2107 546 2134 inimicos
564 2107 747 2142 przebuerunt,
766 2114 781 2134 a
803 2107 857 2134 Deo
877 2108 938 2143 ipso
961 2108 1088 2136 debellati

303 2157 378 2184 sunt,
399 2160 459 2180 cuttt
475 2152 548 2185 telis,
564 2152 658 2187 clypeo
677 2156 704 2180 et
728 2152 841 2184 framea,
869 2153 1000 2181 irruente.
1028 2153 1087 2182 Non

302 2199 410 2226 occulte
427 2198 498 2225 enim
516 2198 590 2233 ipsos
607 2198 698 2225 divina
715 2198 792 2230 ultio,
816 2198 863 2225 sed
883 2206 930 2233 per
947 2192 1088 2226 hominum

301 2244 440 2272 exercitus
460 2243 554 2270 adorta
575 2247 626 2271 est.
643 2243 733 2270 Mirari
751 2251 817 2270 sane
832 2244 916 2275 subit,
933 2251 987 2278 quo
1008 2237 1087 2279 pacto

301 2292 403 2319 dictum
419 2290 515 2318 fuerit:
531 2289 642 2324 Eﬁ'unde
654 2289 863 2324 frameam-Non
873 2290 956 2322 enim,
968 2295 997 2318 ut
1010 2291 1085 2324 olim,

301 2344 333 2364 ex
359 2341 436 2371 parte
462 2335 550 2363 solum
573 2335 644 2362 bello
669 2335 887 2368 incessebantur,
914 2336 960 2363 sed
978 2336 1085 2364 hostilis

301 2381 404 2408 framea
429 2385 522 2407 contra
539 2380 601 2407 illos
617 2379 702 2407 ell‘usa
717 2385 776 2413 est;
801 2385 965 2415 quapropter
981 2381 1084 2408 dictum

300 2432 357 2455 est:
377 2427 495 2454 Pen-ruit
508 2431 595 2453 autent
606 2427 640 2453 ad
653 2426 713 2453 illos
724 2427 765 2453 ira
779 2427 805 2453 in
817 2427 894 2461 ﬁnem
907 2427 929 2442 "
940 2437 947 2461 ;
958 2431 984 2455 et
998 2427 1061 2454 alibi
1076 2437 1082 2455 :

303 2472 417 2507 E/funde
428 2481 505 2507 super
519 2481 562 2500 eos
578 2473 646 2499 iram
672 2477 743 2498 mam
761 2473 793 2499 “.
811 2472 877 2505 Quis
895 2481 977 2508 porro
993 2473 1085 2501 Histo-

302 2519 358 2546 rias
374 2518 458 2546 Flavii
482 2518 592 2554 Iosephi
610 2526 782 2554 percurrens.
799 2526 948 2554 earumque
970 2522 1084 2546 narratu

254 2560 261 2565 '
301 2565 484 2599 comperiens.
500 2573 553 2600 qua
575 2565 682 2592 ratione
705 2564 847 2592 obsidione
862 2565 996 2597 conclusi,
1014 2565 1085 2594 fame

301 2614 329 2638 et
341 2609 520 2638 seditionibus
542 2610 700 2643 interibant,
715 2618 768 2638 non
783 2618 903 2646 praasens
917 2611 1019 2639 dictum
1036 2612 1084 2639 ad-

302 2657 429 2684 miretur:
449 2655 482 2683 Et
497 2656 622 2683 couclude
636 2656 760 2683 adversus
776 2665 818 2684 eos
834 2658 878 2692 qui
896 2662 1085 2693 persequuntur

301 2703 364 2730 me?
380 2702 445 2735 Quae
463 2709 526 2728 vero
541 2705 632 2736 postea
647 2702 862 2738 subsequuntur.
878 2704 966 2730 solum
983 2703 1082 2730 Serva-

299 2752 386 2775 torem
413 2747 484 2774 Patri
517 2754 568 2774 suo
592 2747 740 2775 secundum
771 2747 964 2775 humanitatem
991 2748 1082 2776 dicere

299 2793 426 2822 convenit
442 2802 448 2819 :
465 2791 516 2818 Dis
530 2791 624 2818 animw
645 2799 728 2818 metu:
746 2790 825 2819 Salus
846 2797 891 2818 tua
906 2800 951 2826 ego
972 2799 1039 2821 sum,
1056 2795 1082 2819 et

298 2842 395 2866 uetera
410 2846 496 2873 usque
511 2837 543 2864 ad
559 2837 625 2864 illud
639 2846 646 2865 :
660 2837 807 2873 Etangelus
821 2837 926 2864 Domini
945 2841 1081 2864 coarctans

334 2929 356 2945 "
377 2928 386 2956 Ι
403 2928 467 2965 Reg.
488 2936 571 2962 mu,
589 2928 630 2957 l9,
669 2928 692 2944 “
712 2927 805 2955 .‘lattb.
822 2927 895 2962 vn],
916 2928 939 2954 7.

1102 1639 1123 1668 C

1144 320 1190 345 καὶ
1207 319 1299 346 ἄλλοτε
1315 319 1410 351 ἄλλους
1431 319 1520 351 εἰκὸς,
1551 317 1734 353 κεχαρισμένα
1760 316 1798 351 τῷ
1826 315 1929 350 βασιλεῖ

1144 364 1312 399 πράττοντας
1322 384 1329 394 ,
1348 363 1433 390 πολλὰ
1449 365 1508 390 κατ’
1522 363 1604 390 αὑτοῦ
1618 363 1848 398 ψευδομαρτυρεῖν
1860 381 1867 393 ,
1882 361 1930 387 καὶ

1144 409 1161 436 ἃ
1179 410 1215 446 μὴ
1228 410 1373 444 ἐγίνωσκεν
1389 410 1455 445 μηδὲ
1467 410 1602 440 διενοεῖτο,
1620 409 1706 435 ταῦτα
1720 408 1780 436 κατ’
1790 408 1872 435 αὑτοῦ
1885 408 1929 434 λέ-

1145 464 1212 490 γειν.
1228 456 1264 482 Τὸ
1278 456 1310 487 δ’,
1329 455 1583 483 Ἀνταπεδίδοσάν
1590 465 1639 490 μοι
1654 455 1769 488 πονηρὰ
1782 454 1848 482 ἀντὶ
1860 454 1928 489 dra-

1144 502 1214 534 θὼν,
1229 502 1339 529 δύναται
1351 503 1390 534 εἰς
1406 503 1485 529 αὑτὸν
1497 501 1688 538 ἀναφέρεσθαι.
1712 501 1819 536 Ἐπειδὴ
1829 499 1928 527 πολλά-

1144 557 1188 580 κις
1207 546 1236 575 εὖ
1251 548 1343 576 παθὼν
1361 549 1412 575 ὑπὸ
1424 549 1471 575 τοῦ
1486 548 1567 575 Δαυῖδ
1582 550 1596 574 ὁ
1609 548 1693 574 Σαοὺλ
1705 567 1712 578 ,
1730 548 1784 578 τοῖς
1797 546 1929 578 ἐναντίοις

1144 595 1223 621 αὑτὸν
1237 595 1366 630 ἠμείϐετο
1377 615 1383 626 ,
1401 595 1474 622 δεινὰ
1489 594 1559 621 κατὰ
1570 594 1620 629 τῆς
1638 593 1727 629 ψυχῆς
1739 592 1820 619 αὐτοῦ
1839 600 1928 628 μηχα-

1144 641 1282 676 νιίιμενος,
1307 643 1353 668 καὶ
1382 641 1507 668 ἀτεκνίαν
1533 640 1653 676 ἐμποιῶν
1678 641 1711 675 τῇ
1737 639 1810 674 ψυχῇ
1835 636 1928 664 αὐτοῦ.

1151 687 1273 714 ’Λτεκνία
1289 687 1316 713 δὲ
1330 687 1418 722 ψυχῆς
1431 689 1519 719 ἐστιν,
1534 687 1597 713 ὅταν
1610 686 1642 712 τὰ
1659 685 1758 720 ἑαυτῆς
1774 684 1927 720 σπέρματα,

1143 733 1161 760 ἃ
1177 733 1372 760 καταϐάλλεται
1387 733 1419 760 δι’
1435 732 1560 759 εὐποιιῶν
1577 733 1616 764 εἰς
1640 732 1748 766 ἐτέρους
1760 752 1766 763 ,
1785 730 1802 766 ἦ
1823 729 1871 758 καὶ
1886 730 1928 757 διὰ

1143 779 1316 810 διδασκαλίας
1341 778 1376 813 μὴ
1401 778 1478 814 φέρει
1496 778 1610 813 καρπόν.
1645 776 1723 803 Οὕτω
1739 775 1821 810 γοῦν,
1845 775 1928 802 πολλὰ

1143 825 1290 859 γεννῶντος
1304 824 1392 859 ἀγαθὰ
1402 823 1448 850 τοῦ
1465 823 1544 850 Δαυῗδ
1558 824 1597 855 εἰς
1616 823 1660 849 τὸν
1676 821 1761 849 Σαοὺλ
1771 842 1778 853 ,
1803 821 1928 848 ἀτεκνίαν

1143 871 1217 906 αὐτῷ
1231 871 1245 897 ὁ
1258 871 1342 898 Σαοὺλ
1359 871 1501 906 εἰργάζετο
1512 890 1519 902 ,
1543 869 1579 905 μὴ
1592 869 1682 901 ἀξίους
1703 868 1846 904 προφέρων
1862 876 1928 904 καρ-

1144 917 1210 948 ποὺς
1224 915 1278 942 τῶν
1291 916 1330 947 εἰς
1341 915 1421 942 αὑτὸν
1436 914 1625 950 ὲσπαρμένων.

1183 961 1252 996 Ἐγὼ
1271 961 1314 991 δὲ,
1336 961 1371 987 ἐυν
1391 960 1430 993 τῷ
1450 960 1560 992 αὐτοὺς
1576 957 1773 993 παρενοχλεῖν
1785 967 1848 993 μοι,
1863 957 1926 985 ἐνε-

1141 1007 1256 1042 ὃυιᾷιην
1272 1006 1396 1037 σάκκον,
1418 1006 1466 1032 καὶ
1489 1005 1666 1032 ἐταπείνουν
1680 1005 1714 1031 ἐν
1727 1004 1854 1038 νηστείᾳ
1871 1003 1928 1037 τὴν

1140 1053 1246 1088 ’ψυχήν
1256 1063 1327 1088 μοι’,
1341 1053 1388 1079 καὶ
1405 1054 1421 1086 ή
1438 1051 1592 1086 προσευχὴ
1611 1060 1670 1086 μου
1689 1052 1733 1084 εὶς
1746 1051 1862 1078 κόλπον
1869 1059 1928 1085 μου

1140 1099 1414 1134 ἀποστραφήσεται.
1431 1098 1502 1134 Πρὸς
1518 1100 1572 1130 τοῖς
1588 1097 1755 1124 ἁποδοθεῖσιν
1771 1096 1927 1131 ἐπίσκεψαι.

1142 1147 1244 1180 μήποτε
1258 1146 1292 1171 τὰ
1307 1145 1471 1180 προκείμενα
1489 1143 1652 1179 ἐφαρμόζειν
1669 1143 1778 1170 δύναται
1792 1141 1831 1178 τῷ
1845 1150 1928 1178 προσ-

1140 1191 1206 1226 ώπῳ
1220 1192 1266 1218 τοῦ
1279 1192 1401 1227 Σωτῆρος
1416 1190 1504 1226 ἡμῶν,
1521 1189 1697 1226 προφητικῶς
1711 1189 1741 1221 ὲξ
1755 1188 1836 1216 αὐτοῦ
1852 1188 1928 1216 τεθε-

1141 1237 1285 1272 σπισμένα.
1301 1238 1370 1272 Ὅρα
1383 1237 1404 1263 δ’
1416 1235 1461 1263 οὖν
1479 1237 1502 1262 εί
1520 1235 1557 1271 μὴ
1580 1235 1626 1262 καὶ
1637 1234 1723 1266 οὕτως
1740 1233 1927 1269 ἐξομαλίζεται

1139 1283 1156 1318 ὴ
1177 1283 1279 1310 διάνοια
1301 1283 1361 1309 κατ’
1380 1282 1474 1309 οὐδένα
1498 1281 1598 1317 τρόπον
1614 1279 1822 1315 ὲμποδιζομένη.
1836 1279 1927 1305 Ἔστω

1139 1329 1192 1364 γὰρ
1207 1330 1220 1355 ὁ
1231 1329 1325 1365 Σωτὴρ
1345 1329 1421 1364 ἡμῶν
1441 1328 1526 1363 λέγων
1546 1327 1616 1355 κατὰ
1630 1327 1659 1353 τὸ
1673 1325 1840 1361 ἀνθρώπινον
1858 1323 1927 1360 πρὸς

1139 1375 1183 1402 τὸν
1198 1375 1294 1401 ἑαυτοῦ
1309 1374 1418 1411 Πατέρα
1433 1375 1481 1409 τὴν
1504 1374 1591 1409 ἀρχὴν
1611 1372 1655 1400 τοῦ
1670 1370 1776 1407 ψαλμοῦ
1791 1370 1853 1402 ἕως,
1870 1368 1925 1396 Kal

1139 1422 1321 1456 σύγκλεισον
1335 1421 1369 1452 ἐξ
1384 1420 1522 1453 ἐναντίας
1543 1419 1601 1446 τῶν
1621 1417 1786 1445 διωκόντων
1803 1424 1857 1451 με·
1879 1415 1926 1442 καὶ

1139 1468 1167 1493 ἐν
1182 1467 1295 1502 εἰκοστῷ
1317 1466 1345 1493 δὲ
1369 1467 1415 1493 καὶ
1431 1465 1531 1501 πρώτῳ
1554 1464 1662 1500 ψαλμῷ,
1679 1463 1771 1497 σαφῶς
1783 1463 1830 1489 ὑπ’
1843 1460 1925 1488 αὐτοῦ

1138 1511 1286 1548 λεγομένῳ,
1297 1512 1412 1548 εἴρηται·
1427 1512 1479 1544 Εἰς
1491 1509 1701 1544 τίινβοήθειὰν
1710 1518 1769 1544 μου
1782 1505 1924 1542 πρόσχες·

1138 1557 1205 1585 ἀλλὰ
1221 1558 1266 1584 καὶ
1282 1559 1310 1584 ὲν
1324 1559 1380 1589 τοῖς
1398 1557 1573 1592 Εὐαγγελίοις
1588 1558 1620 1592 τῇ
1637 1557 1774 1592 προσευχῇ
1789 1552 1926 1590 σχολάζων

1140 1605 1296 1640 ἱστορεῖται.
1311 1604 1364 1630 Ναὶ
1381 1604 1434 1639 μὴν
1451 1603 1497 1630 καὶ
1519 1603 1552 1629 δι’
1567 1603 1654 1639 ἔργων
1670 1602 1787 1638 ἐπλήρου
1806 1601 1841 1628 τὰ
1859 1601 1924 1628 ἁνα-

1140 1646 1319 1686 γεγραμμένα
1333 1649 1401 1684 μετὰ
1416 1649 1465 1685 τὴν
1480 1650 1539 1675 κατ’
1551 1648 1631 1675 αὐτοῦ
1645 1648 1699 1674 τῶν
1719 1646 1851 1674 Ἰουδαίων
1865 1646 1926 1674 τόλ-

1141 1704 1204 1731 μαν.
1228 1694 1362 1730 Ῥομφαία
1377 1694 1430 1730 γὰρ
1451 1694 1632 1730 στρατιωτικὴ
1656 1694 1703 1721 καὶ
1721 1693 1838 1729 πόλεμος
1859 1693 1925 1719 Ῥω-

1140 1741 1238 1777 μαϊκὸς
1260 1741 1310 1768 οὐκ
1335 1742 1374 1773 εἰς
1393 1741 1501 1776 μακρὰν
1517 1741 1647 1776 μετῆλθεν
1668 1741 1775 1772 αὐτοὺς,
1791 1739 1840 1766 οὐκ
1861 1739 1924 1766 ἄνευ

1138 1787 1187 1823 τῆς
1206 1788 1252 1814 τοῦ
1273 1787 1339 1814 Θεοῦ
1363 1787 1488 1823 κρίσεως.
1507 1787 1571 1819 Θεὸς
1588 1787 1641 1824 γὰρ
1655 1785 1689 1823 ἦν
1705 1788 1719 1814 ὁ
1734 1787 1859 1822 πολεμῶν
1874 1786 1924 1813 αὐ-

1138 1834 1201 1866 τοὺς
1214 1834 1258 1860 διὰ
1269 1834 1316 1860 τοῦ
1331 1834 1384 1860 τῶν
1398 1834 1533 1869 πολεμίων
1548 1834 1672 1870 στρατοῦ.
1686 1834 1770 1860 Τοῦτο
1782 1834 1828 1860 καὶ
1845 1832 1924 1864 αὐτὸς

1138 1878 1153 1904 ὁ
1168 1879 1261 1914 Σωτὴρ
1272 1878 1315 1905 διὰ
1328 1879 1480 1914 παραϐολῆς
1494 1879 1641 1914 παρίστησι
1655 1880 1709 1910 τοῖς
1722 1877 1925 1915 παρῃτημένοις

1137 1925 1187 1960 τὴν
1200 1925 1293 1960 κλῆσιν
1303 1924 1349 1951 τοῦ
1362 1924 1461 1959 γάμου,
1479 1924 1526 1951 καὶ
1538 1924 1600 1956 τοὺς
1615 1924 1746 1960 κλήτορας
1759 1922 1905 1958 φονεύσασι
1915 1930 1921 1936 ·

1138 1969 1243 2004 πέμψαι
1258 1970 1347 2006 φήσας
1362 1969 1407 1996 τὸν
1422 1969 1533 2005 βασιλέα
1541 1969 1575 1996 τὰ
1584 1968 1765 2005 στρατιωτικὰ
1781 1968 1863 1994 αὑτοῦ
1877 1967 1924 1994 καὶ

1137 2016 1186 2052 τὴν
1211 2016 1287 2043 πόλιν
1315 2016 1404 2043 αὐτῶν
1427 2016 1576 2052 ἐμπρῆσαι.
1603 2015 1680 2042 Οὒτω
1708 2015 1795 2041 τοίνυν
1821 2014 1867 2041 καὶ
1889 2013 1924 2040 τὰ

1139 2061 1208 2097 μετὰ
1229 2063 1322 2096 χεῖρας
1344 2061 1502 2097 ἐπληροῦτο.
1524 2061 1631 2097 Ἐπειδὴ
1653 2061 1706 2096 γὰρ
1722 2061 1799 2088 αὐτοὶ⁸
1815 2059 1923 2095 ἠδίκουν

1137 2107 1183 2134 τὸν
1200 2107 1263 2134 Υἰὸν
1283 2107 1329 2134 τοῦ
1351 2107 1418 2134 Θεοῦ
1430 2129 1437 2140 ,
1457 2107 1647 2143 ὲδικάσθησαν,
1671 2105 1859 2142 ὲκδικουμένου
1876 2105 1922 2132 τοῦ

1137 2153 1251 2188 αἳματος
1272 2152 1363 2179 αὐτοῦ.
1380 2153 1434 2179 Καὶ
1454 2153 1547 2188 ἐπειδὴ
1561 2152 1704 2188 πολεμίους
1724 2152 1822 2183 αὐτοὺς
1843 2150 1924 2178 κατέ-

1138 2207 1238 2234 στησαν
1261 2198 1307 2224 τοῦ
1329 2199 1464 2234 Χριστοῦ,
1483 2198 1690 2234 ἐπολεμήθησαν
1714 2198 1765 2224 ὑπὸ
1786 2198 1831 2224 τοῦ
1854 2197 1922 2224 Θεοῦ

1139 2243 1312 2279 μετελθόντος
1327 2243 1401 2278 ὅπλῳ
1425 2243 1471 2269 καὶ
1487 2242 1576 2278 θυρεῷ
1595 2242 1642 2269 καὶ
1670 2241 1798 2277 ῥομφαία.
1815 2241 1852 2267 Οὐ
1869 2241 1922 2276 γὰρ

1138 2289 1247 2323 ἀφανῶς
1263 2289 1360 2320 αὐτοὺς
1374 2290 1390 2323 ἡ
1407 2287 1465 2314 θεία
1482 2287 1574 2324 μετῄει
1595 2287 1666 2322 δίκη,
1683 2287 1751 2314 ἀλλὰ
1769 2286 1813 2313 διὰ
1826 2287 1881 2312 τῶν
1894 2286 1923 2313 ὲν

1102 2321 1124 2348 D
1137 2321 1289 2371 ἀνθρώποις
1300 2321 1444 2369 πολεμίων.
1460 2321 1603 2369 Θαυμάσαι
1614 2333 1637 2360 δ’
1648 2321 1719 2360 ἐστιν
1729 2334 1802 2364 ὅπως
1817 2334 1922 2368 εἴρηται

1138 2382 1184 2408 τόν
1209 2383 1335 2416 Ἔκχεον
1350 2380 1516 2414 ῥομφαίαν·
1537 2379 1627 2406 οὐκέτι
1647 2380 1702 2415 γὰρ
1728 2379 1798 2411 κατὰ
1816 2379 1847 2405 τὸ
1871 2387 1923 2405 πα-

1138 2426 1211 2452 λαιὸν
1225 2425 1343 2462 μερικῶς
1357 2425 1453 2457 αὐτοὺς
1464 2426 1478 2451 ό
1487 2424 1603 2460 πόλεμος
1615 2423 1706 2460 μετῄει
1716 2432 1723 2439 '
1738 2424 1794 2451 ἀλλ’
1808 2423 1922 2458 ἐξεχύθη

1138 2473 1197 2499 κατ’
1211 2471 1300 2499 αὐτῶν
1315 2471 1448 2506 πολεμικὴ
1465 2471 1584 2507 ῥομφαία
1595 2479 1601 2486 ·
1615 2470 1654 2497 διὸ
1668 2470 1804 2497 λέλεκται’
1819 2471 1922 2504 Ἔμϐα-

1137 2526 1174 2545 σε
1186 2517 1210 2544 δ’
1223 2518 1268 2544 ἐπ’
1280 2517 1389 2550 αὐτοὺς
1404 2517 1423 2552 ἡ
1438 2517 1510 2551 ὀργὴ
1533 2518 1575 2550 εὶς
1595 2515 1694 2550 τέλος·
1717 2516 1764 2543 καὶ
1785 2515 1901 2551 ἀλλαχοῦ
1913 2524 1920 2531 ”

1137 2565 1262 2599 Ἔχχεον
1276 2563 1322 2590 ἐπ’
1339 2562 1449 2595 αὐτοὺς
1468 2562 1524 2602 τῂν
1543 2563 1634 2597 ὀργήν
1653 2570 1720 2589 σου.
1739 2561 1786 2594 Τίς
1799 2561 1838 2592 δὲ,
1851 2561 1925 2599 διελη

1135 2610 1189 2638 θὼν
1202 2611 1250 2643 τὰς
1267 2611 1380 2637 Φλαυῖου
1402 2609 1553 2644 Ἰωσήππου
1575 2607 1716 2643 Ἱστορίας,
1735 2606 1828 2642 μαθών
1845 2616 1874 2634 τε
1892 2606 1921 2638 ἐξ

1134 2657 1221 2684 αὐτῶν
1243 2657 1331 2687 ὅπως,
1356 2656 1384 2681 ὲν
1411 2653 1584 2689 συγχλεισμῷ
1607 2652 1822 2688 ἀποληφθέντες,
1850 2651 1921 2686 λιμῷ

1134 2703 1181 2730 καὶ
1201 2702 1294 2728 στάσει
1316 2700 1509 2737 διεφθάρησαν,
1526 2699 1558 2726 οὐ
1572 2698 1706 2734 θαυμάσει
1731 2697 1779 2733 τὴν
1803 2697 1920 2724 ἐνταῦθα

1134 2748 1265 2781 λέγουσαν
1292 2747 1397 2782 φωνήν·
1426 2746 1481 2774 Καὶ
1508 2746 1692 2780 σύγκλεισον
1717 2744 1752 2776 ἐξ
1781 2743 1920 2775 ἐναντίας

1135 2792 1193 2819 τῶν
1208 2791 1448 2819 καταδιωκόντων
1462 2799 1516 2825 με;
1535 2790 1612 2825 Ἑξῆς
1627 2789 1655 2816 δὲ
1671 2790 1773 2819 τούτοις
1792 2787 1865 2822 μόνῳ
1880 2785 1920 2822 τῷ

1137 2838 1242 2873 Σωτῆρι
1258 2837 1356 2873 πρέπει
1371 2837 1404 2864 ἂν
1412 2837 1501 2870 λέγειν
1519 2836 1558 2872 τῷ
1580 2835 1675 2863 ἑαυτοῦ
1694 2833 1780 2869 Πατρὶ
1796 2832 1868 2860 κατὰ
1888 2831 1921 2860 τ)

979 2928 1001 2944 ’⁸
1019 2927 1028 2952 l
1043 2927 1138 2955 Thess.
1158 2936 1192 2959 ιι,
1213 2929 1252 2955 16.
1292 2929 1314 2943 ’⁸
1335 2927 1402 2954 Psal.
1423 2935 1521 2959 LXVIII,
1538 2926 1583 2954 ‘25.
