2056 3214
160 189 214 219 505

713 187 964 217 COMMENTARIA
982 187 1015 215 IN
1035 186 1203 216 PSALMOS.
1246 170 1318 210 ori

1730 187 1794 222 306,

157 247 343 284 ἀνθρώπινον
360 245 457 275 Εἶπον
474 246 511 281 τῇ
526 247 613 283 ψυχῇ
632 256 708 283 μου·
736 247 870 281 Σωτηρία
892 255 941 274 σοι

1000 254 1053 274 eos.
1072 245 1136 273 Haec
1147 252 1229 281 porro
1242 249 1300 272 tum
1318 245 1508 280 implebantur,
1526 253 1588 273 cum
1603 253 1618 273 a
1638 246 1794 281 metropoli.

155 294 215 330 εἰμὶ
226 294 294 330 ἐγὼ,
309 294 357 321 καὶ
377 293 412 321 τὰ
431 293 504 329 ἑξῆς.
519 293 571 325 ἕως
592 294 650 326 τοῦ,
666 293 721 321 Καὶ
745 293 871 329 ἅγγελος
885 294 945 320 Κυ-

152 339 221 374 ρίου
240 339 386 366 ὲκθλίόων
407 340 527 373 αὐτούς.
552 340 606 366 Καὶ
627 339 714 367 ταῦτα
734 340 762 366 δὲ
784 339 944 376 ἐπληροῦτο,

154 385 200 412 Ξτε
221 384 271 418 τῆς
295 385 344 420 μὲν
365 385 469 412 ἑαυτῶν
491 386 683 422 μητροπόλεως
707 386 869 420 ἠλαύνοντο,
891 387 945 412 διε-

155 431 333 468 σκορπίζοντο
352 432 380 458 δὲ
400 432 440 463 εις
461 431 548 458 πάντα
567 432 601 459 τὰ
621 432 694 468 ἔθνη.
719 430 785 459 Εἶτα
804 432 942 459 λέλεκται·

154 475 313 510 Γενηθήτω
333 477 352 510 ἠ
372 477 442 510 ὁδὸς
461 477 560 504 αὐτῶν
580 478 689 510 σκότος
710 478 759 504 καὶ
785 478 943 512 ὀλίσθημα.

160 520 234 552 Ὀδδς
249 520 279 547 δὲ
295 520 384 547 αὐτῶν
399 521 431 556 ἢν
447 521 547 548 ὥδευον
563 522 646 549 πάλαι
667 523 683 557 ἡ
704 522 846 558 σωματικὴ
863 523 944 556 ὲτύγ-

153 573 220 600 χανε
246 565 373 601 λατρεία,
401 566 460 600 ῆτις
484 567 575 598 αὐτοῖς
603 567 696 602 γέγονε
717 567 810 599 σκότος
826 568 872 594 καὶ
891 568 944 594 ὀλί-

154 611 262 647 σθημα·
289 610 357 638 ἀλλὰ
381 612 437 644 καὶ,
455 613 595 646 Ἄγγελος
613 613 725 646 Kvplov
755 612 945 640 καταδιώκων

152 656 272 688 αὐτούς.
295 655 389 682 Ταῦτα
410 657 458 691 μὲν
480 654 526 683 οὖν
550 657 695 693 τάπίχειρα
718 654 755 684 ὧν
778 658 837 684 κατ’
861 658 943 684 αὑτοῦ

151 701 360 737 τετολμήκασιν.
382 702 496 739 Ἀκούσῃ
520 703 548 729 δὲ
573 703 626 729 τῶν
649 704 814 739 εἰρημένων,
836 705 885 740 οὐχ
906 706 943 737 ὼς

151 747 198 774 τοῦ
211 748 337 784 Σωτῆρος
351 749 550 784 κατευχομένου
572 749 626 775 τῶν
651 750 747 777 ἑαυτοῦ
769 750 875 786 ἐχθρῶν
894 751 942 778 τοῦ

152 795 208 826 τοῖς
224 793 318 820 ἑαυτοῦ
335 795 469 829 μαθηταῖς
486 796 716 831 παρηγγελκότος,
732 798 943 832 Προσεύχεσθε

152 840 228 874 ὑπὲρ
241 839 299 866 τῶν
312 840 534 875 ἐπηρεαᾰῦντων
550 842 598 869 καὶ
615 842 799 870 ἀδικούντων
811 844 922 877 αὐτούς
933 853 939 858 ·

151 885 223 922 ἀλλὰ.
233 886 286 921 γὰρ
302 885 403 913 τούτων
419 888 501 914 ἄκουε
527 888 565 919 ὡς
585 888 762 925 προφητικῶς
778 889 939 926 εἰρημένων,

150 931 196 958 καὶ
209 930 243 958 τὰ
257 931 389 966 μέλλοντα
400 932 492 964 αὐτοῖς
509 932 697 969 συμϐήσεσθαι
715 936 942 970 προαναφωνούν-
957 926 978 952 Β

148 988 211 1011 των,
233 979 327 1006 Ταῦτα
349 979 379 1006 δὲ
404 981 494 1012 αὐτοῖς
518 981 625 1008 ἔσεσθαι
653 983 774 1015 Θεσπίζει
796 983 839 1010 διὰ
859 985 938 1011 ποίαν

149 1034 196 1053 (tot
209 1026 375 1061 διαφθορὰν
391 1028 516 1063 παγίδος
533 1030 642 1061 αὐτῶν,
664 1031 765 1065 μάτην
782 1031 941 1059 ὼνείδισαν

183 1075 239 1106 Καὶ
259 1075 346 1102 ταῦτα
371 1076 420 1111 μὲν
436 1077 502 1112 περὶ
517 1077 563 1104 τοῦ
581 1078 700 1114 πλήθους
713 1079 767 1106 τῶν
783 1081 842 1106 κατ’
857 1081 939 1107 αὑτοῦ

150 1120 348 1162 συνελθόντων·
367 1122 402 1148 τὰ
426 1122 454 1149 δὲ
474 1123 538 1158 ἑξῆς
552 1124 643 1150 οὐκέτι
662 1125 725 1160 περὶ
745 1125 859 1157 πολλῶν,
877 1127 941 1162 περὶ

148 1160 246 1201 δ”ὲνὸς
257 1167 417 1203 λελεγμένα,
431 1169 542 1196 δύναται
559 1170 878 1208 προσαγορεύεσθαιπρὶ
893 1160 940 1199 τοῦ

153 1213 249 1246 Ἰούδα,
266 1213 306 1246 ὃς,
325 1215 454 1250 κρύπτων
477 1215 525 1251 τὴν
548 1216 608 1243 κατ’
623 1216 705 1243 αὑτοῦ
732 1219 876 1254 συσκευὴν,
898 1228 940 1254 φι-

147 1259 208 1286 λίαν
222 1269 252 1286 τε
272 1259 554 1297 καθυποκρινόμενος,
580 1262 711 1298 φιλήματι
733 1264 874 1300 παρεδίδου
895 1265 940 1292 τὸν

148 1305 324 1333 Διδάσκαλον.
339 1306 385 1333 Διὸ
407 1307 471 1343 περ).
491 1307 572 1334 αὐτοῦ
596 1308 668 1342 λέγοι
691 1309 724 1336 ἂν
748 1310 795 1341 τὸ,
816 1311 940 1337 Ἐλθέτω

147 1352 228 1385 αὐτῷ
240 1352 386 1388 παπὶςῆν
398 1354 434 1380 οὐ
449 1354 596 1389 γινώσκει,
613 1355 662 1381 καὶ
679 1355 698 1390 ἡ
713 1356 788 1389 θήρα
805 1356 841 1389 ἦν
857 1356 941 1390 ἔκρυ-

147 1399 188 1432 ψε
202 1398 380 1425 συλλαϐἐτω
394 1398 498 1430 αὐτὸν,
517 1399 565 1427 καὶ
581 1400 617 1426 ἐν
630 1399 666 1433 τῇ
685 1400 785 1435 παγίδι
807 1401 939 1428 πεσεῖται

146 1444 181 1471 ἐν
193 1444 282 1479 αὐτῇ.
297 1446 354 1472 Καὶ
368 1445 454 1472 ταῦτα
472 1446 521 1480 μὲν
535 1447 600 1482 περὶ
615 1447 726 1473 τούτων.

180 1488 219 1518 Εὖ
240 1491 270 1517 δὲ
291 1490 369 1523 εἰδὼς
392 1492 431 1523 εἰς
449 1488 503 1518 οἷον
525 1492 625 1526 ἀγαθὸν
644 1493 719 1524 τέλος
741 1494 756 1528 ή
775 1493 938 1521 κατ’-αὺτοῦ

147 1538 355 1573 παραστήσεται
375 1537 521 1573 ἐπιϐουλὴ,
547 1539 593 1565 καὶ
618 1539 697 1566 τοῦτο
722 1539 869 1575 παρίστησι
894 1540 938 1566 λέ-

147 1593 219 1618 γων·
243 1584 275 1612 Ἠ
289 1584 324 1611 δὲ
337 1584 422 1618 ψυχή
433 1593 492 1619 μου
514 1585 728 1620 ἁγαλλιάσεται
750 1585 799 1612 ἐπὶ
819 1585 859 1618 τῷ
881 1588 938 1613 Κυ-

144 1631 210 1665 ρίῳ,
229 1631 427 1666 τερφθήσεται
444 1631 484 1663 τῷ
503 1632 637 1665 σωτηρίῳ
657 1631 760 1659 αὐτοῦ.
785 1631 886 1659 Πάντα
904 1632 940 1659 τὰ

149 1676 227 1704 ὀστᾶ
239 1685 298 1711 μου
313 1677 429 1712 ἐροῦσι·
448 1678 546 1711 Κύριε,
563 1678 609 1710 τίς
627 1677 726 1711 ὅμοιός
747 1685 795 1704 σει
805 1686 814 1708 ;
832 1678 940 1712 ῥυόμε-

149 1732 204 1756 νος
225 1724 342 1758 πτωχὸν
361 1724 419 1751 ἀπὸ
442 1724 501 1751 τῶν
524 1723 742 1758 διαρπαζόντων
767 1725 869 1751 αὐτόν.
894 1725 938 1751 Ἐν

151 1768 202 1804 μὲν
215 1766 262 1796 οὖν
277 1769 315 1805 τῷ
329 1772 369 1796 κα¹
384 1769 494 1805 ψαλμῷ,
511 1769 605 1804 σαφῶς
621 1770 653 1796 ὲκ
666 1769 810 1805 προσώπου
824 1769 872 1796 τοῦ
887 1770 940 1796 Σω-

111 1833 113 1835 ι
147 1813 232 1850 τῆρος
255 1813 419 1850 λελεγμένῳ,
444 1815 551 1850 εἴρητο·
573 1814 650 1841 Ὠσεὶ
676 1814 754 1848 ὕδωρ
780 1814 937 1849 ἐξεχύθην,

148 1860 196 1887 καὶ
213 1860 430 1895 διεσκορπίσθη
450 1860 548 1887 πάντα
572 1860 607 1888 τὰ
620 1860 695 1888 ὀστᾶ
706 1870 781 1895 μου·
795 1861 842 1887 τοῦ
859 1861 938 1895 λόγου

149 1906 326 1940 σημαίνοντος
348 1906 402 1932 τῶν
430 1906 585 1933 ἀποστόλων
608 1906 690 1932 αὑτοῦ
713 1906 758 1933 τὸν
782 1907 940 1942 διασκορπι-

149 1951 216 1986 σμὺν
232 1952 280 1979 καὶ
294 1951 344 1988 τὴν
365 1952 463 1988 φυγὴν,
480 1952 513 1988 ἢν
529 1953 677 1987 ὑπέμειναν
697 1953 766 1980 κατὰ
785 1953 829 1979 τὸν
846 1954 939 1988 καιρὸν

148 1997 194 2024 τοῦ
211 1998 316 2030 πάθους
334 1998 415 2025 αὺτοῦ
427 2018 434 2030 ,
456 1999 500 2026 ὅτε
520 1998 669 2035 ἐπληροῦτο
688 1999 733 2025 τό’
748 1998 872 2031 Πατάξω
886 1999 940 2025 τὸν

149 2044 284 2079 ποιμένα,
301 2045 351 2071 καὶ
366 2044 673 2079 διασκορπισθήσεται
688 2045 724 2071 τὰ
740 2046 870 2079 πρόϐατα
885 2044 940 2079 τῆς

148 2089 286 2124 ποίμνης.
308 2090 389 2117 Ὀστᾶ
413 2090 467 2126 γὰρ
489 2088 558 2126 ἦσαν
580 2091 627 2117 τοῦ
659 2090 782 2126 σώματος
810 2091 892 2119 αὑτοῦ
915 2092 939 2118 οὶ

148 2135 251 2171 πρῶτοι
265 2136 348 2163 αὐτοῦ
366 2137 496 2172 μαθηταὶ,
515 2138 539 2164 οἳ
556 2137 615 2164 τότε
630 2138 678 2173 μὲν
694 2137 940 2174 διεσκορπίσθησαν

149 2182 389 2214 σκανδαλισϐἐντες
402 2184 446 2209 ἐπ’
461 2183 544 2218 αὐτῷ,
557 2183 650 2219 ὥσπερ
664 2183 710 2211 οὖν
725 2184 772 2211 καὶ
787 2184 867 2216 αὐτὸς
880 2184 941 2219 ἐδή-

148 2228 193 2256 λου
209 2229 313 2263 λέγων’
338 2229 453 2262 Πάντες
476 2229 560 2264 ὑμεῖς
586 2229 887 2263 σκανδαλισθήσεσθε
907 2230 941 2256 ἐν

147 2274 212 2310 ἐμοὶ
224 2275 260 2302 ἑν
272 2274 311 2310 τῇ
325 2275 411 2302 νυκτὶ
432 2277 537 2312 ταύτῃ.
566 2276 643 2303 Μετὰ
666 2276 694 2302 δὲ
713 2277 762 2311 τὴν
783 2276 939 2308 ἀνάστασιν,

149 2322 311 2358 θεασάμενοι
327 2323 418 2354 αὐτὸν,
433 2323 630 2359 ἐπληρώθησαν
650 2323 736 2359 χαρᾶς
749 2323 795 2349 καὶ
811 2323 941 2357 ἀγαλλιά-

150 2376 228 2400 σεως.
246 2368 303 2395 Καὶ
318 2369 347 2394 ὲν
362 2370 419 2401 τοῖς
439 2369 507 2405 μετὰ
529 2371 622 2404 χεῖρας
645 2369 673 2395 δὲ
695 2370 759 2405 περὶ
778 2369 831 2395 τῶν
851 2369 941 2396 αὐτῶν

149 2413 282 2440 λέλεκταιι
300 2413 402 2441 Πάντα
419 2414 454 2441 τὰ
477 2415 552 2442 ὀστᾶ
572 2424 631 2449 μου
648 2415 764 2449 ἐροῦσι·
783 2415 880 2448 Κύριε,
897 2415 942 2448 τίς

149 2461 250 2495 ὅμοιός
262 2468 329 2492 σοι;
346 2460 450 2496 Σιρόδρα
467 2461 495 2487 δὲ
512 2461 666 2496 κατάλληλα
687 2461 726 2496 τῷ
745 2460 791 2487 τοῦ
817 2461 942 2496 Σωτῆρος

149 2507 227 2543 ἡμῶν
242 2507 381 2544 προσώπῳ
399 2508 445 2535 καὶ
459 2508 492 2534 τὰ
512 2508 617 2540 τούτοις
631 2509 790 2543 συνημμένα
803 2508 941 2542 τυγχάνει,

148 2553 183 2581 δι’
204 2550 242 2581 ὧν
268 2554 393 2590 εἴρηται·
416 2554 615 2587 Ἀναστάντες
636 2554 783 2588 probent.qu
807 2554 901 2580 ἄδικοι
923 2554 943 2580 ἂ

109 2590 112 2595 Ι
149 2600 205 2627 οὐκ
226 2599 393 2635 ἐγίνωσκον
412 2600 532 2634 ἠρώτων
555 2609 603 2635 με.
623 2599 877 2627 Ἀνταπεδίδοσάν
891 2609 942 2634 μοι

149 2646 266 2681 πονηρὰ
281 2647 347 2674 ἀντὶ
360 2646 488 2681 ἀγαθῶν,
500 2647 549 2674 καὶ
560 2647 702 2674 ἀτεκνίαν
718 2646 755 2680 τῇ
770 2645 857 2680 ψυχῇ
871 2656 939 2680 μου.

149 2692 262 2725 Τούτοις
274 2694 355 2729 ὃμοια
375 2693 422 2720 καὶ
444 2694 473 2720 ἐν
492 2696 533 2730 ρη¹
551 2692 649 2728 ψαλμῷ
668 2693 792 2728 εὑρήσεις
805 2693 834 2718 ὲν
847 2690 887 2724 οἷς
902 2693 942 2718 εἵ-

151 2746 247 2774 ρηται·
273 2739 329 2767 Καὶ
355 2738 548 2773 ἐπολέμησαν
573 2747 612 2773 με
637 2738 764 2772 δωρεάν·
796 2738 863 2765 ἀντὶ
888 2738 941 2765 τοῦ

148 2784 270 2820 ἀγαπᾷν
286 2794 325 2820 με
340 2784 535 2812 ὲνδιέϐαλλόν
544 2794 582 2820 με
591 2793 598 2799 ”
614 2785 663 2812 καὶ
678 2785 780 2812 ἔθεντο
795 2785 857 2811 κατ’
868 2784 941 2818 ἐμοῦ

150 2831 228 2862 κακὰ
249 2831 317 2858 ἀντὶ
341 2830 469 2866 ἀγαθῶν,
485 2831 533 2857 καὶ
549 2830 640 2865 μῖσος
664 2830 730 2857 ἀντὶ
757 2828 812 2863 τῆς
827 2829 941 2864 ἀγαπή-

185 2921 206 2945 ²7
227 2921 294 2954 Luc.
313 2929 358 2954 νι,
374 2921 418 2949 28.
460 2919 561 2948 "Psal.
581 2929 636 2953 ut,
657 2921 699 2949 15.
738 2919 851 2953 ²¹”Ζίιςιι.
869 2928 917 2948 xui
930 2941 936 2953 ,

998 300 1051 321 sua
1063 293 1145 327 pulsi,
1161 292 1189 319 in
1204 298 1300 319 omnes
1316 295 1410 326 gentes
1424 290 1659 327 dispergebantur.
1675 286 1781 320 Deinde

999 340 1103 368 dictum
1120 343 1162 367 est
1183 349 1189 367 :
1207 337 1287 365 Fiant
1303 338 1350 365 via:
1367 338 1472 365 illorum
1487 337 1595 365 tenebrw
1605 343 1629 365 et
1639 337 1778 366 lubricum.

1002 386 1051 413 Via
1062 394 1115 422 qua
1133 385 1296 413 incedebant
1313 388 1371 411 erat
1390 385 1539 419 corporalis
1554 385 1599 411 ille
1611 386 1711 417 cultus,
1731 386 1779 420 qui

997 433 1067 468 ipsis
1083 432 1201 459 tenebrae
1216 436 1242 458 et
1259 431 1391 458 lubricum
1408 430 1474 462 fuit;
1487 431 1541 457 imo
1557 432 1648 463 etiam,
1664 432 1778 467 Angelus

998 478 1104 509 Domini
1117 486 1270 513 persequens
1284 485 1338 504 eos.
1354 476 1418 504 Haec
1431 484 1542 504 suorum
1559 477 1688 504 adversus
1700 477 1780 504 Chri-

997 529 1068 552 stum
1090 524 1242 552 facinorum
1259 524 1368 559 praemia
1382 523 1467 550 luere.
1485 523 1617 549 Gallorum
1632 531 1691 557 qum
1708 523 1778 549 dit-ta

997 576 1061 599 sunt
1077 579 1130 599 non
1153 572 1190 598 ita
1204 572 1322 607 accipias
1338 571 1428 602 velim,
1443 570 1521 605 quasi
1538 570 1663 596 Salvator
1677 570 1709 597 de
1725 570 1779 596 ini-

997 618 1127 644 micorum
1143 616 1263 651 pcrnicie
1276 616 1416 651 glorietur,
1430 615 1476 651 qui
1488 614 1628 649 discipulis
1640 616 1697 642 suis
1712 623 1779 650 prae-

996 663 1077 697 cepit,
1095 661 1176 689 Orate
1191 670 1238 696 pro
1251 662 1284 688 iis
1298 661 1342 696 qui
1358 661 1503 688 molestiam
1519 665 1543 687 et
1559 660 1685 694 injurinm
1704 661 1779 686 vobis

997 708 1113 742 inferunt
1130 708 1151 723 ²⁷
1170 717 1176 734 ;
1194 707 1240 735 sed
1255 707 1313 734 hzec
1325 711 1355 734 ut
1371 706 1527 742 prophetice
1540 707 1611 733 dicta
1634 710 1660 733 et
1675 706 1780 733 futura-

996 762 1055 780 rum
1083 762 1176 781 eorum
1209 753 1393 780 calamitatum
1420 752 1572 787 praenuntia
1605 751 1779 787 intelligenda

995 803 1068 827 sunt.
1092 800 1157 833 Qua:
1183 807 1264 827 causa
1291 807 1371 833 porro
1387 799 1467 826 fuerit
1487 806 1536 825 cur
1551 806 1582 825 ea
1606 798 1778 829 vaticinatur,

995 846 1126 880 deinceps
1142 846 1229 881 aperit
1242 846 1286 873 his
1299 845 1390 873 verbis
1407 853 1413 872 :
1429 845 1561 878 Quoniam
1576 846 1659 880 gratis
1671 844 1780 871 abscon-

995 892 1089 918 derunt
1109 891 1173 918 mihi
1193 892 1326 918 interitum
1344 891 1430 926 laquei
1448 891 1500 923 sui,
1516 898 1672 925 supervacue
1684 897 1779 924 expro-

993 938 1133 965 brauerunt
1150 938 1267 964 animam
1283 941 1389 964 meam.‘

958 986 1057 1017 αἰτίαν,
1072 986 1134 1021 ἑξῆς
1147 986 1266 1013 διδάσκει
1286 986 1371 1020 λέγων
1382 993 1389 1000 ⁸
1423 986 1486 1011 ’Ότι
1504 983 1617 1018 δωρεὰν
1643 982 1780 1017 ἓκρυψάν

960 1034 1015 1068 τὴν
1028 1035 1134 1069 ψυχήν
1145 1044 1215 1069 μου.

1027 1082 1060 1109 Ει
1075 1083 1132 1109 haec
1145 1083 1254 1117 quidem
1272 1082 1305 1109 de
1316 1081 1492 1108 multitudine
1507 1084 1602 1108 contra
1616 1087 1678 1107 eum
1696 1079 1779 1106 colle-

992 1131 1051 1160 cta;
1067 1135 1127 1162 qua:
1149 1131 1302 1162 sequuntur
1317 1131 1418 1159 autem,
1440 1134 1496 1154 non
1511 1126 1544 1154 de
1561 1126 1664 1155 multis.
1682 1125 1729 1152 sed
1746 1125 1780 1152 de

992 1181 1046 1201 uno
1066 1174 1154 1201 solum
1172 1173 1255 1204 dicta,
1271 1174 1305 1201 de
1320 1172 1390 1200 Jnda
1413 1176 1596 1208 congruenter
1615 1172 1720 1207 prolata
1737 1171 1780 1198 in-

992 1219 1159 1253 telligantur,
1194 1219 1240 1254 qui
1272 1219 1503 1255 conspirationem
1541 1218 1673 1246 adversus
1702 1218 1778 1246 illum

992 1264 1137 1291 conﬂatam
1153 1265 1294 1292 occultans
1311 1265 1514 1300 amicitiamque
1528 1264 1673 1297 simulans,
1684 1264 1779 1291 osculo

993 1310 1151 1346 Magistrum
1168 1311 1289 1338 tradidit.
1315 1311 1406 1344 Quare
1421 1311 1455 1338 de
1481 1311 1527 1337 illo
1542 1311 1641 1337 dixerit
1657 1320 1664 1337 :
1688 1310 1779 1337 Veniat

992 1357 1033 1383 illi
1055 1357 1163 1391 laqueus
1177 1365 1251 1391 quem
1269 1358 1383 1392 ignorat,
1396 1362 1422 1384 et
1437 1356 1526 1391 captio
1545 1365 1623 1391 quam
1641 1355 1779 1382 abscondit

992 1402 1168 1437 apprehendat
1196 1411 1265 1434 eum,
1297 1408 1321 1430 et
1346 1404 1374 1430 in
1399 1403 1522 1438 laqueum
1538 1403 1615 1430 cadat
1635 1403 1662 1429 in
1681 1403 1776 1437 ipsum.

993 1448 1055 1476 Haec
1069 1449 1178 1483 quidem
1192 1449 1235 1476 his
1251 1450 1284 1476 de
1300 1449 1383 1476 rebus
1400 1449 1473 1476 dicta
1492 1449 1603 1477 fuerint.

1026 1493 1093 1520 Cum
1107 1494 1189 1528 probe
1203 1498 1308 1524 nosset,
1323 1501 1404 1528 quam
1419 1494 1508 1521 bonus
1534 1494 1696 1521 insidiarum
1726 1494 1778 1522 sibi

992 1544 1147 1574 paratarum
1169 1540 1259 1568 exitus
1281 1540 1390 1567 futurus
1407 1542 1491 1571 esset,
1516 1539 1543 1566 id
1560 1547 1669 1574 quoque
1687 1540 1779 1567 decla-

992 1589 1035 1612 rat
1049 1586 1093 1614 his
1103 1585 1194 1612 verbis
1211 1594 1217 1612 :
1235 1585 1332 1612 Anima
1350 1590 1436 1612 autent
1451 1594 1508 1613 mea
1523 1586 1667 1612 exsultabit
1682 1586 1710 1613 in
1724 1585 1779 1613 Do-

992 1631 1073 1664 mino,
1093 1630 1267 1658 delectabitur
1286 1639 1363 1665 super
1378 1631 1493 1658 salutari
1515 1639 1573 1658 suo.
1601 1630 1699 1658 Omnia
1718 1640 1779 1658 ossa

993 1687 1050 1706 mea
1066 1678 1151 1705 dicent
1180 1686 1189 1705 :
1212 1678 1333 1709 Domine,
1352 1678 1410 1714 quis
1437 1677 1534 1705 similis
1559 1677 1629 1706 tibi?
1655 1678 1776 1712 Eripiens

952 1716 973 1744 ο
989 1732 1097 1759 egenum
1121 1733 1137 1751 a
1158 1723 1341 1758 diripientibus
1363 1723 1448 1750 illum.
1476 1723 1505 1750 In
1528 1724 1633 1758 psalmo
1654 1732 1710 1756 xxi,
1732 1724 1780 1759 qui

991 1774 1084 1804 aperte
1099 1777 1132 1797 ex
1151 1777 1267 1804 persona
1285 1769 1435 1797 Salvator-is
1458 1770 1652 1805 pronuntiatus
1669 1774 1720 1802 est,
1740 1772 1780 1798 sic

991 1815 1106 1841 habetur
1121 1824 1127 1841 :
1145 1814 1218 1842 Sicut
1240 1823 1309 1849 aqua
1326 1815 1424 1849 effusus
1449 1822 1519 1845 sum,
1542 1818 1566 1841 et
1583 1814 1702 1848 dispersa
1719 1819 1780 1841 sunt

992 1861 1080 1890 omnia
1097 1869 1159 1888 ossa
1174 1870 1231 1888 mea
1250 1863 1281 1889 ’⁸.
1300 1862 1402 1896 llisque
1426 1860 1563 1895 signiﬁcat
1593 1861 1779 1895 apostolorum

991 1906 1051 1941 ejus
1065 1904 1275 1941 dispersionem,
1286 1911 1314 1934 et
1328 1907 1419 1941 fugam
1433 1914 1493 1940 quie
1506 1910 1627 1941 tempore
1643 1907 1780 1940 passionis

992 1953 1051 1987 ejus
1064 1952 1172 1984 accidit,
1186 1953 1295 1987 quando
1309 1953 1448 1987 impletum
1463 1951 1513 1978 fuit
1528 1952 1592 1978 illud
1607 1961 1614 1979 ε
1628 1951 1779 1978 Percutiam

993 2003 1136 2032 pastorem,
1151 2004 1175 2026 ct
1189 1999 1372 2034 dispergenlur
1388 2007 1445 2025 oves
1461 1998 1546 2033 gregis
1564 1998 1597 2025 ’⁸.
1613 1998 1680 2024 Nam
1699 1999 1777 2033 primi

992 2044 1051 2079 ejus
1067 2045 1204 2079 discipuli,
1218 2053 1280 2072 ossa
1295 2045 1419 2079 corporis
1439 2044 1526 2079 ipsius
1540 2048 1628 2076 erant,
1653 2045 1699 2078 qui
1714 2048 1780 2071 tunc

992 2091 1109 2125 dispersi
1123 2097 1187 2118 sunt
1206 2091 1365 2119 scandalum
1379 2090 1452 2125 passi
1467 2090 1494 2117 in
1511 2090 1586 2124 ipso;
1603 2089 1779 2125 quemadmo-

994 2137 1058 2164 dum
1076 2137 1133 2172 ipse
1146 2136 1297 2165 declaravit
1312 2137 1363 2165 hoc
1377 2137 1458 2165 modo
1475 2146 1481 2164 :
1502 2136 1598 2164 Omnes
1614 2145 1658 2164 vos
1670 2135 1782 2163 scanda-

995 2183 1050 2210 lum
1063 2184 1199 2218 patiemini
1215 2184 1241 2211 in
1254 2192 1294 2210 me
1314 2184 1366 2211 ista
1383 2188 1457 2211 nocte
1471 2184 1503 2211 3°.
1521 2183 1585 2210 Post
1600 2182 1780 2210 resurrectio-

993 2238 1056 2257 nem
1079 2238 1157 2262 vero,
1179 2230 1225 2257 ubi
1250 2231 1339 2265 ipsum
1364 2234 1578 2265 conspexerunt,
1596 2229 1691 2264 repleti
1716 2234 1781 2255 sunt.

994 2276 1093 2311 gaudio
1109 2282 1135 2304 et
1146 2277 1337 2304 exsultatione.
1354 2276 1383 2303 ln
1397 2277 1440 2304 his
1456 2278 1519 2303 item
1533 2283 1592 2311 quae
1605 2276 1660 2310 jam
1678 2274 1780 2308 agitan-

995 2327 1040 2349 tur
1052 2323 1085 2350 de
1099 2323 1155 2350 illis
1166 2323 1268 2350 dictum
1281 2329 1323 2351 est
1338 2333 1344 2350 :
1360 2323 1456 2350 Omnia
1472 2331 1532 2350 ossa
1544 2331 1601 2349 mea
1615 2321 1712 2352 dicent,
1727 2320 1781 2346 Do-

996 2369 1075 2400 mine,
1090 2370 1148 2403 quis
1165 2369 1259 2396 similis
1275 2369 1346 2396 tibi?
1361 2369 1426 2401 Qum
1443 2368 1476 2395 iis
1493 2375 1572 2402 porro
1584 2366 1780 2400 subjiciuntur,
1799 2382 1801 2384 -

997 2422 1119 2449 persona:
1137 2413 1288 2441 Salvatoris
1317 2414 1405 2441 nostri
1428 2413 1573 2441 admodum
1602 2412 1782 2446 congruentia

995 2465 1069 2493 sunt,
1082 2468 1143 2495 quae
1167 2461 1207 2487 sic
1224 2461 1324 2487 habent
1347 2471 1353 2487 :
1370 2461 1510 2494 Surgentcs
1528 2462 1603 2486 testes
1622 2457 1705 2491 iniqui
1723 2465 1782 2492 qua:

994 2505 1147 2540 ignorabant
1161 2506 1358 2540 interrogabant
1370 2513 1418 2532 me.
1433 2503 1615 2533 Retribuebant
1632 2502 1694 2529 mihi
1709 2503 1782 2529 mala

994 2560 1042 2586 pro
1057 2552 1140 2584 bonis,
1161 2551 1328 2578 sterilitatem
1342 2551 1438 2577 animle
1461 2558 1534 2576 mew.
1550 2548 1598 2576 His
1612 2548 1700 2575 allinia
1717 2552 1782 2575 sunt

994 2605 1054 2631 qua:
1070 2597 1097 2624 in
1115 2598 1219 2632 psalmo
1234 2606 1298 2625 Cvm
1316 2598 1451 2624 habentur
1466 2597 1508 2623 his
1523 2595 1613 2623 verbis
1627 2604 1633 2622 :
1651 2595 1685 2621 Et
1701 2602 1783 2628 expu-

994 2649 1138 2677 gnat-erunt
1154 2652 1193 2674 me
1208 2644 1304 2679 gratis.
1328 2643 1380 2670 I’ro
1397 2651 1426 2669 eo
1443 2648 1471 2673 ut
1489 2651 1529 2669 me
1540 2642 1676 2677 diligerent
1692 2641 1782 2667 detra-

993 2690 1088 2717 hebant
1107 2691 1180 2718 mihi.
1201 2691 1232 2716 Et
1253 2694 1396 2724 posuerunt
1416 2689 1556 2716 adversarii
1582 2696 1622 2714 me
1644 2687 1716 2713 mola
1734 2695 1782 2720 pro

994 2735 1079 2767 bonis,
1100 2741 1125 2762 et
1146 2735 1235 2762 odium
1255 2743 1302 2769 pro
1321 2735 1461 2761 dilectione
1477 2742 1534 2761 mea
1549 2734 1583 2760 ³¹.
1602 2732 1781 2760 Sterilitatcm

993 2790 1058 2810 vero
1086 2781 1218 2817 parabant
1239 2782 1289 2816 ipsi
1307 2782 1352 2815 qui
1381 2781 1448 2808 nihil
1473 2789 1527 2809 non
1549 2779 1645 2815 agebat
1669 2782 1698 2805 ut
1715 2786 1782 2804 con-

993 2833 1118 2864 gregaret
1136 2829 1197 2855 illos
1220 2837 1250 2855 ac
1266 2828 1318 2855 sibi
1344 2832 1538 2864 regeneraret;
1567 2825 1639 2861 quod
1661 2825 1719 2860 ipse
1741 2824 1782 2854 sic

954 2920 979 2948 7.
1017 2919 1040 2936 ³⁰
1061 2919 1153 2947 Matth.
1171 2927 1246 2953 xxvi,
1262 2919 1306 2948 Si.
1346 2920 1366 2936 “
1387 2918 1460 2949 Psal.
1477 2924 1559 2951 cvm,
1577 2916 1607 2950 5...
