2056 3214
284 191 335 220 511

634 193 775 221 'EUSEBII
795 194 1033 222 CESARIENSIS
1052 195 1126 224 OPP.
1147 196 1237 224 PARS
1256 196 1299 224 ill.
1319 212 1354 217 —
1385 196 1589 225 EXEGETlCA.

1849 199 1902 227 312

285 252 349 280 Haec
368 257 456 281 autem
471 253 569 280 ibidem
587 254 655 281 dixit
680 259 741 290 post
756 255 838 283 illud:
853 255 923 283 Erue
936 265 952 283 a
965 256 1065 291 framea

1124 258 1305 292 Ἐκκλησίιις
1313 258 1436 293 ὑμνήσω
1443 267 1490 285 σε.
1497 252 1594 286 ’Ταῦτα
1607 258 1634 285 δὲ
1648 259 1704 285 ἐκεῖ
1714 258 1820 293 ἐλέγετο
1832 260 1901 295 μετὰ

286 301 404 328 animam
417 308 511 332 meum,
527 304 551 326 et
566 300 598 328 de
608 309 689 328 manu
702 302 774 328 canis
791 303 951 337 unigenitum
970 312 1064 331 meam.

284 345 363 374 Salva
380 355 420 373 me
436 354 467 373 ea:
487 355 532 373 ore
545 347 627 375 leonis
638 352 663 375 et
673 357 689 375 a
705 349 827 376 cornibus
839 349 1004 376 unicomium
1017 350 1066 378 Itu-

283 392 421 419 militatem
449 399 544 420 meum.
571 393 620 420 His
648 394 731 429 igitur
759 395 880 422 additum
910 395 977 422 illud
1004 401 1063 424 est:

283 437 409 465 Narrabo
428 446 520 465 nomen
544 443 618 466 luunt
635 439 764 474 fratribus
787 440 861 471 meis,
877 441 904 467 in
925 442 1010 468 medio
1024 451 1065 469 ec-

282 483 370 511 clesia:
395 484 509 511 laudabo
535 490 568 512 te.
592 485 620 512 ln
644 487 772 520 prmsenli
797 487 924 514 similiter
948 488 1063 522 psalmo,

286 534 433 564 postquam
452 529 575 557 dixerat:
589 529 706 557 Rettitue
725 532 840 558 animum
857 540 941 559 meam
955 541 971 560 α
986 533 1060 560 mali-

280 575 379 611 gnitate
393 583 493 609 eorum,
510 584 525 602 a
538 575 654 603 leonibus
670 577 829 612 unigenitum
842 586 937 610 meam,
947 578 1062 613 adjecit:

281 621 433 656 Conﬁtebor
451 622 499 649 tibi
518 623 546 649 in
570 622 679 649 ecclesia
706 623 800 657 multa,
820 624 848 651 in
872 624 967 659 populo
991 625 1065 659 gravi

281 667 396 696 laudabo
412 673 436 695 te
447 668 479 696 “.
498 668 551 697 Pro
575 669 621 697 illo
636 674 737 704 autem,
752 670 836 705 gravi,
854 670 962 705 Aquila,
977 680 1062 701 ossea.

281 713 377 745 edidit,
392 714 419 742 id
436 719 489 746 est,
512 714 593 743 forti:
610 723 673 743 ossa
697 716 797 751 quippe
817 717 938 743 omnium
955 725 1016 752 qua:
1035 718 1063 744 in

281 767 399 794 corpore
418 765 539 793 exstant,
557 761 706 789 fortissima
727 767 755 789 et
778 762 970 790 robustissima
986 767 1061 790 sunt.

280 804 377 832 Gravis
393 804 478 840 igitur
493 810 545 838 est,
562 806 609 841 qui
622 805 753 834 fundatus
768 806 796 838 in
809 810 898 842 petra,
912 806 1061 834 immobilis

280 853 307 877 et
321 850 455 880 infractus
467 855 568 879 manet.
593 851 668 879 Patri
686 852 778 887 itaque
793 853 948 885 conﬁtetur,
959 853 1062 889 gratias

280 896 332 930 ipsi
347 903 430 931 agens
450 897 477 924 in
490 897 606 924 ecclesia
622 905 670 924 sua
683 898 780 925 multa.
803 897 886 925 Multa
902 898 1002 933 quippe
1019 905 1062 926 re-

1117 304 1164 331 τό·
1185 304 1284 331 Ῥῦσαι
1309 304 1367 331 ἀπὸ
1387 304 1537 338 ῥομφαίας
1560 304 1617 338 τὴν
1638 304 1742 339 ψυχήν
1765 314 1831 339 μου,
1853 306 1902 332 καὶ

1117 351 1151 378 ἐκ
1173 351 1273 386 χειρὸς
1291 351 1385 384 κυνὸς
1398 351 1455 385 τὴν
1461 349 1608 386 μονογενῆ
1619 360 1688 386 μου.
1701 351 1806 378 Σῶσόν
1814 361 1852 386 με
1867 352 1902 379 ὲκ

1119 398 1265 431 στόματος
1275 396 1408 429 λέοντος,
1420 396 1468 424 καὶ
1482 396 1539 423 ἀπὸ
1556 396 1686 430 κεράτων
1693 397 1903 431 μονοκερώτων

1117 442 1175 477 τὴν
1195 443 1376 470 ταπείνωσιν
1394 451 1462 477 μου.
1487 442 1610 477 Συνῆπτο
1634 442 1698 476 γοῦν
1721 441 1824 474 τούτοις
1854 443 1900 470 τό·

1117 487 1298 522 Διηγήσομαι
1315 487 1347 514 τὸ
1367 487 1459 522 ὄνομά
1472 496 1530 514 σου
1548 487 1608 520 τοῖς
1624 487 1764 522 ἀδελφοῖς
1783 497 1854 523 μου,
1868 488 1905 515 ἐν

1113 533 1197 568 μέσῳ
1213 533 1395 567 Ἐκκλησίας
1411 533 1534 568 ὑμνήσω
1552 542 1598 560 σε.
1615 534 1669 560 Καὶ
1681 534 1709 560 ὲν
1723 535 1780 566 τοῖς
1793 543 1905 570 προκει-

1118 577 1209 612 μένοις
1231 577 1428 612 παραπλησίως
1456 577 1605 613 προειπών·
1638 578 1904 612 Ἀποκατάστησον

1116 622 1174 656 τὴν
1186 622 1292 658 ⁴ψυχήν
1307 632 1366 657 μου
1383 622 1440 650 ἀπὸ
1459 622 1514 657 τῆς
1529 623 1703 657 κακουργίας
1718 622 1828 656 αὐτῶν,
1843 623 1904 650 ἀπὸ

1115 668 1247 694 λεόντων
1260 667 1317 701 τὴν
1332 667 1481 702 μονογενῆ
1499 676 1568 702 μου,
1589 667 1723 702 ἐπιλέγει·
1744 668 1903 703 Ἐξομολο-

1115 711 1249 747 γήσομαί
1272 720 1322 739 σοι
1341 712 1376 738 ὲν
1390 712 1539 746 ἐκκλησίᾳ
1556 712 1667 747 πολλῇ,
1691 713 1725 740 ἐν
1734 713 1797 746 λαῷ
1815 713 1904 747 ,ϐαρεῖ

1115 757 1223 785 αἰνέσω
1237 766 1283 786 σε.
1303 759 1374 785 Ἀντὶ
1387 758 1415 785 δὲ
1429 758 1486 791 τοῦ,
1498 759 1596 794 βαρεῖ,
1612 760 1626 786 ὁ
1646 759 1761 790 Ἀκύλας
1774 759 1904 792 ἐξέδωκεν

1115 804 1250 837 ὀστεΐνῳ,
1268 804 1415 836 τουτέστιν,
1434 804 1550 840 ἰσχυρῷ,
1565 805 1628 832 ἐπεὶ
1646 804 1692 832 τοῦ
1723 805 1822 836 παντὸς
1852 804 1904 831 σώ-
1935 815 1939 819 ι

1116 858 1199 886 ματος
1217 850 1251 876 τὰ
1265 850 1439 878 δυνατώτατα
1453 851 1500 877 καὶ
1513 851 1675 887 ἰσχυρότατα
1686 851 1752 878 ὀστᾶ
1764 851 1903 889 τυγχάνειἶ
1933 845 1937 852 ’

1114 897 1205 933 Βαρὺς
1221 896 1266 924 οὖν
1281 899 1295 924 ὁ
1308 898 1353 924 ἐπὶ
1367 898 1415 934 τὴν
1427 898 1529 934 πέτραν
1542 898 1780 934 τεθεμελιωμένος,
1801 899 1816 925 ὁ
1837 898 1898 926 ἀσά-

279 948 343 968 vera
368 945 410 968 est
432 941 489 969 haec
513 942 639 974 ecclesia,
657 950 738 977 quam
758 942 784 969 in
802 942 907 977 psalmo
927 950 973 969 xx:
1005 949 1063 968 ma-

1117 945 1205 976 λευτος
1223 944 1270 971 καὶ
1290 945 1424 981 ἀρῤαγής.
1452 945 1497 980 Τῷ
1517 945 1605 972 τοίνυν
1631 944 1717 980 Πατρὶ
1735 943 1904 979 ἐξομολογεῖ-

279 983 360 1023 gnam
377 987 496 1020 vocavit,
515 988 626 1016 dicens:
644 988 720 1022 Apud
735 993 760 1015 te
771 988 829 1015 laus
845 997 902 1016 mea
911 988 936 1015 in
953 988 1062 1015 ecclesia

279 1043 387 1070 magna.
411 1033 491 1062 Pater
508 1034 590 1069 igitur
602 1034 716 1069 gloriam
734 1033 807 1061 Filio
822 1035 849 1061 in
872 1034 990 1062 ecclesia
1003 1041 1062 1060 ma-

279 1088 331 1117 gna
349 1081 493 1114 conciliat;
510 1079 597 1108 Filius
613 1084 704 1107 autem
719 1080 792 1108 Patri
809 1081 957 1108 conﬁtetur
973 1081 1001 1107 in
1018 1088 1063 1107 ec-

279 1128 363 1156 clesia
387 1128 486 1160 multa,
513 1135 573 1163 quae
604 1127 711 1156 scilicet
738 1128 767 1155 in
792 1128 920 1156 universa
942 1127 1064 1154 Ecclesia

280 1174 428 1201 stal-ilitur.

1112 997 1167 1021 ται,
1184 988 1352 1025 εὐχαριστῶν
1369 989 1414 1015 ἐπὶ
1424 990 1457 1024 τῇ
1486 988 1631 1023 Ἐκκλησία
1654 987 1735 1015 αὐτοῦ
1754 988 1787 1023 τῇ
1807 985 1903 1023 πολλῇ.

1113 1034 1200 1070 Πολλὴ
1211 1035 1265 1070 γὰρ
1280 1035 1317 1067 ὡς
1333 1035 1437 1070 ἀληθῶς
1462 1034 1530 1069 αὕτη
1547 1035 1563 1070 ἡ
1583 1033 1744 1069 Ἐκκλησία·
1771 1032 1804 1068 ἢν
1821 1032 1852 1058 ὲν
1865 1030 1905 1067 τῷ

1114 1080 1228 1116 εἰκοστῷ
1250 1080 1351 1116 πρώτῳ
1376 1080 1496 1116 μεγάλην
1519 1080 1660 1115 ὠνόμασεν
1689 1077 1791 1105 είπὼν·
1819 1075 1904 1112 Παρὰ

1113 1127 1172 1154 σοῦ
1194 1129 1210 1154 ό
1229 1127 1352 1160 ἔπαινός
1370 1136 1429 1162 μου
1450 1127 1485 1154 ὲν
1501 1127 1650 1160 ἐκκλησίᾳ
1664 1124 1790 1160 μεγάλῃ.
1809 1124 1840 1150 '0
1855 1122 1904 1159 μὲν

1113 1170 1158 1199 οὗν
1173 1172 1267 1207 Πατὴρ
1278 1173 1387 1200 ἔπαινον
1405 1172 1443 1208 τῷ
1458 1171 1522 1207 Υίῷλ
1533 1171 1730 1207 κατεργάζεται
1747 1170 1776 1196 ὲν
1792 1167 1906 1203 Ἐκκλη-

280 1221 326 1257 σία
342 1221 460 1258 μεγάλῃο
482 1221 496 1248 ό
516 1222 545 1249 δὲ
555 1222 619 1254 Υίὸς
636 1222 836 1258 ὲξομολογείται
850 1221 888 1257 τῷ
910 1222 996 1256 Πατρὶ
1016 1222 1046 1247 ὲν
1070 1221 1218 1257 Ἐκκλησία
1239 1219 1334 1258 πολλῇ,
1348 1221 1382 1256 τῇ
1402 1220 1462 1249 καθ’
1478 1219 1543 1255 ὅλης
1557 1220 1605 1255 τῆς
1640 1218 1800 1254 Ἐκκλησίας
1831 1216 1905 1251 ἱδρψ

281 1267 360 1304 μένῃ.

316 1312 398 1341 Vens.
416 1313 511 1341 19-21.
539 1313 602 1341 Non
624 1314 836 1349 supergaudeant
860 1314 924 1341 mihi
949 1314 996 1350 qui
1016 1313 1064 1340 ad-

279 1364 417 1387 versantur
431 1360 496 1387 miln'
511 1361 609 1396 inique,
623 1362 668 1396 qui
690 1361 802 1390 oderunt
824 1369 864 1388 me
877 1361 961 1396 grati:
979 1365 1003 1388 et
1015 1369 1065 1387 an-

278 1410 364 1433 nuunt
379 1406 472 1433 oculis.
487 1407 620 1440 Quoniam
642 1407 706 1434 mihi
725 1407 830 1443 quidem
845 1407 954 1442 paci/ite
976 1407 1065 1442 loque-

279 1450 385 1484 bantur,
399 1456 422 1482 et
436 1453 462 1478 in
487 1452 627 1479 iracundia
645 1452 720 1480 dolos
734 1453 896 1488 cogitabant.
917 1452 952 1479 Et
965 1453 1065 1479 ditata-

278 1500 368 1525 verunt
385 1504 462 1530 super
478 1505 518 1524 me
531 1506 559 1524 as
571 1506 659 1530 suum,
677 1498 801 1525 dixerunt
811 1506 820 1524 :
836 1497 920 1532 Euge,
935 1506 1009 1532 euge,
1031 1497 1066 1524 vi—

277 1539 372 1568 derunt
391 1541 461 1568 oculi
477 1542 571 1569 nostri.
599 1542 628 1570 Si
645 1547 708 1578 post
736 1543 891 1578 passionem
916 1542 1065 1570 Salvatoris

278 1585 368 1614 nostri
384 1593 440 1619 non
459 1586 567 1616 faustus
591 1596 683 1616 rerum
699 1588 790 1616 exitus
809 1589 884 1616 visus
914 1592 1005 1620 esset,
1019 1588 1067 1623 qui

278 1630 306 1658 in
318 1638 380 1658 eum
390 1633 625 1667 conspiraverant,
635 1634 660 1661 ei
673 1634 881 1669 supergaudendi
891 1641 923 1661 ac
939 1633 1067 1662 deriden-

279 1675 306 1712 di
323 1684 386 1703 cum
400 1676 469 1704 forte
479 1678 568 1705 locum
583 1678 752 1710 habuissent,
765 1683 859 1714 utpote
871 1679 917 1713 qui
929 1678 963 1706 de
978 1678 1067 1706 medio

280 1720 404 1748 sublatus
430 1721 498 1750 nihil
523 1723 677 1750 valuisset:
700 1727 727 1750 at
741 1723 852 1758 quando
870 1723 991 1751 Ecclesia
1007 1723 1067 1757 ejus

279 1767 365 1794 multa
381 1771 408 1798 et
424 1775 519 1804 magna
543 1776 590 1803 per
602 1772 688 1796 totum
702 1769 795 1797 orbem
816 1768 979 1804 resplendet,
996 1769 1068 1804 ipse-

280 1820 334 1848 que
351 1813 484 1842 hactenus
511 1814 539 1841 in
555 1813 645 1841 medio
664 1815 830 1847 consistens,
842 1814 972 1850 populum
988 1822 1067 1842 suum

279 1865 390 1895 gravem
408 1863 602 1896 potentemque
614 1864 774 1896 congregat,
786 1867 818 1887 ac
837 1867 886 1895 per
910 1867 971 1887 eum
993 1859 1068 1889 ’διτί

279 1911 332 1932 suo
346 1904 492 1932 confitetur
503 1914 511 1937 ;
523 1912 586 1932 nam
604 1905 650 1932 ubi
665 1906 716 1932 duo
728 1906 766 1933 vel
782 1911 832 1933 tres
845 1906 995 1941 congregati
1011 1905 1069 1941 fue-

280 1949 334 1978 rint
349 1949 377 1976 in
390 1950 493 1977 nomine
500 1950 568 1985 ejus,
580 1950 636 1978 illic
648 1959 706 1978 sum
718 1952 746 1978 in
757 1952 841 1978 medio
850 1959 941 1978 eorum
952 1952 974 1967 "
986 1961 993 1985 ;
1006 1952 1068 1987 jure

281 1994 332 2027 illi,
349 1995 396 2031 qui
412 1997 511 2024 alienis
530 1997 657 2025 laetantur
677 1998 768 2031 malis,
784 1998 888 2034 pudore
901 1998 1008 2031 sull'usi,
1024 2007 1068 2026 re-

281 2044 328 2067 tro
355 2041 558 2069 abscesserunt.
586 2042 657 2075 Quid
685 2044 757 2071 enim
781 2044 924 2071 inimicitia
953 2044 1068 2079 dignum

280 2085 403 2121 perpessi
418 2089 522 2114 tantum
537 2087 598 2121 ejus
608 2089 702 2117 odium
717 2089 867 2123 ceperunt?
879 2086 969 2121 Quare
983 2088 1069 2124 Aqui-

279 2130 318 2162 la,
337 2130 394 2157 sine
408 2139 502 2164 causa,
519 2132 714 2168 interprNtus
732 2137 784 2161 est.
798 2134 965 2161 Annuebant
978 2139 1068 2162 autem

280 2177 369 2204 oculis
381 2185 423 2205 me
438 2178 605 2213 deridentes,
621 2180 865 2215 institutionesque
882 2188 958 2208 meas
971 2180 1005 2207 ad
1022 2187 1068 2208 sa-

279 2223 410 2259 pientiam
422 2224 502 2254 datas
517 2226 701 2254 traducentes.
713 2226 855 2261 Deinceps,
871 2226 936 2253 Mihi
952 2226 1066 2260 quidem,

279 2271 379 2306 inquit.
394 2272 502 2307 paciﬁca
517 2273 701 2308 loquebantur,
723 2273 771 2300 sed
796 2273 823 2300 in
839 2273 922 2300 corde
941 2280 992 2300 suo
1017 2271 1067 2299 do-

279 2317 320 2345 los
335 2322 362 2345 et
378 2318 547 2347 iracundiam
570 2319 782 2346 meditabantur.
806 2318 868 2347 llaec
890 2323 981 2346 autem
1001 2323 1066 2346 tunc

279 2364 389 2400 impleta
400 2369 474 2403 sunt,
486 2373 549 2392 cum
562 2365 693 2393 Pharisaei
718 2367 892 2393 occasionem
923 2369 1066 2400 captantes

279 2409 407 2437 dicebant
423 2411 462 2438 illi
478 2420 485 2439 :
499 2409 638 2446 Magister,
653 2411 752 2449 scimus
763 2411 826 2446 quia
835 2418 913 2438 uerax
927 2419 964 2443 es,
976 2416 1000 2438 et
1011 2418 1067 2438 ver-

281 2454 343 2481 bum
355 2455 404 2482 Dei
421 2457 446 2482 in
458 2457 662 2489 veritatedoces,
679 2462 703 2484 et
716 2466 768 2484 non
784 2462 823 2485 est
840 2458 886 2484 tibi
898 2465 962 2484 cura
972 2457 1003 2484 de
1019 2456 1070 2484 ali-

279 2510 330 2537 quo
342 2510 352 2534 ,‘
368 2510 420 2529 non
433 2504 500 2538 enim
519 2505 627 2538 respicis
638 2512 776 2538 personam
787 2513 797 2536 ;
809 2504 852 2531 dic
861 2513 920 2539 ergo
933 2505 1016 2536 nobis,
1034 2504 1068 2530 Ii-

279 2553 319 2576 cet
344 2556 450 2576 censum
475 2549 539 2578 dare
559 2550 662 2578 Ctzsart'
677 2559 711 2577 an
738 2559 788 2577 non
800 2550 846 2577 “‘1
863 2550 950 2578 Hasce
967 2551 1068 2586 quippe

279 2602 362 2623 voces
378 2603 439 2624 cum
461 2596 523 2624 dolo
538 2596 714 2631 proferebant
733 2606 740 2624 :
756 2605 842 2632 quare
851 2597 908 2627 haec
927 2597 1003 2631 prius
1018 2595 1068 2622 ad-

280 2641 425 2671 umbrabat
443 2641 486 2669 his
503 2642 592 2670 verbis
606 2652 612 2669 :
629 2642 697 2670 Mihi
724 2642 829 2678 quidem
853 2643 962 2678 puri/ica
977 2642 1068 2678 loque-

279 2687 385 2719 bantur,
398 2687 460 2713 etin
475 2687 614 2715 iracundia
624 2689 699 2716 dolos
714 2689 877 2724 cogitabant.
891 2687 944 2716 Sed
953 2688 997 2714 hic
1009 2687 1070 2723 qui-

279 2731 341 2758 dem
353 2731 448 2760 dolosc
465 2739 526 2760 cum
539 2740 572 2760 eo
586 2734 722 2769 colloquia
740 2734 946 2767 miscebant;at
960 2733 987 2760 in
1004 2732 1067 2765 line,

279 2781 403 2814 tempore
414 2779 561 2814 passionis,
574 2780 654 2814 pleno
665 2787 713 2807 ore
726 2780 893 2813 clamabant,
908 2780 1068 2815 sanguinem

278 2823 340 2859 ejus
355 2829 513 2859 expetentes
529 2833 610 2861 super
625 2833 655 2853 sc
669 2830 696 2853 et
709 2833 792 2860 super
807 2826 878 2853 ﬁlios
893 2833 960 2853 suos
973 2837 979 2853 :
995 2825 1068 2861 quod

1152 1310 1200 1344 Μὴ
1215 1308 1432 1344 ὲπιχαρείησὰν
1445 1317 1496 1343 μοι
1514 1310 1541 1336 ol
1561 1306 1769 1343 exopalrortéc
1778 1315 1829 1342 μοι
1841 1306 1906 1334 ἀδί-

1117 1365 1193 1390 κως,
1214 1356 1242 1383 οἱ
1263 1354 1426 1390 μισοῦντές
1445 1363 1484 1389 με
1508 1354 1622 1388 δωρεὰν
1643 1353 1693 1380 καὶ
1718 1353 1906 1387 διανεύοντες

1117 1400 1291 1436 ὀφθαλμοῖς,
1307 1401 1372 1427 Ὀτι
1392 1399 1457 1435 ἐμοὶ
1476 1399 1535 1434 μὲν
1549 1397 1685 1433 είρηνικὰ
1701 1397 1844 1430 ἐλάλουν,
1858 1399 1907 1427 καὶ

1117 1447 1163 1474 ἐπ’
1191 1445 1264 1482 ὀργῇ
1288 1445 1398 1478 δόλους
1422 1443 1627 1480 διελογίζοντο.
1650 1443 1706 1470 Καὶ
1734 1442 1908 1470 ἑπλάτυναν

1117 1493 1164 1520 ἐπ’
1176 1492 1229 1528 ἐμὲ
1244 1492 1276 1519 τὸ
1295 1492 1391 1526 στόμα
1409 1490 1523 1518 αὐτῶν·
1539 1488 1641 1517 εἷπον·
1662 1487 1750 1524 Εὖγε,
1769 1486 1850 1524 εὖγε,
1865 1487 1907 1516 εἴ·

1118 1539 1173 1566 δον
1185 1541 1213 1566 οὶ
1221 1537 1367 1573 ὀφθαλμοὶ
1381 1536 1475 1572 ἡμῶν.
1484 1536 1515 1563 El
1531 1536 1568 1572 μὴ
1579 1535 1613 1562 τὰ
1621 1535 1685 1570 τέλη
1702 1535 1777 1561 αῐσια
1792 1535 1826 1561 τὰ
1839 1535 1907 1571 μετὰ

1118 1584 1164 1612 τοῦ
1176 1584 1277 1616 πάθους
1285 1583 1333 1610 τοῦ
1343 1583 1469 1618 Σωτῆρος
1484 1581 1562 1618 ἡμῶν
1577 1582 1691 1617 ἑωρᾶτο,
1704 1581 1773 1616 τάχα
1790 1589 1840 1607 που
1855 1580 1909 1616 χώ-

1121 1638 1170 1667 ραν
1183 1627 1256 1664 εἶχον
1277 1627 1465 1663 καταχαρῆναι
1483 1626 1564 1653 αὑτοῦ
1583 1626 1609 1653 oi
1622 1625 1670 1661 τὴν
1683 1627 1743 1652 κατ’
1760 1625 1842 1652 αὑτοῦ
1860 1633 1906 1651 συ-

1119 1676 1221 1711 σκευὴν
1238 1673 1471 1711 μεμηχανημένοι,
1487 1673 1525 1705 ὡς
1546 1671 1738 1707 ἀφανισθέντος
1756 1673 1803 1700 καὶ
1825 1673 1907 1708 μηδὲν

1118 1721 1296 1757 δεδυνημένου
1308 1729 1315 1736 ·
1334 1720 1395 1747 ὲπεὶ
1405 1720 1433 1746 δὲ
1446 1721 1462 1755 ἡ
1481 1719 1629 1755 Ἐκκλησία
1641 1718 1722 1746 αὐτοῦ
1733 1719 1750 1754 ἡ
1765 1718 1848 1754 πολλὴ
1861 1719 1907 1745 καὶ

1121 1768 1225 1805 μεγάλη
1243 1767 1390 1802 διαλάμπει
1413 1766 1473 1793 καθ’
1491 1766 1555 1802 ὅλης
1574 1767 1622 1801 τῆς
1633 1766 1806 1801 οἰκουμένης·
1829 1765 1910 1797 αὑτός

1119 1823 1149 1840 τε
1162 1814 1246 1840 εἰσέτι
1257 1813 1303 1840 καὶ
1314 1813 1362 1839 νῦν
1376 1814 1404 1840 ὲν
1419 1811 1494 1848 μέσῳ
1507 1811 1592 1844 ἑστὼς
1604 1813 1749 1848 συγκρπεί
1764 1811 1810 1837 τὸν
1823 1811 1908 1846 βαρὺν

1119 1861 1167 1886 καὶ
1179 1859 1289 1887 δυνατὸν
1307 1859 1388 1886 αὐτοῦ
1409 1859 1482 1891 λαὸν,
1498 1859 1545 1890 καὶ
1559 1858 1758 1894 ὲξομολογείται
1774 1858 1807 1884 δι’
1819 1850 1907 1884 αὐτῶν

1119 1906 1158 1942 τῷ
1183 1905 1279 1933 ἑαυτοῦ
1304 1905 1405 1941 Πατρί”
1425 1905 1516 1931 Ὅπου
1542 1903 1596 1940 γὰρ
1617 1904 1672 1930 δύο
1693 1903 1712 1937 ἢ
1736 1903 1814 1937 τρεῖς
1835 1911 1908 1930 συν-

1119 1951 1242 1986 ηγμένοι
1255 1953 1299 1985 είς
1312 1951 1344 1978 τὸ
1353 1950 1445 1978 αὐτοῦ
1454 1950 1558 1985 ὄνομα,
1569 1950 1632 1977 ἐκεῖ
1639 1951 1697 1985 εἰμὶ
1711 1951 1746 1977 ἐν
1756 1950 1840 1985 μέσῳ
1854 1951 1909 1977 αὑ-

1119 1989 1193 2026 τῶν
1205 1999 1316 2030 εἰκότως
1331 1999 1355 2024 οἱ
1371 1997 1615 2033 ὲπιχαιρεσίκακοι,
1632 1997 1762 2033 αἰσχύνην
1774 1997 1909 2032 καταχεά-

1121 2053 1208 2080 μενοι,
1220 2043 1435 2079 ἀπεστράφησαν
1448 2042 1487 2073 είς
1500 2041 1534 2068 τὰ
1544 2042 1640 2071 ὀπίσω.
1657 2042 1690 2068 Τί
1705 2041 1760 2077 γὰρ
1771 2041 1819 2068 καὶ
1835 2041 1908 2074 ἄξιον

1120 2090 1219 2127 ἔχθρας
1238 2089 1369 2120 παθόντες
1387 2089 1417 2115 τὸ
1434 2087 1501 2124 πρὸς
1523 2088 1601 2116 αὑτὸν
1618 2088 1716 2124 ἤραντο
1737 2089 1829 2123 μίσος;
1854 2087 1909 2114 διό-

1120 2145 1174 2172 περ
1200 2137 1214 2162 ὁ
1232 2135 1356 2167 Ἀκύλας,
1382 2134 1530 2169 ἀναιτίως,
1544 2134 1711 2169 ἡρμήνευσε.
1736 2135 1858 2160 Διένευον
1881 2133 1910 2159 δὲ

1120 2182 1268 2217 ὀφθαλμοῖς
1293 2181 1468 2216 χλευάζοντες
1489 2180 1588 2212 αὑτὸν,
1612 2179 1659 2206 καὶ
1677 2179 1850 2216 διασύροντες
1876 2178 1910 2206 τὰ

1120 2228 1169 2264 τῆς
1188 2227 1284 2263 σοφίας
1302 2235 1351 2262 μου
1374 2225 1554 2261 παιδεύματα.
1577 2223 1654 2257 Εῐτα,
1676 2225 1753 2259 Ἐμοὶ
1774 2224 1843 2259 μὲν,
1859 2233 1911 2260 φη-

1120 2274 1172 2307 σὶν,
1187 2273 1321 2308 είρηνικὰ
1341 2272 1484 2303 ἐλάλουν,
1501 2273 1530 2298 ὲν
1545 2271 1574 2298 δὲ
1589 2273 1622 2307 τῇ
1638 2271 1737 2306 καρδίᾳ
1760 2270 1850 2298 αὐτῶν
1869 2271 1911 2298 δό-

1119 2320 1181 2352 λους
1210 2319 1258 2346 καὶ
1283 2318 1367 2354 ὀργῆν
1402 2316 1588 2351 διελογίζοντο.
1611 2316 1777 2352 Ἑπληροῦτο
1803 2317 1831 2343 δὲ
1865 2317 1911 2344 καὶ

1118 2366 1216 2399 ταῦτα,
1232 2365 1276 2391 ὅτε
1300 2363 1386 2395 λαϐὰς
1407 2363 1560 2399 θηρώμενοι
1588 2362 1678 2396 ἔλεγον
1696 2362 1764 2398 πρὸς
1785 2362 1865 2389 αὐτὸν
1887 2363 1911 2388 al.

1117 2411 1267 2446 Φαρισαῖον
1294 2408 1479 2440 Διδάσκαλε,
1510 2407 1641 2443 οἴδαμεν,
1665 2407 1709 2434 ὅτι
1730 2407 1846 2441 ἀληθὴς
1874 2405 1910 2440 εἴ,

1119 2456 1169 2483 καὶ
1188 2456 1242 2483 τὸν
1261 2457 1353 2490 λόγον
1367 2455 1420 2482 τοῦ
1438 2454 1512 2481 Θεοῦ
1526 2454 1571 2480 ἐπ’
1589 2454 1730 2488 ἀληθείας
1749 2453 1911 2486 διδάσκεις,

1119 2503 1168 2529 καὶ
1183 2503 1219 2529 οὺ
1243 2501 1329 2536 μέλει
1351 2510 1401 2528 σοι
1420 2501 1486 2535 περὶ
1504 2500 1643 2533 οὐδενός·
1662 2501 1697 2527 οὺ
1718 2500 1773 2534 γὰρ
1785 2499 1911 2532 ,βλέπεις

1119 2550 1163 2581 είς
1180 2549 1358 2582 πρόσωπον⁹
1385 2546 1450 2574 εὶπὲ
1475 2545 1532 2575 οὖν
1556 2546 1644 2582 ἡμῖν·
1661 2546 1782 2578 Ἔξεστι
1807 2545 1912 2572 δοῦναι

1120 2593 1236 2628 κῆνσον
1258 2593 1385 2627 Καίσαρι
1407 2592 1426 2627 ἣ
1443 2592 1497 2624 ob;
1521 2592 1629 2623 Ταύτας
1647 2591 1701 2627 γὰρ
1725 2591 1818 2622 δολίως
1847 2599 1910 2626 προ-

1121 2639 1217 2674 έφερον
1233 2638 1283 2670 τὰς
1297 2638 1404 2673 φωνάς·
1424 2638 1464 2664 διὸ
1480 2637 1622 2673 προλαϐὼν
1638 2638 1714 2664 ταῦτ’
1728 2636 1850 2672 ᾐνίττετο
1863 2637 1910 2672 φάο

1122 2693 1210 2711 σκων·
1236 2684 1316 2719 Ἐμοὶ
1330 2683 1387 2719 μὲν
1402 2683 1535 2718 εἰρηνικὰ
1555 2682 1697 2715 ἐλάλουν,
1713 2683 1762 2710 καὶ
1780 2683 1827 2709 ἐπ’
1839 2681 1912 2717 ὀργῇ

1122 2731 1232 2764 δόλους
1245 2730 1451 2766 διελογίζοντο.
1474 2729 1542 2756 Ἀλλ’
1555 2729 1670 2756 ἐνταῦθα
1692 2729 1741 2765 μὲν
1755 2728 1848 2760 δολίως
1862 2728 1911 2760 τὰς

1123 2778 1190 2811 πρὸς
1207 2777 1288 2804 αὑτὸν
1299 2777 1439 2804 ἐποιοῦντο
1456 2776 1578 2812 ὁμιλίας·
1596 2777 1626 2803 ὲν
1638 2776 1710 2802 τέλει
1723 2784 1755 2810 γε
1773 2775 1826 2811 μὴν
1843 2775 1911 2801 κατὰ

1123 2825 1168 2852 τὸν
1185 2824 1279 2860 καιρὸν
1289 2824 1335 2851 τοῦ
1352 2824 1453 2856 πάθους
1466 2824 1519 2859 ὅλῳ
1531 2823 1570 2859 τῷ
1585 2823 1699 2859 στόματι
1713 2823 1797 2850 ἐϐόων
1811 2821 1905 2857 αἰτοῦν

325 2915 578 2951 “Psal.xXI,22,‘23.
605 2917 625 2932 “
647 2916 740 2945 Matth.
758 2925 844 2951 mu,
860 2916 906 2944 20.
944 2917 968 2934 ⁸⁸
987 2916 1065 2945 Μοιιιτ

1120 2924 1174 2949 xu,
1195 2915 1293 2949 16,17.
