2056 3214
123 189 180 218 815

676 191 928 234 communitis
947 192 981 219 IN
1001 190 1172 219 PSALMOS.
1208 167 1270 208 Ἀ

1697 193 1751 221 διι

123 255 168 279 τες
182 247 266 274 αὑτοῦ
282 247 312 274 τὸ
323 245 392 283 αἷμα
405 247 465 275 καθ’
477 247 580 275 ἑαυτῶν
594 248 644 275 καὶ
652 248 722 275 κατὰ
738 247 793 275 τῶν
813 248 907 276 τέκνωι

967 248 1056 283 ipsum
1069 246 1115 274 hic
1129 244 1259 280 declarat,
1274 251 1311 274 tta
1328 247 1442 282 loquens
1459 256 1466 275 :
1480 247 1663 274 Dilataverunt
1674 255 1752 282 super

125 293 230 321 αὐτῶν·
247 294 262 320 ὃ
275 294 306 330 δὴ
316 295 363 321 καὶ
379 294 454 330 αὑτῷ
469 294 616 330 παρίστησι
637 294 680 321 διὰ
698 295 752 322 τῶν
765 295 912 330 προκειμέ-

123 347 176 366 νων
189 338 276 373 λέγων
285 347 292 354 ν
308 339 496 366 Ἐπλάτυναν
512 339 557 366 ἐπ’
567 338 619 374 ἐμὲ
634 338 667 366 τὸ
682 339 778 374 στόμα
793 340 908 371 αὐτῶν.

123 382 179 411 Εἶτ’
197 383 292 417 ἐπειδὴ
314 383 448 419 παρεδόοη
465 385 555 416 αὐτοῖς
576 384 614 416 ὡς
629 384 763 419 πρόϐατον
779 385 825 412 ἐπὶ
841 394 911 420 σιρα-

122 430 185 466 γὴν,
207 430 255 458 καὶ
272 429 312 462 ὡς
331 431 416 466 ἀμνὸς
437 431 537 462 ἄκακος
558 430 676 458 ἐναντίον
702 431 749 458 τοῦ
771 432 911 468 κείραντος

121 478 240 512 ἄφωνος,
257 476 372 513 ὁρῶντες
387 477 467 510 αὑτοῦ
484 477 514 503 τὸ
532 477 617 509 πάθος
636 477 806 512 ἐπεφώνουν·
821 476 909 513 Εὖγε,

120 522 202 559 εὖτε.
219 521 302 551 εἶδον
315 525 342 550 οι
357 523 502 558 ὀφθαλμοὶ
517 523 611 559 ἡμῶν.

154 567 250 602 Εἶδες,
269 569 374 603 Κύριε,
391 569 434 603 μὴ
458 569 704 604 παρασιωπήσῃς.
732 569 787 596 Καὶ
808 569 910 596 ἄνωθεν

120 613 198 642 εἴη·
222 615 300 642 Πότε
327 615 444 650 eadm,-
470 616 518 643 καὶ
547 616 592 643 διὰ
619 616 673 643 τῶν
699 615 886 652 προκειμένων
901 625 907 632 ·

120 661 219 694 Haec,
233 661 331 695 Κύριε.
343 661 376 688 Τί
391 661 419 688 δὲ
442 660 525 694 εῐδεν;
545 662 588 694 Ὠς
609 662 704 694 δολίως
729 661 803 697 αὐτῷ
825 670 909 698 προσ-

119 707 215 744 ῄεσαν,
231 708 278 735 καὶ
297 708 335 740 ὡς
354 708 506 735 ὲπλάτυναν
530 709 589 735 κατ’
607 708 689 735 αὑτοῦ
709 709 738 735 τὸ
756 708 841 744 στόμα
862 709 910 736 αὐ-

120 753 186 787 τῶν,
204 754 251 781 καὶ
264 754 302 786 ὡς
317 754 377 781 κατ’
393 754 475 790 εὐχὰς
496 754 649 790 πράξαντες
671 754 804 781 ὲπεὸόων·
820 753 907 789 Εὖγε,

120 797 208 834 εὖγε,
230 797 312 826 εἶδον
334 801 362 826 οι
388 800 534 834 ὀφθαλμοὶ
560 799 653 833 ἡμῶν.
680 800 715 826 Σὺ
740 800 785 832 δὲ,
812 800 908 834 Κύριε,

120 844 208 871 ταῦτα
225 844 399 880 θεασάμενος,
422 845 606 880 ἀνασχόμενος
623 853 652 872 τε
668 846 715 872 καὶ
732 845 909 882 μακροθυμή-

121 899 182 924 σας,
192 890 235 926 μὴ
246 890 500 926 παρασιωπήσῃς·
518 891 575 918 ἀλλ’
588 891 730 918 ἀναλαῦὼν
750 892 780 918 τὸ
803 892 853 927 τῆς
871 891 909 919 δι-

961 302 1002 321 me
1025 302 1054 321 os
1079 302 1167 321 suum.
1182 292 1284 320 Deinde
1308 293 1373 328 quia
1391 293 1459 328 ipsis
1479 293 1596 322 traditus
1614 293 1665 320 l'uit
1679 293 1752 320 sicut

961 341 1021 368 ovis
1038 340 1071 367 ad
1090 339 1298 375 jugulationem,
1317 343 1344 367 et
1364 339 1435 366 sicut
1451 347 1538 375 agnus
1557 339 1616 367 sine
1633 339 1748 372 malitia,

962 394 1054 415 coram
1071 386 1201 414 tondente
1216 385 1276 414 sine
1287 393 1365 418 voce,
1375 385 1500 412 videntes
1517 385 1576 420 ejus
1592 385 1749 421 passionem

962 432 1003 460 sic
1025 431 1247 459 vociferabantur
1273 439 1280 459 :
1312 429 1397 466 Euge,
1425 429 1514 465 Euge!
1534 430 1655 458 uiderunt
1679 431 1750 458 oculi

961 478 1056 505 nostri.

997 565 1186 594 Vens.25-26.
1219 565 1325 598 Vidisti,
1347 564 1470 596 Domine,
1495 573 1527 592 ne
1552 564 1642 593 sileas.
1661 565 1749 601 Supe-

961 612 1018 640 rius
1034 612 1103 639 dixit
1129 622 1135 639 :
1156 611 1269 647 Quando
1292 613 1435 646 respicies?
1460 612 1487 639 in
1509 611 1636 646 prteseuti
1659 618 1748 639 vero:

966 658 1071 691 Vidisti,
1082 658 1196 686 Domine
1205 660 1218 686 ?
1232 658 1334 694 Ecquid
1344 659 1430 686 vidit?
1439 658 1518 692 Quod
1535 658 1629 687 dolose
1642 666 1672 686 se
1683 666 1750 686 con-

959 705 1096 738 venerint,
1115 709 1143 732 et
1172 704 1245 740 quod
1273 705 1450 733 dilataverint
1479 709 1577 733 contra
1603 706 1694 740 ipsum
1718 712 1750 732 os

961 759 1051 782 suum.
1067 755 1094 778 et
1116 751 1200 786 quod.
1223 759 1251 778 re
1278 759 1328 787 pro
1357 756 1421 779 voto
1448 756 1535 787 gesta,
1549 751 1748 779 clamaverint:

961 797 1044 833 Euge,
1054 797 1146 833 Euge!
1161 797 1280 824 viderunt
1291 798 1361 824 oculi
1377 798 1471 824 nostri.
1482 797 1524 825 Tu
1539 801 1642 829 autem,
1659 796 1751 824 Domi-

959 851 1004 878 ne,
1021 844 1069 879 qui
1087 844 1145 871 hzec
1156 843 1263 876 vidisti,
1282 844 1329 872 sed
1349 844 1486 880 patienter
1501 851 1535 872 ac
1549 843 1689 872 moderate
1705 848 1751 871 tu-

960 889 1027 923 lisli,
1045 898 1076 916 ne
1087 890 1165 917 sileas
1179 898 1189 917 :
1205 890 1252 918 sed
1268 894 1409 926 assumpto
1419 891 1533 926 justitiaa
1550 895 1603 918 tua;
1618 890 1749 918 tribunali

119 937 266 974 καιοσύνης
279 946 325 964 σου
340 938 480 974 κριτήριον
489 938 551 973 λέγε
561 947 567 953 ·
586 938 679 966 Ταῦτα
689 938 845 972 ἐποίησας,
859 939 907 965 καὶ

961 935 1004 962 die
1023 945 1029 962 :
1046 935 1111 962 Ha’c
1133 936 1229 970 fecisti,
1243 941 1268 963 et
1292 937 1362 963 tacui
1382 936 1423 970 ‘7;
1447 944 1479 963 ac
1494 943 1605 963 rursum
1622 945 1628 964 :
1652 935 1747 967 Tacui,

119 983 264 1018 ὲσΙτησα·
281 985 329 1010 καὶ
343 983 422 1011 πάλιν
434 993 441 999 ·
463 984 644 1019 Ἐσιώπησα,
656 985 699 1020 μὴ
715 985 764 1012 καί
777 985 823 1012 ἀεὶ
838 993 907 1012 σιω-

119 1028 269 1064 πήσομαι;
292 1028 483 1064 ’Δνθρωπίνως
493 1026 521 1053 δὲ
546 1025 661 1056 ἱκετεύει
682 1028 767 1062 λέγων
781 1028 850 1064 πρὸς
863 1028 908 1054 τὸν

118 1073 215 1101 ἑαυτοῦ
233 1074 362 1110 Πατέρα·
382 1074 431 1109 Μὴ
447 1075 585 1109 ἀποστῇς
597 1075 646 1102 ἀπ’
662 1074 734 1110 ἐμοῦ
744 1083 750 1090 ·
766 1074 823 1106 καὶ,
842 1074 906 1106 Ἐξ-

118 1119 252 1155 crepante
269 1121 319 1148 καὶ
338 1122 471 1156 προσ-χες
484 1120 522 1155 τῇ
535 1121 642 1155 κρίσει,
659 1123 674 1149 ό
694 1121 765 1154 Θεός
776 1129 835 1156 μου
857 1121 906 1148 καὶ

118 1167 133 1193 ό
145 1166 253 1200 Κυριός
272 1175 333 1201 μου
354 1167 398 1200 εἰς
422 1166 480 1200 τὴν
503 1165 592 1200 δίκην
608 1175 677 1201 μου.
696 1166 774 1193 Κατὰ
792 1166 846 1202 γὰρ
862 1166 907 1192 τὸν

117 1211 212 1247 καιρὸν
227 1211 275 1239 τοῦ
290 1212 360 1248 ὑπὲρ
374 1211 452 1248 ἡμῶν
467 1211 569 1244 πάθους
580 1212 704 1244 τοιαύτας
715 1212 789 1247 ἠφίει
804 1211 905 1246 φωνὰς,

117 1257 161 1284 ἵνα
185 1257 318 1293 πιστευθῇ
341 1257 484 1294 ἄνθρωπος
510 1258 648 1294 ἀτρεκέως
683 1257 753 1284 κατὰ
777 1257 905 1293 ἀλήθειαν

118 1304 247 1339 γεγονὼς,
259 1304 307 1332 καὶ
319 1304 364 1332 τὸν
376 1305 447 1340 ὑπὲρ
462 1305 540 1340 ἡμῶν
554 1304 668 1332 θάνατον
679 1304 808 1336 ἑκουσίως
824 1313 906 1331 κατα-

116 1350 269 1387 δεηόμενος.
296 1350 352 1377 Καὶ
371 1349 414 1385 μὴ
438 1350 655 1385 ἐπιχαρήσειάν
669 1359 731 1385 μοι,
748 1349 791 1385 μὴ
815 1350 906 1376 εἴποι-

116 1404 177 1423 oar
201 1396 237 1424 ἐν
261 1396 398 1430 καρδίαις
416 1395 530 1423 αὐτῶν·
556 1394 644 1431 Εὖγε,
669 1393 748 1430 εὖγε,
773 1397 792 1430 ἡ
820 1395 922 1431 ψυχὴ.

116 1442 218 1478 ἡμῶν]
237 1443 316 1478 μηδὲ
337 1443 492 1470 ειποισαν·
517 1443 700 1478 Κατεπίομεν
721 1443 827 1470 αὐτόν.
855 1441 904 1468 Σοῦ

116 1490 181 1526 γὰρ,
188 1490 283 1525 φησιν.
293 1489 481 1522 ἑπεξελθόντος
492 1490 548 1520 τοῖς
557 1489 777 1524 τετολμημένοις,
791 1488 837 1515 καὶ
848 1487 906 1524 κρί-

116 1544 210 1568 ναντος
226 1535 297 1563 κατὰ
311 1535 361 1570 τὴν
377 1534 550 1571 δικαιοσύνην
575 1542 632 1566 σου,
654 1534 703 1560 οὐκ
726 1534 905 1570 ὲπιχαρήσον-

115 1589 176 1612 ται,
201 1581 256 1608 οὐδ’
279 1579 388 1619 ἐροῦσιν
411 1580 440 1606 ὲν
460 1582 519 1612 ταῖς
543 1580 669 1616 καρδίαις
684 1580 789 1606 αὐτῶν·
816 1577 903 1615 Εὖγε,

961 991 995 1009 an
1005 991 1105 1017 semper
1117 982 1256 1010 tacebo“?
1271 982 1395 1011 llumano
1411 987 1501 1010 autem
1513 990 1591 1010 more
1607 981 1682 1010 Patri
1697 989 1749 1010 suo

961 1028 1098 1064 supplicat
1114 1029 1157 1056 his
1172 1028 1264 1056 verbis
1284 1037 1290 1056 :
1310 1028 1352 1056 Ne
1375 1029 1496 1056 discedas
1512 1037 1528 1056 a
1550 1036 1612 1060 me;
1625 1031 1652 1055 et
1669 1037 1676 1055 :
1692 1027 1749 1054 Ea;-

960 1082 1037 1110 turge
1049 1080 1074 1102 et
1088 1075 1192 1103 intende
1209 1075 1313 1110 judicio
1325 1083 1392 1107 meo,
1407 1074 1478 1102 Deus
1489 1082 1561 1102 meus
1577 1078 1602 1101 et
1617 1073 1748 1100 Dominus

960 1128 1033 1147 meus
1043 1121 1070 1147 in
1078 1129 1187 1148 causam
1203 1129 1298 1148 meam.
1313 1121 1447 1155 Tempore
1462 1127 1580 1155 namque
1599 1126 1649 1154 pro
1667 1118 1747 1146 nobis

960 1169 1094 1202 suscepta:
1109 1165 1247 1201 passionis
1263 1167 1331 1194 tales
1341 1166 1482 1193 emittebat
1496 1172 1589 1197 voces,
1608 1169 1638 1191 ut
1650 1163 1746 1191 crede-

959 1216 1036 1240 retur
1049 1212 1130 1240 homo
1139 1212 1227 1240 factus
1239 1213 1388 1240 secundum
1404 1213 1442 1240 rei
1459 1212 1611 1243 veritatem,
1620 1218 1652 1238 ac
1665 1218 1747 1245 spon-

959 1260 986 1284 te
998 1264 1047 1292 pro
1066 1257 1146 1286 nobis
1159 1261 1275 1285 mortem
1303 1257 1470 1293 suscepisse.
1487 1257 1522 1284 Et
1534 1265 1585 1284 non
1600 1263 1747 1291 supergau-

958 1302 1037 1330 deant
1052 1303 1126 1336 mihi,
1138 1312 1170 1331 ne
1187 1303 1278 1330 dicunt
1295 1304 1322 1330 in
1344 1302 1466 1330 cordibus
1488 1303 1543 1329 suis
1558 1301 1661 1337 :Euge,
1675 1301 1748 1336 Euge

959 1350 1056 1377 anima:
1074 1350 1183 1377 nostraz!
1199 1358 1245 1377 nec
1255 1349 1346 1376 dicant
1362 1357 1372 1376 :
1384 1348 1570 1376 Devoravimus
1587 1357 1657 1376 eum.
1677 1348 1747 1376 Situ

958 1395 1042 1427 enim,
1056 1395 1156 1431 inquit,
1170 1396 1227 1423 haec
1242 1395 1365 1423 facinora
1378 1394 1531 1426 ulciscaris,
1547 1400 1574 1422 et
1585 1394 1692 1430 judices
1703 1401 1748 1421 se-

958 1440 1078 1470 cundum
1087 1440 1222 1475 justitiam
1239 1445 1325 1472 tuam,
1334 1447 1507 1475 nequaquam
1518 1439 1558 1467 illi
1573 1440 1745 1475 gaudebunt:

958 1493 1047 1521 neque
1061 1486 1156 1513 dicent
1170 1487 1198 1513 in
1214 1486 1345 1514 cordibus
1362 1486 1421 1513 suis
1438 1495 1444 1513 :
1462 1485 1546 1520 Euge,
1568 1483 1661 1520 Euge!
1676 1492 1743 1520 prse-

958 1532 1043 1559 valuit
1057 1532 1147 1559 anima
1164 1536 1268 1560 nostra.
1281 1531 1395 1559 Etiamsi
1412 1531 1484 1559 enim
1498 1531 1525 1558 id
1538 1538 1585 1558 ore
1599 1530 1746 1567 aliquando

958 1577 1139 1613 protulerint,
1162 1583 1189 1605 at
1204 1577 1287 1606 corde
1304 1585 1359 1605 non
1377 1577 1415 1604 ita
1428 1577 1585 1612 loquentur,
1600 1584 1689 1612 neque
1703 1576 1746 1603 di-

115 1624 195 1662 ξκῦτε.
205 1626 314 1662 ἴσχυσεν
329 1627 346 1661 ἡ
360 1626 433 1662 ψυχὴ
450 1626 537 1662 ήμῶν.
558 1627 589 1652 Εἰ
603 1626 658 1661 γὰρ
677 1626 724 1652 καὶ
739 1625 777 1662 τῷ
795 1626 907 1662 στόματι

958 1628 1043 1652 cent:
1061 1623 1250 1651 Devorauimus
1277 1632 1346 1656 eum,
1371 1623 1482 1659 quando
1516 1623 1746 1651 resurrectionem

116 1673 207 1699 αὐτῶν
221 1679 287 1699 ποτε
299 1672 378 1699 τοῦτο
393 1672 544 1708 εἰρήκασιν,
560 1672 617 1699 ἀλλ’
638 1673 667 1698 οὺ
691 1673 738 1699 καὶ
761 1674 820 1704 ταῖς
837 1681 906 1709 καρ-

115 1717 188 1749 δίαις
201 1716 290 1744 αὐτῶν
307 1717 413 1754 ἐροῦσιν
425 1726 431 1732 ·
449 1717 508 1744 οὐδὲ
523 1719 637 1753 φήσουσι
648 1727 654 1733 ·
667 1719 849 1754 Κατεπίομεν
859 1720 907 1746 αὐ-

116 1764 182 1796 τὸν,
210 1763 260 1800 τὴν
283 1764 430 1801 ἀναστασίν
461 1773 511 1800 μου
534 1765 580 1791 καὶ
605 1765 654 1800 τῆς
675 1765 835 1800 Ἐκκλησίας
857 1766 906 1801 τῆς

115 1809 186 1844 ἐμῆς
197 1808 248 1845 τὴν
262 1808 321 1835 καθ’
333 1809 398 1845 ὅλης
409 1809 460 1844 τῆς
472 1809 633 1844 οἰκουμένης
645 1809 748 1844 ἵδρυσιν
764 1808 908 1844 θεώμενοι,

115 1853 301 1882 Καταπίνεται
314 1855 363 1890 μὲν
373 1855 427 1891 γὰρ
440 1856 454 1881 ὁ
469 1854 542 1887 ἅπαξ
557 1855 596 1886 εἰς
618 1854 696 1890 βυθὸν
713 1855 838 1890 χωρήσας
860 1855 906 1880 καὶ

117 1900 214 1936 μηκέτ“
229 1900 422 1936 ἀναϐεϐηκώς·
439 1900 509 1927 οὕτω
525 1901 578 1936 γάρ
595 1909 658 1927 ποτε
674 1900 803 1927 κατέπιεν
825 1902 839 1927 ὁ
859 1900 906 1927 θά-

115 1954 194 1978 νατος
211 1946 334 1982 ἰσχύσας.
353 1946 432 1974 Ἀλλὰ
445 1947 524 1973 κὰ.κεί
543 1948 566 1974 οἰ
588 1947 784 1978 καταποθέντες
797 1947 905 1974 ἐπαλιν-

116 1992 268 2028 δρόμησαν,
283 1992 325 2019 διὸ
339 1992 475 2031 λέλεκται·
492 1993 545 2020 Καὶ
564 1992 656 2019 πάλιν
668 1992 791 2027 ἀφεῖλεν
801 1994 817 2020 ό
834 1993 905 2027 Θεὸς

117 2035 178 2064 πᾶν
193 2037 328 2071 δάκρυον
342 2036 400 2064 ἀπὸ
414 2036 526 2070 παντὸς
542 2035 712 2070 προσώπου.

152 2083 206 2110 Καὶ
226 2083 344 2111 ἐνταῦθα
364 2083 463 2116 τοίνυν,
476 2084 500 2110 εἰ
519 2083 565 2110 καὶ
579 2083 647 2119 πρὸς
665 2084 759 2120 καιρόν
775 2091 834 2110 ¹ιινα
850 2083 906 2110 ἐδο-

117 2129 165 2163 ξαν
186 2129 269 2156 αὑτὸν
290 2129 468 2162 καταπίνειν,
500 2128 556 2156 ἀλλ’
570 2130 619 2156 οὒκ
638 2130 677 2161 είς
698 2129 790 2161 τέλος,
812 2129 904 2165 φησὶν,

116 2165 225 2210 ἐροῦσι,
250 2173 425 2211 προφητικῶς
444 2174 503 2201 κατ’
524 2174 594 2202 αὐτὰ
611 2174 760 2206 θεσπίζων·
780 2175 907 2208 Αἰσχυν-

117 2220 243 2255 θείησαν
263 2220 312 2247 καὶ
333 2220 553 2254 ἐντραπειήσαν
573 2220 633 2254 ἅμα
654 2221 680 2246 οι
701 2219 906 2259 ὲπιχιιίροντες

116 2267 178 2301 τοῖς
196 2267 301 2302 κακοῖς
322 2276 398 2302 μου·
422 2267 659 2294 ἐνδυσάσθωσαν
684 2266 835 2300 αἰσχύνην
856 2265 905 2292 καὶ

116 2313 267 2351 ᾄντροπὴν
292 2315 320 2341 οι
346 2313 677 2349 μεγωορῤημονοῦντες
702 2312 748 2339 ἐπ’
770 2312 830 2347 ἐμέ.
851 2312 905 2338 Καὶ

116 2360 204 2388 ταῦτα
216 2361 245 2388 δὲ
257 2360 331 2392 ὅπως
343 2361 437 2392 τέλους
445 2359 539 2394 ἔτυχεν
554 2359 742 2394 ἀναφερόμενα
755 2358 801 2386 ἐπὶ
814 2357 845 2384 τὸ
857 2357 904 2384 τοῦ

117 2397 332 2443 Σλπῆροςὴμῶν
355 2407 508 2441 πρόσωπον,
525 2406 614 2441 ῥᾴδιον
627 2405 659 2440 δὴ
677 2405 751 2432 ἰδεῖν.
772 2404 816 2438 Ἐξ
836 2405 905 2431 ὲκεί-

116 2461 162 2479 von
174 2453 239 2489 γὰρ,
254 2453 301 2480 καὶ
320 2453 360 2484 είς
375 2453 453 2488 δεῦρο
468 2451 516 2478 τοῦ
532 2451 626 2487 χρόνου
643 2451 842 2487 ἀπερριμμένοι
857 2450 905 2476 καὶ

116 2497 262 2536 ᾁπόσλητοι
278 2492 439 2534 τυγχάνουσι
465 2497 548 2524 πάλαι
573 2497 711 2533 κομῶντες
735 2499 782 2524 ἐπὶ
799 2497 904 2528 πολλοῖς

115 2543 292 2580 χαρίσμασιν.
311 2544 341 2571 οι
362 2543 384 2569 δ’
405 2543 434 2576 ἐξ
457 2543 583 2571 ἁπάντων
606 2543 660 2570 τῶν
686 2543 769 2570 ἐθνῶν
789 2543 835 2569 τὸν
858 2543 902 2568 ὑπ’

115 2590 205 2618 αὐτῶν
217 2591 387 2628 ἀνῃρημένον
404 2591 632 2627 παραδεδεγμένοι
645 2591 692 2626 τῆς
712 2591 760 2625 μὲν
773 2589 902 2616 πολυθέου

115 2637 220 2672 πλάνης
232 2636 444 2674 ὴλευθέρῳνται,
459 2637 504 2663 τὸν
524 2637 545 2663 δ’
562 2637 608 2662 ἐπὶ
624 2637 731 2663 πάντων
742 2636 808 2662 Θεὸν
827 2635 904 2662 εὐσε-

115 2682 225 2715 ϐοῦντες
237 2683 413 2710 διατελοῦσιν.
429 2681 485 2710 Εἶθ’
501 2684 525 2710 οἱ
548 2683 596 2718 μὲν
615 2682 745 2718 αἰσχύνην
767 2682 903 2718 καταχεά-

115 2739 190 2766 μενος
205 2727 298 2765 ὲφόἷς
313 2729 440 2767 ἔδρασαν,
457 2731 652 2767 ὲνετράπησαν,
674 2730 697 2755 oi
719 2729 747 2755 δὲ
766 2729 836 2764 χαρᾷ
857 2729 904 2755 καὶ

113 2776 268 2814 παρρησίας
282 2776 418 2813 ὁσημέραι
442 2776 621 2813 πληροῦνται·
638 2775 676 2807 ὡς
691 2775 858 2811 πληροῦσθαι
875 2774 904 2800 τὸ

113 2822 188 2859 πυρὰ
199 2822 312 2850 Μωῦσεί
329 2822 417 2857 λόγιον
433 2822 521 2858 φῆσαν
536 2821 602 2856 πρὸς
616 2820 661 2847 τὸν
680 2818 811 2846 Ἰουδαίων
824 2818 902 2845 λαόνο

145 2914 168 2941 9⁷
186 2914 342 2950 PsalJth,
357 2913 402 2941 21.
440 2914 462 2929 ⁵⁵
481 2911 533 2940 lsa.
553 2919 623 2944 xui,
643 2911 685 2938 li.
724 2909 746 2926 δ’
766 2909 818 2937 lsu.
836 2917 906 2941 xxv,
924 2907 950 2935 8.

958 1678 1058 1703 meam,
1072 1675 1100 1698 et
1123 1670 1274 1699 Ecclesiam
1301 1670 1365 1698 item
1396 1678 1484 1698 meam
1505 1670 1559 1698 late
1576 1679 1624 1705 per
1651 1667 1746 1697 orbem

958 1723 1134 1753 propagatam
1150 1716 1331 1752 conspicient.
1351 1715 1375 1747 Is
1390 1723 1509 1751 namque
1525 1716 1684 1749 devoratur,
1699 1717 1745 1753 qui

958 1764 1042 1791 semel
1054 1763 1081 1791 in
1093 1763 1260 1799 profundum
1277 1763 1415 1798 delapsus,
1426 1762 1490 1790 inde
1508 1769 1648 1797 nunquam
1662 1770 1749 1791 emcr-

933 1820 938 1825 -
957 1810 996 1845 git
1011 1820 1018 1837 :
1036 1810 1075 1838 sic
1088 1810 1160 1837 enim
1177 1817 1252 1837 tnors
1266 1809 1342 1841 olim,
1357 1816 1420 1836 cum
1448 1808 1616 1844 praevaleret,
1631 1808 1745 1836 devora-

957 1855 1014 1882 bat.
1040 1855 1139 1882 Verum
1162 1855 1208 1890 qui
1228 1854 1350 1882 devorati
1376 1857 1451 1886 sunt,
1471 1854 1527 1889 jam
1552 1857 1744 1886 revertuntur.

957 1909 1042 1937 quare
1051 1901 1154 1928 dictum
1167 1905 1209 1929 est
1228 1910 1235 1929 :
1253 1900 1287 1927 Et
1301 1909 1406 1928 rursum
1418 1901 1528 1928 abstulit
1544 1899 1673 1928 Dominus
1688 1909 1745 1928 am-

956 1955 1015 1985 nem
1033 1947 1177 1983 lacrymam
1191 1947 1223 1973 ab
1243 1947 1313 1974 omni
1325 1947 1399 1974 vultu
1414 1947 1449 1972 δ’.

992 2079 1043 2107 Hic
1067 2079 1150 2114 igitur
1165 2078 1274 2106 etiamsi
1300 2078 1334 2106 ad
1355 2082 1462 2114 tempus
1482 2078 1572 2113 ip5utu
1600 2078 1745 2107 devorasse

956 2126 1007 2154 visi
1023 2130 1104 2159 sunt;
1116 2130 1144 2153 at
1158 2134 1212 2153 non
1230 2126 1258 2153 in
1272 2125 1352 2152 ﬁnem
1365 2133 1462 2160 usque,
1479 2125 1578 2160 inquit,
1591 2124 1628 2152 ita
1641 2125 1743 2159 dicent,

957 2173 1168 2210 prophetieeque
1182 2173 1274 2201 statim
1287 2172 1454 2199 vaticinatur
1466 2181 1473 2199 :
1489 2170 1653 2198 Erubescant
1670 2177 1694 2198 et
1705 2180 1745 2199 re-

957 2224 1094 2247 vereantur
1106 2219 1196 2251 simul,
1212 2218 1257 2253 qui
1267 2218 1440 2253 gratulantur
1454 2217 1533 2244 malis
1543 2217 1618 2244 meis.
1629 2216 1746 2244 Induan-

957 2270 1001 2291 tur
1027 2263 1178 2298 confusione
1196 2268 1220 2291 et
1246 2263 1392 2292 reverentia
1416 2263 1462 2298 qui
1489 2270 1586 2297 magna
1603 2263 1745 2297 loquuntur

957 2318 1034 2345 super
1050 2318 1099 2337 me.
1125 2309 1188 2337 Haec
1215 2317 1299 2344 porro
1315 2316 1396 2344 quem
1417 2309 1499 2336 linem
1520 2307 1617 2335 sortita
1639 2307 1695 2334 sint
1709 2306 1744 2334 ad

958 2363 1103 2391 personam
1124 2355 1277 2382 Salvatoris
1293 2354 1383 2382 nostri
1400 2353 1524 2386 reducta,
1539 2352 1690 2387 intelligere
1703 2351 1745 2378 fa-

958 2401 1009 2429 cile
1020 2405 1071 2428 est.
1089 2399 1128 2427 Ex
1139 2407 1172 2427 eo
1186 2394 1286 2434 quippe
1302 2399 1336 2426 ad
1352 2398 1405 2426 hoc
1421 2405 1510 2433 usque
1523 2401 1631 2432 tempus
1644 2396 1743 2431 abjecti

958 2454 990 2474 ac
1006 2446 1112 2485 depulsi
1127 2449 1202 2477 sunt,
1226 2445 1271 2480 qui
1289 2445 1354 2472 olim
1377 2444 1466 2480 gratia
1488 2443 1624 2478 donisque
1648 2442 1744 2471 multis

957 2493 1136 2521 ornabantur.
1167 2491 1202 2519 At
1229 2495 1363 2528 quotquot
1393 2498 1426 2518 ex
1457 2489 1585 2525 gentibus
1608 2489 1743 2518 universis

956 2545 1029 2570 eum,
1043 2538 1090 2572 qui
1113 2537 1149 2564 ab
1171 2537 1226 2566 illis
1251 2536 1414 2565 interfectus
1435 2539 1488 2569 est,
1503 2540 1674 2570 receperunt,
1692 2535 1713 2564 ii
1726 2544 1744 2564 a

957 2585 1104 2612 multorum
1128 2584 1242 2611 deorum
1267 2591 1361 2611 errore
1380 2582 1487 2610 liberati
1505 2585 1580 2615 sunt,
1604 2581 1743 2618 Deumque

957 2630 1148 2658 universorum
1178 2633 1337 2657 constanter
1366 2636 1399 2656 ac
1423 2628 1468 2664 pie
1501 2628 1606 2656 colunt.
1636 2627 1744 2656 Exhinc

957 2683 1040 2712 porro
1054 2676 1092 2703 illi
1103 2676 1224 2711 quidem,
1236 2675 1272 2702 ob
1287 2674 1395 2702 facinus
1405 2677 1523 2707 tantum,
1536 2674 1642 2710 pudore
1653 2672 1743 2701 allecti

959 2731 990 2751 ac
1020 2723 1127 2750 confusi
1154 2725 1232 2755 sunt;
1249 2721 1288 2749 illi
1304 2724 1395 2749 autem
1416 2720 1516 2756 gaudio
1544 2719 1699 2755 ﬁduciaque
1713 2718 1742 2746 in

958 2770 1017 2797 dies
1030 2770 1189 2805 replentur;
1205 2769 1242 2795 ita
1273 2771 1302 2795 ut
1327 2767 1395 2795 illud
1421 2767 1521 2803 Moysis
1540 2766 1680 2795 oraculum
1705 2764 1742 2795 ad

958 2816 1113 2845 Judazorum
1131 2815 1260 2852 populum
1282 2819 1409 2850 spectans
1429 2814 1574 2851 impleatur
1592 2824 1599 2842 :
1615 2811 1743 2848 Prosct'yy.
