2056 3214
349 188 400 216 519

695 184 829 214 EUSEBU
848 185 1085 213 CASSARIENSIS
1104 184 1179 213 OPP.
1199 184 1288 212 PARS
1307 184 1350 213 lli.
1363 200 1397 206 —
1416 183 1618 212 EXEGETICA.

1917 181 1969 211 320

349 246 456 275 Veritas
471 246 561 282 itaque
578 246 625 274 Dei
642 245 669 273 in
686 246 756 273 coelo
768 250 810 274 est
826 254 833 273 :
847 247 910 274 Inde
922 253 985 274 vero
1001 253 1051 274 ceu
1070 246 1113 280 plu

1176 246 1207 272 ὲν
1223 245 1309 281 ἑτέρῳ
1320 244 1443 272 λέλεκται
1451 254 1458 261 ·
1481 245 1531 272 Ἐν
1542 244 1581 276 τῷ
1591 242 1706 277 οὐρανῷ
1721 242 1966 278 ἑτοιμασθήσεται

343 293 386 320 via
401 293 427 320 in
446 293 564 320 nubibus
580 293 635 319 lata
652 292 736 320 stillat
752 291 779 318 in
797 296 908 319 terram.
935 291 997 319 Ideo
1013 292 1123 323 dicitur,

342 338 377 365 Et
394 339 488 366 veritas
498 342 546 365 tua
558 346 637 373 usque
653 338 686 364 ad
698 337 789 365 nubes.
807 337 846 365 Ex
860 337 978 366 nubibus
995 343 1083 365 autem
1097 338 1124 364 in

342 385 466 413 homines
487 385 589 413 veritas
614 384 660 411 Dei
685 383 855 417 effunditur;
872 383 958 411 nubes
982 391 1047 410 vero
1064 391 1125 418 pro.

341 432 438 466 phetas
459 435 486 459 et
513 431 649 466 angelicas
666 430 789 461 virtutes,
807 437 821 456 a
838 430 944 465 quibus
958 429 1059 457 veritas
1076 429 1124 456 Dei

340 476 497 504 hominibus
513 475 594 502 allata
609 480 660 507 est,
676 474 818 509 Scriptura
831 474 900 502 solet
910 474 1055 509 appellare.
1077 473 1123 501 Sic

341 522 368 549 in
398 521 469 549 Isaia
491 522 591 548 dictum
604 524 646 548 est
659 529 664 546 :
678 520 711 547 Et
724 520 836 550 nubibus
847 520 977 547 mandabo
988 529 1019 547 ne
1030 520 1125 554 pluunt

339 575 417 602 super
425 576 481 594 eam
491 567 599 594 imbrem
609 567 643 599 “,
654 567 759 594 scilicet
774 574 855 602 super
866 565 880 593 .1
885 566 1021 594 udaeorum
1039 574 1125 602 popu-

340 613 405 645 lum,
421 613 464 648 quf
481 613 585 648 tropice
601 613 680 641 vinea
702 617 826 641 vocatur.

1179 292 1200 325 ἡ
1216 291 1341 324 ἀλήθειά
1360 299 1427 318 σου.
1446 291 1523 317 Ἐστι
1539 291 1587 326 μὲν
1600 287 1646 316 οὖν
1662 290 1678 325 ἡ
1696 289 1807 325 ἀλήθεια
1829 289 1877 316 τοῦ
1891 290 1964 330 ,Θεοῦ

1179 337 1209 363 ἑν
1226 337 1266 372 τῷ
1282 337 1398 372 οὐρανῷ,
1415 337 1491 372 δίκην
1517 337 1546 363 δὲ
1561 336 1638 363 ὑετοῦ
1658 336 1804 371 φερομένου
1819 335 1864 362 διὰ
1879 336 1964 371 νεφῶν

1178 383 1227 410 καὶ
1256 383 1336 419 μέχρι
1357 383 1406 419 τῆς
1433 384 1484 418 γῆς
1513 382 1662 414 ἑπιστάζει.
1678 383 1723 408 Διὸ
1738 382 1862 418 εἴρηται-
1879 383 1933 409 hat
1947 384 1964 417 ἡ

1177 428 1305 463 ἀλήθειά
1319 437 1376 455 σου
1388 429 1443 462 ἕως
1455 428 1514 455 τῶν
1524 427 1669 463 νεφελῶν.
1687 428 1733 453 Ἐκ
1747 428 1775 454 δὲ
1791 427 1844 453 τῶν
1857 427 1964 462 λεγομέ-

1179 476 1233 502 νῶν
1243 475 1360 510 νεφελῶν
1371 476 1418 502 καὶ
1431 476 1470 506 εἰς
1483 475 1530 501 ἀνθ
1536 474 1641 510 ρώπους
1652 474 1795 509 προχέεται
1808 475 1825 509 ἡ
1838 473 1887 500 τοῦ
1899 473 1963 501 Θεοῦ

1178 521 1293 558 ἀλήθεια
1303 530 1310 536 ”
1327 521 1440 556 νεφέλας
1459 521 1488 547 δὲ
1499 521 1562 552 τοὺς
1575 521 1715 557 προφήτας
1729 521 1745 556 ἦ
1757 520 1805 551 τὰς
1818 519 1963 554 ἀγγελικὰς

1178 566 1319 602 δυνάμεις,
1331 567 1364 593 δι’
1378 563 1416 593 ὧν
1429 567 1445 602 ή
1459 565 1571 602 ἀλήθεια
1587 566 1633 592 τοῦ
1649 565 1716 592 Θεοῦ
1733 567 1779 592 καὶ
1799 567 1839 597 εἰς
1862 565 1962 600 ἀνθρὼ-

1180 622 1247 644 πους
1267 613 1458 649 κατελήλυθεν,
1473 612 1567 640 εἴωθεν
1587 614 1601 639 ὁ
1622 612 1699 646 λόγος
1719 612 1872 647 ὀνομάζειν.
1888 612 1961 639 Οὕτω

339 659 460 687 λέλεκται
476 661 504 686 ὲν
524 661 636 696 Ἡσαΐᾳ·
649 660 703 687 Καὶ
720 660 783 693 ταῖς
810 660 951 695 νεφέλαις
968 660 1145 695 ἐντελοῦμαι
1164 660 1217 688 τοῦ
1239 660 1282 696 μὴ
1302 660 1409 695 βρέξαι
1430 661 1474 694 εις
1496 659 1591 687 αὑτὸν
1613 659 1712 691 ὑετὸν,
1733 658 1833 694 δηλαδὴ
1856 659 1898 691 εἰς
1919 659 1961 685 τὸν

344 707 477 734 Ἰουδαίων
506 706 579 738 λαὸν,
601 706 750 742 ἀμπελῶνα
771 707 909 742 τροπικῶς
921 706 1123 742 ὠνομασμένον.

370 754 411 781 Ad
424 754 480 781 haec
496 757 596 786 autem,
611 753 717 789 justitia
731 757 788 786 tua,
804 753 902 789 inquit,
919 753 1042 786 Domine,
1059 762 1118 781 ma-

336 807 389 836 gna
404 801 577 836 excelsaque,
595 801 745 834 montibus,
761 801 816 830 imo
832 801 972 829 montibus
983 801 1029 829 Dei
1045 809 1119 828 com-

337 851 459 882 paratur,
477 855 509 874 ac
524 847 748 882 insuperjudieia
766 851 812 875 tua
824 847 1119 883 incomprehensibilia.
1139 862 1158 889 Β

336 891 569 924 Quemadmodum
581 893 652 920 enim
671 893 798 929 abyssus,
815 897 844 921 ut
859 897 968 925 vocant,
988 894 1121 922 immensa

334 941 362 964 et
373 937 530 964 hominibus
544 937 830 974 incomprehensibilis
842 943 899 973 est;
914 939 986 974 quod
1003 947 1069 967 sane
1079 940 1121 968 his

335 983 513 1019 signiﬁcatur,
527 992 624 1019 ponens
638 994 664 1011 ιιι
677 985 806 1013 thesauris
817 986 943 1020 abyssos:
957 986 1119 1020 sicjudicia,

335 1029 458 1061 Domine,
473 1038 534 1066 quae
548 1038 578 1058 ex
593 1031 700 1065 justitia
725 1031 857 1066 prodeunt
873 1036 929 1064 tua,
943 1040 993 1059 ceu
1007 1033 1117 1068 abyssus

335 1077 417 1104 multa
427 1077 449 1093 ⁵⁷
460 1081 534 1105 sunt.
549 1076 602 1104 Pro
617 1077 664 1104 illo
678 1081 779 1109 autem,
789 1078 896 1112 justitiu
911 1083 955 1105 tua
966 1079 1033 1105 sicut
1043 1087 1117 1106 mon-

334 1127 372 1150 tes
391 1122 456 1154 Dei;
478 1123 587 1158 Aquila,
607 1122 716 1157 justitia
741 1127 787 1150 tua
810 1124 877 1150 sicut
891 1130 990 1152 montes
1005 1125 1117 1158 robusti,

334 1166 529 1202 interpretatus
548 1170 599 1195 est.
618 1167 679 1195 Hatc
694 1176 776 1203 porro
789 1169 880 1195 omnia
894 1174 1048 1204 opportune
1065 1179 1118 1198 me-

333 1216 498 1239 morantur:
515 1212 735 1248 declaraturque,
763 1221 811 1249 per
836 1214 1049 1242 misericordiam
1070 1215 1116 1244 Dei

333 1265 396 1292 quae
413 1259 440 1286 in
455 1259 526 1286 ccelo
547 1264 600 1291 est,
622 1268 671 1295 per
687 1259 828 1288 veritatem
843 1264 870 1287 et
890 1261 1024 1295 justitiam
1045 1262 1116 1298 ejus,

336 1310 367 1330 ac
379 1311 427 1339 per
442 1305 518 1337 illud,
537 1304 648 1332 Judicia
666 1306 722 1340 ejus
735 1311 763 1333 ut
787 1305 897 1341 abyssus
911 1307 994 1335 multa
1016 1310 1116 1336 incom-

329 1349 517 1383 pre/tensibilia
543 1355 622 1383 sunt,
648 1351 756 1387 impios,
791 1353 884 1381 athcos
909 1358 936 1381 et
961 1360 1116 1389 peccatores

331 1402 385 1423 non
401 1395 456 1423 vita
471 1397 570 1428 solum,
587 1397 634 1425 sed
651 1398 764 1433 reliquis
781 1399 863 1426 etiam
879 1399 932 1427 frui
944 1401 1022 1429 bonis
1038 1409 1052 1428 a
1065 1402 1115 1430 ho-

330 1440 417 1469 nitate
432 1442 517 1477 ipsius
529 1443 757 1473 subministratis.

1213 753 1273 779 Ἔτι
1301 753 1369 788 πρὸς
1388 752 1493 784 τούτοις
1517 754 1533 787 ἠ
1559 751 1714 786 δικαιοσύνη
1738 760 1795 783 σου,
1823 752 1920 787 φησιν,
1940 748 1961 778 ὦ

1175 799 1271 834 Κύριε,
1281 797 1384 833 μεγάλη
1398 798 1525 833 τυγχάνει
1537 798 1583 824 καὶ
1598 797 1696 832 ὑψηλὴ,
1705 797 1778 832 ὕρεσι
1793 796 1961 832 παραϐαλλο-

1176 845 1253 880 μένη,
1271 845 1316 870 καὶ
1330 844 1403 880 ὄρεσι
1421 844 1498 875 Θεοῦ,
1515 845 1561 871 καὶ
1585 844 1652 879 πρὸς
1672 843 1776 876 τούτοις
1792 843 1826 870 τὰ
1843 843 1961 879 κρίματά

1174 899 1221 916 σου
1245 891 1435 926 ἀκατάληπτα.
1469 891 1513 921 Ὡς
1540 890 1594 926 γὰρ
1617 891 1632 925 ἡ
1662 889 1816 925 καλουμένη
1847 889 1961 921 ἄϐυσσος

1172 937 1284 972 ἄπειρός
1307 939 1381 964 ἐστιν
1410 936 1562 972 ἀνθρώποις
1587 935 1634 962 καὶ
1654 934 1868 970 ἀκατάληπτος·
1894 935 1908 960 ὃ
1931 934 1960 969 δὴ

1171 984 1300 1018 σημαίνει
1312 985 1326 1009 ὁ
1337 983 1424 1018 φήσας
1437 982 1524 1016 λόγος’
1537 981 1628 1014 Τιθεῑς
1645 980 1680 1007 ἐν
1695 979 1857 1014 θησαιφοῖς
1871 981 1961 1008 ἀϐύσ-

1171 1036 1246 1062 σους
1257 1038 1263 1043 ·
1277 1028 1362 1060 οὓτως
1377 1028 1423 1054 καὶ
1437 1027 1470 1053 τὰ
1486 1026 1519 1054 σὰ
1534 1026 1665 1062 κρίματα,
1678 1022 1701 1051 ὦ
1718 1024 1814 1061 Κύριε,
1823 1025 1857 1052 τὰ
1871 1026 1902 1051 ὲκ
1914 1024 1960 1059 τῆς

1172 1075 1220 1110 σῆς
1258 1075 1430 1110 δικαιοσύνης
1471 1073 1617 1109 φερόμενα,
1641 1072 1679 1104 ὡς
1714 1073 1733 1106 ἡ
1749 1072 1888 1104 ἄϐυσσος
1904 1071 1959 1097 ἐστι

1170 1121 1280 1154 πολλή.
1303 1122 1375 1148 ’Λντὶ
1392 1122 1420 1148 δὲ
1436 1120 1494 1152 τοῦ,
1516 1121 1551 1147 ἸΙ
1564 1119 1740 1152 δικαιοσύνη
1763 1126 1821 1144 σου
1846 1118 1887 1150 ὠς
1908 1118 1958 1151 ὅρη

1171 1167 1255 1200 Θεοῦ,
1271 1169 1285 1194 ὸ
1305 1167 1429 1199 Ἀκύλας,
1444 1166 1623 1199 Δικαιοσύνη
1640 1173 1698 1192 σου
1711 1165 1751 1197 ὡς
1768 1164 1822 1198 ὅρη
1840 1163 1958 1198 ἱσχψὰ,

1169 1213 1336 1248 ἡρμήνευσε.
1357 1212 1464 1238 Τούτων
1477 1211 1506 1238 δὲ
1519 1211 1628 1238 πάντων
1641 1209 1776 1245 εὐκαίρως
1790 1209 1957 1244 ἐμνημόνευ-

1170 1266 1214 1284 σεν
1228 1258 1243 1283 ὁ
1262 1257 1354 1291 λόγος·
1372 1257 1490 1288 δεικνὺς,
1504 1257 1545 1283 ὅτι
1565 1256 1609 1282 διὰ
1630 1255 1660 1282 τδ
1673 1255 1746 1286 ἔλεός
1763 1263 1810 1281 σου
1828 1255 1875 1281 τοῦ
1892 1254 1958 1281 Θεοῦ

1169 1301 1200 1328 τὸ
1219 1302 1248 1328 ἐν
1263 1301 1302 1337 τῷ
1320 1301 1435 1337 οὐρανῷ,
1453 1302 1499 1328 καὶ
1515 1301 1560 1327 διὰ
1581 1301 1630 1336 τὴν
1656 1300 1785 1336 ἀλήθειαν
1807 1298 1891 1326 αὐτοῦ
1913 1300 1957 1325 καὶ

1169 1345 1214 1372 διὰ
1235 1347 1283 1382 τὴν
1296 1347 1468 1383 δικαιοσύνην
1483 1346 1576 1379 αὑτοῦ,
1592 1347 1638 1373 καὶ
1651 1346 1695 1373 διὰ
1711 1346 1758 1372 τό·
1778 1346 1823 1377 Ὦς
1841 1345 1958 1377 ἄϐυσσος

1167 1392 1251 1427 πολλὴ
1272 1393 1454 1428 ἀκατάληπτα
1472 1392 1506 1420 τὰ
1527 1393 1648 1428 κρίματα
1664 1391 1758 1425 αὐτοῦ,
1782 1391 1830 1419 καὶ
1850 1391 1956 1423 ἀσεϐεῖς

1169 1439 1216 1465 καὶ
1229 1438 1303 1466 ἄθεοι
1313 1433 1361 1466 καὶ
1377 1439 1532 1475 ἁμαρτωλοὶ
1548 1440 1578 1466 οὐ
1592 1439 1670 1476 μόνον
1682 1438 1754 1475 ζωῆς
1765 1438 1954 1473 ἀπολαύουσιν,

330 1487 398 1514 ἀλλὰ
416 1489 462 1515 καὶ
486 1490 540 1516 τῶν
561 1490 663 1518 λοιπῶν
692 1492 746 1519 τῶν
774 1493 827 1521 ἀπὸ
847 1494 896 1530 τῆς
917 1494 1118 1532 φιλανθρωπίας
1137 1497 1218 1524 αὐτοῦ
1230 1498 1448 1534 χορηγουμένων.

366 1544 447 1573 Vsus.
464 1546 490 1574 8.
507 1547 689 1584 Quamobrem
717 1551 846 1586 adjicitur
863 1562 869 1580 :
889 1553 1014 1582 Homines
1027 1559 1052 1582 et
1066 1556 1112 1591 ju-

329 1596 415 1636 menla
428 1592 555 1626 salvabis,
564 1594 692 1627 Domine;
703 1598 922 1632 quemadmodum
929 1600 1111 1636 multiplicasti
1125 1593 1145 1627 (ἶ

329 1635 540 1663 misericordiam
556 1642 640 1671 tuam.
656 1640 738 1669 Deus.
754 1641 820 1668 Nam
836 1635 1054 1680 propter-judicia
1068 1650 1113 1673 tua

328 1687 389 1715 quae
405 1684 435 1707 ut
461 1682 579 1717 ahyssus
602 1685 687 1712 multa
711 1691 785 1719 sunt,
812 1693 924 1723 propter
936 1690 1070 1724 justitiam
1086 1695 1114 1719 et

326 1725 470 1753 veritatem
482 1731 555 1755 tuam
568 1737 628 1764 qua:
639 1730 666 1757 in
680 1732 750 1759 cmlo
758 1736 810 1765 est,
824 1733 948 1763 homines
957 1736 1113 1771 etjumcnta

327 1771 410 1800 simul
428 1773 543 1801 salutem
561 1776 693 1804 obtinent.
708 1777 754 1805 Sic
767 1779 949 1814 multiplicasti
964 1782 1112 1809 misericor-

327 1816 400 1843 diam
417 1821 500 1850 tuam,
513 1818 629 1851 Deus,ut
644 1829 698 1848 non
711 1823 792 1850 modo
807 1825 853 1859 qui
870 1824 955 1859 digni,
971 1827 1018 1854 sed
1030 1827 1111 1854 etiam

328 1862 375 1898 qui
404 1864 493 1892 brutis
511 1866 634 1894 moribus
657 1871 685 1896 et
708 1868 868 1904 insipientes
891 1876 953 1898 sunt
974 1872 1108 1905 homines,

326 1909 381 1937 vita
406 1910 455 1938 abs
480 1914 507 1938 te
532 1911 595 1940 data
622 1913 757 1942 fruantur.
788 1915 1012 1952 Quandoquidem
1037 1919 1109 1946 enim

325 1955 405 1983 multi
421 1963 627 1993 conqueruntur
637 1964 664 1989 et
678 1963 851 1997 expostulant
862 1971 922 1991 cum
937 1964 983 1992 illo
995 1965 1038 1993 his
1054 1973 1111 1993 ver-

325 2002 384 2030 bis:
397 2002 487 2035 Quare
500 2003 576 2039 impii
586 2013 715 2041 prospere
725 2012 819 2042 agunt,
827 2016 859 2036 ac
870 2009 914 2037 Dei
925 2010 1003 2038 bonis
1016 2010 1109 2038 fruun-

325 2048 388 2075 ωτι
402 2049 561 2077 necessario
581 2051 660 2079 docet
678 2053 789 2081 multam
808 2054 868 2089 ejus
889 2056 1107 2084 misericordiam

325 2100 395 2120 esse.
409 2094 443 2120 At
457 2094 481 2121 si
494 2095 682 2125 misericordia
697 2101 803 2126 tantum
819 2108 851 2127 ac
861 2101 1004 2130 clementia
1018 2103 1107 2132 exsis-

324 2141 403 2170 teret,
420 2138 488 2166 nihil
502 2146 517 2166 a
532 2145 706 2175 peccatorum
724 2143 779 2171 vita
795 2144 913 2173 ineunda
924 2153 1038 2177 arceret.
1051 2148 1105 2176 Vc-

324 2190 386 2210 rum
409 2183 506 2212 edocet
520 2185 566 2213 ille
579 2187 720 2216 veritatem
735 2194 763 2217 et
790 2190 925 2225 justitiam
944 2201 1006 2220 cum
1024 2195 1105 2223 mise-

322 2227 440 2255 ricordia
456 2229 578 2263 misceri,
591 2231 629 2258 ita
646 2235 675 2259 ut
692 2237 754 2268 post
772 2235 986 2264 miscricordiam
998 2238 1104 2273 justitia

1203 1557 1248 1584 Διὸ
1263 1557 1417 1592 ὲπιλέγεται
1430 1567 1436 1573 ·
1461 1558 1642 1592 Ἀνθρώπους
1661 1558 1709 1585 καὶ
1723 1557 1817 1591 κτήνη
1833 1557 1952 1591 σώσεις,

1161 1603 1260 1637 Κύριε,
1275 1603 1315 1637 ὠς
1330 1603 1503 1637 ἐπλήϐυνας
1519 1605 1553 1631 τὸ
1571 1605 1658 1638 ἔλεός
1679 1612 1749 1638 σου,
1761 1606 1777 1635 d
1801 1605 1884 1638 Θεὸς.
1906 1604 1953 1630 Διὰ

1165 1648 1220 1684 γὰρ
1247 1648 1281 1675 τὰ
1303 1650 1425 1684 κρίματα
1442 1659 1488 1676 σου
1507 1650 1539 1677 τὰ
1554 1651 1591 1682 ὡς
1606 1650 1721 1683 ἄϐυσσος
1743 1650 1839 1686 πολλὴ,
1851 1651 1899 1677 καὶ
1912 1651 1952 1677 διὰ

1163 1693 1211 1728 τὴν
1226 1693 1397 1730 δικαιοσύνην
1411 1703 1456 1721 σου
1473 1695 1519 1722 καὶ
1536 1695 1584 1731 τὴν
1601 1695 1727 1730 ἀλήθειάν
1745 1704 1791 1722 σου
1807 1695 1856 1731 τὴν
1872 1696 1900 1722 ἐν
1916 1694 1952 1730 τῷ

1163 1739 1278 1775 οὐρανῷ,
1289 1740 1427 1775 ἄνθρωποι
1442 1742 1489 1768 καὶ
1508 1742 1592 1777 κτήνη
1607 1741 1715 1768 κατὰτὸ
1726 1742 1791 1768 αὐτὸ
1804 1740 1950 1773 σώζονται⁸

1161 1785 1247 1817 οὕτως
1257 1785 1432 1820 ἐπλήθυνιῖς
1441 1786 1474 1813 τὸ
1485 1785 1572 1820 ἔλεός
1586 1794 1656 1821 σου,
1669 1787 1750 1820 Θεὸς,
1767 1787 1806 1819 ὡς
1820 1787 1857 1823 μὴ
1875 1787 1950 1822 μόνον

1160 1831 1222 1862 τοὺς
1238 1831 1329 1864 ἀξίους
1344 1832 1393 1867 τῆς
1409 1833 1441 1859 ἐκ
1466 1833 1513 1860 σοῦ
1532 1833 1605 1868 ζωῆς
1630 1833 1858 1869 μεταλαμϐάνειν,
1884 1833 1949 1860 ἀλλὰ

1161 1876 1206 1903 καὶ
1229 1878 1291 1909 τοὺς
1310 1873 1459 1914 κτηνὼδεις
1482 1879 1529 1906 καὶ
1555 1880 1684 1915 ἀνοήτους
1710 1879 1764 1906 τῶν
1786 1879 1946 1916 ἀνθρώπων.

1166 1922 1272 1958 Ἐπειδὴ
1299 1923 1352 1959 γὰρ
1376 1924 1468 1950 πολλοὶ
1494 1924 1644 1960 μέμφονται
1666 1925 1713 1952 καὶ
1739 1924 1946 1952 καταιτιῶνται-

1161 1967 1218 1994 "Iv:
1232 1967 1258 1993 τί
1274 1968 1381 2000 ἀσεϐεῖς
1393 1968 1546 2004 εὐθηνοῦσι,
1565 1969 1612 1995 καὶ
1625 1969 1678 1995 τῶν
1695 1969 1741 1995 τοῦ
1755 1968 1822 1995 Θεοῦ
1840 1969 1947 2003 ἀγαθῶ-ι

1158 2013 1357 2047 ἁπολαύουσινς
1388 2015 1545 2049 ἀναγκαίως
1574 2015 1703 2047 διδάσκει,
1731 2015 1773 2042 ὅτι
1804 2015 1947 2047 πολυέλεός

1158 2060 1242 2086 ἐστιν.
1262 2060 1329 2087 Ἀλλ’
1342 2061 1367 2087 εί
1386 2061 1435 2096 μὲν
1449 2059 1482 2097 ἦν
1502 2061 1573 2093 ἔλεος
1588 2061 1667 2097 μόνον
1684 2061 1730 2088 καλ⁴
1746 2061 1944 2097 φιλανθρωπία,

1156 2103 1233 2130 οὐδὲν
1245 2105 1361 2132 ἐκώλυεν
1375 2106 1421 2132 τὸν
1435 2106 1488 2134 τῶν
1500 2106 1667 2143 ἁμαρτωλῶν
1682 2106 1859 2142 μετέρχεσθαι
1870 2108 1927 2142 βίον
1937 2116 1944 2123 ο

1155 2149 1274 2177 διδάσκει
1298 2151 1336 2183 δὲ,
1357 2151 1397 2178 ὅτι
1424 2153 1472 2179 σὺν
1487 2153 1524 2188 τῷ
1543 2152 1609 2188 ἐλέῳ
1630 2153 1815 2188 ἀνακέκραται
1832 2152 1946 2188 ἀλήθεια

1155 2195 1203 2221 καὶ
1214 2195 1382 2232 δικαιοσύνη,
1396 2197 1433 2229 ὡς
1444 2197 1492 2233 τῆς
1500 2198 1675 2233 δικαιοσύνης
1686 2198 1734 2224 καὶ
1752 2198 1802 2233 τῆς
1815 2198 1944 2234 ἀληθείας

1153 2239 1351 2276 διαληψομένης
1365 2242 1427 2273 τοὺς
1438 2236 1614 2278 ἁμαρτωλοὺς
1628 2244 1696 2279 μετὰ
1713 2245 1743 2270 τὸ
1755 2244 1837 2276 ἕλεος.
1849 2245 1881 2271 Εἰ
1892 2244 1945 2280 γὰρ

321 2276 348 2300 et
370 2273 471 2302 veritas
492 2280 650 2310 peccatores
671 2282 824 2314 exceptura:
846 2285 919 2309 sunt.
936 2282 1003 2311 Nam
1029 2285 1052 2312 si
1069 2293 1102 2313 ex

1164 2288 1193 2323 ιὴ
1209 2289 1353 2323 ὼφελοῐντο
1364 2289 1402 2324 τῷ
1417 2290 1483 2325 ἐλέῳ
1497 2290 1543 2316 καὶ
1558 2292 1590 2326 τῇ
1610 2290 1784 2326 μακροθυμίᾳ
1801 2289 1848 2316 τοῦ
1863 2290 1942 2322 Θεοῦ,

320 2319 510 2348 misericordia
533 2326 561 2349 et
581 2323 712 2358 patientia
729 2323 776 2353 Dei
792 2326 858 2354 nihil
873 2328 996 2357 utilitatis
1013 2331 1096 2366 perci-

319 2365 406 2401 piant,
420 2366 526 2401 justitia
542 2372 569 2395 et
584 2368 686 2397 veritus
698 2370 757 2405 ejus
773 2371 883 2400 invadet
899 2374 960 2402 illos
979 2365 1101 2411 :judicio

318 2412 417 2447 quippe
425 2414 501 2447 justo
514 2413 703 2449 subjicientur.
721 2416 790 2444 Sunt
808 2419 879 2446 enim
898 2428 1003 2454 revera,
1024 2426 1098 2457 sunt,

319 2455 439 2492 inquam,
463 2458 564 2493 judicia
590 2459 636 2488 Dei
657 2463 781 2496 occulta;
802 2465 887 2493 multa
915 2455 1100 2503 immensaque

319 2503 501 2538 profunditas,
519 2506 571 2538 vel,
588 2511 618 2534 ut
634 2508 671 2535 ait
685 2508 835 2544 Scriptura,
848 2511 958 2547 abyssus
971 2514 1055 2541 multa
1071 2516 1098 2543 in

316 2548 480 2584 iudiciorum
498 2553 557 2587 ejus
574 2555 680 2582 ratione
696 2557 943 2591 comprehenditur.
962 2559 1024 2588 Haec
1046 2561 1098 2596 igi-

315 2597 362 2623 tur
377 2597 474 2631 impios
488 2604 607 2627 manent.

353 2637 436 2667 Vens.
450 2640 476 2672 9,
490 2642 532 2669 10.
547 2642 612 2671 Filii
624 2649 711 2672 autem
727 2646 860 2675 hominum
874 2649 900 2676 in
916 2652 1025 2685 tegmine
1036 2651 1094 2679 ala-

314 2692 373 2712 rum
397 2691 501 2713 tuurum
526 2690 675 2722 sperabunt.
699 2691 904 2722 Inebriabunlur
918 2695 951 2722 ab
977 2697 1094 2724 ubertate

314 2731 406 2760 domus
421 2738 483 2766 tum,
500 2739 525 2762 et
542 2740 654 2765 torrente
682 2739 821 2774 voluptatis
834 2745 886 2768 tuw
910 2742 1012 2776 putabis
1038 2752 1092 2771 eos.

315 2777 445 2810 Quoniam
463 2780 532 2814 apud
542 2785 566 2809 le
577 2788 615 2809 est
630 2783 688 2818 fons
702 2786 769 2818 υιιω,
784 2787 810 2814 in
827 2787 925 2815 lumine
945 2793 988 2816 tuo
1001 2789 1094 2817 videbi-

314 2833 370 2851 mus
384 2826 480 2853 lumen.
502 2827 634 2861 Quoniam
653 2829 755 2864 judicia
784 2837 829 2859 Iua
855 2834 970 2869 abyssus
996 2836 1089 2870 multa,

349 2902 370 2924 εδ
390 2902 440 2937 lsa.
459 2913 491 2938 v,
508 2905 532 2934 6.
572 2908 592 2923 ⁸⁷
614 2907 685 2935 Psal.
707 2916 788 2942 xxxi,
809 2909 834 2943 ἶ.

1153 2335 1169 2370 ἡ
1188 2335 1343 2371 δικαιοσύνη
1365 2336 1445 2363 αὐτοῦ
1462 2337 1507 2363 καὶ
1521 2337 1537 2372 ή
1554 2336 1666 2372 ἀλήθεια
1691 2335 1880 2372 μετελεύσεται
1896 2337 1942 2363 αὐ-

1154 2380 1230 2412 τούς·
1250 2382 1480 2418 ὑποϐληοήσονται
1494 2382 1547 2418 γὰρ
1563 2383 1651 2418 κρίσει
1664 2382 1774 2418 δικαίᾳ.¹
1784 2383 1862 2409 Ἔστι
1876 2383 1940 2419 γὰρ,

1156 2426 1230 2453 ἔστιν
1244 2427 1388 2464 ἀπόρρητα
1408 2428 1440 2455 τὰ
1457 2429 1580 2464 κρίματα
1592 2429 1639 2455 τοῦ
1653 2429 1720 2455 Θεοῦ
1730 2438 1737 2444 ”
1754 2429 1836 2461 πολύς
1848 2438 1878 2456 τε
1895 2430 1942 2457 καὶ

1153 2473 1264 2508 ἄπειρος
1286 2474 1374 2509 βυθὸς,
1390 2474 1423 2510 ἦ,
1441 2475 1531 2507 καθὼς
1553 2477 1568 2512 ή
1586 2475 1604 2501 Γ
1607 2478 1679 2513 ραφή
1697 2484 1788 2511 φησιν,
1805 2477 1941 2509 ἄϐυσσος

1152 2519 1252 2554 πολλὴ
1267 2521 1296 2547 ἐν
1309 2521 1347 2556 τῷ
1359 2521 1429 2557 λόγῳ
1445 2522 1498 2549 τῶν
1516 2523 1657 2558 χριμάτων
1673 2524 1753 2551 αὑτοῦ
1772 2523 1938 2559 περιέχεται.

1153 2564 1243 2591 Ταῦτα
1260 2565 1349 2592 τοίνυν
1366 2567 1439 2601 μένει
1453 2568 1515 2600 τοὺς
1531 2567 1647 2600 ὰσεῦεῐς.

1186 2654 1217 2680 Ol
1230 2653 1263 2680 δὲ
1274 2654 1332 2681 υἱοὶ
1345 2654 1403 2681 τῶν
1416 2655 1577 2690 ἀνθρώπων
1593 2657 1627 2683 ὲν
1644 2657 1742 2691 σκέπῃ
1755 2656 1814 2684 τῶν
1828 2658 1937 2692 πτερύ-

1148 2707 1208 2733 γων
1221 2706 1279 2727 σου
1293 2700 1442 2728 ἐλπιοῦσι.
1455 2701 1704 2734 Μεθυσθήσονῖαι
1719 2703 1776 2730 ἀπὸ
1792 2703 1937 2737 πιότητος

1147 2745 1232 2773 οἴκου
1248 2753 1316 2781 σου,
1336 2747 1385 2774 καὶ
1400 2748 1454 2775 τὸν
1467 2748 1646 2783 χειμάῤῥουν
1668 2749 1722 2783 τῆς
1742 2749 1858 2784 τρυφῆς
1876 2758 1936 2776 σου

1146 2792 1258 2825 ποτιεῖς
1276 2794 1395 2827 αὐτούς.
1414 2795 1478 2821 Ὅτι
1491 2795 1570 2829 παρά
1588 2795 1638 2822 σοι
1651 2795 1731 2830 πηγὴ
1747 2794 1831 2829 (tunc,
1844 2796 1880 2822 ἐν
1895 2794 1935 2828 τῷ

1145 2839 1218 2872 φωτί
1237 2846 1294 2866 σου
1318 2839 1450 2874 ὀψόμεθα
1473 2839 1543 2875 φῶς.
1563 2840 1670 2877 Ἐπειδὴ
1687 2840 1720 2867 τὰ
1739 2840 1860 2875 κρίματά
1886 2848 1934 2867 σου
