2056 3214
124 203 177 231 ὅῖι

669 199 922 230 COMMENTABIA
938 200 974 229 IN
992 199 1164 230 PSALMOS.
1200 193 1227 218 ’δ
1241 172 1261 210 ί

1675 206 1677 210 ‘
1692 201 1746 229 ΞΞΞ

124 260 243 291 “uaco;
262 257 354 294 πολλὴ,
367 257 479 289 εἰκότως
505 257 536 284 οὐ
562 256 641 293 μόνον
667 256 829 293 ἀνθρώπων,
844 256 912 285 ἀλλὰ

961 257 1024 293 jure
1038 265 1092 285 non
1104 257 1261 285 hominibus
1272 257 1364 291 modo,
1379 257 1426 285 sed
1442 257 1524 286 etiam
1537 257 1669 294 jumentis
1686 268 1749 296 pro-

123 308 173 334 καὶ
195 305 302 341 κτηνῶν
326 305 464 342 προνοεῖς·
481 303 567 336 οὕτως
586 303 761 339 ἐπλήθυνας
776 304 809 331 τὸ
824 303 913 338 ἔλεός

122 360 194 384 σου,
213 353 230 379 ὁ
252 352 333 384 Cede.
358 351 436 377 Ἔστι
457 350 480 377 δ’
495 350 536 377 ἔτι
563 349 640 386 παρὰ
665 349 752 377 ταῦτα
775 349 913 386 ἐξαίρετον

119 399 217 434 τάγμα
231 397 286 424 τῶν
301 396 370 433 μετὰ
385 396 419 423 τὰ
437 396 617 433 προλεχθέντα
629 395 835 432 ὀνομαζομένων
847 395 913 423 υἱῶν

121 444 290 480 ἀνθρώπων·
307 443 413 474 οἵτινες,
433 442 511 469 πλέον
525 451 551 468 τι
566 442 672 478 ἔχοντες
687 443 742 468 τῶν
762 442 912 478 ἀνθρώπων

122 490 234 518 καὶτῶν
245 489 351 525 κτηνῶν
364 489 417 516 τῶν
429 489 481 515 ὑπὸ
495 489 541 515 σοῦ
551 489 721 524 σωζομένων,
732 489 912 524 κατηξίωνται

123 539 152 564 ἐν
171 537 262 573 σκέπῃ
281 535 337 562 τῶν
360 535 501 571 πτερύγων
516 544 562 561 σου
578 535 716 567 ὲλπίζειν⁸
741 535 757 570 ἢ
782 535 851 562 κατὰ
866 535 912 562 τὸν

121 582 282 618 Σύμμαχον,
306 581 373 608 Ὑπὸ
393 580 484 608 σκιὰν
504 581 563 607 τῶν
577 581 729 615 πτερύγων
743 588 801 607 σου
815 581 913 615 ἀμερι-

117 627 240 663 μνοῦσι.
257 628 326 659 Τοὺς
340 627 394 663 γὰρ
411 627 457 653 ἐπὶ
471 627 502 653 σὲ
522 626 681 662 ἠλπικὸτας,
694 626 740 653 καὶ
753 626 911 663 ἀφωρισμέ-

120 684 183 706 νους
204 674 252 701 τοῦ
277 675 417 710 τάγματος
432 674 486 701 τῶν
503 673 732 710 διαϐεϐλημένων,
751 674 782 701 σὺ
803 674 883 706 αὐτὸς
898 675 912 701 ό

120 721 187 753 Θεὸς
201 722 261 753 ταῖς
275 719 371 747 ἑαυτοῦ
385 720 497 756 πτέρυξι
514 720 655 756 περιέπεις
665 720 712 747 καὶ
725 720 844 752 σκέπεις.
857 721 912 747 Καὶ

120 767 182 794 ἐπεὶ
196 766 314 803 ἤλπισαν
334 763 407 793 οὗτοι
426 767 530 803 ἀγαθὴν
547 766 653 799 ἐλπίδα,
676 766 709 792 Ἠ
726 766 759 792 δὲ
772 767 862 799 ἐλπὶς
876 767 911 793 οὐ

121 813 331 848 καταισχύνει·
344 813 588 848 μεθυσθήσονται
600 813 658 839 ἀπὸ
674 813 814 846 πιότητος
827 812 911 839 οἴκου

121 867 191 890 σου,
208 858 256 886 καὶ
270 859 323 885 τὸν
337 858 516 894 χειμάῤῥουν
527 858 581 892 τῆς
599 857 714 892 τρυφῆς
730 867 788 885 σου
802 858 911 891 ποτιεῖς

119 906 242 938 αὐτούς.
257 903 337 937 Οἶκος
350 906 399 941 μὲν
410 905 456 932 τοῦ
468 905 534 932 Θεοῦ
548 907 620 932 ἐστιν
633 905 804 941 ἡἘκκληο-ία
817 904 909 932 αὐτοῦ·

119 952 218 988 πιότης
237 952 267 979 δὲ
282 952 330 979 τοῦ
354 952 428 979 οἴκου
455 952 489 978 τὰ
513 952 678 979 θεόπνευστα
696 951 908 987 ἀναγνώσματα·

119 999 190 1035 μέθη
213 999 242 1026 δὲ
265 998 380 1035 σώφρων
398 999 445 1026 καὶ
462 998 591 1034 νηφάλιος
611 1000 627 1034 ὴ
651 998 704 1025 ἀπὸ
718 998 772 1025 τῶν
787 999 910 1032 ἀναγνω-

120 1045 232 1081 σμάτων
245 1045 364 1080 ὠφέλεια
376 1054 382 1060 ·
401 1045 552 1081 χείμαρρος
564 1045 592 1072 δὲ
608 1045 726 1081 τρυφῆς.
740 1044 770 1077 ἐξ
784 1043 815 1071 οὗ
835 1045 910 1071 ποτί-

119 1092 211 1125 ζονται
228 1092 253 1118 οἱ
266 1092 313 1118 ἐπὶ
329 1091 417 1127 σκέπῃ
440 1091 493 1118 τῶν
510 1092 653 1127 πτερύγων
664 1091 745 1118 αὑτοῦ
754 1091 908 1127 ἠλπικότες,

118 1139 133 1165 6
147 1139 176 1165 ὲν
195 1137 342 1174 Ἐκκλησία
357 1138 402 1164 τοῦ
415 1137 483 1165 Θεοῦ
500 1137 631 1173 ποταμὸς,
646 1137 709 1173 περὶ
722 1135 752 1164 οὗ
767 1138 891 1165 λέλεκται
901 1145 907 1152 ’

121 1184 176 1212 Τοῦ
194 1183 330 1219 ποταμοῦ
349 1183 385 1210 τὰ
401 1184 555 1219 ὁρμήματα
570 1184 766 1218 εὐφραίνουσι
781 1183 837 1218 τὴν
853 1184 908 1210 πό-

118 1231 170 1256 .ltr
183 1229 238 1257 τοῦ
250 1229 340 1256 Θεοῦ·
358 1230 415 1262 καὶ,
436 1230 462 1256 '0
481 1230 613 1266 ποταμὸς
624 1230 677 1257 τοῦ
691 1229 764 1256 Θεοῦ
777 1229 909 1263 ἐπληρώ-

120 1276 156 1310 θη
171 1275 299 1302 ὑδάτων.
314 1275 471 1312 Χείμαρῤος
491 1276 519 1303 δὲ
540 1276 646 1312 τρυφῆς
664 1276 678 1302 ό
694 1275 809 1311 Χριστὸς
821 1274 865 1302 διὰ
879 1275 909 1302 τὸ

119 1322 287 1358 πρόσκαιρον
301 1322 350 1358 τῆς
363 1323 392 1349 ὲν
405 1322 557 1358 ἀνθρώποις
572 1322 732 1357 ἐπιφανείας
744 1321 835 1348 αὐτοῦ.
845 1322 909 1347 Ὀτι

119 1367 198 1402 παρὰ
222 1367 271 1394 σοὶ
295 1366 376 1402 πηγὴ
400 1366 485 1401 ζωῆς.
502 1367 578 1402 Ζωὴν
592 1367 619 1394 δὲ
634 1366 697 1393 ὅντα
713 1366 838 1401 ἔγνωμεν
862 1366 908 1392 τὸν

118 1413 236 1449 Χριστὸν
265 1414 297 1440 ὲκ
327 1413 377 1449 τῆς
403 1413 582 1448 εὖαγγελικῆς
604 1411 788 1444 διδασκαλίας,
816 1412 850 1438 δι’
875 1409 909 1447 ἧς

119 1459 200 1491 αὐτὸς
220 1458 235 1485 ό
262 1459 357 1495 Σωτὴρ
378 1459 498 1486 διδάσκει
515 1458 602 1493 λέγων
613 1467 620 1473 ’
641 1458 710 1493 Ἐγώ
723 1459 780 1493 ειμι
796 1458 828 1484 τὸ
845 1457 908 1492 φῶς

117 1505 168 1532 καὶ
188 1505 206 1539 ἠ
223 1504 349 1538 ἀλήθεια
363 1505 412 1531 καὶ
423 1504 442 1539 ἡ
461 1502 527 1539 ζωή.
548 1504 627 1531 Ἀλλὰ
639 1505 695 1536 καὶ,
706 1504 721 1530 ὃ
738 1503 861 1539 γέγονεν
873 1503 908 1529 ὲν

118 1550 198 1584 αὐτῷ
215 1550 271 1585 ζωὴ
289 1551 339 1585 ἦν,
357 1551 406 1578 καὶ
432 1552 450 1586 ἠ
470 1550 526 1585 ζωὴ
539 1549 579 1586 ἦν
595 1550 628 1577 τὸ
641 1550 704 1585 φῶς
722 1548 780 1576 τῶν
798 1548 908 1582 ἀνθρώ-

119 1605 192 1624 πων.
208 1597 253 1624 Διδ
268 1598 314 1624 καὶ
325 1596 441 1624 ἐνταῦθα
456 1599 489 1633 τῇ
503 1597 558 1633 ζωῇ
571 1596 703 1632 συνῆπται
716 1596 746 1622 τὸ
762 1595 819 1630 φῶς
839 1603 906 1630 συμ-

927 943 947 971 Β

965 304 1059 339 spicis,
1079 305 1120 332 sic
1137 303 1323 338 multiplicasti
1339 305 1547 333 misericordiam
1564 311 1648 341 tuam,
1662 306 1745 335 Deus.

964 347 1066 377 Praeter
1090 349 1148 376 haec
1164 353 1255 377 autem
1272 348 1343 377 alius
1362 350 1478 378 eximius
1491 354 1533 378 est
1555 351 1622 379 ordo
1640 359 1747 386 eorum,

964 395 1011 430 qui
1026 398 1088 430 post
1106 394 1234 430 prmdicta
1250 394 1297 422 ﬁlii
1319 395 1461 423 hominum
1475 400 1617 424 vocantur.
1638 398 1672 425 Hi
1687 398 1749 434 plu-

964 441 1003 468 ris
1017 440 1119 476 aliquid
1136 441 1268 468 habentes
1285 449 1364 476 quam
1383 441 1507 469 homines
1517 446 1544 469 et
1554 442 1676 477 jumenta
1687 444 1749 479 qui-

964 486 1016 514 bus
1031 487 1145 515 salutem
1157 494 1249 522 paras,
1263 487 1337 523 digni
1353 487 1439 515 habiti
1454 492 1518 516 sunt
1533 490 1578 524 qui
1593 490 1620 516 in
1631 490 1749 524 tegmine

964 534 1067 560 alarum
1083 537 1190 560 tuarum
1209 541 1284 569 spem
1308 534 1440 568 habeant;
1455 539 1501 562 aut
1514 539 1543 562 ut
1559 535 1748 571 Symmachus,

964 579 1018 607 Sub
1036 580 1129 607 umbra
1142 580 1248 607 alarum
1265 585 1370 608 tuarum
1384 582 1468 608 securi
1481 587 1552 610 sunt.
1562 581 1614 610 Eos
1622 583 1693 610 enim
1702 584 1749 618 qui

963 626 991 653 in
1009 630 1035 654 te
1048 634 1124 661 spem
1139 626 1249 658 habent,
1261 628 1363 662 quique
1377 628 1411 655 ab
1423 628 1518 655 ordine
1531 627 1674 656 infamium
1690 629 1748 657 illo—

962 681 1024 700 rum
1050 678 1239 709 segregantur,
1258 678 1287 700 tu
1304 674 1372 709 ipse,
1392 673 1474 706 Deus,
1489 674 1540 701 alis
1557 674 1633 702 foves
1657 675 1714 703 tuis
1723 680 1752 703 et
1768 707 1773 718 δ

962 720 1096 755 contegis.
1112 720 1215 755 thuia
1234 728 1309 755 spem
1325 728 1420 755 cepere
1432 728 1569 756 magnam,
1585 720 1648 755 Sper
1664 725 1751 749 autem

963 774 1015 792 non
1036 766 1215 800 confundit”.
1239 766 1445 793 Inebriubuntur
1468 766 1500 793 ab
1515 767 1633 794 ubertate
1656 767 1751 797 domus

964 817 1027 845 tua,
1041 817 1065 839 et
1086 817 1201 840 torrente
1216 813 1356 847 voluptatis
1378 817 1431 840 tua:
1448 813 1551 847 potabis
1575 821 1628 840 eos.
1648 813 1751 842 Domus

962 857 1009 885 Dei
1022 862 1064 886 est
1080 858 1200 886 Ecclesia
1215 859 1275 894 ejus
1289 867 1294 885 :
1312 859 1423 887 ubertas
1434 859 1542 892 domus,
1560 859 1691 888 divinitus
1708 859 1750 887 in-

963 904 1073 939 spirata:
1088 904 1239 932 lectiones:
1256 905 1374 932 ebrietas
1387 905 1432 932 illa
1448 909 1598 940 temperata
1609 909 1636 933 et
1646 905 1749 940 sobria,

961 949 1064 977 utilitas
1074 957 1107 977 ex
1123 950 1288 978 lectionibus
1306 951 1470 985 proveniens
1485 958 1490 976 :
1508 955 1615 978 torrens
1630 950 1750 985 volupta-

961 996 1007 1028 tis,
1024 1004 1079 1031 quo
1099 1000 1226 1032 petantur
1244 997 1262 1024 ii
1285 997 1330 1032 qui
1349 997 1399 1024 sub
1420 997 1538 1032 tegmine
1562 997 1664 1024 alarum
1689 997 1750 1032 ejus

961 1047 1083 1077 sperant,
1107 1043 1206 1071 ﬂuvius
1231 1044 1258 1071 in
1284 1043 1406 1071 Ecclesia
1427 1043 1475 1071 Dei
1494 1050 1621 1076 manans,
1640 1043 1674 1071 de
1696 1051 1751 1078 quo

960 1079 1063 1115 dictum
1092 1093 1153 1116 est:
1171 1088 1303 1116 Fluminis
1332 1089 1443 1122 impetus
1470 1088 1592 1123 laetificat
1619 1088 1750 1115 civitatem

960 1134 1057 1166 Dei";
1071 1139 1113 1162 et:
1126 1135 1239 1163 Flumen
1249 1135 1430 1171 Deirepletum
1444 1139 1483 1163 est
1498 1136 1574 1170 aquis
1587 1135 1620 1163 ⁸ο.
1631 1135 1751 1164 Torrens

959 1180 1113 1215 voluptatis
1133 1180 1261 1209 Christus
1284 1185 1337 1214 est,
1359 1182 1395 1209 ob
1413 1186 1616 1217 temporaneam
1636 1181 1697 1216 ejus
1723 1182 1750 1209 in

959 1225 1118 1253 hominibus
1139 1227 1323 1261 praesentiam.
1342 1227 1475 1260 Quoniam
1495 1226 1565 1261 apud
1590 1231 1613 1254 te
1636 1231 1675 1254 est
1691 1227 1750 1261 fons

959 1271 1028 1297 vim.
1054 1270 1093 1297 Ex
1110 1272 1266 1306 evangelica
1280 1272 1406 1299 doctrina
1429 1272 1569 1300 Christum
1584 1279 1645 1299 esse
1666 1272 1750 1300 vitam

958 1316 1117 1348 ediscimus,
1142 1320 1172 1343 ut
1200 1316 1326 1344 Salvator
1343 1317 1400 1353 ipse
1419 1318 1499 1346 docet
1519 1318 1562 1346 his
1576 1318 1677 1349 verbis,
1694 1317 1750 1353 Ego

958 1371 1017 1389 sum
1039 1362 1096 1395 lux,
1114 1363 1210 1390 veritas
1226 1368 1251 1390 et
1266 1364 1360 1390 vita".
1376 1363 1429 1391 Sed
1446 1364 1540 1395 etiam,
1555 1362 1624 1399 quod
1649 1363 1750 1398 factum

958 1413 997 1435 est
1017 1409 1045 1435 in
1066 1409 1122 1443 ipso
1145 1410 1198 1437 vita
1216 1411 1284 1442 arat,
1306 1415 1331 1437 et
1349 1410 1402 1437 vita
1423 1414 1481 1437 erat
1505 1410 1552 1436 lu:
1573 1409 1749 1437 hominum“.

958 1454 1049 1488 Quare
1062 1455 1107 1483 hic
1122 1456 1235 1491 pariter,
1253 1460 1282 1483 ut
1295 1457 1322 1483 in
1336 1456 1492 1491 Evangelio.
1506 1457 1568 1483 vita:
1595 1455 1639 1482 lux
1655 1454 1750 1482 subdi-

958 1504 1023 1528 tur:
1044 1510 1105 1529 nam
1123 1506 1268 1537 postquam
1286 1502 1402 1534 dixerat,
1421 1502 1556 1535 Quoniam
1577 1501 1647 1536 apud
1667 1507 1691 1528 te
1708 1505 1748 1528 est

958 1547 1018 1581 fons
1031 1548 1100 1581 ιπὶιτε,
1116 1549 1255 1584 adjicitur,
1269 1548 1302 1575 In
1319 1548 1416 1575 lumine
1432 1554 1476 1575 tuo
1490 1548 1634 1575 videbimus
1648 1547 1747 1574 lumen.

960 1592 1022 1620 Haec
1038 1594 1139 1629 quippe
1158 1594 1212 1622 vita
1233 1594 1423 1622 rationabilem
1441 1594 1529 1621 lucem
1546 1592 1745 1621 subministrat.

119 1643 216 1679 φώνως
238 1642 278 1679 τῷ
300 1643 467 1678 Εὐαγγελίῳ·
484 1643 553 1679 μετὰ
575 1642 629 1678 γὰρ
646 1642 737 1676 φάναι-
754 1642 813 1667 ’Ὁτι
829 1639 908 1673 παρὰ

962 1639 1145 1671 Quamobrem
1169 1640 1282 1672 dicitur,
1309 1640 1343 1667 Et
1365 1641 1418 1667 vita
1442 1646 1498 1667 erat
1523 1640 1570 1667 lus:
1597 1641 1746 1667 hominum.

117 1689 169 1716 σοι
199 1689 279 1724 πηγὴ
312 1688 394 1724 ζωῆς,
426 1690 598 1724 ὲπιλέγεται·
620 1689 667 1715 Ἐν
688 1688 727 1721 τῷ
759 1687 833 1722 φωτί
849 1694 907 1712 σου

962 1685 1013 1718 Qui
1032 1694 1114 1721 porro
1131 1687 1188 1714 haec
1213 1687 1378 1723 acceperim,
1393 1695 1442 1722 pro
1460 1687 1522 1720 line,
1542 1687 1611 1715 lucis
1625 1689 1748 1714 contem-

119 1735 254 1769 ὀψόμεθα
263 1733 332 1769 φῶς.
351 1735 441 1767 Φωτὺς
460 1735 514 1771 γὰρ
532 1734 640 1769 λογικοῦ
656 1732 824 1770 χορηγητικὴ
841 1739 907 1765 τυγ-

962 1732 1108 1766 plationem
1123 1734 1296 1762 obtinebunt.

117 1781 195 1817 χάνει
209 1780 276 1817 αὕτη
291 1782 306 1817 ή
326 1781 382 1817 ζωή
392 1790 398 1796 -
414 1781 454 1808 διὸ
473 1780 595 1815 λέγεται·
625 1780 675 1807 Kal
697 1780 716 1814 ἠ
740 1778 796 1813 ζωὴ
817 1777 857 1815 ἦν
870 1778 904 1806 τὸ
915 1778 978 1813 φῶς
991 1779 1048 1806 τῶν
1065 1781 1237 1815 ἀνθρώπων.
1253 1783 1283 1808 Οἱ
1297 1781 1326 1808 δὲ
1341 1781 1443 1808 τούτων
1460 1780 1656 1816 μεταλαϐόντες
1670 1779 1747 1812 τέλος

117 1826 209 1860 ἕξουσι
224 1826 271 1854 τοῦ
288 1828 377 1862 φωτὸς
390 1828 438 1864 τὴν
451 1827 526 1855 θέαν.

153 1873 338 1908 Παράτεινον
356 1874 388 1900 τὸ
403 1874 489 1907 ἔλεός
509 1881 566 1901 σου
582 1873 644 1907 τοῖς
660 1872 842 1908 γινώσκουσί
857 1879 904 1903 σε,

119 1919 167 1946 καὶ
180 1919 238 1954 τὴν
251 1919 448 1954 δικαιοσύνην
468 1927 526 1947 σου
542 1920 604 1952 τοῖς
623 1920 723 1947 εὺθέσι
738 1918 775 1953 τῇ
787 1918 903 1952 καρδίᾳ.

118 1965 181 1997 Τοῖς
189 1965 227 2001 μὴ
235 1965 413 2000 γινώσκουσιν
423 1966 504 1992 αὐτὸν
516 1965 683 2001 πρόσκαιρον
691 1965 766 1992 ἔσται
776 1965 806 1991 τὸ
816 1964 889 1996 ἔλεος
896 1972 902 1979 ·

117 2013 174 2044 τοῖς
191 2012 221 2039 δὲ
234 2012 398 2046 γινώσκουσί
416 2021 455 2045 σε,
474 2012 576 2048 Σῶτερ,
596 2012 758 2047 παράτεινον
781 2010 811 2037 τὸ
831 2010 904 2042 ἔλεός

119 2066 165 2084 σου
179 2058 227 2085 καὶ
237 2058 286 2094 τὴν
299 2058 471 2094 δικαιοσύνην
485 2067 531 2085 σου
542 2067 548 2072 ·
562 2059 590 2084 ὲν
634 2058 693 2085 κατ’
707 2058 785 2091 ἀξίαν
803 2057 902 2092 κρίνων

117 2105 172 2136 τοῖς
187 2104 237 2140 μὲν
251 2103 400 2136 ἀποδώσεις
413 2103 484 2130 κατὰ
500 2104 533 2130 τὰ
550 2104 617 2139 ἔργα
630 2104 728 2135 αὐτῶν,
745 2105 801 2134 τοῖς
814 2103 842 2129 δὲ
858 2111 903 2129 πι-

118 2147 232 2180 στώσεις
245 2148 293 2180 τὰς
308 2149 358 2180 σὰς
374 2148 550 2183 ἐπαγγελίας.
573 2149 644 2175 ’Λντὶ
661 2149 689 2175 δὲ
707 2148 764 2180 τοῦ,
778 2148 833 2174 Καὶ
846 2147 904 2182 τὴν

116 2193 312 2229 δικαιοσύνην
321 2203 378 2222 σου
395 2195 457 2228 τοῖς
472 2194 573 2222 εὺθέσι
590 2194 626 2228 τῇ
639 2195 753 2229 καρδίᾳ,
765 2196 778 2221 ὁ
792 2193 904 2230 Σύμμα-

117 2248 173 2275 χος,
188 2240 243 2268 Καὶ
269 2240 326 2275 τὴν
359 2241 569 2276 ἐλεημοσύνην
580 2249 638 2267 σου
652 2241 712 2273 τοῖς
726 2240 834 2273 ἁπλοῖς
846 2240 904 2274 τὴν

996 1869 1077 1898 Vens.
1116 1871 1169 1897 Η-
1187 1870 1230 1898 15.
1267 1869 1403 1898 Prwtende
1433 1869 1642 1896 misericordiam
1673 1873 1746 1896 tuam

959 1917 1099 1944 scientibus
1126 1921 1159 1949 te,
1174 1921 1198 1943 et
1220 1917 1354 1951 justitiam
1381 1920 1453 1942 tuam
1478 1916 1510 1942 iis
1533 1916 1578 1950 qui
1599 1919 1669 1942 recto
1683 1919 1746 1942 sunt

959 1963 1045 1990 corde.
1062 1962 1252 1990 Nescientibus
1265 1962 1349 1990 Deum
1364 1966 1537 1997 temporanea
1556 1962 1745 1989 misericordia

959 2011 1026 2040 erit:
1042 2013 1068 2036 at
1086 2009 1226 2037 scientibus
1243 2014 1276 2042 te,
1297 2002 1431 2041 Salvator,
1448 2009 1580 2044 prwtende
1594 2009 1745 2036 misericor-

958 2055 1029 2082 diam
1046 2060 1118 2081 tuam
1134 2059 1157 2081 et
1170 2054 1304 2089 justitiam
1321 2059 1404 2086 tuam,
1421 2061 1474 2089 qua
1486 2061 1536 2089 pro
1551 2061 1642 2081 rerum
1658 2054 1746 2090 digni-

956 2105 1011 2128 tate
1021 2100 1158 2135 judicans,
1167 2100 1228 2128 aliis
1239 2101 1388 2128 secundum
1399 2107 1479 2135 opera
1492 2107 1586 2127 eorum
1599 2100 1743 2131 retribues.

956 2148 1018 2175 aliis
1033 2147 1165 2182 promissa
1180 2151 1227 2174 tua
1240 2147 1425 2174 confirmabis.
1447 2146 1501 2174 Pro
1515 2146 1560 2173 illo
1576 2149 1666 2173 autem
1683 2155 1690 2172 :
1709 2145 1745 2172 Et

952 2194 1088 2229 justitiam
1114 2198 1187 2220 tuam
1208 2194 1241 2220 iis
1266 2194 1310 2228 qui
1335 2198 1405 2220 recto
1430 2197 1490 2219 sunt
1506 2192 1600 2222 corde;
1617 2191 1744 2227 Symma-

956 2242 1025 2268 chus
1041 2250 1048 2267 :
1066 2240 1100 2267 Et
1120 2240 1330 2267 misericordiam
1355 2238 1518 2273 simplicibus
1544 2238 1632 2268 corde.
1647 2237 1742 2265 edidit.

116 2286 256 2321 καρδίαν,
283 2287 408 2320 ἐξέδωκε.
435 2287 483 2322 Μὴ
505 2288 614 2315 ἐλθέτω
635 2297 686 2322 μοι
711 2287 786 2320 ποῦς
812 2288 903 2321 ὑπερ-

959 2286 1019 2314 Non
1036 2288 1122 2314 veniat
1138 2287 1257 2321 mihipes
1277 2286 1426 2320 sttperbiw.‘
1435 2290 1459 2312 et
1483 2293 1577 2311 manus
1598 2287 1743 2318 peccatoris

115 2333 255 2367 ηρανίας,
276 2333 325 2359 καὶ
345 2334 408 2368 χεὶρ
425 2333 604 2368 ἁμαρτωλῶν
619 2333 662 2368 μὴ
685 2334 833 2360 Galeriam
854 2342 902 2368 με.

123 2378 203 2406 Ἐκεῖ
216 2378 329 2406 ἔπεσον
344 2381 370 2406 οι
386 2379 572 2415 ἐρ’)τιζόμενοι
586 2380 642 2414 τὴν
656 2381 792 2415 ἀνομίαν.
818 2379 903 2412 Ὲξώ-

116 2426 238 2459 σθησαν
266 2425 315 2452 καὶ
342 2425 377 2453 οὐ
400 2425 443 2461 μὴ
469 2425 653 2460 δυνήσονται
681 2426 800 2460 στῆναι.
828 2426 902 2462 Μηδὲ

115 2471 271 2509 κτησαίμην
283 2473 360 2508 χεῖρα
371 2473 418 2499 καὶ
429 2471 542 2508 πράξεις
553 2472 721 2509 ἁμαρτωλῶν
731 2481 738 2488 ·
755 2473 839 2500 ταῦτα
849 2473 903 2509 γὰρ

117 2516 238 2544 σαλεύειν
272 2518 350 2544 εἴωθε
370 2519 416 2546 καὶ
444 2521 597 2554 μετακινεῖν
621 2519 670 2555 τῆς
699 2519 772 2554 παρὰ
797 2520 837 2546 σοὶ
864 2519 903 2554 τῷ

115 2564 175 2600 Θεῷ
197 2565 318 2598 στάσεως
343 2566 405 2598 τοὺς
427 2566 467 2597 εἰς
490 2565 520 2592 τὺ
536 2565 630 2597 σκότος
647 2565 676 2592 τὸ
692 2564 822 2601 ἐξώτερον
839 2565 902 2597 ἐξω-

115 2611 306 2648 σθησομένους.
321 2612 394 2639 Ἀντὶ
412 2612 440 2639 δὲ
457 2612 518 2638 7:05-
539 2612 619 2639 Ἐκεῖ
628 2612 750 2644 ἔπεσον,
763 2613 777 2638 ὁ
792 2611 906 2647 Σύμμα-

113 2666 170 2694 χος.
194 2657 270 2686 ὅπου
285 2658 447 2686 πίπτουσιν
459 2660 485 2686 ot
499 2658 683 2694 ἐργαζόμενοι
700 2658 757 2692 τὴν
775 2658 904 2689 ἀδικίαν,

113 2703 239 2736 ἐξέδωκε.
252 2704 298 2740 Μὴ
312 2703 366 2740 γὰρ
379 2701 518 2740 γενοίμην,
535 2703 627 2739 φησὶν,
642 2704 708 2734 ἐκεῖ,
725 2702 787 2730 ἔνθα
809 2703 833 2729 οί
856 2711 902 2728 σα-

111 2749 255 2782 λευθὲντες
275 2750 415 2780 πίπτουσι.
439 2750 486 2777 καὶ
511 2750 639 2781 πεσόντες
658 2748 830 2781 ἐξωθοῦνται,
855 2749 901 2775 καὶ

112 2795 275 2828 ἐξωσθέντες
285 2795 375 2823 οὐκέτι
389 2795 543 2822 ἐπανελθεῖν
556 2795 721 2831 δυνήσονται.
738 2794 901 2826 ’Λκολούθως

148 2930 171 2946 ⁵⁸
190 2928 268 2959 Rom.
286 2937 318 2961 ν,
336 2928 361 2956 5.
399 2928 422 2944 "
442 2926 514 2956 Psal.
532 2933 602 2961 xcv.
620 2927 650 2955 5.

958 2342 1008 2361 non
1024 2338 1125 2360 ntoveat
1140 2342 1189 2360 me.
1206 2332 1248 2360 lbi
1263 2332 1411 2359 ceciderunt
1426 2331 1470 2366 qui
1482 2335 1624 2364 operantur
1646 2329 1743 2363 iniqui-

958 2385 1048 2412 tatem.
1065 2380 1168 2415 expulsi
1191 2384 1262 2412 sunt,
1277 2388 1322 2406 nec
1345 2381 1468 2413 poterunt
1492 2381 1573 2404 stare.
1588 2374 1627 2403 Ne
1646 2382 1743 2402 manus

956 2431 982 2455 et
1007 2431 1082 2462 gesta
1108 2429 1282 2461 peccatorum
1297 2424 1433 2452 obtineam
1450 2432 1456 2449 :
1474 2422 1531 2449 haec
1546 2421 1646 2456 quippe
1659 2427 1742 2448 excu-

957 2476 1014 2500 tere
1031 2473 1118 2500 solent
1132 2476 1158 2499 et
1176 2478 1315 2498 removere
1340 2470 1388 2497 abs
1402 2474 1428 2496 te
1443 2475 1490 2496 eos
1505 2466 1550 2502 qui
1569 2466 1596 2493 in
1615 2465 1743 2493 tenebras

955 2520 1106 2547 exteriores
1127 2518 1310 2553 depelluntur.
1327 2515 1380 2543 Pro
1395 2516 1441 2543 illo
1457 2517 1546 2541 autem
1561 2522 1568 2539 :
1586 2512 1627 2539 lbi
1644 2511 1741 2539 cecide-
1758 2516 1759 2519 ‘

955 2571 1026 2597 runt,
1046 2564 1225 2601 Symmachus
1236 2563 1331 2595 edidit,
1353 2563 1399 2589 ubi
1424 2560 1523 2588 cadunt
1542 2559 1586 2596 qui
1600 2563 1742 2594 operantur

956 2612 1131 2647 iniquitatem.
1145 2609 1193 2641 Ne,
1208 2610 1306 2644 inquit,
1323 2616 1355 2636 eo
1378 2609 1406 2635 in
1430 2608 1492 2634 loco
1517 2606 1580 2638 sim,
1596 2613 1650 2641 quo
1665 2612 1741 2632 com-

956 2656 1022 2683 moti
1037 2656 1149 2687 cadunt.
1164 2655 1233 2690 lapsi
1250 2650 1434 2689 expelluntur,
1447 2651 1554 2687 expulsi
1570 2649 1673 2686 regredi
1686 2657 1740 2676 non

957 2706 1093 2737 poterunt.
1112 2701 1173 2728 Haec
1196 2705 1285 2727 autem
1311 2701 1510 2733 consequenter
1537 2696 1644 2727 eil'atur,
1663 2699 1738 2730 post-

955 2756 1036 2783 quam
1053 2748 1100 2783 qui
1116 2747 1177 2774 llnis
1191 2747 1243 2774 erit
1257 2752 1362 2777 eorum,
1379 2745 1424 2779 qui
1441 2743 1467 2770 in
1486 2743 1596 2779 tegmine
1612 2741 1657 2768 Dei
1676 2747 1737 2775 spe‘

956 2794 1087 2826 raverint,
1105 2791 1261 2828 descripsit,
1276 2793 1417 2827 resumpta
1433 2789 1519 2824 impii,
1537 2788 1583 2823 qui
1600 2786 1678 2815 initio
1694 2784 1738 2821 di.-

688 2927 710 2943 ⁶⁰
729 2926 800 2955 Psal.
819 2933 897 2959 utr,
914 2924 957 2954 IO.
998 2925 1019 2942 ⁸¹
1039 2923 1118 2952 Joan.
1145 2930 1207 2956 xw,
1224 2925 1253 2953 6.
1293 2924 1315 2940 ⁶¹
1334 2921 1413 2950 Joan.
1432 2929 1457 2954 l,
1477 2919 1534 2952 ΞΑ.
