2056 3214
99 211 155 240 525

664 205 918 236 COMMENTARIA
936 206 970 235 IN
990 201 1169 236 PSALﬁOS.'
1195 200 1219 227 ’δ
1233 190 1255 216 *θ

1673 213 1737 242 326‘

95 270 177 307 ρίου,
185 268 237 296 καί
251 267 311 302 δῴη
321 274 371 294 σοι
382 266 479 293 πάντα
495 265 531 293 τὰ
544 265 689 301 ᾱίτήρατα
700 266 758 301 τῆς
771 266 894 301 καρδίας

947 265 994 294 tibi
1014 274 1102 294 omnes
1116 266 1256 300 petitiones
1271 267 1359 294 cordis
1377 268 1427 295 tui.
1443 268 1588 305 Postquam
1603 271 1730 307 superio-

99 323 170 344 σου.
192 313 379 350 ’Δποστρέψας
394 311 441 339 τοῦ
457 311 538 348 ζήλου
559 311 614 339 τῶν
634 312 761 348 πονηρῶν
777 311 821 338 διὰ
838 312 894 339 τῶν

99 361 228 398 πρώτων,
245 359 326 390 εὐθὺς
341 361 372 385 ἐκ
387 358 559 394 παραλλήλου
583 358 632 393 τὴν
655 358 738 394 ὀρθὴν
754 358 800 385 καὶ
819 358 894 393 βασι-

99 407 180 443 λικὴν
193 406 252 433 ὁδὸν
272 404 373 439 τίθησι,
390 404 496 435 δεικνὺς
513 404 607 430 ὁποίαν
625 403 677 439 χρὴ
700 403 831 439 βαδίζειν.
850 405 895 431 Διό

100 461 198 488 φησιν·
217 452 291 477 Ἀνω
311 449 404 485 βλέπε,
427 446 450 475 ὧ
472 446 558 480 οὗτος,
576 449 685 484 ἀφορῶν
706 450 745 480 εἰς
772 449 817 475 τὸν
841 449 894 476 τῶν

99 499 168 526 ὅλων
184 498 365 533 κυϐερνήτην,
389 497 436 522 καὶ
461 496 542 522 αὑτὸν
559 495 672 522 σεαυτοῦ
699 496 792 523 ἐλπίδα
814 496 895 532 θέμε-

99 551 153 575 νος’
164 543 260 579 Θάρσει
270 542 308 573 ὡς
322 542 367 568 ἐπὶ
385 541 505 576 μεγάλην
519 541 643 576 ἄγκυραν
654 541 830 577 ἡδρασμένος.
840 542 894 568 Καὶ

99 590 134 616 τὰ
152 589 203 625 μὲν
217 589 266 624 τῆς
281 588 401 619 διανοίας
430 596 476 613 σου
499 587 601 623 ταύτην
615 588 699 622 ἐχέτω
720 587 769 622 τὴν
784 587 892 613 ἐλπίδα·

98 637 159 668 ταῖς
182 635 211 662 δὲ
237 634 368 670 πράξεσιν
387 632 503 669 ἐργάζου
529 633 577 660 καὶ
600 633 677 660 ποίει
694 635 893 668 χρηστότητα,

99 681 201 708 ὡσανεὶ
226 680 344 715 σπόρους
360 679 450 715 σαυτῷ
467 678 631 714 βαλλόμενος
646 679 689 705 ἐπ’
711 679 798 714 ἀγαθῇ
827 688 895 714 καρ-

100 725 160 752 πῶν
175 725 337 761 συγκομιδῇ.
357 724 449 751 Ταῦτα
472 724 500 750 δὲ
521 724 555 750 τὰ
572 723 618 750 δύο
639 724 819 759 κτησάμενος,
840 733 894 759 μη-

99 772 159 799 κέτι
173 772 236 807 περί
244 780 316 802 τινος
327 770 441 805 ἀγωνία.
453 768 653 803 Κατασκήνου
666 768 722 802 τὴν
734 768 895 805 γῆν-ἀμερί-

101 827 188 854 μνως,
202 818 249 845 καὶ
268 818 317 853 τὴν
335 817 501 853 πρόσκαιρον
522 816 634 850 ταυτηνὶ
657 815 738 850 ζωὴν,
755 815 848 851 ὥσπερ
865 817 894 842 ὲν

102 866 202 901 σκηνῇ,
217 865 284 901 πρὸς
304 864 394 898 ὀλίγον
424 863 509 894 ἑστὼς
537 863 623 896 δίαγε.
643 861 821 898 Ποιμανθήσῃ
840 862 893 898 γὰρ

98 913 179 948 δίκην
194 911 352 948 θρέμματος
373 908 475 943 ἀγαθοῦ
494 908 546 934 ὑπὸ
569 907 677 942 ποιμένι
694 906 768 941 καλῷ
784 915 894 942 ποιμαι-

944 312 1021 340 ribus
1044 311 1126 339 dictis
1143 312 1177 339 ab
1198 312 1372 340 aemulatione
1389 313 1574 349 improborum
1598 323 1731 346 avocave-

945 358 1097 390 rat,statim
1112 366 1145 385 ex
1162 358 1288 393 opposito
1304 362 1405 386 rectam
1419 359 1573 397 regiamque
1582 362 1652 389 viam
1666 371 1730 398 pro-

946 403 1031 438 ponit,
1059 403 1186 430 indicans
1211 411 1264 438 qua
1286 403 1322 430 sit
1345 403 1534 431 incedendum.
1559 407 1730 443 Quapropter

945 448 981 474 ait
995 458 1002 475 :
1016 448 1086 476 Heus
1103 452 1142 481 tu,
1155 455 1262 476 Sursum
1289 449 1390 483 aspice,
1406 457 1439 477 ac
1464 452 1654 479 universorum
1671 462 1730 483 mo-

944 494 1097 521 deratorem
1121 493 1238 525 intuere,
1269 497 1350 529 atque
1374 494 1463 529 ipsum
1492 503 1567 530 spem
1595 499 1731 527 constitue

945 545 1019 566 tuam
1034 547 1040 566 :
1053 539 1126 566 bono
1143 538 1235 565 animo
1249 543 1321 570 esto,
1338 543 1368 567 ut
1384 548 1481 576 magna
1497 542 1617 569 anchora
1640 543 1731 572 ﬁrma-

944 589 998 612 tus.
1015 583 1049 611 Et
1064 589 1154 612 mente
1168 583 1276 619 quidem
1292 592 1366 619 spem
1382 585 1463 612 talem
1479 587 1588 622 capias;
1602 589 1731 623 operibus

944 635 1033 658 autem
1046 638 1194 665 exsequere
1213 635 1238 657 et
1253 631 1296 665 [ac
1311 630 1471 663 bonitatem;
1485 637 1515 659 ut
1535 633 1569 661 iis
1585 641 1636 661 cett
1649 634 1732 669 jactis

944 677 993 704 tibi
1007 677 1167 708 seminibus,
1182 677 1301 712 opimam
1317 678 1454 705 fructuum
1467 680 1571 714 copiam
1584 681 1730 715 percipias.
1750 712 1755 719 .

944 723 1080 750 Horumee
1096 731 1178 758 porro
1192 723 1308 750 duorum
1333 725 1447 759 potitus,
1465 733 1499 752 ne
1525 725 1593 752 ultra
1610 726 1643 753 de
1663 735 1732 762 quo-

943 772 1015 805 piam
1029 770 1128 797 anxius
1138 774 1209 803 esto,
1221 770 1340 797 inhabita
1352 775 1448 797 terram
1461 771 1520 798 sine
1535 772 1729 805 sollicitudine,

944 824 976 843 ac
991 821 1193 851 temporaneam
1208 816 1312 844 hancce
1324 817 1418 848 vitam,
1431 817 1510 851 quasi
1525 818 1553 844 iu
1571 818 1731 847 tabernacu-

943 863 980 896 lo,
995 862 1070 890 brevi
1088 863 1182 897 exigas
1200 871 1206 888 ε
1221 862 1322 890 etenim
1347 862 1434 890 instar
1459 863 1536 890 bonae
1555 864 1668 898 pecudis
1681 872 1731 892 cu-

943 913 1020 936 rante
1037 909 1108 936 bono
1122 913 1232 944 pastore
1248 908 1378 943 pasceris.
1390 908 1457 936 Nam
1474 909 1496 937 si
1509 917 1568 944 quae
1579 910 1671 937 insunt
1680 910 1731 938 ho-

99 958 223 994 νόμενος.
239 958 271 984 Et
291 956 345 992 γάρ
370 955 410 987 τίς
438 955 510 980 ἐστιν
535 955 563 980 ἐν
585 952 738 988 ἀνθρώποις
765 952 890 987 ἀληθινὸς

945 955 1060 982 minibus
1075 963 1145 982 verm
1160 955 1242 982 animi
1256 955 1366 988 divitiae,
1381 959 1442 990 quae
1459 955 1486 982 in
1502 956 1602 983 divinis
1618 956 1730 992 dogma-

98 1004 187 1040 ψυχῆς
215 1003 340 1034 πλοῦτος,
362 1002 376 1027 ὁ
398 1002 426 1027 ὲν
448 1000 528 1032 θείοις
556 999 672 1034 δόγμασι
694 998 741 1024 καὶ
760 999 815 1030 τοῖς
836 997 891 1024 τῶν

100 1051 182 1077 θείων
196 1048 419 1084 ἀναγνωσμάτων
438 1046 592 1082 μαθήμασι,
603 1044 704 1071 τούτων
719 1044 890 1075 ἀπολαύσεις,

102 1092 174 1119 ὥστε
198 1092 302 1127 λέγειν·
319 1092 427 1126 Κύριος
441 1090 589 1124 ποιμαίνει
607 1097 655 1124 με,
674 1089 721 1115 tuti
745 1088 836 1115 οὐδέν
855 1097 893 1123 με

105 1138 276 1173 ὑστερήσει,
288 1138 370 1165 Οὐδὲν
386 1137 439 1173 γάρ
452 1145 481 1163 σε
494 1137 637 1172 ύστερήσει
647 1135 893 1170 ποιμαινόμενονὲν

104 1185 257 1221 εοῷπλούτῳ
271 1183 318 1211 τοῦ
333 1183 414 1210 καλοῦ
439 1182 576 1218 ποιμένος,
591 1181 629 1217 τῷ
645 1181 823 1217 δεδωρημένῳ
836 1183 893 1213 τοῖς

103 1231 143 1258 ἑτι
157 1232 203 1258 ἐπὶ
218 1231 270 1266 γῆς
287 1229 507 1266 ποιμαινομένοις
520 1228 683 1265 ἀνθρώποις.
705 1229 776 1255 ’Λντὶ
794 1228 822 1254 δὲ
834 1228 891 1259 τοῦ,

102 1278 158 1306 Καὶ
169 1276 358 1312 ποιμανθήσῃ
367 1276 415 1302 ἐπὶ
424 1276 462 1308 τῷ
469 1276 589 1307 πλούτῳ
601 1274 705 1309 αὐτῆς,
714 1275 727 1300 ὁ
735 1275 891 1309 Σύμμαχος,

102 1324 158 1351 Καί
180 1323 339 1358 ποιμαίνου
353 1321 508 1356 διηνεκῶς,
525 1321 669 1354 ἐξέδωκεν·
687 1321 701 1346 ὁ
720 1320 749 1346 δὲ
767 1319 891 1352 Ἀκύλας,

103 1370 159 1398 Καὶ
173 1368 265 1405 νέμον
281 1369 394 1395 πίστιν.
411 1365 467 1394 Εἴθ’
486 1367 579 1403 ὥσπερ
599 1367 652 1394 τῶν
670 1366 893 1402 πονηρευομένων

102 1416 213 1444 καὶτῶν
221 1415 368 1443 ποιούντων
378 1414 426 1450 τὴν
438 1414 552 1449 ἀνομίαν
562 1413 703 1449 ὑπέγραψε
713 1413 742 1439 τὸ
752 1413 838 1445 τέλος,
846 1412 892 1439 οὕ-

102 1471 156 1494 τως
166 1462 213 1489 καὶ
228 1461 270 1488 σοὶ
277 1461 316 1497 τῷ
326 1460 462 1492 ἐλπίζοντι
477 1460 522 1486 ἐπὶ
537 1459 581 1486 τὸν
598 1459 699 1495 Κύριον
715 1458 762 1485 καὶ
774 1458 894 1485 ποιοῦντι

102 1508 274 1545 χρηστότητα
280 1507 367 1534 ότιύσα
377 1505 491 1541 ὑπάρξει
500 1505 588 1540 ἀγαθὰ
594 1504 810 1540 καταριθμεῖται.
820 1505 895 1539 Πρῶ-

101 1564 147 1582 τον
166 1555 214 1591 μὲν
230 1554 285 1590 γὰρ
300 1553 472 1589 ποιμανθήσῃ
489 1553 534 1579 ἐπὶ
551 1552 588 1588 τῷ
606 1552 711 1587 πλούτῳ
725 1551 763 1586 τῷ
777 1551 893 1587 ἀληθινῷ

100 1602 149 1628 τοῦ
175 1600 258 1628 καλοῦ
286 1600 429 1635 ποιμένος·
445 1599 586 1635 δεύτερον,
603 1598 820 1634 κατατρυφήσεις
846 1597 895 1624 τοῦ

942 1002 1016 1028 tibus
1042 1005 1068 1028 et
1092 1000 1193 1028 divinis
1210 1000 1373 1028 lectionibus
1391 1004 1560 1034 spectantur,
1575 1001 1608 1028 iis
1630 1001 1730 1029 frueris

942 1048 979 1074 ita
994 1050 1024 1074 ut
1039 1047 1134 1075 dicas:
1148 1047 1277 1075 Dominus
1293 1047 1378 1081 pascit
1393 1055 1433 1073 me
1453 1051 1477 1074 et
1493 1047 1559 1074 nihil
1580 1048 1644 1075 mihi
1669 1047 1730 1076 dee-

943 1094 978 1120 rit
990 1094 1021 1121 5'.
1035 1093 1107 1120 Nihil
1129 1093 1230 1129 quippe
1255 1092 1342 1120 deerit
1359 1093 1418 1125 tibi,
1435 1094 1458 1120 si
1476 1094 1502 1120 in
1520 1094 1584 1121 boni
1612 1095 1730 1129 pastoris

944 1140 1044 1167 divitiis
1060 1140 1192 1175 pascaris,
1209 1148 1270 1175 qua:
1282 1143 1430 1174 erogantur
1444 1140 1598 1167 hominibus
1614 1140 1641 1167 in
1657 1145 1729 1169 terra

943 1186 1129 1221 pascentibus.
1146 1185 1199 1213 Pro
1218 1186 1264 1213 illo
1279 1190 1368 1213 autent
1386 1195 1393 1212 :
1409 1185 1442 1212 Et
1457 1186 1574 1220 pasceris
1590 1187 1616 1213 in
1631 1186 1729 1214 divitiis

942 1232 1010 1266 ejus,
1028 1232 1208 1267 Symmachus
1227 1241 1233 1259 :
1250 1232 1284 1258 Et
1297 1240 1404 1266 pascere
1427 1233 1546 1264 assidue;
1562 1233 1659 1267 Aquila
1674 1242 1680 1260 :
1695 1233 1730 1259 Et

942 1286 1048 1313 pascere
1067 1278 1128 1314 ﬁde,
1146 1279 1300 1306 ediderunt.
1319 1278 1375 1306 Sub
1401 1279 1458 1307 htcc
1482 1284 1584 1311 autem,
1599 1280 1730 1314 quemad-

943 1326 1053 1352 modum
1068 1326 1253 1360 improborum
1277 1329 1304 1353 et
1325 1326 1497 1361 operantium
1514 1326 1684 1361 iniquitatem
1699 1326 1731 1353 [i-

944 1380 1005 1399 uem
1031 1372 1192 1406 descripsit;
1219 1373 1259 1399 sic
1283 1377 1384 1407 quanta
1399 1372 1448 1399 tibi
1466 1373 1492 1399 in
1510 1372 1652 1400 Dominum
1670 1380 1731 1407 spe-

943 1417 1027 1450 ranti,
1047 1425 1079 1444 ac
1103 1417 1253 1444 bonitatem
1276 1416 1387 1445 facienti
1412 1422 1544 1445 eventura
1571 1418 1641 1444 bona
1664 1418 1729 1450 sint,

944 1467 1095 1491 enumerat.
1109 1463 1176 1491 Nam
1192 1465 1281 1498 primo
1296 1464 1323 1490 in
1335 1464 1408 1491 veris
1420 1463 1485 1491 boni
1500 1465 1618 1498 pastoris
1629 1463 1732 1491 divitiis

946 1511 1084 1545 pasceris;
1104 1510 1235 1540 secundo,
1254 1510 1433 1537 delectaberis
1445 1509 1471 1536 in
1488 1509 1619 1542 Domino;
1639 1509 1730 1541 tertio,

945 1558 1019 1583 dabit
1043 1557 1090 1583 tibi
1114 1556 1257 1591 petitiones
1275 1555 1367 1583 cordis
1382 1555 1430 1582 tui.
1447 1555 1580 1582 Delectari
1597 1559 1687 1582 autem
1703 1555 1732 1584 im

946 1602 1061 1628 Domino
1087 1602 1197 1632 valebit,
1224 1600 1349 1636 quisquis
1380 1600 1476 1627 animae
1504 1600 1630 1627 sensibus
1656 1600 1732 1634 puris

102 1647 217 1683 Κυρίου·
234 1647 280 1673 καὶ
296 1646 398 1682 τρίτον,
409 1646 488 1672 δώσει
503 1654 543 1672 σοι
558 1645 592 1671 τὰ
610 1645 747 1679 αἰτήματα
764 1644 812 1679 τῆς
826 1653 892 1679 καρ-

945 1647 1121 1683 purgatisque
1137 1646 1229 1678 fuerit,
1244 1646 1280 1672 ita
1295 1651 1323 1672 ut
1338 1653 1435 1680 panem
1457 1645 1548 1676 vivum
1564 1652 1596 1671 ac
1610 1644 1732 1672 viviﬁcas

100 1693 164 1725 δίας
179 1701 239 1720 σου.
252 1693 433 1729 Κατατρυιρᾷν
445 1692 473 1718 δὲ
486 1691 533 1717 τοῦ
546 1691 648 1726 Κυρίου
663 1690 805 1725 δυνήσεται
817 1689 830 1714 ὁ
844 1689 893 1724 τῆς

102 1739 197 1775 ψυχῆς
224 1738 256 1765 τὰ
282 1738 444 1774 αἰσθητήρια
478 1736 721 1772 κεκαθαρισμὲνος,
747 1736 784 1767 ὡς
815 1735 893 1761 δύνα-

104 1785 168 1812 σθαι
180 1784 277 1811 ἐσθίειν
290 1784 333 1811 τὸν
344 1784 432 1816 ζῶντα
444 1783 524 1819 ἄρτον
537 1784 582 1809 καὶ
596 1783 644 1814 τὰς
657 1782 801 1815 Quanam-3;
811 1779 892 1807 αὖτοῦ

105 1832 222 1867 σάρκας,
236 1830 323 1858 πίνειν
341 1839 371 1856 τε
392 1830 422 1856 τὸ
445 1830 576 1865 σωτήριον
590 1828 672 1855 αὑτοῦ
690 1826 767 1863 αἷμα.
782 1827 893 1858 Τούτοις

100 1877 270 1914 τρεφόμενος
290 1877 337 1903 καὶ
358 1875 538 1910 πιαινόμενος,
553 1875 601 1910 τῆς
620 1874 709 1901 ἐνθέου
730 1874 813 1909 με’]ης
827 1874 893 1899 ἁπο-

102 1921 203 1949 λαύων·
213 1921 449 1955 Κατατρύφησον
457 1920 509 1946 τοῦ
515 1920 636 1953 Κιιρίου,
651 1919 697 1945 καὶ
705 1918 792 1945 δώσει
801 1927 848 1944 σοι
858 1919 893 1946 τὰ

104 1968 249 2003 αἰτήματα
262 1967 318 2001 τῆς
331 1966 453 2001 καρδίας
470 1974 536 1993 σου.
555 1966 625 2000 Ἤδη
640 1965 688 2000 μὲν
702 1965 755 2000 γὰρ
769 1964 893 1990 ἐντεῦθεν

104 2014 319 2050 κατατρυφήσει,
337 2012 466 2047 ἐθελήσας
490 2020 519 2038 σε
544 2011 623 2037 αὐτὸν
650 2010 787 2037 ἐπιδοῦναι
808 2010 891 2044 αύτῷ.

103 2059 179 2086 Δῐτει
203 2058 233 2085 δὲ
260 2058 340 2085 αὑτὸν
361 2059 406 2084 καὶ
420 2057 454 2084 τὰ
471 2057 611 2092 μέλλοντα,
629 2053 665 2083 ὧν
681 2057 831 2092 προσδοκᾷς
843 2056 893 2090 τὴν

945 1702 1042 1721 carnes
1058 1694 1117 1728 ejus
1134 1693 1215 1720 edere
1229 1692 1327 1727 possit,
1343 1700 1374 1718 ac
1397 1692 1544 1719 salutarem
1565 1691 1625 1725 ejus
1640 1691 1734 1718 bibere

945 1738 1114 1773 sanguinem.
1132 1738 1179 1765 llis
1202 1738 1340 1764 enutritus
1365 1740 1391 1764 et
1418 1736 1615 1771 impinguatus,
1641 1736 1734 1763 divina

946 1784 1038 1811 fruens
1053 1784 1184 1810 ebrietate
1202 1793 1207 1810 :
1226 1783 1360 1809 Delectare
1375 1783 1402 1809 in
1421 1781 1542 1813 Domino,
1559 1786 1583 1807 et
1597 1781 1671 1807 dabit
1687 1780 1734 1808 tibi

945 1830 1080 1864 petitiones
1093 1828 1181 1855 cordis
1200 1828 1249 1856 tui.
1265 1827 1324 1855 Jam
1339 1828 1411 1855 enim
1433 1828 1479 1854 ille
1496 1834 1604 1861 quoque
1617 1826 1734 1853 delecta-

946 1876 1028 1907 bitur,
1042 1875 1114 1910 quod
1127 1875 1268 1909 percupiat
1285 1878 1314 1900 ut
1328 1874 1378 1908 ipsi
1392 1877 1420 1900 te
1432 1873 1525 1900 dedas.
1541 1872 1650 1899 Postula
1668 1872 1733 1898 item

946 1921 980 1948 ab
1003 1929 1035 1948 eo
1064 1924 1092 1947 ut
1116 1928 1146 1947 ea
1170 1928 1230 1955 quae
1246 1920 1337 1946 futura
1355 1923 1499 1953 exspectas
1514 1918 1584 1945 dona
1618 1917 1731 1952 ccipias.

945 1966 1011 1993 Nam
1032 1967 1077 2001 qui
1093 1967 1235 2001 praesentia
1254 1965 1354 1993 all‘atim
1368 1964 1498 1999 elargitus
1515 1967 1566 1995 est,
1582 1971 1612 1990 ea
1626 1963 1734 1990 obtine-

945 2012 984 2039 bit
1005 2020 1064 2047 qua
1088 2021 1132 2038 nec
1157 2012 1248 2038 oculus
1263 2011 1338 2043 vidit,
1356 2019 1400 2037 nec
1427 2011 1500 2037 auris
1518 2009 1628 2041 audivit,
1645 2017 1691 2036 nec
1705 2009 1734 2035 in.

946 2067 991 2085 cor
1005 2058 1153 2085 hominibus
1170 2057 1329 2085 ascendit”.

104 2106 194 2141 λῆψιν.
217 2107 247 2132 ὐ
271 2105 325 2141 γὰρ
345 2106 378 2132 τὰ
391 2105 511 2140 παρόντα
528 2104 648 2134 δεδωκὼς
666 2104 788 2138 ἀφθόνως
819 2103 969 2139 δωρήσεται
1005 2105 1051 2132 καὶ
1071 2105 1088 2131 ἃ.
1110 2104 1262 2140 ὀρθαλμὸς
1280 2104 1335 2130 οὐκ
1367 2101 1455 2135 εἶδεν,
1470 2102 1540 2130 οὐδὲ
1557 2100 1611 2135 οὖς
1642 2101 1734 2136 ἤκου-

103 2161 170 2186 σεν,
185 2151 304 2179 οὐδ’ἐπί
317 2151 443 2184 καρδίαν
456 2150 612 2184 ἀνθρώπου
628 2150 727 2183 ἀνέϐη.

147 2197 258 2224 Ἀντὶδὲ
272 2196 330 2228 τοῦ,
349 2195 519 2230 Ὺποτάγηθι
536 2196 575 2228 τῷ
595 2197 701 2229 nam.
718 2197 767 2224 καὶ
782 2195 893 2222 ἱκέτευ-

103 2252 164 2272 σον
179 2243 284 2275 αὑτὸν,
307 2243 322 2269 ὁ
344 2242 457 2273 Ἀκύλας
475 2242 555 2277 φησί·
574 2242 706 2276 Σίγησον
726 2242 765 2273 τῷ
788 2242 893 2274 Κιψίῳ,

983 2195 1035 2222 Pro
1050 2204 1083 2222 eo
1099 2199 1200 2226 autem,
1216 2195 1342 2222 Subditus
1359 2199 1413 2221 esto
1429 2194 1553 2225 Domino,
1566 2201 1588 2221 et
1606 2202 1653 2221 ora
1663 2202 1733 2226 eum,

949 2242 1045 2276 Aquila
1058 2242 1106 2273 ait,
1120 2241 1174 2267 Sile
1194 2241 1317 2272 Domino,
1335 2246 1358 2267 et
1375 2245 1496 2274 exspecta
1516 2245 1592 2272 eum;
1609 2239 1734 2274 Symma-

107 2290 156 2316 καὶ
173 2287 392 2322 ἀποκαραδόκει
407 2287 514 2314 αὐτόν·
543 2288 556 2313 ὁ
574 2286 601 2312 δὲ
621 2286 767 2321 Σύμμαχος
778 2295 786 2301 α
811 2286 894 2312 Ἡσύ-

948 2288 1016 2314 cbus
1032 2295 1104 2320 vero,
1123 2287 1232 2320 Quiesce
1245 2286 1368 2317 Domino,
1384 2291 1407 2312 et
1423 2286 1540 2319 supplicii
1553 2285 1612 2318 ipsi.
1642 2284 1736 2311 Enim-

106 2335 176 2371 χαζε
191 2334 232 2368 τῷ
246 2334 353 2368 Κυρίῳ,
369 2333 415 2360 καὶ
434 2333 545 2360 luemus
558 2332 647 2366 αὐτῷ.
669 2332 709 2359 Τὰ
726 2333 779 2368 γὰρ
798 2332 896 2367 προλε-

106 2382 205 2418 χθέντα
219 2381 384 2417 πράττοντα,
396 2380 442 2406 καὶ
453 2380 498 2406 ἐπὶ
509 2381 564 2411 τοῖς
575 2379 729 2415 εἰρημένοις
743 2379 895 2411 ἐλπίζοντα,

105 2427 254 2464 ἡσυχάζειν
271 2428 403 2462 προσήκει
420 2426 488 2457 τέως
511 2427 539 2452 ὲν
560 2426 598 2461 τῷ
623 2426 745 2461 παρόντι,
765 2426 810 2451 καὶ
830 2426 898 2460 μετὰ

108 2473 214 2508 σιωπῆς
226 2472 379 2508 προσδοκᾷν
391 2471 426 2498 τὰ
446 2471 645 2506 ἐπηγγελμένα.
663 2473 691 2497 Μ
696 2470 711 2504 ὴ
726 2470 896 2505 παροζήλσυ

104 2518 144 2547 ἐν
162 2518 203 2552 τῷ
224 2518 466 2553 κατευοδουμένῳ
481 2519 516 2544 er
531 2518 568 2551 τῇ
593 2517 650 2549 ὀδῷ
667 2517 770 2549 αὑτοῦ,
788 2517 822 2543 ἐν
844 2518 896 2544 ἀν-

107 2564 214 2599 θρώπῳ
227 2564 362 2591 ποιοῦντι
386 2563 579 2597 παρανομίας.
604 2562 720 2589 Παῦσαι
733 2562 791 2589 ἀπὸ
810 2562 898 2597 ὁρτῆς

108 2612 158 2638 καὶ
168 2610 363 2646 enati/teme
374 2610 478 2645 θυμὸν,
489 2609 531 2644 μὴ
543 2608 712 2643 παραζήλου
722 2608 799 2635 ὥστε
808 2617 898 2642 πονη-

106 2659 257 2694 ρεύεσθαι.
281 2647 402 2693 Ὂττθν
429 2658 660 2691 πονηρευόμενοι
685 2655 898 2690 ἐξολοθρευθή-

90 2702 227 2738 ”σο·νται,
255 2707 283 2733 οἱ
305 2705 339 2732 δὲ
365 2705 568 2740 ὑπομένοντες
594 2705 647 2731 τὸν
669 2705 787 2738 Κύριον,
814 2702 898 2729 αὐτοὶ

108 2751 374 2787 κληρονομήσουσι
398 2751 466 2787 γῆν.
491 2750 727 2786 Ἐπαναλαμϐάνει
752 2750 796 2776 τὸν
819 2749 897 2783 λόγον

107 2798 277 2832 ἀναγκαίως.
293 2798 371 2824 Ἐπεὶ
381 2798 434 2833 γὰρ
447 2797 542 2831 ἔγνως,
558 2796 650 2832 φησὶν,
664 2796 752 2827 ὁποῖός
767 2804 807 2821 σοι
821 2795 898 2821 πλοῦη

107 2853 155 2876 τος
169 2844 357 2880 τεταμίευται,
376 2844 412 2879 μὴ
438 2843 594 2879 παραζηλου
616 2843 644 2868 ὲν
666 2841 705 2877 τῷ
728 2841 897 2877 νομιζομένῳ

144 2936 166 2952 ⁵⁸
185 2935 259 2964 Psal.
281 2943 358 2967 xx”,
378 2935 402 2962 t.
442 2935 463 2950 "
484 2933 574 2962 lCor.
597 2941 634 2968 ιι,
650 2933 678 2962 9.

950 2341 1014 2359 vero
1030 2341 1077 2367 par
1091 2337 1133 2360 est
1149 2341 1209 2360 eum
1230 2332 1276 2367 qui
1303 2331 1430 2366 superius
1454 2334 1602 2357 memorata
1619 2329 1733 2364 peragit,

950 2382 975 2405 et
990 2379 1015 2406 in
1034 2379 1171 2414 praedictis
1187 2386 1262 2414 spem
1286 2377 1379 2408 habet,
1399 2376 1541 2410 quiescere
1561 2375 1625 2402 dum
1641 2374 1668 2400 iu
1684 2374 1735 2400 hac

949 2424 1005 2451 vita
1024 2428 1159 2456 versatur,
1172 2427 1198 2450 et
1212 2430 1273 2450 cum
1292 2422 1401 2449 silentio
1415 2421 1549 2455 promissa
1563 2424 1733 2454 exspectare.
1753 2432 1757 2467 γ

952 2469 1017 2496 Νοίί
1033 2470 1154 2497 wmulari
1168 2471 1195 2496 in
1216 2478 1245 2495 eo
1264 2470 1308 2504 qui
1326 2471 1496 2503 praeparatur
1514 2466 1541 2492 in
1565 2466 1608 2492 t'ia
1632 2474 1691 2497 sua,
1706 2465 1735 2492 in

951 2516 1053 2542 homine
1070 2516 1181 2545 faciente
1199 2515 1357 2550 injustitins.
1386 2513 1481 2539 Desine
1502 2511 1534 2538 ab
1555 2512 1596 2537 ira
1613 2516 1637 2538 et
1661 2511 1736 2538 dere-
1750 2511 1756 2521 ⁵

950 2562 1036 2596 linque
1056 2562 1189 2594 furorem,
1205 2560 1259 2586 noli
1281 2559 1403 2586 a’ntulari
1429 2562 1457 2584 ut
1485 2557 1649 2592 malignerts.
1664 2557 1736 2591 Quo—

950 2610 1021 2635 niam
1037 2609 1080 2643 qui
1097 2608 1278 2642 matignantur
1299 2604 1544 2632 exterruinabuntur
1558 2612 1566 2630 :
1578 2608 1735 2630 sustinentes

951 2660 1037 2681 autent
1051 2653 1205 2685 Dominum,
1221 2653 1271 2687 ipsi
1289 2650 1480 2678 hwrcditabunt
1498 2654 1605 2677 terram.
1623 2648 1735 2675 Sermo-

950 2709 1011 2729 nem
1026 2700 1185 2728 necessario
1208 2698 1315 2733 repetit.
1337 2697 1416 2730 Quia,
1441 2696 1541 2731 inquit,
1559 2695 1631 2722 nosti
1646 2694 1735 2729 qualis

951 2748 999 2774 tibi
1017 2747 1162 2774 thesaurus
1178 2745 1336 2773 reconditus
1363 2743 1409 2776 sit,
1426 2743 1482 2770 noli
1505 2741 1626 2769 mmulari
1648 2740 1736 2767 homi-

936 2802 1012 2821 ~nem
1038 2792 1174 2828 iniquitati
1188 2791 1325 2823 deditum,
1345 2790 1390 2826 qui
1414 2791 1442 2818 in
1457 2788 1584 2825 praesenti
1606 2787 1660 2813 vita
1678 2793 1736 2813 rem

952 2848 1081 2875 prospere
1102 2846 1182 2875 agere
1197 2842 1326 2874 putatur;
1345 2844 1380 2865 ne
1400 2836 1551 2868 stimulere,
1570 2841 1623 2861 neu
1638 2832 1737 2868 hujus-
