2056 3214
313 204 366 233 32⁵2

649 200 781 230 EUSEBH
800 199 1036 229 C/ESARIENSIS
1049 194 1124 228 ΟΡΡ.
1139 199 1229 228 PARS
1247 194 1291 228 lli.
1309 215 1343 220 —
1363 199 1567 229 EXEGETICA.

1875 201 1926 229 328

313 263 384 292 modi
398 262 533 290 hominem
545 261 653 288 beatum
669 261 840 295 pronunties,
851 267 912 287 cum
922 259 1006 294 probe
1020 259 1088 286 norit

1147 258 1218 287 κατὰ
1249 259 1295 286 τὸν
1322 259 1444 295 παρόντα
1473 259 1529 294 βίον
1559 258 1764 287 κατενοδοῦσθαι
1793 259 1928 295 ἀνθρώπῳ

314 308 365 344 ipsi
383 308 529 342 repositam
546 305 613 332 iram
627 305 654 332 in
668 304 712 332 die
730 303 777 331 ira:
792 307 818 331 et
829 303 895 337 justi
913 302 1010 338 judicii
1033 302 1090 329 Dei.

313 354 492 388 Quamobrem
507 352 563 379 noli
580 351 682 378 irritari
695 354 742 377 aut
756 349 848 386 furore
865 348 974 376 incendi
998 351 1093 376 contra

311 401 435 436 impium,
447 399 493 434 qui
511 398 624 425 feliciter
639 404 695 424 rem
711 403 789 431 agere
803 395 987 427 existimatur,
1005 402 1093 430 neque

311 446 447 475 aemuleris
462 445 551 480 ipsum
578 447 609 470 ut
629 443 706 478 paria
731 442 833 470 scelera
855 441 936 469 edere
960 445 1091 476 exoptes;

311 493 379 521 bene
396 491 531 526 siquidem
554 490 626 518 nosti
644 496 675 515 ac
699 495 861 523 persuasum
885 487 965 522 plane
988 487 1090 520 habes,

310 537 495 573 improborum
514 535 594 563 ﬁnem
610 534 755 562 exitiosum
770 541 842 561 esse.
857 532 929 559 Nam
947 532 992 568 qui
1013 533 1092 560 mati-

309 588 424 618 gnantur
440 580 694 612 exterminabuntur,
706 587 737 607 ac
757 580 808 608 soli
821 580 955 614 patientes
970 584 998 607 et
1010 580 1093 606 susti-

310 634 397 656 nentes
411 627 560 659 Dominum,
580 626 632 660 ipsi
651 625 842 653 hwreditabunt
859 629 968 653 terram.
986 625 1014 652 Si
1036 633 1090 660 qna

309 675 380 702 enim
392 677 466 701 terra
481 676 523 700 est
540 672 644 700 sanctis
658 672 725 699 viris
748 671 895 706 promissa,
916 671 987 698 hanc
1002 671 1090 698 luere—

308 720 434 747 ditabunt
459 719 505 754 qui
529 718 666 746 sustinent
692 716 856 748 Dominum,
877 716 922 751 qui
947 723 1008 743 cum
1029 716 1090 743 aliis

307 766 471 793 enumeratis
493 765 570 792 bonis
587 765 615 791 in
633 762 818 790 haereditatem
840 762 894 790 illis
910 761 1018 789 dandus
1032 767 1084 790 est.

307 811 384 845 Quod
398 812 420 839 si
441 812 468 838 in
484 811 561 846 cquis
572 809 722 837 Jerusalem
738 812 763 836 et
779 807 845 835 Sion
863 813 951 836 mons'
964 807 1012 835 Dei
1027 815 1084 835 coc-

306 859 383 887 lestis
393 858 474 889 adsit.
486 862 585 885 terram
597 857 661 884 item
671 855 810 883 caelestem
821 854 912 890 dignis
923 853 1090 889 promissam

306 903 456 940 putandum
468 907 518 930 est.

1144 305 1263 332 ποιοῦντι
1280 305 1464 341 παρανομίας·
1484 305 1520 342 μὴ
1536 306 1590 341 γὰρ
1606 304 1766 341 παροξύνου,
1786 305 1853 341 μηδὲ
1877 314 1929 340 μα-

1143 352 1238 387 κάριζε
1251 351 1296 378 τὸν
1312 352 1440 383 τοιοῦτον,
1461 351 1581 388 ἀγριὸῶς
1595 351 1682 384 εἰδὼς,
1699 351 1740 378 ὅτι
1758 351 1834 386 μένει
1847 351 1927 377 αὑτὸν

1143 396 1210 432 ὀργὴ
1229 397 1257 423 ὲν
1281 397 1372 432 ἡμέρᾳ
1392 397 1477 432 ὀργῆς
1493 397 1540 423 καὶ
1566 396 1763 432 δικαιοκρισίας
1778 395 1825 422 τοῦ
1846 395 1926 423 Θεοῦ.

1143 442 1188 469 Διὺ
1205 443 1236 469 σὺ
1253 443 1289 478 μὴ
1306 441 1425 477 ὀργίζου,
1443 442 1510 478 μηδὲ
1527 442 1613 477 θυμοῦ
1638 442 1708 469 κατὰ
1721 441 1768 468 τοῦ
1785 441 1928 477 νομιζομέ-

1142 497 1187 515 νου
1201 488 1322 523 εὐθηνεῖν
1343 488 1467 519 ἀσεϐοῦς,
1484 488 1550 523 μηδὲ
1566 488 1645 524 ζήλου
1662 487 1743 514 αὑτὸν
1765 486 1802 519 ὼς
1823 487 1870 514 καὶ
1884 487 1928 514 θέ-

1142 534 1197 560 λειν
1212 534 1246 560 τὰ
1261 534 1340 569 ὃμοια
1360 533 1435 568 αὑτῷ
1453 534 1663 570 πονηρεύεσθαι’
1682 532 1711 560 εὖ
1732 533 1786 569 γὰρ
1804 533 1859 560 ἴσθι
1881 534 1928 560 καὶ

1142 578 1258 605 πέπεισο
1274 578 1405 614 ἀκριϐῶς,
1420 579 1460 606 ὅτι
1478 579 1507 605 τὺ
1531 579 1606 611 τέλος
1628 579 1680 606 τῶν
1705 579 1927 615 πονηρευομένων

1141 623 1261 660 ὀλέθριον
1283 624 1421 660 τυγχάνει.
1439 626 1470 652 Ol
1493 625 1547 659 γὰρ
1572 625 1805 660 ποντιρευόμενοι
1827 625 1930 657 ἐξολο-

1141 670 1368 703 θρευθήσονται,
1386 670 1460 706 μόνοι
1476 671 1505 697 δὲ
1521 671 1545 697 oi
1568 671 1736 706 μακρόθυμοι
1756 671 1803 698 xui.
1818 670 1929 706 ὑπομέ-

1140 725 1246 750 νοντες
1269 717 1322 744 τὸν
1340 718 1458 751 Κύριον,
1481 717 1565 744 αὐτοὶ
1587 717 1849 752 κληρονομήσουσι
1871 717 1928 751 τὴν

1141 763 1209 798 γῆν.
1226 763 1260 790 Εἴ
1273 772 1315 795 τις
1326 764 1381 799 γάρ
1397 764 1453 790 ἐστι
1469 763 1505 798 γῆ
1518 763 1606 799 ἀγαθὴ
1619 765 1674 794 τοῖς
1691 763 1777 797 ἁγίοις
1793 763 1928 799 ἐπηγγελ-

1143 808 1222 845 μένη,
1245 809 1347 845 ταύτην
1364 809 1611 845 κληρονομήσουσιν
1634 808 1659 835 οἱ
1683 808 1864 844 ὑπομένοντες
1882 807 1927 834 τὸν

1141 855 1243 890 Κύριον
1255 863 1262 870 ·
1281 855 1350 891 μετὰ
1369 856 1421 892 γὰρ
1434 855 1488 882 τῶν
1504 855 1590 883 ἄλλων
1606 855 1660 882 τῶν
1680 854 1927 890 κατηριθμημένων

1142 901 1262 935 ἀγαθῶν,
1280 901 1327 928 καὶ
1340 902 1420 934 αὐτὸς
1434 902 1523 933 αὐτοῖς
1543 901 1710 937 δοθήσεταιὸ
1727 901 1836 936 κλῆρος.
1854 898 1885 926 Εἰ
1904 900 1927 926 δ’

306 951 378 978 ἐστιν
403 951 428 977 ὲκ
453 951 575 985 οὐρανοῖς
598 948 768 985 Ἰερουσαλὴμ
798 949 842 975 καὶ
864 947 932 975 Σιὼν
956 947 1018 983 ῠρος
1040 947 1088 974 τοῦ
1107 948 1174 975 Θεοῦ
1191 949 1220 976 τὺ
1233 950 1404 986 ἐπουράνιον,
1421 950 1565 977 ἀκόλουθόν
1596 951 1653 977 ἐστι
1683 949 1729 977 καὶ
1747 949 1798 985 γῆν
1811 948 1928 984 ἐπουρά-

306 1008 361 1028 νιον
376 999 446 1026 νοεῖν
461 998 509 1034 τὴν
525 997 731 1033 ἐπηγγελμένην
744 998 799 1028 τοῖς
811 996 904 1028 ἀξίοις.

341 1045 422 1072 Vens.
436 1044 530 1079 l0,il.
553 1043 587 1070 Et
605 1043 689 1070 adhuc
703 1042 839 1077 pusillum,
858 1047 882 1069 et
900 1050 950 1069 non
969 1042 1019 1068 erit
1034 1050 1088 1076 ρεει

1179 1041 1235 1068 Καὶ
1246 1042 1290 1069 ἕτι
1305 1041 1417 1077 ὀλίγον,
1441 1042 1490 1069 καί
1506 1043 1540 1069 οὐ
1553 1042 1596 1076 μὴ
1611 1041 1731 1076 ὑπάρξῃ
1743 1042 1926 1077 ἁμαρτωλός.

305 1096 391 1124 calor,
409 1095 463 1118 etc.
487 1089 537 1117 Hic
561 1090 688 1124 superius
703 1089 775 1116 dicta
801 1089 1006 1123 interpretatur,
1024 1088 1090 1116 illud

306 1137 423 1168 scilicet,
437 1136 569 1169 Quoniam
585 1140 709 1170 tanquam
725 1135 813 1169 fenum
826 1134 950 1161 velociter
961 1139 1089 1166 arescent,

305 1189 330 1211 et
345 1182 565 1219 quemadmodum
582 1182 655 1209 olera
675 1181 813 1208 herbarum
829 1180 881 1207 cito
903 1179 1032 1212 decidant,
1048 1179 1091 1208 his

306 1231 434 1266 explicat,
457 1229 549 1256 Adhuc
565 1229 707 1264 pusillum,
723 1233 748 1255 et
764 1236 817 1255 non
833 1230 882 1255 erit
905 1232 1044 1262 peccator;
1066 1232 1090 1254 et

306 1284 407 1311 quare:
424 1276 510 1303 locum
526 1275 593 1309 ejus,
610 1279 635 1302 et
652 1283 703 1302 non
718 1274 848 1301 invenies:
864 1273 930 1301 illud
946 1281 1021 1306 vero,
1038 1273 1092 1300 De-

305 1322 403 1349 lectare
415 1322 443 1348 in
457 1321 580 1353 Domino,
594 1325 617 1347 ct
636 1320 709 1347 dabit
724 1320 772 1347 tibi
791 1320 927 1355 petitiones
941 1319 1028 1346 cordis
1039 1319 1089 1351 tui,

305 1367 350 1395 his
365 1368 485 1402 apertius
507 1371 628 1398 enarrat.
641 1364 775 1394 Mansueti
799 1371 887 1393 autem
900 1365 1091 1393 Iteereditabunt

306 1419 415 1445 terram,
428 1418 453 1440 et
476 1412 675 1440 delectabantur
691 1413 717 1440 in
739 1412 910 1439 multitudine
923 1412 1007 1446 pacis.
1031 1411 1091 1445 Quo

306 1463 385 1494 pacto
400 1463 490 1486 autem
507 1459 533 1485 in
551 1458 666 1485 Domino
680 1458 742 1493 quis
762 1457 953 1490 delectabitur,
970 1457 1091 1486 declarat

306 1505 365 1540 ipse
379 1504 443 1532 dum
461 1504 509 1536 ait,
524 1512 608 1539 penes
624 1512 686 1531 eum
704 1504 906 1531 multitudinem
926 1503 1001 1539 pacis
1017 1512 1089 1537 esse,

278 1540 289 1546 ’
305 1558 359 1586 qua
373 1551 457 1578 multa
472 1557 538 1585 pace
554 1550 680 1577 fruentur
694 1550 712 1576 ii
728 1551 775 1585 qui
790 1550 818 1577 in
833 1550 949 1577 Domino
964 1550 1090 1578 delectati

306 1596 416 1624 fuerint.
435 1595 482 1623 His
509 1603 593 1631 porro
613 1595 746 1629 docetur,
762 1596 843 1623 aliam
867 1596 967 1623 bonam
987 1599 1088 1624 terram

305 1649 376 1673 esse,
387 1642 536 1669 mansuetis
549 1641 724 1672 deminutam,
741 1649 772 1669 ac
784 1642 1004 1674 delectationem,
1020 1642 1090 1669 mul-

305 1686 503 1721 titudinemque
523 1686 599 1721 pacis
612 1687 639 1713 in
657 1686 775 1714 futuram
791 1688 873 1714 vitam
889 1688 1017 1715 remittit.
1029 1687 1088 1715 Non

305 1732 448 1766 ignorabat
472 1732 544 1758 enim
559 1731 642 1766 justis
670 1732 783 1767 perinde
801 1736 883 1767 atque
899 1734 1089 1768 peccatoribus

305 1777 334 1804 in
348 1777 399 1804 hac
412 1777 466 1803 vita
482 1777 653 1804 moriendum
668 1785 740 1809 esse,
756 1778 794 1804 ita
812 1781 841 1804 ut
854 1777 888 1805 de
908 1779 961 1806 illis
982 1787 1089 1814 quoque

305 1820 359 1848 dici
375 1820 461 1855 possit
475 1829 481 1847 :
493 1820 588 1848 Adhuc
602 1822 742 1856 pusillum,
759 1825 785 1849 et
801 1829 856 1849 non
872 1823 924 1850 erit
937 1823 1046 1858 justus;
1062 1828 1089 1852 et

305 1874 410 1902 quaeres
425 1867 515 1894 locum
531 1866 603 1901 ejus,
618 1870 645 1895 et
659 1875 718 1900 _non
730 1867 851 1896 invenies
865 1877 872 1895 :
888 1876 951 1896 nam
965 1869 1003 1896 illi
1018 1878 1088 1905 quo-

304 1920 358 1947 que
373 1912 529 1940 moriuntur
552 1913 781 1948 quemadmodum
799 1917 825 1941 et
842 1918 1010 1950 peccatores.
1034 1915 1088 1943 Ne-

304 1964 358 1992 que
369 1956 404 1983 tle
421 1957 472 1984 hac
485 1960 557 1984 terra
574 1958 615 1985 sic
636 1958 743 1986 locutus
758 1963 811 1991 est,
828 1959 961 1987 Mansueti
977 1961 1089 1988 [neredi-

306 2002 398 2028 tabent
409 2007 506 2028 terram
517 2010 527 2033 ;
543 2009 604 2029 cum
623 2004 707 2038 probe
732 2004 815 2031 sciret
838 2004 947 2041 Moysen
965 2007 1087 2034 omnium

305 2047 490 2080 mitissimum,
510 2048 574 2074 olim
590 2048 623 2075 de
642 2050 732 2077 medio
746 2050 886 2078 hominum
901 2053 1038 2080 sublatum
1054 2054 1088 2081 ab

305 2092 358 2119 hac
373 2097 445 2120 terra
455 2093 632 2129 demigrasse.
666 2104 675 2114 ο

344 2222 425 2250 Vens.
438 2223 481 2251 12.
501 2223 655 2252 Observabit
667 2231 788 2259 peccator
799 2227 913 2261 justum,
928 2233 952 2255 et
967 2229 1087 2256 stridebit

1142 1087 1317 1124 Διερμηνεύει
1342 1088 1375 1115 τὰ
1399 1088 1528 1124 ἀνωτέρω
1548 1088 1707 1123 λελεγμένα,
1730 1087 1760 1114 τὸ
1781 1089 1840 1124 μὲν,
1862 1089 1928 1116 ὀτι

1141 1134 1211 1161 ὡσεὶ
1234 1134 1341 1169 χόρτος
1361 1135 1437 1169 ταχὺ
1460 1133 1772 1169 ἀποξηρανθήσονται,
1789 1135 1839 1162 καὶ
1855 1136 1927 1164 ὡσεὶ

1140 1180 1259 1216 λάχανα
1273 1182 1368 1216 χλόης
1386 1181 1461 1215 ταχὺ
1477 1181 1711 1213 ἀποπεσοῦνται,
1728 1181 1772 1208 διὰ
1785 1182 1843 1215 τοῦ,
1866 1183 1927 1210 Ἔτι

1141 1227 1255 1262 ὀλίγον,
1270 1228 1318 1254 καὶ
1331 1228 1366 1254 οὐ
1379 1226 1422 1262 μὴ
1441 1227 1561 1262 ὑπάρξῃ
1579 1229 1596 1254 ὁ
1606 1227 1797 1262 ·ἀμαρτωλο’ς’
1819 1229 1867 1255 καὶ
1883 1227 1927 1262 ζη-

1141 1272 1244 1305 τήσεις
1258 1272 1312 1299 τὸν
1326 1272 1417 1299 τόπον
1432 1273 1525 1300 αὑτοῦ
1541 1272 1589 1299 καὶ
1604 1273 1640 1300 οὐ
1651 1271 1696 1307 μὴ
1716 1273 1822 1307 εὕρῃς·
1839 1273 1871 1300 τὸ
1886 1273 1925 1305 δὲ,

1140 1318 1377 1352 Κατατρύφησον
1395 1317 1448 1344 τοῦ
1461 1318 1581 1351 Κυρίου,
1599 1317 1646 1344 καὶ
1664 1317 1752 1344 δώσει
1771 1325 1819 1345 σοι
1836 1319 1872 1345 τὰ
1884 1319 1927 1345 αι-

1141 1363 1254 1397 τήματα
1278 1362 1332 1397 τῆς
1354 1363 1477 1397 καρδίας
1502 1371 1570 1394 σου,
1593 1360 1757 1399 σαφέστερον
1781 1364 1927 1391 ἀποδίδωσι

1140 1408 1184 1436 διὰ
1202 1409 1259 1442 τοῦ,
1275 1411 1307 1436 οι
1326 1409 1361 1436 δὲ
1381 1409 1484 1443 πραεῖς
1501 1408 1763 1444 κληρονομήσουσι
1785 1410 1841 1444 τὴν·
1855 1410 1924 1444 γῆν,

1140 1455 1189 1482 καὶ
1208 1455 1491 1490 κατατρυφήσουσιν
1510 1455 1560 1482 ἐπὶ
1581 1455 1687 1489 πλήθει
1706 1455 1837 1489 εὶρήνης.
1862 1456 1925 1488 Πῶς

1140 1500 1194 1537 γάρ
1210 1509 1252 1533 τις
1267 1502 1470 1537 κατατρυφήσει
1489 1501 1535 1528 τοῦ
1550 1501 1651 1537 Κυρίου
1674 1502 1832 1538 παρίστησι,
1857 1503 1925 1538 πλῆ-

1141 1546 1186 1577 θος
1202 1546 1313 1582 είρήνης
1328 1547 1392 1582 παρ’
1405 1545 1479 1582 αὑτῷ
1495 1543 1563 1573 εἶναι
1585 1546 1670 1580 λέγων
1681 1555 1687 1562 ·
1706 1545 1736 1573 οὗ
1751 1547 1868 1583 πλήθους
1884 1549 1922 1575 εί-

1142 1593 1226 1629 ρήνης
1247 1593 1444 1620 ἀπολαύσουσιν
1463 1593 1486 1619 οἱ
1508 1592 1554 1619 τοῦ
1572 1593 1673 1629 Κυρίου
1697 1596 1924 1630 κατατρυφήσαν-

1139 1647 1194 1670 τες.
1213 1639 1261 1666 Διὰ
1277 1639 1377 1666 τούτων
1393 1639 1421 1665 δὲ
1441 1640 1455 1666 ὁ
1477 1639 1554 1673 λόγος
1574 1640 1666 1674 σαφῶς
1685 1639 1781 1675 ἑτέραν
1796 1641 1856 1667 τινὰ
1872 1642 1924 1677 γῆν

1140 1685 1243 1720 ἀγαθὴν
1261 1684 1309 1720 τὴν
1329 1687 1385 1716 τοῖς
1406 1684 1505 1720 πραέσι
1529 1685 1710 1722 δοθησομένην
1726 1687 1855 1718 διδάσκει,
1877 1688 1925 1714 καὶ

1140 1731 1243 1766 τρυφὴν
1257 1730 1303 1757 καὶ
1317 1730 1418 1765 πλῆθος
1431 1731 1540 1766 είρήνης
1554 1732 1593 1763 εἰς
1607 1730 1755 1767 μέλλουσαν
1767 1732 1924 1767 ἀναπέμπει

1140 1775 1222 1810 ζωήν.
1247 1775 1283 1801 Οὐ
1300 1775 1355 1811 γὰρ
1370 1775 1473 1810 ἠγνόει,
1497 1775 1537 1802 ὅτι
1560 1776 1660 1812 ὁμοίως
1678 1778 1734 1808 τοῖς
1754 1777 1924 1813 ἁμαρτωλοῖς

1139 1821 1211 1847 κατὰ
1230 1821 1275 1847 τὸν
1289 1821 1410 1856 παρόντα
1426 1821 1482 1856 βίον
1499 1822 1547 1849 καὶ
1560 1823 1584 1848 ot
1596 1822 1693 1849 δίκαιοι
1707 1823 1922 1858 τελευτήσουσιν,

1139 1865 1177 1898 ὼς
1195 1866 1324 1894 δύνασθαι
1340 1867 1387 1894 καὶ
1404 1867 1466 1903 περὶ
1485 1868 1574 1895 αὐτῶν
1588 1867 1713 1902 λέγεσθαι
1725 1869 1755 1896 τό
1769 1877 1775 1885 '
1792 1870 1852 1896 Ἔτι
1867 1870 1923 1896 ὀλί-

1139 1922 1197 1947 γον,
1211 1913 1258 1940 xui.
1270 1913 1300 1940 οὐ
1322 1913 1358 1948 μὴ
1383 1912 1490 1949 ὑπάρξῃ
1517 1915 1530 1941 ὁ
1544 1914 1655 1945 δίκαιος,
1671 1914 1717 1940 καὶ
1735 1915 1860 1950 ζητήσεις
1879 1915 1924 1942 τὸν

1138 1958 1220 1985 τόπον
1230 1957 1322 1990 αὑτοῦ,
1336 1958 1382 1984 καὶ
1393 1958 1424 1984 οὐ
1435 1958 1471 1994 μὴ
1484 1957 1582 1994 εὕρῃς·
1591 1959 1735 1985 τελευτῶσι
1752 1959 1806 1994 γὰρ
1823 1959 1924 1995 ὁμοίως

1138 2005 1193 2035 τοῖς
1208 2003 1378 2039 ἁμαρτωλοῖς
1393 2004 1439 2030 καὶ
1455 2004 1540 2031 αὐτοί.
1557 2005 1613 2031 Οὐκ
1625 2004 1657 2031 ἂν
1673 2005 1700 2031 δὲ
1717 2004 1776 2032 εἶπε
1796 2006 1859 2042 περὶ
1873 2006 1924 2041 τῆς

1139 2049 1278 2085 παρούσης
1303 2050 1354 2085 γῆς
1372 2049 1430 2076 τόδε
1443 2058 1449 2065 ·
1478 2052 1509 2077 οι
1536 2051 1636 2084 πραεῖς
1658 2051 1923 2085 κληρονομήσουσι

1138 2095 1194 2129 τὴν
1206 2095 1274 2129 γῆν,
1293 2096 1385 2130 σαφῶς
1400 2095 1470 2131 ὀρῶν
1485 2095 1539 2123 τῶν
1551 2097 1659 2123 πάντων
1675 2097 1825 2133 πραὸτατον
1840 2098 1924 2124 Μωῠ-

1139 2140 1199 2173 σέα,
1215 2141 1298 2167 πάλαι
1317 2141 1346 2174 ἐξ
1363 2141 1512 2177 ἀνθρώπων
1535 2141 1678 2178 γενόμενον
1695 2144 1742 2170 καὶ
1758 2143 1806 2178 τῆς
1821 2142 1924 2178 παρού-

1139 2194 1188 2222 σης
1202 2186 1254 2222 γῆς
1267 2186 1483 2222 ἀπηλλαγμένον.

1172 2232 1414 2267 Παρατηρήσεται
1439 2236 1456 2261 ό
1470 2234 1642 2268 ἁμαρτωλὸς
1662 2234 1714 2261 τὸν
1729 2234 1855 2266 δίκαιον,
1872 2234 1923 2261 καὶ

305 2277 382 2304 super
390 2278 448 2297 eum
459 2269 579 2297 dentibus
593 2272 661 2303 suis,
672 2276 724 2300 etc.
734 2272 878 2308 lmpiorum
893 2279 987 2302 contra
998 2276 1087 2310 justos

1139 2280 1240 2314 βρύξει
1253 2279 1299 2306 ἐπ’
1309 2279 1402 2306 αὑτὸν
1413 2279 1482 2312 τοὺς
1492 2279 1616 2312 ὀδόντας
1629 2280 1731 2307 αὑτοῦ.
1743 2280 1802 2307 Τῶν
1815 2288 1845 2306 τε
1858 2280 1922 2307 ἀσε-

305 2316 422 2344 insultus
440 2317 636 2353 amborumque
655 2319 733 2347 ﬁnem
749 2320 890 2348 describit.
906 2322 973 2349 Cum
989 2330 1087 2357 pecca-

305 2367 358 2395 tor,
375 2363 476 2398 inquit,
496 2371 550 2391 non
569 2365 637 2392 satis
652 2373 714 2393 esse
738 2366 789 2393 sibi
805 2367 908 2394 scelera
931 2375 980 2395 sua
999 2373 1084 2403 putet,

303 2409 406 2443 justutn
420 2417 535 2437 cernens
550 2410 676 2445 religiose
689 2412 835 2443 virentem.
854 2412 879 2440 id
896 2412 965 2441 ferre
981 2414 1084 2449 nequit,

304 2456 368 2489 quia
385 2456 467 2482 vitam
489 2457 549 2491 ejus
574 2457 757 2492 improbitatis
779 2467 834 2486 suae
858 2459 1085 2494 vituperationem

304 2511 365 2530 esse
379 2503 543 2537 arbitratur;
564 2513 648 2540 quare
664 2505 718 2533 ait:
738 2505 787 2534 Vel
803 2507 861 2534 visu
879 2507 937 2535 solo
953 2515 1086 2535 onerosus

305 2549 385 2576 nobis
398 2552 450 2581 est,
465 2549 580 2585 ideoque
595 2551 720 2578 observat
732 2559 793 2579 eum
810 2556 839 2580 ut
852 2553 971 2588 dejiciat.
985 2553 1085 2581 Verum

304 2594 396 2628 justus
422 2595 489 2622 nihil
507 2597 583 2630 pensi
612 2596 702 2630 habet,
728 2606 816 2634 neque
841 2599 916 2627 novit
937 2608 997 2635 quae
1015 2601 1085 2628 clam

304 2644 399 2667 contra
417 2648 447 2668 se
461 2645 607 2668 struuntur
629 2643 857 2672 machinamenta.
875 2644 1007 2674 Dominus
1020 2654 1085 2674 vero

305 2685 427 2712 omnium
442 2686 587 2721 inspector.
603 2688 662 2723 ejus
675 2689 721 2724 qui
733 2690 799 2717 talia
815 2690 963 2718 meditatur
977 2691 1084 2719 ruinam

305 2733 484 2768 prospiciens,
502 2734 614 2761 consilia
631 2735 691 2770 ejus
704 2735 818 2763 deridet.
835 2735 867 2763 Et
878 2737 1010 2765 hactenus
1024 2738 1086 2772 qui-

303 2779 365 2806 dem
393 2780 460 2807 nihil
483 2779 556 2807 aliud
571 2781 625 2816 agit
649 2789 729 2816 quam
754 2783 843 2810 ridere
867 2783 1004 2810 hominem
1020 2785 1083 2811 talia

305 2824 405 2854 frustra
430 2826 604 2861 cogitantem.
627 2826 694 2854 Cum
710 2833 798 2856 autent
819 2833 944 2863 peccator
961 2830 993 2857 ad
1017 2829 1084 2857 faci-

304 2877 370 2896 nora
399 2871 586 2906 progreditur,
614 2871 740 2905 acuitque
760 2873 881 2908 gladios,
910 2877 938 2900 ut
970 2874 1082 2902 insidias

305 2920 382 2949 paret
393 2917 425 2943 ad
442 2924 534 2944 necem
549 2917 584 2950 ei,
600 2917 645 2952 qui
662 2921 771 2951 propter
788 2919 870 2947 Deutn
884 2919 1000 2953 inopiam
1015 2929 1080 2954 pau-

1138 2325 1192 2352 6ὦν
1211 2325 1260 2357 τὰς
1283 2325 1353 2352 κατὰ
1373 2325 1426 2351 τῶν
1448 2325 1558 2352 δικαίων
1581 2325 1787 2357 ἐπαναστάσεις,
1805 2325 1852 2352 καὶ
1868 2327 1944 2361 ὰμ-.

1101 2390 1123 2418 D
1138 2371 1257 2408 φοτέρων
1272 2372 1326 2398 τῶν
1351 2372 1495 2406 ταγμάτων
1509 2371 1542 2398 τὰ
1562 2371 1635 2418 τέλη.
1652 2371 1694 2407 Μὴ
1709 2372 1764 2407 γὰρ
1783 2371 1922 2407 ἀρκούμε-

1138 2425 1192 2449 νος,
1211 2418 1287 2452 φησὶ,
1301 2419 1355 2449 τοῖς
1369 2417 1465 2444 ἑαυτοῦ
1481 2417 1626 2452 πλημμελή
1631 2426 1711 2452 μασιν
1724 2419 1738 2443 ὁ
1749 2418 1921 2454 ἁμαρτωλὸς,

1138 2464 1167 2490 οὺ
1191 2464 1268 2498 φέρει
1290 2463 1394 2498 βλέπων
1416 2463 1461 2489 τὸν
1476 2463 1576 2489 δίκαιον
1597 2462 1790 2490 θεοσεὸοὖντα·
1813 2463 1922 2499 ἔλεγχον

1138 2506 1192 2541 γὰρ
1208 2506 1253 2532 τὸν
1269 2506 1372 2533 ἐκείνου
1388 2506 1444 2542 βίον
1459 2506 1509 2541 τῆς
1527 2506 1622 2533 ἑαυτοῦ
1636 2507 1785 2543 μοχθηρίας
1798 2509 1919 2543 ἡγεῖται·

1138 2549 1177 2577 διδ
1196 2550 1284 2585 λέγει·
1309 2551 1398 2587 Βαρὺς
1418 2552 1483 2587 ἡμῖν
1506 2552 1563 2578 ἐστι
1586 2552 1632 2578 καὶ
1658 2552 1840 2588 βλεπόμενος·
1861 2553 1922 2580 ὅθεν

1139 2597 1262 2632 ἐπιτηρεῖ
1278 2597 1351 2629 ὅπως
1367 2597 1447 2624 αὑτὸν
1462 2597 1612 2634 καταϐάλῃ.
1636 2598 1704 2625 Ἀλλ’
1722 2599 1736 2625 ὁ
1757 2599 1805 2634 μὲν
1820 2598 1922 2631 δίκαιος

1138 2643 1167 2669 οὺ
1192 2645 1390 2679 προσποιεῖται,
1414 2644 1474 2670 οὐδὲ
1496 2643 1623 2678 γινώσκει
1646 2644 1682 2671 τὰ
1703 2645 1838 2680 λαθραίως
1861 2646 1921 2672 κατ’

1139 2688 1220 2715 αὑτοῦ
1236 2688 1431 2724 μηχανώμενα·
1451 2689 1466 2715 ὀ
1481 2689 1509 2715 δὲ
1522 2690 1714 2726 παντεπόπτης
1726 2690 1838 2727 Κύριος,
1855 2699 1921 2726 προ-
1942 2698 1947 2704 ·

1137 2735 1207 2770 ορῶν
1227 2735 1275 2771 τὴν
1291 2735 1337 2762 τοῦ
1348 2735 1432 2762 ταῦτα
1445 2735 1631 2771 διανοουμένου
1654 2737 1764 2768 πτῶσιν,
1779 2737 1833 2765 τῶν
1850 2737 1920 2771 λογι-

1139 2781 1215 2816 σμῶν
1228 2782 1308 2808 αὑτοῦ
1324 2783 1470 2819 καταγελᾷ.
1490 2784 1546 2810 Καὶ
1563 2784 1632 2816 τέως
1654 2784 1702 2818 μὲν
1715 2784 1795 2812 πλέον
1810 2784 1888 2811 οὐδὲν
1903 2783 1921 2820 ἢ

1137 2828 1203 2863 γελᾷ
1227 2829 1270 2855 ἐπ’
1283 2828 1357 2864 αὐτῷ
1377 2830 1464 2866 μάτην
1483 2830 1594 2858 τοιαῦτα
1610 2830 1790 2866 λογιζομένῳ·
1811 2830 1920 2857 ἐπειδὰν

1135 2873 1157 2899 δ’
1178 2875 1222 2901 ἐπὶ
1243 2874 1278 2901 τὰ
1294 2874 1359 2910 ἔργα
1375 2878 1461 2912 χωρῇ,
1479 2877 1614 2913 ἀκονήσας
1633 2875 1779 2903 ὲαυτοῦ⁹τὰ
1802 2876 1866 2909 ξίφη
1883 2875 1918 2907 ὡς

1137 2920 1216 2954 μέχρι
1234 2921 1346 2949 θανάτου
1372 2921 1560 2950 ὲπιὸουλεῦσαι
1576 2922 1614 2957 τῷ
1630 2921 1678 2958 τὴν
1700 2921 1744 2949 διὰ
1766 2922 1831 2949 Θεὸν
1848 2930 1917 2948 1cm-
