2056 3214
268 182 319 208 331

623 179 757 208 EUSEBH
773 178 1012 208 CAESARIENSIS
1031 177 1106 206 OPP.
1128 176 1218 204 PARS
1235 177 1278 205 Ill.
1298 193 1332 197 —
1348 176 1549 205 EXEGETICA.

1851 175 1902 203 πει

271 247 379 277 tempus
390 241 438 270 irae
447 241 580 270 adversus
591 241 699 276 impios,
713 248 767 275 quo
780 240 818 267 illi
832 240 941 275 quidem
951 240 1056 275 justum

1110 246 1224 266 σονται.
1248 238 1351 274 Καιρδς
1370 239 1397 265 δὲ
1414 238 1533 274 πονηρός
1557 238 1630 265 ἐστιν
1653 238 1666 264 ὁ
1683 238 1732 272 τῆς
1755 236 1827 264 κατὰ
1848 236 1904 263 τῶν

271 288 464 324 Deijudicium
478 288 676 323 experientur;
700 287 747 322 qui
764 294 829 314 vero
849 287 877 314 in
901 286 997 314 dextro
1019 293 1060 313 or-

270 335 334 362 dine
357 339 432 367 sunt,
459 334 586 370 gloriam,
614 333 745 361 honorem
770 337 798 360 et
827 332 1059 367 incorruptionem

270 380 444 413 obtinebunt,
464 384 493 407 ut
507 380 553 415 qui
573 380 657 406 vitam
674 383 802 407 aeternam
818 379 986 414 quaesierint.
1004 378 1060 406 lmo

271 434 336 453 vero
350 431 454 454 statuto
470 431 593 462 tempore
611 426 690 461 justi,
707 426 800 452 divino
824 426 954 452 alimento
970 425 1058 460 potiti,

271 472 490 504 saturabuntur;
509 475 666 507 peccatores
687 474 778 498 autem
795 470 865 498 fame
890 475 916 497 et
939 473 1060 505 egestate

271 517 443 545 rationabilis
459 518 513 545 cibi
533 518 671 553 peribunt.
688 516 754 549 Quis
775 520 865 543 autem
880 516 965 543 oculis
991 523 1059 543 con-

271 564 420 599 templatus
435 564 534 599 impios
549 565 595 599 qui
611 571 668 590 :evo
685 566 781 590 nostro
796 569 829 589 ex
845 562 960 594 divitiis,
975 561 1058 597 gloria

270 601 296 637 et
313 610 491 645 dignitatibus
509 610 536 637 in
553 608 735 637 admiratione
756 608 841 639 fuere,
861 608 888 635 in
905 610 1059 643 multasque

270 658 364 689 gentes
380 654 525 689 imperium
540 655 695 686 obtinuere,
711 658 823 688 repente
834 654 868 680 ab
882 653 933 680 hac
948 653 1059 680 celsitu-

269 700 334 728 dine
361 700 463 735 lapsos,
487 707 541 727 non
565 699 681 727 fateatur
707 707 801 727 verum
829 706 890 726 esse
917 699 1058 725 oraculum

270 747 427 780 hujusmodi
446 757 452 774 :
469 747 575 774 Inimici
594 755 652 774 vero
668 746 786 777 Domini,
803 753 865 773 mox
881 751 909 772 ut
930 745 1059 779 honoriﬁ-

269 793 322 819 cali
342 794 448 827 [uerunt
469 798 493 820 et
515 793 639 825 exaltati,
665 792 814 827 deﬁcientes
838 791 1058 827 quemadmodum

269 838 358 872 {unius
378 838 551 874 defecerunt?
574 838 677 865 Fumus
701 838 829 865 exstincti
855 837 926 873 ignis
949 837 1057 873 signum

267 890 310 912 est
323 895 328 911 :
345 892 429 920 quare
440 885 467 912 hi
479 884 525 919 qui
537 890 658 920 tempore
669 892 719 912 suo
731 885 859 911 ardentes
872 884 943 919 ignis
957 884 1055 916 instar,

1112 284 1217 311 ἀσεὸὦν
1235 285 1330 320 ὀργῆς,
1352 286 1380 311 ὲν
1401 281 1423 318 ᾧ
1445 285 1469 311 οἰ
1493 284 1542 319 μὲν
1565 284 1615 319 τῆς
1637 283 1835 319 δικαιοκρισίας
1855 282 1902 310 τοῦ

1111 329 1179 357 Θεοῦ
1193 330 1434 366 πειρασθήσονται,
1447 331 1470 356 οἱ
1484 330 1513 356 δὲ
1524 329 1571 356 τοῦ
1583 329 1670 362 δεξιοῦ
1687 330 1827 365 τάγματος
1839 330 1904 356 ἀπο-

1110 377 1247 411 λείψονται
1261 377 1339 409 δόξαν
1350 376 1406 403 ’καὶ
1419 376 1502 412 τιμὴν
1518 377 1566 403 καὶ
1580 375 1742 412 ἀφθαρσίαν,
1757 375 1902 412 ζητοῦντες

1111 421 1183 458 ζωὴν
1208 422 1327 450 αἰώνιον.
1354 423 1391 449 Οὐ
1411 423 1462 458 μὴν
1480 422 1546 449 ἀλλὰ
1570 423 1617 449 καὶ
1639 423 1710 450 κατὰ
1730 422 1776 449 τὸν
1796 422 1902 449 ἑστῶτα

1112 468 1216 504 καιρὸν,
1230 470 1254 495 οἱ
1278 469 1328 503 μὲν
1344 469 1442 496 δίκαιοι
1459 469 1508 504 τῆς
1523 469 1613 496 ὲνθέου
1629 469 1732 504 τροφῆς
1752 467 1901 495 ἀπολαύον-

1110 523 1156 546 τες
1170 515 1402 551 χορτασθήσονται
1414 524 1420 530 ·
1441 517 1465 542 οἱ
1485 516 1513 542 δὲ
1529 515 1684 551 ἁμαρτωλοὶ
1702 514 1773 550 λιμῷ
1791 515 1837 541 καὶ
1857 515 1901 541 ὲν-

1109 560 1168 595 δείᾳ
1181 560 1293 595 λογικῆς
1312 561 1415 596 τροφῆς
1439 561 1611 588 ἀπολοῦνται.
1630 561 1678 592 Τίς
1698 561 1726 587 δὲ
1750 560 1901 596 ὀφθαλμοῖς

1111 606 1276 641 παραλαὸὼν
1291 608 1353 638 τοὺς
1369 607 1430 633 καθ’
1445 608 1517 642 ἡμᾶς
1530 607 1638 639 ἀσεϐεῖς
1655 607 1760 641 πλούτῳ
1778 607 1826 634 καὶ
1837 607 1902 644 δόξῃ

1110 653 1157 679 καὶ
1173 652 1310 688 ἀξιώμασι
1327 653 1545 689 θαυμασθέντας,
1564 655 1689 690 μεγάλων
1703 662 1731 680 τε
1748 653 1833 680 ἐθνῶν
1850 653 1902 689 ἂρ-

1110 699 1217 732 ξαντας.
1234 699 1339 735 ἀθρόως
1362 701 1528 732 ἐκπεσόντας
1548 701 1595 727 τοῦ
1619 700 1774 736 ὺψώματος,
1796 699 1846 726 οὑκ
1867 699 1901 726 ἂν

1109 746 1302 781 ὁμολογήσειεν
1325 747 1412 782 ἀληθῆ
1432 747 1576 782 τυγχάνειν
1594 747 1624 773 τὸ
1639 747 1727 782 φῆσαν
1744 746 1850 780 λόγων
1868 747 1902 773 οι

1109 791 1134 817 δ’
1156 792 1255 826 ἐχθροὶ
1276 793 1330 818 τοῦ
1351 793 1424 820 Θεοῦ
1444 793 1503 827 ἅμα
1526 793 1565 825 τῷ
1588 792 1773 826 δοξασθῆναι
1789 792 1902 825 αὐτοὺς

1109 837 1158 864 καὶ
1169 837 1332 871 ἐπαρθῆναι
1346 839 1522 871 ἐκλιπόντες
1537 838 1606 865 ὡσεὶ
1622 838 1736 871 καπνὸς
1747 837 1899 870 ἐξέλιπον.

1110 884 1221 916 Καπνὸς
1234 885 1262 911 δὲ
1285 885 1370 921 πυρὸς
1386 885 1546 917 σϐεσθέντος
1561 886 1672 920 σημεῖον
1684 893 1690 899 ·
1712 884 1753 911 διὸ
1773 884 1821 911 καὶ⁸
1843 884 1903 911 τοὺ-

266 931 366 959 deinde
376 932 503 959 exstincti
516 919 730 962 sunt,rsimilitcr
746 931 773 958 in
789 931 942 966 exemplum
954 931 1056 958 haben-

1109 939 1171 962 τους
1184 931 1272 968 καιρῷ
1286 919 1435 966 φλεξαντας
1451 932 1536 966 πυρὸς
1552 931 1641 967 δίκην.
1655 931 1772 958 κᾶπειτα
1787 931 1903 958 ἀποσϐε-

265 981 321 1004 tur.

302 1022 384 1051 Vens.
403 1023 448 1055 2|,
460 1023 506 1050 92.
527 1023 669 1050 Mutuatur
691 1028 820 1057 peccator,
838 1029 862 1050 et
884 1032 936 1050 non
950 1024 1055 1051 solvet:

265 1073 353 1096 nutus
379 1075 468 1097 autem
494 1070 633 1097 miseretur
647 1075 672 1097 et
700 1071 805 1098 tribuet.
834 1069 881 1097 Ille
900 1077 962 1097 cum
988 1070 1056 1097 nihil

265 1115 431 1150 possideret,
448 1116 605 1151 multosque
617 1123 632 1142 a
646 1116 706 1142 viro
718 1116 794 1150 justo
810 1116 891 1143 utiles
905 1116 1056 1144 salutares-

266 1169 320 1196 que
333 1169 475 1189 sermones
490 1166 587 1189 mutuo
603 1163 749 1196 acciperet,
766 1166 812 1188 aut
825 1169 839 1188 a
852 1161 906 1189 Deo
915 1161 1056 1189 beneﬁciis

265 1212 422 1239 ornaretur.
435 1207 557 1234 dcbitum
570 1215 623 1234 non
637 1208 728 1235 solvit.
745 1206 812 1234 Nam
826 1207 961 1242 adjutum,
974 1215 1056 1242 opor—

265 1253 318 1279 tuit
343 1260 426 1287 opera
450 1260 482 1280 ac
506 1256 582 1288 gesta
603 1253 724 1287 acceptis
748 1252 830 1288 digna
858 1252 997 1280 exhibere.
1021 1253 1056 1279 At

265 1299 311 1326 ille
326 1306 381 1326 non
397 1299 488 1330 solvit,
507 1303 654 1333 manetque
665 1298 779 1333 justitiae
793 1298 921 1333 operibus
941 1306 1054 1326 vacuus.

263 1343 359 1372 Justus
375 1353 440 1372 vero
456 1345 559 1372 divitiis
573 1352 633 1380 qua),
658 1344 808 1371 secundum
832 1343 916 1371 Deum
932 1348 996 1371 sunt
1012 1344 1052 1371 af-

264 1391 364 1423 ﬂuens,
383 1391 531 1419 miseretur
549 1396 576 1418 et
602 1391 698 1418 tribuit
721 1390 874 1425 egentibus.
901 1389 954 1417 Sed
974 1390 1055 1418 etiam

263 1436 311 1471 qui
334 1436 410 1471 justo
426 1436 601 1468 benedicuut,
625 1435 685 1470 ejus
709 1434 867 1462 cohaeredes
881 1439 971 1462 erunt.
988 1434 1055 1462 Eam

262 1482 336 1508 enim
351 1481 438 1516 ipsam
453 1488 601 1515 supernam
618 1480 813 1512 hmreditatem,
832 1480 976 1514 quaejusto
991 1487 1055 1515 pro-

263 1527 350 1555 missa
363 1527 425 1559 fuit,
443 1527 670 1558 benedicentibus
681 1527 786 1561 justum
801 1525 882 1553 etiam
899 1527 1053 1561 pollicetur.

264 1575 330 1607 Qua:
344 1577 499 1601 consonant
514 1574 627 1601 oraculo
649 1573 786 1600 Abraham
805 1573 940 1608 spectanti
965 1580 999 1600 ac
1011 1572 1054 1600 di-
1069 1589 1089 1617 ο

264 1619 336 1647 centi
351 1628 357 1645 :
374 1618 408 1645 Et
424 1619 575 1645 benedicam
592 1618 770 1645 benedicentes
785 1622 808 1644 le
819 1618 852 1644 ⁷¹.
868 1617 935 1645 Illud
952 1623 1054 1652 autem,

264 1664 454 1692 Matedicentes
480 1669 568 1690 autem
593 1665 617 1690 ei
641 1663 817 1698 disperibunt,
839 1664 917 1691 aliine
935 1669 978 1692 est
993 1665 1056 1692 huic

264 1709 299 1736 ad
314 1709 502 1735 Abrahamum
527 1709 611 1740 dicto,
630 1714 654 1735 et
670 1708 885 1735 maledicentibus
900 1710 947 1735 tibi
970 1711 1054 1737 male-

263 1755 394 1782 dicam".
413 1754 647 1787 Quemadmodum
660 1754 733 1781 enim
748 1756 794 1790 qui
812 1756 928 1791 lapidem
943 1763 1054 1783 sursum

263 1801 339 1836 jacit,
362 1801 403 1828 sie
427 1801 473 1836 qui
499 1799 652 1828 maledictis
665 1801 770 1836 justum
789 1802 903 1837 impetit,
921 1803 985 1837 quia
1000 1810 1055 1830 non

264 1850 355 1882 potest
381 1847 457 1881 justo
476 1846 654 1874 maledictum
679 1847 793 1880 haerere,
819 1851 951 1874 retortum
975 1848 1004 1874 in
1026 1855 1055 1876 se

263 1892 415 1920 maledicus
434 1893 563 1928 excipiet.

297 2020 382 2048 Vens.
407 2022 452 2054 25,
472 2022 517 2049 24.
537 2021 611 2057 Apud
645 2022 788 2050 Dominum
807 2031 914 2059 gressu:
940 2024 1053 2051 hominis

262 2066 420 2102 dirigentur.
436 2067 539 2095 Practer
555 2075 638 2103 supra
656 2073 817 2100 memorata,
834 2069 891 2096 haec
907 2071 989 2097 etiam
1005 2071 1054 2097 ho—

264 2113 330 2140 mini
346 2112 394 2140 Ι)θί
412 2113 532 2140 adsunt:
549 2114 609 2141 vias
624 2114 683 2148 ejus
698 2114 770 2142 Deus
788 2116 953 2150 complanat,
973 2116 1010 2143 ita
1024 2122 1054 2144 ut

261 2160 318 2188 vita
344 2161 405 2196 ejus
431 2160 548 2188 feliciter
568 2162 714 2189 elabatur:
732 2169 764 2189 ac
789 2163 847 2189 sine
863 2163 919 2190 ullo
938 2163 1016 2191 obice
1031 2165 1053 2192 is

262 2207 392 2243 religiose
409 2207 474 2242 agit,
501 2214 516 2234 a
533 2208 697 2242 nemineque
718 2208 922 2244 supplantatur,
941 2215 1052 2246 propter

1108 976 1228 1008 σθέντας,
1243 977 1342 1012 ὁμοίως
1356 978 1384 1004 ὲν
1396 977 1435 1012 τῷ
1450 977 1650 1013 παραδείγματι
1663 977 1712 1012 (Ι).

1142 1023 1304 1053 daret/(erat
1319 1025 1335 1050 ὀ
1359 1024 1544 1058 ἁμαρτωλὸς,
1567 1024 1616 1050 καὶ
1640 1024 1696 1050 οὐκ
1714 1024 1865 1051 ἀποτίσει·
1884 1024 1903 1051 ὁ

1106 1067 1140 1094 δὲ
1156 1067 1271 1100 δίκαιος
1288 1068 1421 1101 οἰκ-τείρει
1440 1069 1489 1094 καὶ
1513 1067 1597 1095 διδοῖ.
1615 1069 1706 1103 Μηδὲν
1722 1068 1900 1104 κεκτημένος,

1107 1114 1180 1150 παρὰ
1196 1113 1244 1140 τοῦ
1261 1114 1363 1140 δικαίου
1379 1114 1508 1145 πολλάκις
1522 1114 1712 1150 δανειζόμενος
1723 1114 1820 1149 λόγους
1830 1115 1901 1150 ὠφε-

1106 1160 1201 1195 λίμους
1223 1160 1270 1187 καὶ
1292 1160 1453 1196 σωτηρίους,
1472 1161 1488 1195 ἢ
1507 1160 1582 1196 παρὰ
1597 1160 1644 1187 τοῦ
1659 1161 1726 1187 Θεοῦ
1741 1161 1901 1196 εὐεργεσίας

1106 1207 1257 1241 τυγχάνων,
1281 1207 1331 1233 οὐκ
1356 1207 1513 1233 ἀποτίννυσι
1534 1207 1583 1243 τὴν
1608 1207 1728 1243 ὀφειλὴν.
1753 1207 1816 1234 Δέον
1846 1207 1901 1244 γὰρ

1106 1251 1293 1288 ὠφεληθέντα,
1305 1251 1373 1287 ἔργα
1394 1253 1441 1278 καὶ
1464 1252 1578 1288 πράξεις
1594 1254 1745 1289 παρασχεῖν
1766 1253 1844 1286 ἀξίας
1862 1249 1901 1279 ὧν

1106 1298 1228 1332 εἴληφεν.
1250 1298 1279 1324 '0
1296 1297 1324 1324 δὲ
1339 1298 1388 1324 οὐκ
1412 1298 1597 1330 ἀποτίννυσιν,
1622 1299 1697 1334 μένει
1720 1299 1748 1324 δὲ
1774 1299 1899 1334 ἄκαρπος

1105 1343 1160 1370 τῶν
1176 1344 1226 1380 τῆς
1240 1343 1414 1380 δικαιοσύνης
1434 1344 1531 1379 ἔργων.
1557 1345 1586 1371 '0
1602 1345 1629 1371 δὲ
1648 1345 1760 1377 δίκαιος,
1777 1345 1899 1372 πλουτῶν

1106 1391 1135 1416 ὲν
1148 1389 1187 1426 τῷ
1206 1390 1276 1416 κατὰ
1291 1390 1357 1416 Θεὸν
1372 1390 1489 1426 πλούτῳ,
1507 1391 1637 1426 οἰκτείρει
1655 1391 1701 1418 καὶ
1715 1391 1829 1427 παρέχει
1842 1392 1900 1423 τοῖς

1105 1435 1252 1471 δεομένοις.
1275 1436 1354 1462 Ἀλλὰ
1367 1438 1415 1463 καὶ
1432 1438 1457 1463 οἱ
1470 1437 1514 1463 τὸν
1530 1437 1633 1463 δίκαιον
1647 1436 1820 1471 εὐλογοῦντες
1835 1444 1900 1471 συγ-

1106 1481 1269 1517 κληρονόμοι
1284 1481 1367 1508 αὐτοῦ
1389 1482 1558 1517 γενήσονται.
1578 1482 1629 1508 Ἢν
1644 1482 1698 1517 γὰρ
1718 1481 1900 1517 ἐπηγγείλατο

1105 1527 1245 1563 ἀνω-πέραν
1261 1529 1316 1559 τοῖς
1331 1528 1445 1559 δικαίοις
1458 1528 1640 1564 κληρονομίαν
1661 1529 1674 1555 ὁ
1690 1528 1777 1562 λόγος,
1797 1528 1898 1564 ταύτην

1106 1573 1190 1608 αὐτὴν
1213 1574 1260 1600 καὶ
1283 1574 1340 1605 τοῖς
1363 1573 1504 1607 εὐλογοῦσι
1526 1573 1571 1600 τὸν
1594 1574 1698 1600 δίκαιον
1717 1575 1897 1609 ὑπισχνεῖται,

1107 1619 1262 1652 ἀκολούθως
1278 1619 1316 1655 τῷ
1337 1620 1404 1655 πρὸς
1420 1619 1467 1646 τὸν
1487 1620 1612 1655 Ἀϐραὰμ
1628 1621 1745 1657 χρησμῷ
1764 1622 1896 1656 φήσαντι·

1106 1666 1161 1693 Καὶ
1178 1665 1335 1701 εὐλογήσω
1352 1666 1423 1699 τοὺς
1444 1666 1648 1702 εὐλογοῦντάς
1671 1674 1717 1693 σε.
1735 1667 1770 1693 Τὸ
1787 1667 1825 1699 δὲ,
1842 1668 1897 1695 Kal

1106 1712 1134 1737 οἱ
1153 1711 1352 1745 καταρώμενοι
1368 1711 1462 1738 αὑτὸν
1477 1712 1794 1746 ἐξολοθρευθήσονται,
1807 1713 1900 1748 ὅμοιον

1107 1755 1140 1783 ἂν
1157 1756 1200 1791 εἴη
1221 1755 1259 1791 τῷ
1273 1756 1430 1791 λελεγμένῳ
1445 1757 1514 1791 πρὸς
1530 1757 1573 1783 τὸν
1596 1757 1719 1792 Ἀδραάμ
1730 1765 1737 1771 ·
1761 1757 1815 1784 Καὶ
1828 1757 1899 1791 τοὺς

1106 1801 1332 1835 καταρωμένους
1344 1809 1380 1827 σε
1393 1801 1607 1836 καταράσομαι.
1623 1802 1728 1838 Ὥσπερ
1741 1802 1794 1839 γὰρ
1810 1804 1824 1829 ὁ
1839 1802 1900 1838 βάλ-

1106 1845 1159 1872 λων
1178 1845 1252 1872 λίθον
1271 1847 1310 1878 εἱς
1328 1846 1394 1881 ὕψος
1409 1847 1455 1873 ἐπὶ
1471 1848 1519 1883 τὴν
1539 1847 1659 1883 κεφαλὴν
1681 1849 1778 1875 ἑαυτοῦ
1795 1849 1897 1884 βάλλει,

1105 1891 1191 1923 οὕτως
1210 1893 1224 1918 ὁ
1239 1892 1374 1926 κατάραις
1390 1893 1493 1928 βάλλων
1507 1894 1551 1919 τὸν
1565 1894 1679 1926 δίκαιον,
1694 1894 1738 1921 διὰ
1750 1895 1781 1921 τὸ
1797 1895 1834 1931 μὴ
1851 1895 1898 1922 δύ-

1106 1937 1204 1965 νασθαι
1218 1939 1340 1974 κατάραν
1354 1939 1479 1965 ἵστασθαι
1491 1941 1550 1966 κατ’
1564 1940 1657 1972 αὐτοῦ,
1669 1941 1899 1976 ἀντιστρέφουσαν

1105 1983 1190 2020 αὐτὴν
1204 1985 1244 2016 είς
1255 1984 1350 2010 ἑαυτὸν
1366 1985 1490 2019 λήψεται.

1140 2029 1223 2063 Παρὰ
1236 2030 1348 2063 Κυρίου
1370 2030 1406 2056 τὰ
1431 2030 1595 2065 διαΰήματα
1620 2031 1776 2066 ἀνθρώπου
1797 2040 1899 2060 κατευ-

1106 2075 1234 2102 θύνεται.
1254 2076 1326 2111 Πρὸς
1350 2078 1406 2108 τοῖς
1429 2078 1585 2113 εἰρημένοις
1607 2079 1653 2105 καὶ
1674 2078 1759 2105 ταῦτα
1781 2079 1898 2115 ὑπάρχει

1103 2121 1142 2157 τῷ
1156 2122 1203 2148 τοῦ
1219 2122 1286 2148 Θεοῦ
1309 2122 1461 2158 ἀνθρώπῳ·
1480 2123 1528 2155 τὰς
1548 2124 1624 2156 ὁδοὺς
1638 2124 1720 2151 αὑτοῦ
1743 2125 1898 2160 ὲξομαλίζει

1104 2168 1117 2193 ὁ
1134 2167 1209 2199 Θεὸς,
1224 2167 1295 2194 ὥστε
1320 2169 1424 2204 εὑροεῖν
1442 2169 1525 2196 αὑτοῦ
1541 2170 1586 2195 τὸν
1601 2169 1668 2204 βίον,
1690 2171 1737 2197 καὶ
1753 2171 1898 2206 ἁπαραπο-

1103 2212 1200 2245 δίστως
1226 2213 1372 2247 ῦεοσεϐεἶν,
1397 2215 1511 2250 μηδενὸς
1539 2216 1762 2248 ὑποσκελίζοντος
1785 2216 1829 2243 διὰ
1852 2216 1898 2243 τὸν

261 2262 324 2281 cum
337 2255 383 2290 qui
395 2262 507 2290 gressus
519 2255 579 2289 ejus
591 2255 695 2290 dirigit,
711 2261 735 2282 et
747 2257 817 2283 viam
831 2258 888 2291 ejus
900 2258 975 2292 volet,
988 2260 1052 2294 quia

1107 2258 1306 2286 κατευθύνοντα
1330 2260 1411 2286 αὐτοῦ
1436 2261 1470 2287 τὰ
1489 2261 1655 2297 διαϐήματα,
1679 2262 1728 2289 καὶ
1749 2261 1807 2295 τὴν
1825 2262 1898 2289 ὁδὸν

261 2301 336 2329 illam
352 2301 550 2336 approbatione
565 2301 675 2337 dignam
692 2307 770 2338 parat
783 2312 790 2335 ;
808 2303 844 2329 ita
859 2307 888 2330 ut
903 2304 964 2332 ideo
977 2305 1051 2332 dica-

262 2350 317 2380 tur,
330 2352 356 2374 et
370 2347 439 2373 riam
453 2347 511 2382 ejus
524 2348 601 2375 volet.
616 2346 682 2375 Cum
696 2349 818 2376 ceciderit
830 2358 881 2377 non
901 2351 1050 2385 collidatur,

261 2393 323 2428 quia
350 2393 479 2420 Dominus
501 2395 622 2430 supponit
643 2403 750 2422 manum
773 2404 860 2424 suam.
888 2396 916 2424 Si
943 2399 1053 2433 quando

260 2439 403 2474 contingat
420 2448 482 2467 eum
498 2441 552 2468 labi
571 2446 597 2468 et
612 2441 639 2468 in
655 2442 807 2469 tentatione
820 2443 929 2477 cadere,
945 2452 977 2471 ac
1002 2445 1053 2472 im-

260 2484 417 2520 pingentem
432 2486 459 2513 in
478 2491 620 2521 peccatum
633 2488 782 2523 quodpiam
797 2497 885 2522 ruere,
903 2498 958 2518 non
974 2491 1053 2519 colli-

261 2530 342 2557 detur
366 2535 477 2566 tamen;
493 2533 540 2561 sed
558 2537 588 2560 ut
607 2542 759 2569 generosus
779 2535 890 2568 athleta,
914 2545 977 2564 cum
996 2538 1050 2564 vim

261 2583 410 2612 perpessus
425 2578 596 2614 aliquantum
612 2581 738 2614 cesserit,
758 2581 903 2610 confestim
929 2591 989 2612 sese
1008 2592 1052 2612 re—

261 2622 355 2659 cipiet.

297 2709 381 2738 Vsus.
396 2710 443 2743 25,
461 2710 508 2738 26.
535 2711 632 2739 Iunior
652 2713 703 2746 fui,
726 2714 822 2741 etenim
846 2715 931 2748 senui,
956 2721 980 2743 et
999 2725 1050 2743 non

261 2757 314 2785 vidi
328 2758 434 2793 justum
448 2757 612 2792 derelictum,
629 2768 674 2787 nec
688 2769 774 2788 semen
789 2761 848 2796 ejus
863 2770 983 2798 querens
1003 2771 1051 2798 pa-

296 2837 318 2853 “
338 2835 406 2864 Gen.
423 2844 474 2871 xu,
492 2837 519 2866 5.
558 2838 580 2853 ¹¹¹
602 2838 667 2866 ibid.

296 2909 334 2945 (Ι)
354 2909 456 2948 Texta:
470 2910 585 2940 deﬁcere
599 2912 714 2940 videtur.

1106 2304 1199 2331 αὑτοῦ
1214 2305 1354 2338 θελήσει,
1371 2306 1505 2341 ἀποδοχῆς
1520 2307 1598 2339 ἀξίαν
1615 2306 1756 2333 ποιοῦντα·
1774 2307 1844 2334 ὥστε
1856 2307 1898 2334 λέ-

1106 2350 1213 2385 γεσθαι,
1230 2352 1284 2378 Καὶ
1301 2351 1358 2385 τὴν
1370 2351 1441 2378 ὀδόν
1456 2352 1549 2379 αὐτοῦ
1568 2351 1699 2387 θελήσει.
1718 2353 1807 2380 Ὅταν
1817 2353 1897 2388 πέσῃ

1106 2398 1142 2423 οὐ
1170 2398 1464 2432 καταρῤαχθήσεται,
1495 2398 1537 2425 ὅτι
1553 2399 1663 2432 Κύριος
1701 2399 1897 2434 ἀντιστηριᾰῖι

1107 2442 1191 2477 χεὶοα
1211 2444 1315 2470 αὑτοῦ.
1330 2444 1361 2469 Εἰ
1383 2443 1410 2470 δὲ
1433 2444 1480 2470 καὶ
1505 2445 1598 2470 πεσεῖν
1614 2444 1692 2471 αὐτόν
1708 2453 1773 2470 ποτε
1787 2443 1898 2480 ὀλισθή-

1108 2495 1192 2513 σαντα
1216 2489 1316 2525 συμϐῇ,
1340 2489 1387 2515 καὶ
1405 2490 1433 2515 ἐν
1461 2490 1605 2525 πειρασμῷ
1629 2490 1774 2525 γενόμενος
1790 2490 1899 2526 ὀλισθή-

1107 2542 1188 2567 σειεν,
1211 2535 1329 2567 ὀκλάσας
1345 2545 1374 2562 τε
1401 2536 1533 2563 ὑποπέσοι
1552 2536 1604 2563 τινὶ
1631 2537 1819 2573 ἁμαρτήματι,
1840 2537 1898 2564 ἀλλ’

1106 2581 1136 2606 οὺ
1155 2581 1411 2617 καταρῥαχθήσεται
1424 2591 1430 2597 ’
1456 2580 1499 2609 οἷα
1522 2582 1550 2609 δὲ
1566 2584 1688 2617 γενναῖος
1712 2582 1833 2618 ἀθλητὴς
1850 2583 1897 2610 ἑκο

1106 2626 1228 2658 ϐιασθεὶς
1247 2627 1294 2654 καὶ
1309 2627 1376 2662 πρὸς
1390 2627 1478 2662 ὀλίγον
1494 2627 1596 2659 ἐνδοὺς,
1613 2628 1786 2665 ἰνφραχρῆμα
1801 2627 1898 2654 ἑαυτὸν

1106 2673 1281 2709 ἀναλήψεται.

1141 2718 1288 2753 Νεώτερος
1317 2720 1475 2756 ἐγενόμην,
1508 2720 1555 2746 καὶ
1585 2719 1639 2755 γὰρ
1666 2719 1811 2755 ἐγνήραιγιι1
1846 2718 1895 2746 καὶ

1106 2766 1161 2792 οὐκ
1173 2763 1254 2793 εἶδον
1269 2765 1385 2793 δίκαιον
1410 2766 1734 2802 ἐγκαταλελειμμένον,
1762 2765 1834 2794 οὐδὲ
1863 2766 1896 2792 τὸ
