2056 3214
193 194 243 221 557

756 191 1004 220 (ΣΟΜΜΕΝΤΑΒΙΑ
1026 191 1058 218 IN
1080 191 1248 218 PSALMOS.
1290 170 1346 203 37

1763 191 1817 219 358

226 249 318 279 El6or
329 251 382 278 τὸν
400 250 493 285 ἀσεϐῆ
514 252 774 286 exspuit-vomer,
797 251 845 277 και
860 250 974 284 ἐπαιρό-

1066 249 1148 277 νειιε.
1164 248 1257 276 55-57.
1282 247 1342 274 Vidi
1362 249 1470 282 impiam
1485 249 1709 284 superezaltatam
1724 254 1748 275 et
1764 249 1816 276 elc-

188 304 283 330 μενον
294 296 335 329 ὡς
351 297 405 329 τὰς
420 295 545 330 κέδρους
559 295 612 323 τοῦ
621 297 758 323 Λιϐάνου.
770 296 862 327 οὓτως
875 295 921 322 ἐπὶ
929 295 976 322 τοῦ

192 335 325 376 παρόντος
336 339 382 367 διὰ
396 340 492 375 πείρας
509 340 666 375 ἐληλυθέναι
681 340 729 367 τοῦ
743 341 835 372 τέλους
845 339 900 367 τῶν
915 341 977 368 ἀσε-

192 386 245 412 6ὦν
259 394 356 421 φησιν·
378 387 414 411 υυ
442 386 496 421 γὰρ
516 386 543 419 ἐξ
558 388 640 421 ἀκοῆς
660 387 742 413 πάλαι
764 387 828 412 ποτὲ
846 387 976 421 γενόμενα

191 432 291 467 ἐτέρων
307 431 439 464 λεγόντων
465 431 570 466 ἀκήκοα
583 440 589 445 ·
624 431 681 457 ἀλλ’
697 432 776 462 αὐτὸς
800 430 878 461 εἶδον,
899 431 975 466 φησι,

192 477 366 512 βλασφήμους
387 477 486 511 ἄνδρας
509 477 554 503 καὶ
573 477 667 508 ἀθέους
689 477 908 512 Θαυμαζομένους
929 478 976 512 μὲν

194 524 243 549 ὕπὸ
260 523 377 553 πάντων,
399 523 596 557 ἐπαιρομένους
613 523 640 549 δὲ
660 524 706 550 καὶ
724 523 903 558 γαυριῶντας,
922 524 972 548 οἱο-

194 570 288 604 μὲνους
310 578 337 594 τε
356 569 517 600 διαιωνίζειν
535 570 563 594 ἐν
581 569 619 603 τῷ
636 570 694 604 βίῳ.
718 570 784 595 Ἀλλ’
801 570 837 600 ὡς
856 570 894 595 ἔτι
911 569 975 603 παρ’

194 616 302 651 ῐιμαυτῴ
316 616 500 651 διελογιζὸμην
515 616 572 647 πῶς
587 616 650 647 οἵδε,
661 616 759 651 καίπερ
771 617 875 647 oin-365?;
890 616 974 648 ὄντες,

195 662 324 688 τοσούτων
347 662 526 697 τετυχήκασι,
555 661 678 696 δεύτερον
706 662 803 693 αὐτοὺς
829 662 975 689 θεάσασθαι

193 707 343 742 βουληθεὶς,
372 708 460 742 ἐπῇρα
483 708 545 738 τοὺς
563 707 733 742 ὀφθαλμούς·
752 709 775 733 οἱ
799 708 826 733 δὲ
843 709 892 734 οὐκ
906 706 976 742 ἦςαν

192 752 318 787 οὐδαμοῦ,
336 753 447 786 ἀφανεῖς
460 753 480 778 δ’
501 752 605 788 ἁθρόως
626 753 758 788 ὑπῆρχον.
778 751 842 779 Εἶτα
861 754 888 779 δὲ
905 753 975 788 ἴχνος

192 799 279 826 αὐτῶν
299 799 345 825 καὶ
365 799 519 833 ὑπόλειμμα
542 798 681 833 βουληθεὶς
707 800 866 845 καταλῖὅεῖν
879 820 885 830 ,
916 800 975 825 οὐδὲ

191 846 235 871 τὸν
255 845 334 871 τόπον
350 846 377 870 ὲν
441 846 549 871 ἑστάναι
580 845 686 871 ἐδόκουν
710 841 973 880 εὐρεῖκῖδεδύνημαι.

191 891 288 926 Διόπερ
305 890 398 926 ἐπειδὴ
419 890 523 916 τοιοῦτο
551 895 583 916 τὸ
603 890 704 916 τούτων
729 891 814 922 τέλος,
840 890 923 924 φεῦγε
943 891 974 916 σὺ

1030 300 1119 323 vatum
1147 295 1216 322 sicut
1234 294 1324 321 cedro:
1347 293 1454 327 Libani,
1479 299 1534 323 etc.
1558 294 1604 322 Sic
1631 295 1658 322 in
1687 296 1816 330 ιιι-περιιιί

1030 342 1110 368 finem
1129 348 1160 368 se
1180 340 1327 375 impiorum
1351 341 1520 375 experientia
1544 341 1690 369 edidicisse
1712 349 1816 368 memo-

1030 391 1081 413 rat.
1109 386 1201 421 Neque
1220 387 1291 413 enim
1308 386 1364 412 haec
1380 387 1445 413 olim
1469 392 1541 421 gesta
1563 395 1594 413 ex
1619 388 1733 414 aliorum
1751 395 1816 413 nar-

1030 438 1090 459 ratu
1115 432 1227 459 auribus
1252 433 1365 466 excepi:
1394 432 1440 459 scd
1463 432 1530 466 ipse,
1547 432 1643 466 inquit,
1663 433 1716 459 vidi
1741 433 1814 460 viros

1030 480 1185 514 blasphema
1202 479 1370 513 proferentes
1390 483 1415 506 et
1434 479 1530 505 alhcos
1544 479 1668 506 omnibus
1685 479 1711 505 in
1729 478 1815 504 admi-

1031 526 1134 553 ratione
1157 526 1281 557 habitos,
1307 526 1392 552 elatos
1419 529 1445 552 et
1475 525 1661 556 exsultantes,
1689 528 1815 559 putantes

1030 572 1080 599 sibi
1107 575 1266 606 perpetuam
1296 571 1352 597 fore
1369 571 1462 597 vitam.
1488 569 1540 597 Sed
1559 570 1622 596 dum
1647 578 1751 596 mecum
1769 577 1814 596 re.

1030 622 1165 652 putarem,
1189 617 1326 652 quomodo
1350 617 1385 642 illi
1409 616 1535 651 quamvis
1566 616 1652 650 impii,
1679 619 1719 642 tot
1743 617 1813 642 nacti

1031 665 1100 691 bona
1119 669 1228 695 essent,
1252 665 1346 690 oculos
1364 664 1485 690 secundo
1502 664 1616 695 sustuli,
1635 668 1663 689 ut
1691 666 1814 688 eontem—

1030 711 1119 744 plarer
1139 710 1231 744 ipsos:
1251 714 1277 735 at
1295 710 1331 736 illi
1349 717 1485 743 nusquam
1503 713 1591 739 erant,
1607 709 1654 736 sed
1671 708 1813 735 (Onfcstim

1029 760 1206 782 cvanuerant.
1238 755 1337 782 Deinde
1368 755 1510 790 vestigium
1540 763 1570 782 ac
1610 759 1814 781 monumentum

1029 808 1123 827 eorum
1138 800 1341 835 deprehendere
1358 801 1462 831 volens,
1485 808 1518 827 ne
1544 801 1632 827 locum
1655 800 1762 834 quidem
1788 799 1815 829 in

1029 853 1083 880 quo
1095 846 1203 872 stetisse
1220 846 1381 872 videbantur
1403 847 1521 879 reperire
1537 846 1622 880 potui.
1647 846 1815 879 Quapropter

1029 893 1091 925 quia
1106 892 1167 918 talis
1181 899 1274 918 eorum
1293 892 1353 919 ﬁnis
1371 897 1423 923 est,
1448 891 1510 925 fuge
1527 895 1565 923 tu,
1582 891 1726 925 discipule,
1747 891 1815 917 tales
1828 920 1836 927 _

190 938 203 963 ό
221 936 439 971 μαθητευόμενος
453 936 545 962 τοῦτον
559 936 611 962 τῶν
627 936 731 962 ἀσεϐῶν
749 937 793 963 τὸν
805 937 914 972 τρόπον.
930 937 974 962 καὶ

1030 938 1173 971 impiorum
1200 946 1306 969 mores,
1330 938 1409 965 ablue
1431 946 1539 965 omnem
1568 938 1711 968 malitiam,
1733 937 1816 971 dilige

190 981 320 1015 ἁπόνιψον
345 982 392 1016 μὲν
413 981 508 1007 ἑαυτοῦ
541 982 630 1007 πᾶσαν
653 982 761 1013 κακίαν,
791 982 932 1016 hyali-.an
949 982 977 1007 δὲ

189 1028 238 1063 τὴν
254 1028 359 1053 εὐθεῖαν
372 1028 439 1054 ὁδόν.
457 1028 538 1053 Μένει
554 1027 607 1062 γὰρ
620 1028 826 1062 ἐγκατάλειμμα
842 1028 888 1054 καὶ
901 1028 976 1058 ἐλπὶς

190 1074 290 1109 ἀγαθὴ,
305 1074 343 1109 τῷ
360 1074 408 1109 τὴν
430 1075 539 1109 εἰρήνην
555 1075 600 1100 καὶ
616 1074 663 1109 τὴν
679 1075 768 1108 φιλίαν
789 1075 837 1109 τὴν
854 1075 920 1109 πρὸς
932 1074 977 1100 τὸν

189 1120 255 1147 Θεὸν
270 1121 474 1155 μεταδιώξαντι,
491 1122 536 1147 καὶ
549 1121 592 1147 διὰ
606 1121 684 1147 τοῦτο
698 1121 826 1155 εἰρηνικῴ
842 1121 977 1155 ἀνθρώπῳ

190 1168 337 1202 γενομένῳ,
358 1168 436 1193 Κατὰ
445 1167 472 1193 δὲ
489 1167 533 1192 τὸν
550 1167 707 1201 Σύμμαχον,
723 1168 875 1198 Φύλίίϋσε,
886 1168 975 1201 φησιν,

188 1213 359 1246 ἁπλότητα,
377 1213 425 1239 καὶ
443 1214 496 1247 ὅρα
511 1213 593 1245 εὐθὺ,
609 1213 652 1239 {in
663 1213 726 1239 ἔστι
746 1214 899 1247 μέλλοντα
926 1214 976 1239 ἀν-

189 1258 293 1292 θρώπῳ
316 1258 464 1292 simu-imp.

382 1315 526 1341 ΨΑᾹΜΟΣ
547 1316 590 1341 ΤΩ
610 1315 707 1341 ΔΑΥΙΔ
724 1315 783 1341 AZ'.

453 1363 505 1393 Εἰς
529 1361 711 1396 ἀνάμνησιν.

222 1405 320 1439 Κύριε,
340 1404 383 1440 μὴ
407 1404 447 1438 τῷ
464 1405 546 1440 θυμῷ
565 1412 624 1432 σου
642 1404 771 1441 ἐλέγξῃς
786 1414 834 1440 με,
847 1405 924 1440 μηδὲ
939 1405 976 1440 τῇ

189 1450 262 1485 ὁρτῇ
277 1459 335 1478 σου
356 1450 521 1485 παιδεύσῃς
530 1459 578 1485 με.
594 1451 690 1482 Αὑτοϊς
706 1451 809 1486 ῥήμασι
826 1451 871 1477 καὶ
881 1451 976 1482 αὐταῖς

189 1496 334 1529 συλλαϐαῖς
353 1497 400 1523 καὶ
414 1498 428 1524 ὁ
449 1501 475 1529 ς’
486 1497 593 1533 eam»;
607 1497 694 1532 τούτῳ
716 1496 913 1533 παραπλησίως
927 1496 976 1532 ἄρ-

187 1551 272 1577 χεται,
288 1543 334 1570 καὶ
351 1543 386 1570 τὰ
404 1543 484 1570 λοιπὰ
499 1543 527 1569 δὲ
538 1543 584 1570 τοῦ
604 1544 682 1570 ἕκτου
697 1545 753 1575 τοῖς
770 1545 798 1570 ὲν
811 1543 849 1579 τῷ
863 1552 974 1579 προκει-

189 1589 262 1624 μένῳ
277 1589 437 1624 φερομένοις
454 1589 571 1624 συγγενῆ
586 1590 724 1625 τυγχάνει.
746 1589 813 1616 Ἀλλ’
826 1591 854 1616 ἐν
872 1590 920 1625 μὲν
937 1589 976 1625 τῷ

187 1636 283 1670 ἒκτῳή
297 1635 443 1671 προγραιρὴ
452 1636 587 1672 περιεῖχεν
597 1644 603 1650 '
619 1637 671 1668 Εὶς
682 1635 715 1662 τὸ
727 1635 814 1669 τέλος
822 1636 855 1662 ἐν
869 1636 975 1671 ὕμνοις

190 1681 266 1714 ὑπὲρ
286 1680 341 1715 τῆς
367 1681 474 1716 ὀγδόης
488 1681 609 1716 ψαλμὸς
634 1682 675 1714 τῷ
699 1682 804 1710 Δαυΐὸ·
838 1685 866 1709 ὲν
889 1683 917 1710 δὲ
936 1683 976 1719 τῷ

192 1727 304 1763 παρόντι
317 1727 419 1754 τούτων
434 1728 482 1762 μὲν
493 1727 579 1759 οὐδὲν,
595 1728 674 1763 μόνον
687 1729 715 1755 δὲ
730 1729 781 1755 τὸν
792 1729 916 1764 ψαλμὸν
936 1730 977 1763 τῷ

191 1773 281 1800 Δαυῒδ
300 1774 342 1806 εις
365 1772 537 1807 ἀνάμνησιν
559 1773 702 1801 δέδεικται.
722 1775 758 1801 Ἦ
775 1783 807 1809 γε
826 1775 878 1811 μὴν
894 1784 977 1811 προσ-

189 1819 260 1855 θήκη
277 1820 304 1855 ή,
332 1821 377 1852 εὶς
391 1819 573 1854 ἀνάμνησιν,
595 1819 682 1846 ἔοικεν
707 1821 877 1856 ἀναπέμπειν
902 1822 976 1857 ἡμᾶς

189 1866 228 1897 εἰς
241 1866 290 1901 τὴν
303 1866 332 1892 ὲν
341 1865 380 1901 τῷ
391 1865 462 1900 ἕκτῳ
474 1866 647 1902 πρργραφὴν,
658 1866 723 1892 ὥστ’
735 1865 803 1893 εἶναι
815 1866 849 1894 τὰ
856 1867 976 1902 παρόντα

188 1912 232 1944 εις
242 1911 274 1937 τύ
289 1911 385 1944 τέλος,
397 1912 454 1942 καὶ,
464 1912 499 1938 ἑν
509 1912 624 1947 ὕμνοις,
635 1912 682 1939 καὶ
694 1912 768 1946 ὑπὲρ
785 1912 838 1947 τῆς
849 1913 957 1948 ὀγδόης
967 1922 973 1928 ·

189 1957 296 1983 πάντων
308 1956 362 1992 γὰρ
371 1956 404 1983 ἂν
417 1957 458 1992 εῐη
468 1956 568 1983 τούτων
580 1957 785 1992 παραστατικὸν
794 1958 834 1989 τὸ,
851 1960 894 1990 εἰς
902 1958 974 1985 ἀνιέ-

185 2010 312 2037 μνησιν.
339 2002 407 2029 Ἀλλ’
433 2003 495 2029 ἐπεὶ
520 2002 665 2035 διεξιόντες
693 2002 727 2029 τὰ
743 2004 771 2029 ἐν
792 2004 830 2039 τῷ
850 2003 931 2039 ἕκτῳ,
942 2004 975 2031 τὰ

190 2047 360 2075 ὑποπεσὸντα
375 2049 414 2079 εις
427 2048 477 2082 τὴν
498 2048 661 2084 προγραφὴν
680 2049 839 2084 εἰρήκαμεν,
859 2050 902 2083 εὶς
917 2049 975 2084 τὴν

187 2093 298 2120 ἐκείνων
324 2092 494 2128 ἀνάμνησιν
523 2093 571 2120 καὶ
598 2094 680 2129 ἡμεῖς
704 2094 899 2130 ἁναπέμψομεν
929 2095 974 2122 τὸν

187 2139 394 2174 ἐντυγχάνοντα.
407 2139 484 2166 Δοκεῖ
496 2139 523 2166 δέ
535 2149 579 2174 μοι
592 2141 606 2166 ὁ
617 2140 707 2171 Δαυτδ,
719 2140 855 2176 διαφόρως
866 2143 896 2167 ὲν
911 2141 975 2168 πολ-

187 2183 242 2217 λοῖς
259 2185 323 2220 περὶ
336 2185 383 2212 τοῦ
399 2185 566 2221 πραχθέντος
584 2186 659 2221 αὐτῷ
674 2186 907 2222 πλημμελήματος
929 2187 973 2221 ἐξ-

185 2229 431 2265 ομολογησάμενος,
451 2231 522 2263 ἰδίως
540 2231 586 2258 τὴν
609 2232 731 2267 παρόντα
753 2232 859 2267 ψαλμὸν
874 2233 975 2268 ἀφωρι-

186 2275 265 2302 κέναι
280 2275 370 2311 ἑαυτῷ
392 2277 436 2309 εὶς
449 2277 629 2311 ἀνάμνησιν,
642 2277 679 2309 ὡς
696 2277 739 2304 ἀεὶ
751 2278 798 2304 καὶ
813 2277 858 2305 διὰ
874 2279 972 2310 παντὸς

186 2320 280 2356 φέρειν
296 2321 362 2348 αὐτὸ
381 2321 433 2348 ἀνὰ
447 2322 545 2357 στόμα.
573 2322 731 2358 Κεχρῆσθαι
763 2322 790 2348 δὲ
817 2322 891 2358 αὐτῷ
912 2324 973 2350 ἀντὶ

187 2367 293 2402 ἐπῳδῆς
307 2367 353 2393 ἐπὶ
368 2367 500 2403 Θεραπεία
523 2368 571 2403 τῆς
590 2368 672 2394 αὑτοῦ
694 2368 795 2404 ψυχῆς.
823 2369 973 2405 Ὶκετηρίαν

186 2412 251 2447 γοῦν
266 2414 421 2449 ἀναπέμπει
444 2414 482 2449 τῷ
498 2414 567 2449 θεῷ,
580 2414 613 2441 δι’
630 2413 664 2451 ἧς
680 2414 848 2450 ἀποστρέφει
864 2416 913 2451 μὲν
924 2417 973 2452 τὴν

186 2459 270 2495 ὀργὴν
281 2459 329 2495 τὴν
345 2460 410 2486 πᾶσι
421 2461 477 2492 τοῖς
491 2461 691 2497 ἁμαρτάνουσιν
702 2462 905 2497 ἐπηρτημὲνην,
918 2462 974 2489 ἱλά-

186 2512 281 2532 σκεται
296 2505 324 2531 δὲ
343 2506 389 2532 τὸν
405 2506 506 2541 ἀγαθὸν
523 2506 623 2541 Κύριον
638 2509 697 2539 ταῖς
713 2507 771 2543 μεθ’
789 2508 972 2544 ὑπερϐαλλού-

187 2557 237 2585 σης
257 2551 476 2586 ὲξομολογήσεως
499 2553 610 2586 φωναῖς.
632 2553 726 2587 Λέγων
749 2553 794 2580 δέ’
810 2555 910 2589 Κύριε,
928 2554 972 2589 μὴ

186 2595 226 2628 τῷ
244 2596 327 2630 θυμῷ
349 2603 407 2623 σου
428 2597 555 2632 ἐλέγξῃς
565 2607 614 2633 με,
631 2599 661 2625 οὺ
680 2599 724 2626 τὸν
739 2599 849 2635 ἔλεγχον
870 2610 972 2636 παραι-

186 2643 282 2670 τεῖται.
312 2642 379 2670 ἀλλὰ
401 2644 446 2670 τὸν
464 2644 533 2679 μετὰ
552 2644 636 2679 Θυμοῦ
649 2653 656 2660 ·
671 2645 732 2672 οὐδὲ
749 2646 780 2671 τὸ
796 2646 972 2682 παιδευθῆναι

186 2688 292 2722 φεύγει,
311 2688 379 2715 ἀλλὰ
388 2689 419 2715 τὺ
435 2690 504 2724 μετὰ
517 2690 601 2725 ὀργῆς
611 2698 619 2705 ·
634 2690 699 2716 ὡσεὶ
715 2691 762 2717 καὶ
783 2692 867 2727 ἰατρῷ
880 2700 922 2724 τις
938 2692 973 2719 τὰ

186 2733 229 2759 διὰ
254 2733 390 2770 καυτῆρος
417 2735 465 2761 καὶ
496 2735 605 2771 σιδήρου
631 2737 678 2762 καὶ
700 2737 805 2773 πικρῶν
828 2739 972 2766 ἀντιδότων

187 2779 366 2814 προσφέροντι
383 2780 544 2816 βοηθήματα
553 2782 599 2808 ἐπὶ
612 2782 745 2819 θεραπείᾳ
756 2784 857 2817 πάθους
868 2785 974 2812 ὑποκεί-

187 2831 266 2857 μενος
282 2823 371 2859 λέγον
388 2825 433 2861 Μὴ
446 2825 490 2852 διὰ
503 2826 587 2861 πυρός
601 2835 633 2862 με
649 2828 830 2865 θεραπεύσῃς,
848 2831 915 2866 μηδὲ
929 2831 972 2858 διὰ

187 2868 294 2906 σιδήρου
310 2870 358 2897 καὶ
373 2870 476 2906 τομῶν,
504 2872 571 2899 ἀλλὰ
587 2873 629 2901 διὰ
643 2873 730 2908 ἠπίων
752 2875 799 2901 καὶ
814 2876 971 2912 πραοτέρων

188 2916 348 2950 φαρμάκων.
370 2917 398 2943 Ὀ
413 2917 466 2952 γὰρ
482 2918 602 2951 τοιοῦτος
620 2919 650 2946 οὗ
682 2920 729 2954 τὴν
755 2920 901 2954 θεραπεῖαι]
920 2923 968 2956 ἀρ-

1029 984 1098 1010 viam
1116 988 1229 1011 rectam.
1252 984 1360 1010 Manent
1375 984 1446 1010 enim
1469 983 1590 1017 reliquiae
1606 991 1721 1018 spesque
1745 983 1814 1009 bona

1028 1038 1088 1057 erm
1103 1031 1149 1064 qui
1169 1038 1262 1064 pacem
1279 1030 1484 1064 amicitiamque
1511 1029 1556 1056 Dei
1581 1029 1764 1064 persequitur,
1787 1032 1814 1055 et

1029 1075 1088 1101 ideo
1109 1075 1189 1101 homo
1204 1076 1334 1109 pacilieus
1350 1074 1464 1102 ell'ectus
1478 1078 1528 1101 est.
1552 1074 1709 1101 Secundum
1734 1073 1813 1108 Sym-

1028 1120 1153 1146 machum
1177 1126 1266 1147 autem
1279 1141 1285 1151 ,
1305 1120 1415 1147 Custodi
1435 1120 1648 1154 simplicitatem,
1674 1119 1771 1153 inquit,
1792 1125 1813 1146 et

1027 1166 1084 1192 ride
1108 1167 1272 1201 (equitatem,
1295 1167 1418 1201 quoniam
1445 1168 1536 1200 futura
1563 1171 1624 1192 sunt
1649 1166 1747 1193 [lumini
1766 1173 1813 1199 pu-

1027 1212 1112 1245 ciﬁca.

1168 1312 1194 1338 1.
1216 1311 1379 1338 PSALML'S
1406 1312 1519 1338 DAVIDI
1539 1311 1671 1338 XXXVII.

1181 1358 1211 1384 lu
1228 1360 1472 1386 rentcmorutionem
1487 1358 1518 1385 de
1531 1358 1659 1386 Sabbato.

1062 1404 1146 1431 Vens.
1169 1404 1198 1431 2.
1219 1404 1348 1437 Domine,
1366 1413 1397 1432 ne
1424 1406 1451 1432 in
1466 1405 1556 1439 furore
1577 1409 1622 1431 tuo
1642 1412 1738 1439 arguas
1761 1412 1812 1435 me,

1026 1460 1106 1487 neque
1120 1452 1147 1478 in
1164 1452 1206 1478 ira
1219 1456 1264 1478 tua
1280 1452 1409 1486 corripias
1426 1460 1476 1478 me.
1492 1451 1561 1486 Ipsis
1577 1451 1669 1478 verbis
1692 1451 1814 1486 ipsisque

1026 1498 1140 1533 syllabis
1153 1503 1246 1525 sextus
1261 1506 1370 1533 quoque
1393 1498 1516 1532 psalmus
1535 1498 1638 1532 pariter
1657 1497 1812 1529 inchoatur,

1024 1546 1052 1569 τι
1065 1542 1170 1577 reliqua
1187 1550 1247 1577 qua:
1263 1543 1290 1569 in
1314 1546 1391 1570 sexto
1413 1546 1585 1577 comparent,
1609 1542 1692 1576 hujus
1715 1542 1812 1577 psalmi

1025 1588 1106 1615 dictis
1123 1587 1212 1615 aﬂinia
1229 1592 1302 1615 sunt.
1318 1587 1350 1614 At
1369 1588 1396 1615 in
1416 1591 1493 1615 sexto
1510 1588 1616 1623 psalmo
1634 1588 1675 1615 sic
1695 1588 1813 1615 habebat

1026 1634 1169 1669 inscriptio
1187 1644 1192 1661 :
1214 1633 1244 1661 In
1259 1634 1338 1669 ﬁnem
1355 1635 1382 1660 in
1396 1633 1499 1669 hymnis
1515 1638 1563 1668 pro
1584 1639 1677 1661 octaua
1693 1634 1812 1669 psalmus

1026 1678 1131 1706 Dauidi.
1155 1678 1182 1706 in
1208 1680 1335 1714 praesenti
1352 1685 1442 1707 autem
1470 1679 1539 1706 nihil
1561 1679 1659 1706 horum
1685 1680 1813 1712 habetur,

1026 1724 1072 1752 sed
1090 1724 1233 1757 duntaxat,
1250 1725 1368 1760 psalmus
1385 1724 1499 1757 Davidi,
1517 1726 1545 1752 in
1558 1726 1812 1753 rememorationem.

1027 1770 1082 1798 Hoc
1103 1779 1186 1807 porro
1201 1771 1417 1799 additamentum
1428 1791 1435 1804 ,
1453 1772 1480 1798 in
1497 1772 1740 1799 rememorationem
1750 1792 1758 1803 ,
1773 1771 1814 1798 vi-

1025 1817 1106 1844 detur
1119 1825 1168 1845 nos
1184 1817 1217 1844 ad
1237 1818 1334 1853 psalmi
1353 1818 1422 1845 sexti
1441 1817 1647 1853 inscriptionem
1663 1818 1812 1849 remittere,

1026 1863 1063 1889 ita
1082 1867 1111 1889 ut
1127 1870 1188 1897 qua:
1202 1862 1258 1897 jam
1273 1862 1301 1889 in
1316 1863 1443 1890 tutantibus
1460 1867 1534 1895 sunt,
1550 1863 1577 1889 in
1593 1863 1683 1897 ﬁnem,
1700 1863 1727 1888 in
1741 1862 1815 1897 hym-

1025 1909 1077 1942 nis,
1090 1915 1116 1936 et
1128 1916 1175 1943 pro
1192 1913 1283 1935 octava
1297 1908 1369 1935 dicta
1390 1909 1442 1936 sint
1455 1917 1462 1942 ;
1478 1916 1541 1936 nam
1561 1909 1618 1936 haec
1630 1908 1721 1935 omnia
1736 1916 1813 1943 repe-

1025 1959 1083 1982 tere
1099 1960 1126 1982 et
1140 1955 1283 1983 declarare
1295 1956 1403 1982 videtur
1419 1955 1497 1986 illud,
1517 1955 1544 1981 in
1558 1954 1811 1982 rememorationem.

1025 1999 1124 2027 Verum
1139 2001 1203 2035 quia
1220 2008 1282 2027 cum
1300 2005 1405 2028 sextum
1428 2001 1561 2036 psalmum
1591 2001 1812 2036 explanaremus.

1024 2054 1085 2081 qua:
1108 2046 1314 2082 inscriptionem
1335 2047 1496 2082 spectabant
1520 2047 1737 2082 explicavimus,
1762 2055 1813 2075 nos

1025 2100 1134 2128 quoque
1150 2093 1177 2119 in
1198 2094 1442 2120 rememorationem
1464 2100 1559 2120 eorum
1574 2093 1703 2120 lectorem
1721 2093 1814 2120 remit-

1025 2143 1125 2166 temus.
1137 2138 1252 2167 Videtur
1267 2147 1350 2175 porro
1368 2139 1434 2166 mihi
1447 2138 1587 2171 Davidem,
1602 2147 1664 2166 cum
1679 2139 1706 2166 in
1720 2140 1814 2167 multis

1025 2185 1074 2212 abs
1092 2193 1122 2213 sc
1137 2189 1325 2220 perpetratum
1342 2185 1451 2212 facinus
1467 2186 1542 2212 varie
1568 2184 1712 2213 confessus
1729 2190 1812 2218 esset,

1024 2230 1098 2258 hunc
1125 2231 1177 2258 sibi
1210 2231 1346 2266 psalmum
1371 2231 1481 2267 proprie
1514 2231 1541 2258 in
1570 2231 1814 2258 remunerationem

990 2281 1011 2307 ι)
1026 2277 1193 2312 seposuisse,
1214 2277 1250 2304 ita
1272 2282 1302 2304 ut
1326 2285 1389 2304 eum
1418 2285 1527 2312 semper
1543 2277 1570 2303 in
1588 2284 1636 2304 ore
1665 2276 1758 2307 ferret,
1780 2284 1813 2303 co

1027 2332 1093 2351 usus
1109 2324 1187 2359 quasi
1204 2323 1384 2351 delinimento
1410 2323 1443 2350 ad
1468 2323 1599 2350 medelam
1628 2322 1725 2350 anima:
1744 2330 1811 2351 suae.

1026 2368 1258 2404 Supplicationem
1276 2369 1368 2403 itaque
1389 2368 1444 2395 Deo
1460 2368 1571 2399 emittit,
1585 2375 1638 2402 qua
1660 2368 1728 2395 iram
1749 2369 1812 2403 qui-

1024 2414 1085 2442 dem
1108 2415 1287 2450 peccantibus
1314 2415 1444 2442 omnibus
1473 2414 1672 2449 impendentem
1695 2414 1812 2447 avertit.

1025 2461 1192 2496 vocibusque
1206 2461 1314 2488 eximia:
1334 2460 1518 2489 confessionis
1541 2460 1642 2487 bonum
1666 2460 1812 2488 Dominum

1023 2510 1173 2544 propitium
1189 2509 1242 2536 sibi
1263 2508 1339 2536 facit.
1359 2509 1428 2537 Cum
1446 2515 1511 2536 vero
1528 2508 1576 2538 ait,
1596 2508 1722 2541 Domine,
1740 2517 1771 2536 ne
1786 2510 1813 2536 in

1023 2555 1112 2589 furore
1132 2558 1177 2580 tuo
1201 2561 1300 2588 arguas
1328 2562 1384 2585 me,
1413 2561 1468 2580 non
1496 2553 1734 2588 reprehensionem
1765 2554 1813 2581 de-

1023 2603 1139 2632 trectat,
1156 2600 1205 2627 sed
1230 2607 1292 2627 cum
1313 2600 1407 2626 l'urore
1429 2598 1621 2635 coniunctam;
1643 2608 1731 2635 neque
1750 2607 1814 2627 cor-

1023 2646 1176 2680 reptionem
1191 2644 1273 2680 fugit,
1292 2646 1418 2673 sed-cum
1444 2645 1485 2672 ira
1508 2645 1629 2673 editam:
1648 2654 1680 2673 ac
1704 2646 1727 2673 si
1750 2653 1814 2680 quis

1024 2692 1130 2719 medico
1147 2699 1195 2726 per
1210 2691 1396 2723 adustionem,
1414 2690 1517 2718 ferrum
1534 2696 1561 2718 et
1576 2692 1675 2719 acerba
1691 2691 1812 2718 remedia

1024 2736 1146 2763 levamen
1161 2735 1249 2763 morbi
1267 2735 1391 2763 offerenti
1417 2735 1560 2770 subjectus
1573 2736 1666 2763 dicat:
1692 2735 1731 2763 Nc
1746 2733 1812 2763 milii

1024 2782 1125 2817 ignem,
1140 2789 1174 2809 ne
1190 2781 1303 2813 ferrum,
1318 2789 1353 2809 ne
1365 2782 1504 2810 sectiones
1517 2782 1551 2809 ad
1570 2783 1703 2810 medelam
1717 2783 1813 2809 admo-

1023 2836 1098 2860 veas,
1122 2827 1169 2856 sed
1194 2827 1286 2855 dulcia
1313 2828 1478 2864 mitioraque
1497 2829 1636 2857 remedia:
1660 2828 1724 2856 talis
1739 2829 1811 2856 enim

1023 2875 1106 2902 homo
1118 2882 1171 2902 non
1187 2876 1356 2903 curationem
1371 2877 1476 2909 abnuit,
1498 2877 1544 2904 sed
1563 2876 1700 2903 duriorem
1716 2876 1807 2911 opitu-

1024 2923 1096 2952 landi
1113 2924 1258 2952 rationem.
1286 2915 1451 2960 Plerumque
1474 2929 1564 2953 autem
1580 2925 1709 2957 diximus,
1740 2925 1808 2950 iram
