  <div class='ocr_page' id='page_1' title='image "/cluster/home/n/w/nwhite01/storage/ocr_20150623/23/njp.32101077772505/178.png"; bbox 0 0 2056 3214; ppageno 0'>
   <div class='ocr_carea' id='block_1_1' title="bbox 159 175 209 203">
    <p class='ocr_par' dir='ltr' id='par_1_1' title="bbox 159 175 209 203">
     <span class='ocr_line' id='line_1_1' title="bbox 159 175 209 203; baseline 0 0"><span class='ocrx_word' id='word_1_1' title='bbox 159 175 209 203; x_wconf 71' lang='lat' dir='ltr'><strong>5M</strong></span> 
     </span>
    </p>
   </div>
   <div class='ocr_carea' id='block_1_2' title="bbox 724 173 1294 206">
    <p class='ocr_par' dir='ltr' id='par_1_2' title="bbox 724 173 1294 206">
     <span class='ocr_line' id='line_1_2' title="bbox 724 173 1294 206; baseline 0 -1"><span class='ocrx_word' id='word_1_2' title='bbox 724 176 975 205; x_wconf 77' lang='lat' dir='ltr'><strong>COMMENTARIA</strong></span> <span class='ocrx_word' id='word_1_3' title='bbox 993 177 1026 205; x_wconf 83' lang='lat' dir='ltr'><strong>IN</strong></span> <span class='ocrx_word' id='word_1_4' title='bbox 1045 176 1216 206; x_wconf 76' lang='lat' dir='ltr'><strong>PSALMOS.</strong></span> <span class='ocrx_word' id='word_1_5' title='bbox 1240 182 1266 205; x_wconf 59' lang='lat'><strong>&#39;5</strong></span> <span class='ocrx_word' id='word_1_6' title='bbox 1277 173 1294 195; x_wconf 78' lang='grc'><strong>’³</strong></span> 
     </span>
    </p>
   </div>
   <div class='ocr_carea' id='block_1_3' title="bbox 1740 177 1794 204">
    <p class='ocr_par' dir='ltr' id='par_1_3' title="bbox 1740 177 1794 204">
     <span class='ocr_line' id='line_1_3' title="bbox 1740 177 1794 204; baseline 0 0"><span class='ocrx_word' id='word_1_7' title='bbox 1740 177 1794 204; x_wconf 65' lang='lat' dir='ltr'><strong>5H</strong></span> 
     </span>
    </p>
   </div>
   <div class='ocr_carea' id='block_1_4' title="bbox 161 235 964 275">
    <p class='ocr_par' dir='ltr' id='par_1_4' title="bbox 161 236 956 275">
     <span class='ocr_line' id='line_1_4' title="bbox 161 236 956 275; baseline 0.003 -11"><span class='ocrx_word' id='word_1_8' title='bbox 161 236 283 272; x_wconf 70' lang='grc' dir='ltr'>σαρκῶν</span> <span class='ocrx_word' id='word_1_9' title='bbox 289 237 383 265; x_wconf 79' lang='grc' dir='ltr'>αὐτοῦ</span> <span class='ocrx_word' id='word_1_10' title='bbox 392 238 440 265; x_wconf 77' lang='grc' dir='ltr'>καὶ</span> <span class='ocrx_word' id='word_1_11' title='bbox 449 237 508 265; x_wconf 82' lang='grc' dir='ltr'><strong>τῶν</strong></span> <span class='ocrx_word' id='word_1_12' title='bbox 518 238 630 266; x_wconf 81' lang='grc' dir='ltr'><strong>ὀστέων</strong></span> <span class='ocrx_word' id='word_1_13' title='bbox 638 239 742 267; x_wconf 83' lang='grc' dir='ltr'>αὐτοῦ.</span> <span class='ocrx_word' id='word_1_14' title='bbox 752 239 819 265; x_wconf 83' lang='grc' dir='ltr'>Ἀλλ’</span> <span class='ocrx_word' id='word_1_15' title='bbox 827 239 956 275; x_wconf 74' lang='grc' dir='ltr'>ἑτέρατις</span> 
     </span>
    </p>
   </div>
   <div class='ocr_carea' id='block_1_5' title="bbox 1015 235 1794 275">
    <p class='ocr_par' dir='ltr' id='par_1_5' title="bbox 1015 235 1794 274">
     <span class='ocr_line' id='line_1_5' title="bbox 1015 235 1794 274; baseline -0.004 -8"><span class='ocrx_word' id='word_1_16' title='bbox 1015 244 1031 266; x_wconf 71' lang='grc' dir='ltr'><strong>ιι</strong></span> <span class='ocrx_word' id='word_1_17' title='bbox 1046 248 1109 266; x_wconf 71' lang='lat' dir='ltr'><strong>ossa</strong></span> <span class='ocrx_word' id='word_1_18' title='bbox 1121 239 1178 274; x_wconf 72' lang='lat' dir='ltr'><strong>ejus</strong></span> <span class='ocrx_word' id='word_1_19' title='bbox 1193 237 1331 266; x_wconf 82' lang='lat' dir='ltr'><strong>&quot;.Verum</strong></span> <span class='ocrx_word' id='word_1_20' title='bbox 1345 237 1398 264; x_wconf 89' lang='lat' dir='ltr'><strong>alia</strong></span> <span class='ocrx_word' id='word_1_21' title='bbox 1414 243 1513 265; x_wconf 82' lang='lat' dir='ltr'><strong>manus</strong></span> <span class='ocrx_word' id='word_1_22' title='bbox 1527 240 1597 269; x_wconf 85' lang='lat' dir='ltr'><strong>erat,</strong></span> <span class='ocrx_word' id='word_1_23' title='bbox 1605 239 1633 263; x_wconf 85' lang='lat' dir='ltr'><strong>et</strong></span> <span class='ocrx_word' id='word_1_24' title='bbox 1642 235 1794 271; x_wconf 69' lang='lat' dir='ltr'><strong>aliasagit-</strong></span> 
     </span>
    </p>
   </div>
   <div class='ocr_carea' id='block_1_6' title="bbox 161 282 954 321">
    <p class='ocr_par' dir='ltr' id='par_1_6' title="bbox 161 282 954 321">
     <span class='ocr_line' id='line_1_6' title="bbox 161 282 954 321; baseline 0.001 -10"><span class='ocrx_word' id='word_1_25' title='bbox 161 282 196 321; x_wconf 81' lang='grc' dir='ltr'>ἦν</span> <span class='ocrx_word' id='word_1_26' title='bbox 204 285 265 320; x_wconf 80' lang='grc' dir='ltr'>χεὶρ</span> <span class='ocrx_word' id='word_1_27' title='bbox 273 284 319 311; x_wconf 71' lang='grc' dir='ltr'><strong>καὶ</strong></span> <span class='ocrx_word' id='word_1_28' title='bbox 325 284 405 320; x_wconf 76' lang='grc' dir='ltr'>ἕτερα</span> <span class='ocrx_word' id='word_1_29' title='bbox 412 284 474 319; x_wconf 81' lang='grc' dir='ltr'>βέλη</span> <span class='ocrx_word' id='word_1_30' title='bbox 483 285 536 312; x_wconf 82' lang='grc' dir='ltr'>τῶν</span> <span class='ocrx_word' id='word_1_31' title='bbox 545 285 652 320; x_wconf 84' lang='grc' dir='ltr'>σαρκῶν</span> <span class='ocrx_word' id='word_1_32' title='bbox 658 285 739 312; x_wconf 74' lang='grc' dir='ltr'>αὑτοῦ</span> <span class='ocrx_word' id='word_1_33' title='bbox 747 285 781 312; x_wconf 76' lang='grc' dir='ltr'>τὰ</span> <span class='ocrx_word' id='word_1_34' title='bbox 788 284 954 321; x_wconf 84' lang='grc' dir='ltr'>καθικόμενα</span> 
     </span>
    </p>
   </div>
   <div class='ocr_carea' id='block_1_7' title="bbox 164 330 955 366">
    <p class='ocr_par' dir='ltr' id='par_1_7' title="bbox 164 330 955 366">
     <span class='ocr_line' id='line_1_7' title="bbox 164 330 955 366; baseline 0.003 -10"><span class='ocrx_word' id='word_1_35' title='bbox 164 330 267 357; x_wconf 78' lang='grc' dir='ltr'>καὶτῶν</span> <span class='ocrx_word' id='word_1_36' title='bbox 275 330 438 366; x_wconf 77' lang='grc' dir='ltr'><strong>σωματικῶν</strong></span> <span class='ocrx_word' id='word_1_37' title='bbox 453 331 639 366; x_wconf 78' lang='grc' dir='ltr'>ὑπαρχόντων·</span> <span class='ocrx_word' id='word_1_38' title='bbox 648 331 763 358; x_wconf 79' lang='grc' dir='ltr'>ἐνταῦθα</span> <span class='ocrx_word' id='word_1_39' title='bbox 771 332 792 358; x_wconf 84' lang='grc' dir='ltr'>δ’</span> <span class='ocrx_word' id='word_1_40' title='bbox 805 331 955 366; x_wconf 75' lang='grc' dir='ltr'><strong>ἐπειδήπερ</strong></span> 
     </span>
    </p>
   </div>
   <div class='ocr_carea' id='block_1_8' title="bbox 163 375 956 414">
    <p class='ocr_par' dir='ltr' id='par_1_8' title="bbox 163 375 956 414">
     <span class='ocr_line' id='line_1_8' title="bbox 163 375 956 414; baseline 0.004 -12"><span class='ocrx_word' id='word_1_41' title='bbox 163 376 212 412; x_wconf 83' lang='grc' dir='ltr'><strong>τὴν</strong></span> <span class='ocrx_word' id='word_1_42' title='bbox 222 375 312 411; x_wconf 79' lang='grc' dir='ltr'>ψυχὴν</span> <span class='ocrx_word' id='word_1_43' title='bbox 319 375 403 411; x_wconf 73' lang='grc' dir='ltr'>αὐτὴν</span> <span class='ocrx_word' id='word_1_44' title='bbox 411 376 555 412; x_wconf 80' lang='grc' dir='ltr'>νενόσηκεν</span> <span class='ocrx_word' id='word_1_45' title='bbox 563 378 577 404; x_wconf 82' lang='grc' dir='ltr'><strong><em>ὁ</em></strong></span> <span class='ocrx_word' id='word_1_46' title='bbox 584 377 675 410; x_wconf 81' lang='grc' dir='ltr'>Δαυῖδ,</span> <span class='ocrx_word' id='word_1_47' title='bbox 683 377 762 414; x_wconf 77' lang='grc' dir='ltr'>ἕτερα</span> <span class='ocrx_word' id='word_1_48' title='bbox 771 377 836 413; x_wconf 79' lang='grc' dir='ltr'>βέλη</span> <span class='ocrx_word' id='word_1_49' title='bbox 845 378 956 405; x_wconf 84' lang='grc' dir='ltr'>καθικέ-</span> 
     </span>
    </p>
   </div>
   <div class='ocr_carea' id='block_1_9' title="bbox 163 422 956 460">
    <p class='ocr_par' dir='ltr' id='par_1_9' title="bbox 163 422 956 460">
     <span class='ocr_line' id='line_1_9' title="bbox 163 422 956 460; baseline 0.004 -12"><span class='ocrx_word' id='word_1_50' title='bbox 163 422 225 448; x_wconf 86' lang='grc' dir='ltr'>σθαι</span> <span class='ocrx_word' id='word_1_51' title='bbox 237 422 320 449; x_wconf 78' lang='grc' dir='ltr'>αὑτοῦ</span> <span class='ocrx_word' id='word_1_52' title='bbox 331 422 468 458; x_wconf 85' lang='grc' dir='ltr'>σημαίνει,</span> <span class='ocrx_word' id='word_1_53' title='bbox 484 423 531 450; x_wconf 79' lang='grc' dir='ltr'>καὶ</span> <span class='ocrx_word' id='word_1_54' title='bbox 539 424 636 459; x_wconf 77' lang='grc' dir='ltr'><strong>ἑτέραν</strong></span> <span class='ocrx_word' id='word_1_55' title='bbox 646 426 724 459; x_wconf 86' lang='grc' dir='ltr'>χεῖρα</span> <span class='ocrx_word' id='word_1_56' title='bbox 735 425 781 451; x_wconf 80' lang='grc' dir='ltr'>τοῦ</span> <span class='ocrx_word' id='word_1_57' title='bbox 794 424 860 451; x_wconf 83' lang='grc' dir='ltr'><strong>Θεοῦ</strong></span> <span class='ocrx_word' id='word_1_58' title='bbox 871 423 956 460; x_wconf 80' lang='grc' dir='ltr'><strong>ἧφθαι</strong></span> 
     </span>
    </p>
   </div>
   <div class='ocr_carea' id='block_1_10' title="bbox 163 467 955 506">
    <p class='ocr_par' dir='ltr' id='par_1_10' title="bbox 163 467 955 506">
     <span class='ocr_line' id='line_1_10' title="bbox 163 467 955 506; baseline 0.003 -12"><span class='ocrx_word' id='word_1_59' title='bbox 163 467 257 501; x_wconf 82' lang='grc' dir='ltr'>αὑτοῦ,</span> <span class='ocrx_word' id='word_1_60' title='bbox 278 468 350 495; x_wconf 74' lang='grc' dir='ltr'>καθὰ</span> <span class='ocrx_word' id='word_1_61' title='bbox 377 468 499 504; x_wconf 78' lang='grc' dir='ltr'>ἓφθημεν</span> <span class='ocrx_word' id='word_1_62' title='bbox 528 470 662 501; x_wconf 81' lang='grc' dir='ltr'>εἰπόντες,</span> <span class='ocrx_word' id='word_1_63' title='bbox 693 470 727 496; x_wconf 84' lang='grc' dir='ltr'>τὰ</span> <span class='ocrx_word' id='word_1_64' title='bbox 753 470 850 504; x_wconf 68' lang='grc' dir='ltr'><strong>λογικὰ⁸</strong></span> <span class='ocrx_word' id='word_1_65' title='bbox 875 470 955 506; x_wconf 77' lang='grc' dir='ltr'>βέλη,</span> 
     </span>
    </p>
   </div>
   <div class='ocr_carea' id='block_1_11' title="bbox 164 514 956 550">
    <p class='ocr_par' dir='ltr' id='par_1_11' title="bbox 164 514 956 550">
     <span class='ocr_line' id='line_1_11' title="bbox 164 514 956 550; baseline 0.003 -10"><span class='ocrx_word' id='word_1_66' title='bbox 164 514 264 550; x_wconf 78' lang='grc' dir='ltr'>μᾶλλον</span> <span class='ocrx_word' id='word_1_67' title='bbox 275 514 303 541; x_wconf 79' lang='grc' dir='ltr'>δὲ</span> <span class='ocrx_word' id='word_1_68' title='bbox 317 514 415 546; x_wconf 71' lang='grc' dir='ltr'>αὐτοὺς</span> <span class='ocrx_word' id='word_1_69' title='bbox 431 515 479 541; x_wconf 77' lang='grc' dir='ltr'>τοῦ</span> <span class='ocrx_word' id='word_1_70' title='bbox 505 514 572 541; x_wconf 83' lang='grc' dir='ltr'>Θεοῦ</span> <span class='ocrx_word' id='word_1_71' title='bbox 597 515 692 550; x_wconf 85' lang='grc' dir='ltr'>λόγους</span> <span class='ocrx_word' id='word_1_72' title='bbox 714 516 859 547; x_wconf 80' lang='grc' dir='ltr'>νύττοντας</span> <span class='ocrx_word' id='word_1_73' title='bbox 875 516 956 542; x_wconf 78' lang='grc' dir='ltr'>αὑτοῦ</span> 
     </span>
    </p>
   </div>
   <div class='ocr_carea' id='block_1_12' title="bbox 163 560 957 597">
    <p class='ocr_par' dir='ltr' id='par_1_12' title="bbox 163 560 957 597">
     <span class='ocr_line' id='line_1_12' title="bbox 163 560 957 597; baseline 0 -9"><span class='ocrx_word' id='word_1_74' title='bbox 163 561 213 597; x_wconf 84' lang='grc' dir='ltr'>τὴν</span> <span class='ocrx_word' id='word_1_75' title='bbox 228 561 329 596; x_wconf 78' lang='grc' dir='ltr'>ψυχὴν,</span> <span class='ocrx_word' id='word_1_76' title='bbox 355 561 401 587; x_wconf 81' lang='grc' dir='ltr'><strong>καὶ</strong></span> <span class='ocrx_word' id='word_1_77' title='bbox 425 560 474 596; x_wconf 82' lang='grc' dir='ltr'>τὴν</span> <span class='ocrx_word' id='word_1_78' title='bbox 505 562 657 596; x_wconf 78' lang='grc' dir='ltr'><strong>συνείδησιν</strong></span> <span class='ocrx_word' id='word_1_79' title='bbox 675 562 759 597; x_wconf 78' lang='grc' dir='ltr'>αὐτὴν</span> <span class='ocrx_word' id='word_1_80' title='bbox 784 562 957 597; x_wconf 84' lang='grc' dir='ltr'>τιμωρουμέ-</span> 
     </span>
    </p>
   </div>
   <div class='ocr_carea' id='block_1_13' title="bbox 164 607 957 643">
    <p class='ocr_par' dir='ltr' id='par_1_13' title="bbox 164 607 957 643">
     <span class='ocr_line' id='line_1_13' title="bbox 164 607 957 643; baseline 0.001 -9"><span class='ocrx_word' id='word_1_81' title='bbox 164 617 236 640; x_wconf 86' lang='grc' dir='ltr'>νους.</span> <span class='ocrx_word' id='word_1_82' title='bbox 252 609 365 643; x_wconf 84' lang='grc' dir='ltr'><strong>Μήποτε</strong></span> <span class='ocrx_word' id='word_1_83' title='bbox 379 608 408 634; x_wconf 84' lang='grc' dir='ltr'>δὲ</span> <span class='ocrx_word' id='word_1_84' title='bbox 435 607 482 633; x_wconf 75' lang='grc' dir='ltr'>καὶ</span> <span class='ocrx_word' id='word_1_85' title='bbox 499 608 580 634; x_wconf 78' lang='grc' dir='ltr'>αὑτὸν</span> <span class='ocrx_word' id='word_1_86' title='bbox 595 609 638 634; x_wconf 74' lang='grc' dir='ltr'><strong>τὸν</strong></span> <span class='ocrx_word' id='word_1_87' title='bbox 655 608 776 635; x_wconf 74' lang='grc' dir='ltr'>διάϐολον</span> <span class='ocrx_word' id='word_1_88' title='bbox 792 609 839 635; x_wconf 77' lang='grc' dir='ltr'>καὶ</span> <span class='ocrx_word' id='word_1_89' title='bbox 855 609 889 635; x_wconf 78' lang='grc' dir='ltr'><strong>τὰ</strong></span> <span class='ocrx_word' id='word_1_90' title='bbox 910 609 957 635; x_wconf 77' lang='grc' dir='ltr'><strong>τοῦ</strong></span> 
     </span>
    </p>
   </div>
   <div class='ocr_carea' id='block_1_14' title="bbox 164 654 959 690">
    <p class='ocr_par' dir='ltr' id='par_1_14' title="bbox 164 654 959 690">
     <span class='ocr_line' id='line_1_14' title="bbox 164 654 959 690; baseline 0 -9"><span class='ocrx_word' id='word_1_91' title='bbox 164 654 288 681; x_wconf 80' lang='grc' dir='ltr'>διαϐόλου</span> <span class='ocrx_word' id='word_1_92' title='bbox 302 654 488 689; x_wconf 82' lang='grc' dir='ltr'>πεπυρωμένα</span> <span class='ocrx_word' id='word_1_93' title='bbox 502 654 565 690; x_wconf 78' lang='grc' dir='ltr'>βέλη</span> <span class='ocrx_word' id='word_1_94' title='bbox 582 654 617 681; x_wconf 74' lang='grc' dir='ltr'><strong>τὰ</strong></span> <span class='ocrx_word' id='word_1_95' title='bbox 625 654 764 689; x_wconf 81' lang='grc' dir='ltr'>παθητικὰ</span> <span class='ocrx_word' id='word_1_96' title='bbox 775 655 823 681; x_wconf 75' lang='grc' dir='ltr'>καὶ</span> <span class='ocrx_word' id='word_1_97' title='bbox 839 655 959 690; x_wconf 77' lang='grc' dir='ltr'>ἐρωτικὰ</span> 
     </span>
    </p>
   </div>
   <div class='ocr_carea' id='block_1_15' title="bbox 164 700 959 736">
    <p class='ocr_par' dir='ltr' id='par_1_15' title="bbox 164 700 959 736">
     <span class='ocr_line' id='line_1_15' title="bbox 164 700 959 736; baseline -0.001 -8"><span class='ocrx_word' id='word_1_98' title='bbox 164 701 197 728; x_wconf 76' lang='grc' dir='ltr'><strong>τὰ</strong></span> <span class='ocrx_word' id='word_1_99' title='bbox 224 702 264 733; x_wconf 84' lang='grc' dir='ltr'>εἰς</span> <span class='ocrx_word' id='word_1_100' title='bbox 290 700 438 736; x_wconf 74' lang='grc' dir='ltr'><strong>ἐπιθυμίαν</strong></span> <span class='ocrx_word' id='word_1_101' title='bbox 455 701 536 727; x_wconf 78' lang='grc' dir='ltr'>αὑτὸν</span> <span class='ocrx_word' id='word_1_102' title='bbox 556 700 695 735; x_wconf 74' lang='grc' dir='ltr'>ἐξάψαντα</span> <span class='ocrx_word' id='word_1_103' title='bbox 717 702 767 736; x_wconf 77' lang='grc' dir='ltr'>τῆς</span> <span class='ocrx_word' id='word_1_104' title='bbox 789 700 837 727; x_wconf 83' lang='grc' dir='ltr'>τοῦ</span> <span class='ocrx_word' id='word_1_105' title='bbox 862 702 959 736; x_wconf 81' lang='grc' dir='ltr'><strong>Οὐρίου</strong></span> 
     </span>
    </p>
   </div>
   <div class='ocr_carea' id='block_1_16' title="bbox 164 744 959 782">
    <p class='ocr_par' dir='ltr' id='par_1_16' title="bbox 164 744 959 782">
     <span class='ocr_line' id='line_1_16' title="bbox 164 744 959 782; baseline -0.001 -8"><span class='ocrx_word' id='word_1_106' title='bbox 164 747 293 782; x_wconf 75' lang='grc' dir='ltr'>γυναικὸς</span> <span class='ocrx_word' id='word_1_107' title='bbox 323 747 467 782; x_wconf 72' lang='grc' dir='ltr'>σημαίνεις</span> <span class='ocrx_word' id='word_1_108' title='bbox 484 744 522 773; x_wconf 87' lang='grc' dir='ltr'>ὦν</span> <span class='ocrx_word' id='word_1_109' title='bbox 540 748 585 773; x_wconf 81' lang='grc' dir='ltr'>καὶ</span> <span class='ocrx_word' id='word_1_110' title='bbox 609 749 623 773; x_wconf 81' lang='grc' dir='ltr'>ὁ</span> <span class='ocrx_word' id='word_1_111' title='bbox 654 747 813 779; x_wconf 76' lang='grc' dir='ltr'>Ἀπόστολος</span> <span class='ocrx_word' id='word_1_112' title='bbox 841 747 959 773; x_wconf 79' lang='grc' dir='ltr'><strong>διδάσκει</strong></span> 
     </span>
    </p>
   </div>
   <div class='ocr_carea' id='block_1_17' title="bbox 163 792 960 828">
    <p class='ocr_par' dir='ltr' id='par_1_17' title="bbox 163 792 960 828">
     <span class='ocr_line' id='line_1_17' title="bbox 163 792 960 828; baseline -0.001 -8"><span class='ocrx_word' id='word_1_113' title='bbox 163 794 250 828; x_wconf 83' lang='grc' dir='ltr'>λέγων</span> <span class='ocrx_word' id='word_1_114' title='bbox 260 802 266 807; x_wconf 93' lang='grc'><strong>·</strong></span> <span class='ocrx_word' id='word_1_115' title='bbox 284 792 463 820; x_wconf 65' lang='grc' dir='ltr'>’Λναλάϐετε</span> <span class='ocrx_word' id='word_1_116' title='bbox 479 792 536 826; x_wconf 75' lang='grc' dir='ltr'><strong>τὴν</strong></span> <span class='ocrx_word' id='word_1_117' title='bbox 544 793 717 819; x_wconf 73' lang='grc' dir='ltr'><strong>πανοπλίαν</strong></span> <span class='ocrx_word' id='word_1_118' title='bbox 729 793 782 819; x_wconf 85' lang='grc' dir='ltr'>τοῦ</span> <span class='ocrx_word' id='word_1_119' title='bbox 792 793 877 825; x_wconf 83' lang='grc' dir='ltr'><strong>Θεοῦ,</strong></span> <span class='ocrx_word' id='word_1_120' title='bbox 887 792 960 826; x_wconf 75' lang='grc' dir='ltr'><em>πρὸς</em></span> 
     </span>
    </p>
   </div>
   <div class='ocr_carea' id='block_1_18' title="bbox 165 838 959 872">
    <p class='ocr_par' dir='ltr' id='par_1_18' title="bbox 165 838 959 872">
     <span class='ocr_line' id='line_1_18' title="bbox 165 838 959 872; baseline -0.003 -6"><span class='ocrx_word' id='word_1_121' title='bbox 165 839 196 866; x_wconf 86' lang='grc' dir='ltr'><strong>τὸ</strong></span> <span class='ocrx_word' id='word_1_122' title='bbox 221 838 369 866; x_wconf 75' lang='grc' dir='ltr'>δύνασθαι</span> <span class='ocrx_word' id='word_1_123' title='bbox 392 838 491 865; x_wconf 79' lang='grc' dir='ltr'>πάντα</span> <span class='ocrx_word' id='word_1_124' title='bbox 523 839 559 865; x_wconf 79' lang='grc' dir='ltr'><em>τὰ</em></span> <span class='ocrx_word' id='word_1_125' title='bbox 581 838 778 872; x_wconf 70' lang='grc' dir='ltr'>πεπυρωμένα</span> <span class='ocrx_word' id='word_1_126' title='bbox 802 838 882 871; x_wconf 74' lang='grc' dir='ltr'><strong>,ϐέλη</strong></span> <span class='ocrx_word' id='word_1_127' title='bbox 908 838 959 864; x_wconf 81' lang='grc' dir='ltr'><strong>τοῦ</strong></span> 
     </span>
    </p>
   </div>
   <div class='ocr_carea' id='block_1_19' title="bbox 165 884 959 920">
    <p class='ocr_par' dir='ltr' id='par_1_19' title="bbox 165 884 959 920">
     <span class='ocr_line' id='line_1_19' title="bbox 165 884 959 920; baseline -0.003 -8"><span class='ocrx_word' id='word_1_128' title='bbox 165 885 299 919; x_wconf 72' lang='grc' dir='ltr'>πονηροῦ</span> <span class='ocrx_word' id='word_1_129' title='bbox 324 885 441 912; x_wconf 73' lang='grc' dir='ltr'>σϐέσαι.</span> <span class='ocrx_word' id='word_1_130' title='bbox 471 885 574 920; x_wconf 80' lang='grc' dir='ltr'>’Ὠσπερ</span> <span class='ocrx_word' id='word_1_131' title='bbox 598 884 626 911; x_wconf 83' lang='grc' dir='ltr'>δὲ</span> <span class='ocrx_word' id='word_1_132' title='bbox 647 884 706 911; x_wconf 81' lang='grc' dir='ltr'><strong>’1ὼό</strong></span> <span class='ocrx_word' id='word_1_133' title='bbox 724 885 758 912; x_wconf 72' lang='grc' dir='ltr'>τὰ</span> <span class='ocrx_word' id='word_1_134' title='bbox 771 884 814 912; x_wconf 71' lang='grc' dir='ltr'>τοῦ</span> <span class='ocrx_word' id='word_1_135' title='bbox 835 884 959 911; x_wconf 78' lang='grc' dir='ltr'>διαϐόλου</span> 
     </span>
    </p>
   </div>
   <div class='ocr_carea' id='block_1_20' title="bbox 166 922 996 967">
    <p class='ocr_par' dir='ltr' id='par_1_20' title="bbox 166 922 996 967">
     <span class='ocr_line' id='line_1_20' title="bbox 166 922 996 967; baseline -0.002 -9"><span class='ocrx_word' id='word_1_136' title='bbox 166 931 229 967; x_wconf 78' lang='grc' dir='ltr'>βέλη</span> <span class='ocrx_word' id='word_1_137' title='bbox 245 931 339 958; x_wconf 78' lang='grc' dir='ltr'>καὶτὰ</span> <span class='ocrx_word' id='word_1_138' title='bbox 361 931 426 966; x_wconf 75' lang='grc' dir='ltr'>ἕλκη</span> <span class='ocrx_word' id='word_1_139' title='bbox 441 932 474 958; x_wconf 79' lang='grc' dir='ltr'>τὰ</span> <span class='ocrx_word' id='word_1_140' title='bbox 485 931 644 958; x_wconf 76' lang='grc' dir='ltr'>ἐπιτεθέντα</span> <span class='ocrx_word' id='word_1_141' title='bbox 665 931 739 966; x_wconf 74' lang='grc' dir='ltr'>αὐτῷ</span> <span class='ocrx_word' id='word_1_142' title='bbox 763 931 833 958; x_wconf 74' lang='grc' dir='ltr'>κατὰ</span> <span class='ocrx_word' id='word_1_143' title='bbox 848 931 895 957; x_wconf 78' lang='grc' dir='ltr'><strong>τοῦ</strong></span> <span class='ocrx_word' id='word_1_144' title='bbox 910 931 961 957; x_wconf 88' lang='grc' dir='ltr'><strong>σώ-</strong></span> <span class='ocrx_word' id='word_1_145' title='bbox 978 922 996 948; x_wconf 77' lang='grc' dir='ltr'><strong>Β</strong></span> 
     </span>
    </p>
   </div>
   <div class='ocr_carea' id='block_1_21' title="bbox 166 976 959 1013">
    <p class='ocr_par' dir='ltr' id='par_1_21' title="bbox 166 976 959 1013">
     <span class='ocr_line' id='line_1_21' title="bbox 166 976 959 1013; baseline -0.003 -9"><span class='ocrx_word' id='word_1_146' title='bbox 166 985 249 1013; x_wconf 83' lang='grc' dir='ltr'><strong>ματος</strong></span> <span class='ocrx_word' id='word_1_147' title='bbox 262 997 269 1009; x_wconf 89' lang='grc'><strong>,</strong></span> <span class='ocrx_word' id='word_1_148' title='bbox 295 977 389 1011; x_wconf 78' lang='grc' dir='ltr'>ἐπειδὴ</span> <span class='ocrx_word' id='word_1_149' title='bbox 404 976 476 1003; x_wconf 76' lang='grc' dir='ltr'>κατὰ</span> <span class='ocrx_word' id='word_1_150' title='bbox 492 976 667 1012; x_wconf 81' lang='grc' dir='ltr'><strong>συγχώρησιν</strong></span> <span class='ocrx_word' id='word_1_151' title='bbox 686 977 791 1010; x_wconf 77' lang='grc' dir='ltr'>ἐγενετο</span> <span class='ocrx_word' id='word_1_152' title='bbox 814 977 861 1003; x_wconf 83' lang='grc' dir='ltr'>τοῦ</span> <span class='ocrx_word' id='word_1_153' title='bbox 881 976 959 1007; x_wconf 84' lang='grc' dir='ltr'>Θεοῦ,</span> 
     </span>
    </p>
   </div>
   <div class='ocr_carea' id='block_1_22' title="bbox 166 1022 962 1058">
    <p class='ocr_par' dir='ltr' id='par_1_22' title="bbox 166 1022 962 1058">
     <span class='ocr_line' id='line_1_22' title="bbox 166 1022 962 1058; baseline 0 -10"><span class='ocrx_word' id='word_1_154' title='bbox 166 1023 228 1058; x_wconf 77' lang='grc' dir='ltr'>βέλη</span> <span class='ocrx_word' id='word_1_155' title='bbox 244 1022 348 1058; x_wconf 78' lang='grc' dir='ltr'>Κυρίου</span> <span class='ocrx_word' id='word_1_156' title='bbox 363 1022 504 1057; x_wconf 81' lang='grc' dir='ltr'>ὠνόμασεν</span> <span class='ocrx_word' id='word_1_157' title='bbox 516 1022 616 1048; x_wconf 83' lang='grc' dir='ltr'>εἰπών·</span> <span class='ocrx_word' id='word_1_158' title='bbox 635 1022 713 1056; x_wconf 78' lang='grc' dir='ltr'><strong>Βὲλη</strong></span> <span class='ocrx_word' id='word_1_159' title='bbox 731 1022 786 1057; x_wconf 73' lang='grc' dir='ltr'>γὰρ</span> <span class='ocrx_word' id='word_1_160' title='bbox 802 1023 912 1056; x_wconf 81' lang='lat' dir='ltr'><strong>Kvplov</strong></span> <span class='ocrx_word' id='word_1_161' title='bbox 927 1022 962 1048; x_wconf 77' lang='grc' dir='ltr'><strong>ἐν</strong></span> 
     </span>
    </p>
   </div>
   <div class='ocr_carea' id='block_1_23' title="bbox 164 1064 961 1102">
    <p class='ocr_par' dir='ltr' id='par_1_23' title="bbox 164 1064 961 1102">
     <span class='ocr_line' id='line_1_23' title="bbox 164 1064 961 1102; baseline 0 -8"><span class='ocrx_word' id='word_1_162' title='bbox 164 1068 204 1100; x_wconf 77' lang='grc' dir='ltr'><strong>τῷ</strong></span> <span class='ocrx_word' id='word_1_163' title='bbox 218 1068 347 1102; x_wconf 83' lang='grc' dir='ltr'>στόματί</span> <span class='ocrx_word' id='word_1_164' title='bbox 351 1076 410 1102; x_wconf 85' lang='grc' dir='ltr'><strong>μου</strong></span> <span class='ocrx_word' id='word_1_165' title='bbox 428 1068 523 1098; x_wconf 79' lang='grc' dir='ltr'>ἐστὶν,</span> <span class='ocrx_word' id='word_1_166' title='bbox 538 1064 576 1094; x_wconf 67' lang='grc' dir='ltr'>ὧν</span> <span class='ocrx_word' id='word_1_167' title='bbox 591 1070 607 1094; x_wconf 81' lang='lat' dir='ltr'><strong>d</strong></span> <span class='ocrx_word' id='word_1_168' title='bbox 621 1068 714 1102; x_wconf 70' lang='grc' dir='ltr'>θυμὸς</span> <span class='ocrx_word' id='word_1_169' title='bbox 730 1067 829 1095; x_wconf 70' lang='grc' dir='ltr'>αὐτῶν</span> <span class='ocrx_word' id='word_1_170' title='bbox 846 1068 961 1095; x_wconf 65' lang='grc' dir='ltr'>ἐκπίνει</span> 
     </span>
    </p>
   </div>
   <div class='ocr_carea' id='block_1_24' title="bbox 163 1112 961 1150">
    <p class='ocr_par' dir='ltr' id='par_1_24' title="bbox 163 1112 961 1150">
     <span class='ocr_line' id='line_1_24' title="bbox 163 1112 961 1150; baseline 0 -8"><span class='ocrx_word' id='word_1_171' title='bbox 163 1124 221 1150; x_wconf 78' lang='grc' dir='ltr'><strong>μου</strong></span> <span class='ocrx_word' id='word_1_172' title='bbox 252 1115 284 1142; x_wconf 83' lang='grc' dir='ltr'>τὸ</span> <span class='ocrx_word' id='word_1_173' title='bbox 307 1112 392 1149; x_wconf 81' lang='grc' dir='ltr'>αἷμα·</span> <span class='ocrx_word' id='word_1_174' title='bbox 422 1114 509 1146; x_wconf 77' lang='grc' dir='ltr'>οὕτως</span> <span class='ocrx_word' id='word_1_175' title='bbox 527 1114 600 1146; x_wconf 70' lang='grc' dir='ltr'>εἰκὺς</span> <span class='ocrx_word' id='word_1_176' title='bbox 623 1115 670 1141; x_wconf 70' lang='grc' dir='ltr'><strong>καὶ</strong></span> <span class='ocrx_word' id='word_1_177' title='bbox 687 1114 731 1141; x_wconf 74' lang='grc' dir='ltr'>τὸν</span> <span class='ocrx_word' id='word_1_178' title='bbox 750 1115 830 1141; x_wconf 77' lang='grc' dir='ltr'>Δαυῒδ</span> <span class='ocrx_word' id='word_1_179' title='bbox 845 1115 961 1142; x_wconf 74' lang='grc' dir='ltr'>ἐνταῦθα</span> 
     </span>
    </p>
   </div>
   <div class='ocr_carea' id='block_1_25' title="bbox 166 1161 960 1197">
    <p class='ocr_par' dir='ltr' id='par_1_25' title="bbox 166 1161 960 1197">
     <span class='ocr_line' id='line_1_25' title="bbox 166 1161 960 1197; baseline 0.001 -10"><span class='ocrx_word' id='word_1_180' title='bbox 166 1161 230 1196; x_wconf 80' lang='grc' dir='ltr'>βέλη</span> <span class='ocrx_word' id='word_1_181' title='bbox 249 1161 351 1197; x_wconf 80' lang='grc' dir='ltr'>Κυρίου</span> <span class='ocrx_word' id='word_1_182' title='bbox 379 1161 529 1196; x_wconf 77' lang='grc' dir='ltr'>εἰρηκέναι,</span> <span class='ocrx_word' id='word_1_183' title='bbox 548 1161 607 1187; x_wconf 77' lang='grc' dir='ltr'>ἐπεὶ</span> <span class='ocrx_word' id='word_1_184' title='bbox 629 1161 700 1187; x_wconf 78' lang='grc' dir='ltr'>κατὰ</span> <span class='ocrx_word' id='word_1_185' title='bbox 718 1161 891 1197; x_wconf 76' lang='grc' dir='ltr'>συγχώρησιν</span> <span class='ocrx_word' id='word_1_186' title='bbox 914 1161 960 1188; x_wconf 78' lang='grc' dir='ltr'>τοῦ</span> 
     </span>
    </p>
   </div>
   <div class='ocr_carea' id='block_1_26' title="bbox 166 1207 962 1244">
    <p class='ocr_par' dir='ltr' id='par_1_26' title="bbox 166 1207 962 1244">
     <span class='ocr_line' id='line_1_26' title="bbox 166 1207 962 1244; baseline -0.001 -10"><span class='ocrx_word' id='word_1_187' title='bbox 166 1209 270 1243; x_wconf 78' lang='grc' dir='ltr'>Κυρίου</span> <span class='ocrx_word' id='word_1_188' title='bbox 282 1207 533 1242; x_wconf 82' lang='grc' dir='ltr'>κατεστρατεύσατο</span> <span class='ocrx_word' id='word_1_189' title='bbox 542 1207 624 1233; x_wconf 71' lang='grc' dir='ltr'>αὑτοῦ</span> <span class='ocrx_word' id='word_1_190' title='bbox 637 1208 650 1233; x_wconf 81' lang='grc' dir='ltr'><strong>ὀ</strong></span> <span class='ocrx_word' id='word_1_191' title='bbox 664 1207 820 1239; x_wconf 81' lang='grc' dir='ltr'><strong>ἀντίπαλος,</strong></span> <span class='ocrx_word' id='word_1_192' title='bbox 833 1208 876 1234; x_wconf 80' lang='grc' dir='ltr'>ἵνα</span> <span class='ocrx_word' id='word_1_193' title='bbox 889 1207 962 1244; x_wconf 72' lang='grc' dir='ltr'>μάθῃ</span> 
     </span>
    </p>
   </div>
   <div class='ocr_carea' id='block_1_27' title="bbox 167 1253 962 1289">
    <p class='ocr_par' dir='ltr' id='par_1_27' title="bbox 167 1253 962 1289">
     <span class='ocr_line' id='line_1_27' title="bbox 167 1253 962 1289; baseline -0.001 -9"><span class='ocrx_word' id='word_1_194' title='bbox 167 1253 204 1289; x_wconf 83' lang='grc' dir='ltr'>μὴ</span> <span class='ocrx_word' id='word_1_195' title='bbox 216 1254 374 1288; x_wconf 78' lang='grc' dir='ltr'>λέγειν-Οὐ</span> <span class='ocrx_word' id='word_1_196' title='bbox 392 1254 434 1288; x_wconf 73' lang='grc' dir='ltr'>μὴ</span> <span class='ocrx_word' id='word_1_197' title='bbox 455 1253 593 1280; x_wconf 78' lang='grc' dir='ltr'>σαλευθώ</span> <span class='ocrx_word' id='word_1_198' title='bbox 614 1254 658 1286; x_wconf 84' lang='grc' dir='ltr'>εὶς</span> <span class='ocrx_word' id='word_1_199' title='bbox 683 1253 736 1279; x_wconf 72' lang='grc' dir='ltr'><strong>τὸν</strong></span> <span class='ocrx_word' id='word_1_200' title='bbox 754 1254 855 1280; x_wconf 73' lang='grc' dir='ltr'>αἰῶνα.</span> <span class='ocrx_word' id='word_1_201' title='bbox 887 1254 962 1279; x_wconf 78' lang='grc' dir='ltr'>Ἐπεὶ</span> 
     </span>
    </p>
   </div>
   <div class='ocr_carea' id='block_1_28' title="bbox 165 1298 961 1336">
    <p class='ocr_par' dir='ltr' id='par_1_28' title="bbox 165 1298 961 1336">
     <span class='ocr_line' id='line_1_28' title="bbox 165 1298 961 1336; baseline -0.004 -9"><span class='ocrx_word' id='word_1_202' title='bbox 165 1300 220 1336; x_wconf 76' lang='grc' dir='ltr'>γὰρ</span> <span class='ocrx_word' id='word_1_203' title='bbox 249 1301 281 1336; x_wconf 83' lang='grc' dir='ltr'>τῇ</span> <span class='ocrx_word' id='word_1_204' title='bbox 303 1300 396 1335; x_wconf 84' lang='grc' dir='ltr'>χάριτι</span> <span class='ocrx_word' id='word_1_205' title='bbox 419 1299 465 1326; x_wconf 78' lang='grc' dir='ltr'>τοῦ</span> <span class='ocrx_word' id='word_1_206' title='bbox 490 1299 557 1325; x_wconf 75' lang='grc' dir='ltr'>Θεοῦ</span> <span class='ocrx_word' id='word_1_207' title='bbox 587 1298 790 1334; x_wconf 83' lang='grc' dir='ltr'>δυναμούμενος</span> <span class='ocrx_word' id='word_1_208' title='bbox 825 1299 895 1334; x_wconf 78' lang='grc' dir='ltr'>μέγα</span> <span class='ocrx_word' id='word_1_209' title='bbox 919 1298 961 1332; x_wconf 77' lang='grc' dir='ltr'><strong>ἐφ’</strong></span> 
     </span>
    </p>
   </div>
   <div class='ocr_carea' id='block_1_29' title="bbox 167 1345 960 1382">
    <p class='ocr_par' dir='ltr' id='par_1_29' title="bbox 167 1345 960 1382">
     <span class='ocr_line' id='line_1_29' title="bbox 167 1345 960 1382; baseline -0.001 -10"><span class='ocrx_word' id='word_1_210' title='bbox 167 1346 256 1382; x_wconf 68' lang='grc' dir='ltr'>ἑαυτῷ</span> <span class='ocrx_word' id='word_1_211' title='bbox 271 1346 403 1382; x_wconf 78' lang='grc' dir='ltr'>ὲφρόνησέ</span> <span class='ocrx_word' id='word_1_212' title='bbox 413 1345 534 1379; x_wconf 81' lang='grc' dir='ltr'>ποτε,ώς</span> <span class='ocrx_word' id='word_1_213' title='bbox 550 1345 784 1372; x_wconf 76' lang='grc' dir='ltr'>ἀπαυθαδίσασθαι</span> <span class='ocrx_word' id='word_1_214' title='bbox 799 1346 845 1372; x_wconf 72' lang='grc' dir='ltr'>καὶ</span> <span class='ocrx_word' id='word_1_215' title='bbox 856 1346 944 1372; x_wconf 81' lang='grc' dir='ltr'>εἰπεῖν</span> <span class='ocrx_word' id='word_1_216' title='bbox 953 1353 960 1360; x_wconf 92' lang='grc'><strong>·</strong></span> 
     </span>
    </p>
   </div>
   <div class='ocr_carea' id='block_1_30' title="bbox 174 1390 963 1426">
    <p class='ocr_par' dir='ltr' id='par_1_30' title="bbox 174 1390 963 1426">
     <span class='ocr_line' id='line_1_30' title="bbox 174 1390 963 1426; baseline 0 -8"><span class='ocrx_word' id='word_1_217' title='bbox 174 1391 243 1426; x_wconf 60' lang='grc' dir='ltr'><strong>Ἑῃῦ</strong></span> <span class='ocrx_word' id='word_1_218' title='bbox 258 1392 293 1418; x_wconf 82' lang='grc' dir='ltr'>δὲ</span> <span class='ocrx_word' id='word_1_219' title='bbox 308 1390 377 1419; x_wconf 73' lang='grc' dir='ltr'>εἶπα</span> <span class='ocrx_word' id='word_1_220' title='bbox 391 1392 426 1418; x_wconf 81' lang='grc' dir='ltr'><strong>ἐν</strong></span> <span class='ocrx_word' id='word_1_221' title='bbox 437 1390 474 1425; x_wconf 80' lang='grc' dir='ltr'>τῇ</span> <span class='ocrx_word' id='word_1_222' title='bbox 485 1392 607 1425; x_wconf 60' lang='lat' dir='ltr'><strong>edoni-[tt</strong></span> <span class='ocrx_word' id='word_1_223' title='bbox 621 1400 694 1425; x_wconf 84' lang='grc' dir='ltr'>μου·</span> <span class='ocrx_word' id='word_1_224' title='bbox 711 1393 751 1418; x_wconf 89' lang='grc' dir='ltr'><strong>Οὺ</strong></span> <span class='ocrx_word' id='word_1_225' title='bbox 765 1391 808 1426; x_wconf 71' lang='grc' dir='ltr'>μὴ</span> <span class='ocrx_word' id='word_1_226' title='bbox 825 1390 963 1418; x_wconf 70' lang='grc' dir='ltr'>σαλευθῶ</span> 
     </span>
    </p>
   </div>
   <div class='ocr_carea' id='block_1_31' title="bbox 167 1436 963 1472">
    <p class='ocr_par' dir='ltr' id='par_1_31' title="bbox 167 1436 963 1472">
     <span class='ocr_line' id='line_1_31' title="bbox 167 1436 963 1472; baseline -0.001 -8"><span class='ocrx_word' id='word_1_227' title='bbox 167 1438 210 1470; x_wconf 81' lang='grc' dir='ltr'><strong>εις</strong></span> <span class='ocrx_word' id='word_1_228' title='bbox 233 1437 287 1464; x_wconf 74' lang='grc' dir='ltr'><strong>τὸν</strong></span> <span class='ocrx_word' id='word_1_229' title='bbox 310 1437 418 1464; x_wconf 79' lang='grc' dir='ltr'><strong>αἰῶνα·</strong></span> <span class='ocrx_word' id='word_1_230' title='bbox 436 1437 532 1463; x_wconf 82' lang='grc' dir='ltr'>τούτου</span> <span class='ocrx_word' id='word_1_231' title='bbox 547 1437 626 1471; x_wconf 76' lang='grc' dir='ltr'>χάριν</span> <span class='ocrx_word' id='word_1_232' title='bbox 639 1437 752 1468; x_wconf 74' lang='grc' dir='ltr'>εἰκότως</span> <span class='ocrx_word' id='word_1_233' title='bbox 768 1436 904 1472; x_wconf 75' lang='grc' dir='ltr'>παρεδόθη</span> <span class='ocrx_word' id='word_1_234' title='bbox 925 1437 963 1472; x_wconf 80' lang='grc' dir='ltr'>τῷ</span> 
     </span>
    </p>
   </div>
   <div class='ocr_carea' id='block_1_32' title="bbox 169 1483 963 1520">
    <p class='ocr_par' dir='ltr' id='par_1_32' title="bbox 169 1483 963 1520">
     <span class='ocr_line' id='line_1_32' title="bbox 169 1483 963 1520; baseline -0.001 -10"><span class='ocrx_word' id='word_1_235' title='bbox 169 1484 336 1520; x_wconf 71' lang='grc' dir='ltr'>πειράζοντι,</span> <span class='ocrx_word' id='word_1_236' title='bbox 348 1484 387 1515; x_wconf 78' lang='grc' dir='ltr'>ὃς,</span> <span class='ocrx_word' id='word_1_237' title='bbox 399 1484 449 1518; x_wconf 83' lang='grc' dir='ltr'>τῆς</span> <span class='ocrx_word' id='word_1_238' title='bbox 472 1483 562 1518; x_wconf 72' lang='grc' dir='ltr'>ψυχῆς</span> <span class='ocrx_word' id='word_1_239' title='bbox 581 1483 662 1510; x_wconf 75' lang='grc' dir='ltr'>αὑτοῦ</span> <span class='ocrx_word' id='word_1_240' title='bbox 680 1483 883 1518; x_wconf 64' lang='grc' dir='ltr'>καθαψάμενος,</span> <span class='ocrx_word' id='word_1_241' title='bbox 903 1492 963 1518; x_wconf 86' lang='grc' dir='ltr'>μει-</span> 
     </span>
    </p>
   </div>
   <div class='ocr_carea' id='block_1_33' title="bbox 169 1529 963 1565">
    <p class='ocr_par' dir='ltr' id='par_1_33' title="bbox 169 1529 963 1565">
     <span class='ocr_line' id='line_1_33' title="bbox 169 1529 963 1565; baseline -0.003 -8"><span class='ocrx_word' id='word_1_242' title='bbox 169 1529 252 1562; x_wconf 84' lang='grc' dir='ltr'>ζόνως</span> <span class='ocrx_word' id='word_1_243' title='bbox 278 1530 358 1557; x_wconf 68' lang='grc' dir='ltr'>αὑτὸν</span> <span class='ocrx_word' id='word_1_244' title='bbox 375 1531 391 1565; x_wconf 86' lang='grc' dir='ltr'>ἢ</span> <span class='ocrx_word' id='word_1_245' title='bbox 407 1530 452 1556; x_wconf 82' lang='grc' dir='ltr'>τὸν</span> <span class='ocrx_word' id='word_1_246' title='bbox 473 1529 532 1555; x_wconf 74' lang='grc' dir='ltr'><strong>Ίὼῧ</strong></span> <span class='ocrx_word' id='word_1_247' title='bbox 560 1530 725 1565; x_wconf 72' lang='grc' dir='ltr'>ἐζημίωσεν.</span> <span class='ocrx_word' id='word_1_248' title='bbox 747 1530 778 1555; x_wconf 84' lang='grc' dir='ltr'><strong>Εἰ</strong></span> <span class='ocrx_word' id='word_1_249' title='bbox 794 1530 822 1555; x_wconf 79' lang='grc' dir='ltr'>δὲ</span> <span class='ocrx_word' id='word_1_250' title='bbox 845 1530 869 1556; x_wconf 82' lang='grc' dir='ltr'>οἱ</span> <span class='ocrx_word' id='word_1_251' title='bbox 889 1529 963 1563; x_wconf 81' lang='grc' dir='ltr'>λόγοι</span> 
     </span>
    </p>
   </div>
   <div class='ocr_carea' id='block_1_34' title="bbox 168 1575 964 1612">
    <p class='ocr_par' dir='ltr' id='par_1_34' title="bbox 168 1575 964 1612">
     <span class='ocr_line' id='line_1_34' title="bbox 168 1575 964 1612; baseline -0.001 -10"><span class='ocrx_word' id='word_1_252' title='bbox 168 1576 215 1603; x_wconf 82' lang='grc' dir='ltr'><strong>τοῦ</strong></span> <span class='ocrx_word' id='word_1_253' title='bbox 227 1576 307 1608; x_wconf 85' lang='grc' dir='ltr'><strong>Θεοῦ,</strong></span> <span class='ocrx_word' id='word_1_254' title='bbox 325 1577 350 1603; x_wconf 73' lang='lat' dir='ltr'><strong>ot</strong></span> <span class='ocrx_word' id='word_1_255' title='bbox 374 1576 422 1612; x_wconf 80' lang='grc' dir='ltr'>τῆς</span> <span class='ocrx_word' id='word_1_256' title='bbox 441 1576 640 1611; x_wconf 74' lang='grc' dir='ltr'>δικαιοκρισίας</span> <span class='ocrx_word' id='word_1_257' title='bbox 657 1575 738 1601; x_wconf 71' lang='grc' dir='ltr'>αὑτοῦ</span> <span class='ocrx_word' id='word_1_258' title='bbox 767 1575 964 1611; x_wconf 73' lang='grc' dir='ltr'>ὺπομνηστικοὶ</span> 
     </span>
    </p>
   </div>
   <div class='ocr_carea' id='block_1_35' title="bbox 168 1621 963 1658">
    <p class='ocr_par' dir='ltr' id='par_1_35' title="bbox 168 1621 963 1658">
     <span class='ocr_line' id='line_1_35' title="bbox 168 1621 963 1658; baseline -0.003 -9"><span class='ocrx_word' id='word_1_259' title='bbox 168 1623 217 1649; x_wconf 67' lang='grc' dir='ltr'>καὶ</span> <span class='ocrx_word' id='word_1_260' title='bbox 232 1622 280 1658; x_wconf 76' lang='grc' dir='ltr'>τῆς</span> <span class='ocrx_word' id='word_1_261' title='bbox 309 1623 394 1658; x_wconf 78' lang='grc' dir='ltr'>ὀργῆς</span> <span class='ocrx_word' id='word_1_262' title='bbox 409 1622 457 1658; x_wconf 83' lang='grc' dir='ltr'>τῆς</span> <span class='ocrx_word' id='word_1_263' title='bbox 476 1624 532 1654; x_wconf 87' lang='grc' dir='ltr'>τοῖς</span> <span class='ocrx_word' id='word_1_264' title='bbox 547 1623 752 1658; x_wconf 76' lang='grc' dir='ltr'>ἁμαρτάνουσιν</span> <span class='ocrx_word' id='word_1_265' title='bbox 768 1621 963 1657; x_wconf 78' lang='grc' dir='ltr'>ἐπηρτημὲνης</span> 
     </span>
    </p>
   </div>
   <div class='ocr_carea' id='block_1_36' title="bbox 169 1668 962 1704">
    <p class='ocr_par' dir='ltr' id='par_1_36' title="bbox 169 1668 962 1704">
     <span class='ocr_line' id='line_1_36' title="bbox 169 1668 962 1704; baseline -0.003 -9"><span class='ocrx_word' id='word_1_266' title='bbox 169 1668 363 1700; x_wconf 73' lang='grc' dir='ltr'>διδασκαλικοὶ,</span> <span class='ocrx_word' id='word_1_267' title='bbox 388 1668 472 1704; x_wconf 84' lang='grc' dir='ltr'>βελῶν</span> <span class='ocrx_word' id='word_1_268' title='bbox 492 1670 560 1695; x_wconf 80' lang='grc' dir='ltr'>εἰσιν</span> <span class='ocrx_word' id='word_1_269' title='bbox 585 1668 719 1704; x_wconf 77' lang='grc' dir='ltr'>ὀξύτεροι,</span> <span class='ocrx_word' id='word_1_270' title='bbox 741 1668 790 1702; x_wconf 78' lang='grc' dir='ltr'>τὴν</span> <span class='ocrx_word' id='word_1_271' title='bbox 811 1668 962 1702; x_wconf 81' lang='grc' dir='ltr'>συνείδησιν</span> 
     </span>
    </p>
   </div>
   <div class='ocr_carea' id='block_1_37' title="bbox 171 1713 964 1749">
    <p class='ocr_par' dir='ltr' id='par_1_37' title="bbox 171 1713 964 1749">
     <span class='ocr_line' id='line_1_37' title="bbox 171 1713 964 1749; baseline -0.003 -8"><span class='ocrx_word' id='word_1_272' title='bbox 171 1714 311 1747; x_wconf 76' lang='grc' dir='ltr'>νύττοντες</span> <span class='ocrx_word' id='word_1_273' title='bbox 321 1723 328 1730; x_wconf 64' lang='grc'><strong><em>⁵</em></strong></span> <span class='ocrx_word' id='word_1_274' title='bbox 340 1715 388 1742; x_wconf 72' lang='grc' dir='ltr'>καὶ</span> <span class='ocrx_word' id='word_1_275' title='bbox 399 1714 486 1747; x_wconf 76' lang='grc' dir='ltr'>οὕτως</span> <span class='ocrx_word' id='word_1_276' title='bbox 498 1715 585 1746; x_wconf 78' lang='grc' dir='ltr'>εἴποις</span> <span class='ocrx_word' id='word_1_277' title='bbox 598 1715 630 1741; x_wconf 79' lang='grc' dir='ltr'>ἂν</span> <span class='ocrx_word' id='word_1_278' title='bbox 647 1714 692 1741; x_wconf 69' lang='grc' dir='ltr'><strong>τὸν</strong></span> <span class='ocrx_word' id='word_1_279' title='bbox 706 1713 797 1745; x_wconf 82' lang='grc' dir='ltr'>Δαυῖδ,</span> <span class='ocrx_word' id='word_1_280' title='bbox 810 1716 866 1746; x_wconf 84' lang='grc' dir='ltr'>τοῖς</span> <span class='ocrx_word' id='word_1_281' title='bbox 880 1714 964 1749; x_wconf 76' lang='grc' dir='ltr'>ἱεροῖς</span> 
     </span>
    </p>
   </div>
   <div class='ocr_carea' id='block_1_38' title="bbox 171 1760 963 1796">
    <p class='ocr_par' dir='ltr' id='par_1_38' title="bbox 171 1760 963 1796">
     <span class='ocr_line' id='line_1_38' title="bbox 171 1760 963 1796; baseline -0.001 -9"><span class='ocrx_word' id='word_1_282' title='bbox 171 1761 276 1793; x_wconf 77' lang='grc' dir='ltr'>τούτοις</span> <span class='ocrx_word' id='word_1_283' title='bbox 283 1761 328 1788; x_wconf 77' lang='grc' dir='ltr'>καὶ</span> <span class='ocrx_word' id='word_1_284' title='bbox 339 1761 422 1792; x_wconf 84' lang='grc' dir='ltr'>θείοις</span> <span class='ocrx_word' id='word_1_285' title='bbox 431 1761 518 1796; x_wconf 79' lang='grc' dir='ltr'>βέλεσι</span> <span class='ocrx_word' id='word_1_286' title='bbox 532 1761 625 1788; x_wconf 80' lang='grc' dir='ltr'>κεντού</span> <span class='ocrx_word' id='word_1_287' title='bbox 631 1770 722 1796; x_wconf 84' lang='grc' dir='ltr'>μενον,</span> <span class='ocrx_word' id='word_1_288' title='bbox 736 1760 855 1793; x_wconf 61' lang='grc' dir='ltr'>εὐλόγως</span> <span class='ocrx_word' id='word_1_289' title='bbox 865 1768 963 1795; x_wconf 82' lang='grc' dir='ltr'>παραι-</span> 
     </span>
    </p>
   </div>
   <div class='ocr_carea' id='block_1_39' title="bbox 170 1806 963 1843">
    <p class='ocr_par' dir='ltr' id='par_1_39' title="bbox 170 1806 963 1843">
     <span class='ocr_line' id='line_1_39' title="bbox 170 1806 963 1843; baseline -0.005 -8"><span class='ocrx_word' id='word_1_290' title='bbox 170 1808 275 1836; x_wconf 78' lang='grc' dir='ltr'>τεῖσθαι</span> <span class='ocrx_word' id='word_1_291' title='bbox 289 1808 334 1835; x_wconf 70' lang='grc' dir='ltr'><strong>τὸν</strong></span> <span class='ocrx_word' id='word_1_292' title='bbox 345 1808 390 1835; x_wconf 85' lang='grc' dir='ltr'><strong>διὰ</strong></span> <span class='ocrx_word' id='word_1_293' title='bbox 401 1807 447 1834; x_wconf 75' lang='grc' dir='ltr'>τοῦ</span> <span class='ocrx_word' id='word_1_294' title='bbox 460 1808 546 1843; x_wconf 80' lang='grc' dir='ltr'><strong>θυμοῦ</strong></span> <span class='ocrx_word' id='word_1_295' title='bbox 560 1807 679 1842; x_wconf 74' lang='grc' dir='ltr'>ἔλεγχον.</span> <span class='ocrx_word' id='word_1_296' title='bbox 696 1806 886 1842; x_wconf 74' lang='grc' dir='ltr'>Προσλαϐόντα</span> <span class='ocrx_word' id='word_1_297' title='bbox 899 1806 963 1841; x_wconf 72' lang='grc' dir='ltr'>γὰρ,</span> 
     </span>
    </p>
   </div>
   <div class='ocr_carea' id='block_1_40' title="bbox 170 1851 965 1889">
    <p class='ocr_par' dir='ltr' id='par_1_40' title="bbox 170 1851 965 1889">
     <span class='ocr_line' id='line_1_40' title="bbox 170 1851 965 1889; baseline -0.004 -9"><span class='ocrx_word' id='word_1_298' title='bbox 170 1855 248 1888; x_wconf 71' lang='grc' dir='ltr'>φησὶ,</span> <span class='ocrx_word' id='word_1_299' title='bbox 265 1854 316 1889; x_wconf 82' lang='grc' dir='ltr'>τὴν</span> <span class='ocrx_word' id='word_1_300' title='bbox 330 1854 414 1889; x_wconf 77' lang='grc' dir='ltr'>ὀργὴν</span> <span class='ocrx_word' id='word_1_301' title='bbox 428 1854 474 1880; x_wconf 65' lang='grc' dir='ltr'>καὶ</span> <span class='ocrx_word' id='word_1_302' title='bbox 488 1853 531 1879; x_wconf 71' lang='grc' dir='ltr'><strong>τὸν</strong></span> <span class='ocrx_word' id='word_1_303' title='bbox 549 1853 633 1888; x_wconf 76' lang='grc' dir='ltr'>θυμὸν</span> <span class='ocrx_word' id='word_1_304' title='bbox 651 1852 685 1878; x_wconf 76' lang='grc' dir='ltr'><strong>τὰ</strong></span> <span class='ocrx_word' id='word_1_305' title='bbox 704 1852 779 1888; x_wconf 75' lang='grc' dir='ltr'>παρὰ</span> <span class='ocrx_word' id='word_1_306' title='bbox 792 1851 838 1878; x_wconf 70' lang='grc' dir='ltr'>σοῦ</span> <span class='ocrx_word' id='word_1_307' title='bbox 855 1851 965 1877; x_wconf 81' lang='grc' dir='ltr'>καθικό-</span> 
     </span>
    </p>
   </div>
   <div class='ocr_carea' id='block_1_41' title="bbox 172 1900 1003 1937">
    <p class='ocr_par' dir='ltr' id='par_1_41' title="bbox 172 1900 1003 1937">
     <span class='ocr_line' id='line_1_41' title="bbox 172 1900 1003 1937; baseline -0.004 -9"><span class='ocrx_word' id='word_1_308' title='bbox 172 1902 241 1937; x_wconf 76' lang='grc' dir='ltr'>μενά,</span> <span class='ocrx_word' id='word_1_309' title='bbox 256 1910 301 1936; x_wconf 85' lang='grc' dir='ltr'><strong>μοι</strong></span> <span class='ocrx_word' id='word_1_310' title='bbox 320 1901 394 1936; x_wconf 79' lang='grc' dir='ltr'>βέλη,</span> <span class='ocrx_word' id='word_1_311' title='bbox 424 1901 522 1933; x_wconf 73' lang='grc' dir='ltr'>ἱκανῶς</span> <span class='ocrx_word' id='word_1_312' title='bbox 542 1910 574 1935; x_wconf 84' lang='grc' dir='ltr'><strong>με</strong></span> <span class='ocrx_word' id='word_1_313' title='bbox 594 1902 766 1936; x_wconf 65' lang='grc' dir='ltr'>τιμωρεῖται,</span> <span class='ocrx_word' id='word_1_314' title='bbox 792 1901 838 1926; x_wconf 74' lang='grc' dir='ltr'>καὶ</span> <span class='ocrx_word' id='word_1_315' title='bbox 859 1900 1003 1935; x_wconf 70' lang='grc' dir='ltr'>αὐτάρκως</span> 
     </span>
    </p>
   </div>
   <div class='ocr_carea' id='block_1_42' title="bbox 171 1948 502 1985">
    <p class='ocr_par' dir='ltr' id='par_1_42' title="bbox 171 1948 502 1985">
     <span class='ocr_line' id='line_1_42' title="bbox 171 1948 502 1985; baseline -0.006 -9"><span class='ocrx_word' id='word_1_316' title='bbox 171 1948 289 1985; x_wconf 71' lang='grc' dir='ltr'>ἑπαλλήλ</span> <span class='ocrx_word' id='word_1_317' title='bbox 294 1957 332 1975; x_wconf 91' lang='grc' dir='ltr'><strong>ων</strong></span> <span class='ocrx_word' id='word_1_318' title='bbox 347 1956 379 1974; x_wconf 91' lang='grc' dir='ltr'><strong>συ</strong></span> <span class='ocrx_word' id='word_1_319' title='bbox 384 1949 502 1984; x_wconf 74' lang='grc' dir='ltr'>μφορῷν.</span> 
     </span>
    </p>
   </div>
   <div class='ocr_carea' id='block_1_43' title="bbox 207 2004 966 2039">
    <p class='ocr_par' dir='ltr' id='par_1_43' title="bbox 207 2004 966 2039">
     <span class='ocr_line' id='line_1_43' title="bbox 207 2004 966 2039; baseline 0 -7"><span class='ocrx_word' id='word_1_320' title='bbox 207 2007 269 2032; x_wconf 82' lang='grc' dir='ltr'>οὐκ</span> <span class='ocrx_word' id='word_1_321' title='bbox 293 2006 378 2033; x_wconf 77' lang='grc' dir='ltr'><em>ἐστιν</em></span> <span class='ocrx_word' id='word_1_322' title='bbox 400 2006 481 2038; x_wconf 68' lang='lat' dir='ltr'><strong>loton;</strong></span> <span class='ocrx_word' id='word_1_323' title='bbox 508 2006 542 2031; x_wconf 84' lang='grc' dir='ltr'><strong>ἑν</strong></span> <span class='ocrx_word' id='word_1_324' title='bbox 560 2004 595 2039; x_wconf 76' lang='grc' dir='ltr'>τῇ</span> <span class='ocrx_word' id='word_1_325' title='bbox 613 2005 705 2038; x_wconf 71' lang='grc' dir='ltr'>σαρκί</span> <span class='ocrx_word' id='word_1_326' title='bbox 718 2014 776 2039; x_wconf 77' lang='grc' dir='ltr'><strong>μου</strong></span> <span class='ocrx_word' id='word_1_327' title='bbox 794 2005 854 2032; x_wconf 80' lang='grc' dir='ltr'><em>ἀπὸ</em></span> <span class='ocrx_word' id='word_1_328' title='bbox 877 2012 966 2038; x_wconf 73' lang='grc' dir='ltr'>προσ-</span> 
     </span>
    </p>
   </div>
   <div class='ocr_carea' id='block_1_44' title="bbox 170 2051 966 2088">
    <p class='ocr_par' dir='ltr' id='par_1_44' title="bbox 170 2051 966 2088">
     <span class='ocr_line' id='line_1_44' title="bbox 170 2051 966 2088; baseline -0.005 -7"><span class='ocrx_word' id='word_1_329' title='bbox 170 2055 252 2081; x_wconf 80' lang='grc' dir='ltr'>ώπου</span> <span class='ocrx_word' id='word_1_330' title='bbox 271 2053 327 2088; x_wconf 84' lang='grc' dir='ltr'><strong>τῆς</strong></span> <span class='ocrx_word' id='word_1_331' title='bbox 349 2053 441 2088; x_wconf 74' lang='grc' dir='ltr'>ὀργῆς</span> <span class='ocrx_word' id='word_1_332' title='bbox 466 2062 534 2085; x_wconf 80' lang='grc' dir='ltr'>σου,</span> <span class='ocrx_word' id='word_1_333' title='bbox 558 2054 613 2080; x_wconf 73' lang='grc' dir='ltr'>οὐκ</span> <span class='ocrx_word' id='word_1_334' title='bbox 632 2053 717 2079; x_wconf 79' lang='grc' dir='ltr'>ἔστιν</span> <span class='ocrx_word' id='word_1_335' title='bbox 736 2051 839 2086; x_wconf 71' lang='grc' dir='ltr'>εἰρήνη</span> <span class='ocrx_word' id='word_1_336' title='bbox 853 2053 887 2078; x_wconf 75' lang='grc' dir='ltr'>ἐν</span> <span class='ocrx_word' id='word_1_337' title='bbox 903 2051 966 2084; x_wconf 81' lang='grc' dir='ltr'>τοῖς</span> 
     </span>
    </p>
   </div>
   <div class='ocr_carea' id='block_1_45' title="bbox 171 2097 964 2134">
    <p class='ocr_par' dir='ltr' id='par_1_45' title="bbox 171 2097 964 2134">
     <span class='ocr_line' id='line_1_45' title="bbox 171 2097 964 2134; baseline -0.004 -7"><span class='ocrx_word' id='word_1_338' title='bbox 171 2100 290 2133; x_wconf 61' lang='grc' dir='ltr'>ὀστέοις</span> <span class='ocrx_word' id='word_1_339' title='bbox 303 2109 363 2134; x_wconf 76' lang='grc' dir='ltr'><strong>μου</strong></span> <span class='ocrx_word' id='word_1_340' title='bbox 385 2100 444 2127; x_wconf 82' lang='grc' dir='ltr'><strong>ἀπὸ</strong></span> <span class='ocrx_word' id='word_1_341' title='bbox 464 2099 625 2133; x_wconf 77' lang='grc' dir='ltr'>προσώπου</span> <span class='ocrx_word' id='word_1_342' title='bbox 652 2098 712 2125; x_wconf 81' lang='grc' dir='ltr'><strong>τῶν</strong></span> <span class='ocrx_word' id='word_1_343' title='bbox 732 2097 881 2133; x_wconf 58' lang='grc' dir='ltr'>ἁμαρτιῶν</span> <span class='ocrx_word' id='word_1_344' title='bbox 894 2107 964 2132; x_wconf 86' lang='grc' dir='ltr'>μου.</span> 
     </span>
    </p>
   </div>
   <div class='ocr_carea' id='block_1_46' title="bbox 171 2143 965 2183">
    <p class='ocr_par' dir='ltr' id='par_1_46' title="bbox 171 2143 965 2183">
     <span class='ocr_line' id='line_1_46' title="bbox 171 2143 965 2183; baseline -0.004 -10"><span class='ocrx_word' id='word_1_345' title='bbox 171 2146 228 2183; x_wconf 78' lang='grc' dir='ltr'><strong>Τὴν</strong></span> <span class='ocrx_word' id='word_1_346' title='bbox 243 2146 298 2182; x_wconf 72' lang='grc' dir='ltr'><strong>γὰρ</strong></span> <span class='ocrx_word' id='word_1_347' title='bbox 314 2146 402 2181; x_wconf 82' lang='grc' dir='ltr'>σάρκα</span> <span class='ocrx_word' id='word_1_348' title='bbox 416 2154 477 2180; x_wconf 88' lang='grc' dir='ltr'>μου,</span> <span class='ocrx_word' id='word_1_349' title='bbox 493 2145 526 2171; x_wconf 83' lang='grc' dir='ltr'><strong>δι’</strong></span> <span class='ocrx_word' id='word_1_350' title='bbox 539 2143 573 2180; x_wconf 78' lang='grc' dir='ltr'>ἧς</span> <span class='ocrx_word' id='word_1_351' title='bbox 585 2144 742 2180; x_wconf 76' lang='grc' dir='ltr'>πέπρακταί</span> <span class='ocrx_word' id='word_1_352' title='bbox 756 2154 800 2179; x_wconf 86' lang='grc' dir='ltr'><strong>μοι</strong></span> <span class='ocrx_word' id='word_1_353' title='bbox 819 2145 849 2170; x_wconf 81' lang='grc' dir='ltr'>τὸ</span> <span class='ocrx_word' id='word_1_354' title='bbox 874 2145 965 2179; x_wconf 81' lang='grc' dir='ltr'>ἁμάρ-</span> 
     </span>
    </p>
   </div>
   <div class='ocr_carea' id='block_1_47' title="bbox 171 2191 965 2228">
    <p class='ocr_par' dir='ltr' id='par_1_47' title="bbox 171 2191 965 2228">
     <span class='ocr_line' id='line_1_47' title="bbox 171 2191 965 2228; baseline -0.003 -9"><span class='ocrx_word' id='word_1_355' title='bbox 171 2201 259 2228; x_wconf 81' lang='grc' dir='ltr'>τημα,</span> <span class='ocrx_word' id='word_1_356' title='bbox 280 2192 407 2219; x_wconf 77' lang='grc' dir='ltr'>κολάσεσι</span> <span class='ocrx_word' id='word_1_357' title='bbox 435 2191 581 2226; x_wconf 75' lang='grc' dir='ltr'>παρέδωκα</span> <span class='ocrx_word' id='word_1_358' title='bbox 603 2191 809 2226; x_wconf 77' lang='grc' dir='ltr'>τιμωρούμενος</span> <span class='ocrx_word' id='word_1_359' title='bbox 837 2192 965 2226; x_wconf 77' lang='grc' dir='ltr'>ἐμαυτόν.</span> 
     </span>
    </p>
   </div>
   <div class='ocr_carea' id='block_1_48' title="bbox 171 2238 968 2274">
    <p class='ocr_par' dir='ltr' id='par_1_48' title="bbox 171 2238 968 2274">
     <span class='ocr_line' id='line_1_48' title="bbox 171 2238 968 2274; baseline -0.001 -9"><span class='ocrx_word' id='word_1_360' title='bbox 171 2238 260 2265; x_wconf 82' lang='grc' dir='ltr'>Τοῦτο</span> <span class='ocrx_word' id='word_1_361' title='bbox 270 2238 324 2274; x_wconf 86' lang='grc' dir='ltr'><strong>γὰρ</strong></span> <span class='ocrx_word' id='word_1_362' title='bbox 337 2238 384 2264; x_wconf 68' lang='grc' dir='ltr'><strong>καὶ</strong></span> <span class='ocrx_word' id='word_1_363' title='bbox 400 2238 493 2273; x_wconf 77' lang='grc' dir='ltr'>ἐδήλου</span> <span class='ocrx_word' id='word_1_364' title='bbox 507 2238 539 2264; x_wconf 79' lang='grc' dir='ltr'><strong>δι’</strong></span> <span class='ocrx_word' id='word_1_365' title='bbox 552 2238 652 2274; x_wconf 78' lang='grc' dir='ltr'>ἐτέρων</span> <span class='ocrx_word' id='word_1_366' title='bbox 663 2238 764 2272; x_wconf 77' lang='grc' dir='ltr'>λέγων·</span> <span class='ocrx_word' id='word_1_367' title='bbox 784 2238 837 2264; x_wconf 70' lang='grc' dir='ltr'>Καὶ</span> <span class='ocrx_word' id='word_1_368' title='bbox 853 2239 968 2264; x_wconf 76' lang='grc' dir='ltr'>ἐταπεί-</span> 
     </span>
    </p>
   </div>
   <div class='ocr_carea' id='block_1_49' title="bbox 172 2283 968 2319">
    <p class='ocr_par' dir='ltr' id='par_1_49' title="bbox 172 2283 968 2319">
     <span class='ocr_line' id='line_1_49' title="bbox 172 2283 968 2319; baseline -0.005 -6"><span class='ocrx_word' id='word_1_369' title='bbox 172 2294 249 2313; x_wconf 84' lang='grc' dir='ltr'>νουν</span> <span class='ocrx_word' id='word_1_370' title='bbox 259 2285 294 2311; x_wconf 80' lang='grc' dir='ltr'><strong>ἐν</strong></span> <span class='ocrx_word' id='word_1_371' title='bbox 304 2284 428 2317; x_wconf 72' lang='grc' dir='ltr'>νηστείᾳ</span> <span class='ocrx_word' id='word_1_372' title='bbox 441 2283 498 2317; x_wconf 81' lang='grc' dir='ltr'><strong>τὴν</strong></span> <span class='ocrx_word' id='word_1_373' title='bbox 509 2283 613 2317; x_wconf 68' lang='grc' dir='ltr'><strong>ψυχήν</strong></span> <span class='ocrx_word' id='word_1_374' title='bbox 622 2293 691 2318; x_wconf 81' lang='grc' dir='ltr'>μου·</span> <span class='ocrx_word' id='word_1_375' title='bbox 708 2284 764 2315; x_wconf 68' lang='grc' dir='ltr'>καὶ,</span> <span class='ocrx_word' id='word_1_376' title='bbox 773 2285 807 2310; x_wconf 85' lang='lat' dir='ltr'><strong>&#39;H</strong></span> <span class='ocrx_word' id='word_1_377' title='bbox 819 2283 898 2317; x_wconf 71' lang='grc' dir='ltr'>σάρξ</span> <span class='ocrx_word' id='word_1_378' title='bbox 909 2293 968 2319; x_wconf 81' lang='grc' dir='ltr'>μου</span> 
     </span>
    </p>
   </div>
   <div class='ocr_carea' id='block_1_50' title="bbox 172 2330 970 2366">
    <p class='ocr_par' dir='ltr' id='par_1_50' title="bbox 172 2330 970 2366">
     <span class='ocr_line' id='line_1_50' title="bbox 172 2330 970 2366; baseline -0.003 -7"><span class='ocrx_word' id='word_1_379' title='bbox 172 2331 322 2366; x_wconf 73' lang='grc' dir='ltr'>ἠλλοιώθη</span> <span class='ocrx_word' id='word_1_380' title='bbox 331 2330 366 2357; x_wconf 76' lang='grc' dir='ltr'><strong>δι’</strong></span> <span class='ocrx_word' id='word_1_381' title='bbox 378 2330 491 2357; x_wconf 60' lang='lat' dir='ltr'><strong>Aleum&quot;</strong></span> <span class='ocrx_word' id='word_1_382' title='bbox 506 2331 564 2362; x_wconf 71' lang='grc' dir='ltr'>καὶ,</span> <span class='ocrx_word' id='word_1_383' title='bbox 575 2331 778 2364; x_wconf 73' lang='grc' dir='ltr'>Ἐπελιιθόμην</span> <span class='ocrx_word' id='word_1_384' title='bbox 794 2331 847 2357; x_wconf 83' lang='grc' dir='ltr'>τοῦ</span> <span class='ocrx_word' id='word_1_385' title='bbox 864 2331 970 2366; x_wconf 55' lang='grc' dir='ltr'>φαγεῖν</span> 
     </span>
    </p>
   </div>
   <div class='ocr_carea' id='block_1_51' title="bbox 173 2376 969 2412">
    <p class='ocr_par' dir='ltr' id='par_1_51' title="bbox 173 2376 969 2412">
     <span class='ocr_line' id='line_1_51' title="bbox 173 2376 969 2412; baseline -0.005 -7"><span class='ocrx_word' id='word_1_386' title='bbox 173 2377 323 2412; x_wconf 74' lang='grc' dir='ltr'>τὸγᾱρτον</span> <span class='ocrx_word' id='word_1_387' title='bbox 330 2386 389 2412; x_wconf 81' lang='grc' dir='ltr'><strong>μου</strong></span> <span class='ocrx_word' id='word_1_388' title='bbox 403 2377 460 2404; x_wconf 74' lang='grc' dir='ltr'><strong>ἀπὸ</strong></span> <span class='ocrx_word' id='word_1_389' title='bbox 475 2376 638 2410; x_wconf 77' lang='grc' dir='ltr'>προσώπου</span> <span class='ocrx_word' id='word_1_390' title='bbox 653 2376 706 2403; x_wconf 86' lang='grc' dir='ltr'>τοῦ</span> <span class='ocrx_word' id='word_1_391' title='bbox 722 2377 890 2411; x_wconf 72' lang='grc' dir='ltr'>στεναγμοῦ</span> <span class='ocrx_word' id='word_1_392' title='bbox 898 2386 969 2412; x_wconf 79' lang='grc' dir='ltr'>μου,</span> 
     </span>
    </p>
   </div>
   <div class='ocr_carea' id='block_1_52' title="bbox 174 2421 971 2458">
    <p class='ocr_par' dir='ltr' id='par_1_52' title="bbox 174 2421 971 2458">
     <span class='ocr_line' id='line_1_52' title="bbox 174 2421 971 2458; baseline -0.001 -8"><span class='ocrx_word' id='word_1_393' title='bbox 174 2424 221 2450; x_wconf 73' lang='grc' dir='ltr'>καὶ</span> <span class='ocrx_word' id='word_1_394' title='bbox 245 2423 296 2449; x_wconf 81' lang='grc' dir='ltr'>ὅσα</span> <span class='ocrx_word' id='word_1_395' title='bbox 321 2421 444 2449; x_wconf 82' lang='grc' dir='ltr'>τοιαῦτα.</span> <span class='ocrx_word' id='word_1_396' title='bbox 473 2422 545 2448; x_wconf 79' lang='grc' dir='ltr'>Ἀντὶ</span> <span class='ocrx_word' id='word_1_397' title='bbox 566 2422 594 2448; x_wconf 81' lang='grc' dir='ltr'>δὲ</span> <span class='ocrx_word' id='word_1_398' title='bbox 621 2422 674 2455; x_wconf 82' lang='grc' dir='ltr'><strong>τῆς</strong></span> <span class='ocrx_word' id='word_1_399' title='bbox 694 2421 793 2456; x_wconf 60' lang='grc' dir='ltr'>βίη-ἦς,</span> <span class='ocrx_word' id='word_1_400' title='bbox 819 2422 971 2458; x_wconf 64' lang='grc' dir='ltr'>συμφώνως</span> 
     </span>
    </p>
   </div>
   <div class='ocr_carea' id='block_1_53' title="bbox 180 2467 970 2503">
    <p class='ocr_par' dir='ltr' id='par_1_53' title="bbox 180 2467 970 2503">
     <span class='ocr_line' id='line_1_53' title="bbox 180 2467 970 2503; baseline -0.001 -8"><span class='ocrx_word' id='word_1_401' title='bbox 180 2468 297 2501; x_wconf 82' lang='grc' dir='ltr'>’Δκύλας</span> <span class='ocrx_word' id='word_1_402' title='bbox 322 2468 369 2495; x_wconf 70' lang='grc' dir='ltr'>καὶ</span> <span class='ocrx_word' id='word_1_403' title='bbox 394 2469 408 2494; x_wconf 85' lang='grc' dir='ltr'>ὁ</span> <span class='ocrx_word' id='word_1_404' title='bbox 437 2467 594 2503; x_wconf 80' lang='grc' dir='ltr'>Σύμμαχος,</span> <span class='ocrx_word' id='word_1_405' title='bbox 634 2468 700 2494; x_wconf 76' lang='grc' dir='ltr'><strong>Ἀπὸ</strong></span> <span class='ocrx_word' id='word_1_406' title='bbox 727 2468 891 2502; x_wconf 71' lang='grc' dir='ltr'><strong>προσώπου</strong></span> <span class='ocrx_word' id='word_1_407' title='bbox 915 2468 970 2502; x_wconf 84' lang='grc' dir='ltr'><strong>τῆς</strong></span> 
     </span>
    </p>
   </div>
   <div class='ocr_carea' id='block_1_54' title="bbox 175 2514 969 2550">
    <p class='ocr_par' dir='ltr' id='par_1_54' title="bbox 175 2514 969 2550">
     <span class='ocr_line' id='line_1_54' title="bbox 175 2514 969 2550; baseline -0.003 -8"><span class='ocrx_word' id='word_1_408' title='bbox 175 2514 377 2550; x_wconf 73' lang='grc' dir='ltr'>ἐμϐριμήσεώς</span> <span class='ocrx_word' id='word_1_409' title='bbox 403 2523 471 2547; x_wconf 87' lang='grc' dir='ltr'>σου,</span> <span class='ocrx_word' id='word_1_410' title='bbox 496 2515 684 2550; x_wconf 85' lang='grc' dir='ltr'>ἡρμήνευσαν.</span> <span class='ocrx_word' id='word_1_411' title='bbox 705 2514 837 2549; x_wconf 80' lang='grc' dir='ltr'>’Λπήρκει</span> <span class='ocrx_word' id='word_1_412' title='bbox 852 2514 906 2549; x_wconf 78' lang='grc' dir='ltr'>γάρ</span> <span class='ocrx_word' id='word_1_413' title='bbox 925 2523 969 2549; x_wconf 80' lang='grc' dir='ltr'><strong>μοι</strong></span> 
     </span>
    </p>
   </div>
   <div class='ocr_carea' id='block_1_55' title="bbox 176 2560 969 2596">
    <p class='ocr_par' dir='ltr' id='par_1_55' title="bbox 176 2560 969 2596">
     <span class='ocr_line' id='line_1_55' title="bbox 176 2560 969 2596; baseline -0.001 -9"><span class='ocrx_word' id='word_1_414' title='bbox 176 2562 193 2596; x_wconf 82' lang='grc' dir='ltr'><strong>ή</strong></span> <span class='ocrx_word' id='word_1_415' title='bbox 208 2561 263 2588; x_wconf 73' lang='grc' dir='ltr'><strong>ἀπὸ</strong></span> <span class='ocrx_word' id='word_1_416' title='bbox 272 2561 326 2587; x_wconf 80' lang='grc' dir='ltr'>τῶν</span> <span class='ocrx_word' id='word_1_417' title='bbox 342 2560 396 2587; x_wconf 86' lang='grc' dir='ltr'>σῶν</span> <span class='ocrx_word' id='word_1_418' title='bbox 413 2561 492 2587; x_wconf 89' lang='grc' dir='ltr'>θείων</span> <span class='ocrx_word' id='word_1_419' title='bbox 508 2560 624 2596; x_wconf 70' lang='grc' dir='ltr'>Γραφῷν</span> <span class='ocrx_word' id='word_1_420' title='bbox 640 2560 818 2595; x_wconf 74' lang='grc' dir='ltr'>ὲμϐρίμησις,</span> <span class='ocrx_word' id='word_1_421' title='bbox 834 2561 880 2587; x_wconf 76' lang='grc' dir='ltr'>καὶ</span> <span class='ocrx_word' id='word_1_422' title='bbox 895 2561 911 2595; x_wconf 83' lang='grc' dir='ltr'>ἡ</span> <span class='ocrx_word' id='word_1_423' title='bbox 925 2560 969 2586; x_wconf 74' lang='grc' dir='ltr'><strong>διὰ</strong></span> 
     </span>
    </p>
   </div>
   <div class='ocr_carea' id='block_1_56' title="bbox 175 2606 969 2643">
    <p class='ocr_par' dir='ltr' id='par_1_56' title="bbox 175 2606 969 2643">
     <span class='ocr_line' id='line_1_56' title="bbox 175 2606 969 2643; baseline -0.001 -10"><span class='ocrx_word' id='word_1_424' title='bbox 175 2606 224 2633; x_wconf 81' lang='grc' dir='ltr'>τοῦ</span> <span class='ocrx_word' id='word_1_425' title='bbox 243 2606 390 2643; x_wconf 82' lang='grc' dir='ltr'>προσώπου</span> <span class='ocrx_word' id='word_1_426' title='bbox 418 2606 512 2633; x_wconf 74' lang='grc' dir='ltr'>Ναθὰν</span> <span class='ocrx_word' id='word_1_427' title='bbox 537 2606 648 2642; x_wconf 76' lang='grc' dir='ltr'>ἀπειλή.</span> <span class='ocrx_word' id='word_1_428' title='bbox 671 2607 744 2632; x_wconf 73' lang='grc' dir='ltr'>’Λντὶ</span> <span class='ocrx_word' id='word_1_429' title='bbox 758 2606 786 2632; x_wconf 79' lang='grc' dir='ltr'>δῖε</span> <span class='ocrx_word' id='word_1_430' title='bbox 800 2606 847 2632; x_wconf 74' lang='grc' dir='ltr'>τοῦ</span> <span class='ocrx_word' id='word_1_431' title='bbox 863 2615 869 2621; x_wconf 84' lang='lat'>&#39;</span> <span class='ocrx_word' id='word_1_432' title='bbox 902 2606 969 2633; x_wconf 77' lang='grc' dir='ltr'><strong>Ἀπὸ</strong></span> 
     </span>
    </p>
   </div>
   <div class='ocr_carea' id='block_1_57' title="bbox 177 2651 969 2688">
    <p class='ocr_par' dir='ltr' id='par_1_57' title="bbox 177 2651 969 2688">
     <span class='ocr_line' id='line_1_57' title="bbox 177 2651 969 2688; baseline 0 -10"><span class='ocrx_word' id='word_1_433' title='bbox 177 2652 338 2686; x_wconf 80' lang='grc' dir='ltr'>προσώπου</span> <span class='ocrx_word' id='word_1_434' title='bbox 354 2651 413 2678; x_wconf 72' lang='grc' dir='ltr'><strong>τῶν</strong></span> <span class='ocrx_word' id='word_1_435' title='bbox 430 2652 579 2686; x_wconf 78' lang='grc' dir='ltr'>ἁμαρτιῶν</span> <span class='ocrx_word' id='word_1_436' title='bbox 598 2661 668 2687; x_wconf 82' lang='grc' dir='ltr'>μου,</span> <span class='ocrx_word' id='word_1_437' title='bbox 684 2653 698 2678; x_wconf 76' lang='grc' dir='ltr'>ὁ</span> <span class='ocrx_word' id='word_1_438' title='bbox 711 2652 858 2687; x_wconf 76' lang='grc' dir='ltr'>Σύμμαχος</span> <span class='ocrx_word' id='word_1_439' title='bbox 877 2652 969 2688; x_wconf 82' lang='grc' dir='ltr'>ἡρμή-</span> 
     </span>
    </p>
   </div>
   <div class='ocr_carea' id='block_1_58' title="bbox 177 2697 971 2732">
    <p class='ocr_par' dir='ltr' id='par_1_58' title="bbox 177 2697 971 2732">
     <span class='ocr_line' id='line_1_58' title="bbox 177 2697 971 2732; baseline -0.001 -8"><span class='ocrx_word' id='word_1_440' title='bbox 177 2705 264 2730; x_wconf 83' lang='grc' dir='ltr'>νευσε,</span> <span class='ocrx_word' id='word_1_441' title='bbox 296 2697 347 2724; x_wconf 87' lang='grc' dir='ltr'><strong>Διὰ</strong></span> <span class='ocrx_word' id='word_1_442' title='bbox 362 2698 416 2731; x_wconf 82' lang='grc' dir='ltr'>τὰς</span> <span class='ocrx_word' id='word_1_443' title='bbox 442 2698 584 2732; x_wconf 76' lang='grc' dir='ltr'>ἁμαρτίας</span> <span class='ocrx_word' id='word_1_444' title='bbox 612 2706 677 2731; x_wconf 82' lang='grc' dir='ltr'>μου.</span> <span class='ocrx_word' id='word_1_445' title='bbox 709 2698 824 2724; x_wconf 75' lang='grc' dir='ltr'>Ἄτοπον</span> <span class='ocrx_word' id='word_1_446' title='bbox 849 2698 876 2724; x_wconf 81' lang='grc' dir='ltr'>δὲ</span> <span class='ocrx_word' id='word_1_447' title='bbox 895 2697 971 2723; x_wconf 66' lang='grc' dir='ltr'>οὐδὲν</span> 
     </span>
    </p>
   </div>
   <div class='ocr_carea' id='block_1_59' title="bbox 177 2744 970 2780">
    <p class='ocr_par' dir='ltr' id='par_1_59' title="bbox 177 2744 970 2780">
     <span class='ocr_line' id='line_1_59' title="bbox 177 2744 970 2780; baseline -0.001 -10"><span class='ocrx_word' id='word_1_448' title='bbox 177 2744 244 2770; x_wconf 79' lang='grc' dir='ltr'>ὀστᾶ</span> <span class='ocrx_word' id='word_1_449' title='bbox 254 2744 317 2776; x_wconf 76' lang='grc' dir='ltr'>τοὺς</span> <span class='ocrx_word' id='word_1_450' title='bbox 329 2745 446 2776; x_wconf 78' lang='grc' dir='ltr'>οἰκείους</span> <span class='ocrx_word' id='word_1_451' title='bbox 458 2745 614 2771; x_wconf 75' lang='grc' dir='ltr'>ἀποκαλεῖν.</span> <span class='ocrx_word' id='word_1_452' title='bbox 632 2745 663 2771; x_wconf 81' lang='grc' dir='ltr'><strong>Εἰ</strong></span> <span class='ocrx_word' id='word_1_453' title='bbox 679 2744 732 2780; x_wconf 81' lang='grc' dir='ltr'>γάρ</span> <span class='ocrx_word' id='word_1_454' title='bbox 746 2745 830 2780; x_wconf 81' lang='grc' dir='ltr'>ἐσμεν</span> <span class='ocrx_word' id='word_1_455' title='bbox 848 2744 970 2780; x_wconf 81' lang='grc' dir='ltr'>ἀλλήλων</span> 
     </span>
    </p>
   </div>
   <div class='ocr_carea' id='block_1_60' title="bbox 180 2789 970 2826">
    <p class='ocr_par' dir='ltr' id='par_1_60' title="bbox 180 2789 970 2826">
     <span class='ocr_line' id='line_1_60' title="bbox 180 2789 970 2826; baseline -0.003 -9"><span class='ocrx_word' id='word_1_456' title='bbox 180 2789 258 2825; x_wconf 73' lang='grc' dir='ltr'>μέλη,</span> <span class='ocrx_word' id='word_1_457' title='bbox 272 2790 319 2817; x_wconf 75' lang='grc' dir='ltr'>καὶ</span> <span class='ocrx_word' id='word_1_458' title='bbox 335 2790 373 2822; x_wconf 84' lang='grc' dir='ltr'>ὠς</span> <span class='ocrx_word' id='word_1_459' title='bbox 389 2790 429 2817; x_wconf 71' lang='grc' dir='ltr'><strong>ἑνὶ</strong></span> <span class='ocrx_word' id='word_1_460' title='bbox 451 2791 551 2822; x_wconf 73' lang='grc' dir='ltr'>πάντες</span> <span class='ocrx_word' id='word_1_461' title='bbox 570 2790 801 2826; x_wconf 79' lang='grc' dir='ltr'>κατελογίσθημεν</span> <span class='ocrx_word' id='word_1_462' title='bbox 823 2790 928 2826; x_wconf 80' lang='grc' dir='ltr'>σώματι</span> <span class='ocrx_word' id='word_1_463' title='bbox 941 2789 970 2815; x_wconf 74' lang='grc' dir='ltr'>τὸ</span> 
     </span>
    </p>
   </div>
   <div class='ocr_carea' id='block_1_61' title="bbox 215 2882 405 2914">
    <p class='ocr_par' dir='ltr' id='par_1_61' title="bbox 215 2882 405 2914">
     <span class='ocr_line' id='line_1_61' title="bbox 215 2882 405 2914; baseline -0.005 -5"><span class='ocrx_word' id='word_1_464' title='bbox 215 2882 237 2898; x_wconf 82' lang='grc'><strong>⁸⁸</strong></span> <span class='ocrx_word' id='word_1_465' title='bbox 256 2882 310 2910; x_wconf 83' lang='lat' dir='ltr'><strong>Job</strong></span> <span class='ocrx_word' id='word_1_466' title='bbox 327 2890 361 2914; x_wconf 89' lang='grc' dir='ltr'><strong>ιι,</strong></span> <span class='ocrx_word' id='word_1_467' title='bbox 380 2882 405 2908; x_wconf 62' lang='grc' dir='ltr'><strong>εἰ.</strong></span> 
     </span>
    </p>
   </div>
   <div class='ocr_carea' id='block_1_62' title="bbox 181 2915 720 2950">
    <p class='ocr_par' dir='ltr' id='par_1_62' title="bbox 181 2915 720 2950">
     <span class='ocr_line' id='line_1_62' title="bbox 181 2915 720 2950; baseline 0.002 -6"><span class='ocrx_word' id='word_1_468' title='bbox 181 2915 204 2934; x_wconf 78' lang='grc'><strong>⁸³</strong></span> <span class='ocrx_word' id='word_1_469' title='bbox 224 2916 297 2945; x_wconf 86' lang='lat' dir='ltr'><strong>Psal.</strong></span> <span class='ocrx_word' id='word_1_470' title='bbox 315 2925 398 2948; x_wconf 77' lang='lat' dir='ltr'><strong>cvm.</strong></span> <span class='ocrx_word' id='word_1_471' title='bbox 417 2918 461 2946; x_wconf 69' lang='grc'><strong>24.</strong></span> <span class='ocrx_word' id='word_1_472' title='bbox 499 2915 527 2935; x_wconf 65' lang='grc' dir='ltr'><strong>ἐ’</strong></span> <span class='ocrx_word' id='word_1_473' title='bbox 542 2918 615 2946; x_wconf 76' lang='grc' dir='ltr'>Ριιίιι.</span> <span class='ocrx_word' id='word_1_474' title='bbox 631 2925 673 2950; x_wconf 69' lang='grc' dir='ltr'><strong>οι,</strong></span> 
     </span>
    </p>
   </div>
   <div class='ocr_carea' id='block_1_63' title="bbox 455 2877 1314 2923">
    <p class='ocr_par' dir='ltr' id='par_1_63' title="bbox 455 2877 1314 2923">
     <span class='ocr_line' id='line_1_63' title="bbox 455 2877 1314 2923; baseline -0.003 -14"><span class='ocrx_word' id='word_1_475' title='bbox 455 2883 477 2899; x_wconf 70' lang='grc'><strong>³⁸</strong></span> <span class='ocrx_word' id='word_1_476' title='bbox 498 2882 604 2923; x_wconf 40' lang='lat' dir='ltr'><strong>lippos:</strong></span> <span class='ocrx_word' id='word_1_477' title='bbox 627 2889 669 2913; x_wconf 74' lang='grc' dir='ltr'><strong>ιι,</strong></span> <span class='ocrx_word' id='word_1_478' title='bbox 785 2883 806 2899; x_wconf 83' lang='grc'><strong>⁸⁷</strong></span> <span class='ocrx_word' id='word_1_479' title='bbox 827 2882 877 2910; x_wconf 78' lang='lat' dir='ltr'><strong>Job</strong></span> <span class='ocrx_word' id='word_1_480' title='bbox 893 2891 936 2915; x_wconf 77' lang='lat' dir='ltr'><strong>vr,</strong></span> <span class='ocrx_word' id='word_1_481' title='bbox 965 2877 1002 2910; x_wconf 67' lang='lat' dir='ltr'><strong>li.‘</strong></span> <span class='ocrx_word' id='word_1_482' title='bbox 1030 2882 1052 2898; x_wconf 80' lang='lat'><strong>&quot;</strong></span> <span class='ocrx_word' id='word_1_483' title='bbox 1071 2881 1144 2910; x_wconf 88' lang='lat' dir='ltr'><strong>Psal.</strong></span> <span class='ocrx_word' id='word_1_484' title='bbox 1175 2886 1257 2913; x_wconf 75' lang='lat' dir='ltr'><strong>xxix,</strong></span> <span class='ocrx_word' id='word_1_485' title='bbox 1287 2878 1314 2906; x_wconf 88' lang='lat'><strong>7.</strong></span> 
     </span>
    </p>
   </div>
   <div class='ocr_carea' id='block_1_64' title="bbox 1008 282 1796 322">
    <p class='ocr_par' dir='ltr' id='par_1_64' title="bbox 1008 282 1796 322">
     <span class='ocr_line' id='line_1_64' title="bbox 1008 282 1796 322; baseline -0.006 -8"><span class='ocrx_word' id='word_1_486' title='bbox 1008 290 1042 314; x_wconf 66' lang='lat' dir='ltr'><strong>tat</strong></span> <span class='ocrx_word' id='word_1_487' title='bbox 1056 293 1117 322; x_wconf 69' lang='lat' dir='ltr'><strong>qua:</strong></span> <span class='ocrx_word' id='word_1_488' title='bbox 1134 293 1247 313; x_wconf 83' lang='lat' dir='ltr'><strong>carnem</strong></span> <span class='ocrx_word' id='word_1_489' title='bbox 1265 288 1294 312; x_wconf 90' lang='lat' dir='ltr'><strong>et</strong></span> <span class='ocrx_word' id='word_1_490' title='bbox 1307 292 1440 319; x_wconf 85' lang='lat' dir='ltr'><strong>corporea</strong></span> <span class='ocrx_word' id='word_1_491' title='bbox 1454 284 1514 319; x_wconf 86' lang='lat' dir='ltr'><strong>ejus</strong></span> <span class='ocrx_word' id='word_1_492' title='bbox 1537 283 1709 319; x_wconf 84' lang='lat' dir='ltr'><strong>attingebant</strong></span> <span class='ocrx_word' id='word_1_493' title='bbox 1726 291 1732 310; x_wconf 93' lang='lat'>:</span> <span class='ocrx_word' id='word_1_494' title='bbox 1750 282 1796 309; x_wconf 87' lang='lat' dir='ltr'><strong>hic</strong></span> 
     </span>
    </p>
   </div>
   <div class='ocr_carea' id='block_1_65' title="bbox 1007 328 1796 367">
    <p class='ocr_par' dir='ltr' id='par_1_65' title="bbox 1007 328 1796 367">
     <span class='ocr_line' id='line_1_65' title="bbox 1007 328 1796 367; baseline -0.006 -7"><span class='ocrx_word' id='word_1_495' title='bbox 1007 336 1098 360; x_wconf 88' lang='lat' dir='ltr'><strong>autem</strong></span> <span class='ocrx_word' id='word_1_496' title='bbox 1120 332 1185 367; x_wconf 90' lang='lat' dir='ltr'><strong>quia</strong></span> <span class='ocrx_word' id='word_1_497' title='bbox 1214 329 1300 358; x_wconf 84' lang='lat' dir='ltr'><strong>David</strong></span> <span class='ocrx_word' id='word_1_498' title='bbox 1328 329 1418 357; x_wconf 87' lang='lat' dir='ltr'><strong>anima</strong></span> <span class='ocrx_word' id='word_1_499' title='bbox 1433 329 1592 365; x_wconf 68' lang='lat' dir='ltr'><strong>aegrotabat.</strong></span> <span class='ocrx_word' id='word_1_500' title='bbox 1608 337 1639 357; x_wconf 87' lang='lat' dir='ltr'><strong>se</strong></span> <span class='ocrx_word' id='word_1_501' title='bbox 1654 328 1721 357; x_wconf 80' lang='lat' dir='ltr'><strong>aliis</strong></span> <span class='ocrx_word' id='word_1_502' title='bbox 1730 335 1796 356; x_wconf 80' lang='lat' dir='ltr'><strong>con-</strong></span> 
     </span>
    </p>
   </div>
   <div class='ocr_carea' id='block_1_66' title="bbox 1007 375 1796 413">
    <p class='ocr_par' dir='ltr' id='par_1_66' title="bbox 1007 375 1796 413">
     <span class='ocr_line' id='line_1_66' title="bbox 1007 375 1796 413; baseline -0.006 -6"><span class='ocrx_word' id='word_1_503' title='bbox 1007 378 1111 407; x_wconf 83' lang='lat' dir='ltr'><strong>fossum</strong></span> <span class='ocrx_word' id='word_1_504' title='bbox 1142 378 1217 412; x_wconf 83' lang='lat' dir='ltr'><strong>telis,</strong></span> <span class='ocrx_word' id='word_1_505' title='bbox 1247 377 1384 413; x_wconf 81' lang='lat' dir='ltr'><strong>aliamque</strong></span> <span class='ocrx_word' id='word_1_506' title='bbox 1411 383 1522 404; x_wconf 86' lang='lat' dir='ltr'><strong>manum</strong></span> <span class='ocrx_word' id='word_1_507' title='bbox 1551 375 1599 404; x_wconf 84' lang='lat' dir='ltr'><strong>Dei</strong></span> <span class='ocrx_word' id='word_1_508' title='bbox 1622 384 1652 404; x_wconf 85' lang='lat' dir='ltr'><strong>se</strong></span> <span class='ocrx_word' id='word_1_509' title='bbox 1672 375 1796 411; x_wconf 73' lang='lat' dir='ltr'><strong>tetigisse</strong></span> 
     </span>
    </p>
   </div>
   <div class='ocr_carea' id='block_1_67' title="bbox 1007 420 1797 461">
    <p class='ocr_par' dir='ltr' id='par_1_67' title="bbox 1007 420 1797 461">
     <span class='ocr_line' id='line_1_67' title="bbox 1007 420 1797 461; baseline -0.006 -9"><span class='ocrx_word' id='word_1_510' title='bbox 1007 424 1152 461; x_wconf 81' lang='lat' dir='ltr'><strong>significat,</strong></span> <span class='ocrx_word' id='word_1_511' title='bbox 1165 425 1203 451; x_wconf 88' lang='lat' dir='ltr'><strong>uti</strong></span> <span class='ocrx_word' id='word_1_512' title='bbox 1221 424 1348 459; x_wconf 84' lang='lat' dir='ltr'><strong>superius</strong></span> <span class='ocrx_word' id='word_1_513' title='bbox 1358 423 1489 455; x_wconf 85' lang='lat' dir='ltr'><strong>diximus,</strong></span> <span class='ocrx_word' id='word_1_514' title='bbox 1505 423 1633 449; x_wconf 89' lang='lat' dir='ltr'><strong>nimirum</strong></span> <span class='ocrx_word' id='word_1_515' title='bbox 1650 420 1797 448; x_wconf 83' lang='lat' dir='ltr'><strong>rationabi-</strong></span> 
     </span>
    </p>
   </div>
   <div class='ocr_carea' id='block_1_68' title="bbox 1007 467 1796 505">
    <p class='ocr_par' dir='ltr' id='par_1_68' title="bbox 1007 467 1796 505">
     <span class='ocr_line' id='line_1_68' title="bbox 1007 467 1796 505; baseline -0.006 -7"><span class='ocrx_word' id='word_1_516' title='bbox 1007 471 1047 498; x_wconf 83' lang='lat' dir='ltr'><strong>les</strong></span> <span class='ocrx_word' id='word_1_517' title='bbox 1065 470 1190 505; x_wconf 79' lang='lat' dir='ltr'><strong>sagittas,</strong></span> <span class='ocrx_word' id='word_1_518' title='bbox 1205 470 1260 496; x_wconf 89' lang='lat' dir='ltr'><strong>imo</strong></span> <span class='ocrx_word' id='word_1_519' title='bbox 1270 476 1335 496; x_wconf 87' lang='lat' dir='ltr'><strong>vero</strong></span> <span class='ocrx_word' id='word_1_520' title='bbox 1351 469 1409 502; x_wconf 88' lang='lat' dir='ltr'><strong>ipsa</strong></span> <span class='ocrx_word' id='word_1_521' title='bbox 1430 467 1477 495; x_wconf 88' lang='lat' dir='ltr'><strong>Dei</strong></span> <span class='ocrx_word' id='word_1_522' title='bbox 1494 467 1587 499; x_wconf 87' lang='lat' dir='ltr'><strong>verba,</strong></span> <span class='ocrx_word' id='word_1_523' title='bbox 1600 475 1661 502; x_wconf 81' lang='lat' dir='ltr'><strong>quae</strong></span> <span class='ocrx_word' id='word_1_524' title='bbox 1676 467 1796 494; x_wconf 84' lang='lat' dir='ltr'><strong>animam</strong></span> 
     </span>
    </p>
   </div>
   <div class='ocr_carea' id='block_1_69' title="bbox 1009 513 1797 551">
    <p class='ocr_par' dir='ltr' id='par_1_69' title="bbox 1009 513 1797 551">
     <span class='ocr_line' id='line_1_69' title="bbox 1009 513 1797 551; baseline -0.004 -9"><span class='ocrx_word' id='word_1_525' title='bbox 1009 515 1173 551; x_wconf 81' lang='lat' dir='ltr'><strong>pungebant,</strong></span> <span class='ocrx_word' id='word_1_526' title='bbox 1188 517 1215 541; x_wconf 85' lang='lat' dir='ltr'><strong>et</strong></span> <span class='ocrx_word' id='word_1_527' title='bbox 1232 513 1266 541; x_wconf 86' lang='lat' dir='ltr'><strong>de</strong></span> <span class='ocrx_word' id='word_1_528' title='bbox 1285 513 1456 541; x_wconf 71' lang='lat' dir='ltr'><strong>conscientia</strong></span> <span class='ocrx_word' id='word_1_529' title='bbox 1476 513 1536 547; x_wconf 84' lang='lat' dir='ltr'><strong>ejus</strong></span> <span class='ocrx_word' id='word_1_530' title='bbox 1562 514 1727 548; x_wconf 86' lang='lat' dir='ltr'><strong>supplicium</strong></span> <span class='ocrx_word' id='word_1_531' title='bbox 1750 520 1797 540; x_wconf 90' lang='lat' dir='ltr'><strong>su-</strong></span> 
     </span>
    </p>
   </div>
   <div class='ocr_carea' id='block_1_70' title="bbox 1008 558 1798 594">
    <p class='ocr_par' dir='ltr' id='par_1_70' title="bbox 1008 558 1798 594">
     <span class='ocr_line' id='line_1_70' title="bbox 1008 558 1798 594; baseline -0.004 -6"><span class='ocrx_word' id='word_1_532' title='bbox 1008 561 1127 588; x_wconf 82' lang='lat' dir='ltr'><strong>mebant.</strong></span> <span class='ocrx_word' id='word_1_533' title='bbox 1143 560 1213 587; x_wconf 86' lang='lat' dir='ltr'><strong>Num</strong></span> <span class='ocrx_word' id='word_1_534' title='bbox 1228 560 1297 586; x_wconf 91' lang='lat' dir='ltr'><strong>forte</strong></span> <span class='ocrx_word' id='word_1_535' title='bbox 1313 560 1401 593; x_wconf 85' lang='lat' dir='ltr'><strong>ipsum</strong></span> <span class='ocrx_word' id='word_1_536' title='bbox 1419 559 1558 586; x_wconf 87' lang='lat' dir='ltr'><strong>diabolum</strong></span> <span class='ocrx_word' id='word_1_537' title='bbox 1569 563 1595 586; x_wconf 88' lang='lat' dir='ltr'><strong>el</strong></span> <span class='ocrx_word' id='word_1_538' title='bbox 1608 559 1690 594; x_wconf 81' lang='lat' dir='ltr'><strong>ignita</strong></span> <span class='ocrx_word' id='word_1_539' title='bbox 1703 558 1798 586; x_wconf 85' lang='lat' dir='ltr'><strong>diabo-</strong></span> 
     </span>
    </p>
   </div>
   <div class='ocr_carea' id='block_1_71' title="bbox 1009 604 1798 639">
    <p class='ocr_par' dir='ltr' id='par_1_71' title="bbox 1009 604 1798 639">
     <span class='ocr_line' id='line_1_71' title="bbox 1009 604 1798 639; baseline -0.003 -6"><span class='ocrx_word' id='word_1_540' title='bbox 1009 606 1027 633; x_wconf 94' lang='lat' dir='ltr'><strong>li</strong></span> <span class='ocrx_word' id='word_1_541' title='bbox 1048 607 1101 634; x_wconf 91' lang='lat' dir='ltr'><strong>tela</strong></span> <span class='ocrx_word' id='word_1_542' title='bbox 1117 605 1243 633; x_wconf 75' lang='lat' dir='ltr'><strong>affectum</strong></span> <span class='ocrx_word' id='word_1_543' title='bbox 1257 605 1407 632; x_wconf 75' lang='lat' dir='ltr'><strong>excitantia</strong></span> <span class='ocrx_word' id='word_1_544' title='bbox 1422 609 1448 632; x_wconf 88' lang='lat' dir='ltr'><strong>et</strong></span> <span class='ocrx_word' id='word_1_545' title='bbox 1470 605 1614 637; x_wconf 82' lang='lat' dir='ltr'><strong>amatoria,</strong></span> <span class='ocrx_word' id='word_1_546' title='bbox 1630 612 1691 639; x_wconf 66' lang='lat' dir='ltr'><strong>qua:</strong></span> <span class='ocrx_word' id='word_1_547' title='bbox 1708 604 1798 639; x_wconf 88' lang='lat' dir='ltr'><strong>ipsum</strong></span> 
     </span>
    </p>
   </div>
   <div class='ocr_carea' id='block_1_72' title="bbox 1009 648 1799 686">
    <p class='ocr_par' dir='ltr' id='par_1_72' title="bbox 1009 648 1799 686">
     <span class='ocr_line' id='line_1_72' title="bbox 1009 648 1799 686; baseline -0.003 -7"><span class='ocrx_word' id='word_1_548' title='bbox 1009 652 1042 678; x_wconf 87' lang='lat' dir='ltr'><strong>ad</strong></span> <span class='ocrx_word' id='word_1_549' title='bbox 1060 650 1310 686; x_wconf 81' lang='lat' dir='ltr'><strong>concupiscentiam</strong></span> <span class='ocrx_word' id='word_1_550' title='bbox 1333 650 1433 677; x_wconf 83' lang='lat' dir='ltr'><strong>uxoris.</strong></span> <span class='ocrx_word' id='word_1_551' title='bbox 1447 649 1518 676; x_wconf 69' lang='lat' dir='ltr'><strong>Urim</strong></span> <span class='ocrx_word' id='word_1_552' title='bbox 1542 648 1740 680; x_wconf 84' lang='lat' dir='ltr'><strong>accendebant,</strong></span> <span class='ocrx_word' id='word_1_553' title='bbox 1756 649 1799 677; x_wconf 89' lang='lat' dir='ltr'><strong>his</strong></span> 
     </span>
    </p>
   </div>
   <div class='ocr_carea' id='block_1_73' title="bbox 1010 695 1800 731">
    <p class='ocr_par' dir='ltr' id='par_1_73' title="bbox 1010 695 1800 731">
     <span class='ocr_line' id='line_1_73' title="bbox 1010 695 1800 731; baseline -0.004 -6"><span class='ocrx_word' id='word_1_554' title='bbox 1010 698 1113 725; x_wconf 88' lang='lat' dir='ltr'><strong>indicat</strong></span> <span class='ocrx_word' id='word_1_555' title='bbox 1126 697 1136 722; x_wconf 85' lang='lat'><strong>?</strong></span> <span class='ocrx_word' id='word_1_556' title='bbox 1153 697 1187 723; x_wconf 87' lang='lat' dir='ltr'><strong>de</strong></span> <span class='ocrx_word' id='word_1_557' title='bbox 1202 696 1302 731; x_wconf 87' lang='lat' dir='ltr'><strong>quibus</strong></span> <span class='ocrx_word' id='word_1_558' title='bbox 1316 697 1372 723; x_wconf 63' lang='lat' dir='ltr'><strong>haec</strong></span> <span class='ocrx_word' id='word_1_559' title='bbox 1388 696 1491 723; x_wconf 87' lang='lat' dir='ltr'><strong>monita</strong></span> <span class='ocrx_word' id='word_1_560' title='bbox 1504 696 1550 723; x_wconf 92' lang='lat' dir='ltr'><strong>dat</strong></span> <span class='ocrx_word' id='word_1_561' title='bbox 1564 695 1713 730; x_wconf 76' lang='lat' dir='ltr'><strong>Apostolus</strong></span> <span class='ocrx_word' id='word_1_562' title='bbox 1727 704 1734 722; x_wconf 86' lang='lat'><strong>:</strong></span> <span class='ocrx_word' id='word_1_563' title='bbox 1747 695 1800 721; x_wconf 83' lang='lat' dir='ltr'><strong>Ac-</strong></span> 
     </span>
    </p>
   </div>
   <div class='ocr_carea' id='block_1_74' title="bbox 1010 741 1801 778">
    <p class='ocr_par' dir='ltr' id='par_1_74' title="bbox 1010 741 1801 778">
     <span class='ocr_line' id='line_1_74' title="bbox 1010 741 1801 778; baseline -0.004 -7"><span class='ocrx_word' id='word_1_564' title='bbox 1010 744 1087 778; x_wconf 78' lang='lat' dir='ltr'><strong>cipite</strong></span> <span class='ocrx_word' id='word_1_565' title='bbox 1100 747 1267 770; x_wconf 79' lang='lat' dir='ltr'><strong>armaturam</strong></span> <span class='ocrx_word' id='word_1_566' title='bbox 1280 742 1339 775; x_wconf 74' lang='lat' dir='ltr'><strong>Dei,</strong></span> <span class='ocrx_word' id='word_1_567' title='bbox 1349 747 1376 769; x_wconf 86' lang='lat' dir='ltr'><strong>ut</strong></span> <span class='ocrx_word' id='word_1_568' title='bbox 1386 742 1493 776; x_wconf 67' lang='lat' dir='ltr'><strong>possitis</strong></span> <span class='ocrx_word' id='word_1_569' title='bbox 1506 743 1594 769; x_wconf 86' lang='lat' dir='ltr'><strong>omnia</strong></span> <span class='ocrx_word' id='word_1_570' title='bbox 1609 741 1661 768; x_wconf 71' lang='lat' dir='ltr'><strong>tela</strong></span> <span class='ocrx_word' id='word_1_571' title='bbox 1672 741 1801 777; x_wconf 75' lang='lat' dir='ltr'><strong>nequissi—</strong></span> 
     </span>
    </p>
   </div>
   <div class='ocr_carea' id='block_1_75' title="bbox 1011 786 1801 825">
    <p class='ocr_par' dir='ltr' id='par_1_75' title="bbox 1011 786 1801 825">
     <span class='ocr_line' id='line_1_75' title="bbox 1011 786 1801 825; baseline -0.004 -9"><span class='ocrx_word' id='word_1_572' title='bbox 1011 791 1046 817; x_wconf 81' lang='grc' dir='ltr'>ιιιί</span> <span class='ocrx_word' id='word_1_573' title='bbox 1058 790 1224 825; x_wconf 69' lang='lat' dir='ltr'><strong>exstinguere</strong></span> <span class='ocrx_word' id='word_1_574' title='bbox 1238 790 1270 816; x_wconf 76' lang='grc'><strong>⁸⁸.</strong></span> <span class='ocrx_word' id='word_1_575' title='bbox 1285 787 1520 821; x_wconf 83' lang='lat' dir='ltr'><strong>Quemadmodum</strong></span> <span class='ocrx_word' id='word_1_576' title='bbox 1536 791 1626 814; x_wconf 87' lang='lat' dir='ltr'><strong>autem</strong></span> <span class='ocrx_word' id='word_1_577' title='bbox 1642 786 1693 814; x_wconf 87' lang='lat' dir='ltr'><strong>Job</strong></span> <span class='ocrx_word' id='word_1_578' title='bbox 1704 786 1801 813; x_wconf 91' lang='lat' dir='ltr'><strong>diabo-</strong></span> 
     </span>
    </p>
   </div>
   <div class='ocr_carea' id='block_1_76' title="bbox 1010 832 1802 871">
    <p class='ocr_par' dir='ltr' id='par_1_76' title="bbox 1010 832 1802 871">
     <span class='ocr_line' id='line_1_76' title="bbox 1010 832 1802 871; baseline -0.006 -8"><span class='ocrx_word' id='word_1_579' title='bbox 1010 837 1029 863; x_wconf 95' lang='lat' dir='ltr'><strong>li</strong></span> <span class='ocrx_word' id='word_1_580' title='bbox 1047 837 1163 871; x_wconf 79' lang='lat' dir='ltr'><strong>sagittas</strong></span> <span class='ocrx_word' id='word_1_581' title='bbox 1178 840 1204 863; x_wconf 92' lang='lat' dir='ltr'><strong>et</strong></span> <span class='ocrx_word' id='word_1_582' title='bbox 1219 834 1343 862; x_wconf 86' lang='lat' dir='ltr'><strong>immissa</strong></span> <span class='ocrx_word' id='word_1_583' title='bbox 1358 835 1467 868; x_wconf 85' lang='lat' dir='ltr'><strong>corpori</strong></span> <span class='ocrx_word' id='word_1_584' title='bbox 1482 841 1533 860; x_wconf 89' lang='lat' dir='ltr'><strong>suo</strong></span> <span class='ocrx_word' id='word_1_585' title='bbox 1552 834 1657 864; x_wconf 87' lang='lat' dir='ltr'><strong>ulcera,</strong></span> <span class='ocrx_word' id='word_1_586' title='bbox 1674 832 1739 868; x_wconf 89' lang='lat' dir='ltr'><strong>quia</strong></span> <span class='ocrx_word' id='word_1_587' title='bbox 1754 832 1802 858; x_wconf 84' lang='lat' dir='ltr'><strong>Dei</strong></span> 
     </span>
    </p>
   </div>
   <div class='ocr_carea' id='block_1_77' title="bbox 1011 879 1803 918">
    <p class='ocr_par' dir='ltr' id='par_1_77' title="bbox 1011 879 1803 918">
     <span class='ocr_line' id='line_1_77' title="bbox 1011 879 1803 918; baseline -0.005 -9"><span class='ocrx_word' id='word_1_588' title='bbox 1011 883 1146 918; x_wconf 87' lang='lat' dir='ltr'><strong>permissu</strong></span> <span class='ocrx_word' id='word_1_589' title='bbox 1167 881 1337 912; x_wconf 86' lang='lat' dir='ltr'><strong>acciderant,</strong></span> <span class='ocrx_word' id='word_1_590' title='bbox 1353 881 1468 915; x_wconf 80' lang='lat' dir='ltr'><strong>sagittas</strong></span> <span class='ocrx_word' id='word_1_591' title='bbox 1495 879 1603 906; x_wconf 82' lang='lat' dir='ltr'><strong>Domini</strong></span> <span class='ocrx_word' id='word_1_592' title='bbox 1635 879 1741 906; x_wconf 81' lang='lat' dir='ltr'><strong>vocavit</strong></span> <span class='ocrx_word' id='word_1_593' title='bbox 1764 879 1803 906; x_wconf 92' lang='lat' dir='ltr'><strong>di-</strong></span> 
     </span>
    </p>
   </div>
   <div class='ocr_carea' id='block_1_78' title="bbox 1012 926 1802 961">
    <p class='ocr_par' dir='ltr' id='par_1_78' title="bbox 1012 926 1802 961">
     <span class='ocr_line' id='line_1_78' title="bbox 1012 926 1802 961; baseline -0.008 -6"><span class='ocrx_word' id='word_1_594' title='bbox 1012 936 1077 956; x_wconf 86' lang='lat' dir='ltr'><strong>cens</strong></span> <span class='ocrx_word' id='word_1_595' title='bbox 1095 938 1101 955; x_wconf 91' lang='lat'>:</span> <span class='ocrx_word' id='word_1_596' title='bbox 1125 926 1196 953; x_wconf 88' lang='lat' dir='ltr'><strong>Nam</strong></span> <span class='ocrx_word' id='word_1_597' title='bbox 1215 928 1320 961; x_wconf 77' lang='lat' dir='ltr'><strong>sagitta:</strong></span> <span class='ocrx_word' id='word_1_598' title='bbox 1342 926 1449 952; x_wconf 85' lang='lat' dir='ltr'><strong>Domini</strong></span> <span class='ocrx_word' id='word_1_599' title='bbox 1472 926 1500 951; x_wconf 85' lang='lat' dir='ltr'><strong>in</strong></span> <span class='ocrx_word' id='word_1_600' title='bbox 1523 932 1630 958; x_wconf 81' lang='lat' dir='ltr'><strong>corpore</strong></span> <span class='ocrx_word' id='word_1_601' title='bbox 1648 932 1704 951; x_wconf 85' lang='lat' dir='ltr'><strong>meo</strong></span> <span class='ocrx_word' id='word_1_602' title='bbox 1729 929 1802 955; x_wconf 75' lang='lat' dir='ltr'><strong>sunt.</strong></span> 
     </span>
    </p>
   </div>
   <div class='ocr_carea' id='block_1_79' title="bbox 1010 971 1803 1010">
    <p class='ocr_par' dir='ltr' id='par_1_79' title="bbox 1010 971 1803 1010">
     <span class='ocr_line' id='line_1_79' title="bbox 1010 971 1803 1010; baseline -0.005 -9"><span class='ocrx_word' id='word_1_603' title='bbox 1010 983 1122 1010; x_wconf 82' lang='lat' dir='ltr'><strong>quorum</strong></span> <span class='ocrx_word' id='word_1_604' title='bbox 1132 974 1208 1008; x_wconf 82' lang='lat' dir='ltr'><strong>furor</strong></span> <span class='ocrx_word' id='word_1_605' title='bbox 1222 973 1301 1000; x_wconf 77' lang='lat' dir='ltr'><strong>ebibit</strong></span> <span class='ocrx_word' id='word_1_606' title='bbox 1314 981 1400 999; x_wconf 85' lang='lat' dir='ltr'><strong>meum</strong></span> <span class='ocrx_word' id='word_1_607' title='bbox 1418 972 1573 1006; x_wconf 79' lang='lat' dir='ltr'><strong>sanguinem</strong></span> <span class='ocrx_word' id='word_1_608' title='bbox 1587 972 1627 1004; x_wconf 62' lang='lat'><strong>3&quot;;</strong></span> <span class='ocrx_word' id='word_1_609' title='bbox 1642 971 1678 998; x_wconf 85' lang='lat' dir='ltr'><strong>ita</strong></span> <span class='ocrx_word' id='word_1_610' title='bbox 1705 971 1803 998; x_wconf 75' lang='lat' dir='ltr'><strong>verisi-</strong></span> 
     </span>
    </p>
   </div>
   <div class='ocr_carea' id='block_1_80' title="bbox 1011 1016 1803 1053">
    <p class='ocr_par' dir='ltr' id='par_1_80' title="bbox 1011 1016 1803 1053">
     <span class='ocr_line' id='line_1_80' title="bbox 1011 1016 1803 1053; baseline -0.005 -5"><span class='ocrx_word' id='word_1_611' title='bbox 1011 1022 1074 1048; x_wconf 81' lang='lat' dir='ltr'><strong>nnle</strong></span> <span class='ocrx_word' id='word_1_612' title='bbox 1094 1025 1137 1050; x_wconf 84' lang='lat' dir='ltr'><strong>est</strong></span> <span class='ocrx_word' id='word_1_613' title='bbox 1151 1020 1212 1047; x_wconf 88' lang='lat' dir='ltr'><strong>ideo</strong></span> <span class='ocrx_word' id='word_1_614' title='bbox 1231 1019 1361 1047; x_wconf 85' lang='lat' dir='ltr'><strong>Davidem</strong></span> <span class='ocrx_word' id='word_1_615' title='bbox 1375 1019 1421 1046; x_wconf 87' lang='lat' dir='ltr'><strong>hic</strong></span> <span class='ocrx_word' id='word_1_616' title='bbox 1435 1019 1550 1053; x_wconf 83' lang='lat' dir='ltr'><strong>sagittas</strong></span> <span class='ocrx_word' id='word_1_617' title='bbox 1567 1018 1675 1045; x_wconf 84' lang='lat' dir='ltr'><strong>Domini</strong></span> <span class='ocrx_word' id='word_1_618' title='bbox 1689 1016 1803 1048; x_wconf 78' lang='lat' dir='ltr'><strong>dixisse.</strong></span> 
     </span>
    </p>
   </div>
   <div class='ocr_carea' id='block_1_81' title="bbox 1011 1064 1803 1103">
    <p class='ocr_par' dir='ltr' id='par_1_81' title="bbox 1011 1064 1803 1103">
     <span class='ocr_line' id='line_1_81' title="bbox 1011 1064 1803 1103; baseline -0.005 -9"><span class='ocrx_word' id='word_1_619' title='bbox 1011 1068 1074 1103; x_wconf 84' lang='lat' dir='ltr'><strong>quia</strong></span> <span class='ocrx_word' id='word_1_620' title='bbox 1097 1075 1130 1094; x_wconf 79' lang='lat' dir='ltr'><strong>ex</strong></span> <span class='ocrx_word' id='word_1_621' title='bbox 1150 1067 1196 1094; x_wconf 88' lang='lat' dir='ltr'><strong>Dei</strong></span> <span class='ocrx_word' id='word_1_622' title='bbox 1215 1074 1350 1094; x_wconf 90' lang='lat' dir='ltr'><strong>concessu</strong></span> <span class='ocrx_word' id='word_1_623' title='bbox 1376 1066 1506 1093; x_wconf 87' lang='lat' dir='ltr'><strong>inimicus</strong></span> <span class='ocrx_word' id='word_1_624' title='bbox 1524 1073 1586 1092; x_wconf 90' lang='lat' dir='ltr'><strong>eum</strong></span> <span class='ocrx_word' id='word_1_625' title='bbox 1618 1064 1803 1099; x_wconf 80' lang='lat' dir='ltr'><strong>oppugnabat,</strong></span> 
     </span>
    </p>
   </div>
   <div class='ocr_carea' id='block_1_82' title="bbox 1012 1111 1805 1148">
    <p class='ocr_par' dir='ltr' id='par_1_82' title="bbox 1012 1111 1805 1148">
     <span class='ocr_line' id='line_1_82' title="bbox 1012 1111 1805 1148; baseline -0.006 -7"><span class='ocrx_word' id='word_1_626' title='bbox 1012 1119 1041 1141; x_wconf 89' lang='lat' dir='ltr'><strong>ut</strong></span> <span class='ocrx_word' id='word_1_627' title='bbox 1053 1114 1188 1142; x_wconf 76' lang='lat' dir='ltr'><strong>edisceret</strong></span> <span class='ocrx_word' id='word_1_628' title='bbox 1204 1122 1257 1141; x_wconf 91' lang='lat' dir='ltr'><strong>non</strong></span> <span class='ocrx_word' id='word_1_629' title='bbox 1274 1114 1311 1140; x_wconf 89' lang='lat' dir='ltr'><strong>ita</strong></span> <span class='ocrx_word' id='word_1_630' title='bbox 1324 1113 1490 1148; x_wconf 86' lang='lat' dir='ltr'><strong>loquendum</strong></span> <span class='ocrx_word' id='word_1_631' title='bbox 1508 1120 1568 1140; x_wconf 87' lang='lat' dir='ltr'><strong>esse</strong></span> <span class='ocrx_word' id='word_1_632' title='bbox 1584 1121 1590 1139; x_wconf 92' lang='lat'>:</span> <span class='ocrx_word' id='word_1_633' title='bbox 1611 1111 1674 1138; x_wconf 82' lang='lat' dir='ltr'><strong>Non</strong></span> <span class='ocrx_word' id='word_1_634' title='bbox 1683 1111 1805 1137; x_wconf 78' lang='lat' dir='ltr'><strong>movebar</strong></span> 
     </span>
    </p>
   </div>
   <div class='ocr_carea' id='block_1_83' title="bbox 1012 1156 1806 1194">
    <p class='ocr_par' dir='ltr' id='par_1_83' title="bbox 1012 1156 1806 1194">
     <span class='ocr_line' id='line_1_83' title="bbox 1012 1156 1806 1194; baseline -0.006 -7"><span class='ocrx_word' id='word_1_635' title='bbox 1012 1161 1038 1187; x_wconf 85' lang='lat' dir='ltr'><strong>in</strong></span> <span class='ocrx_word' id='word_1_636' title='bbox 1051 1165 1178 1187; x_wconf 78' lang='lat' dir='ltr'><strong>a&#39;ternum</strong></span> <span class='ocrx_word' id='word_1_637' title='bbox 1193 1159 1227 1187; x_wconf 70' lang='grc'>⁸⁸.</span> <span class='ocrx_word' id='word_1_638' title='bbox 1241 1160 1310 1192; x_wconf 83' lang='lat' dir='ltr'><strong>Quia</strong></span> <span class='ocrx_word' id='word_1_639' title='bbox 1325 1159 1398 1187; x_wconf 89' lang='lat' dir='ltr'><strong>enim</strong></span> <span class='ocrx_word' id='word_1_640' title='bbox 1414 1159 1564 1194; x_wconf 83' lang='lat' dir='ltr'><strong>aliquando</strong></span> <span class='ocrx_word' id='word_1_641' title='bbox 1579 1156 1627 1184; x_wconf 80' lang='lat' dir='ltr'><strong>Dei</strong></span> <span class='ocrx_word' id='word_1_642' title='bbox 1647 1157 1734 1192; x_wconf 82' lang='lat' dir='ltr'><strong>gratia</strong></span> <span class='ocrx_word' id='word_1_643' title='bbox 1750 1156 1806 1183; x_wconf 80' lang='lat' dir='ltr'><strong>ful—</strong></span> 
     </span>
    </p>
   </div>
   <div class='ocr_carea' id='block_1_84' title="bbox 1013 1203 1807 1241">
    <p class='ocr_par' dir='ltr' id='par_1_84' title="bbox 1013 1203 1807 1241">
     <span class='ocr_line' id='line_1_84' title="bbox 1013 1203 1807 1241; baseline -0.004 -9"><span class='ocrx_word' id='word_1_644' title='bbox 1013 1210 1057 1233; x_wconf 85' lang='lat' dir='ltr'><strong>tus</strong></span> <span class='ocrx_word' id='word_1_645' title='bbox 1072 1213 1170 1241; x_wconf 84' lang='lat' dir='ltr'><strong>magna</strong></span> <span class='ocrx_word' id='word_1_646' title='bbox 1184 1206 1218 1233; x_wconf 88' lang='lat' dir='ltr'><strong>de</strong></span> <span class='ocrx_word' id='word_1_647' title='bbox 1233 1214 1262 1234; x_wconf 68' lang='lat' dir='ltr'><strong>se</strong></span> <span class='ocrx_word' id='word_1_648' title='bbox 1278 1209 1414 1236; x_wconf 84' lang='lat' dir='ltr'><strong>senserat,</strong></span> <span class='ocrx_word' id='word_1_649' title='bbox 1435 1205 1472 1231; x_wconf 83' lang='lat' dir='ltr'><strong>ita</strong></span> <span class='ocrx_word' id='word_1_650' title='bbox 1497 1208 1526 1231; x_wconf 89' lang='lat' dir='ltr'><strong>ut</strong></span> <span class='ocrx_word' id='word_1_651' title='bbox 1552 1207 1713 1239; x_wconf 80' lang='lat' dir='ltr'><strong>arroganter</strong></span> <span class='ocrx_word' id='word_1_652' title='bbox 1728 1203 1807 1230; x_wconf 88' lang='lat' dir='ltr'><strong>dicc-</strong></span> 
     </span>
    </p>
   </div>
   <div class='ocr_carea' id='block_1_85' title="bbox 1012 1249 1807 1286">
    <p class='ocr_par' dir='ltr' id='par_1_85' title="bbox 1012 1249 1807 1286">
     <span class='ocr_line' id='line_1_85' title="bbox 1012 1249 1807 1286; baseline -0.005 -7"><span class='ocrx_word' id='word_1_653' title='bbox 1012 1258 1053 1279; x_wconf 89' lang='lat' dir='ltr'><strong>ret</strong></span> <span class='ocrx_word' id='word_1_654' title='bbox 1069 1262 1074 1279; x_wconf 90' lang='lat'>:</span> <span class='ocrx_word' id='word_1_655' title='bbox 1095 1252 1152 1286; x_wconf 81' lang='lat' dir='ltr'><strong>Ego</strong></span> <span class='ocrx_word' id='word_1_656' title='bbox 1171 1258 1258 1279; x_wconf 80' lang='lat' dir='ltr'><strong>autent</strong></span> <span class='ocrx_word' id='word_1_657' title='bbox 1275 1252 1332 1278; x_wconf 72' lang='lat' dir='ltr'><strong>dixi</strong></span> <span class='ocrx_word' id='word_1_658' title='bbox 1350 1253 1376 1278; x_wconf 85' lang='lat' dir='ltr'><strong>in</strong></span> <span class='ocrx_word' id='word_1_659' title='bbox 1390 1251 1557 1278; x_wconf 84' lang='lat' dir='ltr'><strong>abundantia</strong></span> <span class='ocrx_word' id='word_1_660' title='bbox 1576 1259 1635 1277; x_wconf 78' lang='lat' dir='ltr'><strong>men</strong></span> <span class='ocrx_word' id='word_1_661' title='bbox 1650 1258 1659 1277; x_wconf 88' lang='lat'><strong><em>:</em></strong></span> <span class='ocrx_word' id='word_1_662' title='bbox 1675 1249 1738 1277; x_wconf 89' lang='lat' dir='ltr'><strong>Non</strong></span> <span class='ocrx_word' id='word_1_663' title='bbox 1749 1257 1807 1276; x_wconf 81' lang='lat' dir='ltr'><strong>mo-</strong></span> 
     </span>
    </p>
   </div>
   <div class='ocr_carea' id='block_1_86' title="bbox 1013 1295 1806 1332">
    <p class='ocr_par' dir='ltr' id='par_1_86' title="bbox 1013 1295 1806 1332">
     <span class='ocr_line' id='line_1_86' title="bbox 1013 1295 1806 1332; baseline -0.004 -7"><span class='ocrx_word' id='word_1_664' title='bbox 1013 1298 1088 1325; x_wconf 85' lang='lat' dir='ltr'><strong>rebor</strong></span> <span class='ocrx_word' id='word_1_665' title='bbox 1117 1300 1144 1325; x_wconf 83' lang='lat' dir='ltr'><strong>in</strong></span> <span class='ocrx_word' id='word_1_666' title='bbox 1164 1304 1292 1325; x_wconf 71' lang='lat' dir='ltr'><strong>tuter-num</strong></span> <span class='ocrx_word' id='word_1_667' title='bbox 1316 1298 1356 1330; x_wconf 63' lang='lat'><strong>5”;</strong></span> <span class='ocrx_word' id='word_1_668' title='bbox 1374 1298 1435 1324; x_wconf 84' lang='lat' dir='ltr'><strong>ideo</strong></span> <span class='ocrx_word' id='word_1_669' title='bbox 1458 1298 1521 1332; x_wconf 87' lang='lat' dir='ltr'><strong>jure</strong></span> <span class='ocrx_word' id='word_1_670' title='bbox 1542 1297 1671 1324; x_wconf 87' lang='lat' dir='ltr'><strong>tentatori</strong></span> <span class='ocrx_word' id='word_1_671' title='bbox 1688 1295 1806 1323; x_wconf 86' lang='lat' dir='ltr'><strong>traditus</strong></span> 
     </span>
    </p>
   </div>
   <div class='ocr_carea' id='block_1_87' title="bbox 1013 1342 1805 1380">
    <p class='ocr_par' dir='ltr' id='par_1_87' title="bbox 1013 1342 1805 1380">
     <span class='ocr_line' id='line_1_87' title="bbox 1013 1342 1805 1380; baseline -0.006 -8"><span class='ocrx_word' id='word_1_672' title='bbox 1013 1350 1064 1373; x_wconf 84' lang='lat' dir='ltr'><strong>est.</strong></span> <span class='ocrx_word' id='word_1_673' title='bbox 1081 1345 1127 1380; x_wconf 86' lang='lat' dir='ltr'><strong>qui</strong></span> <span class='ocrx_word' id='word_1_674' title='bbox 1158 1345 1278 1371; x_wconf 85' lang='lat' dir='ltr'><strong>animam</strong></span> <span class='ocrx_word' id='word_1_675' title='bbox 1303 1345 1364 1379; x_wconf 85' lang='lat' dir='ltr'><strong>ejus</strong></span> <span class='ocrx_word' id='word_1_676' title='bbox 1387 1344 1517 1375; x_wconf 86' lang='lat' dir='ltr'><strong>adortus,</strong></span> <span class='ocrx_word' id='word_1_677' title='bbox 1537 1343 1626 1378; x_wconf 78' lang='lat' dir='ltr'><strong>majus</strong></span> <span class='ocrx_word' id='word_1_678' title='bbox 1651 1342 1704 1377; x_wconf 90' lang='lat' dir='ltr'><strong>ipsi</strong></span> <span class='ocrx_word' id='word_1_679' title='bbox 1723 1349 1805 1376; x_wconf 84' lang='lat' dir='ltr'><strong>quam</strong></span> 
     </span>
    </p>
   </div>
   <div class='ocr_carea' id='block_1_88' title="bbox 1012 1387 1806 1424">
    <p class='ocr_par' dir='ltr' id='par_1_88' title="bbox 1012 1387 1806 1424">
     <span class='ocr_line' id='line_1_88' title="bbox 1012 1387 1806 1424; baseline -0.006 -5"><span class='ocrx_word' id='word_1_680' title='bbox 1012 1392 1080 1419; x_wconf 84' lang='lat' dir='ltr'><strong>Jobo</strong></span> <span class='ocrx_word' id='word_1_681' title='bbox 1091 1392 1219 1418; x_wconf 86' lang='lat' dir='ltr'><strong>damnum</strong></span> <span class='ocrx_word' id='word_1_682' title='bbox 1234 1391 1335 1418; x_wconf 70' lang='lat' dir='ltr'><strong>intulit.</strong></span> <span class='ocrx_word' id='word_1_683' title='bbox 1352 1390 1430 1424; x_wconf 83' lang='lat' dir='ltr'><strong>Quod</strong></span> <span class='ocrx_word' id='word_1_684' title='bbox 1444 1392 1467 1418; x_wconf 90' lang='lat' dir='ltr'><strong>si</strong></span> <span class='ocrx_word' id='word_1_685' title='bbox 1479 1398 1622 1418; x_wconf 87' lang='lat' dir='ltr'><strong>sermones</strong></span> <span class='ocrx_word' id='word_1_686' title='bbox 1634 1388 1693 1419; x_wconf 87' lang='lat' dir='ltr'><strong>Dei,</strong></span> <span class='ocrx_word' id='word_1_687' title='bbox 1709 1388 1756 1423; x_wconf 89' lang='lat' dir='ltr'><strong>qui</strong></span> <span class='ocrx_word' id='word_1_688' title='bbox 1772 1387 1806 1415; x_wconf 87' lang='lat' dir='ltr'><strong>de</strong></span> 
     </span>
    </p>
   </div>
   <div class='ocr_carea' id='block_1_89' title="bbox 1011 1435 1806 1473">
    <p class='ocr_par' dir='ltr' id='par_1_89' title="bbox 1011 1435 1806 1473">
     <span class='ocr_line' id='line_1_89' title="bbox 1011 1435 1806 1473; baseline -0.008 -8"><span class='ocrx_word' id='word_1_689' title='bbox 1011 1438 1086 1473; x_wconf 86' lang='lat' dir='ltr'><strong>justo</strong></span> <span class='ocrx_word' id='word_1_690' title='bbox 1100 1438 1160 1472; x_wconf 85' lang='lat' dir='ltr'><strong>ejus</strong></span> <span class='ocrx_word' id='word_1_691' title='bbox 1171 1437 1279 1473; x_wconf 80' lang='lat' dir='ltr'><strong>judicio</strong></span> <span class='ocrx_word' id='word_1_692' title='bbox 1290 1437 1452 1464; x_wconf 80' lang='lat' dir='ltr'><strong>admonent.</strong></span> <span class='ocrx_word' id='word_1_693' title='bbox 1465 1440 1493 1464; x_wconf 78' lang='lat' dir='ltr'><strong>et</strong></span> <span class='ocrx_word' id='word_1_694' title='bbox 1514 1435 1716 1470; x_wconf 82' lang='lat' dir='ltr'><strong>imprudentem</strong></span> <span class='ocrx_word' id='word_1_695' title='bbox 1742 1440 1806 1468; x_wconf 80' lang='lat' dir='ltr'><strong>pec-</strong></span> 
     </span>
    </p>
   </div>
   <div class='ocr_carea' id='block_1_90' title="bbox 1014 1480 1805 1518">
    <p class='ocr_par' dir='ltr' id='par_1_90' title="bbox 1014 1480 1805 1518">
     <span class='ocr_line' id='line_1_90' title="bbox 1014 1480 1805 1518; baseline -0.009 -7"><span class='ocrx_word' id='word_1_696' title='bbox 1014 1485 1140 1511; x_wconf 84' lang='lat' dir='ltr'><strong>cantibus</strong></span> <span class='ocrx_word' id='word_1_697' title='bbox 1157 1484 1224 1511; x_wconf 88' lang='lat' dir='ltr'><strong>iram</strong></span> <span class='ocrx_word' id='word_1_698' title='bbox 1241 1484 1301 1518; x_wconf 89' lang='lat' dir='ltr'><strong>ejus</strong></span> <span class='ocrx_word' id='word_1_699' title='bbox 1318 1483 1443 1514; x_wconf 76' lang='lat' dir='ltr'><strong>edocent,</strong></span> <span class='ocrx_word' id='word_1_700' title='bbox 1458 1482 1566 1517; x_wconf 82' lang='lat' dir='ltr'><strong>sagittis</strong></span> <span class='ocrx_word' id='word_1_701' title='bbox 1580 1480 1718 1507; x_wconf 85' lang='lat' dir='ltr'><strong>acutiores</strong></span> <span class='ocrx_word' id='word_1_702' title='bbox 1730 1482 1805 1510; x_wconf 87' lang='lat' dir='ltr'><strong>sunt,</strong></span> 
     </span>
    </p>
   </div>
   <div class='ocr_carea' id='block_1_91' title="bbox 1015 1525 1806 1566">
    <p class='ocr_par' dir='ltr' id='par_1_91' title="bbox 1015 1525 1806 1566">
     <span class='ocr_line' id='line_1_91' title="bbox 1015 1525 1806 1566; baseline -0.01 -8"><span class='ocrx_word' id='word_1_703' title='bbox 1015 1535 1194 1566; x_wconf 81' lang='lat' dir='ltr'><strong>punguntque</strong></span> <span class='ocrx_word' id='word_1_704' title='bbox 1219 1530 1432 1562; x_wconf 82' lang='lat' dir='ltr'><strong>conscientiam;</strong></span> <span class='ocrx_word' id='word_1_705' title='bbox 1456 1536 1522 1556; x_wconf 85' lang='lat' dir='ltr'><strong>sane</strong></span> <span class='ocrx_word' id='word_1_706' title='bbox 1549 1527 1653 1554; x_wconf 87' lang='lat' dir='ltr'><strong>dixeris</strong></span> <span class='ocrx_word' id='word_1_707' title='bbox 1678 1525 1806 1552; x_wconf 56' lang='lat' dir='ltr'><strong>Dauidem</strong></span> 
     </span>
    </p>
   </div>
   <div class='ocr_carea' id='block_1_92' title="bbox 1016 1575 1806 1610">
    <p class='ocr_par' dir='ltr' id='par_1_92' title="bbox 1016 1575 1806 1610">
     <span class='ocr_line' id='line_1_92' title="bbox 1016 1575 1806 1610; baseline -0.006 -6"><span class='ocrx_word' id='word_1_708' title='bbox 1016 1577 1102 1604; x_wconf 87' lang='lat' dir='ltr'><strong>sacris</strong></span> <span class='ocrx_word' id='word_1_709' title='bbox 1122 1577 1199 1604; x_wconf 84' lang='lat' dir='ltr'><strong>hiSce</strong></span> <span class='ocrx_word' id='word_1_710' title='bbox 1216 1584 1248 1603; x_wconf 87' lang='lat' dir='ltr'><strong>ac</strong></span> <span class='ocrx_word' id='word_1_711' title='bbox 1270 1576 1372 1603; x_wconf 78' lang='lat' dir='ltr'><strong>divinis</strong></span> <span class='ocrx_word' id='word_1_712' title='bbox 1395 1575 1503 1610; x_wconf 82' lang='lat' dir='ltr'><strong>sagittis</strong></span> <span class='ocrx_word' id='word_1_713' title='bbox 1526 1575 1697 1607; x_wconf 79' lang='lat' dir='ltr'><strong>confossum,</strong></span> <span class='ocrx_word' id='word_1_714' title='bbox 1713 1580 1806 1607; x_wconf 84' lang='lat' dir='ltr'><strong>repre-</strong></span> 
     </span>
    </p>
   </div>
   <div class='ocr_carea' id='block_1_93' title="bbox 1016 1619 1807 1656">
    <p class='ocr_par' dir='ltr' id='par_1_93' title="bbox 1016 1619 1807 1656">
     <span class='ocr_line' id='line_1_93' title="bbox 1016 1619 1807 1656; baseline -0.006 -5"><span class='ocrx_word' id='word_1_715' title='bbox 1016 1624 1176 1651; x_wconf 79' lang='lat' dir='ltr'><strong>hensionem</strong></span> <span class='ocrx_word' id='word_1_716' title='bbox 1187 1631 1250 1650; x_wconf 93' lang='lat' dir='ltr'><strong>cum</strong></span> <span class='ocrx_word' id='word_1_717' title='bbox 1267 1622 1360 1649; x_wconf 86' lang='lat' dir='ltr'><strong>furore</strong></span> <span class='ocrx_word' id='word_1_718' title='bbox 1376 1622 1477 1648; x_wconf 85' lang='lat' dir='ltr'><strong>illatam</strong></span> <span class='ocrx_word' id='word_1_719' title='bbox 1492 1622 1554 1656; x_wconf 88' lang='lat' dir='ltr'><strong>jure</strong></span> <span class='ocrx_word' id='word_1_720' title='bbox 1569 1627 1724 1648; x_wconf 83' lang='lat' dir='ltr'><strong>recusasse.</strong></span> <span class='ocrx_word' id='word_1_721' title='bbox 1739 1619 1807 1646; x_wconf 88' lang='lat' dir='ltr'><strong>Nam</strong></span> 
     </span>
    </p>
   </div>
   <div class='ocr_carea' id='block_1_94' title="bbox 1016 1665 1808 1703">
    <p class='ocr_par' dir='ltr' id='par_1_94' title="bbox 1016 1665 1808 1703">
     <span class='ocr_line' id='line_1_94' title="bbox 1016 1665 1808 1703; baseline -0.006 -6"><span class='ocrx_word' id='word_1_722' title='bbox 1016 1671 1069 1697; x_wconf 89' lang='lat' dir='ltr'><strong>tela</strong></span> <span class='ocrx_word' id='word_1_723' title='bbox 1082 1670 1130 1697; x_wconf 88' lang='lat' dir='ltr'><strong>abs</strong></span> <span class='ocrx_word' id='word_1_724' title='bbox 1147 1673 1173 1696; x_wconf 87' lang='lat' dir='ltr'><strong>te</strong></span> <span class='ocrx_word' id='word_1_725' title='bbox 1189 1669 1254 1696; x_wconf 90' lang='lat' dir='ltr'><strong>mihi</strong></span> <span class='ocrx_word' id='word_1_726' title='bbox 1275 1669 1409 1699; x_wconf 74' lang='lat' dir='ltr'><strong>immissa.</strong></span> <span class='ocrx_word' id='word_1_727' title='bbox 1422 1669 1469 1700; x_wconf 91' lang='lat' dir='ltr'><strong>ait,</strong></span> <span class='ocrx_word' id='word_1_728' title='bbox 1480 1675 1540 1703; x_wconf 65' lang='lat' dir='ltr'><strong>quae</strong></span> <span class='ocrx_word' id='word_1_729' title='bbox 1553 1667 1621 1694; x_wconf 88' lang='lat' dir='ltr'><strong>iram</strong></span> <span class='ocrx_word' id='word_1_730' title='bbox 1639 1671 1666 1694; x_wconf 90' lang='lat' dir='ltr'><strong>et</strong></span> <span class='ocrx_word' id='word_1_731' title='bbox 1687 1665 1808 1693; x_wconf 83' lang='lat' dir='ltr'><strong>furorem</strong></span> 
     </span>
    </p>
   </div>
   <div class='ocr_carea' id='block_1_95' title="bbox 1016 1711 1808 1749">
    <p class='ocr_par' dir='ltr' id='par_1_95' title="bbox 1016 1711 1808 1749">
     <span class='ocr_line' id='line_1_95' title="bbox 1016 1711 1808 1749; baseline -0.008 -7"><span class='ocrx_word' id='word_1_732' title='bbox 1016 1719 1093 1742; x_wconf 90' lang='lat' dir='ltr'><strong>tuum</strong></span> <span class='ocrx_word' id='word_1_733' title='bbox 1117 1718 1325 1749; x_wconf 68' lang='lat' dir='ltr'><strong>praevenerunt.</strong></span> <span class='ocrx_word' id='word_1_734' title='bbox 1343 1713 1510 1740; x_wconf 73' lang='lat' dir='ltr'><strong>sufﬁcienter</strong></span> <span class='ocrx_word' id='word_1_735' title='bbox 1533 1713 1567 1739; x_wconf 92' lang='lat' dir='ltr'><strong>de</strong></span> <span class='ocrx_word' id='word_1_736' title='bbox 1584 1720 1627 1739; x_wconf 90' lang='lat' dir='ltr'><strong>me</strong></span> <span class='ocrx_word' id='word_1_737' title='bbox 1645 1711 1808 1746; x_wconf 88' lang='lat' dir='ltr'><strong>supplicium</strong></span> 
     </span>
    </p>
   </div>
   <div class='ocr_carea' id='block_1_96' title="bbox 1019 1758 1810 1795">
    <p class='ocr_par' dir='ltr' id='par_1_96' title="bbox 1019 1758 1810 1795">
     <span class='ocr_line' id='line_1_96' title="bbox 1019 1758 1810 1795; baseline -0.009 -6"><span class='ocrx_word' id='word_1_738' title='bbox 1019 1765 1142 1792; x_wconf 88' lang='lat' dir='ltr'><strong>sumunt,</strong></span> <span class='ocrx_word' id='word_1_739' title='bbox 1160 1768 1191 1787; x_wconf 89' lang='lat' dir='ltr'><strong>ac</strong></span> <span class='ocrx_word' id='word_1_740' title='bbox 1206 1760 1273 1788; x_wconf 87' lang='lat' dir='ltr'><strong>satis</strong></span> <span class='ocrx_word' id='word_1_741' title='bbox 1299 1768 1342 1787; x_wconf 88' lang='lat' dir='ltr'><strong>me</strong></span> <span class='ocrx_word' id='word_1_742' title='bbox 1357 1759 1494 1795; x_wconf 78' lang='lat' dir='ltr'><strong>castigant</strong></span> <span class='ocrx_word' id='word_1_743' title='bbox 1512 1769 1518 1786; x_wconf 85' lang='lat'>:</span> <span class='ocrx_word' id='word_1_744' title='bbox 1536 1758 1583 1786; x_wconf 85' lang='lat' dir='ltr'><strong>sed</strong></span> <span class='ocrx_word' id='word_1_745' title='bbox 1599 1759 1684 1785; x_wconf 88' lang='lat' dir='ltr'><strong>etiam</strong></span> <span class='ocrx_word' id='word_1_746' title='bbox 1711 1764 1810 1784; x_wconf 85' lang='lat' dir='ltr'><strong>manus</strong></span> 
     </span>
    </p>
   </div>
   <div class='ocr_carea' id='block_1_97' title="bbox 1019 1802 1810 1842">
    <p class='ocr_par' dir='ltr' id='par_1_97' title="bbox 1019 1802 1810 1842">
     <span class='ocr_line' id='line_1_97' title="bbox 1019 1802 1810 1842; baseline -0.008 -8"><span class='ocrx_word' id='word_1_747' title='bbox 1019 1811 1066 1834; x_wconf 89' lang='lat' dir='ltr'><strong>tua</strong></span> <span class='ocrx_word' id='word_1_748' title='bbox 1093 1815 1141 1842; x_wconf 88' lang='lat' dir='ltr'><strong>per</strong></span> <span class='ocrx_word' id='word_1_749' title='bbox 1162 1807 1253 1834; x_wconf 77' lang='lat' dir='ltr'><strong>illatas</strong></span> <span class='ocrx_word' id='word_1_750' title='bbox 1274 1806 1431 1842; x_wconf 81' lang='lat' dir='ltr'><strong>frequenter</strong></span> <span class='ocrx_word' id='word_1_751' title='bbox 1458 1805 1630 1833; x_wconf 85' lang='lat' dir='ltr'><strong>calamitates</strong></span> <span class='ocrx_word' id='word_1_752' title='bbox 1655 1811 1699 1830; x_wconf 90' lang='lat' dir='ltr'><strong>me</strong></span> <span class='ocrx_word' id='word_1_753' title='bbox 1719 1802 1810 1830; x_wconf 76' lang='lat' dir='ltr'><strong>cont-i-</strong></span> 
     </span>
    </p>
   </div>
   <div class='ocr_carea' id='block_1_98' title="bbox 1019 1854 1066 1887">
    <p class='ocr_par' dir='ltr' id='par_1_98' title="bbox 1019 1854 1066 1887">
     <span class='ocr_line' id='line_1_98' title="bbox 1019 1854 1066 1887; baseline 0.043 -9"><span class='ocrx_word' id='word_1_754' title='bbox 1019 1854 1066 1887; x_wconf 85' lang='lat' dir='ltr'><strong>git.</strong></span> 
     </span>
    </p>
   </div>
   <div class='ocr_carea' id='block_1_99' title="bbox 1023 1896 1811 1936">
    <p class='ocr_par' dir='ltr' id='par_1_99' title="bbox 1023 1896 1811 1936">
     <span class='ocr_line' id='line_1_99' title="bbox 1023 1896 1811 1936; baseline -0.008 -8"><span class='ocrx_word' id='word_1_755' title='bbox 1023 1910 1056 1936; x_wconf 84' lang='grc' dir='ltr'><strong>με</strong></span> <span class='ocrx_word' id='word_1_756' title='bbox 1075 1902 1182 1934; x_wconf 74' lang='grc' dir='ltr'>κολάζει</span> <span class='ocrx_word' id='word_1_757' title='bbox 1195 1910 1201 1916; x_wconf 92' lang='grc'><strong>·</strong></span> <span class='ocrx_word' id='word_1_758' title='bbox 1220 1901 1287 1928; x_wconf 76' lang='grc' dir='ltr'>ἀλλὰ</span> <span class='ocrx_word' id='word_1_759' title='bbox 1300 1901 1346 1927; x_wconf 76' lang='grc' dir='ltr'>καὶ</span> <span class='ocrx_word' id='word_1_760' title='bbox 1363 1901 1378 1936; x_wconf 85' lang='grc' dir='ltr'><strong>ή</strong></span> <span class='ocrx_word' id='word_1_761' title='bbox 1395 1900 1454 1935; x_wconf 82' lang='grc' dir='ltr'>χείρ</span> <span class='ocrx_word' id='word_1_762' title='bbox 1475 1908 1521 1926; x_wconf 89' lang='grc' dir='ltr'><strong>σου</strong></span> <span class='ocrx_word' id='word_1_763' title='bbox 1538 1898 1679 1935; x_wconf 75' lang='grc' dir='ltr'>καθήψατο</span> <span class='ocrx_word' id='word_1_764' title='bbox 1695 1896 1739 1923; x_wconf 80' lang='grc' dir='ltr'><strong>διὰ</strong></span> <span class='ocrx_word' id='word_1_765' title='bbox 1756 1896 1811 1923; x_wconf 78' lang='grc' dir='ltr'>τῶν</span> 
     </span>
    </p>
   </div>
   <div class='ocr_carea' id='block_1_100' title="bbox 1056 1998 1812 2033">
    <p class='ocr_par' dir='ltr' id='par_1_100' title="bbox 1056 1998 1812 2033">
     <span class='ocr_line' id='line_1_100' title="bbox 1056 1998 1812 2033; baseline -0.008 -3"><span class='ocrx_word' id='word_1_766' title='bbox 1056 2003 1140 2030; x_wconf 65' lang='lat' dir='ltr'><strong>Vens.</strong></span> <span class='ocrx_word' id='word_1_767' title='bbox 1161 2003 1188 2030; x_wconf 76' lang='grc' dir='ltr'>ι.</span> <span class='ocrx_word' id='word_1_768' title='bbox 1210 2002 1269 2028; x_wconf 84' lang='lat' dir='ltr'><strong>Non</strong></span> <span class='ocrx_word' id='word_1_769' title='bbox 1291 2006 1329 2028; x_wconf 75' lang='lat' dir='ltr'><strong>est</strong></span> <span class='ocrx_word' id='word_1_770' title='bbox 1356 2000 1460 2027; x_wconf 84' lang='lat' dir='ltr'><strong>curatio</strong></span> <span class='ocrx_word' id='word_1_771' title='bbox 1482 1999 1508 2026; x_wconf 86' lang='lat' dir='ltr'><strong>in</strong></span> <span class='ocrx_word' id='word_1_772' title='bbox 1529 2007 1608 2025; x_wconf 83' lang='lat' dir='ltr'><strong>carne</strong></span> <span class='ocrx_word' id='word_1_773' title='bbox 1631 2006 1688 2025; x_wconf 89' lang='lat' dir='ltr'><strong>mea</strong></span> <span class='ocrx_word' id='word_1_774' title='bbox 1710 2007 1726 2025; x_wconf 90' lang='lat' dir='ltr'><strong>a</strong></span> <span class='ocrx_word' id='word_1_775' title='bbox 1744 1998 1812 2033; x_wconf 77' lang='lat' dir='ltr'><strong>facie</strong></span> 
     </span>
    </p>
   </div>
   <div class='ocr_carea' id='block_1_101' title="bbox 1019 2044 1859 2082">
    <p class='ocr_par' dir='ltr' id='par_1_101' title="bbox 1019 2044 1859 2082">
     <span class='ocr_line' id='line_1_101' title="bbox 1019 2044 1859 2082; baseline -0.008 -5"><span class='ocrx_word' id='word_1_776' title='bbox 1019 2051 1067 2077; x_wconf 73' lang='lat' dir='ltr'><strong>ira:</strong></span> <span class='ocrx_word' id='word_1_777' title='bbox 1088 2055 1150 2082; x_wconf 73' lang='lat' dir='ltr'><strong>Iure,</strong></span> <span class='ocrx_word' id='word_1_778' title='bbox 1166 2054 1190 2076; x_wconf 82' lang='lat' dir='ltr'><strong>et</strong></span> <span class='ocrx_word' id='word_1_779' title='bbox 1212 2057 1263 2075; x_wconf 84' lang='lat' dir='ltr'><strong>non</strong></span> <span class='ocrx_word' id='word_1_780' title='bbox 1278 2053 1316 2075; x_wconf 75' lang='lat' dir='ltr'><strong>est</strong></span> <span class='ocrx_word' id='word_1_781' title='bbox 1335 2055 1388 2081; x_wconf 69' lang='lat' dir='ltr'><strong>pax</strong></span> <span class='ocrx_word' id='word_1_782' title='bbox 1402 2046 1506 2074; x_wconf 79' lang='lat' dir='ltr'><strong>ossibus</strong></span> <span class='ocrx_word' id='word_1_783' title='bbox 1527 2047 1591 2073; x_wconf 69' lang='lat' dir='ltr'><strong>meis</strong></span> <span class='ocrx_word' id='word_1_784' title='bbox 1606 2054 1621 2072; x_wconf 89' lang='lat' dir='ltr'><strong>a</strong></span> <span class='ocrx_word' id='word_1_785' title='bbox 1638 2044 1706 2079; x_wconf 75' lang='lat' dir='ltr'><strong>facie</strong></span> <span class='ocrx_word' id='word_1_786' title='bbox 1720 2053 1813 2079; x_wconf 71' lang='grc' dir='ltr'>ρεστιτ-</span> <span class='ocrx_word' id='word_1_787' title='bbox 1857 2068 1859 2070; x_wconf 72' lang='grc'>,</span> 
     </span>
    </p>
   </div>
   <div class='ocr_carea' id='block_1_102' title="bbox 1020 2093 1814 2127">
    <p class='ocr_par' dir='ltr' id='par_1_102' title="bbox 1020 2093 1814 2127">
     <span class='ocr_line' id='line_1_102' title="bbox 1020 2093 1814 2127; baseline -0.008 -4"><span class='ocrx_word' id='word_1_788' title='bbox 1020 2102 1107 2124; x_wconf 86' lang='lat' dir='ltr'><strong>torum</strong></span> <span class='ocrx_word' id='word_1_789' title='bbox 1131 2103 1257 2122; x_wconf 82' lang='lat' dir='ltr'><strong>meorum.</strong></span> <span class='ocrx_word' id='word_1_790' title='bbox 1279 2095 1396 2121; x_wconf 81' lang='lat' dir='ltr'><strong>Carnem</strong></span> <span class='ocrx_word' id='word_1_791' title='bbox 1416 2093 1517 2127; x_wconf 88' lang='lat' dir='ltr'><strong>quippe</strong></span> <span class='ocrx_word' id='word_1_792' title='bbox 1537 2100 1636 2125; x_wconf 81' lang='lat' dir='ltr'><strong>meam,</strong></span> <span class='ocrx_word' id='word_1_793' title='bbox 1648 2099 1701 2126; x_wconf 88' lang='lat' dir='ltr'><strong>qua</strong></span> <span class='ocrx_word' id='word_1_794' title='bbox 1716 2098 1814 2127; x_wconf 84' lang='lat' dir='ltr'><strong>pecca-</strong></span> 
     </span>
    </p>
   </div>
   <div class='ocr_carea' id='block_1_103' title="bbox 1020 2131 1814 2175">
    <p class='ocr_par' dir='ltr' id='par_1_103' title="bbox 1020 2131 1814 2175">
     <span class='ocr_line' id='line_1_103' title="bbox 1020 2131 1814 2175; baseline -0.009 -7"><span class='ocrx_word' id='word_1_795' title='bbox 1020 2147 1076 2169; x_wconf 89' lang='lat' dir='ltr'><strong>tum</strong></span> <span class='ocrx_word' id='word_1_796' title='bbox 1094 2141 1204 2173; x_wconf 86' lang='lat' dir='ltr'><strong>admisi,</strong></span> <span class='ocrx_word' id='word_1_797' title='bbox 1220 2139 1362 2175; x_wconf 86' lang='lat' dir='ltr'><strong>suppliciis</strong></span> <span class='ocrx_word' id='word_1_798' title='bbox 1379 2138 1490 2170; x_wconf 83' lang='lat' dir='ltr'><strong>tradidi,</strong></span> <span class='ocrx_word' id='word_1_799' title='bbox 1507 2131 1638 2164; x_wconf 85' lang='lat' dir='ltr'><strong>ultionem</strong></span> <span class='ocrx_word' id='word_1_800' title='bbox 1659 2137 1692 2163; x_wconf 88' lang='lat' dir='ltr'><strong>de</strong></span> <span class='ocrx_word' id='word_1_801' title='bbox 1707 2144 1750 2163; x_wconf 93' lang='lat' dir='ltr'><strong>me</strong></span> <span class='ocrx_word' id='word_1_802' title='bbox 1767 2144 1814 2162; x_wconf 85' lang='lat' dir='ltr'><strong>su-</strong></span> 
     </span>
    </p>
   </div>
   <div class='ocr_carea' id='block_1_104' title="bbox 1022 2182 1814 2220">
    <p class='ocr_par' dir='ltr' id='par_1_104' title="bbox 1022 2182 1814 2220">
     <span class='ocr_line' id='line_1_104' title="bbox 1022 2182 1814 2220; baseline -0.009 -5"><span class='ocrx_word' id='word_1_803' title='bbox 1022 2196 1108 2215; x_wconf 83' lang='lat' dir='ltr'><strong>mens.</strong></span> <span class='ocrx_word' id='word_1_804' title='bbox 1125 2187 1183 2214; x_wconf 79' lang='lat' dir='ltr'><strong>!loc</strong></span> <span class='ocrx_word' id='word_1_805' title='bbox 1199 2188 1271 2214; x_wconf 87' lang='lat' dir='ltr'><strong>enim</strong></span> <span class='ocrx_word' id='word_1_806' title='bbox 1299 2187 1326 2214; x_wconf 88' lang='lat' dir='ltr'><strong>in</strong></span> <span class='ocrx_word' id='word_1_807' title='bbox 1352 2186 1413 2213; x_wconf 86' lang='lat' dir='ltr'><strong>aliis</strong></span> <span class='ocrx_word' id='word_1_808' title='bbox 1437 2192 1547 2220; x_wconf 90' lang='lat' dir='ltr'><strong>quoque</strong></span> <span class='ocrx_word' id='word_1_809' title='bbox 1563 2183 1632 2210; x_wconf 90' lang='lat' dir='ltr'><strong>locis</strong></span> <span class='ocrx_word' id='word_1_810' title='bbox 1650 2182 1814 2217; x_wconf 80' lang='lat' dir='ltr'><strong>significavit.</strong></span> 
     </span>
    </p>
   </div>
   <div class='ocr_carea' id='block_1_105' title="bbox 1021 2227 1812 2265">
    <p class='ocr_par' dir='ltr' id='par_1_105' title="bbox 1021 2227 1812 2265">
     <span class='ocr_line' id='line_1_105' title="bbox 1021 2227 1812 2265; baseline -0.011 -4"><span class='ocrx_word' id='word_1_811' title='bbox 1021 2235 1117 2261; x_wconf 85' lang='lat' dir='ltr'><strong>dicens</strong></span> <span class='ocrx_word' id='word_1_812' title='bbox 1135 2243 1141 2259; x_wconf 94' lang='lat'><strong>:</strong></span> <span class='ocrx_word' id='word_1_813' title='bbox 1159 2233 1193 2259; x_wconf 81' lang='lat' dir='ltr'><strong>Et</strong></span> <span class='ocrx_word' id='word_1_814' title='bbox 1207 2231 1381 2259; x_wconf 82' lang='lat' dir='ltr'><strong>humiliabam</strong></span> <span class='ocrx_word' id='word_1_815' title='bbox 1397 2232 1424 2257; x_wconf 85' lang='lat' dir='ltr'><strong>in</strong></span> <span class='ocrx_word' id='word_1_816' title='bbox 1436 2230 1539 2265; x_wconf 78' lang='lat' dir='ltr'><strong>jejunio</strong></span> <span class='ocrx_word' id='word_1_817' title='bbox 1557 2227 1812 2260; x_wconf 79' lang='lat' dir='ltr'><strong>animammeam&quot;;</strong></span> 
     </span>
    </p>
   </div>
   <div class='ocr_carea' id='block_1_106' title="bbox 1023 2273 1811 2309">
    <p class='ocr_par' dir='ltr' id='par_1_106' title="bbox 1023 2273 1811 2309">
     <span class='ocr_line' id='line_1_106' title="bbox 1023 2273 1811 2309; baseline -0.009 -3"><span class='ocrx_word' id='word_1_818' title='bbox 1023 2283 1049 2305; x_wconf 80' lang='lat' dir='ltr'><strong>et</strong></span> <span class='ocrx_word' id='word_1_819' title='bbox 1066 2289 1071 2306; x_wconf 73' lang='grc' dir='ltr'><strong>ε</strong></span> <span class='ocrx_word' id='word_1_820' title='bbox 1095 2279 1165 2306; x_wconf 83' lang='lat' dir='ltr'><strong>Caro</strong></span> <span class='ocrx_word' id='word_1_821' title='bbox 1195 2287 1252 2305; x_wconf 87' lang='lat' dir='ltr'><strong>mea</strong></span> <span class='ocrx_word' id='word_1_822' title='bbox 1271 2279 1411 2304; x_wconf 81' lang='lat' dir='ltr'><strong>immutata</strong></span> <span class='ocrx_word' id='word_1_823' title='bbox 1432 2281 1471 2303; x_wconf 76' lang='lat' dir='ltr'><strong>est</strong></span> <span class='ocrx_word' id='word_1_824' title='bbox 1492 2279 1597 2309; x_wconf 78' lang='lat' dir='ltr'><strong>propter</strong></span> <span class='ocrx_word' id='word_1_825' title='bbox 1612 2274 1696 2300; x_wconf 83' lang='lat' dir='ltr'><strong>oleum</strong></span> <span class='ocrx_word' id='word_1_826' title='bbox 1715 2273 1811 2305; x_wconf 72' lang='lat' dir='ltr'><strong>&quot;:el:</strong></span> 
     </span>
    </p>
   </div>
   <div class='ocr_carea' id='block_1_107' title="bbox 1024 2318 1814 2356">
    <p class='ocr_par' dir='ltr' id='par_1_107' title="bbox 1024 2318 1814 2356">
     <span class='ocr_line' id='line_1_107' title="bbox 1024 2318 1814 2356; baseline -0.011 -5"><span class='ocrx_word' id='word_1_827' title='bbox 1024 2324 1128 2352; x_wconf 84' lang='lat' dir='ltr'><strong>Oblitus</strong></span> <span class='ocrx_word' id='word_1_828' title='bbox 1144 2332 1203 2351; x_wconf 77' lang='lat' dir='ltr'><strong>sum</strong></span> <span class='ocrx_word' id='word_1_829' title='bbox 1225 2323 1358 2351; x_wconf 74' lang='lat' dir='ltr'><strong>comedere</strong></span> <span class='ocrx_word' id='word_1_830' title='bbox 1375 2330 1469 2356; x_wconf 83' lang='lat' dir='ltr'><strong>panem</strong></span> <span class='ocrx_word' id='word_1_831' title='bbox 1485 2328 1569 2347; x_wconf 86' lang='lat' dir='ltr'><strong>meum</strong></span> <span class='ocrx_word' id='word_1_832' title='bbox 1584 2328 1599 2345; x_wconf 87' lang='lat' dir='ltr'><strong>a</strong></span> <span class='ocrx_word' id='word_1_833' title='bbox 1615 2318 1682 2353; x_wconf 77' lang='lat' dir='ltr'><strong>(&quot;acie</strong></span> <span class='ocrx_word' id='word_1_834' title='bbox 1701 2318 1814 2352; x_wconf 80' lang='lat' dir='ltr'><strong>gemitus</strong></span> 
     </span>
    </p>
   </div>
   <div class='ocr_carea' id='block_1_108' title="bbox 1023 2363 1814 2403">
    <p class='ocr_par' dir='ltr' id='par_1_108' title="bbox 1023 2363 1814 2403">
     <span class='ocr_line' id='line_1_108' title="bbox 1023 2363 1814 2403; baseline -0.011 -5"><span class='ocrx_word' id='word_1_835' title='bbox 1023 2372 1073 2398; x_wconf 81' lang='lat' dir='ltr'><strong>mei</strong></span> <span class='ocrx_word' id='word_1_836' title='bbox 1086 2372 1120 2403; x_wconf 69' lang='grc' dir='ltr'><strong>ν’,</strong></span> <span class='ocrx_word' id='word_1_837' title='bbox 1135 2375 1162 2397; x_wconf 88' lang='lat' dir='ltr'><strong>et.</strong></span> <span class='ocrx_word' id='word_1_838' title='bbox 1177 2371 1286 2398; x_wconf 87' lang='lat' dir='ltr'><strong>similia.</strong></span> <span class='ocrx_word' id='word_1_839' title='bbox 1302 2369 1355 2395; x_wconf 84' lang='lat' dir='ltr'><strong>Pro</strong></span> <span class='ocrx_word' id='word_1_840' title='bbox 1376 2372 1467 2395; x_wconf 89' lang='lat' dir='ltr'><strong>autem</strong></span> <span class='ocrx_word' id='word_1_841' title='bbox 1494 2368 1552 2397; x_wconf 73' lang='lat' dir='ltr'><strong>iroz,</strong></span> <span class='ocrx_word' id='word_1_842' title='bbox 1567 2365 1664 2400; x_wconf 81' lang='lat' dir='ltr'><strong>Aquila</strong></span> <span class='ocrx_word' id='word_1_843' title='bbox 1690 2369 1717 2391; x_wconf 91' lang='lat' dir='ltr'><strong>et</strong></span> <span class='ocrx_word' id='word_1_844' title='bbox 1733 2363 1814 2399; x_wconf 87' lang='lat' dir='ltr'><strong>Sym-</strong></span> 
     </span>
    </p>
   </div>
   <div class='ocr_carea' id='block_1_109' title="bbox 1022 2410 1814 2451">
    <p class='ocr_par' dir='ltr' id='par_1_109' title="bbox 1022 2410 1814 2451">
     <span class='ocr_line' id='line_1_109' title="bbox 1022 2410 1814 2451; baseline -0.013 -6"><span class='ocrx_word' id='word_1_845' title='bbox 1022 2418 1147 2449; x_wconf 87' lang='lat' dir='ltr'><strong>machus,</strong></span> <span class='ocrx_word' id='word_1_846' title='bbox 1167 2426 1183 2444; x_wconf 90' lang='lat' dir='ltr'><strong>a</strong></span> <span class='ocrx_word' id='word_1_847' title='bbox 1203 2417 1270 2451; x_wconf 75' lang='lat' dir='ltr'><strong>facie</strong></span> <span class='ocrx_word' id='word_1_848' title='bbox 1285 2416 1405 2450; x_wconf 76' lang='lat' dir='ltr'><strong>fremitus</strong></span> <span class='ocrx_word' id='word_1_849' title='bbox 1435 2413 1483 2444; x_wconf 78' lang='lat' dir='ltr'><strong>tui,</strong></span> <span class='ocrx_word' id='word_1_850' title='bbox 1500 2411 1628 2440; x_wconf 90' lang='lat' dir='ltr'><strong>similiter</strong></span> <span class='ocrx_word' id='word_1_851' title='bbox 1643 2410 1814 2445; x_wconf 79' lang='lat' dir='ltr'><strong>interpretati</strong></span> 
     </span>
    </p>
   </div>
   <div class='ocr_carea' id='block_1_110' title="bbox 1023 2455 1815 2497">
    <p class='ocr_par' dir='ltr' id='par_1_110' title="bbox 1023 2455 1815 2497">
     <span class='ocr_line' id='line_1_110' title="bbox 1023 2455 1815 2497; baseline -0.013 -6"><span class='ocrx_word' id='word_1_852' title='bbox 1023 2469 1097 2491; x_wconf 83' lang='lat' dir='ltr'><strong>sunt.</strong></span> <span class='ocrx_word' id='word_1_853' title='bbox 1117 2463 1190 2490; x_wconf 84' lang='lat' dir='ltr'><strong>Satis</strong></span> <span class='ocrx_word' id='word_1_854' title='bbox 1203 2463 1304 2497; x_wconf 84' lang='lat' dir='ltr'><strong>quippe</strong></span> <span class='ocrx_word' id='word_1_855' title='bbox 1317 2461 1385 2488; x_wconf 86' lang='lat' dir='ltr'><strong>mihi</strong></span> <span class='ocrx_word' id='word_1_856' title='bbox 1403 2463 1462 2486; x_wconf 84' lang='lat' dir='ltr'><strong>erat</strong></span> <span class='ocrx_word' id='word_1_857' title='bbox 1482 2457 1609 2485; x_wconf 81' lang='lat' dir='ltr'><strong>fremitus</strong></span> <span class='ocrx_word' id='word_1_858' title='bbox 1626 2456 1671 2482; x_wconf 91' lang='lat' dir='ltr'><strong>ille</strong></span> <span class='ocrx_word' id='word_1_859' title='bbox 1684 2456 1731 2490; x_wconf 90' lang='lat' dir='ltr'><strong>qui</strong></span> <span class='ocrx_word' id='word_1_860' title='bbox 1742 2455 1815 2482; x_wconf 85' lang='lat' dir='ltr'><strong>divi-</strong></span> 
     </span>
    </p>
   </div>
   <div class='ocr_carea' id='block_1_111' title="bbox 1023 2502 1815 2542">
    <p class='ocr_par' dir='ltr' id='par_1_111' title="bbox 1023 2502 1815 2542">
     <span class='ocr_line' id='line_1_111' title="bbox 1023 2502 1815 2542; baseline -0.013 -6"><span class='ocrx_word' id='word_1_861' title='bbox 1023 2509 1066 2536; x_wconf 88' lang='lat' dir='ltr'><strong>nis</strong></span> <span class='ocrx_word' id='word_1_862' title='bbox 1083 2508 1234 2542; x_wconf 77' lang='lat' dir='ltr'><strong>Scripturis</strong></span> <span class='ocrx_word' id='word_1_863' title='bbox 1248 2508 1302 2534; x_wconf 88' lang='lat' dir='ltr'><strong>tuis</strong></span> <span class='ocrx_word' id='word_1_864' title='bbox 1326 2505 1495 2534; x_wconf 81' lang='lat' dir='ltr'><strong>enuntiatur.</strong></span> <span class='ocrx_word' id='word_1_865' title='bbox 1510 2507 1537 2530; x_wconf 89' lang='lat' dir='ltr'><strong>et</strong></span> <span class='ocrx_word' id='word_1_866' title='bbox 1563 2502 1751 2529; x_wconf 85' lang='lat' dir='ltr'><strong>interminatio</strong></span> <span class='ocrx_word' id='word_1_867' title='bbox 1767 2508 1815 2535; x_wconf 86' lang='lat' dir='ltr'><strong>per</strong></span> 
     </span>
    </p>
   </div>
   <div class='ocr_carea' id='block_1_112' title="bbox 1023 2547 1815 2589">
    <p class='ocr_par' dir='ltr' id='par_1_112' title="bbox 1023 2547 1815 2589">
     <span class='ocr_line' id='line_1_112' title="bbox 1023 2547 1815 2589; baseline -0.013 -7"><span class='ocrx_word' id='word_1_868' title='bbox 1023 2555 1129 2582; x_wconf 87' lang='lat' dir='ltr'><strong>Nathan</strong></span> <span class='ocrx_word' id='word_1_869' title='bbox 1147 2555 1309 2589; x_wconf 86' lang='lat' dir='ltr'><strong>prophetam</strong></span> <span class='ocrx_word' id='word_1_870' title='bbox 1340 2553 1422 2579; x_wconf 87' lang='lat' dir='ltr'><strong>facta.</strong></span> <span class='ocrx_word' id='word_1_871' title='bbox 1449 2550 1502 2577; x_wconf 83' lang='lat' dir='ltr'><strong>Pro</strong></span> <span class='ocrx_word' id='word_1_872' title='bbox 1523 2549 1570 2576; x_wconf 93' lang='lat' dir='ltr'><strong>illo</strong></span> <span class='ocrx_word' id='word_1_873' title='bbox 1596 2551 1699 2580; x_wconf 88' lang='lat' dir='ltr'><strong>autem,</strong></span> <span class='ocrx_word' id='word_1_874' title='bbox 1716 2555 1732 2574; x_wconf 79' lang='grc' dir='ltr'><strong>α</strong></span> <span class='ocrx_word' id='word_1_875' title='bbox 1747 2547 1815 2581; x_wconf 73' lang='lat' dir='ltr'><strong>facie</strong></span> 
     </span>
    </p>
   </div>
   <div class='ocr_carea' id='block_1_113' title="bbox 1023 2596 1815 2636">
    <p class='ocr_par' dir='ltr' id='par_1_113' title="bbox 1023 2596 1815 2636">
     <span class='ocr_line' id='line_1_113' title="bbox 1023 2596 1815 2636; baseline -0.013 -8"><span class='ocrx_word' id='word_1_876' title='bbox 1023 2605 1190 2636; x_wconf 83' lang='lat' dir='ltr'><strong>peccatorum</strong></span> <span class='ocrx_word' id='word_1_877' title='bbox 1211 2607 1346 2630; x_wconf 82' lang='lat' dir='ltr'><strong>meorum,</strong></span> <span class='ocrx_word' id='word_1_878' title='bbox 1373 2596 1565 2633; x_wconf 74' lang='lat' dir='ltr'><strong>Symmachus,</strong></span> <span class='ocrx_word' id='word_1_879' title='bbox 1584 2600 1690 2629; x_wconf 85' lang='lat' dir='ltr'><strong>propter</strong></span> <span class='ocrx_word' id='word_1_880' title='bbox 1708 2597 1815 2627; x_wconf 83' lang='lat' dir='ltr'><strong>peccatu</strong></span> 
     </span>
    </p>
   </div>
   <div class='ocr_carea' id='block_1_114' title="bbox 1023 2640 1816 2681">
    <p class='ocr_par' dir='ltr' id='par_1_114' title="bbox 1023 2640 1816 2681">
     <span class='ocr_line' id='line_1_114' title="bbox 1023 2640 1816 2681; baseline -0.013 -6"><span class='ocrx_word' id='word_1_881' title='bbox 1023 2657 1090 2679; x_wconf 85' lang='lat' dir='ltr'><strong>mea,</strong></span> <span class='ocrx_word' id='word_1_882' title='bbox 1110 2647 1305 2681; x_wconf 87' lang='lat' dir='ltr'><strong>interpretatus</strong></span> <span class='ocrx_word' id='word_1_883' title='bbox 1335 2647 1386 2671; x_wconf 89' lang='lat' dir='ltr'><strong>est.</strong></span> <span class='ocrx_word' id='word_1_884' title='bbox 1413 2643 1487 2669; x_wconf 85' lang='lat' dir='ltr'><strong>Nihil</strong></span> <span class='ocrx_word' id='word_1_885' title='bbox 1504 2649 1587 2678; x_wconf 89' lang='lat' dir='ltr'><strong>porro</strong></span> <span class='ocrx_word' id='word_1_886' title='bbox 1611 2640 1760 2668; x_wconf 87' lang='lat' dir='ltr'><strong>absurdum</strong></span> <span class='ocrx_word' id='word_1_887' title='bbox 1774 2643 1816 2666; x_wconf 81' lang='lat' dir='ltr'><strong>est</strong></span> 
     </span>
    </p>
   </div>
   <div class='ocr_carea' id='block_1_115' title="bbox 1022 2688 1817 2722">
    <p class='ocr_par' dir='ltr' id='par_1_115' title="bbox 1022 2688 1817 2722">
     <span class='ocr_line' id='line_1_115' title="bbox 1022 2688 1817 2722; baseline -0.011 -1"><span class='ocrx_word' id='word_1_888' title='bbox 1022 2702 1084 2722; x_wconf 84' lang='lat' dir='ltr'><strong>ossa</strong></span> <span class='ocrx_word' id='word_1_889' title='bbox 1098 2693 1265 2720; x_wconf 83' lang='lat' dir='ltr'><strong>domesticos</strong></span> <span class='ocrx_word' id='word_1_890' title='bbox 1276 2699 1385 2718; x_wconf 82' lang='lat' dir='ltr'><strong>vocare.</strong></span> <span class='ocrx_word' id='word_1_891' title='bbox 1401 2690 1468 2717; x_wconf 86' lang='lat' dir='ltr'><strong>Nam</strong></span> <span class='ocrx_word' id='word_1_892' title='bbox 1480 2690 1503 2717; x_wconf 90' lang='lat' dir='ltr'><strong>si</strong></span> <span class='ocrx_word' id='word_1_893' title='bbox 1520 2689 1588 2717; x_wconf 90' lang='lat' dir='ltr'><strong>alter</strong></span> <span class='ocrx_word' id='word_1_894' title='bbox 1599 2688 1712 2715; x_wconf 90' lang='lat' dir='ltr'><strong>alterius</strong></span> <span class='ocrx_word' id='word_1_895' title='bbox 1728 2693 1817 2713; x_wconf 88' lang='lat' dir='ltr'><strong>mem-</strong></span> 
     </span>
    </p>
   </div>
   <div class='ocr_carea' id='block_1_116' title="bbox 1024 2738 1817 2773">
    <p class='ocr_par' dir='ltr' id='par_1_116' title="bbox 1024 2738 1817 2773">
     <span class='ocr_line' id='line_1_116' title="bbox 1024 2738 1817 2773; baseline -0.01 -5"><span class='ocrx_word' id='word_1_896' title='bbox 1024 2741 1072 2768; x_wconf 83' lang='lat' dir='ltr'><strong>bra</strong></span> <span class='ocrx_word' id='word_1_897' title='bbox 1086 2748 1195 2771; x_wconf 88' lang='lat' dir='ltr'><strong>sumus,</strong></span> <span class='ocrx_word' id='word_1_898' title='bbox 1213 2744 1240 2766; x_wconf 90' lang='lat' dir='ltr'><strong>et</strong></span> <span class='ocrx_word' id='word_1_899' title='bbox 1255 2738 1334 2773; x_wconf 89' lang='lat' dir='ltr'><strong>quasi</strong></span> <span class='ocrx_word' id='word_1_900' title='bbox 1353 2738 1380 2764; x_wconf 95' lang='lat' dir='ltr'><strong>in</strong></span> <span class='ocrx_word' id='word_1_901' title='bbox 1402 2744 1487 2764; x_wconf 88' lang='lat' dir='ltr'><strong>unmn</strong></span> <span class='ocrx_word' id='word_1_902' title='bbox 1507 2743 1610 2771; x_wconf 88' lang='lat' dir='ltr'><strong>corpus</strong></span> <span class='ocrx_word' id='word_1_903' title='bbox 1624 2742 1720 2761; x_wconf 85' lang='lat' dir='ltr'><strong>omnes</strong></span> <span class='ocrx_word' id='word_1_904' title='bbox 1740 2741 1817 2760; x_wconf 87' lang='lat' dir='ltr'><strong>com-</strong></span> 
     </span>
    </p>
   </div>
   <div class='ocr_carea' id='block_1_117' title="bbox 1026 2782 1817 2824">
    <p class='ocr_par' dir='ltr' id='par_1_117' title="bbox 1026 2782 1817 2824">
     <span class='ocr_line' id='line_1_117' title="bbox 1026 2782 1817 2824; baseline -0.011 -9"><span class='ocrx_word' id='word_1_905' title='bbox 1026 2789 1178 2824; x_wconf 78' lang='lat' dir='ltr'><strong>pingimur,</strong></span> <span class='ocrx_word' id='word_1_906' title='bbox 1193 2791 1267 2814; x_wconf 88' lang='lat' dir='ltr'><strong>certe</strong></span> <span class='ocrx_word' id='word_1_907' title='bbox 1285 2793 1348 2813; x_wconf 88' lang='lat' dir='ltr'><strong>ossa</strong></span> <span class='ocrx_word' id='word_1_908' title='bbox 1367 2785 1491 2820; x_wconf 78' lang='lat' dir='ltr'><strong>singulos</strong></span> <span class='ocrx_word' id='word_1_909' title='bbox 1508 2783 1586 2811; x_wconf 82' lang='lat' dir='ltr'><strong>nobis</strong></span> <span class='ocrx_word' id='word_1_910' title='bbox 1612 2782 1753 2817; x_wconf 76' lang='lat' dir='ltr'><strong>proximos</strong></span> <span class='ocrx_word' id='word_1_911' title='bbox 1769 2788 1817 2814; x_wconf 80' lang='lat' dir='ltr'><strong>ap-</strong></span> 
     </span>
    </p>
   </div>
   <div class='ocr_carea' id='block_1_118' title="bbox 1353 2869 1816 2905">
    <p class='ocr_par' dir='ltr' id='par_1_118' title="bbox 1353 2869 1816 2905">
     <span class='ocr_line' id='line_1_118' title="bbox 1353 2869 1816 2905; baseline -0.022 1"><span class='ocrx_word' id='word_1_912' title='bbox 1353 2877 1375 2894; x_wconf 78' lang='lat'><strong>&quot;</strong></span> <span class='ocrx_word' id='word_1_913' title='bbox 1395 2876 1460 2905; x_wconf 88' lang='lat' dir='ltr'><strong>ibid.</strong></span> <span class='ocrx_word' id='word_1_914' title='bbox 1510 2874 1532 2890; x_wconf 81' lang='grc'><strong>⁹⁰</strong></span> <span class='ocrx_word' id='word_1_915' title='bbox 1551 2873 1624 2902; x_wconf 82' lang='lat' dir='ltr'><strong>Psal.</strong></span> <span class='ocrx_word' id='word_1_916' title='bbox 1646 2879 1745 2903; x_wconf 54' lang='lat' dir='ltr'><strong>XXXIV,</strong></span> <span class='ocrx_word' id='word_1_917' title='bbox 1773 2869 1816 2897; x_wconf 76' lang='grc'><strong>15.</strong></span> 
     </span>
    </p>
   </div>
  </div>
