2056 3214
157 181 211 211 δίε

725 186 977 215 comssurus
998 187 1031 215 IN
1052 187 1221 216 μελικοῦ.
1250 178 1277 206 ’³)
1297 161 1320 190 (δ

1739 192 1791 220 356

155 242 366 279 τῶνόρθιλμῶν
392 253 442 280 μου
455 245 637 282 ἁναχωρῆσάν
654 255 716 282 μου,
727 246 791 279 τούς
809 256 838 274 τε
855 247 943 282 φίλους

999 248 1090 280 levoli,
1109 247 1190 275 locuti
1204 251 1265 274 sunt
1280 248 1346 275 mihi
1363 249 1503 280 vanitates,
1519 249 1605 277 malas
1631 249 1697 277 mihi
1717 251 1792 279 intus

157 288 203 315 καὶ
225 289 290 320 τοὺς
307 290 420 324 πλησεον
445 291 554 327 μακρὰν
577 292 756 327 γενομένους,
777 292 947 327 παραχρῆμα

154 335 373 370 ἐπιπηδήσαντες
386 336 557 369 ἐξεὸιάζοντο
570 339 620 374 τὴν
636 339 725 374 ψυχήν
745 347 795 374 μου
811 346 819 354 ·
843 339 891 365 καὶ
910 338 948 369 ὡς

153 381 187 408 ἂν
203 382 358 409 ἐθελόκακοι
379 383 537 418 ἐλάλησάν
557 393 609 420 μοι
635 386 847 419 ματαιότητος,
876 384 949 411 ἔνδον

154 427 351 460 ὐποδὰλλοντές
368 437 417 464 μου
430 430 471 461 εις
478 430 528 466 τὴν
538 430 627 466 ψυχὴν
640 430 773 466 ματαίους
786 430 947 465 λογισμούς·

153 473 267 506 ἀγαθοῖς
279 473 419 507 ἐδελέαζον
434 477 611 509 καθέλκοντές
634 486 667 513 με
681 478 720 509 εἰς
732 478 781 514 τὴν
797 478 945 514 ἁμαρτίαν.

194 521 268 557 Ἐγὼ
287 520 323 548 δὲ
344 523 416 550 ὡσεὶ
447 523 548 558 κωφὸς
571 525 627 551 οὐκ
654 525 776 559 ἤκουον,
799 520 847 552 hat
872 525 944 551 ὡσεὶ

152 567 269 601 ἄλαλος
293 569 350 595 οὐκ
373 569 503 605 ἀνοίγων
526 570 557 597 τὸ
573 571 671 605 στόμα
696 571 799 598 αὑτοῦ.
819 572 945 606 Καὶέγε-

151 614 251 648 νόμην
264 614 337 641 ὡσεὶ
358 614 514 649 ἄνθρωπος
532 617 587 643 οὐκ
601 617 729 648 ἀκούων,
742 617 790 643 καὶ
802 618 857 643 οὐκ
868 617 947 652 ἔχων

150 660 187 687 ἐν
211 659 254 694 τῷ
279 661 405 696 στόματι
433 661 526 689 αὐτοῦ
550 662 706 697 ἐλεγμούς.
734 663 809 688 Ἐπεὶ
830 663 945 695 τούτοις,

151 705 246 740 φησὶν.
263 705 340 733 οὐδὲν
371 705 443 742 εἶχον
455 708 544 742 λέγειν
568 708 698 743 αἰσχύνης
714 708 927 744 πεπληρωμένος
937 717 944 724 ο

150 753 229 779 οὐδὲν
245 753 300 788 γάρ
318 761 363 788 μοι
380 753 459 787 λόγος
484 752 517 790 ἢν
541 754 608 790 πρὸς
631 753 788 788 ἀπολογίαν,
803 754 857 780 οὐδ’
874 752 945 789 εἶχόν

151 803 212 822 τινα
226 797 281 828 τοῖς
305 795 413 832 ἐχθροῖς
436 797 672 833 προσφθέγγεσϐαι
689 798 764 830 ama
784 799 831 825 ὑπ’
855 799 945 825 αὐτῶν

149 841 344 877 νενικημένος-
358 843 408 869 οὑκ
431 843 542 879 ἐμαυτῷ
565 844 684 880 Θαρρὦν,
702 845 756 871 οὐδ’
781 844 864 880 ἄλλην
884 845 944 871 τινὰ

151 887 205 923 πρὸ
214 887 362 923 ὀφθαλμῶν
380 887 494 924 θέμενος
516 890 610 917 ἐλπίδα
634 891 650 926 ἢ
680 891 719 923 σὲ,
734 892 770 918 τὰ
785 892 835 927 τῆς
847 892 945 924 ἰάσεως

150 930 310 967 ὑπέγραφον
322 933 444 968 ἐμαυτῷ,
465 934 542 961 Ἐπεὶ
568 933 613 962 οὖν
625 936 673 962 ἐπὶ
691 936 729 962 σὲ
747 936 874 970 ἤλπισα,
888 938 945 964 Κύ-

148 985 209 1010 ριε,
225 978 245 1011 ἠ
273 977 302 1004 δὲ
319 978 407 1012 ἐλπὶς
427 981 463 1006 οὐ
487 982 699 1016 καταισχύνει·
721 982 764 1008 διὰ
791 983 870 1009 τοῦτο
888 984 945 1009 εἰσ--

149 1021 266 1058 among,
275 1022 316 1049 ὅτι
330 1023 444 1059 οελητὴς
458 1024 550 1058 ἐλέους
563 1024 597 1057 εἴ,
610 1027 657 1054 καὶ
669 1027 698 1053 οὺ
715 1027 801 1060 θέλεις
812 1028 857 1054 τὸν
868 1028 947 1055 θάνα-

149 1076 195 1095 τον
215 1068 262 1095 τοῦ
289 1069 465 1104 ἀμαρτωλοῦ,
491 1071 528 1104 ὡς
548 1073 597 1110 τὴν
619 1073 763 1108 μετάνοιαν
779 1074 871 1101 αὑτοῦ.
889 1075 944 1106 Διὸ,

149 1112 264 1146 ἐλπίσας
288 1115 335 1141 ἐπὶ
360 1115 401 1147 σὲ,
419 1117 535 1143 ἱκετεύω
559 1118 608 1153 τῆς
630 1118 705 1154 παρὰ
723 1119 770 1145 σοῦ
797 1119 945 1154 θεραπείας

148 1161 259 1195 τυχεῖν·
282 1160 405 1194 Μήποτε
432 1162 598 1196 ἐπιχαρῶσί
622 1173 673 1199 μοι
693 1166 720 1192 οἱ
748 1166 848 1199 ἐχθροί
873 1175 943 1200 μου,

149 1206 227 1233 οὔπω
249 1207 298 1242 μὲν
323 1207 378 1242 γὰρ
404 1208 544 1240 παντελῶς
566 1210 716 1246 ἐχάρησαν.
734 1211 944 1247 Ἐπιχαροῦνται

149 1252 194 1284 δὲ,
207 1253 232 1278 ει
251 1252 289 1289 μὴ
303 1253 412 1290 τύχοιμι
425 1255 472 1281 τοῦ
487 1255 534 1281 σοῦ
559 1256 661 1288 ἐλέους.
685 1257 755 1283 Ἀλλ’
769 1257 813 1284 ἵνα
834 1257 871 1293 μὴ
885 1259 944 1284 ἐπι-

149 1299 259 1334 χαρείέν
277 1308 322 1335 μοι
335 1301 359 1326 οἱ
373 1300 465 1337 ἐχθροί
483 1310 545 1337 μου,
558 1302 582 1328 οξ
597 1302 646 1338 ἤδη
659 1304 705 1329 καὶ
718 1303 851 1340 πρότερον
864 1305 893 1330 ὲν
904 1303 943 1339 τῷ

151 1343 314 1379 σαλευθῆναι
328 1345 411 1377 πόδας
427 1354 477 1381 μου
501 1348 835 1383 μεγαλορῤημονήσανης,
849 1349 895 1375 ἐπὶ
914 1349 943 1375 σὲ

150 1389 314 1424 κατέφυγον,
326 1391 372 1417 καί
384 1400 454 1427 φημι
466 1401 473 1407 ·
492 1392 540 1426 Μὴ
557 1395 810 1428 καταισχυνθείην
828 1396 871 1428 εἰς
891 1395 944 1422 τὸν

149 1435 252 1464 ultima.
263 1436 300 1463 Οὐ
309 1437 363 1472 γὰρ
373 1437 460 1473 πάντη
473 1439 670 1475 περιετράπην,
687 1440 748 1466 οὐδὲ
763 1440 863 1475 πτῶμα
879 1441 943 1467 ἐπε-

151 1490 198 1509 σον
208 1482 338 1515 τοιοῦτον,
353 1481 408 1510 οἷον
421 1484 445 1510 οἱ
458 1484 611 1512 ἀποστάται
626 1493 673 1511 σου
689 1486 839 1521 γενόμενοι.

150 1581 204 1608 ΕΙΣ
214 1582 258 1608 ΤΟ
274 1583 384 1609 ΤΕᾹΟΣ
399 1583 442 1609 ΤΩ
454 1582 602 1618 ΙΔΙΘυΥΜ,
616 1585 681 1611 (Ml!
700 1586 742 1612 ΤΩ
758 1586 858 1612 ΔΛΥΙΔ
874 1587 939 1613 ΑΠ’.

186 1667 289 1703 Πολλὴν
305 1668 334 1694 δὲ
361 1667 510 1704 ἐμφέρειαν
533 1669 643 1705 ἔχειτὰ
667 1671 696 1697 ὲν
716 1671 749 1706 τῇ
773 1672 943 1708 προκειμένῃ

149 1712 209 1748 ᾠδῇ
225 1713 357 1747 λεγόμενα
377 1717 434 1747 τοῖς
454 1716 484 1742 ὲν
499 1715 538 1751 τῷ
560 1717 612 1752 πρὸ
627 1717 722 1743 τούτου
740 1717 849 1753 ψαλμῷ.
872 1718 942 1745 Ἀλλ’

150 1760 256 1786 ἐκεῖνον
272 1760 320 1795 μὲν
332 1761 346 1787 ὁ
364 1760 446 1787 Δαυῖδ
461 1761 580 1796 ψάλλων,
602 1763 645 1795 εὶς
663 1762 836 1798 ἀνάμνησιν
853 1763 942 1799 ἑαυτῷ

149 1804 327 1832 συνέταττεν·
360 1804 435 1838 οὗτος
448 1807 477 1833 δὲ
500 1807 548 1843 ἤδη
572 1809 618 1835 καὶ
641 1809 751 1845 ἑτέρους
773 1809 941 1845 παραδίδωσι

147 1850 212 1881 τοὺς
223 1849 256 1877 τὰ
272 1851 352 1886 ὃμοια
366 1851 534 1883 πεπονθότας
549 1852 633 1888 αὐτῷ,
649 1854 693 1880 διὰ
711 1854 760 1889 τῆς
773 1854 833 1890 ἴσης
846 1855 942 1890 ἐξομο-

148 1895 287 1930 λογήσεως
299 1896 397 1931 ζηλοῦν
407 1898 487 1924 αὑτὸν
513 1898 560 1924 καὶ
581 1900 722 1934 μιμεῖσθαι
743 1900 878 1927 παιδεύων
891 1909 898 1915 ·
917 1901 942 1927 εἰ

151 1942 188 1977 μὴ
196 1942 250 1976 ἄρα
265 1943 296 1969 τὸ
310 1943 423 1979 Πνεῦμα
439 1944 470 1970 τὸ
484 1944 560 1980 ἅγιον
575 1945 618 1972 διὰ
639 1945 685 1972 τοῦ
713 1946 830 1982 Ἱδιθοὺμ
855 1946 942 1973 ταῦτα

148 1987 193 2013 τὺν
207 1987 288 2015 Δαυῒδ
298 1989 423 2016 ἐδίδασκε
436 1990 536 2024 λέγειν.
560 1990 671 2023 Ἠξίωτο
687 1991 740 2027 γὰρ
762 1993 809 2018 καὶ
832 1993 913 2024 αὐτὸς
928 1994 942 2019 ό

155 2032 272 2068 Ὶδιθοῦμ
287 2033 441 2068 πνεύματος
459 2037 640 2071 προφητικοῦ.
665 2037 844 2072 Μανθάνομεν
859 2037 887 2063 δὲ
899 2037 943 2064 διὰ

148 2079 203 2106 τῶν
221 2081 420 2117 προκειμένων,
434 2082 472 2114 ὡς
495 2082 550 2118 ἄρα
567 2083 698 2118 προσήκει
722 2083 836 2110 ἕκαστον
855 2083 942 2119 ἐαυτῷ

148 2126 330 2161 διαλέγεσθαι,
355 2129 421 2164 μηδὲ
447 2129 605 2165 περιμένειν
624 2130 686 2162 τοὺς
700 2129 799 2162 ἔξωθεν
817 2129 943 2156 διδασκά-

147 2173 221 2205 λους,
248 2174 329 2201 αὑτὸν
344 2175 378 2201 δι’
401 2175 499 2202 ἑαυτοῦ
528 2175 746 2212 προσομιλοῦντα
768 2175 807 2210 τῷ
821 2174 943 2210 λογισμῴ

148 2219 195 2246 καὶ
209 2221 242 2254 τῇ
262 2220 375 2256 διανοίᾳ.

1000 293 1180 329 cogitationes
1197 298 1392 329 suggerentes;
1408 295 1462 321 imo
1475 295 1558 322 etiam
1573 295 1668 324 dolose
1686 296 1792 324 demul-

1002 344 1095 367 centes
1122 347 1153 367 ac
1172 340 1356 374 decipientes,
1381 341 1462 375 quasi
1486 341 1520 368 ad
1538 341 1609 369 bona
1632 343 1792 370 inescabant

1002 393 1057 417 me,
1073 385 1137 412 dum
1153 385 1181 412 in
1199 391 1340 420 peccatum
1358 386 1542 414 detraherent.

968 430 1037 458 ἀλλὰ
1051 431 1096 458 καὶ
1111 431 1160 458 σὺν
1173 431 1242 467 δόλῳ
1255 431 1393 466 θέλγοντες
1411 432 1458 459 καὶ
1478 433 1647 467 ἀπατῶντες,
1678 435 1716 467 ὡς
1745 435 1791 463 επὶ

1035 522 1117 550 Vens.
1149 523 1192 550 Π.
1221 522 1276 558 Ego
1308 528 1396 550 autem
1441 528 1565 558 tanquam
1597 525 1695 553 surdus
1735 536 1789 556 mm

999 568 1147 600 audiebam,
1176 573 1198 595 et
1222 569 1289 594 sicut
1312 573 1400 594 mutus
1427 576 1479 595 non
1505 569 1624 603 aperiens
1649 579 1677 598 os
1700 580 1787 600 suum.

1000 613 1034 640 Et
1045 614 1131 648 [actus
1147 622 1206 641 sum
1218 615 1286 641 sicut
1301 614 1378 640 Immo
1394 623 1445 641 non
1458 615 1579 649 audiens,
1591 622 1679 644 etnon
1693 617 1789 647 habens

998 660 1027 686 in
1038 668 1081 687 ore
1107 668 1154 687 tuo
1176 660 1386 695 redargutiones.
1409 660 1544 693 Quoniam
1558 681 1565 693 ,
1593 661 1702 697 inquit,
1724 664 1790 692 mihi

999 705 1104 740 pudore
1133 705 1249 737 suﬂ'uso,
1273 705 1342 732 nihil
1371 707 1533 741 suppetebat
1552 707 1625 742 quod
1648 708 1789 744 dicerem:

999 751 1092 779 nullus
1107 753 1208 787 quippe
1230 751 1263 778 ad
1279 751 1467 778 defensionem
1485 759 1576 778 sermo
1597 754 1788 787 succurrebat,

999 805 1088 833 neque
1112 798 1250 829 inimicos.
1269 797 1351 825 semel
1373 797 1407 824 ab
1422 797 1456 825 iis
1471 798 1571 829 victus,
1589 799 1690 834 alloqui
1715 801 1789 828 vale-

997 843 1071 875 bam,
1086 843 1153 870 mihi
1170 851 1223 871 non
1243 843 1340 874 ﬁdens,
1359 851 1447 879 neque
1461 843 1540 870 aliam
1558 848 1656 878 praeter
1670 850 1696 873 te
1713 853 1787 881 spem

997 897 1053 925 pm
1075 889 1165 918 oculis
1184 890 1297 922 habens,
1324 889 1397 916 hunc
1413 888 1480 915 mihi
1498 889 1650 918 curationis
1676 892 1788 919 modum

997 935 1164 970 praescripsi.
1186 935 1318 969 Quoniam
1337 935 1420 970 igitur
1442 936 1469 962 in
1486 940 1509 963 te
1526 937 1639 970 speravi.
1666 937 1787 971 Domine,

996 989 1053 1016 spes
1078 986 1169 1008 autem
1189 990 1241 1008 non
1264 981 1402 1016 confundit
1415 981 1457 1014 ’5;
1475 981 1536 1009 ideo
1561 983 1702 1014 exaudies,
1724 985 1787 1018 quia

997 1026 1217 1054 misericordiam
1241 1027 1294 1059 vis,
1318 1034 1408 1061 neque
1425 1026 1466 1053 vis
1482 1030 1597 1054 mortem
1614 1029 1780 1062 peccatoris.

997 1072 1044 1100 sed
1064 1072 1250 1108 pmnitentiam
1270 1072 1339 1106 ejus.
1358 1072 1448 1105 Quare
1478 1080 1541 1099 cum
1571 1073 1597 1099 in
1615 1077 1642 1100 te
1661 1081 1788 1108 sperave-

996 1117 1059 1150 rim,
1078 1118 1193 1145 obsecro
1220 1123 1295 1144 tuam
1321 1118 1388 1144 mihi
1415 1119 1584 1145 curationem
1609 1119 1733 1147 obtinere
1755 1120 1787 1146 li-

995 1163 1238 1200 ceat2Nequando
1266 1164 1478 1199 supergaudeant
1506 1165 1571 1191 milii
1597 1165 1699 1192 inimici
1723 1167 1785 1198 mei,

994 1212 1117 1239 nondum
1132 1212 1205 1239 enim
1222 1212 1331 1246 penitus
1348 1212 1434 1246 gavisi
1448 1215 1521 1239 sunt.
1542 1212 1787 1247 Supergaudebunt

995 1261 1096 1290 autem,
1112 1257 1166 1284 nisi
1180 1256 1396 1284 misericordiam
1410 1264 1564 1292 consequar
1578 1262 1651 1284 tuam
1665 1267 1671 1285 :
1690 1259 1738 1285 sed
1752 1266 1787 1287 ne

993 1303 1213 1339 supergaudeant
1242 1303 1308 1330 mihi
1335 1303 1438 1330 inimici
1466 1304 1529 1335 mei,
1556 1304 1602 1338 qui
1625 1304 1681 1339 jam
1706 1311 1786 1332 antea

993 1357 1056 1377 cum
1078 1353 1318 1377 commoverentur
1335 1349 1417 1384 pedes
1440 1349 1491 1376 mei
1512 1357 1611 1383 magna
1636 1350 1786 1384 loqueban-

993 1400 1049 1429 tur,
1062 1396 1095 1423 ad
1110 1399 1136 1423 te
1153 1395 1275 1431 confugi,
1294 1402 1326 1422 ac
1340 1395 1414 1426 dico,
1428 1394 1489 1422 Non
1505 1395 1654 1429 confundar
1669 1396 1696 1422 in
1710 1401 1787 1423 arter-

994 1451 1068 1470 num.
1089 1441 1183 1477 Neque
1206 1442 1277 1469 enim
1300 1441 1409 1476 penitus
1427 1449 1541 1468 eversus
1556 1449 1628 1473 sum.
1651 1449 1738 1476 neque
1757 1442 1785 1469 in

994 1487 1076 1514 talem
1090 1487 1197 1514 ruinam
1220 1487 1350 1522 delapsus
1370 1486 1478 1521 qualem
1494 1486 1512 1513 ii
1525 1486 1572 1521 qui
1589 1486 1637 1513 abs
1661 1490 1687 1514 te
1707 1494 1785 1521 prur-

954 1539 976 1569 ρ
993 1541 1040 1561 sus
1060 1532 1230 1560 defecerunt.

1030 1587 1056 1615 Ι.
1075 1587 1108 1614 ΙΝ
1128 1586 1233 1614 FINEM
1255 1585 1412 1617 lDlTHUM,
1433 1585 1609 1614 CANTICUM
1631 1585 1747 1615 DAVIZD.

1302 1621 1445 1648 XXXVIII.

1028 1668 1094 1701 Quae
1109 1668 1136 1694 in
1155 1668 1206 1694 hoc
1229 1668 1337 1695 cantico
1361 1671 1470 1695 exstant
1490 1667 1603 1694 multam
1627 1666 1784 1694 aﬂinitatem

993 1714 1094 1742 habent
1109 1722 1171 1741 cum
1195 1714 1229 1741 iis
1246 1721 1307 1749 qua
1330 1713 1356 1740 in
1383 1713 1544 1748 praecedenti
1563 1713 1666 1748 psalmo
1690 1714 1786 1748 legun-

994 1764 1048 1787 tur.
1067 1759 1120 1787 Sed
1143 1760 1219 1786 illum
1245 1760 1354 1794 quidem
1375 1759 1495 1794 psallens
1508 1758 1591 1786 David
1610 1759 1637 1785 in
1662 1767 1786 1786 rememo-

994 1807 1124 1833 ratianem
1147 1805 1199 1832 sibi
1221 1805 1391 1840 composuit;
1408 1805 1452 1832 hic
1466 1813 1530 1832 vero
1549 1809 1643 1832 narrat
1658 1806 1727 1833 alios
1746 1806 1785 1833 si-

994 1853 1069 1880 milia
1086 1860 1244 1888 perpessos,
1261 1860 1332 1887 quos
1343 1852 1375 1879 ad
1391 1852 1433 1879 sui
1448 1852 1626 1878 imitationem
1645 1859 1676 1879 ac
1692 1860 1784 1879 exem-

994 1899 1067 1934 plum
1082 1898 1115 1926 de
1135 1906 1165 1926 se
1187 1898 1350 1925 sumendum
1365 1897 1497 1925 instituit.
1514 1897 1570 1924 Nisi
1587 1897 1704 1925 fortasse
1721 1897 1784 1932 Spi-

993 1945 1063 1972 ritus
1083 1948 1196 1972 sanctus
1216 1943 1343 1970 lditbumi
1358 1943 1511 1971 ministerio
1531 1943 1658 1970 Davidem
1676 1943 1709 1970 ad
1726 1944 1783 1971 haec

993 1991 1109 2018 dicenda
1126 1990 1271 2018 erudierit.
1296 1989 1364 2016 Nam
1390 1989 1448 2024 ipse
1467 1997 1576 2024 quoque
1591 1988 1706 2016 ldilbum
1729 1990 1783 2024 spi-

993 2037 1046 2064 ritu
1063 2036 1223 2071 propbetico
1245 2035 1373 2069 dignatus
1391 2034 1488 2061 fuerat.
1509 2033 1558 2061 llis
1573 2041 1656 2069 porro
1679 2034 1781 2061 edisci—

993 2091 1056 2110 mus
1076 2089 1126 2118 par
1142 2089 1202 2109 esse
1220 2081 1343 2115 singulos
1367 2088 1460 2108 secum
1475 2079 1606 2114 colloqui.
1623 2087 1712 2114 neque
1734 2088 1783 2107 ex-

993 2129 1131 2156 trinsecus
1154 2127 1301 2163 magistros
1322 2130 1492 2162 exspectare,
1517 2125 1566 2153 sed
1589 2126 1735 2153 ratiocinio
1754 2131 1782 2153 et

993 2174 1159 2211 cogitatione
1172 2181 1313 2202 sermones
1328 2180 1421 2200 secum
1433 2172 1569 2200 conferre.

183 2263 263 2292 Εἷπα
272 2275 278 2282 ι
294 2267 421 2299 Φυλάξω
433 2267 486 2301 τὰς
502 2268 592 2301 ὁδούς
599 2277 668 2303 μου.
681 2269 748 2295 Κατ’
761 2268 851 2300 αὑτὸν,
862 2269 938 2304 φησὶ,

1030 2265 1112 2293 Vens.
1128 2264 1185 2297 2,3.
1208 2264 1271 2290 Dixi
1284 2272 1293 2290 :
1310 2263 1464 2291 Custodiam
1477 2263 1532 2289 vias
1550 2271 1631 2290 meas.
1649 2262 1722 2297 Ipso.
1739 2262 1783 2289 iu-

148 2311 193 2338 τὸν
207 2312 303 2347 καιρὸν
333 2312 380 2338 τοῦ
403 2313 569 2348 πειρασμοῦ,
587 2314 813 2344 ὲπαναὸαίνοντός
834 2322 879 2349 μοι
894 2313 941 2340 τοῦ

148 2357 197 2392 τὴν
225 2358 362 2393 ἁμαρτίαν
385 2359 571 2394 ἐνεργοῦντος,
585 2358 643 2393 ἐγὼ
664 2360 788 2393 ἔλεγον·
818 2358 943 2391 Φυλάξω

148 2404 202 2436 τὰς
221 2403 311 2437 ὀδούς
327 2413 387 2437 μου
408 2404 460 2431 τοῦ
476 2404 519 2439 μὴ
547 2403 728 2439 ἁμαρτάνειν
750 2404 786 2430 ἐν
815 2404 941 2439 γλώσσῃ

145 2458 217 2484 μου.
238 2450 306 2476 Τότε
327 2451 355 2476 δὲ
378 2451 428 2477 καὶ
440 2450 552 2485 ἐθέμην
569 2450 610 2483 τῷ
625 2451 752 2486 στόματί
764 2459 823 2485 μου
845 2452 943 2485 gula--

149 2495 221 2529 κήν·
242 2497 292 2522 καὶ
320 2496 482 2530 ἐκωερὼθην
510 2496 558 2523 καὶ
579 2496 791 2530 ἑταπεινώθην,
809 2497 856 2523 καὶ
880 2497 943 2523 ἐσί-

148 2549 230 2576 τησα
244 2542 279 2574 ἐξ
298 2542 426 2575 ἀγαθῶν.
447 2543 476 2568 '0
487 2542 515 2568 δὲ
536 2543 683 2578 Σύμμαχος
702 2542 789 2574 οὕτως
809 2543 943 2578 ἡρμήνευ-

150 2594 212 2613 σεν·
229 2585 339 2614 Εἶπον·
358 2587 486 2620 Φυλάξω
500 2587 552 2621 τὰς
562 2588 652 2622 ὁδούς
659 2598 729 2623 μου,
742 2589 785 2623 μὴ
800 2588 943 2623 ἁμαρτεῖν

149 2632 198 2660 διὰ
216 2632 272 2666 τῆς
291 2633 436 2668 γλώσσης
462 2643 532 2669 μου.
562 2634 690 2667 Φυλάξω
709 2635 742 2661 τὸ
763 2635 860 2669 στόμα
881 2643 942 2669 μου

148 2679 237 2713 φιμῷ,
252 2680 295 2706 ἔτι
311 2680 398 2714 ὄντος
412 2680 543 2714 ἀσεϐοῦς
561 2681 595 2713 ἐξ
615 2681 755 2714 ἐναντίας
767 2689 837 2715 μου.
855 2681 941 2707 ’Ἁλα-

147 2728 203 2759 Joc
217 2726 364 2761 ἐγενόμην
383 2726 466 2762 σιγῇ,
481 2726 654 2761 ἐσιωπήθην
667 2727 710 2762 μὴ
727 2726 770 2754 ὢν
784 2728 819 2753 ἑν
831 2726 940 2761 ἀγαθῷ.

155 2772 236 2809 Ὁρᾷς
250 2773 312 2799 τίνα
323 2773 425 2808 τρόπον
440 2773 489 2808 τὴν
499 2774 588 2800 αἰτίαν
600 2773 647 2800 τοῦ
662 2774 700 2809 μὴ
712 2773 814 2809 τολμᾷν
828 2773 942 2808 διαίρειν

149 2818 178 2844 τὸ
195 2818 284 2852 στόμα
301 2818 420 2850 ἐδίδαξεν
444 2819 528 2845 εἰπών
540 2829 545 2834 ·
558 2818 615 2845 Καὶ
639 2818 796 2850 ἐσιώπησα
819 2817 853 2850 ἐξ
870 2817 942 2852 ἀγα-

149 2862 219 2894 θῶν,
248 2864 276 2898 ἢ,
298 2862 472 2898 ἐσίω-τήθην
486 2862 529 2898 μὴ
553 2863 595 2890 ὢν
618 2863 652 2892 ὲν
677 2862 787 2899 ἀγαθῷ,
810 2862 879 2900 κατὰ
898 2862 944 2889 τὸν

186 2942 208 2958 ’⁸
228 2940 308 2970 Rom.
326 2950 352 2976 ν,
372 2942 398 2970 5.

992 2313 1066 2347 quit,
1079 2311 1380 2344 tentationislempore,
1398 2309 1542 2336 invadente
1556 2316 1598 2335 me
1613 2308 1717 2343 peccati
1735 2315 1782 2334 au-

993 2361 1079 2389 ctore,
1095 2364 1142 2391 ego
1155 2356 1213 2382 dixi
1230 2355 1405 2382 :Custodiam
1418 2355 1474 2381 vias
1490 2362 1572 2382 nicas.
1586 2358 1614 2380 ut
1629 2361 1681 2380 mm
1697 2352 1780 2380 delin-

991 2410 1071 2438 quam
1089 2402 1117 2428 in
1131 2401 1221 2436 lingua
1238 2408 1305 2427 nica.
1324 2399 1403 2427 Tunc
1419 2407 1493 2430 vero,
1509 2399 1587 2432 posui
1606 2398 1648 2424 ari
1663 2407 1718 2425 meo
1735 2407 1781 2425 cu—

992 2448 1108 2474 stodiam
1121 2455 1130 2474 :
1145 2447 1263 2474 obmutui
1285 2450 1310 2472 et
1327 2445 1482 2472 humiliatus
1497 2453 1567 2476 sum,
1583 2449 1608 2471 et
1623 2445 1687 2471 silui
1702 2455 1718 2472 a
1734 2445 1781 2473 bo-

992 2494 1044 2521 uis.
1059 2493 1240 2529 Symmachus
1257 2496 1346 2519 autem
1360 2492 1400 2520 sic
1416 2491 1612 2526 interpretatus
1627 2496 1678 2523 est,
1695 2491 1779 2519 Dixi:

992 2539 1148 2566 Custodiam
1176 2539 1230 2565 vias
1256 2545 1339 2569 meas,
1355 2542 1384 2564 ut
1410 2545 1462 2563 non
1486 2536 1637 2570 delinquam
1661 2545 1707 2571 per
1727 2537 1780 2564 lin-

991 2593 1070 2620 guam
1085 2592 1181 2612 meam.
1203 2582 1358 2610 Custodiam
1375 2591 1403 2609 σε
1418 2590 1503 2609 meum
1521 2582 1606 2616 frena,
1622 2591 1682 2609 cum
1694 2583 1780 2610 adhuc

992 2632 1026 2658 sit
1038 2631 1136 2665 impius
1149 2629 1288 2657 adversum
1306 2637 1355 2655 me.
1377 2627 1468 2655 Mutus
1480 2628 1567 2663 [actus
1588 2637 1645 2655 sum
1661 2629 1777 2660 silentia,

993 2677 1065 2704 tacui
1081 2677 1107 2703 in
1122 2676 1188 2703 bono
1204 2684 1255 2702 non
1275 2675 1401 2702 existens.
1423 2673 1519 2701 Viden‘
1539 2682 1594 2709 quo
1617 2678 1697 2709 pacto
1716 2682 1779 2701 eau-

991 2731 1049 2751 sam
1066 2724 1171 2754 all‘erat,
1197 2730 1247 2749 cur
1268 2730 1322 2748 non
1346 2720 1445 2748 audeat
1458 2729 1490 2748 os
1515 2721 1621 2756 aperire
1646 2728 1708 2748 cum
1728 2721 1777 2752 ait,

991 2775 1016 2797 et
1034 2770 1096 2796 silui
1110 2777 1126 2795 a
1144 2768 1236 2799 bonis;
1252 2767 1294 2794 vel
1309 2766 1459 2795 secundum
1477 2766 1679 2802 Symmachum,
1695 2767 1777 2798 tacui,

993 2816 1021 2843 in
1041 2815 1108 2842 bono
1131 2823 1183 2842 non
1201 2814 1338 2841 existens?
1350 2813 1418 2841 Cum
1434 2814 1506 2841 enim
1521 2813 1548 2840 in
1566 2812 1646 2840 bonis
1662 2819 1715 2840 non
1732 2819 1779 2838 ex—

994 2862 1117 2894 istcrom,
1140 2867 1229 2896 neque
1248 2858 1376 2887 ﬁduciam
1394 2859 1531 2892 haberem,
1543 2857 1701 2886 recordatus
1717 2864 1777 2885 sum
