2056 3214
272 180 326 208 διτ

629 174 763 203 EUSEBII
782 170 1022 201 CESARIENSIS
1044 169 1109 197 OPP
1134 168 1224 196 PARS
1238 167 1281 195 lil.
1304 183 1337 188 —
1357 166 1562 195 EXEGETICA.

1847 167 1898 195 Si!

273 238 334 272 ejus
355 235 400 272 qui
417 236 455 263 ait
472 245 477 262 :
493 235 623 265 Peccasti,
646 235 747 269 quiesce
759 233 782 248 "
797 242 803 259 :
828 239 914 267 quare
930 231 1002 257 tacui
1031 230 1057 256 in

1113 228 1271 263 Σύμμαχον;
1288 226 1333 261 Μὴ
1349 234 1402 262 γαρ
1413 225 1451 252 ὢν
1479 227 1508 253 ἐν
1528 225 1649 260 ἀγαθοῖς,
1662 225 1729 261 μηδὲ
1747 226 1901 262 παρρησίαν

274 284 345 311 bona
360 291 411 309 non
428 282 552 309 existens.
583 279 676 314 Neque
692 279 780 306 soluln
800 276 917 303 obmutui
931 280 955 303 et
972 274 1060 301 nunti-

275 331 357 357 liatus
376 337 434 356 sum
449 332 472 355 et
496 327 558 353 silui
573 335 588 353 a
611 325 697 356 bonis,
721 324 768 352 sed
785 323 878 353 etiam,
892 321 967 348 dolor
988 327 1060 347 meus

273 380 412 403 renovatus
434 378 483 401 est.
501 372 569 399 Nam
589 371 666 399 dolor
691 370 789 397 anima:
813 375 888 400 meae,
908 370 934 395 et
951 367 1029 394 uICUs
1046 373 1061 393 a

273 424 386 456 peccato
409 420 475 446 mihi
492 419 609 449 illatum,
625 424 688 444 cum
709 416 737 443 in
759 416 843 442 imum
865 418 961 449 pectus
985 412 1062 440 deve-

274 468 370 497 nisset,
384 471 411 494 et
427 466 454 492 in
477 465 537 498 ipsa
558 462 728 490 conscientia
746 461 861 488 inﬁxum
883 463 966 491 esset,
984 465 1062 486 reno-

273 514 399 545 vabatur,
427 513 548 539 instante
572 515 654 545 atque
679 508 862 543 exprobrante
883 505 988 542 peccati
1012 512 1062 532 au-

272 562 360 586 ctore.

308 689 392 717 Vens.
409 688 426 715 4
441 703 454 710 -
470 688 497 715 6.
519 687 656 715 Concaluit
674 694 718 712 cor
732 680 818 712 meum
839 685 911 710 intra
932 691 983 710 me.
1008 681 1064 709 Me—

272 743 345 766 mor.
363 734 463 768 inquit,
481 733 597 768 peccati,
614 731 698 758 animi
715 729 836 764 deliquio
851 736 902 756 ceu
917 728 978 762 igne
989 734 1063 754 com-

272 779 409 808 hurebar:
425 779 458 806 ab
481 777 594 813 ipsaque
611 775 780 803 conscientia
801 774 942 804 incensus,
959 772 1062 799 locutus

272 833 332 853 sum
345 825 372 852 in
386 824 476 860 lingua
492 832 549 850 mea
562 832 570 850 :
585 822 685 849 Notum
698 821 741 856 fac
756 821 831 853 mihi,
848 819 971 850 Domine,
983 819 1062 853 ﬁnem

273 880 370 898 meum.
389 871 476 898 Etiam
491 874 554 905 post
565 867 780 898 confessionem,
797 866 844 902 qui
857 865 923 893 mihi
936 865 999 892 ﬁnis
1020 863 1060 890 fu-

272 918 352 940 turus
367 913 403 941 sit
419 913 542 940 ediscere
555 911 675 946 postulo.
692 909 755 937 Hm
772 917 855 944 porro
872 908 981 935 dicebat
996 914 1058 934 cum

272 959 390 994 graviter
401 961 580 994 premeretur,
598 960 676 983 ratus
686 959 890 989 temporaneam
905 953 975 980 hanc
987 959 1059 978 mor-

271 1005 407 1039 talemque
423 1004 506 1030 vitam
523 1002 558 1029 ob
575 1001 684 1029 taedium
702 1000 909 1034 molestiamque
925 998 985 1033 ejus
996 997 1058 1024 diu-

272 1050 460 1079 lurnissimam
476 1056 548 1077 esse.
565 1048 655 1081 Quare
677 1047 769 1074 obitus
785 1046 836 1073 sibi
859 1050 966 1080 tempus
989 1043 1060 1070 indi-

272 1096 329 1123 cari
345 1094 516 1130 peroptabat.
541 1097 570 1120 ut
597 1096 711 1127 accepto
728 1091 862 1118 libertatis
878 1097 910 1117 ac
931 1089 1060 1117 tentatio-

273 1150 338 1169 num
356 1142 446 1169 exitus
462 1140 554 1167 fausto
578 1138 687 1170 nuntio,
707 1137 834 1164 alacriter
854 1141 954 1171 ageret.
972 1135 1000 1161 in
1020 1143 1060 1162 se—

274 1186 423 1221 quentibus
437 1192 502 1212 vero
517 1184 557 1211 sic
574 1183 611 1210 ait
626 1193 632 1210 :
646 1182 752 1209 Adi-eno
773 1189 819 1216 ego
835 1189 892 1207 sum
910 1179 979 1215 apud
996 1185 1019 1206 te
1034 1183 1059 1206 et

272 1231 434 1266 peregrinus,
451 1231 517 1257 sicut
532 1236 620 1255 omnes
633 1232 722 1262 patres
739 1227 798 1252 mei.
818 1225 883 1252 Ecce
897 1224 1061 1251 mensurabi-

273 1277 309 1303 les
324 1276 437 1310 posuisti
454 1275 509 1301 dies
536 1282 617 1306 meos,
642 1278 666 1300 et
691 1273 841 1300 substantia
859 1280 916 1298 mea
935 1276 1060 1305 tanquam

273 1322 385 1349 nihilum
403 1326 464 1348 ante
487 1325 520 1347 te.
545 1319 598 1346 Pro
621 1327 676 1354 quo
693 1317 884 1354 Symmachus,
904 1316 970 1343 Ecce
986 1315 1062 1351 quasi

271 1368 405 1402 palmares
429 1366 527 1393 dedisti
548 1365 605 1393 die:
631 1373 713 1396 meos,
737 1364 832 1391 edidit.
847 1363 924 1390 Alius
945 1361 1062 1389 fortasse

272 1414 385 1444 dixerit,
409 1412 572 1444 παλαιστάς,
590 1412 648 1439 sive
672 1410 848 1437 adversarios
863 1409 921 1436 dies
941 1407 1062 1434 hominis

273 1463 397 1491 vocatos,
414 1459 478 1494 quia
493 1457 653 1488 certamine,
670 1456 770 1491 πάλης,
782 1457 839 1484 sive
859 1462 947 1490 pugna
961 1458 988 1481 et
999 1458 1060 1480 ten-

273 1505 424 1532 tationibus
440 1499 617 1539 Feplelisunt.
631 1502 817 1536 Deincepsque
833 1502 871 1528 ait
884 1511 890 1528 :
905 1500 1062 1527 Substantia

273 1560 332 1578 mea
349 1541 473 1586 tanquam
494 1550 606 1577 nihilum
630 1553 690 1575 ante
708 1553 750 1580 te;
767 1555 815 1583 pro
836 1555 890 1582 quo
907 1547 1005 1581 Aquila
1020 1547 1062 1573 in-

274 1601 451 1632 terpretatur,
466 1602 490 1623 et
515 1596 643 1622 demersio
658 1604 716 1622 mea
739 1595 815 1629 quasi
829 1603 881 1621 non
897 1598 935 1621 est
953 1594 979 1620 in
1000 1601 1058 1620 con-

274 1649 364 1679 spectu
382 1648 440 1675 tuo;
459 1642 641 1678 Symmachus
655 1649 732 1672 vero,
746 1645 771 1667 et
790 1641 842 1667 vita
860 1648 917 1666 mea
927 1640 1004 1674 quasi
1020 1639 1061 1666 ni-

274 1689 313 1716 hil
329 1697 418 1716 caram
433 1694 467 1714 Ie.
486 1687 610 1722 Namque
627 1690 714 1713 totum
735 1687 798 1714 vita:
816 1686 936 1713 hominis
955 1691 1063 1720 tempus

273 1743 337 1763 cum
364 1735 419 1762 vita
439 1734 487 1760 Dei
512 1737 594 1767 atque
622 1733 730 1759 saeculis
755 1732 896 1758 immensis
919 1732 1062 1764 collatum,

274 1781 354 1816 quasi
370 1780 486 1807 nihilum
503 1782 546 1806 est
568 1779 596 1805 in
618 1782 767 1812 conspectu
786 1777 842 1804 Dei.
857 1777 948 1810 Quare
963 1777 1016 1802 alio
1035 1777 1062 1803 in

275 1826 337 1854 loco
353 1826 457 1854 dictum
472 1836 478 1853 :
494 1825 559 1853 Caeli
579 1823 710 1859 peribunt,
728 1829 754 1850 tu
771 1828 858 1850 autem
873 1831 1020 1858 permanes,
1038 1827 1062 1849 et

276 1881 364 1901 omnes
392 1873 458 1898 sicut
471 1872 651 1898 vestimentum
667 1873 825 1896 veterascent
839 1877 847 1896 :
859 1873 883 1896 et
900 1869 966 1895 sicut
988 1877 1063 1904 oper-

276 1919 374 1946 torium
397 1918 510 1944 mutabis
525 1925 568 1944 eos
582 1921 606 1943 et
630 1916 813 1942 mutabuntur.
832 1915 870 1942 Tu
890 1920 976 1941 autent
994 1915 1063 1942 idem

275 1964 332 1998 ipse
346 1972 383 1995 es,
399 1967 424 1990 et
441 1962 504 1989 anni
520 1962 558 1988 tui
582 1969 633 1988 non
656 1960 819 1994 deﬁcient".
835 1958 888 1987 Sed
904 1960 985 1986 etiam
1005 1966 1064 1985 Olll-

276 2010 322 2037 nia
346 2008 487 2036 hominum
510 2007 611 2038 studia,
628 2006 736 2033 vanitas
753 2006 902 2032 vanitatum
925 2009 1006 2038 sunt;
1025 2007 1061 2035 et,

276 2056 401 2082 universa
420 2055 536 2084 vanitas,
571 2054 655 2080 omnis
679 2053 754 2079 homo
771 2053 876 2083 vivens;
895 2052 962 2083 sive,
979 2051 1063 2078 omnis

277 2101 354 2128 homo
369 2100 538 2130 constitutus,
561 2099 712 2126 secundum
734 2098 876 2133 Aquilam;
891 2098 958 2129 sive,
980 2098 1063 2124 omnis

278 2147 356 2174 homo
369 2150 454 2176 stans,
469 2144 619 2171 secundum
637 2143 841 2179 Symmachum.
853 2143 920 2170 Nam
934 2144 980 2178 qui
992 2151 1065 2171 nunc

278 2197 344 2224 stat,
364 2199 395 2218 ac
411 2191 537 2226 praesenti
561 2194 682 2225 tempore
699 2190 781 2216 vitam
802 2190 935 2220 decurrit,
956 2190 1064 2217 vanitas

279 2246 345 2267 sane
363 2238 456 2265 fuerit.
475 2237 505 2264 Si
522 2237 613 2272 itaque
631 2237 705 2263 nulla
717 2236 873 2263 hominibus
888 2236 990 2263 inesset
1002 2244 1064 2271 spes

278 2339 309 2359 re.
321 2339 386 2358 sane
405 2333 547 2365 putaretur
562 2329 668 2356 vanitas
683 2337 743 2356 esse
758 2329 848 2355 omnis
861 2329 942 2356 homo
955 2330 1059 2357 vivens.

1111 273 1196 306 ἄγων.
1214 272 1376 307 ἐμεμνήμην
1392 271 1438 297 τοῦ
1451 271 1576 304 λέγοντος
1586 279 1592 285 ·
1611 271 1764 305 Ἦμαρτες,
1783 271 1901 304 ἡσύχα-

1111 327 1169 345 σον
1181 327 1187 332 ·
1201 317 1240 344 διὸ
1254 317 1411 350 ἐσιώπησα
1420 317 1462 352 μὴ
1477 318 1519 344 ῶν
1535 316 1688 351 ἑνάγαθῷ.
1713 317 1749 343 Οὐ
1775 316 1855 352 μόνον
1875 315 1901 343 δὲ

1111 363 1271 398 ὲκωφὼθην
1287 363 1337 390 καὶ
1349 363 1478 397 ἐσίτησα
1495 362 1529 395 ἐξ
1556 362 1685 397 ἀπαθῶν,
1699 362 1765 389 ἀλλά
1787 362 1835 388 καὶ
1849 362 1901 389 ἆλ-

1112 409 1190 445 γημά
1198 418 1258 444 μου
1272 409 1477 442 ἀνεκαινῐσθη.
1491 408 1528 434 Τὸ
1540 408 1594 444 γὰρ
1611 408 1660 443 τῆς
1674 407 1762 443 ψυχῆς
1788 416 1839 443 μου
1857 407 1902 434 ἀλ-

1112 465 1159 490 γος
1181 455 1229 482 καὶ
1243 455 1273 482 τὸ
1290 455 1322 481 ὲκ
1336 455 1386 490 τῆς
1405 455 1542 490 ἁμαρτίας
1558 454 1735 489 ὲγγενόμενόν
1750 463 1796 489 μοι
1811 453 1901 485 ἕλκος,

1112 501 1182 528 κατά
1198 501 1295 536 βάθους
1325 500 1494 535 ἐγκείμενον,
1515 501 1562 526 καὶ
1576 500 1635 526 κατ’
1648 500 1732 535 αὐτῆς
1749 499 1799 534 τῆς
1816 507 1903 525 συνει-

1112 547 1214 582 δήσεως
1241 545 1473 580 ἐμπεπηγμένον,
1497 544 1653 575 ἀνενεοῦτο,
1677 543 1903 574 ὲπαναὸαίνοντός

1114 601 1158 627 μοι
1183 592 1230 618 καὶ
1259 590 1468 624 ἑπονειδίζοντος
1492 590 1538 617 τοῦ
1559 590 1608 626 τὴν
1627 589 1764 626 ἁμαρτίαν
1788 590 1903 624 ἐνηργη-

1113 640 1200 671 κότος.
1875 667 1878 671 ,

1154 685 1330 720 Ἐθερμάνθη
1346 685 1364 718 ἡ
1378 683 1482 717 καρδία
1493 692 1552 717 μου
1563 683 1648 715 ἐντός
1655 691 1726 717 μου.
1735 681 1904 716 Ἀναμιμνη-

1114 731 1256 766 σχόμενος,
1272 729 1350 764 φησὶ,
1366 729 1415 764 τῆς
1427 728 1573 763 ἁμαρτίας,
1594 728 1644 763 τῆς
1656 726 1774 762 ἀθυμίας
1795 727 1905 761 ὲνεπιμ-

1114 778 1225 813 πράμην
1249 776 1326 811 πυρὶ,
1342 775 1388 801 ὑπ’
1405 774 1490 809 αὐτῆς
1514 773 1683 809 πυρούμενος
1704 773 1755 807 τῆς
1781 771 1905 807 συνειδή-

1114 821 1357 854 σεως,“Ελάλησα
1372 821 1407 847 ὲν
1419 820 1544 855 γλώσσῃ
1566 827 1640 854 μου·
1666 820 1690 845 Γ
1692 818 1822 853 νώρισόν
1842 827 1905 853 μοι,

1113 869 1212 902 Κύριε,
1229 867 1262 894 τὸ
1279 866 1373 900 πέρας
1385 875 1454 900 μου.
1467 866 1522 892 Καὶ
1548 864 1616 900 μετά
1639 865 1688 900 τὴν
1711 863 1906 899 ἐξομολόγησιν

1110 915 1202 941 ὁποίου
1219 913 1314 944 τέλους
1330 912 1460 948 τεύξομαι
1479 911 1574 947 μαθεῖν
1593 911 1670 944 ἀξιῶ-
1688 910 1859 947 Βαρούμενος
1878 910 1906 936 δὲ

1110 960 1197 987 ταῦτα
1211 960 1299 994 ἔλεγε,
1309 958 1359 994 τὴν
1376 959 1542 994 πρόσκαιρον
1558 958 1606 984 καὶ
1618 958 1718 993 θνητὴν
1732 956 1804 993 ζωὴν
1820 956 1865 983 διὰ
1875 958 1907 982 τὸ

1110 1005 1226 1041 ἐπαχθὲς
1250 1005 1335 1040 αὐτῆς
1358 1004 1532 1040 μακροτάτην
1556 1003 1716 1039 ἡγούμενος.
1737 1003 1782 1029 Διὸ
1806 1011 1907 1038 γνωρι-

1112 1050 1207 1086 σθῆναι
1224 1050 1297 1085 αὐτῷ
1310 1050 1355 1076 τὸν
1368 1049 1418 1084 τῆς
1438 1049 1598 1085 ἀπαλλαγῆς
1630 1049 1726 1085 χρόνον
1740 1049 1849 1075 ἐπόθει·
1870 1049 1905 1074 ἵν’

1110 1096 1227 1131 εὔθυμος
1252 1096 1366 1130 γένοιτο,
1382 1096 1431 1130 τὴν
1448 1095 1502 1121 ἀπὺ
1524 1095 1578 1121 τῶν
1601 1095 1665 1131 τῇδε
1689 1093 1844 1130 ἐλευθερίαν
1859 1094 1908 1120 καὶ

1110 1142 1163 1168 τῶν
1179 1141 1363 1177 πειρατηρίων
1378 1141 1426 1176 τὴν
1440 1141 1599 1176 ἀπαλλαγὴν
1616 1139 1832 1174 εὺαγγελισθείς.
1850 1139 1907 1165 Καὶ

1111 1189 1139 1215 ἐν
1156 1189 1211 1219 τοῖς
1229 1187 1251 1214 δ’
1267 1187 1330 1222 ἑξῆς
1352 1187 1454 1223 προῖὼν
1476 1186 1585 1220 ἔλεγενν
1601 1186 1747 1220 Πάροικικ*
1770 1184 1827 1220 ἐγώ
1848 1185 1907 1219 ειμι

1111 1234 1190 1268 παρὰ
1202 1234 1251 1260 σοὶ
1270 1233 1318 1260 καὶ
1336 1233 1553 1268 παρεπίδημος,
1565 1232 1662 1265 καθὼς
1677 1232 1788 1265 πάντες
1808 1233 1834 1258 οἱ
1847 1238 1904 1257 πα-

1111 1277 1193 1311 τέρες
1206 1287 1276 1312 μου.
1286 1277 1359 1305 Ἰδοὺ
1374 1278 1543 1310 παλαιστὰς
1556 1278 1627 1304 ἔθου
1641 1277 1695 1310 τὰς
1710 1276 1822 1311 ἡμέρας
1834 1284 1906 1310 μου,

1113 1324 1162 1350 καὶ
1187 1324 1203 1358 ἡ
1227 1324 1398 1358 ὑπόστασις
1415 1333 1474 1357 μου
1497 1323 1574 1350 ὡσεὶ
1592 1322 1681 1349 οὐθὲν
1696 1322 1824 1349 ἐνώπιόν
1837 1329 1905 1348 σου.

1119 1332 1162 1350 eat
1187 1332 1203 1358 η
1227 1333 1245 1350 υ
1270 1332 1398 1356 οστασις
1415 1333 1474 1357 μου
1497 1332 1569 1350 (ovet
1592 1332 1681 1349 ουυεν
1696 1332 1824 1349 era)an
1837 1332 1905 1348 σου.

1119 1370 1189 1397 ‘AVO'
1204 1367 1234 1397 οὗ
1247 1332 1269 1397 Ξ
1284 1370 1441 1405 Σύμμαχος,
1457 1369 1529 1396 Ἰδοὺ
1555 1370 1595 1402 ὡς
1618 1368 1768 1403 σπιθαμὰς
1795 1368 1909 1400 ἔδωκας

1113 1415 1166 1448 τὰς
1192 1415 1305 1449 ἡμέρας
1323 1425 1393 1450 μου,
1411 1415 1652 1447 ὲξέδωκενῘΔλλος
1671 1415 1693 1440 δ’
1708 1414 1741 1441 ἂν
1763 1415 1835 1441 εἰποι
1851 1421 1908 1441 πα-

1112 1462 1241 1495 λαιστὰς
1255 1462 1380 1498 εἰρῆσθαι
1392 1462 1441 1494 τὰς
1457 1462 1511 1488 τῶν
1528 1461 1679 1498 ἀνθρώπων
1692 1460 1808 1497 ἡμέρας,
1822 1460 1868 1487 διὰ
1879 1461 1910 1487 τὺ

1115 1509 1313 1545 πεπληρῶσθαι
1339 1509 1424 1540 αὑτὰς
1447 1508 1551 1543 ἀγῶνος
1570 1509 1618 1535 καὶ
1633 1509 1721 1543 πάλης
1739 1508 1786 1535 κα)¹
1810 1516 1908 1543 πειρα-

1114 1555 1314 1590 τηρίων.⁴Εξῆς
1333 1555 1439 1587 τούτοις
1454 1555 1540 1590 φησί·
1558 1554 1613 1582 Καὶ
1629 1555 1647 1588 ἠ
1665 1554 1837 1586 ὑπόστασις
1848 1562 1910 1588 μου

1076 1616 1098 1646 c
1114 1602 1186 1629 ὡσεὶ
1199 1602 1289 1629 οὐθὲν
1300 1600 1428 1628 ἐνώπιόν
1448 1609 1506 1628 σου
1516 1610 1522 1615 ·
1539 1599 1637 1627 ἁνθόἶ)
1654 1601 1668 1626 ὁ
1684 1600 1800 1631 Ἀκύλας
1815 1601 1891 1636 ήρμή

1113 1657 1205 1675 νευσε·
1222 1648 1276 1675 Καὶ
1297 1648 1315 1682 ἡ
1336 1647 1502 1680 κατάδυσις
1514 1656 1574 1682 μου
1592 1647 1632 1679 ὡς
1648 1647 1704 1673 οὐκ
1717 1646 1805 1673 ἐστιν
1817 1646 1909 1673 ἑναν‹

1113 1694 1178 1720 τίον
1195 1701 1268 1720 σου·
1292 1694 1305 1719 ὁ
1325 1692 1353 1719 δὲ
1377 1692 1538 1727 Σύμμαχος·
1557 1692 1611 1719 Καὶ
1626 1693 1644 1725 ὴ
1660 1691 1848 1725 βίωσίςιμσυ
1868 1691 1910 1725 ὡς

1113 1737 1204 1764 οὐδὲν
1223 1738 1347 1771 ἀντιχρύ
1365 1737 1472 1763 σου.”0
1496 1737 1550 1773 γὰρ
1575 1738 1627 1768 πᾶς
1643 1737 1691 1772 τῆς
1709 1736 1780 1772 ζωῆς
1803 1735 1910 1772 ἀνθρώ-

1114 1792 1165 1810 που
1179 1783 1284 1818 χρόνος,
1301 1781 1546 1818 παραϐαλλὸμενος
1569 1784 1602 1817 τῇ
1624 1782 1671 1807 τοῦ
1696 1781 1763 1808 Θεοῦ
1778 1781 1845 1817 ζωῇ,
1861 1781 1913 1809 καὶ

1113 1829 1273 1861 τοῖς“αἰῶσι
1294 1831 1351 1861 τοῖς
1368 1829 1505 1865 ἀπείροις,
1519 1828 1613 1863 ὥσπερ
1627 1828 1705 1854 οὐθέν
1719 1829 1776 1854 ἐστι
1792 1827 1912 1854 ἐνώπιον

1113 1874 1160 1901 τοῦ
1189 1875 1267 1901 Θεοῦ.
1294 1875 1340 1901 Διὸ
1365 1875 1482 1910 ἀλλαχοῦ
1507 1875 1629 1910 εἴρηται·
1655 1876 1686 1900 Ol
1710 1874 1832 1908 οὐρανοὶ
1854 1874 1911 1902 ἀπ·-

1113 1920 1253 1947 ολοῦνται
1263 1929 1270 1936 ·
1283 1920 1323 1947 σὺ
1336 1920 1369 1947 δὲ
1382 1921 1541 1956 διαμένεις,
1552 1921 1600 1947 καὶ
1615 1920 1726 1953 πάντες
1738 1921 1778 1953 ὡς
1793 1920 1914 1955 ίμάτιον

1115 1966 1376 1998 παλαιωθήσονται
1388 1976 1395 1982 ·
1411 1968 1459 1994 καὶ
1475 1967 1547 1993 ὡσεὶ
1562 1967 1713 2001 περιόολαὶ
1729 1966 1840 1998 ἑλίξεις
1853 1967 1908 1992 αὐ-

1115 2013 1195 2045 τοὺς,
1214 2013 1262 2039 καὶ
1280 2012 1517 2048 ἀλλαγήσονται.
1539 2013 1580 2040 Σὺ
1601 2012 1635 2039 δὲ
1653 2015 1668 2039 ὁ
1690 2012 1783 2045 αὐτὸς
1801 2010 1838 2044 εἴ,
1859 2013 1909 2039 καὶ

1114 2058 1150 2084 τὰ
1171 2058 1222 2091 ἔτη
1245 2067 1303 2085 σου
1326 2059 1382 2085 οὐκ
1404 2059 1612 2092 ἐκλείψουσιν.
1632 2057 1712 2084 Ἀλλὰ
1736 2058 1784 2084 καὶ
1802 2058 1908 2093 nam;

1115 2103 1189 2139 παρά
1197 2103 1351 2139 ἀνθρώποις
1363 2104 1465 2139 σπουδὴ
1478 2104 1627 2140 ματαιότης
1641 2104 1828 2142 ματαιοτήτῳν
1838 2103 1907 2134 ἐστὶ,

1115 2149 1172 2180 καὶ,
1191 2148 1226 2174 τὰ
1241 2149 1402 2183 σύμπαντα
1415 2150 1587 2183 ματαιῦτης,
1604 2148 1663 2181 πᾶς
1676 2148 1829 2181 ἅνθρωπος
1842 2145 1908 2179 ζῶν,

1116 2193 1144 2227 ἢ,
1160 2193 1219 2226 πᾶς
1232 2194 1386 2228 ἅνθρωπος
1398 2194 1617 2228 ἐστηλωμένος,
1627 2194 1698 2220 κατὰ
1710 2193 1755 2220 τὸν
1776 2192 1890 2219 Ἀκύλαν
1900 2201 1906 2207 -

1115 2239 1143 2274 ἢ,
1156 2237 1215 2271 πᾶς
1224 2238 1380 2272 ἅνθρωπος
1390 2238 1494 2271 ἑστὼς,
1507 2238 1576 2265 κατὰ
1590 2239 1634 2265 τὸν
1649 2238 1804 2273 Σύμμαχον.
1814 2238 1842 2264 Ὁ
1853 2238 1909 2273 γὰρ

222 2280 227 2287 ’
278 2284 505 2316 immortalitatis,
531 2283 591 2310 vitae
613 2289 720 2310 aeternae
741 2291 772 2309 ac
793 2283 870 2318 regni
888 2283 1032 2315 caelorum,
1050 2291 1062 2310 ε

1116 2284 1163 2310 νῦν
1177 2284 1262 2316 ἑστὼς
1275 2285 1322 2310 καὶ
1335 2286 1348 2311 ὁ
1362 2284 1432 2311 κατὰ
1449 2284 1494 2311 τὸν
1506 2285 1626 2320 παρόντα
1641 2279 1735 2320 χρόνον
1746 2284 1796 2319 τὴν
1808 2283 1909 2318 θνητὴν

1115 2330 1153 2357 ἔτι
1171 2330 1243 2366 ζωὴν
1260 2330 1405 2363 διεξανύων
1430 2331 1580 2366 ματαιότης
1602 2331 1634 2357 ἂν
1657 2331 1709 2366 είή.
1729 2331 1760 2357 Εἰ
1782 2329 1847 2364 γοῦν
1871 2329 1910 2364 μὴ

278 2378 406 2405 ἀπέκειτο
421 2385 462 2409 τις
477 2376 629 2413 ἀνθρώποις
652 2376 727 2407 ἐλπὶς
751 2376 911 2410 ἀθανασίας,
937 2378 984 2404 καὶ
1007 2378 1079 2414 ζωῆς
1098 2379 1207 2406 αἰωνίου
1225 2379 1362 2413 βασιλείας
1376 2387 1404 2405 τε
1418 2379 1551 2414 οὐρανῶν,
1566 2378 1683 2412 εὐλόγως
1713 2378 1746 2405 ἂν
1779 2377 1909 2414 ἐνομίσθη

280 2424 394 2459 μάταιόν
411 2433 436 2451 τι
452 2422 521 2450 εἶναι
542 2424 594 2454 πᾶς
612 2423 753 2458 ἄνθρωπος
770 2423 834 2454 ζῶν.

315 2471 398 2498 Vens.
419 2472 456 2498 8-
475 2472 519 2498 12.
540 2470 572 2497 Ει
590 2479 656 2497 nunc
679 2479 737 2505 qua:
755 2476 793 2497 est
811 2473 970 2505 exspectatio
995 2481 1063 2505 mea,

281 2526 365 2546 nonne
393 2517 540 2545 Dominus?
565 2521 618 2545 etc.
638 2517 700 2544 llaec
723 2524 805 2551 porro
830 2518 870 2544 sic
887 2518 971 2545 edidit
985 2519 1065 2554 Sym-

282 2562 415 2589 machus:
433 2561 511 2588 Nunc
526 2563 607 2597 igitur
630 2561 691 2597 quid
724 2567 852 2597 exspecto,
886 2563 1009 2592 nomine?
1026 2573 1066 2591 re—

283 2608 387 2634 mansio
415 2616 471 2634 mea
489 2608 516 2634 in
541 2612 564 2634 te
593 2612 639 2636 est.
660 2608 698 2634 Ab
731 2608 850 2635 omnibus
879 2611 1067 2644 transgressio-

284 2654 360 2681 nilms
385 2653 448 2680 meis
476 2653 572 2680 redime
604 2662 657 2686 me,
694 2654 901 2688 exprobrabilcm
934 2656 1067 2689 insipienti

283 2707 316 2728 ne
337 2706 418 2733 ponas
436 2707 485 2725 me.
514 2698 606 2726 Mutus
628 2701 716 2734 [actus
741 2708 811 2732 sum,
839 2709 891 2727 non
917 2701 1015 2734 aperies
1038 2710 1066 2728 os

285 2752 369 2771 meum
382 2752 391 2770 :
408 2749 434 2770 tu
449 2744 518 2770 enim
537 2744 633 2778 fecisti.
648 2743 714 2772 Post
730 2753 762 2772 ea
778 2753 837 2780 qum
854 2745 981 2779 superius
995 2745 1067 2773 dicta

285 2792 360 2821 sunt,
377 2789 425 2822 ait,
443 2788 511 2815 uihii
533 2788 599 2815 mihi
626 2789 761 2824 relictum,
779 2789 902 2823 Domine,
925 2789 978 2817 nisi
995 2794 1024 2817 ut
1042 2795 1067 2818 lc

322 2879 344 2894 "
364 2878 430 2907 Gen.
450 2887 485 2913 Iv,
506 2880 530 2913 7,
555 2887 609 2908 sec.
628 2879 708 2907 LXX.
747 2880 769 2898 '7
791 2878 860 2907 Psal.
880 2887 922 2911 ct,
940 2879 1032 2914 27,28.

1153 2473 1206 2500 Kal
1219 2472 1277 2499 νῦν
1288 2473 1333 2506 τίς
1350 2474 1368 2507 ἡ
1384 2472 1520 2508 ὑπομονὴ
1533 2482 1602 2507 μου,
1615 2473 1680 2506 οὐχ)
1695 2473 1819 2506 Κύριος;
1839 2472 1868 2498 'U
1881 2471 1910 2498 ῖὲ

1120 2518 1266 2554 Σύμμαχος
1280 2519 1365 2551 οὕτως
1381 2519 1415 2546 τὰ
1431 2519 1598 2555 προκείμενα
1614 2518 1726 2550 ἐξέδωκε
1745 2519 1828 2554 ῥητά·
1844 2517 1910 2545 Νῦν

1118 2562 1175 2591 οὖν
1194 2565 1222 2590 τί
1241 2564 1408 2598 προσδοκῶ,
1431 2565 1584 2596 Δέσποτα;
1605 2566 1623 2598 ἡ
1640 2563 1774 2599 ἀναμονή
1788 2573 1849 2599 μου
1865 2566 1909 2596 εἰς

1120 2609 1156 2636 σέ
1177 2610 1271 2636 ἐστιν.
1281 2610 1348 2637 Ἀπὸ
1369 2610 1475 2637 πασῶν
1500 2610 1559 2637 τῶν
1582 2607 1711 2637 ἀθεσίὡν
1723 2619 1782 2645 μου
1799 2609 1909 2642 ἐξὲλου

1119 2664 1167 2689 με,
1188 2656 1394 2682 ἐπονείδιστον
1421 2656 1526 2691 ἁφρονι
1545 2657 1588 2691 μὴ
1613 2656 1706 2691 τάξῃς
1728 2657 1908 2691 με.”Ἀλα.1ινς

1119 2701 1276 2735 ἐγενόμην,
1289 2703 1343 2728 οὐκ
1353 2702 1483 2735 ἀνοίξεις
1496 2703 1591 2737 στόμα
1603 2711 1673 2737 μου*
1687 2703 1727 2729 σὺ
1741 2703 1796 2737 γὰρ
1805 2703 1908 2735 ἐποὶψ

1118 2755 1186 2780 σας.
1198 2748 1274 2774 Μετὰ
1288 2748 1321 2774 τὰ
1340 2748 1540 2784 προλελεγμένα
1552 2750 1651 2782 πάντα,
1664 2749 1756 2784 φησὶν,
1768 2748 1844 2775 οὐδέν
1861 2757 1908 2783 μοι

1118 2792 1250 2825 λείπεται,
1268 2791 1290 2821 ὧ
1307 2794 1434 2830 Κύριε,ἦ
1460 2795 1488 2821 σὲ
1510 2795 1660 2831 προσδοκᾷν
1687 2794 1732 2822 καὶ
1756 2795 1796 2826 εἰς
1813 2794 1843 2822 σὲ
1858 2793 1908 2827 τὰς
