2056 3214
114 185 171 214 319

684 179 943 221 ΕΟΜΜΕΝΤΑΒΙΑ
958 179 992 208 IN
1008 178 1188 207 PSALMOS.

1242 132 1306 175 ηδ

1701 181 1753 209 5ὕο

117 243 231 275 Et:ch
241 242 332 279 ἔχειν·
345 239 423 278 παρὰ
434 240 481 268 cuii
496 240 552 275 γὰρ
565 241 614 276 τῆς
627 240 718 276 ψυχῆς
731 241 748 275 ἠ
763 238 910 270 ὑπόστασις

962 241 1118 272 exspectem
1139 241 1166 265 et
1191 237 1219 264 in
1242 240 1269 264 te
1291 244 1365 271 spem
1391 236 1506 265 habeam
1524 245 1531 265 ε
1548 245 1611 265 nam
1634 238 1706 273 apud
1728 243 1754 266 te

117 292 188 317 ἔστι.
207 289 253 317 Διὸ
275 288 369 324 δέομαι
383 287 430 314 καὶ
445 286 560 314 ἱκετεύω
575 285 791 322 ἑλευθερωθῆναί
811 293 844 321 με
857 284 911 311 τῶν

120 335 183 371 τῇδε
204 334 312 365 κακῶν,
326 334 373 361 καὶ
394 333 448 360 τῶν
473 332 591 368 ἀνομιῶν
609 340 659 367 μου
676 330 911 367 ρυσθῆναι.⁶’Δπαξ

116 382 174 416 γὰρ
187 381 388 417 περιπέπτωκα
402 380 511 415 ἄφρονι,
526 379 590 415 περὶ
604 375 634 406 οὗ
650 379 697 406 καὶ
712 378 841 413 ἀνωτέρω
856 377 912 404 ἑλε-

116 435 182 460 γον’
203 427 256 454 Ἐν
280 425 321 458 τῷ
340 425 492 459 συστῆναι
514 424 569 451 τὸν
587 423 762 459 ἁμαρτωλὸν
785 423 912 450 ἐνώπιόν

118 482 188 507 μου,
208 472 380 507 ἐκωςρώθην,
393 472 444 499 καὶ
458 471 659 504 ἑταπεινώθην
672 470 722 497 καὶ
735 470 865 504 ὲσίτησιι
876 468 910 501 ἐξ

119 518 248 554 ἀπαθῶν.
270 518 374 545 Αὐτίκα
388 519 452 552 γοῦν
474 517 613 554 ἀφροσύνῃ
629 516 791 553 παραδοθεὶς
812 516 911 550 γέγονα

120 565 315 596 ἐπονείδιστος·
333 564 445 596 εἰκότως
461 562 517 596 οὖν,
529 565 566 596 ὡς
579 564 612 591 ἂν
626 562 806 598 γνωσιμαχῶν
818 562 859 596 ἐφ’
871 559 911 593 οἷς

118 611 253 646 ἥμαρτον,
268 609 429 644 ἑκωφὼθην
440 610 487 636 καὶ
499 611 555 636 οὐκ
569 608 675 643 ἥνοιξα
686 608 718 635 τὸ
737 608 831 642 στόμα
840 616 910 641 μου,

118 657 166 683 ὅτι
186 657 227 684 σὺ
249 657 404 690 ἐποίησας.
414 656 442 682 Ὁ
466 656 520 690 γὰρ
546 656 591 687 οὺς
618 654 699 689 φόϐος
723 653 853 688 κωφῶσαί
876 661 909 688 με

118 703 244 738 ἐποίησε,
259 703 383 737 πλήττων
403 710 437 737 με
459 702 503 736 ἐφ’
520 698 560 732 οἷς
579 701 712 736 ἥμαρτον,
730 700 777 726 καὶ
797 707 910 725 κατασι-

116 748 211 782 γάζων
225 748 293 785 πρὸς
311 747 341 774 τὸ
355 748 391 783 μὴ
410 747 587 782 φθέγγεσθαι.
597 746 669 772 Ἀντὶ
684 746 711 772 δὲ
723 744 781 776 τοῦ,
797 744 911 776 ὄνειδος

117 794 227 829 ἄφρονι
244 793 358 826 ἔδωκάς
379 802 428 828 με,
442 794 456 819 ὁ
477 793 525 828 μὲν
548 792 673 823 Ἀκύλας,
688 790 802 823 ὄνειδος
820 790 911 823 duop-

117 841 228 874 ῥέοντι,
238 840 316 876 φησὶ,
325 839 367 875 μὴ
381 839 437 874 θῇς
449 848 487 874 με
499 848 505 854 ·
524 840 538 865 ὸ
550 839 578 865 δὲ
593 839 750 873 Σύμμαχος,
765 834 909 863 ἐπονείδι-

118 894 195 913 στον
219 885 328 920 ἄφρονι
349 885 392 920 μὴ
415 885 475 918 δῷς
495 893 547 920 με’
571 886 587 919 ή
613 885 642 911 δὲ
657 884 768 918 πέμπτη
791 881 908 912 ἔκδυσις·

965 287 1007 311 est
1025 283 1182 311 substantia
1199 282 1308 310 animae.
1335 282 1426 315 Quare
1448 283 1573 318 supplico
1590 290 1622 310 ac
1639 290 1706 317 rogo
1721 284 1755 310 li-

965 329 1057 356 berari
1073 336 1116 356 me
1132 329 1166 356 ab
1186 328 1261 355 hisce
1276 327 1367 358 malis,
1383 330 1411 354 et
1429 327 1462 354 ab
1476 327 1669 362 iniquitatibus
1685 329 1754 356 meis

965 373 1044 409 eripi.
1067 372 1156 400 Semel
1171 373 1243 400 enim
1266 372 1438 408 insipientem
1460 372 1561 400 oﬂ‘endi
1576 375 1609 401 de
1631 382 1685 408 quo
1705 383 1753 402 su—

965 419 1058 455 perius
1075 419 1198 446 dicebam
1213 428 1220 446 :
1235 418 1301 446 Cum
1315 418 1468 457 consisteret
1480 423 1600 452 peccator
1613 419 1753 446 adversum

965 473 1017 497 me,
1038 465 1156 492 obmutui
1177 470 1201 491 et
1218 464 1376 491 humiliatus
1399 472 1469 496 sum,
1486 469 1511 492 et
1532 465 1595 492 silui
1623 474 1638 492 a
1665 467 1751 494 bonis.

966 510 1119 538 Confestim
1146 511 1237 546 itaque
1262 511 1428 546 insipientia!
1451 511 1582 543 traditus,
1603 512 1752 546 probrosus

965 558 1078 586 eﬂectus
1095 565 1155 586 sum
1171 567 1177 585 :
1197 558 1259 592 jure
1281 565 1346 591 ergo
1364 562 1505 592 peccatum
1524 561 1550 584 et
1566 557 1752 585 infirmitatem

965 612 1117 640 agnoscens
1133 612 1231 635 meam,
1253 604 1370 630 obmutui
1382 609 1406 631 et
1427 612 1479 630 non
1497 605 1587 638 aperui
1613 613 1640 631 os
1657 612 1752 637 meum,

964 652 1089 686 quoniam
1107 656 1133 678 tu
1148 650 1243 683 fecisti.
1255 650 1350 678 Timor
1365 651 1438 678 enim
1454 651 1492 677 tui
1509 658 1552 677 me
1565 651 1753 678 obmutescere

965 696 1039 729 fecit,
1059 705 1155 732 meque
1174 697 1209 724 ob
1237 701 1350 732 peccata
1375 704 1436 724 mea
1453 696 1579 732 perculit,
1608 700 1635 724 et
1661 700 1754 724 tacere

966 744 1040 775 fecit,
1059 747 1088 771 ut
1105 752 1158 770 non
1174 744 1244 770 ultra
1261 744 1396 778 loquerer.
1411 743 1463 770 Pro
1478 744 1524 770 illo
1539 747 1642 774 atttetn,
1657 751 1753 778 oppro-

966 790 1051 817 brium
1067 790 1203 824 _insipimti
1217 789 1313 817 dedisti
1327 798 1381 821 me;
1397 789 1506 824 Aquila,
1523 789 1692 824 opprobrium
1706 789 1753 816 de-

964 836 1057 869 ﬂuenti
1074 843 1106 861 ne
1120 843 1202 869 ponas
1230 843 1287 866 me;
1307 834 1490 870 Symmachus
1507 843 1581 867 vero,
1607 836 1739 870 exprobra

965 881 1042 908 bilem
1054 882 1189 915 insipienti
1205 889 1237 908 ne
1259 889 1342 915 ponas
1363 889 1420 912 me;
1436 881 1532 914 quinta
1545 881 1640 912 editio,
1658 889 1753 915 oppro-

118 931 234 964 ὄνειδος
249 931 355 966 ἄφρονι
375 930 418 965 μὴ
440 930 499 963 δῷς
518 931 659 965 με.”οπερ
673 928 844 965 παράκλησιν
860 927 910 962 ὲμ-

963 927 1046 954 brium
1059 927 1191 961 insipienti
1205 935 1236 954 ne
1247 926 1348 954 dederis
1367 934 1417 953 me.
1430 925 1507 959 Quod
1521 926 1580 960 ejus
1594 927 1640 961 qui
1655 934 1755 962 pecca-

118 978 209 1013 φαίνει
219 977 267 1004 τοῦ
279 977 480 1013 ἡμαρτηκότος.
494 976 661 1007 ἱκετεύοντος
676 975 712 1011 μὴ
727 973 909 1010 παραδοθῆναι

118 1028 160 1058 είς
181 1025 333 1060 ὀνειδισμὸν
346 1024 453 1060 ἄφρονι.
470 1024 501 1049 Et
515 1023 536 1049 δ’
553 1022 633 1054 αὐτὸς
648 1023 661 1048 ὁ
680 1020 780 1056 Κύριος
796 1018 909 1054 παραδί-

117 1071 199 1097 δωσιν
216 1069 313 1105 ἄφρονι
325 1069 369 1095 τὸν
383 1067 571 1103 ἡμαρτηκότα,
589 1065 764 1097 ὀνειδίζεσθαι
779 1064 846 1099 πρὸς
862 1063 909 1089 αὐ-

119 1115 177 1147 τοῦ,
192 1115 240 1142 καὶ
260 1114 338 1142 τοῦτο
361 1113 393 1140 ἂν
415 1114 502 1145 εἴποις
525 1113 568 1139 ἐπ’
581 1111 699 1146 ὠφελείᾳ
723 1110 844 1145 γίνεσθαι
861 1107 908 1135 τοῦ

117 1161 329 1196 ὀνειδιζομένου,
346 1159 384 1190 ὡς
399 1159 442 1190 ἂν,
458 1158 635 1193 κακούμενος,
649 1156 758 1192 μείζονα
773 1156 911 1189 ποιήσοιτο

118 1208 170 1244 τὴν
183 1208 231 1235 ὲπὶ
244 1207 301 1238 τοῖς
314 1204 517 1241 ἡμαρτημένοις
530 1203 721 1239 ἐξομολόγησιν
730 1211 736 1217 ·
753 1202 821 1237 ὅπερ
833 1200 910 1236 ἠξίου

121 1255 160 1291 μὴ
181 1254 276 1281 παθεῖν
300 1254 315 1280 ὁ
340 1251 430 1283 Δαυῒδ,
445 1251 483 1284 ὡς
499 1251 587 1278 πάντα
610 1250 736 1286 πράττων
752 1248 786 1275 τὰ
799 1247 839 1283 τῷ
851 1247 911 1282 Θεῷ

119 1299 223 1336 ἀρεστὰ
234 1300 264 1332 ἐξ
279 1297 387 1326 ἑαυτοῦ.
396 1298 581 1331 Ἀπόστησον
592 1296 642 1323 ἀπ’
654 1295 726 1329 ἐμοῦ
741 1294 795 1326 τὰς
806 1292 911 1327 μάστι-

118 1345 174 1383 τὰἱ·
189 1349 262 1374 ᾱου·
277 1345 338 1373 duo
350 1344 405 1379 γὰρ
417 1342 473 1377 τῆς
486 1341 584 1377 χειρὸς
596 1341 650 1375 τῆς
662 1341 768 1375 ἰσχύος
784 1348 843 1366 σου
853 1338 911 1373 ἐγὼ

117 1393 278 1426 ἐξέλιπον·
300 1391 335 1418 ἐν
351 1389 487 1424 ὲλεγμοῖς
498 1388 574 1422 ὑπὲρ
585 1387 710 1422 ἀνομίας
728 1385 911 1417 ἐπαίδευσας

118 1439 285 1473 ἄνθρωπον.
300 1437 350 1464 καὶ
368 1435 512 1469 ἐξέτηξας
526 1435 566 1466 ὡς
584 1433 721 1467 ἀράχνην
734 1431 791 1466 τὴν
805 1430 912 1465 ψυχὴν

117 1485 222 1516 αὐτοῦ.
234 1483 319 1519 πλὴν
327 1483 427 1518 μάτην
441 1482 499 1514 πᾶς
511 1481 676 1514 ἅνθρωπος·
689 1478 854 1512 didii-alga.

160 1542 205 1569 Ἐν
231 1541 280 1577 μὲν
301 1539 342 1576 τῷ
368 1540 420 1574 πρὸ
445 1538 539 1565 τούτου
555 1536 656 1572 ψαλμῷ
671 1536 800 1570 παρεῖχεν
816 1533 910 1560 ἑαυτὸν

961 974 999 1000 vit
1024 972 1242 1008 deprecationem
1264 973 1384 1004 exhibet,
1410 972 1532 1007 rogantis
1549 980 1584 999 ne
1602 973 1629 999 in
1652 981 1752 1008 oppro-

961 1018 1050 1046 brium
1065 1018 1203 1052 insipienti
1217 1018 1349 1044 tradatur.
1367 1017 1445 1051 Quod
1461 1018 1483 1045 si
1498 1018 1608 1052 quando
1620 1017 1751 1046 Dominus

960 1070 1116 1100 peccantem
1142 1064 1285 1099 insipienti
1301 1064 1400 1097 tradat,
1419 1068 1449 1090 ut
1474 1064 1630 1099 opprobriis
1655 1064 1691 1091 ab
1713 1072 1750 1091 eo

961 1110 1109 1137 afﬁciatur:
1127 1109 1245 1144 idipsutn
1259 1109 1285 1136 in
1301 1109 1444 1136 utilitatetn
1460 1109 1520 1143 ejus
1532 1109 1578 1144 qui
1594 1109 1751 1144 opprobriis

961 1160 1092 1183 oneratur
1104 1156 1197 1188 vertit,
1214 1159 1242 1182 ut
1258 1159 1370 1183 vexatus
1389 1155 1519 1189 majorem
1533 1155 1640 1182 emittat
1653 1155 1687 1182 de
1702 1155 1752 1182 ad-

964 1203 1057 1230 missis
1079 1202 1198 1238 peccatis
1224 1202 1436 1229 confessionem.
1455 1201 1532 1235 Quod
1551 1210 1585 1229 ne
1612 1206 1752 1237 pateretur

960 1248 1045 1275 David
1060 1249 1184 1284 rogabat,
1201 1252 1295 1283 utpote
1307 1249 1354 1283 qui
1369 1248 1461 1275 omnia
1477 1256 1528 1283 pro
1540 1248 1647 1276 viribus
1659 1252 1752 1284 ageret

961 1302 1021 1328 quae
1036 1293 1090 1322 Deo
1105 1294 1204 1329 placita
1220 1299 1338 1329 putaret.
1356 1293 1453 1320 Amove
1465 1302 1482 1320 a
1498 1302 1538 1320 me
1557 1294 1652 1329 plagas
1678 1299 1749 1322 tuas.

961 1340 982 1365 Α
997 1340 1152 1374 fortitudine
1167 1340 1236 1366 enim
1259 1348 1354 1366 manus
1371 1344 1424 1366 tua:
1438 1348 1485 1374 ego
1498 1340 1581 1375 defeci
1594 1348 1603 1367 :
1621 1341 1648 1367 in
1664 1341 1751 1368 incre-

960 1386 1110 1420 pationibus
1128 1391 1234 1420 propter
1249 1387 1416 1421 iniquitatem
1432 1387 1583 1421 corripuisti
1598 1386 1749 1413 hominem:

960 1436 985 1458 et
1002 1433 1134 1459 tabescere
1148 1432 1235 1466 fecisti
1256 1432 1324 1458 sicut
1340 1440 1467 1459 araneam
1485 1433 1600 1459 animam
1619 1433 1688 1467 ejus,
1706 1441 1749 1459 ιιι-

961 1482 1111 1505 rumtamen
1125 1487 1189 1506 vane
1207 1480 1292 1506 omnis
1310 1480 1397 1505 homo.
1416 1478 1584 1512 Diapsalma.

997 1534 1026 1561 In
1051 1534 1215 1569 przecedenti
1233 1534 1337 1569 psalmo
1360 1541 1420 1561 sese
1436 1533 1524 1568 plagis
1541 1533 1574 1560 ad
1597 1533 1751 1567 correptio-

118 1588 343 1622 ἐπιστριτπικαῖς
358 1586 484 1619 πληγαῖς,
499 1581 543 1610 οἷά
564 1591 605 1614 τις
625 1581 772 1616 εὐγνώμων
787 1579 910 1615 μαθητὴς

963 1587 1035 1612 nem,
1056 1587 1105 1607 ceu
1124 1580 1259 1615 ingenuus
1273 1580 1427 1615 discipulus
1450 1579 1593 1614 magistro,
1617 1578 1748 1612 tradidit;

118 1633 270 1667 διδασκάλῳ
279 1641 286 1648 “
302 1632 343 1659 διὸ
355 1632 447 1665 ἔλεγεν
458 1640 464 1646 ·
486 1629 560 1664 Ἐγὼ
570 1630 613 1661 εἰς
624 1627 771 1662 μάστιγας
783 1627 908 1659 ἕτοιμος.

123 1680 203 1707 Ἐπεὶ
214 1679 244 1705 δὲ
256 1678 347 1706 λοιπὸν
361 1678 506 1713 αὐτάρκως
522 1676 576 1702 τῶν
591 1675 730 1710 μαστίγων
746 1673 911 1707 ἐπεπειρᾶτο

117 1724 258 1760 ὲημὸνως
280 1723 360 1750 αὐτὸν
383 1722 581 1757 αἰκιζομένων,
607 1719 722 1746 ἱκετεύει
745 1717 792 1744 τοῦ
816 1716 909 1744 λοιποῦ

117 1768 286 1800 παύσασθαι,
301 1769 348 1795 καὶ
371 1768 450 1804 μέχρι
472 1766 566 1793 τούτου
592 1765 684 1800 στῆναι
701 1763 750 1795 τὰς
767 1763 909 1798 μάστιγας,

116 1816 246 1851 ὁμολογεῖ
265 1823 295 1841 τε
315 1814 379 1849 ἑξῆς
399 1813 501 1847 λέγων·
526 1811 591 1838 Ἀπὸ
612 1809 666 1844 τῆς
685 1809 791 1843 ὶσχύος
813 1808 911 1842 χειρός

116 1871 176 1890 σου
200 1861 258 1897 ἐγὼ
280 1861 432 1894 ἐξέλιπον.
448 1859 515 1894 Περὶ
530 1859 558 1885 δὲ
571 1858 620 1892 τῆς
641 1857 731 1892 χειρὸς
743 1855 845 1890 ταύτης
864 1855 911 1881 καὶ

117 1906 246 1942 ἀνωτέρω
262 1906 371 1940 ἐλέγετο
383 1913 389 1920 ·
412 1902 627 1936 Ἐπεστήριξας
648 1901 693 1928 ἐπ’
709 1900 762 1935 ἐμὲ
777 1900 833 1933 τὴν
849 1899 909 1934 χεῖ-

117 1953 154 1987 ρά
176 1960 247 1980 σου.
264 1950 332 1978 Εἶτα
355 1951 485 1981 διδάσκει,
506 1949 547 1975 ὅτι
565 1949 601 1983 μὴ
618 1948 735 1983 μάτηνὴ
754 1947 813 1981 χεὶρ
830 1945 908 1972 ἐπαί-

117 1999 188 2031 δευε,
202 1997 271 2034 μηδὲ
282 1998 322 2029 εἰς
338 1996 421 2032 ἀργὸν
434 1994 595 2030 ἐμαστίγου,
608 1993 665 2020 ἀλλ’
677 1993 719 2018 ἐπ’
730 1990 849 2026 ὠφελείᾳ
863 1990 909 2016 τοῦ

116 2043 320 2079 ἡμαρτηκότος·
337 2042 378 2068 διό
392 2049 492 2076 φησιν·
518 2040 567 2066 Ἐν
591 2037 726 2072 ἐλεγμοῖς
749 2035 824 2070 ὑπὲρ
840 2036 909 2062 ἀνο-

116 2090 187 2124 μίας
201 2088 385 2121 ἐπαίδευσας
411 2088 578 2120 ἄνθρωπον.
588 2084 672 2119 ’Υπὲρ
694 2083 747 2118 γὰρ
767 2082 817 2117 τῆς
844 2090 911 2117 παρ-

117 2135 254 2171 αχθείσης
273 2133 388 2168 ἀνομίας
412 2132 458 2159 καὶ
477 2132 522 2158 διὰ
545 2130 576 2156 τὸ
600 2128 738 2164 παραχθὲν
758 2127 910 2162 ἁμάρτημα

117 2181 237 2216 ἐλέγχων
253 2180 298 2206 τὸν
315 2177 508 2213 παιδευόμενον
530 2175 639 2206 καὶτὰς
657 2174 790 2209 μάστιγας
808 2172 910 2207 ἑπῆγες

118 2227 166 2253 καὶ
187 2225 238 2261 τὴν
263 2224 344 2260 χεῖρά
360 2232 408 2250 σου
424 2221 635 2257 προλεχθεῖσαν·
652 2218 756 2249 τούτοις
774 2218 801 2244 δὲ
820 2218 910 2248 αὐτοῖς

118 2272 166 2298 καὶ.
179 2271 230 2307 τὴν
244 2270 333 2305 ψυχὴν
347 2269 393 2296 τοῦ
407 2266 602 2302 παιδευομένου
614 2264 752 2299 ὲξέτηξας,
769 2271 910 2289 ταπεινου-
925 2276 948 2304 υ

121 2317 206 2353 μένην
217 2316 266 2343 καὶ
279 2314 481 2350 λεπτυνομένην
497 2314 539 2339 ἐπ’
552 2311 670 2346 ὠφελείᾳ
682 2311 715 2344 τῇ
731 2309 826 2344 αὐτῆς.
840 2308 908 2334 Καθ’

118 2363 148 2390 ὃν
163 2362 219 2398 γὰρ
231 2361 337 2398 ἐτρύφα
349 2360 453 2396 χρόνον,
473 2360 512 2390 εἰς
528 2356 664 2393 ἁμαρτίας
682 2354 807 2387 ὲξώλισῡε
817 2374 824 2386 ,
841 2353 910 2380 κατὰ

118 2410 165 2436 ἰδ’
179 2410 293 2443 Ἔφατε
314 2406 364 2433 καὶ
383 2406 467 2433 ἔπιεν
484 2403 591 2434 Ἰακὼϐ,
605 2402 652 2429 καὶ
674 2400 876 2429 ἀπελάλησεν
894 2401 910 2426 ό

118 2453 324 2490 ἠτακημένος.
339 2452 509 2484 ἐπλατύνθη
526 2450 574 2476 καὶ
597 2448 750 2482 ἐπαχύνθη
761 2466 767 2478 ,
788 2446 836 2473 καὶ
856 2446 911 2490 an:

118 2488 196 2533 ἔάτη
213 2498 272 2526 ἀπὸ
290 2496 365 2524 Θεοῦ
379 2496 432 2523 τοῦ
452 2494 610 2528 τρέφοντος
623 2491 723 2519 αὐτόν.
744 2489 797 2520 Διὸ,
813 2489 862 2515 ἵνα
877 2488 911 2514 τὸ

120 2544 239 2579 πνεῦμα
255 2540 338 2576 σῶθῇ
360 2542 394 2568 ἐν
416 2539 454 2574 τῇ
467 2538 573 2574 ’ἡμέρᾳ
588 2537 639 2564 τοῦ
655 2536 775 2569 Kvplov,
792 2536 811 2568 ἠ
833 2533 910 2568 σὰρξ

120 2580 319 2624 παραδέδοται
333 2589 376 2620 εις
391 2587 514 2620 ὄλεθρον
523 2593 530 2599 '
557 2581 821 2619 ἦςτιμωρουμένης,
832 2581 911 2615 ὲχτή-

121 2644 200 2663 κεται
224 2634 298 2670 ψυχὴ
315 2632 506 2669 ὲξισχνουμένη
523 2630 600 2665 δίκην
619 2628 739 2664 ἀράχνης
750 2635 757 2643 ·
772 2626 812 2653 διό
828 2634 894 2661 φησι
904 2635 910 2641 ·

120 2682 176 2710 Καὶ
189 2680 334 2715 ἐξέτηξας
343 2680 384 2712 ὡς
399 2678 534 2713 ἀράχνην
549 2676 605 2709 τὴν
618 2674 724 2709 ψυχὴν
739 2673 832 2700 αὐτοῦ
842 2681 848 2686 ·
864 2672 911 2699 καὶ

120 2729 244 2763 ἐπιλέγει
254 2736 262 2744 ν
272 2726 360 2761 Πλὴν
373 2726 472 2761 μάτην
483 2723 541 2756 πᾶς
552 2722 716 2756 ἄνθρωπος,
732 2719 812 2747 πάλιν
826 2718 871 2745 τὸν
883 2719 912 2744 ἐν

120 2774 159 2811 τῷ
171 2774 223 2811 βίῳ
237 2773 326 2809 τούτῳ
341 2772 403 2806 εἰκῆ
421 2771 467 2798 καὶ
484 2770 572 2806 μάτην
596 2767 746 2804 μοχθοῦντα
770 2766 816 2794 καὶ
829 2773 911 2791 κακο-

122 2821 261 2852 παθοῦντα
275 2817 434 2850 ταλανιζων.

175 2899 199 2916 ⁸⁸
224 2899 302 2926 Deut.
322 2905 417 2928 usit,
439 2895 483 2922 l5.
519 2894 541 2909 ”
562 2892 649 2920 lCor.
667 2892 733 2924 v,5.

961 1634 1047 1661 quare
1062 1626 1180 1658 diccbat,
1199 1635 1245 1661 ego
1257 1627 1283 1652 in
1298 1626 1404 1660 ﬂagella
1418 1630 1529 1659 paratus
1546 1633 1614 1651 sum.
1631 1623 1665 1650 Αι
1679 1631 1750 1659 quo.

961 1670 1034 1697 niam
1046 1670 1175 1705 deinceps
1190 1671 1295 1705 ﬂagella
1312 1674 1355 1696 sat
1368 1674 1496 1704 expertus
1514 1672 1586 1700 erat,
1603 1676 1665 1695 cum
1687 1675 1750 1696 sese

961 1716 1071 1743 assidue
1097 1716 1241 1748 laceraret,
1266 1719 1393 1750 precatur
1416 1715 1525 1741 dcmum
1546 1722 1641 1740 eorum
1668 1714 1750 1741 linem

961 1761 1020 1788 dari
1037 1765 1064 1787 et
1082 1761 1125 1787 ltic
1142 1761 1240 1787 sistere
1255 1759 1369 1795 flagella,
1387 1767 1418 1786 ac
1444 1759 1573 1793 deinceps
1597 1759 1639 1785 his
1655 1758 1748 1785 verbis

961 1809 1115 1839 confitetur,
1138 1815 1153 1833 a
1171 1806 1324 1841 fortitudine
1346 1813 1440 1832 manus
1464 1810 1516 1832 tuw
1535 1813 1580 1840 ego
1603 1804 1695 1839 deferi.
1712 1803 1751 1831 De

962 1853 1012 1880 hac
1029 1861 1110 1888 porro
1126 1860 1207 1879 manu
1220 1853 1347 1887 superius
1361 1852 1476 1882 dictum,
1493 1850 1660 1884 confirmasti
1672 1857 1751 1883 super

962 1907 1001 1925 me
1011 1907 1117 1925 manum
1134 1904 1215 1925 tuam.
1231 1897 1287 1925 Sub
1303 1898 1360 1924 ltarc
1375 1897 1466 1930 docet,
1482 1904 1592 1923 manum
1609 1896 1683 1922 illam
1694 1903 1750 1923 non

962 1944 1064 1972 frustra
1079 1945 1229 1979 corrigere.
1246 1952 1333 1979 nequc
1358 1944 1385 1970 in
1406 1950 1514 1970 cassum
1532 1942 1678 1975 castigare,
1700 1941 1748 1969 sed

962 1998 1010 2025 pro
1028 1991 1167 2025 peccantis
1181 1990 1297 2016 utilitate
1311 1996 1412 2024 .quare
1423 1990 1471 2019 ait,
1486 1989 1513 2014 in
1527 1987 1749 2021 increpationibus

960 2041 1065 2070 propter
1080 2036 1245 2071 iniquitatem
1271 2035 1423 2069 corripuisti
1443 2034 1583 2060 hominem.
1611 2033 1677 2060 Nam
1699 2041 1750 2068 pro

962 2083 1081 2109 admissa
1104 2081 1257 2116 iniquitate,
1277 2084 1304 2107 et
1325 2087 1374 2114 pro
1396 2084 1507 2114 peccato
1532 2078 1604 2105 edito
1622 2085 1685 2105 eum
1702 2078 1753 2113 qu'.

961 2128 1160 2162 corripiebatur
1175 2134 1304 2161 arguens,
1324 2126 1429 2160 flagella
1442 2129 1469 2152 et
1489 2129 1667 2152 memoratam
1687 2132 1747 2151 ma-

960 2181 1024 2200 num
1038 2172 1170 2199 inﬂixisti.
1189 2171 1270 2198 Hisce
1281 2178 1363 2206 porro
1380 2170 1498 2196 anintam
1511 2169 1584 2196 illius
1597 2168 1643 2203 qui
1659 2170 1750 2195 corri-

961 2218 1084 2252 piebatur
1099 2218 1240 2244 tabescere
1251 2216 1350 2247 fecisti,
1365 2215 1547 2250 pro,utilitate
1561 2214 1647 2249 ipsius
1659 2214 1750 2240 Immi-

962 2262 1053 2288 liataut
1072 2265 1098 2288 et
1111 2265 1295 2288 extenuatam.
1314 2260 1379 2287 Nam
1393 2268 1447 2295 quo
1465 2265 1587 2294 tempore
1600 2259 1627 2285 in
1643 2258 1749 2284 deliciis

963 2309 1069 2343 agebat,
1087 2313 1144 2335 tum
1161 2308 1187 2334 in
1202 2311 1314 2342 peccata
1330 2307 1404 2341 lapsa
1421 2310 1473 2337 est,
1491 2305 1641 2332 seutndum
1659 2303 1726 2344 illud
1740 2312 1747 2330 τ

964 2354 1082 2380 Comedit
1097 2358 1120 2380 et
1135 2353 1197 2380 bibit
1209 2352 1303 2384 Jacob,
1317 2358 1341 2378 et
1356 2351 1532 2378 rccalcitruvit
1549 2349 1660 2376 dilectus
1676 2354 1700 2375 et
1712 2349 1748 2375 in-

963 2405 1097 2427 crassatus
1110 2405 1158 2432 est,
1169 2405 1193 2427 et
1207 2400 1312 2427 recessit
1325 2408 1341 2425 a
1354 2399 1405 2425 Deo
1417 2398 1461 2432 qui
1477 2398 1609 2424 nutriebat
1621 2396 1706 2430 ipsum
1713 2396 1748 2424 “'.

963 2444 1156 2477 Quamobrem,
1179 2449 1207 2470 ut
1231 2444 1341 2478 spiritus
1361 2443 1450 2469 salvus
1471 2442 1504 2468 sit
1524 2442 1550 2467 in
1567 2440 1609 2467 die
1629 2440 1748 2472 Domini,

964 2499 1026 2517 caro
1039 2490 1137 2516 tradita
1156 2495 1194 2516 est
1210 2490 1237 2516 in
1253 2489 1387 2516 interitum
1398 2489 1420 2504 θ’
1435 2496 1442 2514 :
1457 2495 1510 2521 qua
1532 2486 1667 2521 supplicio
1682 2485 1749 2513 alIe-

965 2540 1019 2568 cta,
1045 2536 1136 2562 anima
1162 2535 1276 2562 tabescit
1295 2538 1322 2562 et
1345 2537 1509 2561 extenuatur
1536 2532 1607 2559 sicut
1627 2538 1748 2559 aranea:

964 2583 1024 2610 ideo
1039 2583 1086 2615 ait,
1103 2582 1136 2609 Et
1157 2582 1287 2609 tabescere
1300 2581 1385 2615 fecisti
1401 2580 1470 2607 sicut
1485 2586 1611 2605 aratwam
1632 2578 1749 2604 animant

964 2637 1048 2656 meam
1066 2637 1075 2655 :
1091 2628 1190 2663 quibus
1221 2627 1334 2662 adjicit,
1361 2625 1546 2652 Verumtamen
1575 2630 1640 2650 cane
1665 2622 1750 2649 omnis

963 2676 1050 2707 homo,
1073 2674 1204 2702 miserum
1227 2673 1318 2700 denuo
1330 2670 1484 2707 pradicans
1499 2676 1573 2702 eum,
1593 2668 1640 2703 qui
1656 2668 1683 2694 in
1699 2667 1750 2694 bac

964 2722 1019 2748 vita
1034 2721 1062 2748 in
1078 2719 1217 2748 laboribus
1231 2722 1257 2747 et
1271 2717 1401 2746 aerumnis
1418 2716 1520 2744 frustra
1536 2718 1673 2743 versatur.
