2056 3214
317 186 366 214 351

669 182 803 212 EUSEBll
821 171 1062 212 sustinuimus
1080 181 1156 211 orn.
1170 181 1261 211 rans
1277 172 1323 210 in.
1338 197 1374 202 -
1388 180 1593 210 EXEGETICA.

1891 184 1940 212 353

360 244 439 272 Vens.
455 245 498 276 i3,
517 244 561 272 ιι.
580 243 687 271 Exaudi
703 246 849 271 orationem
870 252 966 277 meam,
983 242 1099 275 Domine,

1191 240 1384 268 Εἰσὰκουσον
1404 240 1461 275 τῆς
1481 231 1657 276 προονευχῆς
1677 250 1747 276 μου,
1767 242 1867 277 Κύριε.
1891 244 1940 271 καὶ

316 295 342 318 et
354 291 566 325 deprecationem
589 298 674 317 meam
698 298 707 316 :
726 290 836 317 auribus
851 290 954 325 percipe
970 289 1103 324 lacrymas

317 344 399 364 nicas.
418 335 460 363 Ne
477 337 568 368 sileas,
586 336 712 371 quoniam
726 335 827 363 advena
848 344 895 371 ego
913 344 971 362 sum
986 335 1057 370 apud
1080 339 1104 362 te

315 385 341 408 et
351 382 515 418 peregrinus,
531 383 600 409 sicut
620 391 708 409 omnes
722 386 810 417 patres
827 382 888 408 mei.
905 380 956 408 Hic
972 388 1001 409 se
1015 380 1103 408 conii-

317 431 389 455 tetur
409 428 541 455 advenam
563 432 590 455 et
614 428 809 463 peregrinum:
828 427 904 455 novit
917 430 1008 454 autem
1022 426 1103 453 aliam

317 480 377 501 esse
393 473 609 508 refrigerationis
632 474 726 504 'vitam,
743 481 825 508 quam
841 472 949 510 assequi
967 475 1102 506 peroptat,

317 519 428 546 dicens:
445 518 557 545 Remitte
572 519 636 545 mihi
651 523 679 545 ut
699 519 848 553 refrigerer.
865 517 923 544 Non
940 517 1030 552 itaque
1044 524 1103 544 om-

317 571 378 594 nem
390 566 527 593 hominem
545 566 677 593 advenam
691 573 752 592 esse
766 568 868 591 temere
881 564 958 594 dicit,
982 571 1031 590 nec
1046 562 1103 589 l'ru-

317 617 373 640 stra
394 620 455 639 cum
472 611 535 638 ﬂetu
563 615 589 637 et
607 611 736 646 lacrymis
757 609 975 644 deprecationem
992 609 1101 640 emittit,

317 665 418 694 gnarus
440 658 545 685 scilicet
562 657 645 688 illitis,
665 656 741 682 Beati
756 655 801 690 qui
819 656 891 689 ﬂent,
909 656 1033 689 quoniam
1053 655 1103 688 ipsi

317 703 464 733 ridebunt‘,
474 707 510 733 et,
521 702 596 728 Beati
610 701 654 735 qui
669 700 767 735 lugent,
785 700 909 734 quoniam
920 700 970 733 ipsi
981 699 1101 725 consola-

316 750 414 775 buntur
428 750 449 776 ³.
464 748 501 775 Ac
514 751 586 775 recte
607 747 677 773 facta
699 754 748 773 sua
765 750 827 780 post
839 746 895 772 haec
908 746 943 772 ita
960 745 1100 777 describit,

316 795 359 823 ltlS
382 801 535 822 sermonem
559 792 725 820 concludens
751 802 756 819 :
776 791 908 824 Quoniam
932 791 1031 817 adverto
1056 799 1102 825 ego

316 848 373 866 sum
388 844 412 865 et
439 839 601 873 peregrinus.
623 838 690 864 sicut
714 845 802 864 omnes
826 842 914 871 patres
939 837 997 864 mei.
1013 835 1102 864 Rarus

315 893 382 912 sane
399 890 440 912 est
457 885 480 911 is
493 886 538 919 qui
556 885 643 919 possit
664 883 697 910 ad
721 883 900 909 imitationem
913 882 1100 916 religiosorum

315 937 423 968 patrum
438 935 465 958 et
482 931 676 966 prophetarum
692 929 749 961 Dei,
771 937 825 956 non
848 934 877 955 ut
892 929 992 959 incola.
1010 929 1057 956 sed
1072 932 1100 955 ut

314 978 418 1004 advena
435 982 639 1012 tcmporaneam
657 976 756 1003 ducere
773 976 857 1002 vitam
883 984 889 1002 :
917 982 969 1009 qua
987 975 1012 1001 in
1035 983 1063 1002 rc
1077 975 1100 1002 is

314 1024 361 1058 qui
389 1023 510 1057 loquitur
533 1022 714 1057 gloriabatur,
739 1022 910 1056 peregrinam
935 1025 961 1047 et
986 1020 1100 1047 alienam

315 1069 461 1095 humanam
475 1068 557 1094 vitam
575 1067 724 1094 aestimans.
742 1066 852 1092 Remitte
874 1066 939 1092 milii
952 1071 981 1092 ut
997 1066 1102 1101 refrige-

315 1123 358 1141 ror
373 1115 527 1149 priusquam
548 1113 650 1144 abeam,
667 1118 691 1139 et
711 1112 825 1146 amplius
837 1121 887 1139 non
905 1121 959 1139 ero.
977 1111 1030 1138 Pro
1047 1119 1101 1146 quo

316 1159 498 1195 Symmachus
511 1160 558 1190 ait,
577 1158 691 1185 Abscede
702 1167 717 1185 a
732 1167 771 1185 me
788 1163 815 1185 ut
835 1158 946 1190 rideam,
962 1163 1101 1193 antequam

315 1205 409 1231 abeam
433 1209 456 1230 et
474 1212 525 1230 non
548 1204 671 1231 existant.
693 1203 750 1230 Nisi
771 1204 842 1230 enim
868 1203 911 1229 hic
927 1203 1039 1229 mutatis
1054 1210 1101 1237 per

315 1250 431 1286 gratiam
445 1254 519 1277 tuam
538 1250 565 1276 in
583 1250 669 1277 risum
681 1250 809 1285 lacrymis
824 1249 938 1280 rideam,
956 1257 987 1276 ac
1005 1249 1056 1276 nisi
1073 1249 1100 1275 in

317 1299 441 1331 praesenti
459 1297 515 1323 vita
530 1297 654 1323 remittas
671 1296 735 1323 mihi
753 1296 881 1322 delictum
904 1300 931 1322 et
949 1295 1100 1322 facinorum

315 1341 422 1367 Veniam
449 1341 580 1375 prtebeas,
596 1345 624 1367 ut
641 1341 775 1375 meipsum
793 1340 922 1375 recipiam
945 1343 971 1366 et
987 1339 1101 1373 refrige-

316 1394 388 1419 rem;
415 1391 475 1421 post
498 1388 600 1414 exitum
626 1394 640 1412 ιι
659 1387 713 1414 vita
737 1386 843 1413 nullum
866 1386 918 1412 erit
933 1385 1101 1420 poenitentiae

315 1435 434 1467 tempus.
450 1431 489 1458 Ac
506 1433 528 1459 si
551 1433 658 1458 veniam
674 1439 728 1457 non
744 1437 908 1465 consequar,
928 1430 955 1456 in
970 1430 1025 1456 vita
1040 1437 1101 1463 qua:

315 1478 386 1512 apud
404 1482 430 1505 te
441 1482 483 1505 est
498 1478 614 1512 amplius
630 1485 684 1504 non
695 1484 742 1504 ero
754 1485 760 1509 ;
776 1476 825 1503 sed
838 1476 955 1510 rejectus
969 1476 1101 1503 assimila-

314 1523 363 1549 bor
380 1523 596 1551 descendentibus
618 1525 645 1550 in
670 1523 766 1550 lacum.
782 1524 872 1556 Quare
886 1523 912 1549 in
925 1522 976 1549 hac
989 1523 1043 1549 vita
1059 1522 1099 1549 sic

314 1569 457 1604 deprecor,
476 1568 517 1596 Ne
530 1570 610 1596 sileas
628 1578 644 1596 a
659 1578 708 1602 me,
723 1569 859 1605 nequando
876 1573 962 1596 taceas
979 1577 995 1595 a
1011 1576 1060 1602 me,
1074 1573 1098 1596 et
1113 1584 1134 1613 ο

315 1614 486 1641 assimilabor
499 1615 713 1641 descendentibus
729 1615 757 1641 in
771 1615 871 1642 lacum.

471 1744 498 1770 1.
516 1743 548 1770 IN
566 1743 670 1770 FINEM
691 1743 807 1771 DAVIDI
822 1744 942 1773 XXXIX.

351 1788 434 1816 Vsus.
452 1789 491 1815 Ξ·
513 1790 539 1815 4.
567 1789 729 1824 Επιςρεοιαιιδ
761 1792 906 1824 exspectavi
940 1791 1098 1826 Dominum,

314 1839 339 1861 et
356 1835 470 1861 intendit
497 1835 572 1863 ini/ti.
586 1851 619 1855 —
634 1835 764 1868 Quoniam
787 1837 922 1863 tribulatio
944 1838 1099 1871 patientium

314 1886 463 1916 operatur:
490 1882 618 1915 patientia
645 1888 732 1909 autem
760 1882 949 1916 probationem,
978 1883 1098 1917 probatio

313 1937 372 1956 vero
394 1937 465 1963 spem
481 1937 489 1955 :
506 1937 562 1964 spes
588 1935 676 1956 autem
702 1938 754 1956 non
771 1930 909 1964 confundit
923 1931 942 1957 ³.
962 1929 1028 1958 lure
1041 1932 1099 1965 qni-

313 1976 374 2002 dem
390 1975 481 2009 justus
496 1983 549 2002 non
569 1975 670 2003 frustra
682 1981 832 2011 exspectat,
852 1977 900 2004 sed
917 1984 991 2011 spem
1008 1978 1098 2004 inten-

312 2020 380 2047 dens
395 2028 484 2051 suam,
504 2029 555 2048 nec
571 2022 720 2056 desperans
743 2022 776 2049 de
792 2029 824 2048 ea
848 2030 909 2057 qua:
933 2031 948 2049 a
978 2023 1032 2050 lieo
1055 2028 1098 2051 cst

313 2068 413 2100 salute,
432 2068 601 2103 inpatientia
618 2073 784 2103 perseverat.
810 2069 940 2102 Quamvis
964 2079 1017 2097 non
1043 2076 1098 2098 sta-

313 2113 361 2139 tim
385 2120 467 2147 atque
489 2119 616 2148 precatus
633 2118 674 2141 est
689 2114 835 2142 exauditus
862 2115 953 2146 fuerit.
978 2120 1095 2144 attamen

313 2160 450 2192 sperando
463 2164 612 2193 permanet,
640 2168 671 2186 ac
688 2165 843 2194 perseverat
860 2161 887 2187 in
902 2161 1098 2188 obsecrationi-

311 2206 363 2232 bus
378 2210 405 2232 et
421 2206 602 2233 orationibus.
619 2206 697 2239 Quod
712 2207 734 2234 si
750 2208 914 2241 quandoque
933 2209 1048 2241 labatur,
1068 2215 1096 2237 ut

311 2250 406 2278 Davidi
425 2251 534 2282 accidit,
552 2251 696 2278 conﬁtetur
710 2260 763 2278 non
778 2253 902 2286 ignorare
914 2261 942 2280 se
954 2262 1095 2289 quousque

311 2298 446 2324 malorum
476 2297 627 2324 devenerit.
648 2297 676 2324 Si
698 2306 763 2325 vero
783 2303 877 2332 postea
897 2300 1063 2334 resipiscens
1079 2308 1094 2326 a

310 2343 387 2378 lapsu
402 2351 432 2370 se
452 2342 587 2375 retrahat,
611 2343 713 2377 gratias
736 2348 805 2379 aget,
837 2348 987 2379 notumque
1013 2345 1091 2372 faciet

309 2390 438 2417 omnibus
453 2397 484 2416 ex
500 2389 573 2424 quali
589 2390 707 2417 miseria:
721 2390 829 2425 gurgite
851 2399 880 2418 se
897 2391 1020 2418 eduxerit
1038 2400 1094 2419 me-

309 2436 386 2463 dicus
416 2440 443 2462 et
470 2438 597 2462 servator
621 2435 719 2462 anima!
743 2436 849 2470 ipsius;
881 2444 965 2471 quare
988 2437 1060 2464 dicet
1087 2447 1093 2464 :

310 2481 410 2507 Eduxit
426 2489 465 2508 me
474 2481 506 2508 de
522 2481 581 2507 lacu
598 2482 710 2508 miserim
725 2487 749 2508 et
766 2483 798 2509 de
814 2482 868 2509 luto
879 2483 962 2517 fletis.
973 2483 1000 2510 ld
1015 2491 1094 2518 porro

308 2528 452 2559 obtinebit,
467 2528 531 2562 quia
548 2532 711 2562 exspectans
739 2533 907 2563 cxspectavd
938 2530 1092 2557 Dominum.

310 2573 412 2600 Lacum
433 2574 561 2603 miseriae.
582 2574 748 2608 profundum
768 2576 883 2609 peccati,
901 2576 987 2603 lutum
1008 2576 1092 2608 izecis,

309 2620 391 2647 Intosi
410 2620 534 2653 corporis
551 2621 715 2655 voluptates.
741 2621 767 2647 in
793 2629 860 2654 quas
874 2622 985 2656 delapsa
1002 2623 1092 2649 anitna

308 2665 478 2700 demergitur
493 2670 519 2693 et
530 2667 609 2700 quasi
625 2667 652 2693 in
669 2667 805 2702 profundo
821 2668 958 2699 obruitur,
982 2677 1036 2695 non
1051 2669 1093 2695 in-

305 2712 378 2746 juria
396 2712 586 2746 appellaveris.
611 2712 662 2745 Qui
683 2713 765 2748 igitur
786 2722 819 2740 ex
847 2714 891 2741 liis
917 2715 1038 2745 etnersit,
1066 2719 1092 2742 et

307 2757 457 2785 Salvator-is
475 2757 586 2784 dextera
597 2758 711 2786 eductus
726 2763 778 2787 est.
795 2766 826 2785 ac
838 2759 935 2786 deinde
947 2759 979 2785 ad
997 2767 1090 2794 puram

305 2807 332 2829 et
346 2806 449 2830 rectam
470 2803 603 2830 rationem
630 2804 727 2831 anima:
748 2813 804 2832 sua:
821 2805 934 2839 vestigia
963 2805 1089 2837 ﬁrmavit,

341 2881 348 2896 ¹
369 2880 436 2909 Luc.
453 2889 498 2915 vi,
515 2881 559 2909 2|.
600 2884 609 2899 ²
629 2883 726 2911 Matth.
745 2891 771 2916 ν,
790 2883 816 2911 5.
856 2883 866 2899 ³
886 2884 966 2912 Rom.
984 2892 1011 2917 v,
1028 2883 1055 2912 3.

1154 287 1210 322 τῆς
1232 287 1364 321 ὃεήσεώς
1383 296 1459 322 μου·
1475 287 1614 314 ἐνώτισαι
1636 287 1695 314 τῶν
1717 288 1854 322 δακρύων
1869 297 1939 324 μου.

1154 333 1202 368 Μὴ
1217 333 1466 368 παρασιωπήσῃς,
1483 333 1528 360 ὅτι
1549 333 1691 368 πάροικος
1705 334 1762 369 ἐγώ
1775 335 1834 369 ειμι
1854 335 1889 362 ἐν
1904 335 1940 370 τῇ

1153 379 1193 416 γῇ
1212 380 1263 407 καὶ
1283 379 1499 414 παρεπίδημος,
1519 379 1615 413 καθὼς
1631 379 1743 413 πάντες
1766 382 1794 408 οἱ
1817 381 1940 415 πατέρες

1150 434 1220 461 μου.
1230 424 1361 451 Ἐνταῦθα
1377 424 1502 459 ὁμολογεῖ
1525 424 1654 460 πάροικος
1676 422 1745 451 εἶναι
1760 425 1807 451 καὶ
1822 427 1939 461 παρεπί-

1152 470 1237 506 δημος
1248 479 1255 485 ·
1274 468 1329 497 οἶδέ
1345 478 1374 496 τε
1389 470 1485 506 ἑτέραν
1508 470 1580 505 ζωὴν
1598 469 1786 504 ἀναψύξεως,
1802 468 1836 506 ἧς
1851 473 1940 506 τυχεῖν

1153 516 1272 552 γλίχεται
1296 516 1398 550 λέγων·
1415 517 1493 545 Ἀνε(
1515 525 1576 550 μοι,
1595 517 1645 542 ἵνα
1667 517 1821 551 ἀναψ-ὐΕω.
1837 517 1939 545 οὔκουν

1155 563 1242 598 μάτην
1259 562 1346 588 πάντα
1363 562 1504 597 ἄνθρωπον
1519 563 1651 597 πάροικον
1666 562 1752 597 ἔλεγε,
1773 563 1841 598 μετὰ
1856 564 1939 591 κλαυ-

1154 608 1220 643 Θμοῦ
1236 608 1264 634 δὲ
1276 608 1322 634 xai.
1336 608 1460 643 δακρύων
1474 608 1522 643 τὴν
1536 608 1676 643 ἱκετηρίαν
1687 609 1852 644 ἀναπέμπει,
1861 610 1940 645 ἀκρι-

1153 653 1207 685 ϐῶς
1223 652 1309 684 εἰδὼς,
1333 653 1372 679 ὅτι
1389 653 1533 687 Μακάριοι
1558 655 1584 679 οἱ
1607 654 1774 686 κλαίοντες,
1791 653 1835 680 ὅτι
1859 654 1940 689 γελά-

1152 706 1268 729 σίνται,
1283 700 1339 730 καὶ,
1362 699 1505 733 Μακάριοι
1522 701 1548 726 οἱ
1564 699 1753 733 πενθοῦντες,
1779 700 1823 726 ὅτι
1846 709 1939 735 παρα.

1153 744 1356 777 κληθήσονται
1370 753 1376 759 “
1393 745 1439 771 καὶ
1455 744 1489 771 τὰ
1511 744 1708 780 κατορθώματα
1728 746 1755 772 δὲ
1777 746 1858 773 αὑτοῦ
1875 747 1940 774 ὑπο-

1152 791 1251 825 γράφει
1268 791 1416 824 ἐπιλέγων·
1434 791 1494 816 Ὅτι
1510 790 1651 824 πάροικος
1664 791 1720 826 ἐγὼ
1730 792 1787 825 εἰμι
1804 792 1854 819 καὶ
1867 800 1941 827 παρ-

1152 837 1306 871 επίὸημος,
1324 836 1420 869 καθὼς
1433 837 1543 870 πάντες
1559 839 1585 863 οὶ
1600 837 1724 871 πατέρες
1736 847 1805 872 μου.
1821 839 1939 866 Σπανίου

1152 883 1181 909 δέ
1195 885 1268 909 ἐστιν
1285 883 1380 918 ἀνδρὸς
1393 883 1422 909 τὸ
1438 883 1567 910 δύνασθαι
1578 884 1647 910 κατὰ
1663 883 1777 919 μίμησιν
1786 884 1840 911 τῶν
1853 885 1942 919 θεοφι-

1153 929 1206 956 λῶν
1230 929 1354 964 πατέρων
1378 930 1425 956 καὶ
1448 929 1502 956 τῶν
1526 930 1671 965 προφητῶν
1693 930 1738 956 τοῦ
1763 930 1830 957 Θεοῦ
1849 931 1886 967 μὴ
1902 931 1941 964 ὥς

1154 977 1265 1008 ἔνοικος,
1281 976 1338 1003 ἀλλ’
1352 976 1389 1008 ὡς
1414 977 1544 1011 πάροικος
1567 977 1616 1012 τὴν
1643 977 1807 1013 πρόσκαιρον
1820 978 1941 1005 διασιοῦν

1153 1023 1225 1058 ζωήν
1235 1031 1241 1037 ·
1255 1023 1296 1057 ἐφ’
1307 1019 1328 1056 ᾧ
1340 1023 1385 1048 καὶ
1398 1023 1412 1048 ὁ
1428 1022 1522 1057 παρὼν
1534 1022 1694 1057 ἐσεμνύνετο
1706 1023 1849 1058 παροικίαν
1858 1023 1942 1059 ἡγού-

1154 1076 1231 1103 μενος
1246 1068 1292 1094 καὶ
1305 1067 1436 1100 ξενιτείαν
1448 1067 1492 1093 τὸν
1509 1067 1678 1102 ἀνθρώπινον
1692 1067 1747 1102 βίον
1758 1077 1764 1083 ·
1779 1069 1867 1102 Ἀνες
1877 1078 1941 1103 μοι,

1152 1113 1201 1138 ἵνα
1217 1112 1362 1146 ἀναψύξω
1373 1112 1430 1146 πρὸ
1447 1112 1500 1138 τοῦ
1513 1121 1551 1147 με
1567 1113 1717 1145 ἀπελθεῖν,
1728 1113 1775 1140 καὶ
1788 1113 1886 1140 οὐκέτι
1896 1114 1941 1149 μὴ

1152 1157 1282 1191 ὑπάρξω.
1298 1158 1367 1184 ’Λνο“
1377 1156 1405 1185 οὗ
1418 1159 1432 1183 ὁ
1445 1157 1480 1184 Σύ
1485 1159 1591 1193 μμαχός
1605 1167 1686 1194 φησι·
1704 1160 1855 1194 Ἀπόσχου
1866 1168 1940 1194 μου.

1151 1204 1201 1230 ἵνα
1214 1205 1357 1239 μειδιάσω
1370 1205 1440 1237 πρὶν
1451 1205 1593 1232 ἀπελθεῖν
1601 1214 1649 1240 με,
1665 1206 1713 1232 καὶ
1724 1205 1767 1240 μὴ
1782 1206 1940 1241 ὑπάρχειν.

1157 1249 1219 1276 Ἐὰν
1233 1250 1288 1286 γὰρ
1305 1250 1438 1282 ἐντεῦθεν,
1453 1251 1529 1286 φησὶ,
1547 1251 1594 1287 μὴ,
1613 1251 1770 1287 μεταϐαλὼν
1784 1252 1819 1279 τὰ
1833 1252 1942 1288 δάκρυα

1151 1296 1191 1327 εἰς
1203 1296 1307 1330 γέλωτα
1318 1296 1362 1323 διὰ
1378 1297 1426 1331 τὴν
1443 1298 1492 1332 σὴν
1512 1298 1603 1333 χάριν,
1622 1297 1762 1333 μειδιάσω,
1777 1299 1824 1325 καὶ
1838 1298 1886 1325 ἐὰν
1902 1299 1942 1335 μὴ

1151 1343 1180 1368 ὲν
1201 1342 1240 1377 τῷ
1263 1343 1376 1378 παρόντι
1397 1343 1446 1378 βίῳ
1462 1344 1527 1378 ἀνῇς
1544 1353 1587 1378 μοι
1600 1345 1630 1370 τὸ
1643 1345 1794 1380 ἁμάρτημα
1811 1345 1858 1371 καὶ
1875 1353 1940 1378 συγ-

1151 1388 1277 1423 χωρήσῃς
1293 1389 1327 1415 τὰ
1342 1389 1534 1424 πεπραγμένα,
1553 1390 1596 1416 ἵνα
1610 1390 1735 1417 ἀναλάϐω
1757 1390 1876 1426 ἐμαυτὸν
1894 1390 1941 1416 καὶ

1151 1435 1278 1469 ἀναψύξω
1297 1435 1462 1469 ἀπαλλαγεὶς
1483 1436 1530 1462 τοῦ
1552 1437 1717 1473 προσκαίρου
1734 1437 1802 1472 βίου,
1817 1436 1868 1463 οὐκ
1883 1436 1941 1462 ἔστι

1151 1480 1247 1515 καιρὸς
1259 1480 1408 1515 μετανοίας.
1420 1481 1465 1516 Μὴ
1475 1481 1563 1516 τυχὼν
1576 1482 1603 1508 δὲ
1614 1482 1738 1516 ἀφέσεως
1751 1483 1843 1508 οὐκέτι
1857 1482 1940 1516 ὑπάρ-

1151 1524 1188 1558 ξω
1204 1526 1232 1552 ἐν
1254 1527 1287 1561 τῇ
1310 1527 1384 1562 παρὰ
1402 1528 1443 1553 σοι¹
1463 1527 1536 1562 ςωῇ”
1560 1527 1712 1563 ἀπόϐλητος
1735 1528 1763 1554 δὲ
1783 1528 1940 1563 γενόμενος,

1151 1573 1368 1607 ὀμοιωθήσομαι
1384 1573 1446 1606 τοῖς
1458 1574 1691 1600 καταϐαίνουσιν
1703 1575 1746 1607 εὶς
1756 1573 1883 1601 λάκκον.
1896 1575 1941 1601 Διὸ

1152 1619 1275 1645 ἐντεῦθεν
1300 1619 1412 1646 ἱκετεύω
1435 1620 1536 1654 λέγων·
1559 1620 1607 1655 Μὴ
1631 1622 1868 1655 παρασιωπήσῃς
1889 1621 1942 1648 ἀπ’

1151 1665 1233 1699 ἐμοῦ,
1244 1665 1360 1699 μήποτε
1369 1666 1608 1700 παρασιωπήσῃς
1617 1667 1666 1694 ἀπ’
1679 1666 1762 1701 ἐμοῦ,
1778 1667 1827 1694 καὶ
1837 1668 1942 1702 ὁμοιω-

1151 1710 1280 1745 θήσομαι
1298 1711 1359 1744 τοῖς
1374 1712 1607 1739 καταϐαίνουσιν
1619 1714 1663 1745 εἰς
1676 1713 1802 1740 λάκκον.

1326 1757 1379 1783 ΕΙΣ
1398 1757 1441 1784 ΤΟ
1460 1758 1569 1784 ΤΕΛΟΣ
1588 1758 1687 1784 ΔΑΥΙΔ
1707 1758 1768 1785 ΛΘ’.

1191 1803 1356 1837 Ὑπομένων
1367 1803 1511 1838 ὑπέμεινα
1525 1804 1577 1830 τὸν
1587 1805 1707 1838 Κύριον,
1721 1805 1769 1831 καὶ
1786 1805 1942 1840 προσέσχε

1147 1858 1206 1882 μοι.
1217 1849 1379 1882 -Ὲπειὸὴ
1400 1851 1419 1883 ἡ
1438 1850 1541 1884 θλίψις
1553 1850 1711 1884 ὑπομονὴν
1725 1851 1940 1886 κατεργύζέται,

1150 1895 1168 1927 ἡ
1180 1894 1213 1920 δὲ
1224 1894 1360 1929 ὑπομονὴ
1375 1894 1511 1930 δοκιμὴν,
1524 1896 1543 1929 ἡ
1558 1896 1592 1922 δὲ
1604 1896 1709 1930 δοκιμὴ
1722 1897 1847 1923 ἐλπίδα·
1866 1898 1887 1931 ἠ
1905 1897 1942 1924 δὲ

1151 1940 1241 1973 ἐλπὶς
1264 1942 1300 1967 οὺ
1325 1941 1528 1975 καταισχύνει.
1546 1942 1665 1974 Εἰκότως
1689 1943 1737 1977 οὐχ
1763 1942 1884 1975 ἀπλῶςὸ
1898 1943 1940 1969 δί-

1149 1993 1224 2013 καιος
1246 1985 1385 2020 ὑπομένει,
1399 1985 1455 2011 ἀλλ’
1469 1986 1612 2012 ἐπιτείνων
1636 1986 1684 2021 τὴν
1711 1986 1807 2013 ἐλπίδα
1830 1987 1878 2014 καὶ
1900 1987 1940 2023 μὴ

1148 2031 1342 2063 ἀπογινώσκων
1356 2031 1405 2066 τὴν
1420 2032 1494 2066 παρὰ
1505 2032 1564 2067 Θεῷ
1577 2034 1722 2068 σωτηρίαν,
1740 2033 1893 2068 παραμένει
1904 2035 1940 2069 τῇ

1149 2077 1280 2111 ὑπομονῇ.
1299 2076 1357 2103 Κᾶν
1384 2077 1554 2112 παραχρῆμα
1575 2078 1679 2113 δεηθεὶς
1706 2078 1742 2114 μὴ
1765 2079 1938 2114 ὑπακουσθῇ,

1147 2124 1220 2158 ὅμως
1242 2123 1358 2154 ἐλπίζων
1379 2124 1507 2158 ὑπομένει
1527 2125 1573 2150 καὶ
1591 2126 1792 2160 προσκαρτερεῖ
1804 2126 1863 2156 ταῖς
1875 2124 1941 2160 δεή-

1148 2176 1207 2193 σεσι
1220 2168 1266 2194 καί
1277 2169 1336 2198 ταῖς
1350 2171 1523 2203 προσευχαῖς.
1534 2170 1564 2195 Εἰ
1577 2170 1606 2196 δὲ
1619 2171 1665 2197 xui.
1681 2171 1708 2196 ἐν
1721 2170 1858 2205 σφάλματί
1871 2178 1940 2196 nou

1146 2213 1259 2247 γένοιτο,
1277 2213 1369 2248 ὥσπερ
1384 2214 1397 2239 ὁ
1411 2214 1502 2246 Δαύῖδ,
1519 2216 1644 2250 ὁμολογεῖ
1660 2216 1696 2251 μὴ
1710 2216 1816 2250 ἀγνοεῖν
1826 2213 1870 2242 οἶα
1886 2224 1939 2243 κα-

1114 2265 1134 2291 ι)
1147 2259 1201 2285 κῶν
1217 2258 1353 2294 ἐλήλυθεν.
1372 2260 1402 2285 El
1421 2259 1448 2285 δὲ
1467 2261 1514 2286 καὶ
1533 2261 1601 2295 μετὰ
1616 2261 1702 2287 ταῦτα
1725 2261 1853 2288 ἀναλάϐοι
1874 2263 1940 2288 ἐαυ-

1147 2305 1192 2331 τὺν
1217 2305 1262 2332 τοῦ
1303 2305 1460 2340 σφάλματος
1489 2306 1714 2342 συνῃσθημένος,
1744 2308 1938 2343 εὐχαριστήσει

1152 2352 1286 2387 γνωρίζων
1311 2353 1356 2387 ἀφ’
1372 2353 1427 2378 οἴου
1456 2352 1553 2387 βάθους
1580 2353 1767 2389 ταλαιπωρίας
1787 2354 1938 2389 ἀνιμήσατο

1146 2397 1226 2423 αὑτὸν
1237 2398 1251 2423 ὁ
1263 2397 1311 2432 τῆς
1321 2397 1409 2432 ψυχῆς
1420 2397 1501 2423 αὐτοῦ
1512 2398 1655 2432 γενόμενος
1670 2398 1760 2433 ἰατρὸς
1775 2398 1821 2425 καὶ
1833 2399 1935 2434 σωτήρ·

1145 2441 1239 2476 διόπερ
1254 2443 1327 2476 ὲρεῖ’
1349 2442 1487 2476 Ἀνήγαγέ
1504 2451 1541 2476 με
1556 2443 1590 2468 ὲκ
1607 2442 1722 2470 λάκκου
1736 2444 1938 2477 ταλαιπωρίας

1145 2487 1192 2513 καὶ
1209 2487 1268 2513 ἀπὸ
1285 2488 1384 2520 πηλοῦ
1397 2489 1489 2521 ἰλύος.
1511 2488 1615 2514 Τούτου
1633 2489 1661 2515 δὲ
1675 2489 1810 2522 τεύξεται,
1826 2489 1936 2524 ἐπειδή-

1145 2540 1196 2567 περ
1218 2533 1361 2567 ὑπομένων
1388 2534 1519 2569 ὑπέμεινε
1540 2535 1584 2562 τὸν
1600 2535 1711 2571 Κύριον.
1726 2535 1834 2562 Λάκκον
1848 2535 1876 2561 δὲ
1891 2544 1937 2562 τα-

1143 2577 1294 2613 λαιπωρίας
1310 2579 1341 2605 τὸ
1357 2579 1437 2614 βάθος
1457 2580 1506 2614 τῆς
1523 2581 1669 2615 ἁμαρτίας,
1686 2581 1732 2606 καὶ
1759 2580 1842 2615 πηλὸν
1865 2579 1936 2611 ἰλύος

1143 2623 1192 2654 τὰς
1215 2623 1262 2649 τοῦ
1291 2624 1430 2659 πηλώδους
1447 2625 1570 2660 σώματος
1584 2625 1760 2660 ἡδυπαθείας,
1777 2626 1805 2651 ὲν
1819 2621 1862 2656 αἷς
1879 2625 1936 2651 ὀλι-

1144 2669 1268 2704 σθήσασα
1282 2670 1355 2706 ψυχὴ
1370 2671 1529 2706 βαπτίζεται
1545 2673 1591 2699 καὶ
1605 2672 1698 2707 ὥσπερ
1714 2674 1742 2699 ἐν
1758 2672 1831 2707 βυθῷ
1852 2680 1936 2698 κατα-

1144 2715 1296 2747 ποκιτοῦται,
1315 2717 1365 2742 οὐκ
1378 2716 1410 2743 ἂν
1425 2716 1558 2753 ἁμάρτοις
1574 2718 1668 2745 εἰπών.
1679 2719 1707 2745 '0
1718 2718 1750 2752 δὴ
1766 2715 1812 2744 οὖν
1827 2718 1861 2743 ἐκ
1872 2716 1934 2743 τού-

1143 2770 1195 2788 των
1209 2762 1359 2797 ἀνακύψας,
1378 2765 1424 2791 καὶ
1441 2765 1493 2791 ὑπὸ
1509 2765 1557 2800 τῆς
1575 2765 1664 2798 δεξιᾶς
1678 2765 1725 2791 τοῦ
1745 2765 1871 2800 Σωτῆρος
1886 2765 1933 2791 ἀν-

1144 2817 1152 2833 ι
1156 2808 1260 2843 μηθεὶς,
1269 2807 1327 2837 εἶτα
1337 2810 1427 2838 λοιπον
1439 2812 1466 2837 ἐν
1479 2811 1590 2847 καθαρῷ
1600 2811 1639 2846 τῷ
1649 2811 1720 2846 λόγῳ
1727 2811 1775 2843 τὰς
1786 2811 1836 2847 τῆς
1846 2810 1934 2846 ψυχῆς
