2056 3214
279 154 314 182 55

317 154 331 163 υ

316 164 333 182 ὓ

619 151 753 181 ElTSEBll
773 151 1012 180 CESABIENSIS
1029 152 1106 181 OPP.
1125 152 1216 182 PARS
1231 153 1275 182 Ill.
1291 169 1326 175 ——
1343 153 1547 183 EXEGETICA.

1853 152 1903 180 556

316 211 400 239 Vsus.
421 210 481 239 6-9.
497 209 584 238 Nulla
601 210 686 245 fecisti
708 215 747 241 tu,
770 209 883 237 Domine
901 209 971 238 Deus
981 217 1066 243 meus,

1153 210 1256 238 Πολλὰ
1268 211 1414 246 ἐποίησας
1428 211 1479 244 σὺ,
1492 212 1580 245 Κύριε
1592 212 1608 238 ὁ
1621 211 1694 244 Θεός
1705 219 1775 246 μου,
1787 211 1826 238 τὰ
1836 212 1904 238 θαυ-

279 257 415 285 mirabilia
444 262 499 284 tua.
530 256 582 290 Qui
609 257 712 283 variam
738 256 812 283 illam
833 255 880 284 Dei
907 255 1068 290 sapientiam

279 305 337 333 sive
356 305 391 332 in
419 304 555 332 universis
585 303 712 338 opiﬁciis,
741 302 800 330 sive
822 302 849 330 in
881 302 1017 336 singulis,
1040 301 1068 328 in

279 351 437 381 sensilibus,
456 351 525 378 etin
554 350 587 377 iis
602 356 663 384 quae
689 352 780 376 mente
802 348 992 384 percipiuntur
1009 348 1069 374 ani-

280 398 470 428 madverterit.
485 397 512 424 in
527 400 666 430 stuporem
687 395 802 423 veniens
816 395 853 422 ob
869 395 1005 430 ingentem
1021 393 1068 422 Dei

281 446 470 472 universorum
490 447 663 478 potestatem,
678 450 746 470 sane
763 441 862 469 dixerit
877 451 883 469 ε
901 441 987 468 Multa
1003 441 1068 475 feci-

279 491 314 518 sti
328 495 366 521 tu,
385 490 495 517 Domine
516 489 582 516 Deus
599 497 681 517 meus.
700 488 834 515 mirabilia
851 483 906 514 tua.
921 487 973 514 Sed
988 487 1068 514 etiam

280 537 438 572 ponderalis
465 537 629 564 universalis
658 536 730 563 illius
752 535 929 571 providentia:
956 534 1070 561 ratiOni-

281 583 343 613 bus.
361 583 439 617 queis
450 583 542 609 omnia
566 582 749 612 administrat,
776 588 837 607 cum
860 580 1070 615 deprehenderit

281 630 572 664 incomprehensibiles
589 637 638 656 eas
655 637 725 656 esse.
751 629 808 655 hrec
829 628 939 662 adjiciet
957 638 962 654 :
978 627 1011 653 Et
1026 636 1070 653 eo-

281 675 452 710 gitationibus
470 676 520 702 tuis
539 683 591 702 non
611 680 650 701 est
670 675 714 709 qui
735 674 830 701 similis
848 674 881 699 sit
903 673 959 699 tibi.
976 673 1070 706 Qualis

282 724 341 748 erat
356 721 379 748 is
392 721 437 756 qui
453 721 560 748 dicebat
576 731 582 748 :
599 720 620 748 0
639 720 751 746 altitudo
765 720 919 746 divitiarum
934 719 1071 754 sapientia:

281 771 306 793 et
320 767 436 794 scientia:
452 767 515 793 Dei!
535 775 613 801 quam
630 766 901 800 incomprehensibilia
918 769 979 791 sunt
996 764 1071 798 judi-

281 814 323 841 cia
337 814 406 848 ejus.
419 818 443 840 et
455 813 645 848 investigabiles
662 813 710 839 vim
726 813 783 847 ejus
794 813 820 838 ’l
838 811 866 839 ln
884 811 1011 846 praesenti
1027 818 1073 837 au-

281 864 336 887 tem
358 859 441 887 David
468 867 516 894 pro
540 860 743 894 opportunitate
767 859 816 886 has
840 858 953 893 protulit
972 865 1070 889 voces,

281 912 343 932 cum
354 913 370 932 e
386 913 415 932 re
432 909 507 940 gesta
519 905 688 934 edidicisset.
702 912 773 931 novo
783 904 901 939 quodam
916 903 1007 933 modo.
1021 903 1072 930 sci-

280 951 344 979 licet
365 959 412 986 per
433 952 638 986 obsequentiam
655 951 756 978 divinis
781 951 885 985 legibus
909 949 1071 981 eshibitam,

281 1004 419 1026 servatum
433 1006 463 1025 se
478 998 574 1024 fuisse.
588 997 694 1023 Atcnim
712 1004 759 1031 pcr
775 996 895 1031 Moysem
911 996 974 1022 olim
987 995 1073 1022 sacri-

282 1045 344 1071 licia
359 1048 385 1071 et
399 1044 558 1070 holocausta
576 1050 626 1077 pro
645 1042 765 1077 peccatis
780 1042 872 1069 ollerri
886 1042 994 1076 jussum
1017 1039 1074 1067 fue-

283 1094 343 1121 rat;
362 1097 435 1116 nunc
459 1096 524 1115 vero
543 1096 630 1114 novus
645 1087 764 1114 traditur
780 1087 878 1115 salutis
898 1086 997 1113 modus
1014 1086 1073 1113 sine

284 1134 428 1162 sacriﬁciis
440 1138 466 1160 et
478 1133 658 1160 holocaustis.
673 1131 755 1159 Docet
777 1138 858 1166 porro
872 1134 999 1158 sexcenta
1013 1137 1074 1157 esse

285 1180 318 1208 ad
331 1179 446 1207 salutem
460 1178 589 1210 remedia,
607 1185 666 1212 qua:
675 1177 720 1204 Dei
729 1177 815 1212 gratia
834 1175 990 1203 hominibus
1003 1175 1074 1202 elar-

282 1225 338 1261 gita
355 1228 405 1252 est.
423 1224 516 1259 Neque
542 1232 591 1259 pro
604 1223 735 1258 dignitate
751 1223 789 1249 rei
805 1222 870 1255 dici,
886 1229 973 1256 neque
985 1225 1075 1248 mente

283 1272 390 1307 concipi
404 1275 493 1306 potest
505 1270 651 1297 multitudo
666 1269 861 1304 cogitationum
877 1267 934 1294 Dei.
949 1267 1075 1303 Symma-

283 1319 353 1346 chus
381 1326 470 1345 vero:
491 1317 644 1348 Permulta,
671 1315 770 1350 inquit,
796 1315 881 1349 fecisti
909 1319 946 1346 tu,
967 1313 1075 1339 Domine

284 1363 355 1390 Deus
376 1371 459 1394 meus,
477 1361 598 1397 prodigia
624 1368 681 1392 tua,
704 1365 728 1387 et
752 1359 922 1395 cogitationes
947 1363 1006 1385 tuas
1028 1365 1075 1390 pro

283 1409 361 1437 notis
377 1418 429 1436 nou
446 1408 569 1443 possibile
583 1412 621 1434 est
633 1414 760 1441 exponere
773 1413 850 1439 super
863 1411 896 1432 te.
913 1403 1014 1431 Deinde
1027 1411 1076 1438 pro

283 1457 342 1488 illo,
358 1455 522 1482 Annuntiavi
536 1459 561 1482 et
575 1454 678 1481 locutus
690 1460 761 1484 sum,
774 1451 943 1486 multiplicati
958 1455 1019 1478 sunt
1030 1459 1077 1476 su-

284 1511 330 1536 per
345 1510 471 1533 arenam;
486 1509 596 1529 rursum
613 1500 793 1536 Symmachus
805 1499 856 1526 hac
872 1498 977 1525 ratione
994 1498 1077 1525 inter-

288 1552 409 1584 pretatus
426 1551 479 1579 est,
497 1546 526 1574 Si
547 1546 708 1573 annuntians
730 1544 894 1576 annuntiem,
911 1543 997 1577 plures
1015 1547 1076 1569 sunt

286 1602 366 1630 quam
382 1598 409 1619 ut
421 1592 543 1619 enarrari
557 1591 668 1625 possint.
685 1590 762 1621 Nam,
775 1597 807 1616 ea:
822 1594 907 1623 parte,
923 1589 1022 1623 inquit,
1034 1597 1078 1614 co-

287 1635 450 1671 gnoscimus,
464 1638 488 1659 et
503 1641 535 1659 ea;
553 1637 628 1667 parte
642 1631 828 1665 prophetamus
848 1631 879 1657 ‘°.
896 1630 994 1658 Omnia
1012 1638 1079 1657 sane

289 1681 425 1709 mirabilia
440 1684 487 1706 tua
503 1678 715 1705 innumerabilia
738 1683 765 1705 et
787 1677 1079 1712 incomprehensibilia

290 1731 355 1757 sunt
371 1737 378 1754 :
392 1730 512 1752 attamen
535 1725 562 1751 in
590 1724 624 1751 iis
641 1732 701 1758 qua:
723 1730 821 1757 capere
841 1723 920 1750 licuit
939 1723 965 1750 id
981 1723 1079 1756 depre-

289 1773 385 1804 hendi,
401 1777 426 1799 le
438 1771 542 1798 scilicet
558 1771 584 1797 in
602 1769 728 1804 praesenti
744 1774 866 1804 tempore
884 1776 899 1795 a
918 1768 1010 1804 Moyse
1024 1772 1080 1794 tra-

290 1821 348 1848 dita
369 1818 505 1847 sacriﬁcia
528 1821 555 1844 et
580 1817 732 1843 oblationes
756 1817 894 1847 noluisse,
918 1816 966 1842 sed
985 1822 1080 1842 eorum

291 1867 353 1893 loco
367 1873 447 1892 aures
463 1871 539 1890 meas
555 1866 582 1889 et
596 1862 802 1897 obsequentiam
818 1860 934 1895 eloquiis
952 1860 1006 1887 tuis
1021 1867 1080 1894 per-

291 1912 391 1940 fecisse
405 1920 412 1943 ;
426 1918 457 1938 ac
481 1918 530 1945 pro
548 1908 727 1939 holocaustis,
744 1912 771 1935 et
790 1906 934 1935 sacriliciis
951 1913 1000 1940 pro
1016 1913 1080 1940 pec-

293 1962 367 1991 cato,
382 1955 572 1990 memctipsum
586 1954 673 1981 obtuli
695 1953 753 1980 tibi.
770 1953 860 1986 Quare
877 1952 915 1978 ait
932 1961 939 1978 :
958 1950 1024 1977 Ecce
1039 1958 1081 1977 ve-

294 2005 338 2032 nio
359 2011 374 2030 α
391 2007 418 2030 te
433 2005 563 2031 vocatus.
588 2004 670 2035 atque
699 1999 904 2035 promptissime
920 1997 1079 2024 obsecutus.

294 2049 381 2077 Venio
415 2051 506 2074 autem
537 2045 689 2074 festinando
727 2049 757 2072 ut
791 2045 889 2071 faciam
913 2044 1080 2071 voluntatem

294 2101 389 2123 tuam:
405 2094 456 2120 hoc
471 2093 543 2120 enim
568 2100 618 2127 pro
637 2092 712 2118 omni
734 2092 844 2118 victima
863 2090 1015 2118 holocausti
1034 2097 1080 2116 ac-

293 2145 437 2176 cepturum
455 2143 480 2166 te
491 2146 651 2174 persuasum
666 2138 762 2165 habeo.
779 2137 836 2164 Hoc
853 2144 946 2171 porro,
959 2136 985 2162 in
997 2136 1081 2170 capite

294 2187 356 2214 libri
372 2187 498 2219 scriptum
515 2190 552 2211 est
580 2187 611 2210 de
634 2192 684 2214 me.
701 2184 778 2218 quid,
801 2184 909 2215 amabo,
927 2182 1001 2209 aliud
1028 2186 1080 2213 est,

293 2241 376 2270 quam
391 2232 587 2268 praeferendam
603 2238 664 2258 esse
678 2230 849 2256 voluntatem
880 2233 954 2255 tuam
975 2227 1080 2255 sacriﬁ-

294 2282 346 2308 ciis
362 2284 389 2307 et
406 2277 595 2306 holocaustis?
618 2281 645 2304 ct
669 2277 754 2311 legem
778 2280 852 2303 tuam
879 2274 1079 2310 exsequendam

293 2334 354 2354 esse
376 2333 430 2352 non
450 2325 599 2352 secundum
619 2323 728 2350 obviam
749 2323 902 2351 lectionem.
920 2328 1007 2355 neque
1025 2320 1083 2354 pari

295 2374 401 2401 ratione
415 2377 496 2406 atque
512 2370 665 2405 complures
681 2368 747 2403 legis
760 2368 860 2403 llloysis
873 2367 1082 2399 observatores;

297 2421 344 2448 sed
362 2420 389 2446 in
403 2419 487 2446 medio
502 2418 598 2445 ventris
610 2417 677 2447 mei;
693 2421 740 2442 aut
757 2421 786 2443 ut
806 2414 998 2450 Symmachus,
1015 2422 1079 2440 con-

298 2467 382 2500 cupivi
398 2466 479 2500 legem
493 2470 567 2491 tuam
581 2464 607 2490 in
625 2462 710 2489 medio
722 2462 850 2488 uiscerum
867 2468 994 2487 meorum.
1013 2458 1081 2485 Nam

299 2511 322 2539 si
339 2511 386 2546 qui
412 2512 510 2537 anima:
525 2514 620 2537 venter
641 2513 695 2541 est,
713 2508 816 2542 tropice
842 2507 882 2534 sic
907 2511 1030 2537 meatus,
1050 2505 1082 2532 de

298 2565 354 2594 quo
372 2558 399 2584 in
413 2556 566 2592 Evangeliis
586 2556 690 2582 dictum
714 2558 756 2580 est
779 2563 785 2580 :
806 2552 933 2580 Flumina
949 2552 981 2578 de
998 2556 1084 2579 centre

298 2605 356 2640 ejus
372 2604 454 2638 ﬂuent
467 2611 541 2637 aqum
555 2603 627 2633 vivw,
640 2600 758 2628 salientis
771 2600 797 2626 in
814 2600 894 2626 vitam
908 2604 1034 2626 wternam
1047 2598 1085 2629 “;

301 2651 329 2678 in
345 2651 397 2678 hoc
415 2648 567 2679 recondito.
585 2648 683 2682 inquit.
700 2655 731 2673 ac
750 2650 856 2674 secreto
876 2646 973 2672 anima:
992 2652 1085 2679 prom-

300 2696 408 2732 ptuario
421 2695 506 2730 legem
526 2698 599 2720 tuam
620 2694 768 2720 observare
784 2692 867 2723 volui,
888 2696 968 2726 atque
987 2698 1088 2724 praece-

300 2747 346 2779 pta
361 2742 394 2769 de
411 2739 553 2768 sacriliciis
567 2743 593 2766 cl.
614 2738 784 2765 holocaustis
806 2737 942 2772 spirituali
959 2743 1034 2763 more
1054 2743 1086 2762 ac

302 2787 452 2816 secundum
481 2789 599 2812 mentem
625 2785 790 2819 persolvere.
815 2783 878 2810 llzec
906 2782 1006 2817 quippe
1034 2781 1085 2807 tibi

336 2866 347 2883 '
366 2864 446 2892 Rom.
463 2872 502 2897 si,
519 2863 563 2891 55.
604 2862 625 2879 ³ο
645 2862 654 2889 Ι
673 2861 736 2890 Cor.
753 2869 812 2895 xui,
830 2861 857 2889 9.

1116 257 1211 293 μάσιά
1225 266 1293 285 σου.
1302 259 1331 285 '0
1341 259 1392 295 τὴν
1407 258 1595 286 πολυποίκιλον
1606 258 1654 286 τοῦ
1670 258 1737 285 Θεοῦ
1752 259 1849 293 σοφίαι
1859 267 1905 285 κα-

1118 303 1288 339 τανενοηκὼς
1301 303 1329 330 ἐν
1346 313 1375 331 τε
1391 304 1447 336 τοῖς
1456 304 1571 331 καθόλου
1581 304 1711 340 κτίσμασι
1728 305 1776 331 καὶ
1792 306 1848 336 τοῖς
1856 313 1904 331 κα-

1118 349 1153 376 τὰ
1168 349 1259 385 μέρος,
1273 350 1330 381 τοῖς
1353 357 1384 376 τε
1408 347 1545 384 αἰσθητοῖς
1569 349 1617 376 καὶ
1632 351 1688 381 τοῖς
1706 349 1777 376 κατὰ
1789 349 1907 377 διάνοιαν

1120 394 1324 430 θεωρουμένοις,
1342 395 1382 427 εις
1399 394 1528 430 ἔκπληξιν
1543 394 1627 422 ἐλθὼν
1642 396 1691 431 τῆς
1702 395 1906 431 ὑπερμεγέθους

1119 440 1257 474 δυνάμεως
1284 440 1331 467 τοῦ
1357 439 1411 466 τῶν
1437 439 1505 466 ὂλων
1527 439 1606 471 Θεοῦ,
1630 440 1701 467 εἴποι
1727 440 1775 467 ἄν·
1804 441 1907 468 Πολλὰ

1119 486 1265 520 ἐποίησας
1290 487 1340 517 σὺ,
1357 488 1446 520 Κύριε
1468 488 1483 513 ὀ
1510 487 1581 519 Θὲὀς
1602 495 1672 521 μου,
1697 486 1732 513 τὰ
1758 486 1908 521 θαυμάσιά

1121 541 1188 560 σου.
1198 533 1278 560 Ἀλλὰ
1304 534 1350 560 καὶ
1377 535 1438 565 τοὺς
1464 534 1559 567 λόγους
1584 533 1713 565 ἐξετάσας
1729 533 1778 568 τῆς
1794 532 1907 559 καθόλου

1122 580 1258 614 προνοίας,
1273 580 1332 606 καθ’
1345 580 1391 611 οὓς
1407 581 1440 606 τὰ
1456 580 1600 615 σύμπαντα
1613 579 1716 611 διοικεῖ,
1728 579 1848 606 κᾶπειτα
1865 578 1908 605 εὐ-

1123 626 1175 662 ρὼν
1194 626 1291 657 αὐτοὺς
1314 627 1532 662 ἀκαταλήπτους,
1557 626 1704 661 προσθήσει
1729 625 1832 659 λέγων·
1854 626 1907 652 Καὶ

1121 672 1183 705 τοῖς
1201 672 1405 706 διαλογισμοῖς
1419 681 1476 699 σου
1492 673 1547 699 οὐκ
1561 673 1625 698 ἔστι
1637 672 1682 704 τίς
1695 671 1910 706 ὁμοιωθήσεται

1122 727 1179 745 σοι.
1198 717 1259 749 Οἴος
1272 717 1305 753 ἦν
1321 719 1335 745 ὁ
1351 718 1454 752 λέγων·
1469 719 1500 744 Ὢ
1515 717 1630 751 βάθους
1647 719 1782 745 πλούτου
1794 718 1844 745 καὶ
1859 725 1909 744 σο-

1122 766 1202 799 φίας,
1222 765 1270 791 καὶ
1290 765 1426 798 γνώσει-ις
1451 763 1524 790 Θεοῦ
1534 764 1544 789 .'
1567 764 1607 796 ὡς
1632 763 1851 796 ἀνεξερεύνητα
1874 763 1910 788 τὰ

1122 811 1248 845 κρίματα
1262 810 1365 841 αὑτοῦ,
1378 810 1425 836 καὶ
1443 809 1666 843 ἀνεξιχνίαστοι
1682 811 1711 836 al
1723 809 1786 836 ὁδοί
1798 808 1914 836 αὑτοῦῖ

1129 856 1172 882 Ἐν
1189 856 1216 883 δὲ
1230 857 1284 887 τοῖς
1300 856 1489 891 προκειμένοις
1502 856 1515 881 ὸ
1531 854 1609 881 Δαυῖδ
1625 855 1694 881 κατὰ
1705 854 1800 890 καιρὸν
1810 854 1912 886 ταύτας

1123 903 1311 939 προηνέγκατο
1327 902 1376 934 τὰς
1391 902 1492 936 φωνὰς,
1509 902 1581 937 ἔργῳ
1595 901 1696 936 μαθὼν,
1710 901 1748 932 ὡς
1765 899 1851 936 καινῷ
1860 909 1913 927 τινι

1121 950 1214 985 τρόπῳ
1231 949 1364 975 σέσωσται
1381 948 1419 983 τῷ
1435 948 1468 974 δι’
1481 948 1604 982 ὑπακοῆς
1627 947 1681 973 τῶν
1706 947 1785 975 θείων
1801 946 1910 980 λογίων.

1122 996 1207 1023 Πάλαι
1232 996 1281 1031 μὲν
1303 996 1357 1031 γὰρ
1377 995 1421 1022 διὰ
1441 995 1581 1027 Μωῦσέως
1597 995 1686 1022 θυσίαι
1701 995 1750 1021 καὶ
1772 994 1913 1021 ὀλὸκαυτοι

1123 1042 1257 1078 ἀναφοραὶ
1271 1042 1483 1078 προσετάττοντο
1505 1041 1575 1076 ὑπὲρ
1602 1040 1743 1076 ἁμαρτιῶν
1761 1039 1916 1075 προσφέρεε

1125 1088 1200 1114 σθαι·
1218 1088 1276 1114 νυνὶ
1290 1088 1318 1114 δὲ
1329 1087 1421 1119 καινὸς
1438 1087 1612 1122 παραδίδοται
1629 1087 1728 1121 τρόπος
1745 1085 1914 1121 σωτηρίας,ὀ

1123 1134 1183 1169 δίχα
1196 1134 1294 1160 Θυσιῶν
1311 1134 1357 1160 καὶ
1373 1133 1618 1168 ὁλοκαυτωμάτων.
1632 1131 1756 1158 Διδάσκει
1767 1131 1795 1158 δὲ
1813 1131 1860 1157 καὶ
1875 1131 1915 1163 ὡς

1124 1179 1181 1206 ἔστι
1196 1179 1279 1215 μυρία
1292 1179 1428 1214 σωτηρίας
1441 1178 1584 1213 φάρμακα,
1602 1178 1673 1213 ἅπερ
1687 1177 1704 1212 ἡ
1718 1176 1764 1202 τοῦ
1780 1175 1848 1202 Θεοῦ
1863 1175 1914 1210 κάη

1128 1233 1168 1259 ρις
1179 1226 1234 1255 τοῖς
1244 1223 1397 1259 ἀνθρώποις
1410 1222 1575 1258 ἐδωρήσατο.
1585 1222 1641 1248 Οὐκ
1654 1221 1712 1247 ἐστι
1725 1228 1754 1246 τί
1765 1219 1824 1246 κατ’
1836 1218 1917 1250 ἀξίαν

1127 1271 1224 1301 εἰπεῖν,
1240 1270 1299 1296 οὐδὲ
1323 1269 1425 1304 διανοίᾳ
1447 1267 1602 1304 περιλαϐεῖν
1615 1266 1668 1293 τῶν
1681 1265 1728 1292 τοῦ
1745 1263 1813 1291 Θεοῦ
1828 1263 1919 1290 διαλον

1127 1316 1233 1351 γισμῶν
1247 1317 1277 1342 τὸ
1291 1315 1400 1350 πλῆθος.
1411 1315 1439 1341 Ὀ
1458 1314 1485 1340 δὲ
1501 1313 1659 1349 Σύμμαχος,
1676 1311 1852 1347 Πὰμπολλα,
1862 1319 1917 1345 φη-

1128 1363 1179 1394 σιν,
1195 1362 1341 1395 ἐποίησας
1357 1360 1408 1391 σὺ,
1422 1360 1509 1393 Κύριε
1524 1360 1539 1385 ό
1557 1358 1629 1391 Θεός
1637 1366 1708 1392 μου,
1726 1356 1762 1382 τὰ
1775 1353 1920 1389 τεράστιά

1127 1416 1196 1439 σου,
1211 1408 1260 1434 καὶ
1276 1408 1346 1439 τοὺς
1360 1405 1575 1439 διαλογισμούς
1587 1412 1645 1430 σου
1659 1403 1730 1436 τοὺς
1743 1401 1819 1436 ὑπὲρ
1832 1400 1920 1436 ἡμῶν

1127 1455 1182 1481 οὐκ
1192 1454 1277 1480 ἔστιν
1290 1452 1427 1480 ἐκθέσθαι
1442 1451 1490 1478 ἐπὶ
1503 1450 1571 1478 σοῦ.
1584 1448 1650 1476 Εἶτα
1662 1449 1722 1476 ἀντὶ
1733 1447 1780 1474 τοῦ
1791 1455 1797 1462 ·
1815 1446 1916 1480 Ἀπήτ»

1127 1500 1212 1534 Tecla
1230 1498 1279 1525 καὶ
1294 1497 1442 1531 ἐλάλησα,
1457 1496 1696 1529 ἐπληθύνθησαν
1714 1491 1792 1526 ὑπὲρ
1807 1491 1920 1525 ἄμμον,

1130 1545 1210 1572 πάλιν
1230 1545 1245 1570 ὁ
1271 1543 1417 1579 Σύμμαχος
1443 1542 1537 1568 τοῦτον
1558 1541 1713 1576 ἡρμήνευσε
1736 1539 1781 1565 τὸν
1801 1538 1918 1574 τρόπον·

1137 1592 1203 1618 Ἐὰν
1210 1590 1408 1625 ἀπαγγέλλων
1421 1586 1621 1622 καταγγέλλω,
1630 1585 1722 1612 πλείω
1739 1584 1805 1611 ἐστὶ
1814 1583 1868 1610 τοῦ
1876 1582 1921 1609 δια

1130 1635 1287 1671 ηγηθῆναι.
1308 1636 1355 1660 Ἐκ
1366 1633 1476 1669 μέρους
1498 1632 1556 1667 μὲν
1576 1632 1641 1666 γὰρ,
1667 1630 1744 1665 φησὶ.
1774 1627 1919 1663 γινώσκο-

1127 1690 1195 1716 μεν,
1222 1681 1271 1707 καὶ
1293 1681 1327 1707 ὲκ
1348 1679 1459 1714 μέρους
1478 1678 1712 1711 προφητεύομεν.
1742 1675 1782 1701 Τά
1804 1682 1837 1708 γε
1866 1673 1920 1708 μὴν

1131 1728 1219 1755 πάντα
1231 1726 1403 1762 ἁναρίθμητα
1416 1725 1460 1751 καὶ
1478 1723 1658 1758 ἀκατάληπτα
1673 1721 1803 1756 τυγχάνει
1813 1720 1848 1746 τὰ
1859 1718 1923 1745 θαν-

1133 1774 1218 1809 μάσιὰ
1232 1782 1278 1799 σου
1290 1781 1296 1788 ·
1315 1772 1383 1807 πλὴν
1408 1773 1436 1798 ὲν
1461 1769 1500 1802 οἷς
1516 1768 1662 1797 κατέλαϐον
1679 1769 1725 1794 καὶ
1740 1765 1812 1793 τοῦθ’
1829 1762 1920 1800 εὖρον,

1130 1820 1171 1845 ὅτι
1197 1819 1267 1846 κατὰ
1280 1818 1326 1844 τὸν
1351 1818 1471 1853 παρόντα
1486 1816 1580 1851 καιρὸν
1594 1815 1642 1846 τὰς
1658 1813 1733 1849 παρὰ
1747 1813 1860 1840 Μωῦσεῖ
1874 1811 1924 1838 θυ-

1132 1866 1192 1897 σίας
1209 1866 1255 1892 καὶ
1272 1864 1430 1899 προσφορὰς
1451 1864 1500 1889 οὐκ
1522 1862 1672 1897 ἠθέλησας·
1690 1860 1750 1887 ἀντὶ
1771 1859 1793 1885 δ’
1807 1858 1921 1885 ἐκείνω-ν

1131 1912 1165 1938 τὰ
1175 1909 1232 1938 ὦτά
1246 1919 1295 1946 μου
1309 1911 1355 1937 καὶ
1369 1910 1417 1945 τὴν
1433 1909 1555 1943 ὑπακοὴν
1568 1908 1621 1934 τῶν
1636 1907 1689 1933 σῶν
1705 1906 1802 1939 λογίων
1816 1912 1922 1939 κατηρ-

1131 1959 1198 1985 τίσω
1208 1967 1214 1972 ·
1233 1958 1279 1984 καὶ
1294 1957 1354 1984 ἀντὶ
1367 1955 1598 1989 ὁλοκαυτωμάτων
1618 1953 1664 1980 καὶ
1680 1951 1734 1978 τῶν
1749 1950 1813 1987 περὶ
1830 1951 1923 1985 ἁμαρ-

1131 2005 1190 2036 τίας
1209 2004 1307 2031 θυσιῶν
1324 2003 1404 2033 αὐτὸς
1421 2001 1539 2037 ἐμαυτὸν
1555 1998 1728 2036 προσήγαγὸν
1743 2006 1795 2024 σοι.
1810 1996 1856 2023 Διό
1868 2005 1923 2030 φη-

1133 2059 1190 2077 σιν·
1214 2049 1285 2076 Ἰδοὺ
1310 2049 1371 2080 ῆκω
1394 2047 1503 2082 κληθεὶς
1518 2047 1570 2072 ὑπὸ
1587 2045 1644 2076 σοῦ,
1661 2045 1707 2071 καὶ
1728 2043 1925 2079 προθυμότατα.

1133 2094 1383 2124 ὑπακούσας.’Ήκω
1399 2092 1427 2118 δὲ
1443 2092 1562 2123 σπεύσας
1579 2090 1626 2117 τοῦ
1643 2090 1754 2124 ποιῆσαι
1769 2089 1800 2115 τὸ
1817 2087 1925 2122 θέλημά.

1134 2147 1196 2166 σου·
1213 2138 1290 2164 τοῦτο
1317 2138 1370 2173 γὰρ
1393 2137 1452 2163 ἀντὶ
1477 2136 1567 2170 πάσης
1588 2134 1734 2161 ὁλοκαὺτου
1758 2132 1853 2164 θυσίας
1871 2132 1924 2158 πέ-

1134 2184 1249 2220 πεισμαί
1271 2192 1300 2210 σε
1320 2182 1508 2218 ἀποδέχεσθαι.
1527 2182 1580 2208 Καὶ
1597 2181 1675 2207 τοῦτο
1694 2180 1722 2206 δὲ
1737 2180 1772 2206 ἐν
1785 2177 1924 2213 κεφαλίδι

1132 2232 1253 2263 ,βιϐλίου
1269 2230 1427 2264 γέγραπται
1443 2228 1509 2262 περὶ
1526 2227 1598 2261 ἐμοῦ
1609 2236 1615 2241 ·
1637 2226 1717 2253 τοῦτο
1728 2226 1756 2252 δὲ
1772 2224 1875 2259 ποῖονῆ
1893 2224 1927 2249 τὸ

1136 2277 1303 2312 προτιμῆσαι
1321 2276 1351 2302 τὸ
1367 2275 1472 2309 Οέλημα
1495 2282 1541 2299 σου
1557 2273 1657 2299 θυσιῶν
1670 2273 1716 2298 καὶ
1733 2270 1926 2304 ὁλοκαυτωμά-

1136 2332 1188 2349 των
1201 2331 1208 2353 ;
1225 2323 1270 2348 καὶ
1284 2321 1314 2347 τὸ
1329 2321 1439 2356 ποιῆσαι
1457 2320 1502 2346 τὸν
1517 2320 1598 2354 νόμον
1613 2327 1659 2344 σου
1674 2318 1703 2344 οὐ
1717 2316 1788 2344 κατὰ
1799 2315 1847 2351 τὴν
1858 2314 1925 2350 πρόα

1137 2377 1225 2404 χειρον
1242 2367 1324 2400 λέξιν,
1338 2367 1396 2393 οὐδὲ
1406 2366 1506 2401 ὁμοίως
1520 2366 1576 2396 τοῖς
1590 2364 1696 2395 πολλοῖς
1710 2363 1743 2390 τὰ
1757 2361 1831 2398 παρὰ
1841 2362 1925 2388 Minit-

1137 2417 1178 2442 σεῖ
1201 2414 1415 2450 παρηγγελμένα
1429 2413 1629 2447 φυλάττοντας·
1656 2411 1690 2437 ἐν
1711 2409 1796 2444 μέσῳ
1815 2407 1850 2434 δὲ
1871 2407 1926 2441 τῆς

1137 2460 1252 2492 κοιλίας
1268 2469 1327 2494 μου
1337 2468 1343 2474 ·
1359 2459 1374 2494 ἦ
1393 2458 1462 2484 κατὰ
1476 2459 1520 2484 τδν
1537 2457 1683 2492 Σύμμαχον
1692 2465 1698 2471 '
1712 2453 1930 2489 Προεθυμήθην

1138 2506 1191 2532 τὸν
1206 2506 1298 2539 νόμον
1314 2513 1370 2531 σου
1385 2504 1508 2530 ἔνδοθεν
1522 2502 1580 2529 τῶν
1597 2501 1729 2536 ἑγκάτων
1739 2509 1809 2535 μου.
1824 2499 1856 2525 El.
1873 2499 1928 2533 γάρ

1139 2553 1179 2583 τίς
1196 2553 1253 2578 ἐστι
1266 2551 1355 2578 κοιλία
1365 2551 1464 2586 ψυχῆς,
1479 2548 1616 2585 τροπικῶς
1630 2548 1715 2579 οὕτως
1728 2545 1927 2582 ὀνομαζομένη,

1141 2598 1203 2633 περὶ
1221 2595 1255 2633 ἧς
1275 2599 1303 2624 ὲν
1324 2595 1498 2630 Εὐαγγελίοις
1521 2594 1658 2621 λέλεκται⁸
1674 2593 1803 2627 Ποταμοὶ
1820 2592 1856 2618 ἐκ
1873 2589 1929 2624 τῆς

1141 2644 1257 2676 κοιλίας
1277 2642 1370 2669 αὐτοῦ
1388 2643 1555 2675 ῥεύσουσιν
1571 2640 1679 2672 ὓδατος
1698 2638 1816 2671 ζῶντος,
1837 2637 1929 2663 ἁλλο-

1138 2689 1232 2723 μένου
1254 2691 1296 2721 εἰς
1316 2687 1392 2721 ζωὴν
1413 2688 1546 2715 αἰώνιον·
1563 2687 1592 2712 ὲν
1607 2686 1694 2720 τούτῳ
1717 2684 1756 2719 τῷ
1781 2683 1929 2718 ἀπορρήτῳ

1141 2735 1188 2761 καὶ
1201 2734 1353 2770 ἀποκρύφῳ
1370 2734 1419 2769 τῆς
1432 2734 1519 2768 ψυχῆς
1532 2732 1637 2767 ταμείῳ
1651 2731 1697 2758 τὸν
1712 2730 1793 2765 νόμον
1808 2737 1866 2760 σου,
1878 2736 1928 2762 φη-

1142 2780 1193 2812 σιν,
1211 2779 1358 2815 ἐϐουλήθην
1377 2779 1496 2814 ποιῆσαι,
1511 2779 1557 2805 καὶ
1583 2778 1646 2813 περὶ
1671 2775 1771 2804 θυσιῶν
1797 2775 1843 2802 καὶ
1867 2772 1932 2801 ὀλο-

899 2861 917 2876 ίι
938 2859 1018 2887 toan.
1034 2865 1083 2892 ιιι,
1092 2857 1137 2885 58.
