2056 3214
156 178 210 206 357

712 173 979 203 'connsnnnm
996 174 1030 203 IN
1056 175 1226 204 PSALMUS.
1257 152 1286 174 A’
1300 143 1319 174 ἦ

1739 177 1793 208 558

158 234 349 270 καυτωμάτων
357 234 468 267 ἐντολὰς
480 233 671 270 πνευματικῶς
685 234 733 261 καὶ
746 234 817 261 κατὰ
828 234 949 262 διάνοιαν

1009 235 1134 263 ηταὶηηι
1150 243 1212 263 esse
1230 235 1305 267 novi,
1322 242 1354 263 ac
1365 231 1451 263 multo
1467 235 1657 271 praestantiora
1674 234 1721 270 iis,
1733 244 1796 272 qua:

159 276 325 308 ἐπιτελέσαι.
343 279 436 307 Ταῦτα
456 279 510 316 γὰρ
531 279 616 314 ἔγνων
644 288 686 306 σοι
710 279 785 315 φίλα,
800 280 847 306 καὶ
864 280 955 316 πολλῷ

159 326 364 364 κρείττονατῶν
381 325 544 362 σωματικῶς
566 325 702 357 Ἰουδαίοις
716 326 954 362 παραδεδομένων.

190 372 443 408 Εὺηττελισάμην
457 371 655 406 δικαιοσύνην
673 372 708 398 ἐν
728 372 893 406 Ἐκκλησία
901 380 956 407 με-

160 418 248 455 γάλῃ,
265 419 331 446 ιδοὺ
347 420 383 446 τὰ
395 419 483 453 χείλη
497 427 556 453 μου
573 419 608 446 οὐ
627 418 670 453 μὴ
689 419 834 446 κωλύσωο
855 419 954 452 Κύριε,

159 466 199 493 σὺ
215 466 320 499 ἔγνως.
340 465 400 499 Τὴν
419 465 616 498 δικαιοσύνην
631 473 691 499 μου
714 465 770 491 οὐκ
787 465 907 499 ἔκρυψα
921 465 956 491 ἐν

160 511 197 546 τῇ
210 511 318 545 καρδίῃ
331 520 407 545 μου·
430 510 490 544 τὴν
505 510 651 544 ἀλήθειάν
663 519 721 537 σου
743 511 791 537 καὶ
810 511 844 537 τὸ
859 512 954 545 σωτή-

155 557 224 591 ριόν
239 565 297 583 σου
309 555 388 589 elata.
399 556 539 592 Ἀλήθειαν
553 557 581 583 δὲ
603 557 652 592 τὴν
668 557 955 593 ἁντιδιαστελλομένην

160 606 191 640 τῇ
210 604 283 639 σκιᾷ.
297 604 414 639 Νοήσεις
427 603 454 629 δὲ
466 603 514 629 καὶ
526 602 612 634 οὕτως
622 611 628 617 '
649 602 691 634 Ὡς
703 604 716 629 ὁ
731 604 864 639 μακάριος
875 603 956 630 Δαυῖδ

160 650 330 685 ὑπισχνεῖται
343 650 372 675 ἐν
395 648 542 684 Ἐκκλησία
555 648 660 684 μεγάλῃ
672 650 705 684 τῇ
720 649 791 675 κατὰ
806 650 896 675 πᾶσαν
906 649 955 684 τὴν

160 695 322 730 οἰκουμένην
336 695 389 721 ὑπὸ
400 695 448 730 τῆς
461 694 536 725 θείας
550 695 660 730 χάριτος
678 695 837 731 συλλεγείσῃ
847 696 896 730 τὴν
908 695 954 721 τοῦ

160 741 226 768 Θεοῦ
243 741 415 776 δικαιοσύνην
429 742 584 777 κηρύττειν,
597 741 643 767 καὶ
658 741 706 776 τὴν
722 742 770 776 τῆς
787 742 955 777 προφητείας

159 788 298 824 ἀλήθειαν,
313 788 360 815 καὶ
370 788 420 823 τὴν
429 788 592 822 ἀξιάγαστον
610 787 756 823 σωτηρίαν,
769 789 816 814 καὶ
828 788 873 814 τὸν
885 788 954 823 ἀμέ-

160 842 256 870 τρητον
273 833 347 860 ἔλεον
370 834 417 860 καὶ
440 833 529 860 αὐτῶν
551 833 579 860 δὲ
595 833 656 867 ξτῶν
680 833 782 860 πιστῶν
799 834 813 859 ὁ
827 833 955 868 σύλλογος

160 880 232 906 εἴποι
255 880 288 907 ἂν
311 879 397 906 ταῦτα
421 880 634 915 ὑπισχνούμενος
647 880 697 915 τὴν
714 880 783 916 ὑπὲρ
797 880 847 915 τῆς
864 888 954 916 σωτη-

1007 288 1142 316 corporeo
1155 288 1232 309 more
1247 280 1349 309 Judreis
1366 277 1466 308 tradita
1486 285 1550 309 sunt

1043 370 1127 398 Vens.
1156 370 1248 398 10-16.
1278 371 1440 398 Αηηιιηιίαυὶ
1458 371 1598 406 justitiam
1630 372 1658 399 in
1683 372 1794 399 ecclesia

1007 425 1113 452 magna,
1142 425 1200 444 ecce
1216 416 1288 443 labia
1311 425 1369 444 mea
1388 426 1439 444 non
1467 417 1607 451 prohibebo
1635 424 1645 443 .'
1675 417 1795 451 Domine.

1007 469 1036 491 tu
1062 464 1145 491 scisti.
1161 463 1302 500 Justitiam
1324 472 1408 491 meam
1436 473 1487 490 non
1513 463 1637 491 abscondi
1663 465 1691 491 in
1719 465 1797 492 corde

1007 518 1063 537 meo
1082 519 1090 537 .'
1107 511 1242 537 veritatem
1267 514 1341 536 tuam
1362 515 1386 536 et
1411 510 1529 537 salutare
1560 516 1632 536 tuum
1650 511 1716 538 dixi.
1743 511 1797 539 Ve—

1006 556 1114 582 ritatem
1141 555 1245 582 scilicet
1272 555 1376 582 umbra:
1399 555 1562 590 oppositam.
1580 555 1636 583 Hoc
1659 557 1721 583 item
1738 565 1797 584 mo-

1006 602 1041 628 do
1070 601 1217 636 intelligas,
1245 606 1274 628 ut
1308 602 1404 630 beatus
1430 602 1515 629 David
1542 603 1685 637 pollicetur
1713 612 1742 630 se
1768 605 1796 631 in

1006 647 1128 675 Ecclesia
1145 656 1253 683 magna,
1269 656 1317 683 per
1330 652 1415 675 totum
1444 649 1537 676 orbem
1559 657 1573 675 a
1593 650 1685 676 divina
1710 651 1796 685 gratia

1006 699 1170 729 congregata
1191 715 1198 725 ,
1231 694 1278 721 Dei
1300 695 1434 729 justitiam
1462 700 1488 722 et
1518 696 1667 730 prophetia:
1697 697 1798 723 verita-

1007 744 1060 767 tem
1078 740 1298 775 praedic-almum,
1317 749 1367 768 nec
1394 749 1447 768 non
1469 742 1584 769 salutent
1615 742 1797 770 admiratione

1006 787 1116 821 dignam
1136 791 1164 814 et
1181 787 1340 815 immensam
1358 787 1573 814 misericordiam
1588 797 1596 821 ;
1620 788 1747 815 similiter
1763 788 1796 816 ll-

1006 832 1108 859 delium
1126 836 1225 863 emtas,
1248 840 1297 859 Ceu
1314 832 1346 859 ad
1365 832 1463 859 oblata:
1477 833 1575 860 salutis
1596 835 1799 868 compensatio-

1008 885 1070 904 nem
1090 878 1227 913 pollicitus
1239 877 1349 908 dixerit,
1373 885 1402 905 se
1418 878 1538 905 vicissim
1556 879 1582 906 id
1598 880 1797 914 praestitnrum,

163 926 220 962 ρίας
233 926 367 953 ἀντίδοσιν
381 925 486 958 δώσειν,
502 926 540 961 τῷ
555 926 710 961 συντρέχειν
727 927 766 957 εἰς
792 926 955 961 Ἐκκλησίαν

1009 928 1037 951 ut
1053 925 1199 951 conveniat
1215 925 1241 951 in
1256 925 1412 956 ecclesiam,
1427 925 1499 952 labia
1513 926 1618 960 aperiat
1633 927 1665 953 ad
1680 927 1798 962 hymnos

161 973 207 1000 καὶ
227 972 262 1000 τὰ
284 973 360 1008 χείλη
378 974 461 999 κινεῖν
478 974 518 1004 εἰς
533 972 682 1008 ὑμνῳδίαν,
700 972 746 998 καὶ
763 972 810 998 τοῦ
825 972 893 998 Θεοῦ
906 972 955 1007 τὴν

159 1019 267 1047 δικαίαν
283 1020 372 1055 κρίσιν
386 1019 594 1054 ἀνακηρύττειν,
606 1020 654 1046 καὶ
668 1019 718 1054 τὴν
731 1019 850 1054 ἄρρητον
862 1018 957 1051 διεξιέ-

159 1074 202 1093 ναι
225 1065 400 1102 κηδεμονίαν,
425 1066 473 1092 καὶ
497 1065 551 1092 τῶν
576 1064 755 1101 προφητικῶν
782 1064 956 1099 ὑποσχέσεων

160 1112 351 1139 ὑποδεικνὺναι
371 1112 401 1138 τὸ
423 1112 531 1148 ἀληθές.
550 1112 591 1138 Σὺ
604 1111 648 1142 δὲ,
663 1111 762 1145 Κύριε,
777 1110 820 1145 μὴ
843 1111 958 1145 μακρὺ-

110 1185 116 1191 ,
159 1167 218 1192 νῃς
231 1158 304 1192 τσὺς
313 1159 484 1193 οὶκτιρμούς
500 1166 557 1184 σου
573 1159 623 1184 ἀπ’
637 1158 709 1192 ἐμοῦ
723 1166 730 1172 ·
749 1157 782 1184 τὸ
798 1157 883 1190 ἔλεός
899 1165 957 1184 σου

161 1205 209 1232 καὶ
224 1206 244 1239 ὴ
258 1204 384 1238 ἀλήθειά
399 1212 457 1231 σου
477 1203 525 1230 διὰ
542 1204 655 1237 παντὸς
672 1203 874 1233 ἀντελάϐοντό
888 1213 955 1234 μου.

160 1250 214 1276 Καὶ
236 1248 355 1284 τυχοῦσα
380 1249 429 1284 τῆς
453 1249 590 1284 σωτηρίας
605 1249 621 1283 ὴ
636 1247 682 1273 τοῦ
699 1248 768 1273 Θεοῦ
795 1247 955 1282 Ἐκκλησία,

159 1295 246 1322 δεῖται
262 1295 342 1322 πάλιν
355 1295 405 1330 τῆς
418 1295 505 1330 αὐτῆς
521 1293 692 1329 προμηθείας
703 1294 747 1320 διὰ
763 1294 812 1325 τὰς
824 1296 958 1320 παντοδα-

161 1342 215 1374 πὰς
228 1341 284 1368 τῶν
297 1340 450 1377 ἀνθρώπων
469 1340 516 1366 καὶ
540 1340 677 1374 δαιμόνων
693 1340 902 1371 ἐπαναστάσεις,
919 1336 957 1366 ὧν

161 1389 190 1415 ὲν
208 1389 266 1419 τοῖς
288 1387 351 1422 ἑξῆς
366 1387 416 1422 τὴν
436 1387 546 1421 μνήμην
559 1386 780 1421 πεποίηται.’⁷οτι
795 1385 958 1420 περιέσχον

158 1443 196 1469 με
211 1434 291 1461 κακά
307 1430 351 1460 ὧν
364 1425 421 1460 οὐκ
434 1433 520 1460 ἐστιν
534 1433 657 1467 ἀριθμός
670 1441 676 1447 ·
693 1432 860 1459 κατέλαϐόν
874 1440 913 1466 με
928 1434 957 1459 αἱ

161 1479 282 1515 ἀνομίαι
303 1488 382 1514 μου,
408 1478 457 1505 καὶ
479 1479 535 1505 οὐκ
559 1477 715 1511 ἠδυνήθην
740 1477 792 1504 τοῦ
817 1477 956 1509 βλέπειν.

167 1525 419 1560 Ἐπληθύνθησαν
442 1524 519 1558 ὑπὲρ
543 1524 597 1557 τὰς
622 1524 725 1559 τρίχας
747 1523 800 1557 τῆς
823 1523 958 1557 κεφαλῆς

159 1581 230 1607 μου,
246 1571 298 1598 καὶ
321 1571 341 1605 ἠ
367 1570 474 1605 καρδία
485 1579 544 1605 μου
559 1570 735 1605 ἐγκατέλιπέ
745 1579 793 1604 με.
811 1570 914 1605 Μηδεὶς
929 1569 957 1596 δὲ

161 1616 321 1651 ἀνάρμοστα
334 1614 454 1650 ἡγείσθω
466 1614 500 1641 τὰ
515 1614 648 1650 εἰρημένα
660 1616 715 1645 τοῖς
726 1615 954 1650 ἡρμηνευμένοις.
970 1610 991 1636 C

162 1661 220 1688 Kal.
233 1661 286 1697 γὰρ
300 1661 324 1687 οἱ
338 1662 413 1696 τρεῖς
427 1661 531 1693 παῖδες,
544 1661 593 1696 τῆς
605 1661 692 1697 ἄκρας
707 1661 809 1696 ἀρετῆς
824 1660 955 1696 ἐπειλημ-

167 1705 252 1741 μένοι,
269 1706 316 1732 καὶ
331 1705 377 1732 τὸν
392 1705 540 1741 νικηφόρον
556 1706 755 1741 ἀναδησάμενοι
770 1705 910 1739 στέφανον,
927 1705 956 1731 ἐν

163 1753 196 1787 τῇ
208 1752 314 1787 καμίνῳ
326 1752 537 1787 προσευχόμενοι
551 1752 643 1786 ἔλεγον
653 1760 660 1767 ’
680 1751 868 1786 Ἠμάρτομεν,
884 1751 956 1785 ἠνο-

159 1797 311 1833 μήσαμεν,
324 1797 521 1832 ἠδικήσαμεν,
540 1798 589 1824 καὶ
621 1797 795 1832 ἀπέστημεν
824 1797 883 1824 ἀπὸ
898 1796 958 1823 τῶν

163 1843 296 1871 ἐντολῶν
310 1850 379 1875 σου,
396 1844 444 1870 καὶ
460 1845 515 1871 οὐκ
527 1844 720 1879 ὲφυλάξαμεν
732 1844 767 1871 τὰ
778 1843 958 1878 δικαιώματά

162 1897 233 1918 σου.
245 1889 339 1921 Οὕτως
360 1891 373 1915 6
391 1889 543 1925 θαυμάσιος
559 1890 668 1925 Δανιὴλ,
686 1890 772 1921 οὕτως
785 1891 798 1916 ὁ
815 1890 958 1921 Οεσπέσιος

167 1935 314 1972 Ἱερεμίας,
329 1936 415 1968 οὕτως
437 1938 451 1963 ὁ
472 1935 543 1968 θεῖος
566 1936 690 1968 Ἡσαΐας,
704 1936 790 1968 οὕτως
806 1937 819 1961 ὁ
837 1935 959 1970 σοφώτα-

163 1989 209 2013 τος
224 1982 330 2014 Παῦλος
340 1991 346 1997 ·
363 1982 489 2016 Χριστὸς
504 1986 569 2017 γὰρ,
586 1983 677 2018 φησὶν,
693 1982 835 2016 εἰσῆλθεν
854 1983 897 2014 εἰς
907 1982 959 2008 τὸν

164 2027 281 2062 κόσμον
296 2028 491 2062 ἁμαρτωλοὺς
505 2028 613 2059 σῶσαι,
629 2026 673 2055 ὧν
694 2028 808 2062 πρῶτός
823 2029 881 2062 εὶμι
891 2021 956 2063 srdi-

165 2074 213 2100 καὶ
226 2074 307 2101 πάλιν
318 2083 324 2089 ·
350 2076 410 2101 Οὐκ
429 2075 485 2109 εἰμὶ
503 2074 587 2107 ἄξιος
604 2074 759 2101 καλεῖσθαι
776 2075 957 2107 ἀπόστολος.

164 2119 244 2146 οὕτω
262 2121 350 2147 τοίνυν
363 2120 502 2147 κάνταῦθα
516 2122 575 2152 ταῖς
592 2121 666 2156 παρὰ
681 2120 734 2146 τῶν
747 2120 885 2146 δυσσεϐὦν
902 2129 959 2155 τρι-

164 2167 280 2202 κυμίαις
293 2167 442 2203 βαλλομένη
466 2168 482 2202 ὴ
509 2167 556 2193 τοῦ
581 2166 648 2193 Θεοῦ
672 2166 818 2201 Ἐκκλησία
833 2167 862 2192 οὺ
887 2166 960 2201 μέγα

164 2216 269 2251 φρονεῖ,
279 2214 316 2246 ὡς
334 2214 530 2249 ἀγωνιζομένη,
544 2213 601 2240 ἀλλ’
615 2213 761 2248 ἁμαρτίαις
777 2212 823 2238 καὶ
836 2212 961 2247 πλημμε-

163 2261 251 2292 λείαις
268 2261 410 2295 ἀνατίθησι
428 2259 463 2286 τὰ
477 2260 620 2294 γενόμενα,
636 2258 681 2285 καὶ
697 2258 746 2292 τῆς
759 2257 834 2293 παρὰ
845 2257 890 2283 τοῦ
904 2258 961 2284 Σω-

163 2306 250 2342 τῆρος
271 2293 431 2341 ἐπικουρίας
455 2304 607 2331 ἀπολαῦσαι
630 2303 902 2339 παρακα).εῖ.“Λλλως
917 2312 958 2335 τε,
977 2293 998 2320 D

166 2352 221 2378 οὐδ’
235 2353 268 2378 ὲκ
292 2351 402 2379 τελείων
424 2351 517 2378 ἅπασα
535 2351 699 2386 συνέστηκεν
714 2350 730 2385 ἡ
746 2349 792 2376 τοῦ
811 2349 878 2376 Θεοῦ
900 2350 960 2376 Ἐκ-

166 2395 276 2432 κλησία,
295 2395 351 2422 ἀλλ’
365 2395 421 2431 ἔχει
446 2396 494 2421 καὶ
519 2396 581 2426 τοὺς
598 2394 725 2430 ῥαστώνῃ
746 2395 895 2426 συζῶντας,
913 2394 959 2420 καὶ

166 2442 212 2469 τδν
230 2442 370 2477 ἀνειμένον
393 2441 449 2476 βίον
469 2440 686 2476 ἀσπαζομένους,
707 2441 754 2467 καὶ
769 2441 876 2476 ἡδοναῖς
900 2440 959 2466 δου-

167 2487 256 2514 λεύειν
270 2487 458 2523 αἱρουμένους.
479 2488 534 2514 Καὶ
550 2487 642 2522 ἐπειδὴ
658 2487 686 2512 ἓν
702 2487 760 2512 ἐστι
775 2487 864 2522 σῶμα,
882 2486 918 2518 ὡς
932 2486 961 2519 ἐξ

168 2534 227 2566 ἑνὸς
243 2533 388 2570 προσώπου
408 2534 453 2560 καὶ
469 2533 556 2560 ταῦτα
571 2534 685 2560 κάκεῖνα
700 2533 895 2569 προσφέρεται.

202 2591 318 2626 Νοήσεις
328 2591 375 2617 καὶ
393 2590 493 2622 οὕτως·
522 2591 598 2616 Ἐπεὶ
624 2591 654 2617 οὐ
676 2591 717 2617 δεῖ
735 2590 897 2626 μακαρίζειν
914 2590 961 2616 ἀν-

168 2636 276 2673 θρωπον
295 2637 348 2672 πρὸ
368 2637 497 2672 τελευτῆς
517 2637 611 2667 αὑτοῦ.
625 2637 737 2668 εἰκότως
755 2637 768 2662 ὁ
780 2637 829 2672 μὲν
845 2636 960 2663 ἀπόστο-

167 2682 223 2714 λος,
235 2683 337 2718 καίπερ
360 2683 507 2715 ἀπόστολος
531 2683 569 2709 ὢν
589 2684 636 2711 καὶ
659 2683 757 2719 κλητὸς
774 2683 820 2709 καὶ
834 2682 961 2713 ἐκλεκτὸς

167 2730 287 2766 Χριστοῦ
307 2729 404 2765 Ἰησοῦ,
423 2731 498 2766 ὅμως
511 2731 561 2757 οὐκ
582 2731 657 2757 ὀκνεῖ
680 2730 786 2763 λέγειν’
808 2727 962 2757 ’Υποπιέζω

165 2786 225 2811 μου
239 2776 272 2803 τὸ
287 2776 384 2811 σῶμα,
399 2777 448 2803 καὶ
464 2776 653 2810 δουλαγωγῶ,
661 2775 778 2810 μήπως,
790 2775 896 2807 ἄλλοις
907 2782 961 2806 κη-

164 2822 271 2857 ρύξας,
292 2821 383 2855 αὐτὸς
399 2821 537 2856 ἀδόκιμος
553 2822 690 2855 γένωμαι.
710 2820 746 2846 Τὸ
759 2818 825 2846 αὐτὸ
841 2819 869 2845 δὲ
885 2819 931 2844 καὶ
947 2820 961 2844 ὁ

206 2901 228 2916 “
247 2901 314 2928 Ban.
334 2908 381 2932 Ill,
399 2900 443 2927 29.
483 2900 504 2916 ”
524 2900 532 2927 ι
552 2899 621 2926 Tim.
641 2908 665 2932 ι,
686 2898 727 2926 15,
768 2897 790 2913 ¹⁸
810 2896 818 2923 l
835 2897 898 2924 Cor.
918 2904 961 2929 xv,
980 2895 1006 2924 9.

1007 969 1147 996 canendus
1162 974 1188 996 et
1204 970 1238 997 ad
1251 970 1355 1005 justum
1372 970 1419 998 Dei
1431 971 1565 1006 judicium
1582 972 1796 1007 pmdicandum,

1008 1017 1040 1043 ad
1059 1016 1224 1044 inellabilem
1246 1017 1429 1044 enarrandam
1455 1018 1515 1052 ejus
1536 1019 1746 1053 providentiam,
1763 1020 1797 1047 ad

1007 1062 1228 1097 praphcticarum
1253 1063 1466 1097 promissionum
1491 1064 1631 1091 veritatem
1654 1064 1798 1091 declaran-

1007 1109 1080 1135 dam.
1098 1109 1136 1135 Tu
1156 1114 1255 1141 autem,
1273 1109 1395 1141 Domine,
1409 1118 1440 1136 ne
1455 1110 1530 1145 longe
1548 1110 1633 1144 facias
1650 1111 1798 1138 miseratio-

1008 1164 1052 1182 nes
1068 1161 1128 1182 tuas
1142 1165 1158 1182 a
1177 1163 1238 1182 me:
1255 1156 1437 1183 misericordia
1451 1161 1497 1183 tua
1514 1161 1538 1183 et
1554 1157 1650 1184 veritas
1668 1162 1713 1184 tua
1730 1166 1798 1185 sem—

1008 1209 1054 1235 per
1068 1206 1237 1235 susceperunt
1250 1210 1300 1229 me.
1315 1202 1404 1236 Atque
1418 1202 1534 1229 salutem
1550 1207 1630 1230 nacta
1646 1202 1691 1230 Dei
1706 1203 1798 1231 Eccle-

1008 1247 1060 1278 sia,
1079 1248 1178 1274 iterum
1194 1248 1287 1275 eadem
1304 1256 1354 1283 ope
1370 1248 1483 1283 indiget,
1498 1249 1581 1275 variis
1597 1248 1799 1284 frequentibus-

1008 1299 1062 1326 que
1085 1293 1226 1320 hominum
1248 1293 1458 1329 dzemonnmque
1482 1295 1629 1322 insultibus
1656 1295 1796 1330 intpetita.

1008 1346 1125 1374 quorum
1140 1340 1167 1366 in
1186 1340 1364 1373 sequentibus
1383 1341 1549 1367 mentionem
1567 1340 1642 1367 facit.
1666 1340 1797 1373 Quoniam

1008 1385 1237 1412 circumdederunt
1253 1394 1294 1412 me
1313 1386 1385 1413 mala
1400 1394 1511 1421 quorum
1532 1395 1582 1414 non
1597 1391 1637 1414 est
1651 1395 1775 1414 numerus
1789 1397 1795 1414 :

1008 1431 1257 1465 comprehenderunt
1275 1439 1314 1457 me
1335 1431 1488 1466 iniquitates
1510 1440 1584 1463 mew,
1610 1437 1634 1458 et
1657 1440 1709 1458 non
1724 1433 1798 1466 potui

1009 1482 1037 1503 nt
1053 1477 1174 1504 viderem.
1199 1477 1384 1511 Multiplicatte
1404 1483 1465 1504 sunt
1482 1486 1559 1512 super
1574 1479 1684 1513 capillos
1703 1479 1797 1513 capitis

1009 1523 1068 1554 mei,
1085 1528 1110 1549 et
1133 1531 1177 1549 cor
1201 1532 1287 1550 meum
1313 1523 1452 1558 dereliquit
1475 1532 1525 1550 me.
1543 1523 1628 1551 Nemo
1651 1525 1799 1552 arbitretur

1009 1569 1083 1595 diota
1103 1569 1260 1603 hujnsmodi
1284 1578 1338 1596 non
1358 1570 1516 1597 consentire
1533 1570 1567 1597 iis
1581 1578 1642 1605 qua:
1663 1571 1798 1605 explicata

1010 1619 1085 1642 sunt.
1105 1614 1211 1642 Etenim
1236 1620 1291 1643 tres
1318 1617 1407 1650 pueri,
1427 1623 1534 1643 summa
1561 1617 1662 1644 virtute
1679 1617 1798 1652 praediti,

1010 1664 1093 1695 atque
1109 1661 1267 1696 triumphali
1289 1669 1391 1689 corona
1407 1664 1508 1695 ornati,
1525 1663 1553 1690 in
1569 1664 1678 1691 camino
1689 1668 1799 1692 orantes

1011 1705 1139 1734 dicebant
1157 1716 1164 1734 ε
1182 1707 1364 1739 Peccavimus,
1385 1708 1554 1744 deliquimus,
1572 1709 1670 1743 injuste
1688 1711 1799 1744 egimus.

1009 1758 1034 1780 et
1052 1755 1207 1781 recessimus
1226 1763 1241 1780 a
1255 1755 1390 1789 praceptis
1412 1756 1474 1788 tuis,
1491 1760 1515 1782 et
1539 1763 1590 1783 non
1613 1756 1801 1783 custodivimns

1008 1802 1214 1838 jnstiﬁcationes
1231 1806 1290 1828 tuas
1315 1802 1346 1829 ".
1367 1801 1412 1828 Sic
1435 1801 1605 1829 admirabilis
1632 1801 1737 1834 Daniel,
1761 1803 1801 1829 sic

1011 1856 1127 1883 magnus
1140 1848 1185 1875 ille
1198 1847 1342 1879 Jeremias,
1355 1848 1395 1874 sic
1408 1847 1517 1874 divinus
1530 1847 1624 1879 Isaias,
1638 1848 1679 1875 sic
1692 1848 1800 1883 sapien-

1010 1896 1135 1922 tissimus
1151 1893 1253 1921 Paulus
1270 1903 1276 1920 :
1293 1893 1414 1921 Christus
1432 1895 1516 1925 enim,
1532 1894 1629 1928 inquit,
1646 1895 1753 1921 intrauit
1774 1895 1801 1921 in

1011 1940 1140 1967 mundum
1164 1945 1312 1975 peccatores
1338 1940 1424 1966 salvos
1451 1940 1548 1974 facere,
1572 1948 1683 1974 quorum
1701 1941 1802 1974 primus

1011 1994 1056 2021 ego
1071 1994 1128 2013 sum
1144 1986 1182 2018 ¹³;
1199 1993 1231 2012 ac
1248 1993 1369 2013 rursum:
1384 1985 1445 2012 Non
1457 1994 1515 2012 sum
1527 1985 1621 2020 dignus
1636 1987 1723 2012 vocari
1739 1994 1803 2020 apa-

1012 2032 1094 2058 stolus
1115 2032 1146 2058 ν’.
1162 2030 1208 2058 Sic
1232 2032 1316 2066 igitur
1339 2032 1390 2058 hoc
1416 2032 1442 2058 in
1460 2032 1520 2058 loco
1534 2031 1580 2059 Dei
1596 2031 1728 2064 Ecclesia,
1749 2032 1801 2059 im-

1012 2079 1119 2113 piorum
1139 2078 1347 2112 tempestatibus
1368 2078 1482 2113 agitata,
1506 2085 1560 2105 non
1579 2078 1722 2113 magniﬁce
1740 2087 1803 2106 sen-

1013 2125 1046 2152 tit
1063 2128 1092 2151 ut
1105 2125 1282 2159 impugnata;
1302 2125 1349 2151 sed
1364 2132 1395 2151 ea
1413 2132 1474 2158 qua:
1491 2125 1664 2159 contingunt,
1682 2126 1802 2159 peccatis

1014 2178 1046 2197 ac
1061 2171 1210 2198 sceleribus
1227 2170 1361 2201 attribuit,
1379 2174 1406 2197 et
1423 2178 1437 2197 a
1459 2170 1600 2197 Salvatore
1614 2178 1692 2206 opem
1706 2179 1804 2198 conse-

1015 2216 1061 2251 qui
1078 2220 1164 2251 rogat.
1182 2215 1215 2242 Et
1230 2216 1330 2250 alioqui
1347 2215 1392 2242 Dei
1411 2215 1533 2243 Ecclesia
1553 2224 1606 2243 non
1627 2224 1659 2243 ex
1675 2215 1804 2250 perfectis

1015 2267 1071 2290 tota
1089 2263 1277 2294 constituitur,
1296 2262 1342 2289 sed
1367 2262 1448 2288 habet
1470 2262 1551 2288 etiam
1570 2262 1616 2296 qui
1643 2261 1669 2287 in
1696 2261 1803 2296 ignavia

1014 2309 1122 2344 degant,
1138 2313 1164 2335 et
1179 2309 1294 2335 inertem
1316 2307 1400 2333 vitam
1420 2306 1536 2341 amplexi
1558 2306 1622 2337 sint,
1644 2311 1670 2332 et
1688 2306 1734 2340 qui
1757 2313 1806 2332 νοτ

1014 2356 1164 2391 luptatibus
1183 2355 1286 2382 servire
1301 2358 1454 2388 peroptent.
1473 2353 1504 2379 Et
1521 2353 1648 2387 quoniam
1662 2360 1746 2379 unum
1761 2356 1804 2378 est

1014 2411 1125 2438 corpus,
1147 2407 1278 2436 tanquam
1300 2408 1334 2428 ex
1360 2408 1414 2427 una
1439 2407 1555 2435 persona
1579 2403 1607 2426 et
1633 2399 1691 2426 haec
1712 2402 1739 2426 et
1758 2399 1802 2425 illa

1014 2449 1202 2485 proferuntur.

1051 2582 1108 2610 Hoc
1124 2590 1232 2617 quoque
1249 2581 1331 2609 modo
1355 2580 1492 2615 intelligas
1512 2589 1518 2606 :
1532 2578 1601 2611 Quia
1616 2586 1670 2605 non
1695 2580 1803 2612 oportet

1015 2633 1078 2657 ante
1092 2629 1197 2656 obitum
1210 2628 1348 2658 hominem
1374 2627 1482 2654 beatum
1511 2625 1660 2660 praedicare
1681 2625 1726 2655 ¹⁸·,
1741 2624 1803 2658 jure

1015 2676 1172 2711 Apostolus,
1190 2674 1254 2701 licet
1270 2673 1412 2708 apostolus
1432 2672 1466 2700 sit
1484 2680 1516 2699 ac
1531 2676 1644 2699 vocatus
1659 2674 1686 2698 et
1700 2671 1804 2698 electus

1015 2722 1118 2750 Christi
1130 2720 1208 2752 Iesu,
1225 2724 1345 2747 attamen
1360 2727 1417 2745 non
1441 2722 1551 2746 veretur
1567 2718 1658 2745 dicere
1675 2725 1681 2742 :
1697 2715 1804 2750 Castigo

1016 2778 1109 2804 corpus
1122 2777 1217 2799 meum.
1234 2773 1257 2795 et
1272 2768 1299 2794 in
1313 2767 1463 2793 seruitutem
1474 2765 1573 2800 redigo,
1587 2773 1617 2791 ne
1629 2763 1690 2790 aliis
1707 2762 1805 2798 prtuli-

1015 2825 1078 2844 cans
1091 2817 1145 2850 ipse
1160 2815 1285 2850 reprobus
1293 2814 1389 2849 efﬁciar
1405 2814 1437 2839 “.
1456 2812 1578 2847 ldipsum
1593 2817 1703 2847 quoque
1719 2808 1804 2836 David

1048 2894 1172 2921 “'Eccli.
1195 2902 1236 2927 χι,
1254 2894 1297 2922 30.
1340 2894 1360 2909 ’⁵
1380 2891 1389 2919 1
1407 2892 1469 2919 Cor.
1487 2899 1530 2923 Ix,
1547 2889 1591 2916 ‘27.
