2056 3214
264 161 317 190 55'9

600 163 735 191 EUSEBll
755 162 999 192 CESARIENSIS
1017 163 1094 192 OPP.
1116 163 1218 192 PARS.
1239 163 1328 193 lll.—
1348 163 1553 191 EXEGETICA.

1839 165 1891 192 360

264 228 326 247 cum
343 220 437 247 multis
462 221 489 247 in
513 220 581 249 locis
597 221 781 256 declarasset,
798 225 882 252 Deum
904 224 1038 259 propitium

1104 223 1185 250 Δαυῒδ
1201 224 1224 249 εἰ
1241 223 1288 250 καὶ
1311 223 1340 249 ὲν
1365 222 1472 254 πολλοῖς
1496 221 1695 256 ἐνδειξάμενος,
1721 221 1816 257 ἔτυχεν
1843 223 1895 249 ὐπ-

265 269 362 292 nactus
375 270 428 293 est.
442 270 593 300 erutusque
610 266 661 294 fuit
673 268 706 296 de
717 269 779 296 lacu
796 270 914 298 miseriae
928 273 956 296 et
968 270 1001 297 de
1018 270 1056 296 lu-

264 314 292 337 to
309 310 381 337 necis
395 320 401 337 :
414 316 496 346 alque
514 311 540 339 in
558 313 682 348 tutojam
703 314 812 342 demum
829 316 946 351 positus,
960 320 1054 351 utpote

265 357 377 391 pedibus
391 357 417 383 in
430 361 506 392 petra
523 357 657 391 ﬁrmatus,
675 367 706 386 ac
719 361 827 388 cantico
843 369 914 388 novo
928 368 976 388 seu
989 369 1052 389 vera

263 400 296 428 de
307 401 450 429 sacriﬁciis
466 402 590 430 doctrina
603 404 730 433 donatus.
747 406 773 433 id
790 411 832 433 est
860 407 1053 442 przedicatione

261 455 322 482 qua:
335 447 362 474 itt
382 447 506 476 Ecclesia
525 449 570 477 Dei
587 458 684 486 magna
698 452 767 479 facta
781 457 840 485 est;
856 461 918 490 nam
932 454 997 482 illud
1011 463 1052 482 re-

261 501 324 519 vera
338 495 476 522 canticum
493 503 592 522 novum
608 501 678 528 erat,
688 498 768 532 cujus
780 499 818 525 rei
828 507 910 527 cattsa
924 501 1051 535 superius

260 539 368 566 dicebat
385 547 394 566 :
413 540 446 567 Et
466 542 576 568 immisit
592 543 619 569 in
641 553 670 570 os
683 553 766 571 meum
783 546 915 572 canticum
931 554 1025 573 novum
1040 555 1049 573 :

262 585 318 613 lucc
334 592 500 615 consecutus
517 594 616 622 tamen,
626 591 661 617 ob
677 591 802 618 humanae
818 592 879 620 vitae
895 593 1050 628 corruptio-

260 638 322 657 nem
339 633 548 666 supplicationis
569 635 652 660 rerha
670 636 793 668 resumit,
811 643 842 662 ac
865 641 943 672 rogat
966 638 1047 665 obse-

259 679 375 712 cratque
387 683 416 704 ut
434 686 448 705 a
463 678 508 706 Dei
522 680 608 714 gratia
622 684 649 707 et
664 682 852 709 misericordia
864 683 1046 711 custodiatur.

261 721 309 749 llis
324 723 395 750 enim
412 724 504 751 animo
520 726 675 753 revolvebat
691 727 717 754 in
732 729 947 764 memoriamque
968 737 1047 756 revo-

259 768 339 795 cabat
352 777 412 803 qua:
427 770 477 796 sibi
495 771 570 805 prius
585 772 742 799 acciderant
759 773 839 800 mala.
853 773 981 801 Memoria
995 775 1047 802 ita-

259 821 312 848 que
329 819 452 842 veterum
475 816 622 848 malorum,
638 818 777 846 cautiores
796 827 847 846 nos
860 819 951 852 ellicit,
969 825 998 847 ut
1012 829 1046 848 ne

259 867 356 886 rursus
385 860 412 886 in
433 868 463 887 ea
483 861 653 896 incidamus;
675 863 722 890 sed
747 864 830 891 etiam
857 866 1044 893 mutationisa

1106 270 1187 305 ηκόου
1204 269 1250 296 τοῦ
1268 268 1345 301 Θεοῦ,
1360 267 1529 304 ἠλευθέρωτο
1540 275 1569 293 τε
1589 267 1622 294 ἐκ
1636 267 1738 293 λάκκου
1759 268 1895 296 ταλαιπω-

1106 317 1167 352 ρίας
1181 317 1227 343 καὶ
1239 316 1293 342 ἀπὺ
1309 314 1395 351 πηλοῦ
1413 314 1483 346 ἰλύος
1493 323 1500 329 ·
1518 315 1547 340 ἐν
1564 314 1680 348 ἀσφαλεῖ
1690 322 1721 340 τε
1736 313 1786 350 ἢδη
1803 313 1894 342 λοιπὸν

1104 361 1225 397 ἑστήκει,
1243 360 1280 392 ὡς
1293 360 1326 387 ἃν
1337 361 1384 386 ἐπὶ
1400 360 1502 396 πέτραν
1514 360 1577 391 τοὺς
1590 359 1674 391 πόδας
1687 360 1891 395 ἐρηρεισμένος,

1103 407 1150 433 καὶ
1167 406 1287 441 ᾄσματος
1304 404 1397 432 καινοῦ
1409 405 1559 440 ἠξιωμένος
1574 404 1621 431 τοῦ
1636 405 1700 439 περὶ
1716 404 1815 431 Θυσιῶν
1828 405 1893 441 ἀλη-

1102 450 1166 482 θοῦς
1181 450 1403 485 λόγου,τουτέστι
1426 450 1473 476 τοῦ
1494 451 1526 485 τῇ
1550 449 1696 485 Ἐκκλησία
1714 449 1761 476 τοῦ
1778 449 1844 476 Θεοῦ
1860 452 1891 486 τῇ

1103 497 1209 533 μεγάλῃ
1233 496 1462 532 εὐηγγελισμένοι)
1483 495 1676 532 κηρύγματος·
1697 495 1777 522 τοῦτο
1792 496 1847 532 γὰρ
1858 495 1892 532 ἢν

1100 544 1131 570 τὸ
1148 544 1240 570 καινὸν
1257 542 1344 579 ᾇσμα,
1372 541 1402 571 οὗ
1420 543 1500 579 χάριν
1517 543 1645 579 ἀνωτέρω
1663 543 1739 577 ἔλεγε
1750 551 1757 559 ·
1771 543 1825 570 Καὶ
1841 543 1891 582 ὲν-

1099 590 1208 616 ἐὸαλεν
1219 591 1263 622 εις
1272 590 1305 616 τὸ
1318 590 1415 624 στόμα
1422 598 1482 624 μου
1493 587 1574 624 ᾆσμα
1588 589 1700 616 καινόν·
1713 589 1786 624 ὅμως
1798 589 1821 615 δ’
1833 585 1889 621 οὖῧ,

1099 637 1233 663 τοσούτων
1251 636 1417 672 τετυχηκὼς,
1431 636 1475 663 διὰ
1495 637 1525 663 τὸ
1553 636 1652 672 σαθρὸν
1675 636 1725 671 τῆς
1742 637 1771 662 ὲν
1785 635 1892 671 ἀνθρώ-

1099 691 1160 714 ποις
1174 683 1246 718 ζωῆς
1261 683 1480 718 ὲπαναλαμϐἀνει
1493 683 1556 715 τοὺς
1568 682 1618 718 τῆς
1629 682 1768 718 ἱκετηρίας
1783 682 1888 716 λόγους,

1098 729 1232 755 ἀντιϐολεῖ
1248 738 1278 755 τε
1291 729 1338 755 καὶ
1354 729 1442 756 δέεται
1456 728 1636 764 φυλάττεσθαι
1650 729 1702 755 ὑπὸ
1713 729 1762 763 τῆς
1779 729 1890 764 χάριτος

1097 776 1144 802 καὶ
1155 775 1202 802 τοῦ
1214 776 1289 802 ἐλέου
1302 775 1348 803 τοῦ
1357 775 1434 803 Θεοῦ.
1445 776 1670 811 Ἀνεπεμπάζετο
1677 775 1731 811 γὰρ
1738 775 1781 802 διὰ
1788 774 1889 801 τούτων

1096 822 1144 848 καὶ
1154 822 1270 849 ἀνεπόλα
1279 823 1317 857 (i)
1327 822 1361 849 τὰ
1368 822 1501 858 πρότερον
1512 822 1586 857 αὐτῷ
1600 831 1631 848 συ
1635 821 1791 857 μῦεὸηκότα
1804 821 1888 848 κακά.

1102 867 1133 893 Ἦ
1150 868 1215 901 γοῦν
1233 869 1325 904 μνήμη
1352 869 1404 895 τῶν
1427 868 1550 895 παλαιῶν
1566 868 1670 900 κακῶν,
1687 867 1889 902 φυλακτικωτέ-

259 905 399 940 pejoribus
411 906 444 933 ad
457 907 568 934 meliora
584 908 748 938 recordatio.
758 914 849 943 gratos
864 910 952 938 reddit
968 916 1038 947 atqu:

1103 921 1165 948 pou;
1189 914 1263 948 ἡμᾶς
1277 913 1462 950 ἀπεργάζεται
1479 913 1547 950 πρὸς
1560 913 1592 940 τὸ
1611 914 1647 949 μὴ
1664 912 1741 945 αὖθις
1763 915 1820 945 τοῖς
1842 913 1889 940 αύ-

256 951 291 978 ad
301 952 452 979 cavendum
466 952 636 981 intentiores.
653 954 667 981 J
673 963 720 981 ure
736 956 827 990 itaque
841 958 1044 991 praeteritarum

257 997 432 1033 iniquitatum
460 1001 618 1027 memoriam
638 1001 906 1038 reiricat,docetque
933 1005 1042 1032 easdem

256 1040 416 1076 iniquitates
427 1043 477 1070 sihi
493 1043 558 1070 olim
571 1045 666 1071 oculos
681 1046 830 1079 obtexisse,
846 1048 933 1075 instar
948 1049 1044 1085 caligi-

257 1087 300 1114 nis
316 1088 415 1115 mentis
429 1089 498 1116 visui
513 1089 618 1116 oﬂ'usae.

1096 960 1152 990 τοῖς
1163 962 1321 994 περιπεσεῖν
1331 969 1337 975 ·
1351 960 1419 987 ἀλλά
1429 961 1476 987 καὶ
1487 961 1535 996 τῆς
1549 960 1699 996 μεταὸολῆς
1711 960 1760 995 τῆς
1770 959 1824 986 ἀπὸ
1833 959 1888 986 τῶν

1097 1007 1225 1040 χειρόνων
1245 1007 1291 1033 ἐπὶ
1314 1007 1349 1033 τὰ
1374 1007 1472 1042 βελτίω
1491 1009 1507 1043 ἡ
1534 1007 1686 1043 ἀνάμνησις
1710 1007 1888 1043 εὐχαρίστους

1096 1052 1169 1086 ἡμᾶς
1193 1053 1378 1089 ἀπεργάζεται
1411 1054 1458 1080 καὶ
1482 1054 1694 1089 συντεταμένους
1720 1054 1820 1090 μᾶλλον
1848 1054 1889 1086 εἰς

1096 1099 1241 1134 προσοχὴν.
1263 1099 1383 1131 Εἰκότως
1405 1100 1494 1126 τοίνυν
1516 1100 1738 1136 ἐπαναλαμϐάνει
1761 1100 1811 1136 τὴν
1834 1100 1888 1127 τῶν

257 1133 397 1169 προτέρων
418 1134 501 1161 αὑτοῦ
521 1135 639 1171 ἀνομιῶν
662 1137 782 1174 μνήμην,
806 1139 926 1167 διδάσκει
953 1150 994 1174 τε,
1024 1142 1063 1175 ὼς
1080 1144 1143 1176 τοὺς
1163 1133 1214 1179 τῆς
1233 1145 1322 1181 ψυχῆς
1337 1146 1493 1183 ὀφθαλμοὺς
1511 1146 1599 1182 καιρῷ
1616 1133 1668 1174 τινι
1701 1133 1888 1182 συνεκάλυψαν

255 1181 283 1207 αἱ
298 1181 406 1216 ἀνομίαι
422 1183 514 1216 αὑτοῦ,
525 1183 603 1219 δίκην
619 1184 716 1220 ἀχλύος
731 1185 771 1221 τῷ
789 1186 838 1222 τῆς
851 1188 970 1220 διανοίας
985 1189 1121 1226 βλεπτικῷ
1132 1192 1311 1227 ὲπιχυθεϊσαι.

290 1239 405 1275 Reliqua
416 1248 481 1268 vero
491 1247 693 1277 consequenter
706 1243 739 1271 ad
755 1245 883 1280 prmdicta
901 1246 1042 1275 feruntur:

255 1286 424 1320 Complaceat
442 1288 499 1320 tibi,
517 1288 637 1321 Domine,
652 1295 680 1316 ut
695 1298 773 1317 eruas
789 1299 828 1318 me
847 1300 856 1318 :
869 1291 988 1325 Domine,
1009 1294 1043 1320 ad

253 1332 433 1367 adjuvandum
448 1342 488 1361 me
499 1335 605 1368 respice.
620 1334 825 1370 Confunduntur
837 1342 861 1364 et
877 1343 1044 1366 reuereanlur

254 1379 334 1406 simul
346 1380 391 1415 qui
402 1386 524 1415 quarunt
542 1382 660 1408 animant
686 1391 771 1409 nteant
785 1388 813 1409 ut
830 1384 953 1418 auferant
970 1393 1040 1413 eam.

253 1424 448 1452 Convertuntur
475 1432 620 1454 retrorsum
648 1432 673 1454 ει
700 1435 867 1456 reveretmtur
882 1431 928 1465 φιὶ
953 1430 1042 1457 volunt

252 1471 316 1498 mihi
330 1472 412 1499 mala.
429 1472 530 1500 Ferant
545 1475 682 1508 confestim
703 1476 885 1510 confusionem
904 1485 982 1504 suam
997 1477 1042 1512 qut'

250 1516 343 1543 dicunt
357 1517 440 1544 mihi:
457 1518 539 1553 Euge.
554 1518 635 1554 Euge.
651 1519 729 1547 Nunc
741 1529 851 1556 quoque
866 1523 951 1550 sentit
971 1523 1039 1550 mul-

251 1567 295 1591 tos
311 1565 408 1591 animae
430 1571 487 1591 suae
505 1566 688 1594 adversarios.
701 1575 733 1594 ac
756 1575 788 1594 ea
812 1567 846 1595 de
870 1576 953 1596 causa
972 1576 1042 1604 prte-

253 1612 356 1635 sentem
372 1609 524 1636 orationem
541 1611 652 1638 emittit.
672 1610 764 1646 Neque
781 1612 855 1639 enim
872 1617 981 1640 cessant
999 1613 1042 1639 in-

251 1653 344 1680 videre
355 1652 484 1688 perfectis
503 1658 531 1681 et
547 1655 574 1680 in
590 1660 665 1689 petra
680 1657 878 1690 gradientibus.
899 1658 989 1690 Quare
1003 1658 1037 1686 ab

252 1697 287 1724 iis
300 1698 408 1724 liberari
423 1706 452 1726 se
473 1705 560 1734 rogat.
583 1701 619 1726 ita
642 1705 672 1727 nt
687 1701 725 1728 illi
740 1702 849 1736 quidem
865 1703 1038 1730 confundano

253 1747 297 1769 tur
318 1746 346 1770 et
375 1743 480 1778 pudore
507 1744 660 1772 aﬂlciantur
688 1747 736 1781 qui
761 1751 889 1781 quaerunt
918 1748 1037 1776 animam

251 1790 351 1824 ipsius,
364 1794 393 1816 ttt
406 1790 530 1817 auferant
544 1798 622 1824 eam;
638 1791 696 1827 ipse
711 1800 775 1820 vero
791 1793 850 1827 ejus
861 1793 972 1821 dextera
983 1794 1038 1821 cir-

251 1837 466 1865 cummuniatur.
488 1836 594 1864 Pudore
612 1837 766 1866 aﬂiciuntur
783 1844 885 1872 autem,
902 1847 935 1867 ac
949 1839 1038 1874 turpi-

250 1887 292 1910 ter
315 1887 409 1918 agnnt,
426 1883 465 1911 sic
488 1884 559 1911 enim
584 1883 668 1911 edidit
685 1884 877 1920 Symmachus,
897 1886 945 1920 qui
962 1894 1036 1921 quae-

250 1933 315 1955 runt
338 1928 457 1955 animam
483 1929 562 1962 justi,
580 1934 724 1964 postquam
753 1931 881 1958 omnibus
905 1931 1036 1960 adhibitis

249 1974 385 2001 machinis
399 1982 428 2001 re
444 1974 544 2001 infecta
565 1980 675 2002 manent
694 1985 700 2003 :
714 1976 866 2012 deindeque
886 1982 915 2004 ut
933 1979 979 2013 qui
994 1979 1037 2006 ni-

250 2020 287 2047 hil
306 2020 436 2054 perlicere
461 2022 598 2056 potuerint
617 2022 805 2058 desperantes.
822 2024 925 2058 pudore
938 2026 1034 2053 sulIusi

248 2065 409 2093 abscedunt.
439 2066 621 2099 Quamobrem
658 2073 804 2104 postquam
833 2071 896 2097 illos
918 2071 1033 2106 pudore,

249 2112 418 2146 turpitudine
444 2117 471 2139 et
498 2114 650 2140 reverentia
682 2115 795 2143 affectos
821 2116 900 2149 dixit,
917 2117 1031 2152 adjicit:

207 2169 213 2178 ι
247 2158 408 2184 Acertantur
423 2163 566 2185 retrorsum
582 2164 606 2186 et
623 2160 778 2188 erubescant
796 2162 842 2196 qui
859 2162 947 2189 uolunt
962 2164 1035 2190 mala

247 2203 397 2230 mihi.Cum
413 2205 485 2231 enim
500 2205 566 2231 nihil
584 2206 803 2240 potuerint,eum
821 2208 895 2235 nulla
912 2209 949 2236 rei
965 2209 1033 2237 bene

247 2248 372 2284 gerendae
387 2257 451 2284 spes
474 2251 604 2285 supersit,
626 2256 788 2279 avertuntur
804 2261 836 2280 ac
853 2258 926 2281 retro
943 2255 1032 2282 disce-

1132 1249 1172 1276 Τὰ
1185 1249 1213 1275 δὲ
1228 1249 1309 1277 λοιπὰ
1321 1252 1377 1282 τοῖς
1389 1251 1597 1287 προειρημένοις
1612 1251 1781 1284 ἀκολούθω;”
1796 1252 1889 1280 Εὑδό³

1095 1302 1203 1328 κησον,
1224 1296 1323 1329 Κύριε,
1342 1296 1567 1332 τοῦτρὐασθαί
1587 1306 1640 1332 με·
1668 1299 1767 1332 Κύριε,
1790 1300 1833 1331 εἰς
1854 1299 1888 1325 τὸ

1091 1341 1246 1375 ,βοηθῆσαί
1268 1351 1319 1377 μοι
1345 1344 1488 1377 πρόσχες.
1514 1345 1816 1380 Καταισχυνθείησαν
1839 1346 1887 1373 καὶ

1093 1388 1316 1422 ἐντραπεῦησαν
1331 1389 1391 1424 ἅμα
1407 1391 1433 1416 ol
1450 1390 1608 1425 ζητοῦντες
1629 1391 1692 1429 τὴν,
1704 1393 1811 1427 ψυχήν
1827 1402 1886 1428 μου

1093 1433 1146 1460 τοῦ
1165 1433 1268 1469 ἐξᾶραι
1284 1435 1390 1469 αὐτήν.
1401 1437 1675 1472 Ἀποστραεεείιισαν
1687 1440 1731 1472 εἰς
1742 1439 1779 1466 τὰ
1790 1440 1886 1467 ὀπίσω

1091 1480 1139 1507 καὶ
1162 1484 1457 1517 καταισχυνθείησαν
1469 1485 1497 1510 οἱ
1511 1485 1650 1519 θέλοντές
1659 1494 1709 1520 μοι
1725 1486 1813 1513 κακά.
1827 1486 1884 1513 Ko-

1087 1527 1291 1561 μισάσθωσαν
1311 1530 1492 1565 παραχρῆμα
1513 1532 1665 1565 αἰσχύνην
1682 1531 1782 1559 αὐτῶν
1795 1532 1884 1560 01M-

1089 1573 1194 1607 γοντές
1202 1582 1268 1608 μοι·
1284 1573 1373 1610 Εὖγε,
1391 1573 1537 1610 εὖγε.’Ἑτι
1553 1578 1599 1603 καὶ
1616 1577 1662 1604 νῦν
1678 1577 1799 1605 αἴσθεται
1817 1579 1883 1605 πολ-

1093 1618 1146 1645 λῶν
1155 1621 1219 1655 περὶ
1240 1621 1320 1647 αὐτὸν
1340 1622 1445 1658 ἐχθρῶν
1462 1623 1643 1659 ἐπικειμένων
1655 1626 1688 1660 τῇ
1701 1625 1782 1652 αὑτοῦ
1797 1626 1881 1662 ψυχῇ,

1090 1666 1137 1692 καὶ
1150 1666 1213 1702 περὶ
1226 1666 1328 1693 τούτων
1343 1668 1392 1703 τὴν
1409 1670 1592 1706 προκειμένην
1613 1671 1696 1706 εὐχὴν
1711 1672 1879 1707 ἀναπέμπει.

1089 1712 1126 1738 Οὐ
1142 1712 1196 1747 γὰρ
1208 1713 1339 1740 παύονται
1350 1713 1569 1751 διαφθονούμενοι
1578 1716 1624 1743 καὶ
1635 1719 1690 1749 τοῖς
1705 1718 1756 1753 ήδη
1770 1717 1882 1750 τελείοις

1089 1757 1136 1784 καὶ
1150 1757 1294 1793 βεϐηκόσιν
1310 1760 1356 1786 ἐπὶ
1368 1760 1417 1796 τὴν
1433 1762 1545 1797 πέτραν.
1561 1762 1606 1789 Διὸ
1618 1763 1750 1799 ρυσΘῆναι
1764 1765 1817 1791 ἀπὸ
1826 1765 1879 1792 τῶν

1088 1803 1241 1838 εἰρημένων
1259 1804 1339 1837 ἀξιοῖ,
1354 1806 1497 1838 κάκείνους
1516 1808 1565 1842 μὲν
1586 1810 1815 1846 καταισχυνθῆναι
1834 1813 1880 1839 καὶ

1087 1848 1254 1884 ὲντραπῆναι
1269 1851 1332 1882 τοὺς
1354 1851 1536 1887 ὲκζητοῦντας
1549 1854 1631 1880 αὑτοῦ
1655 1855 1704 1891 τὴν
1729 1855 1817 1893 ψυχὴν
1831 1857 1878 1884 τοῦ

1086 1893 1181 1930 ἐξᾶραι
1197 1895 1283 1931 αὑτήν
1294 1904 1301 1911 ⁸
1314 1897 1395 1924 αὑτὸν
1408 1898 1435 1924 δὲ
1452 1900 1686 1936 περιφράττεσθαι
1702 1902 1754 1928 ύπὺ
1768 1904 1817 1938 τῆς
1830 1905 1880 1931 αύ-

1087 1938 1246 1982 τοῦιξεξιᾶς.
1258 1941 1486 1977 Ἐντρέπονταιδὲ
1499 1944 1546 1970 καὶ
1563 1944 1762 1980 ἀσχημονοῦσιν
1782 1947 1879 1982 (οὕτως

1086 1983 1139 2018 γὰρ
1153 1976 1286 2016 ὶξέδωκεν
1308 1987 1321 2012 ό
1346 1987 1504 2024 Σύμμαχος)
1532 1991 1557 2017 οἱ
1572 1976 1715 2026 ζητοῦντες
1725 1992 1774 2028 τὴν

1085 2030 1131 2056 τοῦ
1148 2031 1262 2064 δικαίου,
1277 2033 1397 2067 ἐπειδὰν,
1412 2036 1501 2061 πᾶσαν
1516 2037 1576 2063 κατ’
1589 2037 1671 2064 αὑτοῦ
1683 2038 1806 2074 μηχανὴν
1819 2039 1878 2065 ὲπι-

1084 2078 1241 2113 νοήσαντες,
1256 2079 1393 2114 ἄπρακτοι
1411 2081 1559 2115 γένωνται·
1582 2082 1632 2110 εἷθ’
1647 2084 1684 2116 ὡς
1708 2086 1791 2121 μηδὲν
1806 2085 1877 2112 δεδυ-
1918 2086 1923 2091 ’

1085 2125 1195 2159 νημένοι
1214 2126 1378 2160 ἀπογνόντες
1398 2128 1623 2162 ἀπαλλάττονται,
1638 2130 1776 2167 ἀἰσχύνην
1793 2140 1877 2159 κατα-

1084 2170 1221 2205 χεάμενοι.
1239 2172 1284 2199 Διὸ
1309 2174 1378 2208 μετά
1394 2174 1425 2200 τὸ
1441 2175 1629 2211 ἀοχημονῆσαι
1645 2177 1753 2211 αὐτοὺς,
1778 2187 1875 2205 καταιη

1085 2216 1231 2252 σχυνοῆναί
1250 2227 1280 2245 τε
1303 2221 1529 2256 καῖεν-τραπῆναι
1553 2222 1690 2257 ἐπιλέγει·
1715 2225 1874 2258 Ἀποσΐρα-

1082 2263 1213 2296 φείησαν
1225 2265 1269 2298 εὶς
1279 2265 1315 2291 τὰ
1328 2265 1379 2291 ὀπί
1381 2273 1435 2297 σω,
1445 2266 1493 2292 καὶ
1503 2267 1725 2302 ἐντραπείησαν
1736 2271 1763 2296 οὶ
1775 2270 1874 2297 θέλον-

246 2296 331 2328 dunt;
359 2296 458 2324 deinde
484 2296 598 2331 profecti
628 2305 659 2325 ac
674 2299 769 2333 procul
790 2300 882 2334 positi.
905 2302 1031 2336 nequitiae

1090 2317 1132 2341 τες
1148 2309 1183 2336 τὰ
1200 2296 1277 2337 κακά
1293 2319 1354 2346 μοι.
1378 2311 1469 2346 Μηδὲν
1495 2296 1561 2348 γὰρ⁷
1573 2296 1756 2349 δεδυνημένοι,
1770 2296 1816 2342 καὶ
1835 2317 1873 2352 μὴ

246 2350 302 2370 sua:
319 2345 432 2378 pignora
458 2344 593 2379 accipient
613 2353 620 2372 :
638 2353 722 2380 quare
743 2351 805 2380 post
830 2347 887 2374 hate
903 2347 1004 2375 dicitur
1022 2359 1029 2377 :

246 2388 345 2416 Ferant
361 2390 499 2425 confestim
509 2390 688 2425 confusionem
703 2400 778 2419 suam
789 2393 834 2428 qui
846 2394 936 2420 dicunt
949 2395 1030 2421 mihi:

246 2435 328 2470 Euge,
341 2434 420 2469 Euge.
434 2435 487 2462 Pro
498 2443 552 2471 quo
563 2437 660 2471 Aquila
674 2447 680 2464 :
695 2438 752 2469 Aa.
766 2447 810 2470 na,
825 2439 882 2473 ipsa
896 2439 1028 2468 Ht‘braica

245 2489 321 2513 voce,
341 2482 380 2508 sic
399 2479 525 2514 habente,
544 2489 621 2509 usus.
637 2482 737 2518 Estque
756 2485 813 2519 ipsa
833 2492 882 2512 vox
902 2486 1028 2520 planctus

244 2533 338 2553 eorum
352 2526 398 2560 qui
413 2526 469 2560 jam
492 2527 612 2562 superati
640 2533 714 2562 sunt,
731 2536 763 2556 ac
784 2535 856 2557 retro
883 2537 1027 2559 cesserunt

244 2570 488 2606 eonfusionemque
499 2573 666 2601 retulerunt.
683 2573 836 2601 Secundum
849 2575 1026 2611 Septuaginta

243 2617 408 2652 lnterpretes
424 2622 450 2645 et
467 2617 658 2654 Symmachum
677 2621 716 2648 sic
732 2621 851 2650 dicitur:
869 2624 921 2656 Qui
935 2624 1025 2651 dicunt

242 2664 274 2691 dc
283 2673 321 2691 me
337 2672 346 2691 :
365 2663 447 2699 Euge,
466 2664 547 2700 Euge.
570 2665 602 2693 Et
619 2666 735 2695 fortasse
755 2669 821 2702 justi
848 2669 949 2697 inimici
978 2671 1024 2705 qtti

241 2709 342 2735 multas
354 2709 485 2737 adversus
501 2718 562 2736 eum
576 2711 690 2740 insidias
703 2718 868 2744 struxerant.
884 2719 1024 2750 sperantes

241 2762 271 2781 se
286 2759 474 2789 superaturos,
493 2755 526 2782 ad
539 2756 660 2791 singulas
673 2758 800 2786 dicebant
819 2769 825 2786 :
840 2759 923 2794 Euge,
942 2760 1022 2795 Euge.

240 2799 293 2827 Sed
306 2808 368 2827 cum
383 2801 440 2828 haec
453 2802 613 2837 plerumque
627 2803 754 2836 dixerint,
765 2813 813 2840 per
824 2810 910 2837 tuam.
925 2807 1022 2842 inquit.

239 2847 351 2883 gratiam
367 2848 422 2883 jatn
435 2848 586 2882 discedant,
596 2857 673 2877 suam
682 2850 799 2880 ferentes
814 2853 1020 2888 turpitudinem.

273 2915 310 2950 (ί)
334 2915 478 2942 Ἀνεπόλει.

1083 2355 1294 2388 κατελπίσαντες
1320 2358 1566 2392 περιγενήσεσθαι,
1590 2359 1804 2395 ἀποστρέφονται
1825 2362 1874 2388 καὶ

1081 2399 1295 2428 ἀπαλλάττονται
1312 2403 1351 2433 εἰς
1367 2402 1400 2429 τὰ
1417 2403 1504 2429 ὀπίσω
1514 2412 1520 2418 ·
1544 2402 1594 2430 εἴτ’
1610 2405 1811 2439 ἀπαλλαγέντες
1826 2406 1874 2433 καὶ

1082 2446 1188 2482 μακρὰν
1201 2448 1352 2483 γενόμενοι,
1370 2448 1514 2485 τάπίχειρα
1525 2450 1574 2485 τῆς
1587 2450 1675 2477 αὐτῶν
1687 2451 1872 2487 ἀπολήψονται

1078 2492 1193 2523 κακίας·
1210 2493 1250 2519 διο
1271 2494 1339 2528 μετὰ
1360 2494 1447 2521 ταῦτα
1468 2495 1608 2522 λέλεκται·
1631 2496 1873 2531 Κομισάσθωσαν

1080 2538 1261 2572 παραχρῆμα
1286 2540 1438 2574 αῖσχύνην
1461 2541 1561 2568 αὐτῶν
1585 2544 1612 2569 οὶ
1635 2543 1777 2578 λέγοντές
1800 2553 1869 2579 μοι·

1080 2582 1167 2618 Εὖγε,
1193 2582 1272 2618 εὖγε.
1293 2585 1362 2612 Ἀνθ”
1376 2583 1406 2612 οὗ
1432 2588 1446 2613 ὁ
1464 2587 1578 2620 ’Δκύὶας
1601 2590 1790 2625 ἡρμήνευσεν’
1813 2592 1868 2623 Ἀὰ,

1078 2629 1126 2662 ea,
1140 2630 1207 2665 αὐτῇ
1226 2633 1451 2668 συγχρησάμενος
1465 2634 1552 2666 οὕτως
1569 2636 1667 2672 ἐχούσῃ
1682 2637 1715 2671 τῇ
1739 2637 1868 2673 Ἐὄριῖκῇ

1079 2677 1246 2711 φωνῇ.Ἔστι
1263 2677 1291 2703 δὲ
1305 2678 1374 2714 αὕτη
1392 2680 1580 2716 σχετλιαστικὴ
1595 2683 1648 2708 τῶν
1660 2683 1710 2718 ἤδη
1725 2685 1869 2719 νενικημέσ

1076 2730 1129 2748 νων
1146 2722 1192 2748 καὶ
1209 2723 1249 2754 εἰς
1262 2723 1296 2750 τὰ
1309 2725 1396 2752 ὀπίσω
1412 2728 1620 2762 κεχωρηκότων,
1638 2729 1685 2755 καὶ
1700 2730 1749 2764 τὴν
1765 2731 1869 2756 ἑαυτῶν

1075 2767 1205 2803 αἰσχύνην
1230 2769 1428 2806 ἀπειληφότων.
1448 2772 1526 2799 Κατὰ
1547 2773 1574 2799 δὲ
1585 2774 1649 2806 τοὺς
1667 2774 1868 2810 Ἐϐὃομήκοντα

1077 2813 1123 2838 καὶ
1134 2813 1178 2839 τὸν
1189 2814 1334 2850 Σύμμαχον
1349 2817 1472 2851 φήσαντα
1480 2826 1487 2833 ·
1504 2820 1536 2844 οι
1549 2819 1693 2854 λέγοντες
1704 2821 1771 2855 περὶ
1781 2821 1865 2855 ἐμοῦ·

1078 2856 1165 2893 Εὖγε,
1181 2858 1260 2896 εὖγε,
1275 2862 1345 2897 τάχα
1359 2864 1423 2890 ποτὲ
1438 2865 1461 2890 oi
1479 2864 1570 2900 ἐχθροὶ
1587 2866 1634 2893 τοῦ
1646 2865 1752 2894 δικαίου
1767 2867 1866 2899 πολλὰς
