2056 3214
189 186 240 216 361
751 188 954 218 εοιιΜΕΝτΑι

1021 188 1054 216 ιιι
1072 186 1243 217 PSALMOS.
1284 145 1312 184 ψ
1323 146 1344 173 Ο
1750 189 1803 218 362

188 247 334 280 επιϐουλὰς
345 247 514 280 ἐπινοοῦντες
530 248 591 275 κατ’
601 247 697 282 αὐτοῦ,
707 248 749 284 ἐφ’
764 249 867 285 ἑκάστῃ
877 248 1080 286 προσδοκῶντες
1095 247 1331 285 περιγενήσεσθαι,
1347 248 1448 284 ἔλεγον.
1457 246 1546 284 Εὖγε,
1557 246 1636 285 εὖτε.
1646 250 1725 278 ’Δλλὰ
1739 250 1804 277 πολ-

186 294 265 326 λάκις
274 294 363 327 τοῦτο,
371 294 463 330 φησὶν.
472 295 668 331 εὶρηκότες,διὰ
675 295 724 331 τὴν
734 295 782 332 σὴν
797 297 875 333 χάριν
885 294 1147 324 ἀπαλλαττέσθωσαν
1156 294 1206 330 ἠδη
1216 294 1290 325 me.
1299 294 1348 329 τὴν
1359 293 1461 322 ἑαυτῶν
1474 296 1650 331 κομισάμενοι
1662 296 1803 332 αἰσχύνην.

251 342 306 369 Eli
325 342 369 368 T0
388 341 658 374 ΤΕΛΟΣ,ΨΑΛΜοΣ
676 342 719 369 TD
738 342 837 369 ΔΑΥΙΔ
855 342 900 370 Μ’.

218 387 371 423 Μακάριος
383 389 400 415 ὁ
409 388 524 416 συνιὼν
537 388 585 416 ἐπὶ
595 388 714 424 πτωχὸν
726 388 776 416 καὶ
790 389 918 424 πένητα·
933 390 969 417 ἐν

183 434 279 469 ἡμέρᾳ
301 433 416 468 πονηρᾷ
434 435 559 468 ῥύσεται
577 435 669 461 αὑτὸν
683 436 699 461 d
720 435 834 469 Κύριος.
861 437 968 470 Κύριος

184 479 367 515 διαφυλάξαι
380 480 472 507 αὐτὸν
488 480 537 507 καὶ
555 479 665 511 ζωὼσαι
682 481 786 513 αὐτὸν,
807 482 856 508 καὶ
875 491 967 516 μακα-

179 526 264 560 ρίσαι
277 525 370 552 αὑτὸν
383 526 418 552 ἐν
434 526 470 560 τῇ
484 525 532 561 τῇ,
547 526 596 553 καὶ
610 525 653 561 μὴ
666 526 787 560 παραδῷ
811 527 905 554 αὐτὸν
924 529 968 560 εις

183 571 288 606 ψυχὴν
297 570 410 606 ἐχθρῶν
421 571 524 599 αὑτοῦ.
535 573 640 606 Κύριος
647 572 799 606 βοηθήσοι
821 573 900 606 αὐτῷ
917 573 967 599 ἐπὶ

181 617 290 649 κλίνης
313 617 423 651 ὀδύνης
442 617 544 649 αὑτοῦ,
571 618 647 651 ὅλην
667 618 723 652 τὴν
744 618 848 653 κοίτην
873 619 966 646 αὑτοῦ

181 663 329 697 ἕστρεψας
344 663 379 689 ἐν
393 662 429 698 τῇ
450 664 597 698 ἀρρωστίᾳ
617 664 720 691 αὑτοῦ.
744 664 849 700 Προιὼν
875 665 938 701 ἑξῆς
951 667 965 692 ὸ

180 708 258 743 λόγος
274 708 398 745 ἐπιφέρει
410 717 416 723 ·
434 709 488 736 Καὶ
500 709 554 744 γὰρ
568 711 583 736 ὀ
605 709 759 744 ἄνθρωπος
774 710 827 744 τῆς
844 712 965 746 εἰρήνης

177 761 248 787 μου,
267 752 313 787 ἐφ’
329 753 365 779 ὃν
379 752 503 787 ἤλπισα,
523 755 539 780 ὁ
555 753 664 780 ἐσθίων
681 753 790 788 ἄρτους
806 764 882 790 μου,
898 757 963 791 ἐμεο

179 798 312 834 πάλυνεν
324 799 371 825 ἐπ’
386 799 438 834 ἐμὲ
451 800 640 834 πτερνισμόν.
657 800 749 828 Ταῦτα
764 801 791 827 δὲ
811 802 964 838 ἀναγέγρα-

179 853 244 871 πται
260 845 275 871 ό
293 845 388 881 Σωτὴρ
413 846 459 873 καὶ
473 846 573 881 Κύριος
587 847 665 882 ἡμῶν
681 848 709 873 ὲν
723 848 761 883 τῷ
775 849 845 876 κατὰ
875 849 963 876 Ἰωάν-

179 899 227 927 νην
240 891 398 927 Εὗαγγελίῳ
413 892 450 924 ὡς
467 891 496 924 ἐξ
507 892 605 919 οἰκείου
630 893 775 928 προσώπου
799 895 917 931 εἰρηκὼς
934 897 962 922 ὲν

178 938 210 973 τῇ
232 937 300 973 πρὸς
326 939 388 970 τοὺς
417 938 538 974 μαθητὰς
569 941 677 976 ὁμιλίᾳ·
705 941 737 967 δι’
763 938 802 980 ὧν
825 942 959 976 ἔφασκεν⁸

184 983 282 1018 Ἀμὴν,
293 983 384 1019 ἀμὴν,
395 985 472 1020 λέγω
486 986 555 1020 ὑμῖν
564 994 570 1001 ·
590 988 649 1014 Οὐκ
663 988 727 1014 ἐστι
740 987 851 1020 δοῦλος
855 988 961 1023 μείζων

1182 340 1208 367 Ι.
1227 338 1261 366 ΙΝ
1275 338 1389 372 FINEM,
1400 338 1561 367 PSALMUS
1581 340 1636 368 XL.

1059 385 1143 415 Vens.
1153 386 1215 415 2-4.
1226 386 1325 414 Beatus
1339 387 1386 422 qui
1400 386 1523 423 intelligit
1547 396 1625 423 super
1651 397 1761 425 egenum
1779 396 1802 417 et

1021 441 1162 468 pauperem
1180 434 1227 460 :in
1242 432 1284 460 die
1295 432 1368 460 mala
1383 433 1505 461 liberabit
1521 442 1578 460 eum
1592 434 1732 464 Dominus.
1746 435 1803 463 Do-

1021 479 1109 506 minus
1124 485 1258 507 conseruet
1272 488 1332 507 eum
1345 485 1371 507 et
1388 481 1498 516 viviﬁcet
1520 491 1589 515 eum,
1605 488 1629 509 et
1642 484 1745 510 beatum
1762 485 1804 518 fa-

1020 526 1073 552 ciat
1084 533 1144 552 eum
1161 525 1187 552 in
1197 529 1277 555 terra,
1293 528 1318 552 el
1333 533 1385 552 non
1405 525 1494 552 tradat
1506 534 1565 553 cum
1578 527 1605 553 in
1618 528 1734 554 animam
1750 529 1802 555 ini-

1020 571 1148 598 micorum
1167 572 1234 606 ejus.
1255 570 1382 599 Dominus
1396 579 1470 606 opem
1482 572 1551 606 ferat
1573 572 1613 599 illi
1623 581 1699 607 super
1709 574 1803 602 lectum

1019 615 1118 643 doloris
1133 616 1198 650 ejus,
1214 617 1363 643 universum
1372 622 1486 644 stratum
1501 618 1558 652 ejus
1571 619 1681 646 uersain
1690 620 1716 646 in
1729 620 1804 654 inﬁr-

1019 662 1110 689 mitate
1129 670 1197 696 ejus.
1213 661 1270 690 Sub
1284 662 1342 690 haec
1369 667 1457 690 autem
1484 663 1521 690 ita
1545 671 1634 691 sermo
1661 666 1802 700 procedit:

1019 707 1208 735 Etenimhomo
1219 708 1293 742 pacis
1306 716 1381 742 mete,
1398 708 1426 735 in
1452 717 1502 744 quo
1526 710 1638 743 sperari,
1651 711 1695 746 qui
1712 710 1803 739 edebat

1016 761 1096 787 panes
1108 762 1189 786 meos,
1202 755 1380 790 magni/icavit
1401 763 1479 789 super
1498 763 1538 782 me
1551 756 1802 791 supplantationem.

1017 799 1081 827 Haec
1099 808 1180 835 porro
1202 800 1305 829 dixisse
1330 801 1459 829 scribitur
1480 801 1604 829 Salvator
1620 807 1647 830 et
1671 803 1803 833 Dominus

1017 851 1110 873 noster
1128 847 1155 873 in
1172 846 1320 882 Evangelia
1349 847 1500 875 secundum
1515 847 1659 882 Joannem,
1676 851 1754 884 quasi
1768 859 1801 879 ex

1016 894 1125 929 propria
1154 901 1270 929 persona
1300 895 1340 922 sic
1370 895 1521 930 discipulos
1543 895 1797 929 allocutuszAmen,

1015 931 1100 972 amen,
1128 939 1186 967 dico
1206 940 1300 967 vobis:
1320 939 1382 967 Non
1404 945 1442 967 est
1467 949 1556 969 servus
1584 942 1672 977 major
1693 943 1800 971 domino

1014 994 1071 1017 suo,
1088 995 1168 1022 neque
1180 987 1315 1021 apostolus
1331 987 1417 1022 major
1430 993 1509 1014 esteo
1519 988 1564 1022 qui
1581 989 1653 1016 misit
1667 989 1753 1017 illum.
1770 990 1801 1017 Si

176 1028 230 1056 τοῦ
251 1030 357 1064 κυρίου
375 1031 478 1063 αὑτοῦ,
499 1032 570 1059 οὐδὲ
588 1033 760 1067 ἀπόστολος
778 1034 884 1068 μείζων
908 1034 954 1061 τοί

1011 1032 1066 1059 lucc
1078 1034 1161 1064 scitis,
1183 1033 1252 1060 beati
1270 1034 1346 1060 eritis
1371 1042 1430 1060 cum
1439 1034 1552 1068 feceritis
1565 1043 1605 1063 ea.
1623 1034 1686 1062 Non
1700 1035 1732 1062 de
1747 1044 1803 1063 om-

176 1073 349 1109 πέμψαντος
359 1077 460 1103 αὐτόν.
471 1078 506 1103 Ei
518 1078 611 1105 ταῦτα
624 1079 732 1112 οἴδατε,
742 1079 882 1114 μακάριοί
891 1080 960 1108 ἐστε

175 1119 248 1147 ὅταν
259 1121 367 1148 ποιεῖτε
380 1122 418 1158 (l)
443 1122 528 1150 αὐτά.
553 1125 594 1150 Οὐ
610 1125 677 1158 περὶ
696 1124 816 1152 πάντων
833 1126 902 1161 ὑμῖν
911 1127 960 1154 λέ-

174 1175 229 1201 τω”
247 1166 303 1202 ἐγὼ
317 1166 383 1195 οἶδα
398 1168 451 1202 οὓς
462 1169 646 1204 ἐξελεξάμην
657 1179 663 1185 ·
678 1171 746 1198 ἀλλ’
762 1172 811 1198 ἵνα
824 1172 843 1206 ὴ
854 1173 959 1207 Γραφὴ

174 1212 331 1246 πληρωθῇ·
350 1213 376 1239 Ὀ
390 1213 507 1249 τρώγων
516 1224 575 1249 μου
592 1215 645 1242 τὸν
666 1216 757 1250 ἄρτον
782 1217 893 1252 ἐπῆρεν
913 1219 959 1246 ἐπ’

173 1257 225 1291 ἐμὲ
235 1256 367 1291 πτέρναν
388 1259 490 1286 αὑτοῦ.
510 1260 592 1296 Ἀλλη
607 1261 634 1287 δὲ
647 1262 740 1297 Γραφὴ
755 1262 834 1289 τοῦτο
849 1264 958 1299 φήσασα

171 1303 221 1339 οὐχ
239 1305 405 1340 εὑρίσκεται,
428 1305 495 1341 μόνη
509 1307 536 1333 δὲ
549 1308 564 1342 ἡ
587 1307 721 1343 παροῦσα,
737 1309 768 1335 δι’
783 1305 816 1345 ἦς
830 1309 936 1344 εἴρηται
949 1318 956 1325 ·

177 1349 204 1376 Ὀ
219 1350 330 1378 ἐσθίων
345 1351 435 1386 ἄρτον
447 1361 507 1387 μου
531 1353 715 1388 ἐμεγάλυνεν
729 1355 775 1381 ἐπ’
799 1356 851 1390 ἐμὲ
870 1362 957 1390 πτερ-

171 1397 289 1431 νισμόν.
311 1398 379 1433 Ὥρα
392 1399 534 1434 τοιγαροῦν
550 1400 589 1431 εἰς
605 1400 635 1426 τὸ
659 1400 740 1427 αὑτοῦ
764 1402 907 1436 πρόσωπον
923 1402 957 1430 τὰ

171 1442 347 1478 ὲμφερόμενα
362 1444 400 1479 τῷ
414 1444 513 1480 ψαλμῷ
526 1446 563 1477 ὡς
579 1446 611 1472 ἂν
625 1447 800 1482 προφητικῶς
825 1449 956 1485 εἰρημένα

171 1487 305 1514 ὲκλαῦεῖν.
323 1488 368 1515 Διὸ
382 1489 428 1516 καὶ
442 1491 485 1523 εἰς
500 1491 532 1516 τὸ
545 1491 633 1524 τέλος
654 1492 852 1528 ἐπιγέγραπται
864 1515 871 1526 ,
888 1495 955 1520 ἀνα-

170 1531 314 1566 πέμποντα
329 1535 403 1569 ἡμᾶς
418 1534 476 1570 ἤτοι
489 1535 534 1561 ἐπὶ
550 1535 599 1570 τὴν
620 1537 774 1564 συντέλειαν
794 1538 840 1565 τοῦ
859 1539 955 1571 αἰῶνος

169 1576 229 1604 καθ’
243 1578 275 1613 ἣν
292 1578 442 1615 ἐπληροῦτο
458 1581 492 1608 τὰ
507 1582 748 1618 ἀναγεγραμμένα,
767 1584 782 1619 ἧ
800 1585 846 1611 ἐπὶ
862 1586 896 1612 τὰ
912 1594 955 1612 τε-

169 1623 281 1652 λευταῖα
298 1626 352 1653 τῶν
367 1626 412 1653 διὰ
423 1627 469 1654 τοῦ
482 1628 590 1665 ψαλμοῦ
604 1630 785 1665 δηλουμένων.
798 1633 829 1659 ΕΞ
848 1633 896 1668 μὲν
908 1631 953 1660 οὖν

169 1669 217 1714 in!
234 1670 281 1697 τοῦ
304 1672 428 1708 Σωτῆρος
449 1675 610 1711 ἀναφέροιτο
628 1677 662 1704 τὰ
676 1679 854 1714 προκείμενα,
867 1680 953 1712 εἴποις

169 1713 204 1741 ἂν
219 1716 467 1752 μακαρίζεσθαιτὺν
476 1720 623 1756 δυνάμενον
637 1713 757 1750 συνιέναι
770 1724 803 1750 δι’
815 1725 847 1759 ἣν
864 1724 952 1751 αἰτίαν

168 1761 295 1798 ἀνείληφε
307 1763 341 1790 δι’
357 1765 373 1800 ἡ
379 1766 432 1800 μᾶς
446 1768 593 1802 πτωχείαν.
606 1769 664 1795 Ἔτι
675 1769 728 1804 γὰρ
741 1771 889 1804 πλούσιος
899 1771 951 1803 ὢν,

167 1806 204 1834 δι’
216 1807 294 1843 ἡμᾶς
309 1809 511 1844 ἐπτώχευσεν,
530 1814 580 1839 ἵνα
593 1814 678 1848 ἡμεῖς
700 1815 737 1850 τῇ
760 1817 852 1843 αὑτοῦ
878 1824 952 1844 πτω-

167 1852 232 1887 χείᾳ
242 1854 474 1890 πλουτήσωμεν·
493 1857 540 1883 Ἐν
547 1859 649 1893 μορφῇ
660 1869 689 1886 τε
713 1861 786 1888 Θεοῦ
808 1862 952 1896 ὑπάρχων

165 1898 314 1926 ἐκένωσεν
324 1900 442 1934 ἑαυτὸν,
454 1904 575 1938 μορφὴν
590 1905 702 1933 δούλου
721 1907 821 1933 λαϐὼν
832 1928 839 1939 ,
858 1908 951 1942 σαφῶς

166 1943 284 1976 ἐδίδαξεν
295 1946 309 1972 ό
322 1945 393 1978 θεῖος
402 1947 569 1981 Ἀπόστολος.
588 1951 642 1976 Καὶ
658 1951 736 1983 ἄλλος
748 1952 769 1978 δ’
785 1953 817 1979 ἄν
834 1962 875 1985 τις
891 1961 951 1979 συν-

166 1989 224 2026 ήσει
243 1991 289 2017 ἐπὶ
304 1992 409 2027 πτωχὸν
426 1993 474 2020 καὶ
489 1994 602 2031 πένητα,
614 1997 720 2023 ἀκούων
732 1998 814 2024 αὑτοῦ
828 1999 950 2033 λέγοντος

166 2038 194 2065 ὲν
206 2038 396 2074 Εὑαγγελίοις·
415 2041 514 2076 Δεῦτε,
528 2043 554 2068 οἱ
565 2043 761 2078 εὐλογημένοι
771 2045 824 2071 τοῦ
836 2045 950 2079 Πατρός

162 2092 232 2117 μου,
275 2087 522 2122 κληρονομήσατε
551 2087 609 2122 τὴν
633 2089 856 2124 ἡτοιμασμένην
880 2090 951 2125 ὑμῖν

160 2129 326 2162 ,Βασιλείαν
350 2133 408 2159 ἀπὸ
433 2133 601 2168 καταϐολῆς
623 2136 748 2169 κόσμου.
787 2137 950 2165 Ἐπείνασα

163 2176 229 2210 τὰρ,
246 2176 436 2205 καὶὲδώκατέ
456 2188 506 2213 μοι
523 2179 643 2214 φαγεῖν·
662 2180 804 2215 ἐδίψησα,
819 2183 868 2209 καὶ
881 2184 949 2211 ἐπο-

162 2222 266 2250 τίσατέ
294 2232 349 2258 με·
383 2224 468 2258 ξένος
484 2225 584 2260 ἥμην,
612 2227 660 2253 καὶ
686 2229 875 2263 συνηγάγετέ
892 2239 947 2264 με·

162 2268 285 2303 τυμνὸς,
304 2270 353 2296 καὶ
368 2271 556 2305 περιεϐάλετέ
567 2281 621 2307 με’
637 2273 797 2307 ἠσθένουν,
812 2276 862 2302 καὶ
878 2276 916 2303 ἐπ
935 2293 947 2297 -

160 2316 343 2351 συνάψασθε
355 2318 390 2344 ἐν
402 2319 524 2353 φυλακῇ
537 2319 627 2354 ἤμην,
639 2320 687 2347 καὶ
699 2320 805 2354 ἤλθετε
817 2324 891 2356 πρὸς
899 2325 948 2358 μέ·

1012 1078 1088 1105 nibus
1098 1079 1168 1106 vobis
1180 1078 1258 1106 dico:
1269 1087 1315 1114 ego
1325 1080 1379 1106 scio
1394 1088 1457 1115 quos
1470 1080 1590 1116 elegerim
1600 1089 1610 1112 ;
1622 1081 1667 1108 sed
1674 1086 1702 1108 ut
1714 1083 1798 1109 adimp

1010 1125 1115 1159 pleatur
1125 1125 1265 1160 Scriptura
1279 1133 1288 1152 :
1306 1125 1359 1158 Qui
1375 1126 1517 1153 manducat
1545 1135 1631 1154 meum
1642 1135 1747 1160 panem,
1761 1128 1798 1155 le-

1011 1172 1079 1197 vavit
1090 1175 1182 1197 contra
1196 1178 1236 1197 me
1251 1171 1403 1197 calcaueum
1415 1180 1492 1198 suum
1506 1171 1539 1198 ³⁸.
1556 1171 1636 1199 Nulla
1648 1180 1728 1208 porro
1745 1174 1798 1201 alia

1011 1215 1151 1252 Scriptura
1167 1224 1228 1252 qua:
1252 1216 1305 1244 hoc
1333 1217 1408 1244 dicat
1433 1219 1581 1252 reperitur,
1608 1223 1707 1254 pra-ter
1728 1219 1798 1247 hanc

1009 1270 1092 1289 unam
1101 1270 1153 1299 qua
1163 1262 1267 1290 dictum
1278 1267 1331 1296 est,
1346 1264 1392 1298 qui
1404 1263 1497 1290 edebat
1518 1272 1612 1299 panem
1631 1274 1727 1299 meum,-
1742 1275 1798 1294 ma-

1008 1309 1142 1343 gniﬁcavit
1166 1317 1243 1343 super
1255 1318 1295 1337 me
1316 1310 1566 1344 supplantationem.
1590 1311 1644 1339 Par
1658 1317 1700 1340 est
1716 1312 1798 1347 igitur

1009 1354 1043 1382 ad
1060 1354 1120 1390 ejus
1133 1362 1289 1390 personam.
1307 1363 1368 1391 quae
1381 1356 1408 1383 in
1423 1357 1476 1384 hoc
1491 1358 1597 1393 psalmo
1611 1357 1746 1390 feruntur,
1768 1362 1798 1386 ut

1008 1401 1166 1436 prophetice
1195 1401 1269 1429 dicta
1298 1402 1431 1438 accipere.
1457 1402 1640 1436 Quamobrem
1667 1404 1694 1431 in
1718 1405 1798 1439 ﬁnem

1007 1447 1177 1479 inscribitur,
1187 1447 1260 1482 quod
1281 1447 1337 1475 haec
1352 1456 1403 1476 nos
1418 1450 1560 1476 remittant
1572 1450 1606 1478 ad
1621 1458 1798 1478 consumma-

1007 1496 1108 1524 tionem
1127 1497 1230 1529 steculi,
1248 1504 1303 1532 quo
1325 1500 1447 1532 tempore
1470 1506 1501 1525 ca
1528 1506 1588 1533 qua
1604 1499 1706 1534 scripta
1731 1503 1794 1527 sunt

1007 1541 1207 1577 implebunturj;
1225 1542 1282 1570 sive
1297 1543 1377 1570 etiam
1393 1543 1426 1570 ad
1447 1547 1584 1579 postrema
1600 1544 1697 1579 psalmi
1712 1544 1795 1573 dicta.

1006 1588 1084 1621 Quod
1099 1588 1121 1616 si
1138 1588 1196 1615 baac
1210 1589 1243 1615 ad
1258 1588 1425 1616 Salvatorem
1440 1590 1603 1624 referantur,
1617 1590 1679 1626 jure
1694 1590 1796 1619 dixeris

1006 1636 1114 1663 beatum
1132 1636 1275 1671 prmdicari
1289 1644 1363 1669 eum,
1378 1637 1424 1672 qui
1434 1637 1585 1673 intelligere
1602 1638 1689 1673 possit
1697 1646 1750 1674 qua
1761 1638 1795 1666 de

1005 1689 1089 1710 causa
1111 1686 1222 1717 propter
1242 1691 1292 1710 nos
1308 1688 1457 1719 egestatem
1490 1686 1651 1720 susceperit.
1670 1685 1794 1721 Insuper,

1004 1735 1063 1754 cum
1088 1733 1154 1755 esset
1181 1728 1263 1761 dives,
1279 1735 1385 1764 propter
1407 1739 1454 1757 nos
1469 1739 1563 1766 egenus
1575 1732 1661 1766 factus
1690 1737 1737 1765 est,
1765 1738 1795 1760 ut

1003 1782 1049 1800 nos
1064 1774 1121 1809 ejus
1137 1775 1227 1810 inopia
1239 1775 1330 1802 divites
1345 1784 1459 1804 essemus
1469 1778 1503 1809 '7;
1516 1781 1543 1804 et
1562 1787 1568 1804 :
1586 1777 1653 1804 Cum
1667 1778 1694 1805 in
1707 1779 1793 1813 forma

1002 1819 1051 1846 Dei
1063 1825 1141 1853 esset,
1166 1821 1334 1855 semetipsum
1361 1822 1506 1850 exinanivit
1527 1823 1614 1857 forma
1634 1825 1701 1851 serui
1719 1833 1793 1852 accc--

1001 1871 1047 1899 pta
1063 1866 1095 1899 ¹⁸,
1109 1871 1138 1894 ιιι
1149 1867 1222 1894 clare
1236 1875 1287 1894 nos
1309 1867 1403 1895 docuit
1429 1869 1540 1896 divinus
1557 1869 1714 1904 Apostolus.
1731 1871 1792 1899 Alio
1833 1866 1838 1870 ’

1002 1920 1111 1948 quoque
1126 1914 1206 1942 modo
1222 1915 1284 1950 quis
1312 1916 1463 1950 intelligere
1482 1916 1568 1950 possit
1584 1924 1666 1951 super
1675 1924 1791 1952 egenum

1001 1962 1027 1986 et
1039 1966 1194 1993 pauperem.
1209 1961 1323 1987 audiens
1335 1961 1474 1988 Christum
1492 1962 1519 1988 in
1533 1961 1686 1996 Erangeliis
1698 1962 1791 1990 dicen-

1001 2007 1053 2031 tem
1070 2013 1076 2030 :
1098 2004 1197 2037 Venite,
1217 2005 1346 2032 benedicti
1364 2005 1456 2033 Patris
1481 2007 1543 2039 mei,
1566 2006 1696 2041 possidete
1709 2015 1791 2042 para-

1002 2053 1056 2075 tum
1082 2049 1153 2076 vobis
1182 2058 1289 2085 regnum
1311 2060 1327 2077 a
1352 2052 1537 2078 constitutione
1558 2051 1660 2079 mundi.
1685 2052 1791 2080 Esuriui

1000 2096 1080 2128 enim,
1094 2101 1118 2123 et
1128 2096 1238 2124 dedistis
1255 2097 1320 2124 mihi
1336 2097 1514 2128 manducare;
1532 2098 1613 2130 sitivi,
1641 2103 1665 2124 et
1678 2098 1789 2125 dedistis

1001 2142 1065 2169 milii
1087 2142 1190 2174 bibere;
1206 2143 1299 2177 hospes
1317 2151 1401 2175 eram,
1417 2147 1441 2169 et
1457 2143 1598 2178 collegistis
1618 2151 1659 2169 me
1671 2150 1679 2174 ,'
1690 2143 1786 2174 nudus,

999 2194 1023 2215 et
1047 2190 1219 2223 cooperuistis
1245 2198 1301 2221 me;
1323 2190 1459 2224 infirmus,
1481 2193 1504 2216 et
1525 2190 1651 2217 uisitaslis
1676 2198 1736 2221 me;
1761 2190 1788 2216 in

999 2243 1103 2261 carcere
1117 2243 1202 2266 eram,
1228 2241 1253 2262 et
1267 2236 1372 2263 venistis
1389 2235 1423 2262 ad
1440 2236 1526 2270 me“;
1554 2237 1654 2271 quibus
1671 2236 1787 2270 subjun-

999 2281 1038 2316 git
1054 2290 1059 2307 :
1080 2281 1214 2313 Quantum
1228 2282 1328 2316 fecistis
1346 2283 1391 2309 uni
1415 2290 1448 2309 ea:
1464 2282 1504 2309 his
1520 2282 1648 2317 fratribus
1661 2282 1724 2308 meis
1741 2282 1787 2308 mi-

1000 2327 1091 2360 nimis,
1109 2328 1173 2355 mihi
1203 2328 1303 2362 fecistis
1319 2329 1353 2356 ²⁰.
1380 2329 1470 2364 Atque
1489 2329 1525 2356 ita
1554 2336 1616 2356 vere
1634 2329 1729 2355 beatus
1743 2331 1787 2355 est

160 2361 201 2395 οἷς
211 2363 342 2398 ιὶπιλέγιει⁸
367 2364 425 2399 Ἐφ’
445 2365 520 2391 ὅσον
529 2366 690 2399 ἐποιήσατε
703 2367 748 2394 ἑνὶ
760 2367 818 2395 τῶν
835 2370 948 2397 τούτων

1006 2372 1045 2406 ιιιί
1064 2372 1188 2408 intelligit
1203 2361 1295 2408 super
1311 2361 1466 2409 egenum'et
1480 2381 1625 2408 pauperem
1650 2373 1689 2400 sic
1707 2380 1786 2400 acce-

161 2408 221 2436 τῶν
231 2409 401 2444 ἐλαχίστων
407 2410 467 2436 τῶν
476 2411 616 2445 ἀδελφῶν
620 2421 690 2446 μου,
699 2413 763 2446 ἐμοὶ
775 2414 945 2448 ἐποιήσατε.

160 2456 214 2482 Καὶ
228 2455 314 2488 οὕτως
328 2455 374 2483 οὗν
403 2458 536 2493 μακάριος
549 2458 656 2494 ἀληθῶς
678 2461 692 2486 ὁ
721 2460 820 2488 συνιὼν
842 2462 888 2488 ἐπὶ
901 2462 947 2488 τὸν

158 2501 244 2534 οὕτως
258 2503 422 2531 ἀποδοθέντα
437 2505 543 2539 πτωχὸν
565 2505 611 2532 καὶ
625 2506 738 2541 πένητα.
756 2507 787 2533 Ει
801 2506 829 2533 δὲ
839 2508 884 2534 καὶ
901 2510 946 2535 ἐπὶ

157 2547 203 2575 τὸν
217 2549 298 2576 Δαυῖδ
315 2550 477 2586 ἀναφέροιτο
493 2552 526 2578 τὰ
543 2552 701 2588 λελεγμένα,
726 2553 811 2585 εἴποις
834 2554 867 2580 ἂν
882 2555 947 2581 ἁκο-

157 2592 260 2626 λούθως
275 2595 313 2631 τῷ
327 2596 380 2632 πρὸ
388 2597 482 2624 τούτου
497 2598 597 2634 ψαλμῷ
611 2598 696 2626 ταῦτα
710 2600 854 2635 συνῆφθαι.
870 2601 946 2627 Ἐπεὶ

157 2639 212 2675 γὰρ
228 2641 297 2676 πρὸς
311 2644 367 2674 τοῖς
382 2643 547 2676 τελευταίοις
561 2645 607 2672 τοῦ
624 2645 662 2672 λθ¹
676 2645 784 2680 ἐλέγετο
810 2648 841 2673 ἐκ
857 2656 941 2682 προσ-

157 2686 232 2714 ώπου
244 2688 291 2715 τοῦ
303 2690 384 2717 Δαυῖδ
395 2699 402 2705 ·
423 2690 496 2725 Ἐγὼ
513 2691 547 2718 δὲ
559 2691 650 2726 πένης
667 2693 724 2727 εἰμὶ
747 2694 795 2720 καὶ
809 2695 940 2729 πτωχός·

156 2731 242 2759 ταῦτα
257 2733 279 2759 δ’
296 2734 387 2769 ἔλεγεν
405 2735 420 2761 ὁ
438 2736 564 2768 τοσοῦτος
575 2736 699 2772 βασιλεὺς
713 2759 720 2771 ,
740 2740 754 2765 ο
777 2738 824 2765 τὸν
841 2739 942 2774 ἄφατον

155 2777 271 2806 πλοῦτον
291 2782 464 2817 συναγηοχὼς
488 2783 527 2815 εἰς
550 2783 600 2819 τὴν
619 2785 794 2821 παρασκευὴν
810 2785 856 2812 τοῦ
876 2786 942 2821 μετὰ

154 2824 244 2852 ταῦτα
260 2827 443 2863 ὲγηγερμένου
457 2828 501 2855 διὰ
518 2829 673 2865 Σολομῶνος
693 2830 764 2863 ναοῦ,
787 2833 942 2868 σμικρύνων

999 2422 1085 2451 ptum.
1104 2417 1181 2450 Quod
1199 2418 1220 2444 si
1238 2418 1270 2445 ad
1287 2417 1414 2444 Davidem
1436 2426 1518 2452 supra
1531 2418 1604 2444 dicta
1620 2417 1782 2450 refcrantur,

998 2463 1074 2490 dicas
1086 2463 1142 2490 lucc
1154 2464 1278 2498 apposite
1289 2463 1449 2499 prmecdenti
1466 2464 1570 2498 psalmo
1580 2464 1700 2491 subnexa
1711 2472 1782 2496 esse.

999 2509 1134 2543 siquidem
1148 2509 1198 2536 sub
1211 2509 1289 2536 tinem
1302 2509 1397 2544 psalmi
1414 2518 1507 2541 χχχιιι,
1525 2517 1558 2536 ex
1574 2517 1690 2544 persona
1702 2510 1782 2537 Davi-

997 2554 1040 2582 dis
1051 2555 1259 2589 dicebatur,cgo
1275 2560 1361 2582 autent
1385 2554 1519 2582 mendicus
1544 2563 1602 2581 sum
1626 2560 1652 2582 et
1672 2564 1781 2591 pauper.

998 2600 1060 2627 Haec
1074 2608 1156 2636 porro
1177 2605 1269 2628 tantus
1291 2609 1338 2629 rex
1354 2601 1472 2633 dicebat,
1501 2601 1548 2637 qui
1576 2602 1781 2630 inmstimabiles

994 2647 1104 2674 divitias
1117 2647 1150 2674 ad
1163 2652 1325 2683 apparatum
1347 2648 1450 2682 templi,
1464 2648 1515 2675 sub
1535 2648 1592 2676 haec
1602 2656 1618 2675 a
1635 2648 1780 2677 Salomone

994 2694 1101 2727 structi,
1117 2695 1281 2730 collegerat;
1300 2695 1346 2730 qui
1373 2703 1432 2722 sese
1455 2703 1568 2730 parvum
1593 2700 1620 2723 et
1636 2696 1777 2728 humilem,

994 2740 1182 2776 moderatique
1200 2741 1295 2772 animi.
1309 2748 1340 2767 ac
1358 2740 1456 2768 aﬂ‘ectu
1481 2749 1543 2769 vere
1569 2749 1715 2777 pauperem
1731 2750 1779 2769 ex-
1817 2763 1823 2777 ι

994 2786 1114 2814 bibebat.
1126 2787 1188 2814 Ideo
1200 2787 1361 2821 subjunctus
1377 2791 1418 2815 est
1435 2796 1554 2823 praesens
1567 2791 1697 2824 psalmus,
1712 2788 1778 2816 bea-

995 2837 1052 2860 tum
1067 2834 1218 2868 praedicans
1230 2842 1293 2861 eum
1309 2835 1355 2869 qui
1367 2843 1449 2870 super
1460 2835 1614 2872 hujusmodi
1632 2843 1777 2871 pauperem

192 2873 215 2888 ¹⁶
233 2873 310 2902 Joan.
329 2884 390 2907 xnt,
408 2876 450 2904 l6.
490 2878 511 2892 ¹⁷
531 2876 552 2903 ll
570 2877 631 2904 Cor.
647 2886 711 2908 VIII.
730 2879 756 2905 9.
797 2880 818 2895 ’⁸
839 2879 954 2916 Philipp.

1006 2902 1010 2913 ,
1033 2882 1057 2908 7.
1098 2882 1118 2897 ’³
1136 2881 1231 2910 Matth.
1251 2891 1314 2914 xxv,
1331 2883 1375 2914 54,
1394 2883 1437 2910 55.
1478 2883 1500 2899 ³⁸
1521 2883 1585 2910 ibid.
1602 2883 1646 2910 40.

191 2919 333 2954 (1)Ὂταν
353 2923 472 2950 ποιεῖτε.
492 2924 572 2960 Vulg.
596 2925 644 2952 ἐὰν
661 2924 774 2962 «milia;
800 2932 826 2955 et
844 2935 908 2961 mox
927 2936 954 2963 pr

1006 2938 1058 2956 LO‘J.
1070 2928 1146 2963 Vulg.
1159 2931 1218 2964 μετ’
1244 2930 1322 2964 ἐμοῦ,
1339 2934 1368 2957 ιιι
1392 2935 1418 2957 et
1434 2930 1568 2965 interpres
1587 2930 1678 2957 vertit.
1695 2929 1773 2955 Eorr.

315 2969 450 3010 Rt'raot.
467 2970 525 3002 Gn.
543 2972 658 3004 XXIII.

1602 2975 1639 3004 12
