  <div class='ocr_page' id='page_1' title='image "/cluster/home/n/w/nwhite01/storage/ocr_20150623/23/njp.32101077772505/189.png"; bbox 0 0 2056 3214; ppageno 0'>
   <div class='ocr_carea' id='block_1_1' title="bbox 264 175 318 203">
    <p class='ocr_par' dir='ltr' id='par_1_1' title="bbox 264 175 318 203">
     <span class='ocr_line' id='line_1_1' title="bbox 264 175 318 203; baseline 0 0"><span class='ocrx_word' id='word_1_1' title='bbox 264 175 318 203; x_wconf 77' lang='lat'><strong>565</strong></span> 
     </span>
    </p>
   </div>
   <div class='ocr_carea' id='block_1_2' title="bbox 615 168 1532 199">
    <p class='ocr_par' dir='ltr' id='par_1_2' title="bbox 615 168 1532 199">
     <span class='ocr_line' id='line_1_2' title="bbox 615 168 1532 199; baseline -0.004 0"><span class='ocrx_word' id='word_1_2' title='bbox 615 171 749 199; x_wconf 86' lang='lat' dir='ltr'><strong>EUSEBII</strong></span> <span class='ocrx_word' id='word_1_3' title='bbox 768 170 1007 199; x_wconf 68' lang='lat' dir='ltr'><strong>CESABIENSIS</strong></span> <span class='ocrx_word' id='word_1_4' title='bbox 1023 170 1097 199; x_wconf 84' lang='lat' dir='ltr'><strong>OPP.</strong></span> <span class='ocrx_word' id='word_1_5' title='bbox 1118 170 1207 198; x_wconf 76' lang='lat' dir='ltr'><strong>PARS</strong></span> <span class='ocrx_word' id='word_1_6' title='bbox 1223 169 1265 198; x_wconf 80' lang='grc' dir='ltr'><strong>ΙΙΙ.</strong></span> <span class='ocrx_word' id='word_1_7' title='bbox 1279 185 1315 190; x_wconf 88' lang='grc'><strong>-</strong></span> <span class='ocrx_word' id='word_1_8' title='bbox 1330 168 1532 197; x_wconf 74' lang='lat' dir='ltr'><strong>EXEGETICA.</strong></span> 
     </span>
    </p>
   </div>
   <div class='ocr_carea' id='block_1_3' title="bbox 1828 166 1879 193">
    <p class='ocr_par' dir='ltr' id='par_1_3' title="bbox 1828 166 1879 193">
     <span class='ocr_line' id='line_1_3' title="bbox 1828 166 1879 193; baseline -0.02 0"><span class='ocrx_word' id='word_1_9' title='bbox 1828 166 1879 193; x_wconf 61' lang='lat'><strong>56-1</strong></span> 
     </span>
    </p>
   </div>
   <div class='ocr_carea' id='block_1_4' title="bbox 264 225 1043 270">
    <p class='ocr_par' dir='ltr' id='par_1_4' title="bbox 264 232 1043 270">
     <span class='ocr_line' id='line_1_4' title="bbox 264 232 1043 270; baseline -0.005 -7"><span class='ocrx_word' id='word_1_10' title='bbox 264 234 402 270; x_wconf 74' lang='lat' dir='ltr'><strong>intelligit.</strong></span> <span class='ocrx_word' id='word_1_11' title='bbox 417 233 588 270; x_wconf 70' lang='lat' dir='ltr'><strong>lllud‘porro,</strong></span> <span class='ocrx_word' id='word_1_12' title='bbox 601 239 754 268; x_wconf 64' lang='lat' dir='ltr'><strong>pauperem,</strong></span> <span class='ocrx_word' id='word_1_13' title='bbox 769 240 857 269; x_wconf 82' lang='lat' dir='ltr'><strong>neque</strong></span> <span class='ocrx_word' id='word_1_14' title='bbox 872 233 900 260; x_wconf 91' lang='lat' dir='ltr'><strong>in</strong></span> <span class='ocrx_word' id='word_1_15' title='bbox 914 232 1043 260; x_wconf 78' lang='lat' dir='ltr'><strong>Iiebraica</strong></span> 
     </span>
    </p>
   </div>
   <div class='ocr_carea' id='block_1_5' title="bbox 1094 225 1879 270">
    <p class='ocr_par' dir='ltr' id='par_1_5' title="bbox 1099 225 1879 265">
     <span class='ocr_line' id='line_1_5' title="bbox 1099 225 1879 265; baseline -0.009 -6"><span class='ocrx_word' id='word_1_16' title='bbox 1099 232 1194 259; x_wconf 78' lang='grc' dir='ltr'>ἑαυτὸν</span> <span class='ocrx_word' id='word_1_17' title='bbox 1208 232 1254 258; x_wconf 79' lang='grc' dir='ltr'>καὶ</span> <span class='ocrx_word' id='word_1_18' title='bbox 1265 230 1460 262; x_wconf 76' lang='grc' dir='ltr'>ταπεινῶν,χαὶ</span> <span class='ocrx_word' id='word_1_19' title='bbox 1476 231 1507 265; x_wconf 82' lang='grc' dir='ltr'>τῇ</span> <span class='ocrx_word' id='word_1_20' title='bbox 1524 229 1595 264; x_wconf 70' lang='grc' dir='ltr'>ψυχῇ</span> <span class='ocrx_word' id='word_1_21' title='bbox 1614 225 1822 263; x_wconf 82' lang='grc' dir='ltr'>μετριοφρονῶν,</span> <span class='ocrx_word' id='word_1_22' title='bbox 1834 227 1879 252; x_wconf 72' lang='grc' dir='ltr'><strong>καὶ</strong></span> 
     </span>
    </p>
   </div>
   <div class='ocr_carea' id='block_1_6' title="bbox 263 279 1046 316">
    <p class='ocr_par' dir='ltr' id='par_1_6' title="bbox 263 279 1046 316">
     <span class='ocr_line' id='line_1_6' title="bbox 263 279 1046 316; baseline -0.004 -7"><span class='ocrx_word' id='word_1_23' title='bbox 263 281 423 316; x_wconf 75' lang='lat' dir='ltr'><strong>exemplari,</strong></span> <span class='ocrx_word' id='word_1_24' title='bbox 435 288 523 316; x_wconf 88' lang='lat' dir='ltr'><strong>neque</strong></span> <span class='ocrx_word' id='word_1_25' title='bbox 539 280 611 315; x_wconf 85' lang='lat' dir='ltr'><strong>apud</strong></span> <span class='ocrx_word' id='word_1_26' title='bbox 636 279 756 314; x_wconf 89' lang='lat' dir='ltr'><strong>reliquos</strong></span> <span class='ocrx_word' id='word_1_27' title='bbox 778 279 942 314; x_wconf 77' lang='lat' dir='ltr'><strong>interpretes</strong></span> <span class='ocrx_word' id='word_1_28' title='bbox 951 279 1046 306; x_wconf 83' lang='lat' dir='ltr'><strong>fertur.</strong></span> 
     </span>
    </p>
   </div>
   <div class='ocr_carea' id='block_1_7' title="bbox 265 324 1048 361">
    <p class='ocr_par' dir='ltr' id='par_1_7' title="bbox 265 324 1048 361">
     <span class='ocr_line' id='line_1_7' title="bbox 265 324 1048 361; baseline -0.004 -7"><span class='ocrx_word' id='word_1_29' title='bbox 265 326 420 354; x_wconf 85' lang='lat' dir='ltr'><strong>Secundum</strong></span> <span class='ocrx_word' id='word_1_30' title='bbox 441 329 571 361; x_wconf 90' lang='lat' dir='ltr'><strong>quartum</strong></span> <span class='ocrx_word' id='word_1_31' title='bbox 595 333 706 352; x_wconf 80' lang='lat' dir='ltr'><strong>sensum</strong></span> <span class='ocrx_word' id='word_1_32' title='bbox 717 324 771 351; x_wconf 90' lang='lat' dir='ltr'><strong>dici</strong></span> <span class='ocrx_word' id='word_1_33' title='bbox 787 325 884 359; x_wconf 86' lang='lat' dir='ltr'><strong>possit,</strong></span> <span class='ocrx_word' id='word_1_34' title='bbox 894 331 1048 352; x_wconf 87' lang='lat' dir='ltr'><strong>sermonem</strong></span> 
     </span>
    </p>
   </div>
   <div class='ocr_carea' id='block_1_8' title="bbox 262 369 1049 406">
    <p class='ocr_par' dir='ltr' id='par_1_8' title="bbox 262 369 1049 406">
     <span class='ocr_line' id='line_1_8' title="bbox 262 369 1049 406; baseline -0.004 -7"><span class='ocrx_word' id='word_1_35' title='bbox 262 379 324 399; x_wconf 87' lang='lat' dir='ltr'><strong>esse</strong></span> <span class='ocrx_word' id='word_1_36' title='bbox 347 371 544 399; x_wconf 78' lang='lat' dir='ltr'><strong>sententiosum</strong></span> <span class='ocrx_word' id='word_1_37' title='bbox 571 374 605 399; x_wconf 76' lang='grc' dir='ltr'>ει,</span> <span class='ocrx_word' id='word_1_38' title='bbox 616 370 664 406; x_wconf 89' lang='lat' dir='ltr'><strong>qui</strong></span> <span class='ocrx_word' id='word_1_39' title='bbox 677 370 711 397; x_wconf 86' lang='lat' dir='ltr'><strong>ad</strong></span> <span class='ocrx_word' id='word_1_40' title='bbox 731 369 925 405; x_wconf 79' lang='lat' dir='ltr'><strong>benignitatem</strong></span> <span class='ocrx_word' id='word_1_41' title='bbox 943 374 970 397; x_wconf 89' lang='lat' dir='ltr'><strong>et</strong></span> <span class='ocrx_word' id='word_1_42' title='bbox 981 377 1049 404; x_wconf 73' lang='lat' dir='ltr'><strong>pau-</strong></span> 
     </span>
    </p>
   </div>
   <div class='ocr_carea' id='block_1_9' title="bbox 263 416 1048 453">
    <p class='ocr_par' dir='ltr' id='par_1_9' title="bbox 263 416 1048 453">
     <span class='ocr_line' id='line_1_9' title="bbox 263 416 1048 453; baseline -0.001 -9"><span class='ocrx_word' id='word_1_43' title='bbox 263 426 357 453; x_wconf 79' lang='lat' dir='ltr'><strong>perum</strong></span> <span class='ocrx_word' id='word_1_44' title='bbox 370 425 490 445; x_wconf 88' lang='lat' dir='ltr'><strong>amorem</strong></span> <span class='ocrx_word' id='word_1_45' title='bbox 517 417 686 445; x_wconf 83' lang='lat' dir='ltr'><strong>cobortetur.</strong></span> <span class='ocrx_word' id='word_1_46' title='bbox 710 416 777 443; x_wconf 81' lang='lat' dir='ltr'><strong>Nam</strong></span> <span class='ocrx_word' id='word_1_47' title='bbox 805 423 868 451; x_wconf 78' lang='lat' dir='ltr'><strong>erga</strong></span> <span class='ocrx_word' id='word_1_48' title='bbox 880 423 928 444; x_wconf 89' lang='lat' dir='ltr'><strong>eos</strong></span> <span class='ocrx_word' id='word_1_49' title='bbox 941 423 1048 451; x_wconf 83' lang='lat' dir='ltr'><strong>quoque</strong></span> 
     </span>
    </p>
   </div>
   <div class='ocr_carea' id='block_1_10' title="bbox 262 462 1048 500">
    <p class='ocr_par' dir='ltr' id='par_1_10' title="bbox 262 462 1048 500">
     <span class='ocr_line' id='line_1_10' title="bbox 262 462 1048 500; baseline -0.004 -9"><span class='ocrx_word' id='word_1_50' title='bbox 262 465 309 500; x_wconf 86' lang='lat' dir='ltr'><strong>qui</strong></span> <span class='ocrx_word' id='word_1_51' title='bbox 321 464 469 497; x_wconf 71' lang='lat' dir='ltr'><strong>vulgariori</strong></span> <span class='ocrx_word' id='word_1_52' title='bbox 484 471 568 491; x_wconf 89' lang='lat' dir='ltr'><strong>sensu</strong></span> <span class='ocrx_word' id='word_1_53' title='bbox 583 470 716 498; x_wconf 84' lang='lat' dir='ltr'><strong>pauperes</strong></span> <span class='ocrx_word' id='word_1_54' title='bbox 731 462 870 495; x_wconf 86' lang='lat' dir='ltr'><strong>dicuntur,</strong></span> <span class='ocrx_word' id='word_1_55' title='bbox 893 462 1048 489; x_wconf 89' lang='lat' dir='ltr'><strong>misericor-</strong></span> 
     </span>
    </p>
   </div>
   <div class='ocr_carea' id='block_1_11' title="bbox 262 508 1048 545">
    <p class='ocr_par' dir='ltr' id='par_1_11' title="bbox 262 508 1048 545">
     <span class='ocr_line' id='line_1_11' title="bbox 262 508 1048 545; baseline -0.005 -6"><span class='ocrx_word' id='word_1_56' title='bbox 262 511 311 539; x_wconf 86' lang='lat' dir='ltr'><strong>des</strong></span> <span class='ocrx_word' id='word_1_57' title='bbox 327 519 388 539; x_wconf 89' lang='lat' dir='ltr'><strong>esse</strong></span> <span class='ocrx_word' id='word_1_58' title='bbox 402 510 490 542; x_wconf 82' lang='lat' dir='ltr'><strong>decet,</strong></span> <span class='ocrx_word' id='word_1_59' title='bbox 512 510 607 545; x_wconf 88' lang='lat' dir='ltr'><strong>eisque</strong></span> <span class='ocrx_word' id='word_1_60' title='bbox 624 517 738 545; x_wconf 74' lang='lat' dir='ltr'><strong>erogare</strong></span> <span class='ocrx_word' id='word_1_61' title='bbox 751 509 878 541; x_wconf 86' lang='lat' dir='ltr'><strong>libenter,</strong></span> <span class='ocrx_word' id='word_1_62' title='bbox 897 508 1048 543; x_wconf 78' lang='lat' dir='ltr'><strong>intelligen-</strong></span> 
     </span>
    </p>
   </div>
   <div class='ocr_carea' id='block_1_12' title="bbox 263 554 1046 591">
    <p class='ocr_par' dir='ltr' id='par_1_12' title="bbox 263 554 1046 591">
     <span class='ocr_line' id='line_1_12' title="bbox 263 554 1046 591; baseline -0.004 -7"><span class='ocrx_word' id='word_1_63' title='bbox 263 561 304 586; x_wconf 89' lang='lat' dir='ltr'><strong>tes</strong></span> <span class='ocrx_word' id='word_1_64' title='bbox 320 557 425 585; x_wconf 84' lang='lat' dir='ltr'><strong>scilicet</strong></span> <span class='ocrx_word' id='word_1_65' title='bbox 435 556 520 585; x_wconf 86' lang='lat' dir='ltr'><strong>Deum</strong></span> <span class='ocrx_word' id='word_1_66' title='bbox 535 564 597 584; x_wconf 85' lang='lat' dir='ltr'><strong>esse</strong></span> <span class='ocrx_word' id='word_1_67' title='bbox 611 556 657 591; x_wconf 85' lang='lat' dir='ltr'><strong>qui</strong></span> <span class='ocrx_word' id='word_1_68' title='bbox 672 555 733 583; x_wconf 90' lang='lat' dir='ltr'><strong>illos</strong></span> <span class='ocrx_word' id='word_1_69' title='bbox 745 555 902 582; x_wconf 83' lang='lat' dir='ltr'><strong>mendicare</strong></span> <span class='ocrx_word' id='word_1_70' title='bbox 916 554 1046 587; x_wconf 80' lang='lat' dir='ltr'><strong>decrevit,</strong></span> 
     </span>
    </p>
   </div>
   <div class='ocr_carea' id='block_1_13' title="bbox 261 600 1047 635">
    <p class='ocr_par' dir='ltr' id='par_1_13' title="bbox 261 600 1047 635">
     <span class='ocr_line' id='line_1_13' title="bbox 261 600 1047 635; baseline -0.003 -5"><span class='ocrx_word' id='word_1_71' title='bbox 261 606 288 629; x_wconf 87' lang='lat' dir='ltr'><strong>et</strong></span> <span class='ocrx_word' id='word_1_72' title='bbox 313 603 346 630; x_wconf 89' lang='lat' dir='ltr'><strong>ad</strong></span> <span class='ocrx_word' id='word_1_73' title='bbox 361 610 420 630; x_wconf 89' lang='lat' dir='ltr'><strong>eam</strong></span> <span class='ocrx_word' id='word_1_74' title='bbox 440 602 625 630; x_wconf 82' lang='lat' dir='ltr'><strong>conditionem</strong></span> <span class='ocrx_word' id='word_1_75' title='bbox 645 601 775 634; x_wconf 72' lang='lat' dir='ltr'><strong>deduxit;</strong></span> <span class='ocrx_word' id='word_1_76' title='bbox 795 604 876 635; x_wconf 83' lang='lat' dir='ltr'><strong>atque</strong></span> <span class='ocrx_word' id='word_1_77' title='bbox 902 607 956 627; x_wconf 88' lang='lat' dir='ltr'><strong>una</strong></span> <span class='ocrx_word' id='word_1_78' title='bbox 973 600 1047 635; x_wconf 88' lang='lat' dir='ltr'><strong>ipsos</strong></span> 
     </span>
    </p>
   </div>
   <div class='ocr_carea' id='block_1_14' title="bbox 261 646 1048 684">
    <p class='ocr_par' dir='ltr' id='par_1_14' title="bbox 261 646 1048 684">
     <span class='ocr_line' id='line_1_14' title="bbox 261 646 1048 684; baseline -0.004 -8"><span class='ocrx_word' id='word_1_79' title='bbox 261 656 309 683; x_wconf 89' lang='lat' dir='ltr'><strong>per</strong></span> <span class='ocrx_word' id='word_1_80' title='bbox 326 648 482 684; x_wconf 87' lang='lat' dir='ltr'><strong>pauperiem</strong></span> <span class='ocrx_word' id='word_1_81' title='bbox 491 652 610 682; x_wconf 77' lang='lat' dir='ltr'><strong>exercet,</strong></span> <span class='ocrx_word' id='word_1_82' title='bbox 623 652 650 675; x_wconf 90' lang='lat' dir='ltr'><strong>et</strong></span> <span class='ocrx_word' id='word_1_83' title='bbox 666 655 713 675; x_wconf 87' lang='lat' dir='ltr'><strong>eos</strong></span> <span class='ocrx_word' id='word_1_84' title='bbox 729 647 777 682; x_wconf 86' lang='lat' dir='ltr'><strong>qui</strong></span> <span class='ocrx_word' id='word_1_85' title='bbox 798 655 890 674; x_wconf 87' lang='lat' dir='ltr'><strong>rerum</strong></span> <span class='ocrx_word' id='word_1_86' title='bbox 904 646 982 681; x_wconf 89' lang='lat' dir='ltr'><strong>copia</strong></span> <span class='ocrx_word' id='word_1_87' title='bbox 993 647 1048 681; x_wconf 87' lang='lat' dir='ltr'><strong>pol-</strong></span> 
     </span>
    </p>
   </div>
   <div class='ocr_carea' id='block_1_15' title="bbox 260 695 1046 730">
    <p class='ocr_par' dir='ltr' id='par_1_15' title="bbox 260 695 1046 730">
     <span class='ocr_line' id='line_1_15' title="bbox 260 695 1046 730; baseline -0.004 -7"><span class='ocrx_word' id='word_1_88' title='bbox 260 697 326 729; x_wconf 87' lang='lat' dir='ltr'><strong>lent,</strong></span> <span class='ocrx_word' id='word_1_89' title='bbox 351 695 438 723; x_wconf 87' lang='lat' dir='ltr'><strong>bonos</strong></span> <span class='ocrx_word' id='word_1_90' title='bbox 466 695 597 730; x_wconf 89' lang='lat' dir='ltr'><strong>propositi</strong></span> <span class='ocrx_word' id='word_1_91' title='bbox 626 695 667 722; x_wconf 88' lang='lat' dir='ltr'><strong>sui</strong></span> <span class='ocrx_word' id='word_1_92' title='bbox 679 695 784 723; x_wconf 80' lang='lat' dir='ltr'><strong>fructus</strong></span> <span class='ocrx_word' id='word_1_93' title='bbox 811 702 859 729; x_wconf 83' lang='lat' dir='ltr'><strong>per</strong></span> <span class='ocrx_word' id='word_1_94' title='bbox 876 695 1046 730; x_wconf 76' lang='lat' dir='ltr'><strong>largitionem</strong></span> 
     </span>
    </p>
   </div>
   <div class='ocr_carea' id='block_1_16' title="bbox 260 740 1047 778">
    <p class='ocr_par' dir='ltr' id='par_1_16' title="bbox 260 740 1047 778">
     <span class='ocr_line' id='line_1_16' title="bbox 260 740 1047 778; baseline 0 -10"><span class='ocrx_word' id='word_1_95' title='bbox 260 743 354 778; x_wconf 76' lang='lat' dir='ltr'><strong>egenis</strong></span> <span class='ocrx_word' id='word_1_96' title='bbox 367 741 466 769; x_wconf 83' lang='lat' dir='ltr'><strong>factam</strong></span> <span class='ocrx_word' id='word_1_97' title='bbox 490 742 612 776; x_wconf 59' lang='lat' dir='ltr'><strong>praebere</strong></span> <span class='ocrx_word' id='word_1_98' title='bbox 624 741 771 769; x_wconf 83' lang='lat' dir='ltr'><strong>desiderat.</strong></span> <span class='ocrx_word' id='word_1_99' title='bbox 799 740 931 769; x_wconf 83' lang='lat' dir='ltr'><strong>Tentatur</strong></span> <span class='ocrx_word' id='word_1_100' title='bbox 955 741 1047 776; x_wconf 85' lang='lat' dir='ltr'><strong>itaque</strong></span> 
     </span>
    </p>
   </div>
   <div class='ocr_carea' id='block_1_17' title="bbox 260 787 1047 824">
    <p class='ocr_par' dir='ltr' id='par_1_17' title="bbox 260 787 1047 824">
     <span class='ocr_line' id='line_1_17' title="bbox 260 787 1047 824; baseline -0.003 -8"><span class='ocrx_word' id='word_1_101' title='bbox 260 797 308 824; x_wconf 85' lang='lat' dir='ltr'><strong>per</strong></span> <span class='ocrx_word' id='word_1_102' title='bbox 319 796 465 824; x_wconf 82' lang='lat' dir='ltr'><strong>pauperem</strong></span> <span class='ocrx_word' id='word_1_103' title='bbox 481 788 569 821; x_wconf 84' lang='lat' dir='ltr'><strong>dives,</strong></span> <span class='ocrx_word' id='word_1_104' title='bbox 587 796 653 815; x_wconf 92' lang='lat' dir='ltr'><strong>num</strong></span> <span class='ocrx_word' id='word_1_105' title='bbox 684 788 790 816; x_wconf 83' lang='lat' dir='ltr'><strong>scilicet</strong></span> <span class='ocrx_word' id='word_1_106' title='bbox 816 787 902 815; x_wconf 89' lang='lat' dir='ltr'><strong>durus</strong></span> <span class='ocrx_word' id='word_1_107' title='bbox 913 790 940 815; x_wconf 82' lang='lat' dir='ltr'><strong>et</strong></span> <span class='ocrx_word' id='word_1_108' title='bbox 958 787 1047 814; x_wconf 90' lang='lat' dir='ltr'><strong>immi-</strong></span> 
     </span>
    </p>
   </div>
   <div class='ocr_carea' id='block_1_18' title="bbox 260 834 1046 868">
    <p class='ocr_par' dir='ltr' id='par_1_18' title="bbox 260 834 1046 868">
     <span class='ocr_line' id='line_1_18' title="bbox 260 834 1046 868; baseline -0.003 -5"><span class='ocrx_word' id='word_1_109' title='bbox 260 836 389 867; x_wconf 80' lang='lat' dir='ltr'><strong>sericors,</strong></span> <span class='ocrx_word' id='word_1_110' title='bbox 402 843 438 863; x_wconf 91' lang='lat' dir='ltr'><strong>an</strong></span> <span class='ocrx_word' id='word_1_111' title='bbox 458 836 593 864; x_wconf 84' lang='lat' dir='ltr'><strong>humanus</strong></span> <span class='ocrx_word' id='word_1_112' title='bbox 616 839 644 863; x_wconf 88' lang='lat' dir='ltr'><strong>et</strong></span> <span class='ocrx_word' id='word_1_113' title='bbox 670 835 838 863; x_wconf 87' lang='lat' dir='ltr'><strong>misericors.</strong></span> <span class='ocrx_word' id='word_1_114' title='bbox 864 834 1046 868; x_wconf 85' lang='lat' dir='ltr'><strong>Quamobrem</strong></span> 
     </span>
    </p>
   </div>
   <div class='ocr_carea' id='block_1_19' title="bbox 260 881 1046 917">
    <p class='ocr_par' dir='ltr' id='par_1_19' title="bbox 260 881 1046 917">
     <span class='ocr_line' id='line_1_19' title="bbox 260 881 1046 917; baseline -0.003 -8"><span class='ocrx_word' id='word_1_115' title='bbox 260 883 331 910; x_wconf 91' lang='lat' dir='ltr'><strong>inter</strong></span> <span class='ocrx_word' id='word_1_116' title='bbox 341 882 434 909; x_wconf 88' lang='lat' dir='ltr'><strong>divina</strong></span> <span class='ocrx_word' id='word_1_117' title='bbox 452 885 597 917; x_wconf 58' lang='lat' dir='ltr'><strong>praecepta,</strong></span> <span class='ocrx_word' id='word_1_118' title='bbox 620 881 706 908; x_wconf 87' lang='lat' dir='ltr'><strong>multa</strong></span> <span class='ocrx_word' id='word_1_119' title='bbox 721 881 754 909; x_wconf 92' lang='lat' dir='ltr'><strong>de</strong></span> <span class='ocrx_word' id='word_1_120' title='bbox 770 881 934 916; x_wconf 84' lang='lat' dir='ltr'><strong>pauperibus</strong></span> <span class='ocrx_word' id='word_1_121' title='bbox 949 884 975 908; x_wconf 89' lang='lat' dir='ltr'><strong>et</strong></span> <span class='ocrx_word' id='word_1_122' title='bbox 985 888 1046 916; x_wconf 82' lang='lat' dir='ltr'><strong>ege-</strong></span> 
     </span>
    </p>
   </div>
   <div class='ocr_carea' id='block_1_20' title="bbox 259 927 1044 963">
    <p class='ocr_par' dir='ltr' id='par_1_20' title="bbox 259 927 1044 963">
     <span class='ocr_line' id='line_1_20' title="bbox 259 927 1044 963; baseline -0.003 -7"><span class='ocrx_word' id='word_1_123' title='bbox 259 929 304 957; x_wconf 79' lang='lat' dir='ltr'><strong>nis</strong></span> <span class='ocrx_word' id='word_1_124' title='bbox 328 929 465 956; x_wconf 85' lang='lat' dir='ltr'><strong>feruntur.</strong></span> <span class='ocrx_word' id='word_1_125' title='bbox 490 927 645 956; x_wconf 87' lang='lat' dir='ltr'><strong>Secundum</strong></span> <span class='ocrx_word' id='word_1_126' title='bbox 673 929 796 963; x_wconf 86' lang='lat' dir='ltr'><strong>quintam</strong></span> <span class='ocrx_word' id='word_1_127' title='bbox 819 932 909 955; x_wconf 88' lang='lat' dir='ltr'><strong>autem</strong></span> <span class='ocrx_word' id='word_1_128' title='bbox 925 928 1044 962; x_wconf 83' lang='lat' dir='ltr'><strong>explica-</strong></span> 
     </span>
    </p>
   </div>
   <div class='ocr_carea' id='block_1_21' title="bbox 259 975 1044 1010">
    <p class='ocr_par' dir='ltr' id='par_1_21' title="bbox 259 975 1044 1010">
     <span class='ocr_line' id='line_1_21' title="bbox 259 975 1044 1010; baseline -0.003 -8"><span class='ocrx_word' id='word_1_129' title='bbox 259 976 372 1006; x_wconf 88' lang='lat' dir='ltr'><strong>tionem.</strong></span> <span class='ocrx_word' id='word_1_130' title='bbox 390 975 472 1002; x_wconf 88' lang='lat' dir='ltr'><strong>alium</strong></span> <span class='ocrx_word' id='word_1_131' title='bbox 493 982 642 1010; x_wconf 87' lang='lat' dir='ltr'><strong>pauperum</strong></span> <span class='ocrx_word' id='word_1_132' title='bbox 669 975 792 1002; x_wconf 89' lang='lat' dir='ltr'><strong>ordinem</strong></span> <span class='ocrx_word' id='word_1_133' title='bbox 816 975 949 1010; x_wconf 86' lang='lat' dir='ltr'><strong>reperias,</strong></span> <span class='ocrx_word' id='word_1_134' title='bbox 965 975 1012 1009; x_wconf 89' lang='lat' dir='ltr'><strong>qui</strong></span> <span class='ocrx_word' id='word_1_135' title='bbox 1029 981 1044 1000; x_wconf 89' lang='lat' dir='ltr'><strong>a</strong></span> 
     </span>
    </p>
   </div>
   <div class='ocr_carea' id='block_1_22' title="bbox 261 1019 1044 1055">
    <p class='ocr_par' dir='ltr' id='par_1_22' title="bbox 261 1019 1044 1055">
     <span class='ocr_line' id='line_1_22' title="bbox 261 1019 1044 1055; baseline -0.001 -8"><span class='ocrx_word' id='word_1_136' title='bbox 261 1019 404 1048; x_wconf 77' lang='lat' dir='ltr'><strong>Salvatore</strong></span> <span class='ocrx_word' id='word_1_137' title='bbox 416 1021 513 1048; x_wconf 88' lang='lat' dir='ltr'><strong>beatus</strong></span> <span class='ocrx_word' id='word_1_138' title='bbox 523 1019 695 1055; x_wconf 69' lang='lat' dir='ltr'><strong>praedicatur,</strong></span> <span class='ocrx_word' id='word_1_139' title='bbox 712 1020 863 1047; x_wconf 90' lang='lat' dir='ltr'><strong>secundum</strong></span> <span class='ocrx_word' id='word_1_140' title='bbox 875 1020 941 1047; x_wconf 87' lang='lat' dir='ltr'><strong>illud</strong></span> <span class='ocrx_word' id='word_1_141' title='bbox 953 1019 1044 1046; x_wconf 81' lang='lat' dir='ltr'><strong>:Beati</strong></span> 
     </span>
    </p>
   </div>
   <div class='ocr_carea' id='block_1_23' title="bbox 258 1066 1046 1102">
    <p class='ocr_par' dir='ltr' id='par_1_23' title="bbox 258 1066 1046 1102">
     <span class='ocr_line' id='line_1_23' title="bbox 258 1066 1046 1102; baseline 0.001 -10"><span class='ocrx_word' id='word_1_142' title='bbox 258 1073 384 1101; x_wconf 77' lang='lat' dir='ltr'><strong>pauperes</strong></span> <span class='ocrx_word' id='word_1_143' title='bbox 394 1066 502 1100; x_wconf 77' lang='lat' dir='ltr'><strong>spiritu,</strong></span> <span class='ocrx_word' id='word_1_144' title='bbox 515 1066 639 1101; x_wconf 87' lang='lat' dir='ltr'><strong>quoniam</strong></span> <span class='ocrx_word' id='word_1_145' title='bbox 652 1066 770 1100; x_wconf 81' lang='lat' dir='ltr'><strong>ipsorum</strong></span> <span class='ocrx_word' id='word_1_146' title='bbox 787 1070 825 1093; x_wconf 83' lang='lat' dir='ltr'><strong>est</strong></span> <span class='ocrx_word' id='word_1_147' title='bbox 839 1074 946 1102; x_wconf 81' lang='lat' dir='ltr'><strong>regnum</strong></span> <span class='ocrx_word' id='word_1_148' title='bbox 967 1066 1046 1094; x_wconf 58' lang='lat' dir='ltr'><strong>coelo-</strong></span> 
     </span>
    </p>
   </div>
   <div class='ocr_carea' id='block_1_24' title="bbox 259 1111 1044 1147">
    <p class='ocr_par' dir='ltr' id='par_1_24' title="bbox 259 1111 1044 1147">
     <span class='ocr_line' id='line_1_24' title="bbox 259 1111 1044 1147; baseline 0 -8"><span class='ocrx_word' id='word_1_149' title='bbox 259 1122 318 1140; x_wconf 86' lang='lat' dir='ltr'><strong>rum</strong></span> <span class='ocrx_word' id='word_1_150' title='bbox 335 1114 369 1137; x_wconf 83' lang='grc'><strong>¹¹-</strong></span> <span class='ocrx_word' id='word_1_151' title='bbox 400 1112 505 1146; x_wconf 84' lang='lat' dir='ltr'><strong>Quibus</strong></span> <span class='ocrx_word' id='word_1_152' title='bbox 517 1112 607 1140; x_wconf 86' lang='lat' dir='ltr'><strong>verbis</strong></span> <span class='ocrx_word' id='word_1_153' title='bbox 634 1119 682 1139; x_wconf 90' lang='lat' dir='ltr'><strong>eos</strong></span> <span class='ocrx_word' id='word_1_154' title='bbox 707 1112 755 1147; x_wconf 88' lang='lat' dir='ltr'><strong>qui</strong></span> <span class='ocrx_word' id='word_1_155' title='bbox 780 1112 930 1140; x_wconf 90' lang='lat' dir='ltr'><strong>secundum</strong></span> <span class='ocrx_word' id='word_1_156' title='bbox 960 1111 1044 1139; x_wconf 88' lang='lat' dir='ltr'><strong>Deum</strong></span> 
     </span>
    </p>
   </div>
   <div class='ocr_carea' id='block_1_25' title="bbox 258 1155 1043 1192">
    <p class='ocr_par' dir='ltr' id='par_1_25' title="bbox 258 1155 1043 1192">
     <span class='ocr_line' id='line_1_25' title="bbox 258 1155 1043 1192; baseline 0.001 -9"><span class='ocrx_word' id='word_1_157' title='bbox 258 1156 497 1192; x_wconf 67' lang='lat' dir='ltr'><strong>philosophantur,</strong></span> <span class='ocrx_word' id='word_1_158' title='bbox 511 1160 538 1184; x_wconf 89' lang='lat' dir='ltr'><strong>et</strong></span> <span class='ocrx_word' id='word_1_159' title='bbox 550 1159 660 1191; x_wconf 84' lang='lat' dir='ltr'><strong>propter</strong></span> <span class='ocrx_word' id='word_1_160' title='bbox 679 1155 799 1183; x_wconf 89' lang='lat' dir='ltr'><strong>divinam</strong></span> <span class='ocrx_word' id='word_1_161' title='bbox 820 1157 1043 1184; x_wconf 78' lang='lat' dir='ltr'><strong>exercitationem</strong></span> 
     </span>
    </p>
   </div>
   <div class='ocr_carea' id='block_1_26' title="bbox 258 1202 1042 1238">
    <p class='ocr_par' dir='ltr' id='par_1_26' title="bbox 258 1202 1042 1238">
     <span class='ocr_line' id='line_1_26' title="bbox 258 1202 1042 1238; baseline 0.001 -10"><span class='ocrx_word' id='word_1_162' title='bbox 258 1210 391 1237; x_wconf 81' lang='lat' dir='ltr'><strong>pauperes</strong></span> <span class='ocrx_word' id='word_1_163' title='bbox 404 1207 498 1237; x_wconf 78' lang='lat' dir='ltr'><strong>agunt,</strong></span> <span class='ocrx_word' id='word_1_164' title='bbox 512 1202 559 1237; x_wconf 91' lang='lat' dir='ltr'><strong>qui</strong></span> <span class='ocrx_word' id='word_1_165' title='bbox 575 1205 653 1229; x_wconf 85' lang='lat' dir='ltr'><strong>erant</strong></span> <span class='ocrx_word' id='word_1_166' title='bbox 667 1202 726 1237; x_wconf 88' lang='lat' dir='ltr'><strong>ejus</strong></span> <span class='ocrx_word' id='word_1_167' title='bbox 736 1202 863 1237; x_wconf 89' lang='lat' dir='ltr'><strong>discipuli</strong></span> <span class='ocrx_word' id='word_1_168' title='bbox 874 1207 900 1229; x_wconf 91' lang='lat' dir='ltr'><strong>et</strong></span> <span class='ocrx_word' id='word_1_169' title='bbox 915 1203 1042 1238; x_wconf 86' lang='lat' dir='ltr'><strong>apostoli,</strong></span> 
     </span>
    </p>
   </div>
   <div class='ocr_carea' id='block_1_27' title="bbox 259 1247 1042 1284">
    <p class='ocr_par' dir='ltr' id='par_1_27' title="bbox 259 1247 1042 1284">
     <span class='ocr_line' id='line_1_27' title="bbox 259 1247 1042 1284; baseline 0 -9"><span class='ocrx_word' id='word_1_170' title='bbox 259 1247 385 1276; x_wconf 81' lang='lat' dir='ltr'><strong>Salvator</strong></span> <span class='ocrx_word' id='word_1_171' title='bbox 403 1249 498 1276; x_wconf 89' lang='lat' dir='ltr'><strong>beatos</strong></span> <span class='ocrx_word' id='word_1_172' title='bbox 513 1249 680 1284; x_wconf 62' lang='lat' dir='ltr'><strong>praedicavit.</strong></span> <span class='ocrx_word' id='word_1_173' title='bbox 698 1248 796 1278; x_wconf 79' lang='lat' dir='ltr'><strong>Beatus</strong></span> <span class='ocrx_word' id='word_1_174' title='bbox 809 1248 892 1283; x_wconf 79' lang='lat' dir='ltr'><strong>igitur</strong></span> <span class='ocrx_word' id='word_1_175' title='bbox 906 1249 950 1283; x_wconf 81' lang='lat' dir='ltr'><strong>qui</strong></span> <span class='ocrx_word' id='word_1_176' title='bbox 963 1249 1042 1276; x_wconf 77' lang='lat' dir='ltr'><strong>intel-</strong></span> 
     </span>
    </p>
   </div>
   <div class='ocr_carea' id='block_1_28' title="bbox 257 1292 1043 1329">
    <p class='ocr_par' dir='ltr' id='par_1_28' title="bbox 257 1292 1043 1329">
     <span class='ocr_line' id='line_1_28' title="bbox 257 1292 1043 1329; baseline 0 -9"><span class='ocrx_word' id='word_1_177' title='bbox 257 1294 316 1328; x_wconf 74' lang='lat' dir='ltr'><strong>ligit</strong></span> <span class='ocrx_word' id='word_1_178' title='bbox 328 1301 407 1328; x_wconf 81' lang='lat' dir='ltr'><strong>super</strong></span> <span class='ocrx_word' id='word_1_179' title='bbox 420 1301 537 1329; x_wconf 79' lang='lat' dir='ltr'><strong>egenum,</strong></span> <span class='ocrx_word' id='word_1_180' title='bbox 554 1300 637 1328; x_wconf 87' lang='lat' dir='ltr'><strong>super</strong></span> <span class='ocrx_word' id='word_1_181' title='bbox 648 1300 709 1320; x_wconf 93' lang='lat' dir='ltr'><strong>eum</strong></span> <span class='ocrx_word' id='word_1_182' title='bbox 725 1293 772 1328; x_wconf 89' lang='lat' dir='ltr'><strong>qui</strong></span> <span class='ocrx_word' id='word_1_183' title='bbox 791 1292 837 1319; x_wconf 92' lang='lat' dir='ltr'><strong>illo</strong></span> <span class='ocrx_word' id='word_1_184' title='bbox 850 1292 931 1320; x_wconf 90' lang='lat' dir='ltr'><strong>modo</strong></span> <span class='ocrx_word' id='word_1_185' title='bbox 941 1300 1043 1328; x_wconf 82' lang='lat' dir='ltr'><strong>egenus</strong></span> 
     </span>
    </p>
   </div>
   <div class='ocr_carea' id='block_1_29' title="bbox 255 1338 1043 1374">
    <p class='ocr_par' dir='ltr' id='par_1_29' title="bbox 255 1338 1043 1374">
     <span class='ocr_line' id='line_1_29' title="bbox 255 1338 1043 1374; baseline 0 -8"><span class='ocrx_word' id='word_1_186' title='bbox 255 1342 284 1366; x_wconf 78' lang='lat' dir='ltr'><strong>et</strong></span> <span class='ocrx_word' id='word_1_187' title='bbox 294 1347 396 1374; x_wconf 87' lang='lat' dir='ltr'><strong>pauper</strong></span> <span class='ocrx_word' id='word_1_188' title='bbox 410 1345 466 1373; x_wconf 79' lang='lat' dir='ltr'><strong>est;</strong></span> <span class='ocrx_word' id='word_1_189' title='bbox 480 1347 542 1367; x_wconf 91' lang='lat' dir='ltr'><strong>nam</strong></span> <span class='ocrx_word' id='word_1_190' title='bbox 552 1339 631 1367; x_wconf 76' lang='lat' dir='ltr'><strong>bonae</strong></span> <span class='ocrx_word' id='word_1_191' title='bbox 646 1339 720 1366; x_wconf 92' lang='lat' dir='ltr'><strong>illius</strong></span> <span class='ocrx_word' id='word_1_192' title='bbox 732 1346 764 1366; x_wconf 85' lang='lat' dir='ltr'><strong>ac</strong></span> <span class='ocrx_word' id='word_1_193' title='bbox 774 1338 941 1366; x_wconf 70' lang='lat' dir='ltr'><strong>felicissimae</strong></span> <span class='ocrx_word' id='word_1_194' title='bbox 962 1338 1043 1366; x_wconf 75' lang='lat' dir='ltr'><strong>inte!-</strong></span> 
     </span>
    </p>
   </div>
   <div class='ocr_carea' id='block_1_30' title="bbox 256 1382 1041 1419">
    <p class='ocr_par' dir='ltr' id='par_1_30' title="bbox 256 1382 1041 1419">
     <span class='ocr_line' id='line_1_30' title="bbox 256 1382 1041 1419; baseline -0.001 -7"><span class='ocrx_word' id='word_1_195' title='bbox 256 1384 374 1419; x_wconf 73' lang='lat' dir='ltr'><strong>iigentia:</strong></span> <span class='ocrx_word' id='word_1_196' title='bbox 384 1384 501 1412; x_wconf 77' lang='lat' dir='ltr'><strong>fructum</strong></span> <span class='ocrx_word' id='word_1_197' title='bbox 515 1384 639 1419; x_wconf 78' lang='lat' dir='ltr'><strong>accipiet,</strong></span> <span class='ocrx_word' id='word_1_198' title='bbox 668 1383 715 1419; x_wconf 89' lang='lat' dir='ltr'><strong>qui</strong></span> <span class='ocrx_word' id='word_1_199' title='bbox 740 1383 868 1418; x_wconf 85' lang='lat' dir='ltr'><strong>deinceps</strong></span> <span class='ocrx_word' id='word_1_200' title='bbox 885 1382 1041 1411; x_wconf 79' lang='lat' dir='ltr'><strong>indicatur:</strong></span> 
     </span>
    </p>
   </div>
   <div class='ocr_carea' id='block_1_31' title="bbox 257 1429 1043 1462">
    <p class='ocr_par' dir='ltr' id='par_1_31' title="bbox 257 1429 1043 1462">
     <span class='ocr_line' id='line_1_31' title="bbox 257 1429 1043 1462; baseline -0.001 -5"><span class='ocrx_word' id='word_1_201' title='bbox 257 1430 290 1457; x_wconf 86' lang='lat' dir='ltr'><strong>In</strong></span> <span class='ocrx_word' id='word_1_202' title='bbox 303 1431 346 1458; x_wconf 86' lang='lat' dir='ltr'><strong>die</strong></span> <span class='ocrx_word' id='word_1_203' title='bbox 359 1431 430 1459; x_wconf 91' lang='lat' dir='ltr'><strong>enim</strong></span> <span class='ocrx_word' id='word_1_204' title='bbox 447 1431 520 1458; x_wconf 86' lang='lat' dir='ltr'><strong>mala</strong></span> <span class='ocrx_word' id='word_1_205' title='bbox 534 1430 656 1458; x_wconf 81' lang='lat' dir='ltr'><strong>liberabit</strong></span> <span class='ocrx_word' id='word_1_206' title='bbox 675 1438 734 1457; x_wconf 87' lang='lat' dir='ltr'><strong>eum</strong></span> <span class='ocrx_word' id='word_1_207' title='bbox 752 1429 898 1461; x_wconf 79' lang='lat' dir='ltr'><strong>Dominus;</strong></span> <span class='ocrx_word' id='word_1_208' title='bbox 923 1430 990 1462; x_wconf 90' lang='lat' dir='ltr'><strong>sive,</strong></span> <span class='ocrx_word' id='word_1_209' title='bbox 1003 1437 1043 1457; x_wconf 84' lang='lat' dir='ltr'><strong>se-</strong></span> 
     </span>
    </p>
   </div>
   <div class='ocr_carea' id='block_1_32' title="bbox 252 1475 1042 1512">
    <p class='ocr_par' dir='ltr' id='par_1_32' title="bbox 252 1475 1042 1512">
     <span class='ocr_line' id='line_1_32' title="bbox 252 1475 1042 1512; baseline 0.001 -9"><span class='ocrx_word' id='word_1_210' title='bbox 252 1475 375 1504; x_wconf 82' lang='lat' dir='ltr'><strong>cundum</strong></span> <span class='ocrx_word' id='word_1_211' title='bbox 391 1475 596 1512; x_wconf 88' lang='lat' dir='ltr'><strong>Symmachum,</strong></span> <span class='ocrx_word' id='word_1_212' title='bbox 605 1477 633 1503; x_wconf 86' lang='lat' dir='ltr'><strong>in</strong></span> <span class='ocrx_word' id='word_1_213' title='bbox 642 1477 684 1503; x_wconf 86' lang='lat' dir='ltr'><strong>die</strong></span> <span class='ocrx_word' id='word_1_214' title='bbox 702 1476 860 1512; x_wconf 79' lang='lat' dir='ltr'><strong>aﬂlictionis.</strong></span> <span class='ocrx_word' id='word_1_215' title='bbox 873 1475 940 1504; x_wconf 87' lang='lat' dir='ltr'><strong>Nam</strong></span> <span class='ocrx_word' id='word_1_216' title='bbox 950 1477 972 1504; x_wconf 89' lang='lat' dir='ltr'><strong>si</strong></span> <span class='ocrx_word' id='word_1_217' title='bbox 989 1484 1042 1512; x_wconf 85' lang='lat' dir='ltr'><strong>qua</strong></span> 
     </span>
    </p>
   </div>
   <div class='ocr_carea' id='block_1_33' title="bbox 255 1522 1042 1559">
    <p class='ocr_par' dir='ltr' id='par_1_33' title="bbox 255 1522 1042 1559">
     <span class='ocr_line' id='line_1_33' title="bbox 255 1522 1042 1559; baseline 0.003 -11"><span class='ocrx_word' id='word_1_218' title='bbox 255 1523 370 1549; x_wconf 75' lang='lat' dir='ltr'><strong>tentatio</strong></span> <span class='ocrx_word' id='word_1_219' title='bbox 381 1523 520 1559; x_wconf 72' lang='lat' dir='ltr'><strong>contingat</strong></span> <span class='ocrx_word' id='word_1_220' title='bbox 530 1543 537 1555; x_wconf 95' lang='lat'><strong>,</strong></span> <span class='ocrx_word' id='word_1_221' title='bbox 554 1527 579 1551; x_wconf 86' lang='lat' dir='ltr'><strong>et</strong></span> <span class='ocrx_word' id='word_1_222' title='bbox 602 1522 630 1550; x_wconf 92' lang='lat' dir='ltr'><strong>in</strong></span> <span class='ocrx_word' id='word_1_223' title='bbox 645 1523 827 1551; x_wconf 87' lang='lat' dir='ltr'><strong>calamitatem</strong></span> <span class='ocrx_word' id='word_1_224' title='bbox 839 1531 1042 1558; x_wconf 63' lang='lat' dir='ltr'><strong>aerumnamque</strong></span> 
     </span>
    </p>
   </div>
   <div class='ocr_carea' id='block_1_34' title="bbox 255 1567 1042 1604">
    <p class='ocr_par' dir='ltr' id='par_1_34' title="bbox 255 1567 1042 1604">
     <span class='ocr_line' id='line_1_34' title="bbox 255 1567 1042 1604; baseline 0.003 -10"><span class='ocrx_word' id='word_1_225' title='bbox 255 1567 370 1600; x_wconf 80' lang='lat' dir='ltr'><strong>incidat,</strong></span> <span class='ocrx_word' id='word_1_226' title='bbox 396 1569 625 1603; x_wconf 88' lang='lat' dir='ltr'><strong>quemadmodum</strong></span> <span class='ocrx_word' id='word_1_227' title='bbox 655 1569 714 1604; x_wconf 87' lang='lat' dir='ltr'><strong>ipse</strong></span> <span class='ocrx_word' id='word_1_228' title='bbox 737 1569 871 1597; x_wconf 78' lang='lat' dir='ltr'><strong>intellexit</strong></span> <span class='ocrx_word' id='word_1_229' title='bbox 884 1577 966 1604; x_wconf 88' lang='lat' dir='ltr'><strong>super</strong></span> <span class='ocrx_word' id='word_1_230' title='bbox 978 1577 1042 1604; x_wconf 79' lang='lat' dir='ltr'><strong>ege—</strong></span> 
     </span>
    </p>
   </div>
   <div class='ocr_carea' id='block_1_35' title="bbox 255 1615 1044 1650">
    <p class='ocr_par' dir='ltr' id='par_1_35' title="bbox 255 1615 1044 1650">
     <span class='ocr_line' id='line_1_35' title="bbox 255 1615 1044 1650; baseline 0.001 -10"><span class='ocrx_word' id='word_1_231' title='bbox 255 1621 320 1641; x_wconf 91' lang='lat' dir='ltr'><strong>num</strong></span> <span class='ocrx_word' id='word_1_232' title='bbox 330 1618 357 1640; x_wconf 85' lang='lat' dir='ltr'><strong>et</strong></span> <span class='ocrx_word' id='word_1_233' title='bbox 373 1621 528 1649; x_wconf 82' lang='lat' dir='ltr'><strong>pauperem,</strong></span> <span class='ocrx_word' id='word_1_234' title='bbox 546 1615 587 1642; x_wconf 85' lang='lat' dir='ltr'><strong>sic</strong></span> <span class='ocrx_word' id='word_1_235' title='bbox 609 1619 764 1650; x_wconf 86' lang='lat' dir='ltr'><strong>opportune</strong></span> <span class='ocrx_word' id='word_1_236' title='bbox 777 1623 824 1643; x_wconf 87' lang='lat' dir='ltr'><strong>res</strong></span> <span class='ocrx_word' id='word_1_237' title='bbox 838 1615 898 1650; x_wconf 89' lang='lat' dir='ltr'><strong>ejus</strong></span> <span class='ocrx_word' id='word_1_238' title='bbox 911 1615 1044 1650; x_wconf 79' lang='lat' dir='ltr'><strong>intelliget</strong></span> 
     </span>
    </p>
   </div>
   <div class='ocr_carea' id='block_1_36' title="bbox 255 1660 1044 1697">
    <p class='ocr_par' dir='ltr' id='par_1_36' title="bbox 255 1660 1044 1697">
     <span class='ocr_line' id='line_1_36' title="bbox 255 1660 1044 1697; baseline 0.003 -11"><span class='ocrx_word' id='word_1_239' title='bbox 255 1660 398 1693; x_wconf 88' lang='lat' dir='ltr'><strong>Dominus,</strong></span> <span class='ocrx_word' id='word_1_240' title='bbox 425 1660 484 1695; x_wconf 88' lang='lat' dir='ltr'><strong>pari</strong></span> <span class='ocrx_word' id='word_1_241' title='bbox 511 1668 640 1688; x_wconf 87' lang='lat' dir='ltr'><strong>mensura</strong></span> <span class='ocrx_word' id='word_1_242' title='bbox 665 1661 741 1688; x_wconf 92' lang='lat' dir='ltr'><strong>illum</strong></span> <span class='ocrx_word' id='word_1_243' title='bbox 769 1661 895 1694; x_wconf 87' lang='lat' dir='ltr'><strong>metiens,</strong></span> <span class='ocrx_word' id='word_1_244' title='bbox 918 1669 971 1697; x_wconf 85' lang='lat' dir='ltr'><strong>qua</strong></span> <span class='ocrx_word' id='word_1_245' title='bbox 999 1661 1044 1688; x_wconf 86' lang='lat' dir='ltr'><strong>ille</strong></span> 
     </span>
    </p>
   </div>
   <div class='ocr_carea' id='block_1_37' title="bbox 254 1712 450 1735">
    <p class='ocr_par' dir='ltr' id='par_1_37' title="bbox 254 1712 450 1735">
     <span class='ocr_line' id='line_1_37' title="bbox 254 1712 450 1735; baseline -0.005 0"><span class='ocrx_word' id='word_1_246' title='bbox 254 1714 367 1735; x_wconf 88' lang='lat' dir='ltr'><strong>mensus</strong></span> <span class='ocrx_word' id='word_1_247' title='bbox 384 1712 450 1734; x_wconf 71' lang='lat' dir='ltr'><strong>erat.</strong></span> 
     </span>
    </p>
   </div>
   <div class='ocr_carea' id='block_1_38' title="bbox 292 1838 1042 1875">
    <p class='ocr_par' dir='ltr' id='par_1_38' title="bbox 292 1838 1042 1875">
     <span class='ocr_line' id='line_1_38' title="bbox 292 1838 1042 1875; baseline 0.001 -10"><span class='ocrx_word' id='word_1_248' title='bbox 292 1838 419 1866; x_wconf 75' lang='lat' dir='ltr'><strong>Dominus</strong></span> <span class='ocrx_word' id='word_1_249' title='bbox 434 1844 564 1866; x_wconf 79' lang='lat' dir='ltr'><strong>conservet</strong></span> <span class='ocrx_word' id='word_1_250' title='bbox 578 1848 636 1867; x_wconf 80' lang='lat' dir='ltr'><strong>eum</strong></span> <span class='ocrx_word' id='word_1_251' title='bbox 651 1845 676 1867; x_wconf 82' lang='lat' dir='ltr'><strong>et</strong></span> <span class='ocrx_word' id='word_1_252' title='bbox 686 1840 796 1875; x_wconf 83' lang='lat' dir='ltr'><strong>viviﬁcet</strong></span> <span class='ocrx_word' id='word_1_253' title='bbox 807 1849 874 1868; x_wconf 88' lang='lat' dir='ltr'><strong>eum.</strong></span> <span class='ocrx_word' id='word_1_254' title='bbox 892 1839 944 1867; x_wconf 85' lang='lat' dir='ltr'><strong>Sed</strong></span> <span class='ocrx_word' id='word_1_255' title='bbox 960 1840 1042 1867; x_wconf 88' lang='lat' dir='ltr'><strong>etiam</strong></span> 
     </span>
    </p>
   </div>
   <div class='ocr_carea' id='block_1_39' title="bbox 250 1884 1043 1919">
    <p class='ocr_par' dir='ltr' id='par_1_39' title="bbox 250 1884 1043 1919">
     <span class='ocr_line' id='line_1_39' title="bbox 250 1884 1043 1919; baseline 0.003 -9"><span class='ocrx_word' id='word_1_256' title='bbox 250 1884 391 1912; x_wconf 84' lang='lat' dir='ltr'><strong>custodiet</strong></span> <span class='ocrx_word' id='word_1_257' title='bbox 419 1892 481 1912; x_wconf 91' lang='lat' dir='ltr'><strong>cum</strong></span> <span class='ocrx_word' id='word_1_258' title='bbox 497 1888 524 1912; x_wconf 89' lang='lat' dir='ltr'><strong>et</strong></span> <span class='ocrx_word' id='word_1_259' title='bbox 538 1885 631 1913; x_wconf 85' lang='lat' dir='ltr'><strong>vivere</strong></span> <span class='ocrx_word' id='word_1_260' title='bbox 659 1885 741 1913; x_wconf 82' lang='lat' dir='ltr'><strong>faciet</strong></span> <span class='ocrx_word' id='word_1_261' title='bbox 770 1893 851 1919; x_wconf 89' lang='lat' dir='ltr'><strong>cum;</strong></span> <span class='ocrx_word' id='word_1_262' title='bbox 869 1889 927 1918; x_wconf 88' lang='lat' dir='ltr'><strong>aut,</strong></span> <span class='ocrx_word' id='word_1_263' title='bbox 945 1893 1043 1913; x_wconf 83' lang='lat' dir='ltr'><strong>secun-</strong></span> 
     </span>
    </p>
   </div>
   <div class='ocr_carea' id='block_1_40' title="bbox 254 1928 1042 1964">
    <p class='ocr_par' dir='ltr' id='par_1_40' title="bbox 254 1928 1042 1964">
     <span class='ocr_line' id='line_1_40' title="bbox 254 1928 1042 1964; baseline 0.005 -10"><span class='ocrx_word' id='word_1_264' title='bbox 254 1930 318 1956; x_wconf 73' lang='lat' dir='ltr'><strong>dum</strong></span> <span class='ocrx_word' id='word_1_265' title='bbox 351 1928 557 1964; x_wconf 85' lang='lat' dir='ltr'><strong>Symmachum,</strong></span> <span class='ocrx_word' id='word_1_266' title='bbox 586 1930 707 1957; x_wconf 72' lang='lat' dir='ltr'><strong>custodiet</strong></span> <span class='ocrx_word' id='word_1_267' title='bbox 734 1939 802 1964; x_wconf 84' lang='lat' dir='ltr'><strong>eum,</strong></span> <span class='ocrx_word' id='word_1_268' title='bbox 829 1935 853 1957; x_wconf 88' lang='lat' dir='ltr'><strong>et</strong></span> <span class='ocrx_word' id='word_1_269' title='bbox 879 1931 1042 1958; x_wconf 78' lang='lat' dir='ltr'><strong>conservabit</strong></span> 
     </span>
    </p>
   </div>
   <div class='ocr_carea' id='block_1_41' title="bbox 254 1974 1042 2013">
    <p class='ocr_par' dir='ltr' id='par_1_41' title="bbox 254 1974 1042 2013">
     <span class='ocr_line' id='line_1_41' title="bbox 254 1974 1042 2013; baseline 0.004 -12"><span class='ocrx_word' id='word_1_270' title='bbox 254 1982 322 2002; x_wconf 86' lang='lat' dir='ltr'><strong>cum.</strong></span> <span class='ocrx_word' id='word_1_271' title='bbox 345 1974 467 2003; x_wconf 89' lang='lat' dir='ltr'><strong>Tertium</strong></span> <span class='ocrx_word' id='word_1_272' title='bbox 480 1984 594 2011; x_wconf 83' lang='lat' dir='ltr'><strong>quoque</strong></span> <span class='ocrx_word' id='word_1_273' title='bbox 611 1976 664 2012; x_wconf 87' lang='lat' dir='ltr'><strong>ipsi</strong></span> <span class='ocrx_word' id='word_1_274' title='bbox 692 1977 824 2009; x_wconf 82' lang='lat' dir='ltr'><strong>conferet,</strong></span> <span class='ocrx_word' id='word_1_275' title='bbox 844 1977 948 2005; x_wconf 79' lang='lat' dir='ltr'><strong>beatum</strong></span> <span class='ocrx_word' id='word_1_276' title='bbox 964 1978 1042 2013; x_wconf 78' lang='lat' dir='ltr'><strong>faciet</strong></span> 
     </span>
    </p>
   </div>
   <div class='ocr_carea' id='block_1_42' title="bbox 253 2021 1041 2059">
    <p class='ocr_par' dir='ltr' id='par_1_42' title="bbox 253 2021 1041 2059">
     <span class='ocr_line' id='line_1_42' title="bbox 253 2021 1041 2059; baseline 0.005 -13"><span class='ocrx_word' id='word_1_277' title='bbox 253 2029 312 2047; x_wconf 81' lang='lat' dir='ltr'><strong>eum</strong></span> <span class='ocrx_word' id='word_1_278' title='bbox 321 2021 347 2047; x_wconf 83' lang='lat' dir='ltr'><strong>in</strong></span> <span class='ocrx_word' id='word_1_279' title='bbox 355 2025 501 2056; x_wconf 75' lang='lat' dir='ltr'><strong>terra;aut,</strong></span> <span class='ocrx_word' id='word_1_280' title='bbox 508 2022 657 2050; x_wconf 89' lang='lat' dir='ltr'><strong>secundum</strong></span> <span class='ocrx_word' id='word_1_281' title='bbox 666 2022 963 2059; x_wconf 81' lang='lat' dir='ltr'><strong>Symmachum,beatus</strong></span> <span class='ocrx_word' id='word_1_282' title='bbox 971 2032 1041 2058; x_wconf 77' lang='lat' dir='ltr'><strong>pne-</strong></span> 
     </span>
    </p>
   </div>
   <div class='ocr_carea' id='block_1_43' title="bbox 255 2066 1041 2097">
    <p class='ocr_par' dir='ltr' id='par_1_43' title="bbox 255 2066 1041 2097">
     <span class='ocr_line' id='line_1_43' title="bbox 255 2066 1041 2097; baseline 0.005 -5"><span class='ocrx_word' id='word_1_283' title='bbox 255 2066 384 2094; x_wconf 85' lang='lat' dir='ltr'><strong>dicaudus</strong></span> <span class='ocrx_word' id='word_1_284' title='bbox 396 2067 445 2094; x_wconf 85' lang='lat' dir='ltr'><strong>erit</strong></span> <span class='ocrx_word' id='word_1_285' title='bbox 460 2068 487 2094; x_wconf 88' lang='lat' dir='ltr'><strong>in</strong></span> <span class='ocrx_word' id='word_1_286' title='bbox 503 2073 583 2096; x_wconf 76' lang='lat' dir='ltr'><strong>terra.</strong></span> <span class='ocrx_word' id='word_1_287' title='bbox 596 2067 664 2096; x_wconf 86' lang='lat' dir='ltr'><strong>Nam</strong></span> <span class='ocrx_word' id='word_1_288' title='bbox 680 2068 744 2096; x_wconf 92' lang='lat' dir='ltr'><strong>dum</strong></span> <span class='ocrx_word' id='word_1_289' title='bbox 761 2069 851 2096; x_wconf 89' lang='lat' dir='ltr'><strong>adhuc</strong></span> <span class='ocrx_word' id='word_1_290' title='bbox 864 2069 893 2096; x_wconf 89' lang='lat' dir='ltr'><strong>in</strong></span> <span class='ocrx_word' id='word_1_291' title='bbox 907 2069 957 2096; x_wconf 88' lang='lat' dir='ltr'><strong>hac</strong></span> <span class='ocrx_word' id='word_1_292' title='bbox 969 2073 1041 2097; x_wconf 86' lang='lat' dir='ltr'><strong>terra</strong></span> 
     </span>
    </p>
   </div>
   <div class='ocr_carea' id='block_1_44' title="bbox 254 2112 1042 2150">
    <p class='ocr_par' dir='ltr' id='par_1_44' title="bbox 254 2112 1042 2150">
     <span class='ocr_line' id='line_1_44' title="bbox 254 2112 1042 2150; baseline 0.005 -12"><span class='ocrx_word' id='word_1_293' title='bbox 254 2115 390 2144; x_wconf 89' lang='lat' dir='ltr'><strong>versatur,</strong></span> <span class='ocrx_word' id='word_1_294' title='bbox 403 2112 596 2141; x_wconf 77' lang='lat' dir='ltr'><strong>beatitudinem</strong></span> <span class='ocrx_word' id='word_1_295' title='bbox 614 2121 629 2140; x_wconf 73' lang='grc' dir='ltr'>ι]</span> <span class='ocrx_word' id='word_1_296' title='bbox 646 2113 701 2142; x_wconf 91' lang='lat' dir='ltr'><strong>Deo</strong></span> <span class='ocrx_word' id='word_1_297' title='bbox 720 2119 913 2150; x_wconf 80' lang='lat' dir='ltr'><strong>consequetur,</strong></span> <span class='ocrx_word' id='word_1_298' title='bbox 929 2122 1042 2143; x_wconf 86' lang='lat' dir='ltr'><strong>manen-</strong></span> 
     </span>
    </p>
   </div>
   <div class='ocr_carea' id='block_1_45' title="bbox 254 2158 1042 2193">
    <p class='ocr_par' dir='ltr' id='par_1_45' title="bbox 254 2158 1042 2193">
     <span class='ocr_line' id='line_1_45' title="bbox 254 2158 1042 2193; baseline 0.005 -9"><span class='ocrx_word' id='word_1_299' title='bbox 254 2158 329 2184; x_wconf 89' lang='lat' dir='ltr'><strong>tibus</strong></span> <span class='ocrx_word' id='word_1_300' title='bbox 353 2161 444 2185; x_wconf 91' lang='lat' dir='ltr'><strong>tamen</strong></span> <span class='ocrx_word' id='word_1_301' title='bbox 461 2166 522 2186; x_wconf 89' lang='lat' dir='ltr'><strong>eum</strong></span> <span class='ocrx_word' id='word_1_302' title='bbox 542 2160 702 2188; x_wconf 74' lang='lat' dir='ltr'><strong>cmlestibus</strong></span> <span class='ocrx_word' id='word_1_303' title='bbox 713 2161 804 2193; x_wconf 91' lang='lat' dir='ltr'><strong>bonis,</strong></span> <span class='ocrx_word' id='word_1_304' title='bbox 817 2161 967 2189; x_wconf 89' lang='lat' dir='ltr'><strong>secundum</strong></span> <span class='ocrx_word' id='word_1_305' title='bbox 983 2161 1042 2188; x_wconf 60' lang='lat' dir='ltr'><strong>haec</strong></span> 
     </span>
    </p>
   </div>
   <div class='ocr_carea' id='block_1_46' title="bbox 252 2203 1041 2241">
    <p class='ocr_par' dir='ltr' id='par_1_46' title="bbox 252 2203 1041 2241">
     <span class='ocr_line' id='line_1_46' title="bbox 252 2203 1041 2241; baseline 0.004 -11"><span class='ocrx_word' id='word_1_306' title='bbox 252 2204 407 2239; x_wconf 88' lang='lat' dir='ltr'><strong>promissis.</strong></span> <span class='ocrx_word' id='word_1_307' title='bbox 428 2203 474 2232; x_wconf 84' lang='lat' dir='ltr'><strong>His</strong></span> <span class='ocrx_word' id='word_1_308' title='bbox 501 2205 658 2241; x_wconf 74' lang='lat' dir='ltr'><strong>subiungit:</strong></span> <span class='ocrx_word' id='word_1_309' title='bbox 677 2205 713 2232; x_wconf 85' lang='lat' dir='ltr'><strong>Et</strong></span> <span class='ocrx_word' id='word_1_310' title='bbox 741 2215 793 2233; x_wconf 84' lang='lat' dir='ltr'><strong>non</strong></span> <span class='ocrx_word' id='word_1_311' title='bbox 825 2206 914 2233; x_wconf 87' lang='lat' dir='ltr'><strong>tradat</strong></span> <span class='ocrx_word' id='word_1_312' title='bbox 933 2215 990 2233; x_wconf 84' lang='lat' dir='ltr'><strong>eum</strong></span> <span class='ocrx_word' id='word_1_313' title='bbox 1012 2207 1041 2233; x_wconf 86' lang='lat' dir='ltr'><strong>in</strong></span> 
     </span>
    </p>
   </div>
   <div class='ocr_carea' id='block_1_47' title="bbox 1055 1580 1077 1608">
    <p class='ocr_par' dir='ltr' id='par_1_47' title="bbox 1055 1580 1077 1608">
     <span class='ocr_line' id='line_1_47' title="bbox 1055 1580 1077 1608; baseline 0 0"><span class='ocrx_word' id='word_1_314' title='bbox 1055 1580 1077 1608; x_wconf 86' lang='lat' dir='ltr'><strong><em>C</em></strong></span> 
     </span>
    </p>
   </div>
   <div class='ocr_carea' id='block_1_48' title="bbox 1101 273 1882 314">
    <p class='ocr_par' dir='ltr' id='par_1_48' title="bbox 1101 273 1882 314">
     <span class='ocr_line' id='line_1_48' title="bbox 1101 273 1882 314; baseline -0.01 -9"><span class='ocrx_word' id='word_1_315' title='bbox 1101 279 1209 314; x_wconf 82' lang='grc' dir='ltr'>ἀληθῶς</span> <span class='ocrx_word' id='word_1_316' title='bbox 1222 280 1254 314; x_wconf 85' lang='grc' dir='ltr'>τῇ</span> <span class='ocrx_word' id='word_1_317' title='bbox 1279 277 1397 305; x_wconf 75' lang='grc' dir='ltr'>διαθέσει</span> <span class='ocrx_word' id='word_1_318' title='bbox 1422 276 1584 311; x_wconf 68' lang='grc' dir='ltr'>πτωχεύων*</span> <span class='ocrx_word' id='word_1_319' title='bbox 1601 275 1695 300; x_wconf 74' lang='grc' dir='ltr'>τούτου</span> <span class='ocrx_word' id='word_1_320' title='bbox 1719 274 1798 309; x_wconf 77' lang='grc' dir='ltr'>χάριν</span> <span class='ocrx_word' id='word_1_321' title='bbox 1822 273 1882 298; x_wconf 81' lang='grc' dir='ltr'>ἐπι-</span> 
     </span>
    </p>
   </div>
   <div class='ocr_carea' id='block_1_49' title="bbox 1101 317 1881 360">
    <p class='ocr_par' dir='ltr' id='par_1_49' title="bbox 1101 317 1881 360">
     <span class='ocr_line' id='line_1_49' title="bbox 1101 317 1881 360; baseline -0.01 -9"><span class='ocrx_word' id='word_1_322' title='bbox 1101 325 1235 360; x_wconf 82' lang='grc' dir='ltr'>συνῆπται</span> <span class='ocrx_word' id='word_1_323' title='bbox 1247 325 1260 350; x_wconf 86' lang='grc' dir='ltr'>ὁ</span> <span class='ocrx_word' id='word_1_324' title='bbox 1273 323 1367 360; x_wconf 81' lang='grc' dir='ltr'>παρὼν</span> <span class='ocrx_word' id='word_1_325' title='bbox 1384 323 1497 358; x_wconf 73' lang='grc' dir='ltr'>ψαλμὸς,</span> <span class='ocrx_word' id='word_1_326' title='bbox 1515 319 1671 356; x_wconf 78' lang='grc' dir='ltr'><strong>μακαρίζων</strong></span> <span class='ocrx_word' id='word_1_327' title='bbox 1684 319 1729 345; x_wconf 77' lang='grc' dir='ltr'>τοῦ</span> <span class='ocrx_word' id='word_1_328' title='bbox 1747 317 1881 350; x_wconf 76' lang='grc' dir='ltr'>συνιέντος</span> 
     </span>
    </p>
   </div>
   <div class='ocr_carea' id='block_1_50' title="bbox 1101 362 1881 403">
    <p class='ocr_par' dir='ltr' id='par_1_50' title="bbox 1101 362 1881 403">
     <span class='ocr_line' id='line_1_50' title="bbox 1101 362 1881 403; baseline -0.013 -5"><span class='ocrx_word' id='word_1_329' title='bbox 1101 371 1147 398; x_wconf 73' lang='grc' dir='ltr'>ἐπὶ</span> <span class='ocrx_word' id='word_1_330' title='bbox 1162 371 1206 397; x_wconf 81' lang='grc' dir='ltr'>τὸν</span> <span class='ocrx_word' id='word_1_331' title='bbox 1223 370 1293 396; x_wconf 78' lang='grc' dir='ltr'>οὓτω</span> <span class='ocrx_word' id='word_1_332' title='bbox 1318 369 1434 403; x_wconf 82' lang='grc' dir='ltr'>πτωχόν.</span> <span class='ocrx_word' id='word_1_333' title='bbox 1455 368 1490 393; x_wconf 82' lang='grc' dir='ltr'><strong>Τὸ</strong></span> <span class='ocrx_word' id='word_1_334' title='bbox 1504 367 1531 394; x_wconf 79' lang='grc' dir='ltr'>δὲ</span> <span class='ocrx_word' id='word_1_335' title='bbox 1542 387 1549 399; x_wconf 86' lang='grc'>,</span> <span class='ocrx_word' id='word_1_336' title='bbox 1569 366 1681 399; x_wconf 79' lang='grc' dir='ltr'>πένητα</span> <span class='ocrx_word' id='word_1_337' title='bbox 1692 386 1699 398; x_wconf 83' lang='lat'><strong>,</strong></span> <span class='ocrx_word' id='word_1_338' title='bbox 1724 363 1784 390; x_wconf 72' lang='grc' dir='ltr'>οὗτε</span> <span class='ocrx_word' id='word_1_339' title='bbox 1798 365 1825 390; x_wconf 82' lang='grc' dir='ltr'><strong>ὲν</strong></span> <span class='ocrx_word' id='word_1_340' title='bbox 1841 362 1881 398; x_wconf 76' lang='grc' dir='ltr'><strong>τῷ</strong></span> 
     </span>
    </p>
   </div>
   <div class='ocr_carea' id='block_1_51' title="bbox 1104 410 1882 453">
    <p class='ocr_par' dir='ltr' id='par_1_51' title="bbox 1104 410 1882 453">
     <span class='ocr_line' id='line_1_51' title="bbox 1104 410 1882 453; baseline -0.01 -9"><span class='ocrx_word' id='word_1_341' title='bbox 1104 417 1248 453; x_wconf 78' lang='grc' dir='ltr'><strong>Ἐϐραῖκῴ,</strong></span> <span class='ocrx_word' id='word_1_342' title='bbox 1263 416 1323 442; x_wconf 72' lang='grc' dir='ltr'>οὔτε</span> <span class='ocrx_word' id='word_1_343' title='bbox 1340 416 1414 451; x_wconf 80' lang='grc' dir='ltr'>παρὰ</span> <span class='ocrx_word' id='word_1_344' title='bbox 1430 416 1484 446; x_wconf 85' lang='grc' dir='ltr'>τοῖς</span> <span class='ocrx_word' id='word_1_345' title='bbox 1492 414 1592 445; x_wconf 76' lang='grc' dir='ltr'>λοιποῖς</span> <span class='ocrx_word' id='word_1_346' title='bbox 1609 413 1784 448; x_wconf 77' lang='grc' dir='ltr'>ἑρμηνευταῖς</span> <span class='ocrx_word' id='word_1_347' title='bbox 1798 410 1882 446; x_wconf 73' lang='grc' dir='ltr'><strong>ἐμφι-</strong></span> 
     </span>
    </p>
   </div>
   <div class='ocr_carea' id='block_1_52' title="bbox 1099 457 1881 500">
    <p class='ocr_par' dir='ltr' id='par_1_52' title="bbox 1099 457 1881 500">
     <span class='ocr_line' id='line_1_52' title="bbox 1099 457 1881 500; baseline -0.012 -9"><span class='ocrx_word' id='word_1_348' title='bbox 1099 472 1184 500; x_wconf 85' lang='grc' dir='ltr'>ρεται.</span> <span class='ocrx_word' id='word_1_349' title='bbox 1200 463 1256 490; x_wconf 79' lang='grc' dir='ltr'>Καὶ</span> <span class='ocrx_word' id='word_1_350' title='bbox 1273 462 1342 489; x_wconf 75' lang='grc' dir='ltr'>κατὰ</span> <span class='ocrx_word' id='word_1_351' title='bbox 1354 463 1485 497; x_wconf 75' lang='grc' dir='ltr'><strong>τετάρτην</strong></span> <span class='ocrx_word' id='word_1_352' title='bbox 1497 460 1613 487; x_wconf 76' lang='grc' dir='ltr'>διάνοιαν</span> <span class='ocrx_word' id='word_1_353' title='bbox 1627 459 1696 485; x_wconf 77' lang='grc' dir='ltr'>εἴποι</span> <span class='ocrx_word' id='word_1_354' title='bbox 1707 467 1748 490; x_wconf 85' lang='grc' dir='ltr'><strong>τις</strong></span> <span class='ocrx_word' id='word_1_355' title='bbox 1764 457 1796 484; x_wconf 80' lang='grc' dir='ltr'>ἂν</span> <span class='ocrx_word' id='word_1_356' title='bbox 1812 466 1881 491; x_wconf 87' lang='grc' dir='ltr'>γνω-</span> 
     </span>
    </p>
   </div>
   <div class='ocr_carea' id='block_1_53' title="bbox 1100 503 1880 545">
    <p class='ocr_par' dir='ltr' id='par_1_53' title="bbox 1100 503 1880 545">
     <span class='ocr_line' id='line_1_53' title="bbox 1100 503 1880 545; baseline -0.009 -8"><span class='ocrx_word' id='word_1_357' title='bbox 1100 510 1208 545; x_wconf 83' lang='grc' dir='ltr'>μονικὸν</span> <span class='ocrx_word' id='word_1_358' title='bbox 1236 507 1304 535; x_wconf 79' lang='grc' dir='ltr'>εἶναι</span> <span class='ocrx_word' id='word_1_359' title='bbox 1319 509 1363 535; x_wconf 78' lang='grc' dir='ltr'><strong>τὸν</strong></span> <span class='ocrx_word' id='word_1_360' title='bbox 1379 509 1455 542; x_wconf 78' lang='grc' dir='ltr'>λόγον</span> <span class='ocrx_word' id='word_1_361' title='bbox 1471 507 1516 534; x_wconf 80' lang='grc' dir='ltr'><strong>καὶ</strong></span> <span class='ocrx_word' id='word_1_362' title='bbox 1531 505 1718 542; x_wconf 81' lang='grc' dir='ltr'>παραινετικὺν</span> <span class='ocrx_word' id='word_1_363' title='bbox 1730 503 1880 538; x_wconf 83' lang='grc' dir='ltr'>φιλανθρω-</span> 
     </span>
    </p>
   </div>
   <div class='ocr_carea' id='block_1_54' title="bbox 1098 549 1881 590">
    <p class='ocr_par' dir='ltr' id='par_1_54' title="bbox 1098 549 1881 590">
     <span class='ocr_line' id='line_1_54' title="bbox 1098 549 1881 590; baseline -0.01 -7"><span class='ocrx_word' id='word_1_364' title='bbox 1098 557 1163 587; x_wconf 84' lang='grc' dir='ltr'>πίας</span> <span class='ocrx_word' id='word_1_365' title='bbox 1179 555 1227 582; x_wconf 75' lang='grc' dir='ltr'>καὶ</span> <span class='ocrx_word' id='word_1_366' title='bbox 1244 555 1438 590; x_wconf 74' lang='grc' dir='ltr'>φιλοπτωχίας.</span> <span class='ocrx_word' id='word_1_367' title='bbox 1456 553 1589 588; x_wconf 76' lang='grc' dir='ltr'>Προσήκει</span> <span class='ocrx_word' id='word_1_368' title='bbox 1606 551 1659 587; x_wconf 79' lang='grc' dir='ltr'>γὰρ</span> <span class='ocrx_word' id='word_1_369' title='bbox 1672 551 1717 577; x_wconf 79' lang='grc' dir='ltr'>ἐπὶ</span> <span class='ocrx_word' id='word_1_370' title='bbox 1730 549 1784 576; x_wconf 90' lang='grc' dir='ltr'><strong>τῶν</strong></span> <span class='ocrx_word' id='word_1_371' title='bbox 1801 549 1881 576; x_wconf 62' lang='grc' dir='ltr'>κοινός</span> 
     </span>
    </p>
   </div>
   <div class='ocr_carea' id='block_1_55' title="bbox 1098 593 1880 638">
    <p class='ocr_par' dir='ltr' id='par_1_55' title="bbox 1098 593 1880 638">
     <span class='ocr_line' id='line_1_55' title="bbox 1098 593 1880 638; baseline -0.01 -9"><span class='ocrx_word' id='word_1_372' title='bbox 1098 611 1175 638; x_wconf 82' lang='grc' dir='ltr'>τερον</span> <span class='ocrx_word' id='word_1_373' title='bbox 1190 601 1342 637; x_wconf 82' lang='grc' dir='ltr'>λεγομένων</span> <span class='ocrx_word' id='word_1_374' title='bbox 1362 599 1477 635; x_wconf 82' lang='grc' dir='ltr'><strong>πτωχῶν</strong></span> <span class='ocrx_word' id='word_1_375' title='bbox 1501 597 1720 633; x_wconf 75' lang='grc' dir='ltr'>συμπαϐητικοὺς</span> <span class='ocrx_word' id='word_1_376' title='bbox 1743 593 1811 622; x_wconf 75' lang='grc' dir='ltr'>εἶναι</span> <span class='ocrx_word' id='word_1_377' title='bbox 1833 595 1880 622; x_wconf 80' lang='grc' dir='ltr'>καὶ</span> 
     </span>
    </p>
   </div>
   <div class='ocr_carea' id='block_1_56' title="bbox 1100 643 1880 684">
    <p class='ocr_par' dir='ltr' id='par_1_56' title="bbox 1100 643 1880 684">
     <span class='ocr_line' id='line_1_56' title="bbox 1100 643 1880 684; baseline -0.01 -9"><span class='ocrx_word' id='word_1_378' title='bbox 1100 648 1300 684; x_wconf 77' lang='grc' dir='ltr'>μεταδοτικοὺς,</span> <span class='ocrx_word' id='word_1_379' title='bbox 1320 647 1467 677; x_wconf 74' lang='grc' dir='ltr'><strong>συνιέντας,</strong></span> <span class='ocrx_word' id='word_1_380' title='bbox 1484 645 1520 676; x_wconf 79' lang='grc' dir='ltr'>ὡς</span> <span class='ocrx_word' id='word_1_381' title='bbox 1541 645 1554 670; x_wconf 86' lang='grc' dir='ltr'>ὁ</span> <span class='ocrx_word' id='word_1_382' title='bbox 1576 643 1674 679; x_wconf 78' lang='grc' dir='ltr'>κρίνων</span> <span class='ocrx_word' id='word_1_383' title='bbox 1689 643 1786 673; x_wconf 75' lang='grc' dir='ltr'>αὐτοὺς</span> <span class='ocrx_word' id='word_1_384' title='bbox 1808 650 1880 668; x_wconf 82' lang='grc' dir='ltr'>πτω-</span> 
     </span>
    </p>
   </div>
   <div class='ocr_carea' id='block_1_57' title="bbox 1098 687 1879 729">
    <p class='ocr_par' dir='ltr' id='par_1_57' title="bbox 1098 687 1879 729">
     <span class='ocr_line' id='line_1_57' title="bbox 1098 687 1879 729; baseline -0.009 -9"><span class='ocrx_word' id='word_1_385' title='bbox 1098 693 1186 729; x_wconf 85' lang='grc' dir='ltr'>χεύειν</span> <span class='ocrx_word' id='word_1_386' title='bbox 1197 693 1262 724; x_wconf 72' lang='grc' dir='ltr'>Θεὸς</span> <span class='ocrx_word' id='word_1_387' title='bbox 1273 694 1312 724; x_wconf 86' lang='grc' dir='ltr'><strong>είς</strong></span> <span class='ocrx_word' id='word_1_388' title='bbox 1325 692 1425 727; x_wconf 78' lang='grc' dir='ltr'>ταύτην</span> <span class='ocrx_word' id='word_1_389' title='bbox 1439 691 1535 722; x_wconf 66' lang='grc' dir='ltr'>αὐτοὺς</span> <span class='ocrx_word' id='word_1_390' title='bbox 1547 691 1632 725; x_wconf 74' lang='grc' dir='ltr'>ἤγαγε</span> <span class='ocrx_word' id='word_1_391' title='bbox 1647 688 1694 723; x_wconf 80' lang='grc' dir='ltr'>τὴν</span> <span class='ocrx_word' id='word_1_392' title='bbox 1706 687 1879 715; x_wconf 62' lang='grc' dir='ltr'>κατάστασιν</span> 
     </span>
    </p>
   </div>
   <div class='ocr_carea' id='block_1_58' title="bbox 1097 735 1881 776">
    <p class='ocr_par' dir='ltr' id='par_1_58' title="bbox 1097 735 1881 776">
     <span class='ocr_line' id='line_1_58' title="bbox 1097 735 1881 776; baseline -0.01 -9"><span class='ocrx_word' id='word_1_393' title='bbox 1097 740 1164 776; x_wconf 74' lang='grc' dir='ltr'>ὁμοῦ</span> <span class='ocrx_word' id='word_1_394' title='bbox 1194 740 1242 776; x_wconf 83' lang='grc' dir='ltr'><strong>μὲν</strong></span> <span class='ocrx_word' id='word_1_395' title='bbox 1269 741 1314 766; x_wconf 75' lang='grc' dir='ltr'><strong>καὶ</strong></span> <span class='ocrx_word' id='word_1_396' title='bbox 1341 740 1437 770; x_wconf 73' lang='grc' dir='ltr'>αὐτοὺς</span> <span class='ocrx_word' id='word_1_397' title='bbox 1459 738 1603 773; x_wconf 76' lang='grc' dir='ltr'>γυμνάζων</span> <span class='ocrx_word' id='word_1_398' title='bbox 1615 736 1658 763; x_wconf 76' lang='grc' dir='ltr'><strong>διὰ</strong></span> <span class='ocrx_word' id='word_1_399' title='bbox 1670 735 1720 770; x_wconf 81' lang='grc' dir='ltr'>τῆς</span> <span class='ocrx_word' id='word_1_400' title='bbox 1734 735 1881 770; x_wconf 81' lang='grc' dir='ltr'>πτωχείας,</span> 
     </span>
    </p>
   </div>
   <div class='ocr_carea' id='block_1_59' title="bbox 1096 782 1882 824">
    <p class='ocr_par' dir='ltr' id='par_1_59' title="bbox 1096 782 1882 824">
     <span class='ocr_line' id='line_1_59' title="bbox 1096 782 1882 824; baseline -0.01 -9"><span class='ocrx_word' id='word_1_401' title='bbox 1096 788 1163 824; x_wconf 68' lang='grc' dir='ltr'>ὁμοῦ</span> <span class='ocrx_word' id='word_1_402' title='bbox 1175 788 1203 815; x_wconf 77' lang='grc' dir='ltr'><strong>δὲ</strong></span> <span class='ocrx_word' id='word_1_403' title='bbox 1215 788 1261 814; x_wconf 77' lang='grc' dir='ltr'><strong>καὶ</strong></span> <span class='ocrx_word' id='word_1_404' title='bbox 1277 788 1340 818; x_wconf 76' lang='grc' dir='ltr'>τοὺς</span> <span class='ocrx_word' id='word_1_405' title='bbox 1356 788 1384 813; x_wconf 85' lang='grc' dir='ltr'><strong>ὲν</strong></span> <span class='ocrx_word' id='word_1_406' title='bbox 1398 785 1540 821; x_wconf 66' lang='grc' dir='ltr'>περιουσία</span> <span class='ocrx_word' id='word_1_407' title='bbox 1555 783 1612 819; x_wconf 72' lang='grc' dir='ltr'>βίου</span> <span class='ocrx_word' id='word_1_408' title='bbox 1624 783 1744 817; x_wconf 69' lang='grc' dir='ltr'>καρποὺς</span> <span class='ocrx_word' id='word_1_409' title='bbox 1759 782 1807 817; x_wconf 77' lang='grc' dir='ltr'>τῆς</span> <span class='ocrx_word' id='word_1_410' title='bbox 1819 782 1882 808; x_wconf 77' lang='grc' dir='ltr'>ἑαυ-</span> 
     </span>
    </p>
   </div>
   <div class='ocr_carea' id='block_1_60' title="bbox 1096 826 1882 867">
    <p class='ocr_par' dir='ltr' id='par_1_60' title="bbox 1096 826 1882 867">
     <span class='ocr_line' id='line_1_60' title="bbox 1096 826 1882 867; baseline -0.009 -8"><span class='ocrx_word' id='word_1_411' title='bbox 1096 833 1150 859; x_wconf 87' lang='grc' dir='ltr'><strong>τῶν</strong></span> <span class='ocrx_word' id='word_1_412' title='bbox 1162 832 1346 867; x_wconf 77' lang='grc' dir='ltr'>προαιρέσεως</span> <span class='ocrx_word' id='word_1_413' title='bbox 1368 830 1496 865; x_wconf 82' lang='grc' dir='ltr'>παρέχειν</span> <span class='ocrx_word' id='word_1_414' title='bbox 1512 829 1555 855; x_wconf 78' lang='grc' dir='ltr'>διὰ</span> <span class='ocrx_word' id='word_1_415' title='bbox 1568 829 1617 864; x_wconf 82' lang='grc' dir='ltr'><strong>τῆς</strong></span> <span class='ocrx_word' id='word_1_416' title='bbox 1638 828 1676 859; x_wconf 83' lang='grc' dir='ltr'><strong>εἰς</strong></span> <span class='ocrx_word' id='word_1_417' title='bbox 1699 827 1762 859; x_wconf 68' lang='grc' dir='ltr'>τοὺς</span> <span class='ocrx_word' id='word_1_418' title='bbox 1784 826 1882 857; x_wconf 75' lang='grc' dir='ltr'>ἐνδεεῖς</span> 
     </span>
    </p>
   </div>
   <div class='ocr_carea' id='block_1_61' title="bbox 1097 871 1881 912">
    <p class='ocr_par' dir='ltr' id='par_1_61' title="bbox 1097 871 1881 912">
     <span class='ocr_line' id='line_1_61' title="bbox 1097 871 1881 912; baseline -0.011 -7"><span class='ocrx_word' id='word_1_419' title='bbox 1097 878 1239 910; x_wconf 80' lang='grc' dir='ltr'>κοινωνίας</span> <span class='ocrx_word' id='word_1_420' title='bbox 1255 876 1461 912; x_wconf 74' lang='grc' dir='ltr'>βεϐουλημένος.</span> <span class='ocrx_word' id='word_1_421' title='bbox 1476 873 1637 909; x_wconf 77' lang='grc' dir='ltr'>Πειραζεται</span> <span class='ocrx_word' id='word_1_422' title='bbox 1651 872 1715 907; x_wconf 77' lang='grc' dir='ltr'>γοῦν</span> <span class='ocrx_word' id='word_1_423' title='bbox 1731 872 1744 898; x_wconf 83' lang='grc' dir='ltr'>ὁ</span> <span class='ocrx_word' id='word_1_424' title='bbox 1755 871 1881 902; x_wconf 78' lang='grc' dir='ltr'>πλούσιος</span> 
     </span>
    </p>
   </div>
   <div class='ocr_carea' id='block_1_62' title="bbox 1096 917 1881 958">
    <p class='ocr_par' dir='ltr' id='par_1_62' title="bbox 1096 917 1881 958">
     <span class='ocr_line' id='line_1_62' title="bbox 1096 917 1881 958; baseline -0.011 -7"><span class='ocrx_word' id='word_1_425' title='bbox 1096 924 1138 951; x_wconf 72' lang='grc' dir='ltr'><strong>διὰ</strong></span> <span class='ocrx_word' id='word_1_426' title='bbox 1149 924 1195 951; x_wconf 84' lang='grc' dir='ltr'>τοῦ</span> <span class='ocrx_word' id='word_1_427' title='bbox 1212 924 1338 958; x_wconf 77' lang='grc' dir='ltr'><strong>πένητος,</strong></span> <span class='ocrx_word' id='word_1_428' title='bbox 1350 923 1404 949; x_wconf 75' lang='grc' dir='ltr'>εἴτε</span> <span class='ocrx_word' id='word_1_429' title='bbox 1418 931 1459 953; x_wconf 85' lang='grc' dir='ltr'><strong>τις</strong></span> <span class='ocrx_word' id='word_1_430' title='bbox 1475 920 1588 956; x_wconf 75' lang='grc' dir='ltr'>ἁνηλεὴς</span> <span class='ocrx_word' id='word_1_431' title='bbox 1610 919 1657 946; x_wconf 68' lang='grc' dir='ltr'>καὶ</span> <span class='ocrx_word' id='word_1_432' title='bbox 1676 917 1881 953; x_wconf 74' lang='grc' dir='ltr'>ἀςυμπάϐητος,</span> 
     </span>
    </p>
   </div>
   <div class='ocr_carea' id='block_1_63' title="bbox 1096 963 1881 1004">
    <p class='ocr_par' dir='ltr' id='par_1_63' title="bbox 1096 963 1881 1004">
     <span class='ocr_line' id='line_1_63' title="bbox 1096 963 1881 1004; baseline -0.011 -7"><span class='ocrx_word' id='word_1_433' title='bbox 1096 971 1143 997; x_wconf 75' lang='grc' dir='ltr'><strong>καὶ</strong></span> <span class='ocrx_word' id='word_1_434' title='bbox 1160 970 1330 1004; x_wconf 76' lang='grc' dir='ltr'>ἄσπλαγχνος</span> <span class='ocrx_word' id='word_1_435' title='bbox 1347 969 1389 1004; x_wconf 74' lang='grc' dir='ltr'>εἴη</span> <span class='ocrx_word' id='word_1_436' title='bbox 1400 989 1406 1001; x_wconf 87' lang='grc'><em>,</em></span> <span class='ocrx_word' id='word_1_437' title='bbox 1421 967 1475 994; x_wconf 80' lang='grc' dir='ltr'>εἴτε</span> <span class='ocrx_word' id='word_1_438' title='bbox 1494 966 1680 1002; x_wconf 73' lang='grc' dir='ltr'>φιλάνθρωπος</span> <span class='ocrx_word' id='word_1_439' title='bbox 1702 964 1747 990; x_wconf 74' lang='grc' dir='ltr'><strong>καὶ</strong></span> <span class='ocrx_word' id='word_1_440' title='bbox 1768 963 1881 998; x_wconf 84' lang='grc' dir='ltr'>ἐλεημο-</span> 
     </span>
    </p>
   </div>
   <div class='ocr_carea' id='block_1_64' title="bbox 1096 1007 1880 1049">
    <p class='ocr_par' dir='ltr' id='par_1_64' title="bbox 1096 1007 1880 1049">
     <span class='ocr_line' id='line_1_64' title="bbox 1096 1007 1880 1049; baseline -0.013 -5"><span class='ocrx_word' id='word_1_441' title='bbox 1096 1017 1180 1049; x_wconf 81' lang='grc' dir='ltr'>νιχός.</span> <span class='ocrx_word' id='word_1_442' title='bbox 1195 1016 1240 1043; x_wconf 81' lang='grc' dir='ltr'><strong>Διὸ</strong></span> <span class='ocrx_word' id='word_1_443' title='bbox 1256 1016 1338 1047; x_wconf 76' lang='grc' dir='ltr'>πολὺς</span> <span class='ocrx_word' id='word_1_444' title='bbox 1353 1016 1366 1041; x_wconf 80' lang='grc' dir='ltr'>ὁ</span> <span class='ocrx_word' id='word_1_445' title='bbox 1390 1014 1453 1049; x_wconf 81' lang='grc' dir='ltr'>περὶ</span> <span class='ocrx_word' id='word_1_446' title='bbox 1477 1013 1530 1039; x_wconf 83' lang='grc' dir='ltr'><strong>τῶν</strong></span> <span class='ocrx_word' id='word_1_447' title='bbox 1547 1012 1669 1046; x_wconf 77' lang='grc' dir='ltr'>πενήτων</span> <span class='ocrx_word' id='word_1_448' title='bbox 1695 1010 1741 1036; x_wconf 80' lang='grc' dir='ltr'>καὶ</span> <span class='ocrx_word' id='word_1_449' title='bbox 1765 1007 1880 1043; x_wconf 83' lang='grc' dir='ltr'>πτωχῶν</span> 
     </span>
    </p>
   </div>
   <div class='ocr_carea' id='block_1_65' title="bbox 1095 1052 1879 1096">
    <p class='ocr_par' dir='ltr' id='par_1_65' title="bbox 1095 1052 1879 1096">
     <span class='ocr_line' id='line_1_65' title="bbox 1095 1052 1879 1096; baseline -0.013 -8"><span class='ocrx_word' id='word_1_450' title='bbox 1095 1061 1173 1096; x_wconf 78' lang='grc' dir='ltr'>λόγος</span> <span class='ocrx_word' id='word_1_451' title='bbox 1188 1063 1216 1088; x_wconf 84' lang='grc' dir='ltr'>ὲν</span> <span class='ocrx_word' id='word_1_452' title='bbox 1228 1063 1283 1092; x_wconf 82' lang='grc' dir='ltr'>τοῖς</span> <span class='ocrx_word' id='word_1_453' title='bbox 1298 1060 1380 1090; x_wconf 84' lang='grc' dir='ltr'>Οείοις</span> <span class='ocrx_word' id='word_1_454' title='bbox 1401 1057 1617 1093; x_wconf 77' lang='grc' dir='ltr'>παραγγέλμασι.</span> <span class='ocrx_word' id='word_1_455' title='bbox 1644 1055 1699 1081; x_wconf 69' lang='grc' dir='ltr'><strong>Καὶ</strong></span> <span class='ocrx_word' id='word_1_456' title='bbox 1721 1053 1790 1080; x_wconf 77' lang='grc' dir='ltr'>κατὰ</span> <span class='ocrx_word' id='word_1_457' title='bbox 1807 1052 1879 1087; x_wconf 82' lang='grc' dir='ltr'>πέμ-</span> 
     </span>
    </p>
   </div>
   <div class='ocr_carea' id='block_1_66' title="bbox 1096 1097 1880 1143">
    <p class='ocr_par' dir='ltr' id='par_1_66' title="bbox 1096 1097 1880 1143">
     <span class='ocr_line' id='line_1_66' title="bbox 1096 1097 1880 1143; baseline -0.015 -8"><span class='ocrx_word' id='word_1_458' title='bbox 1096 1117 1166 1143; x_wconf 82' lang='grc' dir='ltr'>πτην</span> <span class='ocrx_word' id='word_1_459' title='bbox 1185 1107 1212 1133; x_wconf 82' lang='grc' dir='ltr'><strong>δὲ</strong></span> <span class='ocrx_word' id='word_1_460' title='bbox 1224 1107 1342 1133; x_wconf 77' lang='grc' dir='ltr'>διάνοιαν</span> <span class='ocrx_word' id='word_1_461' title='bbox 1357 1104 1420 1132; x_wconf 83' lang='grc' dir='ltr'>ἄλλο</span> <span class='ocrx_word' id='word_1_462' title='bbox 1435 1105 1526 1138; x_wconf 75' lang='grc' dir='ltr'>τάγμα</span> <span class='ocrx_word' id='word_1_463' title='bbox 1542 1101 1656 1136; x_wconf 78' lang='grc' dir='ltr'>πτωχῶν</span> <span class='ocrx_word' id='word_1_464' title='bbox 1672 1100 1761 1135; x_wconf 72' lang='grc' dir='ltr'>εὕροις</span> <span class='ocrx_word' id='word_1_465' title='bbox 1783 1098 1816 1125; x_wconf 80' lang='grc' dir='ltr'><strong>ἂν</strong></span> <span class='ocrx_word' id='word_1_466' title='bbox 1826 1118 1833 1131; x_wconf 92' lang='grc'>,</span> <span class='ocrx_word' id='word_1_467' title='bbox 1848 1097 1880 1124; x_wconf 67' lang='grc' dir='ltr'>τὺ</span> 
     </span>
    </p>
   </div>
   <div class='ocr_carea' id='block_1_67' title="bbox 1096 1144 1879 1187">
    <p class='ocr_par' dir='ltr' id='par_1_67' title="bbox 1096 1144 1879 1187">
     <span class='ocr_line' id='line_1_67' title="bbox 1096 1144 1879 1187; baseline -0.013 -7"><span class='ocrx_word' id='word_1_468' title='bbox 1096 1153 1149 1180; x_wconf 82' lang='grc' dir='ltr'><strong>ὑπὸ</strong></span> <span class='ocrx_word' id='word_1_469' title='bbox 1162 1153 1207 1180; x_wconf 82' lang='grc' dir='ltr'>τοῦ</span> <span class='ocrx_word' id='word_1_470' title='bbox 1221 1152 1345 1187; x_wconf 83' lang='grc' dir='ltr'>Σωτῆρος</span> <span class='ocrx_word' id='word_1_471' title='bbox 1364 1149 1577 1186; x_wconf 75' lang='grc' dir='ltr'>μακαριζόμενον</span> <span class='ocrx_word' id='word_1_472' title='bbox 1590 1146 1659 1174; x_wconf 74' lang='grc' dir='ltr'>κατὰ</span> <span class='ocrx_word' id='word_1_473' title='bbox 1676 1147 1719 1172; x_wconf 80' lang='grc' dir='ltr'>τό·</span> <span class='ocrx_word' id='word_1_474' title='bbox 1735 1144 1879 1178; x_wconf 79' lang='grc' dir='ltr'>Μακάριοι</span> 
     </span>
    </p>
   </div>
   <div class='ocr_carea' id='block_1_68' title="bbox 1095 1189 1880 1231">
    <p class='ocr_par' dir='ltr' id='par_1_68' title="bbox 1095 1189 1880 1231">
     <span class='ocr_line' id='line_1_68' title="bbox 1095 1189 1880 1231; baseline -0.014 -6"><span class='ocrx_word' id='word_1_475' title='bbox 1095 1201 1122 1225; x_wconf 77' lang='grc' dir='ltr'>οἱ</span> <span class='ocrx_word' id='word_1_476' title='bbox 1137 1197 1248 1231; x_wconf 79' lang='grc' dir='ltr'>πτωχοὶ</span> <span class='ocrx_word' id='word_1_477' title='bbox 1264 1196 1303 1229; x_wconf 80' lang='grc' dir='ltr'>τῷ</span> <span class='ocrx_word' id='word_1_478' title='bbox 1319 1197 1474 1229; x_wconf 73' lang='grc' dir='ltr'>πνεύματι,</span> <span class='ocrx_word' id='word_1_479' title='bbox 1490 1194 1533 1220; x_wconf 71' lang='grc' dir='ltr'>ὅτι</span> <span class='ocrx_word' id='word_1_480' title='bbox 1550 1192 1647 1219; x_wconf 74' lang='grc' dir='ltr'>αὐτῶν</span> <span class='ocrx_word' id='word_1_481' title='bbox 1662 1191 1746 1217; x_wconf 82' lang='grc' dir='ltr'>ἐστιν</span> <span class='ocrx_word' id='word_1_482' title='bbox 1760 1191 1778 1223; x_wconf 72' lang='grc' dir='ltr'><strong><em>ὴ</em></strong></span> <span class='ocrx_word' id='word_1_483' title='bbox 1788 1189 1880 1221; x_wconf 80' lang='grc' dir='ltr'><strong>,ϐασι-</strong></span> 
     </span>
    </p>
   </div>
   <div class='ocr_carea' id='block_1_69' title="bbox 1095 1235 1880 1276">
    <p class='ocr_par' dir='ltr' id='par_1_69' title="bbox 1095 1235 1880 1276">
     <span class='ocr_line' id='line_1_69' title="bbox 1095 1235 1880 1276; baseline -0.015 -4"><span class='ocrx_word' id='word_1_484' title='bbox 1095 1245 1162 1271; x_wconf 72' lang='grc' dir='ltr'>λεία</span> <span class='ocrx_word' id='word_1_485' title='bbox 1175 1243 1233 1270; x_wconf 86' lang='grc' dir='ltr'>τῶν</span> <span class='ocrx_word' id='word_1_486' title='bbox 1247 1242 1382 1276; x_wconf 66' lang='grc' dir='ltr'>οὐρανῶν</span> <span class='ocrx_word' id='word_1_487' title='bbox 1393 1249 1399 1255; x_wconf 88' lang='grc'><strong>·</strong></span> <span class='ocrx_word' id='word_1_488' title='bbox 1424 1241 1453 1266; x_wconf 78' lang='grc' dir='ltr'>ἐν</span> <span class='ocrx_word' id='word_1_489' title='bbox 1466 1237 1505 1271; x_wconf 74' lang='grc' dir='ltr'>οἷς</span> <span class='ocrx_word' id='word_1_490' title='bbox 1518 1240 1579 1269; x_wconf 74' lang='grc' dir='ltr'>τοὺς</span> <span class='ocrx_word' id='word_1_491' title='bbox 1598 1237 1667 1264; x_wconf 75' lang='grc' dir='ltr'>κατὰ</span> <span class='ocrx_word' id='word_1_492' title='bbox 1685 1236 1751 1263; x_wconf 73' lang='grc' dir='ltr'>Θεὸν</span> <span class='ocrx_word' id='word_1_493' title='bbox 1774 1235 1880 1270; x_wconf 77' lang='grc' dir='ltr'>φιλοσο-</span> 
     </span>
    </p>
   </div>
   <div class='ocr_carea' id='block_1_70' title="bbox 1096 1282 1879 1324">
    <p class='ocr_par' dir='ltr' id='par_1_70' title="bbox 1096 1282 1879 1324">
     <span class='ocr_line' id='line_1_70' title="bbox 1096 1282 1879 1324; baseline -0.015 -6"><span class='ocrx_word' id='word_1_494' title='bbox 1096 1291 1222 1324; x_wconf 69' lang='grc' dir='ltr'>φοῦντας,</span> <span class='ocrx_word' id='word_1_495' title='bbox 1239 1289 1285 1316; x_wconf 71' lang='grc' dir='ltr'>καὶ</span> <span class='ocrx_word' id='word_1_496' title='bbox 1297 1288 1345 1323; x_wconf 80' lang='grc' dir='ltr'><strong>τὴν</strong></span> <span class='ocrx_word' id='word_1_497' title='bbox 1358 1287 1446 1313; x_wconf 74' lang='grc' dir='ltr'>ἔνθεον</span> <span class='ocrx_word' id='word_1_498' title='bbox 1461 1287 1575 1321; x_wconf 72' lang='grc' dir='ltr'>ἄσκησιν</span> <span class='ocrx_word' id='word_1_499' title='bbox 1587 1283 1773 1319; x_wconf 77' lang='grc' dir='ltr'>πτωχεύοντας</span> <span class='ocrx_word' id='word_1_500' title='bbox 1790 1282 1804 1307; x_wconf 75' lang='grc' dir='ltr'>ὁ</span> <span class='ocrx_word' id='word_1_501' title='bbox 1822 1282 1879 1307; x_wconf 82' lang='grc' dir='ltr'><strong>Σω-</strong></span> 
     </span>
    </p>
   </div>
   <div class='ocr_carea' id='block_1_71' title="bbox 1093 1327 1879 1372">
    <p class='ocr_par' dir='ltr' id='par_1_71' title="bbox 1093 1327 1879 1372">
     <span class='ocr_line' id='line_1_71' title="bbox 1093 1327 1879 1372; baseline -0.015 -8"><span class='ocrx_word' id='word_1_502' title='bbox 1093 1338 1146 1372; x_wconf 83' lang='grc' dir='ltr'>τὴρ</span> <span class='ocrx_word' id='word_1_503' title='bbox 1165 1335 1345 1372; x_wconf 69' lang='grc' dir='ltr'>ἐμακάριζεν·</span> <span class='ocrx_word' id='word_1_504' title='bbox 1362 1334 1386 1359; x_wconf 86' lang='grc' dir='ltr'>οἳ</span> <span class='ocrx_word' id='word_1_505' title='bbox 1403 1331 1473 1368; x_wconf 78' lang='grc' dir='ltr'>ἦσαν</span> <span class='ocrx_word' id='word_1_506' title='bbox 1482 1333 1505 1358; x_wconf 73' lang='grc' dir='ltr'><strong>οἱ</strong></span> <span class='ocrx_word' id='word_1_507' title='bbox 1517 1330 1598 1357; x_wconf 72' lang='grc' dir='ltr'>αὖτοῦ</span> <span class='ocrx_word' id='word_1_508' title='bbox 1618 1329 1736 1365; x_wconf 78' lang='grc' dir='ltr'>μαθηταὶ</span> <span class='ocrx_word' id='word_1_509' title='bbox 1750 1328 1797 1354; x_wconf 75' lang='grc' dir='ltr'>καὶ</span> <span class='ocrx_word' id='word_1_510' title='bbox 1812 1327 1879 1354; x_wconf 80' lang='grc' dir='ltr'><strong>ἀπό-</strong></span> 
     </span>
    </p>
   </div>
   <div class='ocr_carea' id='block_1_72' title="bbox 1095 1372 1879 1413">
    <p class='ocr_par' dir='ltr' id='par_1_72' title="bbox 1095 1372 1879 1413">
     <span class='ocr_line' id='line_1_72' title="bbox 1095 1372 1879 1413; baseline -0.014 -4"><span class='ocrx_word' id='word_1_511' title='bbox 1095 1382 1191 1409; x_wconf 82' lang='grc' dir='ltr'>στολοι.</span> <span class='ocrx_word' id='word_1_512' title='bbox 1205 1380 1354 1413; x_wconf 64' lang='grc' dir='ltr'>Μακάριος</span> <span class='ocrx_word' id='word_1_513' title='bbox 1365 1377 1409 1405; x_wconf 76' lang='grc' dir='ltr'><strong>οὖν</strong></span> <span class='ocrx_word' id='word_1_514' title='bbox 1422 1380 1437 1404; x_wconf 82' lang='grc' dir='ltr'><em>ὁ</em></span> <span class='ocrx_word' id='word_1_515' title='bbox 1452 1377 1565 1404; x_wconf 74' lang='grc' dir='ltr'>συνιὼν</span> <span class='ocrx_word' id='word_1_516' title='bbox 1575 1376 1622 1402; x_wconf 74' lang='grc' dir='ltr'><strong>ἐπὶ</strong></span> <span class='ocrx_word' id='word_1_517' title='bbox 1635 1373 1762 1408; x_wconf 62' lang='grc' dir='ltr'>πτωχὸν,</span> <span class='ocrx_word' id='word_1_518' title='bbox 1776 1372 1821 1398; x_wconf 75' lang='grc' dir='ltr'><strong>ἐπὶ</strong></span> <span class='ocrx_word' id='word_1_519' title='bbox 1833 1372 1879 1398; x_wconf 62' lang='grc' dir='ltr'>τὴν</span> 
     </span>
    </p>
   </div>
   <div class='ocr_carea' id='block_1_73' title="bbox 1093 1417 1879 1462">
    <p class='ocr_par' dir='ltr' id='par_1_73' title="bbox 1093 1417 1879 1462">
     <span class='ocr_line' id='line_1_73' title="bbox 1093 1417 1879 1462; baseline -0.014 -7"><span class='ocrx_word' id='word_1_520' title='bbox 1093 1428 1165 1455; x_wconf 78' lang='grc' dir='ltr'>οὕτω</span> <span class='ocrx_word' id='word_1_521' title='bbox 1189 1427 1294 1462; x_wconf 79' lang='grc' dir='ltr'>πτωχὸν</span> <span class='ocrx_word' id='word_1_522' title='bbox 1319 1425 1366 1452; x_wconf 72' lang='grc' dir='ltr'><strong>καὶ</strong></span> <span class='ocrx_word' id='word_1_523' title='bbox 1388 1424 1506 1459; x_wconf 77' lang='grc' dir='ltr'>πένητα·</span> <span class='ocrx_word' id='word_1_524' title='bbox 1521 1422 1570 1457; x_wconf 79' lang='grc' dir='ltr'><strong>τῆς</strong></span> <span class='ocrx_word' id='word_1_525' title='bbox 1586 1421 1690 1455; x_wconf 77' lang='grc' dir='ltr'>ἀγαθῆς</span> <span class='ocrx_word' id='word_1_526' title='bbox 1709 1419 1810 1454; x_wconf 79' lang='grc' dir='ltr'>ταύτης</span> <span class='ocrx_word' id='word_1_527' title='bbox 1833 1417 1879 1444; x_wconf 67' lang='grc' dir='ltr'>καὶ</span> 
     </span>
    </p>
   </div>
   <div class='ocr_carea' id='block_1_74' title="bbox 1093 1464 1879 1511">
    <p class='ocr_par' dir='ltr' id='par_1_74' title="bbox 1093 1464 1879 1511">
     <span class='ocr_line' id='line_1_74' title="bbox 1093 1464 1879 1511; baseline -0.015 -9"><span class='ocrx_word' id='word_1_528' title='bbox 1093 1473 1293 1511; x_wconf 79' lang='grc' dir='ltr'>τρισμακαρίας</span> <span class='ocrx_word' id='word_1_529' title='bbox 1322 1471 1453 1501; x_wconf 74' lang='grc' dir='ltr'>συνέσεως</span> <span class='ocrx_word' id='word_1_530' title='bbox 1478 1468 1582 1505; x_wconf 69' lang='grc' dir='ltr'>καρπὸν</span> <span class='ocrx_word' id='word_1_531' title='bbox 1602 1467 1714 1502; x_wconf 70' lang='grc' dir='ltr'>λήψεται</span> <span class='ocrx_word' id='word_1_532' title='bbox 1741 1465 1786 1491; x_wconf 68' lang='grc' dir='ltr'><strong>τον</strong></span> <span class='ocrx_word' id='word_1_533' title='bbox 1815 1464 1879 1499; x_wconf 68' lang='grc' dir='ltr'><strong>ἑξῆς</strong></span> 
     </span>
    </p>
   </div>
   <div class='ocr_carea' id='block_1_75' title="bbox 1094 1510 1878 1557">
    <p class='ocr_par' dir='ltr' id='par_1_75' title="bbox 1094 1510 1878 1557">
     <span class='ocr_line' id='line_1_75' title="bbox 1094 1510 1878 1557; baseline -0.014 -9"><span class='ocrx_word' id='word_1_534' title='bbox 1094 1510 1236 1557; x_wconf 80' lang='grc' dir='ltr'>είρημένον</span> <span class='ocrx_word' id='word_1_535' title='bbox 1249 1528 1255 1533; x_wconf 94' lang='grc'><strong>·</strong></span> <span class='ocrx_word' id='word_1_536' title='bbox 1284 1519 1335 1546; x_wconf 78' lang='grc' dir='ltr'><strong>Ἐν</strong></span> <span class='ocrx_word' id='word_1_537' title='bbox 1349 1517 1443 1551; x_wconf 73' lang='grc' dir='ltr'>ἡμέρῃ</span> <span class='ocrx_word' id='word_1_538' title='bbox 1456 1514 1509 1550; x_wconf 77' lang='grc' dir='ltr'>γὰρ</span> <span class='ocrx_word' id='word_1_539' title='bbox 1524 1512 1640 1547; x_wconf 75' lang='grc' dir='ltr'>πονηρᾷ</span> <span class='ocrx_word' id='word_1_540' title='bbox 1646 1513 1770 1546; x_wconf 76' lang='grc' dir='ltr'>ῥύσεται</span> <span class='ocrx_word' id='word_1_541' title='bbox 1787 1510 1878 1557; x_wconf 57' lang='grc' dir='ltr'><strong>αὺτρν</strong></span> 
     </span>
    </p>
   </div>
   <div class='ocr_carea' id='block_1_76' title="bbox 1094 1555 1876 1600">
    <p class='ocr_par' dir='ltr' id='par_1_76' title="bbox 1094 1555 1876 1600">
     <span class='ocr_line' id='line_1_76' title="bbox 1094 1555 1876 1600; baseline -0.015 -6"><span class='ocrx_word' id='word_1_542' title='bbox 1094 1568 1110 1594; x_wconf 82' lang='grc' dir='ltr'><em>ὁ</em></span> <span class='ocrx_word' id='word_1_543' title='bbox 1121 1555 1229 1600; x_wconf 49' lang='grc' dir='ltr'>Κύριος</span> <span class='ocrx_word' id='word_1_544' title='bbox 1239 1574 1245 1580; x_wconf 89' lang='grc'><strong><em>“</em></strong></span> <span class='ocrx_word' id='word_1_545' title='bbox 1264 1565 1280 1600; x_wconf 86' lang='grc' dir='ltr'>ἢ</span> <span class='ocrx_word' id='word_1_546' title='bbox 1294 1563 1363 1591; x_wconf 73' lang='grc' dir='ltr'>κατὰ</span> <span class='ocrx_word' id='word_1_547' title='bbox 1374 1563 1419 1589; x_wconf 72' lang='grc' dir='ltr'><strong>τὸν</strong></span> <span class='ocrx_word' id='word_1_548' title='bbox 1434 1561 1590 1596; x_wconf 76' lang='grc' dir='ltr'>Σύμμαχον,</span> <span class='ocrx_word' id='word_1_549' title='bbox 1611 1560 1658 1585; x_wconf 76' lang='lat' dir='ltr'><strong>&#39;Er</strong></span> <span class='ocrx_word' id='word_1_550' title='bbox 1671 1558 1765 1592; x_wconf 79' lang='grc' dir='ltr'>ἡμέρᾳ</span> <span class='ocrx_word' id='word_1_551' title='bbox 1779 1555 1876 1584; x_wconf 76' lang='grc' dir='ltr'>κακώ-</span> 
     </span>
    </p>
   </div>
   <div class='ocr_carea' id='block_1_77' title="bbox 1095 1603 1878 1646">
    <p class='ocr_par' dir='ltr' id='par_1_77' title="bbox 1095 1603 1878 1646">
     <span class='ocr_line' id='line_1_77' title="bbox 1095 1603 1878 1646; baseline -0.014 -7"><span class='ocrx_word' id='word_1_552' title='bbox 1095 1621 1181 1645; x_wconf 82' lang='grc' dir='ltr'>σεως.</span> <span class='ocrx_word' id='word_1_553' title='bbox 1205 1612 1237 1638; x_wconf 73' lang='lat' dir='ltr'><strong>Et</strong></span> <span class='ocrx_word' id='word_1_554' title='bbox 1261 1610 1314 1646; x_wconf 76' lang='grc' dir='ltr'>γὰρ</span> <span class='ocrx_word' id='word_1_555' title='bbox 1331 1608 1434 1644; x_wconf 78' lang='grc' dir='ltr'>γένοιτό</span> <span class='ocrx_word' id='word_1_556' title='bbox 1449 1616 1490 1639; x_wconf 88' lang='grc' dir='ltr'><strong>τις</strong></span> <span class='ocrx_word' id='word_1_557' title='bbox 1506 1605 1665 1641; x_wconf 74' lang='grc' dir='ltr'>πειρασμὸς,</span> <span class='ocrx_word' id='word_1_558' title='bbox 1691 1605 1707 1639; x_wconf 88' lang='grc' dir='ltr'>ἢ</span> <span class='ocrx_word' id='word_1_559' title='bbox 1735 1603 1878 1638; x_wconf 80' lang='grc' dir='ltr'>περιπέσοι</span> 
     </span>
    </p>
   </div>
   <div class='ocr_carea' id='block_1_78' title="bbox 1094 1649 1878 1693">
    <p class='ocr_par' dir='ltr' id='par_1_78' title="bbox 1094 1649 1878 1693">
     <span class='ocr_line' id='line_1_78' title="bbox 1094 1649 1878 1693; baseline -0.014 -8"><span class='ocrx_word' id='word_1_560' title='bbox 1094 1659 1159 1685; x_wconf 75' lang='grc' dir='ltr'>ποτὲ</span> <span class='ocrx_word' id='word_1_561' title='bbox 1176 1657 1301 1693; x_wconf 78' lang='grc' dir='ltr'>συμφορᾷ</span> <span class='ocrx_word' id='word_1_562' title='bbox 1311 1656 1358 1682; x_wconf 73' lang='grc' dir='ltr'><strong>καὶ</strong></span> <span class='ocrx_word' id='word_1_563' title='bbox 1372 1654 1545 1690; x_wconf 78' lang='grc' dir='ltr'>περιστάσει,</span> <span class='ocrx_word' id='word_1_564' title='bbox 1560 1651 1652 1686; x_wconf 80' lang='grc' dir='ltr'>ὥσπερ</span> <span class='ocrx_word' id='word_1_565' title='bbox 1667 1649 1746 1682; x_wconf 68' lang='grc' dir='ltr'>αὐτὸς</span> <span class='ocrx_word' id='word_1_566' title='bbox 1763 1649 1878 1684; x_wconf 79' lang='grc' dir='ltr'>συνῆκεν</span> 
     </span>
    </p>
   </div>
   <div class='ocr_carea' id='block_1_79' title="bbox 1093 1695 1878 1738">
    <p class='ocr_par' dir='ltr' id='par_1_79' title="bbox 1093 1695 1878 1738">
     <span class='ocr_line' id='line_1_79' title="bbox 1093 1695 1878 1738; baseline -0.013 -8"><span class='ocrx_word' id='word_1_567' title='bbox 1093 1704 1140 1730; x_wconf 74' lang='grc' dir='ltr'><strong>ἐπὶ</strong></span> <span class='ocrx_word' id='word_1_568' title='bbox 1154 1703 1258 1738; x_wconf 82' lang='grc' dir='ltr'>πτωχὸν</span> <span class='ocrx_word' id='word_1_569' title='bbox 1276 1703 1321 1728; x_wconf 70' lang='grc' dir='ltr'><strong>καὶ</strong></span> <span class='ocrx_word' id='word_1_570' title='bbox 1349 1701 1461 1735; x_wconf 82' lang='grc' dir='ltr'>πένητα,</span> <span class='ocrx_word' id='word_1_571' title='bbox 1486 1698 1556 1725; x_wconf 72' lang='grc' dir='ltr'>οὕτω</span> <span class='ocrx_word' id='word_1_572' title='bbox 1583 1698 1629 1724; x_wconf 72' lang='grc' dir='ltr'><strong>καὶ</strong></span> <span class='ocrx_word' id='word_1_573' title='bbox 1645 1695 1726 1723; x_wconf 78' lang='grc' dir='ltr'>αὐτοῦ</span> <span class='ocrx_word' id='word_1_574' title='bbox 1744 1695 1878 1730; x_wconf 73' lang='grc' dir='ltr'>εὐκαίρως</span> 
     </span>
    </p>
   </div>
   <div class='ocr_carea' id='block_1_80' title="bbox 1094 1736 1878 1785">
    <p class='ocr_par' dir='ltr' id='par_1_80' title="bbox 1094 1736 1878 1785">
     <span class='ocr_line' id='line_1_80' title="bbox 1094 1736 1878 1785; baseline -0.013 -9"><span class='ocrx_word' id='word_1_575' title='bbox 1094 1736 1239 1785; x_wconf 24' lang='grc' dir='ltr'>συνήσεινο</span> <span class='ocrx_word' id='word_1_576' title='bbox 1261 1747 1378 1783; x_wconf 74' lang='grc' dir='ltr'>Κύριος,</span> <span class='ocrx_word' id='word_1_577' title='bbox 1401 1744 1509 1781; x_wconf 85' lang='grc' dir='ltr'>μετρῶν</span> <span class='ocrx_word' id='word_1_578' title='bbox 1525 1743 1599 1779; x_wconf 84' lang='grc' dir='ltr'><strong>αὺτῷ</strong></span> <span class='ocrx_word' id='word_1_579' title='bbox 1612 1743 1643 1770; x_wconf 82' lang='grc' dir='ltr'>τὸ</span> <span class='ocrx_word' id='word_1_580' title='bbox 1666 1743 1721 1769; x_wconf 73' lang='grc' dir='ltr'>ἴσον</span> <span class='ocrx_word' id='word_1_581' title='bbox 1734 1741 1833 1778; x_wconf 83' lang='grc' dir='ltr'>μέτρον</span> <span class='ocrx_word' id='word_1_582' title='bbox 1855 1736 1878 1774; x_wconf 79' lang='grc' dir='ltr'>ᾧ</span> 
     </span>
    </p>
   </div>
   <div class='ocr_carea' id='block_1_81' title="bbox 1093 1795 1254 1831">
    <p class='ocr_par' dir='ltr' id='par_1_81' title="bbox 1093 1795 1254 1831">
     <span class='ocr_line' id='line_1_81' title="bbox 1093 1795 1254 1831; baseline -0.006 -9"><span class='ocrx_word' id='word_1_583' title='bbox 1093 1795 1254 1831; x_wconf 77' lang='grc' dir='ltr'>ἐμέτρησεν.</span> 
     </span>
    </p>
   </div>
   <div class='ocr_carea' id='block_1_82' title="bbox 1128 1831 1877 1874">
    <p class='ocr_par' dir='ltr' id='par_1_82' title="bbox 1128 1831 1877 1874">
     <span class='ocr_line' id='line_1_82' title="bbox 1128 1831 1877 1874; baseline -0.013 -7"><span class='ocrx_word' id='word_1_584' title='bbox 1128 1841 1234 1874; x_wconf 71' lang='grc' dir='ltr'>Κύριος</span> <span class='ocrx_word' id='word_1_585' title='bbox 1250 1837 1381 1873; x_wconf 61' lang='grc' dir='ltr'><strong>φυλάξαι</strong></span> <span class='ocrx_word' id='word_1_586' title='bbox 1400 1835 1492 1862; x_wconf 71' lang='grc' dir='ltr'>αὑτὸν</span> <span class='ocrx_word' id='word_1_587' title='bbox 1506 1835 1554 1862; x_wconf 83' lang='grc' dir='ltr'>καὶ</span> <span class='ocrx_word' id='word_1_588' title='bbox 1571 1833 1656 1867; x_wconf 74' lang='grc' dir='ltr'>ζήσαι</span> <span class='ocrx_word' id='word_1_589' title='bbox 1673 1833 1775 1859; x_wconf 80' lang='grc' dir='ltr'>αὐτόν.</span> <span class='ocrx_word' id='word_1_590' title='bbox 1798 1831 1877 1858; x_wconf 67' lang='grc' dir='ltr'>Ἀλλὰ</span> 
     </span>
    </p>
   </div>
   <div class='ocr_carea' id='block_1_83' title="bbox 1093 1878 1878 1920">
    <p class='ocr_par' dir='ltr' id='par_1_83' title="bbox 1093 1878 1878 1920">
     <span class='ocr_line' id='line_1_83' title="bbox 1093 1878 1878 1920; baseline -0.011 -7"><span class='ocrx_word' id='word_1_591' title='bbox 1093 1887 1140 1915; x_wconf 76' lang='grc' dir='ltr'><strong>καὶ</strong></span> <span class='ocrx_word' id='word_1_592' title='bbox 1152 1884 1262 1920; x_wconf 79' lang='grc' dir='ltr'>φυλάξει</span> <span class='ocrx_word' id='word_1_593' title='bbox 1280 1883 1359 1910; x_wconf 70' lang='grc' dir='ltr'>αὑτὸν</span> <span class='ocrx_word' id='word_1_594' title='bbox 1376 1882 1421 1908; x_wconf 75' lang='grc' dir='ltr'><strong>καὶ</strong></span> <span class='ocrx_word' id='word_1_595' title='bbox 1438 1880 1517 1916; x_wconf 75' lang='grc' dir='ltr'>ζῆσαι</span> <span class='ocrx_word' id='word_1_596' title='bbox 1533 1881 1639 1915; x_wconf 82' lang='grc' dir='ltr'>ποιήσει</span> <span class='ocrx_word' id='word_1_597' title='bbox 1655 1878 1752 1906; x_wconf 72' lang='grc' dir='ltr'>αὐτόν*</span> <span class='ocrx_word' id='word_1_598' title='bbox 1773 1878 1790 1913; x_wconf 84' lang='grc' dir='ltr'>ἦ</span> <span class='ocrx_word' id='word_1_599' title='bbox 1807 1878 1878 1905; x_wconf 72' lang='grc' dir='ltr'>κατὰ</span> 
     </span>
    </p>
   </div>
   <div class='ocr_carea' id='block_1_84' title="bbox 1092 1924 1877 1966">
    <p class='ocr_par' dir='ltr' id='par_1_84' title="bbox 1092 1924 1877 1966">
     <span class='ocr_line' id='line_1_84' title="bbox 1092 1924 1877 1966; baseline -0.011 -7"><span class='ocrx_word' id='word_1_600' title='bbox 1092 1933 1136 1959; x_wconf 79' lang='grc' dir='ltr'><strong>τὸν</strong></span> <span class='ocrx_word' id='word_1_601' title='bbox 1149 1931 1296 1966; x_wconf 84' lang='grc' dir='ltr'>Σύμμαχον</span> <span class='ocrx_word' id='word_1_602' title='bbox 1308 1937 1315 1944; x_wconf 75' lang='grc'><strong>’</strong></span> <span class='ocrx_word' id='word_1_603' title='bbox 1332 1927 1461 1960; x_wconf 78' lang='grc' dir='ltr'><strong>Φυλάξει</strong></span> <span class='ocrx_word' id='word_1_604' title='bbox 1474 1927 1577 1959; x_wconf 77' lang='grc' dir='ltr'><strong>αὐτὸν,</strong></span> <span class='ocrx_word' id='word_1_605' title='bbox 1591 1925 1639 1952; x_wconf 79' lang='grc' dir='ltr'>καὶ</span> <span class='ocrx_word' id='word_1_606' title='bbox 1655 1924 1812 1958; x_wconf 81' lang='grc' dir='ltr'>περισώσει</span> <span class='ocrx_word' id='word_1_607' title='bbox 1823 1925 1877 1950; x_wconf 77' lang='grc' dir='ltr'><strong>αὐ-</strong></span> 
     </span>
    </p>
   </div>
   <div class='ocr_carea' id='block_1_85' title="bbox 1091 1970 1877 2012">
    <p class='ocr_par' dir='ltr' id='par_1_85' title="bbox 1091 1970 1877 2012">
     <span class='ocr_line' id='line_1_85' title="bbox 1091 1970 1877 2012; baseline -0.013 -7"><span class='ocrx_word' id='word_1_608' title='bbox 1091 1979 1153 2006; x_wconf 80' lang='grc' dir='ltr'><em>τόν.</em></span> <span class='ocrx_word' id='word_1_609' title='bbox 1168 1977 1224 2004; x_wconf 72' lang='grc' dir='ltr'><strong>Καὶ</strong></span> <span class='ocrx_word' id='word_1_610' title='bbox 1234 1976 1324 2012; x_wconf 82' lang='grc' dir='ltr'>τρίτον</span> <span class='ocrx_word' id='word_1_611' title='bbox 1336 1975 1363 2001; x_wconf 79' lang='grc' dir='ltr'><strong>δὲ</strong></span> <span class='ocrx_word' id='word_1_612' title='bbox 1375 1974 1448 2009; x_wconf 82' lang='grc' dir='ltr'>αὐτῷ</span> <span class='ocrx_word' id='word_1_613' title='bbox 1461 1973 1581 2009; x_wconf 76' lang='grc' dir='ltr'>παρέξει,</span> <span class='ocrx_word' id='word_1_614' title='bbox 1596 1971 1758 2006; x_wconf 81' lang='grc' dir='ltr'>μακαρίσει</span> <span class='ocrx_word' id='word_1_615' title='bbox 1784 1970 1877 1997; x_wconf 75' lang='grc' dir='ltr'>αὑτὸν</span> 
     </span>
    </p>
   </div>
   <div class='ocr_carea' id='block_1_86' title="bbox 1091 2015 1875 2058">
    <p class='ocr_par' dir='ltr' id='par_1_86' title="bbox 1091 2015 1875 2058">
     <span class='ocr_line' id='line_1_86' title="bbox 1091 2015 1875 2058; baseline -0.01 -10"><span class='ocrx_word' id='word_1_616' title='bbox 1091 2025 1126 2051; x_wconf 73' lang='grc' dir='ltr'><strong>ἐν</strong></span> <span class='ocrx_word' id='word_1_617' title='bbox 1141 2022 1178 2057; x_wconf 73' lang='grc' dir='ltr'>τῇ</span> <span class='ocrx_word' id='word_1_618' title='bbox 1235 2031 1241 2036; x_wconf 92' lang='grc'><strong>-</strong></span> <span class='ocrx_word' id='word_1_619' title='bbox 1256 2021 1272 2057; x_wconf 85' lang='grc' dir='ltr'><strong>ἢ</strong></span> <span class='ocrx_word' id='word_1_620' title='bbox 1283 2020 1354 2048; x_wconf 74' lang='grc' dir='ltr'>κατὰ</span> <span class='ocrx_word' id='word_1_621' title='bbox 1367 2020 1411 2047; x_wconf 84' lang='grc' dir='ltr'><strong>τὸν</strong></span> <span class='ocrx_word' id='word_1_622' title='bbox 1422 2019 1578 2054; x_wconf 79' lang='grc' dir='ltr'>Σύμμαχον,</span> <span class='ocrx_word' id='word_1_623' title='bbox 1590 2016 1776 2050; x_wconf 79' lang='grc' dir='ltr'>Μακαριστὸς</span> <span class='ocrx_word' id='word_1_624' title='bbox 1790 2015 1875 2042; x_wconf 77' lang='grc' dir='ltr'>ἔσται</span> 
     </span>
    </p>
   </div>
   <div class='ocr_carea' id='block_1_87' title="bbox 1091 2061 1876 2103">
    <p class='ocr_par' dir='ltr' id='par_1_87' title="bbox 1091 2061 1876 2103">
     <span class='ocr_line' id='line_1_87' title="bbox 1091 2061 1876 2103; baseline -0.011 -7"><span class='ocrx_word' id='word_1_625' title='bbox 1091 2070 1126 2096; x_wconf 68' lang='grc' dir='ltr'><strong>ἐν</strong></span> <span class='ocrx_word' id='word_1_626' title='bbox 1139 2068 1176 2103; x_wconf 75' lang='grc' dir='ltr'>τῇ</span> <span class='ocrx_word' id='word_1_627' title='bbox 1191 2068 1239 2102; x_wconf 73' lang='grc' dir='ltr'><strong>τῇ.</strong></span> <span class='ocrx_word' id='word_1_628' title='bbox 1262 2068 1306 2098; x_wconf 81' lang='grc' dir='ltr'>Ὡς</span> <span class='ocrx_word' id='word_1_629' title='bbox 1317 2066 1356 2093; x_wconf 75' lang='grc' dir='ltr'>ἔτι</span> <span class='ocrx_word' id='word_1_630' title='bbox 1367 2065 1421 2101; x_wconf 81' lang='grc' dir='ltr'>γὰρ</span> <span class='ocrx_word' id='word_1_631' title='bbox 1438 2066 1466 2091; x_wconf 83' lang='grc' dir='ltr'>ὲν</span> <span class='ocrx_word' id='word_1_632' title='bbox 1483 2066 1515 2100; x_wconf 85' lang='grc' dir='ltr'>τῇ</span> <span class='ocrx_word' id='word_1_633' title='bbox 1532 2065 1567 2099; x_wconf 83' lang='grc' dir='ltr'>γῇ</span> <span class='ocrx_word' id='word_1_634' title='bbox 1581 2063 1666 2099; x_wconf 83' lang='grc' dir='ltr'>ταύτῃ</span> <span class='ocrx_word' id='word_1_635' title='bbox 1677 2062 1812 2097; x_wconf 81' lang='grc' dir='ltr'>τυγχάνει,</span> <span class='ocrx_word' id='word_1_636' title='bbox 1825 2061 1876 2095; x_wconf 76' lang='grc' dir='ltr'>τῆς</span> 
     </span>
    </p>
   </div>
   <div class='ocr_carea' id='block_1_88' title="bbox 1091 2107 1861 2151">
    <p class='ocr_par' dir='ltr' id='par_1_88' title="bbox 1091 2107 1861 2151">
     <span class='ocr_line' id='line_1_88' title="bbox 1091 2107 1861 2151; baseline -0.012 -9"><span class='ocrx_word' id='word_1_637' title='bbox 1091 2115 1168 2151; x_wconf 79' lang='grc' dir='ltr'>παρὰ</span> <span class='ocrx_word' id='word_1_638' title='bbox 1179 2114 1225 2140; x_wconf 79' lang='grc' dir='ltr'>τοῦ</span> <span class='ocrx_word' id='word_1_639' title='bbox 1239 2112 1305 2139; x_wconf 82' lang='grc' dir='ltr'>Θεοῦ</span> <span class='ocrx_word' id='word_1_640' title='bbox 1322 2111 1520 2148; x_wconf 78' lang='grc' dir='ltr'>μακαριότητος</span> <span class='ocrx_word' id='word_1_641' title='bbox 1533 2109 1666 2142; x_wconf 79' lang='grc' dir='ltr'>τεύξεται,</span> <span class='ocrx_word' id='word_1_642' title='bbox 1683 2108 1816 2144; x_wconf 83' lang='grc' dir='ltr'>μενόντων</span> <span class='ocrx_word' id='word_1_643' title='bbox 1828 2107 1861 2133; x_wconf 76' lang='grc' dir='ltr'>αὖ</span> 
     </span>
    </p>
   </div>
   <div class='ocr_carea' id='block_1_89' title="bbox 1090 2153 1873 2195">
    <p class='ocr_par' dir='ltr' id='par_1_89' title="bbox 1090 2153 1873 2195">
     <span class='ocr_line' id='line_1_89' title="bbox 1090 2153 1873 2195; baseline -0.011 -8"><span class='ocrx_word' id='word_1_644' title='bbox 1090 2161 1136 2187; x_wconf 74' lang='grc' dir='ltr'><strong>τὸν</strong></span> <span class='ocrx_word' id='word_1_645' title='bbox 1151 2160 1204 2186; x_wconf 90' lang='grc' dir='ltr'><strong>τῶν</strong></span> <span class='ocrx_word' id='word_1_646' title='bbox 1223 2158 1291 2195; x_wconf 78' lang='grc' dir='ltr'>μετὰ</span> <span class='ocrx_word' id='word_1_647' title='bbox 1314 2157 1400 2184; x_wconf 81' lang='grc' dir='ltr'>ταῦτα</span> <span class='ocrx_word' id='word_1_648' title='bbox 1424 2155 1635 2192; x_wconf 72' lang='grc' dir='ltr'>ἐπηγγελμένων</span> <span class='ocrx_word' id='word_1_649' title='bbox 1654 2153 1785 2189; x_wconf 79' lang='grc' dir='ltr'>οὐρανίων</span> <span class='ocrx_word' id='word_1_650' title='bbox 1809 2153 1873 2186; x_wconf 82' lang='grc' dir='ltr'>ἁγα-</span> 
     </span>
    </p>
   </div>
   <div class='ocr_carea' id='block_1_90' title="bbox 1093 2197 1877 2236">
    <p class='ocr_par' dir='ltr' id='par_1_90' title="bbox 1093 2197 1877 2236">
     <span class='ocr_line' id='line_1_90' title="bbox 1093 2197 1877 2236; baseline -0.013 -4"><span class='ocrx_word' id='word_1_651' title='bbox 1093 2205 1156 2232; x_wconf 86' lang='grc' dir='ltr'><strong>θῶν.</strong></span> <span class='ocrx_word' id='word_1_652' title='bbox 1173 2203 1284 2235; x_wconf 86' lang='grc' dir='ltr'>Τούτοις</span> <span class='ocrx_word' id='word_1_653' title='bbox 1300 2202 1420 2236; x_wconf 80' lang='grc' dir='ltr'>ἐπιλέγει</span> <span class='ocrx_word' id='word_1_654' title='bbox 1431 2210 1438 2216; x_wconf 86' lang='grc'><strong>·</strong></span> <span class='ocrx_word' id='word_1_655' title='bbox 1456 2201 1509 2228; x_wconf 78' lang='grc' dir='ltr'><strong>Καὶ</strong></span> <span class='ocrx_word' id='word_1_656' title='bbox 1519 2200 1562 2234; x_wconf 81' lang='grc' dir='ltr'>μὴ</span> <span class='ocrx_word' id='word_1_657' title='bbox 1585 2198 1706 2232; x_wconf 80' lang='grc' dir='ltr'>παραδῷ</span> <span class='ocrx_word' id='word_1_658' title='bbox 1726 2197 1818 2224; x_wconf 78' lang='grc' dir='ltr'>αὑτὸν</span> <span class='ocrx_word' id='word_1_659' title='bbox 1834 2197 1877 2229; x_wconf 78' lang='grc' dir='ltr'><strong>εἰς</strong></span> 
     </span>
    </p>
   </div>
   <div class='ocr_carea' id='block_1_91' title="bbox 254 2243 1043 2288">
    <p class='ocr_par' dir='ltr' id='par_1_91' title="bbox 254 2251 1037 2288">
     <span class='ocr_line' id='line_1_91' title="bbox 254 2251 1037 2288; baseline 0.001 -11"><span class='ocrx_word' id='word_1_660' title='bbox 254 2259 347 2277; x_wconf 55' lang='lat' dir='ltr'><strong>&quot;Ianus</strong></span> <span class='ocrx_word' id='word_1_661' title='bbox 359 2251 525 2278; x_wconf 81' lang='lat' dir='ltr'><strong>inimicorum</strong></span> <span class='ocrx_word' id='word_1_662' title='bbox 538 2251 606 2286; x_wconf 83' lang='lat' dir='ltr'><strong>ejus.</strong></span> <span class='ocrx_word' id='word_1_663' title='bbox 625 2251 677 2279; x_wconf 80' lang='lat' dir='ltr'><strong>Pro</strong></span> <span class='ocrx_word' id='word_1_664' title='bbox 705 2260 759 2287; x_wconf 90' lang='lat' dir='ltr'><strong>quo</strong></span> <span class='ocrx_word' id='word_1_665' title='bbox 779 2251 958 2288; x_wconf 86' lang='lat' dir='ltr'><strong>Symmachus</strong></span> <span class='ocrx_word' id='word_1_666' title='bbox 972 2253 1009 2279; x_wconf 88' lang='lat' dir='ltr'><strong>ait</strong></span> <span class='ocrx_word' id='word_1_667' title='bbox 1030 2261 1037 2278; x_wconf 89' lang='lat'>:</span> 
     </span>
    </p>
   </div>
   <div class='ocr_carea' id='block_1_92' title="bbox 1094 2243 1874 2288">
    <p class='ocr_par' dir='ltr' id='par_1_92' title="bbox 1094 2243 1874 2286">
     <span class='ocr_line' id='line_1_92' title="bbox 1094 2243 1874 2286; baseline -0.012 -9"><span class='ocrx_word' id='word_1_668' title='bbox 1094 2251 1193 2286; x_wconf 78' lang='grc' dir='ltr'>χεῖρας</span> <span class='ocrx_word' id='word_1_669' title='bbox 1208 2248 1322 2284; x_wconf 77' lang='grc' dir='ltr'>ἐχθρῶν</span> <span class='ocrx_word' id='word_1_670' title='bbox 1337 2247 1443 2275; x_wconf 75' lang='grc' dir='ltr'>αὐτοῦ’</span> <span class='ocrx_word' id='word_1_671' title='bbox 1461 2247 1518 2273; x_wconf 71' lang='grc' dir='ltr'><strong>ἀνθ’</strong></span> <span class='ocrx_word' id='word_1_672' title='bbox 1533 2243 1563 2272; x_wconf 68' lang='grc' dir='ltr'>οὗ</span> <span class='ocrx_word' id='word_1_673' title='bbox 1587 2247 1601 2272; x_wconf 81' lang='grc' dir='ltr'>ὁ</span> <span class='ocrx_word' id='word_1_674' title='bbox 1620 2243 1766 2279; x_wconf 79' lang='grc' dir='ltr'>Σύμμαχός</span> <span class='ocrx_word' id='word_1_675' title='bbox 1791 2250 1874 2278; x_wconf 79' lang='grc' dir='ltr'>φησι·</span> 
     </span>
    </p>
   </div>
   <div class='ocr_carea' id='block_1_93' title="bbox 254 2295 870 2323">
    <p class='ocr_par' dir='ltr' id='par_1_93' title="bbox 254 2295 870 2323">
     <span class='ocr_line' id='line_1_93' title="bbox 254 2295 870 2323; baseline 0.002 -1"><span class='ocrx_word' id='word_1_676' title='bbox 254 2295 288 2323; x_wconf 84' lang='lat' dir='ltr'><strong>Et</strong></span> <span class='ocrx_word' id='word_1_677' title='bbox 299 2304 349 2323; x_wconf 83' lang='lat' dir='ltr'><strong>non</strong></span> <span class='ocrx_word' id='word_1_678' title='bbox 362 2296 447 2323; x_wconf 87' lang='lat' dir='ltr'><strong>tradet</strong></span> <span class='ocrx_word' id='word_1_679' title='bbox 456 2304 516 2323; x_wconf 75' lang='lat' dir='ltr'><strong>cum</strong></span> <span class='ocrx_word' id='word_1_680' title='bbox 530 2297 558 2322; x_wconf 81' lang='lat' dir='ltr'><strong>in</strong></span> <span class='ocrx_word' id='word_1_681' title='bbox 574 2298 678 2323; x_wconf 72' lang='lat' dir='ltr'><strong>artiums</strong></span> <span class='ocrx_word' id='word_1_682' title='bbox 693 2297 870 2323; x_wconf 85' lang='lat' dir='ltr'><strong>inimicorum.</strong></span> 
     </span>
    </p>
   </div>
   <div class='ocr_carea' id='block_1_94' title="bbox 289 2340 1037 2376">
    <p class='ocr_par' dir='ltr' id='par_1_94' title="bbox 289 2340 1037 2376">
     <span class='ocr_line' id='line_1_94' title="bbox 289 2340 1037 2376; baseline 0 -8"><span class='ocrx_word' id='word_1_683' title='bbox 289 2340 435 2368; x_wconf 90' lang='lat' dir='ltr'><strong>Sciendum</strong></span> <span class='ocrx_word' id='word_1_684' title='bbox 453 2345 544 2369; x_wconf 85' lang='lat' dir='ltr'><strong>autem</strong></span> <span class='ocrx_word' id='word_1_685' title='bbox 563 2345 614 2372; x_wconf 86' lang='lat' dir='ltr'><strong>est,</strong></span> <span class='ocrx_word' id='word_1_686' title='bbox 636 2341 715 2373; x_wconf 88' lang='lat' dir='ltr'><strong>illud,</strong></span> <span class='ocrx_word' id='word_1_687' title='bbox 743 2341 797 2376; x_wconf 85' lang='lat' dir='ltr'><strong>Ego</strong></span> <span class='ocrx_word' id='word_1_688' title='bbox 820 2342 895 2368; x_wconf 71' lang='lat' dir='ltr'><strong>dixi:</strong></span> <span class='ocrx_word' id='word_1_689' title='bbox 914 2341 1037 2374; x_wconf 85' lang='lat' dir='ltr'><strong>Domine,</strong></span> 
     </span>
    </p>
   </div>
   <div class='ocr_carea' id='block_1_95' title="bbox 253 2387 1036 2422">
    <p class='ocr_par' dir='ltr' id='par_1_95' title="bbox 253 2387 1036 2422">
     <span class='ocr_line' id='line_1_95' title="bbox 253 2387 1036 2422; baseline 0 -8"><span class='ocrx_word' id='word_1_690' title='bbox 253 2387 377 2414; x_wconf 80' lang='lat' dir='ltr'><strong>miserere</strong></span> <span class='ocrx_word' id='word_1_691' title='bbox 395 2387 455 2420; x_wconf 84' lang='lat' dir='ltr'><strong>mei,</strong></span> <span class='ocrx_word' id='word_1_692' title='bbox 472 2394 487 2414; x_wconf 88' lang='lat' dir='ltr'><strong>a</strong></span> <span class='ocrx_word' id='word_1_693' title='bbox 507 2387 670 2422; x_wconf 90' lang='lat' dir='ltr'><strong>quibusdam</strong></span> <span class='ocrx_word' id='word_1_694' title='bbox 684 2395 718 2415; x_wconf 77' lang='lat' dir='ltr'><strong>ex</strong></span> <span class='ocrx_word' id='word_1_695' title='bbox 733 2387 844 2415; x_wconf 76' lang='lat' dir='ltr'><strong>Davidis</strong></span> <span class='ocrx_word' id='word_1_696' title='bbox 861 2395 977 2422; x_wconf 87' lang='lat' dir='ltr'><strong>persona</strong></span> <span class='ocrx_word' id='word_1_697' title='bbox 992 2387 1036 2415; x_wconf 91' lang='lat' dir='ltr'><strong>di-</strong></span> 
     </span>
    </p>
   </div>
   <div class='ocr_carea' id='block_1_96' title="bbox 255 2432 1038 2468">
    <p class='ocr_par' dir='ltr' id='par_1_96' title="bbox 255 2432 1038 2468">
     <span class='ocr_line' id='line_1_96' title="bbox 255 2432 1038 2468; baseline 0.001 -9"><span class='ocrx_word' id='word_1_698' title='bbox 255 2437 328 2459; x_wconf 90' lang='lat' dir='ltr'><strong>ctum</strong></span> <span class='ocrx_word' id='word_1_699' title='bbox 338 2433 467 2460; x_wconf 68' lang='lat' dir='ltr'><strong>aestimari</strong></span> <span class='ocrx_word' id='word_1_700' title='bbox 481 2441 489 2461; x_wconf 93' lang='lat'>:</span> <span class='ocrx_word' id='word_1_701' title='bbox 503 2440 566 2460; x_wconf 90' lang='lat' dir='ltr'><strong>nam</strong></span> <span class='ocrx_word' id='word_1_702' title='bbox 583 2433 642 2460; x_wconf 89' lang='lat' dir='ltr'><strong>sive</strong></span> <span class='ocrx_word' id='word_1_703' title='bbox 661 2432 689 2460; x_wconf 88' lang='lat' dir='ltr'><strong>in</strong></span> <span class='ocrx_word' id='word_1_704' title='bbox 712 2433 801 2460; x_wconf 89' lang='lat' dir='ltr'><strong>medio</strong></span> <span class='ocrx_word' id='word_1_705' title='bbox 828 2433 960 2461; x_wconf 86' lang='lat' dir='ltr'><strong>insertum</strong></span> <span class='ocrx_word' id='word_1_706' title='bbox 987 2442 1038 2468; x_wconf 90' lang='lat' dir='ltr'><strong>pu-</strong></span> 
     </span>
    </p>
   </div>
   <div class='ocr_carea' id='block_1_97' title="bbox 253 2477 1037 2513">
    <p class='ocr_par' dir='ltr' id='par_1_97' title="bbox 253 2477 1037 2513">
     <span class='ocr_line' id='line_1_97' title="bbox 253 2477 1037 2513; baseline 0.003 -11"><span class='ocrx_word' id='word_1_707' title='bbox 253 2480 323 2508; x_wconf 86' lang='lat' dir='ltr'><strong>tant,</strong></span> <span class='ocrx_word' id='word_1_708' title='bbox 340 2477 396 2505; x_wconf 87' lang='lat' dir='ltr'><strong>sive</strong></span> <span class='ocrx_word' id='word_1_709' title='bbox 411 2478 445 2504; x_wconf 85' lang='lat' dir='ltr'><strong>ad</strong></span> <span class='ocrx_word' id='word_1_710' title='bbox 466 2477 540 2505; x_wconf 87' lang='lat' dir='ltr'><strong>hunc</strong></span> <span class='ocrx_word' id='word_1_711' title='bbox 556 2485 642 2513; x_wconf 87' lang='lat' dir='ltr'><strong>usque</strong></span> <span class='ocrx_word' id='word_1_712' title='bbox 655 2485 764 2505; x_wconf 90' lang='lat' dir='ltr'><strong>versum</strong></span> <span class='ocrx_word' id='word_1_713' title='bbox 781 2485 841 2513; x_wconf 71' lang='lat' dir='ltr'><strong>quae</strong></span> <span class='ocrx_word' id='word_1_714' title='bbox 867 2477 938 2505; x_wconf 86' lang='lat' dir='ltr'><strong>dicta</strong></span> <span class='ocrx_word' id='word_1_715' title='bbox 951 2486 965 2505; x_wconf 86' lang='lat' dir='ltr'><strong>a</strong></span> <span class='ocrx_word' id='word_1_716' title='bbox 985 2477 1037 2504; x_wconf 84' lang='lat' dir='ltr'><strong>Da-</strong></span> 
     </span>
    </p>
   </div>
   <div class='ocr_carea' id='block_1_98' title="bbox 253 2522 647 2551">
    <p class='ocr_par' dir='ltr' id='par_1_98' title="bbox 253 2522 647 2551">
     <span class='ocr_line' id='line_1_98' title="bbox 253 2522 647 2551; baseline 0.003 -1"><span class='ocrx_word' id='word_1_717' title='bbox 253 2522 316 2550; x_wconf 87' lang='lat' dir='ltr'><strong>vide</strong></span> <span class='ocrx_word' id='word_1_718' title='bbox 331 2527 395 2550; x_wconf 88' lang='lat' dir='ltr'><strong>sunt</strong></span> <span class='ocrx_word' id='word_1_719' title='bbox 406 2523 647 2551; x_wconf 86' lang='lat' dir='ltr'><strong>circumscribunt.</strong></span> 
     </span>
    </p>
   </div>
   <div class='ocr_carea' id='block_1_99' title="bbox 289 2578 1038 2614">
    <p class='ocr_par' dir='ltr' id='par_1_99' title="bbox 289 2578 1038 2614">
     <span class='ocr_line' id='line_1_99' title="bbox 289 2578 1038 2614; baseline 0.003 -9"><span class='ocrx_word' id='word_1_720' title='bbox 289 2578 373 2606; x_wconf 70' lang='lat' dir='ltr'><strong>Vens.</strong></span> <span class='ocrx_word' id='word_1_721' title='bbox 411 2579 514 2608; x_wconf 75' lang='lat' dir='ltr'><strong>iO-H.</strong></span> <span class='ocrx_word' id='word_1_722' title='bbox 551 2579 654 2608; x_wconf 85' lang='lat' dir='ltr'><strong>Etenim</strong></span> <span class='ocrx_word' id='word_1_723' title='bbox 683 2580 759 2607; x_wconf 85' lang='lat' dir='ltr'><strong>homo</strong></span> <span class='ocrx_word' id='word_1_724' title='bbox 789 2580 862 2614; x_wconf 83' lang='lat' dir='ltr'><strong>pacis</strong></span> <span class='ocrx_word' id='word_1_725' title='bbox 889 2588 972 2613; x_wconf 76' lang='lat' dir='ltr'><strong>mew,</strong></span> <span class='ocrx_word' id='word_1_726' title='bbox 1010 2581 1038 2607; x_wconf 80' lang='lat' dir='ltr'><strong>in</strong></span> 
     </span>
    </p>
   </div>
   <div class='ocr_carea' id='block_1_100' title="bbox 253 2624 1037 2662">
    <p class='ocr_par' dir='ltr' id='par_1_100' title="bbox 253 2624 1037 2662">
     <span class='ocr_line' id='line_1_100' title="bbox 253 2624 1037 2662; baseline 0.001 -11"><span class='ocrx_word' id='word_1_727' title='bbox 253 2633 304 2660; x_wconf 85' lang='lat' dir='ltr'><strong>quo</strong></span> <span class='ocrx_word' id='word_1_728' title='bbox 315 2624 428 2660; x_wconf 70' lang='lat' dir='ltr'><strong>spiarati,</strong></span> <span class='ocrx_word' id='word_1_729' title='bbox 451 2626 496 2660; x_wconf 82' lang='lat' dir='ltr'><strong>qui</strong></span> <span class='ocrx_word' id='word_1_730' title='bbox 521 2626 613 2654; x_wconf 77' lang='lat' dir='ltr'><strong>edebat</strong></span> <span class='ocrx_word' id='word_1_731' title='bbox 638 2635 718 2662; x_wconf 78' lang='lat' dir='ltr'><strong>panes</strong></span> <span class='ocrx_word' id='word_1_732' title='bbox 746 2635 827 2660; x_wconf 85' lang='lat' dir='ltr'><strong>meos,</strong></span> <span class='ocrx_word' id='word_1_733' title='bbox 855 2626 1037 2662; x_wconf 72' lang='lat' dir='ltr'><strong>magni/ienuit</strong></span> 
     </span>
    </p>
   </div>
   <div class='ocr_carea' id='block_1_101' title="bbox 252 2673 1037 2710">
    <p class='ocr_par' dir='ltr' id='par_1_101' title="bbox 252 2673 1037 2710">
     <span class='ocr_line' id='line_1_101' title="bbox 252 2673 1037 2710; baseline 0.001 -11"><span class='ocrx_word' id='word_1_734' title='bbox 252 2681 330 2707; x_wconf 80' lang='lat' dir='ltr'><strong>super</strong></span> <span class='ocrx_word' id='word_1_735' title='bbox 344 2681 384 2700; x_wconf 89' lang='lat' dir='ltr'><strong>me</strong></span> <span class='ocrx_word' id='word_1_736' title='bbox 395 2674 645 2707; x_wconf 76' lang='lat' dir='ltr'><strong>supplantationem.</strong></span> <span class='ocrx_word' id='word_1_737' title='bbox 661 2674 818 2702; x_wconf 84' lang='lat' dir='ltr'><strong>Secundum</strong></span> <span class='ocrx_word' id='word_1_738' title='bbox 835 2681 897 2702; x_wconf 87' lang='lat' dir='ltr'><strong>vero</strong></span> <span class='ocrx_word' id='word_1_739' title='bbox 910 2673 1037 2710; x_wconf 89' lang='lat' dir='ltr'><strong>Symma-</strong></span> 
     </span>
    </p>
   </div>
   <div class='ocr_carea' id='block_1_102' title="bbox 252 2718 1037 2756">
    <p class='ocr_par' dir='ltr' id='par_1_102' title="bbox 252 2718 1037 2756">
     <span class='ocr_line' id='line_1_102' title="bbox 252 2718 1037 2756; baseline 0.001 -11"><span class='ocrx_word' id='word_1_740' title='bbox 252 2720 346 2751; x_wconf 87' lang='lat' dir='ltr'><strong>chum,</strong></span> <span class='ocrx_word' id='word_1_741' title='bbox 362 2718 414 2746; x_wconf 83' lang='lat' dir='ltr'><strong>Sed</strong></span> <span class='ocrx_word' id='word_1_742' title='bbox 427 2724 452 2745; x_wconf 84' lang='lat' dir='ltr'><strong>et</strong></span> <span class='ocrx_word' id='word_1_743' title='bbox 469 2719 545 2746; x_wconf 81' lang='lat' dir='ltr'><strong>homo</strong></span> <span class='ocrx_word' id='word_1_744' title='bbox 567 2721 611 2755; x_wconf 87' lang='lat' dir='ltr'><strong>qui</strong></span> <span class='ocrx_word' id='word_1_745' title='bbox 633 2729 733 2748; x_wconf 84' lang='lat' dir='ltr'><strong>mecum</strong></span> <span class='ocrx_word' id='word_1_746' title='bbox 748 2729 839 2756; x_wconf 84' lang='lat' dir='ltr'><strong>pacem</strong></span> <span class='ocrx_word' id='word_1_747' title='bbox 853 2720 977 2752; x_wconf 77' lang='lat' dir='ltr'><strong>habebat,</strong></span> <span class='ocrx_word' id='word_1_748' title='bbox 995 2720 1037 2746; x_wconf 83' lang='lat' dir='ltr'><strong>cui</strong></span> 
     </span>
    </p>
   </div>
   <div class='ocr_carea' id='block_1_103' title="bbox 252 2764 1035 2801">
    <p class='ocr_par' dir='ltr' id='par_1_103' title="bbox 252 2764 1035 2801">
     <span class='ocr_line' id='line_1_103' title="bbox 252 2764 1035 2801; baseline -0.001 -10"><span class='ocrx_word' id='word_1_749' title='bbox 252 2764 368 2799; x_wconf 75' lang='lat' dir='ltr'><strong>conlisus</strong></span> <span class='ocrx_word' id='word_1_750' title='bbox 385 2772 470 2797; x_wconf 87' lang='lat' dir='ltr'><strong>eram,</strong></span> <span class='ocrx_word' id='word_1_751' title='bbox 486 2765 531 2798; x_wconf 83' lang='lat' dir='ltr'><strong>qui</strong></span> <span class='ocrx_word' id='word_1_752' title='bbox 547 2773 599 2792; x_wconf 87' lang='lat' dir='ltr'><strong>una</strong></span> <span class='ocrx_word' id='word_1_753' title='bbox 613 2774 713 2793; x_wconf 86' lang='lat' dir='ltr'><strong>mecum</strong></span> <span class='ocrx_word' id='word_1_754' title='bbox 723 2774 818 2801; x_wconf 85' lang='lat' dir='ltr'><strong>panem</strong></span> <span class='ocrx_word' id='word_1_755' title='bbox 835 2774 921 2793; x_wconf 87' lang='lat' dir='ltr'><strong>meum</strong></span> <span class='ocrx_word' id='word_1_756' title='bbox 933 2764 1035 2796; x_wconf 83' lang='lat' dir='ltr'><strong>edebat,</strong></span> 
     </span>
    </p>
   </div>
   <div class='ocr_carea' id='block_1_104' title="bbox 252 2810 1037 2848">
    <p class='ocr_par' dir='ltr' id='par_1_104' title="bbox 252 2810 1037 2848">
     <span class='ocr_line' id='line_1_104' title="bbox 252 2810 1037 2848; baseline 0 -10"><span class='ocrx_word' id='word_1_757' title='bbox 252 2810 345 2840; x_wconf 72' lang='lat' dir='ltr'><strong>malit</strong></span> <span class='ocrx_word' id='word_1_758' title='bbox 356 2818 383 2837; x_wconf 81' lang='lat' dir='ltr'><strong>se</strong></span> <span class='ocrx_word' id='word_1_759' title='bbox 398 2819 437 2838; x_wconf 67' lang='lat' dir='ltr'><strong>me</strong></span> <span class='ocrx_word' id='word_1_760' title='bbox 446 2819 572 2846; x_wconf 82' lang='lat' dir='ltr'><strong>sequens;</strong></span> <span class='ocrx_word' id='word_1_761' title='bbox 587 2816 634 2839; x_wconf 76' lang='lat' dir='ltr'><strong>aut</strong></span> <span class='ocrx_word' id='word_1_762' title='bbox 648 2813 798 2841; x_wconf 88' lang='lat' dir='ltr'><strong>secundum</strong></span> <span class='ocrx_word' id='word_1_763' title='bbox 813 2812 949 2848; x_wconf 86' lang='lat' dir='ltr'><strong>Aquilam,</strong></span> <span class='ocrx_word' id='word_1_764' title='bbox 967 2818 1037 2846; x_wconf 85' lang='lat' dir='ltr'><strong>mag-</strong></span> 
     </span>
    </p>
   </div>
   <div class='ocr_carea' id='block_1_105' title="bbox 498 2892 513 2905">
    <p class='ocr_par' dir='ltr' id='par_1_105' title="bbox 498 2892 513 2905">
     <span class='ocr_line' id='line_1_105' title="bbox 498 2892 513 2905; baseline 0 0"><span class='ocrx_word' id='word_1_765' title='bbox 498 2892 513 2905; x_wconf 67' lang='lat'><strong>&#39;2</strong></span> 
     </span>
    </p>
   </div>
   <div class='ocr_carea' id='block_1_106' title="bbox 288 2891 524 2924">
    <p class='ocr_par' dir='ltr' id='par_1_106' title="bbox 288 2891 524 2924">
     <span class='ocr_line' id='line_1_106' title="bbox 288 2891 524 2924; baseline -0.004 -4"><span class='ocrx_word' id='word_1_766' title='bbox 288 2893 310 2912; x_wconf 76' lang='grc'><strong>¹¹</strong></span> <span class='ocrx_word' id='word_1_767' title='bbox 331 2891 426 2920; x_wconf 54' lang='grc' dir='ltr'><strong>δεξιὼ.</strong></span> <span class='ocrx_word' id='word_1_768' title='bbox 447 2900 477 2924; x_wconf 85' lang='grc' dir='ltr'>ν,</span> <span class='ocrx_word' id='word_1_769' title='bbox 498 2892 524 2919; x_wconf 77' lang='grc'><strong>5.</strong></span> 
     </span>
    </p>
   </div>
   <div class='ocr_carea' id='block_1_107' title="bbox 1091 2289 1759 2326">
    <p class='ocr_par' dir='ltr' id='par_1_107' title="bbox 1091 2289 1759 2326">
     <span class='ocr_line' id='line_1_107' title="bbox 1091 2289 1759 2326; baseline -0.013 -2"><span class='ocrx_word' id='word_1_770' title='bbox 1091 2297 1144 2324; x_wconf 77' lang='grc' dir='ltr'><strong>Καὶ</strong></span> <span class='ocrx_word' id='word_1_771' title='bbox 1156 2297 1210 2323; x_wconf 78' lang='grc' dir='ltr'>οὐκ</span> <span class='ocrx_word' id='word_1_772' title='bbox 1222 2294 1346 2321; x_wconf 81' lang='grc' dir='ltr'>ἐκδώσει</span> <span class='ocrx_word' id='word_1_773' title='bbox 1357 2293 1450 2320; x_wconf 81' lang='grc' dir='ltr'>αὑτὸν</span> <span class='ocrx_word' id='word_1_774' title='bbox 1465 2293 1509 2325; x_wconf 79' lang='grc' dir='ltr'><strong>εἰς</strong></span> <span class='ocrx_word' id='word_1_775' title='bbox 1521 2291 1622 2326; x_wconf 69' lang='grc' dir='ltr'><em>ψυχὰς</em></span> <span class='ocrx_word' id='word_1_776' title='bbox 1636 2289 1759 2325; x_wconf 82' lang='grc' dir='ltr'>ἐχθρῶν.</span> 
     </span>
    </p>
   </div>
   <div class='ocr_carea' id='block_1_108' title="bbox 1131 2333 1876 2372">
    <p class='ocr_par' dir='ltr' id='par_1_108' title="bbox 1131 2333 1876 2372">
     <span class='ocr_line' id='line_1_108' title="bbox 1131 2333 1876 2372; baseline -0.012 -4"><span class='ocrx_word' id='word_1_777' title='bbox 1131 2341 1228 2368; x_wconf 73' lang='grc' dir='ltr'>’ἰστέον</span> <span class='ocrx_word' id='word_1_778' title='bbox 1241 2340 1280 2372; x_wconf 82' lang='grc' dir='ltr'><strong>δὲ,</strong></span> <span class='ocrx_word' id='word_1_779' title='bbox 1296 2339 1334 2370; x_wconf 85' lang='grc' dir='ltr'>ὡς</span> <span class='ocrx_word' id='word_1_780' title='bbox 1347 2338 1390 2365; x_wconf 87' lang='grc' dir='ltr'><strong>τό·</strong></span> <span class='ocrx_word' id='word_1_781' title='bbox 1416 2337 1485 2372; x_wconf 76' lang='grc' dir='ltr'><strong>Ἐγὼ</strong></span> <span class='ocrx_word' id='word_1_782' title='bbox 1506 2335 1585 2368; x_wconf 79' lang='grc' dir='ltr'>εἶπα,</span> <span class='ocrx_word' id='word_1_783' title='bbox 1609 2336 1697 2369; x_wconf 76' lang='grc' dir='ltr'>Κύριε</span> <span class='ocrx_word' id='word_1_784' title='bbox 1710 2355 1717 2368; x_wconf 86' lang='grc'>,</span> <span class='ocrx_word' id='word_1_785' title='bbox 1744 2333 1876 2366; x_wconf 72' lang='grc' dir='ltr'><strong>ἐλέησόν</strong></span> 
     </span>
    </p>
   </div>
   <div class='ocr_carea' id='block_1_109' title="bbox 1087 2379 1873 2424">
    <p class='ocr_par' dir='ltr' id='par_1_109' title="bbox 1087 2379 1873 2424">
     <span class='ocr_line' id='line_1_109' title="bbox 1087 2379 1873 2424; baseline -0.013 -9"><span class='ocrx_word' id='word_1_786' title='bbox 1087 2397 1135 2424; x_wconf 79' lang='grc' dir='ltr'>με,</span> <span class='ocrx_word' id='word_1_787' title='bbox 1147 2387 1219 2419; x_wconf 69' lang='grc' dir='ltr'>τινες</span> <span class='ocrx_word' id='word_1_788' title='bbox 1235 2387 1266 2413; x_wconf 78' lang='grc' dir='ltr'>ὲκ</span> <span class='ocrx_word' id='word_1_789' title='bbox 1281 2384 1425 2420; x_wconf 75' lang='grc' dir='ltr'>προσώπου</span> <span class='ocrx_word' id='word_1_790' title='bbox 1437 2383 1483 2410; x_wconf 79' lang='grc' dir='ltr'>τοῦ</span> <span class='ocrx_word' id='word_1_791' title='bbox 1502 2383 1581 2410; x_wconf 78' lang='grc' dir='ltr'>Δανῖδ</span> <span class='ocrx_word' id='word_1_792' title='bbox 1597 2381 1721 2417; x_wconf 80' lang='grc' dir='ltr'>εἰρῆσθαί</span> <span class='ocrx_word' id='word_1_793' title='bbox 1735 2388 1816 2415; x_wconf 78' lang='grc' dir='ltr'>φασιν</span> <span class='ocrx_word' id='word_1_794' title='bbox 1828 2388 1834 2395; x_wconf 91' lang='grc'>·</span> <span class='ocrx_word' id='word_1_795' title='bbox 1856 2379 1873 2415; x_wconf 77' lang='grc' dir='ltr'>ἢ</span> 
     </span>
    </p>
   </div>
   <div class='ocr_carea' id='block_1_110' title="bbox 1091 2425 1874 2470">
    <p class='ocr_par' dir='ltr' id='par_1_110' title="bbox 1091 2425 1874 2470">
     <span class='ocr_line' id='line_1_110' title="bbox 1091 2425 1874 2470; baseline -0.013 -9"><span class='ocrx_word' id='word_1_796' title='bbox 1091 2431 1352 2470; x_wconf 72' lang='grc' dir='ltr'>παρεμϐεϐλημένον</span> <span class='ocrx_word' id='word_1_797' title='bbox 1373 2431 1401 2456; x_wconf 81' lang='grc' dir='ltr'>ἐν</span> <span class='ocrx_word' id='word_1_798' title='bbox 1418 2429 1456 2465; x_wconf 83' lang='grc' dir='ltr'>τῷ</span> <span class='ocrx_word' id='word_1_799' title='bbox 1475 2429 1559 2464; x_wconf 81' lang='grc' dir='ltr'>μέσῳ,</span> <span class='ocrx_word' id='word_1_800' title='bbox 1577 2428 1594 2464; x_wconf 81' lang='grc' dir='ltr'>ἢ</span> <span class='ocrx_word' id='word_1_801' title='bbox 1609 2428 1660 2459; x_wconf 71' lang='grc' dir='ltr'>ἕως</span> <span class='ocrx_word' id='word_1_802' title='bbox 1672 2427 1731 2453; x_wconf 87' lang='grc' dir='ltr'><strong>ὲκεί</strong></span> <span class='ocrx_word' id='word_1_803' title='bbox 1740 2425 1874 2460; x_wconf 83' lang='grc' dir='ltr'>περιγρά-</span> 
     </span>
    </p>
   </div>
   <div class='ocr_carea' id='block_1_111' title="bbox 1092 2473 1553 2515">
    <p class='ocr_par' dir='ltr' id='par_1_111' title="bbox 1092 2473 1553 2515">
     <span class='ocr_line' id='line_1_111' title="bbox 1092 2473 1553 2515; baseline -0.015 -8"><span class='ocrx_word' id='word_1_804' title='bbox 1092 2488 1187 2515; x_wconf 79' lang='grc' dir='ltr'>φοντες</span> <span class='ocrx_word' id='word_1_805' title='bbox 1204 2478 1238 2505; x_wconf 84' lang='grc' dir='ltr'>τὰ</span> <span class='ocrx_word' id='word_1_806' title='bbox 1250 2477 1383 2512; x_wconf 84' lang='grc' dir='ltr'>λεγόμενα</span> <span class='ocrx_word' id='word_1_807' title='bbox 1403 2476 1447 2502; x_wconf 83' lang='grc' dir='ltr'>ὑπ’</span> <span class='ocrx_word' id='word_1_808' title='bbox 1462 2473 1553 2501; x_wconf 83' lang='grc' dir='ltr'>αὐτοῦ.</span> 
     </span>
    </p>
   </div>
   <div class='ocr_carea' id='block_1_112' title="bbox 1125 2566 1873 2613">
    <p class='ocr_par' dir='ltr' id='par_1_112' title="bbox 1125 2566 1873 2613">
     <span class='ocr_line' id='line_1_112' title="bbox 1125 2566 1873 2613; baseline -0.02 -6"><span class='ocrx_word' id='word_1_809' title='bbox 1125 2578 1180 2607; x_wconf 79' lang='grc' dir='ltr'><strong>Καὶ</strong></span> <span class='ocrx_word' id='word_1_810' title='bbox 1194 2577 1248 2613; x_wconf 75' lang='grc' dir='ltr'>γὰρ</span> <span class='ocrx_word' id='word_1_811' title='bbox 1270 2577 1286 2603; x_wconf 85' lang='grc' dir='ltr'><em>ὀ</em></span> <span class='ocrx_word' id='word_1_812' title='bbox 1310 2575 1464 2609; x_wconf 76' lang='grc' dir='ltr'><strong>ἅνθρωπος</strong></span> <span class='ocrx_word' id='word_1_813' title='bbox 1479 2571 1532 2607; x_wconf 81' lang='grc' dir='ltr'><strong>τῆς</strong></span> <span class='ocrx_word' id='word_1_814' title='bbox 1554 2570 1675 2606; x_wconf 71' lang='grc' dir='ltr'><strong>εἰρήνης</strong></span> <span class='ocrx_word' id='word_1_815' title='bbox 1687 2577 1756 2604; x_wconf 81' lang='grc' dir='ltr'>μου.</span> <span class='ocrx_word' id='word_1_816' title='bbox 1778 2567 1823 2602; x_wconf 69' lang='grc' dir='ltr'><strong>ἐφ’</strong></span> 
     </span>
    </p>
   </div>
   <div class='ocr_carea' id='block_1_113' title="bbox 1090 2611 1873 2659">
    <p class='ocr_par' dir='ltr' id='par_1_113' title="bbox 1090 2611 1873 2659">
     <span class='ocr_line' id='line_1_113' title="bbox 1090 2611 1873 2659; baseline -0.019 -7"><span class='ocrx_word' id='word_1_817' title='bbox 1090 2611 1218 2659; x_wconf 57' lang='lat' dir='ltr'><strong>ﬁliuni.</strong></span> <span class='ocrx_word' id='word_1_818' title='bbox 1241 2624 1256 2649; x_wconf 83' lang='grc' dir='ltr'><em>ὁ</em></span> <span class='ocrx_word' id='word_1_819' title='bbox 1278 2621 1386 2648; x_wconf 78' lang='grc' dir='ltr'><strong>ἐσθίων</strong></span> <span class='ocrx_word' id='word_1_820' title='bbox 1413 2619 1520 2653; x_wconf 76' lang='grc' dir='ltr'>ἄρτους</span> <span class='ocrx_word' id='word_1_821' title='bbox 1536 2626 1606 2652; x_wconf 81' lang='grc' dir='ltr'>μου,</span> <span class='ocrx_word' id='word_1_822' title='bbox 1623 2615 1805 2650; x_wconf 61' lang='grc' dir='ltr'>ἐμεγάλυνεν</span> <span class='ocrx_word' id='word_1_823' title='bbox 1827 2611 1873 2659; x_wconf 46' lang='grc' dir='ltr'><strong>ἐπ’</strong></span> 
     </span>
    </p>
   </div>
   <div class='ocr_carea' id='block_1_114' title="bbox 1091 2657 1873 2705">
    <p class='ocr_par' dir='ltr' id='par_1_114' title="bbox 1091 2657 1873 2705">
     <span class='ocr_line' id='line_1_114' title="bbox 1091 2657 1873 2705; baseline -0.019 -7"><span class='ocrx_word' id='word_1_824' title='bbox 1091 2657 1142 2705; x_wconf 56' lang='lat' dir='ltr'><strong>(ius</strong></span> <span class='ocrx_word' id='word_1_825' title='bbox 1165 2667 1355 2702; x_wconf 81' lang='grc' dir='ltr'>πτερνισμόν.</span> <span class='ocrx_word' id='word_1_826' title='bbox 1378 2665 1455 2692; x_wconf 85' lang='grc' dir='ltr'>Κατὰ</span> <span class='ocrx_word' id='word_1_827' title='bbox 1474 2665 1503 2690; x_wconf 80' lang='grc' dir='ltr'><strong>δὲ</strong></span> <span class='ocrx_word' id='word_1_828' title='bbox 1525 2663 1570 2690; x_wconf 83' lang='grc' dir='ltr'><strong>τὸν</strong></span> <span class='ocrx_word' id='word_1_829' title='bbox 1593 2661 1753 2705; x_wconf 55' lang='grc' dir='ltr'>Σύμμαχον·</span> <span class='ocrx_word' id='word_1_830' title='bbox 1786 2657 1873 2705; x_wconf 62' lang='lat' dir='ltr'><strong>uua</strong></span> 
     </span>
    </p>
   </div>
   <div class='ocr_carea' id='block_1_115' title="bbox 1091 2702 1871 2749">
    <p class='ocr_par' dir='ltr' id='par_1_115' title="bbox 1091 2702 1871 2749">
     <span class='ocr_line' id='line_1_115' title="bbox 1091 2702 1871 2749; baseline -0.018 -6"><span class='ocrx_word' id='word_1_831' title='bbox 1091 2702 1139 2743; x_wconf 56' lang='lat' dir='ltr'><strong>real</strong></span> <span class='ocrx_word' id='word_1_832' title='bbox 1154 2715 1306 2749; x_wconf 75' lang='grc' dir='ltr'>ἅνθρωπος</span> <span class='ocrx_word' id='word_1_833' title='bbox 1321 2712 1354 2745; x_wconf 84' lang='grc' dir='ltr'><strong>ὃς</strong></span> <span class='ocrx_word' id='word_1_834' title='bbox 1366 2709 1502 2746; x_wconf 74' lang='grc' dir='ltr'>εὶρήνευέ</span> <span class='ocrx_word' id='word_1_835' title='bbox 1509 2717 1570 2744; x_wconf 83' lang='grc' dir='ltr'>μοι,</span> <span class='ocrx_word' id='word_1_836' title='bbox 1594 2707 1692 2743; x_wconf 69' lang='grc' dir='ltr'>φησιν,</span> <span class='ocrx_word' id='word_1_837' title='bbox 1711 2702 1735 2738; x_wconf 85' lang='grc' dir='ltr'>ᾧ</span> <span class='ocrx_word' id='word_1_838' title='bbox 1752 2703 1871 2731; x_wconf 73' lang='grc' dir='ltr'>ἐπεποί-</span> 
     </span>
    </p>
   </div>
   <div class='ocr_carea' id='block_1_116' title="bbox 1090 2751 1871 2795">
    <p class='ocr_par' dir='ltr' id='par_1_116' title="bbox 1090 2751 1871 2795">
     <span class='ocr_line' id='line_1_116' title="bbox 1090 2751 1871 2795; baseline -0.018 -5"><span class='ocrx_word' id='word_1_839' title='bbox 1090 2764 1163 2795; x_wconf 80' lang='grc' dir='ltr'>θειν,</span> <span class='ocrx_word' id='word_1_840' title='bbox 1176 2759 1346 2788; x_wconf 77' lang='grc' dir='ltr'><strong>συνεσθιων</strong></span> <span class='ocrx_word' id='word_1_841' title='bbox 1356 2766 1407 2793; x_wconf 82' lang='grc' dir='ltr'><strong>μοι</strong></span> <span class='ocrx_word' id='word_1_842' title='bbox 1419 2757 1510 2791; x_wconf 81' lang='grc' dir='ltr'>ἄρτον</span> <span class='ocrx_word' id='word_1_843' title='bbox 1523 2754 1610 2789; x_wconf 82' lang='grc' dir='ltr'><strong>ἐμὸν,</strong></span> <span class='ocrx_word' id='word_1_844' title='bbox 1632 2751 1871 2787; x_wconf 75' lang='grc' dir='ltr'>κατεμεταλύνθη</span> 
     </span>
    </p>
   </div>
   <div class='ocr_carea' id='block_1_117' title="bbox 1088 2799 1870 2845">
    <p class='ocr_par' dir='ltr' id='par_1_117' title="bbox 1088 2799 1870 2845">
     <span class='ocr_line' id='line_1_117' title="bbox 1088 2799 1870 2845; baseline -0.019 -8"><span class='ocrx_word' id='word_1_845' title='bbox 1088 2818 1147 2845; x_wconf 84' lang='grc' dir='ltr'>μου</span> <span class='ocrx_word' id='word_1_846' title='bbox 1163 2804 1352 2836; x_wconf 80' lang='grc' dir='ltr'><strong>ἀκολουθῶν·</strong></span> <span class='ocrx_word' id='word_1_847' title='bbox 1373 2804 1390 2839; x_wconf 81' lang='grc' dir='ltr'><strong>ἢ</strong></span> <span class='ocrx_word' id='word_1_848' title='bbox 1406 2802 1474 2830; x_wconf 78' lang='grc' dir='ltr'>κατὰ</span> <span class='ocrx_word' id='word_1_849' title='bbox 1491 2801 1535 2828; x_wconf 84' lang='grc' dir='ltr'><strong>τὸν</strong></span> <span class='ocrx_word' id='word_1_850' title='bbox 1559 2799 1690 2826; x_wconf 76' lang='grc' dir='ltr'>Ἀκύλανο</span> <span class='ocrx_word' id='word_1_851' title='bbox 1709 2799 1870 2832; x_wconf 78' lang='grc' dir='ltr'>Κατεμεγιι-</span> 
     </span>
    </p>
   </div>
  </div>
