2056 3214
167 210 220 238 565

734 207 986 237 COMMENTARIA
1006 207 1039 235 lN
1059 206 1226 234 PSALMOS.

1279 174 1343 206 40
1737 203 1789 232 ses

165 269 262 302 ,ιύνθη
275 276 336 302 μου
349 268 469 302 πτέριν-ᾳ.
484 267 541 302 Τῆς
555 267 584 294 δὲ
598 267 644 294 τοῦ
658 268 783 304 Σωτῆρος
798 268 908 304 εἰρήνης
919 264 953 302 ἦν

1006 266 1132 301 niﬁcatus
1154 270 1192 292 est
1211 270 1307 291 contra
1321 272 1361 291 me
1376 264 1510 292 caleaneo.
1525 265 1591 292 Erat
1607 271 1690 300 porro
1705 262 1789 291 Judas

166 314 308 349 ἄνθρωπος
333 314 347 339 6
375 313 473 345 Ἰούδας
486 334 492 346 ,
509 313 627 345 ἀκούσας
644 314 691 340 καὶ
714 313 795 345 αὐτὸς
813 313 882 348 μετὰ
899 312 952 338 τῶν

166 360 267 387 λοιπῶν
286 359 414 395 μαθητῶν
437 360 484 386 τοῦ
512 360 637 396 Σωτῆρος
656 359 794 393 λέγοντος·
820 358 954 393 Ειρήνην

165 406 224 440 τὴν
237 405 315 441 ἐμὴν
325 405 427 440 δίδωμι
444 406 525 441 ὑμῖν,
536 405 659 440 εἰρήνην
674 405 731 439 τὴν
750 405 827 440 ἐμὴν
848 405 954 440 ἀφίημι

165 453 247 488 ὑμῖν.
267 452 347 479 Ἀλλὰ
370 453 416 479 καί
428 461 434 467 ·
457 453 515 487 Ἐφ’
540 452 578 479 ὃν
599 452 716 487 ἤλπισα
729 474 736 486 ,
753 452 836 488 φησί·
854 452 871 487 ἢ
884 451 954 478 κατὰ

165 499 211 525 τὸν
230 499 347 525 Ἀκύλαν
358 519 365 531 ,
383 499 569 532 ἐπεποίθησα
579 519 586 531 ,
600 499 616 534 ἢ
631 498 702 526 κατὰ
724 498 769 525 τὸν
791 498 936 534 Σύμμαχον
946 518 953 529 ,

165 545 337 572 ἐπεποίθειν
347 553 354 560 ·
369 545 517 581 ἐπειδήπερ
529 545 575 572 καὶ
589 545 663 581 αὐτῷ
673 545 773 580 ὁμοίως
786 547 843 576 τοῖς
853 544 954 575 λοιποῖς

166 591 325 623 ἀποστόλοις
346 591 399 618 τῶν
416 592 480 618 ἴσων
500 591 634 627 μετεδίδου
659 592 850 628 χαρισμάτων.
881 591 954 617 Ἐπ-

168 636 272 662 ιποὶθει
286 637 315 663 δὲ
333 637 375 662 ἐπ’
389 636 462 671 αὐτῷ
477 638 491 662 6
507 636 611 672 Σωτὴρ,
623 637 670 664 καὶ
680 636 785 672 ἀγαθὰς
796 634 868 671 εἶχεν
881 635 956 661 ἐλπί-

166 681 214 714 δας
230 682 274 708 ἐπ’
287 681 371 717 αὐτῷ,
387 681 430 708 διὰ
449 681 480 708 τὸ
495 681 542 708 καὶ
565 682 608 708 ἐπ’
626 681 700 716 αὐτῷ
716 680 896 713 αὐτεξούσιον.
918 680 955 707 Οὑ

167 725 221 761 γὰρ
233 722 267 761 ἦν
292 725 399 760 φύσεως
419 725 549 752 ἀδυνάτου
579 725 711 757 σώζεσθαι
732 726 746 752 6
768 726 882 758 Ἰούδας·
898 725 955 752 ἀλλ’

167 769 222 803 οἷός
234 780 263 798 τε
277 769 322 807 ἦν,
340 771 470 807 θελήσας,
489 771 589 807 ὁμοίως
601 773 658 803 τοῖς
679 772 782 803 λοιποῖς
799 771 956 803 ἀποστόλοις
972 790 979 799 .

170 817 373 853 μαθητευθῆναι
391 816 431 852 τῷ
442 816 500 851 Υεῷ
516 817 562 843 τοῦ
573 817 651 847 Θεοῦ,
674 816 720 843 καὶ
734 816 814 848 καλὸς
828 817 874 843 καὶ
889 817 957 850 ἀγα-

169 864 214 895 θὸς
228 863 353 899 μαθητὴς
370 863 568 890 ἀποτελεῖσθαι·
588 863 726 894 συνέστιος
739 862 767 888 δὲ
781 862 817 888 ὣν
831 863 870 897 τῷ
884 863 956 889 Διδα-

170 910 270 945 σκάλῳ,
287 910 318 936 οὐ
331 910 375 936 τὸν
397 910 486 936 κοινὸν
505 909 584 945 ἄρτον
608 908 682 944 αὑτῷ
706 909 785 944 μόνον
804 908 954 944 συνήσθιεν,

168 956 235 983 ἀλλὰ
251 957 298 983 καὶ
314 955 361 982 τοῦ
386 955 437 990 τῆς
460 955 550 990 ψυχῆς
565 954 712 990 ορεπτικοῦ
736 954 954 990 μεταλαμϐάνειν

168 1002 289 1037 ἠξιοῦτο·
309 1002 373 1037 περὶ
387 998 417 1028 οὗ
427 1001 519 1035 ἔλεγεν
533 1002 546 1027 6
561 1001 655 1036 Σωτήρ
665 1009 671 1015 ·
690 1000 760 1035 Ἐγώ
767 1002 823 1035 εἰμι
839 1001 855 1027 ὁ
869 1000 956 1035 ἄρτος

168 1050 185 1076 o'
199 1049 234 1075 ὲκ
249 1048 302 1075 τοῦ
319 1047 448 1082 οἰιοανοῦ
465 1046 606 1079 καταϐὰς,
622 1046 670 1072 καὶ
685 1045 761 1079 ζωὴν
780 1045 882 1078 διδοὺς
895 1046 956 1079 τοῖς

167 1093 344 1127 ἀνθρώποις.
371 1091 456 1124 υῦτος
477 1089 523 1118 οὖν
549 1092 563 1117 ὁ
582 1091 716 1117 τοσούτων
742 1089 893 1125 ἠξιωμένος
908 1091 956 1126 τὴν

168 1140 286 1175 πτέρναν
301 1139 382 1165 αὐτοῦ
398 1139 492 1174 ὥσπερ
504 1138 553 1170 λὰξ
570 1137 696 1164 ὲντείνων
713 1137 783 1163 κατὰ
803 1136 850 1162 τοῦ
868 1137 957 1172 Σωτῆ-

170 1193 214 1220 ρος
240 1184 344 1220 ὲπῆρε·
371 1183 411 1210 διὸ
447 1183 592 1209 λέλεκται”
618 1181 819 1216 Ἐμεγάλυνεν
836 1180 882 1206 ἐπ’
906 1179 957 1214 ἐμὲ

168 1231 361 1266 πτερνισμόν.
384 1230 456 1256 ’Δντὶ
472 1229 500 1255 δὲ
513 1228 570 1259 τοῦ,
592 1227 788 1262 πτερνισμὸν,
810 1226 886 1263 παρὰ
901 1228 957 1257 τοῖς

174 1274 374 1312 Ἕϐδομήκοντα
383 1275 536 1311 εἰρημένον,
545 1275 561 1309 ή
570 1273 698 1309 Ἑϐραῖκὴ
712 1273 863 1307 ἀνάγνωσις
872 1272 957 1306 πτέρ-

167 1331 225 1350 ναν
238 1323 372 1358 περιέχει.
397 1321 490 1353 Οὕτως
505 1319 552 1347 οὖν
571 1320 714 1351 δουλεύσας
732 1319 770 1355 τῷ
790 1319 927 1354 Ἐϐραῖκῷ
943 1319 957 1344 6

174 1368 289 1400 Ἀκύλας
306 1367 445 1400 ἐξέδωκεν.
461 1366 542 1393 Ὅθεν
559 1366 628 1393 καὶό
647 1364 843 1400 εὐαγγελιστὴς
867 1364 956 1390 Ἰωάν-

168 1423 226 1449 νης,
241 1414 278 1446 ὡς
295 1413 328 1440 ἂν
348 1413 472 1449 Ἐϐραῖος
488 1412 518 1445 ἐξ
542 1412 688 1448 Ἐϐραίων,
706 1411 751 1438 τὸν
771 1412 904 1446 Σωτῆρα,
925 1411 955 1437 ού

169 1460 361 1495 πτερνισμόν,
378 1460 444 1486 ἀλλὰ
455 1460 501 1486 καὶ
515 1459 645 1493 πτέρναν
654 1457 824 1494 ὠνομακέναι
837 1457 957 1492 ὲμνημὸ-
974 1484 981 1487 _

169 1516 272 1534 νευσεν.

203 1554 251 1585 Et;
265 1553 296 1579 τό
307 1561 314 1567 ·
347 1551 436 1586 Ἐμοῦ
452 1551 500 1578 διὰ
512 1551 570 1584 τὴν
589 1550 717 1577 ἀκακίαν
740 1549 924 1576 ἀντελάϐου-
939 1549 954 1583 ἦ

169 1599 240 1626 κατὰ
251 1599 296 1625 τὸν
312 1597 425 1624 Ἀκύλαν
436 1598 482 1623 καὶ
498 1597 654 1632 Σύμμαχον,
667 1596 715 1623 διὰ
727 1596 785 1630 τὴν
792 1596 954 1630 ἁπλότητα·

169 1645 317 1681 ἐπειδήπερ
340 1645 380 1677 ὡς
415 1644 562 1678 πρόϐατον
586 1642 635 1668 ἐπὶ
658 1641 781 1676 σφαγὴν
793 1641 884 1676 ἤχθη,
904 1642 954 1668 καὶ

170 1693 211 1726 ὡς
225 1693 316 1727 ἀμνὸς
326 1692 465 1719 ἐναντίον
479 1691 531 1718 τοῦ
548 1690 700 1724 tte/partae
714 1689 843 1724 ἄφωνος,
862 1690 955 1722 οὕτως

171 1740 227 1765 οὐκ
239 1738 365 1773 ἀνοίγων
389 1737 421 1764 τὸ
436 1738 547 1771 crepa:
569 1735 626 1768 καὶ,
646 1735 876 1770 Λοιὸορούμενος
899 1737 954 1762 οὐκ

170 1784 385 1818 ἀντελοιδόρει·
402 1782 529 1817 πάσχων
543 1783 598 1809 οὐκ
614 1782 747 1816 ἠπείλει·
764 1782 812 1817 τὴν
827 1782 913 1818 ἄκραν
927 1781 955 1808 δὲ

170 1829 343 1862 ἀνεξικακίαν
372 1828 574 1863 ἐνδεικνύμενος
609 1828 638 1854 ὲν
669 1827 708 1862 τῷ
745 1827 954 1864 κατηγορεῖσθαι

171 1876 285 1908 ἐσιώπα,
305 1874 609 1910 ψευδομαρτυρούμενός
623 1882 652 1900 τε
672 1874 747 1900 οὐδὲν
772 1873 952 1909 ἀπεκρίνατο·

171 1922 237 1949 ἀλλὰ
254 1922 301 1948 καὶ
316 1921 361 1947 τὸν
379 1920 462 1948 νῶτον
478 1920 560 1946 αὐτοῦ
577 1919 691 1947 δέδωκεν
702 1920 741 1951 εἰς
756 1918 890 1954 μάστιγας
909 1919 956 1945 καὶ

170 1967 219 1999 τὰς
241 1967 368 2001 σιαγόνας
383 1967 422 1997 εἰς
446 1965 621 2001 ῥαπίσματα⁸
639 1964 671 1991 τὸ
695 1964 723 1990 δὲ
738 1964 883 2000 πρόσωπον
906 1963 956 1990 οὐκ

171 2013 341 2048 ἀπέστρεψεν
352 2012 405 2039 ἀπὸ
419 2011 548 2047 αἰσχύνης
565 2012 778 2047 ἐμπτυσμάτων.
794 2011 839 2037 Διό
861 2019 954 2045 φησιν’

177 2059 262 2093 Ἐμοῦ
277 2058 310 2085 δὲ
316 2057 365 2085 διὰ
373 2058 564 2091 rip-rixantur
576 2057 752 2088 ἀντελάόου,
765 2056 955 2084 καὶὲϐεϐαίω-

171 2104 230 2137 σάς
245 2113 282 2139 με
307 2104 435 2131 ἐνώπιόν
463 2112 521 2130 σου
541 2104 584 2135 εὶς
606 2102 707 2130 αἰῶνα.
735 2102 847 2134 Τούτοις
873 2103 955 2129 πᾶσιν

169 2150 293 2177 ἐπὶτέλει
304 2151 334 2176 τὸ
351 2150 517 2185 προφητικὸν
528 2149 635 2184 πνεῦμα
647 2149 852 2185 εὐχαριστήριον
866 2149 955 2185 φωνὴν

170 2196 327 2232 ἀναπέμπει
352 2196 391 2231 τῷ
416 2195 475 2231 Θεῷ
504 2196 595 2230 λέγον·
623 2195 796 2230 Εὐλογητὸς
818 2196 924 2229 Κύριος
940 2197 956 2221 ὁ

171 2242 243 2275 Θεὸς
264 2242 389 2276 Ἰσραὴλ
399 2241 458 2268 ἀπὸ
475 2241 528 2268 τοῦ
543 2241 650 2274 αἰῶνος
664 2241 713 2267 καὶ
729 2242 773 2273 εὶς
786 2241 839 2267 τὸν
851 2240 952 2267 αἰῶνα·

1005 313 1086 340 homo
1105 312 1181 347 pacis
1197 310 1356 343 Salvatoris,
1369 311 1488 345 quicum
1504 311 1564 338 aliis
1575 310 1718 345 discipulis
1732 309 1789 337 haec

1004 359 1138 386 dicentem
1166 357 1335 384 Saivatorem
1353 356 1492 383 audierat:
1518 356 1615 383 Pacem
1641 363 1727 383 meam
1756 355 1788 381 do

1005 404 1088 438 vobis,
1104 412 1195 439 pacem
1224 411 1310 430 meam
1338 402 1456 436 relinquo
1480 401 1552 429 vobis
1561 403 1594 430 “.
1617 401 1681 434 Sed,
1697 403 1725 428 in
1739 409 1789 436 quo

1005 451 1117 485 speravi,
1133 450 1189 483 ait;
1202 449 1254 481 vel,
1273 447 1422 476 secundum
1434 447 1572 483 Aquilam,
1588 448 1703 483 conﬁsus
1714 455 1790 480 sum;

1006 500 1063 528 aut,
1091 500 1122 523 ut
1150 494 1343 531 Symmachus,
1369 494 1484 529 confisus
1505 500 1596 525 eram;
1619 493 1790 528 quandoqui~

1005 542 1065 568 dem
1080 541 1169 576 ipsqu
1190 540 1303 576 paribus
1322 544 1403 574 atque
1423 543 1535 566 catteros
1556 539 1696 574 apostolos
1710 539 1790 566 donis

1006 586 1143 614 aﬂ‘ecerat.
1164 586 1324 613 Conlidebat
1337 589 1428 612 autem
1445 584 1469 612 ei
1495 584 1633 618 Salvator,
1646 589 1672 612 et
1691 584 1789 612 bonam

1005 634 1039 661 de
1055 633 1115 668 ipso
1130 641 1205 668 spem
1217 632 1346 664 habebat,
1358 631 1421 666 quia
1436 631 1464 658 in
1475 639 1508 659 eo
1519 631 1635 659 liberum
1647 631 1789 658 arbitrium

1006 685 1090 707 esset.
1120 679 1214 714 Neque
1239 679 1312 706 enim
1338 677 1421 706 ludas
1449 686 1482 705 ex
1511 677 1669 712 huiusmodi
1694 681 1791 704 natura

1006 730 1066 754 erat
1083 733 1143 761 quae
1171 732 1226 752 non
1245 727 1340 760 posset
1363 724 1479 751 salutem
1499 723 1649 759 consequi;
1677 723 1723 751 sed
1743 730 1793 758 po-

1006 776 1088 804 terat,
1107 773 1130 800 si
1154 772 1264 808 quidem
1288 771 1433 804 voluisset,
1451 776 1482 799 ut
1504 776 1531 800 et
1551 772 1643 800 caeteri
1660 773 1790 807 apostoli,

1006 827 1021 846 a
1039 818 1108 846 Filio
1128 818 1175 846 Dei
1189 818 1302 850 erudiri,
1319 825 1351 846 ac
1365 818 1456 846 bonus
1467 818 1623 854 probusque
1640 818 1792 853 discipulus

1006 864 1085 892 eﬂici.
1103 865 1171 892 Nam
1187 872 1249 892 cum
1265 863 1396 900 Magistro
1417 864 1622 892 contubernalis
1638 868 1720 897 esset,
1737 873 1792 892 non

1006 918 1179 939 communem
1203 909 1285 938 modo
1308 917 1372 937 cum
1388 917 1422 937 eo
1438 917 1536 946 panem
1553 910 1728 945 comedebat,
1744 911 1792 938 sed

1007 957 1081 984 illius
1107 957 1190 984 etiam
1213 956 1260 991 qui
1286 956 1408 983 animam
1439 957 1527 983 nutrit
1553 956 1690 991 particeps
1716 960 1791 984 erat:

1008 1003 1041 1031 de
1059 1010 1113 1037 quo
1137 1002 1247 1029 dicebat
1277 1000 1417 1029 Salvator:
1446 1001 1503 1037 Ego
1523 1009 1581 1028 sum
1595 1001 1671 1036 panis
1701 1002 1745 1037 qui
1761 1001 1793 1028 de

1007 1050 1073 1077 cwlo
1089 1049 1232 1082 descendit,
1254 1053 1279 1076 et
1300 1048 1345 1084 qui
1367 1049 1413 1075 dat
1437 1049 1518 1075 vitam
1537 1047 1725 1076 hominibus".
1743 1047 1794 1075 llic

1008 1096 1100 1130 itaque
1129 1099 1169 1123 tot
1194 1098 1307 1122 ornatus
1335 1093 1486 1128 beneﬁciis,
1518 1095 1678 1123 calcaneum
1709 1103 1790 1123 suum

1007 1142 1087 1176 quasi
1103 1141 1270 1169 calcitrando
1284 1144 1380 1168 contra
1397 1140 1567 1168 Salvatorem
1580 1142 1693 1175 extulit;
1706 1149 1794 1177 quare

1008 1181 1110 1215 dictum
1129 1192 1188 1216 est:
1203 1187 1386 1223 Magniﬁcavit
1397 1196 1475 1223 super
1485 1196 1526 1215 me
1541 1187 1792 1223 supplantationem.

1007 1233 1061 1261 Pro
1076 1241 1140 1262 voce
1158 1238 1247 1262 autem
1263 1234 1319 1266 illa,
1334 1234 1583 1269 supplantationem,
1600 1242 1615 1261 a
1627 1233 1698 1261 LXX
1722 1235 1794 1263 Viris

1008 1287 1150 1316 usurpata,
1163 1279 1297 1308 Hebraica
1313 1280 1406 1312 lectio,
1425 1280 1591 1314 calcaneum,
1607 1281 1727 1317 praefert.
1755 1281 1793 1307 Eo

1008 1328 1099 1362 itaque
1108 1327 1188 1354 modo
1198 1326 1296 1362 Aquila
1306 1325 1446 1355 Hebraica:
1460 1327 1555 1354 litterae
1563 1327 1686 1355 serviens
1696 1327 1791 1354 edidit.

1008 1374 1097 1408 Quare
1111 1373 1229 1401 Joannes
1241 1374 1418 1409 evangelista,
1435 1378 1528 1409 utpote
1546 1373 1675 1401 Hebraeus
1687 1381 1721 1401 ex
1737 1373 1790 1401 ile-

1007 1420 1087 1447 brzcis
1100 1423 1188 1450 ortus,
1202 1417 1382 1450 Salvatorem,
1406 1427 1461 1446 non
1475 1418 1726 1453 supplantationem,
1743 1419 1791 1446 sed

1008 1466 1159 1492 calcaneum
1172 1464 1275 1492 dixisse
1289 1469 1432 1492 memorat.

1042 1553 1072 1581 In
1091 1553 1158 1580 illud
1176 1560 1256 1580 vero:
1274 1551 1317 1579 Me
1325 1557 1430 1586 propter
1445 1551 1621 1579 innocentiam
1635 1550 1791 1583 suscepisti;

970 1618 991 1648 ο
1008 1600 1075 1630 sive,
1090 1599 1243 1628 secundum
1264 1598 1391 1634 Aquilam
1406 1603 1433 1626 et
1457 1597 1662 1634 Symmachum,
1685 1602 1792 1633 propter

1008 1645 1215 1680 simplicitatem,
1240 1644 1309 1681 [haec
1328 1644 1456 1680 dicenda]
1475 1644 1618 1680 quoniam,
1643 1643 1712 1671 sicut
1735 1644 1791 1671 ouis

1007 1692 1042 1718 nd
1063 1691 1255 1726 jugulationem
1275 1691 1369 1718 ductus
1384 1695 1433 1722 est,
1455 1695 1479 1717 et
1503 1691 1572 1718 sicut
1597 1699 1680 1726 agnus
1703 1698 1793 1718 coram

1007 1737 1128 1764 tondente
1148 1737 1203 1763 sine
1225 1744 1296 1768 voce,
1311 1736 1350 1763 sic
1364 1744 1417 1763 non
1431 1736 1533 1770 aperuit
1556 1745 1584 1763 os
1606 1735 1724 1769 suum",
1746 1740 1791 1763 et:

1007 1783 1073 1811 Cum
1089 1782 1299 1814 malediceretur,
1317 1790 1368 1809 non
1380 1781 1580 1809 remaledicebat
1589 1789 1599 1814 ;
1615 1790 1675 1809 cum
1690 1786 1793 1817 patere-

1007 1833 1062 1861 tur,
1080 1836 1132 1855 non
1160 1827 1419 1855 comminabatur":
1439 1828 1486 1855 sed
1510 1835 1617 1856 summa
1640 1827 1792 1856 instructus

1007 1874 1148 1909 patientia,
1173 1882 1237 1902 cum
1263 1879 1452 1907 accusaretur,
1481 1875 1598 1908 tacebat,
1623 1881 1685 1902 cum
1715 1873 1791 1902 falsis

1007 1919 1171 1947 testimoniis
1188 1920 1373 1955 impeteretur,
1389 1919 1457 1946 nihil
1474 1919 1630 1954 respondit;
1646 1917 1694 1947 sed
1709 1919 1792 1946 etiam

1006 1964 1118 1992 dorsum
1133 1972 1213 1992 suum
1229 1964 1341 2000 ﬂagellis
1357 1964 1466 1997 obtulit,
1476 1968 1503 1992 et
1518 1964 1604 1992 malas
1616 1971 1680 1991 suas
1690 1963 1789 1998 alapis,

1008 2010 1104 2038 faciem
1121 2017 1185 2037 vero
1211 2017 1288 2038 suam
1303 2018 1358 2037 non
1378 2011 1475 2038 avertit
1494 2017 1509 2037 a
1522 2010 1624 2045 probro
1637 2014 1792 2045 sputorum.

1007 2057 1177 2091 Quapropter
1187 2056 1236 2088 ait,
1252 2055 1296 2083 Me
1310 2061 1397 2083 autem
1411 2062 1517 2091 propter
1532 2057 1792 2084 innocentiam'ma-

1006 2103 1108 2137 cepisti,
1126 2107 1150 2129 et
1162 2102 1327 2137 conﬁrmasti
1347 2110 1388 2128 me
1409 2102 1436 2129 in
1454 2107 1593 2137 conspectu
1606 2106 1650 2129 tuo
1670 2102 1698 2128 in
1709 2107 1792 2129 mter-

1007 2157 1079 2176 num.
1101 2148 1130 2176 In
1154 2149 1207 2176 ﬁne
1223 2148 1331 2176 tandem
1355 2155 1451 2175 eorum
1478 2148 1591 2184 spiritus
1614 2148 1794 2183 propheticus

1007 2195 1155 2230 gratiarum
1173 2195 1294 2223 actiones
1315 2195 1371 2223 Deo
1393 2194 1494 2222 emittit
1512 2195 1556 2222 his
1577 2194 1683 2223 verbis:
1708 2194 1794 2221 Bene-

1008 2240 1094 2267 dictus
1112 2240 1240 2268 Dominus
1266 2240 1336 2268 Deus
1361 2239 1446 2268 Israel
1462 2250 1478 2267 a
1493 2240 1590 2268 swculo
1615 2243 1640 2267 et
1662 2248 1743 2274 usque
1766 2239 1792 2265 in

169 2288 294 2322 γένοιτο,
308 2287 436 2322 γένοιτο·
453 2287 469 2322 ἢ
493 2287 563 2314 κατὰ
577 2286 623 2313 τὸν
654 2287 769 2313 Ἀκύλαν
782 2307 789 2319 ,
811 2292 956 2313 πεπίστω-

1008 2286 1146 2318 διτειιιιιηι,
1163 2287 1222 2321 ﬁat,
1237 2287 1301 2321 ﬁat;
1314 2291 1371 2319 aut,
1389 2286 1540 2314 secundum
1551 2285 1688 2320 Aquilam,
1706 2284 1792 2319 ﬁdeli-

166 2331 274 2366 μένως,
302 2331 546 2366 πεπιστωμένως·
579 2331 648 2358 κατὰ
670 2332 698 2358 δὲ
713 2331 759 2358 τὸν
788 2331 934 2367 Σύμμαχον
948 2340 954 2346 ·

175 2379 274 2412 Ἀμὴν,
291 2377 384 2411 ἀμήν·
410 2376 485 2403 ἔνθεν
499 2377 513 2403 ὁ
533 2377 627 2413 Σωτὴρ
641 2377 690 2403 καὶ
710 2377 812 2412 Κύριος
833 2377 911 2412 ἡμῶν
928 2378 957 2404 ἐν

168 2424 224 2453 τοῖς
240 2422 336 2449 ἑαυτοῦ
356 2422 490 2456 διαλόγοις
518 2423 556 2454 εἰς
571 2422 701 2449 πίστωσιν
717 2422 770 2449 τῶν
801 2422 849 2449 ὑπ’
874 2422 956 2450 αὑτοῦ

168 2468 323 2502 λεγομένων
346 2468 570 2504 παραλαμϐάνειν
596 2468 673 2495 εἴωθε
697 2468 744 2494 τό·
769 2468 857 2503 Ἀμὴν
881 2468 958 2503 λέγω

166 2514 255 2548 ὑμῖν·
276 2512 307 2541 οἶ,
333 2515 382 2550 τὴν
408 2514 527 2541 διάνοιαν
557 2514 722 2550 σαφέστερον
748 2515 920 2550 ἠρμήνευσεν
943 2517 958 2541 6

175 2558 290 2590 Ἀκύλας
301 2558 395 2591 εἰπὼν,
409 2559 647 2594 πεπιστωμένιιις,
665 2559 903 2594 πεπιστωμένως.

212 2605 291 2631 Ἀλλὰ
307 2605 361 2642 γὰρ
370 2606 538 2642 διῃρημένης
560 2606 609 2640 τῆς
629 2605 692 2640 ὅλης
715 2605 805 2640 βεὸλου
822 2605 875 2632 τῶν
889 2605 957 2640 ψαλ-

171 2649 231 2685 μῶν
247 2651 286 2682 εἰς
299 2652 378 2678 πέντε
395 2653 475 2688 μέρη,
490 2652 520 2678 τὸ
534 2652 640 2688 πρῶτον
658 2652 739 2686 μέρος
752 2651 869 2678 ἐνταῦθα
884 2660 957 2687 περι-

170 2697 314 2733 γράφεται,
332 2699 480 2733 ἀρχόμενον
497 2698 545 2733 μὲν
559 2698 611 2725 ἀπὸ
625 2697 671 2724 τοῦ
684 2701 707 2724 α’
718 2697 824 2732 ψαλμοῦ
838 2717 844 2728 ,
866 2697 956 2724 τελευ-

170 2744 225 2770 τῶν
241 2743 269 2770 δὲ
279 2745 318 2775 εἰς
331 2744 375 2770 τὸν
392 2744 460 2779 μετὰ
479 2745 583 2780 χεῖρας.
600 2745 669 2780 Ὦρα
685 2744 717 2780 δὴ
740 2742 786 2770 οὖν
806 2743 956 2780 μεταϐῆναι

171 2789 218 2815 ιπὶ
233 2789 263 2815 τὸ
275 2789 399 2824 δεύτερον
411 2798 418 2804 ’
436 2790 503 2825 ὅπερ
518 2791 630 2825 ἄρχεται
647 2790 695 2825 μὲν
711 2789 821 2816 ἀπὸτοῦ
835 2789 879 2825 μα’
890 2789 958 2824 ψαλ-

149 2848 157 2855 -
174 2835 235 2870 μοῦ,
254 2835 466 2871 ωμπεραιοῦται
479 2835 507 2862 δὲ
523 2836 562 2868 εἰς
579 2836 624 2863 τὸν
641 2835 690 2863 οα¹.

1011 2337 1059 2364 ter,
1076 2331 1207 2367 ﬁdeliter;
1222 2334 1290 2365 sive,
1305 2333 1455 2361 secundum
1469 2332 1677 2368 Symmachum,
1697 2339 1790 2364 amen,

1010 2386 1096 2406 amen.
1116 2378 1194 2406 Unde
1217 2377 1346 2406 Servator
1368 2379 1396 2405 in
1418 2378 1574 2413 colloquiis,
1593 2376 1627 2403 ad
1655 2377 1791 2405 sermonis

1009 2424 1052 2451 sui
1079 2424 1314 2451 conﬁrmationem
1340 2423 1368 2450 id
1398 2431 1531 2459 usurpare
1562 2422 1684 2450 solebat:
1709 2422 1792 2450 Amen

1008 2471 1067 2497 dico
1087 2470 1167 2498 vobis.
1193 2470 1278 2505 Cujus
1304 2469 1468 2498 sententiam
1494 2468 1617 2504 apertius
1646 2468 1792 2504 explicavit

1008 2516 1106 2552 Aquila
1120 2517 1224 2549 dicens,
1242 2516 1365 2551 ﬁdeliter,
1381 2516 1506 2551 ﬁdeliter.

1043 2604 1177 2632 Universo
1202 2604 1312 2640 quidem
1337 2604 1504 2639 psalmorum
1529 2603 1600 2631 libro
1622 2604 1650 2631 in
1672 2605 1792 2640 quinque

1008 2655 1100 2686 partes
1115 2651 1216 2684 diviso,
1236 2651 1324 2686 prima
1353 2658 1415 2686 pars
1443 2650 1497 2678 huc
1517 2650 1630 2684 desinit,
1649 2658 1710 2686 quae
1723 2651 1794 2678 inci-

1011 2697 1051 2732 pit
1067 2705 1083 2724 a
1102 2697 1189 2732 primo
1213 2698 1327 2732 psalmo,
1351 2701 1377 2726 et
1404 2697 1433 2724 in
1463 2697 1591 2732 praesenti
1618 2697 1790 2724 terminatur.

1011 2742 1105 2771 Restat
1121 2746 1150 2770 ut
1172 2742 1319 2770 secundam
1341 2743 1543 2779 aggrediamur,
1567 2750 1628 2778 quae
1642 2751 1656 2770 ει
1674 2742 1794 2777 quadra-

1012 2789 1116 2825 gesimo
1131 2789 1219 2825 primo
1234 2789 1338 2825 incipit,
1353 2795 1380 2818 ct
1395 2790 1423 2818 in
1432 2790 1662 2826 septuagesimum
1675 2789 1794 2825 primum

1013 2835 1123 2864 desinit.

208 2923 231 2938 ²¹
247 2923 328 2951 Joan.
347 2932 407 2959 xxv,
423 2926 468 2954 27.
506 2927 528 2944 "
547 2926 625 2956 Joan.
641 2936 686 2961 vt,
705 2927 747 2955 51.
786 2927 809 2944 “
828 2928 881 2956 lsa.
900 2935 966 2961 LIII,
986 2927 1010 2955 ’1.
1049 2928 1071 2944 ⁸⁸
1091 2927 1100 2954 l
1116 2926 1188 2955 Petr.
1205 2935 1241 2962 ιι,
1259 2927 1304 2958 25,
