2056 3214
276 178 329 207 567

332 240 358 267 ι.
386 238 419 266 IN
445 237 891 276 riNEM,Ap_tNreLLECTu.u
912 239 1011 268 FlLllS

577 274 668 303 CORE
696 275 761 302 XLI.

314 331 406 360 Prima
431 340 494 368 pars
519 333 583 361 libri
607 333 773 368 psalmorum
789 333 969 369 quadraginta
987 334 1062 369 psal-

279 386 349 411 mos,
370 379 416 414 qui
439 387 536 406 omnes
559 378 669 406 Davidis
684 382 758 410 sunt,
774 379 981 414 complectitur;
1005 380 1063 406 haec

280 432 344 452 vero
373 432 452 460 quam
478 425 591 458 inimus,
621 425 734 459 triginta
760 428 786 452 et
812 433 915 452 unum:
946 433 1064 460 quorum

280 475 343 498 octo
365 471 474 505 quidem
494 470 610 498 ﬁliorum
630 470 710 502 Core,
729 478 800 498 unus
819 471 924 506 Asaph.
942 470 1066 498 Salomo-

280 517 322 543 nis
342 525 425 548 unus,
441 516 538 552 reliqui
556 516 675 544 Davidis.
705 516 758 544 Eos
778 520 869 545 autem
883 517 930 552 qui
949 517 1065 545 ﬁliorum

280 563 350 590 Core
369 567 445 595 sunt.
468 567 562 598 utpote
578 563 675 590 ordine
692 564 806 598 primos,
823 563 857 591 ad
872 571 967 591 eorum
985 564 1066 591 intel-

281 608 420 644 ligentiam
440 608 496 644 jam
513 609 709 645 expendemus.
729 609 785 638 Nos
809 609 856 637 ﬁlii
875 609 946 638 Core
966 610 1067 638 inscri-

281 655 419 690 ptionibus
441 655 499 683 suis
523 655 665 691 instigant,
693 659 722 682 ut
738 664 772 684 ne
791 656 943 684 oscitanter
968 656 1067 684 horum

281 701 400 729 lectione
411 707 529 729 utamur.
555 701 680 730 Praesens
700 710 766 730 vero
786 703 908 738 psalmus
924 703 1066 739 propheti-

282 755 344 774 cum
364 748 478 776 chorum
494 749 599 776 tristem
624 749 770 784 animoque
787 749 820 777 de
842 750 934 784 populi
954 757 988 777 ex
1010 750 1087 786 εῖτ-ι

282 794 448 821 cumrisione
462 794 539 829 lapsu
561 799 721 822 mmrentem
738 795 853 827 inducit,
872 799 1003 831 rogatque
1020 804 1068 831 per

284 839 434 867 Salvatoris
456 847 534 874 opem
553 840 612 867 erui
629 840 719 876 ipsutn
744 845 771 868 et
799 841 911 868 liberari
941 849 955 868 a
973 842 1065 869 malis.

281 885 359 918 Quod
382 886 410 912 in
432 885 485 913 ﬁne
503 886 638 914 Sermonis
657 886 699 914 his
708 886 799 913 verbis
816 888 939 922 assignat
956 895 964 914 ι
983 886 1066 921 Spera

282 931 308 957 in
327 930 391 964 Deo,
408 932 532 966 quoniam
548 932 633 958 adhuc
647 932 790 968 confitebor
803 933 854 966 illi,
872 933 991 961 salutare
1010 933 1068 961 vul-
1087 923 1106 949 Β

282 980 324 1002 tus
340 977 390 1003 mei
403 981 429 1004 et
441 977 511 1004 Deus
525 985 609 1004 meus.

318 1062 413 1098 Neque
441 1063 588 1098 psalmum,
605 1070 694 1097 neque
711 1062 860 1095 canticum.
877 1070 967 1098 neque
987 1062 1069 1098 quid-

282 1109 354 1144 piam
378 1109 468 1136 simile
485 1109 628 1144 inscriptio
642 1108 762 1144 praefert,
789 1108 870 1143 idque
884 1109 947 1143 jure
965 1116 996 1135 ac
1011 1116 1067 1136 me-

283 1154 336 1181 rito
357 1163 363 1181 :
378 1154 442 1189 quia
457 1161 487 1181 ea
503 1161 564 1189 qua:
583 1154 789 1188 subjunguntur
803 1154 971 1181 tristioribus
986 1153 1069 1181 dictis

283 1200 361 1234 plena
376 1203 451 1232 sunt,
474 1199 536 1227 ideo
552 1199 579 1226 in
591 1200 671 1234 ﬁnem
691 1199 852 1234 simpliciter
866 1199 1007 1234 inscriptio
1016 1205 1068 1227 est.

281 1245 351 1273 Nam
373 1253 436 1273 eum
463 1253 506 1273 res
522 1246 642 1273 nondum
656 1247 832 1279 exsisterent,
849 1245 897 1274 sed
911 1247 1010 1274 futurae
1025 1255 1067 1274 ese

283 1296 355 1325 seut,
376 1292 566 1328 praedictiones
583 1296 689 1319 tantum
707 1292 908 1328 complectitur.
929 1291 1069 1328 Siquidem

283 1339 329 1366 lilii
361 1339 430 1367 Core
454 1343 576 1375 tempore
607 1339 710 1374 Moysis
743 1339 770 1366 in
804 1339 912 1367 deserto
950 1340 1068 1366 luerunt.

283 1385 385 1413 Deinde
412 1393 477 1413 vero
502 1393 564 1412 cum
588 1389 665 1420 pater
689 1393 782 1413 eorum
806 1385 876 1414 Core
898 1386 926 1414 in
950 1386 1069 1423 Moysem

283 1432 445 1462 seditionem
460 1434 636 1465 concitasset,
652 1439 735 1469 atque
750 1434 777 1461 in
789 1435 892 1462 familia
908 1443 958 1463 sua
971 1435 1071 1470 periis-

282 1483 335 1512 set,
358 1479 473 1514 contigit
497 1483 526 1506 ut
543 1479 590 1506 ﬁlii
617 1480 677 1515 ejus
698 1488 751 1508 non
773 1489 827 1508 una
843 1489 906 1508 cum
929 1485 1007 1516 patre
1027 1482 1067 1508 in-

283 1526 413 1554 terirent:
434 1530 461 1554 et
476 1526 539 1561 quia
555 1530 676 1562 paterna:
691 1527 838 1562 impietatis
855 1528 1003 1564 participes
1014 1536 1071 1556 non

284 1572 402 1605 fuerant,
419 1572 466 1601 sed
484 1575 671 1608 pmnitentiam
689 1578 715 1601 et
731 1575 878 1601 maximam
904 1582 969 1611 erga
986 1574 1070 1603 Deum

283 1619 409 1655 pietatem
429 1620 605 1652 exhibebant,
622 1625 697 1648 tanta
723 1621 793 1656 apud
825 1620 910 1648 Deum
940 1621 1071 1656 approba-

283 1664 357 1692 tione
373 1665 447 1699 digni
474 1664 594 1698 fuerunt,
613 1669 643 1692 ut
658 1666 739 1693 etiam
754 1667 904 1701 prophetia:
922 1668 1010 1702 gratia
1024 1675 1071 1695 or-

284 1715 428 1737 narentur.
462 1709 502 1737 Ex
525 1719 619 1738 eorum
636 1719 720 1747 porro
746 1712 923 1740 successione
947 1716 1071 1748 tempore

283 1756 393 1784 Davidis
412 1757 483 1784 alius
512 1756 582 1784 Core
609 1749 723 1785 exortus
748 1762 813 1791 est,
850 1758 935 1793 priori
969 1766 1071 1794 cogno-

284 1803 384 1836 minis;
416 1806 443 1831 et
472 1803 537 1830 huic
568 1803 615 1831 ﬁlii
643 1804 699 1830 nati
731 1803 787 1831 alii.
827 1803 890 1832 Sive
925 1804 1008 1840 igitur
1044 1806 1072 1833 hi

284 1848 438 1884 postremi,
464 1848 522 1876 sive
546 1849 652 1884 priores
667 1849 732 1881 alii,
763 1849 949 1884 captivitatem
979 1851 1071 1886 populi

282 1901 344 1929 quae
370 1894 451 1930 longo
474 1900 568 1930 postea
588 1899 710 1930 tempore
726 1895 842 1926 accidit.
867 1904 899 1924 ac
914 1895 1071 1924 Judaaorum

282 1941 375 1977 populi
411 1942 438 1968 in
474 1949 568 1969 omnes
595 1947 689 1977 gentes
721 1941 936 1977 dispersionem,
967 1942 1019 1970 hoc
1044 1943 1071 1970 in

284 1988 389 2023 psalmo
408 1987 603 2015 vaticinantur.
624 1988 652 2015 In
672 1989 850 2024 sequentibus
872 1989 956 2024 igitur
973 1989 1070 2017 aiunt:

285 2033 319 2060 Et
332 2034 376 2069 qui
387 2033 498 2061 oderunt
513 2042 559 2061 nos
583 2034 748 2069 diripuerunt
762 2044 816 2063 eos.
829 2034 933 2062 Dedisti
950 2045 996 2063 nos
1012 2042 1073 2063 tan-

283 2087 362 2114 quam
378 2088 435 2106 oves
451 2087 591 2112 escarum,
619 2085 643 2107 et
663 2081 688 2108 in
706 2081 824 2116 gentibus
841 2082 988 2116 dispersim
1012 2090 1071 2109 nos.

289 2123 434 2151 Vendidisti
443 2125 568 2159 populum
586 2131 660 2152 tuum
679 2127 735 2154 sine
753 2128 848 2162 pretio,
863 2132 888 2155 et
902 2128 1014 2162 posuisti
1024 2136 1071 2155 nos

283 2170 452 2205 opprobrium
483 2171 575 2198 vicinis
604 2173 702 2200 nostris
727 2171 759 2200 ".
788 2173 847 2201 Non
869 2174 941 2201 enim
968 2174 1025 2201 haec
1043 2178 1072 2201 ut

284 2223 405 2253 tempore
423 2217 534 2245 Davidis
545 2223 620 2252 gesta
634 2219 748 2246 historia
763 2224 857 2247 narrat
871 2230 877 2247 :
895 2220 956 2248 ideo
967 2220 1066 2248 inscri-

630 177 764 206 EUSEBll
783 177 1023 207 C/ESARIENSIS
1037 179 1113 209 OPP.
1125 179 1215 208 PARS
1231 179 1276 208 lll.
1291 196 1327 202 —
1345 179 1549 208 EXEGETICA.

1077 245 1103 274 Α
1151 242 1205 269 ΕΙΣ
1230 241 1274 267 ΤΟ
1300 241 1485 273 ΤΕΛΟΣ,Ε1Σ
1510 241 1657 268 ΣΥΝΕΣΙΝ
1676 240 1752 267 ΤΟΙΣ
1776 239 1867 266 ΥΙΟῘΣ

1849 179 1900 206 555i

1423 277 1513 303 ΚΟΡΕ
1531 277 1596 303 MA’.

1152 333 1188 360 Τὸ
1203 334 1254 369 μὲν
1269 333 1378 369 πρῶτον
1402 333 1482 369 μέρος
1495 332 1545 368 τῆς
1568 332 1622 359 τῶν
1636 332 1751 368 ψαλμῶν
1770 332 1860 368 βίὸλου
1875 337 1900 368 p.’

1115 379 1249 414 ψαλμοὺς,
1276 380 1323 406 καὶ
1339 380 1443 410 πάντας
1470 378 1516 405 τοῦ
1533 378 1622 411 Δαυτδ,
1651 380 1790 415 περιεῖχε·
1819 379 1850 405 τὸ
1873 378 1901 406 δὲ

1117 425 1186 460 μετὰ
1203 427 1296 461 χεῖρας
1308 425 1349 451 λα’
1360 433 1367 440 ⁸
1385 422 1422 452 ὧν
1436 424 1508 452 ὀκτὼ
1521 425 1569 460 μέν
1584 426 1636 452 εἰσι
1653 425 1707 452 τῶν
1731 425 1796 451 υἱῶν
1818 426 1900 461 Κορὲ,

1117 469 1156 502 εἷς
1172 471 1200 498 δὲ
1212 471 1259 498 τοῦ
1279 471 1375 506 Ἀσὰιρ,
1389 472 1436 498 καὶ
1449 470 1604 506 Σολομῶνος
1615 468 1654 504 εἷς
1663 480 1670 486 ο
1682 472 1707 497 οἱ
1719 471 1747 498 δὲ
1757 471 1844 497 λοιποὶ
1855 471 1901 497 τοῦ

1117 518 1208 546 Δαυῖδ.
1224 518 1303 554 ῐΙρώτ
1308 527 1354 550 ους
1364 518 1392 545 δὲ
1402 518 1503 545 τούτων
1514 518 1603 550 ὄντας,
1612 518 1674 549 τοὺς
1682 517 1735 545 τῶν
1745 517 1810 544 υἰῶν
1820 518 1900 554 Κορὲ,

1117 565 1337 601 διασκεψώμεθα,
1355 565 1401 592 ἐπὶ
1417 565 1446 592 τὺ
1460 565 1577 593 συνιέναι
1593 564 1626 591 τὰ
1642 564 1785 600 λεγόμενα.
1797 565 1903 600 Παρορ-

1119 611 1206 647 μῶσιν
1221 612 1294 646 ἡμᾶς
1318 611 1343 637 οἱ
1358 611 1410 637 υἱοὶ
1425 611 1498 646 Κορὲ
1517 610 1562 637 διὰ
1581 610 1635 637 τῶν
1654 610 1820 646 προγραφῶν
1836 610 1903 646 πρὸς

1117 657 1147 683 τὸ
1162 657 1199 692 μὴ
1214 656 1360 692 παρέργως
1373 656 1526 692 χρήσασθαι
1538 656 1571 690 τῇ
1580 655 1635 681 τῶν
1646 654 1800 690 λεγομένων
1815 653 1905 680 ἐντεύ-

1119 701 1168 735 ξει,
1184 703 1294 737 Είσάγει
1309 702 1336 728 δὲ
1355 703 1369 729 ὁ
1383 701 1478 737 παρὼν
1491 701 1598 736 eam;
1610 701 1655 728 τὸν
1675 700 1842 737 προφητικὸν
1853 709 1905 735 χο-

1120 748 1164 784 ρὸν
1178 748 1327 783 περίλυπον
1341 747 1388 774 καὶ
1403 747 1563 782 σκυθρωπὸν
1578 745 1625 781 τὴν
1641 745 1730 781 ψυχὴν
1746 746 1793 772 ἐπὶ
1808 747 1840 781 τῇ
1858 746 1904 772 τοῦ

1118 794 1183 821 λαοῦ
1196 794 1242 821 τοῦ
1259 795 1291 821 ὲκ
1304 794 1454 829 περιτομῆς
1483 792 1618 820 ἐκπτώσει
1628 801 1634 807 ·
1652 793 1699 819 καὶ
1709 792 1809 826 ἐξαιτεῖ
1823 801 1851 818 τε
1864 791 1906 818 xs-

1117 847 1218 874 τρωσιν
1235 839 1282 866 καὶ
1297 839 1388 866 κακῶν
1404 838 1558 874 ἐλευθερίαν
1571 837 1614 864 διὰ
1623 837 1672 873 τῆς
1693 838 1825 873 σωτηρίου
1841 837 1906 872 βοη-

1120 886 1206 919 θείας.
1222 887 1254 913 Ὅ
1274 886 1306 922 δὴ
1318 886 1365 912 καὶ
1377 887 1423 912 ἐπὶ
1435 885 1506 912 τέλει
1523 885 1570 912 τοῦ
1587 885 1666 919 λόγου
1681 885 1908 920 ὲπισφραγίζεται

1120 931 1218 959 εἰπών·
1234 933 1379 959 Ἕλπισον
1390 931 1439 958 ἐπὶ
1451 931 1505 957 τὸν
1519 930 1602 962 Θεὸν,
1624 929 1669 956 ὅτι
1688 930 1907 965 ἐξομολογήσο-

1116 977 1276 1013 μαιαὺτῷ·
1290 976 1438 1011 σωτήριον
1457 976 1510 1003 τοῦ
1533 976 1696 1010 προσώπου
1716 983 1776 1010 μου
1817 976 1866 1003 καὶ
1891 979 1905 1004 ὁ

1119 1024 1190 1056 Θεός
1201 1033 1270 1057 μου.

1155 1069 1223 1096 Οὕτε
1238 1068 1356 1104 ψαλμὸν,
1373 1067 1434 1095 οὔτε
1445 1067 1515 1103 ᾠδὴν
1529 1087 1536 1099 ,
1552 1067 1614 1094 οὔτε
1627 1076 1653 1095 τι
1666 1067 1721 1094 τῶν
1737 1067 1865 1094 τοιούτων
1887 1068 1905 1102 ἡ

1120 1115 1284 1152 προσγραφὴ
1299 1115 1421 1151 περιέχει
1434 1123 1441 1130 ο
1459 1114 1507 1141 καὶ
1523 1115 1644 1146 εἰκότως.
1666 1114 1831 1150 Ἐπειδήπερ
1843 1122 1908 1140 σκυ-

1120 1162 1300 1199 θρωποτέρων
1323 1161 1410 1196 λόγων
1433 1161 1611 1197 πεπλήρωται
1634 1160 1669 1186 τὰ.
1697 1159 1760 1195 ἑξῆς
1785 1159 1908 1193 ἐπιλεγό-

1122 1217 1200 1245 μενα,
1218 1209 1261 1236 διὰ
1281 1208 1366 1235 ταῦτα
1387 1208 1479 1240 ἁπλῶς
1491 1209 1534 1240 εἰς
1550 1207 1583 1234 τὸ
1597 1207 1684 1239 τέλος
1695 1206 1906 1242 ἐπιγέγραπται.

1120 1254 1166 1290 Μὴ
1181 1253 1235 1289 γὰρ
1248 1252 1412 1288 ὑφεστώτων
1429 1253 1612 1288 πραγμάτων,
1628 1251 1776 1287 μελλόντων
1792 1251 1820 1278 δὲ
1843 1259 1907 1277 ποτε

1121 1299 1240 1331 ἔσεσθαι,
1259 1300 1423 1335 προρρήσεις
1441 1294 1730 1334 περιέχει.Τεγόνασι
1752 1298 1800 1333 μὲν
1816 1297 1869 1332 γὰρ
1883 1297 1908 1324 οι

1121 1346 1174 1372 υἱοὶ
1195 1345 1265 1380 Κορὲ
1286 1345 1332 1371 ἐπὶ
1354 1344 1402 1380 τῆς
1420 1345 1522 1380 ἐρήμου
1537 1343 1606 1371 κατὰ
1622 1344 1684 1375 τοὺς
1694 1343 1806 1379 χρόνους
1827 1344 1908 1370 Μωῦ-

1122 1391 1200 1423 σὲως.
1214 1389 1280 1418 Εἶτα
1292 1390 1339 1418 τοῦ
1357 1390 1457 1426 πατρὸς
1471 1390 1559 1417 αὐτῶν
1569 1380 1618 1416 ζιοῦ
1632 1390 1705 1425 Κορὲ
1725 1389 1908 1416 καταστασιά-

1122 1447 1217 1470 σαντος
1227 1438 1376 1470 Μωῡσὲως,
1390 1438 1437 1464 καὶ
1445 1437 1612 1472 ἀπολομένου
1628 1438 1661 1472 τῇ
1674 1436 1757 1463 αὑτοῦ
1779 1437 1908 1472 φρατρίᾳ,

1121 1485 1184 1516 τοὺς
1196 1484 1290 1510 τούτου
1303 1483 1399 1515 παῖδας
1413 1483 1510 1519 συνέϐη
1524 1482 1560 1519 μὴ
1576 1482 1754 1510 συναπολέσαι
1765 1482 1804 1518 τῷ
1815 1482 1907 1518 πατρί·

1121 1530 1165 1557 διὰ
1181 1529 1211 1556 τὸ
1225 1530 1261 1565 μὴ
1279 1529 1468 1557 κεκοινωκέναι
1484 1530 1581 1561 αὐτοὺς
1593 1530 1625 1564 τῇ
1637 1529 1684 1556 τοῦ
1701 1528 1802 1564 πατρὸς
1813 1528 1909 1555 δυσςεο

1123 1576 1192 1612 ϐείᾳ,
1209 1576 1353 1611 μετάνοιαν
1371 1576 1399 1602 δὲ
1414 1575 1615 1610 ἐνδειξαμένους
1636 1575 1683 1602 καὶ
1702 1574 1830 1610 πλείστην
1847 1574 1909 1610 περὶ

1123 1621 1167 1648 τὸν
1181 1621 1246 1648 Θεὸν
1269 1621 1422 1652 εὐλάϐειαν,
1446 1620 1581 1655 τοσαύτης
1605 1620 1740 1655 ἀποδοχῆς
1763 1619 1908 1654 ἠξιωκέναι

1123 1667 1197 1702 παρὰ
1216 1667 1254 1702 τῷ
1268 1666 1338 1702 Θεῷ,
1352 1666 1389 1698 ὡς
1407 1666 1453 1692 καὶ
1475 1665 1645 1702 προφητικοῦ
1668 1666 1836 1701 χαρίσματος
1859 1674 1908 1700 με·

1121 1714 1242 1748 τασχεῖν.
1266 1713 1313 1739 Ἐκ
1326 1712 1356 1739 δὲ
1373 1712 1423 1747 τῆς
1434 1711 1535 1738 τούτων
1547 1711 1673 1747 διαδοχῆς
1684 1712 1754 1738 κατὰ
1771 1712 1833 1743 τοὺς
1847 1707 1910 1746 χρό-

1122 1767 1184 1791 νους
1199 1758 1279 1786 Δαυῖδ
1303 1759 1406 1793 γίνεται
1421 1758 1514 1794 ἕτερος
1530 1758 1614 1795 Κορὲ,
1629 1757 1773 1793 ὁμώνυμος
1788 1758 1826 1793 τῷ
1843 1766 1909 1792 προ-

1122 1805 1204 1840 τέρῳ,
1218 1804 1265 1831 καὶ
1279 1804 1374 1831 τούτου
1387 1804 1475 1839 ἕτεροι
1486 1805 1589 1836 παῖδες.
1603 1804 1660 1830 Εἶτ’
1675 1802 1721 1831 οὖν
1740 1801 1812 1831 οὗτοι
1823 1823 1830 1835 ,
1854 1803 1910 1830 εἴτε

1121 1853 1147 1878 οἱ
1159 1852 1296 1887 πρότεροι,
1312 1852 1360 1887 τὴν
1374 1851 1482 1887 μακρὰν
1498 1851 1610 1886 ὕστερον
1635 1851 1788 1886 γενομένην
1808 1850 1910 1885 αἰχμα-

1122 1897 1222 1925 λωσίαν
1237 1897 1284 1924 τοῦ
1298 1897 1363 1923 λαοῦ
1375 1897 1422 1924 καὶ
1438 1897 1487 1932 τὴν
1498 1897 1538 1929 εἰς
1552 1897 1639 1924 πάντα
1655 1896 1689 1923 τὰ
1705 1895 1769 1931 ἑθνη
1782 1895 1828 1922 τοῦ
1847 1896 1911 1921 ἰου-

1122 1944 1204 1972 δαίων
1226 1943 1318 1976 ἔθνους
1345 1943 1494 1979 διασπορὰν
1521 1942 1678 1975 θεσπίζουσι
1704 1941 1748 1968 διὰ
1769 1942 1814 1968 τὸν
1842 1941 1911 1976 μετὰ

1123 1992 1226 2026 χεῖρας.
1252 1990 1396 2025 Προῖόντες
1421 1989 1486 2024 γοῦν
1509 1997 1593 2024 φασι·
1619 1987 1675 2015 Kai
1700 1989 1727 2014 cl
1748 1987 1912 2022 μισοῦντες

1122 2033 1202 2069 ἡμᾶς
1213 2034 1375 2068 διήρπαζον
1389 2035 1509 2066 αὐτούς.
1540 2032 1671 2065 Ἔδωκας
1683 2031 1761 2067 ἡμᾶς
1779 2032 1819 2064 ὡς
1842 2032 1912 2065 πρό-

1123 2082 1196 2107 ϐατα
1204 2081 1356 2115 βρώσεως,
1363 2080 1411 2107 καὶ
1421 2081 1456 2107 ἐν
1463 2080 1523 2113 τοῖς
1533 2080 1634 2106 ἔθνεσι
1644 2078 1815 2112 διέσπειρας
1823 2076 1910 2112 ἡμᾶς.

1130 2127 1249 2155 Ἀπέδου
1260 2128 1313 2154 τὸν
1323 2128 1399 2155 λαόν
1409 2135 1467 2154 σου
1479 2127 1551 2154 ἄνευ
1573 2126 1661 2161 τιμῆς
1669 2133 1676 2140 ⁵
1690 2125 1739 2152 καὶ
1751 2126 1821 2152 ἔθου
1834 2123 1912 2158 ἡμᾶς

1123 2175 1238 2208 ὄνειδος
1254 2174 1316 2208 τοῖς
1331 2175 1463 2209 γείτοσιν
1475 2173 1569 2208 ἡμῶν.
1585 2173 1623 2199 Οὐ
1637 2172 1692 2207 γὰρ
1709 2171 1754 2197 ἐπὶ
1773 2169 1820 2197 τοῦ
1832 2169 1913 2196 Δαυῗδ

1123 2220 1210 2248 ταῦτα
1227 2221 1244 2256 ὴ
1261 2221 1367 2257 ἱστορία
1378 2219 1541 2255 γεγενῆσθαι
1553 2219 1687 2255 περιέχει·
1698 2218 1741 2245 διὰ
1757 2217 1837 2244 τοῦτο
1850 2225 1912 2252 προ-

283 2264 343 2299 ptio_
362 2264 389 2291 in
406 2264 486 2299 ﬁnem
502 2264 592 2292 habet.
610 2265 698 2300 Atque
715 2265 778 2301 quia
795 2274 826 2293 ex
856 2266 949 2294 divina
970 2267 1070 2295 intelli-

1124 2267 1278 2302 γέγραπται
1288 2267 1332 2299 εἰς
1349 2265 1382 2292 τὸ
1396 2265 1492 2298 τέλος.
1506 2265 1560 2291 Καὶ
1568 2264 1614 2291 ἐπὶ
1627 2263 1720 2299 θεῐκῆς
1730 2263 1762 2298 δὴ
1779 2262 1912 2293 συνέσεως

281 2310 373 2346 gentia
391 2310 447 2338 haec
463 2311 490 2338 in
502 2310 595 2338 futuro
607 2315 728 2346 tempore
738 2316 814 2347 gesta
825 2317 921 2347 putare
934 2314 1071 2347 convenit,

281 2357 439 2385 necessario
447 2357 550 2384 dictum
560 2361 612 2388 est,
624 2357 658 2384 ad
665 2358 835 2387 intellectum.
848 2358 901 2386 Pro
911 2359 957 2386 illo
968 2364 1070 2391 autem,

230 2439 231 2444 η
281 2402 346 2436 ﬁliis
363 2402 440 2435 Core,
453 2403 552 2438 Aquila
573 2404 674 2438 pariter
688 2408 715 2431 et
733 2404 912 2440 Symmachus
926 2426 933 2438 ,
954 2406 1072 2440 ﬁliorum

282 2449 349 2476 Core
365 2450 535 2485 interpretati
561 2455 646 2483 sunt,
669 2452 799 2479 docentes
821 2459 915 2480 eorum
932 2459 994 2480 esse
1008 2460 1072 2488 pro-

282 2495 405 2530 phctias,
424 2497 472 2531 qui
492 2505 521 2524 se
538 2497 621 2524 Deum
650 2498 739 2533 ipsum
757 2498 843 2531 sitire,
859 2502 940 2534 atque
954 2506 1048 2527 amere
1059 2519 1067 2531 ,

282 2541 418 2568 desiderio
431 2546 459 2569 et
485 2544 707 2579 concupiscentia
732 2545 805 2572 illius
835 2544 956 2572 fontibus
984 2545 1070 2573 teneri

282 2587 455 2618 fatebantur.
471 2589 504 2616 de
519 2597 573 2624 quo
588 2590 692 2618 dictum
709 2595 751 2618 est
761 2591 783 2607 ’⁷
797 2600 803 2619 :
819 2590 953 2624 Quoniam
965 2590 1035 2626 apud
1047 2595 1072 2619 te

281 2638 319 2661 est
334 2633 394 2668 [om
407 2633 476 2666 vitaz,
492 2634 518 2661 in
542 2634 639 2663 ltnttinc
655 2640 698 2663 tuo
718 2636 862 2663 videbimus
878 2636 976 2664 lumen.
995 2635 1070 2669 Qua-

281 2683 392 2713 propter
405 2677 532 2706 dicebant
548 2688 555 2706 ε

317 2723 401 2752 Vens.
417 2723 444 2755 2,
461 2724 488 2751 5.
511 2725 737 2757 Quemadmodum
761 2727 893 2754 desiderat
921 2735 1009 2754 cervus
1034 2727 1069 2755 ad

281 2769 366 2802 fontes
390 2777 538 2804 aquarum,
565 2771 604 2796 ita
619 2771 752 2798 desiderat
778 2771 869 2798 anima
894 2779 952 2798 mea
969 2770 1003 2797 ad
1024 2775 1066 2804 te,

281 2814 362 2842 Deus.
381 2815 531 2842 Cornutum
549 2817 649 2843 animal
672 2821 714 2844 est
729 2824 842 2850 cervus,
859 2817 907 2844 sed
921 2817 1003 2844 etiam
1019 2825 1068 2853 pu-

318 2905 340 2921 ¹⁶
359 2903 430 2933 l’sut.
451 2912 514 2932 xtnt
528 2925 535 2937 ,
555 2905 648 2934 ll-lt.
688 2906 710 2922 ¹⁷
728 2905 800 2934 Psal.
820 2914 908 2941 xxxv,
926 2907 970 2934 10.

1124 2314 1163 2350 τῷ
1193 2314 1316 2349 μέλλοντι
1342 2312 1429 2340 ταῦτα
1454 2313 1524 2340 νοεῖν
1541 2311 1697 2346 ἀναγκαίως
1712 2310 1835 2346 εἴρηται,
1867 2311 1911 2341 εὶς

1124 2360 1263 2386 σύνεσιν.
1284 2359 1355 2386 Ἀντὶ
1369 2359 1397 2386 δὲ
1412 2358 1469 2390 τοῦ,
1484 2358 1545 2391 τοῖς
1561 2357 1637 2390 υΙοῖς
1651 2357 1743 2391 Κορὲ,
1760 2354 1912 2391 συμφώνως

1122 2404 1137 2430 ὁ
1162 2403 1277 2435 ’Δκύλας
1291 2403 1338 2430 καὶ
1351 2405 1365 2430 ὁ
1377 2403 1534 2439 Σύμμαχος,
1552 2401 1610 2429 τῶν
1622 2401 1695 2429 υἱῶν
1715 2400 1788 2435 Κορὲ
1800 2420 1807 2432 ,
1820 2400 1911 2436 ἡρμή-

1124 2459 1233 2483 νευσαν,
1249 2450 1418 2482 διδάσκοντες
1434 2450 1523 2477 αὐτῶν
1540 2448 1608 2477 εἶναι
1625 2449 1674 2480 τὰς
1689 2447 1872 2484 προφητείας·
1885 2446 1911 2474 οἳ

1122 2497 1202 2533 διψῇν
1209 2496 1362 2532 ὡμολόγουν
1375 2497 1455 2524 αὑτὸν
1470 2496 1516 2523 τὸν
1528 2496 1605 2529 Θεὸν,
1618 2495 1698 2522 πόθον
1706 2503 1735 2521 τε
1747 2494 1793 2521 καὶ
1805 2494 1909 2530 ἵμερον,

1124 2544 1171 2571 καὶ
1187 2542 1334 2578 ἐπιθυμίαν
1351 2542 1422 2578 ἔχειν
1436 2543 1485 2578 τῆς
1501 2543 1565 2577 παρ’
1581 2541 1655 2577 αὺτῷ
1675 2541 1775 2578 πηγῆς,
1796 2541 1862 2575 περὶ
1877 2538 1911 2576 ἧς

1124 2589 1241 2624 εἴρηται·
1259 2588 1418 2623 Ὄτισπαρὰ
1443 2588 1492 2615 σοὶ
1516 2588 1598 2622 πηγὴ
1615 2586 1699 2622 ζωῆς,
1717 2587 1754 2614 ἐν
1770 2586 1810 2620 τῷ
1836 2587 1910 2622 φωτί

1123 2642 1182 2662 σου
1195 2635 1328 2669 ὀψόμεθα
1345 2633 1417 2669 φῶς.
1431 2634 1476 2661 Διὸ
1488 2633 1593 2668 ἔλεγον·

1161 2726 1216 2752 ’ον
1236 2725 1348 2759 τρόπον
1378 2724 1514 2751 ἐπιποθεῖ
1533 2723 1646 2757 ἔλαφος
1666 2722 1715 2749 ἐπὶ
1734 2721 1788 2754 τὰς
1811 2719 1910 2755 πηγὰς

1123 2771 1182 2800 τῶν
1205 2770 1332 2803 ὑδάτων,
1350 2771 1443 2804 οὕτως
1466 2770 1602 2798 ἐπιποθεῖ
1617 2771 1635 2804 ἡ
1651 2768 1735 2804 ψυχή
1753 2777 1812 2803 μου
1835 2767 1910 2801 πρὸς

1124 2817 1171 2851 σὲ,
1209 2819 1226 2844 ό
1259 2817 1341 2849 Θεός.
1376 2816 1553 2852 Κερασφόρον
1583 2814 1651 2847 ζῶον
1671 2815 1688 2849 ἡ
1705 2814 1819 2848 ἔλαφος·
1843 2812 1920 2860 ιίιλὶὰ.¹
