2056 3214
133 181 188 209 ιθ

699 179 952 209 COMMENTARIA
970 178 1005 208 IN
1023 178 1193 208 PSALMOS.
1229 146 1270 190 “ﬂ

1701 180 1753 209 370

133 241 180 267 καὶ
213 240 333 277 καθαρὸν
370 241 440 269 κατὰ
469 241 516 269 τὸν
551 241 642 278 νόμον,
675 242 725 278 ἠδη
737 242 767 269 δὲ
782 242 828 269 καὶ
859 242 918 276 ὀφι-

970 248 1029 269 rum
1057 241 1207 269 secundum
1238 239 1344 276 legem,
1368 224 1539 275 serpentibus
1565 238 1750 269 mortiferum,

132 287 252 318 οχτόνον,
283 287 331 314 καὶ
354 287 463 314 πάντων
492 288 614 324 ἑρπετῶν
636 288 817 324 ἀναιρετικὸν,
852 288 920 314 ἀλλὰ

131 332 179 359 καὶ
211 331 266 359 τῶν
303 332 353 365 τὰς
377 334 497 370 ἐρήμους
535 334 764 370 μεταδιωκόντων.
795 334 920 366 Τοιοῦτος

131 378 160 404 δὲ
189 376 223 413 ἦν
247 378 262 404 ὸ
284 379 452 414 προφητικὸς
477 379 575 415 χορὸς,
607 380 757 416 φιλέρημος
783 379 830 406 καὶ
852 380 919 406 ἀνα-

132 424 497 459 κεχωρηκώς.Ἐνὲρημίαις
508 425 573 459 γοῦν
602 425 648 453 καὶ
670 425 755 461 ὄρεσι,
779 426 826 452 καὶ
849 434 919 461 σπη-

133 469 219 502 λαιοις
235 470 401 506 πεποιῆσθαι
415 470 537 505 λέγονται
551 471 600 503 τὰς
609 472 749 507 διατριϐάς
758 481 764 487 ·
782 472 850 499 ἀλλὰ
873 474 919 499 καὶ

135 517 224 551 πάσης
236 517 383 552 ἐτύγχανον
394 518 583 553 ἀντικειμένης
597 518 744 553 δυνάμεως,
756 519 802 545 καὶ
819 519 918 549 παντὸς

133 563 179 589 τοῦ
194 562 263 589 κατά
273 563 391 590 διάνοιαν
405 564 519 598 ἑρπετοῦ
534 565 709 601 ἀναιρετικοὶ,
729 566 766 597 ὼς
791 565 823 592 Ξιν
845 566 919 601 ἕχον-

133 617 178 639 τες
190 609 237 635 καὶ
249 609 325 635 αὐτοὶ
335 611 430 636 πατεῖν
443 611 535 637 ἐπάνω
551 610 637 644 ὄφεων
649 611 694 637 καὶ
712 611 859 646 σκορπίων,
873 612 918 638 καὶ

133 654 179 680 ἐπὶ
189 655 279 680 πᾶσαν
293 655 342 690 τὴν
363 655 476 690 δύναμιν
495 655 541 681 τοῦ
566 655 674 691 ἐχθροῦ,
703 657 872 692 Κερασφόροι
891 657 918 683 δὲ

134 699 265 733 ὑπῆρχον,
276 699 314 730 ὡς
330 699 418 733 λέγειν
430 700 573 726 δύνασθαι”
592 701 638 726 Ἐν
650 701 697 727 σοὶ
714 701 784 733 τοὺς
794 701 919 735 ἐχθροὺς

133 744 218 779 ἡμῶν
241 745 443 780 κερατιοῦμεν.
466 747 543 772 Ἀλλὰ
560 747 606 772 καὶ
629 746 743 781 καθαροὶ
760 747 810 782 τὴν
830 746 918 781 ψυχὴν

133 790 293 826 ἐτύγχανον,
311 792 335 817 εἱ
357 791 403 817 καί
427 800 497 823 τινες
512 792 602 819 ἄλλοι·
620 792 659 818 διὸ
679 793 770 827 ἐλάφῳ
785 792 919 828 παρεϐάλ-

132 837 216 863 λοντο.
226 837 301 863 Ἐπεὶ
318 837 365 863 καὶ
380 837 459 869 αὐτὸς
470 839 484 863 ὁ
495 837 610 872 νυμφίος
623 837 774 872 ὲνᾌσματι
790 837 919 872 ᾀσμάτων

133 882 221 918 νεὸρῷ
236 883 328 919 ἐλάφῳ
339 884 511 919 ἀφωμοίωτο,
528 884 574 910 καὶ
583 885 610 911 ἐν
626 884 664 917 τῷ
683 883 742 910 Ἰὼϐ
758 884 786 910 δὲ
800 884 917 919 εἴρηται·

139 929 309 963 Ἐξβύλαξας
322 929 356 956 δὲ
371 929 471 964 μῆνας
483 930 602 965 ἐλάφων
621 930 728 963 ὼδῖνάς
743 939 773 957 τε
786 939 791 945 ·
807 930 918 962 αὐτοὺς
934 924 955 950 Β

131 975 355 1008 ἐξαποστελεῖς.
372 975 505 1007 Τοιαύτας
523 976 550 1002 δὲ
566 976 676 1010 λογικὰς
700 977 815 1010 ἐλάφους
833 977 847 1002 ὁ
862 976 918 1002 Κύ-

132 1030 189 1057 ριος
199 1022 408 1058 καταρτίζεσθαι
433 1023 539 1056 λέγεται
554 1023 582 1049 ἐν
597 1023 640 1057 κη’
652 1023 762 1057 ψαλμῷ,
776 1022 915 1056 φάσκοντι·

132 1067 217 1101 Φωνὴ
230 1068 340 1101 Κυρίου
351 1068 580 1102 καταρτιζομέιηιη
595 1068 738 1102 ἐλάφους.

166 1112 251 1141 Λῦται
267 1114 355 1140 τοίνυν
379 1116 407 1141 αἱ
428 1114 531 1148 ἔλαφοι,
554 1115 602 1150 τῆς
617 1115 708 1150 πηγῆς
729 1114 918 1150 διαλειπούσης

131 1160 215 1191 αὑτὰς
224 1159 269 1186 διὰ
283 1160 333 1191 τὰς
347 1161 461 1195 ἀνομίας
477 1160 524 1186 τοῦ
538 1160 601 1187 λαοῦ
613 1181 619 1193 ,
639 1161 685 1187 καὶ
697 1161 917 1197 ἀποστραφέντος

131 1205 176 1233 τοῦ
193 1206 272 1239 Θεοῦ,
284 1206 344 1233 καθ’
358 1206 457 1238 ἑαυτὰς
474 1207 660 1239 ἁπεκλαίοντο,
677 1208 724 1234 καὶ
745 1209 800 1239 τοῖς
815 1208 917 1235 ἑαυτῶν

130 1251 259 1287 δάκρυσιν
271 1252 389 1288 ἐχρῶντο
406 1254 503 1289 τροφῇ,
516 1253 611 1285 νυκτὸς
622 1254 667 1280 καὶ
690 1253 796 1289 ἡμέρας
805 1255 853 1291 τὴν
867 1255 918 1281 ὰπ-

130 1297 229 1325 ώλειαν
242 1298 290 1325 τοῦ
311 1298 376 1325 λαοῦ
391 1298 608 1334 ἁποθρηνοῦσαι·
625 1299 778 1334 ὡμολόγουν
799 1309 828 1325 τε
839 1300 917 1335 διψῆν

130 1344 161 1369 οὔ
175 1345 230 1375 τοῖς
245 1343 352 1379 σώμασι
365 1344 478 1375 καὶτοῖς
493 1344 571 1379 σαρξὶ
588 1344 637 1375 τὰς
655 1345 741 1380 τούτῳ
757 1345 836 1379 φίλας
855 1346 916 1380 ἡδο-

131 1388 189 1421 νὰς,
201 1388 259 1415 ἀλλ’
275 1388 344 1424 αὐτὴ
355 1389 452 1424 ἡψυχὴ
467 1389 557 1416 ποθεῖν
570 1390 616 1416 καὶ
628 1390 780 1425 ἱμείρεσοαι
793 1392 863 1418 κατὰ
873 1392 917 1418 τὸν

130 1435 277 1471 Σύμμαχον
290 1435 345 1470 τῆς
363 1436 437 1469 πρὸς
455 1436 507 1462 τὸν
520 1435 594 1462 Θεὸν
607 1437 737 1470 πορείας.
753 1437 798 1463 Διὸ
809 1437 899 1472 ἔλεγον
909 1446 915 1452 '

131 1481 231 1513 θῦτως
244 1480 380 1508 ἐπιποθεῖ
390 1481 408 1514 ἡ
423 1480 507 1515 ψυχή
516 1490 575 1515 μου
588 1482 661 1515 πρὸς
676 1482 723 1514 σὲ,
737 1484 753 1509 ὁ
769 1483 840 1516 Oed;-
851 1492 858 1498 -
872 1484 918 1510 καὶ

131 1527 226 1554 πάλιν·
247 1527 412 1561 Ἐὃιψησεν
425 1528 444 1561 ἡ
459 1527 543 1561 ψυχή
555 1537 615 1562 μου
624 1528 697 1562 πρὸς
710 1528 764 1555 τὸν
778 1529 853 1556 Θεὸν
865 1530 918 1556 τὸν·

132 1572 259 1607 ισχυρὸν
279 1572 334 1599 τὸν
354 1572 454 1603 ζῶντα.
483 1574 536 1608 Ζῇν
558 1573 610 1608 γὰρ
623 1574 667 1600 τὸν
680 1574 780 1610 Κύριον
803 1576 873 1602 κατὰ
887 1576 917 1602 τὸ

131 1618 293 1654 εἰρημένον,
319 1619 345 1645 '0
353 1619 447 1654 μόνος
467 1619 545 1653 ἔχων
572 1620 756 1647 ἀθανασίαν·
779 1622 826 1648 καὶ
841 1623 918 1657 μόνον

131 1663 206 1698 ζωὴν
216 1662 286 1698 ἔχειν
295 1664 358 1699 παρ’
371 1663 468 1699 ἐαυτῷ,
483 1664 553 1694 κατὰ
564 1665 607 1691 τό-
618 1665 675 1691 Ὅτι
686 1666 766 1699 παρὰ
778 1666 827 1692 σοὶ
838 1666 918 1701 πηγὴ

131 1708 219 1743 (huic,
228 1708 333 1744 ᾔδεσαν.
346 1710 400 1736 Καὶ
409 1710 486 1737 τοῦτό
496 1719 527 1745 γε
533 1711 563 1737 τὸ
574 1710 627 1742 ζῶν
641 1711 721 1747 ὕδωρ,
735 1711 846 1749 ὕστερόν
855 1722 919 1739 ποτε

131 1755 268 1781 ἐπιστᾶσα
288 1755 324 1791 (Ι)
340 1756 409 1783 κατὰ
432 1756 482 1788 τὰς
491 1757 543 1783 τῶν
556 1758 702 1792 προφητῶν
714 1758 820 1794 εὐχὰςή
834 1759 918 1794 πηγὴ,

133 1800 214 1831 αὐτὸς
226 1801 240 1826 ό
254 1801 348 1836 Σωτὴρ
365 1802 495 1837 παρέχειν
516 1802 670 1838 ἀνθρώποις
691 1804 844 1835 ὲδῖδασκεν,
868 1802 918 1831 ὦδέ

133 1852 172 1879 πη
186 1844 271 1879 λέγων
281 1854 287 1860 ·
303 1846 354 1879 ‘0;-
365 1846 403 1872 ἂν
417 1847 471 1881 πίῃ
482 1847 516 1873 ἐκ
530 1847 584 1874 τοῦ
597 1847 705 1881 ὕδατος
716 1847 751 1876 οὗ
765 1848 821 1884 ἐγὼ
834 1849 919 1876 δώσω

131 1889 213 1923 αὐτῷ
226 1911 233 1922 ,
256 1891 414 1926 γενήσεται
438 1892 473 1919 ἐν
495 1892 575 1924 αὐτῷ
591 1893 672 1927 πηγὴ
688 1893 795 1926 ὕδατος
812 1893 919 1927 ζῶντος

132 1934 300 1970 ἁλλομένου
327 1938 371 1970 εἰς
384 1935 460 1971 ζωὴν
482 1936 610 1964 αἰώνιον.
633 1938 689 1966 Καὶ
710 1938 805 1965 πάλιν·
827 1939 864 1965 El
876 1948 919 1972 τις

133 1982 208 2017 διψᾷ
219 1983 351 2017 ἐρχέσθω
365 1984 440 2018 πρὸς
457 1985 506 2019 μὲ,
524 1985 573 2011 καὶ
586 1984 704 2012 πινέτω.
724 1985 749 2011 '0
770 1986 919 2013 πιστεύων

132 2031 176 2063 εἰς
190 2029 252 2065 ἐμὲ,
268 2030 365 2063 καθὼς
381 2028 465 2056 εἶπεν
478 2031 498 2064 ἡ
523 2031 640 2065 Γραφὴ,
657 2033 782 2066 ποταμοὶ
809 2032 843 2059 ἐκ
864 2033 919 2067 τῆς

132 2075 249 2107 κοιλίας
268 2074 362 2102 αὐτοῦ
375 2075 543 2108 ῥεύσουσιν
562 2075 672 2108 ὕδατος
685 2075 801 2109 ζῶντος.
817 2077 918 2103 Τούτου

131 2121 163 2156 δὴ
175 2119 220 2148 οὖν
229 2120 276 2147 τοῦ
291 2121 411 2156 πόματος
425 2122 439 2148 ὀ
449 2122 616 2157 προφητικδς
627 2122 706 2158 χορὸς
715 2122 799 2157 διψῶν
810 2123 900 2157 ἔλεγεν
910 2132 916 2138 “

138 2167 299 2202 Fugimus?
311 2168 330 2201 ἡ
343 2167 428 2201 ψυχή
442 2176 501 2202 μου
515 2168 590 2202 πρὸς
603 2168 656 2194 τὸν
670 2168 744 2195 Θεὸν
760 2169 813 2195 τὸν
829 2170 917 2204 ισχυ-

130 2213 186 2247 ρὸν
202 2212 257 2239 τὸν
269 2212 371 2244 ζῶντα,
389 2214 444 2245 καὶ,
458 2214 534 2241 Πότε
547 2214 619 2247 ἥξω,
634 2214 682 2241 καὶ
694 2214 863 2249 ὀφθήσομαι
879 2215 919 2248 τῷ

131 2259 280 2294 προσώπῳ
297 2260 351 2287 τοῦ
368 2260 458 2291 Θεοῦ;
477 2261 607 2296 Ὀρῶντες
621 2260 675 2296 γὰρ
684 2262 796 2293 ἑαυτοὺς
811 2262 918 2297 μακρὰν

132 2305 302 2341 ὑπάρχοντας
311 2305 360 2341 τῆς
371 2306 515 2341 πρόσωπον
536 2306 604 2342 πρὸς
622 2307 766 2342 πρόσωπον
788 2307 851 2338 θέας
872 2307 918 2334 τοῦ

135 2351 210 2384 θεοῦ,
222 2351 310 2379 ταῦτα
332 2352 433 2387 ελεγον.
463 2352 543 2379 Ἀλλὰ
561 2354 609 2379 καὶ
631 2353 855 2388 συναισθόμενοι,
881 2353 919 2385 ὡς

133 2397 306 2433 ἀπέστραπτο
323 2397 368 2423 τὸν
386 2397 449 2424 λαὸν
461 2397 490 2424 τὸ
504 2397 550 2423 τοῦ
566 2397 633 2424 Θεοῦ
654 2397 815 2433 πρόσωπον,
829 2397 918 2424 οὐκέτ’

130 2443 229 2475 αὑτοὺς
251 2444 396 2470 ἐπισκοπεῖ
409 2445 425 2479 ὴ
439 2444 552 2471 πάντοτε
578 2444 705 2479 πρόνοιαν
719 2443 807 2470 αὐτῶν
828 2453 918 2470 ποιου-

132 2490 200 2525 μένη
212 2489 335 2525 δύναμις,
347 2489 515 2526 ἀπεθρήνουν
527 2490 577 2525 μὲν
586 2490 635 2525 τὴν
646 2490 691 2516 ὲπὶ
702 2490 752 2524 γῆς
765 2489 916 2524 διατριϐὴν,

129 2535 213 2570 εὐχὴν
222 2535 244 2562 δ’
258 2535 377 2562 ἐτίθεντο
388 2536 559 2572 παραστῆναι
573 2544 637 2562 ποτε
655 2536 693 2572 τῷ
715 2535 852 2571 προσώπῳ
871 2535 917 2561 τοῦ

129 2579 212 2606 θεοῦ·
242 2580 283 2607 διὸ
307 2580 412 2615 ελεγον·
426 2582 503 2608 Πότε
526 2581 598 2615 ἥξω,
613 2581 662 2609 καὶ
689 2581 857 2615 ὀφθήσομαι
878 2580 917 2613 τῷ

129 2625 279 2659 προσώπῳ
291 2627 345 2654 τοῦ
361 2628 452 2660 Θεοῦ;
467 2627 570 2662 Πολλῆς
581 2628 610 2653 δὲ
620 2628 750 2663 γέμοντες
763 2627 918 2663 παρρησιας

130 2675 177 2701 καὶ
190 2675 368 2711 συνειδήσεως
386 2675 491 2711 ἀγαθῆς
508 2675 645 2706 τοιαύταις
664 2674 782 2710 ἐχρῶντο
804 2675 916 2708 φωναῖς.

136 2719 180 2752 Ὡς
191 2720 246 2756 γὰρ
257 2721 312 2748 ὅλοι
324 2722 411 2748 διόλου
431 2721 480 2753 τὰς
493 2720 581 2756 ψυχὰς
592 2721 677 2755 ὑγιεῖς
687 2721 733 2747 καὶ
749 2720 849 2751 παντὸς
866 2719 918 2755 μώ-

165 2799 187 2816 ¹¹
207 2799 280 2827 Psal.
298 2807 365 2827 mu
396 2800 423 2826 6.
460 2801 483 2817 ²⁹
502 2799 580 2828 Cant.
599 2807 635 2830 tl,
649 2799 677 2831 9,
694 2799 738 2827 Π.
776 2800 799 2815 ³³
817 2799 869 2827 Job
885 2800 984 2834 χχιιι)
1002 2800 1028 2828 1.

134 2835 267 2870 Iunio.
298 2834 503 2868 "JoanJvJS,
523 2835 563 2862 14.
601 2835 623 2851 ³³
641 2834 720 2863 «ιοιλη.
737 2835 841 2869 νιι,57,
858 2835 892 2863 58
911 2856 918 2863 .

165 2905 202 2939 (ι)
220 2904 302 2933 Forte
319 2904 496 2938 ὲπιστάξασα.

970 287 1098 322 omnique
1115 286 1206 322 reptili
1222 286 1381 318 exitiosum,
1397 290 1479 321 atque
1496 293 1530 313 ex
1547 292 1642 313 eorum
1655 291 1750 320 genere

969 340 1030 368 quae
1046 332 1208 360 solitudines
1225 331 1399 366 frequentare
1412 332 1511 359 solent.
1528 331 1602 359 Talis
1618 336 1676 359 erat
1690 338 1750 366 pro-

969 378 1093 414 pheticus
1108 378 1221 409 chorus,
1239 385 1335 406 amans
1365 377 1520 405 solitudinis
1552 384 1584 404 ac
1616 383 1751 405 secessus.

969 425 998 452 lu
1012 425 1128 453 desertis
1145 425 1238 461 itaque
1250 445 1258 458 ,
1287 425 1427 454 montibus
1452 428 1479 452 et
1503 423 1639 459 specubus
1653 422 1754 450 versati

968 478 1031 498 esse
1060 471 1204 504 feruntur;
1227 471 1283 499 imo
1306 472 1389 499 etiam
1416 470 1490 498 omni
1518 469 1681 498 adversariae
1705 476 1756 503 pc-

970 517 1072 548 testati,
1092 517 1220 552 omnique
1236 517 1371 555 spirituali
1388 517 1477 552 reptili
1496 516 1603 544 exitiosi
1616 519 1703 546 erant,
1715 518 1756 541 ut-

971 567 1033 598 pote
1048 563 1093 597 qui
1110 567 1274 598 potestatem
1296 568 1323 591 et
1347 563 1397 598 ipsi
1414 562 1545 590 haberent
1562 561 1682 589 ealeandi
1698 568 1752 588 ser-

969 613 1063 643 pentes
1093 613 1120 636 et
1147 609 1322 645 scorpiones,
1358 613 1385 636 et
1410 616 1517 636 omnem
1549 608 1676 635 virtutem
1705 608 1757 635 ini-

971 655 1033 682 mici
1054 665 1059 681 :
1092 657 1198 683 cornuti
1224 663 1332 691 quoque
1347 659 1439 687 erant,
1456 659 1485 682 ut
1508 654 1599 682 dicere
1621 659 1755 689 possent:

972 700 1003 727 In
1022 707 1044 728 te
1060 703 1180 729 inimicos
1198 707 1301 729 nostros
1328 701 1510 728 centilabimus
1537 708 1618 727 cornu
1642 700 1675 726 ’⁸.
1701 699 1758 727 lmo

969 747 1050 773 etiam
1078 748 1138 782 puri
1169 748 1260 775 animo
1276 752 1407 783 quantum
1428 746 1548 782 quipiam
1571 746 1630 779 alii;
1661 752 1758 780 quam-

970 794 1062 820 obrem
1092 802 1171 821 cervo
1205 794 1447 829 comparabantur.
1474 792 1614 828 Siquidem
1644 796 1671 819 et
1700 791 1758 826 ipse

970 846 1089 872 sponsus
1101 839 1128 865 in
1145 839 1258 866 Canlico
1273 839 1444 866 canticorum
1464 838 1578 865 binnulo
1592 844 1673 864 cervo
1683 844 1758 864 com-

971 890 1082 918 paratur
1102 886 1133 912 ’³.
1156 886 1184 912 ln
1208 886 1276 912 libro
1291 885 1342 913 Job
1358 893 1466 920 quoque
1481 885 1583 912 dicitur
1599 893 1605 911 ε
1627 883 1758 910 Observa-

969 929 1003 955 sti
1025 938 1124 957 menses
1147 939 1298 963 cervorum,
1325 936 1348 958 et
1363 936 1476 966 partus:
1491 931 1560 965 ipsas
1588 930 1704 956 dimittes
1724 928 1756 956 '“.

970 975 1133 1010 ilujusmodi
1162 977 1338 1006 rationabiles
1364 985 1461 1005 cervos
1487 984 1639 1012 przeparare
1665 975 1758 1002 Domi-

969 1030 1020 1049 nus
1034 1022 1134 1049 dicitur
1151 1023 1177 1049 in
1194 1023 1323 1050 vicesimo
1332 1027 1428 1050 octavo
1444 1023 1559 1058 psalmo,
1582 1022 1621 1050 sic
1638 1021 1755 1048 ferente:

974 1067 1030 1094 Vox
1042 1067 1148 1094 Domini
1163 1076 1317 1102 prmparans
1338 1077 1425 1096 ceruos
1440 1068 1473 1096 ".

1010 1112 1041 1139 lii
1060 1113 1151 1148 itaque
1167 1114 1250 1145 cervi,
1265 1114 1338 1141 fonte
1355 1118 1463 1149 propter
1487 1113 1645 1148 iniquitates
1665 1110 1757 1147 populi

969 1163 995 1186 et
1011 1160 1182 1187 aversionem
1203 1160 1250 1188 Dei
1261 1161 1414 1193 deﬁciente,
1432 1160 1503 1195 apud
1521 1161 1624 1194 seipsos
1640 1159 1757 1191 ﬁebant,

969 1209 996 1232 et
1013 1205 1142 1241 lacrymis
1158 1207 1216 1234 suis
1235 1215 1284 1242 pro
1309 1207 1371 1234 cibo
1386 1207 1439 1239 usi,
1456 1209 1534 1235 nocte
1556 1206 1653 1240 dieque
1666 1205 1760 1240 perni-

969 1251 1036 1278 ciem
1052 1252 1143 1287 populi
1168 1252 1297 1287 lugebant
1313 1274 1320 1286 ,
1349 1260 1381 1279 ac
1395 1252 1597 1279 conﬁtebantur
1623 1260 1652 1279 se
1665 1252 1757 1285 sitire,

970 1305 1023 1325 non
1035 1306 1148 1333 corpore
1162 1298 1270 1333 quidem
1287 1302 1314 1326 et
1326 1307 1419 1330 carne.
1441 1299 1593 1334 voluptates
1611 1298 1678 1333 ipsis
1693 1306 1759 1325 con-

969 1347 1114 1377 gruentes;
1133 1344 1179 1371 sed
1197 1344 1255 1378 ipsa
1273 1344 1364 1371 anima
1379 1343 1528 1371 secundum
1548 1343 1757 1379 Symmachum,

969 1396 1121 1424 progressus
1137 1389 1171 1416 ad
1185 1389 1271 1416 Deum
1283 1390 1420 1418 desiderio
1432 1397 1464 1416 ac
1479 1389 1606 1425 cupidine
1619 1390 1705 1416 teneri
1718 1389 1760 1417 di-

969 1434 1050 1461 citur.
1067 1433 1157 1466 Quare
1173 1434 1319 1463 dicebant.
1344 1435 1382 1461 ita
1398 1434 1533 1461 desiderat
1544 1435 1634 1461 anima
1649 1442 1705 1461 mea
1724 1435 1758 1460 ad

971 1483 1003 1511 te,
1020 1478 1106 1512 Deus;
1130 1487 1161 1508 ac
1189 1479 1404 1510 rursum;Sitivit
1417 1480 1507 1507 anima
1540 1488 1597 1506 mea
1622 1479 1657 1506 ad
1675 1479 1760 1506 Deum

970 1525 1066 1559 fortem
1092 1527 1188 1553 rivum.
1207 1526 1305 1553 Vivere
1329 1525 1430 1562 quippe
1458 1526 1602 1553 Dominum
1628 1531 1760 1553 noverant

970 1571 1118 1598 secundum
1137 1571 1202 1598 illud
1216 1581 1221 1598 :
1239 1571 1318 1599 Solus
1327 1571 1424 1599 habent
1439 1571 1665 1599 immortalitatem
1679 1572 1716 1604 ³¹;
1728 1579 1760 1599 ac

972 1617 1058 1644 solum
1091 1625 1174 1652 penes
1202 1625 1231 1645 se
1255 1618 1340 1645 vitam
1367 1618 1468 1646 habere
1494 1617 1645 1645 secundum
1672 1618 1758 1645 illud:

972 1662 1102 1695 Quoniam
1115 1663 1185 1697 apud
1196 1668 1219 1690 te
1229 1668 1267 1690 est
1279 1663 1338 1699 [om
1350 1664 1410 1691 vita
1421 1664 1454 1690 “.
1466 1665 1555 1699 Atque
1569 1664 1626 1691 hac
1640 1667 1682 1691 est
1691 1671 1761 1699 aqua

970 1709 1040 1736 viva.
1067 1709 1242 1737 Postmodum
1258 1715 1349 1737 autem
1368 1709 1429 1737 fons
1447 1710 1492 1738 ille
1507 1719 1556 1746 pro
1573 1711 1643 1738 votis
1657 1718 1689 1738 ac
1702 1719 1762 1746 pre-

970 1756 1047 1783 cibus
1065 1756 1257 1791 proplietarum
1278 1758 1435 1785 emanavit:
1454 1757 1512 1791 ipse
1527 1764 1645 1792 namque
1662 1757 1761 1784 Serva-

970 1805 1012 1827 tor
1030 1801 1185 1828 hominibus
1201 1809 1230 1829 se
1247 1801 1424 1837 praebiturum
1441 1809 1503 1829 esse
1526 1801 1621 1829 docuit
1640 1802 1681 1829 his
1698 1810 1760 1828 ver-

969 1847 1010 1873 bis
1025 1868 1030 1873 .
1051 1847 1103 1879 Qui
1119 1846 1211 1874 biberit
1225 1854 1258 1874 ea:
1272 1855 1342 1882 aqua
1356 1855 1436 1882 quam
1459 1855 1504 1881 ego
1531 1846 1600 1874 dabo
1614 1847 1649 1878 ei,
1666 1847 1708 1881 ﬁet
1733 1847 1761 1872 in

969 1901 998 1920 eo
1014 1893 1073 1928 fons
1089 1901 1164 1928 aqua:
1181 1893 1245 1920 vit-te
1272 1893 1392 1920 salientis
1418 1893 1445 1918 in
1473 1892 1554 1918 vitam
1574 1896 1700 1919 wternam
1721 1890 1760 1924 I5;

969 1943 996 1966 et
1010 1946 1119 1966 rursum
1133 1948 1139 1966 :
1158 1939 1188 1966 Si
1201 1938 1258 1974 quis
1271 1939 1339 1970 sitit,
1360 1939 1446 1965 veniat
1463 1937 1497 1964 ad
1514 1946 1554 1965 me
1566 1942 1590 1964 et
1604 1937 1685 1964 bibat.
1709 1936 1762 1968 Qui

970 1985 1050 2012 credit
1061 1986 1088 2012 in
1100 1993 1150 2018 me,
1169 1986 1236 2012 sicut
1249 1985 1316 2011 dixit
1332 1984 1484 2018 Scriptura,
1498 1984 1609 2018 [lumina
1627 1984 1658 2011 de
1675 1988 1763 2010 ventre

969 2032 1025 2066 ejus
1040 2032 1122 2066 ﬂuent
1138 2040 1213 2067 aqua:
1227 2032 1290 2059 vivae
1305 2031 1340 2060 ³⁵,
1353 2031 1534 2066 Propheticus
1549 2031 1642 2066 itaque
1660 2031 1762 2057 chorus

970 2079 1021 2106 hoc
1035 2079 1155 2113 potionis
1172 2087 1257 2114 genus
1282 2078 1378 2106 sitiens
1405 2078 1531 2111 dicebat,
1563 2078 1644 2105 sitivit
1672 2078 1762 2104 anima

969 2133 1025 2151 mea
1040 2124 1074 2151 ad
1095 2125 1176 2151 Deum
1192 2125 1286 2160 fortem
1304 2125 1386 2151 vivum
1401 2132 1410 2156 ;
1426 2128 1463 2157 et,
1479 2123 1583 2159 quando
1610 2124 1712 2151 ueniam
1736 2128 1761 2150 et

969 2171 1097 2205 apparebo
1111 2175 1170 2198 ante
1184 2171 1278 2206 [aciem
1297 2170 1368 2198 Dei?
1381 2170 1449 2197 Cum
1470 2178 1499 2198 se
1522 2177 1640 2205 namque
1657 2177 1671 2196 a
1695 2177 1762 2196 con-

969 2218 1143 2252 templatione
1159 2218 1204 2244 illa
1219 2217 1267 2245 Dei
1291 2217 1359 2244 facie
1373 2217 1407 2244 ad
1423 2216 1520 2244 faciem
1544 2216 1639 2251 procul
1657 2216 1762 2250 positos

971 2269 1124 2296 cernerent,
1144 2264 1201 2291 hau:
1224 2263 1406 2299 proferebant.
1427 2262 1479 2290 Sed
1496 2263 1576 2290 etiam
1591 2262 1763 2289 advertentes

971 2316 1096 2337 aversum
1116 2317 1177 2337 esse
1195 2309 1240 2337 Dei
1255 2309 1359 2336 vultum
1376 2317 1391 2335 a
1412 2308 1524 2343 populo,
1542 2315 1630 2341 neque
1644 2306 1761 2334 ulterius

972 2355 1044 2382 illam
1072 2355 1247 2390 providentiae
1268 2355 1323 2382 vim
1351 2354 1403 2389 ipsi
1429 2354 1605 2390 prospicere,
1634 2353 1762 2387 lugebant

970 2408 1036 2428 sane
1054 2401 1087 2429 de
1113 2409 1161 2429 sua
1186 2401 1213 2428 in
1240 2401 1322 2428 terris
1350 2400 1587 2432 commoratione,
1614 2406 1763 2434 precesque

970 2445 1119 2474 fundebant
1153 2450 1183 2474 ut
1212 2446 1359 2481 aliquando
1388 2445 1475 2473 vultui
1503 2444 1550 2472 Dei
1579 2445 1760 2473 siSIerentur:

970 2493 1147 2527 quamobrem
1163 2493 1290 2520 dicebant
1306 2503 1313 2520 :
1334 2493 1446 2526 Quando
1470 2493 1570 2519 ueniam
1594 2495 1619 2519 et
1634 2490 1763 2524 apparebo

972 2542 1031 2564 ante
1054 2538 1149 2572 facient
1166 2537 1235 2565 Dei?
1249 2539 1317 2566 Cum
1331 2543 1419 2565 autem
1438 2538 1536 2565 ﬁducia
1552 2541 1578 2564 et
1594 2536 1763 2564 conscientia

972 2583 1042 2609 bona
1062 2583 1132 2617 pleni
1148 2587 1258 2616 essent,
1278 2583 1434 2618 huiusmodi
1462 2582 1575 2611 vocibus
1605 2583 1761 2609 utebantur.

972 2628 1038 2656 Nam
1055 2633 1148 2665 utpote
1179 2630 1269 2657 anima
1301 2637 1413 2665 prorsus
1441 2637 1507 2657 sana
1538 2629 1661 2664 praediti,
1682 2634 1765 2663 atque

971 2676 1045 2702 omni
1079 2676 1168 2710 culpa,
1183 2676 1242 2703 labe
1266 2684 1297 2703 ac
1321 2676 1444 2705 foeditate
1463 2676 1569 2711 purgati
1585 2695 1593 2708 ,
1613 2675 1699 2703 vultui
1718 2675 1764 2701 Dei

972 2723 1031 2750 sisti
1047 2722 1189 2758 rogabant.
1208 2723 1338 2750 Peccator
1356 2730 1420 2750 vero
1431 2723 1512 2749 talem
1527 2723 1630 2749 vultum
1653 2721 1764 2757 refugit,

1068 2800 1168 2829 “Psal.
1186 2802 1315 2835 xxvnl,9.
1354 2800 1375 2818 ³³
1395 2799 1406 2828 l
1423 2800 1493 2828 Tim.
1511 2808 1548 2833 vt,
1566 2799 1609 2827 16.
1648 2799 1669 2815 ³³
1688 2797 1762 2827 Psal.
