2056 3214
274 186 323 214 5H

603 186 738 215 EUSEBll
757 187 993 215 CAESARlENSlS
1011 187 1086 216 OPP.
1107 187 1196 215 PARS
1212 187 1256 215 Ill.
1277 203 1312 208 ——
1329 187 1534 216 EXEGETICA.

1853 187 1904 215 37?.

275 254 308 273 ac
329 245 452 274 oratione
467 250 495 274 et
516 247 716 282 supplicatione
743 255 793 276 sua
821 247 917 275 abnuit
944 248 1039 275 dicens
1056 258 1061 275 :

1123 257 1167 274 aeu
1180 248 1228 275 καὶ
1243 247 1347 280 σπίλου,
1358 248 1405 275 καὶ
1417 248 1552 284 μολυσμοῦ
1567 248 1776 284 κεκαθαρμένοι,
1791 248 1905 282 ὀφθῆναι

275 294 372 320 Aaerte
384 293 478 328 faciem
492 297 567 320 tuam
577 302 594 320 α
606 293 719 329 peccatis
734 294 798 321 meis
809 294 842 321 ³⁸.

1119 294 1211 329 ἠξίουν
1224 293 1263 329 τῷ
1276 293 1415 330 προσώπῳ
1424 294 1472 320 τοῦ
1482 294 1560 321 Θεοῦ.
1577 294 1606 321 ’0
1617 294 1646 321 δὲ
1658 294 1821 330 ἁμαρτάνων
1840 293 1905 328 φεύ-

276 346 320 372 γει
332 338 363 365 τὸ
376 339 532 374 πρόσωπον,
545 339 590 366 καὶ
600 341 773 375 παραιτεῖται
785 340 818 367 δι’
837 340 919 376 εὐχῆς
940 341 986 367 καὶ
1006 340 1146 376 ἱκετηρίας
1158 340 1259 374 λέγων’
1277 340 1477 375 Ἀπόστρεψον
1486 341 1518 367 τὸ
1531 340 1692 374 πρόσωπόν
1704 348 1762 367 σου
1773 339 1832 367 ἀπὸ
1847 339 1907 366 τῶν

276 383 427 419 ἁμαρτιῶν
438 394 509 420 μου.

313 431 382 459 Cum
408 436 517 460 terrena
542 433 634 460 omnia
652 437 842 466 aversaretur,
867 434 902 461 ab
927 433 1066 461 humanis-

279 485 332 512 que
345 479 474 507 omnibus
498 479 686 514 voluptatibus
714 480 893 512 abhorreret,
921 480 980 508 solo
998 487 1066 515 pane

278 532 329 559 pro
345 526 518 559 necessitate,
534 533 622 562 eoque
632 526 760 562 lacrymis
777 526 895 554 admisto
908 531 987 554 utens
998 545 1005 558 ,
1028 526 1066 552 ita

279 571 353 599 fatur
370 582 377 599 :

316 616 399 645 Vens.
416 618 474 646 4-8.
495 617 614 646 Fuerunt
626 618 691 646 mihi
706 619 829 654 lacrymce
841 626 905 646 mete
929 626 1009 653 panes
1026 617 1069 645 die

279 673 311 692 ac
324 670 407 692 nocte.
424 663 603 700 Propheticus
617 671 708 693 autem
733 665 835 693 chorus
846 685 853 697 ,
880 672 943 692 cum
962 665 1068 691 vultum

1156 433 1248 460 Πάντα
1275 432 1308 459 τὰ
1338 433 1383 459 ἐπὶ
1400 433 1451 469 γῆς
1471 433 1716 468 ἀποστρεφόμενος,
1743 435 1790 462 καὶ
1817 436 1906 463 πᾶσαν

1119 478 1226 514 τρυφὴν
1247 478 1296 514 τὴν
1319 479 1349 505 ἐν
1375 478 1527 514 ἀνθρώποις
1544 478 1765 514 βδελυττόμενος,
1787 482 1860 516 μόνῳ
1879 483 1907 508 δὲ

1120 525 1194 560 ἄρτῳ
1211 525 1366 560 ἐπάναγκες
1376 525 1526 561 χρώμενος,
1539 525 1585 552 καὶ
1593 524 1678 560 τούτῳ
1691 526 1759 561 μετά
1770 527 1905 563 δακρύων,

1119 570 1191 595 ἐρεῖ·

1153 578 1191 595 ει·

1136 578 1301 651 ρἘγεν-ήθη
1329 616 1365 643 τὰ
1391 599 1507 651 δάκρυά
1532 626 1594 651 μου
1616 617 1706 652 ἄρτος
1720 626 1769 652 μοι
1792 617 1906 652 ἡμέρας

1117 664 1170 689 ’καὶ
1187 663 1306 695 νυκτός.
1332 663 1360 689 Ὀ
1376 663 1404 689 δὲ
1417 663 1471 689 τῶν
1486 663 1632 699 προφητῶν
1649 663 1737 699 χορὸς,
1756 663 1816 689 ἐπεὶ
1833 663 1905 699 ἑώρα

280 709 328 738 Dei
345 714 470 738 cerneret
493 711 528 738 ab
550 712 679 739 universo
695 711 794 746 populo
815 718 953 743 aversum,
969 710 1072 738 multo-

1123 708 1152 735 τὸ
1174 708 1320 744 πρόσωπον
1336 709 1381 735 τοῦ
1397 708 1463 735 Θεοῦ
1477 709 1651 744 ἅπτου-τραφὲν
1665 709 1754 736 πάντα
1770 709 1814 735 τὸν
1830 709 1905 742 λαὸν,

280 765 394 792 rumque
407 757 567 792 perniciem.
583 766 661 791 suam
673 765 736 786 esse
758 757 942 785 calamitatem
968 761 1046 784 ratus
1061 777 1068 788 ,

281 805 383 832 luctum
395 811 445 839 pro
458 804 586 832 omnibus
604 804 788 840 suscipiebat:
807 809 889 839 atque
916 803 954 830 illi
976 803 1066 830 homi-

280 857 329 877 nes
349 849 397 877 Dei
416 849 444 876 in
467 852 574 876 tantum
600 849 758 878 aﬂlictionis
785 850 924 877 cumulum
953 849 1070 877 devene‘

280 898 356 927 runt.
368 899 398 922 ut
413 886 532 930 propriis
547 895 679 931 lacrymis
705 896 854 927 alerentur,
868 903 900 922 ac
914 895 958 923 die
973 900 1071 923 noctu-

281 949 344 976 que,
359 941 400 969 vel
415 941 504 976 ipsum
525 949 623 976 panem
641 949 750 970 sumere
775 943 925 971 abnuentes
936 963 944 975 ,
963 943 1010 969 uni
1024 942 1071 970 ﬂe-

280 987 319 1014 tui
344 990 482 1014 vacarent.
511 986 575 1014 Haec
603 995 685 1022 porro
707 992 764 1015 tum
788 989 906 1015 maxime
935 988 1070 1023 agebant,

279 1032 391 1068 haeque
415 1032 600 1068 patiebantur,
616 1041 678 1060 eum
704 1033 832 1068 populum
844 1053 851 1065 ,
873 1041 905 1061 ac
920 1034 1071 1068 praesertim

280 1080 377 1115 impios
392 1087 454 1107 cum
474 1080 521 1107 illo
534 1083 689 1111 versantes,
706 1079 764 1107 lucc
779 1079 902 1107 dicentes
922 1079 1049 1107 audirent
1063 1090 1069 1107 :

282 1124 332 1155 Ubi
351 1130 390 1153 est
411 1125 482 1152 Deus
504 1125 589 1152 tuus?
612 1124 705 1160 Neque
724 1125 796 1152 enim
814 1125 917 1152 inimici
933 1131 960 1152 et
976 1125 1073 1153 adver-

281 1171 346 1199 sarii
362 1175 440 1199 erant
456 1171 503 1206 qui
518 1171 576 1199 haec
588 1171 711 1206 quotidie
726 1171 865 1202 dicerent,
883 1170 931 1198 sed
951 1175 982 1197 ut
997 1170 1071 1198 veri-

281 1217 370 1245 simile
383 1221 436 1249 est,
449 1209 602 1245 inﬁdelese
622 1217 733 1252 populo.
755 1217 803 1252 qui
827 1217 974 1252 prophetas
994 1217 1072 1252 quasi

280 1263 383 1290 frustra
394 1262 478 1290 Deum
491 1263 614 1290 colentes
627 1266 655 1290 et
676 1263 815 1290 incassum
838 1262 995 1290 laborantes
1025 1270 1073 1290 co-

281 1308 433 1343 arguebant
460 1316 492 1336 ac
510 1308 638 1337 dicebant
660 1309 722 1336 eis:
752 1308 802 1336 Ubi
828 1314 868 1336 est
898 1309 969 1337 Deus
989 1311 1073 1337 tuus?

279 1354 346 1388 Quze
359 1362 421 1382 cum
438 1355 490 1389 ipsi
508 1362 524 1381 a
541 1355 672 1382 fratribus
683 1374 691 1387 ,
708 1355 923 1390 consanguineis
946 1360 973 1382 et
993 1355 1071 1382 fami-

280 1400 395 1428 liaribus
418 1400 560 1432 audirent,
585 1401 689 1428 luctum
707 1401 844 1436 augebant
861 1409 941 1429 suum
958 1411 964 1428 :
988 1409 1073 1437 quare

281 1445 358 1472 aiunt
383 1454 390 1472 :
408 1444 473 1473 Hm:
490 1445 643 1473 recordatus
667 1453 743 1478 sum,
769 1451 793 1473 et
807 1447 887 1480 effudi
901 1447 930 1474 in
948 1455 988 1474 me
1012 1447 1072 1473 ani-

280 1499 352 1518 mam
381 1499 476 1518 meum.
503 1491 596 1526 Neque
625 1492 699 1519 enim
722 1492 954 1527 perturbationem
983 1500 1071 1520 meam

280 1537 452 1564 extrinsecus
468 1537 588 1572 protuli;
609 1537 657 1564 sed
674 1537 749 1564 intus
770 1537 797 1564 in
816 1538 907 1564 anima
921 1545 982 1566 mea
995 1537 1074 1565 dolo-

282 1589 339 1608 rem
363 1581 533 1609 occultabam
559 1582 588 1608 in
605 1582 710 1617 meipso
724 1582 866 1610 confusus.
887 1582 981 1611 Simile
1005 1583 1071 1618 quid
1086 1575 1106 1604 ο

280 1634 381 1661 passus
396 1627 545 1661 Apostolus
557 1627 684 1655 dicebat:
703 1627 755 1655 Sed
772 1629 823 1662 ipsi
838 1629 866 1656 in
876 1629 1071 1663 nobismetipsis

282 1681 436 1708 responsum
460 1675 552 1701 mortis
580 1674 718 1702 habuimus
746 1675 779 1702 ³⁷.
811 1676 857 1704 Sic
883 1677 975 1712 itaque
999 1686 1072 1705 nunc

282 1721 365 1747 etiam
379 1719 460 1754 effudi
475 1721 502 1747 in
517 1729 557 1747 me
572 1722 688 1748 animum
707 1731 804 1754 meam,
821 1723 957 1757 inquiunt.
977 1722 1071 1751 Perfe-

283 1766 320 1793 cti
336 1769 425 1792 autem
440 1766 491 1793 viri
502 1770 544 1794 est
554 1767 618 1793 talia
629 1767 704 1795 cﬂ‘ari
717 1775 809 1802 posse.

318 1853 386 1881 Cum
403 1854 421 1882 ii
433 1855 631 1890 exprobrantes
642 1855 708 1883 mihi
723 1856 846 1884 dicerent
861 1866 866 1883 :
888 1855 937 1883 Ubi
948 1861 987 1883 est
1003 1856 1073 1884 Deus

284 1902 365 1929 tuus?
384 1901 477 1929 dolore
501 1903 642 1938 pungebar
670 1903 816 1937 animoque
839 1906 955 1930 moestus
978 1910 1072 1933 eram,

283 1947 426 1980 perculsus
441 1947 588 1982 impiorum
601 1948 703 1976 verbis.
718 1949 846 1975 Attamen
869 1949 895 1975 iu
912 1949 1074 1983 memetipso

283 1994 462 2029 cogitationes
473 1996 646 2023 continebam
661 2003 746 2027 meas,
762 1999 792 2022 ut
811 2003 846 2023 ne
855 1994 1011 2023 eﬂ‘underer
1026 2003 1075 2023 ex-

283 2039 380 2071 terius,
395 2048 448 2068 neu
460 2048 520 2068 mea
531 2041 558 2068 in
574 2040 629 2069 Deo
642 2042 762 2076 reposita
774 2050 822 2076 spe
839 2041 1002 2069 cxciderem.
1020 2041 1075 2068 Me-

284 2085 399 2111 moriam
424 2085 526 2120 quippe
555 2090 679 2121 paratum
703 2087 768 2114 mihi
794 2087 874 2115 ﬁnem
901 2088 1072 2122 repetebam,

283 2138 337 2163 qua
353 2137 406 2157 non
417 2131 576 2165 ignorabatur
594 2132 660 2160 illud
670 2132 693 2147 ³⁸
714 2141 721 2159 :
741 2134 819 2160 Beati
840 2133 884 2168 qui
898 2133 995 2167 lugent,
1011 2142 1076 2168 quo-

284 2177 357 2203 niam
369 2177 420 2211 ipsi
432 2177 649 2205 consolabuntur.
663 2179 797 2212 Quocirca
821 2187 884 2206 cum
908 2179 992 2215 probe
1011 2187 1076 2208 nos-7

1122 754 1170 790 τὴν
1186 755 1240 781 τῶν
1255 755 1359 782 πολλῶν
1371 754 1508 782 ἀπώλειαν
1521 755 1617 782 ἑαυτοῦ
1630 753 1700 783 εἶναι
1715 755 1814 791 ζημίαν
1825 755 1908 791 ἡγού-

1124 809 1214 836 μενος,
1227 801 1290 832 τοὺς
1306 801 1376 837 ὑπὲρ
1392 801 1518 828 ἁπάντων
1546 802 1686 836 ἀνεδέχετο
1712 801 1825 838 θρήνους
1836 810 1842 816 ·
1869 803 1908 833 εἰς

1123 845 1248 873 τοσοῦτον
1270 845 1297 871 δὲ
1312 845 1448 872 ἐπέτεινον
1469 846 1517 881 τὴν
1534 846 1719 873 κακοπάθειαν
1740 848 1765 873 οἱ
1779 846 1826 873 τοῦ
1840 846 1908 873 Θεοῦ

1088 904 1109 931 Β
1124 892 1272 928 ἄνθρωποι,
1291 892 1329 923 ὼς
1344 893 1401 924 τοῖς
1417 892 1546 927 δάκρυσιν
1576 894 1679 920 ἑαυτῶν
1700 893 1847 929 τρέφεσθαι
1863 893 1910 920 καὶ

1123 938 1168 965 διὰ
1188 939 1278 973 πάσης
1300 938 1405 974 ἡμέρας
1417 939 1464 964 καὶ
1481 939 1577 970 νυκτὸς
1590 939 1781 975 παραιτεῖσθαι
1799 940 1846 975 μὲν
1863 940 1911 966 καὶ⁷

1123 984 1202 1011 αὑτὸν
1212 985 1257 1010 τὸν
1273 985 1364 1020 ἄρτον,
1379 984 1451 1020 μόνῳ
1463 985 1492 1011 δὲ
1500 985 1538 1020 τῷ
1548 985 1679 1021 κλαυθμῷ
1691 985 1842 1021 σχολάζειν.
1854 987 1910 1014 Μά-

1122 1031 1201 1058 λιστα
1212 1031 1240 1057 δὲ
1253 1031 1327 1058 ταῦτ’
1347 1031 1480 1066 ἔπραττον
1504 1032 1549 1058 καὶ
1560 1033 1636 1059 ταῦτ’
1653 1033 1780 1068 ἔπασχον,
1800 1033 1911 1060 ἀκούον-

1122 1085 1166 1108 τες
1179 1077 1260 1104 αὐτοῦ
1277 1077 1323 1103 τοῦ
1344 1077 1408 1104 λαοῦ
1421 1097 1428 1109 ,
1447 1077 1546 1112 μᾶλλον
1566 1077 1595 1104 δὲ
1609 1077 1662 1104 τῶν
1684 1078 1790 1105 ἀσεϐῶν
1804 1078 1856 1105 τῶν
1881 1079 1911 1104 ἐν

1122 1123 1196 1158 αὐτῷ
1212 1123 1358 1158 λεγόντων·
1375 1123 1436 1150 Ποῦ
1449 1123 1535 1151 ἐστιν
1546 1125 1563 1151 ό
1576 1124 1647 1157 Θεός
1659 1131 1733 1156 σου;
1751 1125 1787 1151 Οὺ
1801 1124 1855 1160 γὰρ
1864 1124 1911 1160 δή-

1123 1178 1174 1195 που
1182 1170 1206 1196 οἱ
1217 1169 1309 1205 ἐχθροὶ
1319 1169 1366 1196 καὶ
1376 1169 1498 1204 πολέμιοι
1510 1169 1569 1196 καθ’
1580 1169 1697 1205 ἑκάστην
1708 1169 1813 1205 ἡμέραν
1823 1169 1911 1196 ταῦτα

1123 1216 1214 1247 αὐτοῖς
1238 1215 1329 1250 ἔλεγον
1341 1224 1347 1230 ·
1362 1215 1420 1241 ἀλλ’
1435 1216 1507 1247 εἰκὸς
1519 1216 1582 1247 τοὺς
1597 1216 1625 1242 ὲν
1639 1215 1677 1250 τῷ
1690 1216 1760 1242 ἔθνει
1780 1216 1912 1248 ἀπίστους

1122 1261 1160 1292 ὡς
1186 1261 1275 1296 μάτην
1302 1260 1492 1293 Θεοσεόοῦντας
1507 1261 1553 1287 καί¹
1577 1262 1636 1296 εἰκῆ
1661 1262 1826 1297 μοχθοῦντας
1847 1262 1910 1293 τοὺς

1124 1307 1266 1342 προςεήτας
1286 1306 1516 1342 καταμέμφεσθαι
1539 1307 1586 1333 καὶ
1607 1306 1696 1341 λέγειν
1710 1308 1818 1338 αὐτοῖς·
1847 1307 1910 1334 Ποῦ

1123 1352 1207 1379 ἐστιν
1230 1354 1246 1379 ὁ
1262 1352 1334 1385 Θεός
1355 1359 1433 1384 σου;
1450 1352 1484 1378 Ἀ
1494 1351 1526 1387 δὴ
1541 1352 1617 1386 παρὰ
1640 1352 1694 1379 τῶν
1717 1352 1838 1386 ἀδελφῶν
1863 1354 1910 1379 καὶ

1125 1398 1274 1433 συγγενῶν,
1289 1399 1336 1426 καὶ
1347 1398 1491 1435 γνωρίμων
1503 1398 1646 1430 ἀκούοντες
1655 1419 1662 1430 ,
1684 1398 1717 1425 τὰ
1735 1399 1781 1425 τοῦ
1795 1399 1910 1430 πένθους

1123 1445 1273 1472 ἐπέτεινον·
1290 1446 1330 1472 διό
1345 1455 1411 1480 φασι
1421 1455 1427 1461 ·
1444 1446 1538 1473 Ταῦτα
1548 1446 1719 1481 ἐμνήσθην,
1741 1447 1790 1473 καὶ
1804 1446 1911 1481 ἐξέχει)

1122 1492 1168 1519 ἐπ’
1182 1492 1234 1527 ἐμὲ
1258 1492 1315 1526 τὴν
1331 1492 1437 1527 ψυχήν
1454 1502 1524 1527 μου.
1548 1493 1585 1519 Ub
1599 1493 1652 1528 γὰρ
1665 1493 1717 1524 ἔξω
1728 1493 1776 1528 τὴν
1789 1493 1908 1528 ἐμαυτοῦ

1123 1538 1246 1573 ταραχὴν
1268 1537 1408 1573 ἐνέφαινον
1421 1560 1428 1570 ,
1443 1539 1499 1565 ἀλλ’
1512 1538 1586 1565 ἔνδον
1599 1539 1626 1565 ὲν
1649 1540 1682 1574 τῇ
1697 1539 1814 1574 ἐμαυτοῦ
1837 1539 1911 1575 ψυχῇ

1124 1583 1252 1619 κρύπτων
1264 1583 1313 1618 τὴν
1327 1584 1397 1619 ἐμὴν
1409 1583 1542 1619 ἀλγηδόνα
1556 1583 1602 1610 καὶ
1619 1585 1684 1619 παρ’
1709 1584 1818 1619 ἐμαυτῷ
1844 1592 1906 1618 συγ-

1123 1630 1261 1664 χεόμενος.
1278 1629 1404 1656 Τοιοῦτον
1416 1630 1443 1656 δέ
1457 1639 1483 1656 τι
1494 1629 1635 1660 πεπονθὼς
1645 1630 1659 1655 ὁ
1675 1629 1834 1661 Ἀπόστολος
1853 1630 1913 1656 ἐλε-

1124 1683 1186 1708 γεν·
1207 1675 1282 1702 Ἀλλ’
1295 1676 1380 1702 αὐτοὶ
1395 1676 1430 1702 ἐν
1442 1675 1559 1708 ἑαυτοῖς
1573 1674 1771 1710 τὸυάπόκριμα
1787 1675 1840 1702 τοῦ
1859 1678 1912 1703 0a-

1124 1720 1217 1748 νάτου
1229 1721 1413 1756 ἐσχήκαμεν.
1426 1721 1520 1752 οὕτως
1532 1719 1578 1747 οὖν
1594 1721 1641 1747 καὶ
1651 1720 1709 1752 νῦν,
1731 1721 1854 1755 Ἐξέχεα
1865 1721 1912 1748 ἐπ’

1123 1766 1176 1801 ἐμὲ
1190 1768 1247 1801 τὴν
1265 1767 1371 1802 ψυχήν
1380 1776 1450 1802 μου,
1471 1768 1543 1802 φασί.
1558 1767 1667 1794 Τελείου
1684 1767 1705 1794 δ’
1716 1768 1774 1794 ἐστὶ
1789 1768 1819 1794 τὸ
1834 1768 1915 1795 65w-

1126 1813 1185 1840 σθαι
1197 1813 1276 1840 τοῦτο
1288 1814 1386 1849 λέγειν.

1160 1860 1300 1894 Λεγόντων
1325 1869 1380 1895 μοι,
1413 1861 1488 1896 φησὶ,
1506 1860 1560 1887 τῶν
1573 1860 1757 1892 ὀνειδιζόντων
1792 1867 1837 1892 με·
1851 1859 1914 1886 Ποῦ

1125 1905 1212 1932 ἐστιν
1236 1907 1253 1932 ό
1271 1907 1343 1938 Θεός
1368 1914 1445 1938 σου;
1472 1906 1624 1942 ἐδακνόμην
1651 1906 1700 1941 μὲν
1713 1907 1746 1941 τῇ
1774 1905 1846 1941 λύπῃ
1866 1905 1914 1931 καὶ

1126 1950 1295 1985 ὑπερήλγουν
1312 1949 1361 1986 τὴν
1379 1950 1467 1986 ψυχὴν
1488 1951 1671 1986 πληττόμενος
1690 1951 1742 1977 ὑπὸ
1759 1950 1811 1977 τῶν
1828 1950 1914 1984 λόγων

1125 1996 1178 2022 τῶν
1195 1996 1310 2023 ἀσεὸὠν.
1324 1996 1418 2032 Ὅμως
1438 1997 1460 2023 δ’
1475 1994 1521 2023 οὖν
1538 1997 1566 2023 ἐν
1589 1996 1700 2032 ἐμαυτῷ
1716 1998 1837 2032 συνεῖχον
1851 1997 1915 2028 τοὺς

1126 2042 1244 2078 ἐμαυτοῦ
1259 2042 1416 2078 λογισμοὺς,
1432 2043 1498 2079 πρὸς
1517 2043 1547 2069 τὸ
1563 2043 1599 2078 μὴ
1617 2042 1785 2079 προχυθῆναι
1800 2043 1847 2068 καὶ
1863 2043 1915 2077 τῆς

1127 2089 1310 2124 προκειμένης
1335 2098 1380 2124 μοι
1400 2089 1446 2115 τοῦ
1472 2089 1538 2116 Θεοῦ
1569 2090 1695 2116 ἐκπεσεῖν
1713 2089 1830 2121 ἐλπίδος.
1856 2089 1916 2115 ’Ᾱν-

1127 2134 1224 2169 ἔφερον
1237 2134 1292 2169 γὰρ
1305 2135 1338 2170 τῇ
1355 2135 1449 2171 μνήμῃ
1460 2135 1490 2161 τὺ
1504 2135 1649 2170 περιμένον
1658 2143 1693 2170 με
1705 2134 1790 2166 τέλος
1805 2135 1865 2161 ἐπεὶ
1877 2135 1915 2170 μὴ

1126 2179 1255 2214 ἠγνόουν,
1278 2179 1318 2206 ὅτι
1335 2179 1478 2213 Μακάριοι
1495 2181 1520 2206 οι
1544 2180 1735 2213 πενθοῦντες.
1756 2180 1800 2206 ὅτι
1819 2189 1916 2214 παρα-

285 2231 353 2254 se-m.
367 2225 491 2258 quoniam
507 2229 569 2259 post
580 2225 649 2252 hanc
665 2226 804 2253 tristitiam
819 2226 936 2254 transibo
951 2227 978 2253 in
989 2227 1072 2253 locum

1127 2225 1342 2260 κληθήσονται.
1370 2226 1417 2252 Διὸ
1445 2225 1478 2260 δὴ
1502 2226 1623 2261 ἀκριϐῶς
1649 2227 1846 2261 ἐπιστάμενος,
1870 2226 1915 2253 ὅτι

286 2269 448 2297 tabernaculi
473 2270 640 2307 admirabilis
660 2280 740 2307 usque
764 2272 798 2299 ad
825 2272 933 2300 domum
949 2273 1018 2304 Dei,
1046 2274 1074 2299 in

284 2324 343 2342 once
355 2305 542 2343 exsultatioriis
552 2321 577 2343 et
591 2317 765 2352 confessionis
781 2319 839 2346 sani
854 2319 985 2350 epulantis
997 2328 1006 2351 ;
1020 2320 1075 2346 licet:

284 2362 439 2390 recordatus
453 2372 512 2390 sum
524 2372 534 2391 :
552 2371 640 2398 neque
663 2372 710 2399 spe
727 2373 786 2392 mea
804 2365 923 2396 excidit,
940 2366 987 2393 sed
1004 2367 1074 2393 intra

285 2408 420 2443 meipsum
436 2408 518 2443 (ἐπτιόὶ
536 2409 653 2436 αηὶηιαηι
668 2418 763 2436 meum.
780 2410 812 2436 Et
827 2411 890 2444 quia
917 2411 998 2438 talem
1023 2412 1074 2439 sibi

286 2461 361 2488 spem
377 2455 551 2489 aseripserat,
564 2455 627 2490 iure
639 2463 672 2483 ac
682 2456 779 2484 merito
794 2457 852 2491 ipse
870 2457 923 2484 sibi
943 2458 1074 2485 medelam

285 2500 411 2528 admovet
432 2500 475 2528 his
493 2502 584 2529 verbis
601 2512 607 2529 :
625 2502 714 2536 Quare
741 2503 825 2530 tristis
840 2511 878 2534 es,
896 2505 986 2531 anima
1000 2513 1072 2537 mea,

285 2550 310 2572 et
324 2554 405 2580 quare
418 2547 558 2574 conturbas
574 2557 614 2575 me
625 2550 637 2575 ἶ)
652 2548 735 2582 Spera
744 2551 770 2576 in
782 2549 847 2581 Deo,
857 2552 980 2585 quoniam
990 2551 1076 2578 adhuc

285 2592 428 2627 conﬁtebor
442 2593 492 2625 illi.
504 2595 622 2622 salutare
647 2595 733 2622 vultus
760 2596 810 2623 mei
835 2601 860 2623 et
882 2597 953 2624 Deus
980 2606 1074 2624 meus:

284 2646 348 2666 nam
364 2639 398 2665 ad
418 2638 543 2666 ﬁduciam
556 2661 564 2671 ,
588 2642 816 2677 praesentiumque
834 2650 1016 2670 mrumnarum
1032 2648 1074 2669 to—

284 2684 429 2712 lcrautiam
446 2693 506 2713 sese
525 2686 693 2714 cohortatur.
707 2687 776 2714 Cum
797 2696 880 2723 porro
894 2688 1074 2724 Symmachus

286 2731 325 2757 ait
341 2740 346 2758 :
365 2731 496 2764 Quoniam
518 2731 638 2766 egrediar
653 2733 687 2758 ad
700 2733 912 2764 tabernaculum.
931 2733 1072 2768 bajulabor

285 2784 368 2812 usque
382 2776 416 2803 ad
431 2777 538 2803 domum
556 2777 616 2809 Dei,
632 2786 690 2804 cum
706 2787 765 2806 uoce
780 2779 965 2806 benedictionis
975 2786 999 2806 ct
1010 2789 1072 2807 con-

286 2821 408 2858 fessionis
432 2823 609 2851 multitudinis
639 2826 850 2852 concurrentium
878 2826 913 2852 ad
935 2826 1072 2853 celebrita-

321 2900 344 2916 ³⁸
361 2899 431 2929 Psal.
450 2908 484 2936 ιι,
504 2902 547 2929 ιι.
586 2902 607 2919 ³⁷
627 2901 718 2930 llCor.
735 2911 761 2937 ι,
779 2904 804 2932 9.
844 2903 866 2920 ³⁸
887 2904 981 2933 Matth.
1000 2913 1028 2939 ν,
1045 2906 1068 2934 ό.

1128 2271 1197 2306 μετὰ
1216 2272 1251 2298 τὰ
1264 2271 1413 2307 σκυθρωπὰ
1427 2271 1617 2306 διελεύσομαι
1638 2272 1674 2298 ἐν
1694 2273 1775 2304 τόπῳ
1797 2271 1917 2306 σκηνῆς

1126 2318 1301 2352 θαυμαστῆς
1323 2318 1378 2351 ἕως
1400 2318 1453 2345 τοῦ
1481 2318 1565 2345 οἴκου
1588 2319 1641 2346 τοῦ
1664 2318 1754 2350 Θεοῦ,
1769 2319 1805 2344 ἐν
1829 2318 1916 2353 φωνῇ

1127 2364 1333 2398 ἀγαλλιάσεως
1347 2363 1397 2390 καὶ
1410 2364 1655 2399 ἐξομολογηὶσεως
1668 2364 1745 2399 ἤχου
1764 2363 1915 2398 ἑορτάζον-

1126 2418 1197 2443 τος,
1220 2409 1314 2436 ταῦτα
1339 2409 1512 2444 ἐμνήσθην·
1540 2411 1588 2437 καὶ
1615 2411 1664 2437 οὐκ
1695 2410 1838 2443 ἐξέπιπτον
1865 2410 1916 2444 τῆς

1126 2455 1243 2488 ἐλπίδος,
1264 2456 1321 2482 ἀλλ’
1341 2457 1461 2492 εἴσωπερ
1482 2457 1592 2492 ἐμαυτῷ
1608 2456 1713 2491 ἑξέχειι
1730 2455 1787 2490 τὴν
1809 2456 1917 2490 ψυχήν

1127 2511 1195 2536 μου.
1205 2503 1260 2529 Καὶ
1276 2503 1368 2538 ἐπειδὴ
1380 2503 1508 2535 τοιαύτας
1519 2503 1676 2538 ὑπέγραψεν
1692 2502 1780 2538 ἐαυτῷ
1793 2502 1914 2535 ἐλπίδας,

1128 2550 1241 2582 εἰκότως
1256 2551 1338 2582 αὐτὸς
1359 2551 1454 2577 ἑαυτὸν
1467 2551 1610 2586 θεραπεύει
1627 2551 1675 2577 καὶ
1694 2550 1784 2584 λέγει·
1805 2550 1869 2576 Ἵνα
1890 2550 1919 2577 τί

1127 2597 1293 2630 περίλυπος
1313 2596 1349 2629 εἷ,
1370 2598 1389 2631 ἡ
1412 2597 1497 2631 ψυχή
1521 2606 1595 2631 μου,
1612 2596 1662 2624 καὶ
1681 2597 1732 2622 ἵνα
1749 2596 1777 2622 τι
1802 2603 1916 2622 συντα-

1123 2642 1253 2676 ράσσεις
1264 2650 1320 2677 με;
1333 2643 1480 2670 ’Έλπισον
1502 2642 1550 2669 ἐπὶ
1570 2642 1654 2673 Θεὸν,
1676 2641 1719 2667 ὅτι
1734 2639 1917 2675 ἐξομολογή-

1125 2697 1217 2723 σομαι
1236 2688 1316 2721 αὐτῷ
1334 2689 1482 2723 σωτήριον
1497 2689 1549 2715 τοῦ
1571 2687 1731 2722 προσώπου
1747 2696 1806 2722 μου
1829 2687 1879 2714 καὶ
1900 2688 1917 2712 ὀ

1128 2735 1200 2767 Θεός
1210 2744 1269 2769 μου
1278 2743 1285 2750 θ
1297 2735 1392 2770 θαρσεῖ
1401 2735 1455 2770 γὰρ
1465 2733 1553 2769 ἐαυτῷ
1565 2734 1612 2760 καὶ
1624 2733 1660 2759 τὰ
1672 2733 1793 2768 παρόντα
1806 2731 1916 2765 λυπηρὰ

1129 2780 1258 2813 γενναίως
1275 2780 1368 2816 φέρειν
1388 2779 1595 2816 παρεκελεύετο.
1614 2779 1707 2813 Λέγων
1725 2779 1751 2804 δὲ
1772 2779 1786 2804 ὁ
1802 2777 1913 2812 Σύμμαο

1127 2835 1183 2861 χος,
1198 2827 1260 2854 ’Ὁτι
1275 2827 1471 2862 ἐξελεύσομαι
1484 2828 1526 2861 εἰς
1540 2826 1597 2861 τὴν
1610 2825 1740 2861 σκηνὴν,
1756 2824 1914 2851 διαϐαστιι-
