2056 3214
153 184 208 213 5'73

716 179 968 219 conaturam
987 192 1021 220 [Ν
1038 191 1204 223 pSALuos.
1240 178 1287 213 θ’(

1719 205 1776 234 37L

152 243 302 278 χρήσομαι
322 243 376 277 ἕως
392 245 444 272 τοῦ
466 246 550 274 οἶκου
570 249 622 275 τοῦ
641 249 725 280 Θεοῦ,
740 250 814 285 μετὰ
835 251 926 286 φωνῆς

989 256 1108 285 tem;vc|
1121 257 1271 285 secundum
1294 258 1419 294 Aquilam
1440 271 1446 288 :
1462 260 1562 290 Laudis
1578 268 1603 290 et
1624 265 1776 299 gratiarum

123 296 128 300 '
151 291 300 323 εὐφημίας
318 291 366 317 καὶ
387 291 632 328 ἑξομολογήσεως
647 295 783 329 πλήθους
806 291 938 332 πανήγυ-

148 335 304 369 ριζόντων·
317 336 333 369 ἡ
348 337 417 364 κατὰ
429 338 474 364 τὸν
493 339 616 372 Ἀκύλαν,
631 341 778 375 Αῐνέσεως
789 343 837 370 καὶ
852 345 939 378 εὐχα-

145 381 266 414 ριστίας
280 381 374 415 ὄχλου
386 383 576 418 ἑορτάζοντας
586 394 592 400 “
616 388 734 423 παρίστη
758 389 848 415 ὁποῖον
863 389 937 417 ἔσται

151 425 180 451 τὸ
189 426 264 458 τέλος
276 427 328 454 τῶν
340 429 369 454 ὲν
377 428 415 464 τῷ
426 430 539 465 παρόντι
551 431 601 467 βίῳ
614 433 667 460 πᾶν
679 433 709 460 τὸ
722 434 797 462 ἐπιὸν
807 436 937 469 γενναίως

151 471 349 507 ὑπομενόντων.
362 475 439 502 Διοιδέ
444 476 577 513 ξεταιγὰρ
584 479 693 512 τούτους
701 481 730 507 τὸ
736 483 936 518 τρισμακάριον

149 518 235 549 τέλος,
249 520 265 554 ἡ
290 519 433 558 θαυμαστὴ
451 523 536 558 σκηνὴ
552 524 597 550 τοῦ
611 525 689 557 Θεοῦ,
711 527 758 553 καὶ
772 528 785 554 ὁ
805 527 936 556 ἐνδοτάτω

150 564 235 599 αὐτῆς
248 562 321 597 οἶκος
340 567 432 600 αὐτοῦ,
451 569 480 595 ὲν
498 565 520 602 ᾧ
535 570 559 595 οἱ
582 570 652 602 ἄξιοι
679 568 941 609 διαϐασταζόμενοιξ

150 611 196 636 καὶ
225 611 355 647 μετέωροι
382 613 433 640 ὑπὸ
457 615 609 649 ὰγγελικῶν
634 617 774 653 δυνάμεων
799 621 935 656 αἰρόμενοι

149 656 364 692 εἰσαχθήσονται.
378 660 410 686 "A
421 660 453 695 δὴ
468 662 514 688 καὶ
530 663 544 688 ὁ
565 663 724 696 ’Λπόστολος
735 665 811 697 εἰδὼς
827 666 934 701 ἔλεγενο

153 701 394 738 Ἀρπατησόμεθα
413 705 447 732 ἐν
462 708 602 741 νεφέλαις
616 710 660 742 εὶς
684 709 854 744 ἀπάντησιν
882 712 934 740 τοῦ

147 748 258 781 Κυρίου
273 750 316 782 είς
332 751 414 785 ἀέρα,
436 753 485 779 καὶ
503 754 579 781 οὕτω
608 755 735 783 πάντοτε
755 757 816 784 σὺν
838 758 934 793 Κυρίῳ

146 793 286 829 ἐσόμεθα.

182 850 288 886 Σκηνὴν
316 852 344 878 δὲ
368 851 528 891 Θαυμαστὴν
546 855 592 882 τοῦ
619 856 685 884 Θεοῦ
709 859 835 894 ὀνομάζει
866 861 933 896 πρὸς
975 862 981 866 ’

146 895 346 932 ἀντιδιαστολὴν
363 898 460 933 ἑτέρας
476 900 506 926 οὐ
524 900 690 938 θαυμαστῆς,
704 904 783 930 ὁποία
801 902 835 940 ἦν
849 905 865 940 ή
886 895 932 931 ἐπὶ

145 942 282 974 Μωῦσέως
299 943 344 969 ἐπὶ
361 944 411 979 γῆς
437 947 688 983 κατεσκευασμένη.
719 948 881 986 Θαυμαστὴν
902 951 929 977 δὲ

143 987 250 1023 ἀληθῶς
265 988 366 1024 σκηνὴν
381 990 497 1024 νοήσεις,
516 991 549 1027 ἢν
562 993 586 1018 ot
605 993 736 1028 μακάριοι
750 994 795 1021 τοῦ
817 995 883 1021 Θεοῦ
901 995 929 1022 ὲν

143 1032 248 1060 ἐλπίσιν
259 1033 387 1062 ἐτίθεντο.
397 1035 469 1070 Αὕτη
481 1036 508 1063 δὲ
522 1035 556 1072 ἦν
569 1038 586 1072 ἡ
601 1039 770 1075 ἐπουράνιος,
783 1037 816 1075 ἧς
829 1040 928 1072 τύπους

143 1080 325 1112 κατεσκεύαζε
333 1082 452 1117 Μωῦσῆς
460 1083 506 1109 ἐπὶ
520 1083 567 1118 τῆς
579 1084 626 1119 cpt)
632 1092 691 1119 μου.
700 1085 735 1111 Ila
741 1086 766 1120 ρὶ
778 1084 812 1122 ἦς
823 1086 927 1121 θαυμα-

142 1125 208 1161 στῆς
220 1126 321 1162 σκηνῆς
333 1127 379 1154 καὶ
389 1127 403 1153 ὁ
416 1127 487 1160 Θεῖος
504 1129 663 1161 Ἀπόστολος
676 1131 808 1158 διδάσκων
817 1132 908 1167 ἔλεγεν
918 1142 925 1148 ·

144 1172 283 1200 Τοιοῦτον
296 1173 407 1209 ἔχομεν
421 1175 570 1210 ἀρχιερέα,
585 1175 618 1209 ὃς
629 1175 770 1204 ἐκάθισεν
789 1177 824 1204 ἐν
844 1178 927 1212 δεξιᾷ

140 1220 193 1247 τοῦ
208 1221 315 1254 θρόνου
334 1220 389 1254 τῆς
411 1223 625 1256 μεγαλοσύνης
649 1222 683 1249 ἐν
699 1223 761 1257 τοῖς
777 1225 925 1259 οὐρανοῖς,

140 1266 199 1293 τῶν
214 1266 305 1300 ἁγίων
323 1267 495 1302 λειτουργὸς
509 1267 558 1294 καὶ
576 1268 631 1303 τῆς
647 1269 767 1303 σκηνῆς
781 1270 835 1304 τῆς
854 1271 926 1305 ἀλη-

140 1311 234 1344 θινῆς,
249 1311 291 1345 ἦν
313 1311 426 1346 ἔπηξεν
445 1314 462 1339 ὁ
486 1314 604 1347 Κύριος,
621 1315 676 1341 οὑκ
693 1315 861 1350 ἅνθρωπος·
885 1315 925 1349 οἷς

141 1357 260 1392 ἐπιλέγει
279 1357 356 1392 ἑξῆς·
370 1359 483 1392 Οἶτινες
498 1360 690 1395 ὑποδείγματι
718 1364 766 1389 καὶ
784 1362 857 1396 σκιᾷ
871 1365 919 1390 λιι-

139 1403 278 1436 τρεύουσι
292 1403 352 1430 τῶν
369 1404 563 1438 ἐπουρανίων,
577 1406 674 1439 καθὼς
693 1407 924 1442 κεχρημάτισται

138 1447 268 1482 Μωϋσῆς
288 1448 410 1484 μέλλων
435 1449 582 1477 ἐπιτελεῖν
605 1450 663 1484 τὴν
690 1451 819 1486 σκηνήν.
844 1453 922 1487 Ὅρα,

139 1493 193 1527 γάρ
209 1501 285 1528 φησι,
308 1494 445 1527 ποιήσεις
462 1494 560 1521 πάντα
582 1495 657 1522 κατὰ
672 1496 725 1523 τὸν
747 1497 842 1524 τύπον
870 1498 923 1524 τὸν

138 1539 292 1574 δειχθέντα
304 1549 352 1566 σοι
366 1540 400 1566 ἐν
415 1540 454 1573 τῷ
468 1540 537 1574 ὄρει.
559 1541 637 1568 Ἀλλὰ
652 1542 736 1568 ταῦτα
755 1543 802 1577 μὲν
820 1543 922 1575 εἰκόνες

137 1583 206 1620 ἦσαν
229 1586 275 1612 καὶ
301 1586 422 1622 σύμϐολα
440 1586 494 1613 τῶν
519 1588 702 1622 ἐπουρανίων·
725 1589 851 1622 Χριστὸς
877 1588 920 1621 δὲ,

137 1632 375 1665 παραγενόμενος
400 1631 554 1665 ἀρχιερεὺς
576 1631 634 1658 τῶν
656 1634 831 1666 μελλόντων
853 1633 923 1668 ἀνα-

137 1675 216 1706 θῶν,
233 1676 281 1702 διὰ
301 1677 356 1710 τῆς
372 1677 507 1712 μείζονος
532 1678 581 1704 καὶ
603 1678 786 1711 τελειοτέρας
806 1679 924 1713 σκηνῆς

137 1722 176 1748 οὐ
194 1723 408 1757 χειροποιήτου,
424 1723 580 1750 τουτέστιν
602 1725 638 1751 οὺ
658 1725 768 1758 ταύτης
792 1724 847 1759 τῆς
862 1727 924 1752 κτί-

135 1775 225 1800 σεως,
239 1768 309 1795 οὐδὲ
325 1769 361 1795 δι’
377 1770 499 1803 αἵματος
530 1770 644 1804 τράγων
658 1770 708 1797 καὶ
726 1772 861 1806 μόσχων,
875 1771 924 1800 διὰ

135 1813 170 1839 δὲ
187 1814 239 1840 τοῦ
267 1814 342 1841 ίδίου
368 1815 490 1849 αἵματος
514 1815 661 1849 εἰσῆλθεν
687 1817 806 1852 ἐφάπαξ
825 1819 868 1851 είς
888 1818 924 1845 τὰ

136 1857 220 1892 ἅγια,
244 1860 368 1886 αἰωνίαν
387 1861 538 1894 λύτρωσιν
553 1861 726 1897 εὑράμενος.
745 1863 777 1888 Ei
799 1862 826 1888 δὲ
846 1862 923 1897 χαρὰ

134 1903 247 1937 γίνεται
268 1904 303 1930 ἐν
324 1904 386 1937 τοῖς
402 1905 540 1938 οὐρανοῖς
557 1905 610 1931 τῶν
634 1907 758 1940 ἀγγέλων
784 1907 830 1934 τοῦ
855 1907 922 1934 Θεοῦ

134 1949 182 1975 ἐπὶ
196 1949 241 1975 ἑνὶ
256 1949 418 1984 ἁμαρτωλῷ
426 1949 632 1983 μετανοοῦντι,
649 1950 771 1982 εἰκότως,
784 1950 923 1985 Θεοφιλοῦς

133 1995 223 2030 ψυχῆς
243 1995 312 2030 μετὰ
327 1996 372 2022 τὸν
391 1995 514 2031 αὐτάρκη
528 1996 575 2022 καὶ
593 1995 640 2022 τὸν
664 1996 785 2032 παρόντα
808 1996 864 2031 βίον
880 1996 923 2023 διὰ

134 2041 288 2076 γυμνασίαν
305 2040 522 2076 καταξιουμένης
534 2042 584 2076 τῆς
599 2042 640 2073 εἰς
655 2041 690 2068 τὰ
706 2042 771 2076 ἆγια
786 2042 820 2068 τὰ
841 2043 922 2069 ἐπου-

134 2088 215 2122 ράνια
229 2087 347 2119 εἰσόδου,
368 2087 443 2123 φωνὴ
461 2087 563 2121 γίνεται
579 2088 716 2123 εὐφημίας
739 2088 857 2123 πλήθους
872 2097 923 2115 πα-

133 2131 331 2168 νηγυριζόντων
355 2133 401 2159 καὶ
420 2134 650 2169 εὐχαριστούντων
671 2134 717 2160 ἐπὶ
742 2135 774 2169 τῇ
801 2135 923 2171 σωτηρίᾳ

131 2178 179 2205 τοῦ
206 2179 370 2212 σωζομένου.
386 2180 418 2205 ’Λ
443 2180 475 2215 δὴ
498 2181 679 2215 πεπεισμένος
701 2177 771 2206 εἶναι
793 2181 879 2217 ἀληθῆ
908 2183 922 2208 ὁ

133 2225 237 2256 τούτοις
257 2225 451 2260 μαθητευθεὶς,
468 2226 580 2258 εἰκότως
603 2226 672 2261 πρὸς
691 2227 785 2253 ἑαυτὸν
799 2227 900 2261 φάσκει
914 2237 920 2244 -

133 2270 195 2298 Ἵνα
211 2271 238 2296 τί
260 2272 423 2304 περίλυπος
451 2269 494 2303 εἷ,
518 2272 536 2306 ἡ
559 2271 644 2306 ψυχή
660 2272 798 2306 μου,καὶ
819 2273 869 2300 ἵνα
893 2273 922 2300 τί

131 2315 357 2350 συνταράσσεις
368 2325 405 2351 με
414 2325 423 2348 ;
438 2317 473 2343 Ἦ
490 2317 560 2343 κατὰ
575 2317 620 2344 τὸν
633 2317 779 2353 Σύμμαχον
789 2326 795 2332 ”
822 2319 853 2345 Τί
868 2328 922 2346 κα-

131 2362 299 2396 τακάμπτῃ,
313 2363 332 2396 ἡ
347 2362 431 2396 ψυχή
445 2371 514 2398 μου,
529 2363 576 2390 καὶ
587 2363 615 2389 τί
625 2363 737 2398 θορυϐῇ
749 2364 813 2390 κατ’
828 2364 901 2399 ἐμοῦ
910 2373 920 2397 ;

138 2408 308 2442 Ἀνάμεένον
331 2408 385 2434 τὸν
408 2409 490 2440 Θεὸν,
513 2408 557 2435 ὅτι
580 2408 723 2443 διηνεκῶς
740 2409 920 2444 ἐξομολογή-

130 2460 222 2486 σομαι
236 2453 316 2485 αὐτῷ
334 2454 387 2486 τὰς
397 2453 544 2488 σωτηρίας
558 2454 609 2480 τοῦ
630 2454 791 2488 προσώπου
807 2455 899 2482 αὐτοῦ
909 2464 916 2470 ·

131 2497 163 2533 ἢ,
179 2497 244 2531 ταῖς
267 2499 426 2532 σωτηρίοις
441 2498 494 2525 τοῦ
512 2499 675 2532 προσώπου
700 2499 793 2526 αὑτοῦ
805 2520 813 2532 ,
847 2501 917 2527 κατά

131 2542 176 2568 τὸν
196 2543 321 2571 Ἀκύλαν.
332 2544 478 2579 Γενόμενος
489 2543 614 2580 τὰμόσον
627 2544 732 2571 οὐδέπω
743 2546 773 2572 ἐν
787 2540 819 2581 τῇ
833 2548 919 2582 σκηνῇ

132 2587 179 2614 ⁸ιοῦ
193 2589 271 2621 Θεοῦ,
290 2590 336 2616 καὶ
351 2589 403 2615 ὑπὸ
418 2589 540 2624 ἀγγέλων
556 2590 639 2624 ἁγίων
654 2590 861 2626 διαϐασταχοεὶς
875 2591 920 2617 διὰ

132 2634 163 2662 τὸ
178 2634 243 2669 "vim;
262 2635 350 2662 καὶτὸ
368 2635 478 2671 ἔπαρμα
492 2636 577 2671 αὐτῆς
593 2636 623 2662 τὸ
643 2637 812 2672 ἐπουράνιον,
832 2646 920 2673 παρα-

133 2682 266 2717 στήσομαι
287 2681 326 2716 τῷ
340 2681 476 2718 προσώπῳ
489 2682 536 2709 τοῦ
558 2682 636 2714 Θεοῦ,
654 2683 701 2709 καὶ
724 2683 854 2719 τεύξομαι
869 2684 919 2718 τῆς

133 2726 197 2758 θέας
216 2726 263 2753 τοῦ
277 2728 412 2764 amplexa
444 2728 541 2754 αὑτοῦ·
556 2728 658 2755 τούτων
680 2727 825 2760 ἀξιωθεὶς,
847 2729 918 2756 κατὰ

132 2772 227 2808 καιρὸν
247 2773 400 2808 ἀναπέμψω
416 2773 464 2808 τὴν
477 2772 668 2809 ἐξομολόγησιν
684 2774 731 2800 καὶ
745 2774 794 2809 τὴν
812 2774 917 2808 ὀφειλο-

134 2818 218 2854 μένην
234 2818 407 2854 εὐχαριστίαν
421 2819 504 2854 αὐτῷ.
884 2831 888 2835 ~

947 936 967 963 Β

938 2291 959 2318 D

993 301 1104 329 actionis
1120 302 1205 330 turbw
1218 303 1314 338 festum
1331 305 1517 340 celebrantiss'
1529 310 1647 338 declarat
1669 312 1716 346 (ιιιιί
1741 312 1769 338 liv

989 347 1032 375 nis
1044 356 1137 375 eorum
1159 349 1269 377 futurus
1290 350 1335 383 sit,
1348 352 1393 386 qui
1410 353 1436 380 in
1453 353 1504 381 hac
1519 355 1571 382 vita
1582 363 1662 385 casus
1675 365 1770 386 omnes

990 395 1099 419 strenue
1125 393 1314 422 sustinuerint.
1341 395 1396 424 Hos
1419 397 1490 426 enim
1506 400 1621 435 excipiet
1642 402 1770 431 felicissi-

987 446 1048 466 mus
1068 439 1140 472 ﬁnis,
1156 440 1283 469 videlicet
1308 443 1510 473 tabemaculum
1527 446 1592 475 illud
1616 448 1662 477 Dei
1683 450 1770 479 admi-

981 484 1112 519 _randum,
1125 489 1151 512 et
1165 494 1225 520 quae
1239 487 1267 514 in
1280 487 1384 516 intimis
1398 489 1457 524 ejus
1480 492 1604 526 partibus
1626 495 1712 528 posita
1727 500 1776 524 estr

986 530 1084 558 domus
1095 530 1153 564 Dei,
1169 533 1195 559 in
1213 541 1293 567 quam
1307 536 1394 563 sancti
1415 536 1540 566 homines
1558 538 1723 574 deferentur,
1737 550 1771 570 ac

986 577 1117 605 sublimes
1135 578 1169 605 ab
1193 579 1321 614 angelicis
1345 581 1493 611 virtutibus
1507 584 1570 612 elati
1587 586 1769 615 intromitten-

986 627 1039 651 tur.
1053 623 1174 658 Quorum
1192 632 1294 660 gnarus
1306 626 1451 661 Apostolus
1463 629 1499 657 ita
1516 631 1675 666 loquebatur
1690 643 1697 661 :
1715 633 1769 662 Ra—

984 672 1085 705 piemur
1102 672 1129 698 in
1152 672 1263 700 nubibus
1279 674 1382 701 obviam
1403 675 1514 705 Domino
1535 678 1562 706 in
1579 687 1661 713 aera,
1687 684 1712 707 et
1730 681 1769 708 sic

984 727 1085 754 semper
1096 728 1154 747 cum
1172 720 1285 750 Domina
1301 723 1398 750 erimus
1417 724 1450 753 ".

1019 867 1235 898 Tabernaculum
1253 875 1343 900 autem
1359 872 1407 901 Dei
1425 876 1548 904 mirabile
1562 882 1650 911 vocat,
1666 879 1699 907 ad
1714 880 1767 907 dif-

983 914 1124 944 ferentiam
1150 918 1261 947 alterius
1287 920 1359 955 quod
1388 929 1453 949 sane
1475 923 1600 952 mirabile
1620 932 1675 952 non
1699 930 1764 954 est:

983 964 1063 998 quale
1075 970 1133 992 erat
1153 965 1219 994 illud
1233 970 1356 1003 tempore
1377 968 1477 1005 Moysis
1500 971 1527 998 in
1553 975 1626 999 terra
1641 977 1766 1001 constru-

981 1015 1066 1039 ctum.
1085 1011 1206 1040 Mirabile
1219 1019 1308 1041 autem
1323 1022 1417 1043 revera
1438 1017 1642 1045 tabernaculum
1671 1019 1766 1048 intelli-

981 1064 1048 1091 gas,
1074 1057 1147 1093 quod
1164 1058 1234 1086 beati
1251 1058 1298 1087 Dei
1319 1060 1345 1087 in
1376 1069 1451 1096 spem
1475 1063 1526 1089 sibi
1553 1064 1764 1095 constituerunt.

981 1101 1038 1130 Hoc
1056 1108 1145 1130 autem
1166 1104 1276 1132 caeleste
1304 1105 1370 1133 illud
1385 1111 1453 1140 erat,
1466 1109 1545 1143 cujus
1566 1109 1678 1145 ﬁguram
1696 1111 1766 1144 Mov-

981 1155 1025 1176 ses
1038 1149 1066 1176 in
1077 1149 1184 1178 deserto
1198 1151 1351 1179 adornavit.
1375 1152 1412 1181 De
1429 1162 1484 1188 quo
1505 1155 1657 1183 admirabili
1675 1158 1763 1186 taber-

980 1196 1079 1223 naculo
1093 1195 1151 1224 hinc
1166 1197 1278 1225 tradidit
1300 1199 1410 1227 divinus
1428 1200 1593 1235 Apostolus:
1611 1203 1702 1230 Talem
1716 1204 1765 1231 ha-

980 1239 1069 1268 bemus
1088 1243 1251 1277 pontiﬁcem,
1284 1245 1329 1280 qui
1353 1246 1470 1273 consedit
1493 1248 1520 1273 in
1546 1247 1653 1276 dextera
1677 1250 1764 1277 throni

979 1288 1169 1322 magnitudinis
1184 1290 1211 1316 in
1226 1290 1297 1317 ctzlis
1310 1310 1318 1323 ,
1333 1296 1486 1319 sanctorum
1498 1294 1618 1322 minister
1631 1299 1655 1322 et
1675 1296 1764 1323 taber-

978 1334 1068 1360 naculi
1082 1335 1136 1361 neri
1150 1335 1218 1370 quod
1230 1337 1288 1370 ﬁxit
1301 1336 1439 1370 Domitius,
1450 1343 1475 1365 et
1490 1347 1541 1366 non
1552 1339 1627 1366 homo
1643 1340 1682 1374 "';
1703 1342 1765 1376 qui-

977 1379 1028 1407 bus
1043 1379 1140 1408 deinde
1152 1381 1293 1418 subjungit
1310 1393 1316 1410 :
1333 1383 1386 1416 Qui
1400 1384 1544 1418 exemplari
1561 1391 1586 1412 et
1600 1386 1700 1413 umbra:
1715 1387 1763 1414 de-

977 1427 1092 1454 serviunt
1107 1427 1258 1460 ctelestium,
1282 1429 1350 1456 sicut
1377 1438 1527 1464 responsum
1543 1436 1582 1458 est
1598 1432 1685 1468 Moysi
1704 1441 1763 1461 cum

977 1481 1159 1501 consummare
1186 1474 1263 1501 uellet
1295 1475 1514 1504 tabernaculum:
1542 1477 1623 1511 Vide,
1655 1479 1761 1514 inquit,

977 1520 1065 1546 omnia
1077 1520 1158 1554 facito
1173 1521 1315 1547 secundant
1328 1523 1473 1557 exemplar,
1482 1523 1552 1558 quod
1566 1525 1613 1551 tibi
1627 1529 1761 1554 ostensum

975 1569 1013 1591 est
1027 1566 1055 1592 in
1071 1571 1157 1593 monte
1171 1566 1202 1593 “.
1221 1566 1274 1594 Sed
1291 1567 1348 1595 lnec
1366 1569 1474 1603 quidem
1497 1569 1629 1605 imagines
1643 1577 1721 1600 erant
1735 1577 1762 1599 et

937 1615 957 1645 (ς
976 1610 1098 1644 symbola
1113 1610 1276 1639 caelestium.
1293 1611 1414 1639 Christus
1431 1618 1518 1640 autem
1536 1614 1662 1641 assistens
1674 1616 1762 1648 ponti-

975 1656 1019 1689 fex
1041 1656 1191 1691 futurorum
1207 1657 1353 1692 bonorum,
1382 1667 1429 1694 per
1448 1660 1562 1694 amplius
1582 1665 1608 1688 et
1620 1661 1761 1696 perfectius

975 1702 1172 1730 tabernaculum
1193 1711 1245 1730 non
1265 1704 1456 1739 manufactnm,
1489 1705 1516 1732 id
1534 1710 1574 1733 est
1605 1714 1657 1733 non
1683 1706 1763 1741 hujus

974 1750 1134 1781 creationis;
1148 1758 1227 1784 neque
1240 1758 1286 1785 per
1299 1751 1452 1786 sanguinem
1465 1752 1598 1780 hircorum
1609 1757 1655 1780 aut
1665 1753 1762 1781 vitulo-

974 1804 1048 1827 rum,
1066 1795 1111 1822 sed
1127 1804 1172 1830 per
1183 1797 1318 1831 proprium
1333 1797 1487 1832 sanguinem
1507 1799 1625 1826 introivit
1639 1800 1719 1826 semel
1734 1801 1761 1827 in

974 1847 1077 1874 sancta,
1093 1847 1191 1869 teterna
1207 1842 1382 1878 redemptione
1396 1843 1500 1871 inventa
1513 1845 1546 1871 δ’.
1561 1845 1639 1877 Quod
1653 1846 1676 1872 si
1691 1854 1758 1880 gau—

973 1887 1047 1914 dium
1057 1892 1096 1915 est
1111 1889 1137 1915 in
1150 1888 1221 1915 caelis
1236 1889 1339 1924 angelis
1353 1888 1410 1922 Dei,
1422 1890 1453 1917 de
1468 1898 1519 1917 uno
1531 1895 1666 1924 peccatore
1675 1893 1758 1926 paeni-

974 1934 1084 1960 tentiam
1103 1939 1193 1969 agente
1208 1935 1242 1968 ⁸³,
1254 1934 1352 1961 merito
1363 1943 1429 1963 sane
1440 1944 1503 1963 cum
1516 1936 1643 1972 religiosa
1658 1938 1757 1970 anima,

973 1983 1034 2015 post
1050 1985 1191 2015 peractum
1218 1981 1300 2016 hujus
1332 1981 1394 2009 vitae
1423 1989 1553 2015 cursum,
1581 1983 1705 2018 ingressu
1731 1984 1770 2013 in.

974 2032 1068 2054 sancta
1083 2027 1128 2054 illa
1141 2027 1262 2055 caelestia
1280 2029 1482 2057 exercitationis
1500 2036 1556 2056 suae
1574 2036 1658 2058 causa
1674 2029 1758 2057 dona-

973 2077 1027 2105 tur,
1039 2080 1091 2100 vox
1107 2073 1305 2101 benedictionis
1328 2074 1409 2102 datur
1425 2082 1440 2102 a
1455 2075 1628 2103 multitudine
1649 2076 1771 2104 celebri-.

973 2122 1055 2147 tatem
1072 2124 1099 2148 et
1114 2120 1263 2155 gratiarum
1278 2121 1413 2148 actionem
1431 2125 1527 2156 agente
1542 2129 1591 2157 pro
1613 2126 1690 2157 parta
1706 2123 1770 2158 ipsi,

973 2167 1069 2194 salute.
1087 2167 1153 2200 Qua:
1176 2174 1237 2194 cum
1252 2174 1315 2194 vera
1329 2175 1391 2195 esse
1411 2175 1572 2202 persuasum
1590 2168 1687 2196 haheat
1711 2171 1771 2204 qui-

974 2212 1074 2240 talibus
1094 2213 1237 2241 institutus
1251 2212 1404 2248 disciplinis
1423 2217 1481 2247 est,
1501 2214 1564 2249 jure
1582 2215 1773 2250 semetipsum.

974 2260 1011 2287 ita
1029 2261 1190 2295 alloquitur:
1203 2260 1291 2293 Quare
1303 2261 1386 2288 tristis
1399 2269 1436 2292 es,
1452 2262 1543 2288 anima
1556 2269 1623 2292 mea,
1638 2266 1663 2287 et
1677 2269 1759 2294 quare

973 2308 1113 2335 conturbas
1128 2309 1188 2335 me?
1204 2307 1276 2340 Sive,
1286 2308 1434 2335 secundum
1448 2307 1637 2343 Symmachum
1649 2317 1655 2334 :
1670 2307 1767 2340 Quare-

973 2354 1235 2389 defatigaris,anima
1250 2362 1320 2386 mea,
1337 2358 1362 2380 et
1383 2361 1464 2388 quare
1477 2353 1567 2380 turbas
1581 2352 1682 2379 excitos
1696 2360 1759 2379 con-

972 2406 1014 2427 tra
1028 2402 1087 2428 me?
1106 2399 1235 2434 Exspecta
1251 2399 1344 2432 Deum,
1358 2400 1484 2434 quoniam
1498 2398 1756 2432 assidueconﬁtebo'

969 2448 1004 2478 ei,
1020 2447 1120 2474 salutes
1134 2447 1219 2474 uultus
1233 2446 1308 2481 ejus;
1328 2451 1384 2478 aut,
1407 2446 1535 2473 salutibus
1550 2445 1635 2472 vultus
1647 2446 1716 2480 ejus,
1728 2449 1764 2472 ut,

970 2493 1051 2521 habet
1075 2493 1183 2529 Aquila.
1202 2493 1269 2521 Nam
1286 2502 1347 2522 cum
1358 2494 1413 2530 jam
1429 2501 1497 2529 pene
1510 2493 1543 2520 ad
1552 2493 1769 2521 tabernaculum.

971 2540 1018 2569 Dei
1034 2543 1203 2576 pervenerim
1214 2562 1221 2574 ,
1237 2547 1318 2577 atque
1341 2543 1377 2570 ob
1391 2541 1579 2570 celsitudinem
1593 2545 1620 2569 et
1631 2541 1767 2569 sublimi-.

971 2591 1053 2615 tatem
1070 2589 1129 2622 ejus
1154 2589 1292 2616 eoelestem
1325 2597 1340 2616 a
1366 2589 1468 2616 sanctis
1493 2588 1595 2624 angelis
1618 2588 1766 2623 bajulatns-

971 2635 1034 2667 sim,
1049 2635 1135 2662 vultui
1158 2635 1205 2663 Dei
1224 2635 1316 2668 sistar,
1338 2638 1365 2662 et
1381 2635 1760 2669 contemplationesalutaris

971 2682 1041 2716 ejus,
1055 2681 1098 2710 his
1113 2681 1251 2717 dignatus,
1261 2681 1397 2716 perfruar,
1407 2689 1462 2716 quo
1477 2686 1597 2716 tempore
1608 2680 1763 2710 confession

972 2735 1034 2756 nem
1046 2727 1220 2762 debitamque
1237 2727 1386 2762 gratiarum
1402 2727 1535 2757 actionem
1552 2727 1684 2756 emittam.

167 2896 189 2912 ”
209 2895 332 2924 IThess.
351 2904 388 2930 tv,
406 2896 448 2923 16.
487 2896 508 2913 ⁸ο
527 2896 610 2926 Hebr.
627 2906 690 2931 vni,
709 2897 734 2931 ‘l,
755 2897 782 2925 2.
821 2898 840 2914 "
860 2898 925 2926 ibid.
943 2898 969 2925 5.
1010 2900 1031 2914 υ
1054 2897 1134 2926 Hebr.
1152 2904 1191 2934 ix,
1212 2895 1255 2931 ll,
1276 2895 1318 2924 l2.
1358 2896 1378 2912 ⁵³
1403 2895 1458 2925 Luc
1487 2903 1516 2923 ι·
1557 2924 1563 2930 ,
