2056 3214
297 172 332 200 75
613 169 758 207 IEUSEBll
771 167 1016 198 CESARIENSIS
1034 165 1109 195 OPP.
1126 165 1215 194 PARS
1233 165 1278 194 lll.
1294 181 1329 187 --
1344 165 1548 194 EXEGETICA.
1843 164 1895 191 576

317 230 380 258 Haec
394 230 502 266 quidem
514 229 571 265 iam
587 232 740 257 memorata
752 228 780 256 in
803 236 850 264 spe
864 228 932 255 mihi
944 226 1062 263 reposita

1149 226 1191 253 Τὰ
1207 226 1256 262 μὲν
1266 226 1294 252 ὲν
1308 225 1412 252 ὲλπισιν
1419 222 1588 260 ἀποκείμενά
1600 231 1644 258 μοι
1656 220 1730 248 ταῦτ’
1739 221 1795 248 ἐστι
1806 221 1840 248 τὰ
1853 222 1896 247 λε-

279 281 354 306 sunt.
371 277 423 304 Sed
437 277 569 304 hactenus
581 276 675 303 multis
686 283 730 303 me
750 274 992 305 conturbantibus,
1008 280 1062 300 non

279 323 320 350 sic
333 326 423 349 tamen
435 324 589 349 commotus
603 328 664 348 sum
677 324 708 348 ut
726 319 880 348 exciderem
893 339 900 352 ,
921 322 948 346 et
974 318 1064 345 mani—

281 368 348 396 l'esta
364 376 409 396 res
421 367 650 396 conturbantibus
665 367 803 395 evaderet.
818 366 871 399 At,
890 364 1065 401 quemadmo-

280 414 343 440 dum
357 414 496 449 superius,
509 412 591 448 effudi
607 413 634 440 in
653 421 694 440 me
705 414 822 440 animum
839 420 940 443 nicum;
965 419 1064 438 secun-

279 460 344 487 dum
359 467 424 487 vero
439 459 649 496 Symmachum,
665 460 694 486 in
711 467 761 491 me.
779 458 879 494 inquit,
898 459 987 484 anima
1006 465 1064 484 mea

281 504 392 539 lique/it,
414 503 518 540 quando
538 504 662 531 recordor
675 504 724 536 tui,
739 512 757 530 α
772 507 842 530 terra
865 502 1009 535 Iordanis,
1040 508 1064 530 et

281 551 313 576 ab
330 549 505 583 Hermoniim,
520 555 607 578 monte
634 551 752 578 minimo.
769 549 886 585 Abyssus
904 548 998 584 abysso
1019 557 1065 576 oc-

281 596 362 623 currit
378 605 394 623 ιι
407 597 496 623 sonitu
514 597 706 632 scaturiginum
733 601 849 624 tuorum.
871 595 966 623 lsthtec
984 603 1065 631 porro

282 642 333 668 hoc
348 642 414 668 mihi
430 641 556 669 videntur
577 649 659 672 sensu
683 641 860 677 accipienda:
882 642 948 670 Post
964 642 1065 678 Moysis

282 689 396 713 mortem
408 694 470 713 cum
479 685 559 714 Jesus
568 687 697 721 populum
714 687 742 714 in
758 690 858 714 terram
875 687 1066 722 promissionis

283 732 487 766 introduxisset,
504 732 659 761 sacerdotes
677 741 769 760 arcam
787 733 908 761 humeris
929 738 1066 769 gestantes

283 779 311 806 in
323 777 466 806 Jordanem
487 779 601 814 ingressi
618 783 693 807 sunt.
713 779 842 809 Iordanis
856 785 957 813 autem,
975 785 1004 808 ut
1029 782 1067 809 ait

283 824 425 860 Scriptum
439 823 473 860 ⁸⁸,
483 824 631 859 replebatur
646 825 752 853 omnino
763 826 789 852 in
805 827 864 860 ripa
878 835 939 859 sua,
953 828 1028 861 quasi
1040 828 1067 854 in

283 869 372 896 diebus
385 870 476 896 messis
489 870 624 904 frumenti.
650 869 685 896 Et
711 875 839 897 steterunt
863 879 968 898 sursum
992 879 1068 906 aqua:

282 914 461 942 descendentes
484 916 647 943 concretione
668 924 731 943 una.
758 916 824 956 Quo:
845 922 933 944 autem
957 918 1068 952 inferius

282 959 390 994 ﬂuebat,
401 961 534 988 descendit
548 962 576 988 in
591 969 663 989 mare
680 962 792 989 salsum.
807 962 844 991 Et
857 971 945 990 omnes
957 964 1008 998 ﬁlii
1025 963 1068 991 Is-

282 1006 337 1033 ne!
351 1007 514 1034 transierunt
536 1015 582 1041 per
599 1007 696 1035 siccum
714 1007 742 1034 in
760 1007 844 1035 medio
862 1007 1005 1040 Jordunis,
1029 1009 1069 1036 in-

283 1051 382 1079 feriore
397 1051 475 1079 alveo
489 1051 518 1079 in
534 1059 609 1079 mare
628 1052 731 1080 salsum
754 1052 905 1087 deﬂuente;
928 1054 1069 1088 superiore

283 1100 373 1124 autem
389 1096 551 1126 mirabiliter
571 1097 716 1132 divinaque
729 1098 830 1126 virtute
853 1098 974 1126 cohibito
988 1103 1070 1135 atque

283 1147 357 1170 retro
373 1141 484 1170 ﬂuente.
500 1142 533 1169 Et
544 1150 608 1170 vero
620 1141 710 1171 ﬂuxus
722 1143 761 1171 illi
771 1143 898 1172 Iordanis
913 1145 1069 1180 superiores

284 1196 317 1216 ex
331 1193 407 1224 parte
422 1188 546 1220 fontium.
560 1195 623 1216 cum
641 1189 742 1216 exitum
757 1197 812 1217 non
831 1190 974 1223 haberent,
989 1191 1070 1218 attol-

284 1233 421 1267 lebantur,
439 1238 467 1262 et
480 1234 591 1262 cumulo
601 1242 655 1262 uno
669 1235 844 1270 erigebantur
866 1244 943 1271 aqua:
967 1237 1069 1264 aﬂ'atim

284 1279 472 1313 conﬂuentes,
497 1280 570 1316 quod
583 1280 674 1309 exitus
690 1285 763 1309 esset
788 1281 964 1310 interclusus.
992 1282 1070 1310 Tunc

284 1326 380 1361 utique
392 1326 509 1363 abyssus
526 1326 625 1362 abysso
638 1327 801 1355 occurrebat
815 1347 824 1359 ,
851 1329 984 1363 repressis
998 1333 1025 1356 et
1043 1330 1071 1356 in

285 1372 425 1407 fastigium
439 1373 538 1400 evectis
561 1372 650 1408 aquis.
676 1372 765 1408 Hujus
780 1373 872 1408 itaque
894 1373 1069 1409 providentia

285 1418 399 1453 gratiam
416 1422 481 1446 tunc
501 1419 602 1454 populo
623 1419 750 1447 collatam
778 1420 909 1448 memoria
927 1425 1070 1456 repetens,

285 1465 383 1494 merito
410 1465 646 1501 inpraesentiarum
661 1466 752 1493 animo
769 1466 890 1502 liqueﬂo,
909 1467 983 1503 quod
997 1468 1072 1496 nulla

286 1512 442 1546 huiusmodi
457 1511 505 1540 Dei
529 1511 700 1548 providentia
723 1513 805 1541 nobis
824 1513 1001 1541 concedatur.
1031 1513 1070 1541 llli

1116 272 1245 310 λεγμένα.
1254 271 1329 304 Τέως
1343 272 1365 299 δ’
1382 272 1428 298 ἐπὶ
1437 270 1483 297 τοῦ
1499 270 1631 305 παρόντος
1639 268 1741 295 πολλῶν
1753 277 1785 304 με
1795 276 1895 303 ταρατ-
1931 293 1936 298 ,

1115 321 1225 351 τόντων,
1243 318 1322 350 αὐτὸς
1338 318 1388 352 οὐχ
1402 317 1487 348 οὕτως
1498 315 1699 351 ἐταραττόμην,
1720 313 1757 346 ὡς
1771 314 1896 340 ἐκπεσεῖν

1117 367 1164 393 καὶ
1178 365 1302 401 φανερῶς
1318 363 1442 398 γενέσθαι
1458 363 1514 394 τοῖς
1526 362 1703 397 ταράττουσιν
1713 368 1719 375 ·
1737 359 1794 386 ἀλλ’
1803 359 1898 396 ὥςπερ

1117 411 1255 446 ἀνωτέρω,
1263 409 1366 444 ἐξὲχεα
1374 409 1419 435 ἐπ’
1429 407 1481 443 ἐμὲ
1493 407 1548 441 τὴν
1558 406 1663 442 ψυχήν
1669 415 1738 441 μου,
1747 405 1823 432 οὕτω
1847 405 1897 432 καὶ

1115 457 1243 484 ἐνταῦθα
1272 456 1346 490 πρὸς
1367 453 1496 489 ἐμαυτὸν
1520 454 1539 487 ἡ
1558 452 1643 487 ψυχή
1662 461 1721 487 μου
1738 451 1896 486 ἐταράχθη.

1115 503 1194 530 Κατὰ
1202 502 1230 529 δὲ
1243 502 1288 528 τὸν
1300 501 1458 536 Σύμμαχον,
1471 499 1530 525 Ἐπ’
1543 498 1605 533 ἐμὲ,
1616 498 1734 533 φησὶν,ἠ
1745 496 1828 532 ψυχή
1839 506 1898 532 μου

1116 549 1322 581 κατατήκεται,
1337 547 1409 574 ὅταν
1423 544 1689 581 ἀναμιμνήσκωμαί
1699 551 1756 570 σου
1772 542 1831 570 ἀπὸ
1843 542 1900 578 τῆς

1123 595 1268 630 Ἰορδάνου
1283 594 1331 621 καὶ
1347 594 1405 621 ἀπὸ
1422 591 1599 628 Ἐρμωνιεὶμ,
1613 591 1700 625 ὄρους
1709 589 1897 625 μικροτάτου.

1118 643 1266 674 Ἀὅυσσος
1281 641 1405 673 ἀϐύσσῳ
1426 637 1544 671 ἀπαντᾷ
1566 636 1625 664 ἀπὸ
1643 636 1719 670 ἤχου
1739 635 1797 662 τῶν
1814 643 1901 669 κρου-

1117 688 1178 715 νῶν
1193 695 1261 714 σου.
1271 688 1348 713 Δοκεῖ
1364 686 1390 712 δέ
1411 694 1454 721 μοι
1465 686 1481 719 ἡ
1498 683 1551 710 τῶν
1561 682 1712 719 εἰρημένων
1725 681 1828 708 διάνοια.
1839 680 1902 707 τοῦ-

1117 745 1162 762 τον
1183 735 1254 770 ἔχειν
1271 735 1315 761 τὸν
1338 733 1418 760 νοῦν·
1445 733 1521 760 Μετὰ
1541 731 1589 766 τὴν
1605 730 1743 761 Μωῦσέως
1762 728 1900 765 τελευτὴν,

1124 782 1212 817 Ἰησοῦ
1230 781 1273 808 τὸν
1288 780 1350 807 λαὸν
1365 781 1404 811 εἰς
1419 779 1467 815 τὴν
1485 779 1536 814 γῆν
1550 778 1597 813 τῆς
1608 775 1772 810 ἐπαγγελίας
1789 776 1902 809 εἰσαγα-

1118 827 1221 861 γόντος,
1234 826 1271 857 ὡς
1285 826 1308 851 οἱ
1324 825 1405 860 ἱερεῖς
1421 823 1557 857 ἐπέϐησαν
1571 821 1610 856 τῷ
1628 819 1745 855 Ἰορδάνῃ
1759 818 1808 854 τὴν
1819 817 1902 845 κιϐω-

1118 873 1163 900 τὸν
1182 873 1224 899 ἐπ’
1239 871 1320 907 ῶμων
1339 870 1476 906 φέροντες.
1493 869 1522 895 '0
1538 868 1565 894 ae
1585 866 1727 902 Ἰορδάνης,
1744 864 1782 896 ὥς
1792 871 1872 898 φησιν
1885 863 1902 898 ἡ

1118 919 1224 956 Γραφὴ.
1237 917 1405 952 ἐπληροῦτο
1428 916 1556 942 καθόλου
1578 913 1634 947 τὴν
1648 911 1777 946 κρηπῖδα
1798 909 1901 956 αυτοῦ,

1118 954 1188 992 ὡσεὶ
1200 963 1305 999 ἡμέραι
1321 961 1460 996 θερισμοῦ
1476 959 1588 994 πυρῶν.
1600 957 1655 985 Καὶ
1671 957 1745 990 ἔστη
1761 956 1796 982 τὰ
1810 954 1905 982 ὕδατα

1119 1011 1334 1039 καταϐαίνοντα
1347 1008 1460 1035 ἄνωθεν
1470 1006 1572 1040 πῆγμα
1584 1004 1627 1032 ἓν.
1637 1003 1671 1030 Τὸ
1683 1002 1716 1029 δὲ
1727 1001 1905 1029 καταϐαῖνον

1120 1057 1227 1090 κατέϐη
1241 1057 1284 1088 εἰς
1302 1054 1360 1088 τὴν
1374 1053 1533 1081 θάλασσαν
1548 1050 1608 1077 τῶν
1622 1049 1713 1076 ἀλῶν.
1726 1047 1781 1074 Καὶ
1795 1046 1905 1078 πάντες

1120 1105 1146 1130 οἱ
1156 1103 1212 1129 ιιιοὶ
1233 1100 1352 1135 Ἰσραὴλ
1367 1099 1512 1132 διέϐησαν
1529 1097 1578 1123 διὰ
1593 1095 1688 1130 ξηρᾶς
1703 1095 1738 1121 ἐν
1755 1094 1837 1130 μέσῳ
1851 1093 1905 1120 τοῦ

1127 1148 1284 1182 Ἰορδάνου,
1299 1146 1346 1173 τοῦ
1364 1145 1413 1181 μὲν
1428 1144 1504 1170 κάτω
1527 1142 1676 1178 φερομένου
1698 1140 1831 1176 ῥεύματος
1850 1148 1905 1174 χω-

1123 1196 1230 1231 ροῦντος
1244 1195 1282 1226 εἰς
1296 1193 1344 1228 τὴν
1357 1192 1494 1218 θάλασσαν
1509 1189 1558 1225 τὴν
1571 1189 1672 1224 ἁλυκήν
1681 1196 1688 1202 ·
1704 1187 1750 1213 τοῦ
1763 1186 1791 1213 δὲ
1803 1185 1906 1213 ἄνωθεν

1121 1241 1259 1272 κατιόντος
1278 1238 1435 1275 παραδόξως
1458 1236 1524 1263 Θεοῦ
1550 1235 1662 1270 δυνάμει
1678 1231 1906 1268 ἀναστελλομένου

1122 1288 1168 1315 καὶ
1185 1289 1224 1319 εἰς
1240 1285 1359 1312 τούπίσω
1376 1283 1536 1319 χωροῦντος.
1550 1281 1605 1308 Καὶ
1620 1280 1651 1316 δὴ
1664 1280 1698 1306 τὰ
1715 1280 1768 1307 ἀπὸ
1783 1278 1837 1305 τῶν
1853 1286 1906 1314 πη-

1121 1335 1177 1369 γῶν
1193 1333 1294 1361 ἄνωθεν
1311 1330 1481 1367 προχεόμενα
1502 1328 1548 1355 τοῦ
1571 1327 1703 1363 Ἰορδάνου
1720 1325 1852 1361 ῥεύματα,
1869 1324 1906 1361 μὴ

1122 1381 1217 1416 ἔχοντα
1231 1377 1362 1410 διέξοδον,
1381 1375 1543 1411 ὲκυρτοῦτο,
1563 1374 1610 1400 καὶ
1635 1372 1720 1408 σωρὸς
1742 1369 1782 1416 εἷς
1800 1371 1907 1406 ἐγένετο

1122 1423 1309 1460 ἐπαιρομένων
1325 1421 1385 1448 κατ’
1400 1420 1520 1455 ἀλλήλων
1536 1418 1589 1445 τῶν
1603 1417 1715 1448 ὑδάτων,
1730 1415 1772 1442 διὰ
1788 1416 1819 1442 τὸ
1839 1416 1907 1442 ἀπο-

1122 1469 1277 1498 κεκλεῖσθαι
1304 1469 1394 1499 αὑτοῖς
1419 1466 1469 1501 τὴν
1494 1465 1619 1499 διέξοδον.
1644 1464 1710 1490 Τότε
1733 1463 1765 1500 δὴ
1792 1463 1908 1494 ἇὸυσσος

1122 1517 1232 1552 ἀϐύσσῳ
1255 1516 1378 1550 ἀπήντα,
1406 1511 1637 1547 ἀναστελλομένων
1655 1511 1709 1537 τῶν
1733 1510 1837 1537 ὑδάτων
1861 1509 1909 1535 καὶ

285 1566 404 1594 namque
418 1558 580 1587 mirabiliter
599 1558 745 1586 Jordanem
763 1560 943 1593 transierunt,
955 1565 983 1588 et
995 1568 1069 1589 mon-

1123 1562 1344 1599 κορυφουμένων.
1370 1559 1524 1586 Ἀναπολῶν
1547 1556 1594 1584 οὖν
1615 1558 1648 1592 τῇ
1667 1557 1761 1593 μνήμῃ
1783 1555 1834 1591 τῆς
1847 1555 1908 1582 τότε

285 1610 340 1632 tem
357 1604 409 1639 ipsi
421 1605 540 1633 vicinum
555 1604 721 1633 Hermoniim
740 1610 928 1641 nuncupatum
939 1627 946 1640 ,
962 1607 1009 1642 qui
1024 1608 1072 1635 mi-

286 1651 378 1678 nimus
387 1651 505 1678 exsistit.
520 1651 585 1679 Mihi
597 1660 673 1686 vero,
687 1653 734 1688 qui
747 1653 806 1680 hac
816 1652 924 1688 loquor,
939 1653 1008 1680 nihil
1022 1654 1073 1681 hu-

285 1697 406 1731 jusmodi
418 1705 581 1725 concessum
597 1701 654 1732 est,
671 1699 716 1726 sed
740 1699 830 1727 omnia
852 1699 956 1727 excelsa
979 1704 1026 1726 tua
1048 1704 1073 1726 et

290 1742 385 1770 ﬂuctus
411 1742 450 1770 tui
472 1751 552 1777 super
572 1752 612 1771 me
642 1745 824 1776 transierunt;
848 1749 898 1772 aut
921 1745 1072 1773 secundum

288 1787 581 1824 Symmachuummnes
595 1791 718 1824 procella:
733 1796 785 1818 tua:
799 1797 824 1818 et
836 1791 983 1826 ﬂuctustut‘
996 1800 1074 1827 super

287 1844 328 1863 me
347 1836 518 1864 transierunt.
540 1836 605 1864 .lure
619 1844 683 1872 ergo
698 1837 732 1863 ad
753 1838 879 1872 meipsum
899 1838 991 1866 anima
1015 1847 1073 1866 mea

287 1882 443 1910 conturbata
469 1887 530 1915 est;
549 1885 606 1915 aut'.
631 1884 658 1911 in
689 1892 730 1911 me
756 1885 847 1912 anima
873 1893 932 1912 mea
957 1884 1072 1920 lique/it,

288 1938 346 1958 cum
358 1930 481 1957 recordor
496 1931 534 1957 tui
548 1930 579 1957 de
594 1935 664 1958 terra
673 1929 812 1965 Iordanis,
825 1931 975 1960 secundum
994 1932 1074 1967 Sym-

287 1976 425 2008 machum,
438 1975 507 2004 etab
529 1976 694 2005 llermoniim
715 1982 803 2005 monte
830 1979 950 2006 minimo.
982 1978 1013 2006 in
1032 1979 1073 2007 his

287 2022 387 2057 quippe
398 2022 466 2051 locis
479 2023 544 2051 olim
560 2023 671 2060 abyssus
684 2025 779 2060 abysso
792 2025 944 2053 occurrebat
957 2034 973 2053 α
986 2027 1074 2054 sonitu

287 2070 477 2104 acaturiginum
491 2074 641 2102 tuurum.et
654 2079 723 2106 aqua
738 2072 857 2099 cohibita
872 2077 924 2106 est,
934 2081 968 2100 ne
982 2073 1016 2101 iis
1027 2074 1074 2108 qui

287 2115 433 2143 Iordanem
448 2116 601 2144 transibant
616 2117 769 2145 molestiam
784 2117 901 2145 aﬂerret.
915 2118 998 2154 Atqui
1008 2123 1073 2146 tunc

288 2162 398 2196 quidem
411 2162 469 2189 haec
485 2161 644 2189 acciderunt
656 2171 704 2198 per
722 2164 921 2198 providentiam
935 2164 1010 2200 ipsos
1025 2173 1074 2194 cu-

287 2213 407 2241 rantem;
424 2212 452 2235 at
468 2216 541 2236 nunc
557 2217 644 2236 omnes
667 2210 790 2244 procella
811 2215 863 2239 tuo:
879 2216 904 2238 et
921 2211 1018 2245 ﬂuctus
1035 2214 1074 2240 tui

288 2262 365 2288 super
378 2262 419 2282 me
435 2255 608 2288 transierunt,
620 2255 767 2284 obruentes
776 2263 808 2284 ac
820 2257 1008 2292 demergentes
1019 2267 1071 2292 me,

287 2301 396 2329 nemine
415 2299 570 2328 cohibente.
587 2300 723 2329 Caeterum
737 2301 795 2330 haec
816 2303 879 2337 jure
892 2304 957 2332 dicit
971 2305 1072 2334 chorus

287 2346 405 2375 ﬁliorum
418 2345 498 2377 Core,
514 2345 672 2381 prophetice
685 2351 849 2382 postremam
859 2348 1014 2377 Judaaorum
1028 2351 1073 2378 ab-

285 2392 431 2427 jectionem
447 2392 552 2427 lugens.
565 2393 644 2427 cujus
652 2393 822 2421 calamitates
831 2394 857 2421 in
870 2402 900 2422 sc
913 2395 1069 2431 recipiebat.

1123 1610 1270 1646 γενομένης
1279 1607 1317 1643 τῷ
1333 1606 1390 1642 λαῷ
1405 1605 1556 1640 ἐπισκοπῆς
1570 1604 1618 1640 τὴν
1633 1603 1723 1639 χάριν,
1739 1601 1851 1633 εἰκότως
1863 1601 1909 1628 ἐπὶ

1122 1657 1170 1683 τοῦ
1200 1655 1332 1691 παρόντος
1356 1653 1404 1688 τὴν
1432 1651 1520 1687 ψυχὴν
1547 1650 1752 1685 κατατήκομαι,
1776 1647 1910 1684 μηδεμιᾶς

1123 1702 1250 1737 τοιαύτης
1265 1700 1311 1727 καὶ
1327 1699 1369 1733 ἐφ’
1383 1698 1461 1734 ἡμῶν
1471 1697 1635 1732 γιγνομένης
1646 1694 1714 1721 Θεοῦ
1729 1694 1866 1730 προνοίας.
1877 1694 1908 1720 οι

1126 1750 1174 1784 μὲν
1189 1747 1242 1782 γὰρ
1256 1745 1411 1781 παραδόξως
1421 1744 1466 1771 τὸν
1483 1743 1616 1778 Ἰορδάνην
1627 1741 1731 1777 διῆλθον
1747 1740 1836 1768 καὶῖτὸ
1848 1740 1910 1777 ὅρος

1123 1795 1153 1821 τὸ
1170 1793 1237 1828 πρὸς
1255 1792 1330 1824 αὐτὸ,
1347 1790 1513 1826 Ἐρμωνιεὶμ
1526 1787 1734 1823 ὀνομαζόμενον,
1748 1786 1910 1822 μικρότατον

1124 1840 1271 1875 τυγχάνον·
1286 1839 1328 1864 ἐπ’
1346 1836 1413 1872 ἐμοῦ
1433 1836 1460 1862 δὲ
1474 1835 1520 1861 τοῦ
1542 1833 1627 1861 ταῦτα
1652 1833 1776 1867 λέγοντος
1792 1830 1911 1858 τοιοῦτον

1126 1888 1174 1922 μὲν
1190 1886 1266 1913 οὐδὲν
1286 1885 1459 1920 πέπρακται·
1485 1877 1600 1913 Πάντες
1617 1879 1650 1906 δὲ
1670 1881 1697 1906 οι
1717 1877 1912 1913 μετεωρισμοί

1124 1942 1181 1961 σου
1198 1933 1246 1959 καὶ
1263 1931 1299 1958 τὰ
1313 1929 1429 1965 κύματὰ
1442 1936 1499 1955 σου
1521 1927 1566 1954 ἐπ’
1583 1926 1635 1961 ἐμὲ
1653 1924 1791 1958 διῆλθονο
1806 1923 1824 1959 ἢ
1841 1922 1911 1950 κατὰ

1123 1980 1169 2006 τὸν
1191 1978 1354 2014 Σύμμαχον·
1370 1975 1469 2003 Πᾶσαι
1493 1975 1523 2001 αὶ
1536 1971 1703 2007 καταιτίδες
1721 1978 1779 1997 σου
1804 1969 1854 1996 καὶ
1876 1969 1912 2014 τὰ

1124 2013 1240 2061 κύματά
1256 2033 1315 2051 σου
1336 2021 1436 2050 ἐπάνω
1461 2029 1520 2056 μου
1536 2018 1702 2053 παρῆλθον.
1724 2016 1844 2047 Εἰκότως
1865 2013 1912 2041 οὖν

1124 2059 1198 2107 πρὸς
1217 2070 1346 2106 ἐμαυτὸν
1369 2069 1389 2102 ’ἡ
1402 2066 1487 2102 ψυχή
1499 2074 1557 2100 μου
1570 2063 1716 2098 ἐταράχθη
1726 2072 1732 2078 ·
1748 2062 1776 2098 ἢ.
1792 2061 1851 2088 Ἐπ’
1860 2059 1913 2096 ἐμὲ

1125 2121 1143 2153 ἡ
1157 2117 1241 2153 ψυχή
1255 2125 1314 2151 μου
1331 2113 1542 2146 κατατήκετίιι,
1557 2111 1629 2138 ὅταν
1647 2107 1913 2144 ἀναμιμνήσκωμαι

1124 2176 1182 2193 σου
1197 2165 1256 2192 ἀπὸ
1275 2163 1330 2198 γῆς
1347 2160 1504 2196 Ἰορδάνου,
1525 2159 1595 2185 κατὰ
1618 2157 1663 2183 τὸν
1679 2156 1843 2191 Σύμμαχον,
1863 2153 1911 2181 καὶ

1125 2213 1184 2241 ἀπὸ
1205 2209 1374 2246 Ἑρμωνιεὶμ
1385 2228 1392 2240 ,
1408 2208 1495 2241 ὄρους
1506 2203 1694 2241 μικροτάτου.
1715 2201 1760 2229 Ἐν
1778 2201 1832 2236 γὰρ
1850 2200 1912 2227 τού-

1125 2267 1182 2290 τοις
1206 2245 1262 2288 τοῖς
1291 2255 1400 2290 χωρίοις
1423 2251 1506 2278 πάλαι
1529 2249 1593 2276 ποτὲ
1627 2247 1762 2280 ἄϐυσσος
1790 2245 1914 2290 ἀϐύσσῳ

1126 2289 1245 2336 ἀπήντα
1268 2289 1325 2327 uno
1343 2297 1420 2332 ἤχου
1440 2296 1499 2322 τῶν
1520 2292 1656 2328 κρουνῶν
1674 2300 1742 2324 σου,
1755 2289 1914 2336 ἀναστελλο-

1129 2334 1208 2385 μένου
1241 2346 1288 2372 τοῦ
1324 2343 1419 2374 ὓδατος
1443 2343 1482 2373 εἰς
1507 2340 1538 2366 τὺ
1564 2339 1601 2375 μὴ
1623 2338 1760 2385 διοχλῆσαι
1785 2335 1847 2385 τοὺς
1868 2334 1914 2385 τρν

1133 2379 1268 2430 Ἰορδάνην
1283 2389 1440 2426 παριόντας.
1461 2385 1540 2413 Ἀλλὰ
1553 2385 1613 2411 τότε
1636 2384 1684 2420 μὲν
1701 2382 1790 2430 ταῦτα
1805 2380 1850 2409 διὰ
1865 2379 1915 2415 τὴν

287 2439 487 2466 ἐπισκοποῦσαν
500 2438 563 2471 τοὺς
577 2439 637 2466 τότε
667 2440 814 2476 πρόνοιαν·
827 2441 884 2468 νυνὶ
907 2442 935 2469 δὲ
956 2443 1050 2471 πᾶσαι
1069 2447 1098 2473 al
1118 2441 1285 2477 καταιγίδες
1305 2447 1364 2465 σου
1383 2435 1433 2464 καὶ
1458 2434 1494 2461 τὰ
1518 2431 1633 2467 κύματά
1655 2439 1713 2458 σου
1734 2429 1834 2477 ἐπᾲνῳ
1854 2435 1915 2477 Iw?

286 2483 457 2519 παρῆλθον,
479 2485 683 2519 κατακλύζοντά
710 2495 743 2522 με
766 2487 814 2514 καὶ
839 2488 1076 2524 καταποντοῦντα,
1098 2489 1211 2527 μηδενὸς
1238 2483 1456 2513 ἀναστέλλοντος,
1482 2478 1613 2531 (ferinae.
1651 2476 1739 2531 ταὶιτσ.
1763 2475 1916 2531 εἰκότωςΛὸ

287 2530 365 2566 γοοὸς
390 2531 444 2558 τῶν
469 2532 534 2559 υἱῶν
558 2532 640 2568 Κορὲ,
666 2533 842 2569 προφητικῶς
862 2521 1074 2570 ἁποκλαιόμενοι
1172 2533 1289 2569 ἐσχάτην
1307 2528 1441 2564 ἀποϐολὴν
1455 2526 1502 2555 τοῦ
1518 2524 1652 2552 Ἰουδαίων
1668 2523 1760 2555 ἔθνους
1776 2521 1817 2555 οὗ,
1840 2521 1915 2557 πάθη

287 2578 326 2609 εἰς
337 2577 433 2604 ἑαυτὸν
447 2578 641 2614 ἀνελάμὸανεν.

322 2634 406 2662 Vsus.
423 2635 450 2667 9.
467 2636 511 2663 10.
523 2635 556 2663 In
572 2637 614 2665 die
626 2638 764 2666 mandubit
781 2639 907 2667 Dominus
923 2642 1073 2669 misericor-

287 2682 360 2711 diam
373 2690 461 2713 suam,
478 2687 503 2709 et
511 2687 585 2710 nocte
599 2685 730 2712 canticum
745 2685 813 2720 ejus.
830 2685 953 2718 Etiamsi,
971 2688 1072 2722 inquit,

288 2735 383 2754 omnes
401 2727 529 2762 procellae
538 2732 591 2756 tute
601 2733 628 2757 et
639 2729 738 2758 ﬂuctus
753 2731 792 2758 tui
804 2738 886 2766 super
899 2739 943 2759 me
969 2732 1072 2759 transi-

291 2774 381 2807 crint;
398 2778 426 2801 at
452 2774 521 2802 bene
543 2775 606 2802 novi
635 2780 662 2803 et
683 2784 843 2812 persuasum
858 2778 938 2812 plane
965 2777 1072 2810 habeo,

290 2820 394 2849 nullum
422 2823 531 2855 tempus
561 2828 622 2848 esse
644 2830 698 2857 quo
719 2830 776 2850 non
803 2822 975 2851 miserearis:
996 2830 1059 2851 nam

326 2903 348 2921 ’⁵³
367 2903 449 2932 .losue
468 2911 516 2938 ιιι,
535 2904 577 2938 l5,
599 2903 640 2932 l6.

1167 2637 1289 2673 Ἡμέρας
1303 2632 1465 2662 ἐντελεῖται
1476 2631 1582 2665 Κύριος
1599 2629 1630 2656 τὸ
1645 2628 1731 2660 ἕλεος
1743 2626 1848 2659 αὑτοῦ,
1869 2625 1918 2653 καί

1124 2675 1235 2716 νυκτὸς
1253 2681 1311 2715 τὴν
1326 2679 1408 2714 ᾠδὴν
1434 2676 1537 2705 αὑτοῦ.
1565 2676 1596 2702 Εἰ
1619 2675 1667 2701 καὶ⁹
1692 2674 1795 2704 πᾶσαι,
1816 2673 1919 2708 φησιν,

1125 2732 1153 2757 αἱ
1177 2727 1335 2762 καταιγίδες
1352 2734 1400 2752 σου
1426 2723 1474 2751 καὶ⁵
1494 2723 1529 2750 τὰ
1548 2721 1657 2757 κύματά
1678 2729 1724 2747 σου
1747 2719 1840 2747 suum
1868 2727 1919 2754 μου

1126 2775 1276 2812 παρῆλθον,
1293 2772 1351 2800 ἀλλ’
1368 2769 1398 2798 εὖ
1414 2769 1472 2798 οἶδα
1487 2769 1533 2797 καὶ
1549 2768 1699 2803 πέπεισμαι
1726 2764 1857 2812 άκρισικ,
1878 2765 1920 2791 ὅτι

1125 2809 1176 2852 οὐκ
1193 2809 1249 2848 ἔστι
1266 2818 1360 2857 καιρὸς
1374 2819 1403 2844 ὲν
1419 2813 1440 2851 ᾧ
1456 2816 1506 2843 οὐκ
1519 2814 1611 2846 ἐλεεῖς·
1627 2811 1699 2846 Θεὸς
1715 2811 1769 2850 γὰρ
1780 2809 1920 2845 ἐλεήμων
