2056 3214
178 167 232 195 577

740 165 989 195 οοιιιιιιΝτΑιιιΑ
1007 166 1040 194 ιιι
1058 165 1226 194 PSALMOS.
1267 140 1311 187 Ψ

1331 124 1391 147 κν

1737 167 1792 195 378

178 221 216 256 εἶ,
230 223 281 251 ναὶ
296 223 347 251 καὶ
360 225 515 261 οἰκτίρμων
528 227 576 254 καὶ
590 227 790 262 μακρόθυμος.
819 227 863 254 Διὺ
877 226 962 262 ιμαυ-

1017 225 1099 258 Deus,
1112 226 1261 252 misericors
1278 233 1315 257 es,
1327 233 1358 252 ac
1379 225 1460 252 etiam
1481 227 1621 253 miseratur
1633 229 1658 252 et
1670 225 1793 260 longani-

175 268 221 295 τὸν
246 266 405 304 θιραπεύων
429 271 542 305 ἀγαθαῖς
571 271 689 304 ὲλπισιν,
717 270 809 303 εἰδὼς,
828 270 869 296 ὅτι
892 272 962 297 καθε

179 313 292 347 ημέραν
314 314 347 340 τὸ
370 315 456 348 ἕλεος
478 316 569 342 αὐτοῦ
589 316 749 343 ἐντελεῖται
774 318 790 343 ό
813 316 893 349 Θεὸς,
913 316 962 348 τὰς

179 359 280 391 νύκτας
295 361 329 395 τῇ
346 359 402 395 ᾠδῇ
415 361 497 387 αὐτοῦ
518 361 654 397 σχολάζων
669 362 793 389 διατελῶ.
806 362 872 390 Μεθ’
892 362 962 397 ἡμέ-

181 415 229 442 ραν
250 407 300 442 μὲν
316 407 370 442 γὰρ
389 407 438 439 τὰς
454 408 507 434 τῶν
529 408 678 444 ἀνθρώπων
699 409 768 444 ὀρῶν
784 408 896 444 πράξεις
916 410 962 435 καὶ

179 452 228 485 τὰς
256 453 407 486 κυκλούσας
423 455 497 490 ἡμᾶς
518 455 674 491 συμφορὰς,
700 455 762 487 τούς
778 464 807 481 τε
834 464 963 490 μετεωρι-

179 499 265 534 σμούς
281 508 329 526 σου
349 500 396 526 καὶ
419 500 453 527 τὰ
467 500 577 536 κύματά
602 510 659 533 σου,
682 501 749 537 πρὸς
766 501 881 537 ἐμαυτὸν
895 502 962 527 ἀπο-

178 545 296 582 δύρομαι
306 555 312 561 ·
324 547 378 574 τῶν
389 547 417 573 δὲ
426 547 460 573 δι’
471 547 576 583 ἡμέρας
591 557 624 583 με
637 548 819 584 θορυϐούντων
830 549 961 584 σχολάσας

178 591 222 618 διὰ
234 592 283 627 τῆς
296 593 401 624 νυκτὸς,
413 593 642 629 ἀναπεμπάζομαι
657 595 691 621 τὰ
707 595 767 629 ὲλὲη
784 595 829 621 τοῦ
841 595 942 631 Κυρίου
952 604 959 610 ·

179 638 450 673 ἀναμιμνησκόμενός
474 648 504 666 τε
527 641 600 671 ὅπως
627 640 685 667 καθ’
710 641 814 676 ἡμέραν
837 641 867 667 τὸ
889 641 961 673 ἕλεος

179 682 260 709 αὑτοῦ
275 684 434 716 ἐντέλλεται,
451 685 560 720 ᾄσματα
576 685 648 720 αὐτῷ
661 686 706 712 καὶ
720 686 790 720 ᾠδὰς
809 687 961 722 ἀναπέμπω

179 729 276 765 σχολὴν
305 729 378 764 ἄγων
402 730 451 762 τὰς
478 731 586 763 νύκτας.
616 733 661 758 Διὸ
692 733 723 767 δὴ
749 732 795 758 καὶ
821 732 958 759 λέλεκτκέ·

178 776 233 802 Καὶ
252 776 363 809 νυκτὸς
379 776 440 811 ᾠδή
465 778 557 805 αὑτοῦ
581 780 648 812 παρ’
669 779 734 813 ἐμοί
741 788 747 793 ⁸
769 779 838 805 κατὰ
861 779 888 805 δὲ
916 779 960 805 τὸν

184 821 314 848 ’Δκύλανι
328 822 381 849 Καὶ
398 823 433 849 ἐν
448 824 532 850 νυκτὶ
548 821 629 859 ᾆσμα
643 824 735 851 αὑτοῦ
746 825 808 859 μετ’
824 824 907 858 ἐμοῦ.
922 825 959 850 Οὐ

180 867 258 901 μόνον
272 868 301 894 δὲ
321 867 410 899 τοῦτο,
432 869 500 895 ἀλλὰ
524 870 570 896 καὶ
591 870 745 904 προσευχὴ
762 869 801 902 τῷ
828 869 887 902 Θεῷ
906 869 960 903 τῆς

1014 274 1064 301 mis
1075 274 1108 300 “.
1125 272 1215 306 Quare
1230 280 1273 300 me
1288 273 1359 300 bona
1369 280 1419 307 spe
1433 271 1559 305 fulciens,
1576 279 1681 308 gnarus
1701 272 1792 304 illius.

1013 320 1040 346 in
1060 319 1102 346 die
1123 318 1258 346 mandabit
1279 318 1349 345 Deus
1372 318 1580 345 misericordiam
1600 327 1693 351 suam,
1713 323 1794 345 nocte

1013 364 1128 392 canticis
1146 365 1206 399 ejus
1221 363 1331 391 assidue
1346 363 1482 390 incumbe.
1500 362 1639 397 Siquidem
1659 370 1721 390 cum
1745 370 1794 398 per

1013 411 1084 437 diem
1101 409 1240 436 hominum
1262 416 1355 444 opera,
1373 412 1400 435 et
1416 408 1584 435 calamitates
1604 416 1654 435 nos
1672 409 1794 436 circum-

1013 456 1165 487 venientes,
1184 455 1291 482 excelsa
1309 459 1354 481 tua
1368 458 1405 481 ret
1425 453 1523 481 ﬂuctus
1542 458 1603 481 tuos
1623 462 1744 485 cernam,
1766 454 1793 480 in

1013 502 1281 537 memetipsolugeo;
1297 505 1378 528 noctu
1396 508 1461 528 vero
1483 501 1547 527 dum
1568 501 1683 527 inducite
1700 506 1762 527 sum
1778 508 1793 526 a

1012 550 1252 582 eonturhantihus,
1268 549 1473 576 misericordias
1493 547 1599 575 Domini
1627 555 1733 574 mecum
1748 554 1793 573 re-

1013 600 1095 631 puto;
1111 603 1143 623 ac
1156 595 1317 623 recordatus
1331 602 1385 629 quo
1402 598 1482 629 pacto
1495 594 1523 620 in
1547 593 1591 621 die
1608 592 1718 619 mandet
1740 592 1793 619 mi-

1013 642 1190 670 sericordiam
1209 649 1298 673 suam,
1316 648 1365 676 per
1390 641 1478 667 noctis
1501 640 1588 667 otium
1609 639 1716 666 cantica
1741 638 1793 672 ipsi

1012 688 1160 722 laudesque
1171 687 1288 722 profero.
1299 686 1484 719 Quamobrem
1500 686 1602 712 dictum
1615 690 1670 717 est,
1682 689 1706 711 et
1720 690 1794 712 nocte

1011 735 1141 761 canticum
1152 735 1207 768 ejus
1221 733 1290 767 apud
1306 741 1362 765 me;
1378 733 1528 759 secundum
1544 732 1670 767 Aquilam
1690 739 1792 765 autem,

1011 786 1034 808 et
1050 785 1122 807 nocte
1138 780 1270 807 canticum
1282 779 1338 813 ejus
1355 787 1466 805 mecum.
1481 778 1574 813 Neque
1590 778 1616 805 id
1632 779 1733 810 solum,
1745 778 1792 805 sed

1011 827 1091 854 etiam
1107 827 1193 853 oratio
1213 825 1267 852 Deo
1283 825 1342 852 vita;
1359 833 1432 852 meae.
1448 824 1514 851 Nam
1536 825 1667 860 hymnum
1684 825 1710 852 in
1727 833 1791 861 gra-

1011 872 1110 898 tiarum
1131 871 1265 898 actionem
1286 878 1365 903 cano,
1383 870 1422 897 sic
1440 870 1582 898 institutus
1602 875 1631 898 ut
1654 871 1682 897 in
1704 871 1794 898 omni-

178 910 250 945 ζωῆς
265 921 335 946 μου.
353 913 425 948 ’ᾼδω
441 914 490 949 μὲν
507 914 559 949 γὰρ
574 914 656 950 ὕμνον
675 915 880 950 εὐχαριστήριον
892 936 899 948 ,
919 915 960 942 δε-

1013 918 1061 944 hus
1076 917 1177 952 gratias
1190 924 1279 951 agam,
1294 916 1516 951 quandoquidem
1538 924 1579 943 me
1598 916 1669 944 bona
1685 916 1794 944 futuro-

177 957 318 992 δειγμένος
343 958 372 984 ὲν
399 960 478 985 παντὶ
511 960 689 994 εὐχαριστεῖν,
714 962 773 992 ταῖς
801 961 959 995 μελλούσαις

177 1003 283 1031 ἐλπίσιν
307 1007 437 1040 χρησταῖς
461 1006 576 1040 ἐμαυτὸν
597 1006 796 1042 ἀνακτώμενος.
809 1007 859 1033 Διὰ
878 1007 905 1033 δὲ
927 1008 960 1034 τὰ

176 1050 244 1082 τέως
255 1052 284 1077 ὲν
294 1050 332 1086 τῷ
347 1051 458 1086 παρόντι
477 1052 621 1087 συνέχοντά
639 1060 672 1087 με
687 1051 795 1087 λυπηρὰ
808 1053 960 1087 προσευχὴν

176 1097 329 1132 ἀναπέμπω
352 1097 391 1132 τῷ
417 1097 475 1132 Θεῷ
489 1098 538 1133 τῆς
564 1098 634 1133 ζωῆς
653 1107 719 1132 μου·
746 1097 802 1124 οἶδα
827 1098 897 1133 γὰρ,
921 1099 960 1124 ὅτι

176 1142 256 1168 αὐτὸν
269 1142 323 1177 ἔχω
333 1143 382 1176 τῆς
394 1143 512 1178 ἐμαυτοῦ
527 1142 599 1178 ζωῆς
619 1144 714 1170 αἴτιον.
742 1144 961 1179 Προσευχόμενος

176 1189 203 1215 δὲ
218 1188 292 1224 αὐτῷ
303 1198 388 1224 φημ’
409 1190 605 1224 Ἀντιλήπτωρ
618 1199 692 1225 μου’
709 1191 724 1225 ἣ
738 1191 807 1217 κατὰ
820 1190 864 1217 τὸν
884 1190 961 1217 Ἀκύ-

176 1235 225 1261 λαν
248 1235 295 1262 καὶ
311 1234 473 1270 Σύμμαχον,
498 1235 589 1269 πέτρα
608 1245 682 1270 μου·
706 1236 747 1270 ἐφ’
768 1236 800 1271 ἦν
826 1235 909 1267 ἑστὼς
930 1236 959 1261 οὐ

176 1279 412 1315 διατραπήσομαι·
438 1279 486 1306 διὰ
509 1280 536 1306 τί
556 1289 614 1314 μου
635 1280 800 1311 summu;
819 1280 889 1314 Ἐγὼ
912 1280 961 1315 μὲν

177 1326 230 1361 γάρ
248 1333 295 1352 σου
311 1325 361 1352 οὐκ
375 1326 570 1361 ἐπιλέλησμαι·
586 1326 642 1353 ἀλλ’
657 1325 715 1353 οἶδά
728 1335 774 1353 σου
788 1327 820 1352 τὰ
838 1327 900 1361 ὲλέη
915 1327 961 1353 καὶ

176 1373 239 1404 τοὺς
255 1372 430 1408 οῑκτιρμούς’
455 1370 512 1399 οἶδα
534 1373 621 1399 δὲκαὶ
642 1373 690 1404 τὰς
711 1374 892 1408 ἀποκειμένας
917 1381 961 1408 μοι

177 1418 302 1451 ὲλπίδας’
318 1419 358 1445 διὸ
374 1420 420 1446 καὶ
441 1419 490 1455 τὴν
504 1419 576 1455 ᾠδήν
597 1428 643 1446 σου
667 1421 731 1455 παρ’
750 1419 860 1455 ἐμαυτῷ
884 1420 960 1446 ἀδια-

176 1465 292 1497 λείπτως
306 1464 445 1501 ςυλάττω·
463 1465 494 1491 σὺ
511 1465 540 1491 δέ
559 1474 608 1500 μου
626 1465 771 1491 ἐπελάθου·
791 1465 834 1491 διὰ
848 1465 891 1497 ci;
907 1466 961 1500 Τὴν

178 1511 267 1538 αἰτίαν
279 1512 375 1548 ξιανεῖν
391 1511 529 1546 βούλομαι,
541 1511 574 1537 δι’
587 1512 619 1546 ἣν
634 1511 732 1542 πάντες
745 1512 768 1537 οἱ
783 1511 961 1546 μετεωρισμοί

179 1566 224 1584 σου
241 1557 338 1584 καὶτὰ
364 1557 474 1593 κύματά
498 1566 559 1590 σου,
583 1559 607 1584 οἰ
631 1558 777 1593 πειρασμοὶ
800 1557 898 1593 δηλαδὴ
915 1557 961 1583 καὶ

1011 972 1070 990 rum
1087 971 1134 998 spe
1160 962 1262 990 reﬁcio.
1275 962 1314 989 Ac
1331 966 1444 997 propter
1459 970 1506 990 eas
1523 963 1688 997 quibusjam
1708 963 1794 990 inter-

1011 1010 1097 1044 cipior
1111 1009 1419 1041 terumnas,orati0nem
1435 1008 1487 1035 Deo
1498 1008 1559 1035 vita:
1570 1016 1635 1035 mea:
1656 1009 1793 1043 persolvo:

1011 1055 1072 1081 novi
1088 1055 1160 1082 enim
1178 1055 1266 1090 ipsum
1278 1055 1406 1082 essovitae
1417 1054 1790 1082 nmmauctorem.Precando

1011 1105 1100 1127 autem
1111 1101 1151 1128 sic
1162 1109 1223 1127 eum
1233 1101 1376 1135 compello,
1387 1105 1520 1134 susceptor
1529 1108 1616 1132 meus;
1633 1101 1689 1128 sive
1698 1108 1794 1127 secun-

1011 1147 1074 1173 dum
1083 1146 1206 1181 Aquilam
1215 1145 1535 1181 et'Syinmachum,petra
1543 1155 1617 1179 mea;
1627 1147 1653 1173 in
1665 1154 1717 1182 qua
1728 1155 1794 1173 con-

1010 1192 1112 1219 sistens
1124 1199 1262 1226 nunquam
1292 1191 1444 1218 subvertar.
1464 1191 1552 1224 Quare
1567 1191 1662 1219 oblitus
1675 1201 1702 1219 es
1720 1193 1794 1220 mei?

1011 1236 1121 1264 Atenim
1132 1238 1227 1271 egotui
1235 1237 1398 1264 nonoblitus
1408 1245 1479 1270 sum,
1487 1246 1580 1264 verum
1591 1238 1793 1266 misericordias

1012 1286 1038 1309 et
1055 1282 1244 1309 miserationes
1261 1286 1321 1309 tuas
1335 1282 1409 1315 novi,
1424 1282 1543 1317 itemque
1557 1290 1631 1318 spem
1642 1283 1794 1318 mihirepo-

1012 1328 1092 1356 sitam
1108 1336 1163 1355 non
1178 1328 1274 1363 ignoro
1288 1337 1294 1355 :
1312 1336 1397 1362 quare
1411 1329 1547 1355 canticum
1564 1336 1670 1363 semper
1682 1330 1793 1356 tuumin

1011 1375 1170 1409 memetipso
1185 1373 1370 1402 custodiu.Tu
1384 1382 1448 1401 vero
1459 1375 1510 1402 mei
1522 1374 1622 1402 oblitus
1631 1383 1659 1402 es
1674 1384 1681 1402 :
1693 1376 1795 1410 quare?

1012 1419 1128 1447 Causam
1148 1419 1271 1447 ediscere
1292 1419 1421 1454 pervelim
1431 1426 1480 1446 cur
1491 1420 1582 1446 omnia
1591 1420 1700 1447 excelsa
1708 1423 1753 1446 tua
1765 1424 1793 1447 et

1012 1464 1110 1492 ﬂuctus
1128 1465 1186 1497 tui,
1208 1465 1335 1492 videlicet
1360 1465 1526 1492 tentationes
1538 1468 1564 1492 et
1584 1469 1666 1492 tantae
1685 1465 1794 1492 calami-

1012 1514 1092 1542 tates,
1110 1514 1135 1538 te
1150 1511 1333 1545 permittente,
1352 1514 1433 1544 Super
1452 1518 1495 1537 me
1514 1510 1681 1537 transierint.
1698 1510 1792 1546 Magna

1013 1556 1146 1591 profecto,
1161 1556 1232 1591 quod
1242 1556 1343 1583 oblitus
1356 1556 1395 1583 sis
1406 1556 1470 1587 mei,
1482 1563 1563 1583 causa
1579 1556 1661 1583 fuerit
1676 1561 1793 1591 oportet.

177 1604 306 1631 τοσαῦται
323 1605 494 1640 περιστάσεις
521 1606 563 1631 ἐπ’
581 1605 630 1640 ἐμὲ
651 1604 768 1639 διῆλθον,
790 1604 836 1630 σοῦ
866 1603 1077 1638 συγχωροῦντος.
1097 1603 1176 1637 Μέγα
1199 1603 1252 1639 γάρ
1266 1612 1291 1629 τι
1305 1603 1407 1637 ὀφείλει
1418 1602 1560 1637 τυγχάνειν
1586 1602 1616 1628 τὸ
1634 1602 1719 1628 αἴτιον
1745 1602 1795 1638 τῆς

179 1653 244 1687 περὶ
258 1653 324 1688 ἐμοῦ
338 1652 431 1688 λήθης.

216 1697 307 1731 Ᾱέγων
322 1698 350 1724 δὲ
364 1698 451 1726 ταῦτα
466 1699 479 1724 ὁ
496 1699 575 1734 χορὸς
593 1699 816 1735 (1)·ιτροφητικὺς,
835 1699 962 1725 ἰδιοποιεῖ-

1051 1697 1118 1725 Cum
1147 1703 1229 1731 porro
1256 1694 1283 1721 id
1311 1695 1349 1721 ait
1362 1694 1536 1730 propheticus
1559 1695 1674 1728 chorus,
1701 1695 1792 1731 populi

182 1752 236 1775 ται,
246 1744 283 1776 ὡς
295 1744 372 1780 ἔφην,
389 1744 437 1780 τὴν
445 1745 490 1771 τοῦ
501 1745 564 1771 λαοῦ
575 1745 738 1771 κατάστασιν
748 1753 755 1759 ⁸
766 1746 813 1781 τὴν
819 1745 872 1780 γὰρ
880 1745 960 1780 ἐσχά-

178 1799 229 1826 την
242 1791 375 1827 ἀποϐολὴν
391 1792 437 1818 χαὶ
454 1792 503 1827 τὴν
516 1791 672 1817 ἀπόπτωσιν
688 1791 735 1817 τοῦ
754 1792 852 1823 παντὸς
870 1791 960 1823 ἔθνους

179 1836 228 1871 τὴν
240 1837 388 1873 γενομένην
404 1838 470 1872 μετὰ
487 1837 534 1872 τὴν
546 1838 585 1869 εἰς
604 1838 648 1863 τὸν
670 1836 782 1872 Σωτῆρα
797 1837 843 1863 καὶ
861 1837 960 1872 Κύριον

179 1883 257 1918 ἡμῶν
273 1883 400 1910 ἀπιστίαν
416 1883 504 1909 αὐτῶν
524 1883 665 1918 ἐμφαίνειν
685 1892 729 1918 μοι
747 1883 790 1909 διὰ
805 1883 905 1910 τούτων
921 1883 961 1909 δο-

180 1931 231 1956 κεῖ.
246 1929 314 1955 Εἶπε
334 1929 355 1955 δ’
370 1929 403 1956 ἂν
422 1929 495 1964 αὐτῴ
510 1929 677 1964 ὲρωτήσαντι
697 1930 743 1955 καὶ
761 1930 852 1963 φάντι·
872 1929 921 1955 Διὰ
934 1930 961 1955 τί

177 1984 235 2010 μου
252 1974 416 2006 ἐπελάθου;
431 1975 460 2001 τὸ
478 1977 506 2001 ὲν
528 1975 684 2009 Εὐαγγελίῳ
708 1975 812 2009 λεχθέν·
830 1974 961 2007 Ποσάκις

179 2021 315 2055 ἠθέλησα
330 2021 561 2056 ἐπισυναγαγεῖν
574 2021 608 2047 τὰ
624 2021 713 2047 τέχνα
729 2028 798 2053 σου,
810 2020 845 2046 ὃν
852 2022 961 2054 τρόπον

179 2068 261 2103 ὄρνις
279 2068 464 2103 ὑποσυνάγει
480 2068 514 2095 τὰ
530 2068 641 2094 νοσσία
659 2067 718 2094 ὑπὸ
738 2067 790 2099 τὰς
804 2066 960 2101 πτέρυγας,

178 2115 228 2141 καὶ
252 2115 307 2142 οὐκ
329 2114 515 2147 nauticam;
537 2114 612 2140 Ἐπεὶ
634 2114 721 2139 τοίνυν
743 2113 785 2139 διὰ
807 2113 855 2148 τὴν
873 2112 961 2139 αὐτῶν

179 2159 277 2186 κακίαν
293 2159 488 2195 ὲπελήσθησαν,
503 2160 613 2190 εἰκότως
634 2160 647 2185 ό
662 2159 740 2194 χορὸς
755 2159 768 2183 ὁ
785 2157 960 2193 προφητικὸς,

179 2206 240 2232 ἐπεὶ
253 2207 375 2240 φυσικοῖς
388 2205 476 2239 λόγοις
488 2205 658 2239 πάσχοντος
667 2204 733 2236 ἑνὸς
747 2203 871 2237 μέλους,
886 2211 961 2237 συμ-

179 2251 291 2286 πάσχει
314 2251 412 2278 πάντα
423 2251 460 2278 τὰ
471 2250 549 2286 gain
562 2270 568 2282 ,
585 2251 622 2282 ὡς
656 2250 726 2285 ὑπὲρ
748 2249 846 2275 οἰκείου
870 2249 961 2281 σώμα-

179 2307 225 2331 τος
248 2298 337 2333 ἀλγῶν
364 2298 483 2332 ἐπιλέγει
510 2297 580 2324 κατὰ
607 2296 652 2322 τὸν
675 2296 837 2331 Σύμμαχον·
854 2294 915 2320 Ἵνα
934 2294 961 2320 τι

179 2344 357 2379 σκυθρωπὸς
383 2343 549 2378 περιπατῶ,
577 2343 731 2374 θλίϐοντος
757 2341 881 2375 ἐ·χθροῦ;
911 2340 961 2366 καὶ

1015 1748 1127 1775 statum,
1141 1743 1179 1769 uti
1191 1742 1257 1774 dixi,
1274 1741 1352 1776 quasi
1370 1741 1510 1776 proprium
1526 1741 1578 1769 sibi
1597 1742 1721 1774 ascribit,
1738 1742 1796 1770 his-

1015 1798 1066 1824 que
1090 1792 1257 1823 postremam
1283 1787 1464 1821 ahjectionem
1482 1806 1489 1818 ,
1515 1794 1546 1814 ac
1573 1788 1680 1814 ruinam
1710 1789 1796 1818 totius

1015 1835 1113 1870 gentis,
1130 1841 1190 1869 qua:
1203 1837 1263 1868 post
1276 1840 1371 1859 eorum
1387 1840 1449 1867 erga
1472 1831 1640 1860 Salvatorem
1656 1837 1683 1860 et
1700 1833 1795 1861 Domi-

1015 1890 1078 1908 num
1094 1885 1218 1908 nostrum
1235 1879 1452 1906 incredulitatem
1469 1879 1576 1910 accidit,
1590 1879 1711 1907 indicare
1727 1881 1795 1908 mihi

1015 1928 1130 1954 videtur.
1146 1926 1184 1952 [lli
1197 1933 1262 1952 vero
1280 1924 1361 1950 modo
1375 1924 1553 1958 interroganti
1565 1931 1596 1951 ac
1608 1925 1794 1958 eompellanti,

1016 1973 1103 2006 Quare
1128 1971 1223 1998 oblitus
1241 1979 1268 1997 es
1293 1970 1363 1997 mei?
1389 1969 1504 1996 fortasse
1525 1970 1590 1997 illud
1610 1971 1795 2005 evangelicum

1014 2019 1116 2045 dictum
1130 2022 1241 2052 reportat
1254 2026 1259 2042 :
1273 2016 1381 2049 Quoties
1392 2015 1463 2041 volui
1477 2023 1633 2050 congregare
1641 2015 1709 2050 ﬁlios
1722 2021 1791 2048 tuos,

1015 2063 1233 2099 quemadmodum
1256 2062 1357 2097 gallina
1376 2067 1513 2096 congregat
1536 2062 1622 2097 pullos
1656 2070 1717 2089 suos
1744 2063 1793 2089 sub

1015 2110 1084 2142 alas,
1094 2114 1117 2136 et
1128 2108 1249 2135 noluistis
1256 2108 1294 2135 “'1
1302 2107 1522 2142 Quandoquidem
1532 2108 1611 2142 igitur
1620 2108 1729 2135 malitiae
1737 2115 1793 2135 suae

1016 2162 1099 2182 causa
1115 2155 1143 2182 in
1158 2154 1321 2181 oblivionem
1337 2157 1478 2184 venerunt,
1491 2152 1553 2187 jure
1564 2152 1663 2180 chorus
1675 2154 1793 2188 prophe-

1017 2203 1097 2233 ticus,
1114 2201 1178 2236 quia
1193 2209 1226 2228 ex
1244 2199 1360 2226 naturali
1391 2200 1497 2226 ratione
1516 2199 1629 2232 patiente
1645 2208 1696 2225 uno
1712 2208 1795 2227 mem-

1016 2248 1074 2279 bro,
1091 2247 1288 2281 compatiuntur
1300 2246 1388 2272 omnia
1405 2244 1519 2271 nwmbra
1529 2245 1562 2277 *7,
1578 2245 1654 2279 quasi
1666 2252 1714 2279 pro
1734 2253 1795 2272 cor-

1015 2302 1081 2329 pore
1095 2294 1204 2328 proprio
1218 2293 1313 2327 lugens
1333 2291 1487 2325 suhjuugit,
1503 2290 1651 2317 secundum
1669 2290 1793 2325 Symma-

1016 2340 1096 2366 chum
1120 2349 1126 2365 :
1150 2338 1237 2371 Quare
1259 2338 1340 2363 tristis
1365 2336 1466 2368 incedo,
1485 2336 1610 2370 afﬂigente
1630 2336 1752 2367 inimico;
1770 2342 1795 2363 et

180 2391 220 2423 ὡς
234 2390 356 2425 σφαγὴν
373 2389 432 2416 τῶν
446 2388 543 2415 ὀστῶν
559 2398 617 2423 μου
635 2386 781 2417 ὠνείδιζον
796 2388 822 2413 οὶ
835 2386 962 2412 ἐναντίοι

1014 2386 1091 2420 quasi
1108 2385 1263 2411 occisionem
1289 2391 1333 2417 per
1355 2390 1415 2408 ossa
1437 2389 1494 2408 mea
1511 2380 1705 2415 eIprobrabant
1729 2382 1792 2408 milii

179 2445 238 2471 μου
248 2446 254 2451 ·
271 2436 357 2471 ἢ,Ἐν
369 2435 409 2468 τῷ
421 2433 624 2462 καταθλᾶσθαι
640 2433 676 2460 τὰ
695 2432 769 2459 ὀστᾶ
781 2440 839 2466 μου
854 2430 964 2457 ὠνείδι-

182 2482 231 2513 ζΆν
242 2491 280 2517 με
294 2485 321 2510 οἱ
339 2480 492 2514 θλίϐοντές
508 2489 555 2516 με.
574 2480 633 2506 Τῶν
646 2479 699 2514 γὰρ
715 2478 814 2505 ὀστέων
831 2477 884 2504 τῶν
900 2485 965 2512 προ-

183 2528 305 2564 φητικῶν
331 2528 375 2555 διὰ
393 2527 441 2554 τοῦ
470 2526 608 2561 κλαυθμοῦ
633 2526 679 2551 καὶ
701 2524 755 2551 τῶν
775 2522 899 2559 ὀδυρμῶν
916 2531 965 2549 κα-

181 2575 372 2611 ταολωμένων,
391 2574 513 2601 τουτέστι
529 2573 582 2600 τῶν
596 2573 644 2607 τῆς
665 2571 754 2606 ψυχῆς
774 2571 923 2604 δυνάμεων,
941 2569 965 2594 οἱ

182 2623 212 2648 ἑν
225 2621 264 2657 τῷ
273 2621 329 2656 λαῷ
346 2621 436 2656 ἐχθροὶ
451 2620 497 2647 τοῦ
508 2619 586 2651 Θεοῦ,
597 2619 633 2650 ὡς
645 2617 755 2653 μηδενὸς
771 2616 964 2651 ἐπαμύνοντος,

182 2667 359 2694 ὲπανέὸαινον
374 2666 546 2698 ὀνειδίζοντες
562 2664 607 2691 καὶ
621 2663 743 2697 λέγοντες
754 2670 760 2676 ·
774 2660 835 2687 Ποῦ
849 2660 933 2687 ἐστιν·
949 2660 965 2685 ό

183 2715 257 2747 Θεός
270 2720 345 2745 σου;

370 2768 516 2797 ΨΔΛΜΟΣ
533 2768 577 2794 ΤΩ
596 2766 694 2793 ΔΔΥΙΔ
708 2764 774 2792 MB’.

226 2816 420 2853 ’Δνεπίγραφος
438 2816 503 2851 παρ’
528 2813 664 2849 Ἑϐραίοις
680 2812 695 2838 ὁ
708 2809 829 2846 ψαλμός·
848 2808 887 2835 διὸ
906 2808 966 2835 οὐδὲ

219 2866 243 2882 ⁸⁸
263 2865 348 2894 Exod.
364 2872 454 2896 uxw.
471 2863 499 2890 6.

1017 2431 1242 2464 adrersarii,ntci;
1260 2429 1317 2456 sive
1329 2438 1335 2455 :
1348 2428 1416 2455 Dum
1436 2428 1636 2461 confringumur
1652 2435 1712 2454 ossa
1737 2437 1794 2455 mea

1014 2477 1205 2512 exprobrabant
1220 2484 1259 2502 me
1271 2475 1315 2509 qui
1330 2474 1457 2500 tribulam
1475 2481 1526 2499 me.
1542 2472 1608 2499 Nam
1625 2473 1794 2507 propheticis

1016 2524 1142 2554 ossibus,
1164 2522 1190 2548 id
1208 2525 1249 2548 est
1277 2520 1372 2546 animm
1391 2518 1577 2548 facultatibus,
1599 2525 1646 2552 per
1670 2517 1747 2545 ﬂetus
1768 2524 1795 2545 et

1015 2571 1149 2604 laerymas
1176 2566 1339 2596 confractis,
1368 2565 1462 2600 quiin
1491 2564 1592 2599 populo
1620 2563 1722 2590 inimici
1747 2563 1794 2591 Dei

1016 2619 1103 2645 erant,
1115 2613 1192 2648 quasi
1208 2611 1357 2646 opitulante
1375 2609 1683 2644 nemine,insurgehant
1697 2617 1795 2645 espro-

1016 2660 1128 2688 brantes
1140 2666 1172 2685 ac
1186 2656 1318 2689 dicentes,
1338 2654 1387 2682 Ubi
1399 2659 1438 2681 est
1454 2654 1525 2681 Deus
1541 2655 1620 2682 tuus?

1178 2757 1205 2785 L
1225 2754 1384 2783 PSALMUS
1402 2753 1537 2782 DAVIDIS
1555 2752 1634 2780 XLII.

1054 2805 1179 2833 Psalmus
1201 2803 1247 2831 hic
1264 2802 1336 2839 apud
1359 2800 1487 2830 Hebraeos
1507 2799 1688 2837 inscriptione
1702 2800 1794 2833 caret;

554 2862 581 2877 “'
596 2860 691 2888 Matth.
708 2866 790 2892 mn,
808 2857 851 2885 57.
889 2856 911 2872 ⁸⁷
931 2855 939 2881 l
955 2854 1018 2882 Cor.
1036 2862 1090 2887 xu,
1107 2853 1154 2881 ‘26.

219 2912 259 2946 (ι)
271 2911 444 2940 Desideratur
455 2912 480 2945 ὁ,
490 2913 518 2938 ιιι
532 2909 567 2938 sit
585 2909 599 2936 6
612 2915 704 2944 προφ.,
721 2911 750 2933 ut
761 2905 842 2943 paulo
857 2902 937 2932 infra.
951 2901 1030 2930 Eutr.
