2056 3214
263 152 316 181 579

625 153 758 181 EliSEBll
773 153 1010 182 C/ESARIENSIS
1028 153 1104 182 OPP.
1117 152 1206 180 PARS
1225 152 1267 180 111.
1288 168 1324 173 -
1342 152 1548 180 EXEGETICA.

1830 155 1882 183 580

263 221 348 248 quare
363 219 451 248 neque
467 213 540 247 apud
555 213 675 247 reliquos
687 213 851 248 interpretes
873 213 980 239 titulum
998 213 1037 239 ha-

1099 211 1173 247 παρά
1186 213 1241 243 τοῖς
1254 211 1357 244 λοιποῖς
1368 212 1547 247 ἐρμηνευταῖς
1558 212 1711 249 ἐπιγραφὴν
1723 213 1787 249 ἔχει.
1802 214 1882 243 Ἀλλὰ

263 261 317 288 bet.
335 258 388 287 Sed
405 259 469 294 quia
480 258 660 295 pra‘cedcntis
674 267 736 294 pars
755 258 860 286 videtur
880 265 950 290 esse,
971 259 1044 294 quod

264 305 358 339 utique
377 312 439 332 cum
453 312 486 332 ex
503 304 638 332 similibus
657 304 784 338 utrinque
804 304 910 336 verbis,
932 309 991 331 tum
1010 312 1044 332 ex

262 350 334 377 aliini
346 351 481 378 sententia
492 354 740 383 commonstratur;
758 350 818 377 dico
828 358 893 378 sane
909 350 991 377 etiam
1003 351 1044 377 in-

262 399 469 433 prmsentiarum
488 399 601 426 chorum
624 398 814 434 propheticum
837 399 893 426 haec
915 404 1044 426 enarrare

262 445 334 471 circa
352 444 492 479 populum,
509 447 603 478 utpote
622 442 761 477 abiectum
779 441 964 476 traditumque
978 449 1044 476 gen-

261 490 336 517 tibus
359 489 570 524 hominibusque
591 489 739 524 improbis,
763 492 901 523 rogantem
922 495 953 514 ae
981 495 1043 514 cum

262 534 388 569 precibus
408 535 589 569 postulantem
617 538 646 561 ut
669 534 736 560 ultio
757 538 890 565 sumatur,
904 536 930 560 et
948 533 1006 568 ipse
1029 540 1044 559 e

261 579 387 606 manibus
407 579 578 606 inimicorum
602 582 724 606 eruatur.
740 578 979 610 Quemadmodum
994 585 1044 604 au-

262 628 326 657 tem,
343 625 442 652 aﬂlieto
454 625 564 660 populo,
579 624 647 659 justi
663 631 772 660 quoque
787 624 837 650 viri
860 630 913 650 una
928 623 1038 658 patiun-

261 676 305 698 tur
318 679 350 699 ac
365 672 458 700 dolore
481 673 516 699 ob
529 679 699 699 communem
717 671 901 699 calamitatem
919 670 1040 697 aﬂiciun-

259 721 319 750 tur;
335 717 371 744 ita
390 717 579 752 religiosorum
606 718 746 745 hominum
773 717 896 751 probitas
917 716 1044 743 multitu-

259 763 316 790 dini
331 771 438 799 quoque
451 767 524 791 recte
539 763 672 791 factorum
684 763 899 791 communionem
911 763 1043 790 fructum-

258 816 312 842 que
333 809 413 843 parit.
434 808 615 842 Quamobrem
637 809 676 836 illi
703 816 839 836 aarumnas
859 809 950 843 populi
968 809 994 835 in
1010 816 1040 835 se

259 855 430 890 recipientes,
460 863 554 891 preces
588 864 638 890 pro
664 855 840 882 multitudine
871 854 1040 886 fundebant,

1096 259 1143 285 καὶ
1157 258 1197 284 ὅτι
1214 258 1295 292 μέρος
1309 257 1396 283 ἔοικεν
1413 255 1481 283 εἶναι
1501 257 1554 284 τοῦι
1562 259 1614 294 πρὸ
1628 259 1720 290 αὑτοῦ,
1735 260 1882 295 δεδήλωται

1095 304 1126 330 ἐκ
1140 312 1169 330 τε
1190 303 1242 330 τῶν
1257 303 1356 338 ὁμοίων
1377 305 1406 329 ὲν
1421 303 1584 338 ἀμφοτέροις
1606 303 1692 338 λόγων
1715 306 1762 331 καὶ
1783 307 1815 332 ὲκ
1833 307 1882 343 τῆς

1095 349 1229 385 ἐμφεροῦς
1243 349 1370 381 διανοίας.
1379 349 1452 384 Φημὶ
1464 350 1552 376 τοίνυν
1565 350 1611 376 καὶ
1627 351 1673 376 ἐπὶ
1687 350 1734 377 τοῦ
1747 352 1881 387 παρόντος

1094 397 1139 424 τὸν
1159 397 1238 432 χορὸν
1262 397 1305 423 τὸν
1329 397 1496 432 προφητικὸν
1513 397 1546 423 τὰ
1568 397 1736 432 προκείμενα
1752 398 1881 430 διεξιέναι

1095 443 1164 478 ὑπὲρ
1183 442 1228 469 τοῦ
1251 442 1335 473 λαοῦ,
1353 443 1391 474 ὡς
1420 443 1581 477 ἀπωσμένον
1612 443 1657 470 καὶ
1684 444 1882 479 παραδοθέντος

1095 487 1181 514 ἔθνεσι
1208 487 1255 514 καὶ
1281 487 1434 523 ἀνθρώποις
1460 490 1605 523 πονηροῖς,
1627 488 1754 523 δεομένου
1776 489 1805 516 δὲ
1834 489 1881 516 καὶ

1094 532 1293 563 ἀντιϐολοῦντος
1316 533 1436 564 ἐκδικίας
1461 534 1569 567 τυχεῖν,
1601 533 1648 559 καὶ
1674 533 1803 569 ρυσθῆναι
1827 534 1880 561 τῶν

1093 578 1192 615 χειρῶν
1209 579 1263 605 τῶν
1288 578 1433 614 πολεμίων.
1450 579 1554 614 Ὥσπερ
1568 579 1596 605 δὲ
1619 579 1663 606 διὰ
1686 580 1734 615 τὴν
1747 580 1794 607 τοῦ
1815 580 1880 608 λαοῦ

1093 624 1214 650 κάκωσιν
1230 624 1368 650 συνέϐαινε
1391 624 1446 656 τοῖς
1467 624 1694 659 δικαιοπραγοῦσι
1708 626 1880 661 συμπάσχειν

1093 670 1140 696 καὶ
1155 669 1305 704 συναλγεῖν,
1319 670 1366 696 καὶ
1385 669 1611 702 συνδιατίθεσθαι,
1629 671 1674 697 τὸν
1690 671 1770 698 αὑτὸν
1782 673 1880 707 τρόπον

1093 715 1140 742 καὶ
1157 717 1172 750 ἡ
1191 715 1244 742 τῶν
1256 714 1385 750 θεοφιλῶν
1404 715 1508 750 ἀνδρῶν
1530 715 1722 752 δικαιοπραγία
1739 718 1880 745 κοινωνίαν

1093 763 1140 789 καὶ
1157 762 1297 798 μετάδοσιν
1312 761 1422 796 ἀγαθῶν
1438 761 1562 797 παρέχει.
1578 762 1624 789 Διὸ
1639 763 1680 798 δὴ,
1697 763 1730 790 τὰ
1745 764 1817 800 πάθη
1831 765 1879 791 τοῦ

1093 807 1156 834 λαοῦ
1173 808 1212 839 είς
1233 807 1345 838 ἑαυτοὺς
1365 807 1617 842 ἀναλαμϐάνοντες,
1637 808 1719 843 εὐχὰς
1741 810 1812 845 ὑπὲρ
1830 810 1878 836 τοῦ

1093 852 1212 888 πλήθους
1236 852 1392 884 ἐποιοῦντο,
1419 853 1510 888 κοινήν
1533 861 1563 878 τε
1593 853 1732 888 ἱκετηρίαν
1755 854 1793 890 τῷ
1819 855 1879 891 Θεῷ

259 908 485 937 communemque
514 904 741 938 supplicationem
784 903 839 930 Deo
869 902 1037 929 emittebant.

1091 898 1255 933 ἀνέπεμπον.
1266 898 1385 929 Εἰκότως
1402 895 1448 924 οὖν
1467 898 1504 929 ὡς
1517 897 1546 930 ἐξ
1559 897 1618 929 ἐνὸς
1635 899 1766 934 στόματος
1777 900 1878 933 ταύτας

256 945 322 974 Jure
332 948 422 983 itaque
436 955 485 975 ceu
500 956 556 975 uno
570 956 617 975 ore
632 948 681 975 has
694 948 869 983 proferebant
885 955 977 975 voces.

293 1002 376 1030 Vens.
401 1003 428 1029 ‘2.
448 1002 545 1030 Judica
562 1012 611 1036 me,
635 1003 714 1035 Deus,
735 1010 759 1031 et
788 1005 906 1031 discerne
931 1013 1039 1031 causam

257 1055 342 1073 meam
354 1047 385 1074 de
397 1052 469 1082 gente
484 1057 535 1075 non
550 1054 654 1078 sancta,
673 1048 705 1075 ab
723 1050 826 1076 homine
841 1050 930 1085 iniquo
946 1054 971 1076 et
992 1049 1040 1076 do-

256 1092 313 1120 loso
329 1101 390 1119 erue
403 1101 452 1120 me.
471 1093 541 1126 Quia
562 1098 588 1119 tu
603 1101 630 1120 es
651 1093 721 1120 Deus
734 1094 861 1128 fortitudo
877 1103 943 1127 mea,
958 1102 1039 1129 quare

255 1147 297 1166 me
318 1139 455 1173 repulisli?
471 1139 558 1171 Quare
583 1140 666 1167 tristis
689 1140 779 1167 incedo
803 1140 866 1167 dum
883 1141 973 1176 aﬂligit
999 1149 1039 1167 me

257 1185 400 1212 inimicus?
413 1184 516 1212 Dixerit
537 1186 673 1220 quispiam
690 1185 747 1213 haec
763 1185 886 1221 proferre
902 1194 986 1213 unum
999 1187 1038 1213 al-

257 1235 379 1258 terumve
394 1231 440 1265 qui
454 1231 481 1258 in
497 1231 626 1259 universo
642 1233 742 1267 populo
757 1231 872 1259 Judaico
885 1232 976 1266 justus
995 1240 1038 1259 re-

256 1279 351 1309 pertus
377 1279 428 1303 est.
457 1275 516 1310 Ipse
539 1275 621 1310 igitur
646 1277 704 1304 sive
728 1285 800 1304 unus
825 1278 882 1304 sive
908 1285 1038 1312 perrarus

256 1320 348 1353 homo,
365 1321 454 1355 qualis
465 1325 524 1348 erat
538 1321 669 1350 Jeremias
692 1327 738 1350 aut
752 1318 866 1358 quilibet
887 1323 938 1357 ipsi
958 1323 1037 1350 simi-

256 1366 299 1399 lis,
317 1367 352 1393 ita
367 1366 429 1393 ﬂeat
456 1371 483 1394 et
500 1367 658 1402 hujusmodi
674 1376 754 1396 voces
773 1369 889 1401 emittat,
903 1376 1003 1404 rogans
1022 1376 1037 1395 a

254 1415 335 1447 gente
350 1420 404 1439 non
419 1419 514 1440 sancta
531 1414 652 1445 liberari,
670 1415 771 1449 quibus
785 1413 898 1441 indicari
912 1415 1037 1441 videntur

254 1459 300 1494 qui
315 1467 346 1486 ex
361 1459 568 1487 circumcisione
583 1465 676 1494 erant;
689 1464 716 1488 et
731 1469 747 1488 a
766 1461 825 1488 viro
840 1461 933 1495 iniquo
946 1466 971 1488 et
987 1460 1036 1487 do-

254 1505 323 1535 loso,
339 1509 368 1531 ut
381 1513 519 1540 nunquam
538 1506 595 1540 ipse
611 1510 657 1532 aut
672 1507 783 1541 iniquus
794 1509 840 1533 aut
850 1505 962 1533 dolosus
974 1513 1036 1533 eva-

253 1551 309 1577 dat.
329 1550 414 1586 Roget
435 1556 524 1578 autem
547 1551 629 1579 Deum
655 1552 698 1579 his
722 1552 813 1579 verbis
829 1561 835 1578 ε
850 1551 889 1578 Tu
916 1559 945 1578 es
966 1550 1036 1578 Deus

1093 944 1208 979 ἠφίεσαν
1221 943 1270 975 τὰς
1286 943 1386 978 φωνάς.

1127 1000 1236 1034 Epit-6r
1246 1008 1294 1034 με,
1313 1002 1329 1027 ὀ
1343 1000 1423 1033 Θεὸς,
1439 1001 1488 1027 καὶ
1505 1001 1632 1028 δίκαι-ον
1644 1001 1702 1036 τὴν
1713 1002 1802 1037 δίκην
1817 1007 1877 1038 μου

1092 1047 1126 1079 ἐξ
1141 1047 1246 1080 ἔθνους
1261 1048 1317 1080 οὐχ
1332 1046 1418 1073 ὁσίου
1429 1055 1435 1061 ·
1452 1047 1512 1074 ἀπὸ
1530 1048 1686 1081 ἀνθρώπου
1702 1048 1807 1075 δολίου
1828 1049 1876 1076 καὶ

1092 1092 1196 1119 ἀδίκου
1208 1092 1302 1126 ῥῦσαί
1314 1101 1362 1127 με.
1377 1092 1441 1119 ὀτι
1452 1093 1492 1119 σὺ
1506 1095 1522 1120 ό
1541 1093 1612 1126 Θεὸς
1625 1094 1793 1129 apamle
1805 1104 1876 1129 μου,

1092 1140 1141 1165 ἵνα
1153 1139 1181 1165 τί
1196 1138 1305 1166 ἀπώσω
1314 1147 1368 1174 ys;
1381 1140 1431 1166 ἵνα
1444 1140 1474 1166 τί
1487 1139 1704 1173 σκυθρωπάζων
1718 1141 1878 1176 πορεύομαι

1091 1186 1125 1212 ἐν
1152 1185 1192 1218 τῷ
1216 1186 1356 1220 ἐκθλίψαι
1381 1186 1509 1220 ἐχθρόν;
1532 1185 1610 1212 Εἴποι
1627 1186 1649 1212 δ’
1674 1186 1707 1213 ἄν
1727 1195 1768 1218 τις
1791 1186 1878 1213 ταῦτα.

1091 1231 1180 1266 λέγειν
1202 1232 1250 1259 ἕνα
1272 1240 1324 1258 που
1340 1232 1386 1258 καὶ
1403 1231 1528 1266 δεύτερον
1549 1232 1577 1259 ὲν
1599 1231 1652 1267 ὅλῳ
1677 1231 1717 1266 τῷ
1732 1231 1804 1258 ἔθνει
1822 1232 1877 1258 τῶν

1098 1278 1240 1310 Ἰουδαίων,
1258 1278 1408 1314 εὑρημένον
1423 1277 1536 1304 δίκαιον.
1561 1278 1647 1309 Αὐτὸς
1673 1276 1719 1304 οὖν
1732 1278 1746 1303 ὀ
1771 1275 1810 1309 εἷς
1830 1277 1878 1304 καὶ

1092 1324 1212 1356 σπάνιος,
1232 1321 1287 1350 οἷον
1313 1323 1447 1359 Ἱερεμίας
1465 1324 1481 1359 ἦ
1507 1333 1547 1355 τις
1569 1323 1662 1359 ἕτερος
1684 1324 1776 1358 ὅμοιος
1792 1323 1876 1359 αὐτῷ,

1090 1369 1289 1398 ἀποκλαιὲσθω.
1307 1369 1353 1396 καὶ
1380 1369 1481 1401 ταύτας
1503 1369 1686 1404 ἀναπεμπέτω
1709 1369 1758 1400 τὰς
1775 1369 1876 1404 φωνὰς,

1092 1414 1219 1440 ἱκετεύων
1241 1413 1370 1450 ρυσθῆναι
1397 1414 1426 1446 ἐξ
1449 1415 1556 1440 ἀνοσίου
1578 1414 1685 1445 ἔθνους·
1708 1413 1828 1449 δηλούτω
1848 1414 1877 1440 δὲ

1090 1459 1188 1490 αὐτοὺς
1199 1459 1263 1490 τοὺς
1281 1460 1313 1485 ὲκ
1330 1459 1491 1494 περιτομῆς,
1501 1460 1549 1485 καὶ
1566 1458 1619 1485 ἀπὸ
1630 1457 1773 1494 ἀνθρώπου
1785 1458 1877 1484 ἀδίκου

1091 1505 1137 1532 καὶ
1147 1505 1243 1536 δολίου,
1259 1505 1296 1536 ὡς
1307 1504 1340 1531 ἂν
1353 1506 1455 1540 μήποτε
1467 1505 1512 1531 καὶ
1526 1504 1605 1535 αὐτὸς
1617 1504 1719 1537 γένοιτο
1731 1503 1820 1535 ἄδικος
1830 1504 1878 1530 καὶ

1090 1551 1184 1582 δόλιος.
1197 1551 1394 1587 Παρακαλείτω
1412 1551 1440 1577 δὲ
1455 1551 1500 1577 τὸν
1511 1550 1575 1577 Θεὸν
1588 1550 1673 1584 λέγων
1685 1559 1690 1564 ·
1706 1550 1741 1576 Σὺ
1755 1548 1801 1576 εἷο
1812 1551 1877 1581 Θεὸς

254 1595 386 1622 fortitudo
397 1604 467 1627 mea,
485 1604 569 1631 quare
582 1604 625 1623 me
641 1597 778 1631 repulisti,
796 1605 838 1624 me
852 1597 878 1623 in
892 1597 981 1623 medio
1000 1600 1037 1623 ta-

1090 1596 1251 1632 xpamimya’t
1266 1605 1332 1631 μου·
1352 1597 1396 1623 ῖνα
1411 1596 1437 1622 τί
1451 1605 1484 1631 με
1497 1595 1610 1627 ἀπώσω,
1624 1595 1781 1622 καταλιπών
1797 1604 1830 1631 με
1848 1597 1877 1622 ἐν

254 1640 288 1667 lis
304 1641 395 1675 populi
412 1641 589 1676 relinquens?
615 1640 677 1667 Haec
694 1649 774 1675 porro
792 1641 875 1668 Heliae
898 1641 1036 1675 prophette

253 1689 418 1719 congruunt,
439 1685 483 1719 qui
500 1685 614 1711 Domino
628 1686 785 1720 supplicans
798 1691 891 1713 contra
907 1687 1034 1721 populum

253 1731 290 1757 ita
307 1731 378 1757 fatur
391 1741 397 1757 :
412 1731 530 1762 Domine,
547 1733 686 1766 prop/tetas
704 1737 760 1759 (uos
777 1732 971 1766 interfecerunt,
995 1733 1036 1758 al-

254 1777 324 1804 taria
343 1782 389 1803 tua
412 1777 592 1805 subuerterant
605 1786 613 1804 :
625 1784 648 1804 et
666 1786 712 1812 ego
735 1777 841 1805 relictus
866 1778 949 1810 solus,
964 1787 1036 1813 [μιαι-

252 1827 365 1857 rumque
385 1823 468 1856 ipsam
488 1823 604 1850 animum
623 1823 712 1850 tollere
726 1823 758 1849 ⁸⁸.
776 1823 923 1858 Perspicue
945 1829 1035 1851 autem

252 1870 331 1896 docet
347 1869 479 1896 Jeremias
490 1869 621 1897 defecisse
636 1877 743 1897 omnem
759 1869 860 1904 justum
877 1870 910 1896 de
925 1871 1034 1905 populo,

253 1915 347 1943 dicens
368 1915 504 1942 :Circuite
528 1916 554 1942 in
577 1916 650 1943 bit-iis
675 1916 825 1943 Jerusalem
847 1921 871 1942 et
893 1917 919 1942 in
943 1917 1036 1950 plateis

251 1963 319 1997 eius,
336 1967 360 1989 et
381 1962 462 1989 videte
477 1962 500 1989 si
512 1967 551 1989 est
571 1963 616 1997 qui
638 1963 780 1997 intelligat,
800 1967 825 1989 et
842 1963 972 1997 propitius
991 1972 1035 1990 cro

251 2010 288 2036 eis
301 2009 332 2035 ⁸⁸.
348 2008 449 2035 Deinde
459 2007 523 2043 quia
535 2008 681 2034 multitudo
694 2008 879 2043 improborum
895 2009 1035 2036 hominum

249 2054 355 2090 justum
371 2055 460 2089 ipsum
479 2054 628 2088 premebat,
654 2062 683 2081 se
698 2054 750 2081 hac
775 2054 808 2081 de.
828 2062 910 2082 causa
929 2056 1035 2082 tristem

252 2106 313 2126 esse
333 2098 439 2125 dicebat
449 2106 454 2123 :
464 2099 553 2131 Quare
568 2099 739 2126 contristatus
753 2099 854 2132 incedo,
866 2099 929 2126 dum
945 2101 1036 2136 aﬂligit

252 2153 293 2171 me
314 2145 457 2171 inimicus?
476 2144 509 2171 Et
535 2145 654 2179 alioquin
679 2152 740 2171 eum
766 2150 858 2180 gentes
881 2150 907 2173 et
933 2146 1035 2173 inimici

251 2191 432 2218 calamitatem
448 2190 592 2222 inferrent,
608 2195 688 2226 atque
707 2191 809 2226 populo
825 2191 940 2218 Judaico
959 2200 1037 2227 supe-

251 2238 337 2264 riores
355 2237 516 2270 evasissent,
534 2237 575 2263 vir
595 2237 640 2264 ille
662 2236 716 2264 Deo
735 2237 862 2265 addictus
878 2238 969 2265 animo
987 2238 1035 2264 do-

1088 1643 1161 1677 μὲςῳ
1171 1642 1290 1669 τοιούτου
1301 1641 1366 1668 λαοῦ
1376 1641 1510 1678 ;“Ἣρμοζε
1522 1642 1550 1668 δὲ
1562 1641 1596 1667 τὰ
1606 1641 1770 1677 προκείμενα
1782 1641 1828 1667 καὶ
1838 1641 1877 1675 τῷ

1087 1690 1214 1725 προφήτῃ
1231 1689 1321 1724 Ἠλίᾳ,
1335 1688 1364 1720 ὃς
1384 1688 1475 1722 ἔλεγεν
1489 1688 1713 1722 κατεντυγχάνων
1729 1686 1776 1713 τοῦ
1793 1686 1856 1713 λαοῦ
1868 1695 1875 1702 ·

1086 1736 1190 1768 Κύριε,
1212 1735 1282 1768 τοὺς
1304 1735 1460 1769 προφήτας
1482 1743 1540 1761 σου
1560 1733 1750 1765 ἀπέκτειναν,
1767 1733 1816 1760 καὶ
1841 1733 1878 1759 τὰ

1086 1772 1285 1814 θυσιαστήριά
1301 1789 1358 1807 σου
1373 1781 1579 1814 κατέσκαψαν,
1596 1779 1677 1814 κάγὼ
1689 1779 1877 1813 ὑπελείφθην

1083 1826 1193 1860 μόνος,
1211 1826 1260 1852 καὶ
1283 1825 1403 1859 ζητοῦσι
1429 1825 1486 1859 τὴν
1507 1824 1613 1860 ψυχὴν
1635 1824 1739 1851 λαϐεῖν
1767 1823 1874 1857 αὑτήν.

1087 1872 1183 1906 Σαφῶς
1197 1872 1224 1898 δὲ
1237 1872 1355 1899 διδάσκει
1372 1871 1507 1907 Ἱερεμίας
1519 1871 1705 1898 ἐκλελοιπέναι
1731 1871 1818 1897 πάντα
1837 1870 1876 1896 δί-

1087 1926 1162 1944 καιον
1183 1919 1215 1944 ἐκ
1233 1918 1280 1944 τοῦ
1303 1918 1385 1949 λαοῦ,
1408 1918 1512 1951 λέγων·
1539 1916 1735 1951 Περιδράμετε
1751 1916 1786 1942 ἐν
1810 1915 1876 1949 ταῖς

1086 1963 1229 1998 ἀμφόδοις
1258 1963 1468 1997 Ἰερουσαλὴμ,
1494 1962 1542 1988 καί
1573 1962 1607 1988 ἐν
1630 1962 1693 1994 ταῖς
1721 1961 1876 1993 πλατείαις

1086 2009 1190 2043 αὐτῆς,
1208 2010 1257 2036 καὶ
1275 2009 1351 2036 ἴδετε
1364 2010 1390 2035 εί
1406 2008 1472 2036 ἐστι
1490 2008 1614 2039 συνιὼν,
1632 2007 1680 2034 καὶ
1704 2008 1791 2040 ἵλεως
1805 2007 1875 2034 ἐσο-

1083 2065 1136 2090 μαι
1146 2056 1256 2088 αὐτοῖς.
1268 2053 1323 2081 Εἶτ’
1336 2054 1428 2090 ἐπειδὴ
1441 2055 1472 2080 τὸ
1483 2054 1584 2089 πλῆθος
1594 2054 1648 2080 τῶν
1662 2053 1756 2080 κακῶν
1770 2053 1875 2088 ἀνδρῶν

1087 2101 1174 2136 θλίψιν
1189 2102 1302 2137 παρεῖχε
1315 2100 1354 2136 τῷ
1373 2101 1479 2135 δικαίῳ,
1498 2099 1705 2135 σκυθρωπάζειν
1723 2099 1770 2124 ἐπὶ
1787 2099 1875 2134 τούτῳ

1086 2145 1193 2180 ἔλεγεν·
1219 2147 1280 2173 Ἵνα
1302 2147 1330 2172 τί
1355 2145 1572 2180 σκυθρωπάζων
1597 2146 1758 2179 πορεύομαι
1778 2146 1813 2172 ἐν
1834 2145 1876 2177 τῷ

1085 2193 1226 2227 ἐκθλίψαι
1247 2193 1376 2226 ἐχθρόν;
1391 2193 1446 2219 Καὶ
1462 2191 1547 2222 ἄλλως
1561 2191 1600 2223 δὲ,
1616 2190 1670 2217 τῶν
1701 2191 1804 2227 ἐχθρῶν
1826 2191 1874 2217 καὶ⁸

1087 2238 1224 2273 πολεμίων
1242 2238 1386 2266 θλιϐόντων
1401 2239 1448 2264 καὶ
1468 2237 1703 2273 ἐπικρατεστέρων
1721 2237 1877 2272 γενομένων

251 2283 332 2314 lebat,
346 2283 404 2310 zelo
418 2283 514 2317 plenus
528 2283 563 2309 ob
579 2290 725 2317 prosperas
737 2283 877 2311 alheorum
895 2288 923 2311 et
939 2284 1035 2318 impio-

1089 2283 1131 2310 τοῦ
1156 2283 1266 2315 ἔθνους,
1292 2285 1306 2309 ὁ
1330 2284 1368 2319 τῷ
1384 2283 1443 2319 Θεῷ
1469 2283 1646 2318 ἀνακείμενος
1672 2282 1801 2309 ἐδάκνετο
1823 2283 1872 2317 τὴν

251 2337 312 2356 rum
323 2329 462 2356 hominum
485 2337 539 2356 res.
565 2329 654 2361 Quare
676 2329 904 2364 supplicationem
927 2330 1034 2357 emitte-

250 2375 306 2407 bat,
332 2379 361 2402 ut
382 2374 463 2406 Deus,
490 2375 536 2410 qui
557 2374 590 2402 de
615 2382 699 2402 causa
723 2382 773 2402 sua
793 2375 976 2409 judicaverat,
1002 2382 1034 2402 ac

250 2424 443 2455 congruentem
461 2421 493 2448 de
514 2428 543 2447 se
562 2421 725 2448 sententiam
748 2420 860 2452 tulerat,
879 2421 1032 2448 mercedem

251 2469 324 2492 recte
341 2465 419 2493 factis
443 2466 501 2494 suis
519 2465 650 2498 debitam,
673 2466 809 2494 universa
830 2466 922 2501 populi
941 2467 1033 2493 multi-

249 2511 337 2537 tudini
353 2511 508 2546 largiretur,
528 2515 554 2539 et
579 2512 620 2539 sui
646 2519 730 2539 causa
752 2519 848 2539 omnes
865 2513 982 2548 eriperet
998 2513 1032 2540 de

249 2563 332 2582 manu
350 2555 538 2590 inimicorum;
554 2560 584 2583 ut
599 2556 827 2592 quemadmodum
845 2557 906 2592 ipse
920 2558 1034 2586 delicto-

249 2608 311 2627 rum
323 2601 415 2636 populi
429 2603 564 2636 particeps
578 2602 680 2635 fuerat,
702 2603 740 2630 ita
760 2604 877 2639 populus
897 2604 1031 2630 bonorum

249 2654 361 2682 operum
395 2647 480 2681 ipsius
503 2654 616 2675 consors
640 2653 721 2676 esset.
748 2648 825 2676 Sicut
848 2653 940 2677 autem
965 2649 1033 2684 justi

251 2694 373 2722 homines
384 2694 430 2728 qui
441 2693 476 2721 ad
489 2693 632 2722 tribunalia
643 2695 716 2722 litem
732 2695 843 2728 habent,
859 2696 967 2730 judices
983 2697 1034 2723 ob-

250 2746 358 2767 secrant
369 2740 509 2775 utjustam
528 2748 637 2767 causam
661 2749 738 2768 suam
753 2743 875 2774 audiant,
894 2747 975 2777 atque
994 2750 1027 2770 ex

249 2794 325 2824 aequo
340 2791 366 2816 et
380 2788 450 2815 bono
465 2787 624 2815 sententiam
640 2787 691 2814 sibi
708 2787 796 2815 ferant
806 2797 813 2819 ;
825 2789 921 2816 eodem
941 2789 1021 2816 modo

285 2865 307 2883 ⁸⁸
328 2864 358 2893 Ill
375 2864 439 2902 Reg.
457 2874 518 2899 xix,
537 2865 580 2894 li.
619 2865 640 2882 ⁸⁸
658 2864 756 2893 Jerem.
775 2873 801 2900 ν,
820 2866 843 2893 1.

1087 2330 1187 2365 ψυχὴν,
1211 2330 1292 2366 ζήλου
1316 2330 1502 2366 πληρούμενος
1525 2330 1571 2355 ἐπὶ
1587 2331 1620 2364 τῇ
1643 2329 1697 2355 τῶν
1717 2329 1804 2356 ἀθέων
1827 2329 1876 2355 καὶ·

1087 2376 1192 2403 ἀσεϐῶν
1219 2377 1322 2412 ἀνδρῶν
1345 2377 1493 2412 εὐπραγία.
1515 2377 1561 2403 Διδ
1591 2377 1639 2403 καὶ
1663 2377 1802 2411 ἱκετηρίαν
1826 2376 1876 2401 ἀνι

1087 2423 1220 2458 ἔπεμπεν,
1234 2423 1271 2455 ὡς
1284 2423 1326 2454 ἂν,
1341 2423 1435 2459 κρίνας
1444 2424 1457 2448 ὀ
1468 2422 1533 2454 Θεὸς
1545 2422 1591 2448 καὶ
1605 2422 1718 2453 δικάσας
1731 2422 1813 2457 αὐτῷ,
1827 2422 1879 2449 καὶ,

1086 2470 1136 2505 τὴν
1149 2470 1304 2506 πρέπουσαν
1321 2470 1384 2504 περὶ
1401 2469 1481 2496 αὑτοῦ
1498 2469 1575 2503 δίκην
1588 2467 1808 2503 ἐξενεγκάμενος,
1824 2467 1871 2502 τὴν

1086 2516 1168 2543 αὐτοῦ
1181 2515 1428 2551 προσοφειλομένην
1443 2514 1558 2550 ἀμοιϐὴν
1574 2514 1627 2540 τῶν
1643 2513 1723 2540 αὑτοῦ
1736 2513 1873 2549 κατορθω-

1088 2562 1179 2598 μάτων
1205 2562 1243 2596 τῷ
1260 2561 1341 2588 παντὶ
1366 2560 1462 2596 πλήθει
1482 2560 1637 2596 χαρίσοιτο,
1660 2560 1705 2586 καὶ
1731 2559 1764 2585 δι’
1790 2558 1872 2585 αὐτοῦ

1086 2608 1197 2644 ῥύσαιτο
1213 2609 1275 2640 τοὺς
1299 2608 1402 2639 πάντας
1418 2608 1449 2633 ἐκ
1474 2606 1564 2642 χειρὸς
1578 2607 1632 2634 τῶν
1657 2606 1807 2641 πολεμίων·
1827 2605 1870 2636 ἶν’,

1086 2652 1180 2688 ὥσπερ
1200 2653 1325 2681 κοινωνὸς
1345 2652 1425 2683 αὐτὸς
1447 2651 1543 2685 γέγονε
1568 2652 1617 2686 τῆς
1632 2650 1678 2677 τοῦ
1701 2649 1766 2676 λαοῦ
1790 2655 1872 2676 κακο-

1087 2698 1216 2733 πραγίας,
1237 2697 1307 2723 οὕτω
1328 2697 1375 2723 καὶ
1404 2698 1418 2723 ὁ
1442 2696 1505 2727 λαὸς
1521 2696 1649 2731 μετάσχοι
1665 2695 1715 2730 τῆς
1731 2695 1812 2721 αὑτοῦ
1832 2695 1871 2720 διε

1081 2744 1274 2778 καιοπραγίας.
1297 2744 1402 2778 Ὥσπερ
1428 2742 1456 2768 δὲ
1473 2742 1498 2768 οἱ
1520 2741 1618 2768 δίκαιοι
1636 2741 1742 2776 ἔχοντες
1768 2741 1797 2766 ἐν
1815 2741 1870 2772 τοῖς

1075 2790 1269 2827 δικαστηρίοις,
1294 2790 1357 2822 τοὺς
1379 2790 1510 2822 δικαστὰς
1533 2788 1698 2816 ἱκετεύουσιν
1717 2785 1869 2814 ἐπακοῦσαι
