2056 3214
244 160 298 188 583

637 160 771 188 EUSEBll
789 161 1027 190 CESARIENSIS
1045 161 1120 190 ()PP.
1135 161 1225 190 PARS
1243 162 1288 190 Ill.
1303 178 1339 183 ——
1356 163 1560 192 EXEGETICA.

1809 164 1864 193 385

244 219 311 246 ritas
322 219 488 253 declaratur,
502 220 698 256 interpretatus
710 225 761 248 est.
777 220 843 249 Iure
860 222 952 258 itaque
965 223 1019 250 Sal—

1079 231 1129 257 μου
1144 223 1191 250 καὶ
1206 223 1312 258 Σωτῆρί
1330 232 1380 259 μου
1391 233 1397 238 ·
1415 223 1504 256 καλῶς
1528 224 1557 251 δὲ
1578 223 1679 259 συνῆψε
1694 223 1724 250 τὸ
1749 223 1807 258 φῶς
1829 224 1861 259 τῇ

242 267 320 291 vator
343 263 400 290 hate
413 263 556 299 discipulis
578 264 636 292 suis
656 265 770 292 tradens
792 265 830 292 ita
847 265 950 297 docuit,
970 265 1025 301 Ego

241 317 300 336 sum
313 308 372 342 lux,
391 313 416 336 et
434 309 531 336 veritas
550 313 574 336 et
589 309 642 337 vita
653 309 686 336 “.
706 309 859 345 Unicuique
875 318 958 346 porro
973 318 1027 338 ca:-

240 357 360 382 terarum
382 355 532 383 editionum
550 355 624 383 hunc
654 360 855 391 consequenter
871 352 977 392 aptabis
995 357 1026 384 ﬁ-

240 409 313 434 nem,
335 402 392 430 sive
406 410 500 430 eorum
518 403 565 438 qui
577 403 604 430 in
619 403 758 438 Babylone
773 403 810 430 ita
831 404 1024 439 loquebantur,

1079 269 1192 304 ἀληθείᾳ
1202 277 1208 284 ·
1241 269 1309 304 ὅπερ
1322 269 1376 304 γὰρ
1388 269 1446 304 φῶς
1460 269 1588 306 αἰσθητὸν
1606 270 1753 305 ὀφθαλμοῖς
1770 269 1863 305 σώμα-

1078 324 1133 348 τος,
1149 316 1227 342 τοῦτο
1243 316 1353 352 ἀλήθεια
1365 319 1420 349 τοῖς
1435 318 1485 354 τῆς
1502 318 1591 354 ψυχῆς
1609 318 1756 353 ὀφθαλμοῖς
1772 319 1863 344 ἐνατε-

1079 361 1180 393 νίζουσι
1192 364 1224 398 τῇ
1241 362 1319 396 φύσει
1335 363 1389 390 τῶν
1410 364 1591 400 πραγμάτων,
1611 365 1657 391 καὶ
1675 365 1772 399 μηκέτι
1792 365 1864 391 ἀπα-

1077 407 1219 442 τωμένοις,
1243 409 1276 435 δι’
1291 409 1376 445 αὐτῆς
1397 409 1426 436 δὲ
1439 410 1489 445 τῆς
1509 410 1562 436 τῶν
1582 410 1666 436 ὅντων
1685 409 1863 445 καταλήψεως

241 448 298 475 sive
313 450 432 484 gentium
444 457 504 484 qua:
522 449 642 476 nondum
657 450 815 477 credebant.

1079 453 1281 488 φωτιζομένοις,
1299 455 1345 481 καὶ
1365 455 1464 489 γνῶσιν
1481 456 1530 491 τῆς
1554 455 1681 492 ἀληθείας
1705 455 1861 491 ἀναλαμῦἀ-

239 504 340 523 νουσιν.
358 496 527 531 Ἦρμήνευσε
538 496 627 522 τοίνυν
644 497 724 528 αὐτὸς
738 498 752 523 ὁ
767 496 843 530 λόγος
855 496 902 523 τοῦ
927 497 1023 533 νοητοῦ
1043 499 1131 533 φωτὸς
1161 500 1210 536 τὴν
1224 501 1372 536 ἐνέργειαν,
1401 502 1529 538 ἀληθείας
1546 500 1626 529 οὖσαν
1644 505 1860 540 παραστατικήν.

239 542 358 574 Εἰκότως
376 541 422 570 οὖν
437 545 451 570 ὁ
467 544 561 579 Σωτὴρ
579 543 665 571 ταῦτα
687 544 850 580 παραδιδοὺς
880 546 936 576 τοῖς
959 546 1040 572 αὐτοῦ
1062 547 1194 583 μαθηταῖς
1225 548 1346 575 ἐδίδασκε
1358 548 1460 583 λέγων·
1482 549 1552 584 Ἐγώ
1565 551 1623 584 ειμι
1643 549 1675 576 τὸ
1691 549 1753 584 φῶς
1775 551 1824 578 καὶ
1840 551 1861 584 ἠ

239 587 363 620 ἀλήθεια
391 588 439 615 καὶ
464 589 483 623 ἡ
501 589 567 623 ζωή.
600 590 654 616 Καὶ
678 590 780 626 ἑκαστῃ
801 590 830 615 δὲ
848 589 902 617 τῶν
919 590 1018 617 λοιπῶν
1051 592 1182 620 ἐκδόσεων
1196 594 1325 629 ἁρμόσεις
1350 595 1502 627 ἀκολούθως
1518 595 1548 622 τὸ
1564 595 1649 628 τέλος,
1671 596 1724 622 εἴτε
1752 598 1808 628 τοῖς
1831 597 1861 624 ἐν

240 635 377 662 Βαϐυλῶνι
399 636 485 663 ταῦτα
507 636 646 670 λέγουσιν,
668 637 722 664 εἴτε
735 639 792 670 τοῖς
807 638 836 670 ἐξ
855 638 938 665 ἐθνῶν
959 640 1041 675 μήπω
1057 643 1273 670 πεπιστευκόσιν.

275 692 302 720 ι.
330 691 362 719 IN
389 692 622 734 FlNEM,FnlEl_l__S‘
642 693 734 734 coni;
761 695 806 722 AD
829 694 990 723 INTELLE-

1077 699 1132 726 ΕΙΣ
1157 701 1200 727 Τί)
1220 701 1422 734 ΤΕΛΟΣ,ΤΟΙΣ
1447 701 1536 728 ΥΙΟΙΣ
1561 702 1652 729 ΚΟΡΕ
1677 702 1730 728 ΕΙΣ
1755 702 1860 729 ΣΥΝΕ-

529 728 625 756 CTUM
645 729 736 756 XLIII.
1180 764 1183 766 _
1332 728 1340 734 ’
1372 737 1428 762 zIN
1448 737 1485 772 (l)
1505 737 1570 764 Ml".

273 771 409 808 Propositi
438 782 578 802 sermones
605 783 694 810 neque
721 776 857 811 psalmum
887 776 914 803 in
944 777 1019 804 titulo

1119 782 1187 808 Ἀλλ’
1200 782 1260 808 οὐδὲ
1277 782 1301 808 οί
1320 771 1492 818 προκείμενοι
1513 783 1587 817 λόγοι
1605 783 1711 818 ψαλμὸν
1725 783 1794 809 κατὰ
1810 783 1860 817 τὴν

238 819 401 854 praeferunt,
419 828 506 856 neque
524 821 676 854 canticum,
703 830 790 858 neque
810 823 939 858 hymnum
951 843 958 854 ,
977 832 1019 850 ne-

1078 828 1239 863 προγραφὴν
1251 829 1432 864 περιέχουσιν,
1448 829 1507 855 οὐδὲ
1519 829 1599 864 ᾠδὴν,
1615 829 1674 856 οὐδὲ
1691 829 1785 864 ὕμνον,
1800 828 1860 855 οὖδέ

237 871 292 899 que
316 864 380 899 quid
407 866 509 900 simile,
533 867 597 902 quia
623 868 758 895 sententia
781 869 927 896 verborum
955 869 1019 896 nihil

1076 882 1102 899 τι
1119 873 1173 899 τῶν
1191 874 1335 900 τοιούτων·
1353 875 1413 901 ἐπεὶ
1431 875 1498 910 μηδὲ
1515 874 1549 901 τὰ
1560 875 1609 910 τῆς
1622 875 1740 907 διανοίας
1760 875 1814 902 τῶν
1831 876 1860 901 ἐν

238 917 332 937 eorum
354 912 483 947 respicit,
507 913 555 940 sed
577 914 790 949 supplicationes
804 920 869 941 sunt
884 914 1019 950 prioribus

1075 919 1164 950 αὐτοῖς
1186 918 1340 954 φερομένων
1360 919 1488 955 τοιαύτης
1510 919 1600 955 ἔχεται
1620 920 1750 956 θεωρίας
1765 921 1858 956 ἱκετη-

238 955 358 988 similes,
375 964 406 984 ac
421 958 544 992 ejusdem
560 961 714 994 argumenti
727 969 734 993 ;
751 961 880 988 nimirum
895 961 929 988 de
943 961 1022 988 ruina

235 1001 342 1030 Judaici
360 1002 477 1039 ’populi,
494 1013 528 1032 ex
553 1006 749 1041 prophetarum
773 1014 891 1042 persona
918 1014 933 1034 a
959 1007 1022 1035 ﬁliis

236 1047 306 1076 Core
329 1050 452 1084 prolatae.
475 1051 506 1078 ln
530 1051 657 1086 praesenti
678 1059 760 1087 porro
776 1053 896 1087 apertius
913 1057 1024 1080 senten-

236 1094 303 1121 tiam
326 1096 481 1128 declarant,
503 1105 557 1132 qua
581 1099 609 1125 in
629 1099 818 1133 superioribus
838 1107 898 1127 sese
913 1098 1022 1127 ﬂetibus

236 1140 379 1170 dederant.
397 1142 547 1171 {Erumnas
562 1143 654 1178 itaque
676 1145 777 1180 populo
798 1145 935 1174 immissas
956 1154 1021 1172 nar-

236 1191 311 1215 rant.
332 1187 423 1220 Quare
436 1195 488 1215 nos
502 1188 535 1215 ad
554 1189 722 1217 intellectum
742 1190 881 1223 excitant,
899 1194 980 1228 atque
995 1191 1023 1219 in

237 1233 316 1261 titulo
337 1240 388 1261 nos
412 1234 446 1261 ad
468 1234 548 1262 ﬁnem
569 1235 731 1269 remittunt,
754 1236 818 1271 quia
838 1236 897 1263 haec
918 1237 945 1263 in
970 1238 1023 1264 line

236 1283 383 1310 eventura,
400 1279 464 1307 licet
478 1284 506 1307 ut
520 1280 576 1315 jam
594 1281 703 1316 impleta
719 1281 766 1308 lilii
781 1281 850 1309 Core
867 1283 1023 1318 prophetiae

235 1326 461 1354 vaticinarentur.
496 1325 526 1354 In
552 1328 741 1362 superioribus
769 1328 860 1364 itaque
887 1329 1017 1365 lacryma-

235 1371 346 1405 bantur,
371 1373 548 1409 doloremque
574 1381 654 1402 suum
678 1375 734 1403 Deo
756 1376 971 1411 renuntiabant;
992 1376 1019 1404 in

236 1419 362 1453 praesenti
378 1428 442 1447 vero
456 1421 529 1456 ipsas
543 1421 714 1449 calamitates
727 1426 869 1449 enarrant.

1075 964 1131 1000 ρίαι
1149 964 1178 991 δέ
1194 966 1262 991 εἰσιν
1284 966 1375 1001 ὅμοιαι
1397 967 1456 997 ταῖς
1479 965 1650 1002 ἔμπροσθεν,
1665 968 1712 994 καὶ
1732 967 1858 1003 περὶτῆς

1074 1010 1158 1045 αὐτῆς
1185 1010 1352 1042 ὑποθέσεως·
1374 1011 1446 1046 λέγω
1473 1012 1501 1038 δὲ
1517 1012 1581 1047 περὶ
1603 1012 1653 1047 τῆς
1674 1012 1858 1044 ἀποπτώσεως

1074 1055 1120 1082 τοῦ
1140 1056 1273 1082 Ἰουδαίων
1292 1056 1384 1088 ἔθνους
1411 1058 1442 1084 ἐκ
1465 1057 1609 1093 προσώπου
1632 1057 1686 1085 τῶν
1712 1059 1858 1094 προφητῶν

1074 1102 1338 1138 προσπεφωνημέναι
1359 1103 1402 1130 διὰ
1425 1103 1480 1130 τῶν
1497 1104 1561 1130 υἱῶν
1585 1103 1667 1139 Κορέ.
1695 1104 1858 1139 Διασαφοῦσι

1073 1147 1096 1173 δ’
1120 1148 1164 1174 ἐπὶ
1194 1147 1241 1175 τοῦ
1268 1149 1401 1184 παρόντος
1425 1149 1584 1185 λευκότερον
1613 1150 1786 1184 ἐκφαίνοντες
1809 1149 1859 1186 τὴν

1073 1193 1208 1226 διάνοιαν,
1230 1195 1263 1221 δι’
1286 1195 1320 1230 ἣν
1338 1196 1366 1221 ἐν
1383 1196 1440 1227 τοῖς
1466 1195 1618 1231 ἔμπροσθεν
1641 1196 1856 1223 ἀπεκλαύσαντο.

1073 1239 1259 1275 Διεξέρχονται
1279 1240 1344 1274 γοῦν
1368 1240 1402 1267 τὰ
1427 1241 1618 1277 συμϐεὸηκότα
1637 1241 1709 1277 πάθη
1733 1241 1771 1277 τῷ
1789 1241 1856 1277 λαῷ.

1074 1279 1154 1313 ’Ὅθεν
1170 1287 1347 1323 διεγείρουσιν
1359 1288 1433 1323 ἡμᾶς
1444 1289 1485 1320 εἰς
1500 1288 1616 1319 σύνεσιν,
1632 1288 1678 1314 καὶ
1691 1289 1730 1320 εἰς
1743 1288 1773 1315 τὸ
1783 1287 1858 1320 τέλος

1073 1332 1264 1368 ἀντιπέμπουσι
1281 1333 1325 1359 διὰ
1339 1333 1392 1368 τῆς
1402 1333 1574 1369 προγραφῆς,
1591 1333 1635 1359 διὰ
1649 1332 1678 1359 τὸ
1695 1332 1801 1368 μέλλειν
1812 1333 1857 1358 ἐπὶ

1073 1376 1143 1404 τέλει
1164 1378 1250 1405 ταῦτα
1265 1378 1435 1414 συμϐαίνειν,
1448 1380 1471 1406 εί
1486 1380 1532 1406 καὶ
1548 1378 1584 1411 ὡς
1600 1379 1649 1414 ἤδη
1668 1378 1858 1414 συμϐεϐηκότα

1073 1423 1143 1451 αὐτὰ
1157 1425 1180 1450 ol
1201 1424 1254 1450 υἱοὶ
1275 1424 1347 1460 Κορέ
1371 1424 1546 1460 προφητικῶς
1563 1425 1711 1456 ἐθέσπιζον.
1738 1424 1786 1451 Διὰ
1809 1423 1857 1458 μὲν

235 1464 281 1493 οὖν
296 1467 350 1494 τῶν
368 1467 523 1504 ἔμπροσθεν
543 1469 764 1503 ἀπεκλαὺσαντο,
780 1470 827 1497 καὶ
855 1470 904 1503 τὰς
933 1471 1037 1498 ἑαυτῶν
1056 1471 1218 1508 ἐξήγγειλαν
1235 1472 1274 1508 τῷ
1290 1472 1349 1508 Θεῷ
1361 1472 1446 1504 λύπας
1467 1481 1473 1487 ·
1499 1474 1527 1500 ἐν
1542 1473 1570 1499 δὲ
1591 1474 1647 1505 τοῖς
1668 1471 1858 1509 προκειμένοις

235 1513 282 1540 καὶ
294 1513 363 1540 αὐτὰ
377 1514 411 1541 τὰ
426 1514 499 1551 πάθη
513 1515 679 1552 ἐξέρχονται.

270 1560 355 1590 Vens.
374 1561 433 1589 2-9.
452 1562 534 1595 Deus,
550 1564 660 1591 auribus
675 1566 773 1593 nostris
789 1565 949 1600 audivimus,
967 1570 1020 1594 etc.
1035 1570 1057 1599 c

234 1607 288 1648 Pro
301 1609 363 1640 illo.
381 1608 433 1641 Qui
448 1610 560 1636 mandas
576 1611 674 1638 salutes
693 1610 778 1638 Iacob
792 1632 799 1645 ,
817 1611 1001 1648 Symmachus
1013 1632 1020 1644 ,

235 1645 276 1682 Tu
297 1663 323 1682 es
342 1663 390 1682 rex
409 1663 499 1689 meus,
516 1654 601 1688 Deus,
620 1656 718 1683 manda
732 1656 764 1683 de
777 1657 863 1684 salute
876 1656 970 1684 Jacob.
988 1656 1021 1683 In

235 1706 261 1727 te
275 1700 396 1727 inimicos
416 1706 520 1728 nostros
541 1702 723 1729 ventilabimus
744 1710 835 1730 cornu.
860 1702 912 1735 Qui
930 1702 958 1729 in
974 1711 1022 1738 po—

234 1747 299 1782 pulo
314 1747 398 1782 probe
413 1755 442 1775 se
456 1752 555 1782 gerunt
565 1768 571 1779 ,
587 1752 614 1775 et
628 1748 674 1783 qui
699 1748 772 1783 apud
790 1749 879 1783 ipsum
902 1749 1020 1784 prophe-

235 1798 283 1826 tae,
299 1793 357 1821 haec
371 1794 508 1827 dixerint,
529 1794 691 1823 conﬁtentes
708 1802 763 1822 non
778 1795 888 1830 propria
902 1795 1001 1823 virtute
1012 1817 1019 1829 ,

233 1847 290 1866 non
305 1847 385 1872 arcu,
400 1847 454 1867 non
466 1840 557 1876 gladio
572 1841 688 1868 salutem
704 1840 754 1869 sibi
770 1841 860 1876 parari
875 1861 882 1873 ,
902 1842 949 1869 sed
965 1842 1021 1868 vir-

233 1888 291 1911 tute
315 1891 398 1912 cornu
412 1884 466 1912 sui.
492 1885 603 1912 Cornua
626 1892 709 1920 porro
734 1884 856 1913 Danielis
876 1885 1019 1922 Scriptura

233 1937 317 1965 regna
339 1934 438 1958 vocat:
464 1935 625 1958 sanctorum
649 1939 714 1959 vero
737 1938 823 1958 cornu
837 1931 941 1959 dicitur
960 1933 1019 1967 ipse

233 1975 384 2010 Dominus;
400 1984 486 2012 quare
501 1977 554 2004 ait:
572 1976 606 2003 In
619 1981 643 2004 te
658 1977 777 2004 inimicos
791 1981 894 2004 nostros
908 1978 1019 2005 ventila-

233 2021 319 2048 bimus
336 2030 436 2054 cornu;
453 2022 518 2049 alibi
534 2030 643 2058 quoque
658 2022 759 2050 dicitur
771 2022 922 2051 :Protector
939 2032 1012 2051 meus

232 2073 258 2095 ει
272 2076 352 2094 cornu
366 2069 463 2095 salutis
477 2077 541 2096 mea:
558 2069 592 2096 ⁸⁷.
615 2067 699 2104 igitur
721 2069 780 2103 ipse
796 2077 883 2097 cornu
905 2074 965 2098 est:
985 2077 1017 2097 ac

233 2121 341 2148 quaeras
360 2114 441 2141 velim
464 2121 519 2149 quo
543 2118 622 2149 pacto
644 2115 697 2142 alio
720 2115 749 2142 in
765 2115 826 2143 loco
839 2115 944 2143 dictum
963 2115 1016 2148 sit,

232 2159 370 2194 Confessio
387 2160 443 2194 ejus
461 2168 538 2194 super
559 2160 652 2187 caelum
671 2165 696 2188 et
716 2165 813 2188 terram
827 2182 834 2194 ,
849 2167 874 2189 et
888 2161 1017 2189 exaltabit

232 2213 315 2233 cornu
330 2205 419 2239 populi
434 2205 476 2232 sui
492 2205 526 2238 ⁵⁸,
542 2206 622 2240 quasi
638 2207 708 2234 alius
723 2207 758 2234 sit
774 2207 820 2242 qui
834 2211 1015 2234 memoratum

1115 1563 1142 1590 Ὀ
1154 1563 1236 1596 Θεὸς,
1252 1563 1313 1596 τοῖς
1324 1562 1400 1590 ὠσὶν
1411 1561 1494 1597 ἡμῶν
1508 1563 1688 1597 ἠκούσαμεν.
1709 1564 1780 1590 Ἀντὶ
1794 1563 1854 1590 τοῦ·

1079 1610 1107 1637 ’0
1122 1609 1338 1644 ἐντελλόμενος
1358 1608 1413 1641 τὰς
1432 1609 1579 1642 σωτηρίας
1598 1607 1704 1640 Ἰακὼϐ,
1720 1609 1734 1634 ὀ
1745 1609 1857 1644 Σύμμαρ

1071 1663 1133 1691 χος⁸
1156 1654 1198 1681 Σὺ
1221 1652 1250 1681 εἴ
1269 1655 1286 1681 ό
1311 1654 1463 1686 ,ϐασιλεὺς
1486 1661 1558 1688 μου·
1588 1654 1604 1680 ό
1627 1653 1709 1686 Θεὸς,
1726 1653 1856 1681 ἕντειλαι

1071 1701 1136 1736 περὶ
1152 1700 1208 1735 τῆς
1223 1700 1371 1734 σωτηρίας
1389 1699 1496 1726 Ἰακὼϐ.
1514 1699 1564 1726 Ἐν
1576 1699 1625 1725 σοὶ
1643 1699 1714 1732 τοὺς
1731 1700 1856 1735 ἐχθροὺς

1071 1746 1155 1782 ἡμῶν
1169 1746 1372 1781 κερατιοῦμεν.
1384 1746 1415 1772 Οἱ
1428 1745 1475 1781 μέν
1487 1746 1515 1772 ἐν
1529 1744 1566 1780 τῷ
1579 1744 1635 1781 λαῷ
1649 1745 1854 1781 κατορθοῦντες,

1069 1793 1098 1818 οἵ
1117 1801 1147 1819 τε
1170 1793 1198 1819 ἐν
1217 1791 1291 1827 αὐτῷ
1315 1791 1464 1827 προφῆται,
1481 1790 1567 1816 ταῦτα
1582 1789 1614 1816 ἂν
1637 1789 1738 1817 εἴποιεν
1759 1791 1855 1827 ὁμολο-

1070 1839 1180 1873 γοῦντες
1195 1838 1232 1874 μὴ
1248 1825 1343 1873 οἰκείᾳ.
1356 1825 1479 1873 δυνάμει,
1497 1837 1563 1872 μηδέ
1582 1837 1651 1872 τόξῳ
1667 1836 1713 1863 καὶ
1734 1825 1855 1873 ῥομφαῗα

1070 1885 1175 1916 ἑαυτοῖς
1193 1884 1226 1911 τὰ
1239 1883 1373 1920 σωτηρίας
1394 1883 1603 1919 περιποιεῖσθαι,
1620 1884 1653 1918 τῇ
1665 1883 1693 1909 δὲ
1707 1883 1753 1909 τοῦ
1767 1883 1856 1918 κέρως

1069 1931 1157 1957 αὐτῶν
1170 1930 1290 1966 δυνάμει.
1311 1930 1421 1965 Κέρατα
1434 1929 1461 1955 δέ
1476 1930 1493 1964 ὴ
1511 1928 1558 1955 τοῦ
1576 1928 1673 1964 Δανιὴλ
1689 1929 1784 1964 Γραφὴ
1804 1928 1854 1960 τὰς

1069 1976 1205 2012 βασιλείας
1223 1976 1365 2011 ὀνομάζει·
1389 1975 1443 2002 τῶν
1468 1975 1497 2002 δὲ
1516 1976 1600 2010 ἁγίων
1625 1975 1707 2011 κέρας
1731 1975 1854 2002 λέλεκται

1068 2023 1149 2054 αὐτὸς
1162 2023 1175 2048 ὀ
1195 2022 1296 2058 Κύριος
1308 2031 1314 2037 ⁸
1331 2022 1371 2048 διό
1387 2030 1470 2057 φησι·
1493 2022 1544 2048 Ἐν
1562 2021 1612 2048 σοι
1635 2022 1708 2054 τοὺς
1727 2021 1853 2056 ἐχθροὺς

1067 2069 1152 2103 ἡμῶν
1163 2068 1362 2102 κερατιοῦμεν.
1380 2068 1434 2095 Καὶ
1448 2068 1476 2095 ὲν
1487 2064 1715 2100 ἐτέροιςλέλεκται
1726 2075 1732 2083 ·
1755 2068 1852 2101 Ὑπερ-

1067 2114 1220 2148 ασπιστής
1255 2123 1314 2148 μου
1347 2113 1396 2141 καί
1433 2113 1522 2148 κέρας
1551 2114 1697 2148 σωτηρίας
1731 2122 1790 2148 μου
1814 2113 1849 2140 εἷ.

1067 2161 1162 2188 Τοίνυν
1188 2160 1269 2192 αὑτός
1297 2161 1354 2187 ἐστι
1367 2160 1398 2186 τὸ
1418 2160 1518 2195 κέρας·
1535 2159 1611 2195 ζήτει
1634 2161 1708 2192 ὅπως
1727 2159 1850 2186 λέλεκται

1067 2206 1196 2242 ἀλλαχοῦ·
1228 2207 1259 2235 Ἠ
1285 2206 1502 2241 ἐξομολόγησις
1530 2205 1622 2232 αὐτοῦ
1648 2205 1696 2232 ἐπὶ
1713 2205 1771 2240 τῆς
1800 2205 1850 2232 καὶ

232 2259 318 2279 cornu
334 2252 424 2288 erigit.
447 2251 659 2285 Animadverte,
674 2261 777 2289 quaeso,
799 2261 864 2280 num
881 2253 929 2281 Dei
944 2253 1013 2282 Ver-

1070 2252 1209 2287 οῠρανοῦ,
1238 2253 1287 2280 καὶ
1312 2252 1429 2286 ὑψώσει
1455 2251 1544 2286 κέρας
1577 2251 1654 2278 λαοῦ
1680 2251 1787 2278 αὐτοῦ·
1812 2251 1851 2283 ὼς

231 2296 311 2328 bum,
330 2296 389 2331 ipse
406 2296 555 2330 Dominus,
573 2305 658 2325 cornu
675 2299 766 2333 populi
787 2299 935 2334 perspicue
958 2300 994 2326 sit
1007 2318 1014 2332 ,

231 2348 264 2368 ac
287 2341 332 2376 qui
354 2341 434 2376 erigit
458 2342 542 2375 illud,
564 2341 646 2370 Pater
666 2343 713 2378 qui
736 2343 830 2378 genuit
851 2351 923 2370 eum.
946 2342 1015 2375 Quia

230 2387 303 2414 enim
317 2387 463 2414 humiliavit
477 2388 643 2422 semetipsum
657 2396 737 2423 usque
751 2388 786 2414 ad
802 2393 911 2415 mortem
921 2409 928 2421 ,
944 2396 1016 2414 mor-

231 2437 281 2460 tem
301 2438 387 2460 autem
407 2434 492 2461 crucis
503 2455 511 2467 ,
529 2434 587 2461 ideo
602 2433 671 2461 Deus
688 2435 814 2461 exultavit
829 2435 905 2461 illum
921 2435 954 2467 ",
972 2442 1015 2462 se-

230 2479 350 2507 cundum
365 2480 534 2515 Apostoium.
550 2480 580 2507 In
595 2481 647 2508 hoc
662 2481 752 2515 itaque
768 2488 854 2508 cornu
867 2484 894 2508 et
907 2480 936 2507 in
950 2487 1014 2515 rege

229 2533 281 2553 suo
295 2525 424 2558 ﬁdentes,
441 2526 606 2554 conﬁtentur
622 2535 651 2555 se
666 2534 721 2554 non
738 2534 803 2554 arcu
814 2547 821 2558 ,
839 2534 895 2554 non
908 2526 1010 2562 gladio,

229 2579 284 2599 non
297 2573 407 2607 propria
420 2573 521 2599 virtute
531 2593 538 2604 ,
551 2573 597 2600 sed
612 2573 684 2608 regis
697 2573 739 2600 sui
755 2573 877 2608 potentia
889 2593 897 2606 ,
911 2572 944 2600 de
959 2572 1013 2600 ini-

229 2617 309 2644 micis
325 2617 467 2644 victoriam
486 2622 686 2653 reportaturos.
709 2618 814 2646 Deinde
837 2618 901 2653 quia
920 2619 1011 2653 ipsum

229 2663 373 2691 Dominum
392 2671 441 2698 pro
459 2672 523 2699 rege
537 2668 564 2692 et
578 2672 664 2692 cornu
684 2664 883 2695 obtinuerunt,
900 2663 963 2697 jure
982 2670 1011 2690 se

229 2718 285 2738 non
298 2710 416 2738 inimicis
429 2711 553 2740 subditos
566 2710 639 2744 fore,
652 2709 700 2738 sed
714 2713 893 2745 superaturos
904 2708 1008 2736 dicunt.

1069 2299 1161 2334 ἐτέρου
1176 2298 1250 2330 ὄντος
1262 2299 1308 2324 τοῦ
1321 2298 1450 2332 ὑψοῦντος
1464 2298 1495 2324 τὸ
1506 2297 1740 2333 προδεδηλωμένον
1754 2297 1847 2333 κέρας.

1069 2345 1140 2380 Ὅρα
1154 2342 1200 2371 οὖν
1211 2345 1235 2370 εἰ
1249 2344 1286 2380 μὴ
1300 2343 1393 2378 σαφῶς
1402 2345 1416 2370 ὸ
1430 2343 1497 2370 Θεοῦ
1509 2343 1603 2377 Λόγος,
1617 2343 1697 2374 αὐτὸς
1708 2344 1721 2369 ὁ
1736 2342 1847 2378 Κύριος,

1068 2390 1110 2426 εἴη
1125 2389 1203 2416 me
1216 2390 1300 2425 κέρας
1315 2389 1363 2416 τοῦ
1375 2389 1450 2421 λαοῦ,
1466 2389 1480 2415 ὁ
1495 2388 1524 2415 δὲ
1540 2388 1614 2423 ὑψῶν
1627 2388 1708 2414 αὐτὸν
1721 2388 1735 2414 ὁ
1752 2390 1847 2424 γεννή-

1068 2445 1117 2468 σας
1131 2435 1211 2462 αὺτὸν
1219 2436 1323 2471 Πατήρ.
1344 2435 1452 2470 Ἐπειδὴ
1462 2434 1515 2470 γὰρ
1528 2434 1730 2461 ἐταπείνωσεν
1739 2434 1848 2461 ἑαυτὸν

1063 2481 1151 2516 μέχρι
1167 2481 1305 2514 θανάτου,
1323 2479 1451 2508 θανάτου
1469 2479 1503 2506 δὲ
1522 2478 1665 2513 σταυροῦ,
1681 2478 1728 2505 διὰ
1739 2479 1848 2507 τοῦτοὸ

1068 2527 1138 2560 Θεὸς
1145 2526 1237 2553 αὑτὸν
1245 2527 1431 2560 ὺπερύψωσε,
1441 2527 1510 2552 κατὰ
1517 2526 1560 2552 τὸν
1574 2524 1742 2552 Ἀπόστολον.
1755 2522 1848 2558 Τούτῳ

1065 2570 1111 2598 οὖν
1129 2571 1167 2607 τῷ
1191 2571 1286 2607 κέρατι
1304 2569 1407 2597 ἑαυτῶν
1426 2570 1474 2597 καὶ
1492 2569 1531 2604 τῷ
1548 2568 1652 2605 βασιλεῖ
1673 2567 1845 2604 θαρροῦντες,

1064 2617 1226 2654 ὁμολογοῦσι
1249 2617 1285 2652 μὴ
1309 2616 1388 2651 τόξῳ,
1413 2615 1480 2652 μηδὲ
1503 2615 1641 2651 ῥομφαίᾳ,
1668 2614 1734 2650 μηδὲ
1760 2612 1846 2647 οἰκείᾳ.

1064 2662 1147 2697 ἀρετῇ
1163 2661 1216 2687 τῶν
1231 2660 1335 2696 ἐχθρῶν
1352 2659 1586 2696 περιγενήσεσθαι,
1602 2658 1669 2686 ἀλλὰ
1684 2660 1717 2694 τῇ
1737 2657 1784 2684 τοῦ
1798 2657 1845 2692 βα-

1064 2707 1158 2738 σιλέως
1172 2706 1260 2733 αὐτῶν
1271 2705 1393 2741 δυνάμει.
1406 2704 1462 2733 Εἶτ’
1473 2705 1566 2741 ἐπειδὴ
1579 2704 1689 2740 βασιλέα
1703 2704 1748 2731 καὶ
1762 2703 1845 2739 κέρας

261 2781 285 2799 ³⁸
298 2783 376 2810 .loan.
390 2790 450 2814 vnI,
469 2781 521 2815 £2;
535 2789 592 2816 xw,
604 2781 631 2809 6.
669 2781 691 2798 "
706 2781 778 2809 Psal.
799 2789 866 2813 xm,
882 2781 910 2809 5.
942 2780 966 2796 ⁸⁵
982 2779 1017 2806 Ps

1070 2786 1174 2812 sxum,
1192 2779 1235 2806 14.
1255 2779 1278 2794 ⁸⁵
1292 2778 1409 2815 Philipp.
1421 2787 1452 2812 ll,
1464 2780 1491 2808 8.

263 2849 300 2887 (ᾖ)
317 2850 345 2876 ln
361 2848 462 2887 (imus
476 2847 675 2887 esemplaribus
694 2845 802 2873 additur
816 2843 1020 2887 {baiubguqute
1038 2850 1089 2872 vox
1109 2851 1159 2872 nec
1177 2843 1205 2871 in
1224 2842 1357 2871 Hebraico
1375 2850 1428 2871 nec
1446 2842 1474 2871 in
1490 2841 1604 2879 Vulgata
1626 2843 1733 2881 legitur,
1751 2849 1841 2878 neque

229 2885 257 2912 in
267 2879 386 2912 ‘Eusebii
398 2879 600 2917 cxemplari,‘ut
619 2883 676 2918 ipse
695 2885 838 2913 memorat,
855 2879 1002 2908 ferebatur.

2053 1880 2056 2014 ι
