2056 3214
165 194 218 223 δὸὔ

725 191 974 223 ΟΟᾺΙΜΕΝΤΔΒΙΔ
991 194 1026 222 IN
1044 193 1213 223 PSALMOS.

1239 149 1307 191 νδό

1724 194 1776 223 386

166 252 315 287 ἐκτήσαντο
336 251 417 278 αὐτὸν
446 250 493 278 τδν
506 251 619 288 Κύριον,
634 251 747 285 εἰκότως
763 254 819 285 τοῖς
842 252 946 288 ἐχθροῖς

999 251 1062 279 llaec
1073 258 1139 279 sane
1152 250 1308 287 signiﬁcant
1322 250 1364 278 his
1377 250 1485 280 verbis:
1499 251 1618 280 Saluati
1631 259 1678 279 nos
1688 250 1721 279 de
1735 251 1778 286 af-

167 300 205 333 μὴ
222 297 372 333 ὑποχείριοι
397 297 558 333 γενήσεσθαί
583 306 649 333 φασι
660 306 668 313 ’
686 298 826 334 κρείττους
843 298 872 325 δὲ
894 298 949 325 τῶν

166 343 302 378 πολεμιων
325 343 454 378 ὑπάρξαι.
481 344 565 370 Τοῦτο
586 344 651 378 γοῦν
669 344 776 380 δηλοῦσι
809 344 947 379 λέγοντες·

168 391 309 422 Ἐσωσας
323 389 402 424 ἡμᾶς
410 390 444 416 ἐκ
458 389 516 416 τῶν
530 391 691 418 θλιϐόντων
710 390 799 425 ἡμᾶς,
816 391 865 417 καὶ
879 391 949 423 τοὺς

163 433 331 469 μισοῦντας
353 433 431 468 ἡμᾶς
457 435 659 469 κατῄσχυνας.
682 436 738 462 Καὶ
756 436 903 471 ἐπειδήπερ
923 437 948 462 οἱ

167 481 215 516 μὲν
231 479 323 514 ἐχθροὶ
339 480 469 515 αἰσχύνην
485 481 656 516 κατεχέαντο,
670 482 746 509 αὐτοὶ
761 482 789 508 δὲ
799 482 848 509 οὐκ
861 482 948 517 οἰκείᾳ

165 526 288 562 δυνάμει,
306 528 338 562 τῇ
353 526 380 553 δὲ
392 527 439 553 τοῦ
457 527 543 562 κέρως
555 528 643 554 αὐτῶν
661 528 801 563 ἐσώθησαν
812 537 819 543 ·
837 528 948 560 εἰκότως

166 573 376 600 ἑπισυνάπτουσι
399 572 537 607 λέγοντες’
567 575 618 601 Ἐν
634 574 674 607 τῷ
703 574 763 607 Θεῷ
790 575 947 608 ἐπαινεθη-

165 619 277 654 σόμεθα
291 619 367 653 ὅλην
376 619 433 654 τὴν
447 619 560 654 ἡμέραν
572 628 578 635 ’
592 620 608 655 ἢ
623 620 692 647 κατὰ
701 620 746 647 τὸν
761 620 885 651 Ἀκύλαν,
901 620 947 646 Ἐν

166 665 204 698 τῷ
222 665 283 698 Θεῷ
299 667 524 701 καυχησόμεθαο
543 666 558 701 ἢ
574 667 643 693 κατὰ
656 667 701 693 τὸν
717 667 871 702 Σύμμαχον,
892 666 947 694 Τὸν

167 710 240 737 Θεὸν
250 711 403 746 ὑμνοῦμεν
413 711 489 745 ὅλην
503 711 560 745 τὴν
574 712 696 746 ἡμέραν,
712 712 760 739 καὶ
773 712 812 745 τῷ
824 712 947 747 ὀνόματί

165 763 223 782 σου
233 755 511 791 ἐξομολογησάμεθα
535 758 578 789 εἰς
594 757 646 783 τὸν
660 757 760 784 αἰῶνα.
778 758 832 793 Τὴν
852 758 880 784 δὲ
904 757 947 791 ἐξ·

165 802 324 838 ομολόγησιν
334 802 394 829 ἀντὶ
408 803 580 838 εὐχαριστίας
591 803 810 839 παραλαμϐάνειν
820 802 945 829 εἰώθασιν

165 849 193 874 αἱ
209 848 406 883 Γραφαί·ὦστε
420 849 530 880 εἰκότως
547 842 760 883 καὶ’καυχᾶσθαι
777 849 823 875 καὶ
840 849 944 883 ὑμνεῖν,

165 893 211 919 καὶ
220 893 342 920 ἐπαινεῖν
349 893 395 919 καὶ
403 893 578 925 ἐπαινεῖσθαι,
587 894 755 929 εὐχαριστεῖν
766 902 792 920 τε
800 893 846 920 καὶ
852 893 945 928 ἐξομο-

998 298 1148 334 fligentibus
1172 305 1217 325 nos
1227 317 1235 329 ,
1258 303 1282 324 et
1297 295 1412 324 odientes
1426 305 1474 325 nos
1490 297 1644 332 confudisti.
1659 297 1693 326 Et
1713 299 1778 334 quia

999 344 1103 372 inimici
1120 343 1228 379 quidem
1244 343 1270 370 in
1286 351 1332 371 eos
1347 344 1523 378 opprobrium
1538 344 1709 378 effuderant;
1725 345 1778 380 ipsi

997 399 1063 418 vero
1078 399 1131 418 non
1143 390 1256 426 propria
1272 391 1389 423 virtute,
1405 390 1451 417 sed
1465 398 1550 417 cornu
1565 392 1605 418 sui
1619 391 1778 419 fortitudine

998 437 1114 464 salutem
1138 436 1256 464 assecuti
1280 441 1363 467 sunt;
1386 435 1483 463 merito
1506 436 1562 463 haec
1577 436 1727 471 adjiciunt:
1745 437 1777 464 In

999 482 1051 510 Deo
1067 482 1236 509 laudabimur
1250 487 1306 509 tota
1319 482 1381 514 die;
1406 485 1451 509 aut
1472 483 1619 510 secundum
1636 483 1775 518 Aquilam:

1000 528 1031 555 lu
1048 529 1100 556 Deo
1114 528 1308 564 glariabimur;
1325 529 1383 556 sive
1400 528 1549 556 secundum
1566 528 1775 565 Symmachum:

997 574 1080 601 Deum
1095 573 1282 601 celebrabimus
1301 579 1357 602 tota
1376 573 1434 606 die,
1449 579 1474 602 et
1489 575 1588 601 nomini
1609 579 1652 601 tuo
1669 575 1777 608 con/ite-

997 619 1084 646 bimur
1099 619 1126 646 in
1141 624 1277 646 wternum.
1292 618 1499 646 Confessionem
1515 627 1598 654 porro
1611 627 1660 654 pro
1675 619 1777 654 gratia-

996 673 1056 692 rum
1070 665 1176 692 actione
1191 672 1325 699 usurpare
1340 663 1489 699 Scriptura:
1503 665 1591 692 solent
1606 674 1613 699 ;
1630 666 1667 692 ita
1681 668 1709 691 ιιι
1723 671 1780 691 me-

996 711 1066 743 rito,
1089 710 1219 746 gloriari,
1236 710 1352 746 hymnos
1373 710 1528 743 celebrare,
1544 710 1655 738 laudare
1675 715 1702 737 et
1718 710 1777 737 lau-

996 757 1054 783 dari
1066 777 1073 788 ,
1085 756 1186 791 gratias
1200 764 1279 791 agere
1291 761 1315 783 et
1329 756 1451 783 eoullteri
1465 756 1572 787 dicant,
1584 755 1684 791 quibus
1695 754 1776 790 Regis

996 801 1038 829 sui
1059 802 1160 828 virtute
1182 805 1259 836 parta
1283 801 1359 829 salus
1379 801 1442 828 fuit.
1459 800 1512 828 Sed
1533 801 1592 829 hac
1613 800 1722 836 quidem
1743 807 1777 827 ex

996 855 1112 882 persona
1130 847 1205 874 ebori
1225 847 1376 881 prophetici
1393 847 1465 874 dicta
1478 849 1554 875 sunt.
1573 845 1639 881 Quae
1655 853 1718 874 vero
1730 846 1778 873 de-

995 893 1058 920 inde
1072 893 1195 920 feruntur
1211 893 1291 920 iidem
1306 900 1420 927 rursus,
1435 887 1617 920 multitudinis
1631 900 1712 920 casus
1725 891 1776 920 sibi

164 938 299 973 λογεῖσθαι
308 939 333 965 οἱ
347 939 552 974 σεσωσμένοιτῇ
560 939 606 966 τοῦ
625 939 754 974 βασιλέως
764 939 852 966 αὐτῶν
860 940 943 974 ἀρετῇ

996 938 1163 966 ascribentes
1173 957 1181 970 ,
1196 942 1336 965 enarrant.

163 993 255 1020 φασιν.
275 985 354 1012 Ἀλλὰ
368 985 451 1011 ταῦτα
469 985 517 1019 μὲν
533 985 564 1011 ὲκ
581 985 725 1020 προσώπου
740 985 786 1012 τοῦ
808 985 888 1020 χοροῦ
908 993 962 1011 των
979 984 1124 1020 προφητῶν
1142 984 1263 1020 εἴρηται”
1276 984 1309 1011 τὰ
1322 984 1344 1011 δ’
1360 985 1424 1020 ἑξῆς
1442 984 1625 1021 ἐπιφερόμενα
1646 984 1726 1012 πάλιν
1750 985 1775 1011 οἱ

162 1034 250 1066 αὐτοὶ,
270 1033 474 1068 ἰδιοποιούμενοι
500 1033 534 1059 τὰ
558 1033 596 1068 τῷ
610 1033 708 1068 πλήθει
737 1032 945 1068 συμῧεὸηκότα,

196 1081 273 1109 Νυνὶ
297 1081 331 1108 δὲ
358 1080 467 1108 ἀπώσω
492 1081 541 1107 καὶ
562 1081 756 1116 κατῄσχυνας
776 1080 865 1115 ἡμᾶς,
895 1080 943 1107 καὶ

162 1130 218 1156 οὐκ
230 1128 377 1161 ἐξελε-ὕσῃ
398 1128 432 1154 ἐν
448 1127 511 1160 ταῖς
526 1127 692 1162 δυνάμεσιν
708 1127 800 1162 ἡμῶν.
825 1127 900 1153 Ἐπεὶ
914 1126 945 1152 τὸ

163 1175 264 1210 πλῆθος
270 1174 316 1201 τοῦ
330 1175 428 1205 παντὸς
444 1174 575 1200 Ἰουδαίων
584 1174 684 1206 ἔθνους,
698 1175 725 1200 ὲν
734 1173 871 1204 παντοίαις
882 1174 945 1200 ἀσε-

161 1220 249 1252 ϐείαις
265 1220 312 1247 καὶ
321 1220 501 1255 παρανομίαις
509 1219 699 1255 ἐξητασμένον,
709 1220 757 1246 οὐκ
765 1217 798 1255 ἦν
805 1219 944 1254 ἀλλότριον

162 1264 209 1291 τοῦ
225 1263 350 1300 σώματος
361 1265 408 1291 τοῦ
419 1265 599 1300 προφητικοῦ,
615 1265 726 1296 εἰκότως
745 1265 778 1291 τὰ
798 1264 836 1299 τῷ
849 1264 943 1300 πλήθει

163 1311 304 1346 συμϐάντα
333 1311 536 1346 ἰδιοποιούμενοι
560 1312 584 1338 οἱ
605 1311 640 1338 τὰ
666 1311 762 1347 πρῶτα
785 1311 944 1347 εἰρηκότες,

164 1357 247 1392 μέσου
265 1357 448 1392 διαψάλματος
465 1358 710 1394 παρεμϐληθέντος,
733 1359 772 1388 εἰς
793 1358 944 1393 παράτασιν

162 1402 212 1438 τῆς
228 1403 378 1438 μεταϐολῆς
399 1403 452 1430 τῶν
471 1403 675 1438 λεχθησομένων
698 1403 888 1439 προφέρονται.
913 1403 944 1430 Οἱ

165 1450 214 1484 μὲν
227 1446 272 1484 οὖν
286 1449 402 1484 πατέρες
416 1449 493 1484 ἡμῶν
507 1449 668 1484 ἀνήγγειλαν
679 1451 755 1485 ἡμῖν,
763 1450 871 1480 καὶτοῖς
879 1450 945 1484 ἡμε-

162 1492 251 1527 τέροις
275 1491 408 1527 ἠκούομεν
435 1492 501 1519 ὠσὶν
530 1494 608 1519 ὁποῖα
635 1493 806 1528 κατειργάσω
831 1493 859 1518 ἐν
885 1493 943 1523 ταῖς

163 1536 279 1572 ἡμέραις
295 1536 394 1569 αὐτῶν,
412 1537 459 1563 καὶ
478 1537 511 1563 τὰ
525 1536 597 1572 ἑξῆς.
615 1537 681 1563 Νυνὶ
696 1537 725 1563 δὲ
744 1536 891 1571 ὀφθαλμοῖς
913 1537 942 1563 οὺ

162 1583 274 1610 τοιαῦτα
300 1573 482 1618 ὁρῶμεν-’τὰ
504 1583 532 1609 δὲ
553 1583 655 1615 τούτοις
681 1583 798 1609 ἐναντία.
829 1582 943 1609 ’Λπώσω

163 1626 217 1663 γὰρ
233 1628 315 1663 ἡμᾶς,
340 1629 371 1654 σὺ
384 1629 397 1655 ὁ
418 1628 492 1661 Θεὸς,
508 1629 521 1654 ὁ
539 1628 621 1655 πάλαι
645 1628 707 1659 τοὺς
724 1627 843 1663 πατέρας
863 1626 941 1662 ἡμῶν

163 1671 305 1705 διασώσας,
319 1673 362 1700 διὰ
392 1674 440 1706 τὰς
460 1674 595 1710 ἡμετέρας
617 1674 752 1709 ἁμαρτίας
777 1674 838 1704 τοὺς
860 1672 941 1699 πάλαι

965 1032 1158 1068 διεξέρχονται.

1029 1079 1112 1107 Vens.
1133 1079 1176 1106 10.
1207 1079 1286 1106 Nune
1316 1084 1404 1107 autem
1432 1079 1551 1114 repulisti
1578 1083 1601 1106 et
1632 1078 1775 1112 confudisti

994 1134 1040 1152 nos
1051 1144 1058 1158 ,
1078 1130 1102 1152 et
1117 1133 1169 1152 non
1186 1126 1326 1161 egredieris
1339 1145 1346 1157 ,
1362 1125 1432 1152 Deus
1444 1144 1451 1157 ,
1464 1125 1491 1152 in
1504 1124 1642 1152 virtutibus
1657 1121 1754 1150 nostris
1765 1142 1774 1155 ,

994 1175 1047 1198 etc.
1064 1171 1198 1204 Quoniam
1216 1171 1363 1198 multitudo
1384 1171 1468 1198 totius
1492 1171 1582 1205 populi
1605 1169 1728 1202 Iudaici,
1747 1170 1774 1196 in

993 1217 1066 1244 omni
1088 1217 1237 1252 impietatis
1258 1221 1285 1244 et
1306 1217 1489 1252 improbitatis
1516 1222 1615 1251 genere
1636 1216 1774 1245 volutata.

994 1271 1050 1290 non
1076 1264 1165 1291 aliena
1188 1267 1248 1291 erat
1272 1271 1286 1290 a
1309 1271 1426 1298 corpore
1446 1263 1657 1298 prophetarum,
1684 1261 1774 1297 populi

993 1317 1129 1337 :erunmas
1150 1310 1202 1337 sibi
1224 1310 1349 1344 proprias
1369 1310 1549 1337 attribuenles
1564 1309 1611 1344 qui
1635 1308 1774 1343 superiora

993 1356 1134 1386 dixerant.
1152 1355 1315 1382 intermedio
1332 1355 1510 1389 diapsalmate
1521 1373 1529 1385 ,
1545 1354 1576 1380 ad
1595 1353 1773 1380 mutationem

995 1408 1091 1427 eorum
1123 1407 1183 1434 quae
1199 1399 1370 1434 postmodum
1388 1399 1477 1426 fusius
1493 1398 1593 1425 dicturi
1611 1401 1693 1429 sunt,
1714 1404 1775 1424 sese

992 1450 1113 1473 vertunt.
1136 1444 1231 1472 Patres
1254 1445 1345 1479 itaque
1364 1444 1452 1472 nostri
1473 1444 1704 1470 annuutiaverunt
1725 1449 1775 1469 no-

993 1491 1036 1519 bis
1046 1511 1053 1523 ,
1070 1499 1101 1517 ac
1117 1498 1167 1518 nos
1181 1490 1248 1525 ipsis
1262 1490 1375 1517 auribus
1389 1489 1542 1516 audivimus
1553 1509 1560 1520 ,
1575 1488 1666 1523 qualia
1679 1493 1774 1522 operc-

994 1539 1038 1563 lus
1062 1536 1100 1563 sis
1122 1535 1150 1562 in
1172 1535 1271 1562 diebus
1292 1542 1385 1562 eorum
1398 1554 1404 1566 ,
1422 1538 1448 1561 et
1464 1538 1573 1561 emtera.
1590 1533 1668 1560 Nunc
1685 1536 1774 1560 autent

992 1589 1042 1608 nos
1059 1588 1229 1616 nequaquam
1245 1581 1344 1608 similia
1366 1580 1505 1611 videmus,
1524 1580 1572 1607 sed
1592 1580 1626 1606 iis
1641 1579 1774 1614 opposita.

991 1626 1031 1654 Tu
1044 1635 1170 1663 namque,
1184 1627 1265 1658 Deus,
1278 1627 1323 1661 qui
1337 1627 1400 1653 olim
1417 1630 1507 1661 patres
1520 1631 1630 1654 nostros
1642 1625 1775 1658 servasti,

993 1678 1103 1708 propter
1124 1677 1234 1707 peccata
1250 1677 1343 1700 nostra
1360 1672 1483 1707 repulisti
1498 1679 1564 1704 nos,
1582 1679 1629 1699 eos
1644 1671 1690 1706 qui
1707 1671 1734 1698 in
1749 1674 1776 1699 te

164 1718 211 1744 ἐπὶ
228 1719 269 1744 σοὶ
289 1719 358 1754 μέγα
378 1719 540 1754 φρονοῦντας
551 1739 558 1751 ,
576 1720 622 1746 καὶ
645 1721 673 1745 ἐν
693 1720 734 1745 σοὶ
752 1720 941 1754 καυχωμένους

995 1719 1056 1746 olim
1068 1719 1208 1754 magniﬁce
1219 1719 1382 1747 sentiebant.
1395 1719 1458 1746 etin
1472 1722 1497 1745 te
1508 1717 1703 1753 gloriabantur,
1715 1724 1777 1744 con-

164 1763 349 1801 κατῄοχυνας,
376 1766 495 1800 ἐρήμους
524 1765 679 1793 καταλιπὼν
707 1766 753 1791 καὶ
777 1765 942 1801 ἀϐοηθήτους

163 1810 192 1836 ὲν
219 1811 251 1845 τῇ
274 1811 342 1846 πρὸς
367 1812 431 1842 τοὺς
460 1811 602 1846 πολεμίους
633 1811 763 1847 συμϐολῇ.
798 1811 863 1838 Οὐδὲ
890 1811 943 1846 γὰρ

163 1855 348 1889 σι’νεξῆλθες
373 1855 436 1888 ταῖς
459 1855 624 1890 δυνάμεσιν
648 1855 748 1890 ἡμῶν·
773 1856 876 1891 ἢκατὰ
898 1856 943 1882 τὸν

163 1901 318 1936 Σύμμαχον,
332 1901 393 1935 τοῖς
403 1902 622 1936 στρατεύμασιν
634 1900 716 1936 ἡμῶν
742 1902 796 1929 Καὶ
808 1902 853 1928 διὰ
866 1902 944 1928 τοῦτο

163 1946 352 1980 ἀπέστρεψας
363 1945 440 1981 ἡμᾶς
450 1948 491 1979 εἰς
502 1948 537 1974 τὰ
546 1947 641 1973 ὀπίσω
653 1948 731 1981 παρὰ
741 1947 811 1980 τοὺς
820 1948 944 1982 ἐχθροὺς

165 1992 262 2027 ἡμῶν·
272 1993 300 2026 ἢ,
314 1993 384 2019 κατὰ
395 1994 440 2019 τὸν
454 1993 600 2029 Σύμμαχον
611 2002 617 2008 ³
631 1994 759 2026 Ἕταεας
772 1992 945 2028 ήμᾶςέσχά-

163 2048 233 2073 τους
248 2040 361 2072 παντὸς
382 2040 537 2072 ἐναντίου,
563 2041 612 2067 καὶ
633 2042 660 2067 al
680 2041 842 2075 μισοῦντες
866 2040 944 2074 ἡμᾶς

162 2085 375 2120 διαρπάζουσιν
395 2087 521 2120 ἑαυτοῖς.
534 2087 669 2120 Ἔδωκας
684 2087 762 2122 ἡμᾶς
777 2088 816 2119 ὠς
828 2087 944 2120 βοσκή-

160 2139 239 2167 ματα
250 2132 400 2166 βρώσεως,
417 2133 464 2159 καὶ
479 2134 522 2166 εἰς
538 2133 573 2160 τὰ
585 2133 656 2167 ἔθνη
670 2133 836 2168 ἐλίκμησας
855 2132 943 2168 ἡμᾶς.

169 2177 287 2205 Ἀπέδου
310 2179 362 2205 τὸν
391 2180 468 2206 λαόν
489 2187 547 2206 σου
577 2181 632 2214 οὺχ
650 2179 813 2213 ὑπάρξεως,
835 2180 883 2206 καὶ
909 2181 944 2206 οὐ

163 2222 284 2257 πολλὴν
305 2224 451 2258 ἐποίησας
472 2224 529 2259 τὴν
546 2224 635 2259 τιμὴν
656 2224 769 2252 αὐτῶν·
789 2227 944 2259 προπηλα-

162 2269 272 2304 κισμὸν
309 2271 384 2304 μετὰ
428 2270 602 2306 χλευασμοῦ
637 2271 699 2304 τοῖς
724 2272 825 2302 κύκλῳ
851 2271 943 2306 ἡμῶν.

169 2315 329 2349 Ἐποίησας
348 2317 426 2352 ἡμεῖς
441 2317 615 2351 παραϐολὴν
633 2317 668 2343 ἐν
688 2317 749 2350 τοῖς
769 2317 883 2348 ἔθνεσι,
902 2318 945 2343 κί-

162 2369 254 2395 νησιν
267 2361 402 2396 κεφαλῆς
416 2363 451 2390 ὲν
466 2364 531 2396 ταῖς
550 2363 670 2398 φυλαῖς.
690 2364 729 2390 Δι’
750 2363 823 2397 ὅλης
836 2364 946 2398 ἡμέρας

164 2408 183 2441 ἠ
195 2408 407 2442 ἀσχημόνησίς
425 2418 484 2444 μου
504 2409 642 2443 ἄντικρύς
662 2419 731 2444 μου,
750 2411 797 2436 καὶ
813 2412 829 2437 ό
849 2418 946 2436 καται-

163 2455 303 2489 σχυμμὸς
324 2455 378 2481 τοῦ
399 2455 560 2489 προσώπου
578 2465 638 2490 μου
666 2456 810 2483 καλύπτει
833 2465 871 2491 με
888 2455 947 2482 ἀπὸ

163 2498 266 2532 φωνῆς
288 2499 481 2533 ὀνειδίζοντος
511 2501 560 2527 καὶ
587 2501 861 2536 βλασφημοῦντος,
889 2501 948 2528 ἀπὸ

997 1764 1100 1796 [υᾱὶειί,
1114 1768 1194 1799 atque
1207 1765 1233 1791 iu
1245 1772 1394 1799 congressu
1409 1772 1470 1791 cum
1485 1764 1603 1790 inimicis
1614 1763 1736 1791 desertos
1749 1766 1777 1790 et

994 1819 1044 1845 ope
1064 1819 1164 1838 vacuos
1186 1811 1324 1838 dimisisti.
1341 1810 1432 1845 Neque
1451 1810 1522 1837 enim
1538 1818 1656 1845 egressus
1672 1818 1698 1836 es
1716 1817 1776 1836 cum

994 1856 1132 1883 virtutibus
1144 1857 1251 1887 nostris,
1261 1857 1328 1887 sive,
1340 1855 1489 1884 secundum
1504 1855 1707 1890 Symmachum,
1717 1863 1775 1881 eum

994 1902 1150 1928 exercitibus
1167 1902 1276 1928 nostris.
1295 1901 1411 1936 Ideoque
1434 1901 1551 1927 avertisti
1572 1909 1618 1927 nos
1632 1905 1774 1927 retrorsum

993 1952 1050 1981 post
1064 1947 1182 1974 inimicos
1195 1952 1297 1973 nostros
1309 1955 1317 1978 ,'
1330 1947 1388 1978 vel,
1403 1947 1551 1974 secundum
1564 1945 1754 1982 Symmachum
1767 1955 1775 1974 :

996 1993 1134 2021 Ordinasti
1148 2001 1193 2019 nos
1208 1992 1315 2019 ultimos
1328 1993 1444 2019 omnium
1457 1992 1667 2019 adversariorum
1677 2013 1684 2025 ,
1697 1997 1721 2019 et
1732 1994 1777 2028 qui

995 2040 1104 2067 oderunt
1119 2048 1176 2071 nos,
1187 2039 1313 2073 diripiunt
1328 2039 1388 2066 sibi.
1403 2038 1504 2065 Dedisti
1515 2047 1561 2064 nos
1568 2043 1595 2065 ut
1613 2046 1688 2072 pecus
1704 2039 1772 2074 quod

995 2085 1148 2117 rotneditur.
1158 2086 1217 2112 etin
1228 2090 1314 2120 gentes
1326 2085 1457 2112 ventilasti
1473 2093 1530 2112 nos.
1540 2085 1685 2112 Tradidisti
1696 2093 1777 2120 popuo

996 2131 1050 2157 lum
1064 2135 1138 2157 tuum
1150 2130 1206 2157 sine
1218 2130 1376 2162 substantia,
1389 2138 1433 2156 nec
1445 2130 1556 2156 multum
1570 2129 1655 2164 {eriin
1665 2131 1778 2165 pretium

996 2184 1107 2204 eorum:
1122 2177 1290 2211 opprobrium
1309 2185 1365 2204 cum
1383 2176 1505 2203 irrisione
1517 2176 1550 2203 iis
1564 2177 1608 2211 qui
1619 2177 1716 2203 circum
1731 2185 1777 2204 nos

996 2227 1066 2250 sunt.
1085 2221 1183 2249 Feciin
1198 2231 1244 2249 nos
1261 2222 1417 2257 parabolam
1428 2223 1454 2248 in
1470 2221 1588 2256 gentibus
1599 2242 1606 2254 ,
1624 2223 1778 2248 commotio-

996 2277 1053 2296 uem
1068 2269 1163 2303 capitis
1175 2269 1201 2295 in
1217 2268 1345 2295 tribubus.
1366 2267 1417 2294 Per
1433 2273 1514 2294 totum
1529 2268 1596 2294 diem
1612 2267 1777 2301 opprobrium

998 2323 1084 2341 meum
1109 2319 1202 2341 contra
1223 2322 1263 2341 me
1286 2320 1344 2345 est,
1367 2318 1391 2340 et
1413 2313 1499 2348 pudor
1521 2312 1606 2339 vultus
1627 2312 1677 2339 mei
1697 2314 1778 2347 operit

998 2370 1038 2388 me
1049 2382 1056 2393 ,
1074 2369 1090 2388 a
1107 2369 1166 2388 voce
1195 2360 1378 2394 exprobrantis
1395 2364 1419 2386 et
1436 2358 1638 2393 blasphemamis
1652 2378 1659 2390 ,
1678 2367 1694 2385 a
1711 2358 1778 2393 facie

998 2409 1100 2435 inimici
1125 2412 1149 2435 et
1179 2407 1328 2433 ulciscentis
1351 2414 1387 2433 se.
1414 2405 1476 2432 Haec
1499 2409 1554 2431 tam
1577 2405 1661 2431 multa
1680 2407 1780 2432 chorus

995 2455 1168 2490 propheticus
1192 2454 1218 2479 in
1241 2460 1290 2480 sua
1310 2452 1343 2478 ad
1363 2451 1446 2479 Deum
1468 2451 1681 2485 supplicatione.
1704 2452 1778 2477 cala-

997 2501 1105 2527 mitates
1135 2499 1228 2535 populi
1258 2498 1399 2526 ascribens
1428 2497 1502 2528 sibi,
1534 2501 1696 2532 prosecutus
1725 2501 1776 2524 est.

963 2393 984 2420 Ι)

163 2543 325 2577 προσώπου
345 2545 452 2579 ἐχθροῦ
479 2546 527 2572 καὶ
551 2547 747 2581 τιμωροῦντος
772 2547 876 2579 ἐαυτῷ.
900 2547 946 2573 Το-

997 2545 1244 2572 Commonstratum
1268 2544 1358 2579 itaque
1374 2547 1416 2571 est
1432 2550 1491 2578 qua:
1509 2550 1593 2570 causa
1615 2543 1682 2578 ipsis
1701 2543 1779 2571 ﬂetus

165 2589 252 2616 σαῦτα
262 2590 333 2616 κατὰ
352 2590 397 2617 τὸν
417 2591 563 2626 Σύμμαχον
578 2593 592 2618 ὁ
607 2592 685 2627 χορὸς
705 2593 718 2619 ὁ
738 2593 904 2628 προφητικὺς
921 2592 946 2617 ἐκ.

999 2592 1026 2618 in
1045 2583 1262 2626 prmcddeutibus
1280 2590 1372 2618 fuerit.

164 2636 197 2671 τῇ
210 2635 277 2671 πρὸς
288 2636 332 2663 τὸν
359 2637 424 2663 Θεὸν
443 2638 566 2674 ἱκετηρία
595 2639 742 2674 διεξῆλθεν,
757 2640 795 2672 εις
822 2639 917 2665 ἑαυτὸν
946 2638 1142 2674 ἀναλαμϐάνων
1164 2637 1198 2664 τὰ
1212 2637 1260 2664 τοῦ
1281 2637 1345 2664 λαοῦ
1365 2636 1449 2671 πάθη.
1473 2636 1671 2671 Σεσαφήνισται
1692 2635 1779 2662 τοίνυν

165 2681 194 2708 ὲν
218 2683 274 2713 τοϊς
302 2684 490 2718 προκειμένοις
515 2685 548 2711 δι’
569 2686 602 2720 ἣν
628 2685 778 2721 ἔμπροσθεν
804 2685 1003 2712 ἀπεκλαύσατο.

201 2729 297 2756 Ταῦτα
313 2729 410 2757 πάντα
426 2731 519 2765 ἦλθεν
533 2732 579 2767 ἐφ’
595 2732 680 2767 ἡμᾶς,
698 2734 746 2761 καὶ
766 2735 821 2761 οὐκ
839 2735 945 2760 ἐπελα-

164 2775 273 2810 θόμεθά
283 2784 350 2804 σου,
381 2778 485 2813 Ὥσπερ
507 2779 689 2814 ἁσεϐήσαντός
721 2789 784 2806 ποτε
812 2781 858 2806 τοῦ
881 2779 945 2806 λαοῦ

165 2820 212 2847 ἐπὶ
226 2821 275 2856 τῆς
288 2822 336 2857 ὲρή
341 2831 402 2857 μου,
420 2822 513 2850 ἔπειτα
530 2824 724 2859 παραδοθέντος
739 2825 778 2860 τῷ
790 2825 848 2851 ὀλοθ
854 2827 945 2860 ρευτῇ,

163 2865 254 2892 λαϐὼν
274 2865 378 2901 Ἀαρὼν
393 2866 424 2892 τὸ
440 2866 616 2903 Θυμιατήριον
628 2869 812 2904 προσήνεγκεν
821 2869 890 2903 ὑπὲρ
900 2868 946 2894 τοῦ

165 2910 229 2937 λαοῦ
246 2911 275 2938 τὸ
291 2911 424 2947 θυμίαμα·
442 2913 599 2949 statiqu
611 2915 629 2941 ο
644 2914 709 2946 Θεὸς
740 2914 778 2950 τῷ
794 2914 888 2950 πλήθει
904 2914 946 2941 διὰ

1033 2731 1116 2759 Vens.
1133 2731 1177 2758 18-
1200 2731 1264 2758 [huc
1286 2731 1374 2757 omnia
1402 2735 1523 2757 venerunt
1552 2738 1629 2764 super
1659 2737 1715 2759 nos.
1734 2737 1779 2756 nec

998 2778 1073 2806 obliti
1087 2787 1177 2805 sumus
1190 2782 1222 2805 ιε.
1244 2776 1474 2810 Quemadmodum
1493 2777 1556 2805 olim
1580 2784 1641 2803 cum
1663 2775 1779 2810 populus

999 2823 1081 2858 impie
1103 2823 1203 2858 egisset
1228 2823 1255 2850 in
1273 2822 1391 2854 deserto,
1408 2830 1439 2849 ac
1455 2822 1552 2849 deinde
1574 2821 1777 2849 exterminatori

1001 2869 1117 2896 traditus
1135 2869 1242 2900 luisset,
1257 2872 1398 2902 assumpto
1411 2868 1502 2895 Aaron
1521 2867 1669 2898 tlmribulo,
1685 2867 1776 2893 incen-

1000 2922 1060 2943 sum
1084 2921 1133 2950 pro
1155 2915 1255 2950 populo
1280 2915 1415 2948 adolevit,
1441 2921 1473 2942 ac
1496 2918 1605 2949 propter
1628 2911 1779 2940 sacerdotis
