2064 3212
319 184 370 212 39!

659 181 793 210 EUSEBII
812 180 1050 210 CESARIENSIS
1068 180 1144 210 ΟΡΡ.
1166 180 1256 208 PARS
1289 179 1334 208 ill.
1352 195 1388 200 -——
1407 177 1611 206 EXEGETICA.

1878 179 1929 207 592

321 243 347 272 Ι.
367 242 402 271 IN
420 241 535 271 FINEM.
555 240 624 269 PRO
637 241 681 268 IIS
693 241 756 274 QUI’
771 239 1096 272 COMMUTABUNTUR,

1161 239 1202 267 ειε
1216 239 1260 266 το
1274 237 1483 274 momnis;
1498 234 1929 274 ερΝΑᾼΑριρθηέερνειιρε

356 278 454 306 FILIIS
481 276 585 308 CORE.
615 277 661 304 AD
688 275 950 309 INTELLECTUM,
980 275 1098 304 CANTI—

353 314 425 342 CUM
444 313 513 340 PRO
532 312 677 340 DlLECTO
696 312 788 339 XLIV.

353 358 437 386 Vens.
452 352 638 386 2.'Eructavit
653 366 698 388 cor
712 366 797 384 meum
813 366 916 384 vernum
932 356 1038 388 bonum,
1057 355 1100 381 di-

319 412 349 431 co
370 411 417 438 ego
440 411 518 437 opera
538 411 596 429 mea
609 402 672 436 regi.
689 401 790 438 Lingua
805 411 862 430 mea
876 402 994 429 calamus
1008 401 1101 428 scriba

318 450 441 477 velociter
455 449 602 476 scribentis.
621 448 672 481 Qui
693 448 721 476 in
742 449 930 484 superioribus
946 452 986 474 tot
998 451 1102 474 tantas-

319 503 372 530 que
387 495 521 530 laerymas
543 493 705 526 eﬂ'uderant,
719 494 775 529 jam
789 502 839 530 pro
853 495 976 530 pristinis
995 494 1102 522 ﬂetibus

319 541 428 568 cantica
452 545 479 567 et
503 541 654 567 cantilenas
680 539 774 572 edunt,
797 545 941 569 narrantes
964 544 1102 568 auctorem

319 587 372 614 sibi
396 586 554 615 mutationis
576 594 591 613 a
613 587 736 622 pristinis
753 587 953 615 calamitatibus
968 587 1103 614 Dilectum

320 632 367 660 Dei
384 632 479 664 fuisse,
495 641 576 668 quem
590 632 650 660 ideo
666 633 693 660 in
709 633 761 661 hoc
778 637 835 660 toto
857 635 965 661 cantico
980 633 1105 660 laudibus

320 677 446 706 elferunt.
466 678 501 704 At
525 678 652 713 quoniam
677 677 771 706 isthacc
797 679 877 714 longo
902 684 963 714 post
984 683 1106 713 tempore

320 728 451 752 eventura
462 729 548 756 erant.
559 724 621 759 jure
635 724 686 751 hoc
697 725 787 757 titulo,
799 725 832 752 In
840 726 928 760 ﬁnem,
937 725 1106 760 prophetiam

321 771 440 802 donant;
457 771 514 806 sive
530 770 687 804 triumphale
703 772 846 803 canticum,
868 775 915 798 aut
929 771 1046 798 victoria:
1058 779 1108 797 au-

321 816 398 847 (tori,
414 807 576 853 insqﬁt,
593 816 627 842 ob
643 820 735 850 partas
757 816 863 843 scilicet
874 816 907 843 de
921 816 1108 851 spiritualibus

330 861 449 888 inimicis
467 847 611 900 Lyq'abrias.
627 847 716 889 Titulo
740 865 830 889 autem
853 847 1016 892 addiderunt
1032 862 1106 894 illud,

1184 275 1260 301 ΤΟΙΣ
1275 274 1365 300 ΥΙΟΙΣ
1383 272 1484 300 ΚυΡΕ.
1498 271 1552 297 ΕΙΣ
1569 270 1726 303 ΣΥΝΕΣΙΝ,
1749 271 1813 296 ΩΔΗ
1841 270 1930 297 ΥΠΕΡ

1186 310 1253 336 ΤΟΥ
1269 307 1454 335 ΔΓΑΠΗΤΟΥ
1467 305 1532 334 MA'.

1192 354 1389 389 Ἐξηρεύξατο
1400 353 1419 386 ἡ
1434 352 1539 386 καρδία
1554 360 1614 386 μου
1628 351 1720 386 λόγον
1746 351 1868 386 ἀγαθὸν,
1884 349 1933 378 λέο

1151 412 1191 438 »γω
1205 401 1261 436 ἐγὼ
1276 401 1311 428 τὰ
1326 401 1397 435 ἔργα
1406 408 1465 434 μου
1480 398 1519 431 τῷ
1533 397 1667 430 βασιλεῖ.
1688 397 1719 426 Ἠ
1729 396 1854 432 γλῶσσά
1875 406 1934 432 μου

1153 449 1286 483 κάλαμος
1310 440 1498 482 γραμματέως
1521 443 1702 478 6£urpdyov.
1714 443 1746 469 Oi.
1767 442 1802 469 τὰ.
1817 441 1935 469 τοσαῦτα

1153 494 1196 521 διὰ
1215 493 1268 520 τῶν
1280 492 1434 528 ἔμπροσθεν
1458 489 1694 523 ὰποκλαυσάμενοι
1720 488 1844 515 ἐντεῦθεν
1865 487 1936 523 ᾠδὰς

1154 540 1201 567 καὶ
1211 540 1319 575 ᾄσματα
1329 538 1388 565 ἀντὶ
1401 537 1454 564 τῶν
1476 536 1615 573 προτέρων
1629 535 1753 571 ὀδυρμῶν
1771 535 1874 570 ᾅδουσι,
1888 534 1936 568 τῆς

1155 586 1207 613 ἀπὸ
1222 585 1275 612 τῶν
1289 583 1455 620 σκυθρωπῶν
1471 582 1619 618 μεταϐολῆς
1629 581 1713 608 αἴτιον
1728 581 1816 612 αὐτοῖς
1827 580 1936 614 γεγονέ-

1155 640 1199 657 ναι
1211 630 1255 657 τὸν
1284 627 1434 664 Ἀγαπητὸν
1450 627 1487 663 (1)
1503 626 1550 653 τοῦ
1558 626 1624 653 Θεοῦ
1637 625 1786 662 δηλοῦντες·
1800 625 1830 651 ὃν
1844 625 1891 652 καὶ
1905 624 1936 651 δι’

1157 675 1220 711 ὅλης
1235 675 1284 710 τῆς
1299 674 1370 710 ᾠδῆς
1385 672 1555 708 ὰνυμνοῦσιν.
1577 671 1646 697 Ἀλλ’
1657 671 1771 706 ἐπείπερ
1783 670 1871 697 ταῦτα.
1887 679 1937 705 μα-

1157 723 1234 758 κροῖς
1245 721 1355 755 ὕστερον
1366 719 1471 755 χρόνοις
1477 717 1616 753 γίγνεσθαι
1629 717 1755 752 ἦμελλεν,
1769 716 1881 748 εἰκότως
1889 717 1938 749 Εἰς

1158 766 1191 793 τὸ
1200 765 1286 798 τέλος
1298 764 1479 799 ἐπιγράφουσι
1495 762 1544 798 τὴν
1556 761 1732 798 προφητείαν,
1749 762 1765 797 ἧ
1782 761 1936 793 ἐπινίκιον,

1159 812 1176 849 ἢ
1191 812 1231 845 τῷ
1249 810 1398 843 νικοποιῷ,
1412 809 1456 836 διὰ
1475 809 1510 836 τὰ
1526 809 1596 836 κατὰ
1611 808 1665 835 τῶν
1681 809 1782 844 νοητῶν
1804 807 1939 843 πολεμίων

1159 857 1312 892 νικητήρια.
1329 854 1502 891 Προσέθηκαν
1532 853 1561 880 δὲ
1584 854 1617 889 τῇ
1643 854 1779 889 ἐπιγραφῇ
1800 852 1841 883 τὺ,
1866 851 1940 887 ὑπὲρ

319 915 367 942 pro
384 908 417 933 iis
431 908 475 942 qui
492 897 736 940 coriznzutabuntur,
751 907 813 942 quia
830 907 881 942 ipsi
897 908 978 934 etiam
991 907 1037 942 qui
1052 907 1109 935 inec

1161 903 1219 930 τῶν
1235 900 1530 935 ἁλλοιωθησομένωνε
1545 898 1637 934 ἐπειδὴ
1659 899 1706 925 καὶ
1717 899 1792 925 αὐτοὶ
1805 898 1829 924 οἱ
1855 897 1940 924 ταῦτα

321 956 473 991 proferunt,
491 963 507 982 a
523 955 594 982 tristi
611 961 738 982 sermone
751 954 785 981 ad
796 954 883 981 laatius
895 953 1032 980 canticum
1044 961 1105 980 mu-

321 1002 450 1030 tati0nem
467 1002 567 1029 fecere.
580 1000 637 1027 lino
651 1000 732 1026 etiam
750 1007 810 1034 quae
825 1000 852 1026 in
868 1003 926 1026 toto
939 998 1045 1026 cantico
1064 998 1106 1026 fe-

320 1051 430 1078 runtur.
444 1046 595 1073 mutatione
617 1045 751 1079 frequenti
768 1044 847 1079 plena
862 1047 936 1071 sunt.
951 1042 1018 1070 Nam
1035 1043 1106 1071 Dile-

320 1097 382 1121 ctus
411 1093 468 1124 Dei,
503 1100 566 1119 cum
597 1091 772 1125 semetipsum
801 1090 960 1123 exinanivit,
991 1089 1106 1117 formam

322 1140 394 1166 servi
422 1138 560 1173 accipiens
583 1143 610 1165 et
638 1137 731 1164 habitu
754 1137 880 1164 inventus
898 1143 928 1164 nt
943 1137 1036 1169 homo,
1053 1144 1106 1163 non

321 1192 432 1219 parvam
447 1184 623 1210 mutationem
640 1183 777 1210 sustinere
791 1183 868 1211 visus
882 1188 935 1215 est,
949 1184 1000 1211 etsi
1015 1187 1108 1218 utpote

323 1229 405 1262 Deus,
421 1229 598 1257 immutabilis
611 1234 638 1257 et
652 1229 820 1256 invariabilis
832 1229 939 1262 sit.Qui
955 1237 1020 1256 vero
1035 1229 1108 1257 illius

323 1284 406 1311 opera
422 1283 437 1303 a
455 1276 611 1310 captivitate
625 1275 727 1302 diaboli
739 1274 883 1310 redempti,
899 1274 932 1301 ad
956 1275 1108 1302 libertatem

323 1322 442 1350 ﬁliorum
457 1322 504 1349 Dei
520 1321 646 1348 translati
659 1324 735 1353 sunt.
753 1321 937 1356 pulcherrima
951 1321 1030 1356 plane
1049 1329 1109 1347 mu-

322 1368 425 1394 tatione
452 1372 515 1394 sunt
538 1366 637 1394 aliccti.
652 1366 742 1399 Quare
757 1371 905 1394 memorata
928 1366 972 1394 his
988 1367 1016 1394 in
1041 1367 1109 1394 locis

324 1414 417 1448 regina
440 1413 549 1447 jubetur
571 1412 695 1440 oblivisci
711 1412 839 1447 populum
856 1421 935 1440 suum
959 1417 986 1440 et
999 1413 1109 1440 domum

323 1460 409 1496 patris
429 1460 482 1491 sui,
497 1463 522 1486 et
541 1458 593 1485 ﬁlia
606 1458 670 1494 Tyri
686 1458 838 1493 alienigena
863 1459 896 1485 ad
921 1459 1060 1493 pulchram
1078 1459 1096 1485 il

324 1507 378 1533 lam
395 1507 571 1534 mutationem
584 1509 728 1538 evocatur;
753 1505 876 1540 virgines
892 1512 1001 1540 quoque
1017 1508 1043 1532 et
1063 1504 1109 1531 ﬁlii

324 1552 433 1588 quidam
448 1561 496 1587 pra
511 1552 631 1588 patribus
646 1552 711 1584 nati,
729 1552 822 1586 populi
844 1552 925 1579 etiam
949 1550 1003 1578 Deo
1025 1551 1110 1578 conli-

1157 950 1304 985 φάσκοντες
1318 947 1458 974 ἀλλοίωσιν
1470 945 1518 980 τὴν
1531 944 1584 971 ἀπὸ
1606 944 1660 970 τῶν
1672 943 1841 979 σκυθρωπῶν
1857 943 1940 976 λόγων

1155 996 1201 1022 ἐπὶ
1215 994 1263 1030 τὴν
1275 992 1454 1028 φαιδροτέραν
1468 990 1538 1026 ᾠδὴν
1554 990 1724 1024 πεποίηνται.
1745 990 1782 1016 Οὺ
1800 989 1852 1024 μὴν
1875 988 1941 1015 ἀλλὰ

1156 1041 1201 1068 καὶ
1215 1040 1249 1066 τὰ
1271 1038 1445 1075 ὲμφερόμενα
1460 1037 1493 1063 δι’
1508 1036 1571 1071 ὅλης
1590 1036 1640 1071 τῆς
1654 1035 1729 1071 ’ᾠδῆς
1745 1035 1875 1070 πλείστης
1893 1043 1940 1060 πε-

1156 1087 1293 1124 πλήρωται
1306 1083 1481 1115 ἀλλοιώσεως.
1492 1083 1526 1110 Ὅ
1536 1091 1565 1109 τε
1576 1082 1629 1117 γὰρ
1653 1080 1856 1116 Ἀγαπητὺςτοῦ
1864 1080 1941 1109 Θεοῦ,

1157 1132 1251 1159 ἑαυτὸν
1267 1130 1397 1161 κενώσας,
1411 1129 1459 1155 καὶ
1477 1128 1582 1163 μορφὴν
1596 1127 1688 1154 δούλου
1705 1126 1804 1158 λαϐὼν,
1824 1127 1941 1161 σχήματι

1157 1177 1278 1213 εὑρεθεὶς
1292 1176 1329 1207 ὼς
1340 1175 1491 1211 ἄνθρωπος,
1520 1173 1661 1200 ἀλλοίωσιν
1685 1173 1716 1198 οὺ
1735 1171 1785 1207 τὴν
1810 1171 1942 1206 τυχοῦσαν

1158 1222 1245 1255 ἔδοξεν
1262 1220 1418 1255 ὑπομένειν,
1430 1218 1606 1249 ἀναλλοίωτος
1623 1216 1661 1243 ὢν
1675 1217 1722 1243 καὶ
1749 1217 1883 1252 ἄτρεπτος
1907 1215 1943 1247 ὡς

1158 1267 1233 1298 Θεός·
1255 1266 1281 1292 οἰ
1297 1273 1326 1291 τε
1342 1264 1375 1291 δι’
1386 1263 1468 1290 αὐτοῦ
1482 1264 1531 1298 τῆς
1548 1262 1599 1289 ὑπὸ
1610 1262 1654 1288 τὸν
1670 1261 1792 1288 διάϐολον
1808 1261 1943 1296 αίχμαλω-

1160 1313 1220 1344 σίας
1229 1311 1421 1347 λυτρωθέντες,
1434 1311 1472 1341 εῐς
1489 1308 1644 1344 ἐλευθερίαν
1660 1316 1689 1334 τε
1704 1308 1753 1343 τὴν
1768 1307 1820 1334 ὑπὸ
1835 1308 1874 1342 τῷ
1886 1306 1944 1342 Θεῴ

1162 1357 1397 1394 μετενηνεγμένοι,
1423 1355 1471 1391 τὴν
1496 1355 1643 1390 καλλίστην
1669 1353 1777 1389 ἀληθῶς
1797 1354 1873 1380 αὐτοὶ
1899 1353 1944 1380 ἀλ-

1160 1404 1267 1430 λοίωσιν
1285 1402 1518 1438 ὑπομεμενήκασι.
1534 1399 1579 1425 Διὸ
1600 1399 1648 1426 καὶ
1664 1399 1680 1434 ή
1700 1399 1876 1434 ὲμφερομένη
1891 1399 1945 1429 τοῖς

1161 1450 1249 1484 λόγοις
1265 1448 1405 1484 βασίλισσα
1434 1446 1573 1473 κελεύεται
1602 1443 1686 1481 λήθην
1710 1444 1874 1480 ποιήσασθαι
1900 1443 1944 1470 τοῦ

1161 1495 1226 1523 λαοῦ
1241 1495 1339 1530 ἑαυτῆς
1350 1494 1395 1521 καὶ
1420 1493 1467 1519 τοῦ
1494 1493 1568 1520 οἴκου
1585 1492 1631 1519 τοῦ
1649 1491 1750 1528 πατρὸς
1777 1490 1885 1525 ἑαυτῆς·
1901 1489 1945 1516 καὶ

1162 1542 1284 1578 θυγάτηρ
1295 1541 1323 1568 δὲ
1338 1540 1426 1576 Τύρου
1437 1539 1582 1574 ἀλλόφυλος
1595 1539 1641 1565 ἐπὶ
1663 1537 1712 1574 τὴν
1733 1536 1818 1572 καλὴν
1835 1536 1946 1572 μεταϐο-

324 1602 423 1631 tentes,
438 1597 531 1625 eadem
547 1599 695 1625 mutatione
709 1598 811 1633 dignati
824 1601 898 1624 sunt.
915 1597 1036 1630 Quorum
1051 1604 1110 1624 om-

1162 1588 1210 1624 λὴν
1224 1588 1324 1622 ταύτην
1341 1587 1470 1613 καλεῖται·
1484 1585 1611 1621 παρθένοι
1625 1593 1655 1610 τε
1672 1584 1718 1610 καὶ
1733 1583 1784 1609 υἱοί
1797 1590 1870 1613 τινες
1883 1581 1946 1609 ἀντὶ

325 1643 400 1669 nium
414 1650 498 1670 causa
510 1643 644 1669 canticum
657 1651 704 1675 pro
721 1643 753 1669 iis
770 1643 813 1678 qui
829 1641 1060 1669 commulabnntur
1071 1641 1110 1668 in-

326 1688 458 1723 scriptum
474 1692 533 1721 est;
550 1688 601 1719 vel.
614 1688 764 1716 secundum
784 1688 920 1723 Aquilam,
938 1687 969 1713 de
978 1687 1058 1718 (iliis;
1074 1686 1111 1714 si-

325 1742 369 1765 ve,
386 1733 536 1761 secundum
553 1733 757 1768 Symmachum,
773 1741 820 1768 pro
836 1733 956 1767 ﬂoribus.
981 1732 1049 1759 Nam
1063 1732 1110 1768 qui

327 1779 487 1807 commutati
508 1783 583 1810 sunt,
599 1780 698 1806 bonum
725 1779 862 1814 spirantes
887 1779 1008 1810 odorem,
1030 1783 1112 1814 atque

326 1834 396 1854 nova
411 1825 539 1853 Ecclesia:
555 1826 687 1861 plantalio
698 1825 796 1857 effecti,
813 1826 864 1852 hoc
887 1825 996 1852 nomine
1021 1825 1112 1860 appel-

326 1873 374 1899 lati
389 1876 463 1900 sunt.
477 1872 566 1905 Quare
584 1876 613 1898 ut
627 1872 683 1898 iircc
706 1871 819 1906 intelligi
843 1874 968 1906 possent,
983 1877 1111 1897 necessa-

326 1919 368 1946 rio
382 1919 505 1946 auditum
521 1918 550 1946 in
564 1918 643 1946 titulo
659 1917 720 1950 fuit,
735 1917 769 1944 ad
789 1917 970 1948 intellectum;
986 1919 1016 1943 ut
1033 1915 1113 1942 intel-

327 1966 444 2002 ligamus
470 1969 555 1992 totam
578 1963 714 1992 sermonis
737 1963 835 1990 seriem
853 1962 990 1989 canticum
1008 1968 1057 1996 pro
1073 1960 1115 1986 Di~

328 2013 398 2040 lecto
414 2011 572 2046 complecti;
588 2014 645 2041 aut,
656 2011 805 2038 secundum
824 2008 1028 2044 Symmachum,
1042 2006 1114 2033 Can-

329 2060 409 2085 ticum
424 2059 451 2084 in
472 2058 611 2084 Dilectum.
627 2056 685 2084 Hoc
699 2061 788 2083 autem
814 2055 841 2082 in
868 2055 928 2082 loco
947 2054 1038 2081 omnia
1054 2061 1114 2088 qua:

329 2104 362 2131 de
372 2103 475 2131 Dilecto
491 2103 614 2130 feruntur
628 2102 740 2136 colligas
755 2104 880 2135 oportet;
896 2100 976 2134 quale
991 2104 1033 2127 est
1047 2098 1114 2125 illud

329 2149 406 2176 Isaia:
420 2158 426 2176 :
445 2148 564 2175 Cantabo
580 2155 642 2174 sane
657 2146 759 2174 Dilecto
781 2146 915 2172 canticum
929 2145 1024 2171 Dilecti
1034 2145 1114 2171 viuere

331 2203 405 2223 mete.
424 2194 504 2221 Vinea
529 2194 601 2228 facta
615 2198 653 2220 est
670 2193 813 2220 Dilecto".
829 2191 913 2225 Queis
933 2191 1113 2226 signiﬁcatur,

329 2241 436 2269 vineam
453 2240 562 2276 quidem
578 2247 639 2268 esse
654 2239 763 2266 domum
779 2237 871 2270 Israel,
887 2237 914 2264 id
929 2237 1000 2264 enim
1021 2237 1048 2264 in
1072 2244 1111 2264 se-

1160 1633 1292 1668 ίῑατέρων
1300 1633 1461 1668 γενόμενοι,
1473 1631 1530 1658 λαοί
1546 1639 1574 1657 τε
1582 1628 1820 1665 ἐξομολογούμενοι
1833 1627 1872 1662 τῷ
1879 1626 1946 1661 Θεῷ,

1161 1681 1209 1716 τῆς
1237 1680 1321 1714 αὐτῆς
1343 1677 1497 1714 ἠξιώθησαν
1528 1676 1706 1708 ἀλλοιώσεως.
1738 1673 1789 1702 Ὧν
1814 1675 1844 1701 δὲ
1868 1674 1946 1701 ἓνεκα

1162 1726 1269 1752 πάντων
1276 1725 1351 1758 ὑπὲρ
1362 1723 1419 1750 τῶν
1426 1721 1712 1756 ἀλλοιωθησομένων
1718 1720 1922 1756 προγέγραπται
1931 1719 1946 1752 ή

1162 1773 1226 1808 ᾠδή·
1239 1771 1309 1799 κατὰ
1321 1771 1348 1797 δὲ
1362 1770 1406 1796 τὸν
1429 1768 1553 1799 Ἀκύλαν,
1578 1767 1627 1794 ἐπὶ
1650 1766 1713 1799 τοῖς
1734 1766 1858 1800 κρίνεις·
1879 1763 1946 1791 κατὰ

1161 1817 1189 1844 δὲ
1203 1817 1248 1844 τὸν
1257 1817 1412 1852 Σύμμαχον,
1421 1815 1495 1848 ὑπὲρ
1506 1812 1680 1840 τῶνάνθῶν.
1690 1812 1721 1839 0i.
1731 1811 1786 1847 γὰρ
1797 1810 1947 1838 ἀλλοιωθὲν-

1161 1873 1217 1895 τες,
1232 1861 1303 1890 οὗτοι
1319 1862 1430 1893 εὐωδίας
1444 1860 1617 1891 πνεύσαντες,
1633 1859 1680 1885 καὶ
1699 1857 1767 1893 ἄνθη
1791 1857 1876 1893 νεαρὰ
1900 1857 1946 1891 τῆς

1169 1909 1331 1945 Ἐκκλησίας
1347 1908 1497 1942 γενόμενοι,
1507 1905 1598 1932 τοῦτον
1619 1904 1815 1940 ὠνομάσθησαν
1830 1904 1875 1930 τὸν
1889 1903 1947 1938 τρό-

1164 1964 1222 1982 πον.
1239 1955 1293 1986 Διὺ,
1311 1955 1354 1980 ἵνα
1370 1953 1456 1979 ταῦτα
1473 1951 1566 1986 νοηθῇ,
1580 1950 1736 1984 ἀναγκαίως
1751 1949 1946 1984 πρόσκειταιτῇ

1165 2000 1309 2035 προγραφῇ
1323 1999 1362 2029 τὸ,
1375 1999 1418 2030 εἰς
1430 1997 1566 2024 σύνεσιν·
1586 1997 1632 2022 καὶ
1653 1995 1696 2022 ἴνα
1724 1994 1859 2030 συνῶμεν,
1874 1994 1911 2026 ὡς
1934 1996 1947 2021 ὁ

1164 2049 1217 2079 πᾶς
1232 2048 1310 2081 λόγος
1322 2046 1391 2082 ᾠδὴν
1420 2044 1539 2080 περιέχει
1571 2043 1641 2078 ὑπὲρ
1671 2042 1718 2068 τοῦ
1751 2041 1945 2077 Ἀγαπητοῦ,ῆ

1165 2093 1235 2121 κατὰ
1259 2093 1304 2119 τὸν
1332 2092 1487 2126 Σύμμαχον·
1511 2088 1612 2125 τᾼσμα
1637 2090 1679 2121 είς
1697 2088 1750 2115 τὸν
1775 2088 1945 2121 ’Λγαπητόιπ

1167 2139 1251 2166 Ἔνθα
1266 2138 1294 2164 δὲ
1304 2137 1456 2172 γενόμενος,
1472 2136 1558 2162 πάντα
1567 2136 1616 2161 ὅσα
1625 2134 1688 2170 περ)⁵
1708 2133 1861 2169 ’Δγαπητοῦ
1891 2142 1948 2159 συν-

1165 2186 1247 2220 diu:
1262 2182 1316 2211 οἷον
1330 2185 1357 2210 ὲν
1372 2183 1478 2218 Ἡσαΐᾳ-
1491 2183 1572 2217 ’ᾼσω
1581 2182 1618 2215 δὴ
1630 2181 1668 2213 τῷ
1682 2181 1860 2215 ἠγαπημένῳ
1871 2177 1948 2214 ᾆσμα

1165 2233 1218 2259 τοῦ
1231 2229 1392 2267 Ἀγαπητοῦ
1407 2229 1446 2262 τῷ
1463 2227 1615 2263 ἀμπελῶνι
1632 2236 1702 2261 μου.
1725 2227 1873 2261 Ἀμπελὼν
1890 2226 1949 2260 ἐγε-

329 2288 477 2323 quentibus
493 2287 667 2319 declaratur;
687 2285 820 2312 Dilectum
846 2289 936 2311 autem
962 2283 1038 2310 illum
1054 2290 1110 2310 esse

1167 2279 1243 2312 νήθη
1262 2277 1302 2310 τῷ
1328 2274 1516 2311 ἠγαπημένῳ·
1543 2274 1575 2300 δι’
1591 2270 1629 2300 ὧν
1641 2272 1800 2308 σημαίνεται
1821 2271 1947 2307 ἀμπελὼν

331 2333 505 2369 Unigenitum
516 2331 562 2359 Dei
578 2331 688 2363 Filium,
706 2330 786 2364 cujus
799 2329 888 2364 portio
899 2336 931 2356 ac
942 2329 1016 2364 prior
1028 2329 1114 2355 hatre—

330 2379 402 2408 ditas
421 2379 472 2406 fuit
488 2381 638 2406 memorata
653 2377 700 2404 illa
714 2377 802 2405 vinea.
822 2375 955 2408 Quoniam
973 2378 1063 2402 autem
1074 2374 1115 2401 di-

331 2427 419 2454 lectus
434 2426 548 2461 quilibet
562 2425 720 2460 diligentem
739 2431 769 2451 se
782 2423 872 2454 habet,
890 2423 931 2450 his
946 2421 1018 2449 clare
1040 2428 1115 2448 com-

332 2475 513 2503 monstratur,
525 2471 632 2498 vineam
648 2470 721 2496 illam
736 2468 940 2504 possessionem
957 2466 1051 2493 Dilecti
1068 2464 1115 2492 Dei

333 2517 430 2551 fuisse,
446 2517 526 2552 cujus
540 2517 627 2552 gratia
642 2523 763 2551 praesens
779 2515 926 2545 canticum,
939 2521 986 2548 pro
1001 2512 1115 2543 Dilecta,

336 2563 495 2597 inscriptum
510 2567 560 2590 est.
575 2562 604 2589 In
621 2561 737 2590 Psalmis
751 2568 859 2596 quoque
869 2561 971 2588 dictum
982 2563 1024 2587 est
1041 2568 1047 2585 :
1063 2557 1116 2584 Do-

335 2609 420 2637 minus
436 2608 508 2634 dabit
528 2607 639 2635 Verbum
651 2606 888 2643 evangeliaantibus
904 2606 998 2633 virtute
1020 2603 1114 2631 multa.

369 2688 394 2704 “
415 2686 467 2714 lsa.
484 2694 511 2718 ν,
528 2685 553 2714 ι.

370 2767 410 2802 (1)
425 2763 608 2802 Ῠᾈταπητόνε
621 2761 703 2802 _Apud
724 2759 880 2802 Eusebium,

337 2789 409 2838 quod,
425 2789 586 2838 ιὶὂῆὸιίεῦέις,
602 2797 630 2824 id
650 2789 707 2838 cst,
724 2789 1117 2838 Οιιίξειιὶιιιεὲξυριξιεζιῖξξέιιιε

539 2825 661 2865 Etnvero,
686 2825 755 2859 teste
775 2825 998 2866 Athanasiotlnl,
1014 2834 1039 2860 p.
1054 2825 1117 2866 6.6.1),

338 2859 615 2900 ῑιῖὲὲὶξίίὶἔιίὶίεῗὶιειί
640 2859 714 2904 venit
729 2873 788 2904 vos
802 2865 847 2890 illa
861 2863 933 2904 apud
947 2859 1064 2904 Grazeos.
1080 2859 1117 2904 Τί)

334 2895 654 2941 ἕέᾶγῖιὲὶῆἱξνζειριιιε,
671 2902 717 2928 καὶ
731 2899 858 2934 Ἕλληνες
879 2895 969 2924 ἴσασιν
993 2897 1017 2922 οἱ
1038 2895 1119 2921 δεινοὶ

1170 2325 1217 2359 μὲν
1233 2325 1247 2350 ὁ
1257 2321 1330 2354 οἶκος
1341 2322 1388 2348 τοῦ
1404 2320 1520 2356 Ἰσραήλ·
1532 2319 1610 2346 τοῦτο
1630 2319 1684 2354 γὰρ
1705 2319 1768 2354 ἑξῆς
1783 2320 1798 2345 ὀ
1820 2318 1897 2352 λόγος
1910 2318 1950 2353 δη-

1167 2370 1217 2396 λοί’
1236 2367 1411 2404 ἡγαπημὲνος
1431 2367 1458 2393 δὲ
1471 2367 1518 2393 καὶ
1538 2365 1691 2399 Ἀγαπητὸς
1703 2366 1717 2391 ὁ
1732 2365 1886 2401 Μονογενὴς
1905 2364 1948 2392 τοῦ

1168 2414 1235 2441 Θεοῦ
1252 2414 1324 2446 Υἱὸς,
1341 2410 1371 2440 οὗ
1390 2413 1467 2448 μερὶς
1496 2411 1590 2446 γέγονε
1606 2410 1651 2437 καὶ
1668 2410 1765 2446 κλῆρος
1798 2410 1926 2446 πρότερος
1937 2411 1949 2435 ὀ

1168 2461 1295 2497 δηλωθεὶς
1310 2460 1450 2495 ὰμπελών.
1483 2458 1560 2485 Ἐπεὶ
1581 2458 1609 2484 δὲ
1639 2457 1693 2489 πᾶς
1714 2457 1891 2493 ἠγαπημένος
1906 2455 1951 2483 καὶ

1169 2507 1310 2542 ἀγαπητὸς
1338 2506 1393 2542 ἔχει
1409 2505 1454 2531 τὸν
1466 2504 1626 2539 ἀγαπῶντα,
1642 2503 1735 2538 σαφῶς
1750 2503 1795 2530 διὰ
1822 2503 1924 2530 τούτων
1937 2503 1950 2529 6

1168 2554 1244 2588 λόγος
1257 2552 1404 2588 παρίστησι
1415 2551 1459 2577 τὸν
1474 2549 1621 2585 ἀμπελῶνα
1637 2549 1729 2584 κτῆμα
1750 2547 1888 2582 γεγονέναι
1906 2545 1949 2572 τοῦ

1175 2598 1328 2635 Ἀγαπητοῦ
1345 2598 1390 2625 τοῦ
1403 2596 1481 2628 Θεοῦ,
1498 2597 1562 2632 περὶ
1582 2591 1613 2622 οὗ
1634 2597 1651 2631 ὴ
1667 2594 1832 2630 προκειμένη
1915 2591 1950 2618 εἶ-

1168 2754 1231 2788 περὶ
1247 2753 1296 2784 τὰς
1311 2752 1406 2784 λέξεις,
1424 2753 1464 2779 ὃτι
1480 2751 1537 2788 ἴσον
1556 2751 1614 2788 ἐστὶ
1628 2750 1666 2786 τῷ
1680 2750 1778 2788 εἰπεῖν..
1793 2747 1946 2788 μονογενήςἶ

1168 2781 1298 2815 Caeterum
1325 2781 1420 2814 norunt
1443 2788 1493 2821 ipsi
1515 2785 1600 2814 Gra'ci
1614 2806 1620 2817 ,
1640 2781 1684 2821 q'ui
1706 2781 1949 2821 dictionuntper'iti

1167 2828 1238 2851 sunt.
1255 2823 1380 2850 dilectum
1393 2818 1461 2849 idem
1484 2830 1540 2848 esse
1554 2827 1631 2856 atque
1646 2818 1816 2855 unigenitum.
1834 2818 1886 2846 Pro
1898 2824 1948 2853 qua

1170 2866 1198 2886 re
1213 2857 1350 2893 probanda
1368 2858 1445 2885 affert
1462 2857 1507 2885 ille
1518 2856 1627 2884 llomeri
1643 2863 1774 2883 carmina.
