2064 3212
290 144 343 173 595

652 142 787 171 EUSEBIl
804 141 1043 171 CASSARiENSlS
1060 143 1134 171 OPP.
1154 143 1243 171 PARS
1261 143 1306 173 lll.
1329 159 1357 164 -
1373 144 1576 172 EXEGETICA.
1612 178 1614 182 ν

1879 144 1929 172 3θεὶ

291 203 334 230 die
342 202 375 230 ".
393 201 519 238 Magnum
537 209 618 237 porro
629 210 699 237 opus
715 206 774 229 erat
793 202 883 230 futura
900 210 949 238 per
963 203 1083 238 linguam

1136 199 1225 231 ἕνεὶὰ
1241 212 1298 232 σου
1312 204 1516 239 θανατούμεθα
1540 204 1617 238 ὅλην
1631 203 1686 238 τὴν
1707 204 1832 238 ἡμέραν.
1850 204 1931 238 Μέγα

291 247 448 286 vaticinari,
465 252 546 282 atque
562 248 617 283 regi
636 248 663 274 in
690 248 800 275 cantico
815 248 878 275 boni
893 248 982 276 nuntii
999 249 1081 276 mini-

291 297 379 320 strum
395 301 467 321 esse.
486 293 553 328 Ejus
569 297 660 320 autem
676 293 747 324 loco,
760 293 880 320 calamus
903 294 995 320 scribw
1015 295 1082 321 velo-

290 339 356 365 citer
384 339 536 370 scribentis,
567 338 676 373 Aquila,
707 339 826 366 calamus
851 340 945 366 scriba:
972 341 1081 371 velocis;

291 384 474 420 Symmachus
489 393 562 417 vero,
584 385 674 418 lingua
688 393 744 411 mea
760 385 845 419 stylus
861 385 953 412 scriba'
977 386 1081 412 velocis.

290 431 425 466 Quodque
443 431 569 458 mirabile
595 431 742 458 admodum
771 435 823 462 est,
854 431 974 466 linguam
1004 439 1081 458 suam

289 485 344 504 non
363 484 474 503 manum
494 477 592 504 scribze
616 476 727 507 eruditi,
744 484 831 511 neque
851 477 969 504 scribam
986 481 1081 508 vocat,

291 522 339 549 sed
356 522 491 549 calamum
505 522 602 550 scriba:
619 523 747 549 velociter
760 522 922 555 scribentis;
938 522 1083 550 declarans

291 568 413 602 linguam
439 567 639 602 propheticam,
669 568 782 596 alterius
811 575 842 594 ea
861 568 974 600 utentis,
993 568 1082 596 sancti

291 613 419 640 videlicet
434 612 565 648 Spiritus,
580 613 793 641 instrumentum
806 620 878 640 esse.
895 612 919 640 Is
934 621 1000 640 sane
1014 613 1083 640 scri-

294 659 342 690 ba,
358 658 438 693 cujus
463 659 550 694 stylns
568 664 594 686 et
612 659 734 686 calamus
750 663 808 686 erat
822 659 1017 693 prophetarum
1034 658 1084 685 lin-

291 711 363 738 gua;
382 705 417 731 ita
445 706 473 730 ut
497 703 567 730 alius
588 707 661 730 esset
676 703 766 730 scriba
789 703 920 730 velociter
946 703 1082 736 scribens,

292 750 423 777 nimirum
452 749 573 784 Spiritus
591 753 713 781 sanctus,
739 749 810 776 alius
825 749 967 784 propheta.
985 749 1084 776 tertius

292 796 385 830 lingua
401 794 572 834 prwica,
588 802 650 828 quae
667 795 765 821 calami
783 798 810 822 et
835 794 899 830 styli
915 794 976 822 loco
1000 794 1084 822 habe-

292 796 385 830 lingua
401 794 572 872 promea,
588 802 650 828 quae
667 795 765 821 calami
783 798 810 822 et
835 794 899 830 styli
915 794 976 822 loco
1000 794 1083 822 habe-

291 842 384 873 batur,
401 840 452 870 eti
474 875 479 879 .
531 844 652 867 mentum
669 840 789 875 Spiritus
804 841 902 874 sancti,
921 840 967 875 qui
980 848 1012 868 ea
1024 845 1083 868 ute-

293 887 384 921 batur,
403 879 472 916 erat.

1134 250 1162 277 δὲ
1178 248 1211 285 ἦν
1229 250 1308 286 ἔργον
1322 250 1370 276 καὶ
1391 249 1423 276 τὸ
1437 249 1480 276 διὰ
1500 249 1623 285 γλώττης
1642 250 1676 277 τὰ
1707 250 1838 284 μέλλοντα
1862 258 1930 285 προ-

1135 297 1273 331 φητεύειν,
1290 297 1338 323 καὶ
1364 296 1402 331 τῷ
1419 296 1525 331 βασιλεῖ
1543 296 1724 323 διακονεῖσθαι
1745 297 1794 332 τὴν
1813 297 1930 330 εὐαγγε-

1134 343 1211 378 λικὴν
1225 343 1309 378 ᾠδήν.
1330 342 1402 368 Ἀντὶ
1433 342 1461 368 δὲ
1488 342 1547 368 τοῦθ
1572 342 1711 376 Κάλαμος
1737 341 1929 376 γραμματέως

1135 388 1317 423 ὁξυπράφου,
1342 389 1357 414 ὁ
1373 388 1422 422 μὲν
1445 387 1568 418 Ἀκύλας·
1596 387 1720 421 Σχοῖνος
1739 386 1930 421 γραμματέως

1135 433 1267 468 ταχινοὶὶ·
1293 434 1307 459 ὸ
1327 434 1355 459 δὲ
1381 433 1538 468 Σύμμαχος·
1556 434 1576 466 ἡ
1597 431 1726 467 γλῶσσά
1749 441 1820 466 μου,
1850 431 1927 466 φησὶ.

1134 480 1275 514 γραφεῖον
1287 478 1420 513 γραφέως
1440 477 1573 512 ταχινοῦ.
1598 477 1704 513 Σφόδρα
1715 477 1743 503 δὲ
1764 477 1928 512 θαυμαστῶς

1134 525 1182 560 τὴν
1201 524 1295 551 ἑαυτοῦ
1311 524 1447 559 γλῶσσαν,
1467 524 1497 550 οὺ
1523 525 1604 559 χεῖρα
1615 523 1804 559 γραμματέως
1818 523 1929 558 true-di.

1136 580 1225 606 μονος,
1243 571 1303 597 οὐδὲ
1318 570 1485 606 γραμματέα
1502 570 1594 605 φησὶν,
1612 569 1680 596 ἀλλὰ
1707 569 1829 604 κάλαμον
1841 578 1929 605 γραμ-

1136 616 1242 651 ματέως
1251 615 1416 651 ὀξυγράφου·
1441 614 1539 651 δηλῶν,
1553 615 1594 642 ὅτι
1610 614 1726 650 ὄργανον
1737 611 1771 649 ἦν
1790 615 1806 649 ή
1820 621 1928 649 προφη-

1135 659 1196 694 τικὴ
1207 659 1316 694 γλῶσσα
1329 660 1424 694 ἐτέρου
1437 659 1485 686 τοῦ
1498 658 1639 694 χρωμένου
1657 659 1737 694 αὐτῇ,
1756 658 1835 692 ἁγίου
1846 657 1929 685 Πνεύ-

1136 713 1219 740 ματος
1230 714 1236 720 ·
1253 706 1322 740 ὅπερ
1343 705 1357 731 ὁ
1376 705 1567 740 γραμματεὺς,
1584 702 1615 731 οὗ
1637 705 1767 739 γραφεῖον
1781 704 1829 730 καὶ
1844 704 1929 731 κάλα-

1137 759 1185 786 μος
1202 751 1349 785 ὲτύγχανεν
1364 752 1380 786 ή
1394 751 1447 777 τῶν
1463 751 1610 787 προφητῶν
1620 751 1742 785 γλῶσσα,
1757 750 1821 777 ὥσθ’
1834 750 1928 786 ἕτερον

1134 794 1202 822 εἶναι
1220 796 1265 822 τὸν
1281 796 1435 832 ὀξυγράφον
1451 797 1629 832 γραμματέα,
1654 795 1754 832 δηλαδὴ
1771 796 1802 822 τὸ
1816 795 1928 831 Πνεῦμα

1134 841 1163 868 τὸ
1180 841 1323 876 ἇγιον,καὶ
1338 842 1430 878 ἕτερον
1459 842 1504 869 τὸν
1520 843 1673 878 προφήτην,
1697 842 1745 868 καὶ
1773 841 1864 877 τρίτον
1880 841 1929 876 τὴν

1097 881 1120 909 Β
1135 885 1259 920 γλῶσσαν
1273 887 1323 922 τὴν
1340 886 1522 923 προφητικὴν,
1540 887 1557 922 ἡ
1572 886 1695 922 καλάμου
1722 887 1770 913 καὶ
1793 886 1927 922 γραφείου

295 932 387 968 χώραν
401 933 519 968 ἐπεῖχεν,
548 933 662 969 ὄργανον
688 933 860 968 τυγχάνουσα
875 932 921 959 τοῦ
946 932 1087 968 χρωμένου
1107 933 1176 968 αὐτῇ
1189 932 1268 966 ἁγίου
1282 933 1450 969 Πνεύματος.

327 977 476 1006 Sciendum
494 982 585 1005 autem
607 982 660 1010 est,
675 978 826 1006 secundum
844 977 1021 1012 Septuaginta
1038 977 1082 1004 in-

291 1026 436 1058 terpretes,
452 1023 615 1050 sententiam
633 1022 874 1059 [subsequentem]
891 1024 997 1050 calamo
1009 1022 1081 1050 scri-

294 1070 334 1096 ba:
361 1069 548 1103 coniunctam,
566 1072 647 1103 atque
662 1072 751 1096 totum
765 1068 904 1104 eloquium
927 1076 983 1096 uno
1000 1076 1081 1096 versu

292 1114 522 1149 comprehensum
539 1121 611 1144 esse,
631 1113 682 1140 hoc
699 1117 780 1148 pacto
796 1123 802 1140 :
825 1113 928 1148 Lingua
940 1122 997 1140 mea
1008 1114 1083 1140 cala-

291 1167 351 1186 mus
365 1158 459 1185 scriba
472 1159 593 1186 velociter
606 1159 757 1192 scribentis,
772 1161 905 1194 speciosus
923 1160 1010 1194 [arma
1026 1167 1082 1194 prta

292 1205 356 1239 ﬁliis
371 1204 517 1230 hominum.
538 1204 571 1231 At
585 1205 648 1240 quia
667 1204 801 1232 chraica
824 1205 906 1233 lectio
931 1210 958 1234 et
982 1205 1081 1241 reliqui

293 1249 467 1284 interpretes,
482 1251 623 1285 superiore
639 1251 772 1278 Sententia
790 1252 1012 1287 circumscripta,
1029 1251 1082 1278 alio

292 1296 391 1323 deinde
404 1297 539 1331 principio
554 1297 580 1323 in
594 1298 765 1332 expositione
791 1297 833 1325 usi
850 1302 934 1331 sunt;
964 1305 1083 1333 congrui-

292 1345 370 1368 unler
379 1347 433 1368 nos
444 1341 526 1368 etiam
541 1341 617 1374 illud,
636 1341 776 1375 Speciosus
789 1342 876 1377 forma
892 1350 948 1377 pne
959 1342 1023 1376 ﬁliis
1034 1342 1082 1369 Ιιο-

291 1388 403 1419 minum,
421 1387 455 1415 ab
481 1388 534 1415 alio
554 1388 632 1415 initio
647 1388 787 1415 duximus.
811 1388 910 1423 Aquila
932 1389 1016 1424 igitur
1032 1389 1082 1415 hac

291 1433 399 1460 ratione
423 1433 618 1468 interpretatus
634 1437 687 1467 est,
709 1433 912 1461 Pulchritudine
931 1440 1041 1461 ornatus
1054 1442 1081 1460 es

292 1487 308 1505 α
329 1479 394 1513 ﬁliis
407 1475 561 1512 hominum;
591 1479 773 1515 Symmachus
787 1488 863 1512 vero,
881 1479 1082 1507 l'ulchriludine

292 1526 399 1560 pulcher
421 1534 448 1553 es
469 1530 566 1561 pra'tcr
593 1526 664 1560 ﬁlios
687 1526 838 1558 hominum;
865 1527 902 1553 ita
926 1530 955 1554 ut
979 1534 1040 1561 quae
1054 1527 1081 1554 in

294 1572 403 1599 cantico
432 1572 646 1607 praemittuntur,
682 1572 809 1608 prommii
838 1572 926 1600 vicem
952 1572 1080 1600 habeant.

293 1617 362 1644 Cum
379 1617 451 1644 enim
473 1617 650 1652 propheticus
667 1617 769 1645 chorus
793 1625 947 1645 sermonem
962 1617 995 1645 de
1008 1617 1082 1645 Dile~
1097 1607 1119 1638 C

294 1666 339 1689 cto
356 1661 486 1694 initurus,
502 1666 584 1696 atque
599 1662 736 1689 canticum
748 1663 781 1689 de
795 1662 842 1689 illo
859 1662 1016 1696 prolaturus
1036 1671 1081 1690 es-

294 1709 345 1738 set,
359 1706 493 1740 prommio
514 1713 581 1732 usus
598 1710 650 1737 est,
679 1707 750 1741 quod
767 1707 819 1733 hac
836 1707 971 1734 sententia
989 1707 1083 1734 termi-

294 1755 385 1783 natur,
405 1751 508 1786 Lingna
531 1760 588 1778 mea
616 1751 735 1778 calamus
765 1752 858 1778 scriba
876 1752 998 1778 velociter
1016 1753 1084 1780 scri-

295 1799 390 1825 bentis.
409 1797 513 1824 Exinde
531 1805 596 1825 vero
615 1798 754 1825 canticum
780 1798 807 1824 in
824 1797 918 1825 Dilecti
936 1805 1081 1833 personam

294 1843 411 1876 orditur,
429 1843 522 1877 sicque
553 1843 698 1878 compellat
723 1843 813 1878 ipsum
843 1852 849 1870 :
882 1842 1028 1878 Speciosus
1053 1851 1083 1870 es

294 1889 391 1920 forma,
422 1889 535 1924 pulcher
562 1896 602 1920 cs,
628 1892 655 1916 et
677 1887 882 1922 pulchritudine
909 1892 1024 1915 ornatus
1041 1896 1081 1920 es,

294 1936 350 1962 sive
365 1935 570 1970 pulchritudine
596 1934 743 1962 decoratus
759 1942 801 1967 es,
824 1942 840 1961 ο
869 1933 983 1965 Dilecte.
1001 1942 1085 1969 super

295 1982 365 2009 filios
381 1981 532 2008 hominum.
547 1981 659 2008 Etiamsi
676 1981 750 2008 enim
773 1984 829 2008 tute
840 1976 916 2007 imus
938 1980 978 2008 sis
1002 1988 1016 2007 e
1031 1988 1084 2007 nu-

296 2033 372 2054 mero
388 2026 505 2053 ﬁliorum
522 2026 674 2058 hominum,
689 2030 770 2061 atque
781 2026 816 2054 iis
830 2026 876 2061 qui
893 2026 920 2053 in
935 2029 1008 2053 terra
1020 2033 1082 2052 ver-

297 2077 395 2099 santur
412 2075 609 2098 annumeratus
631 2072 686 2106 sis;
714 2077 741 2098 at
759 2072 834 2099 nulla
848 2072 1024 2107 pulchritudo
1041 2077 1084 2100 est

297 2121 352 2145 tute
366 2117 559 2152 comparanda.
576 2116 669 2143 Palam
686 2121 776 2144 autem
793 2122 835 2145 est
858 2118 884 2144 id
908 2118 999 2152 quoad
1028 2118 1084 2145 vir-

296 2168 380 2192 tutem
402 2163 473 2196 dici;
491 2170 580 2197 neque
595 2162 668 2190 enim
684 2163 718 2190 iis
733 2162 846 2190 adversa
865 2163 988 2198 proferre
1003 2168 1083 2199 pute-

294 2214 340 2236 tur
353 2208 439 2236 lsaias
453 2207 518 2234 dum
535 2207 593 2233 ait:
613 2206 648 2232 Et
660 2206 774 2233 vidimus
792 2215 862 2238 eum,
888 2212 912 2234 et
940 2217 992 2235 non
1006 2208 1084 2235 habe-

295 2256 338 2282 bat
362 2255 482 2289 speciem,
502 2261 582 2287 neque
596 2253 829 2287 pulchritudinem.
848 2254 900 2281 Sed
915 2256 1012 2289 species
1027 2257 1083 2291 ejus

294 2302 465 2332 inhonorata,
478 2300 600 2334 deﬁciens
610 2307 664 2334 pra'
676 2299 742 2334 filiis
754 2299 922 2327 hominum".
934 2300 996 2328 Haec
1004 2302 1084 2336 quip-

294 2354 328 2381 pe
342 2353 450 2374 crucem
465 2348 492 2373 et
503 2345 657 2380 passionem
673 2344 906 2378 praenuntiabant,
929 2353 990 2380 qua
1006 2350 1082 2381 petu-

294 2391 377 2417 lantia
397 2394 423 2418 et
447 2390 612 2418 contumelia
637 2389 723 2424 plenae
743 2389 820 2418 fuere
848 2400 854 2417 :
882 2398 966 2426 quare
992 2391 1085 2419 subdit

296 2437 427 2471 propheta
437 2436 562 2468 “,Homo
577 2437 603 2462 in
617 2436 855 2470 plaga'exsistcns,
869 2437 905 2464 ἀι·
918 2437 1001 2464 sciens
1017 2437 1085 2472 ferre

294 2481 487 2516 inﬁrmitatem,
500 2482 672 2509 inhonoratus
691 2491 736 2509 nec
753 2487 890 2517 reputatus
899 2488 948 2510 est.
959 2483 1084 2511 Psalmus

295 2535 362 2554 vero
383 2528 623 2562 pulchritudinem,
645 2536 699 2555 non
726 2529 861 2564 corporis,
886 2531 926 2557 uti
951 2530 1081 2563 diximus,

295 2573 432 2604 enuntiat,
446 2573 494 2600 sed
509 2574 628 2606 virtutis,
643 2582 703 2609 quae
721 2575 823 2602 nullam
841 2575 961 2603 admittit
976 2576 1081 2611 peccati

295 2618 396 2645 labem.
411 2616 467 2644 Sub
482 2617 538 2644 haec
553 2619 653 2646 dicitur
670 2630 676 2647 :
695 2620 799 2654 Di/fusa
813 2626 853 2647 est
863 2622 951 2656 gratia
964 2623 989 2648 in
1006 2622 1083 2649 [abiis

297 2663 361 2694 tuis;
373 2667 511 2697 propterea
527 2662 657 2690 benedixit
679 2669 702 2690 te
729 2665 797 2691 Deus
815 2665 841 2691 in
854 2670 991 2692 mternum.
1009 2665 1084 2701 Moy-

296 2717 342 2738 ses
361 2709 444 2744 igitur
458 2709 573 2744 gratiam
590 2710 735 2746 quamdam
754 2711 875 2743 invenit;
891 2711 946 2738 Noe
970 2712 1081 2745 iterum,

337 2833 356 2850 "
375 2832 447 2860 Psal.
464 2840 542 2864 mu,
558 2832 603 2860 22,
643 2833 666 2848 ⁸⁸
686 2833 737 2861 lsa.
758 2841 805 2862 LIII
820 2854 827 2866 ,
846 2833 875 2864 2.
915 2834 935 2849 ε’
955 2833 1020 2860 ilid.
1037 2834 1064 2860 ὅ.

1170 978 1275 1004 Ειδέναι
1290 978 1319 1005 δὲ
1327 978 1377 1010 δεῖ,
1393 979 1432 1010 ὡς
1447 979 1518 1006 κατὰ
1529 979 1579 1015 τὴν
1591 979 1646 1006 τῶν
1665 979 1868 1015 Ἐὃδομήκοντα
1883 980 1928 1016 ἐρ-

1135 1024 1248 1060 μηνείαν
1261 1025 1395 1060 συνῆπται
1411 1026 1427 1060 ή
1441 1025 1545 1052 διάνοια
1556 1025 1596 1060 τῷ
1612 1025 1728 1061 καλάμῳ
1740 1026 1787 1052 τοῦ
1802 1034 1928 1062 γραμμαο

1133 1069 1211 1102 τέως,
1231 1070 1276 1103 ὑφ’
1290 1070 1338 1097 ἕνα
1352 1079 1381 1097 τε
1397 1071 1489 1106 στίχον
1510 1071 1541 1098 τὸ
1554 1072 1614 1098 ὄλον
1631 1071 1798 1106 ἀπείληπται
1826 1071 1927 1106 λόγιον,

1134 1113 1220 1145 οὕτως
1231 1114 1302 1149 ἔχοψ
1325 1115 1355 1142 Ἠ
1366 1115 1492 1150 γλῶσσά
1501 1125 1561 1150 μου
1590 1116 1724 1151 κάλαμος
1738 1116 1928 1152 γραμματέως

1135 1159 1317 1194 ὀξυῃοάφου·
1331 1161 1439 1195 ὡραῖος
1453 1161 1559 1188 κάλλει
1573 1161 1652 1196 παρὰ
1678 1161 1747 1195 τοὺς
1769 1163 1855 1196 υιοὺς
1869 1161 1928 1189 τῶν

1134 1204 1305 1238 ἀνθρώπων.
1329 1206 1404 1232 Ἐπεὶ
1423 1206 1479 1241 δὲή
1497 1206 1628 1242 Ἐϐραῖκὴ
1654 1206 1726 1239 λέξις
1741 1207 1788 1233 καὶ
1800 1208 1824 1233 οι
1841 1207 1929 1234 λοιποὶ

1134 1250 1311 1286 ἑρμηνευταὶ,
1325 1251 1374 1286 τὴν
1385 1250 1438 1278 τῶν
1457 1252 1586 1286 ἀνωτέρω
1606 1251 1725 1278 διάνοιαν
1740 1252 1929 1288 περιγράψαν-

1133 1304 1188 1327 τες,
1205 1296 1258 1322 ἀπὺ
1282 1296 1376 1333 ἑτέρας
1390 1298 1477 1333 ἀρχῆς
1491 1298 1539 1334 τὴν
1552 1298 1660 1325 ἔκθεσιν
1672 1299 1845 1334 ἐποιήσαντο·
1861 1299 1929 1326 εἰκὸ-

1133 1350 1186 1374 τως
1203 1342 1250 1368 καὶ
1262 1343 1342 1377 ἡμεῖς
1353 1343 1383 1375 ἐξ
1394 1343 1490 1379 ἑτέρας
1502 1344 1590 1379 ἀρχῆς
1619 1344 1659 1371 τό·
1692 1344 1807 1378 Ὠραῖος
1822 1345 1928 1372 κάλλει

1136 1386 1212 1421 παρὰ
1231 1387 1302 1420 τοὺς
1323 1388 1406 1421 υἱοὺς
1430 1387 1490 1415 τῶν
1518 1388 1692 1423 ἀνθρώπων,
1720 1389 1926 1425 παρεθήκαμεν.

1140 1433 1168 1460 '0
1186 1433 1235 1468 μὲν
1251 1431 1297 1460 οὖν
1318 1433 1433 1466 Ἀκύλας
1455 1434 1548 1461 τοῦτον
1572 1435 1727 1471 ἡρμήνευσε
1748 1436 1794 1462 τὸν
1817 1436 1927 1471 τρόπον,

1134 1478 1247 1506 Nohl/lsi
1274 1479 1458 1514 ἐκαλλιώθης
1482 1480 1541 1507 ἀπὸ
1572 1479 1647 1507 υἱῶν
1670 1476 1846 1515 ἀνθρώπων·
1871 1481 1886 1508 6
1901 1481 1930 1509 δὶ

1135 1525 1292 1561 Σύμμαχος·
1309 1525 1420 1554 Κὰλλει
1439 1526 1534 1559 καλὸς
1553 1524 1582 1553 εἷ
1590 1527 1669 1561 παρὰ
1685 1527 1756 1561 τοὺς
1768 1527 1854 1561 υἱοὺς
1870 1527 1928 1554 τῶν·

1135 1571 1307 1605 ἀνθρώπων·
1324 1571 1395 1598 ὥστε
1421 1569 1490 1599 εἶναι
1520 1572 1554 1599 τὰ
1580 1572 1676 1609 πρῶτα
1707 1574 1756 1608 τῆς
1781 1573 1852 1608 ᾠδῆς
1868 1572 1928 1600 ἀντὶ

1138 1618 1280 1653 προοιμίου
1309 1617 1467 1653 λελεγμένα.
1485 1618 1597 1645 Μέλλων
1625 1618 1680 1654 γὰρ
1706 1618 1928 1653 εὐαγγελίζεσθαι

1136 1663 1182 1688 τὸν
1197 1663 1267 1698 ὑπὲρ
1279 1663 1326 1689 τοῦ
1351 1663 1505 1699 ’Λγαπητοῦ
1518 1663 1605 1698 λόγον,
1633 1665 1680 1691 καὶ
1694 1664 1743 1699 τὴν
1758 1665 1829 1700 ὑπὲρ
1844 1663 1927 1691 αὐτοῦ

1138 1709 1285 1744 προφέρειν
1298 1708 1368 1744 ᾠδὴν
1383 1710 1398 1735 ὁ
1410 1710 1578 1745 προφητικδς
1589 1710 1679 1746 χορὸς,
1688 1710 1823 1746 προοιμίῳ
1833 1710 1931 1746 κέχρηο

1137 1763 1192 1786 ται,
1212 1754 1314 1789 στήσας
1331 1753 1361 1780 τὸ
1375 1754 1516 1790 προοίμιον
1530 1755 1583 1788 ’ἐως
1596 1754 1653 1782 τοῦ·
1674 1755 1707 1782 Ἡ
1727 1755 1854 1790 γλῶσσά
1868 1764 1927 1790 μου

1138 1799 1271 1834 κάλαμος
1295 1799 1486 1834 γραμματέως
1514 1800 1696 1835 ὀξυπράφου.
1733 1800 1873 1827 Ἐντεῦθεν
1899 1800 1927 1827 δὲ

1137 1845 1230 1872 λοιπὸν
1247 1845 1398 1880 ἀπάρχεται
1413 1845 1463 1880 τῆς
1483 1847 1522 1878 είς
1545 1847 1689 1882 πρόσωπον
1703 1846 1749 1873 τοῦ
1773 1846 1926 1882 Ἀγαπητοῦ
1940 1880 1942 1883 _

1137 1891 1216 1926 ᾠδῆς·
1235 1892 1373 1925 ἁναφωνεῖ
1385 1899 1414 1917 τε
1434 1891 1502 1926 πρὸς
1525 1891 1615 1918 αὐτόν’
1648 1892 1754 1928 Ὠραῖος
1778 1890 1802 1918 εἴ
1823 1892 1926 1925 κάλλει,

1138 1937 1220 1969 καλὸς
1238 1934 1302 1971 εῐ,ῆ
1318 1936 1410 1963 κάλλει
1427 1936 1606 1972 ὲκαλλιώθης,
1622 1937 1638 1972 ἢ
1654 1937 1745 1964 κάλλει
1772 1938 1926 1974 ὡραιώθης,

1137 1979 1159 2008 ὦ
1173 1982 1322 2018 Ἆγαπητὲ,
1339 1981 1414 2017 παρὰ
1428 1983 1491 2014 τοὺς
1504 1983 1577 2015 υἱοὺς
1591 1982 1647 2009 τῶν
1658 1983 1819 2019 ἀνθρώπων.
1829 1984 1861 2010 El.
1874 1984 1926 2018 γὰρ

1138 2029 1229 2056 καὶτὰ
1245 2029 1364 2063 μάλιστα
1377 2025 1417 2059 εἷς
1432 2037 1474 2060 τις
1487 2028 1602 2063 γέγονας
1625 2030 1671 2056 καὶ
1688 2030 1769 2062 αὐτὸς
1781 2029 1847 2056 υἱῶν
1875 2029 1927 2056 τῶν

1138 2074 1298 2112 ἀνθρώπων,
1314 2075 1360 2102 καὶ
1379 2074 1587 2110 κατηριθμήθης
1603 2076 1658 2107 τοῖς
1674 2076 1720 2102 ἐπὶ
1741 2076 1792 2111 γῆς
1805 2076 1928 2103 πολιτευν

1140 2122 1275 2156 σαμένοιςε
1294 2121 1351 2147 ἀλλ’
1364 2121 1415 2147 οὐκ
1437 2120 1494 2147 ἔστι
1519 2120 1703 2155 παραϐάλλειν
1720 2121 1759 2156 τῷ
1772 2121 1864 2149 κάλλει
1881 2129 1927 2148 σου

1137 2166 1240 2201 ἓτερον.
1262 2165 1344 2200 Δῆλον
1371 2165 1409 2197 δὲ,
1435 2166 1476 2191 ὅτι
1506 2165 1577 2192 κατὰ
1597 2164 1645 2201 τὴν
1663 2166 1774 2201 ἀρετήν·
1789 2165 1863 2192 οὕτω
1875 2165 1930 2201 γὰρ

1139 2211 1201 2238 οὔτε
1213 2212 1282 2244 δόξει
1311 2212 1420 2238 ἐναντία
1448 2211 1553 2243 τούτοις
1577 2212 1691 2243 Ἡσαΐας
1712 2212 1801 2246 λέγειν
1827 2212 1928 2247 φήσας⁸

1138 2258 1192 2285 Καὶ
1211 2258 1312 2293 ἴδομεν
1322 2257 1426 2289 αὐτὸν,
1442 2258 1491 2284 καὶ
1504 2259 1559 2285 οὐκ
1580 2256 1660 2292 εῖχεν
1671 2256 1751 2291 εἶδος
1774 2257 1844 2285 οὐδὲ
1857 2257 1916 2285 κάλ

1136 2305 1199 2337 λος·
1214 2303 1295 2330 ἀλλὰ
1307 2303 1339 2330 τὸ
1354 2302 1435 2336 εἶδος
1449 2303 1542 2330 αὐτοῦ
1564 2302 1679 2337 ἄτιμον,
1694 2303 1837 2330 ἐκλεῖπον
1850 2303 1928 2337 παρὰ

1138 2349 1209 2382 τοὺς
1220 2349 1305 2382 υἱοὺς
1318 2348 1377 2375 τῶν
1384 2349 1557 2383 ἀνθρώπων.
1567 2349 1673 2376 Ἐκεῖνα
1684 2348 1738 2384 γὰρ
1753 2348 1798 2375 τὸν
1814 2349 1927 2385 σταυρὸν

1137 2396 1184 2421 καὶ
1199 2395 1229 2421 τὸ
1246 2395 1331 2426 πάθος
1343 2394 1540 2430 προανεφώνει,
1568 2394 1586 2421 ἃ
1603 2394 1745 2430 παροινίας
1758 2395 1804 2421 καὶ
1823 2394 1928 2430 ὕϐρεως

1140 2440 1245 2475 ὑπῆρχε
1274 2439 1370 2474 μεστόν
1393 2440 1433 2466 διὸ
1455 2439 1486 2474 δὴ
1501 2440 1548 2466 καὶ
1579 2440 1717 2474 ἐπήγαγεν
1737 2440 1751 2465 ὁ
1773 2440 1926 2474 προφήτης·

1140 2486 1308 2519 Ἀνθρωπος
1327 2485 1361 2512 ἐν
1373 2484 1476 2520 πληγῇ
1491 2484 1544 2517 ὢν,
1557 2485 1607 2512 καὶ
1621 2484 1707 2518 εἰδὼς
1720 2484 1822 2519 φέρειν
1832 2487 1928 2519 μαλα-

1137 2532 1215 2562 κίαν,
1231 2531 1380 2565 ἡτιμάσθη
1409 2531 1459 2558 καὶ
1482 2533 1536 2558 οὐκ
1553 2532 1706 2566 ἐλογίσθη.
1735 2530 1763 2558 ’0
1779 2531 1807 2557 δὲ
1823 2530 1929 2567 ψαλμὺς

1137 2577 1233 2609 κάλλος
1251 2577 1332 2604 αὐτοῦ
1350 2577 1437 2609 καλεῖ,
1451 2577 1512 2604 καθ’
1528 2576 1546 2603 ἃ
1572 2577 1689 2613 εἴρηται,
1708 2577 1738 2603 οὐ
1753 2577 1783 2603 τὸ
1805 2576 1853 2603 τοῦ
1878 2576 1929 2603 σώ-

1139 2632 1232 2658 ματος,
1249 2623 1317 2650 ἀλλὰ
1330 2623 1358 2650 τὸ
1375 2623 1424 2658 τῆς
1437 2623 1547 2658 ἀρετῆς,
1580 2623 1717 2659 ἁμαρτίας
1734 2623 1763 2649 οὐ
1783 2622 1929 2658 δεξάμενον

1139 2669 1241 2695 σπῖλον.
1270 2669 1380 2700 Τούτοις
1406 2669 1468 2704 ἑξῆς
1498 2669 1613 2704 εἴρηται·
1645 2668 1789 2703 Ἐξεχύΰη
1807 2669 1825 2702 ὴ
1844 2667 1930 2702 χάρις

1136 2716 1173 2741 ἐν
1187 2715 1302 2751 χείλεσι
1317 2723 1384 2743 σου·
1403 2714 1451 2742 διὰ
1465 2715 1552 2743 τοῦτο
1563 2714 1713 2750 εὐλόγησέ
1724 2723 1760 2742 σε
1773 2716 1789 2741 ό
1804 2713 1930 2748 Gades);-
