2064 3212
269 139 321 163 ιιι]

634 133 768 162 EUSEBII
787 134 1028 163 CESARIENSIS
1044 135 1119 163 OPP.
1141 135 1231 163 PARS
1251 134 1294 163 Ill.
1305 151 1339 156 —
1352 135 1559 164 EXEGETICA.

1852 140 1902 168 420

268 202 383 229 magnus
395 198 446 226 est,
462 193 600 225 bonitate,
615 193 759 221 tolerantia
773 214 780 226 ,
801 194 957 227 clementia,
973 199 1051 222 cante-

1105 196 1190 230 γέθει,
1209 194 1322 230 δυνάμει
1335 195 1363 222 δὲ
1378 195 1583 231 ἀκαταλήπτῳτ
1601 195 1669 222 ἀλλὰ
1685 197 1732 223 καὶ
1755 197 1837 233 σοφίᾳ
1855 199 1901 234 μὲ-

268 241 402 275 risque-in
415 248 447 267 eo
462 239 587 275 cogitatis
602 239 704 267 divinis
716 239 882 271 virtutibus;
908 249 993 276 quare
1015 241 1057 268 di-

270 289 343 312 ctum
355 288 396 312 est
411 294 417 311 ι
438 283 472 310 Et
486 284 691 319 cogitationibus
708 284 760 310 tuis
773 293 823 311 non
842 290 880 312 est
901 286 945 320 qui
959 286 1056 312 simflis

267 333 302 358 sit
318 331 364 358 tibi
374 332 394 357 ⁷.

301 435 404 463 Atheos
431 434 587 470 quosdam,
614 438 643 461 ‘et
667 435 805 462 dremones
839 434 1055 462 incantationum

268 491 393 512 auctores
410 483 532 520 [carpit],
550 483 596 518 qui
610 491 723 519 regnum
740 491 819 510 suum
835 483 862 510 in
879 488 951 510 terra
965 483 1057 510 ﬁrma-

268 531 314 562 vit,
330 535 357 557 et
372 530 463 556 omnia
479 530 555 564 prius
572 534 730 557 enumerata
747 530 774 556 in
787 529 944 557 hominibus
957 530 1054 565 imple-

268 579 315 606 vit.
332 578 424 612 Neque
438 579 525 606 solum
542 575 719 613 magnus‘est,
736 579 783 606 sed
802 580 883 606 etiam
910 580 1056 607 laudabilis

269 623 345 651 valde
363 633 368 650 :
387 631 441 650 non
457 624 565 658 quidem
586 624 656 658 apud
674 632 771 652 omnes
787 633 837 652 nec
853 625 881 652 in
897 626 971 652 omni
983 626 1054 658 loco,

268 669 313 696 sed
331 669 357 695 in
368 668 479 695 civitate
495 667 541 694 Dei
556 669 643 695 nostri
662 674 689 696 et
713 670 740 697 in
760 674 853 698 monte
872 675 967 698 sancto
981 672 1054 705 ejus.

268 713 334 746 Quia
348 714 365 741 ii
381 714 426 749 qui
438 719 515 742 extra
530 714 667 742 civitatem
679 716 738 750 ejus
751 720 826 748 sunt,
839 717 937 744 divina:
953 717 1056 744 doctri-

267 772 307 792 nae
326 765 455 799 imperiti,
480 766 608 792 nesciunt
628 773 682 800 quo
705 769 786 801 pacto
803 766 985 794 celebrandas
1007 767 1052 799 sit,

267 822 315 844 uec
329 805 409 849 digne
424 815 516 842 divina
528 816 601 850 loqui
615 820 748 850 possunt;
765 823 852 851 quare
867 816 1053 844 venerandum

267 858 330 885 illud
345 866 454 892 nomen,
470 859 503 886 ad
516 860 693 887 inanimatam
712 861 853 888 materiam
866 861 1052 895 projeeerunt,
1073 871 1093 897 Β

267 909 311 931 aut
335 905 362 932 in
381 906 540 933 animalium
566 907 796 934 irrationabilium
819 915 931 942 genera,
949 907 1007 934 sive
1026 907 1052 934 in

266 950 406 984 elementa,
417 955 529 984 terram,
546 959 656 987 aquam,
668 960 769 984 aerem,
787 952 875 987 ignem
887 961 894 985 ;
907 953 964 980 sive
972 953 1053 980 etiam

267 995 294 1023 in
311 997 404 1023 mundi
420 1001 512 1032 partes
527 1007 533 1023 :
548 1003 629 1032 atque
647 998 692 1024 alii
712 998 766 1024 alio
781 998 833 1024 ritu
857 998 891 1025 de
906 998 960 1025 Deo
972 998 1054 1033 impie

265 1049 425 1078 senserunt;
442 1046 546 1073 idcirco
562 1053 624 1072 cum
645 1045 726 1073 alieni
737 1051 828 1073 essent
841 1053 857 1072 a
869 1046 979 1073 civitate
989 1045 1052 1078 Dei,

265 1097 279 1116 a
297 1098 360 1117 vero
376 1090 477 1126 hymno
493 1091 561 1125 lapsi
579 1095 654 1118 sunt.
669 1091 773 1118 Civitas
790 1099 873 1126 porro
888 1090 935 1118 Dei
953 1092 1052 1124 nostri,

266 1135 387 1162 Ecclesia
412 1140 463 1167 est,
478 1144 538 1170 quae
555 1145 636 1171 supra
652 1136 761 1170 eloquio
776 1136 932 1170 lmjnsmodi
949 1137 1054 1164 indica-

265 1185 328 1208 tur:
344 1179 482 1208 Fluminis
507 1182 620 1216 impetus
645 1182 785 1216 (reti/itaut
821 1182 953 1208 civitatem
979 1182 1053 1209 Dei:

265 1226 439 1260 sanctiﬁcavit
457 1226 656 1253 tabernaculum
671 1234 748 1253 suum
758 1226 912 1252 Altissimus
921 1226 942 1252 ³.
956 1225 988 1252 Et
998 1226 1054 1253 haec

265 1272 374 1306 quidem
390 1271 424 1298 de
437 1279 479 1302 ea,
496 1279 556 1306 quae
570 1273 596 1298 in
622 1276 695 1298 terra
718 1275 769 1303 est,
796 1271 936 1304 Ecclesia;
953 1271 986 1299 de
999 1279 1054 1306 qua

264 1321 366 1350 dictum
392 1326 434 1349 est
460 1331 466 1348 :
492 1321 650 1348 lnlmbitabo
677 1322 704 1347 in
736 1321 791 1348 illis
812 1326 836 1348 et
859 1321 1052 1348 inambulubo:

263 1374 287 1395 et
295 1375 339 1394 ero
350 1367 457 1394 illarum
469 1367 547 1398 Deus,
558 1372 582 1393 et
595 1368 644 1401 ipsi
654 1371 730 1393 erunt
744 1366 808 1393 mihi
819 1367 929 1401 populus
941 1367 963 1393 '.
974 1366 1052 1399 Quod

268 1414 290 1442 si
306 1422 359 1449 qua
374 1414 409 1441 sit
422 1414 474 1440 alia
494 1413 545 1440 hac
564 1413 661 1440 melior
676 1413 784 1445 civitas,
802 1413 881 1447 cujus
904 1412 1003 1440 artifex
1026 1416 1053 1439 et

263 1460 391 1488 conditor
409 1461 432 1488 is
448 1461 506 1495 ipse
524 1460 577 1493 sit,
594 1458 748 1494 perpende,
768 1466 823 1494 quo
843 1463 924 1494 pacto
954 1459 982 1485 in
1006 1459 1052 1486 illa

261 1512 344 1540 etiam
362 1519 477 1547 magnus
491 1532 498 1544 ,
513 1510 695 1539 celebrandus
712 1514 739 1537 et
751 1510 897 1538 laudabilis
908 1511 944 1537 sit
961 1511 1050 1543 valde,

262 1565 324 1585 cum
335 1558 362 1584 in
377 1565 408 1584 ea
422 1565 472 1592 pro
486 1557 620 1592 dignitate
634 1556 814 1591 intelligatur,
831 1563 863 1583 ac
877 1556 979 1583 divinis
990 1564 1052 1583 νοτ·
1067 1561 1085 1585 t2

262 1604 305 1631 bis
317 1603 481 1631 celebretur.
497 1602 528 1629 In
542 1610 597 1637 quo
616 1605 706 1629 autem
723 1606 803 1629 terra;
818 1602 878 1628 loco
890 1601 989 1629 civitas
1010 1600 1056 1627 ilia

262 1648 308 1679 sit,
326 1648 363 1674 ita
378 1647 456 1674 docet
473 1647 596 1681 psalmus
611 1656 618 1673 :
637 1646 670 1672 In
689 1651 776 1673 monte
795 1650 887 1673 sancto
905 1646 963 1679 eius
988 1645 1050 1672 bene

262 1692 401 1724 radicato,‘
419 1692 447 1720 id
459 1694 512 1724 est,
530 1693 600 1720 bene
612 1692 735 1724 fundato,
754 1696 781 1719 et
806 1692 941 1724 radicato,
959 1695 985 1718 et
1004 1699 1051 1718 eat-

261 1739 406 1766 sultatione
429 1739 557 1765 universre
577 1743 663 1765 term.
684 1737 780 1770 Qualis
800 1745 882 1772 porro
906 1745 984 1764 mons
1005 1737 1050 1764 ille

216 1784 219 1787 ’
261 1785 308 1818 sit,
329 1793 444 1821 magnus
455 1785 534 1812 docet
547 1784 696 1820 Apostolus
707 1784 751 1811 bis
761 1783 852 1811 verbis
865 1793 871 1810 :
884 1783 1049 1810 Accessinms

261 1831 296 1859 ad
311 1830 376 1859 Sion
386 1835 500 1858 montem
511 1851 518 1863 ,
533 1835 558 1857 et
574 1831 707 1857 civitatem
729 1828 778 1856 Dei
797 1829 905 1856 viventis
915 1849 922 1861 ,
938 1827 1050 1855 Jerusa-

260 1878 311 1905 lem
325 1879 464 1911 caelestem,
482 1884 507 1906 et
529 1879 673 1906 multorum
693 1879 809 1905 millium
827 1878 978 1913 angelorum
1000 1878 1050 1913 fre-

246 1927 404 1961 quentiam,
430 1930 455 1953 et
481 1925 630 1954 Ecclesium
651 1926 897 1961 primogenitarum,
917 1926 963 1960 qui
986 1933 1049 1952 can-

259 1977 351 2011 sm’pti
368 1982 429 2004 sunt
443 1978 470 2004 in
483 1978 594 2005 caelis”.
609 1978 737 2005 Eamdem
757 1984 822 2004 vero
832 1984 893 2004 esse
908 1976 1048 2003 civitatem

260 2021 306 2049 Dei
319 2030 409 2049 veram
435 2023 493 2057 ipse
517 2023 638 2051 declarat
659 2023 755 2051 dicens
772 2022 845 2050 :Illa
868 2027 966 2054 autem,
989 2029 1048 2057 qua:

259 2075 365 2094 sursum
386 2072 426 2094 est
450 2067 611 2100 Jerusalem,
643 2067 726 2095 libera
751 2073 800 2102 est,
823 2075 881 2102 qua:
903 2073 942 2094 est
963 2073 1048 2094 mater

259 2113 394 2139 nostra“.
412 2112 490 2139 Mons
511 2117 602 2140 autem
626 2113 682 2141 Deo
702 2113 817 2148 dignus,
841 2113 928 2148 ipsum
948 2113 1047 2140 emlum

259 2161 312 2185 est.
332 2157 402 2191 Quia
416 2166 481 2185 vero
492 2158 617 2186 homines
633 2159 660 2186 in
674 2165 746 2186 terra
758 2158 888 2194 degentes
899 2166 983 2194 regno
997 2166 1047 2186 suo

259 2207 422 2244 dedignatus
436 2216 491 2236 non
503 2213 544 2236 est
556 2217 564 2243 ;
575 2208 602 2236 id
616 2209 688 2236 enim
704 2209 877 2244 signiﬁcabat
888 2210 1046 2245 praecedens

1109 249 1161 275 γας
1179 241 1237 266 ἐστὶ
1257 241 1303 266 καὶ
1322 239 1471 276 ἀγαθότητι
1489 240 1536 267 καὶ
1553 240 1714 276 ἀνεξικακίᾳ
1736 241 1782 267 καὶ
1805 242 1901 275 φιλ-αν-

1109 284 1230 320 θρωπίᾳ,
1247 286 1307 316 ταῖς
1321 293 1351 310 τε
1364 285 1470 316 λοιπαῖς
1483 284 1689 320 ὲπινοουμέναις
1713 286 1742 311 ἐν
1756 286 1831 321 αὐτῷ
1847 286 1901 313 θεῖ-

1109 332 1170 362 xui;
1183 330 1312 364 δυνάμεσι
1323 338 1329 343 '
1348 330 1388 356 διὸ
1399 329 1537 357 λέλεκται·
1553 331 1606 357 Καὶ
1624 330 1685 363 τοῖς
1696 330 1901 366 διαλογισμοῖς

1109 383 1166 401 σου
1182 375 1236 401 οὐκ
1248 375 1313 401 ἐστι
1332 375 1376 407 τίς
1392 374 1615 409 ὁμοιωθήσεται.

1149 431 1259 463 Ἀϐἐους
1277 430 1353 462 τινὰς
1376 431 1456 462 δντας
1474 431 1604 466 δαίμονας
1630 432 1741 467 ἐπῳδῶν
1765 433 1827 467 (sic)
1851 441 1900 460 τιεά

1108 476 1271 511 ποιημένους
1294 476 1309 502 ό
1328 475 1377 511 τὴν
1394 475 1490 502 ἑαυτοῦ
1512 475 1649 510 βασιλείαν
1663 477 1708 503 ἐπὶ
1729 477 1781 512 γῆν
1798 484 1901 515 συστη-

1109 522 1238 556 σάμενος,
1253 521 1299 549 καὶ
1313 521 1348 548 τὰ
1364 522 1424 548 καθ’
1437 521 1550 549 ἕκαστον
1574 522 1628 549 τῶν
1644 523 1798 558 ἔμπροσθεν
1812 532 1901 559 κατηο

1110 567 1288 602 ριθμημένων
1305 567 1335 593 ὲν
1357 567 1510 603 ἀνθρώποις
1525 568 1693 600 ἐπιτελέσας.
1717 569 1753 595 Οὐ
1774 570 1854 604 μόνον
1872 570 1900 597 δὲ

1110 614 1194 649 μέγας
1208 613 1291 646 ἐστὶν,
1303 613 1371 640 ἀλλὰ
1384 613 1430 640 καὶ
1444 614 1563 649 ὑμνητὸς
1577 614 1678 649 σφόδρα
1688 622 1694 629 ’
1708 615 1738 640 οὐ
1758 615 1812 650 μὴν
1823 617 1901 651 παρὰ

1109 659 1208 691 πᾶσιν,
1223 658 1284 684 οὐδὲ
1303 659 1331 684 ἐν
1354 658 1434 685 παντὶ
1457 659 1549 694 τόπῳ,
1572 659 1629 685 ἀλλ’
1649 661 1678 686 ἐν
1701 661 1732 695 τῇ
1755 661 1832 687 πόλει
1852 653 1911 688 τιῦΙ

1107 703 1173 730 Θεοῦ
1190 703 1284 739 ἡμῶν,
1300 704 1344 730 καὶ
1360 705 1388 730 ὲν
1405 704 1444 739 τῷ
1459 704 1517 740 δρει
1534 705 1604 740 ἁγίῳ
1619 705 1710 731 αὐτοῦ.
1731 707 1861 743 Ἐπείπερ
1874 709 1899 734 οἱ

1107 748 1160 781 ἔξω
1173 749 1223 784 τῆς
1239 749 1321 775 αὐτοῦ
1340 749 1460 780 πόλεως,
1475 749 1589 784 ἀμαθεῖς
1601 750 1678 781 ὄντες
1690 750 1739 786 τῆς
1754 750 1846 778 ὲνοέου
1861 752 1899 780 δι-

1107 794 1256 827 δασκαλίας
1267 816 1275 828 ,
1292 796 1341 822 οὐκ
1366 796 1455 822 ἴσασιν
1472 796 1552 822 αὐτὸν
1570 796 1682 831 ὑμνεῖν,
1703 797 1757 823 οὐδ’
1779 796 1899 830 ἐπαξίως

1108 840 1259 875 θεολογεῖν·
1278 841 1374 877 διόπερ
1397 841 1445 876 τὴν
1469 841 1615 876 σεϐάσμιον
1643 843 1828 878 προσηγορίαν
1852 844 1899 870 ὲπῑ

1105 886 1154 922 τὴν
1167 886 1269 921 ἄψυχον
1285 887 1350 921 ὕλην
1375 886 1631 921 καταϐεϐλήκασιν,
1653 887 1668 922 ῆ
1694 887 1770 920 ξύλον
1792 888 1898 923 ἀλόγων

1105 932 1172 967 γένη
1183 952 1190 963 ,
1206 932 1222 967 ἦ
1237 932 1282 958 ἐπὶ
1296 932 1329 958 τὰ
1344 934 1462 967 στοιχεῖα
1472 954 1480 965 ,
1497 933 1549 967 γῆν
1559 954 1565 966 ,
1581 933 1652 968 ὕδωρ
1665 953 1671 965 ,
1691 933 1759 969 ἀέρα
1771 954 1778 966 ,
1795 934 1865 970 πῦρ,
1878 933 1897 970 ἢ

1106 978 1153 1004 ἐπὶ
1167 979 1202 1004 τὰ
1216 978 1284 1014 μέρη
1296 979 1342 1005 τοῦ
1357 979 1460 1014 κόσμου
1470 987 1476 993 ·
1496 979 1543 1005 καὶ
1558 979 1631 1005 ἄλλοι
1655 979 1743 1011 ἄλλως
1756 989 1815 1012 πως
1832 980 1897 1017 περὶ

1105 1024 1172 1051 Θεοῦ
1188 1025 1316 1057 ἐδόξασαν
1330 1025 1437 1056 ἁσεσῶς
1449 1033 1455 1040 ·
1471 1026 1518 1052 καὶ
1541 1026 1585 1052 διὰ
1604 1026 1697 1057 τοῦτο,
1721 1027 1770 1062 τῆς
1792 1027 1897 1059 πόλεως

1105 1070 1180 1102 ὄντες
1196 1070 1330 1106 ἀλλότριοι
1352 1071 1400 1097 τοῦ
1420 1071 1504 1103 Θεοῦ,
1526 1071 1740 1098 ἀποπεπτώκασι
1761 1072 1808 1098 τοῦ
1830 1073 1897 1107 ἁληέ

1105 1116 1168 1147 οοῦς
1189 1115 1284 1151 ὕμνου.
1304 1116 1384 1148 Πόλις
1400 1116 1428 1142 δὲ
1447 1116 1494 1143 τοῦ
1508 1116 1575 1143 Θεοῦ
1592 1117 1671 1152 ἡμῶν
1692 1118 1708 1152 ή
1729 1118 1895 1154 Ἐκκλησία,

1104 1162 1137 1196 ἦν
1150 1161 1197 1187 καὶ
1211 1161 1244 1187 τὰ
1259 1162 1387 1196 ἀνωτέρω
1399 1161 1491 1197 ἐδήλου
1504 1162 1598 1196 λόγια,
1612 1163 1646 1189 δι’
1663 1160 1701 1190 ὧν
1713 1163 1806 1200 εἴρητο
1816 1172 1823 1179 ·
1839 1163 1894 1192 Τοῦ

1104 1207 1238 1241 ποταμόῦ
1251 1208 1288 1234 τὰ
1301 1207 1455 1242 ὀρμήματα
1465 1208 1662 1242 εὐφραίνουσι
1673 1209 1731 1243 τὴν
1738 1210 1830 1239 πόλιν
1841 1208 1893 1238 τοί

1106 1252 1179 1280 Θεοῦ
1191 1261 1197 1267 ·
1214 1253 1322 1287 ἡγίασε
1334 1253 1366 1279 τὸ
1378 1252 1522 1288 σκήνωμα
1538 1253 1632 1280 αὐτοῦ
1643 1256 1660 1281 ὁ
1672 1255 1824 1289 Ὑψίστας.
1840 1257 1894 1283 Καὶ

1104 1298 1191 1325 ταῦτα
1206 1298 1255 1333 μὲν
1271 1299 1334 1334 περὶ
1351 1299 1400 1334 τῆς
1422 1299 1492 1325 κατὰ
1508 1299 1561 1334 γῆν
1587 1299 1765 1335 Ἐκκλησίας-
1783 1301 1846 1335 περὶ
1859 1299 1893 1337 ἧς

1104 1345 1228 1380 εἴρηται·
1253 1343 1413 1377 Ἐνοικήσω
1425 1345 1460 1371 ἐν
1476 1345 1578 1378 αὐτοῖς
1589 1345 1639 1372 καὶ
1653 1345 1890 1380 ἑμπεριπατήσω*

1104 1391 1153 1418 καὶ
1172 1391 1277 1425 ἔσομαι
1298 1390 1397 1418 αὐτῶν
1420 1391 1506 1423 Θεὸς,
1530 1391 1579 1418 καὶ
1600 1391 1684 1418 αὐτοὶ
1700 1392 1824 1418 ἔσονται
1843 1401 1892 1427 μοι

1103 1437 1187 1470 λαός.
1201 1437 1233 1463 Ei
1247 1437 1268 1463 δ’
1281 1437 1338 1463 ἐστι
1352 1445 1394 1468 τις
1408 1436 1475 1472 άλλη
1491 1437 1623 1472 κρείττων
1639 1437 1741 1473 ταύτης
1759 1438 1846 1470 πόλις,
1858 1437 1891 1474 ἧς

1104 1483 1229 1518 τεχνίτης
1252 1483 1301 1509 καὶ
1326 1482 1490 1518 δημιουργὸς
1510 1479 1607 1513 αὐτός·
1632 1482 1682 1509 θέα·
1701 1483 1775 1515 ὅπως
1793 1484 1840 1510 καὶ
1862 1484 1891 1510 ὲν

1103 1529 1190 1565 ταύτῃ
1204 1529 1289 1564 μέγας
1301 1529 1347 1555 καὶ
1370 1528 1488 1564 ὑμνητὸς
1499 1548 1506 1560 ,
1519 1529 1565 1554 καὶ
1580 1529 1685 1560 αἰνετός
1698 1530 1757 1556 ἐστι
1773 1529 1889 1566 σφόδρα,

1105 1575 1163 1599 κατ’
1187 1573 1265 1606 ἀξίαν
1287 1573 1430 1607 νοούμενος
1456 1573 1485 1598 ὲν
1507 1573 1575 1608 αὐτῇ
1600 1574 1647 1599 καὶ
1672 1573 1889 1609 θεολογούμενος.

1103 1619 1152 1645 Ποῖ
1166 1619 1194 1645 δὲ
1206 1619 1256 1654 γῆς
1270 1618 1441 1654 ᾠκοδόμηται
1458 1618 1475 1653 ὴ
1495 1618 1572 1650 πόλις
1587 1618 1656 1654 αὕτη
1669 1640 1676 1651 ,
1693 1620 1707 1645 ό
1725 1619 1774 1654 μὲν
1787 1619 1889 1655 ψαλμδς

1102 1664 1222 1691 διδάσκει
1251 1665 1354 1698 λέγων·
1383 1665 1431 1691 Ἐν
1458 1664 1519 1699 ὄρει
1550 1666 1623 1700 ἁγίῳ
1648 1666 1740 1694 αὐτοῦ
1770 1667 1887 1701 εἰιρίζῳ·

1101 1710 1224 1736 τουτέστι
1239 1711 1277 1745 τῷ
1289 1709 1318 1737 εὖ
1333 1711 1557 1746 τεθεμελιωμένῳ
1576 1712 1623 1738 καὶ
1641 1711 1828 1748 ὲῤῥιζωμένῳ,
1844 1712 1890 1739 καὶ

1100 1756 1140 1788 τῷ
1159 1756 1356 1792 ἀγαλλιάματι
1379 1757 1481 1791 πάσης
1498 1757 1554 1790 τῆς·
1566 1757 1631 1792 γῆς.
1655 1758 1733 1784 Ποῖον
1754 1758 1778 1784 δ’
1796 1748 1840 1785 ἄν’
1848 1759 1888 1794 εἰη

1100 1802 1179 1828 τοῦτο
1195 1803 1224 1829 τὸ
1243 1803 1316 1838 ὅρος,
1341 1804 1355 1830 ό
1369 1803 1455 1838 μέγας
1480 1804 1639 1835 ’Λπόστολος
1655 1803 1774 1831 διδάσκει
1789 1804 1890 1838 λέγων’,

1100 1850 1373 1883 Προσεληλύθαμεν
1385 1849 1462 1876 Σιὼν
1476 1849 1537 1883 ὄρει
1552 1849 1600 1876 καὶ
1617 1849 1704 1876 πόλει
1724 1849 1798 1876 Θεοῦ
1819 1848 1888 1880 ζῶν-ι

1101 1902 1153 1928 τος
1169 1894 1362 1929 Ἰερουσαλὴμ
1386 1895 1567 1931 ἐπουρανίῳ,
1583 1895 1634 1923 καὶ
1647 1895 1792 1929 μυριάσιν
1806 1893 1888 1930 ἀγγά-

1099 1942 1162 1967 λων
1179 1940 1343 1974 πανηγύρει
1363 1941 1413 1967 καὶ
1429 1941 1593 1975 Ἐκκλησία
1608 1941 1802 1975 πρωτοτόκων
1814 1941 1887 1968 ἀπο-

1099 1986 1308 2020 γεγραμμένων
1326 1986 1361 2013 ἐν
1376 1986 1524 2020 οὐρανοῖς.
1545 1986 1652 2021 Ταύτην
1668 1986 1699 2013 δὲ
1717 1986 1802 2020 αὐτὴν
1821 1983 1888 2012 εἶναι

1099 2031 1148 2065 τὴν
1163 2031 1238 2058 πόλιν
1254 2031 1300 2057 τοῦ
1311 2030 1378 2057 Θεοῦ
1393 2030 1441 2065 τὴν
1454 2031 1582 2066 ἀληθινὴν
1595 2032 1609 2057 ὁ
1621 2030 1703 2062 αὐτὸς
1715 2032 1834 2066 παρίστη
1846 2031 1887 2059 λέ-

1099 2085 1155 2110 γων
1165 2085 1171 2091 ·
1191 2077 1221 2104 Ἠ
1232 2076 1266 2103 δὲ
1280 2076 1342 2103 ἄνω
1359 2077 1552 2111 Ἰερουσαλὴμ
1564 2077 1705 2110 ἐλευθέρα
1718 2077 1815 2108 ἐστὶν,
1825 2077 1886 2111 ἣτις

1098 2123 1163 2150 ἐστὶ
1175 2123 1274 2157 μήτηρ
1295 2123 1388 2157 ἡμῶν.
1403 2123 1484 2158 Ὄρος
1497 2123 1525 2149 δὲ
1540 2122 1586 2149 τοῦ
1600 2122 1668 2149 Θεοῦ
1682 2123 1792 2156 ἐπάξιον
1807 2123 1886 2155 αὐτὸς

1099 2169 1113 2194 ὁ
1128 2169 1251 2205 οὐρανός.
1271 2169 1379 2204 Ἐπειδὴ
1395 2169 1423 2195 δὲ
1446 2168 1493 2196 καὶ
1513 2169 1575 2200 τοὺς
1596 2169 1642 2195 ἐπὶ
1661 2168 1713 2203 γῆς
1729 2167 1885 2204 ἀνθρώπους

1098 2215 1148 2241 οὐκ
1161 2215 1301 2250 ἀπηξίωσε
1316 2215 1366 2250 τῆς
1383 2215 1487 2246 οἰκείας
1503 2215 1653 2250 ﬁndatur
1668 2214 1748 2241 τοῦτο
1761 2215 1815 2250 γὰρ
1827 2215 1884 2250 ἐδή-

258 2256 382 2290 psalmus
392 2255 487 2284 dicens
501 2255 573 2282 :Rex
589 2256 674 2282 omnis
688 2261 764 2282 teme
779 2255 862 2287 Deus,
878 2256 987 2290 psallite
999 2264 1046 2283 sa-

1102 2261 1145 2288 λου
1160 2262 1174 2288 ὁ
1190 2261 1243 2297 πρὸ
1262 2261 1357 2288 τούτου
1374 2261 1479 2297 ςαλμὺς
1494 2261 1598 2296 λέγων·
1612 2261 1763 2294 Βασιλεὺς
1785 2260 1884 2294 πάσης

258 2302 358 2334 pienler
370 2309 380 2328 :
390 2302 507 2336 regnavit
520 2301 590 2328 Deus
605 2309 685 2336 super
698 2306 785 2337 gentes
794 2303 831 2335 ης
844 2301 907 2336 jure
926 2301 954 2328 in
972 2305 1044 2329 terra

258 2355 367 2383 quoque
382 2348 481 2376 civitas
491 2347 542 2383 ipsi
560 2348 711 2375 constituta
726 2351 769 2375 est
779 2368 786 2380 ,
802 2348 865 2374 vitae
879 2347 985 2375 scilicet
1000 2348 1044 2374 in-

258 2393 384 2420 stitutum
404 2393 452 2421 Dei
473 2393 560 2421 cultui
586 2392 736 2425 addictum,
760 2393 788 2418 in
813 2395 870 2418 toto
899 2391 967 2419 orbe
996 2399 1044 2427 per

256 2438 440 2472 evangelieam
450 2439 672 2474 pradicationem
687 2438 852 2466 consistens.
865 2437 983 2465 Montem
995 2437 1043 2464 Dei

257 2483 285 2510 in
315 2491 369 2518 quo
393 2484 549 2518 liujusmodi
572 2484 730 2511 institutum
752 2484 904 2512 stabilitum
932 2488 986 2515 est,
1009 2491 1043 2511 ne

255 2534 394 2562 cuncteris
412 2534 502 2561 dicere
517 2534 636 2563 Verbum
656 2534 703 2562 Dei
719 2542 791 2566 esse,
815 2535 941 2562 videlicet
959 2534 1042 2562 Chri-

255 2583 344 2613 stum;
361 2579 424 2614 quia
440 2587 521 2614 supra
538 2584 641 2614 petram
652 2579 763 2607 fundata
774 2580 835 2614 ejus
845 2579 965 2607 Ecclesia
980 2583 1039 2607 est:

255 2624 313 2659 ipse
334 2629 424 2652 autem
437 2629 513 2659 petra
528 2629 595 2653 erat.
616 2625 694 2653 Mons
715 2626 817 2660 itaque,
835 2629 920 2660 petra,
942 2625 1040 2652 funda-

255 2674 375 2699 mentum
390 2670 516 2698 Ecclesiae
526 2671 584 2705 ipse
597 2672 673 2700 solus
683 2672 775 2702 fuerit,
788 2675 817 2698 ut
829 2671 939 2706 quidam
952 2671 1019 2698 dicit
1031 2679 1037 2698 :

258 2716 466 2744 Fundamentum
480 2716 549 2743 enim
565 2715 640 2742 aliud
658 2725 733 2743 nemo
750 2721 834 2750 potest
852 2723 958 2751 ponere,
969 2723 1039 2750 μνω-

242 2799 245 2804 “
287 2805 297 2819 ⁷
316 2804 387 2832 ΡενιΙ.
406 2813 504 2838 xuix,
521 2805 547 2832 6.
586 2805 596 2820 ⁸
616 2804 686 2831 Psul.
704 2812 765 2837 XLV,
781 2805 808 2832 5.
845 2804 855 2820 ⁸
875 2803 961 2832 Levit.
980 2811 1040 2830 xxvt

253 2847 313 2867 Im
325 2860 331 2871 ,
352 2843 377 2866 ὅ.

1053 2823 1060 2836 ,
1080 2803 1122 2830 12.
1162 2802 1183 2818 ίο
1203 2802 1284 2830 Hebr.
1303 2810 1351 2835 xu,
1367 2799 1411 2832 (ΞΩ,
1424 2802 1469 2829 25.
1510 2801 1529 2817 “
1550 2801 1609 2829 Cal.
1627 2811 1663 2834 l\’,
1681 2803 1725 2830 ‘26.

1098 2306 1154 2340 τῆς
1169 2306 1225 2341 γῆς
1239 2308 1256 2334 ό
1273 2306 1359 2340 Θεὸς.
1378 2306 1495 2341 grai/late
1513 2306 1665 2340 συνετῶς·
1685 2307 1883 2334 ἐϐασίλευσεν

1097 2353 1113 2378 ό
1128 2351 1199 2383 Θεὸς
1211 2351 1260 2377 ἐπὶ
1276 2351 1311 2378 τὰ
1324 2351 1396 2384 ἔθνη
1406 2359 1414 2366 ·
1426 2351 1538 2383 εἰκότως
1558 2351 1605 2378 καὶ
1624 2351 1671 2377 ἐπὶ
1687 2351 1737 2386 τῆς
1750 2351 1801 2385 γῆς
1823 2359 1883 2377 συν-

1097 2397 1162 2431 έστη
1179 2396 1253 2431 αὐτῴ
1270 2396 1346 2428 πόλις
1357 2416 1363 2427 ,
1389 2396 1420 2422 τὸ
1436 2396 1561 2428 Θεοσεὸὲς
1574 2396 1674 2432 δηλαδὴ
1689 2397 1839 2432 πολίτευμα
1854 2395 1882 2422 ἐδ

1096 2442 1156 2469 καθ’
1168 2442 1231 2478 ὅλης
1244 2442 1294 2477 τῆς
1305 2442 1467 2478 οἰκουμένης
1478 2442 1522 2469 διὰ
1532 2441 1579 2468 τοῦ
1591 2441 1769 2477 εὐαγγελικοιῖ
1784 2442 1882 2468 συστὰν

1097 2487 1282 2524 κηρύγματος.
1298 2489 1379 2523 Ὅρος
1398 2488 1426 2514 δὲ
1444 2487 1491 2514 τοῦ
1511 2487 1578 2514 Θεοῦ
1600 2488 1629 2513 ὲν
1644 2485 1667 2521 ᾧ
1681 2483 1712 2514 τὸ
1734 2487 1881 2522 πολίτευμα

1096 2533 1174 2561 τοῦτο
1189 2533 1346 2569 συνέστηκε,
1358 2533 1395 2569 μὴ
1408 2533 1482 2560 δκνει
1496 2533 1584 2566 λέγειν
1594 2534 1639 2560 τὸν
1648 2534 1733 2567 Λόγον
1745 2531 1792 2560 τοῦ
1804 2533 1881 2564 Θεοῦ.

1095 2579 1153 2614 ἤτοι
1166 2578 1210 2605 τὸν
1224 2578 1340 2614 Χριστόν
1351 2587 1358 2593 ·
1371 2578 1486 2614 ἐπείπερ
1504 2579 1550 2605 ἐπὶ
1563 2578 1612 2613 τὴν
1625 2579 1726 2614 πέτραν
1741 2572 1878 2614 ᾧκοδόμη-
1893 2603 1896 2614 ι

1093 2633 1136 2651 ται
1150 2624 1230 2650 αὑτοῦ
1248 2625 1264 2659 ὴ
1289 2623 1449 2658 Ἐκκλησία·
1464 2624 1545 2655 αὑτός
1559 2632 1588 2650 τε
1603 2622 1637 2659 ἦν
1653 2625 1668 2659 ὴ
1686 2624 1783 2659 πέτρα.
1800 2621 1880 2654 Οὗτος

1094 2668 1140 2697 οὖν
1153 2670 1199 2696 καὶ
1210 2669 1272 2704 ὄρος
1286 2670 1333 2696 καὶ
1344 2669 1432 2703 πέτρα
1445 2669 1492 2696 καὶ
1505 2668 1629 2704 θεμέλιος
1642 2670 1691 2705 τῆς
1706 2669 1878 2705 Ἐκκληοιας,

1093 2715 1174 2746 αὐτὸς
1197 2715 1228 2742 ἂν
1255 2715 1332 2749 μόνος
1348 2715 1390 2749 εἴη
1409 2715 1478 2741 κατὰ
1501 2715 1546 2741 τὸν
1565 2716 1703 2748 φάσκοντα
1716 2724 1722 2731 ·
1739 2714 1878 2750 θεμέλιον

1765 2802 1786 2816 ’³
1806 2801 1876 2829 Psal.
