  <div class='ocr_page' id='page_1' title='image "/cluster/home/n/w/nwhite01/storage/ocr_20150623/23/njp.32101077772505/221.png"; bbox 0 0 2064 3212; ppageno 0'>
   <div class='ocr_carea' id='block_1_1' title="bbox 324 200 373 226">
    <p class='ocr_par' dir='ltr' id='par_1_1' title="bbox 324 200 373 226">
     <span class='ocr_line' id='line_1_1' title="bbox 324 200 373 226; baseline -0.02 0"><span class='ocrx_word' id='word_1_1' title='bbox 324 200 373 226; x_wconf 72' lang='lat'><strong>6:27</strong></span> 
     </span>
    </p>
   </div>
   <div class='ocr_carea' id='block_1_2' title="bbox 672 198 1599 230">
    <p class='ocr_par' dir='ltr' id='par_1_2' title="bbox 672 198 1599 230">
     <span class='ocr_line' id='line_1_2' title="bbox 672 198 1599 230; baseline 0.005 -5"><span class='ocrx_word' id='word_1_2' title='bbox 672 198 804 227; x_wconf 82' lang='lat' dir='ltr'><strong>EUSEBII</strong></span> <span class='ocrx_word' id='word_1_3' title='bbox 823 199 1062 228; x_wconf 67' lang='lat' dir='ltr'><strong>CASSAKIENSIS</strong></span> <span class='ocrx_word' id='word_1_4' title='bbox 1081 201 1164 229; x_wconf 54' lang='grc'><strong>01³1)(</strong></span> <span class='ocrx_word' id='word_1_5' title='bbox 1177 201 1266 230; x_wconf 75' lang='lat' dir='ltr'><strong>PARS</strong></span> <span class='ocrx_word' id='word_1_6' title='bbox 1286 201 1329 230; x_wconf 92' lang='grc'><strong>111.</strong></span> <span class='ocrx_word' id='word_1_7' title='bbox 1351 216 1385 223; x_wconf 86' lang='grc'><strong>-</strong></span> <span class='ocrx_word' id='word_1_8' title='bbox 1399 203 1599 230; x_wconf 64' lang='grc' dir='ltr'><strong>ΕΧΕΟΕῚἸΒΑ.</strong></span> 
     </span>
    </p>
   </div>
   <div class='ocr_carea' id='block_1_3' title="bbox 1897 205 1951 232">
    <p class='ocr_par' dir='ltr' id='par_1_3' title="bbox 1897 205 1951 232">
     <span class='ocr_line' id='line_1_3' title="bbox 1897 205 1951 232; baseline 0.019 -1"><span class='ocrx_word' id='word_1_9' title='bbox 1897 205 1951 232; x_wconf 73' lang='grc'><strong>428</strong></span> 
     </span>
    </p>
   </div>
   <div class='ocr_carea' id='block_1_4' title="bbox 324 257 1099 295">
    <p class='ocr_par' dir='ltr' id='par_1_4' title="bbox 324 257 1099 293">
     <span class='ocr_line' id='line_1_4' title="bbox 324 257 1099 293; baseline 0.004 -9"><span class='ocrx_word' id='word_1_10' title='bbox 324 265 412 285; x_wconf 84' lang='lat' dir='ltr'><strong>muros</strong></span> <span class='ocrx_word' id='word_1_11' title='bbox 427 258 502 292; x_wconf 85' lang='lat' dir='ltr'><strong>ejus;</strong></span> <span class='ocrx_word' id='word_1_12' title='bbox 524 257 704 293; x_wconf 87' lang='lat' dir='ltr'><strong>Symmachus</strong></span> <span class='ocrx_word' id='word_1_13' title='bbox 721 265 795 290; x_wconf 82' lang='lat' dir='ltr'><strong>vero,</strong></span> <span class='ocrx_word' id='word_1_14' title='bbox 814 264 958 286; x_wconf 79' lang='lat' dir='ltr'><strong>numerate.</strong></span> <span class='ocrx_word' id='word_1_15' title='bbox 986 259 1017 286; x_wconf 90' lang='lat' dir='ltr'><strong>Et</strong></span> <span class='ocrx_word' id='word_1_16' title='bbox 1044 267 1099 287; x_wconf 67' lang='lat' dir='ltr'><strong>veri</strong></span> 
     </span>
    </p>
   </div>
   <div class='ocr_carea' id='block_1_5' title="bbox 1150 257 1946 295">
    <p class='ocr_par' dir='ltr' id='par_1_5' title="bbox 1159 259 1946 295">
     <span class='ocr_line' id='line_1_5' title="bbox 1159 259 1946 295; baseline 0.001 -8"><span class='ocrx_word' id='word_1_17' title='bbox 1159 261 1187 287; x_wconf 81' lang='grc' dir='ltr'><strong>δὲ</strong></span> <span class='ocrx_word' id='word_1_18' title='bbox 1202 260 1261 287; x_wconf 84' lang='grc' dir='ltr'><strong>τοῦ·</strong></span> <span class='ocrx_word' id='word_1_19' title='bbox 1281 262 1468 295; x_wconf 73' lang='grc' dir='ltr'><strong>Διηγήο-αονθε</strong></span> <span class='ocrx_word' id='word_1_20' title='bbox 1481 261 1516 287; x_wconf 71' lang='grc' dir='ltr'><strong>ἐν</strong></span> <span class='ocrx_word' id='word_1_21' title='bbox 1535 260 1596 293; x_wconf 82' lang='grc' dir='ltr'><strong>τοῖς</strong></span> <span class='ocrx_word' id='word_1_22' title='bbox 1610 260 1733 294; x_wconf 77' lang='grc' dir='ltr'><strong>πύργοις</strong></span> <span class='ocrx_word' id='word_1_23' title='bbox 1744 259 1855 294; x_wconf 81' lang='grc' dir='ltr'><strong>αὐτῆς,</strong></span> <span class='ocrx_word' id='word_1_24' title='bbox 1871 261 1886 287; x_wconf 83' lang='grc' dir='ltr'><strong>ό</strong></span> <span class='ocrx_word' id='word_1_25' title='bbox 1901 261 1946 295; x_wconf 62' lang='grc' dir='ltr'><strong>μὲν</strong></span> 
     </span>
    </p>
   </div>
   <div class='ocr_carea' id='block_1_6' title="bbox 324 303 1107 339">
    <p class='ocr_par' dir='ltr' id='par_1_6' title="bbox 324 303 1107 339">
     <span class='ocr_line' id='line_1_6' title="bbox 324 303 1107 339; baseline 0.005 -10"><span class='ocrx_word' id='word_1_26' title='bbox 324 304 514 337; x_wconf 55' lang='lat' dir='ltr'><strong>praestantiora</strong></span> <span class='ocrx_word' id='word_1_27' title='bbox 536 303 654 331; x_wconf 75' lang='lat' dir='ltr'><strong>maxime</strong></span> <span class='ocrx_word' id='word_1_28' title='bbox 668 303 793 335; x_wconf 60' lang='lat' dir='ltr'><strong>aedilicia,</strong></span> <span class='ocrx_word' id='word_1_29' title='bbox 811 311 842 331; x_wconf 89' lang='lat' dir='ltr'><strong>ac</strong></span> <span class='ocrx_word' id='word_1_30' title='bbox 865 312 925 339; x_wconf 71' lang='lat' dir='ltr'><strong>qua:</strong></span> <span class='ocrx_word' id='word_1_31' title='bbox 951 305 978 332; x_wconf 93' lang='lat' dir='ltr'><strong>in</strong></span> <span class='ocrx_word' id='word_1_32' title='bbox 997 305 1107 333; x_wconf 85' lang='lat' dir='ltr'><strong>civitate</strong></span> 
     </span>
    </p>
   </div>
   <div class='ocr_carea' id='block_1_7' title="bbox 324 349 1110 385">
    <p class='ocr_par' dir='ltr' id='par_1_7' title="bbox 324 349 1110 385">
     <span class='ocr_line' id='line_1_7' title="bbox 324 349 1110 385; baseline 0.005 -9"><span class='ocrx_word' id='word_1_33' title='bbox 324 349 471 377; x_wconf 74' lang='lat' dir='ltr'><strong>munitiora</strong></span> <span class='ocrx_word' id='word_1_34' title='bbox 486 355 573 381; x_wconf 88' lang='lat' dir='ltr'><strong>erant,</strong></span> <span class='ocrx_word' id='word_1_35' title='bbox 589 353 683 384; x_wconf 91' lang='lat' dir='ltr'><strong>utpote</strong></span> <span class='ocrx_word' id='word_1_36' title='bbox 699 350 811 385; x_wconf 77' lang='lat' dir='ltr'><strong>majoris</strong></span> <span class='ocrx_word' id='word_1_37' title='bbox 826 351 956 378; x_wconf 91' lang='lat' dir='ltr'><strong>momenti</strong></span> <span class='ocrx_word' id='word_1_38' title='bbox 973 358 1005 379; x_wconf 90' lang='lat' dir='ltr'><strong>ac</strong></span> <span class='ocrx_word' id='word_1_39' title='bbox 1016 359 1110 380; x_wconf 85' lang='lat' dir='ltr'><strong>neces-</strong></span> 
     </span>
    </p>
   </div>
   <div class='ocr_carea' id='block_1_8' title="bbox 323 396 1107 431">
    <p class='ocr_par' dir='ltr' id='par_1_8' title="bbox 323 396 1107 431">
     <span class='ocr_line' id='line_1_8' title="bbox 323 396 1107 431; baseline 0.003 -8"><span class='ocrx_word' id='word_1_40' title='bbox 323 396 411 424; x_wconf 85' lang='lat' dir='ltr'><strong>sitatis</strong></span> <span class='ocrx_word' id='word_1_41' title='bbox 420 403 501 431; x_wconf 90' lang='lat' dir='ltr'><strong>quam</strong></span> <span class='ocrx_word' id='word_1_42' title='bbox 514 399 624 426; x_wconf 69' lang='lat' dir='ltr'><strong>cmtera,</strong></span> <span class='ocrx_word' id='word_1_43' title='bbox 643 396 801 424; x_wconf 83' lang='lat' dir='ltr'><strong>memoratis</strong></span> <span class='ocrx_word' id='word_1_44' title='bbox 818 397 978 425; x_wconf 87' lang='lat' dir='ltr'><strong>custodibus</strong></span> <span class='ocrx_word' id='word_1_45' title='bbox 993 405 1107 425; x_wconf 86' lang='lat' dir='ltr'><strong>numero</strong></span> 
     </span>
    </p>
   </div>
   <div class='ocr_carea' id='block_1_9' title="bbox 322 442 1105 477">
    <p class='ocr_par' dir='ltr' id='par_1_9' title="bbox 322 442 1105 477">
     <span class='ocr_line' id='line_1_9' title="bbox 322 442 1105 477; baseline 0.004 -9"><span class='ocrx_word' id='word_1_46' title='bbox 322 443 422 470; x_wconf 86' lang='lat' dir='ltr'><strong>tradita</strong></span> <span class='ocrx_word' id='word_1_47' title='bbox 437 446 500 470; x_wconf 91' lang='lat' dir='ltr'><strong>sunt</strong></span> <span class='ocrx_word' id='word_1_48' title='bbox 514 442 548 469; x_wconf 89' lang='lat' dir='ltr'><strong>ad</strong></span> <span class='ocrx_word' id='word_1_49' title='bbox 561 442 689 474; x_wconf 83' lang='lat' dir='ltr'><strong>tutelam;</strong></span> <span class='ocrx_word' id='word_1_50' title='bbox 704 446 732 468; x_wconf 91' lang='lat' dir='ltr'><strong>ut</strong></span> <span class='ocrx_word' id='word_1_51' title='bbox 742 442 868 470; x_wconf 85' lang='lat' dir='ltr'><strong>traditum</strong></span> <span class='ocrx_word' id='word_1_52' title='bbox 884 443 935 470; x_wconf 84' lang='lat' dir='ltr'><strong>sibi</strong></span> <span class='ocrx_word' id='word_1_53' title='bbox 949 450 1105 477; x_wconf 91' lang='lat' dir='ltr'><strong>numerum,</strong></span> 
     </span>
    </p>
   </div>
   <div class='ocr_carea' id='block_1_10' title="bbox 322 488 1106 524">
    <p class='ocr_par' dir='ltr' id='par_1_10' title="bbox 322 488 1106 524">
     <span class='ocr_line' id='line_1_10' title="bbox 322 488 1106 524; baseline 0.003 -9"><span class='ocrx_word' id='word_1_54' title='bbox 322 488 427 516; x_wconf 90' lang='lat' dir='ltr'><strong>salvum</strong></span> <span class='ocrx_word' id='word_1_55' title='bbox 443 489 634 524; x_wconf 79' lang='lat' dir='ltr'><strong>integrumque</strong></span> <span class='ocrx_word' id='word_1_56' title='bbox 651 488 838 516; x_wconf 74' lang='lat' dir='ltr'><strong>restituerent.</strong></span> <span class='ocrx_word' id='word_1_57' title='bbox 855 488 918 516; x_wconf 68' lang='lat' dir='ltr'><strong>Haec</strong></span> <span class='ocrx_word' id='word_1_58' title='bbox 935 496 1017 524; x_wconf 89' lang='lat' dir='ltr'><strong>porro</strong></span> <span class='ocrx_word' id='word_1_59' title='bbox 1032 489 1106 517; x_wconf 89' lang='lat' dir='ltr'><strong>dicta</strong></span> 
     </span>
    </p>
   </div>
   <div class='ocr_carea' id='block_1_11' title="bbox 321 533 1106 571">
    <p class='ocr_par' dir='ltr' id='par_1_11' title="bbox 321 533 1106 571">
     <span class='ocr_line' id='line_1_11' title="bbox 321 533 1106 571; baseline 0.003 -10"><span class='ocrx_word' id='word_1_60' title='bbox 321 542 354 561; x_wconf 88' lang='lat' dir='ltr'><strong>cx</strong></span> <span class='ocrx_word' id='word_1_61' title='bbox 375 533 526 561; x_wconf 87' lang='lat' dir='ltr'><strong>Salvatoris</strong></span> <span class='ocrx_word' id='word_1_62' title='bbox 541 542 607 562; x_wconf 87' lang='lat' dir='ltr'><strong>voce</strong></span> <span class='ocrx_word' id='word_1_63' title='bbox 623 535 768 570; x_wconf 75' lang='lat' dir='ltr'><strong>intelligas,</strong></span> <span class='ocrx_word' id='word_1_64' title='bbox 787 542 841 570; x_wconf 88' lang='lat' dir='ltr'><strong>qua</strong></span> <span class='ocrx_word' id='word_1_65' title='bbox 857 535 932 570; x_wconf 90' lang='lat' dir='ltr'><strong>ipsos</strong></span> <span class='ocrx_word' id='word_1_66' title='bbox 955 535 1106 571; x_wconf 85' lang='lat' dir='ltr'><strong>discipulos</strong></span> 
     </span>
    </p>
   </div>
   <div class='ocr_carea' id='block_1_12' title="bbox 320 581 1106 617">
    <p class='ocr_par' dir='ltr' id='par_1_12' title="bbox 320 581 1106 617">
     <span class='ocr_line' id='line_1_12' title="bbox 320 581 1106 617; baseline 0.004 -11"><span class='ocrx_word' id='word_1_67' title='bbox 320 584 347 606; x_wconf 92' lang='lat' dir='ltr'><strong>et</strong></span> <span class='ocrx_word' id='word_1_68' title='bbox 361 581 511 615; x_wconf 81' lang='lat' dir='ltr'><strong>apostolos,</strong></span> <span class='ocrx_word' id='word_1_69' title='bbox 526 581 573 615; x_wconf 87' lang='lat' dir='ltr'><strong>qui</strong></span> <span class='ocrx_word' id='word_1_70' title='bbox 588 588 636 608; x_wconf 89' lang='lat' dir='ltr'><strong>ceu</strong></span> <span class='ocrx_word' id='word_1_71' title='bbox 659 584 750 608; x_wconf 70' lang='lat' dir='ltr'><strong>turres</strong></span> <span class='ocrx_word' id='word_1_72' title='bbox 767 581 872 609; x_wconf 74' lang='lat' dir='ltr'><strong>caeteris</strong></span> <span class='ocrx_word' id='word_1_73' title='bbox 889 581 1011 610; x_wconf 75' lang='lat' dir='ltr'><strong>:ediiiciis</strong></span> <span class='ocrx_word' id='word_1_74' title='bbox 1038 590 1106 617; x_wconf 65' lang='lat' dir='ltr'><strong>prte-</strong></span> 
     </span>
    </p>
   </div>
   <div class='ocr_carea' id='block_1_13' title="bbox 321 625 1107 661">
    <p class='ocr_par' dir='ltr' id='par_1_13' title="bbox 321 625 1107 661">
     <span class='ocr_line' id='line_1_13' title="bbox 321 625 1107 661; baseline 0.003 -9"><span class='ocrx_word' id='word_1_75' title='bbox 321 625 439 658; x_wconf 83' lang='lat' dir='ltr'><strong>stabant,</strong></span> <span class='ocrx_word' id='word_1_76' title='bbox 457 626 497 653; x_wconf 88' lang='lat' dir='ltr'><strong>sic</strong></span> <span class='ocrx_word' id='word_1_77' title='bbox 519 626 708 661; x_wconf 83' lang='lat' dir='ltr'><strong>alloquebatur</strong></span> <span class='ocrx_word' id='word_1_78' title='bbox 722 635 728 653; x_wconf 80' lang='lat' dir='ltr'><strong>z</strong></span> <span class='ocrx_word' id='word_1_79' title='bbox 751 626 837 653; x_wconf 85' lang='lat' dir='ltr'><strong>Vestri</strong></span> <span class='ocrx_word' id='word_1_80' title='bbox 852 631 940 653; x_wconf 88' lang='lat' dir='ltr'><strong>autem</strong></span> <span class='ocrx_word' id='word_1_81' title='bbox 955 627 1046 661; x_wconf 83' lang='lat' dir='ltr'><strong>capilli</strong></span> <span class='ocrx_word' id='word_1_82' title='bbox 1061 636 1107 654; x_wconf 80' lang='lat' dir='ltr'><strong>ca-</strong></span> 
     </span>
    </p>
   </div>
   <div class='ocr_carea' id='block_1_14' title="bbox 319 671 1106 707">
    <p class='ocr_par' dir='ltr' id='par_1_14' title="bbox 319 671 1106 707">
     <span class='ocr_line' id='line_1_14' title="bbox 319 671 1106 707; baseline 0.004 -11"><span class='ocrx_word' id='word_1_83' title='bbox 319 671 381 704; x_wconf 84' lang='lat' dir='ltr'><strong>pitis</strong></span> <span class='ocrx_word' id='word_1_84' title='bbox 396 680 484 698; x_wconf 84' lang='lat' dir='ltr'><strong>omnes</strong></span> <span class='ocrx_word' id='word_1_85' title='bbox 497 672 627 698; x_wconf 85' lang='lat' dir='ltr'><strong>numerati</strong></span> <span class='ocrx_word' id='word_1_86' title='bbox 642 676 702 698; x_wconf 85' lang='lat' dir='ltr'><strong>sunt</strong></span> <span class='ocrx_word' id='word_1_87' title='bbox 717 672 749 698; x_wconf 80' lang='grc'><strong>’³,</strong></span> <span class='ocrx_word' id='word_1_88' title='bbox 765 671 831 698; x_wconf 90' lang='lat' dir='ltr'><strong>Nam</strong></span> <span class='ocrx_word' id='word_1_89' title='bbox 848 672 894 707; x_wconf 83' lang='lat' dir='ltr'><strong>qui</strong></span> <span class='ocrx_word' id='word_1_90' title='bbox 909 673 985 707; x_wconf 86' lang='lat' dir='ltr'><strong>ipsos</strong></span> <span class='ocrx_word' id='word_1_91' title='bbox 1000 673 1034 699; x_wconf 89' lang='lat' dir='ltr'><strong>ad</strong></span> <span class='ocrx_word' id='word_1_92' title='bbox 1047 676 1106 699; x_wconf 85' lang='lat' dir='ltr'><strong>tan-</strong></span> 
     </span>
    </p>
   </div>
   <div class='ocr_carea' id='block_1_15' title="bbox 320 715 1105 747">
    <p class='ocr_par' dir='ltr' id='par_1_15' title="bbox 320 715 1105 747">
     <span class='ocr_line' id='line_1_15' title="bbox 320 715 1105 747; baseline 0.003 -5"><span class='ocrx_word' id='word_1_93' title='bbox 320 720 376 742; x_wconf 84' lang='lat' dir='ltr'><strong>tam</strong></span> <span class='ocrx_word' id='word_1_94' title='bbox 394 716 588 743; x_wconf 80' lang='lat' dir='ltr'><strong>sublimitatem</strong></span> <span class='ocrx_word' id='word_1_95' title='bbox 613 717 713 747; x_wconf 78' lang='lat' dir='ltr'><strong>evexit.</strong></span> <span class='ocrx_word' id='word_1_96' title='bbox 740 721 766 743; x_wconf 84' lang='lat' dir='ltr'><strong>et</strong></span> <span class='ocrx_word' id='word_1_97' title='bbox 793 715 925 743; x_wconf 65' lang='lat' dir='ltr'><strong>Ecclesia:</strong></span> <span class='ocrx_word' id='word_1_98' title='bbox 941 724 999 744; x_wconf 74' lang='lat' dir='ltr'><strong>sum</strong></span> <span class='ocrx_word' id='word_1_99' title='bbox 1015 720 1105 745; x_wconf 92' lang='lat' dir='ltr'><strong>turres</strong></span> 
     </span>
    </p>
   </div>
   <div class='ocr_carea' id='block_1_16' title="bbox 319 759 1103 798">
    <p class='ocr_par' dir='ltr' id='par_1_16' title="bbox 319 759 1103 798">
     <span class='ocr_line' id='line_1_16' title="bbox 319 759 1103 798; baseline 0.001 -10"><span class='ocrx_word' id='word_1_100' title='bbox 319 763 474 794; x_wconf 80' lang='lat' dir='ltr'><strong>constituit,</strong></span> <span class='ocrx_word' id='word_1_101' title='bbox 502 770 536 789; x_wconf 88' lang='lat' dir='ltr'><strong>ne</strong></span> <span class='ocrx_word' id='word_1_102' title='bbox 560 762 625 798; x_wconf 92' lang='lat' dir='ltr'><strong>quid</strong></span> <span class='ocrx_word' id='word_1_103' title='bbox 654 762 688 789; x_wconf 85' lang='lat' dir='ltr'><strong>ab</strong></span> <span class='ocrx_word' id='word_1_104' title='bbox 713 759 835 790; x_wconf 82' lang='lat' dir='ltr'><strong>inimicis</strong></span> <span class='ocrx_word' id='word_1_105' title='bbox 851 763 914 789; x_wconf 88' lang='lat' dir='ltr'><strong>mali</strong></span> <span class='ocrx_word' id='word_1_106' title='bbox 929 766 1103 797; x_wconf 86' lang='lat' dir='ltr'><strong>paterentur,</strong></span> 
     </span>
    </p>
   </div>
   <div class='ocr_carea' id='block_1_17' title="bbox 319 807 1104 843">
    <p class='ocr_par' dir='ltr' id='par_1_17' title="bbox 319 807 1104 843">
     <span class='ocr_line' id='line_1_17' title="bbox 319 807 1104 843; baseline 0 -8"><span class='ocrx_word' id='word_1_107' title='bbox 319 809 470 843; x_wconf 83' lang='lat' dir='ltr'><strong>majoribus</strong></span> <span class='ocrx_word' id='word_1_108' title='bbox 497 809 571 843; x_wconf 84' lang='lat' dir='ltr'><strong>ipsos</strong></span> <span class='ocrx_word' id='word_1_109' title='bbox 594 808 765 839; x_wconf 84' lang='lat' dir='ltr'><strong>custodibus,</strong></span> <span class='ocrx_word' id='word_1_110' title='bbox 783 807 910 835; x_wconf 86' lang='lat' dir='ltr'><strong>videlicet</strong></span> <span class='ocrx_word' id='word_1_111' title='bbox 934 808 1036 835; x_wconf 85' lang='lat' dir='ltr'><strong>sanctis</strong></span> <span class='ocrx_word' id='word_1_112' title='bbox 1053 815 1104 835; x_wconf 90' lang='lat' dir='ltr'><strong>an-</strong></span> 
     </span>
    </p>
   </div>
   <div class='ocr_carea' id='block_1_18' title="bbox 318 853 1103 891">
    <p class='ocr_par' dir='ltr' id='par_1_18' title="bbox 318 853 1103 891">
     <span class='ocr_line' id='line_1_18' title="bbox 318 853 1103 891; baseline -0.004 -8"><span class='ocrx_word' id='word_1_113' title='bbox 318 855 385 891; x_wconf 76' lang='lat' dir='ltr'><strong>gelis</strong></span> <span class='ocrx_word' id='word_1_114' title='bbox 401 854 492 883; x_wconf 84' lang='lat' dir='ltr'><strong>tradit.</strong></span> <span class='ocrx_word' id='word_1_115' title='bbox 515 854 592 881; x_wconf 88' lang='lat' dir='ltr'><strong>Unde</strong></span> <span class='ocrx_word' id='word_1_116' title='bbox 621 854 647 881; x_wconf 93' lang='lat' dir='ltr'><strong>in</strong></span> <span class='ocrx_word' id='word_1_117' title='bbox 673 854 787 881; x_wconf 82' lang='lat' dir='ltr'><strong>Actibus</strong></span> <span class='ocrx_word' id='word_1_118' title='bbox 809 854 1005 889; x_wconf 84' lang='lat' dir='ltr'><strong>apostolorum,</strong></span> <span class='ocrx_word' id='word_1_119' title='bbox 1024 853 1103 889; x_wconf 73' lang='lat' dir='ltr'><strong>gnari</strong></span> 
     </span>
    </p>
   </div>
   <div class='ocr_carea' id='block_1_19' title="bbox 318 900 1103 936">
    <p class='ocr_par' dir='ltr' id='par_1_19' title="bbox 318 900 1103 936">
     <span class='ocr_line' id='line_1_19' title="bbox 318 900 1103 936; baseline 0.001 -9"><span class='ocrx_word' id='word_1_120' title='bbox 318 901 440 935; x_wconf 82' lang='lat' dir='ltr'><strong>singulos</strong></span> <span class='ocrx_word' id='word_1_121' title='bbox 459 900 613 928; x_wconf 87' lang='lat' dir='ltr'><strong>Scrvatoris</strong></span> <span class='ocrx_word' id='word_1_122' title='bbox 635 900 783 935; x_wconf 89' lang='lat' dir='ltr'><strong>discipulos</strong></span> <span class='ocrx_word' id='word_1_123' title='bbox 807 900 971 935; x_wconf 89' lang='lat' dir='ltr'><strong>quibusdam</strong></span> <span class='ocrx_word' id='word_1_124' title='bbox 999 901 1103 936; x_wconf 75' lang='lat' dir='ltr'><strong>angelis</strong></span> 
     </span>
    </p>
   </div>
   <div class='ocr_carea' id='block_1_20' title="bbox 318 939 1141 982">
    <p class='ocr_par' dir='ltr' id='par_1_20' title="bbox 318 939 1141 982">
     <span class='ocr_line' id='line_1_20' title="bbox 318 939 1141 982; baseline 0.001 -9"><span class='ocrx_word' id='word_1_125' title='bbox 318 947 432 974; x_wconf 78' lang='lat' dir='ltr'><strong>traditos</strong></span> <span class='ocrx_word' id='word_1_126' title='bbox 447 954 518 978; x_wconf 87' lang='lat' dir='ltr'><strong>esse,</strong></span> <span class='ocrx_word' id='word_1_127' title='bbox 539 947 714 974; x_wconf 85' lang='lat' dir='ltr'><strong>renuntiante</strong></span> <span class='ocrx_word' id='word_1_128' title='bbox 730 946 831 982; x_wconf 89' lang='lat' dir='ltr'><strong>puella,</strong></span> <span class='ocrx_word' id='word_1_129' title='bbox 847 945 958 973; x_wconf 88' lang='lat' dir='ltr'><strong>Petrum</strong></span> <span class='ocrx_word' id='word_1_130' title='bbox 969 954 1041 979; x_wconf 87' lang='lat' dir='ltr'><strong>esse,</strong></span> <span class='ocrx_word' id='word_1_131' title='bbox 1055 947 1102 982; x_wconf 93' lang='lat' dir='ltr'><strong>qui</strong></span> <span class='ocrx_word' id='word_1_132' title='bbox 1120 939 1141 966; x_wconf 77' lang='grc' dir='ltr'><strong>Β</strong></span> 
     </span>
    </p>
   </div>
   <div class='ocr_carea' id='block_1_21' title="bbox 314 992 1103 1028">
    <p class='ocr_par' dir='ltr' id='par_1_21' title="bbox 314 992 1103 1028">
     <span class='ocr_line' id='line_1_21' title="bbox 314 992 1103 1028; baseline 0 -9"><span class='ocrx_word' id='word_1_133' title='bbox 314 993 425 1027; x_wconf 84' lang='lat' dir='ltr'><strong>januam</strong></span> <span class='ocrx_word' id='word_1_134' title='bbox 438 993 605 1028; x_wconf 85' lang='lat' dir='ltr'><strong>pulsaverat,</strong></span> <span class='ocrx_word' id='word_1_135' title='bbox 616 993 714 1027; x_wconf 84' lang='lat' dir='ltr'><strong>reliqui</strong></span> <span class='ocrx_word' id='word_1_136' title='bbox 734 992 861 1027; x_wconf 86' lang='lat' dir='ltr'><strong>discipuli</strong></span> <span class='ocrx_word' id='word_1_137' title='bbox 875 992 1015 1024; x_wconf 80' lang='lat' dir='ltr'><strong>dixerunt,</strong></span> <span class='ocrx_word' id='word_1_138' title='bbox 1030 992 1103 1019; x_wconf 84' lang='lat' dir='ltr'><strong>Num</strong></span> 
     </span>
    </p>
   </div>
   <div class='ocr_carea' id='block_1_22' title="bbox 316 1037 1102 1074">
    <p class='ocr_par' dir='ltr' id='par_1_22' title="bbox 316 1037 1102 1074">
     <span class='ocr_line' id='line_1_22' title="bbox 316 1037 1102 1074; baseline 0.001 -9"><span class='ocrx_word' id='word_1_139' title='bbox 316 1040 424 1074; x_wconf 75' lang='lat' dir='ltr'><strong>angelus</strong></span> <span class='ocrx_word' id='word_1_140' title='bbox 437 1039 493 1074; x_wconf 82' lang='lat' dir='ltr'><strong>ejus</strong></span> <span class='ocrx_word' id='word_1_141' title='bbox 510 1044 549 1066; x_wconf 89' lang='lat' dir='ltr'><strong>est</strong></span> <span class='ocrx_word' id='word_1_142' title='bbox 561 1039 603 1065; x_wconf 76' lang='lat' dir='ltr'><strong>“‘l</strong></span> <span class='ocrx_word' id='word_1_143' title='bbox 616 1037 673 1065; x_wconf 89' lang='lat' dir='ltr'><strong>lmo</strong></span> <span class='ocrx_word' id='word_1_144' title='bbox 688 1038 770 1066; x_wconf 91' lang='lat' dir='ltr'><strong>etiam</strong></span> <span class='ocrx_word' id='word_1_145' title='bbox 784 1038 817 1065; x_wconf 91' lang='lat' dir='ltr'><strong>de</strong></span> <span class='ocrx_word' id='word_1_146' title='bbox 833 1039 939 1074; x_wconf 84' lang='lat' dir='ltr'><strong>pusillis</strong></span> <span class='ocrx_word' id='word_1_147' title='bbox 955 1038 982 1065; x_wconf 93' lang='lat' dir='ltr'><strong>in</strong></span> <span class='ocrx_word' id='word_1_148' title='bbox 1009 1039 1102 1066; x_wconf 78' lang='lat' dir='ltr'><strong>Eccle-</strong></span> 
     </span>
    </p>
   </div>
   <div class='ocr_carea' id='block_1_23' title="bbox 308 1078 1101 1120">
    <p class='ocr_par' dir='ltr' id='par_1_23' title="bbox 308 1078 1101 1120">
     <span class='ocr_line' id='line_1_23' title="bbox 308 1078 1101 1120; baseline -0.001 -8"><span class='ocrx_word' id='word_1_149' title='bbox 308 1078 355 1113; x_wconf 71' lang='grc' dir='ltr'><strong>ἐἰει</strong></span> <span class='ocrx_word' id='word_1_150' title='bbox 371 1084 501 1112; x_wconf 89' lang='lat' dir='ltr'><strong>Servalor</strong></span> <span class='ocrx_word' id='word_1_151' title='bbox 525 1085 583 1112; x_wconf 66' lang='lat' dir='ltr'><strong>haec</strong></span> <span class='ocrx_word' id='word_1_152' title='bbox 606 1084 689 1112; x_wconf 86' lang='lat' dir='ltr'><strong>tradit</strong></span> <span class='ocrx_word' id='word_1_153' title='bbox 706 1094 713 1112; x_wconf 86' lang='lat'><strong>:</strong></span> <span class='ocrx_word' id='word_1_154' title='bbox 731 1083 803 1111; x_wconf 91' lang='lat' dir='ltr'><strong>Nam</strong></span> <span class='ocrx_word' id='word_1_155' title='bbox 825 1085 911 1120; x_wconf 83' lang='lat' dir='ltr'><strong>angeli</strong></span> <span class='ocrx_word' id='word_1_156' title='bbox 927 1093 1018 1112; x_wconf 87' lang='lat' dir='ltr'><strong>eorum</strong></span> <span class='ocrx_word' id='word_1_157' title='bbox 1033 1094 1101 1112; x_wconf 85' lang='lat' dir='ltr'><strong>sem-</strong></span> 
     </span>
    </p>
   </div>
   <div class='ocr_carea' id='block_1_24' title="bbox 315 1129 1102 1165">
    <p class='ocr_par' dir='ltr' id='par_1_24' title="bbox 315 1129 1102 1165">
     <span class='ocr_line' id='line_1_24' title="bbox 315 1129 1102 1165; baseline 0.001 -9"><span class='ocrx_word' id='word_1_158' title='bbox 315 1138 360 1157; x_wconf 77' lang='lat' dir='ltr'><strong>ner</strong></span> <span class='ocrx_word' id='word_1_159' title='bbox 374 1131 462 1158; x_wconf 83' lang='lat' dir='ltr'><strong>uident</strong></span> <span class='ocrx_word' id='word_1_160' title='bbox 480 1131 576 1165; x_wconf 80' lang='lat' dir='ltr'><strong>faciem</strong></span> <span class='ocrx_word' id='word_1_161' title='bbox 591 1130 680 1157; x_wconf 88' lang='lat' dir='ltr'><strong>Patris</strong></span> <span class='ocrx_word' id='word_1_162' title='bbox 691 1129 752 1162; x_wconf 88' lang='lat' dir='ltr'><strong>mei,</strong></span> <span class='ocrx_word' id='word_1_163' title='bbox 766 1130 811 1165; x_wconf 88' lang='lat' dir='ltr'><strong>qui</strong></span> <span class='ocrx_word' id='word_1_164' title='bbox 824 1130 850 1156; x_wconf 85' lang='lat' dir='ltr'><strong>in</strong></span> <span class='ocrx_word' id='word_1_165' title='bbox 865 1130 938 1157; x_wconf 69' lang='lat' dir='ltr'><strong>caelis</strong></span> <span class='ocrx_word' id='word_1_166' title='bbox 951 1136 989 1157; x_wconf 85' lang='lat' dir='ltr'><strong>est</strong></span> <span class='ocrx_word' id='word_1_167' title='bbox 1005 1131 1038 1158; x_wconf 82' lang='lat'><strong>&quot;.</strong></span> <span class='ocrx_word' id='word_1_168' title='bbox 1053 1129 1102 1157; x_wconf 79' lang='lat' dir='ltr'><strong>Ju-</strong></span> 
     </span>
    </p>
   </div>
   <div class='ocr_carea' id='block_1_25' title="bbox 315 1176 1101 1211">
    <p class='ocr_par' dir='ltr' id='par_1_25' title="bbox 315 1176 1101 1211">
     <span class='ocr_line' id='line_1_25' title="bbox 315 1176 1101 1211; baseline 0 -9"><span class='ocrx_word' id='word_1_169' title='bbox 315 1184 344 1203; x_wconf 86' lang='lat' dir='ltr'><strong>re</strong></span> <span class='ocrx_word' id='word_1_170' title='bbox 359 1184 425 1211; x_wconf 82' lang='lat' dir='ltr'><strong>ergo</strong></span> <span class='ocrx_word' id='word_1_171' title='bbox 441 1177 474 1204; x_wconf 88' lang='lat' dir='ltr'><strong>iis</strong></span> <span class='ocrx_word' id='word_1_172' title='bbox 493 1176 622 1211; x_wconf 83' lang='lat' dir='ltr'><strong>praesenti</strong></span> <span class='ocrx_word' id='word_1_173' title='bbox 647 1183 774 1204; x_wconf 86' lang='lat' dir='ltr'><strong>sermone</strong></span> <span class='ocrx_word' id='word_1_174' title='bbox 796 1176 954 1210; x_wconf 69' lang='lat' dir='ltr'><strong>praecipitur</strong></span> <span class='ocrx_word' id='word_1_175' title='bbox 973 1185 979 1203; x_wconf 89' lang='lat'><strong>:</strong></span> <span class='ocrx_word' id='word_1_176' title='bbox 999 1176 1101 1203; x_wconf 86' lang='lat' dir='ltr'><strong>Nume-</strong></span> 
     </span>
    </p>
   </div>
   <div class='ocr_carea' id='block_1_26' title="bbox 314 1221 1100 1259">
    <p class='ocr_par' dir='ltr' id='par_1_26' title="bbox 314 1221 1100 1259">
     <span class='ocr_line' id='line_1_26' title="bbox 314 1221 1100 1259; baseline 0 -10"><span class='ocrx_word' id='word_1_177' title='bbox 314 1228 372 1249; x_wconf 82' lang='lat' dir='ltr'><strong>rate</strong></span> <span class='ocrx_word' id='word_1_178' title='bbox 394 1227 479 1249; x_wconf 82' lang='lat' dir='ltr'><strong>turres</strong></span> <span class='ocrx_word' id='word_1_179' title='bbox 505 1222 572 1257; x_wconf 84' lang='lat' dir='ltr'><strong>ejus.</strong></span> <span class='ocrx_word' id='word_1_180' title='bbox 598 1222 728 1259; x_wconf 86' lang='lat' dir='ltr'><strong>Deinceps</strong></span> <span class='ocrx_word' id='word_1_181' title='bbox 742 1230 827 1249; x_wconf 88' lang='lat' dir='ltr'><strong>vero:</strong></span> <span class='ocrx_word' id='word_1_182' title='bbox 846 1222 939 1249; x_wconf 78' lang='lat' dir='ltr'><strong>Ponite</strong></span> <span class='ocrx_word' id='word_1_183' title='bbox 954 1221 1035 1249; x_wconf 84' lang='lat' dir='ltr'><strong>corda</strong></span> <span class='ocrx_word' id='word_1_184' title='bbox 1059 1231 1100 1249; x_wconf 71' lang='lat' dir='ltr'><strong>ve-</strong></span> 
     </span>
    </p>
   </div>
   <div class='ocr_carea' id='block_1_27' title="bbox 314 1268 1100 1302">
    <p class='ocr_par' dir='ltr' id='par_1_27' title="bbox 314 1268 1100 1302">
     <span class='ocr_line' id='line_1_27' title="bbox 314 1268 1100 1302; baseline 0.001 -7"><span class='ocrx_word' id='word_1_185' title='bbox 314 1274 370 1296; x_wconf 86' lang='lat' dir='ltr'><strong>stra</strong></span> <span class='ocrx_word' id='word_1_186' title='bbox 387 1270 413 1295; x_wconf 86' lang='lat' dir='ltr'><strong>in</strong></span> <span class='ocrx_word' id='word_1_187' title='bbox 428 1270 523 1295; x_wconf 76' lang='lat' dir='ltr'><strong>uirtute</strong></span> <span class='ocrx_word' id='word_1_188' title='bbox 539 1269 607 1302; x_wconf 88' lang='lat' dir='ltr'><strong>ejus,</strong></span> <span class='ocrx_word' id='word_1_189' title='bbox 628 1273 653 1295; x_wconf 89' lang='lat' dir='ltr'><strong>et</strong></span> <span class='ocrx_word' id='word_1_190' title='bbox 667 1268 819 1295; x_wconf 79' lang='lat' dir='ltr'><strong>distribuite</strong></span> <span class='ocrx_word' id='word_1_191' title='bbox 845 1269 936 1295; x_wconf 83' lang='lat' dir='ltr'><strong>domos</strong></span> <span class='ocrx_word' id='word_1_192' title='bbox 964 1268 1039 1302; x_wconf 88' lang='lat' dir='ltr'><strong>ejus;</strong></span> <span class='ocrx_word' id='word_1_193' title='bbox 1057 1276 1100 1296; x_wconf 91' lang='lat' dir='ltr'><strong>se-</strong></span> 
     </span>
    </p>
   </div>
   <div class='ocr_carea' id='block_1_28' title="bbox 313 1314 1100 1350">
    <p class='ocr_par' dir='ltr' id='par_1_28' title="bbox 313 1314 1100 1350">
     <span class='ocr_line' id='line_1_28' title="bbox 313 1314 1100 1350; baseline -0.003 -8"><span class='ocrx_word' id='word_1_194' title='bbox 313 1315 434 1342; x_wconf 87' lang='lat' dir='ltr'><strong>cundum</strong></span> <span class='ocrx_word' id='word_1_195' title='bbox 452 1314 647 1350; x_wconf 84' lang='lat' dir='ltr'><strong>Symmachum</strong></span> <span class='ocrx_word' id='word_1_196' title='bbox 664 1319 770 1346; x_wconf 85' lang='lat' dir='ltr'><strong>autem,</strong></span> <span class='ocrx_word' id='word_1_197' title='bbox 788 1314 882 1341; x_wconf 82' lang='lat' dir='ltr'><strong>Ponite</strong></span> <span class='ocrx_word' id='word_1_198' title='bbox 906 1314 987 1341; x_wconf 84' lang='lat' dir='ltr'><strong>corda</strong></span> <span class='ocrx_word' id='word_1_199' title='bbox 1013 1318 1100 1341; x_wconf 79' lang='lat' dir='ltr'><strong>uestra</strong></span> 
     </span>
    </p>
   </div>
   <div class='ocr_carea' id='block_1_29' title="bbox 312 1359 1099 1395">
    <p class='ocr_par' dir='ltr' id='par_1_29' title="bbox 312 1359 1099 1395">
     <span class='ocr_line' id='line_1_29' title="bbox 312 1359 1099 1395; baseline -0.001 -8"><span class='ocrx_word' id='word_1_200' title='bbox 312 1363 341 1388; x_wconf 77' lang='lat' dir='ltr'><strong>in</strong></span> <span class='ocrx_word' id='word_1_201' title='bbox 353 1360 482 1387; x_wconf 82' lang='lat' dir='ltr'><strong>ambitum</strong></span> <span class='ocrx_word' id='word_1_202' title='bbox 496 1360 574 1395; x_wconf 89' lang='lat' dir='ltr'><strong>ejus:</strong></span> <span class='ocrx_word' id='word_1_203' title='bbox 590 1361 719 1387; x_wconf 64' lang='lat' dir='ltr'><strong>metimini</strong></span> <span class='ocrx_word' id='word_1_204' title='bbox 736 1360 834 1395; x_wconf 77' lang='lat' dir='ltr'><strong>regiam</strong></span> <span class='ocrx_word' id='word_1_205' title='bbox 850 1360 916 1394; x_wconf 88' lang='lat' dir='ltr'><strong>ejus.</strong></span> <span class='ocrx_word' id='word_1_206' title='bbox 931 1359 993 1387; x_wconf 63' lang='lat' dir='ltr'><strong>Haec</strong></span> <span class='ocrx_word' id='word_1_207' title='bbox 1009 1360 1099 1387; x_wconf 84' lang='lat' dir='ltr'><strong>omnia</strong></span> 
     </span>
    </p>
   </div>
   <div class='ocr_carea' id='block_1_30' title="bbox 313 1405 1100 1441">
    <p class='ocr_par' dir='ltr' id='par_1_30' title="bbox 313 1405 1100 1441">
     <span class='ocr_line' id='line_1_30' title="bbox 313 1405 1100 1441; baseline -0.003 -7"><span class='ocrx_word' id='word_1_208' title='bbox 313 1415 393 1440; x_wconf 67' lang='lat' dir='ltr'><strong>agere</strong></span> <span class='ocrx_word' id='word_1_209' title='bbox 408 1406 542 1441; x_wconf 83' lang='lat' dir='ltr'><strong>jubentur</strong></span> <span class='ocrx_word' id='word_1_210' title='bbox 553 1406 682 1433; x_wconf 83' lang='lat' dir='ltr'><strong>custodes</strong></span> <span class='ocrx_word' id='word_1_211' title='bbox 693 1405 824 1433; x_wconf 63' lang='lat' dir='ltr'><strong>Ecclesiae</strong></span> <span class='ocrx_word' id='word_1_212' title='bbox 838 1416 843 1433; x_wconf 92' lang='lat'><em>:</em></span> <span class='ocrx_word' id='word_1_213' title='bbox 858 1405 1100 1433; x_wconf 79' lang='lat' dir='ltr'><strong>Castrametaln‘tur</strong></span> 
     </span>
    </p>
   </div>
   <div class='ocr_carea' id='block_1_31' title="bbox 311 1451 1099 1487">
    <p class='ocr_par' dir='ltr' id='par_1_31' title="bbox 311 1451 1099 1487">
     <span class='ocr_line' id='line_1_31' title="bbox 311 1451 1099 1487; baseline 0 -9"><span class='ocrx_word' id='word_1_214' title='bbox 311 1453 383 1479; x_wconf 85' lang='lat' dir='ltr'><strong>enim</strong></span> <span class='ocrx_word' id='word_1_215' title='bbox 402 1452 510 1487; x_wconf 83' lang='lat' dir='ltr'><strong>angelus</strong></span> <span class='ocrx_word' id='word_1_216' title='bbox 529 1451 635 1479; x_wconf 79' lang='lat' dir='ltr'><strong>Domini</strong></span> <span class='ocrx_word' id='word_1_217' title='bbox 652 1453 678 1478; x_wconf 82' lang='lat' dir='ltr'><strong>in</strong></span> <span class='ocrx_word' id='word_1_218' title='bbox 694 1452 807 1479; x_wconf 80' lang='lat' dir='ltr'><strong>circuitu</strong></span> <span class='ocrx_word' id='word_1_219' title='bbox 822 1452 970 1479; x_wconf 68' lang='lat' dir='ltr'><strong>(irruentium</strong></span> <span class='ocrx_word' id='word_1_220' title='bbox 988 1460 1058 1484; x_wconf 86' lang='lat' dir='ltr'><strong>eum,</strong></span> <span class='ocrx_word' id='word_1_221' title='bbox 1074 1457 1099 1479; x_wconf 89' lang='lat' dir='ltr'><strong>et</strong></span> 
     </span>
    </p>
   </div>
   <div class='ocr_carea' id='block_1_32' title="bbox 311 1498 1099 1532">
    <p class='ocr_par' dir='ltr' id='par_1_32' title="bbox 311 1498 1099 1532">
     <span class='ocr_line' id='line_1_32' title="bbox 311 1498 1099 1532; baseline 0.003 -8"><span class='ocrx_word' id='word_1_222' title='bbox 311 1499 402 1532; x_wconf 78' lang='lat' dir='ltr'><strong>eripiet</strong></span> <span class='ocrx_word' id='word_1_223' title='bbox 427 1507 473 1525; x_wconf 87' lang='lat' dir='ltr'><strong>eos</strong></span> <span class='ocrx_word' id='word_1_224' title='bbox 487 1499 522 1525; x_wconf 79' lang='lat'><strong>“.</strong></span> <span class='ocrx_word' id='word_1_225' title='bbox 547 1498 622 1531; x_wconf 84' lang='lat' dir='ltr'><strong>Quas</strong></span> <span class='ocrx_word' id='word_1_226' title='bbox 647 1501 737 1525; x_wconf 85' lang='lat' dir='ltr'><strong>autem</strong></span> <span class='ocrx_word' id='word_1_227' title='bbox 752 1498 851 1526; x_wconf 89' lang='lat' dir='ltr'><strong>domus</strong></span> <span class='ocrx_word' id='word_1_228' title='bbox 869 1498 982 1530; x_wconf 88' lang='lat' dir='ltr'><strong>indicat,</strong></span> <span class='ocrx_word' id='word_1_229' title='bbox 995 1498 1049 1526; x_wconf 88' lang='lat' dir='ltr'><strong>nisi</strong></span> <span class='ocrx_word' id='word_1_230' title='bbox 1065 1498 1099 1527; x_wconf 91' lang='lat' dir='ltr'><strong>de</strong></span> 
     </span>
    </p>
   </div>
   <div class='ocr_carea' id='block_1_33' title="bbox 310 1544 1098 1579">
    <p class='ocr_par' dir='ltr' id='par_1_33' title="bbox 310 1544 1098 1579">
     <span class='ocr_line' id='line_1_33' title="bbox 310 1544 1098 1579; baseline 0.001 -9"><span class='ocrx_word' id='word_1_231' title='bbox 310 1544 411 1579; x_wconf 89' lang='lat' dir='ltr'><strong>quibus</strong></span> <span class='ocrx_word' id='word_1_232' title='bbox 426 1552 508 1579; x_wconf 88' lang='lat' dir='ltr'><strong>supra</strong></span> <span class='ocrx_word' id='word_1_233' title='bbox 524 1544 677 1576; x_wconf 87' lang='lat' dir='ltr'><strong>dicebatur,</strong></span> <span class='ocrx_word' id='word_1_234' title='bbox 701 1544 772 1571; x_wconf 77' lang='lat' dir='ltr'><strong>Deus</strong></span> <span class='ocrx_word' id='word_1_235' title='bbox 787 1545 815 1571; x_wconf 87' lang='lat' dir='ltr'><strong>in</strong></span> <span class='ocrx_word' id='word_1_236' title='bbox 836 1544 958 1571; x_wconf 81' lang='lat' dir='ltr'><strong>domibus</strong></span> <span class='ocrx_word' id='word_1_237' title='bbox 978 1544 1035 1579; x_wconf 84' lang='lat' dir='ltr'><strong>ejus</strong></span> <span class='ocrx_word' id='word_1_238' title='bbox 1051 1553 1098 1571; x_wconf 75' lang='lat' dir='ltr'><strong>ca-</strong></span> 
     </span>
    </p>
   </div>
   <div class='ocr_carea' id='block_1_34' title="bbox 309 1590 1096 1625">
    <p class='ocr_par' dir='ltr' id='par_1_34' title="bbox 309 1590 1096 1625">
     <span class='ocr_line' id='line_1_34' title="bbox 309 1590 1096 1625; baseline 0.001 -8"><span class='ocrx_word' id='word_1_239' title='bbox 309 1592 456 1625; x_wconf 76' lang='lat' dir='ltr'><strong>gnoseitur,</strong></span> <span class='ocrx_word' id='word_1_240' title='bbox 475 1599 535 1617; x_wconf 86' lang='lat' dir='ltr'><strong>cum</strong></span> <span class='ocrx_word' id='word_1_241' title='bbox 553 1591 678 1625; x_wconf 79' lang='lat' dir='ltr'><strong>suscipiet</strong></span> <span class='ocrx_word' id='word_1_242' title='bbox 698 1592 776 1618; x_wconf 82' lang='lat' dir='ltr'><strong>eam?</strong></span> <span class='ocrx_word' id='word_1_243' title='bbox 789 1590 849 1618; x_wconf 85' lang='lat' dir='ltr'><strong>Jam</strong></span> <span class='ocrx_word' id='word_1_244' title='bbox 865 1590 1025 1618; x_wconf 83' lang='lat' dir='ltr'><strong>dicebamus</strong></span> <span class='ocrx_word' id='word_1_245' title='bbox 1048 1598 1096 1625; x_wconf 86' lang='lat' dir='ltr'><strong>per</strong></span> 
     </span>
    </p>
   </div>
   <div class='ocr_carea' id='block_1_35' title="bbox 310 1637 1095 1672">
    <p class='ocr_par' dir='ltr' id='par_1_35' title="bbox 310 1637 1095 1672">
     <span class='ocr_line' id='line_1_35' title="bbox 310 1637 1095 1672; baseline 0 -8"><span class='ocrx_word' id='word_1_246' title='bbox 310 1637 448 1665; x_wconf 86' lang='lat' dir='ltr'><strong>civitatem</strong></span> <span class='ocrx_word' id='word_1_247' title='bbox 464 1637 512 1664; x_wconf 88' lang='lat' dir='ltr'><strong>Dei</strong></span> <span class='ocrx_word' id='word_1_248' title='bbox 537 1637 650 1672; x_wconf 81' lang='lat' dir='ltr'><strong>intelligi</strong></span> <span class='ocrx_word' id='word_1_249' title='bbox 667 1637 825 1672; x_wconf 77' lang='lat' dir='ltr'><strong>religiosum</strong></span> <span class='ocrx_word' id='word_1_250' title='bbox 844 1644 925 1664; x_wconf 90' lang='lat' dir='ltr'><strong>omne</strong></span> <span class='ocrx_word' id='word_1_251' title='bbox 939 1637 1095 1664; x_wconf 80' lang='lat' dir='ltr'><strong>institutum</strong></span> 
     </span>
    </p>
   </div>
   <div class='ocr_carea' id='block_1_36' title="bbox 311 1682 1093 1717">
    <p class='ocr_par' dir='ltr' id='par_1_36' title="bbox 311 1682 1093 1717">
     <span class='ocr_line' id='line_1_36' title="bbox 311 1682 1093 1717; baseline -0.001 -8"><span class='ocrx_word' id='word_1_252' title='bbox 311 1682 341 1709; x_wconf 88' lang='lat' dir='ltr'><strong>in</strong></span> <span class='ocrx_word' id='word_1_253' title='bbox 359 1683 487 1710; x_wconf 91' lang='lat' dir='ltr'><strong>universa</strong></span> <span class='ocrx_word' id='word_1_254' title='bbox 514 1687 587 1710; x_wconf 88' lang='lat' dir='ltr'><strong>terra</strong></span> <span class='ocrx_word' id='word_1_255' title='bbox 613 1682 778 1715; x_wconf 86' lang='lat' dir='ltr'><strong>stabilitum;</strong></span> <span class='ocrx_word' id='word_1_256' title='bbox 806 1690 855 1717; x_wconf 87' lang='lat' dir='ltr'><strong>per</strong></span> <span class='ocrx_word' id='word_1_257' title='bbox 877 1682 974 1709; x_wconf 88' lang='lat' dir='ltr'><strong>domos</strong></span> <span class='ocrx_word' id='word_1_258' title='bbox 991 1685 1093 1714; x_wconf 87' lang='lat' dir='ltr'><strong>autem,</strong></span> 
     </span>
    </p>
   </div>
   <div class='ocr_carea' id='block_1_37' title="bbox 310 1727 1096 1763">
    <p class='ocr_par' dir='ltr' id='par_1_37' title="bbox 310 1727 1096 1763">
     <span class='ocr_line' id='line_1_37' title="bbox 310 1727 1096 1763; baseline -0.001 -8"><span class='ocrx_word' id='word_1_259' title='bbox 310 1728 443 1756; x_wconf 86' lang='lat' dir='ltr'><strong>ecclesias</strong></span> <span class='ocrx_word' id='word_1_260' title='bbox 466 1728 588 1763; x_wconf 75' lang='lat' dir='ltr'><strong>singulas</strong></span> <span class='ocrx_word' id='word_1_261' title='bbox 602 1728 685 1755; x_wconf 89' lang='lat' dir='ltr'><strong>variis</strong></span> <span class='ocrx_word' id='word_1_262' title='bbox 709 1728 737 1754; x_wconf 91' lang='lat' dir='ltr'><strong>in</strong></span> <span class='ocrx_word' id='word_1_263' title='bbox 760 1728 827 1755; x_wconf 89' lang='lat' dir='ltr'><strong>locis</strong></span> <span class='ocrx_word' id='word_1_264' title='bbox 842 1728 958 1763; x_wconf 88' lang='lat' dir='ltr'><strong>positas.</strong></span> <span class='ocrx_word' id='word_1_265' title='bbox 977 1727 1096 1762; x_wconf 70' lang='lat' dir='ltr'><strong>Singulae</strong></span> 
     </span>
    </p>
   </div>
   <div class='ocr_carea' id='block_1_38' title="bbox 310 1773 1092 1809">
    <p class='ocr_par' dir='ltr' id='par_1_38' title="bbox 310 1773 1092 1809">
     <span class='ocr_line' id='line_1_38' title="bbox 310 1773 1092 1809; baseline 0.001 -9"><span class='ocrx_word' id='word_1_266' title='bbox 310 1778 404 1801; x_wconf 83' lang='lat' dir='ltr'><strong>autem</strong></span> <span class='ocrx_word' id='word_1_267' title='bbox 421 1774 474 1801; x_wconf 59' lang='lat' dir='ltr'><strong>illa:</strong></span> <span class='ocrx_word' id='word_1_268' title='bbox 500 1773 628 1809; x_wconf 74' lang='lat' dir='ltr'><strong>przesenti</strong></span> <span class='ocrx_word' id='word_1_269' title='bbox 655 1781 782 1801; x_wconf 87' lang='lat' dir='ltr'><strong>sermone</strong></span> <span class='ocrx_word' id='word_1_270' title='bbox 807 1773 935 1801; x_wconf 86' lang='lat' dir='ltr'><strong>distribui</strong></span> <span class='ocrx_word' id='word_1_271' title='bbox 953 1773 1092 1807; x_wconf 87' lang='lat' dir='ltr'><strong>jubentur.</strong></span> 
     </span>
    </p>
   </div>
   <div class='ocr_carea' id='block_1_39' title="bbox 310 1817 1095 1853">
    <p class='ocr_par' dir='ltr' id='par_1_39' title="bbox 310 1817 1095 1853">
     <span class='ocr_line' id='line_1_39' title="bbox 310 1817 1095 1853; baseline 0 -9"><span class='ocrx_word' id='word_1_272' title='bbox 310 1817 375 1844; x_wconf 86' lang='lat' dir='ltr'><strong>Vult</strong></span> <span class='ocrx_word' id='word_1_273' title='bbox 399 1817 473 1845; x_wconf 91' lang='lat' dir='ltr'><strong>enim</strong></span> <span class='ocrx_word' id='word_1_274' title='bbox 499 1817 623 1852; x_wconf 80' lang='lat' dir='ltr'><strong>singulos</strong></span> <span class='ocrx_word' id='word_1_275' title='bbox 638 1817 751 1852; x_wconf 77' lang='lat' dir='ltr'><strong>angelos</strong></span> <span class='ocrx_word' id='word_1_276' title='bbox 768 1817 947 1845; x_wconf 81' lang='lat' dir='ltr'><strong>ecelesiarum</strong></span> <span class='ocrx_word' id='word_1_277' title='bbox 973 1818 1095 1853; x_wconf 75' lang='lat' dir='ltr'><strong>singula-</strong></span> 
     </span>
    </p>
   </div>
   <div class='ocr_carea' id='block_1_40' title="bbox 311 1863 1094 1892">
    <p class='ocr_par' dir='ltr' id='par_1_40' title="bbox 311 1863 1094 1892">
     <span class='ocr_line' id='line_1_40' title="bbox 311 1863 1094 1892; baseline 0.003 -2"><span class='ocrx_word' id='word_1_278' title='bbox 311 1871 370 1891; x_wconf 87' lang='lat' dir='ltr'><strong>rum</strong></span> <span class='ocrx_word' id='word_1_279' title='bbox 386 1863 664 1891; x_wconf 28' lang='lat' dir='ltr'><strong>sibivcommissarum</strong></span> <span class='ocrx_word' id='word_1_280' title='bbox 680 1865 807 1892; x_wconf 89' lang='lat' dir='ltr'><strong>custodes</strong></span> <span class='ocrx_word' id='word_1_281' title='bbox 834 1872 904 1892; x_wconf 84' lang='lat' dir='ltr'><strong>esse.</strong></span> <span class='ocrx_word' id='word_1_282' title='bbox 933 1864 1031 1892; x_wconf 85' lang='lat' dir='ltr'><strong>Postea</strong></span> <span class='ocrx_word' id='word_1_283' title='bbox 1054 1865 1094 1892; x_wconf 85' lang='lat' dir='ltr'><strong>sic</strong></span> 
     </span>
    </p>
   </div>
   <div class='ocr_carea' id='block_1_41' title="bbox 309 1910 1093 1946">
    <p class='ocr_par' dir='ltr' id='par_1_41' title="bbox 309 1910 1093 1946">
     <span class='ocr_line' id='line_1_41' title="bbox 309 1910 1093 1946; baseline 0.003 -10"><span class='ocrx_word' id='word_1_284' title='bbox 309 1910 423 1942; x_wconf 82' lang='lat' dir='ltr'><strong>claudit,</strong></span> <span class='ocrx_word' id='word_1_285' title='bbox 441 1915 470 1936; x_wconf 87' lang='lat' dir='ltr'><strong>ut</strong></span> <span class='ocrx_word' id='word_1_286' title='bbox 482 1911 612 1937; x_wconf 80' lang='lat' dir='ltr'><strong>enarretis</strong></span> <span class='ocrx_word' id='word_1_287' title='bbox 630 1911 656 1937; x_wconf 87' lang='lat' dir='ltr'><strong>in</strong></span> <span class='ocrx_word' id='word_1_288' title='bbox 671 1911 794 1946; x_wconf 80' lang='lat' dir='ltr'><strong>progenie</strong></span> <span class='ocrx_word' id='word_1_289' title='bbox 813 1911 908 1938; x_wconf 86' lang='lat' dir='ltr'><strong>altera.</strong></span> <span class='ocrx_word' id='word_1_290' title='bbox 928 1910 1093 1946; x_wconf 76' lang='lat' dir='ltr'><strong>Angelorum</strong></span> 
     </span>
    </p>
   </div>
   <div class='ocr_carea' id='block_1_42' title="bbox 309 1956 1094 1992">
    <p class='ocr_par' dir='ltr' id='par_1_42' title="bbox 309 1956 1094 1992">
     <span class='ocr_line' id='line_1_42' title="bbox 309 1956 1094 1992; baseline 0.003 -10"><span class='ocrx_word' id='word_1_291' title='bbox 309 1956 381 1983; x_wconf 85' lang='lat' dir='ltr'><strong>enim</strong></span> <span class='ocrx_word' id='word_1_292' title='bbox 401 1960 460 1983; x_wconf 86' lang='lat' dir='ltr'><strong>erat</strong></span> <span class='ocrx_word' id='word_1_293' title='bbox 485 1957 600 1985; x_wconf 86' lang='lat' dir='ltr'><strong>virtutes</strong></span> <span class='ocrx_word' id='word_1_294' title='bbox 617 1956 664 1984; x_wconf 88' lang='lat' dir='ltr'><strong>Dei</strong></span> <span class='ocrx_word' id='word_1_295' title='bbox 693 1964 741 1991; x_wconf 88' lang='lat' dir='ltr'><strong>per</strong></span> <span class='ocrx_word' id='word_1_296' title='bbox 761 1957 884 1984; x_wconf 86' lang='lat' dir='ltr'><strong>diversas</strong></span> <span class='ocrx_word' id='word_1_297' title='bbox 903 1957 1094 1992; x_wconf 77' lang='lat' dir='ltr'><strong>generationes</strong></span> 
     </span>
    </p>
   </div>
   <div class='ocr_carea' id='block_1_43' title="bbox 308 2002 1095 2038">
    <p class='ocr_par' dir='ltr' id='par_1_43' title="bbox 308 2002 1095 2038">
     <span class='ocr_line' id='line_1_43' title="bbox 308 2002 1095 2038; baseline 0.003 -10"><span class='ocrx_word' id='word_1_298' title='bbox 308 2009 436 2030; x_wconf 68' lang='lat' dir='ltr'><strong>enarrare</strong></span> <span class='ocrx_word' id='word_1_299' title='bbox 452 2009 543 2036; x_wconf 79' lang='lat' dir='ltr'><strong>posse.</strong></span> <span class='ocrx_word' id='word_1_300' title='bbox 563 2002 597 2029; x_wconf 89' lang='lat' dir='ltr'><strong>Et</strong></span> <span class='ocrx_word' id='word_1_301' title='bbox 613 2003 737 2038; x_wconf 81' lang='lat' dir='ltr'><strong>quoniam</strong></span> <span class='ocrx_word' id='word_1_302' title='bbox 753 2003 795 2029; x_wconf 83' lang='lat' dir='ltr'><strong>hic</strong></span> <span class='ocrx_word' id='word_1_303' title='bbox 810 2007 848 2030; x_wconf 85' lang='lat' dir='ltr'><strong>est</strong></span> <span class='ocrx_word' id='word_1_304' title='bbox 864 2003 934 2030; x_wconf 87' lang='lat' dir='ltr'><strong>Deus</strong></span> <span class='ocrx_word' id='word_1_305' title='bbox 954 2003 1023 2030; x_wconf 86' lang='lat' dir='ltr'><strong>Deus</strong></span> <span class='ocrx_word' id='word_1_306' title='bbox 1040 2011 1095 2030; x_wconf 76' lang='lat' dir='ltr'><strong>no-</strong></span> 
     </span>
    </p>
   </div>
   <div class='ocr_carea' id='block_1_44' title="bbox 309 2048 1095 2083">
    <p class='ocr_par' dir='ltr' id='par_1_44' title="bbox 309 2048 1095 2083">
     <span class='ocr_line' id='line_1_44' title="bbox 309 2048 1095 2083; baseline 0.005 -11"><span class='ocrx_word' id='word_1_307' title='bbox 309 2052 362 2073; x_wconf 75' lang='lat' dir='ltr'><strong>ster</strong></span> <span class='ocrx_word' id='word_1_308' title='bbox 376 2048 403 2073; x_wconf 86' lang='lat' dir='ltr'><strong>in</strong></span> <span class='ocrx_word' id='word_1_309' title='bbox 419 2053 546 2074; x_wconf 75' lang='lat' dir='ltr'><strong>wternum</strong></span> <span class='ocrx_word' id='word_1_310' title='bbox 568 2052 592 2074; x_wconf 87' lang='lat' dir='ltr'><strong>et</strong></span> <span class='ocrx_word' id='word_1_311' title='bbox 612 2049 639 2075; x_wconf 86' lang='lat' dir='ltr'><strong>in</strong></span> <span class='ocrx_word' id='word_1_312' title='bbox 660 2049 787 2075; x_wconf 79' lang='lat' dir='ltr'><strong>swculum</strong></span> <span class='ocrx_word' id='word_1_313' title='bbox 805 2049 896 2076; x_wconf 67' lang='grc' dir='ltr'><strong>δαναιίὶ</strong></span> <span class='ocrx_word' id='word_1_314' title='bbox 908 2069 916 2080; x_wconf 90' lang='grc'><strong>,</strong></span> <span class='ocrx_word' id='word_1_315' title='bbox 935 2050 989 2083; x_wconf 84' lang='lat' dir='ltr'><strong>ipse</strong></span> <span class='ocrx_word' id='word_1_316' title='bbox 1005 2054 1095 2083; x_wconf 79' lang='lat' dir='ltr'><strong>pascet</strong></span> 
     </span>
    </p>
   </div>
   <div class='ocr_carea' id='block_1_45' title="bbox 309 2092 1094 2128">
    <p class='ocr_par' dir='ltr' id='par_1_45' title="bbox 309 2092 1094 2128">
     <span class='ocr_line' id='line_1_45' title="bbox 309 2092 1094 2128; baseline 0.006 -10"><span class='ocrx_word' id='word_1_317' title='bbox 309 2100 356 2118; x_wconf 87' lang='lat' dir='ltr'><strong>nos</strong></span> <span class='ocrx_word' id='word_1_318' title='bbox 373 2092 400 2118; x_wconf 86' lang='lat' dir='ltr'><strong>in</strong></span> <span class='ocrx_word' id='word_1_319' title='bbox 414 2093 513 2119; x_wconf 73' lang='lat' dir='ltr'><strong>swcula</strong></span> <span class='ocrx_word' id='word_1_320' title='bbox 530 2101 539 2119; x_wconf 90' lang='lat'><strong><em>:</em></strong></span> <span class='ocrx_word' id='word_1_321' title='bbox 565 2100 614 2123; x_wconf 79' lang='lat' dir='ltr'><strong>vos</strong></span> <span class='ocrx_word' id='word_1_322' title='bbox 629 2094 741 2128; x_wconf 91' lang='lat' dir='ltr'><strong>quidem</strong></span> <span class='ocrx_word' id='word_1_323' title='bbox 757 2102 807 2121; x_wconf 90' lang='lat' dir='ltr'><strong>ceu</strong></span> <span class='ocrx_word' id='word_1_324' title='bbox 826 2098 931 2122; x_wconf 90' lang='lat' dir='ltr'><strong>tutores</strong></span> <span class='ocrx_word' id='word_1_325' title='bbox 946 2094 1052 2123; x_wconf 81' lang='lat' dir='ltr'><strong>fueritis</strong></span> <span class='ocrx_word' id='word_1_326' title='bbox 1067 2099 1094 2123; x_wconf 90' lang='lat' dir='ltr'><strong>et</strong></span> 
     </span>
    </p>
   </div>
   <div class='ocr_carea' id='block_1_46' title="bbox 308 2137 1094 2175">
    <p class='ocr_par' dir='ltr' id='par_1_46' title="bbox 308 2137 1094 2175">
     <span class='ocr_line' id='line_1_46' title="bbox 308 2137 1094 2175; baseline 0.006 -12"><span class='ocrx_word' id='word_1_327' title='bbox 308 2137 386 2172; x_wconf 79' lang='lat' dir='ltr'><strong>quasi</strong></span> <span class='ocrx_word' id='word_1_328' title='bbox 403 2137 530 2165; x_wconf 57' lang='lat' dir='ltr'><strong>custodes</strong></span> <span class='ocrx_word' id='word_1_329' title='bbox 544 2138 650 2174; x_wconf 80' lang='lat' dir='ltr'><strong>gregis;</strong></span> <span class='ocrx_word' id='word_1_330' title='bbox 663 2147 791 2174; x_wconf 87' lang='lat' dir='ltr'><strong>pecorum</strong></span> <span class='ocrx_word' id='word_1_331' title='bbox 809 2144 900 2167; x_wconf 87' lang='lat' dir='ltr'><strong>autem</strong></span> <span class='ocrx_word' id='word_1_332' title='bbox 915 2145 1009 2175; x_wconf 87' lang='lat' dir='ltr'><strong>pastor</strong></span> <span class='ocrx_word' id='word_1_333' title='bbox 1023 2141 1094 2169; x_wconf 87' lang='lat' dir='ltr'><strong>alius</strong></span> 
     </span>
    </p>
   </div>
   <div class='ocr_carea' id='block_1_47' title="bbox 308 2184 1093 2222">
    <p class='ocr_par' dir='ltr' id='par_1_47' title="bbox 308 2184 1093 2222">
     <span class='ocr_line' id='line_1_47' title="bbox 308 2184 1093 2222; baseline 0.005 -12"><span class='ocrx_word' id='word_1_334' title='bbox 308 2184 400 2212; x_wconf 87' lang='lat' dir='ltr'><strong>fuerit.</strong></span> <span class='ocrx_word' id='word_1_335' title='bbox 410 2184 541 2217; x_wconf 86' lang='lat' dir='ltr'><strong>Quisnam</strong></span> <span class='ocrx_word' id='word_1_336' title='bbox 555 2185 598 2212; x_wconf 82' lang='lat' dir='ltr'><strong>ille</strong></span> <span class='ocrx_word' id='word_1_337' title='bbox 609 2186 660 2213; x_wconf 92' lang='lat' dir='ltr'><strong>nisi</strong></span> <span class='ocrx_word' id='word_1_338' title='bbox 676 2186 723 2220; x_wconf 87' lang='lat' dir='ltr'><strong>qui</strong></span> <span class='ocrx_word' id='word_1_339' title='bbox 733 2187 800 2213; x_wconf 78' lang='lat' dir='ltr'><strong>dixit</strong></span> <span class='ocrx_word' id='word_1_340' title='bbox 813 2187 833 2201; x_wconf 88' lang='grc'><strong>²⁷</strong></span> <span class='ocrx_word' id='word_1_341' title='bbox 849 2197 855 2213; x_wconf 86' lang='lat'>:</span> <span class='ocrx_word' id='word_1_342' title='bbox 870 2186 924 2222; x_wconf 87' lang='lat' dir='ltr'><strong>Ego</strong></span> <span class='ocrx_word' id='word_1_343' title='bbox 935 2195 993 2214; x_wconf 85' lang='lat' dir='ltr'><strong>sum</strong></span> <span class='ocrx_word' id='word_1_344' title='bbox 1001 2193 1093 2222; x_wconf 78' lang='lat' dir='ltr'><strong>pastor</strong></span> 
     </span>
    </p>
   </div>
   <div class='ocr_carea' id='block_1_48' title="bbox 308 2231 411 2259">
    <p class='ocr_par' dir='ltr' id='par_1_48' title="bbox 308 2231 411 2259">
     <span class='ocr_line' id='line_1_48' title="bbox 308 2231 411 2259; baseline 0.019 -2"><span class='ocrx_word' id='word_1_345' title='bbox 308 2231 390 2259; x_wconf 76' lang='lat' dir='ltr'><strong>bonus</strong></span> <span class='ocrx_word' id='word_1_346' title='bbox 399 2233 411 2259; x_wconf 69' lang='lat'><strong>.9</strong></span> 
     </span>
    </p>
   </div>
   <div class='ocr_carea' id='block_1_49' title="bbox 1166 299 1939 342">
    <p class='ocr_par' dir='ltr' id='par_1_49' title="bbox 1166 299 1939 342">
     <span class='ocr_line' id='line_1_49' title="bbox 1166 299 1939 342; baseline 0 -10"><span class='ocrx_word' id='word_1_347' title='bbox 1166 306 1290 338; x_wconf 82' lang='grc' dir='ltr'><strong>Ἀκύλας,</strong></span> <span class='ocrx_word' id='word_1_348' title='bbox 1297 307 1461 341; x_wconf 67' lang='grc' dir='ltr'><strong>Ψηφίσατε,</strong></span> <span class='ocrx_word' id='word_1_349' title='bbox 1474 306 1549 341; x_wconf 76' lang='grc' dir='ltr'><strong>φησὶ,</strong></span> <span class='ocrx_word' id='word_1_350' title='bbox 1559 306 1690 340; x_wconf 68' lang='grc' dir='ltr'><strong>πύργους</strong></span> <span class='ocrx_word' id='word_1_351' title='bbox 1699 305 1802 339; x_wconf 63' lang='grc' dir='ltr'><strong>αὐτῆς</strong></span> <span class='ocrx_word' id='word_1_352' title='bbox 1814 307 1829 332; x_wconf 84' lang='grc' dir='ltr'>ὁ</span> <span class='ocrx_word' id='word_1_353' title='bbox 1839 299 1869 332; x_wconf 68' lang='grc' dir='ltr'><strong>δὲ</strong></span> <span class='ocrx_word' id='word_1_354' title='bbox 1877 306 1913 332; x_wconf 85' lang='grc' dir='ltr'><strong>Σύ</strong></span> <span class='ocrx_word' id='word_1_355' title='bbox 1917 316 1939 342; x_wconf 83' lang='grc' dir='ltr'><strong>μ</strong></span> 
     </span>
    </p>
   </div>
   <div class='ocr_carea' id='block_1_50' title="bbox 1159 351 1946 388">
    <p class='ocr_par' dir='ltr' id='par_1_50' title="bbox 1159 351 1946 388">
     <span class='ocr_line' id='line_1_50' title="bbox 1159 351 1946 388; baseline 0.001 -9"><span class='ocrx_word' id='word_1_356' title='bbox 1159 361 1261 388; x_wconf 82' lang='grc' dir='ltr'><strong>μαχος·</strong></span> <span class='ocrx_word' id='word_1_357' title='bbox 1285 352 1491 387; x_wconf 82' lang='grc' dir='ltr'><strong>Ἀριθμήσατε.</strong></span> <span class='ocrx_word' id='word_1_358' title='bbox 1519 352 1644 378; x_wconf 76' lang='grc' dir='ltr'><strong>Μάλιστα</strong></span> <span class='ocrx_word' id='word_1_359' title='bbox 1660 352 1714 387; x_wconf 79' lang='grc' dir='ltr'><strong>γὰρ</strong></span> <span class='ocrx_word' id='word_1_360' title='bbox 1738 351 1771 378; x_wconf 90' lang='grc' dir='ltr'><strong>τά</strong></span> <span class='ocrx_word' id='word_1_361' title='bbox 1795 351 1946 387; x_wconf 73' lang='grc' dir='ltr'><strong>ἐξοχώτατα</strong></span> 
     </span>
    </p>
   </div>
   <div class='ocr_carea' id='block_1_51' title="bbox 1157 397 1945 433">
    <p class='ocr_par' dir='ltr' id='par_1_51' title="bbox 1157 397 1945 433">
     <span class='ocr_line' id='line_1_51' title="bbox 1157 397 1945 433; baseline -0.001 -9"><span class='ocrx_word' id='word_1_362' title='bbox 1157 398 1211 424; x_wconf 84' lang='grc' dir='ltr'><strong>τῶν</strong></span> <span class='ocrx_word' id='word_1_363' title='bbox 1240 397 1463 433; x_wconf 79' lang='grc' dir='ltr'><strong>οἰκοδομημάτων</strong></span> <span class='ocrx_word' id='word_1_364' title='bbox 1480 397 1526 423; x_wconf 71' lang='grc' dir='ltr'><strong>καὶ</strong></span> <span class='ocrx_word' id='word_1_365' title='bbox 1542 397 1576 423; x_wconf 83' lang='grc' dir='ltr'><strong>τὰ</strong></span> <span class='ocrx_word' id='word_1_366' title='bbox 1590 397 1747 433; x_wconf 79' lang='grc' dir='ltr'><strong>ὀχυρώτατα</strong></span> <span class='ocrx_word' id='word_1_367' title='bbox 1768 397 1818 432; x_wconf 88' lang='grc' dir='ltr'><strong>τῆς</strong></span> <span class='ocrx_word' id='word_1_368' title='bbox 1833 398 1945 432; x_wconf 76' lang='grc' dir='ltr'><strong>πόλεως,</strong></span> 
     </span>
    </p>
   </div>
   <div class='ocr_carea' id='block_1_52' title="bbox 1158 442 1941 479">
    <p class='ocr_par' dir='ltr' id='par_1_52' title="bbox 1158 442 1941 479">
     <span class='ocr_line' id='line_1_52' title="bbox 1158 442 1941 479; baseline 0.001 -10"><span class='ocrx_word' id='word_1_369' title='bbox 1158 444 1196 476; x_wconf 86' lang='grc' dir='ltr'><strong>ὼς</strong></span> <span class='ocrx_word' id='word_1_370' title='bbox 1207 444 1239 471; x_wconf 80' lang='grc' dir='ltr'><strong>ἂν</strong></span> <span class='ocrx_word' id='word_1_371' title='bbox 1253 443 1394 479; x_wconf 85' lang='grc' dir='ltr'><strong>κρείττονα</strong></span> <span class='ocrx_word' id='word_1_372' title='bbox 1406 443 1453 470; x_wconf 72' lang='grc' dir='ltr'><strong>καὶ</strong></span> <span class='ocrx_word' id='word_1_373' title='bbox 1466 443 1519 470; x_wconf 85' lang='grc' dir='ltr'><strong>τῶν</strong></span> <span class='ocrx_word' id='word_1_374' title='bbox 1537 442 1638 469; x_wconf 83' lang='grc' dir='ltr'><strong>λοιπῶν</strong></span> <span class='ocrx_word' id='word_1_375' title='bbox 1649 443 1858 479; x_wconf 83' lang='grc' dir='ltr'><strong>ἀναγκαιότερα,</strong></span> <span class='ocrx_word' id='word_1_376' title='bbox 1873 444 1941 470; x_wconf 81' lang='grc' dir='ltr'><strong>δέδο-</strong></span> 
     </span>
    </p>
   </div>
   <div class='ocr_carea' id='block_1_53' title="bbox 1155 489 1944 526">
    <p class='ocr_par' dir='ltr' id='par_1_53' title="bbox 1155 489 1944 526">
     <span class='ocr_line' id='line_1_53' title="bbox 1155 489 1944 526; baseline 0.001 -10"><span class='ocrx_word' id='word_1_377' title='bbox 1155 499 1201 517; x_wconf 86' lang='grc' dir='ltr'><strong>ται</strong></span> <span class='ocrx_word' id='word_1_378' title='bbox 1221 490 1270 517; x_wconf 84' lang='grc' dir='ltr'><strong>σὺν</strong></span> <span class='ocrx_word' id='word_1_379' title='bbox 1286 489 1397 526; x_wconf 86' lang='grc' dir='ltr'><strong>ἀριθμῷ</strong></span> <span class='ocrx_word' id='word_1_380' title='bbox 1413 491 1468 521; x_wconf 89' lang='grc' dir='ltr'><strong>τοῖς</strong></span> <span class='ocrx_word' id='word_1_381' title='bbox 1491 489 1645 525; x_wconf 77' lang='grc' dir='ltr'><strong>εἰρημένοις</strong></span> <span class='ocrx_word' id='word_1_382' title='bbox 1660 491 1786 525; x_wconf 81' lang='grc' dir='ltr'><strong>φρουροῖς</strong></span> <span class='ocrx_word' id='word_1_383' title='bbox 1802 489 1944 525; x_wconf 63' lang='grc' dir='ltr'><strong>φυλάττειν</strong></span> 
     </span>
    </p>
   </div>
   <div class='ocr_carea' id='block_1_54' title="bbox 1157 534 1943 572">
    <p class='ocr_par' dir='ltr' id='par_1_54' title="bbox 1157 534 1943 572">
     <span class='ocr_line' id='line_1_54' title="bbox 1157 534 1943 572; baseline 0.001 -11"><span class='ocrx_word' id='word_1_384' title='bbox 1157 534 1303 570; x_wconf 75' lang='grc' dir='ltr'><strong>ἐπιμελῶς,</strong></span> <span class='ocrx_word' id='word_1_385' title='bbox 1318 534 1356 566; x_wconf 84' lang='grc' dir='ltr'><strong>ὡς</strong></span> <span class='ocrx_word' id='word_1_386' title='bbox 1370 534 1403 561; x_wconf 87' lang='grc' dir='ltr'><strong>ἂν</strong></span> <span class='ocrx_word' id='word_1_387' title='bbox 1417 534 1572 570; x_wconf 82' lang='grc' dir='ltr'><strong>παραδῶσιν</strong></span> <span class='ocrx_word' id='word_1_388' title='bbox 1582 534 1698 570; x_wconf 79' lang='grc' dir='ltr'><strong>ἔμπαλιν</strong></span> <span class='ocrx_word' id='word_1_389' title='bbox 1712 534 1780 562; x_wconf 86' lang='grc' dir='ltr'><strong>σῶον</strong></span> <span class='ocrx_word' id='word_1_390' title='bbox 1794 536 1841 562; x_wconf 85' lang='grc' dir='ltr'><strong>καὶ</strong></span> <span class='ocrx_word' id='word_1_391' title='bbox 1854 536 1943 572; x_wconf 83' lang='grc' dir='ltr'><strong>πλήρη</strong></span> 
     </span>
    </p>
   </div>
   <div class='ocr_carea' id='block_1_55' title="bbox 1155 579 1949 616">
    <p class='ocr_par' dir='ltr' id='par_1_55' title="bbox 1155 579 1949 616">
     <span class='ocr_line' id='line_1_55' title="bbox 1155 579 1949 616; baseline 0.004 -10"><span class='ocrx_word' id='word_1_392' title='bbox 1155 580 1184 606; x_wconf 83' lang='grc' dir='ltr'><strong>δν</strong></span> <span class='ocrx_word' id='word_1_393' title='bbox 1210 579 1393 616; x_wconf 82' lang='grc' dir='ltr'><strong>παρειλήφασι</strong></span> <span class='ocrx_word' id='word_1_394' title='bbox 1420 579 1545 615; x_wconf 84' lang='grc' dir='ltr'><strong>ἀριθμόν.</strong></span> <span class='ocrx_word' id='word_1_395' title='bbox 1584 580 1699 615; x_wconf 85' lang='grc' dir='ltr'><strong>Νοήσεις</strong></span> <span class='ocrx_word' id='word_1_396' title='bbox 1715 580 1743 606; x_wconf 82' lang='grc' dir='ltr'><strong>δὲ</strong></span> <span class='ocrx_word' id='word_1_397' title='bbox 1758 580 1788 606; x_wconf 85' lang='grc' dir='ltr'><strong>τὸ</strong></span> <span class='ocrx_word' id='word_1_398' title='bbox 1802 580 1949 616; x_wconf 86' lang='grc' dir='ltr'><strong>λεγόμενον</strong></span> 
     </span>
    </p>
   </div>
   <div class='ocr_carea' id='block_1_56' title="bbox 1155 622 1931 662">
    <p class='ocr_par' dir='ltr' id='par_1_56' title="bbox 1155 622 1931 662">
     <span class='ocr_line' id='line_1_56' title="bbox 1155 622 1931 662; baseline 0.003 -11"><span class='ocrx_word' id='word_1_399' title='bbox 1155 625 1209 651; x_wconf 81' lang='grc' dir='ltr'><strong>ἀπὸ</strong></span> <span class='ocrx_word' id='word_1_400' title='bbox 1230 625 1278 660; x_wconf 84' lang='grc' dir='ltr'><strong>τῆς</strong></span> <span class='ocrx_word' id='word_1_401' title='bbox 1295 625 1428 660; x_wconf 83' lang='grc' dir='ltr'><strong>σωτηρίου</strong></span> <span class='ocrx_word' id='word_1_402' title='bbox 1452 625 1559 660; x_wconf 79' lang='grc' dir='ltr'><strong>φωνῆς,</strong></span> <span class='ocrx_word' id='word_1_403' title='bbox 1576 624 1609 650; x_wconf 81' lang='grc' dir='ltr'><strong>δι’</strong></span> <span class='ocrx_word' id='word_1_404' title='bbox 1623 622 1656 660; x_wconf 83' lang='grc' dir='ltr'><strong>ἧς</strong></span> <span class='ocrx_word' id='word_1_405' title='bbox 1671 626 1726 656; x_wconf 84' lang='grc' dir='ltr'><strong>τοῖς</strong></span> <span class='ocrx_word' id='word_1_406' title='bbox 1751 625 1841 657; x_wconf 76' lang='grc' dir='ltr'><strong>αὐτοῖς</strong></span> <span class='ocrx_word' id='word_1_407' title='bbox 1858 626 1931 662; x_wconf 86' lang='grc' dir='ltr'><strong>μαθη</strong></span> 
     </span>
    </p>
   </div>
   <div class='ocr_carea' id='block_1_57' title="bbox 1155 670 1941 707">
    <p class='ocr_par' dir='ltr' id='par_1_57' title="bbox 1155 670 1941 707">
     <span class='ocr_line' id='line_1_57' title="bbox 1155 670 1941 707; baseline -0.001 -9"><span class='ocrx_word' id='word_1_408' title='bbox 1155 673 1215 704; x_wconf 77' lang='grc' dir='ltr'><strong>ταῖς</strong></span> <span class='ocrx_word' id='word_1_409' title='bbox 1231 671 1279 698; x_wconf 73' lang='grc' dir='ltr'><strong>καὶ</strong></span> <span class='ocrx_word' id='word_1_410' title='bbox 1294 671 1468 705; x_wconf 83' lang='grc' dir='ltr'><strong>ἀποστόλοις,</strong></span> <span class='ocrx_word' id='word_1_411' title='bbox 1486 672 1542 702; x_wconf 81' lang='grc' dir='ltr'><strong>τοῖς</strong></span> <span class='ocrx_word' id='word_1_412' title='bbox 1560 671 1680 706; x_wconf 74' lang='grc' dir='ltr'><strong>ὡσπερεὶ</strong></span> <span class='ocrx_word' id='word_1_413' title='bbox 1696 670 1810 707; x_wconf 83' lang='grc' dir='ltr'><strong>πύργοις</strong></span> <span class='ocrx_word' id='word_1_414' title='bbox 1823 671 1941 707; x_wconf 80' lang='grc' dir='ltr'><strong>ὲξέχουσι</strong></span> 
     </span>
    </p>
   </div>
   <div class='ocr_carea' id='block_1_58' title="bbox 1155 716 1950 753">
    <p class='ocr_par' dir='ltr' id='par_1_58' title="bbox 1155 716 1950 753">
     <span class='ocr_line' id='line_1_58' title="bbox 1155 716 1950 753; baseline -0.001 -8"><span class='ocrx_word' id='word_1_415' title='bbox 1155 719 1203 745; x_wconf 78' lang='grc' dir='ltr'><strong>καὶ</strong></span> <span class='ocrx_word' id='word_1_416' title='bbox 1216 718 1371 753; x_wconf 83' lang='grc' dir='ltr'><strong>διαφέρουσι</strong></span> <span class='ocrx_word' id='word_1_417' title='bbox 1386 718 1434 753; x_wconf 85' lang='grc' dir='ltr'><strong>τῆς</strong></span> <span class='ocrx_word' id='word_1_418' title='bbox 1449 717 1544 753; x_wconf 80' lang='grc' dir='ltr'><strong>λοιπῆς</strong></span> <span class='ocrx_word' id='word_1_419' title='bbox 1561 716 1713 752; x_wconf 78' lang='grc' dir='ltr'><strong>οἰκοδομῆς,</strong></span> <span class='ocrx_word' id='word_1_420' title='bbox 1729 717 1836 751; x_wconf 74' lang='grc' dir='ltr'><strong>ἐλεγενο</strong></span> <span class='ocrx_word' id='word_1_421' title='bbox 1852 717 1950 752; x_wconf 78' lang='grc' dir='ltr'><em>’Υμῶν</em></span> 
     </span>
    </p>
   </div>
   <div class='ocr_carea' id='block_1_59' title="bbox 1154 762 1941 798">
    <p class='ocr_par' dir='ltr' id='par_1_59' title="bbox 1154 762 1941 798">
     <span class='ocr_line' id='line_1_59' title="bbox 1154 762 1941 798; baseline -0.003 -7"><span class='ocrx_word' id='word_1_422' title='bbox 1154 764 1189 792; x_wconf 81' lang='grc' dir='ltr'><strong>δὲ</strong></span> <span class='ocrx_word' id='word_1_423' title='bbox 1203 765 1252 791; x_wconf 73' lang='grc' dir='ltr'><strong>καὶ</strong></span> <span class='ocrx_word' id='word_1_424' title='bbox 1266 766 1295 791; x_wconf 83' lang='grc' dir='ltr'><strong>αἱ</strong></span> <span class='ocrx_word' id='word_1_425' title='bbox 1308 765 1404 798; x_wconf 81' lang='grc' dir='ltr'><strong>τρίχες</strong></span> <span class='ocrx_word' id='word_1_426' title='bbox 1422 763 1476 798; x_wconf 86' lang='grc' dir='ltr'><strong>τῆς</strong></span> <span class='ocrx_word' id='word_1_427' title='bbox 1492 762 1627 798; x_wconf 67' lang='grc' dir='ltr'><strong>κεφαλῆς</strong></span> <span class='ocrx_word' id='word_1_428' title='bbox 1644 762 1736 789; x_wconf 79' lang='grc' dir='ltr'><strong>πᾶσαι</strong></span> <span class='ocrx_word' id='word_1_429' title='bbox 1749 762 1941 797; x_wconf 71' lang='grc' dir='ltr'><strong>ἠριθμημέναι</strong></span> 
     </span>
    </p>
   </div>
   <div class='ocr_carea' id='block_1_60' title="bbox 1154 808 1941 845">
    <p class='ocr_par' dir='ltr' id='par_1_60' title="bbox 1154 808 1941 845">
     <span class='ocr_line' id='line_1_60' title="bbox 1154 808 1941 845; baseline -0.006 -8"><span class='ocrx_word' id='word_1_430' title='bbox 1154 810 1242 837; x_wconf 74' lang='grc' dir='ltr'><strong>εἰσιν.</strong></span> <span class='ocrx_word' id='word_1_431' title='bbox 1275 809 1303 836; x_wconf 92' lang='lat'><strong>&#39;0</strong></span> <span class='ocrx_word' id='word_1_432' title='bbox 1319 809 1372 845; x_wconf 81' lang='grc' dir='ltr'><strong>γὰρ</strong></span> <span class='ocrx_word' id='word_1_433' title='bbox 1382 809 1422 840; x_wconf 68' lang='grc' dir='ltr'><strong>εἰς</strong></span> <span class='ocrx_word' id='word_1_434' title='bbox 1437 809 1561 835; x_wconf 75' lang='grc' dir='ltr'><strong>τοσοῦτον</strong></span> <span class='ocrx_word' id='word_1_435' title='bbox 1579 808 1644 843; x_wconf 73' lang='grc' dir='ltr'><strong>ὕψος</strong></span> <span class='ocrx_word' id='word_1_436' title='bbox 1656 808 1753 839; x_wconf 81' lang='grc' dir='ltr'><strong>αὐτοὺς</strong></span> <span class='ocrx_word' id='word_1_437' title='bbox 1765 808 1881 843; x_wconf 75' lang='grc' dir='ltr'><strong>ἐπάρας,</strong></span> <span class='ocrx_word' id='word_1_438' title='bbox 1897 809 1941 835; x_wconf 70' lang='grc' dir='ltr'><strong>καὶ</strong></span> 
     </span>
    </p>
   </div>
   <div class='ocr_carea' id='block_1_61' title="bbox 1154 854 1941 891">
    <p class='ocr_par' dir='ltr' id='par_1_61' title="bbox 1154 854 1941 891">
     <span class='ocr_line' id='line_1_61' title="bbox 1154 854 1941 891; baseline -0.017 -9"><span class='ocrx_word' id='word_1_439' title='bbox 1154 855 1274 891; x_wconf 74' lang='grc' dir='ltr'><strong>πύργους</strong></span> <span class='ocrx_word' id='word_1_440' title='bbox 1290 855 1339 891; x_wconf 84' lang='grc' dir='ltr'><strong>τῆς</strong></span> <span class='ocrx_word' id='word_1_441' title='bbox 1365 854 1527 891; x_wconf 85' lang='grc' dir='ltr'><strong>Ἐκκλησίας</strong></span> <span class='ocrx_word' id='word_1_442' title='bbox 1543 854 1624 881; x_wconf 81' lang='grc' dir='ltr'><strong>αὑτοῦ</strong></span> <span class='ocrx_word' id='word_1_443' title='bbox 1642 854 1815 889; x_wconf 82' lang='grc' dir='ltr'><strong>καταστήσας</strong></span> <span class='ocrx_word' id='word_1_444' title='bbox 1826 874 1834 886; x_wconf 65' lang='grc'><em>,</em></span> <span class='ocrx_word' id='word_1_445' title='bbox 1857 854 1896 886; x_wconf 69' lang='grc' dir='ltr'><strong>ὡς</strong></span> <span class='ocrx_word' id='word_1_446' title='bbox 1910 854 1941 881; x_wconf 44' lang='grc' dir='ltr'><strong>ἂν</strong></span> 
     </span>
    </p>
   </div>
   <div class='ocr_carea' id='block_1_62' title="bbox 1158 898 1942 937">
    <p class='ocr_par' dir='ltr' id='par_1_62' title="bbox 1158 898 1942 937">
     <span class='ocr_line' id='line_1_62' title="bbox 1158 898 1942 937; baseline -0.001 -10"><span class='ocrx_word' id='word_1_447' title='bbox 1158 902 1194 937; x_wconf 87' lang='grc' dir='ltr'><strong>μή</strong></span> <span class='ocrx_word' id='word_1_448' title='bbox 1211 909 1270 927; x_wconf 89' lang='grc' dir='ltr'><strong>τινα</strong></span> <span class='ocrx_word' id='word_1_449' title='bbox 1287 900 1398 927; x_wconf 87' lang='grc' dir='ltr'><strong>πάθοιεν</strong></span> <span class='ocrx_word' id='word_1_450' title='bbox 1415 900 1467 927; x_wconf 85' lang='grc' dir='ltr'><strong>ὑπὸ</strong></span> <span class='ocrx_word' id='word_1_451' title='bbox 1483 900 1535 927; x_wconf 82' lang='grc' dir='ltr'><strong>τῶν</strong></span> <span class='ocrx_word' id='word_1_452' title='bbox 1552 899 1672 935; x_wconf 85' lang='grc' dir='ltr'><strong>ὲχθρῶν,</strong></span> <span class='ocrx_word' id='word_1_453' title='bbox 1700 898 1818 934; x_wconf 75' lang='grc' dir='ltr'><strong>μείζοσιν</strong></span> <span class='ocrx_word' id='word_1_454' title='bbox 1844 899 1942 931; x_wconf 75' lang='grc' dir='ltr'><strong>αὐτοὺς</strong></span> 
     </span>
    </p>
   </div>
   <div class='ocr_carea' id='block_1_63' title="bbox 1154 945 1943 981">
    <p class='ocr_par' dir='ltr' id='par_1_63' title="bbox 1154 945 1943 981">
     <span class='ocr_line' id='line_1_63' title="bbox 1154 945 1943 981; baseline -0.003 -8"><span class='ocrx_word' id='word_1_455' title='bbox 1154 945 1280 981; x_wconf 82' lang='grc' dir='ltr'><strong>φύλαξιν,</strong></span> <span class='ocrx_word' id='word_1_456' title='bbox 1308 946 1396 981; x_wconf 85' lang='grc' dir='ltr'><strong>ἁγίοις</strong></span> <span class='ocrx_word' id='word_1_457' title='bbox 1408 945 1534 981; x_wconf 81' lang='grc' dir='ltr'><strong>ἀγγέλοις</strong></span> <span class='ocrx_word' id='word_1_458' title='bbox 1545 966 1552 977; x_wconf 90' lang='grc'><strong>,</strong></span> <span class='ocrx_word' id='word_1_459' title='bbox 1574 945 1766 981; x_wconf 79' lang='grc' dir='ltr'><strong>παραδίδωσιν.</strong></span> <span class='ocrx_word' id='word_1_460' title='bbox 1802 945 1899 971; x_wconf 79' lang='grc' dir='ltr'><strong>Ἔνθεν</strong></span> <span class='ocrx_word' id='word_1_461' title='bbox 1913 945 1943 971; x_wconf 80' lang='grc' dir='ltr'><strong>ἑν</strong></span> 
     </span>
    </p>
   </div>
   <div class='ocr_carea' id='block_1_64' title="bbox 1152 990 1945 1027">
    <p class='ocr_par' dir='ltr' id='par_1_64' title="bbox 1152 990 1945 1027">
     <span class='ocr_line' id='line_1_64' title="bbox 1152 990 1945 1027; baseline -0.001 -9"><span class='ocrx_word' id='word_1_462' title='bbox 1152 993 1212 1023; x_wconf 83' lang='grc' dir='ltr'><strong>ταῖς</strong></span> <span class='ocrx_word' id='word_1_463' title='bbox 1235 991 1354 1027; x_wconf 81' lang='grc' dir='ltr'><strong>Πράξεσι</strong></span> <span class='ocrx_word' id='word_1_464' title='bbox 1369 991 1423 1018; x_wconf 84' lang='grc' dir='ltr'><strong>τῶν</strong></span> <span class='ocrx_word' id='word_1_465' title='bbox 1445 991 1599 1018; x_wconf 82' lang='grc' dir='ltr'><strong>ἀποστόλων</strong></span> <span class='ocrx_word' id='word_1_466' title='bbox 1610 1011 1617 1021; x_wconf 88' lang='grc'><strong>,</strong></span> <span class='ocrx_word' id='word_1_467' title='bbox 1638 990 1736 1022; x_wconf 85' lang='grc' dir='ltr'><strong>εἰδότες</strong></span> <span class='ocrx_word' id='word_1_468' title='bbox 1747 1010 1754 1022; x_wconf 87' lang='grc'><strong>,</strong></span> <span class='ocrx_word' id='word_1_469' title='bbox 1773 990 1811 1022; x_wconf 87' lang='grc' dir='ltr'><strong>ὡς</strong></span> <span class='ocrx_word' id='word_1_470' title='bbox 1827 991 1945 1021; x_wconf 70' lang='grc' dir='ltr'><strong>ἕκαστος</strong></span> 
     </span>
    </p>
   </div>
   <div class='ocr_carea' id='block_1_65' title="bbox 1152 1035 1938 1071">
    <p class='ocr_par' dir='ltr' id='par_1_65' title="bbox 1152 1035 1938 1071">
     <span class='ocr_line' id='line_1_65' title="bbox 1152 1035 1938 1071; baseline 0 -9"><span class='ocrx_word' id='word_1_471' title='bbox 1152 1035 1206 1062; x_wconf 86' lang='grc' dir='ltr'><strong>τῶν</strong></span> <span class='ocrx_word' id='word_1_472' title='bbox 1218 1035 1345 1071; x_wconf 80' lang='grc' dir='ltr'><strong>μαθητῶν</strong></span> <span class='ocrx_word' id='word_1_473' title='bbox 1355 1035 1402 1062; x_wconf 85' lang='grc' dir='ltr'><strong>τοῦ</strong></span> <span class='ocrx_word' id='word_1_474' title='bbox 1415 1036 1538 1071; x_wconf 59' lang='grc' dir='ltr'><strong>Σωτῆρος</strong></span> <span class='ocrx_word' id='word_1_475' title='bbox 1549 1035 1674 1070; x_wconf 77' lang='grc' dir='ltr'><strong>ἀγγέλοις</strong></span> <span class='ocrx_word' id='word_1_476' title='bbox 1684 1035 1738 1061; x_wconf 86' lang='grc' dir='ltr'><strong>τισὶ</strong></span> <span class='ocrx_word' id='word_1_477' title='bbox 1752 1035 1938 1070; x_wconf 77' lang='grc' dir='ltr'><strong>παραδέδοται</strong></span> 
     </span>
    </p>
   </div>
   <div class='ocr_carea' id='block_1_66' title="bbox 1152 1080 1940 1117">
    <p class='ocr_par' dir='ltr' id='par_1_66' title="bbox 1152 1080 1940 1117">
     <span class='ocr_line' id='line_1_66' title="bbox 1152 1080 1940 1117; baseline -0.001 -9"><span class='ocrx_word' id='word_1_478' title='bbox 1152 1082 1199 1117; x_wconf 82' lang='grc' dir='ltr'><strong>τῆς</strong></span> <span class='ocrx_word' id='word_1_479' title='bbox 1217 1082 1360 1117; x_wconf 85' lang='grc' dir='ltr'><strong>παιδίσκης</strong></span> <span class='ocrx_word' id='word_1_480' title='bbox 1383 1081 1587 1117; x_wconf 69' lang='grc' dir='ltr'><strong>ἀπαγγειλάσης</strong></span> <span class='ocrx_word' id='word_1_481' title='bbox 1599 1101 1606 1113; x_wconf 93' lang='grc'><strong>,</strong></span> <span class='ocrx_word' id='word_1_482' title='bbox 1623 1081 1660 1112; x_wconf 81' lang='grc' dir='ltr'><strong>ὡς</strong></span> <span class='ocrx_word' id='word_1_483' title='bbox 1682 1080 1735 1116; x_wconf 77' lang='grc' dir='ltr'><strong>ἄρα</strong></span> <span class='ocrx_word' id='word_1_484' title='bbox 1752 1081 1854 1116; x_wconf 78' lang='grc' dir='ltr'><strong>Πέτρος</strong></span> <span class='ocrx_word' id='word_1_485' title='bbox 1868 1081 1910 1116; x_wconf 86' lang='grc' dir='ltr'><strong>εῐη</strong></span> <span class='ocrx_word' id='word_1_486' title='bbox 1923 1085 1940 1111; x_wconf 76' lang='grc' dir='ltr'><strong>ὸ</strong></span> 
     </span>
    </p>
   </div>
   <div class='ocr_carea' id='block_1_67' title="bbox 1153 1125 1938 1163">
    <p class='ocr_par' dir='ltr' id='par_1_67' title="bbox 1153 1125 1938 1163">
     <span class='ocr_line' id='line_1_67' title="bbox 1153 1125 1938 1163; baseline -0.003 -9"><span class='ocrx_word' id='word_1_487' title='bbox 1153 1127 1201 1163; x_wconf 85' lang='grc' dir='ltr'><strong>τὴν</strong></span> <span class='ocrx_word' id='word_1_488' title='bbox 1211 1127 1294 1163; x_wconf 88' lang='grc' dir='ltr'><strong>θύραν</strong></span> <span class='ocrx_word' id='word_1_489' title='bbox 1306 1127 1448 1159; x_wconf 80' lang='grc' dir='ltr'><strong>παίσας,οί</strong></span> <span class='ocrx_word' id='word_1_490' title='bbox 1458 1126 1545 1153; x_wconf 79' lang='grc' dir='ltr'><strong>λοιποὶ</strong></span> <span class='ocrx_word' id='word_1_491' title='bbox 1558 1126 1676 1162; x_wconf 72' lang='grc' dir='ltr'><strong>μαθηταὶ</strong></span> <span class='ocrx_word' id='word_1_492' title='bbox 1688 1126 1790 1160; x_wconf 75' lang='grc' dir='ltr'><strong>ἔφασαν</strong></span> <span class='ocrx_word' id='word_1_493' title='bbox 1799 1135 1806 1141; x_wconf 91' lang='grc'><strong>·</strong></span> <span class='ocrx_word' id='word_1_494' title='bbox 1819 1125 1938 1159; x_wconf 73' lang='grc' dir='ltr'><strong>Μήποτε</strong></span> 
     </span>
    </p>
   </div>
   <div class='ocr_carea' id='block_1_68' title="bbox 1154 1171 1938 1210">
    <p class='ocr_par' dir='ltr' id='par_1_68' title="bbox 1154 1171 1938 1210">
     <span class='ocr_line' id='line_1_68' title="bbox 1154 1171 1938 1210; baseline -0.003 -9"><span class='ocrx_word' id='word_1_495' title='bbox 1154 1174 1281 1210; x_wconf 69' lang='grc' dir='ltr'><strong>ἄγγελος</strong></span> <span class='ocrx_word' id='word_1_496' title='bbox 1295 1174 1388 1201; x_wconf 84' lang='grc' dir='ltr'><strong>αὑτοῦ</strong></span> <span class='ocrx_word' id='word_1_497' title='bbox 1403 1175 1486 1205; x_wconf 63' lang='lat' dir='ltr'><strong>sint;</strong></span> <span class='ocrx_word' id='word_1_498' title='bbox 1509 1174 1632 1201; x_wconf 82' lang='grc' dir='ltr'><strong>Διδάσκει</strong></span> <span class='ocrx_word' id='word_1_499' title='bbox 1648 1174 1669 1200; x_wconf 81' lang='grc' dir='ltr'><strong>δ’</strong></span> <span class='ocrx_word' id='word_1_500' title='bbox 1684 1171 1729 1200; x_wconf 73' lang='grc' dir='ltr'><strong>οὖν</strong></span> <span class='ocrx_word' id='word_1_501' title='bbox 1746 1173 1791 1199; x_wconf 75' lang='grc' dir='ltr'><strong>καὶ</strong></span> <span class='ocrx_word' id='word_1_502' title='bbox 1807 1173 1871 1208; x_wconf 76' lang='grc' dir='ltr'><strong>περὶ</strong></span> <span class='ocrx_word' id='word_1_503' title='bbox 1886 1173 1938 1199; x_wconf 51' lang='grc' dir='ltr'><strong>τῶν</strong></span> 
     </span>
    </p>
   </div>
   <div class='ocr_carea' id='block_1_69' title="bbox 1153 1218 1938 1254">
    <p class='ocr_par' dir='ltr' id='par_1_69' title="bbox 1153 1218 1938 1254">
     <span class='ocr_line' id='line_1_69' title="bbox 1153 1218 1938 1254; baseline 0 -10"><span class='ocrx_word' id='word_1_504' title='bbox 1153 1218 1258 1253; x_wconf 83' lang='grc' dir='ltr'><strong>μικρῶν</strong></span> <span class='ocrx_word' id='word_1_505' title='bbox 1281 1219 1310 1244; x_wconf 80' lang='grc' dir='ltr'><strong>ὲν</strong></span> <span class='ocrx_word' id='word_1_506' title='bbox 1332 1220 1364 1253; x_wconf 85' lang='grc' dir='ltr'><strong>τῇ</strong></span> <span class='ocrx_word' id='word_1_507' title='bbox 1387 1218 1533 1254; x_wconf 71' lang='grc' dir='ltr'><strong>Ἐκκλησία</strong></span> <span class='ocrx_word' id='word_1_508' title='bbox 1547 1219 1561 1245; x_wconf 82' lang='grc' dir='ltr'><strong>ὁ</strong></span> <span class='ocrx_word' id='word_1_509' title='bbox 1576 1218 1669 1254; x_wconf 84' lang='grc' dir='ltr'><strong>Σωτὴρ</strong></span> <span class='ocrx_word' id='word_1_510' title='bbox 1693 1218 1794 1252; x_wconf 84' lang='grc' dir='ltr'><strong>λέγων⁶</strong></span> <span class='ocrx_word' id='word_1_511' title='bbox 1827 1219 1859 1244; x_wconf 85' lang='grc' dir='ltr'><strong>οι</strong></span> <span class='ocrx_word' id='word_1_512' title='bbox 1885 1218 1938 1252; x_wconf 75' lang='grc' dir='ltr'><strong>γὰρ</strong></span> 
     </span>
    </p>
   </div>
   <div class='ocr_carea' id='block_1_70' title="bbox 1150 1263 1937 1300">
    <p class='ocr_par' dir='ltr' id='par_1_70' title="bbox 1150 1263 1937 1300">
     <span class='ocr_line' id='line_1_70' title="bbox 1150 1263 1937 1300; baseline -0.003 -9"><span class='ocrx_word' id='word_1_513' title='bbox 1150 1264 1269 1300; x_wconf 72' lang='grc' dir='ltr'><strong>ἄγγελοι</strong></span> <span class='ocrx_word' id='word_1_514' title='bbox 1283 1264 1383 1291; x_wconf 83' lang='grc' dir='ltr'><strong>αὐτῶν</strong></span> <span class='ocrx_word' id='word_1_515' title='bbox 1393 1264 1441 1291; x_wconf 83' lang='grc' dir='ltr'><strong>διὰ</strong></span> <span class='ocrx_word' id='word_1_516' title='bbox 1454 1263 1567 1296; x_wconf 78' lang='grc' dir='ltr'><strong>παντὸς</strong></span> <span class='ocrx_word' id='word_1_517' title='bbox 1573 1263 1723 1296; x_wconf 75' lang='grc' dir='ltr'><strong>βλέπουσι</strong></span> <span class='ocrx_word' id='word_1_518' title='bbox 1732 1263 1766 1290; x_wconf 79' lang='grc' dir='ltr'><strong>τὸ</strong></span> <span class='ocrx_word' id='word_1_519' title='bbox 1777 1263 1937 1297; x_wconf 74' lang='grc' dir='ltr'><strong>πρόσωπον</strong></span> 
     </span>
    </p>
   </div>
   <div class='ocr_carea' id='block_1_71' title="bbox 1149 1306 1938 1345">
    <p class='ocr_par' dir='ltr' id='par_1_71' title="bbox 1149 1306 1938 1345">
     <span class='ocr_line' id='line_1_71' title="bbox 1149 1306 1938 1345; baseline -0.003 -8"><span class='ocrx_word' id='word_1_520' title='bbox 1149 1310 1203 1337; x_wconf 82' lang='grc' dir='ltr'><strong>τοῦ</strong></span> <span class='ocrx_word' id='word_1_521' title='bbox 1213 1311 1328 1344; x_wconf 82' lang='grc' dir='ltr'><strong>Πατρός</strong></span> <span class='ocrx_word' id='word_1_522' title='bbox 1339 1319 1398 1345; x_wconf 84' lang='grc' dir='ltr'><strong>μου</strong></span> <span class='ocrx_word' id='word_1_523' title='bbox 1413 1310 1466 1337; x_wconf 83' lang='grc' dir='ltr'><strong>τοῦ</strong></span> <span class='ocrx_word' id='word_1_524' title='bbox 1479 1311 1513 1337; x_wconf 84' lang='grc' dir='ltr'><strong>ὲν</strong></span> <span class='ocrx_word' id='word_1_525' title='bbox 1526 1310 1588 1343; x_wconf 82' lang='grc' dir='ltr'><strong>τοῖς</strong></span> <span class='ocrx_word' id='word_1_526' title='bbox 1600 1309 1747 1343; x_wconf 69' lang='grc' dir='ltr'><strong>οἰιρανοῖς.</strong></span> <span class='ocrx_word' id='word_1_527' title='bbox 1761 1309 1879 1340; x_wconf 81' lang='grc' dir='ltr'><strong>Εἰκότως</strong></span> <span class='ocrx_word' id='word_1_528' title='bbox 1893 1306 1938 1336; x_wconf 57' lang='grc' dir='ltr'><strong>οὖν</strong></span> 
     </span>
    </p>
   </div>
   <div class='ocr_carea' id='block_1_72' title="bbox 1150 1355 1937 1392">
    <p class='ocr_par' dir='ltr' id='par_1_72' title="bbox 1150 1355 1937 1392">
     <span class='ocr_line' id='line_1_72' title="bbox 1150 1355 1937 1392; baseline -0.003 -9"><span class='ocrx_word' id='word_1_529' title='bbox 1150 1357 1311 1392; x_wconf 73' lang='grc' dir='ltr'><strong>προστάττει</strong></span> <span class='ocrx_word' id='word_1_530' title='bbox 1335 1357 1349 1383; x_wconf 84' lang='grc' dir='ltr'><strong>ὁ</strong></span> <span class='ocrx_word' id='word_1_531' title='bbox 1375 1355 1470 1392; x_wconf 88' lang='grc' dir='ltr'><strong>παρὼν</strong></span> <span class='ocrx_word' id='word_1_532' title='bbox 1490 1356 1567 1390; x_wconf 85' lang='grc' dir='ltr'><strong>λόγος</strong></span> <span class='ocrx_word' id='word_1_533' title='bbox 1592 1356 1694 1387; x_wconf 81' lang='grc' dir='ltr'><strong>τούτοις</strong></span> <span class='ocrx_word' id='word_1_534' title='bbox 1720 1355 1810 1386; x_wconf 75' lang='grc' dir='ltr'><strong>αὐτοῖς</strong></span> <span class='ocrx_word' id='word_1_535' title='bbox 1833 1355 1937 1389; x_wconf 81' lang='grc' dir='ltr'><strong>λέγων·</strong></span> 
     </span>
    </p>
   </div>
   <div class='ocr_carea' id='block_1_73' title="bbox 1155 1399 1937 1438">
    <p class='ocr_par' dir='ltr' id='par_1_73' title="bbox 1155 1399 1937 1438">
     <span class='ocr_line' id='line_1_73' title="bbox 1155 1399 1937 1438; baseline -0.004 -8"><span class='ocrx_word' id='word_1_536' title='bbox 1155 1402 1350 1438; x_wconf 79' lang='grc' dir='ltr'><strong>Ἀριθμήσατε</strong></span> <span class='ocrx_word' id='word_1_537' title='bbox 1376 1402 1447 1435; x_wconf 86' lang='grc' dir='ltr'><strong>τοὺς</strong></span> <span class='ocrx_word' id='word_1_538' title='bbox 1469 1403 1601 1437; x_wconf 75' lang='grc' dir='ltr'><strong>πύργους</strong></span> <span class='ocrx_word' id='word_1_539' title='bbox 1615 1401 1725 1435; x_wconf 81' lang='grc' dir='ltr'><strong>αὐτῆς·</strong></span> <span class='ocrx_word' id='word_1_540' title='bbox 1749 1399 1798 1427; x_wconf 80' lang='grc' dir='ltr'><strong>εἶθ’</strong></span> <span class='ocrx_word' id='word_1_541' title='bbox 1813 1400 1876 1436; x_wconf 79' lang='grc' dir='ltr'><strong>ἑξῆς</strong></span> <span class='ocrx_word' id='word_1_542' title='bbox 1889 1401 1937 1428; x_wconf 86' lang='grc' dir='ltr'><strong>τό·</strong></span> 
     </span>
    </p>
   </div>
   <div class='ocr_carea' id='block_1_74' title="bbox 1152 1446 1937 1483">
    <p class='ocr_par' dir='ltr' id='par_1_74' title="bbox 1152 1446 1937 1483">
     <span class='ocr_line' id='line_1_74' title="bbox 1152 1446 1937 1483; baseline -0.006 -6"><span class='ocrx_word' id='word_1_543' title='bbox 1152 1449 1261 1482; x_wconf 76' lang='grc' dir='ltr'><strong>Τάξατε</strong></span> <span class='ocrx_word' id='word_1_544' title='bbox 1271 1449 1324 1483; x_wconf 85' lang='grc' dir='ltr'><strong>τὰς</strong></span> <span class='ocrx_word' id='word_1_545' title='bbox 1337 1448 1461 1483; x_wconf 78' lang='grc' dir='ltr'><strong>καρδίας</strong></span> <span class='ocrx_word' id='word_1_546' title='bbox 1474 1448 1556 1483; x_wconf 84' lang='grc' dir='ltr'><strong>ὑμῶν</strong></span> <span class='ocrx_word' id='word_1_547' title='bbox 1567 1449 1610 1481; x_wconf 79' lang='grc' dir='ltr'><strong>εις</strong></span> <span class='ocrx_word' id='word_1_548' title='bbox 1624 1447 1680 1481; x_wconf 77' lang='grc' dir='ltr'><strong>τὴν</strong></span> <span class='ocrx_word' id='word_1_549' title='bbox 1692 1447 1819 1481; x_wconf 86' lang='grc' dir='ltr'><strong>δύναμιν</strong></span> <span class='ocrx_word' id='word_1_550' title='bbox 1831 1446 1937 1480; x_wconf 84' lang='grc' dir='ltr'><strong>αὐτῆς,</strong></span> 
     </span>
    </p>
   </div>
   <div class='ocr_carea' id='block_1_75' title="bbox 1149 1492 1938 1529">
    <p class='ocr_par' dir='ltr' id='par_1_75' title="bbox 1149 1492 1938 1529">
     <span class='ocr_line' id='line_1_75' title="bbox 1149 1492 1938 1529; baseline -0.008 -5"><span class='ocrx_word' id='word_1_551' title='bbox 1149 1496 1199 1524; x_wconf 77' lang='grc' dir='ltr'><strong>καὶ</strong></span> <span class='ocrx_word' id='word_1_552' title='bbox 1212 1496 1422 1524; x_wconf 82' lang='grc' dir='ltr'><strong>καταδιέλεσθε</strong></span> <span class='ocrx_word' id='word_1_553' title='bbox 1436 1495 1489 1528; x_wconf 82' lang='grc' dir='ltr'><strong>τὰς</strong></span> <span class='ocrx_word' id='word_1_554' title='bbox 1501 1495 1606 1529; x_wconf 80' lang='grc' dir='ltr'><strong>,βάρεις</strong></span> <span class='ocrx_word' id='word_1_555' title='bbox 1622 1493 1716 1527; x_wconf 83' lang='grc' dir='ltr'><strong>αὐτῆς</strong></span> <span class='ocrx_word' id='word_1_556' title='bbox 1729 1501 1739 1510; x_wconf 69' lang='grc' dir='ltr'><strong><em>υ</em></strong></span> <span class='ocrx_word' id='word_1_557' title='bbox 1763 1493 1833 1519; x_wconf 84' lang='grc' dir='ltr'><strong>κατά</strong></span> <span class='ocrx_word' id='word_1_558' title='bbox 1848 1493 1877 1519; x_wconf 76' lang='grc' dir='ltr'><strong>δὲ</strong></span> <span class='ocrx_word' id='word_1_559' title='bbox 1891 1492 1938 1519; x_wconf 77' lang='grc' dir='ltr'><strong>τὸν</strong></span> 
     </span>
    </p>
   </div>
   <div class='ocr_carea' id='block_1_76' title="bbox 1148 1536 1938 1577">
    <p class='ocr_par' dir='ltr' id='par_1_76' title="bbox 1148 1536 1938 1577">
     <span class='ocr_line' id='line_1_76' title="bbox 1148 1536 1938 1577; baseline -0.008 -9"><span class='ocrx_word' id='word_1_560' title='bbox 1148 1541 1310 1577; x_wconf 85' lang='grc' dir='ltr'><strong>Σύμμαχον·</strong></span> <span class='ocrx_word' id='word_1_561' title='bbox 1344 1540 1453 1572; x_wconf 79' lang='grc' dir='ltr'><strong>Τάξατε</strong></span> <span class='ocrx_word' id='word_1_562' title='bbox 1476 1539 1529 1572; x_wconf 85' lang='grc' dir='ltr'><strong>τὰς</strong></span> <span class='ocrx_word' id='word_1_563' title='bbox 1555 1538 1676 1572; x_wconf 81' lang='grc' dir='ltr'><strong>καρδίας</strong></span> <span class='ocrx_word' id='word_1_564' title='bbox 1703 1537 1786 1572; x_wconf 81' lang='grc' dir='ltr'><strong>ὑμῶν</strong></span> <span class='ocrx_word' id='word_1_565' title='bbox 1814 1538 1857 1570; x_wconf 83' lang='grc' dir='ltr'><strong>εὶς</strong></span> <span class='ocrx_word' id='word_1_566' title='bbox 1883 1536 1938 1563; x_wconf 70' lang='grc' dir='ltr'><strong>τὸν</strong></span> 
     </span>
    </p>
   </div>
   <div class='ocr_carea' id='block_1_77' title="bbox 1148 1581 1937 1624">
    <p class='ocr_par' dir='ltr' id='par_1_77' title="bbox 1148 1581 1937 1624">
     <span class='ocr_line' id='line_1_77' title="bbox 1148 1581 1937 1624; baseline -0.011 -7"><span class='ocrx_word' id='word_1_567' title='bbox 1148 1590 1215 1624; x_wconf 78' lang='grc' dir='ltr'><strong>περί</strong></span> <span class='ocrx_word' id='word_1_568' title='bbox 1216 1590 1307 1616; x_wconf 72' lang='grc' dir='ltr'><strong>ϐολον</strong></span> <span class='ocrx_word' id='word_1_569' title='bbox 1312 1587 1387 1622; x_wconf 85' lang='grc' dir='ltr'><strong>αὺτῆ</strong></span> <span class='ocrx_word' id='word_1_570' title='bbox 1390 1596 1415 1621; x_wconf 87' lang='grc' dir='ltr'><strong>ς·</strong></span> <span class='ocrx_word' id='word_1_571' title='bbox 1424 1585 1637 1620; x_wconf 80' lang='grc' dir='ltr'><strong>διαμετρήσατε</strong></span> <span class='ocrx_word' id='word_1_572' title='bbox 1643 1584 1824 1616; x_wconf 74' lang='grc' dir='ltr'><strong>τὰβιισίλεια</strong></span> <span class='ocrx_word' id='word_1_573' title='bbox 1833 1581 1937 1616; x_wconf 82' lang='grc' dir='ltr'><strong>αὐτῆς.</strong></span> 
     </span>
    </p>
   </div>
   <div class='ocr_carea' id='block_1_78' title="bbox 1148 1628 1937 1670">
    <p class='ocr_par' dir='ltr' id='par_1_78' title="bbox 1148 1628 1937 1670">
     <span class='ocr_line' id='line_1_78' title="bbox 1148 1628 1937 1670; baseline -0.011 -7"><span class='ocrx_word' id='word_1_574' title='bbox 1148 1637 1240 1664; x_wconf 85' lang='grc' dir='ltr'><strong>Πάντα</strong></span> <span class='ocrx_word' id='word_1_575' title='bbox 1262 1635 1348 1661; x_wconf 81' lang='grc' dir='ltr'><strong>ταῦτα</strong></span> <span class='ocrx_word' id='word_1_576' title='bbox 1365 1633 1576 1670; x_wconf 82' lang='grc' dir='ltr'><strong>προστάττονται</strong></span> <span class='ocrx_word' id='word_1_577' title='bbox 1602 1632 1685 1657; x_wconf 84' lang='grc' dir='ltr'><strong>ποιεῖν</strong></span> <span class='ocrx_word' id='word_1_578' title='bbox 1701 1631 1725 1656; x_wconf 84' lang='grc' dir='ltr'><strong>οἱ</strong></span> <span class='ocrx_word' id='word_1_579' title='bbox 1753 1629 1866 1665; x_wconf 74' lang='grc' dir='ltr'><strong>φρουροὶ</strong></span> <span class='ocrx_word' id='word_1_580' title='bbox 1886 1628 1937 1663; x_wconf 82' lang='grc' dir='ltr'><strong>τῆς</strong></span> 
     </span>
    </p>
   </div>
   <div class='ocr_carea' id='block_1_79' title="bbox 1155 1676 1936 1718">
    <p class='ocr_par' dir='ltr' id='par_1_79' title="bbox 1155 1676 1936 1718">
     <span class='ocr_line' id='line_1_79' title="bbox 1155 1676 1936 1718; baseline -0.009 -9"><span class='ocrx_word' id='word_1_581' title='bbox 1155 1682 1316 1718; x_wconf 87' lang='grc' dir='ltr'><strong>Ἐκκλησίας</strong></span> <span class='ocrx_word' id='word_1_582' title='bbox 1349 1679 1538 1715; x_wconf 79' lang='grc' dir='ltr'><strong>Παρεμϐαλεῖ</strong></span> <span class='ocrx_word' id='word_1_583' title='bbox 1554 1678 1608 1714; x_wconf 82' lang='grc' dir='ltr'><strong>γὰρ</strong></span> <span class='ocrx_word' id='word_1_584' title='bbox 1621 1677 1747 1712; x_wconf 75' lang='grc' dir='ltr'><strong>ἄγγελος</strong></span> <span class='ocrx_word' id='word_1_585' title='bbox 1762 1676 1871 1710; x_wconf 67' lang='grc' dir='ltr'><strong>Κιιρίου</strong></span> <span class='ocrx_word' id='word_1_586' title='bbox 1885 1676 1936 1703; x_wconf 82' lang='grc' dir='ltr'><strong>κύ-</strong></span> 
     </span>
    </p>
   </div>
   <div class='ocr_carea' id='block_1_80' title="bbox 1148 1722 1935 1762">
    <p class='ocr_par' dir='ltr' id='par_1_80' title="bbox 1148 1722 1935 1762">
     <span class='ocr_line' id='line_1_80' title="bbox 1148 1722 1935 1762; baseline -0.01 -7"><span class='ocrx_word' id='word_1_587' title='bbox 1148 1730 1210 1762; x_wconf 74' lang='grc' dir='ltr'><strong>κλῳ</strong></span> <span class='ocrx_word' id='word_1_588' title='bbox 1224 1727 1284 1754; x_wconf 84' lang='grc' dir='ltr'><strong>τῶν</strong></span> <span class='ocrx_word' id='word_1_589' title='bbox 1294 1726 1487 1762; x_wconf 76' lang='grc' dir='ltr'><strong>φοϐουμένων</strong></span> <span class='ocrx_word' id='word_1_590' title='bbox 1498 1724 1599 1756; x_wconf 82' lang='grc' dir='ltr'><strong>αὑτὸν,</strong></span> <span class='ocrx_word' id='word_1_591' title='bbox 1616 1724 1664 1750; x_wconf 77' lang='grc' dir='ltr'><strong>καὶ</strong></span> <span class='ocrx_word' id='word_1_592' title='bbox 1676 1723 1801 1756; x_wconf 71' lang='grc' dir='ltr'><strong>ῥύσεται</strong></span> <span class='ocrx_word' id='word_1_593' title='bbox 1815 1722 1935 1754; x_wconf 81' lang='grc' dir='ltr'><strong>αὐτούς.</strong></span> 
     </span>
    </p>
   </div>
   <div class='ocr_carea' id='block_1_81' title="bbox 1147 1766 1934 1808">
    <p class='ocr_par' dir='ltr' id='par_1_81' title="bbox 1147 1766 1934 1808">
     <span class='ocr_line' id='line_1_81' title="bbox 1147 1766 1934 1808; baseline -0.01 -7"><span class='ocrx_word' id='word_1_594' title='bbox 1147 1774 1230 1806; x_wconf 90' lang='grc' dir='ltr'><strong>Ποίας</strong></span> <span class='ocrx_word' id='word_1_595' title='bbox 1243 1774 1271 1800; x_wconf 86' lang='grc' dir='ltr'><strong>δὲ</strong></span> <span class='ocrx_word' id='word_1_596' title='bbox 1282 1773 1374 1808; x_wconf 72' lang='grc' dir='ltr'><strong>βάρεις</strong></span> <span class='ocrx_word' id='word_1_597' title='bbox 1391 1771 1483 1808; x_wconf 79' lang='grc' dir='ltr'><strong>φησὶν,</strong></span> <span class='ocrx_word' id='word_1_598' title='bbox 1494 1771 1510 1806; x_wconf 79' lang='grc' dir='ltr'><strong>ἢ</strong></span> <span class='ocrx_word' id='word_1_599' title='bbox 1524 1770 1586 1805; x_wconf 79' lang='grc' dir='ltr'><strong>περὶ</strong></span> <span class='ocrx_word' id='word_1_600' title='bbox 1600 1766 1636 1796; x_wconf 82' lang='grc' dir='ltr'><strong>ὧν</strong></span> <span class='ocrx_word' id='word_1_601' title='bbox 1651 1769 1697 1795; x_wconf 80' lang='grc' dir='ltr'><strong>καὶ</strong></span> <span class='ocrx_word' id='word_1_602' title='bbox 1710 1768 1837 1803; x_wconf 79' lang='grc' dir='ltr'><strong>ἀνωτέρω</strong></span> <span class='ocrx_word' id='word_1_603' title='bbox 1847 1766 1934 1801; x_wconf 71' lang='grc' dir='ltr'><strong>ἐλέγε-</strong></span> 
     </span>
    </p>
   </div>
   <div class='ocr_carea' id='block_1_82' title="bbox 1147 1814 1936 1852">
    <p class='ocr_par' dir='ltr' id='par_1_82' title="bbox 1147 1814 1936 1852">
     <span class='ocr_line' id='line_1_82' title="bbox 1147 1814 1936 1852; baseline -0.01 -4"><span class='ocrx_word' id='word_1_604' title='bbox 1147 1829 1193 1848; x_wconf 89' lang='grc' dir='ltr'><strong>το·</strong></span> <span class='ocrx_word' id='word_1_605' title='bbox 1216 1820 1247 1846; x_wconf 85' lang='lat'><strong>‘0</strong></span> <span class='ocrx_word' id='word_1_606' title='bbox 1270 1819 1341 1852; x_wconf 82' lang='grc' dir='ltr'><strong>Θεὸς</strong></span> <span class='ocrx_word' id='word_1_607' title='bbox 1363 1819 1398 1846; x_wconf 85' lang='grc' dir='ltr'><strong>ἐν</strong></span> <span class='ocrx_word' id='word_1_608' title='bbox 1414 1817 1478 1851; x_wconf 80' lang='grc' dir='ltr'><strong>ταῖς</strong></span> <span class='ocrx_word' id='word_1_609' title='bbox 1492 1816 1621 1850; x_wconf 83' lang='grc' dir='ltr'><strong>,βάρεσιν</strong></span> <span class='ocrx_word' id='word_1_610' title='bbox 1636 1815 1729 1849; x_wconf 78' lang='grc' dir='ltr'><strong>αὐτῆς</strong></span> <span class='ocrx_word' id='word_1_611' title='bbox 1752 1814 1936 1849; x_wconf 74' lang='grc' dir='ltr'><strong>γινώσκεται,</strong></span> 
     </span>
    </p>
   </div>
   <div class='ocr_carea' id='block_1_83' title="bbox 1149 1859 1936 1900">
    <p class='ocr_par' dir='ltr' id='par_1_83' title="bbox 1149 1859 1936 1900">
     <span class='ocr_line' id='line_1_83' title="bbox 1149 1859 1936 1900; baseline -0.01 -6"><span class='ocrx_word' id='word_1_612' title='bbox 1149 1866 1222 1894; x_wconf 81' lang='grc' dir='ltr'><strong>ὅταν</strong></span> <span class='ocrx_word' id='word_1_613' title='bbox 1237 1865 1489 1900; x_wconf 67' lang='grc' dir='ltr'><strong>ἁιτιλαμϐάνηται</strong></span> <span class='ocrx_word' id='word_1_614' title='bbox 1506 1862 1621 1896; x_wconf 82' lang='grc' dir='ltr'><strong>αὺτῆς;</strong></span> <span class='ocrx_word' id='word_1_615' title='bbox 1645 1861 1789 1896; x_wconf 81' lang='grc' dir='ltr'><strong>Ἐλέγομεν</strong></span> <span class='ocrx_word' id='word_1_616' title='bbox 1814 1860 1843 1887; x_wconf 80' lang='grc' dir='ltr'><strong>δὲ</strong></span> <span class='ocrx_word' id='word_1_617' title='bbox 1860 1859 1936 1886; x_wconf 81' lang='grc' dir='ltr'><strong>πόλιν</strong></span> 
     </span>
    </p>
   </div>
   <div class='ocr_carea' id='block_1_84' title="bbox 1149 1907 1937 1950">
    <p class='ocr_par' dir='ltr' id='par_1_84' title="bbox 1149 1907 1937 1950">
     <span class='ocr_line' id='line_1_84' title="bbox 1149 1907 1937 1950; baseline -0.01 -9"><span class='ocrx_word' id='word_1_618' title='bbox 1149 1915 1198 1950; x_wconf 77' lang='grc' dir='ltr'><strong>μὲν</strong></span> <span class='ocrx_word' id='word_1_619' title='bbox 1212 1913 1329 1941; x_wconf 83' lang='grc' dir='ltr'><strong>νοεῖσθαι</strong></span> <span class='ocrx_word' id='word_1_620' title='bbox 1346 1914 1399 1939; x_wconf 81' lang='grc' dir='ltr'><strong>πᾶν</strong></span> <span class='ocrx_word' id='word_1_621' title='bbox 1412 1912 1442 1938; x_wconf 84' lang='grc' dir='ltr'><strong>τὸ</strong></span> <span class='ocrx_word' id='word_1_622' title='bbox 1459 1911 1581 1942; x_wconf 78' lang='grc' dir='ltr'><strong>θεοσεϐὲς</strong></span> <span class='ocrx_word' id='word_1_623' title='bbox 1596 1909 1744 1944; x_wconf 85' lang='grc' dir='ltr'><strong>πολίτευμα</strong></span> <span class='ocrx_word' id='word_1_624' title='bbox 1757 1908 1787 1934; x_wconf 86' lang='grc' dir='ltr'><strong>τδ</strong></span> <span class='ocrx_word' id='word_1_625' title='bbox 1801 1907 1862 1934; x_wconf 83' lang='grc' dir='ltr'><strong>καθ’</strong></span> <span class='ocrx_word' id='word_1_626' title='bbox 1873 1907 1937 1943; x_wconf 83' lang='grc' dir='ltr'><strong>ὅλης</strong></span> 
     </span>
    </p>
   </div>
   <div class='ocr_carea' id='block_1_85' title="bbox 1147 1954 1937 1996">
    <p class='ocr_par' dir='ltr' id='par_1_85' title="bbox 1147 1954 1937 1996">
     <span class='ocr_line' id='line_1_85' title="bbox 1147 1954 1937 1996; baseline -0.011 -8"><span class='ocrx_word' id='word_1_627' title='bbox 1147 1961 1197 1996; x_wconf 81' lang='grc' dir='ltr'><strong>τῆς</strong></span> <span class='ocrx_word' id='word_1_628' title='bbox 1209 1960 1381 1995; x_wconf 70' lang='grc' dir='ltr'><strong>οἰκουμένης,</strong></span> <span class='ocrx_word' id='word_1_629' title='bbox 1398 1959 1490 1994; x_wconf 83' lang='grc' dir='ltr'><strong>βάρεις</strong></span> <span class='ocrx_word' id='word_1_630' title='bbox 1503 1957 1531 1983; x_wconf 82' lang='grc' dir='ltr'><strong>δὲ</strong></span> <span class='ocrx_word' id='word_1_631' title='bbox 1545 1956 1628 1991; x_wconf 75' lang='grc' dir='ltr'><strong>αὐτῆς</strong></span> <span class='ocrx_word' id='word_1_632' title='bbox 1643 1955 1691 1987; x_wconf 80' lang='grc' dir='ltr'><strong>τὰς</strong></span> <span class='ocrx_word' id='word_1_633' title='bbox 1706 1954 1776 1981; x_wconf 81' lang='grc' dir='ltr'><strong>κατὰ</strong></span> <span class='ocrx_word' id='word_1_634' title='bbox 1793 1954 1874 1990; x_wconf 85' lang='grc' dir='ltr'><strong>μέρος</strong></span> <span class='ocrx_word' id='word_1_635' title='bbox 1889 1954 1937 1980; x_wconf 76' lang='grc' dir='ltr'><strong>καὶ</strong></span> 
     </span>
    </p>
   </div>
   <div class='ocr_carea' id='block_1_86' title="bbox 1148 1998 1936 2038">
    <p class='ocr_par' dir='ltr' id='par_1_86' title="bbox 1148 1998 1936 2038">
     <span class='ocr_line' id='line_1_86' title="bbox 1148 1998 1936 2038; baseline -0.008 -8"><span class='ocrx_word' id='word_1_636' title='bbox 1148 2003 1219 2030; x_wconf 87' lang='grc' dir='ltr'><strong>κατὰ</strong></span> <span class='ocrx_word' id='word_1_637' title='bbox 1233 2004 1314 2030; x_wconf 85' lang='grc' dir='ltr'><strong>τόπον</strong></span> <span class='ocrx_word' id='word_1_638' title='bbox 1329 2002 1484 2038; x_wconf 77' lang='grc' dir='ltr'><strong>ἐκκλησίας.</strong></span> <span class='ocrx_word' id='word_1_639' title='bbox 1521 2001 1605 2032; x_wconf 76' lang='grc' dir='ltr'><strong>Αὐτὸς</strong></span> <span class='ocrx_word' id='word_1_640' title='bbox 1627 1998 1673 2026; x_wconf 78' lang='grc' dir='ltr'><strong>οὖν</strong></span> <span class='ocrx_word' id='word_1_641' title='bbox 1685 1999 1785 2031; x_wconf 86' lang='grc' dir='ltr'><strong>ταύτας</strong></span> <span class='ocrx_word' id='word_1_642' title='bbox 1800 1999 1848 2031; x_wconf 83' lang='grc' dir='ltr'><strong>τὰς</strong></span> <span class='ocrx_word' id='word_1_643' title='bbox 1865 1998 1936 2025; x_wconf 81' lang='grc' dir='ltr'><strong>κατά</strong></span> 
     </span>
    </p>
   </div>
   <div class='ocr_carea' id='block_1_87' title="bbox 1150 2044 1936 2086">
    <p class='ocr_par' dir='ltr' id='par_1_87' title="bbox 1150 2044 1936 2086">
     <span class='ocr_line' id='line_1_87' title="bbox 1150 2044 1936 2086; baseline -0.008 -10"><span class='ocrx_word' id='word_1_644' title='bbox 1150 2050 1231 2086; x_wconf 85' lang='grc' dir='ltr'><strong>μέρος</strong></span> <span class='ocrx_word' id='word_1_645' title='bbox 1243 2051 1258 2076; x_wconf 84' lang='grc' dir='ltr'>ὁ</span> <span class='ocrx_word' id='word_1_646' title='bbox 1271 2049 1365 2085; x_wconf 86' lang='grc' dir='ltr'><strong>παρὼν</strong></span> <span class='ocrx_word' id='word_1_647' title='bbox 1381 2048 1540 2085; x_wconf 81' lang='grc' dir='ltr'><strong>προστάττει</strong></span> <span class='ocrx_word' id='word_1_648' title='bbox 1554 2048 1631 2082; x_wconf 83' lang='grc' dir='ltr'><strong>λόγος</strong></span> <span class='ocrx_word' id='word_1_649' title='bbox 1644 2045 1856 2074; x_wconf 75' lang='grc' dir='ltr'><strong>καταδιελέσθαι.</strong></span> <span class='ocrx_word' id='word_1_650' title='bbox 1870 2044 1936 2070; x_wconf 85' lang='grc' dir='ltr'><strong>Βού-</strong></span> 
     </span>
    </p>
   </div>
   <div class='ocr_carea' id='block_1_88' title="bbox 1148 2092 1936 2133">
    <p class='ocr_par' dir='ltr' id='par_1_88' title="bbox 1148 2092 1936 2133">
     <span class='ocr_line' id='line_1_88' title="bbox 1148 2092 1936 2133; baseline -0.008 -9"><span class='ocrx_word' id='word_1_651' title='bbox 1148 2097 1221 2124; x_wconf 87' lang='grc' dir='ltr'><strong>λεται</strong></span> <span class='ocrx_word' id='word_1_652' title='bbox 1236 2097 1290 2133; x_wconf 85' lang='grc' dir='ltr'><strong>γὰρ</strong></span> <span class='ocrx_word' id='word_1_653' title='bbox 1304 2097 1420 2123; x_wconf 77' lang='grc' dir='ltr'><strong>ἕκαστον</strong></span> <span class='ocrx_word' id='word_1_654' title='bbox 1434 2095 1486 2122; x_wconf 87' lang='grc' dir='ltr'><strong>τῶν</strong></span> <span class='ocrx_word' id='word_1_655' title='bbox 1497 2095 1618 2130; x_wconf 82' lang='grc' dir='ltr'><strong>ἀγγέλων</strong></span> <span class='ocrx_word' id='word_1_656' title='bbox 1631 2094 1826 2129; x_wconf 73' lang='grc' dir='ltr'><strong>ἀφωρισμένως</strong></span> <span class='ocrx_word' id='word_1_657' title='bbox 1840 2092 1936 2128; x_wconf 84' lang='grc' dir='ltr'><strong>ὲκκλη-</strong></span> 
     </span>
    </p>
   </div>
   <div class='ocr_carea' id='block_1_89' title="bbox 1148 2134 1932 2178">
    <p class='ocr_par' dir='ltr' id='par_1_89' title="bbox 1148 2134 1932 2178">
     <span class='ocr_line' id='line_1_89' title="bbox 1148 2134 1932 2178; baseline -0.009 -8"><span class='ocrx_word' id='word_1_658' title='bbox 1148 2143 1212 2170; x_wconf 83' lang='grc' dir='ltr'><strong>σιῶν</strong></span> <span class='ocrx_word' id='word_1_659' title='bbox 1223 2152 1303 2170; x_wconf 89' lang='grc' dir='ltr'><strong>τινων</strong></span> <span class='ocrx_word' id='word_1_660' title='bbox 1317 2142 1433 2178; x_wconf 82' lang='grc' dir='ltr'><strong>φρουρὸν</strong></span> <span class='ocrx_word' id='word_1_661' title='bbox 1443 2142 1595 2177; x_wconf 78' lang='grc' dir='ltr'><strong>ἐπιστῆσαι.</strong></span> <span class='ocrx_word' id='word_1_662' title='bbox 1614 2139 1669 2167; x_wconf 71' lang='grc' dir='ltr'><strong>Εἶτ’</strong></span> <span class='ocrx_word' id='word_1_663' title='bbox 1681 2139 1800 2173; x_wconf 71' lang='grc' dir='ltr'><strong>ἐπιλέγει</strong></span> <span class='ocrx_word' id='word_1_664' title='bbox 1811 2134 1917 2169; x_wconf 79' lang='grc' dir='ltr'><strong>τοῦτοις</strong></span> <span class='ocrx_word' id='word_1_665' title='bbox 1926 2146 1932 2152; x_wconf 93' lang='grc'><strong>·</strong></span> 
     </span>
    </p>
   </div>
   <div class='ocr_carea' id='block_1_90' title="bbox 1148 2183 1934 2223">
    <p class='ocr_par' dir='ltr' id='par_1_90' title="bbox 1148 2183 1934 2223">
     <span class='ocr_line' id='line_1_90' title="bbox 1148 2183 1934 2223; baseline -0.009 -7"><span class='ocrx_word' id='word_1_666' title='bbox 1148 2190 1246 2223; x_wconf 85' lang='grc' dir='ltr'><strong>Ὅπως</strong></span> <span class='ocrx_word' id='word_1_667' title='bbox 1258 2189 1295 2216; x_wconf 81' lang='grc' dir='ltr'><strong>ἂν</strong></span> <span class='ocrx_word' id='word_1_668' title='bbox 1311 2188 1498 2223; x_wconf 76' lang='grc' dir='ltr'><strong>ὃιηγήσησθε</strong></span> <span class='ocrx_word' id='word_1_669' title='bbox 1517 2189 1558 2220; x_wconf 82' lang='grc' dir='ltr'><strong>εὶς</strong></span> <span class='ocrx_word' id='word_1_670' title='bbox 1573 2187 1678 2221; x_wconf 71' lang='grc' dir='ltr'><strong>γενεὰν</strong></span> <span class='ocrx_word' id='word_1_671' title='bbox 1695 2185 1810 2219; x_wconf 84' lang='grc' dir='ltr'><strong>ἑτέραν.</strong></span> <span class='ocrx_word' id='word_1_672' title='bbox 1840 2183 1934 2218; x_wconf 77' lang='grc' dir='ltr'><strong>Ἀγγὲ-</strong></span> 
     </span>
    </p>
   </div>
   <div class='ocr_carea' id='block_1_91' title="bbox 1147 2228 1934 2272">
    <p class='ocr_par' dir='ltr' id='par_1_91' title="bbox 1147 2228 1934 2272">
     <span class='ocr_line' id='line_1_91' title="bbox 1147 2228 1934 2272; baseline -0.01 -9"><span class='ocrx_word' id='word_1_673' title='bbox 1147 2236 1198 2263; x_wconf 82' lang='grc' dir='ltr'><strong>λων</strong></span> <span class='ocrx_word' id='word_1_674' title='bbox 1215 2236 1268 2272; x_wconf 85' lang='grc' dir='ltr'><strong>γὰρ</strong></span> <span class='ocrx_word' id='word_1_675' title='bbox 1292 2234 1335 2271; x_wconf 67' lang='grc' dir='ltr'><strong>[ἦν</strong></span> <span class='ocrx_word' id='word_1_676' title='bbox 1351 2236 1381 2261; x_wconf 87' lang='grc' dir='ltr'><strong>τὺ</strong></span> <span class='ocrx_word' id='word_1_677' title='bbox 1397 2236 1436 2266; x_wconf 77' lang='grc' dir='ltr'><strong>εἰς</strong></span> <span class='ocrx_word' id='word_1_678' title='bbox 1460 2233 1554 2269; x_wconf 77' lang='grc' dir='ltr'><strong>γενεὰς</strong></span> <span class='ocrx_word' id='word_1_679' title='bbox 1575 2232 1718 2267; x_wconf 84' lang='grc' dir='ltr'><strong>διαφόρους</strong></span> <span class='ocrx_word' id='word_1_680' title='bbox 1739 2229 1867 2257; x_wconf 83' lang='grc' dir='ltr'><strong>δύνασθαι</strong></span> <span class='ocrx_word' id='word_1_681' title='bbox 1885 2228 1934 2260; x_wconf 82' lang='grc' dir='ltr'><strong>τὰς</strong></span> 
     </span>
    </p>
   </div>
   <div class='ocr_carea' id='block_1_92' title="bbox 306 2277 1928 2318">
    <p class='ocr_par' dir='ltr' id='par_1_92' title="bbox 306 2277 1928 2318">
     <span class='ocr_line' id='line_1_92' title="bbox 306 2277 1928 2318; baseline 0 -12"><span class='ocrx_word' id='word_1_682' title='bbox 306 2280 406 2315; x_wconf 78' lang='grc' dir='ltr'><strong>ἀρετὰς</strong></span> <span class='ocrx_word' id='word_1_683' title='bbox 424 2279 470 2307; x_wconf 84' lang='grc' dir='ltr'><strong>τοῦ</strong></span> <span class='ocrx_word' id='word_1_684' title='bbox 496 2279 563 2306; x_wconf 83' lang='grc' dir='ltr'><strong>Θεοῦ</strong></span> <span class='ocrx_word' id='word_1_685' title='bbox 582 2280 771 2316; x_wconf 79' lang='grc' dir='ltr'><strong>διηγήσασθαι.</strong></span> <span class='ocrx_word' id='word_1_686' title='bbox 792 2282 846 2308; x_wconf 78' lang='grc' dir='ltr'><strong>Καὶ</strong></span> <span class='ocrx_word' id='word_1_687' title='bbox 867 2282 910 2309; x_wconf 79' lang='grc' dir='ltr'><strong>ὅτι</strong></span> <span class='ocrx_word' id='word_1_688' title='bbox 933 2281 1023 2317; x_wconf 82' lang='grc' dir='ltr'><strong>οὗτός</strong></span> <span class='ocrx_word' id='word_1_689' title='bbox 1041 2284 1126 2311; x_wconf 79' lang='grc' dir='ltr'><strong>ἐστιν</strong></span> <span class='ocrx_word' id='word_1_690' title='bbox 1145 2286 1160 2311; x_wconf 84' lang='grc' dir='ltr'><em>ὀ</em></span> <span class='ocrx_word' id='word_1_691' title='bbox 1180 2285 1252 2318; x_wconf 85' lang='grc' dir='ltr'><strong>Θεὸς</strong></span> <span class='ocrx_word' id='word_1_692' title='bbox 1280 2286 1296 2311; x_wconf 76' lang='lat' dir='ltr'><strong>tl</strong></span> <span class='ocrx_word' id='word_1_693' title='bbox 1319 2284 1391 2316; x_wconf 84' lang='grc' dir='ltr'><strong>Θεὸς</strong></span> <span class='ocrx_word' id='word_1_694' title='bbox 1415 2282 1499 2318; x_wconf 78' lang='grc' dir='ltr'><strong>ἡμῶν</strong></span> <span class='ocrx_word' id='word_1_695' title='bbox 1516 2283 1559 2315; x_wconf 77' lang='grc' dir='ltr'><strong>εἰς</strong></span> <span class='ocrx_word' id='word_1_696' title='bbox 1574 2280 1726 2308; x_wconf 79' lang='grc' dir='ltr'><strong>τὸναιῶνα</strong></span> <span class='ocrx_word' id='word_1_697' title='bbox 1737 2279 1785 2307; x_wconf 77' lang='grc' dir='ltr'><strong>καὶ</strong></span> <span class='ocrx_word' id='word_1_698' title='bbox 1809 2280 1853 2313; x_wconf 82' lang='grc' dir='ltr'><strong>εὶς</strong></span> <span class='ocrx_word' id='word_1_699' title='bbox 1880 2277 1928 2304; x_wconf 69' lang='grc' dir='ltr'><strong>τὸν</strong></span> 
     </span>
    </p>
   </div>
   <div class='ocr_carea' id='block_1_93' title="bbox 307 2324 1928 2367">
    <p class='ocr_par' dir='ltr' id='par_1_93' title="bbox 307 2324 1928 2367">
     <span class='ocr_line' id='line_1_93' title="bbox 307 2324 1928 2367; baseline -0.001 -15"><span class='ocrx_word' id='word_1_700' title='bbox 307 2324 397 2352; x_wconf 75' lang='grc' dir='ltr'><strong>ιιξῶνα</strong></span> <span class='ocrx_word' id='word_1_701' title='bbox 415 2325 468 2352; x_wconf 87' lang='grc' dir='ltr'><strong>τοῦ</strong></span> <span class='ocrx_word' id='word_1_702' title='bbox 479 2325 600 2359; x_wconf 81' lang='grc' dir='ltr'><strong>αἰῶνος·</strong></span> <span class='ocrx_word' id='word_1_703' title='bbox 631 2327 722 2360; x_wconf 81' lang='grc' dir='ltr'><strong>αὐτὸς</strong></span> <span class='ocrx_word' id='word_1_704' title='bbox 740 2328 879 2362; x_wconf 82' lang='grc' dir='ltr'><strong>ποιμανεῖ</strong></span> <span class='ocrx_word' id='word_1_705' title='bbox 898 2328 975 2363; x_wconf 71' lang='grc' dir='ltr'><strong>ἡμᾶς</strong></span> <span class='ocrx_word' id='word_1_706' title='bbox 993 2332 1036 2364; x_wconf 82' lang='grc' dir='ltr'><strong>εις</strong></span> <span class='ocrx_word' id='word_1_707' title='bbox 1054 2331 1124 2364; x_wconf 83' lang='grc' dir='ltr'><strong>τοὺς</strong></span> <span class='ocrx_word' id='word_1_708' title='bbox 1146 2331 1265 2364; x_wconf 83' lang='grc' dir='ltr'><strong>αιῶνας,</strong></span> <span class='ocrx_word' id='word_1_709' title='bbox 1292 2332 1385 2367; x_wconf 85' lang='grc' dir='ltr'><strong>Ὑμεῖς</strong></span> <span class='ocrx_word' id='word_1_710' title='bbox 1415 2331 1463 2366; x_wconf 75' lang='grc' dir='ltr'><strong>μὲν</strong></span> <span class='ocrx_word' id='word_1_711' title='bbox 1482 2330 1536 2365; x_wconf 85' lang='grc' dir='ltr'><strong>γὰρ</strong></span> <span class='ocrx_word' id='word_1_712' title='bbox 1552 2328 1665 2365; x_wconf 75' lang='grc' dir='ltr'><strong>φρουροὶ</strong></span> <span class='ocrx_word' id='word_1_713' title='bbox 1678 2327 1711 2354; x_wconf 80' lang='grc' dir='ltr'><strong>ἂν</strong></span> <span class='ocrx_word' id='word_1_714' title='bbox 1725 2327 1797 2358; x_wconf 79' lang='grc' dir='ltr'><strong>εἴητε</strong></span> <span class='ocrx_word' id='word_1_715' title='bbox 1817 2326 1864 2353; x_wconf 69' lang='grc' dir='ltr'><strong>καὶ</strong></span> <span class='ocrx_word' id='word_1_716' title='bbox 1879 2325 1928 2351; x_wconf 76' lang='grc' dir='ltr'><strong>ὥσ-</strong></span> 
     </span>
    </p>
   </div>
   <div class='ocr_carea' id='block_1_94' title="bbox 305 2372 1925 2415">
    <p class='ocr_par' dir='ltr' id='par_1_94' title="bbox 305 2372 1925 2415">
     <span class='ocr_line' id='line_1_94' title="bbox 305 2372 1925 2415; baseline -0.004 -10"><span class='ocrx_word' id='word_1_717' title='bbox 305 2381 358 2407; x_wconf 80' lang='grc' dir='ltr'><strong>περ</strong></span> <span class='ocrx_word' id='word_1_718' title='bbox 377 2372 494 2408; x_wconf 73' lang='grc' dir='ltr'><strong>ποίμνης</strong></span> <span class='ocrx_word' id='word_1_719' title='bbox 523 2372 641 2407; x_wconf 70' lang='grc' dir='ltr'><strong>φύλακες</strong></span> <span class='ocrx_word' id='word_1_720' title='bbox 653 2382 659 2388; x_wconf 80' lang='lat'>&#39;</span> <span class='ocrx_word' id='word_1_721' title='bbox 675 2373 688 2399; x_wconf 82' lang='grc' dir='ltr'><strong>ὸ</strong></span> <span class='ocrx_word' id='word_1_722' title='bbox 707 2373 735 2399; x_wconf 78' lang='grc' dir='ltr'><strong>δὲ</strong></span> <span class='ocrx_word' id='word_1_723' title='bbox 752 2373 805 2400; x_wconf 80' lang='grc' dir='ltr'><strong>τῶν</strong></span> <span class='ocrx_word' id='word_1_724' title='bbox 822 2373 985 2410; x_wconf 83' lang='grc' dir='ltr'><strong>θρεμμάτων</strong></span> <span class='ocrx_word' id='word_1_725' title='bbox 1002 2379 1103 2415; x_wconf 83' lang='grc' dir='ltr'><strong>ποιμὴν</strong></span> <span class='ocrx_word' id='word_1_726' title='bbox 1118 2379 1196 2410; x_wconf 81' lang='grc' dir='ltr'><strong>ἄλλος</strong></span> <span class='ocrx_word' id='word_1_727' title='bbox 1211 2378 1243 2405; x_wconf 78' lang='grc' dir='ltr'><strong>ἂν</strong></span> <span class='ocrx_word' id='word_1_728' title='bbox 1258 2378 1310 2414; x_wconf 70' lang='grc' dir='ltr'><strong>εἴη.</strong></span> <span class='ocrx_word' id='word_1_729' title='bbox 1332 2378 1380 2409; x_wconf 88' lang='grc' dir='ltr'><strong>Τίς</strong></span> <span class='ocrx_word' id='word_1_730' title='bbox 1393 2377 1421 2404; x_wconf 81' lang='grc' dir='ltr'><strong>δὲ</strong></span> <span class='ocrx_word' id='word_1_731' title='bbox 1432 2372 1509 2408; x_wconf 70' lang='grc' dir='ltr'><strong>οὗτος</strong></span> <span class='ocrx_word' id='word_1_732' title='bbox 1519 2376 1535 2411; x_wconf 79' lang='grc' dir='ltr'>ἢ</span> <span class='ocrx_word' id='word_1_733' title='bbox 1546 2377 1560 2402; x_wconf 83' lang='grc' dir='ltr'><strong>ὁ</strong></span> <span class='ocrx_word' id='word_1_734' title='bbox 1570 2374 1669 2402; x_wconf 84' lang='grc' dir='ltr'><strong>εἰπών·</strong></span> <span class='ocrx_word' id='word_1_735' title='bbox 1689 2373 1760 2408; x_wconf 75' lang='grc' dir='ltr'><strong>Ἐγώ</strong></span> <span class='ocrx_word' id='word_1_736' title='bbox 1772 2373 1829 2407; x_wconf 81' lang='grc' dir='ltr'><strong>εἰμι</strong></span> <span class='ocrx_word' id='word_1_737' title='bbox 1840 2373 1856 2399; x_wconf 83' lang='grc' dir='ltr'><strong>ό</strong></span> <span class='ocrx_word' id='word_1_738' title='bbox 1867 2378 1925 2398; x_wconf 77' lang='grc' dir='ltr'><strong>ποι-</strong></span> 
     </span>
    </p>
   </div>
   <div class='ocr_carea' id='block_1_95' title="bbox 304 2419 517 2454">
    <p class='ocr_par' dir='ltr' id='par_1_95' title="bbox 304 2419 517 2454">
     <span class='ocr_line' id='line_1_95' title="bbox 304 2419 517 2454; baseline 0 -9"><span class='ocrx_word' id='word_1_739' title='bbox 304 2419 391 2453; x_wconf 81' lang='grc' dir='ltr'><strong>μὴνό</strong></span> <span class='ocrx_word' id='word_1_740' title='bbox 403 2420 495 2452; x_wconf 74' lang='grc' dir='ltr'><strong>καλός</strong></span> <span class='ocrx_word' id='word_1_741' title='bbox 508 2430 517 2454; x_wconf 85' lang='grc'><em>;</em></span> 
     </span>
    </p>
   </div>
   <div class='ocr_carea' id='block_1_96' title="bbox 329 2474 1065 2513">
    <p class='ocr_par' dir='ltr' id='par_1_96' title="bbox 329 2474 1065 2513">
     <span class='ocr_line' id='line_1_96' title="bbox 329 2474 1065 2513; baseline 0.01 -12"><span class='ocrx_word' id='word_1_742' title='bbox 329 2474 398 2502; x_wconf 86' lang='grc' dir='ltr'><strong>1,1Ν</strong></span> <span class='ocrx_word' id='word_1_743' title='bbox 419 2474 644 2513; x_wconf 55' lang='lat' dir='ltr'><strong>FINEM,FILIIS</strong></span> <span class='ocrx_word' id='word_1_744' title='bbox 662 2476 753 2504; x_wconf 83' lang='lat' dir='ltr'><strong>CORE</strong></span> <span class='ocrx_word' id='word_1_745' title='bbox 773 2477 933 2506; x_wconf 75' lang='lat' dir='ltr'><strong>PSALMUS</strong></span> <span class='ocrx_word' id='word_1_746' title='bbox 953 2479 1065 2509; x_wconf 73' lang='lat' dir='ltr'><strong>XLVIII.</strong></span> 
     </span>
    </p>
   </div>
   <div class='ocr_carea' id='block_1_97' title="bbox 342 2529 1094 2572">
    <p class='ocr_par' dir='ltr' id='par_1_97' title="bbox 342 2529 1094 2572">
     <span class='ocr_line' id='line_1_97' title="bbox 342 2529 1094 2572; baseline 0.011 -15"><span class='ocrx_word' id='word_1_747' title='bbox 342 2529 467 2565; x_wconf 89' lang='lat' dir='ltr'><strong>Oportuit</strong></span> <span class='ocrx_word' id='word_1_748' title='bbox 484 2531 552 2559; x_wconf 87' lang='lat' dir='ltr'><strong>lilios</strong></span> <span class='ocrx_word' id='word_1_749' title='bbox 566 2532 648 2564; x_wconf 84' lang='lat' dir='ltr'><strong>Core,</strong></span> <span class='ocrx_word' id='word_1_750' title='bbox 661 2534 706 2568; x_wconf 86' lang='lat' dir='ltr'><strong>qui</strong></span> <span class='ocrx_word' id='word_1_751' title='bbox 723 2534 809 2568; x_wconf 86' lang='lat' dir='ltr'><strong>prima</strong></span> <span class='ocrx_word' id='word_1_752' title='bbox 831 2543 881 2562; x_wconf 81' lang='lat' dir='ltr'><strong>suo</strong></span> <span class='ocrx_word' id='word_1_753' title='bbox 896 2540 1018 2571; x_wconf 82' lang='lat' dir='ltr'><strong>tempore</strong></span> <span class='ocrx_word' id='word_1_754' title='bbox 1034 2546 1094 2572; x_wconf 89' lang='lat' dir='ltr'><strong>pro-</strong></span> 
     </span>
    </p>
   </div>
   <div class='ocr_carea' id='block_1_98' title="bbox 307 2577 1095 2618">
    <p class='ocr_par' dir='ltr' id='par_1_98' title="bbox 307 2577 1095 2618">
     <span class='ocr_line' id='line_1_98' title="bbox 307 2577 1095 2618; baseline 0.01 -15"><span class='ocrx_word' id='word_1_755' title='bbox 307 2577 437 2608; x_wconf 86' lang='lat' dir='ltr'><strong>tulerant,</strong></span> <span class='ocrx_word' id='word_1_756' title='bbox 452 2582 478 2604; x_wconf 86' lang='lat' dir='ltr'><strong>et</strong></span> <span class='ocrx_word' id='word_1_757' title='bbox 494 2579 613 2605; x_wconf 81' lang='lat' dir='ltr'><strong>secunda</strong></span> <span class='ocrx_word' id='word_1_758' title='bbox 629 2580 835 2613; x_wconf 79' lang='lat' dir='ltr'><strong>annuntiarant,</strong></span> <span class='ocrx_word' id='word_1_759' title='bbox 857 2590 887 2609; x_wconf 86' lang='lat' dir='ltr'><strong>ac</strong></span> <span class='ocrx_word' id='word_1_760' title='bbox 903 2582 1012 2618; x_wconf 72' lang='lat' dir='ltr'><strong>insuper</strong></span> <span class='ocrx_word' id='word_1_761' title='bbox 1030 2592 1095 2618; x_wconf 79' lang='lat' dir='ltr'><strong>gen-</strong></span> 
     </span>
    </p>
   </div>
   <div class='ocr_carea' id='block_1_99' title="bbox 307 2625 1093 2663">
    <p class='ocr_par' dir='ltr' id='par_1_99' title="bbox 307 2625 1093 2663">
     <span class='ocr_line' id='line_1_99' title="bbox 307 2625 1093 2663; baseline 0.009 -13"><span class='ocrx_word' id='word_1_762' title='bbox 307 2625 374 2651; x_wconf 87' lang='lat' dir='ltr'><strong>tium</strong></span> <span class='ocrx_word' id='word_1_763' title='bbox 389 2625 560 2652; x_wconf 85' lang='lat' dir='ltr'><strong>vocationem</strong></span> <span class='ocrx_word' id='word_1_764' title='bbox 581 2626 808 2660; x_wconf 66' lang='lat' dir='ltr'><strong>praedicaverant.</strong></span> <span class='ocrx_word' id='word_1_765' title='bbox 821 2632 848 2655; x_wconf 87' lang='lat' dir='ltr'><strong>et</strong></span> <span class='ocrx_word' id='word_1_766' title='bbox 865 2637 925 2663; x_wconf 66' lang='lat' dir='ltr'><strong>qum</strong></span> <span class='ocrx_word' id='word_1_767' title='bbox 942 2629 1093 2657; x_wconf 89' lang='lat' dir='ltr'><strong>Ecclesiam</strong></span> 
     </span>
    </p>
   </div>
   <div class='ocr_carea' id='block_1_100' title="bbox 306 2670 1094 2708">
    <p class='ocr_par' dir='ltr' id='par_1_100' title="bbox 306 2670 1094 2708">
     <span class='ocr_line' id='line_1_100' title="bbox 306 2670 1094 2708; baseline 0.009 -12"><span class='ocrx_word' id='word_1_768' title='bbox 306 2670 354 2698; x_wconf 91' lang='lat' dir='ltr'><strong>Dei</strong></span> <span class='ocrx_word' id='word_1_769' title='bbox 367 2671 528 2704; x_wconf 87' lang='lat' dir='ltr'><strong>spectabant</strong></span> <span class='ocrx_word' id='word_1_770' title='bbox 543 2671 731 2705; x_wconf 89' lang='lat' dir='ltr'><strong>tradiderant;</strong></span> <span class='ocrx_word' id='word_1_771' title='bbox 747 2678 809 2708; x_wconf 83' lang='lat' dir='ltr'><strong>post</strong></span> <span class='ocrx_word' id='word_1_772' title='bbox 833 2673 891 2701; x_wconf 75' lang='lat' dir='ltr'><strong>hrec</strong></span> <span class='ocrx_word' id='word_1_773' title='bbox 905 2675 939 2702; x_wconf 89' lang='lat' dir='ltr'><strong>de</strong></span> <span class='ocrx_word' id='word_1_774' title='bbox 964 2683 1094 2703; x_wconf 88' lang='lat' dir='ltr'><strong>consum-</strong></span> 
     </span>
    </p>
   </div>
   <div class='ocr_carea' id='block_1_101' title="bbox 306 2717 1092 2754">
    <p class='ocr_par' dir='ltr' id='par_1_101' title="bbox 306 2717 1092 2754">
     <span class='ocr_line' id='line_1_101' title="bbox 306 2717 1092 2754; baseline 0.009 -12"><span class='ocrx_word' id='word_1_775' title='bbox 306 2717 426 2744; x_wconf 89' lang='lat' dir='ltr'><strong>matione</strong></span> <span class='ocrx_word' id='word_1_776' title='bbox 437 2717 579 2751; x_wconf 68' lang='lat' dir='ltr'><strong>praesentis</strong></span> <span class='ocrx_word' id='word_1_777' title='bbox 591 2718 652 2745; x_wconf 65' lang='lat' dir='ltr'><strong>vita:</strong></span> <span class='ocrx_word' id='word_1_778' title='bbox 661 2723 690 2745; x_wconf 90' lang='lat' dir='ltr'><strong>et</strong></span> <span class='ocrx_word' id='word_1_779' title='bbox 704 2718 789 2746; x_wconf 82' lang='lat' dir='ltr'><strong>divini</strong></span> <span class='ocrx_word' id='word_1_780' title='bbox 799 2719 895 2754; x_wconf 83' lang='lat' dir='ltr'><strong>judicii</strong></span> <span class='ocrx_word' id='word_1_781' title='bbox 907 2722 1092 2749; x_wconf 87' lang='lat' dir='ltr'><strong>testimonium</strong></span> 
     </span>
    </p>
   </div>
   <div class='ocr_carea' id='block_1_102' title="bbox 306 2762 1093 2798">
    <p class='ocr_par' dir='ltr' id='par_1_102' title="bbox 306 2762 1093 2798">
     <span class='ocr_line' id='line_1_102' title="bbox 306 2762 1093 2798; baseline 0.008 -9"><span class='ocrx_word' id='word_1_782' title='bbox 306 2762 376 2790; x_wconf 80' lang='lat' dir='ltr'><strong>ferre</strong></span> <span class='ocrx_word' id='word_1_783' title='bbox 393 2771 399 2788; x_wconf 92' lang='lat'>:</span> <span class='ocrx_word' id='word_1_784' title='bbox 419 2762 447 2789; x_wconf 93' lang='lat' dir='ltr'><strong>in</strong></span> <span class='ocrx_word' id='word_1_785' title='bbox 462 2770 517 2798; x_wconf 86' lang='lat' dir='ltr'><strong>quo</strong></span> <span class='ocrx_word' id='word_1_786' title='bbox 532 2771 633 2790; x_wconf 84' lang='lat' dir='ltr'><strong>omnem</strong></span> <span class='ocrx_word' id='word_1_787' title='bbox 657 2768 807 2791; x_wconf 82' lang='lat' dir='ltr'><strong>creaturam</strong></span> <span class='ocrx_word' id='word_1_788' title='bbox 833 2767 945 2794; x_wconf 83' lang='lat' dir='ltr'><strong>adducet</strong></span> <span class='ocrx_word' id='word_1_789' title='bbox 969 2765 1041 2793; x_wconf 85' lang='lat' dir='ltr'><strong>Deus</strong></span> <span class='ocrx_word' id='word_1_790' title='bbox 1065 2768 1093 2795; x_wconf 81' lang='lat' dir='ltr'><strong>in</strong></span> 
     </span>
    </p>
   </div>
   <div class='ocr_carea' id='block_1_103' title="bbox 303 2802 1090 2843">
    <p class='ocr_par' dir='ltr' id='par_1_103' title="bbox 303 2802 1090 2843">
     <span class='ocr_line' id='line_1_103' title="bbox 303 2802 1090 2843; baseline 0.006 -9"><span class='ocrx_word' id='word_1_791' title='bbox 303 2807 473 2843; x_wconf 78' lang='lat' dir='ltr'><strong>judicium&quot;,</strong></span> <span class='ocrx_word' id='word_1_792' title='bbox 488 2812 616 2835; x_wconf 50' lang='lat' dir='ltr'><strong>et&#39;omnes</strong></span> <span class='ocrx_word' id='word_1_793' title='bbox 634 2809 762 2837; x_wconf 83' lang='lat' dir='ltr'><strong>tribunali</strong></span> <span class='ocrx_word' id='word_1_794' title='bbox 788 2802 834 2837; x_wconf 82' lang='lat' dir='ltr'><strong>Dei</strong></span> <span class='ocrx_word' id='word_1_795' title='bbox 849 2810 983 2843; x_wconf 78' lang='lat' dir='ltr'><strong>sistentur,</strong></span> <span class='ocrx_word' id='word_1_796' title='bbox 1007 2816 1035 2838; x_wconf 80' lang='lat' dir='ltr'><strong>ut</strong></span> <span class='ocrx_word' id='word_1_797' title='bbox 1050 2820 1090 2839; x_wconf 84' lang='lat' dir='ltr'><strong>re-</strong></span> 
     </span>
    </p>
   </div>
   <div class='ocr_carea' id='block_1_104' title="bbox 1148 2472 1929 2511">
    <p class='ocr_par' dir='ltr' id='par_1_104' title="bbox 1148 2472 1929 2511">
     <span class='ocr_line' id='line_1_104' title="bbox 1148 2472 1929 2511; baseline -0.009 -4"><span class='ocrx_word' id='word_1_798' title='bbox 1148 2481 1200 2507; x_wconf 83' lang='grc' dir='ltr'><strong>ΕΙΣ</strong></span> <span class='ocrx_word' id='word_1_799' title='bbox 1214 2481 1257 2507; x_wconf 85' lang='grc' dir='ltr'><strong>ΤΟ</strong></span> <span class='ocrx_word' id='word_1_800' title='bbox 1274 2479 1475 2511; x_wconf 84' lang='grc' dir='ltr'><strong>ΤΕΔΟΣ,Το1Σ</strong></span> <span class='ocrx_word' id='word_1_801' title='bbox 1491 2477 1580 2504; x_wconf 79' lang='grc' dir='ltr'><strong>ΥΙΟΙΣ</strong></span> <span class='ocrx_word' id='word_1_802' title='bbox 1596 2476 1687 2503; x_wconf 82' lang='grc' dir='ltr'><strong>ΚΟΡΕ</strong></span> <span class='ocrx_word' id='word_1_803' title='bbox 1703 2473 1848 2500; x_wconf 77' lang='grc' dir='ltr'><strong>ΨΔΛΜΟΣ</strong></span> <span class='ocrx_word' id='word_1_804' title='bbox 1862 2472 1929 2500; x_wconf 79' lang='lat' dir='ltr'><strong>Mﬂ&#39;.</strong></span> 
     </span>
    </p>
   </div>
   <div class='ocr_carea' id='block_1_105' title="bbox 1183 2528 1927 2570">
    <p class='ocr_par' dir='ltr' id='par_1_105' title="bbox 1183 2528 1927 2570">
     <span class='ocr_line' id='line_1_105' title="bbox 1183 2528 1927 2570; baseline -0.013 -6"><span class='ocrx_word' id='word_1_805' title='bbox 1183 2538 1256 2564; x_wconf 83' lang='grc' dir='ltr'><strong>Ἔδει</strong></span> <span class='ocrx_word' id='word_1_806' title='bbox 1268 2537 1295 2564; x_wconf 81' lang='grc' dir='ltr'><strong>δὲ</strong></span> <span class='ocrx_word' id='word_1_807' title='bbox 1308 2537 1370 2568; x_wconf 86' lang='grc' dir='ltr'><strong>τοὺς</strong></span> <span class='ocrx_word' id='word_1_808' title='bbox 1382 2536 1457 2567; x_wconf 80' lang='grc' dir='ltr'><strong>υἱοὺς</strong></span> <span class='ocrx_word' id='word_1_809' title='bbox 1475 2535 1561 2570; x_wconf 80' lang='grc' dir='ltr'><strong>Κορὲ,</strong></span> <span class='ocrx_word' id='word_1_810' title='bbox 1588 2534 1621 2560; x_wconf 78' lang='grc' dir='ltr'><strong>τὰ</strong></span> <span class='ocrx_word' id='word_1_811' title='bbox 1641 2532 1735 2568; x_wconf 69' lang='grc' dir='ltr'><strong>πρῶτα</strong></span> <span class='ocrx_word' id='word_1_812' title='bbox 1751 2530 1821 2558; x_wconf 70' lang='grc' dir='ltr'><strong>κατὰ</strong></span> <span class='ocrx_word' id='word_1_813' title='bbox 1838 2528 1927 2565; x_wconf 65' lang='grc' dir='ltr'><strong>καιρὸν</strong></span> 
     </span>
    </p>
   </div>
   <div class='ocr_carea' id='block_1_106' title="bbox 1146 2575 1927 2619">
    <p class='ocr_par' dir='ltr' id='par_1_106' title="bbox 1146 2575 1927 2619">
     <span class='ocr_line' id='line_1_106' title="bbox 1146 2575 1927 2619; baseline -0.013 -9"><span class='ocrx_word' id='word_1_814' title='bbox 1146 2583 1308 2619; x_wconf 77' lang='grc' dir='ltr'><strong>ἐκθεμένους</strong></span> <span class='ocrx_word' id='word_1_815' title='bbox 1318 2603 1324 2614; x_wconf 88' lang='grc'><strong>,</strong></span> <span class='ocrx_word' id='word_1_816' title='bbox 1347 2582 1393 2608; x_wconf 68' lang='grc' dir='ltr'><strong>καὶ</strong></span> <span class='ocrx_word' id='word_1_817' title='bbox 1408 2581 1440 2607; x_wconf 80' lang='grc' dir='ltr'><strong>τὰ</strong></span> <span class='ocrx_word' id='word_1_818' title='bbox 1456 2580 1568 2615; x_wconf 84' lang='grc' dir='ltr'><strong>δεύτερα</strong></span> <span class='ocrx_word' id='word_1_819' title='bbox 1582 2577 1860 2613; x_wconf 72' lang='grc' dir='ltr'><strong>εὐαγγελισαμένους,</strong></span> <span class='ocrx_word' id='word_1_820' title='bbox 1886 2575 1927 2601; x_wconf 70' lang='grc' dir='ltr'><strong>ἐπὶ</strong></span> 
     </span>
    </p>
   </div>
   <div class='ocr_carea' id='block_1_107' title="bbox 1146 2620 1927 2664">
    <p class='ocr_par' dir='ltr' id='par_1_107' title="bbox 1146 2620 1927 2664">
     <span class='ocr_line' id='line_1_107' title="bbox 1146 2620 1927 2664; baseline -0.013 -8"><span class='ocrx_word' id='word_1_821' title='bbox 1146 2631 1250 2661; x_wconf 81' lang='grc' dir='ltr'><strong>τούτοις</strong></span> <span class='ocrx_word' id='word_1_822' title='bbox 1261 2637 1289 2655; x_wconf 83' lang='grc' dir='ltr'><strong>τε</strong></span> <span class='ocrx_word' id='word_1_823' title='bbox 1301 2629 1349 2664; x_wconf 83' lang='grc' dir='ltr'><strong>τὴν</strong></span> <span class='ocrx_word' id='word_1_824' title='bbox 1364 2628 1417 2654; x_wconf 83' lang='grc' dir='ltr'><strong>τῶν</strong></span> <span class='ocrx_word' id='word_1_825' title='bbox 1429 2627 1512 2653; x_wconf 69' lang='grc' dir='ltr'><strong>ἐθνῶν</strong></span> <span class='ocrx_word' id='word_1_826' title='bbox 1523 2626 1618 2660; x_wconf 79' lang='grc' dir='ltr'><strong>κλῆσιν</strong></span> <span class='ocrx_word' id='word_1_827' title='bbox 1628 2624 1809 2659; x_wconf 76' lang='grc' dir='ltr'><strong>κηρύξαντας,</strong></span> <span class='ocrx_word' id='word_1_828' title='bbox 1821 2621 1855 2648; x_wconf 78' lang='grc' dir='ltr'><strong>τὰ</strong></span> <span class='ocrx_word' id='word_1_829' title='bbox 1867 2620 1927 2655; x_wconf 72' lang='grc' dir='ltr'><strong>περὶ</strong></span> 
     </span>
    </p>
   </div>
   <div class='ocr_carea' id='block_1_108' title="bbox 1142 2668 1926 2711">
    <p class='ocr_par' dir='ltr' id='par_1_108' title="bbox 1142 2668 1926 2711">
     <span class='ocr_line' id='line_1_108' title="bbox 1142 2668 1926 2711; baseline -0.013 -8"><span class='ocrx_word' id='word_1_830' title='bbox 1142 2676 1192 2711; x_wconf 86' lang='grc' dir='ltr'><strong>τῆς</strong></span> <span class='ocrx_word' id='word_1_831' title='bbox 1215 2675 1377 2711; x_wconf 85' lang='grc' dir='ltr'><strong>Ἐκκλησίας</strong></span> <span class='ocrx_word' id='word_1_832' title='bbox 1393 2673 1441 2700; x_wconf 77' lang='grc' dir='ltr'><strong>τοῦ</strong></span> <span class='ocrx_word' id='word_1_833' title='bbox 1463 2672 1530 2700; x_wconf 86' lang='grc' dir='ltr'><strong>Θεοῦ</strong></span> <span class='ocrx_word' id='word_1_834' title='bbox 1552 2671 1736 2707; x_wconf 86' lang='grc' dir='ltr'><strong>παραδόντας,</strong></span> <span class='ocrx_word' id='word_1_835' title='bbox 1755 2668 1823 2704; x_wconf 83' lang='grc' dir='ltr'><strong>μετὰ</strong></span> <span class='ocrx_word' id='word_1_836' title='bbox 1843 2668 1926 2694; x_wconf 74' lang='grc' dir='ltr'><strong>πάντα</strong></span> 
     </span>
    </p>
   </div>
   <div class='ocr_carea' id='block_1_109' title="bbox 1142 2713 1926 2757">
    <p class='ocr_par' dir='ltr' id='par_1_109' title="bbox 1142 2713 1926 2757">
     <span class='ocr_line' id='line_1_109' title="bbox 1142 2713 1926 2757; baseline -0.011 -9"><span class='ocrx_word' id='word_1_837' title='bbox 1142 2721 1372 2757; x_wconf 81' lang='grc' dir='ltr'><strong>διαμαρτύρεσθαι</strong></span> <span class='ocrx_word' id='word_1_838' title='bbox 1385 2720 1419 2746; x_wconf 88' lang='grc' dir='ltr'><strong>τὰ</strong></span> <span class='ocrx_word' id='word_1_839' title='bbox 1432 2720 1496 2756; x_wconf 76' lang='grc' dir='ltr'><strong>περὶ</strong></span> <span class='ocrx_word' id='word_1_840' title='bbox 1509 2719 1559 2754; x_wconf 79' lang='grc' dir='ltr'><strong>τῆς</strong></span> <span class='ocrx_word' id='word_1_841' title='bbox 1574 2716 1724 2747; x_wconf 77' lang='grc' dir='ltr'><strong>συντελείας</strong></span> <span class='ocrx_word' id='word_1_842' title='bbox 1735 2715 1783 2741; x_wconf 77' lang='grc' dir='ltr'><strong>τοῦ</strong></span> <span class='ocrx_word' id='word_1_843' title='bbox 1798 2713 1926 2749; x_wconf 77' lang='grc' dir='ltr'><strong>παρόντος</strong></span> 
     </span>
    </p>
   </div>
   <div class='ocr_carea' id='block_1_110' title="bbox 1144 2759 1926 2802">
    <p class='ocr_par' dir='ltr' id='par_1_110' title="bbox 1144 2759 1926 2802">
     <span class='ocr_line' id='line_1_110' title="bbox 1144 2759 1926 2802; baseline -0.012 -9"><span class='ocrx_word' id='word_1_844' title='bbox 1144 2767 1201 2802; x_wconf 82' lang='grc' dir='ltr'><strong>βίου</strong></span> <span class='ocrx_word' id='word_1_845' title='bbox 1218 2768 1266 2795; x_wconf 77' lang='grc' dir='ltr'><strong>καὶ</strong></span> <span class='ocrx_word' id='word_1_846' title='bbox 1278 2767 1325 2794; x_wconf 82' lang='grc' dir='ltr'><strong>τοῦ</strong></span> <span class='ocrx_word' id='word_1_847' title='bbox 1340 2767 1412 2793; x_wconf 83' lang='grc' dir='ltr'><strong>θείου</strong></span> <span class='ocrx_word' id='word_1_848' title='bbox 1427 2765 1630 2800; x_wconf 83' lang='grc' dir='ltr'><strong>δικαιωτηρίου·</strong></span> <span class='ocrx_word' id='word_1_849' title='bbox 1649 2764 1678 2789; x_wconf 83' lang='grc' dir='ltr'><strong>ὲν</strong></span> <span class='ocrx_word' id='word_1_850' title='bbox 1692 2759 1714 2796; x_wconf 81' lang='grc' dir='ltr'>ᾧ</span> <span class='ocrx_word' id='word_1_851' title='bbox 1727 2761 1788 2789; x_wconf 77' lang='grc' dir='ltr'><strong>πᾶν</strong></span> <span class='ocrx_word' id='word_1_852' title='bbox 1801 2760 1833 2787; x_wconf 81' lang='grc' dir='ltr'><strong>τὸ</strong></span> <span class='ocrx_word' id='word_1_853' title='bbox 1845 2759 1926 2791; x_wconf 83' lang='grc' dir='ltr'><strong>ποίη-</strong></span> 
     </span>
    </p>
   </div>
   <div class='ocr_carea' id='block_1_111' title="bbox 1139 2808 1926 2850">
    <p class='ocr_par' dir='ltr' id='par_1_111' title="bbox 1139 2808 1926 2850">
     <span class='ocr_line' id='line_1_111' title="bbox 1139 2808 1926 2850; baseline -0.01 -9"><span class='ocrx_word' id='word_1_854' title='bbox 1139 2822 1182 2848; x_wconf 84' lang='grc' dir='ltr'><strong>μα</strong></span> <span class='ocrx_word' id='word_1_855' title='bbox 1197 2813 1261 2846; x_wconf 79' lang='grc' dir='ltr'><strong>ἄξει</strong></span> <span class='ocrx_word' id='word_1_856' title='bbox 1278 2815 1294 2840; x_wconf 88' lang='grc' dir='ltr'><strong>ό</strong></span> <span class='ocrx_word' id='word_1_857' title='bbox 1309 2813 1381 2850; x_wconf 81' lang='grc' dir='ltr'><strong>Θεὸς</strong></span> <span class='ocrx_word' id='word_1_858' title='bbox 1391 2814 1434 2846; x_wconf 79' lang='grc' dir='ltr'><strong>εἰς</strong></span> <span class='ocrx_word' id='word_1_859' title='bbox 1454 2812 1571 2847; x_wconf 80' lang='grc' dir='ltr'><strong>κρίσιν,</strong></span> <span class='ocrx_word' id='word_1_860' title='bbox 1588 2810 1636 2837; x_wconf 75' lang='grc' dir='ltr'><strong>καὶ</strong></span> <span class='ocrx_word' id='word_1_861' title='bbox 1651 2808 1761 2841; x_wconf 82' lang='grc' dir='ltr'><strong>πάντες</strong></span> <span class='ocrx_word' id='word_1_862' title='bbox 1777 2812 1926 2841; x_wconf 78' lang='grc' dir='ltr'><strong>παραστη-</strong></span> 
     </span>
    </p>
   </div>
   <div class='ocr_carea' id='block_1_112' title="bbox 287 2862 1099 2927">
    <p class='ocr_par' dir='ltr' id='par_1_112' title="bbox 287 2862 1099 2927">
     <span class='ocr_line' id='line_1_112' title="bbox 287 2862 1099 2927; baseline 0.018 -22"><span class='ocrx_word' id='word_1_863' title='bbox 287 2862 307 2927; x_wconf 17' lang='lat' dir='ltr'><strong>‘r</strong></span> <span class='ocrx_word' id='word_1_864' title='bbox 340 2886 363 2901; x_wconf 76' lang='grc' dir='ltr'><strong>ιι</strong></span> <span class='ocrx_word' id='word_1_865' title='bbox 379 2885 476 2927; x_wconf 53' lang='lat' dir='ltr'><strong>Matth,</strong></span> <span class='ocrx_word' id='word_1_866' title='bbox 493 2895 520 2916; x_wconf 72' lang='grc' dir='ltr'><strong>χ,</strong></span> <span class='ocrx_word' id='word_1_867' title='bbox 538 2888 581 2916; x_wconf 77' lang='lat'><strong>30.</strong></span> <span class='ocrx_word' id='word_1_868' title='bbox 621 2888 644 2905; x_wconf 64' lang='grc' dir='ltr'>ιθ</span> <span class='ocrx_word' id='word_1_869' title='bbox 664 2887 723 2916; x_wconf 79' lang='lat' dir='ltr'><strong>Act.</strong></span> <span class='ocrx_word' id='word_1_870' title='bbox 743 2896 792 2923; x_wconf 76' lang='lat' dir='ltr'><strong>xu,</strong></span> <span class='ocrx_word' id='word_1_871' title='bbox 810 2888 852 2915; x_wconf 78' lang='grc'><strong>15.</strong></span> <span class='ocrx_word' id='word_1_872' title='bbox 891 2889 913 2904; x_wconf 80' lang='grc'><strong>’⁵</strong></span> <span class='ocrx_word' id='word_1_873' title='bbox 924 2889 1019 2919; x_wconf 80' lang='lat' dir='ltr'><strong>Matth.</strong></span> <span class='ocrx_word' id='word_1_874' title='bbox 1038 2899 1099 2920; x_wconf 62' lang='lat' dir='ltr'><strong>xvn:</strong></span> 
     </span>
    </p>
   </div>
   <div class='ocr_carea' id='block_1_113' title="bbox 1150 2862 1924 2927">
    <p class='ocr_par' dir='ltr' id='par_1_113' title="bbox 1150 2881 1924 2926">
     <span class='ocr_line' id='line_1_113' title="bbox 1150 2881 1924 2926; baseline -0.016 -4"><span class='ocrx_word' id='word_1_875' title='bbox 1150 2892 1187 2922; x_wconf 57' lang='grc' dir='ltr'><strong>[ον</strong></span> <span class='ocrx_word' id='word_1_876' title='bbox 1225 2893 1248 2909; x_wconf 81' lang='grc'>³⁸</span> <span class='ocrx_word' id='word_1_877' title='bbox 1267 2892 1339 2921; x_wconf 82' lang='lat' dir='ltr'><strong>Psal.</strong></span> <span class='ocrx_word' id='word_1_878' title='bbox 1356 2891 1495 2926; x_wconf 74' lang='lat' dir='ltr'><strong>xxnn,&#39;8.</strong></span> <span class='ocrx_word' id='word_1_879' title='bbox 1535 2891 1556 2907; x_wconf 75' lang='lat'><strong>&#39;7</strong></span> <span class='ocrx_word' id='word_1_880' title='bbox 1574 2890 1653 2918; x_wconf 83' lang='lat' dir='ltr'><strong>Joan.</strong></span> <span class='ocrx_word' id='word_1_881' title='bbox 1668 2886 1758 2923; x_wconf 64' lang='lat' dir='ltr'><strong>x,!_-ll.</strong></span> <span class='ocrx_word' id='word_1_882' title='bbox 1797 2884 1820 2901; x_wconf 83' lang='lat'><strong>&quot;</strong></span> <span class='ocrx_word' id='word_1_883' title='bbox 1839 2881 1924 2911; x_wconf 80' lang='lat' dir='ltr'><strong>Eccle.</strong></span> 
     </span>
    </p>
   </div>
   <div class='ocr_carea' id='block_1_114' title="bbox 303 2920 419 2958">
    <p class='ocr_par' dir='ltr' id='par_1_114' title="bbox 303 2920 419 2958">
     <span class='ocr_line' id='line_1_114' title="bbox 303 2920 419 2958; baseline 0 -12"><span class='ocrx_word' id='word_1_884' title='bbox 303 2926 358 2958; x_wconf 70' lang='grc' dir='ltr'><strong>ιιι,</strong></span> <span class='ocrx_word' id='word_1_885' title='bbox 376 2920 419 2947; x_wconf 80' lang='grc'><strong>14.</strong></span> 
     </span>
    </p>
   </div>
  </div>
