2064 3212
166 171 218 199 455

721 163 968 195 COMMENTARIA
988 162 1022 189 IN
1040 160 1214 188 ussuros.
1241 138 1303 185 Μ

1731 153 1778 180 53-1

165 230 225 258 τῶν
248 229 424 263 κατατρῖψαι
441 227 518 262 ᾅδην
538 226 572 253 ἐκ
588 226 814 259 κατοικητηρίου
838 223 942 251 αὑτῶνι

999 229 1032 248 ea:
1055 220 1207 247 habitacula
1221 225 1321 245 eorum.
1338 215 1405 242 Nam
1421 215 1563 242 character
1577 220 1657 248 quem
1678 212 1728 240 sibi
1743 214 1782 239 vt-

171 277 200 303 ’0
217 276 270 310 γὰρ
285 274 429 310 χαρακτὴρ
445 274 533 300 αὐτῶν
549 274 577 300 ὃν
593 274 698 304 ἑαυτοῖς
712 272 894 303 ὲξετύπωσαν,
915 271 945 297 τὸ

167 322 215 357 μὲν
236 320 296 347 κατ’
316 319 408 346 εἰκόνα
426 320 472 346 καὶ
494 319 624 355 ὁμοίωσιν
647 318 694 345 τοῦ
707 317 774 344 Θεοῦ
797 317 825 350 ἐξ
856 315 945 342 αὐτῶν

166 367 357 402 ἀφανίσαντες,
377 366 434 401 εἴδη
451 366 478 392 δὲ
495 365 541 392 καὶ
559 365 664 401 μορφὰς
683 364 787 398 ἀλόγων
804 362 880 395 ζώων
899 363 945 389 καὶ

165 411 286 450 ἑρπετῶν
299 412 342 438 διὰ
355 412 462 446 τρόπων
475 412 622 447 μοχθηρίας
632 412 664 446 τῇ
677 410 748 445 ψυχῇ
763 409 943 444 περιθέμενοι,

165 458 392 494 κατατριϐήσεται
407 458 434 483 ἐν
450 457 489 492 τῷ
503 457 703 493 χατοικητηρίῳ
717 455 763 482 τοῦ
779 456 851 491 ᾅδου.
867 455 944 481 Κατὰ

165 504 193 530 δὲ
209 503 366 538 Σύμμαχονο
392 503 427 529 Τὸ
447 502 480 528 δὲ
502 502 644 536 κρατερὸν
664 500 763 528 αὐτῶν
783 499 944 526 παλαιώσει

165 549 239 583 ᾅδης
258 549 317 576 ἀπὸ
333 549 388 582 τῆς
407 547 550 580 οἰκήσεως
567 547 620 581 τῆς
642 547 762 582 ἐντίμου
785 546 886 573 αὑτοῦ.
912 547 944 571 ’⁷0

165 595 220 630 γὰρ
234 595 326 628 ἔδοξαν
343 596 491 630 περιποιεῖν
508 595 612 625 ἑαυτοῖς
629 593 757 629 κραταιὸν
772 592 815 619 διὰ
831 593 880 626 τῆς
897 593 945 627 ἐμ-

165 638 278 674 φυείσης
292 639 320 665 ὲν
331 639 421 669 αὐτοῖς
439 638 546 669 κακίας,
559 637 636 664 τοῦτο
650 637 798 664 παλαιώσει
810 638 823 664 6
840 637 905 672 ᾅδης
917 638 944 662 ἐν

164 685 223 715 ταῖς
244 684 365 716 οἰκήσεσι
385 685 442 714 ταῖς
461 683 531 718 παρ’
547 682 631 717 αὐτῷ.
650 683 705 709 Καὶ
727 682 806 709 τοῦτο
826 682 875 717 μὲν
891 683 944 708 τῶν

164 729 270 756 ἀσεὸὦν
289 729 318 755 τὺ
333 729 418 760 τέλος.
435 730 465 756 Οἱ
483 729 509 755 δὲ
525 728 645 760 εὐσεϐεῖς
659 728 718 756 κατ’
739 729 827 755 ἐκεῖνο
848 728 943 764 καιροῦ

164 775 271 810 πρωῖας
295 775 455 808 ἀξιωθέντες
476 776 522 802 καὶ
539 776 599 801 νέου
623 775 721 809 φωτὸς,
745 775 876 809 ἀνατολῆς
895 775 944 810 τῆς

162 821 218 847 τῶν
239 820 345 848 ἀτεεῶν
367 821 620 856 κατακυριεύσουσι·
640 821 656 856 ἢ
674 820 745 848 κατὰ
758 821 803 847 τὸν
819 821 942 846 ’Λκὺλαν-

163 865 208 891 ἐνὶ
219 865 433 899 κρατήσουσιν,
447 866 462 901 ἢ
473 865 543 892 κατὰ
552 865 596 892 τὸν
610 865 766 900 Σύμμαχον·
775 864 942 896 ύποτάξου-

999 268 1146 298 ﬁnxerunt,
1161 265 1302 293 eliminata
1313 271 1345 290 ex
1360 262 1457 297 seipsis
1472 262 1518 289 Dei
1531 261 1650 296 imagine
1665 267 1696 287 ac
1711 260 1784 287 simi-

998 313 1124 345 litudine,
1148 316 1230 347 atque
1252 308 1480 337 irrationabilium
1504 307 1672 338 animalium,
1695 305 1781 340 repti-

998 359 1119 393 liumque
1133 357 1229 384 formis
1244 364 1292 391 per
1307 355 1397 381 varios
1420 353 1603 387 improbitatis
1615 351 1710 378 modos
1724 350 1783 376 ani-

998 413 1049 432 ma:
1065 412 1121 432 suae
1146 403 1250 432 ascitis.
1275 402 1301 428 in
1325 399 1481 427 habitacula
1496 397 1594 425 inferni
1613 398 1780 423 conteretur.

1000 451 1155 478 Secundum
1176 447 1369 484 Symmachum
1389 448 1478 472 autem
1489 465 1496 477 ,
1509 443 1588 470 robur
1608 450 1697 470 eorum
1711 441 1781 468 anti-

998 496 1087 532 quubit
1114 495 1232 530 infernus
1257 502 1273 519 ιι
1299 493 1413 528 pretioso
1444 489 1595 516 habitacula
1620 488 1687 522 ejus.
1714 487 1781 514 Nam

998 543 1081 570 robur
1093 541 1170 573 illud,
1180 539 1252 576 quod
1266 539 1318 566 sibi
1333 538 1367 565 ob
1378 537 1486 564 insitam
1497 535 1627 562 malitiam
1642 534 1782 568 acquirere

997 589 1170 619 videbantur,
1200 585 1351 620 antiquabit
1372 583 1496 610 infernus
1520 584 1548 608 in
1571 579 1782 607 habitationibus

997 634 1096 662 ibidem
1112 633 1220 668 positis.
1241 631 1272 657 lit
1294 630 1338 657 hic
1360 628 1471 664 quidem
1493 627 1638 661 impiorum
1657 625 1728 652 ﬁnis.
1741 625 1782 651 Pii

998 685 1087 707 autem
1107 680 1152 707 illo
1172 683 1303 711 tempore.
1321 674 1453 702 matutina
1472 679 1498 700 ct
1513 679 1582 699 nova
1603 671 1663 698 luce
1678 670 1781 700 donati,

998 726 1097 753 orienti
1120 725 1264 760 impiorum
1288 721 1520 751 dominabuntur;
1543 719 1610 751 sive,
1632 716 1782 745 secundum

997 772 1133 807 Aquilam,
1144 770 1309 806 imperabunt
1319 777 1327 800 ,'
1338 765 1558 799 sive,secundnm
1576 762 1782 800 Symmachum,

997 816 1134 851 subiicient
1152 816 1212 844 sibi.
1232 814 1299 841 Nam
1320 821 1381 840 cum
1398 811 1474 847 impii
1498 810 1542 837 hic
1560 809 1706 845 proborum
1724 809 1782 834 ani-

997 870 1056 890 mas
1069 861 1263 896 depresserint.
1282 860 1337 886 illic
1353 859 1469 885 animam
1481 857 1587 892 piorum
1599 853 1736 885 liberabit.
1753 858 1782 879 ut

164 919 216 938 σιν
231 910 341 944 αὐτοῖς.
361 910 420 938 Τῶν
436 911 489 947 γὰρ
504 911 620 938 ἐνταῦθα
643 911 867 937 ταπεινωσάντων
883 911 942 942 τοὺς

997 917 1030 936 ne
1044 916 1096 935 una
1112 915 1174 934 eum
1194 906 1284 941 impiis
1300 905 1484 935 abducantur;
1499 902 1546 929 sed
1561 901 1588 928 in
1604 901 1664 928 aliis
1675 900 1745 927 locis
1755 903 1781 925 et

163 956 252 989 εὖθεῖς
267 957 382 989 ἀσεϐῶν,
400 958 458 984 ἐκεῖ
482 957 591 992 ῥύσεται
608 958 657 992 τῆν
672 957 760 992 ψυχὴν
780 957 849 992 πρὸς
863 957 894 982 τὺ
909 957 946 992 μὴ

164 1002 369 1038 συναπαχθῆναι
389 1004 445 1034 τοῖς
465 1002 601 1035 ἀσεῦέσιν,
623 1002 679 1030 ἀλλ’
701 1003 730 1028 ὲν
748 1002 851 1037 ἑτέροις
876 1000 949 1030 εἶναι

162 1047 272 1083 χωρίοις
285 1056 315 1074 τε
332 1048 379 1074 καὶ
395 1049 539 1083 ποιμνίοις.

199 1093 265 1120 ὀτι
278 1093 389 1128 ἡψυχὴ
404 1093 539 1120 αὐτοῦὲν
550 1093 587 1127 τῇ
600 1093 658 1128 ζωῇ
672 1094 764 1121 αὐτοῦ
781 1093 945 1128 εὐλογηθή-

162 1138 519 1172 σεται,ὲξομολοπηὶιτετιι1
535 1146 583 1166 σοι
603 1139 676 1166 ὅταν
688 1139 839 1172 ἀγαθύνῃς
855 1137 942 1170 αὐτῷ.

168 1183 198 1209 '0
209 1182 258 1218 μὲν
276 1182 380 1214 δίκαιος
391 1182 495 1217 εὐλογεῖ
509 1184 553 1209 τὸν
568 1184 668 1219 Κύριον
684 1184 712 1210 ὲν
727 1184 806 1210 παντὶ
822 1183 918 1219 καιρῷ·
931 1185 945 1210 6

161 1225 191 1252 δὲ
206 1225 365 1262 ἁμαρτωλὸς
386 1227 564 1262 τοτηνικαῦτα
577 1227 736 1263 ἐξομολογου
741 1228 830 1263 μένος,
841 1228 945 1262 εὐλογεί

161 1270 208 1298 τὸν
219 1271 284 1298 Θεὸν
292 1272 409 1307 ὁπηνίκα
423 1272 455 1299 ἂν
474 1273 573 1307 ἀγαθόν
587 1282 613 1300 τι
628 1273 702 1309 αὑτῷ
715 1275 746 1300 ὲκ
760 1274 826 1300 Θεοῦ
842 1275 940 1309 ἀποϐῇ.

353 1328 498 1355 ΨΑΛΜΟΣ
517 1329 560 1354 ΤΩ
577 1329 664 1355 ΑΣΑΦ
683 1329 749 1356 ΜΘ’.

196 1375 228 1402 οι
248 1374 480 1410 ἐπιγεγραμμένοι
490 1374 536 1400 τοῦ
558 1374 642 1409 ’Δσάφ
671 1375 723 1401 εἰσι
743 1375 791 1410 μὲν
804 1375 829 1402 οἱ
846 1375 944 1407 πάντες

160 1418 206 1447 τὸν
223 1420 337 1455 ἀριθμὸν
355 1420 395 1446 t6"
412 1419 509 1454 ἐφεξῆς
524 1420 551 1446 δὲ
563 1421 587 1447 οἱ
602 1424 635 1447 ια’
649 1420 792 1456 ἀρχόμενοι
814 1421 867 1448 ἀπὸ
896 1421 943 1447 τοῦ

160 1466 209 1493 ιδ’·
228 1466 257 1499 ἐξ
276 1463 312 1493 ὧν
325 1466 342 1492 ο
360 1465 452 1501 παρὼν
470 1466 630 1502 ἀπεσπάσθη
650 1466 824 1502 ψαλμὺς,οὐχ
839 1466 942 1498 ἁπλῶς

160 1511 224 1539 ἀλλ’
243 1511 359 1547 ἐπείπερ
381 1513 395 1538 6
416 1511 469 1547 πρὸ
488 1511 582 1537 τούτου
611 1511 717 1547 enim;
741 1511 805 1548 περὶ
827 1512 943 1548 κρίσεως

159 1557 206 1584 τοῦ
218 1557 284 1584 Θεοῦ
299 1557 473 1590 διεστέλλετο,
485 1558 603 1589 τοιοῦτος
615 1558 646 1586 δὲ
659 1559 706 1584 καὶ
719 1559 733 1584 6
750 1557 855 1594 παρὼν,
870 1559 942 1584 εἰκό-
957 1573 978 1601 C

159 1611 213 1635 τως
228 1603 297 1630 κατὰ
313 1603 392 1630 τοῦτο
411 1603 571 1631 ἀκολουθίαν
592 1603 708 1636 ἐδέξατο.
738 1603 817 1630 Ἀλλὰ
833 1605 879 1630 καὶ
894 1604 943 1639 τὴν

159 1649 203 1676 διὰ
216 1650 352 1682 Μωῡσέως
371 1649 528 1685 ἀνατρέπων
542 1650 709 1685 νομοθεσίαν,
719 1650 883 1686 παραδίδωσι
895 1651 943 1685 τῆς

159 1696 256 1730 καινῆς
278 1696 415 1732 Διαθήκης
439 1696 484 1723 τὸν
510 1697 619 1728 δοθέντα
646 1698 701 1728 τοῖς
724 1696 812 1723 ἔθνεσι
832 1698 941 1733 τρόπον.

159 1740 215 1768 Καὶ
228 1741 307 1767 τοῦτο
323 1742 351 1768 δὲ
373 1740 407 1777 ἦν
424 1743 453 1768 ἐν
470 1744 524 1774 τοῖς
541 1742 594 1768 τῶν
615 1742 679 1775 υἱῶν
711 1743 782 1778 Κορὲ
811 1743 939 1778 ψαλμοῖς-

157 1785 256 1818 οἵτινες
268 1787 313 1812 καὶ
328 1787 404 1813 αὐτοὶ
417 1788 577 1823 τυγχάνουσι
592 1788 640 1823 μὲν
654 1788 696 1815 ιϐ’.
719 1788 784 1814 Ἀλλ’
798 1793 822 1823 η’
839 1790 862 1815 οἱ
878 1798 943 1824 προ-

158 1831 285 1864 λαδόντες
295 1833 392 1868 ἑφεξῆς
405 1834 604 1869 κατετάγησαν,
615 1831 652 1861 ὧν
676 1835 898 1867 ἀποσπασθέντες
918 1837 942 1862 ot

159 1876 298 1909 λείποντες
320 1878 460 1913 τέσσαρες,
484 1879 552 1914 μετὰ
567 1879 628 1911 τοὺς
649 1879 696 1905 τοῦ
715 1880 800 1914 Ἀσὰφ
820 1880 942 1916 ψαλμοὺς

160 1923 356 1958 κατετάγησαν·
373 1924 437 1957 ἴσως
447 1925 507 1951 ἐπεὶ
522 1926 546 1951 οὶ
561 1925 608 1951 τοῦ
635 1926 713 1961 Ασὰφ
730 1926 839 1959 πάντες,
852 1926 889 1958 ὡς
905 1927 942 1952 εἰ-

158 1969 230 2000 πεῖν,
253 1969 300 1996 τοῦ
324 1969 430 2005 Ἰσραὴλ
446 1970 588 2002 ἐθέσπιζον
604 1971 653 2006 τῆν
667 1971 801 2007 ἀποϐολὴν
812 1993 818 2005 ,
834 1972 881 1998 καὶ
892 1972 942 2007 τὴν

159 2015 200 2046 εὶς
213 2015 300 2042 πάντα
314 2015 348 2042 τὰ
365 2016 426 2051 ἔθνη
447 2016 607 2051 διασπορὰν,
632 2017 691 2052 μεθ’
708 2017 742 2052 ἣν
756 2018 773 2053 ἡ
795 2017 874 2052 χάρις
894 2017 941 2044 τοῦ

159 2060 228 2087 Θεοῦ
247 2060 281 2087 τὰ
302 2061 364 2097 ἔθνη
388 2062 473 2088 πάντα
490 2061 629 2096 μετῆλθεν·
653 2061 713 2088 ὅθεν
735 2063 759 2088 οι
779 2062 866 2088 λοιποὶ
887 2062 941 2089 τῶν

158 2107 225 2134 υίῶν
242 2109 313 2143 Κορὲ
326 2108 427 2143 ψαλμοὶ
444 2107 603 2141 διεδέξαντο,
619 2107 668 2144 τὴν
684 2108 738 2134 τῶν
753 2108 837 2135 ἐθνῶν
854 2109 940 2135 ἁπάν-

156 2160 212 2179 των
227 2152 454 2188 προαγορεύοντες
463 2153 568 2188 κλῆσιν.

194 2197 266 2230 Θεὸς
276 2198 350 2225 θεῶν
356 2199 462 2232 Κύριος
469 2198 605 2233 ὲλιίλησε,
614 2198 662 2225 καὶ
671 2199 798 2226 ἐκάλεσε
807 2199 863 2233 τὴν
873 2199 944 2234 γῆνκ

997 954 1113 982 ovilibus
1124 953 1232 988 degant.

1030 1087 1114 1114 Vens.
1132 1087 1175 1113 19.
1194 1086 1263 1120 Quia
1281 1086 1372 1112 anima
1385 1085 1441 1117 eius
1459 1084 1485 1110 in
1506 1083 1559 1110 vita
1578 1083 1659 1116 ipsius
1677 1080 1780 1108 benedi-

995 1139 1078 1166 cetur,
1099 1132 1267 1167 conﬁtebitur
1289 1131 1336 1158 tibi
1362 1139 1420 1158 cum
1440 1130 1501 1157 bene
1521 1129 1612 1164 feceris
1630 1129 1663 1155 ei.
1686 1127 1780 1154 Justus

995 1180 1068 1206 omni
1085 1183 1204 1213 tempore
1229 1177 1363 1205 benedicit
1382 1177 1456 1209 Deo;
1475 1179 1601 1211 peccator
1614 1179 1702 1200 autem
1716 1179 1781 1200 tunc,

995 1226 1129 1253 conﬁtens
1150 1226 1238 1252 solum
1253 1223 1389 1251 benedicit
1405 1223 1468 1254 Deo,
1487 1230 1548 1249 cum
1568 1221 1632 1256 quid
1650 1221 1711 1247 boni
1730 1220 1781 1248 sibi

995 1279 1009 1299 a
1021 1271 1077 1299 Deo
1097 1272 1248 1298 obvenerit.

1153 1329 1178 1354 1.
1192 1325 1352 1354 PSALMUS
1370 1325 1483 1352 ASAPH
1505 1324 1587 1351 XLlX

1030 1374 1080 1407 Qui
1094 1373 1184 1409 Asaph
1208 1372 1333 1408 insoripti
1349 1376 1424 1404 sunt,
1439 1379 1534 1398 omnes
1549 1378 1662 1397 numero
1679 1369 1781 1396 duode~

994 1420 1047 1447 cim
1064 1424 1184 1448 exstant.
1207 1419 1236 1446 in
1252 1418 1429 1454 sequentibus
1444 1424 1509 1444 vero
1524 1417 1569 1443 alii
1590 1416 1716 1443 undecim
1732 1415 1780 1441 ha-

994 1467 1102 1498 bentur,
1117 1466 1163 1501 qui
1184 1473 1198 1492 a
1214 1473 1287 1492 Lxxu
1315 1464 1451 1499 incipiunt
1467 1474 1473 1491 :
1490 1472 1521 1491 ex
1544 1463 1643 1499 quibus
1659 1470 1780 1497 praesens

994 1513 1115 1548 psalmus
1130 1511 1241 1539 avulsus
1253 1514 1305 1542 est.
1317 1518 1367 1538 nec
1379 1510 1437 1537 sine
1451 1517 1544 1536 causa.
1564 1508 1616 1536 Sed
1631 1508 1694 1543 quia
1712 1515 1779 1542 prae-

995 1558 1093 1586 cedens
1108 1558 1231 1592 psalmus
1245 1557 1278 1584 de
1290 1557 1336 1583 Dei
1352 1555 1458 1591 judicio
1473 1554 1651 1583 edisserebat.
1664 1561 1695 1579 ac
1711 1560 1779 1587 prae-

997 1612 1061 1633 sens
1075 1605 1173 1632 similis
1192 1608 1234 1631 est
1251 1603 1419 1638 argumenti;
1433 1601 1530 1628 merito
1546 1603 1607 1635 post
1623 1599 1698 1626 illum
1715 1606 1780 1625 con-

997 1655 1142 1686 sequenter
1155 1651 1260 1684 positus
1272 1653 1324 1676 est.
1339 1647 1483 1674 Enimvero
1493 1653 1586 1673 eversa
1595 1645 1696 1680 Moysis
1710 1645 1778 1679 lege,

996 1697 1057 1724 novi
1070 1695 1232 1724 Testamenti
1247 1693 1356 1721 modum
1375 1693 1500 1728 gentibus
1521 1691 1650 1719 traditum
1665 1690 1779 1729 profert.

996 1742 1083 1777 Atque
1110 1741 1227 1776 idipsum
1252 1740 1342 1768 evenit
1362 1739 1389 1766 in
1413 1738 1526 1774 psalmis
1550 1737 1667 1764 ﬁliorum
1689 1737 1777 1764 Core:

995 1788 1040 1823 qui
1065 1793 1092 1814 et
1117 1787 1167 1822 ipsi
1190 1793 1305 1814 numero
1329 1785 1484 1813 duodecim.
1512 1783 1564 1811 Sed
1589 1788 1650 1810 octo
1674 1783 1779 1818 priores

995 1834 1124 1868 deinceps
1144 1833 1225 1869 positi
1242 1836 1316 1863 sunt,
1334 1839 1348 1858 a
1364 1832 1464 1866 quibus
1482 1831 1568 1858 avulsi
1585 1834 1703 1865 quatuor
1717 1830 1779 1857 reli-

994 1880 1052 1915 qui,
1067 1884 1127 1915 post
1139 1879 1260 1914 psalmos
1275 1878 1365 1912 Asaph
1381 1882 1445 1905 sunt
1460 1877 1603 1904 constituti
1618 1876 1704 1904 :l‘orte
1715 1876 1778 1909 quia

994 1926 1096 1960 Asaplri
1113 1925 1169 1951 fere
1184 1932 1290 1955 omnes,
1306 1923 1416 1950 lsraelis
1437 1923 1615 1957 abjeclionem
1631 1925 1657 1949 et
1677 1921 1703 1948 in
1721 1929 1777 1947 om-

994 1980 1042 1999 nes
1055 1977 1148 2006 genles
1164 1970 1359 2004 dispersioncm
1372 1969 1599 1998 vaticinabantur,
1619 1973 1679 2002 post
1697 1975 1777 2002 quam

995 2017 1041 2045 Dei
1056 2017 1143 2052 gratia
1158 2023 1255 2043 omnes
1273 2021 1368 2050 gentes
1387 2015 1473 2048 adiit;
1491 2021 1576 2049 quare
1597 2014 1696 2049 reliqui
1715 2013 1777 2041 ﬁlio

995 2071 1052 2090 rum
1069 2062 1138 2090 Core
1152 2061 1247 2097 psalmi
1262 2061 1324 2089 illos
1337 2066 1514 2096 exceperunt,
1527 2060 1573 2095 qui
1589 2060 1777 2087 universarum

994 2110 1115 2145 gentium
1131 2109 1301 2136 vocationem
1319 2108 1512 2142 praenuntiant.

1029 2199 1110 2226 Vens.
1122 2200 1149 2226 2.
1163 2199 1232 2226 Deus
1247 2199 1354 2226 deorum
1373 2199 1497 2226 Dominus
1514 2199 1615 2226 locutus
1634 2203 1683 2231 est,
1699 2204 1723 2225 et
1737 2207 1775 2225 ιιο-

156 2245 189 2270 οἱ
202 2243 290 2271 λοιποὶ
306 2244 332 2271 δὲ
349 2247 422 2280 τρεῖς
434 2247 617 2281 ἡρμήνευσαν·
627 2245 762 2280 ἾσχιῬὸς
771 2246 841 2278 θεὸς
851 2245 942 2278 λαλή-

999 2247 1066 2273 cavit
1090 2251 1197 2274 terram.
1216 2246 1323 2282 Reliqui
1350 2252 1404 2274 tres
1432 2248 1472 2274 sic
1498 2246 1666 2279 interpretati
1693 2249 1776 2272 sunt:

156 2300 215 2324 σας
228 2291 356 2319 ἐκάλεσε
378 2292 434 2326 τὴν
456 2292 524 2328 γῆν.
552 2294 582 2320 Οἱ
602 2293 629 2320 δὲ
649 2294 850 2328 Ἐὁδομήκοντα
865 2294 942 2326 θεοὺς

156 2338 291 2364 ἐκάλεσαν
298 2338 362 2370 τούς
375 2347 403 2365 τε
414 2339 547 2375 ἄρχοντας
558 2339 605 2369 καὶ
617 2339 722 2376 κριτὰς,
735 2340 803 2376 ὅπερ
814 2340 878 2368 ἴδιον
892 2341 941 2376 μό-

156 2392 203 2409 νου
225 2383 302 2410 Θεοῦ.
328 2384 479 2420 Τοιγαροῦν
500 2387 528 2412 ὲν
544 2389 589 2412 πα⁷
610 2385 708 2421 ψαλμῷ
731 2387 886 2422 προφήσας·
908 2387 940 2413 '0

157 2429 229 2462 Θεός
241 2429 315 2463 ἔστη
329 2430 364 2456 ἐν
378 2431 537 2466 συναγωγῇ
554 2431 637 2464 θεῶν,
657 2432 691 2458 ὲτν
709 2431 793 2466 μέσῳ
807 2431 840 2458 δὲ
853 2433 939 2466 θεοὺς

155 2474 298 2509 attulre:
308 2496 315 2508 ,
336 2477 474 2512 ἐπήγαγεν
484 2485 491 2491 ·
514 2477 587 2510 Ἕως
596 2478 668 2504 πότε
681 2472 796 2512 κρίνετε
806 2478 923 2506 ἀδικίαν
929 2488 939 2511 ;

154 2519 234 2547 οὕτω
251 2521 297 2547 καὶ
309 2522 324 2548 6
338 2521 420 2557 νόμος
430 2522 594 2558 διαγορεύει·
613 2523 704 2557 Θεοὺς
723 2525 758 2551 οὺ
773 2525 939 2560 κακολογή-

154 2573 230 2600 σεις,
242 2567 291 2594 καὶ
302 2567 448 2602 ἄρχοντας
456 2569 509 2596 τοῦ
519 2569 596 2596 λαοῦ
609 2578 665 2596 σου
677 2570 732 2596 οὐκ
743 2569 820 2603 ἐρεῖς
829 2570 937 2602 κακῶς.

156 2612 282 2647 Εὐλόγως
297 2613 319 2639 δ’
337 2614 369 2641 ἂν
385 2613 507 2650 κληθεῖεν
521 2616 545 2642 οἱ
562 2616 592 2642 τὸ
616 2617 675 2642 κατ’
695 2615 786 2642 εἰκόνα
809 2615 939 2649 φυλάξαν-

154 2666 201 2690 τες
213 2667 220 2674 ·
234 2660 249 2685 6
262 2659 363 2686 τούτων
383 2659 449 2692 Θεὸς
474 2662 563 2688 πᾶσαν
591 2661 699 2696 συνάγει
719 2661 767 2696 τὴν
779 2661 938 2696 οἰκουμένην

155 2705 196 2736 εὶς
207 2705 238 2731 τὸ
254 2706 393 2741 κριτήριον
403 2714 409 2721 -
423 2705 503 2738 αὐτὸς
515 2707 551 2734 ὢν
563 2709 577 2733 6
591 2708 690 2744 Κύριος
704 2709 717 2734 ὁ
737 2707 785 2734 τοῦ
814 2707 880 2734 Θεοῦ
889 2707 939 2734 Λό-

155 2758 202 2783 γος
218 2751 432 2787 ὲνανθρωπήσας
455 2753 568 2789 ὲλάλησε
583 2753 626 2780 διὰ
642 2753 687 2780 τοῦ
704 2752 882 2787 Εὐαγγελίου,
892 2753 938 2779 καὶ

156 2796 259 2828 πάντας
273 2797 321 2832 μὲν
334 2797 420 2830 καλεῖ,
432 2799 461 2825 οὐ
475 2799 573 2831 πάντες
588 2800 743 2835 ὑπήκουσαν
765 2799 804 2834 τῷ
816 2799 884 2833 Εὑα·,
891 2807 938 2832 γε-

499 2877 520 2892 ³³
541 2876 606 2903 ibid.
623 2877 648 2902 ‘2.

192 2875 215 2891 ³³
231 2876 303 2904 Psat.
324 2885 415 2907 Lxxxr.
436 2877 458 2902 Ι.
499 2877 520 2892 ³³
541 2876 606 2903 ibid.
623 2877 648 2902 ‘2.
688 2877 709 2892 ³⁵
731 2876 813 2903 Exod.
833 2884 897 2907 xxu,
916 2875 960 2903 ‘38.

996 2291 1085 2319 Fortis
1098 2292 1166 2319 Deus
1179 2293 1283 2328 loquens
1295 2294 1392 2320 vacavit
1401 2298 1507 2320 terram.
1522 2291 1592 2319 LXX
1607 2296 1695 2318 autem
1710 2291 1776 2318 deos

994 2343 1126 2365 vocarunt
1142 2339 1279 2374 principes
1291 2347 1322 2366 ac
1340 2338 1458 2373 judices,
1479 2338 1550 2374 quod
1572 2337 1711 2372 proprium
1728 2343 1774 2362 s0-

991 2385 1044 2412 lius
1064 2384 1111 2412 Dei
1130 2389 1182 2412 est.
1200 2384 1340 2420 Siquidem
1358 2385 1385 2411 in
1407 2392 1489 2411 Lxxxl
1507 2384 1611 2418 psalmo
1632 2386 1773 2418 postquam

992 2431 1109 2462 dixerat.
1129 2431 1199 2458 Deus
1211 2431 1283 2457 stetit
1304 2431 1330 2457 in
1348 2438 1482 2465 synagoga
1503 2429 1620 2460 deorum,
1643 2429 1670 2454 in
1690 2428 1774 2455 medio

994 2482 1079 2504 autem
1096 2477 1157 2504 deos
1178 2476 1356 2510 diiudicat";
1381 2476 1534 2510 subjunxit,
1554 2474 1689 2510 Usquequo
1700 2474 1773 2508 judi-

992 2524 1058 2550 catis
1079 2522 1291 2558 iniquitatem"?
1307 2521 1353 2549 Sic
1366 2527 1392 2549 et
1411 2523 1453 2550 lex
1477 2521 1599 2556 prmeipit
1619 2529 1624 2546 :
1640 2520 1699 2548 Diis
1724 2529 1773 2547 non

991 2568 1141 2599 maledicas,
1158 2573 1182 2595 et
1202 2567 1362 2602 principibus
1381 2567 1473 2603 populi
1490 2568 1528 2594 tui
1546 2575 1596 2594 non
1612 2566 1771 2594 conviciaba-

991 2615 1029 2642 ris
1037 2615 1070 2642 ³⁵.
1087 2614 1151 2642 Jure
1174 2616 1214 2643 sic
1236 2619 1366 2642 vocentur
1377 2614 1424 2649 qui
1452 2614 1595 2649 imaginem
1615 2613 1688 2640 illam
1707 2613 1733 2639 in
1747 2622 1771 2640 ς(

991 2661 1169 2692 servaverint.
1180 2668 1295 2696 quorum
1309 2660 1381 2687 Deus
1396 2665 1481 2687 totum
1496 2660 1588 2686 orbem
1600 2659 1634 2686 ad
1642 2658 1773 2693 judicium

992 2713 1087 2734 evocat
1103 2716 1109 2733 :
1128 2708 1240 2742 ipseque
1263 2707 1395 2734 Dominus
1414 2706 1461 2733 Dei
1472 2707 1598 2737 Verbum,
1618 2706 1773 2733 incarnatus

992 2761 1039 2788 per
1051 2753 1226 2787 Evangelium
1249 2753 1357 2781 locutus
1375 2756 1416 2781 est
1434 2757 1479 2780 :et
1491 2760 1587 2780 omnes
1602 2751 1708 2786 quidem
1728 2759 1771 2778 vo-

993 2804 1046 2831 cat,
1069 2799 1115 2827 sed
1132 2807 1185 2826 non
1202 2806 1296 2826 omnes
1321 2799 1443 2826 obsecuti
1459 2802 1522 2826 sunt
1549 2797 1701 2832 Evangelia.
1722 2796 1772 2823 Sed
