2064 3212
186 138 238 168 ιιι

745 137 996 167 COMMENTARIA
1016 138 1048 166 IN
1068 139 1236 170 PSALMOS.

1296 122 1319 158 ί
1340 111 1350 151 ι
1753 152 1806 179 m

184 197 309 233 νωμένης
323 198 369 224 καὶ
393 196 624 232 συντετριμμένης
649 196 771 232 καρδίας.
791 196 845 223 Καὶ
873 195 959 222 ἐπειδῦ

1017 195 1161 226 humiliati.
1186 198 1254 232 Quia
1272 207 1337 228 vero
1349 203 1502 231 secundum
1521 204 1726 241 Symmachum,
1744 217 1806 236 con-

186 244 346 279 κατεαγυῐιι
357 243 480 278 γέγονεν
494 244 513 277 ὴ
526 243 632 277 καρδία
643 252 714 277 μου,
728 241 799 270 κατὰ
811 243 967 277 Σύμμαχον,

186 292 297 323 εἰκότως
314 291 435 326 εὐξάμην
455 290 569 325 καρδίαν
582 289 704 326 καθαρὰν
733 290 761 316 ὲν
778 289 839 325 ἐμοὶ
859 290 873 315 ὀ
902 288 968 320 Θεὸς

185 338 245 366 ἀντὶ
258 338 307 373 τῆς
321 338 499 371 κατεαγυίας·
515 336 560 363 καὶ
582 336 641 363 ἀντὶ
668 335 718 362 τοῦ
740 335 966 370 συντετριμμένου

186 383 348 419 πνεύματος,
378 383 447 410 κατὰ
469 382 633 417 Σύμμαχον,
654 381 758 416 ἔλεγον·
779 381 834 408 Καὶ
850 381 967 415 πνεῦμα

185 430 271 463 εὑθὲς
281 430 454 464 ὲγκιιίνιοιον
461 429 495 455 ἐν
508 427 569 460 τοῖς
579 427 716 462 ἑγκάτοις
722 436 791 462 μου.
801 428 928 463 Συντετρι
933 436 967 462 μ-

187 478 266 514 μένον
281 477 310 503 δὲ
325 476 431 511 πνεῦμα
444 475 473 501 τὸ
483 476 516 501 δι’
533 475 750 510 ὲξομολογὴσεως
762 474 842 501 ἑαυτὸ
862 474 968 509 συντρί-

186 525 230 550 6ον
240 522 384 558 τυγχάνει·
398 521 508 556 τοιαύτη
522 521 567 547 καὶ
580 522 595 555 ἡ
619 520 662 546 διὶι
680 520 728 554 τῆς
745 520 889 554 μετανοίας
903 520 966 546 ἑαυ-

183 570 232 605 τὴν
247 568 410 595 ταπεινοῦσα
421 567 528 603 καρδία.
546 566 679 601 Τοιαύτην
690 565 744 601 γὰρ
754 565 836 601 αὐτὴν
851 565 966 600 γενομέ-

183 623 232 648 νην
248 613 316 650 μετὰ
330 613 359 639 τὸ
370 613 419 648 τῆς
431 612 567 648 ἁμαρτίας
581 611 679 647 οἴδημα
694 612 754 638 ἀντὶ
771 611 864 643 θυσίας
881 620 966 647 προσ-

183 660 286 694 δέξεται
304 661 317 686 ὁ
333 659 409 690 Θεός.

220 706 288 732 Τότε
304 704 480 738 εὐδοκήσεις
498 704 608 731 θυσίαν
626 704 820 737 δικαιοσύνης
830 724 837 735 ,
852 703 966 738 ἀναφο-

178 751 237 785 ρὰν
248 751 297 777 καὶ
312 750 551 785 ὁλοκαυτώματα.
575 750 654 777 Ἀλλὰ
669 750 736 786 πρὸς
754 749 840 777 ταῦτα
854 750 966 785 φήσειεν

182 797 214 824 ἄν
227 805 278 827 τις,
291 796 348 827 πῶς
364 796 464 832 ἀρτίως
481 795 581 827 εἰπών,
604 796 673 827 Ὅτι,
691 797 717 822 εὶ
739 796 892 830 ἠθέλησας
914 798 966 824 θυ-

182 843 263 873 σίαν,
278 843 375 869 ἔδωκα
390 843 437 876 ἂν,
449 841 494 868 νῦν
511 843 549 874 ὼς
565 842 706 877 μέλλοντος
727 842 820 869 Θυσίαν
839 842 964 878 δέχεσθαι

1021 242 1135 277 fractum
1149 244 1200 279 fuit
1216 254 1261 272 cor
1278 255 1378 281 meum,
1403 251 1501 278 merito
1528 257 1656 286 precatus
1681 262 1753 288 sum,
1777 260 1806 283 ut

1020 297 1070 324 pro
1096 291 1247 325 confracta,
1271 295 1402 322 mundum
1420 304 1468 325 cor
1484 299 1596 327 habeam
1612 309 1620 335 ;
1636 306 1663 329 et
1676 310 1725 337 pro
1740 311 1805 330 con-

1021 336 1085 363 trito
1108 337 1216 371 spiritu,
1236 340 1387 368 secundum
1412 342 1604 378 Symmachum
1619 336 1685 378 dixi,
1701 352 1726 374 et
1747 349 1804 383 spi—

1020 382 1101 409 ritum
1114 389 1212 410 rectum
1231 385 1326 413 innova
1347 387 1372 413 in
1399 389 1539 417 visceribus
1563 393 1637 419 iacis.
1662 393 1806 423 Contritus

1020 431 1109 454 autem
1126 429 1239 464 spiritus
1250 435 1301 465 est,
1317 433 1363 467 qui
1382 442 1443 462 sese
1459 444 1506 470 per
1522 438 1721 467 confessionem
1736 449 1802 468 con-

1020 473 1098 505 terit;
1111 475 1252 511 simileque
1266 483 1308 505 est
1322 486 1381 510 cor,
1397 481 1467 514 quod
1484 490 1532 516 per
1544 485 1727 518 pumitentiam
1742 495 1806 515 sese

1020 517 1154 548 humiliat.
1172 521 1239 548 illud
1256 523 1340 554 cuitu,
1358 530 1420 559 post
1434 517 1685 560 peccaliitumorem
1706 531 1742 558 ita
1760 532 1802 560 al-

1020 564 1120 593 iectum
1140 574 1189 601 pro
1206 569 1341 597 sacriﬁcio
1358 571 1429 600 Deus
1444 574 1577 602 admittet.

1054 695 1138 743 Ysas.
1161 698 1205 725 21.
1225 699 1298 728 Tunc
1322 704 1469 737 aceeptabis
1494 707 1656 741 sacriﬁcium
1674 707 1805 743 justitiw,

1019 741 1177 771 oblationem
1191 750 1215 772 et
1230 746 1397 777 holocausta.
1419 750 1470 778 Sed
1491 753 1523 779 ad
1541 753 1597 780 hinc
1613 741 1710 781 dixerit
1726 741 1803 790 quis;

1018 789 1101 823 piam,
1122 799 1206 826 quare
1222 797 1364 830 postquam
1382 797 1461 824 moJo
1475 798 1552 831 dixit,
1571 799 1701 832 Quoniam
1717 789 1743 828 si
1756 811 1799 829 tw-

1020 835 1112 863 luisses
1128 839 1300 874 sacriﬁcium,
1316 840 1444 869 dedissem
1461 844 1567 879 utique;
1581 846 1637 880 jam
1651 848 1727 882 quasi
1745 847 1800 876 Deo

181 889 227 916 τοῦ
245 889 312 916 Θεοῦ
338 889 407 924 μετὰ
432 889 461 915 τὸ
480 890 529 924 τὴν
554 889 629 916 πόλιν
653 888 866 924 ἀνακτισϐῆναι,
888 889 959 924 φησι

1018 883 1182 911 sacriﬁcium
1197 892 1344 922 accepturo
1356 894 1417 924 post
1428 890 1549 918 civitatis
1562 894 1798 926 restaurationem,

183 936 251 962 Τότε
272 935 449 968 εὐδοκήσεις
467 934 595 965 θυσιάν;
624 935 694 961 Ἀλλ’
721 936 768 970 οὐχ
792 935 886 967 ἁπλῶς
913 935 965 970 ἔφη

182 981 300 1011 θυσίαν,
314 979 380 1006 ἀλλὰ
391 980 595 1013 δικαιοσύνης.
610 981 673 1006 Ὅτε
687 980 741 1015 γὰρ
751 980 906 1015 εὐδοκήσεις
915 980 966 1016 τὴν

181 1027 249 1055 Σιὼν
264 1027 309 1053 καὶ
323 1027 483 1062 οἰκοδομηθῇ
498 1028 531 1054 τὰ
545 1028 621 1062 τείχη
643 1027 816 1063 Ἰερουσαλὴμ.
827 1049 835 1060 ,
856 1028 964 1063 τοιαύτη

181 1082 222 1100 σοι
238 1073 316 1099 Θυσία
332 1073 588 1113 προσενεχθήσεται.
608 1073 643 1099 Τὸ
669 1072 722 1108 γὰρ
742 1073 866 1105 θεοσεϐὲς
888 1073 965 1100 πολί-

178 1128 267 1154 τευμα
289 1120 379 1146 εἰκόνα
405 1119 482 1155 φέροι
499 1119 532 1145 ἂν
540 1119 590 1154 τῆς
607 1119 768 1155 ἐπουρανίου
787 1120 889 1151 πόλεως
915 1119 962 1147 τοῦ

179 1166 246 1193 Θεοῦ
258 1174 265 1180 '
278 1166 318 1192 διὸ
331 1166 378 1192 καὶ
393 1166 494 1201 ταύτης
511 1165 653 1202 ὁμώνυμος
668 1167 685 1202 ἡ
700 1166 747 1193 τοῦ
764 1166 831 1193 Θεοῦ
852 1167 964 1202 Ἐκκλη-

180 1212 235 1243 σία,
246 1209 280 1247 ἦς
296 1212 372 1247 τείχη
384 1210 457 1246 λέγει
468 1212 530 1244 τοὺς
543 1213 776 1249 περιφράττοντας
796 1213 897 1249 ταύτην
914 1214 964 1248 ἀγ-

178 1259 272 1294 γέλους
305 1259 321 1294 ἢ
343 1259 390 1285 καὶ
418 1258 480 1289 τοὺς
497 1258 658 1294 ἱερωμένους
684 1258 730 1285 xal.
755 1259 962 1294 προμαχοῦντας

178 1303 442 1340 αὑτῆς,Προσδέξῃ
460 1303 497 1333 δὲ,
515 1301 601 1334 εἶπεν,
618 1304 677 1329 ἀντὶ
695 1303 757 1334 τοῦ,
773 1303 960 1336 είιδοκήσεις,

177 1352 191 1378 ὁ
207 1351 352 1386 Σύμμαχος
376 1350 429 1376 Καὶ
447 1350 495 1385 τὴν
519 1349 656 1385 ἀναφορὰν
680 1350 719 1382 δὲ,
737 1351 783 1376 καὶ
799 1350 832 1377 τὰ
848 1351 960 1377 ὁλοκαυ-

176 1396 299 1432 τώματα,
311 1394 504 1430 δικαιοσύνης
511 1395 631 1429 νοητέον,
647 1395 693 1421 καὶ
707 1395 818 1430 προσέτι
836 1395 898 1426 τοὺς
917 1395 960 1429 μό-

178 1451 268 1478 σχους.
283 1442 374 1468 Πάντα
386 1439 636 1476 γὰρδικαιοσύνης
646 1440 804 1474 ἐκτελείται,
828 1440 959 1471 κατὰ.τὰς

176 1486 306 1521 ἁναίμους
319 1486 365 1512 καὶ
377 1485 564 1520 πνευματικὰς
575 1485 678 1517 θυσίας,
687 1485 735 1517 τὰς
748 1486 776 1512 ὲν
789 1487 821 1521 τῇ
832 1484 879 1511 τοῦ
891 1485 958 1511 Θεοῦ

181 1531 328 1567 Ἐκκλτισίᾳ
343 1531 404 1559 καθ’
418 1532 481 1567 ὅλης
490 1531 539 1566 τῆς
550 1531 710 1566 οἰκουμένης
724 1531 954 1566 προσφερομένας.
969 1544 993 1575 c

174 1577 230 1604 Καὶ
245 1579 274 1603 ὲν
289 1577 360 1613 ἄλλῳ
375 1577 428 1612 γὰρ
444 1578 551 1612 εἴρηται
571 1577 639 1612 πρὸς
661 1577 802 1608 Ἰουδαίους
817 1577 953 1613 προφήτῃε

146 1614 158 1627 ’
176 1623 236 1649 Οὐκ
249 1622 315 1650 ἐστι
326 1632 385 1658 μου
396 1623 509 1657 θέλημα
521 1623 556 1649 ἐν
568 1623 648 1657 ὑμῖν,
663 1622 741 1658 λέγει
755 1623 862 1656 Κύριος
884 1631 957 1650 παν-

172 1668 331 1703 τοκράτωρ,
351 1669 399 1695 καὶ
415 1670 522 1702 θυσίας
552 1670 587 1696 οὐ
611 1669 810 1704 προσδέξομαι
835 1669 869 1696 ἐκ
898 1669 957 1696 τῶν

172 1716 279 1751 χειρῶν
301 1716 392 1751 ὑμῶν.
419 1717 494 1742 Διότι
518 1716 577 1743 ἀπὸ
600 1715 755 1743 ἀνατολῶν
767 1716 855 1750 ἡλίου
867 1716 956 1750 μέχρι

172 1761 296 1796 δυσμῶν
308 1761 486 1794 δεδόξασται
503 1762 535 1788 τὸ
553 1761 645 1796 ὄνομά
656 1770 715 1796 μου
725 1761 759 1788 ἐν
768 1761 829 1794 τοῖς
845 1762 954 1789 ἔθνεσι·

170 1808 221 1834 καὶ
239 1809 274 1834 ἐν
290 1807 379 1834 παντὶ
388 1808 467 1840 τόπῳ
481 1807 612 1842 θυμίαμα
624 1807 820 1842 προσφέρεται
833 1807 872 1840 τῷ
889 1809 956 1835 ὀνό-

168 1854 241 1888 ματί
251 1862 321 1888 μου,
333 1854 382 1880 καὶ
394 1853 485 1880 θυσία
500 1853 624 1887 καθαρά.
639 1854 712 1889 Αὐτὴ
728 1853 774 1880 νῦν
788 1853 895 1888 λέγεται
906 1855 957 1882 θυ-

169 1898 491 1933 σὶαδικαιοσύνηςἝστι
510 1899 538 1925 δὲ
553 1899 599 1926 καὶ
612 1899 740 1930 αἰνέσεως
752 1919 760 1932 ,
781 1899 851 1926 καθὰ
872 1900 957 1935 πρόσ-

170 1944 215 1971 θεν
229 1944 318 1978 ἔλεγε·
334 1945 435 1971 Θῡσον
449 1945 488 1978 τῷ
505 1944 566 1978 Θεῷ
580 1946 690 1973 θυσίαν
701 1946 854 1979 αἰνέσεως.

184 2002 222 2035 (1)
236 2002 291 2029 ΕΙΣ
307 2002 350 2029 ΤΟ
369 2002 668 2033 ΤΕΛΟΣ,ΣΥΡΕΣΕΩΣ
685 2003 728 2029 ΤΩ
747 2003 845 2029 ΔᾹΥΙΔ
863 2004 926 2030 NA’.

176 2049 203 2076 Ἐ
206 2058 223 2075 ν
239 2049 279 2081 τῷ
292 2049 391 2086 ἐλθεῖν
400 2050 489 2086 γΔωὴκ
501 2048 556 2086 τὸν
576 2049 747 2086 Ὶςῖουμαῖρν,
755 2051 809 2086 οιαὶ
822 2051 956 2086 ἀναγγεῖ-

204 2086 256 2111 λαι
273 2084 313 2116 τῷ
334 2085 444 2115 Σαοὺλ,
459 2084 508 2111 καὶ
532 2084 626 2111 εἰπεῖν
641 2084 736 2117 αὐτῷ·
755 2083 843 2114 Ἦλθε
867 2083 956 2114 Δᾰυῒδ

203 2121 247 2152 εἰς
263 2120 316 2146 τὸν
331 2117 416 2146 οἷκον·
435 2119 596 2154 Ἀχιμέλεχ.

211 2166 238 2192 'U
259 2166 308 2201 μὲν
326 2165 366 2200 λγ¹
382 2166 487 2201 ψαλμὸς
505 2166 610 2202 εἴρηται
630 2167 670 2202 τῷ
691 2167 781 2200 Δαυῖδ,
798 2169 887 2194 ὁπότε
902 2169 956 2202 ήλ-

1018 929 1065 959 ait.
1083 929 1154 957 Tum:
1169 933 1314 966 acceptabis
1327 936 1487 969 sacriﬁcium
1502 938 1515 964 Ρ
1527 937 1561 964 At
1581 946 1634 964 non
1651 938 1719 966 dixit
1733 940 1799 967 sim-

1016 976 1124 1010 pliciter
1137 979 1320 1013 sacriﬁcium;
1335 981 1382 1008 sed
1409 983 1524 1015 addidit.
1536 984 1659 1018 justitiw.
1684 985 1799 1017 Quando

1016 1024 1200 1057 acceptaveris
1217 1024 1296 1058 Sion,
1317 1030 1344 1053 et
1359 1027 1481 1055 aediﬁcati
1509 1028 1609 1056 iuerint
1633 1032 1702 1058 muri
1717 1030 1796 1058 Jeru-

1015 1067 1111 1101 salem,
1129 1069 1183 1096 tale
1198 1070 1247 1097 tibi
1262 1071 1390 1100 oﬁerctur
1406 1074 1582 1105 sacrilicium.
1597 1076 1718 1112 Namque
1731 1079 1780 1106 reli
1790 1094 1796 1098 -

1014 1111 1120 1146 giosum
1140 1113 1303 1148 institutum,
1319 1118 1463 1152 imaginem
1480 1127 1545 1148 sane
1565 1121 1663 1149 referat
1676 1111 1798 1152 calt-stis

1013 1152 1061 1185 Dei
1088 1159 1226 1194 civitatis;
1249 1169 1335 1197 quare
1350 1162 1471 1192 Ecclesia
1492 1165 1539 1193 Dei
1567 1167 1661 1194 eodem
1687 1170 1799 1197 nomine

1013 1202 1141 1236 donatur,
1167 1206 1247 1241 cujus
1277 1215 1372 1237 muros
1397 1209 1463 1236 dicit
1490 1218 1550 1238 esse
1573 1213 1682 1247 angelos
1709 1215 1795 1249 ipsam

1012 1247 1259 1283 circumsistentes,
1283 1253 1342 1280 sive
1370 1261 1463 1282 sacros
1491 1256 1552 1285 illos
1581 1247 1798 1294 propugnatores

1011 1295 1080 1329 ejus.
1102 1297 1281 1332 Symmachus
1298 1304 1387 1326 autem
1407 1301 1484 1335 dixit,
1498 1303 1624 1337 accipies,
1635 1304 1695 1332 loco
1709 1306 1793 1338 illius,

1012 1342 1168 1376 ucceplabis.
1186 1344 1356 1372 Oblationem
1370 1354 1435 1374 vero
1450 1352 1476 1375 et
1499 1348 1668 1379 holocausta.
1679 1351 1794 1385 justitia:

1011 1386 1116 1413 scilicet
1151 1388 1289 1422 suppleas,
1319 1395 1400 1425 atque
1429 1392 1539 1427 insuper
1563 1394 1671 1423 vitulos.
1696 1395 1794 1424 Omnia

1010 1432 1109 1467 quippe
1122 1441 1182 1468 qua:
1201 1435 1526 1472 persolvumur,justitiw
1541 1443 1614 1472 sunt,
1626 1448 1674 1475 pro
1687 1442 1795 1470 ratione

1009 1477 1215 1506 incruentorum
1232 1483 1258 1507 et
1266 1481 1449 1515 spiritualium
1463 1484 1673 1516 sacriﬁciorum.
1689 1494 1748 1521 quas
1764 1487 1793 1515 in

1009 1523 1129 1551 Ecclesia
1144 1524 1191 1552 Dei
1206 1533 1254 1560 per
1278 1527 1434 1554 universum
1457 1529 1550 1555 orbem
1575 1530 1735 1558 oll‘eruntur.
1762 1532 1790 1560 In

1010 1569 1063 1597 alio
1081 1578 1189 1605 quoque
1205 1572 1334 1606 propheta
1351 1573 1384 1600 ad
1400 1572 1508 1602 indutos
1524 1575 1630 1603 dictum
1645 1582 1686 1605 est
1700 1587 1707 1605 ι
1729 1578 1791 1606 Non

1007 1620 1045 1642 est
1060 1616 1181 1644 voluntas
1193 1625 1250 1644 mea
1264 1618 1290 1644 in
1303 1618 1385 1653 vobis,
1396 1619 1460 1646 dicit
1474 1620 1604 1648 Dominus
1617 1623 1788 1657 omnipotens,

1006 1666 1030 1689 et
1051 1662 1152 1690 hostias
1167 1672 1219 1691 non
1241 1666 1369 1700 accipiant
1395 1667 1426 1693 de
1449 1676 1528 1694 manu
1549 1674 1644 1697 uestra.
1667 1669 1706 1696 Ab
1731 1676 1789 1697 ortu

1006 1708 1075 1734 enim
1094 1709 1158 1736 solis
1174 1718 1254 1745 usque
1270 1713 1304 1737 ad
1319 1720 1441 1738 occasum
1457 1713 1632 1748 gloriﬁcatum
1644 1719 1682 1742 est
1699 1724 1790 1743 nomen

1007 1764 1092 1782 meum
1104 1756 1130 1783 in
1147 1757 1266 1792 gentibus
1278 1766 1287 1784 :
1303 1763 1328 1785 et
1346 1759 1374 1785 in
1390 1759 1461 1786 omni
1481 1760 1536 1786 loco
1554 1761 1697 1796 thymiama
1712 1763 1791 1798 a/I'er-

1007 1806 1050 1828 tm
1064 1803 1163 1829 nomint
1182 1811 1249 1836 meo,
1265 1808 1290 1831 et
1314 1806 1475 1840 sacriﬁcium
1500 1807 1626 1834 mundum
1638 1809 1669 1834 ⁵⁵.
1697 1808 1787 1844 Ipsum

1007 1855 1080 1875 nunc
1094 1848 1193 1876 dicitur
1209 1851 1371 1884 sacriﬁcium
1381 1851 1518 1886 justiiite:
1534 1857 1575 1880 est
1592 1854 1674 1881 etiam
1689 1855 1786 1887 laudis,

1006 1899 1036 1920 ut
1050 1903 1131 1930 supra
1148 1895 1256 1923 dicebat
1269 1906 1275 1923 :
1290 1895 1404 1924 lmmola
1418 1897 1473 1924 Deo
1488 1899 1646 1933 sacriﬁcium
1665 1900 1786 1929 laudis“.

1074 2005 1099 2031 1.
1122 2004 1153 2031 ΙΝ
1176 2004 1295 2038 FINEM,
1313 2005 1554 2035 lNTELLECTUS
1569 2007 1673 2036 DAVID
1686 2009 1728 2036 LI.

1005 2050 1032 2080 2.
1058 2051 1123 2078 Cum
1140 2052 1207 2078 venit
1221 2051 1291 2079 Doec
1309 2051 1455 2084 ldumwus.
1467 2059 1491 2080 et
1508 2054 1637 2082 nuntiavit
1652 2055 1729 2082 Sauli
1755 2065 1787 2084 ac

1039 2085 1107 2113 dixit
1122 2087 1162 2113 ei:
1182 2087 1257 2114 Venit
1270 2087 1354 2114 David
1371 2089 1397 2115 in
1410 2088 1516 2115 domum
1537 2090 1709 2118 Achimelec/t.

1040 2164 1165 2193 Psalmus
1185 2165 1341 2201 trigesimus
1365 2167 1463 2193 tertius
1475 2174 1490 2193 a
1512 2166 1612 2196 Davide
1626 2175 1788 2203 pronuntia-

167 2213 276 2240 Jolwoe
296 2212 329 2239 τὸ
349 2213 510 2246 πρόσωπον
525 2213 617 2240 αὐτοῦ
636 2214 774 2240 ἐναντίον
795 2214 952 2249 Ἀϐιμέλεχ,

1010 2213 1049 2237 lus
1061 2214 1113 2242 est,
1129 2210 1234 2244 quando
1254 2211 1402 2238 immutavit
1413 2211 1512 2238 uultum
1528 2220 1605 2239 suum
1625 2221 1714 2239 coram
1724 2214 1788 2242 Abi-

168 2259 217 2285 καὶ
246 2259 403 2286 ἀπέλυσεν
432 2260 541 2292 αὐτὸν,
563 2261 613 2288 καὶ
642 2260 788 2294 ἀπῆλθεν.
807 2258 891 2292 Οὗτος
922 2261 950 2288 δὲ

167 2305 262 2340 ἐκείνῳ
281 2305 424 2336 ἀκόλουθος
444 2305 476 2331 ἂν
495 2305 537 2340 εἴη
555 2306 625 2332 κατὰ
646 2307 696 2341 τὴν
718 2307 846 2343 ἱστορίαν.
869 2307 950 2341 Λέγει

166 2351 219 2386 γὰρ
231 2353 248 2386 ἡ
261 2351 355 2387 Γραφὴ
375 2351 428 2378 τῶν
449 2352 605 2384 Βασιλειῶν,
626 2353 679 2379 Καὶ
703 2352 767 2379 ἐκεῖ
782 2351 820 2388 ἦν
839 2353 874 2380 ἓν
892 2353 950 2380 τῶν

165 2395 328 2429 παιδαρίων
342 2398 393 2423 τοι)
409 2397 517 2429 Σαοὺλ,
534 2397 568 2424 ἐν
584 2396 621 2431 τῇ
637 2397 730 2431 ἡμέρᾳ
744 2398 854 2432 ἐκείνῃ.
874 2398 949 2425 Ἐπι-

167 2441 325 2475 σημαίνεται
343 2441 370 2467 δὲ
393 2442 437 2467 τὸν
457 2442 550 2477 καιρὸν
576 2444 604 2469 ὲν
619 2439 642 2476 ᾧ
662 2440 726 2478 ἦλθε
749 2442 828 2469 Δαυῒδ
847 2444 886 2474 εἰς
905 2443 949 2470 τὸν

165 2484 238 2513 οἷκον
250 2486 296 2512 τοῦ
317 2487 469 2522 Ἀϐιμέλεχ,
486 2487 531 2514 καὶ
545 2488 607 2519 τοὺς
620 2488 718 2524 ἄρτους
731 2488 781 2523 τῆς
796 2489 948 2524 προθέσεως

165 2532 249 2567 ἔφαγε
266 2532 354 2559 λαϐὼν
376 2533 451 2568 παρὰ
474 2533 520 2560 τοῦ
542 2530 700 2570 ἀρχιερέως.
726 2535 791 2561 Κατ’
810 2535 876 2562 αὐτὸ
896 2535 949 2570 γὰρ

165 2581 252 2606 ἐκεῖνο
270 2581 317 2606 τοῦ
338 2580 432 2616 καιροῦ
452 2580 557 2614 φθάσας
579 2581 658 2616 Δωὴκ
675 2582 689 2607 ὁ
709 2581 803 2616 Σύρος,
823 2582 838 2607 ὁ
860 2582 949 2617 νέμων

164 2625 213 2657 τὰς
230 2626 356 2660 ἡμιόνους
378 2626 473 2658 Σαοὺλ,
495 2627 541 2653 καὶ
564 2626 646 2653 ἐλθὼν
664 2626 730 2662 πρὸς
754 2627 839 2654 Σαοὺλ
857 2625 946 2654 εἶπεν·

171 2671 298 2706 Ἑώρακα
311 2673 364 2700 τὸν
379 2674 445 2700 υἱὸν
462 2674 568 2700 Ἰεσσαὶ
587 2675 825 2708 παραγενόμενον
839 2675 882 2707 εὶς
895 2676 949 2701 Νο-

163 2718 220 2744 σίιν
238 2718 312 2752 πρὸς
335 2719 479 2754 Ἀϐιμέλεχ
496 2720 549 2746 τὸν
562 2719 628 2746 υιὸν
650 2720 766 2753 Ἀχιτὼϐ
787 2719 840 2747 τὸν
859 2721 946 2755 ἱερέα,

163 2764 212 2790 καὶ
235 2764 349 2797 πάντας
369 2764 439 2799 τοὺς
457 2765 541 2798 υἱοὺς
569 2765 621 2792 τοῦ
639 2760 749 2799 παὲρὸς
769 2766 875 2793 αὑτοῦ·
899 2769 948 2794 καὶ

1004 2255 1112 2288 meleclt,
1127 2260 1151 2282 et
1163 2256 1265 2282 dimisit
1282 2264 1352 2289 eum,
1366 2262 1391 2283 et
1406 2256 1470 2284 abiit
1480 2256 1515 2284 ⁵⁸.
1545 2257 1594 2284 Hic
1609 2265 1673 2285 vero
1688 2266 1786 2287 secun-

1003 2303 1068 2330 dum
1084 2302 1228 2329 historiam
1253 2302 1329 2329 illum
1351 2302 1537 2337 subsequitur.
1554 2302 1599 2329 Ait
1621 2304 1693 2330 cnim
1716 2305 1785 2331 scri-

1004 2353 1082 2383 ptura
1102 2347 1257 2384 Regnorum
1271 2358 1277 2376 :
1294 2348 1329 2375 Et
1354 2349 1391 2375 ibi
1409 2354 1465 2376 erat
1482 2357 1549 2375 unus
1569 2357 1602 2376 ea:
1616 2351 1703 2384 pueris
1717 2350 1785 2378 Saul

1003 2395 1031 2422 in
1060 2394 1103 2421 die
1132 2394 1223 2422 illa".
1256 2393 1450 2430 Signiﬁcatque
1480 2401 1534 2429 quo
1566 2398 1687 2430 tempore
1709 2398 1785 2424 venit

1003 2440 1088 2468 David
1102 2441 1129 2468 in
1145 2441 1256 2468 domum
1268 2440 1435 2472 Abimelech,
1452 2443 1478 2467 et
1489 2444 1616 2476 acceptos
1627 2449 1642 2468 a
1659 2443 1784 2479 principe

1003 2487 1173 2515 sacerdotum
1195 2493 1278 2521 panes
1296 2485 1491 2521 propositionis
1504 2487 1629 2514 cmuedit.
1653 2488 1691 2516 Eo
1708 2490 1783 2517 enim

1003 2533 1064 2569 ipso
1078 2537 1202 2568 tempore
1222 2531 1361 2567 profectus
1377 2531 1448 2559 Doec
1470 2531 1566 2568 Syrus,
1583 2534 1628 2569 qui
1651 2535 1782 2569 pascebat

1002 2580 1090 2607 mulas
1103 2578 1202 2613 Saulis,
1216 2578 1303 2613 ipsum
1319 2577 1427 2606 Saulem
1443 2579 1510 2606 adiit
1522 2586 1554 2607 ac
1566 2580 1634 2607 dixit
1648 2581 1672 2608 ei
1686 2590 1693 2608 :
1720 2581 1781 2608 Vidi

1002 2627 1087 2661 ﬁlium
1112 2625 1196 2652 Jessaa
1220 2623 1397 2652 advenientem
1433 2623 1537 2667 Noba’m
1568 2627 1603 2654 ad
1620 2627 1778 2660 Abimelecli,

1002 2671 1086 2706 ﬁlium
1108 2670 1216 2698 Achitob
1236 2668 1408 2701 sacerdotem,
1439 2674 1464 2696 et
1492 2679 1580 2699 omnes
1603 2673 1672 2706 ﬁlios
1692 2674 1781 2707 patris

1001 2718 1068 2752 ejus:
1085 2718 1128 2752 qui
1143 2716 1274 2743 consuluit
1290 2723 1337 2749 pro
1351 2723 1380 2742 eo
1395 2715 1548 2751 Dominum,
1560 2723 1583 2745 et
1595 2718 1695 2746 cibaria
1707 2719 1778 2746 dedit

1001 2766 1034 2794 oi.
1055 2764 1088 2791 Et
1103 2763 1174 2790 misit
1191 2770 1235 2790 rex
1255 2766 1373 2789 vocatum
1395 2761 1544 2790 Abimelech
1565 2765 1736 2798 sacerdotem,
1753 2771 1778 2792 et

198 2833 222 2849 "
242 2833 356 2861 Malach.
373 2841 397 2866 l,
416 2834 458 2866 10,
472 2833 514 2860 Η.
552 2834 573 2849 ⁸⁷
594 2833 665 2861 Psal.
684 2842 765 2868 xux,
784 2834 845 2862 H.‘
869 2835 892 2851 ⁸⁸
906 2835 916 2862 l
932 2835 997 2871 Reg.
1015 2842 1072 2866 xxi,
1091 2833 1164 2860 7-15.
1203 2831 1225 2847 "
1245 2830 1312 2858 ibid.
1330 2831 1353 2859 7.

199 2891 238 2923 ll)
254 2891 303 2920 Hic
321 2891 416 2927 incipit
438 2892 521 2920 codex
538 2892 750 2921 Eminentissinii
767 2893 840 2921 card.
860 2892 893 2922 dc
910 2892 1024 2922 Coislin.
1040 2891 1072 2920 de
1090 2898 1143 2927 quo
1159 2891 1282 2927 pluribus
1300 2891 1327 2919 in
1341 2891 1508 2927 praefatione.
