2064 3212
284 177 342 206 “3

634 174 767 204 EUSEBII
785 175 1023 205 CESARIENSIS
1041 175 1116 204 OPP.
1137 175 1227 204 PARS
1246 175 1290 203 lli.
1313 191 1347 196 —-
1367 175 1571 205 EXEGETICA.

1852 177 1904 206 ιιι

285 242 375 262 omnes
387 235 457 270 ﬁlios
468 234 552 269 patris
564 233 623 268 ejus
638 234 786 262 sacerdotes
803 235 830 261 in
846 234 935 267 Noba,
948 235 993 270 qui
1007 235 1065 261 uni-

1118 233 1212 268 ἠρώτα
1229 233 1308 266 αὐτῷ
1324 233 1373 260 διὰ
1390 234 1443 261 τοῦ
1459 234 1542 266 Θεοῦ,
1558 233 1607 261 καὶ
1628 233 1818 269 ἐπισιτισμὸν
1831 234 1904 262 ἐδω-

284 281 354 308 ocrsi
370 285 491 307 venerunt
505 279 540 306 ad
549 288 632 315 regem
645 281 679 309 ⁸ο.
697 279 837 315 Tuncque,
851 280 962 315 jubente
975 279 1065 313 Saule,

286 326 346 361 ipse
368 325 440 353 Doec
464 326 567 353 occidit
586 325 745 353 sacerdotes
764 325 872 353 Domini
895 330 1020 352 trecentos
1043 329 1067 352 et

288 374 400 406 quinque
415 373 483 399 viros
504 372 616 406 ferentes
637 370 729 405 eplwd,
757 376 782 397 et
810 370 913 398 Nobam
937 371 1066 398 civitatem

259 429 262 436 ι
286 417 453 444 sacerdotum
477 418 609 452 percussit
631 418 657 443 in
672 425 716 444 ore
731 416 814 452 gladii
828 426 843 443 α
859 417 914 443 viro
928 425 1010 451 usque
1033 416 1067 442 ad

287 464 434 495 mulierem,
450 472 466 490 a
484 471 564 498 puero
586 471 669 498 usque
688 463 722 489 ad
742 464 894 494 luctantem,
917 467 940 488 et
957 462 1066 488 vitulum

286 513 312 536 et
325 509 428 536 asinum
442 513 465 535 et
480 509 597 536 ovem“.
621 509 683 536 llaec
703 516 765 535 cum
783 509 902 536 audisset
920 507 1003 534 David
1020 507 1066 534 tali

286 555 368 582 modo
379 559 453 590 gesta
468 563 538 585 esse,
556 555 605 582 hos
623 555 727 589 profert
749 562 898 586 sermones,
914 555 959 589 qui
978 562 1066 588 neque

286 601 435 631 canticum,
460 608 548 635 neque
569 601 696 636 hymnus,
722 608 808 635 neque
832 601 896 635 quid
914 600 1004 628 simile
1025 601 1067 627 in-

287 647 454 674 scribuntur.
488 647 538 680 Qui
560 647 631 674 euim
659 647 758 682 potuit,
785 647 811 674 in
836 650 876 674 tot
895 647 1067 674 sacerdotum

287 693 454 724 calamitate,
475 694 583 720 cantica
608 696 655 719 aut
678 693 798 728 psalmos
821 701 870 728 pro
891 693 926 720 iis
947 692 1069 720 canere?

287 737 377 770 Quare
387 738 478 766 nullus
490 738 644 772 hujusmodi
663 739 758 766 titulus
771 738 928 773 praemissus
943 742 1001 770 est,
1021 737 1068 765 sed

287 783 375 809 solum
392 783 419 810 in
432 783 509 818 ﬁnem
522 784 631 815 dicitur,
645 788 671 811 et
682 784 841 815 intellectus,
856 785 920 818 quia
938 791 999 818 quae
1013 784 1068 825 sub

287 828 368 856 ﬁnem
384 829 518 856 habentur
540 829 610 857 bona
632 831 800 861 renuntiant,
815 830 859 857 ubi
879 830 991 858 dicitur:
1011 828 1066 864 Ego

289 880 375 902 autem
391 876 458 902 sicut
485 876 554 903 oliva
575 876 725 910 fructifera,
741 881 768 903 et
794 880 901 903 caatera.
926 875 1066 902 lntellectu

1117 290 1169 307 κεν
1182 281 1326 314 αῠτῷ.Καὶ
1341 281 1516 308 ἀπέστειλεν
1527 282 1543 307 ὀ
1553 279 1702 312 ,βασιλεὺς
1714 280 1838 307 καλέσαι
1852 280 1906 307 τὸν

1123 326 1270 360 Ἁϐιμέλεχ
1284 325 1337 352 τὸν
1356 326 1442 359 ἱερέα,
1466 325 1515 352 καὶ
1538 325 1653 358 πάντας
1667 325 1737 358 τοὺς
1752 326 1836 358 υἱοὺς
1853 326 1906 353 τοῦ

1117 371 1227 404 πατρὸς
1253 370 1345 397 αὑτοῦ
1373 370 1443 402 τοὺς
1466 369 1554 403 ίερεῖς
1579 370 1632 397 τοῦ
1653 371 1761 404 Kvplov
1781 370 1851 403 τοὺς
1871 371 1906 398 ἐν

1116 417 1230 448 Νοϐὰν,
1245 416 1292 442 καί
1313 416 1510 450 παρεγένοντο
1526 414 1635 448 πάντες
1659 415 1732 454 πρὸς
1749 415 1801 442 τὸν
1813 416 1905 447 ,βασι-

1116 462 1180 489 λέα·
1199 462 1262 489 Ὅτε
1274 461 1449 492 κελεύσαντος
1471 460 1517 487 τοῦ
1537 461 1638 494 Σαοὺλ,
1662 461 1743 492 αὐτὸς
1765 462 1867 493 ἐκεῖνος
1891 463 1906 488 ό

1117 509 1194 544 Δωὴκ
1205 529 1212 540 ,
1234 508 1385 535 ἐθανάτωσε
1409 508 1471 540 τοὺς
1496 508 1578 543 ἱερεῖς
1596 507 1642 534 τοῦ
1660 507 1762 543 Κυρίου
1777 511 1800 534 τ’
1819 508 1867 535 καὶ
1883 517 1899 535 ε

1117 554 1227 588 ἄνει-ας
1250 554 1397 588 φέροντας
1421 553 1524 588 ἐφοὺδ,
1550 554 1598 580 καὶ
1620 553 1677 587 τὴν
1692 553 1790 580 Νοϐὰν
1816 555 1906 581 πόλιν

1117 599 1176 626 τῶν
1198 600 1297 634 Ιερέων
1310 599 1457 632 ἐπάταξεν
1478 600 1513 627 ὲν
1537 601 1661 634 στόματι
1677 600 1826 634 ῥομφαίας
1843 601 1902 627 ἀπὸ

1117 645 1225 679 ἀνδρὸς
1244 646 1299 678 ἕως
1319 646 1469 680 γυναικὸς,
1485 646 1543 673 ἀπὸ
1561 646 1670 680 ’νηπίου
1687 646 1742 679 ἕως
1762 645 1903 680 θηλάζον-

1118 700 1178 724 τος,
1191 691 1239 718 καὶ
1251 693 1367 726 μόσχου
1381 692 1429 718 καὶ
1444 692 1516 718 ὄνου
1528 692 1575 718 καὶ
1588 691 1747 726 προϐάτου.
1762 692 1843 718 Ταῦτ’
1857 690 1903 719 οὖν

1119 737 1211 772 μαθὼν
1231 737 1311 764 Δαυῒδ
1330 738 1424 764 τοῦτον
1447 738 1629 773 πεπραγμένα
1655 738 1701 764 τὸν
1719 738 1827 773 τρόπον,
1841 739 1904 770 τοὺς

1118 784 1314 818 προκειμένους
1336 784 1518 819 προσφέρεται
1542 784 1645 818 λόγους,
1658 783 1718 810 οὔτε
1739 783 1810 820 ᾠδὴν
1827 793 1904 820 περι-

1118 827 1238 863 έχοντας,
1256 828 1315 855 οὗτε
1334 828 1426 864 ὕμνον,
1448 828 1509 855 οὔτε
1530 829 1593 855 ἄλλο
1614 828 1742 856 τοιοῦτον.
1767 829 1829 862 Πῶς
1850 829 1905 865 γὰρ

1118 875 1165 902 καὶ
1185 873 1239 901 οἷόν
1258 884 1286 901 τε
1303 873 1336 910 ἦν
1353 875 1399 902 ἐπὶ
1418 876 1545 911 συμφορᾷ
1563 875 1696 902 τοσούτων
1712 875 1817 911 ἱερέων,
1833 875 1904 911 ᾠδὰς

288 925 378 948 autem
395 929 426 948 ex
442 921 497 948 Deo
511 926 571 957 eget
583 922 756 956 praesentium
779 928 935 949 sermonum
958 925 1065 948 senten-

1118 921 1206 948 αὐτῶν
1226 923 1273 948 καὶ
1290 921 1412 957 ψαλμοὺς
1433 922 1521 957 ᾄδειν;
1544 921 1584 947 διὸ
1608 921 1684 948 οὐδὲν
1703 921 1822 949 τοιοῦτον
1845 922 1904 948 ἑπι-

287 965 334 992 tia.
361 965 429 992 Cum
445 967 535 1001 itaque
547 966 616 1001 apud
635 966 792 993 Ahimelech
808 966 1003 994 sacerdotalem
1018 974 1067 1001 gu-

287 1011 369 1038 stavit
390 1011 492 1043 cibum,
521 1016 625 1038 mutato
639 1016 720 1041 austu
747 1019 808 1042 suo,
827 1013 884 1039 sive
908 1020 983 1039 more
1005 1020 1067 1043 suo,

287 1057 436 1084 secundum
462 1057 631 1092 reliquorum
665 1058 928 1092 interpretationem,
959 1059 1070 1085 benedi-

288 1103 392 1129 utiones
407 1106 434 1129 et
450 1103 598 1138 gratiarum
623 1103 744 1130 actiones
768 1102 824 1130 Deo
846 1104 937 1130 emisit
956 1104 1067 1131 dicens:

288 1147 446 1175 Benedicam
459 1148 601 1175 Dominum
624 1149 651 1175 in
668 1149 739 1175 omni
753 1153 876 1183 tempore,
895 1157 995 1184 semper
1010 1151 1069 1177 laus

293 1193 350 1227 ejus
365 1193 392 1219 in
407 1202 451 1220 ore
474 1202 542 1226 meo,
554 1198 580 1221 et
593 1199 690 1221 caetera
703 1195 735 1222 ⁸³.
751 1194 828 1222 Nunc
845 1200 945 1227 autem,
960 1196 1070 1230 cognito

290 1239 496 1266 calumniatoris
519 1240 589 1266 Doec
614 1239 744 1272 facinore,
769 1248 823 1276 quo
847 1245 926 1276 pacto
955 1241 1068 1274 scilicet,

288 1283 426 1312 diabolico
448 1293 514 1312 usus
531 1285 643 1318 scelere,
663 1290 703 1313 tot
724 1287 880 1314 sacerdotes
903 1287 1068 1320 occidisset;

287 1335 436 1364 praesentes
457 1339 596 1359 sermones
613 1333 646 1359 ad
664 1332 752 1366 ipsum
766 1332 858 1368 dirigit
873 1333 985 1360 dicens:

1115 968 1268 1004 γέγραπται
1277 977 1283 983 ⁸
1300 969 1379 1003 μόνον
1394 968 1422 995 δὲ
1439 970 1482 1001 εὶς
1494 968 1527 994 τὸ
1541 968 1628 1001 τέλος
1640 968 1747 1004 εἴρηται
1768 968 1815 994 καὶ
1827 975 1902 995 συν-

1116 1015 1221 1047 έσεως·
1237 1015 1330 1050 ἐπειδὴ
1344 1015 1378 1041 τὰ
1389 1015 1528 1041 τελευταῖα
1541 1013 1595 1040 τῶν
1606 1013 1692 1048 λόγων
1709 1014 1819 1048 ἀγαθῶν
1831 1015 1905 1041 ἐστιν

1118 1061 1305 1095 ἀπαγγελτικὰ
1332 1062 1360 1088 ἐν
1384 1059 1424 1093 οἷς
1454 1069 1552 1096 φησιν’
1576 1061 1646 1096 Ἐγὼ
1669 1060 1704 1087 δὲ
1725 1061 1796 1088 ὡσεὶ
1819 1061 1906 1088 ἐλαία

1122 1107 1320 1141 κατάκαρπος,
1337 1109 1382 1134 καὶ
1395 1108 1428 1134 τὰ
1445 1108 1517 1142 ἑξῆς.
1535 1107 1591 1134 Καὶ
1614 1107 1746 1138 συνέσεως
1761 1106 1790 1133 δὲ
1807 1107 1859 1142 τῆς
1874 1107 1906 1133 ἐκ

1121 1151 1189 1177 Θεοῦ
1203 1151 1287 1178 δεῖται
1305 1153 1321 1187 ἡ
1338 1153 1391 1179 τῶν
1406 1152 1599 1188 ἐμφερομένων
1612 1151 1696 1186 λόγων
1709 1151 1821 1178 διάνοια.
1842 1151 1906 1178 Ὅτε

1123 1198 1171 1233 μὲν
1187 1195 1233 1224 οὖν
1248 1198 1322 1233 παρὰ
1343 1199 1381 1233 τῷ
1398 1199 1538 1233 ’Λϐιμέλεχ
1562 1199 1714 1233 γενόμενος,
1737 1198 1785 1233 τῆς
1807 1199 1907 1234 ἱερατι-

1120 1242 1171 1277 κῆς
1185 1243 1354 1276 ἀπεγεύσατο
1370 1244 1480 1278 τροφῆς,
1498 1243 1645 1274 ἀλλοιώσας
1657 1243 1705 1278 τὴν
1717 1242 1810 1276 γεῦσιν
1823 1241 1906 1269 αὑτοῦ

1119 1289 1136 1324 ἢ
1154 1288 1198 1315 τὸν
1212 1290 1310 1324 τρόπον
1326 1289 1406 1315 αὑτοῦ
1418 1289 1488 1316 κατὰ
1503 1289 1551 1324 τὴν
1565 1289 1619 1315 τῶν
1631 1288 1730 1315 λοιπῶν
1747 1288 1904 1324 ἑρμηνείαν·

1119 1334 1243 1369 εὐλογίας
1256 1335 1302 1361 καὶ
1314 1335 1488 1371 εὐχαριστίας
1504 1335 1659 1370 ἀνέπεμπεν
1675 1334 1713 1369 τῷ
1727 1335 1786 1370 Θεῷ
1802 1334 1886 1368 λέγων
1896 1342 1904 1349 ·

286 1377 452 1412 Εὐλογήσω
460 1377 513 1404 τὸν
527 1378 635 1411 Κύριον
646 1378 680 1404 ἐν
692 1378 779 1404 παντί
788 1378 888 1412 καιρῷ,
901 1379 1062 1413 διαπαντὸς
1072 1381 1090 1415 ἡ
1100 1382 1217 1415 atri-20m
1227 1381 1318 1409 αὐτοῦ
1331 1381 1365 1407 ἐν
1373 1381 1412 1414 τῷ
1424 1381 1548 1415 στόματί
1559 1390 1628 1415 μου,
1646 1381 1692 1408 καὶ
1706 1381 1740 1407 τὰ
1749 1381 1821 1416 ἑῆς.
1839 1380 1906 1406 Νυνὶ

285 1423 325 1456 δὲ,
344 1424 387 1450 ὅτε
404 1423 450 1450 τοῦ
469 1423 592 1450 διαϐόλου
612 1423 690 1459 Δωὴκ
706 1425 754 1460 τὴν
778 1425 875 1460 πρᾶξιν
897 1425 982 1460 ἔγνω,
1003 1428 1049 1454 καὶ
1070 1428 1107 1460 ὡς
1125 1428 1266 1460 τοσούτους
1288 1427 1390 1455 ἀνεῖλεν
1415 1428 1506 1463 ἱερεῖς,
1527 1428 1598 1464 έργῳ
1615 1427 1754 1463 διαϐολικῴ
1768 1427 1905 1463 χρησάμε-

286 1477 347 1502 νος,
371 1469 409 1501 ὡς
434 1469 502 1505 πρὸς
527 1469 607 1496 αὑτὸν
631 1470 770 1496 συντάττει
791 1471 855 1502 τοὺς
878 1473 1072 1508 προκειμένους
1090 1474 1184 1509 λόγους
1196 1475 1320 1510 φάσκων·

322 1523 406 1553 Vens.
427 1526 454 1553 5.
473 1524 543 1559 Quid
554 1525 677 1561 gloriaris
691 1526 717 1553 in
729 1526 844 1560 malitia,
857 1528 902 1563 qui
915 1533 1005 1563 potens
1019 1531 1066 1557 es?

1157 1532 1187 1558 Τί
1218 1530 1351 1566 ἐγκαιιχᾷ
1378 1531 1412 1557 ἐν
1440 1531 1537 1564 κακίᾳ,
1567 1532 1583 1557 ὁ
1609 1530 1753 1564 ὃυοι·ατός;
1779 1530 1905 1565 ἀνομίαν

286 1571 451 1607 iniquitatem
478 1576 532 1598 tota
557 1572 599 1598 die
616 1577 640 1598 et
656 1572 812 1606 injustitiam
822 1574 947 1608 cogitavit
974 1574 1064 1610 lingua

1118 1577 1193 1611 ὅλην
1218 1576 1274 1611 τὴν
1297 1576 1427 1611 ἡμέραν.
1465 1575 1514 1602 καί
1545 1575 1664 1602 ἀδικίαν
1699 1576 1857 1610 ἐλογίσατο
1880 1576 1899 1610 ή

287 1623 343 1644 tua.
365 1617 397 1643 Et
421 1617 478 1644 haec
495 1617 603 1652 quidem
623 1618 709 1645 multo
724 1623 786 1646 ante
800 1619 872 1646 dicta
892 1623 966 1652 sunt,
984 1629 1066 1656 quant

287 1661 402 1688 historia
425 1662 645 1696 quinquagesimi
669 1663 765 1697 psalmi
792 1664 970 1700 contingeret.
999 1665 1065 1692 Nam

287 1708 377 1735 adhuc
405 1709 551 1744 superstite
573 1707 654 1735 Saule
675 1715 702 1736 et
728 1711 804 1745 prius
819 1719 900 1745 quam
923 1711 1007 1739 David
1026 1720 1067 1740 re-

286 1756 392 1788 gnaret,
411 1757 437 1780 et
451 1760 494 1780 res
508 1756 594 1788 gesta,
611 1757 637 1780 et
650 1753 771 1788 psalmus
789 1754 877 1782 dictus
893 1760 945 1783 est.
960 1755 998 1783 Ac
1010 1756 1068 1784 diu-

288 1799 378 1826 turnis
402 1804 494 1835 poslea
524 1799 704 1834 temporibus,
734 1804 796 1834 post
824 1800 914 1829 Saulis
949 1801 1065 1835 obitum,

286 1845 487 1880 postremisque
513 1845 588 1880 regni
613 1845 656 1872 sui
684 1846 774 1878 annis,
808 1847 1009 1875 confessionem
1039 1848 1065 1874 in

286 1890 513 1926 quinquagesimo
538 1891 644 1925 psalmo
660 1898 818 1926 expressam
843 1891 927 1920 David
941 1893 1065 1928 protulit,

287 1943 368 1971 quam
394 1941 483 1964 tamen
506 1937 570 1963 huic
594 1937 700 1971 psalmo
717 1938 857 1972 praemisit,
873 1943 983 1974 propter
1006 1939 1066 1975 ejus

286 1990 349 2009 cum
364 1981 574 2017 quadragesimo
596 1990 669 2009 nono
696 1983 802 2017 psalmo
830 1984 1000 2018 allinitatem,
1026 1985 1065 2012 uti

284 2027 342 2062 jam
366 2031 609 2055 commonstratum
635 2033 687 2055 est.
720 2028 820 2056 Psalmi
849 2037 914 2058 vero
943 2038 999 2057 au
1032 2030 1065 2057 ad

287 2080 351 2104 ιιι,
370 2073 466 2108 viginti
492 2081 617 2106 numero,
651 2074 761 2102 Davidis
796 2076 938 2112 inscripti,‘
958 2078 992 2104 ab
1013 2078 1066 2104 alio

288 2118 423 2153 principio
446 2123 634 2153 argumentum
650 2121 767 2148 mutuati
787 2126 869 2154 sunt,
888 2123 1066 2159 videnturque

288 2163 397 2190 vivente
411 2163 499 2190 adhuc
517 2163 599 2192 Saule
616 2166 783 2199 pronuntiati
808 2167 902 2200 fuisse,
921 2173 1063 2204 antequam

288 2209 372 2238 David
392 2215 526 2245 regnaret.
569 2210 636 2237 Nam
661 2212 694 2242 is,
718 2220 797 2246 quem
822 2213 877 2248 jam
905 2218 1063 2246 tractamus.

1119 1622 1243 1657 γλῶσσά
1264 1629 1331 1648 σου.
1356 1622 1411 1648 Καὶ
1430 1621 1551 1648 λέλεκται
1577 1622 1625 1656 μὲν
1651 1621 1686 1648 τὰ
1720 1621 1788 1657 μετὰ
1812 1623 1903 1656 χεῖρας

1120 1667 1187 1693 πολὺ
1208 1667 1339 1702 πρότερον
1369 1669 1424 1698 τοῖς
1449 1667 1553 1703 χρόνοις
1584 1666 1633 1701 τῆς
1664 1667 1785 1702 ἱστορίας
1809 1667 1855 1693 τοῦ
1881 1659 1917 1692 ν”

1120 1711 1237 1746 ψαλμοῦ.
1264 1712 1323 1738 Ἔτι
1340 1711 1393 1746 γὰρ
1407 1711 1506 1744 ζῶντος
1521 1711 1568 1738 τοῦ
1587 1711 1682 1743 Σαοὺλ,
1715 1713 1761 1738 καὶ
1787 1713 1840 1747 πρὸ
1855 1711 1900 1738 τοῦ

1122 1758 1276 1793 βασιλεῦσαι
1290 1758 1334 1784 τὸν
1347 1758 1437 1790 Δαυϊδ,
1453 1758 1501 1784 καὶ
1514 1758 1655 1793 πέπρακτο
1672 1759 1717 1784 καὶ
1733 1758 1835 1794 εἴρητο.
1848 1759 1902 1785 Μα-

1119 1805 1196 1840 κροῖς
1214 1804 1241 1830 δὲ
1259 1804 1369 1839 ὕστερον
1391 1804 1505 1839 χρόνοις,
1524 1804 1592 1839 μετὰ
1613 1803 1657 1830 τὸν
1674 1803 1788 1830 θάνατον
1807 1803 1900 1833 Σαοὺλ.

1119 1850 1166 1877 καὶ
1191 1850 1259 1886 πρὸς
1276 1852 1332 1882 τοῖς
1355 1850 1518 1882 τελευταίοις
1542 1850 1592 1884 τῆς
1618 1849 1699 1876 αὑτοῦ
1721 1849 1866 1884 βασιλείας,
1887 1852 1900 1877 ό

1119 1895 1200 1922 Δαυῖδ
1215 1895 1264 1930 τὴν
1286 1896 1315 1921 ἐν
1330 1894 1368 1930 τῷ
1382 1898 1402 1921 ν’
1422 1896 1537 1921 ποιεῖται
1562 1893 1763 1930 ἐξομολόγησιν,
1777 1895 1810 1931 ἢν
1821 1895 1901 1932 «poin-

1120 1941 1184 1974 ταξε
1222 1941 1266 1968 διὰ
1295 1940 1344 1976 τὴν
1364 1941 1430 1974 πρὸς
1453 1941 1498 1967 τὸν
1525 1940 1569 1976 μθ¹
1596 1940 1701 1975 ψαλμὸν
1729 1940 1898 1973 ἀκολουθίαν,

1119 1985 1212 2021 ὥσπερ
1231 1983 1277 2012 οὖν
1295 1986 1341 2011 καὶ
1363 1985 1557 2011 ἀποδέδεικται.
1579 1986 1610 2011 Οἱ
1633 1985 1655 2011 δ’
1675 1985 1729 2012 ἀπὺ
1751 1985 1798 2012 τοῦ
1815 1989 1838 2012 α’
1856 1985 1900 2012 καὶ

1119 2035 1140 2058 ν’
1159 2032 1204 2058 τὸν
1229 2031 1342 2067 ἀριθμὸν
1365 2031 1461 2062 εἴκοσι,
1486 2029 1533 2056 τοῦ
1557 2030 1637 2057 Δαυτδ
1658 2031 1898 2066 ἐπιγεγραμμένοι,

1121 2078 1201 2113 μέχρι
1216 2077 1262 2103 τοῦ
1282 2080 1302 2103 o'
1323 2076 1352 2109 ἐξ
1373 2076 1466 2112 ἐτέρας
1483 2076 1569 2112 ἀρχῆς
1585 2076 1632 2112 τὴν
1649 2077 1775 2104 ὑπόθεσιν
1792 2077 1900 2113 εἰλήφαι

1120 2130 1177 2148 σιν·
1201 2122 1304 2148 ἐοίκασι
1322 2121 1386 2155 γοῦν
1403 2121 1442 2148 ἔτι
1463 2122 1563 2154 ζῶντος
1584 2122 1669 2148 Σαοὺλ
1688 2122 1822 2157 εἰρῆσθαι,
1838 2123 1900 2158 πρὶν

1119 2167 1135 2202 ἢ
1154 2166 1308 2202 βασιλεῦσαι
1321 2167 1365 2193 τὸν
1386 2167 1475 2193 Δαυΐδ.
1493 2167 1526 2193 ’⁷0
1545 2176 1576 2193 τε
1590 2166 1644 2203 γὰρ
1660 2167 1729 2202 μετὰ
1753 2169 1846 2204 χεῖρας
1861 2169 1898 2194 ἔτι

1120 2212 1216 2244 ζῶντος
1239 2213 1322 2239 Σαοὺλ
1345 2212 1439 2248 ἐλέχθη
1452 2233 1459 2245 ,
1477 2213 1524 2239 Ἑν
1550 2212 1590 2246 τῷ
1612 2213 1711 2240 ἐλθεῖν
1739 2214 1822 2248 Δωὴκ
1848 2214 1900 2240 τὸν

287 2257 397 2284 vivente
416 2255 497 2284 Saule
512 2257 601 2285 dictus
616 2262 667 2289 est,
686 2257 751 2284 Cum
764 2260 831 2285 venit
847 2259 913 2286 Doec
929 2260 1064 2288 Idumaeas

1122 2258 1285 2293 ’Ῑδοινμίιῖον
1307 2259 1353 2285 καὶ
1371 2259 1543 2294 ἀναγγεῖλαι
1568 2258 1607 2292 τῷ
1631 2259 1740 2291 Σαοὺλ,
1760 2260 1804 2286 ὅτι
1827 2257 1897 2295 ἦλθε

286 2307 311 2330 et
325 2303 454 2330 nuntiavit
478 2301 565 2334 Sauli,
579 2311 609 2329 ac
623 2303 690 2330 dixit
714 2305 756 2331 ei:
780 2304 852 2331 Venit
870 2306 955 2333 David
977 2308 1003 2334 in
1017 2307 1065 2334 ἄο-

287 2356 358 2375 mum
373 2348 562 2376 Abimelech".
585 2348 636 2376 Sed
650 2351 731 2377 etiam
745 2358 804 2383 Ltu,
822 2355 888 2378 tunc
903 2354 1063 2387 pronuntia-

287 2399 330 2422 tus
343 2398 395 2427 est,
410 2394 476 2422 Cum
490 2395 617 2422 venissent
632 2395 742 2429 Ζίρίιωί,
759 2401 783 2424 et
796 2396 924 2424 dixissent
936 2399 970 2425 ad
982 2398 1063 2427 Saul:

289 2439 381 2467 Nonne
401 2440 486 2467 David
500 2440 667 2468 absconditus
681 2447 720 2469 est
733 2443 802 2476 apud
814 2452 859 2470 nos
868 2444 909 2470 “?
927 2443 1064 2480 Quinqua-

286 2485 407 2520 gesimus
419 2495 483 2514 vero
497 2487 609 2521 quintus
630 2487 669 2515 sic
696 2489 845 2524 inscriptus
859 2494 919 2517 est:
943 2490 1010 2518 Cum
1026 2496 1065 2518 te-

270 2568 272 2572 .
287 2536 398 2558 nuerunt
412 2531 486 2559 illum
501 2533 634 2569 Allophyli
651 2535 678 2561 in
696 2534 759 2562 Geth
770 2544 779 2562 :
794 2543 848 2570 quo
865 2541 985 2572 tempore
995 2545 1062 2565 nun-

286 2576 350 2603 dum
363 2577 493 2611 regnabat
512 2578 606 2611 David,
624 2579 704 2607 Saule
714 2582 868 2616 superstite.
890 2582 1063 2619 Quinquage-

287 2622 373 2650 simus
386 2627 475 2650 autem
493 2629 584 2652 sextus
596 2625 636 2652 sic
650 2625 756 2652 titulum
775 2627 864 2658 habet,
884 2627 978 2660 David,
1001 2636 1060 2654 cum

285 2670 385 2704 [ngeret
395 2677 411 2695 a
424 2668 491 2702 {acie
501 2669 566 2697 Saul
578 2672 602 2698 in
617 2672 776 2706 speluncam.
792 2671 922 2699 Similiter
937 2678 963 2700 et
982 2681 1058 2704 LVIII.

286 2713 400 2747 Quando
416 2715 486 2740 misit
502 2714 578 2746 Saul,
595 2717 642 2748 ait,
666 2721 690 2743 et
711 2717 847 2744 custodiuit
863 2718 969 2744 domum
992 2718 1058 2752 ejus,

285 2765 315 2786 ut
338 2769 396 2787 eum
410 2761 576 2795 interﬁceret.
603 2761 852 2797 Quinquagesimus
873 2771 935 2790 vero
960 2771 1059 2795 nonus,

285 2805 392 2834 etiamsi
408 2811 470 2841 post
496 2811 611 2834 mortem
632 2807 722 2835 Saulis
751 2809 945 2842 pronuntiatus
967 2809 1058 2840 iuuit,

321 2884 343 2901 θ’
363 2884 372 2912 l
389 2884 451 2920 Reg.
470 2893 534 2919 xxn,
551 2885 624 2913 9-H.
664 2885 684 2900 ⁸¹
705 2885 770 2913 ibid.
790 2885 889 2918 l8,19.
928 2887 949 2901 δ’
968 2885 1040 2914 Psal.
1059 2894 1162 2918 \xxni,
1178 2887 1204 2913 2.

1117 2305 1206 2331 Δαινῒδ
1225 2306 1268 2338 εἰς
1281 2305 1334 2331 τὸν
1355 2303 1437 2332 οἷκον
1458 2305 1620 2340 Ἀϐιμέλεχ.
1643 2305 1722 2331 Ἀλλὰ
1744 2306 1792 2332 καὶ
1813 2307 1826 2333 ὁ
1843 2309 1895 2340 νγ¹·

1123 2351 1170 2377 Ἐν
1192 2350 1231 2382 τῷ
1255 2350 1354 2377 ἐλθεῖν
1382 2350 1451 2383 τοὺς
1475 2351 1633 2384 Ζιφιιίους,
1668 2350 1716 2377 καὶ
1743 2350 1837 2377 εἰπεῖν
1857 2349 1896 2382 τῷ

1117 2396 1229 2422 Σαούλ·
1255 2396 1326 2429 Οὐχὶ
1345 2395 1408 2422 ἰδοὺ
1424 2395 1512 2422 Δαυῒδ
1537 2395 1699 2429 κέκρυπται
1723 2395 1791 2429 παρ’
1811 2395 1897 2430 ὴμῑν;

1117 2442 1216 2477 εἴρητο.
1236 2442 1291 2468 Καὶ
1309 2443 1323 2468 ὁ
1344 2445 1363 2468 ε’
1380 2442 1408 2468 δὲ
1427 2443 1474 2469 καὶ
1487 2445 1523 2469 ν’·
1539 2442 1608 2468 Ὅτε
1623 2441 1792 2476 ἐκράτησαν
1808 2441 1897 2468 αὑτὸν

1117 2489 1144 2514 οἱ
1162 2488 1335 2522 huideva
1360 2488 1394 2515 ὲν
1414 2488 1483 2520 Γὲθ,
1503 2488 1719 2524 ὲπιγέγραπταγ
1744 2487 1777 2524 ἦν
1799 2489 1827 2515 δὲ
1852 2487 1897 2515 καὶ

1115 2532 1191 2565 οὗτος
1207 2538 1220 2563 o’
1239 2534 1332 2570 χρόνος
1355 2535 1369 2560 ὁ
1390 2534 1441 2569 πρὸ
1465 2534 1514 2569 τῆς
1535 2534 1669 2569 βασιλείας
1685 2535 1731 2561 τοῦ
1751 2534 1841 2566 Δαυῖδ,
1857 2533 1895 2560 ἔτι

1115 2579 1161 2605 τοῦ
1179 2579 1263 2606 Σαοὺλ
1283 2579 1422 2615 περιόντος
1436 2579 1475 2614 τῷ
1494 2579 1552 2614 βίῳ.
1572 2580 1618 2606 καὶ
1636 2581 1650 2606 ὸ
1671 2583 1713 2612 νς¹
1736 2579 1894 2615 ἐπιγράφει·

1118 2625 1160 2658 Τῷ
1176 2626 1274 2657 Δαυῒδ,
1288 2626 1323 2652 ἐν
1334 2625 1373 2658 τῷ
1390 2626 1482 2652 αὺτ·”ν
1495 2625 1725 2659 ἀποδιδράσκειν
1735 2626 1793 2652 ἀπὸ
1807 2632 1896 2659 προσ·

1113 2671 1194 2699 ώπου
1222 2671 1320 2698 Σαοὺλ
1345 2673 1389 2704 εις
1410 2671 1441 2698 τὸ
1466 2671 1626 2704 σπήλαιον.
1649 2672 1785 2702 Ὡσαύτως
1809 2672 1855 2698 καὶ
1881 2670 1896 2696 6

1115 2721 1170 2753 νηό
1185 2718 1300 2749 Ὁπότε,
1321 2718 1414 2752 φησιν,
1436 2717 1595 2745 ἀπέστειλε
1614 2718 1728 2749 Σαοὺλ,
1749 2718 1803 2744 καὶ
1828 2717 1895 2751 ego-

1115 2763 1188 2795 ληξε
1203 2764 1255 2790 τὸν
1270 2761 1357 2800 οἴκοις
1367 2763 1469 2795 αὑτοῦ,
1489 2763 1542 2790 τοῦ
1561 2763 1727 2790 θανατῶσαι
1745 2764 1848 2790 αὐτόν.
1863 2762 1894 2788 ’0

1115 2817 1146 2842 γε
1168 2808 1219 2844 μὴν
1242 2809 1325 2840 νϐ’,εί
1342 2810 1388 2836 καὶ
1415 2809 1483 2844 μετᾶ
1506 2809 1550 2835 τὸν
1572 2809 1685 2836 θάνατον
1698 2808 1782 2837 Σαοὺλ
1795 2808 1894 2844 ετρητο,

1244 2887 1265 2901 θλ
1286 2886 1374 2922 ΙΙζι-ς.
1395 2895 1450 2920 ut,
1471 2887 1494 2914 ί.
1533 2888 1554 2903 ⁸⁸
1574 2886 1640 2914 ibid.
1660 2885 1699 2913 ll.
