2064 3212
192 169 247 197 “5

748 167 997 198 COMMENTARIA
1015 169 1049 197 IN
1069 168 1237 198 PSALMOS.
1282 162 1322 200 ﬂ

1746 169 1801 198 ιω

191 228 242 264 ἥδη
259 228 442 263 βασιλευοντος
457 226 502 255 τοῦ
518 227 606 260 Δαυῖδ,
618 227 688 255 una:
706 228 752 255 καὶ
766 229 846 261 αὐτὸς
859 229 911 264 πρὸ
923 230 970 265 τῆς

1020 230 1076 264 jam
1090 232 1223 264 regnante
1241 228 1343 257 Davide
1361 239 1368 263 ;
1384 233 1412 256 at
1424 229 1482 264 ipse
1499 236 1606 265 quoque
1620 234 1684 256 ante
1698 228 1800 257 admis-

192 275 262 302 κατὰ
274 274 320 301 τὸν
336 274 436 310 Οὐρίαν
450 273 574 310 πράξεως
583 283 590 290 ·
605 273 620 300 ὃ
635 274 666 310 δὴ
682 274 842 310 σημαίνεται
853 275 906 301 ἀπὸ
917 275 967 310 τῆς

192 320 364 355 προγραφῆς,
375 320 435 354 ἥτις
446 319 520 354 δηλοῖ
531 319 574 346 τὸν
590 320 682 355 χρόνον
695 320 833 353 φάσκουσα
842 328 848 334 '
869 321 970 346 Ὁπότε

190 366 348 399 ἐνεπύρισε
371 365 427 398 τὴν
447 364 675 399 Μεσοποταμίαν
698 365 820 398 Σιιρίας,
843 365 890 391 καὶ
914 364 970 398 τὴν

192 411 302 444 Συρίαν
324 410 423 443 Σωϐιῐ,
448 411 495 437 καὶ
518 410 706 444 ἀπέστρεψεν
728 411 806 437 Ἰωὰϐ
829 412 876 439 καὶ
900 411 970 437 ἑπά-

191 458 262 489 ταεε
284 457 341 491 τὴν
356 456 489 491 φάραγγα
511 457 569 483 τῶν
578 457 676 489 Ἁλῶν,
693 457 804 484 δώδεκα
820 457 968 491 χιλιάδας.

191 501 282 529 Ταῦτα
306 502 334 528 δὲ
353 503 408 533 τοῖς
425 502 529 537 χρόνοις
551 501 664 537 προάγει
684 502 732 537 τὴν
747 502 774 527 ἐν
785 501 823 536 τῷ
835 505 856 527 ν’
871 501 969 537 ψαλμῷ

191 547 390 583 ἐξομολόγησιν.
406 548 465 574 Ἔτι
482 548 533 582 μὴν
550 548 595 574 καὶ
610 549 624 574 ὁ
638 548 675 581 ξδ’
695 548 798 583 ῷαλμὸς
820 548 914 583 ἐλέχθη
931 547 970 583 τῷ

191 592 270 620 Δαυτδ
281 593 316 619 ἐν
332 592 371 625 τῷ
383 591 458 619 εἶναι
478 593 571 619 αὐτὸν
591 594 625 619 ἐν
643 593 678 626 τῇ
699 593 795 627 ἐρήμῳ
811 593 864 626 τῆς
883 593 969 620 Ἰδου-

191 638 288 671 μαίας,
304 637 402 669 ζῶντος
423 638 461 664 ἔτι
482 638 527 664 τοῦ
546 638 637 665 Σαούλ.
653 639 706 664 Καὶ
721 639 769 665 θέα
790 639 862 670 ὅπως
879 639 969 673 σχεδὸν

191 685 214 710 οι
231 683 349 710 πλεῖστοι
363 683 409 710 τοῦ
424 683 546 719 δευτέρου
565 685 662 719 μέρους
674 685 723 719 τῆς
738 684 825 719 βίἦλου
836 684 889 711 τῶν
902 684 968 718 ψαλ-

191 729 248 765 μῶν
261 728 307 756 τοῦ
315 729 405 761 Δαυῒδ,
417 731 550 765 παρεκτὸς
560 730 605 756 τοῦ
623 734 654 762 ν’,
669 731 731 761 τοὺς
747 730 883 765 πρόπαλαι
895 731 970 766 εἰρη-

192 774 288 810 μένους
303 775 376 811 αὐτῷ
389 776 441 811 πρὸ
459 776 512 802 τῶν
529 777 630 811 χρόνων
646 776 694 811 τῆς
713 776 783 803 κατὰ
804 777 848 802 τὸν
871 777 969 811 Οὐρίαν

190 821 314 857 πράξεως
330 822 528 856 περιειλήφασι,
546 822 581 847 Τό
593 830 623 855 γε
641 822 691 856 μὴν
707 822 811 857 πρῶτον
828 822 907 857 μέρος
921 823 970 858 τῆς

191 867 274 902 αὐτῆς
289 866 379 901 βίϐλου
399 867 428 893 τὸ
451 867 504 893 ἀπὸ
527 867 633 903 πρώτου
656 868 703 894 καὶ
721 868 799 903 μέχρι
818 872 843 903 μ’
865 869 914 903 τὴν
928 869 970 894 ὲν-

190 912 282 939 αντίαν
298 910 354 947 εἶχε
372 912 463 944 τάξιν·
479 914 542 944 τοὺς
561 913 614 948 γὰρ
630 914 699 948 μετὰ
718 914 765 949 τὴν
781 914 970 949 ἐξομολόγησιν
985 924 1006 950 Β

188 957 236 984 τοῦ
252 961 272 984 ν’
290 958 376 984 ἐκεῖνο
391 960 509 994 περιεῖχε
524 959 554 984 τὸ
572 959 661 994 μέρος.
686 959 714 985 '0
726 960 790 993 γοῦν
806 960 894 995 τρίτος
905 959 970 994 ψαλ-

191 1003 240 1038 μὸς
260 1003 369 1029 λέλεκτο
395 1003 434 1037 τῷ
453 1003 548 1035 Δαυῖδ,
568 1004 656 1030 ὁπότε
676 1004 891 1037 ἀπεδίδρασκεν
911 1004 969 1031 ἀπὸ

190 1050 350 1084 προσώπου
369 1051 555 1083 Ἆϐεσσωῑὼιι
578 1051 630 1077 τοῦ
650 1051 716 1077 vim?
733 1051 833 1077 αὑτοῦ.
852 1052 970 1085 "ane-{5

189 1095 216 1122 δὲ
232 1096 277 1122 τὸν
288 1096 344 1122 υίὺν
361 1096 429 1131 μετὰ
443 1096 489 1131 τὴν
498 1096 614 1131 ἱστορίαν
621 1096 666 1122 τοῦ
681 1097 787 1132 Οὐρίου.
798 1096 876 1123 Ἀλλὰ
884 1097 930 1123 καὶ
942 1098 970 1123 ἐν

189 1140 227 1176 τῷ
240 1145 266 1173 ς’
280 1142 328 1176 τῆς
339 1142 422 1175 αὐτῆς
438 1142 516 1167 ἕνεκα
528 1142 650 1176 πράξεως
663 1142 748 1168 ἁπεκλ
754 1142 860 1177 tis-:01“)
869 1143 967 1176 λέγων·

196 1187 355 1214 Ἐκοπίασα
367 1187 401 1213 ὲν
414 1186 453 1219 τῷ
466 1186 619 1220 στεναγμῷ
630 1196 686 1221 μου
696 1207 702 1218 ,
719 1188 819 1214 λούσω
836 1188 898 1214 καθ’
907 1187 971 1213 ἐχά-

189 1241 267 1267 στην
280 1234 373 1260 νύκτα
385 1233 442 1266 τὴν
454 1234 562 1266 κλίνην
573 1242 641 1267 μου,
654 1233 688 1259 ἐν
704 1232 830 1266 δάκρυσί
841 1242 900 1267 μου
914 1233 970 1266 τὴν

190 1279 347 1314 στρωμνήν
357 1288 416 1314 μου
427 1279 535 1312 βρέξω.
554 1280 606 1305 Καὶ
618 1280 631 1305 ὁ
644 1279 665 1310 ζ’
678 1279 705 1305 δέ
716 1287 723 1293 ·
747 1278 828 1312 Ὑπὲρ
849 1278 907 1304 τῶν
921 1279 970 1305 λό-

190 1333 250 1360 γων
275 1325 367 1351 Χουσὶ
392 1325 457 1352 υἱοῦ
477 1325 589 1359 Ἰεμινεὶ
612 1324 788 1359 λελεγμένος,
808 1324 860 1350 τῶν
881 1324 969 1350 αὐτῶν

190 1370 233 1405 εἴη
248 1370 280 1397 ἂν
297 1371 408 1406 χρόνων.
427 1371 509 1397 Χουσὶ
527 1370 581 1406 γὰρ
597 1372 766 1405 ἀρχιεταῖρος
785 1369 904 1404 γεγονὼς
923 1370 968 1396 τοῦ

190 1417 279 1448 Δαυῒδ,
301 1417 340 1452 τῷ
361 1417 535 1452 Ἀδεσσαλὼμ
559 1417 722 1450 συνεγένετο.
746 1417 805 1442 Ἔτι
824 1417 875 1451 μὴν
896 1417 941 1443 καὶ
956 1418 970 1442 ὁ

193 1461 224 1494 ιζ’
242 1462 425 1489 ἀποδέδεικται
448 1463 511 1497 περὶ
527 1462 559 1488 τὰ
576 1461 716 1488 τελευταῖα
735 1462 783 1496 τῆς
806 1462 878 1497 ζωῆς
891 1462 970 1488 Δαυῖδ

190 1507 358 1543 λελεγμένος.
381 1508 458 1534 Ἀλλὰ
486 1508 531 1534 καὶ
554 1509 568 1534 ὁ
594 1508 641 1539 λζ’,
670 1508 903 1543 ἐπιγεγραμμένος
927 1508 970 1540 είς

190 1553 367 1588 ἀνάμνησιν,
382 1553 429 1589 τὴν
441 1553 523 1588 αὐτὴν
541 1553 608 1588 ἔχων
621 1553 737 1578 διάνοιαν
751 1553 789 1587 τῷ
804 1554 841 1585 ς’,
859 1553 969 1588 ἄρχεται

191 1599 240 1635 μὲν
255 1599 308 1625 ἀπὸ
327 1599 380 1626 τῶν
392 1599 479 1625 αὐτῶν
500 1599 626 1635 ῥημάτων
643 1599 743 1633 λέγων·
762 1599 857 1632 Κύριε,
873 1598 914 1633 μὴ
931 1597 970 1630 τῷ

191 1644 271 1679 θυμῷ
284 1652 342 1672 σου
355 1645 479 1679 ἐλέγξῃς
489 1654 537 1679 με,
555 1644 631 1679 μηδὲ
647 1644 682 1678 τῇ
697 1644 768 1679 ὀργῇ
785 1654 842 1671 σου
855 1643 969 1670 παιδεύ-

189 1698 250 1724 σῃς
260 1699 307 1725 με.
323 1691 427 1726 Προϊὼν
454 1691 482 1717 δὲ
506 1691 554 1726 τὴν
576 1691 659 1726 αὐτὴν
684 1691 874 1726 ἐξομολόγησιν
891 1692 923 1726 τῇ
941 1691 969 1716 ὲν

188 1736 259 1772 τῷν¹
273 1737 407 1772 φερομένῃ
425 1738 538 1763 ποιεῖται
556 1736 584 1763 ἕν
599 1745 629 1762 τε
645 1738 700 1767 τοῖς
717 1736 805 1768 ἄλλοις
821 1738 867 1762 καὶ
883 1736 916 1762 δι’
933 1733 969 1763 ὦν

189 1790 288 1817 φησιν·
305 1782 366 1808 Ὅτι
381 1783 409 1808 al
430 1782 545 1816 ἀνομίαι
560 1791 618 1816 μου
638 1781 792 1816 ὑπερῆσαν
807 1781 864 1815 τὴν
880 1790 969 1815 κεφα-

189 1827 250 1861 λήν
263 1835 334 1862 μου.
348 1826 542 1862 Προσώζὲσαν
555 1827 603 1853 καὶ
617 1827 776 1860 ἐσάπησιιν
789 1829 814 1853 ol
827 1826 969 1861 μώλωπές

186 1882 247 1909 μου
267 1874 326 1901 ἀπὸ
340 1874 498 1908 προσώπου
516 1873 570 1907 τῆς
588 1874 760 1907 ἀφροσύνης
772 1882 840 1907 μου.
861 1873 915 1899 Καὶ
938 1873 970 1899 σὺ

188 1919 212 1945 δ’
228 1919 261 1946 ἂν
275 1919 344 1946 κατὰ
362 1920 457 1946 σαυτὸν
476 1919 635 1953 συναγαγὼν
652 1919 740 1954 εὕροις
757 1918 789 1946 ἂν
808 1919 842 1945 τὰ
860 1919 970 1945 πλεῖστα

189 1965 243 1991 τῶν
255 1965 284 1992 ὲν
294 1965 333 2001 τῷ
349 1965 448 2001 πρώτῳ
464 1966 539 2000 μέρει
560 1965 613 1992 τῶν
630 1965 742 2000 ψαλμῶν
756 1965 823 2000 μετὰ
835 1965 897 1996 τοὺς
910 1965 971 1999 χρό-

189 2020 252 2043 νους
271 2011 319 2047 τῆς
335 2012 402 2038 κατὰ
415 2012 460 2038 τὸν
476 2012 575 2047 Οὐρίαν
595 2011 714 2046 ἱστορίας
735 2011 874 2046 εἰρημένα,
891 2011 924 2036 τὰ
943 2010 970 2036 δὲ

191 2056 260 2091 μετὰ
271 2056 317 2083 τὴν
329 2060 351 2083 ν’
365 2058 420 2088 τοῖς
434 2057 538 2092 χρόνοις
551 2056 703 2092 προάγοντα
714 2056 763 2091 τὴν
779 2056 848 2082 κατὰ
863 2056 907 2082 τὸν
920 2056 970 2082 Οὑ-

192 2101 250 2136 ρίαν
265 2101 418 2137 πρᾶξιν.’Τί
431 2102 528 2138 δήποτε
541 2100 586 2128 οὖν
603 2103 633 2128 οὺ
653 2101 722 2128 κατὰ
739 2101 787 2135 τὴν
801 2101 855 2127 τῶν
869 2101 970 2136 χρόνων

189 2146 348 2174 ἀκολουθίαν
361 2148 385 2173 ot
397 2146 498 2182 πρῶτοι
515 2148 569 2178 τοῖς
587 2147 690 2182 χρόνοις
706 2146 808 2182 πρῶτοι
823 2147 971 2180 κατετάγη-

191 2200 254 2219 σαν·
268 2191 324 2219 ἀλλ’
337 2192 362 2218 οἱ
380 2192 428 2227 τὴν
441 2191 542 2227 πρῶτοι
555 2191 709 2226 λελεγμένοι
723 2192 761 2217 ἔτι
778 2191 876 2222 ζῶντος
887 2191 970 2216 Σαοὺλ

190 2237 219 2263 ὲν
231 2236 270 2272 τῷ
279 2237 395 2272 δευτέρῳ
407 2237 483 2272 μέρει
496 2237 549 2263 τῶν
560 2236 687 2271 ψαλμῶν·
701 2237 729 2261 ὲν
741 2236 768 2262 δὲ
781 2235 820 2270 τῷ
835 2235 933 2270 πρώτῳ
947 2236 970 2261 οἱ

1021 283 1082 302 sum
1095 275 1123 302 in
1143 275 1236 303 Uriam
1252 274 1359 303 facinus
1375 275 1465 303 editus
1480 280 1536 303 est:
1551 275 1625 310 quod
1639 283 1672 302 ex
1695 275 1798 302 inscri-

1020 321 1111 355 ptione
1134 320 1312 356 signiﬁcatur,
1342 321 1473 355 temporis
1508 324 1600 347 notam
1628 321 1731 347 ferente
1755 319 1802 347 his

1020 366 1127 392 verbis:
1152 364 1218 392 Cum
1239 365 1372 391 succendit
1397 364 1617 398 Mesopotamiam
1648 364 1742 399 Syriae,
1772 369 1798 391 et

1020 410 1126 445 Syriam
1150 409 1220 437 Saba
1243 415 1293 437 :et
1312 418 1449 437 conversus
1467 409 1534 436 Joab
1558 411 1683 443 percussit
1704 410 1798 437 uallem

1021 455 1187 488 Saliuarum,
1203 456 1340 483 duodecim
1362 456 1457 483 millia.
1482 456 1544 483 llaec
1572 463 1653 490 porro
1676 460 1798 490 tempore

1019 505 1181 535 praivertunt
1195 501 1392 528 confessionem
1415 500 1443 527 in
1463 508 1479 527 L
1505 500 1607 535 psalmo
1624 499 1731 526 iactam.
1750 500 1790 525 ιιιι

1019 553 1102 580 super
1120 553 1175 572 Lxu
1192 553 1207 571 a
1235 544 1336 571 Davide
1346 544 1436 572 dictus
1449 549 1567 576 est,cuut
1580 548 1646 570 esset
1660 543 1687 569 in
1698 542 1801 569 desertor

1020 591 1156 623 Idumwaz,
1175 592 1282 618 vivente
1310 590 1399 618 adhuc
1421 591 1512 618 Saule.
1540 591 1579 618 Ac
1594 589 1662 616 mihi
1683 596 1799 624 perpen-

1019 637 1069 664 das
1086 637 1176 668 velim,
1196 645 1250 672 quo
1273 640 1351 671 pacto
1372 637 1494 672 plerique
1518 637 1545 663 in
1575 635 1694 663 secunda
1722 638 1799 670 parte

1019 683 1091 713 libri,
1107 684 1274 718 psalmorum
1304 682 1414 710 Davidis
1440 681 1521 717 positi
1548 681 1656 716 psalmi,
1684 683 1799 714 excepto

1020 729 1259 764 quinquagesimo,
1273 737 1321 757 eos
1344 729 1390 764 qui
1413 729 1447 755 ab
1471 728 1532 763 ipso
1549 727 1596 754 diu
1611 731 1673 754 ante
1692 730 1803 761 tempus

1019 775 1087 809 gesti
1104 775 1131 801 in
1148 774 1238 801 Uriam
1257 773 1385 801 facinoris
1408 772 1575 808 pronuntiati
1595 772 1712 802 fuerant,
1730 778 1799 806 prae-

1020 820 1224 855 occupaveriut.
1261 819 1351 846 Prima
1381 827 1446 846 sane
1470 826 1533 853 pars
1557 817 1678 852 ejusdem
1703 817 1765 844 libri
1784 824 1800 843 a

1021 866 1108 900 primo
1131 866 1164 892 ad
1182 865 1433 900 quadragesimum,
1449 864 1618 891 contrarium
1629 863 1710 890 habet
1724 862 1800 889 ordi-

1020 918 1098 937 nem:
1117 918 1233 945 namque
1245 918 1307 945 pars
1326 910 1370 936 illa
1385 917 1443 941 eos,
1455 909 1502 944 qui
1517 912 1579 944 post
1599 907 1799 935 confessionem

1019 956 1235 991 quinquagesimi
1262 955 1358 990 psalmi
1390 955 1455 982 dicti
1484 959 1558 986 sunt,
1596 953 1800 988 complectitur-

1021 1001 1128 1029 Tertius
1144 1002 1234 1036 itaque
1250 1002 1371 1036 psalmus
1391 1008 1406 1027 a
1418 1000 1516 1028 Davide
1537 999 1730 1034 pronuntiatus
1744 1001 1798 1029 est.

1020 1056 1078 1075 eum
1099 1049 1198 1084 fugeret
1213 1058 1228 1075 a
1240 1048 1308 1082 facie
1328 1047 1469 1074 Absalonis
1488 1046 1538 1080 ﬁlii
1553 1046 1605 1072 sui.
1623 1044 1701 1080 Fugit
1710 1048 1799 1070 autem

1021 1101 1035 1120 a
1054 1094 1109 1121 ﬁlio
1127 1100 1187 1129 post
1211 1094 1357 1122 historiam
1384 1092 1465 1120 Urize.
1491 1091 1547 1119 lmo
1563 1091 1645 1118 etiam
1668 1091 1694 1117 in
1723 1093 1800 1117 sexto

1020 1149 1069 1176 pro
1089 1142 1182 1169 eodem
1212 1141 1335 1168 facinore
1359 1140 1440 1167 ﬂebat
1476 1139 1589 1166 dicens:
1616 1137 1744 1164 Laboravi
1772 1137 1800 1163 in

1020 1189 1116 1223 gemitu
1142 1196 1218 1215 meo:
1249 1187 1340 1214 lavabo
1371 1195 1417 1221 per
1450 1185 1568 1219 singulas
1592 1190 1679 1211 noctes
1706 1183 1800 1210 lectum

1020 1241 1122 1265 meum;
1157 1233 1280 1268 lacrymis
1316 1233 1378 1258 meis
1413 1236 1526 1258 stratum
1553 1237 1638 1256 meum
1666 1228 1754 1263 rigaba
1767 1227 1799 1254 ".

1021 1279 1158 1314 Septimus
1188 1279 1270 1309 item,
1295 1286 1341 1311 pro
1378 1277 1461 1304 verbis
1500 1276 1581 1303 Chusi
1611 1275 1661 1310 ﬁlii
1703 1273 1801 1300 Jemini

1020 1323 1119 1355 dictus,
1137 1322 1258 1357 ejusdem
1284 1321 1414 1355 temporis
1432 1320 1522 1347 fuerit.
1549 1319 1632 1347 Chusi
1659 1317 1732 1345 enim
1754 1315 1800 1351 qui

1020 1368 1145 1403 princeps
1167 1368 1317 1394 amicorum
1342 1366 1425 1393 David
1448 1365 1554 1395 fuerat,
1581 1371 1643 1391 cum
1667 1361 1801 1389 Absalone

1017 1414 1131 1448 junctus
1147 1417 1198 1440 est.
1214 1413 1246 1438 Et
1257 1413 1312 1447 jam
1328 1412 1436 1447 quidem
1452 1413 1692 1438 commonstratum
1705 1412 1746 1435 est
1754 1407 1801 1434 de-

1020 1460 1119 1487 cimum
1135 1459 1279 1493 septimum
1297 1458 1370 1484 circa
1382 1457 1462 1484 ﬁnem
1476 1457 1537 1483 vita:
1547 1455 1631 1482 David
1643 1455 1744 1481 dictum
1759 1452 1801 1479 fu-

1020 1505 1084 1532 isse.
1111 1503 1295 1537 Similiterque
1311 1501 1466 1529 tricesimus
1489 1500 1635 1535 septimus,
1653 1498 1800 1532 inscriptus

1020 1549 1046 1575 in
1063 1548 1314 1578 rememorationem,
1330 1545 1451 1574 eamdem
1472 1544 1618 1580 praferens
1639 1551 1719 1578 quam
1741 1550 1801 1570 sex—

1021 1598 1065 1621 tus
1078 1593 1251 1624 sententiam,
1269 1592 1365 1619 iisdem
1386 1591 1477 1618 verbis
1504 1589 1598 1624 incipit
1616 1589 1708 1615 dicens
1723 1597 1728 1614 :
1746 1587 1801 1614 Do-

1020 1640 1105 1671 mine,
1128 1647 1160 1665 ne
1174 1638 1201 1665 in
1213 1638 1302 1672 furore
1318 1643 1361 1664 tuo
1378 1644 1475 1671 arguas
1490 1643 1547 1667 me,
1564 1642 1644 1669 neque
1657 1634 1686 1660 in
1700 1633 1741 1660 ira
1756 1637 1801 1659 tua

1020 1684 1148 1718 corripias
1164 1692 1213 1711 me.
1229 1683 1257 1709 ιιι
1268 1682 1445 1717 sequentibus
1457 1688 1521 1708 vero
1534 1680 1666 1711 eamdem,
1682 1685 1762 1713 quam
1775 1678 1802 1704 in

1021 1730 1124 1764 psalmo
1139 1728 1366 1764 quinquagesimo
1376 1747 1384 1759 ,
1400 1719 1599 1753 confessionem
1613 1724 1686 1756 edit,
1703 1724 1760 1752 sive
1775 1723 1802 1750 in

1021 1775 1098 1806 aliis,
1123 1775 1180 1802 sive
1195 1774 1222 1801 in
1239 1774 1290 1801 hoc
1310 1774 1381 1800 dicto
1399 1782 1406 1799 :
1424 1772 1556 1804 Quoniam
1572 1770 1724 1805 iniquitates
1740 1776 1803 1795 mete

1021 1828 1193 1855 supergressa:
1216 1824 1277 1846 sunt
1300 1822 1378 1853 caput
1403 1825 1498 1843 meum.
1527 1816 1686 1842 Putruerunt
1703 1819 1728 1840 et
1745 1822 1803 1840 των-

1021 1870 1105 1900 ruptte
1120 1871 1179 1892 sunt
1193 1865 1328 1892 cicatrices
1340 1872 1402 1891 mea:
1418 1872 1433 1890 α
1445 1863 1512 1897 [acie
1527 1861 1683 1894 insipientior
1694 1868 1757 1887 mea:
1770 1860 1800 1886 ".

1019 1912 1058 1939 Ac
1074 1912 1097 1939 si
1112 1911 1205 1938 eadem
1223 1919 1270 1946 per
1284 1914 1310 1937 te
1323 1909 1436 1943 colligas
1447 1927 1454 1939 ,
1477 1907 1560 1934 multa
1583 1906 1611 1932 in
1629 1905 1715 1940 prima
1727 1909 1803 1940 parte

1020 1956 1082 1984 libri
1098 1956 1264 1991 psalmorum
1277 1953 1476 1988 deprehendas,
1494 1959 1553 1987 quae
1564 1954 1626 1986 post
1639 1954 1746 1985 tempus
1762 1949 1803 1976 hi-

1021 2002 1111 2030 storiae
1133 2001 1167 2028 de
1194 2001 1258 2028 Uria
1280 2000 1387 2035 prolata
1413 2001 1496 2031 sunt,
1523 2001 1605 2032 atque
1624 2003 1655 2023 ea
1667 2003 1727 2030 qua:
1743 1999 1804 2030 post

1020 2047 1273 2082 quinquagesimum
1290 2045 1376 2080 posita
1393 2047 1475 2076 sunt,
1498 2046 1603 2078 gestum
1618 2041 1645 2067 in
1659 2040 1750 2067 Uriam
1763 2039 1804 2066 fa-

1021 2093 1098 2120 cinus
1123 2097 1242 2127 tempore
1263 2096 1426 2126 praevertere
1448 2087 1611 2124 comperies.
1637 2086 1707 2119 Quid
1721 2085 1804 2121 igitur

1021 2146 1109 2165 causae
1124 2142 1175 2170 est,
1196 2137 1269 2172 quod
1290 2144 1344 2164 non
1361 2134 1512 2163 secundum
1526 2138 1679 2168 temporum
1693 2131 1802 2162 seriem,

1021 2184 1066 2219 qui
1084 2184 1163 2219 primi
1179 2187 1300 2217 tempore
1314 2186 1378 2210 sunt
1390 2202 1397 2214 ,
1412 2180 1493 2216 primi
1508 2179 1589 2214 positi
1606 2178 1676 2210 sint,
1692 2177 1739 2205 sed
1757 2178 1802 2212 qui

1022 2230 1112 2264 primi.
1130 2229 1278 2264 superstite
1291 2227 1373 2254 Saule
1385 2226 1452 2254 dicti
1467 2229 1540 2257 sunt,
1559 2224 1585 2251 in
1600 2223 1718 2251 secunda
1731 2223 1804 2257 psal-

190 2283 244 2313 τοῖς
257 2281 362 2317 χρόνοις
384 2281 509 2313 ’ύστατοις
534 2281 652 2316 ἡγοῦμαι
667 2281 695 2307 δὲ
715 2280 815 2315 ταύτην
834 2280 969 2315 εἰληφέναι

1022 2284 1128 2303 morum
1145 2279 1222 2310 parte
1239 2274 1294 2301 sint
1310 2273 1467 2305 constituti;
1481 2276 1507 2299 et
1522 2272 1549 2298 in
1563 2270 1660 2305 prima,
1676 2268 1721 2304 qui
1736 2272 1804 2295 tem-

189 2326 238 2362 τὴν
260 2326 346 2359 τάξιν,
365 2326 402 2358 ὡς
423 2327 455 2353 ἂν
478 2327 514 2361 μὴ
533 2327 587 2352 ἀπὸ
612 2326 665 2352 τῶν
691 2326 851 2361 κρειττόνων
873 2326 918 2350 ἐπὶ
939 2325 972 2351 τὰ

190 2373 273 2408 χείρω
285 2373 392 2407 φέροιτο
408 2373 421 2399 ό
439 2372 516 2406 λόγος
525 2381 531 2386 ·
547 2372 576 2398 τὸ
587 2372 650 2407 γὰρ,
664 2373 706 2404 εις
720 2371 751 2397 τὸ
765 2371 850 2403 τέλος
860 2371 903 2405 μὴ
911 2371 973 2397 δια-

190 2417 323 2452 φθείρῃς,
342 2418 387 2444 καὶ
410 2417 454 2444 ἐπὶ
474 2417 523 2451 τῆς
535 2417 589 2443 τῶν
605 2416 718 2452 ψαλμῶν
733 2416 835 2448 τάξεως
856 2415 973 2449 πεφυλά-

190 2462 252 2497 χθαι
262 2463 358 2490 ἔοικεν.
376 2464 420 2490 Διὸ
441 2463 486 2490 καὶ
503 2463 536 2489 τὰ
552 2463 761 2498 σκυθρωπότερα
780 2462 874 2498 πρῶτα
888 2461 973 2488 τέθει-

189 2515 247 2534 ται’
265 2507 309 2535 ἵνα
324 2507 436 2543 δεύτερα
451 2508 485 2534 τὰ
497 2508 664 2543 χρηστότερα
686 2507 816 2542 φυλαχθῇ,
837 2506 970 2533 καλυπτο-

191 2552 278 2587 μένων
294 2554 341 2580 καὶ
350 2553 581 2588 ὲξαφανιζομένων
595 2552 648 2579 τῶν
664 2553 801 2588 χειρόνων,
817 2552 860 2578 διὰ
871 2552 923 2577 τῶν
943 2551 971 2577 ὲν

189 2599 245 2630 τοῖς
267 2598 403 2633 δευτέροις
429 2599 597 2633 κρειττόνων.
628 2598 706 2629 Εἰκὸς
731 2598 757 2624 δὲ
780 2597 824 2623 τὸν
842 2597 921 2623 Asti/£6
942 2596 972 2622 τὸ

189 2643 382 2680 πλημμεληθὲν
395 2645 468 2680 αὑτῷ
485 2645 595 2680 ὕστερον
611 2644 654 2670 διὰ
667 2643 719 2669 τῶν
737 2643 874 2678 προτέρων
891 2641 972 2669 αὑτοῦ

188 2690 406 2726 κατορθωμάτων
421 2691 520 2718 ἐθέλειν
536 2690 690 2717 καλύπτειν.
703 2689 778 2716 Εἴποι
788 2690 809 2716 δ’
821 2689 852 2716 ἄν
866 2697 918 2720 τις,
932 2688 972 2714 ὅτι

225 2769 248 2786 ⁶¹
266 2768 338 2798 Psal.
355 2777 398 2801 vi,
418 2768 444 2795 'l.
482 2768 504 2784 “
523 2767 595 2795 Psal.
613 2775 721 2801 xxxvu,
740 2768 766 2800 5,
786 2767 813 2794 6.

1023 2328 1088 2355 pore
1102 2314 1266 2355 posteriores
1277 2319 1370 2346 erant?
1385 2318 1442 2352 Ego
1455 2324 1518 2344 vero
1533 2316 1650 2342 arbitror
1661 2314 1721 2341 ideo
1732 2313 1803 2341 hunc

1023 2366 1144 2393 ordinem
1161 2370 1298 2400 sumptum
1314 2371 1385 2395 esse,
1401 2368 1431 2388 ut
1448 2369 1481 2388 nc
1497 2369 1511 2387 a
1526 2358 1758 2395 praestantioribus
1770 2359 1803 2386 ad
1853 2384 1855 2387 ,

1024 2411 1118 2446 pejora
1146 2418 1234 2438 sermo
1251 2409 1411 2436 declinaret.
1436 2405 1504 2432 Illud
1520 2404 1591 2431 enim
1609 2413 1616 2430 :
1632 2402 1664 2429 1η
1679 2403 1756 2437 ﬁnem
1773 2411 1804 2430 ne

1024 2456 1173 2492 disperdas,
1185 2456 1266 2482 etiam
1282 2461 1331 2489 pro
1344 2453 1508 2487 psalmorum
1526 2448 1620 2476 ordine
1632 2448 1803 2476 observatum

1026 2504 1144 2531 videtur.
1175 2501 1264 2534 Quare
1279 2500 1398 2527 tristiora
1414 2497 1502 2533 primo
1516 2495 1603 2531 posita
1615 2499 1694 2526 sunt,
1710 2499 1739 2522 ut
1753 2494 1803 2521 mi-

1025 2550 1095 2576 tiora
1110 2556 1159 2583 pro
1180 2546 1308 2575 secundis
1322 2548 1505 2575 servarentur,
1525 2541 1669 2569 oecultatis
1682 2544 1708 2568 et
1723 2540 1803 2568 oblit-

1025 2596 1121 2622 teratis
1136 2593 1274 2629 pejoribus
1289 2600 1337 2628 per
1351 2590 1461 2618 meliora
1481 2589 1525 2615 illa
1548 2587 1667 2616 secundo
1682 2588 1741 2614 loco
1755 2594 1804 2621 po.

1025 2642 1088 2669 sita.
1111 2640 1264 2668 Verisimile
1280 2642 1368 2666 autem
1382 2640 1424 2664 est
1437 2635 1564 2662 Davidem
1579 2634 1613 2661 ab
1627 2641 1656 2661 se
1668 2636 1802 2668 patratum

1025 2691 1119 2723 postea
1132 2686 1238 2714 facinus
1254 2693 1301 2720 per
1315 2684 1405 2719 priora
1417 2682 1461 2709 illa
1477 2680 1546 2708 bona
1560 2687 1641 2716 opera
1653 2683 1743 2715 tegere
1757 2685 1804 2704 vo-

228 2845 264 2881 (t)
283 2846 323 2872 lta
342 2845 496 2881 frequenter
517 2846 544 2873 in
559 2849 610 2874 hoc
633 2847 829 2873 commentario
851 2846 970 2873 ἀποκλάο

1020 2865 1033 2876 .,
1054 2852 1103 2880 pro
1120 2843 1303 2878 ἀποκλαίομαι
1328 2842 1439 2876 legitur.
1453 2844 1480 2869 et
1502 2838 1614 2873 quidem
1633 2837 1659 2864 in
1676 2834 1802 2863 omnibus

192 2881 403 2916 manuscriptis.
