2064 3212
291 177 343 205 4ίῖ

631 178 765 207 EUSEBII
784 179 1024 208 CESARIENSIS
1041 179 1119 208 OPP.
1133 180 1223 208 PARS
1242 180 1286 208 lll.
1305 195 1342 202 —
1360 174 1574 212 EXEGETICA:

1851 184 1908 216 448

298 239 389 266 luisse.
415 241 507 266 Potest
523 238 606 265 etiam
626 238 692 270 dici,
707 247 740 267 ex
761 239 870 266 sublimi
886 240 986 274 pietate
998 239 1072 267 Davi-

1130 240 1190 267 καθ’
1205 240 1355 275 ὑπερὸολὴν
1367 240 1506 270 εὐλαϐείας
1519 239 1628 275 πρώτας
1644 242 1737 268 ἔταττε
1753 240 1802 272 τὰς
1816 240 1915 275 ἐξομο-

297 285 355 312 dem
371 284 559 312 confessiones
575 291 639 312 suas
654 285 757 319 primas
767 286 906 318 statuisse,
917 287 980 320 quia
988 286 1078 321 justus

296 331 320 357 in
337 331 465 364 principio
480 331 609 358 sermonis
624 335 765 358 acrusator
778 336 817 358 est
831 332 912 358 sui".
925 331 992 359 Cum
1004 336 1079 359 tanta

295 383 376 411 porro
391 377 426 404 de
438 376 534 404 ordine
557 376 724 411 psalmorum
741 384 756 403 a
770 378 847 405 nobis
864 378 1000 413 exquisita
1021 378 1079 406 lue-

295 423 362 453 rint,
385 422 443 456 jam
455 427 562 458 tempus
575 427 617 451 est
629 423 662 450 ad
674 424 828 459 propositas
844 431 870 450 ιι
888 423 985 459 psalmi
998 431 1081 451 voces

295 469 433 497 accedere.

328 514 391 542 llaec
416 515 507 551 itaque
533 516 649 548 scribit,
668 524 730 544 cum
748 517 906 545 edidicisset
926 526 987 553 quae
1007 517 1079 546 Doce

295 560 390 596 Syrus,
399 561 514 589 structis
521 566 615 588 contra
625 570 656 589 se
666 562 960 598 calumniis,gesserat.
977 563 1078 597 Quam-

294 607 385 635 obrem
405 614 456 635 ceu
479 608 568 642 ipsum
592 608 737 643 alloquens
751 609 788 637 ait
802 619 808 636 :
826 609 896 642 Quid
912 610 1036 645 gloriaris
1050 612 1080 637 in

294 654 412 685 matitia,
433 654 479 689 qui
493 659 584 687 potens
608 654 656 681 ea?
681 656 738 682 sive
753 655 835 682 etiam
849 656 986 683 diabolum
1004 664 1077 683 com-

294 699 384 734 pellat.
400 700 447 734 qui
462 700 489 727 in
504 700 563 735 ipso
580 701 756 736 operabatur.
781 701 841 729 Non
855 702 995 730 nesciebat
1005 703 1078 730 enim

293 745 366 771 illum
386 745 438 772 sibi
456 737 564 781 semper
580 746 766 774 adversarium
782 755 860 778 esse.
873 752 901 776 et
917 748 1027 776 assidue
1048 756 1079 776 se

293 798 459 825 nupugnare,
483 792 563 819 modo
576 800 625 830 per
637 791 759 823 Saulem,
785 795 866 820 modo
884 801 933 828 per
946 793 1076 826 Doccum,

293 842 322 862 ac
338 837 496 872 plerumque
506 838 621 864 aliorum
639 839 802 866 ministerio.
829 839 881 872 Qui
897 847 961 875 ergo
978 841 1006 867 in
1020 848 1078 867 ma-

292 881 348 908 litia
366 882 501 913 inﬁrmus,
519 883 654 911 invalidus
670 892 701 911 ac
716 885 813 912 debilis
830 890 889 918 est,
903 894 964 913 cum
983 887 1077 914 melio~

1128 285 1252 320 λογὴσεις
1268 284 1378 311 ἑαυτοῦ·
1397 283 1512 317 Ἐπειδὴ
1527 284 1640 318 δίκαιος
1657 285 1765 313 ἑαυτοῦ
1785 287 1915 321 κατήγο-

1124 341 1179 366 ρος
1189 332 1224 358 ἐυν
1235 331 1427 365 «patrator/{1.
1440 331 1519 358 Ἀλλὰ
1528 331 1661 358 τοσούτων
1672 333 1736 366 ἡμῖν
1746 334 1784 364 εἰς
1794 333 1842 369 τὴν
1851 335 1915 360 ἀπο-

1127 377 1247 404 δοθεῖσαν
1267 376 1343 408 τάξιν
1365 377 1610 412 γεγυμνασμένων,
1633 378 1725 412 καιρὸς
1739 378 1790 414 ἢδη
1806 379 1852 406 καὶ
1867 379 1914 405 ἐπὶ

1127 423 1176 455 τὰς
1190 422 1374 458 προκειμένας
1390 422 1483 456 φωνὰς
1495 421 1541 449 τοῦ
1561 426 1600 448 va’
1617 422 1771 457 παρελθεῖν.

1162 515 1264 550 Γράφει
1285 514 1372 542 τοίνυν
1389 515 1452 547 τοὺς
1475 515 1669 552 προκειμένους
1694 516 1798 550 λόγους,
1820 516 1914 552 μαθὼν

1127 563 1205 589 ὁποῖα
1222 563 1383 598 διεπράξατο
1403 563 1481 598 Δωὴκ
1496 564 1510 590 6
1532 563 1615 599 Σύρος
1633 564 1662 590 ἐν
1681 565 1740 595 ταῖς
1754 565 1813 591 κατ’
1830 564 1914 592 αὐτοῦ

1127 608 1272 640 διαϐολαῖς.
1298 608 1344 636 Διὸ
1366 609 1404 640 ὡς
1426 609 1494 644 πρὸς
1513 610 1593 636 αὑτὸν
1617 610 1783 637 ἀποτείνεται
1808 611 1912 645 λέγων·

1131 654 1161 680 Τί
1182 653 1314 689 ἐγκαυχᾷ
1333 654 1368 680 ἐν
1380 655 1478 688 κακίᾳ,
1497 657 1513 681 ό
1531 655 1675 688 ὃυνατός;
1690 651 1764 691 ἣ’ὡς
1782 656 1849 692 πρὸς
1869 658 1913 683 τὸν

1128 702 1311 737 ὲνεργήσαντα
1334 702 1362 727 ὲν
1386 701 1460 737 αὐτῷ
1484 701 1613 729 διάϐολον.
1632 704 1668 730 Οὐ
1690 703 1742 738 γὰρ
1757 704 1847 738 ἠγνόει
1869 704 1913 731 τὸν

1128 747 1241 774 πάντοτε
1266 747 1339 782 αὐτῷ
1358 747 1552 783 ἀντικείμενον.
1577 750 1623 776 καὶ
1646 749 1689 776 διὰ
1710 750 1808 781 παντὸς
1833 751 1912 777 αὐτὸν

1127 791 1305 828 πολεμοῦντα,
1321 793 1386 819 ποτὲ
1402 793 1450 828 μὲν
1466 793 1510 820 διὰ
1526 793 1572 820 τοῦ
1585 794 1680 826 Σαοὺλ,
1693 795 1750 821 νυνὶ
1764 795 1791 822 δὲ
1807 795 1850 822 διὰ
1865 795 1912 823 τοὺ

1127 839 1215 874 Δωὴκ,
1232 839 1277 866 καὶ
1289 839 1381 866 ἄλλοτε
1397 839 1483 871 ἄλλως
1498 839 1531 866 δι’
1547 840 1657 876 ἐτέρων.
1676 841 1704 868 '0
1722 841 1770 876 μὲν
1789 839 1835 868 οὖν
1849 841 1906 868 ἁδύ-

1127 893 1205 916 νατος
1222 885 1267 911 καὶ
1279 885 1371 916 ἄτονος
1389 884 1434 910 καὶ
1452 884 1541 918 ὀλίγος
1562 885 1591 910 ὲν
1611 884 1704 920 κακίᾳ.
1722 885 1911 918 πλεονάζοντος

292 934 333 954 res
349 927 374 953 in
389 927 447 962 ipso
463 936 553 955 mores
571 931 746 964 pnevaleant,
772 935 866 966 utpote
883 933 930 967 qui
952 932 979 959 in
1001 932 1072 959 mali-

1126 931 1155 956 ὲν
1170 930 1244 964 αὐτῷ
1261 930 1307 956 τοῦ
1325 930 1477 965 κρείττονος
1490 931 1600 966 τρόπου,
1620 931 1657 963 ὡς
1671 931 1704 958 ἂν
1721 931 1911 968 ἀσθενέστερος

291 973 326 999 tia
348 973 481 1001 inﬁrmior
495 975 548 1007 sit,
569 975 634 1002 dum
658 981 753 1010 peccat
781 985 843 1005 sese
866 978 1033 1011 occultabit,
1048 982 1075 1006 et

290 1024 424 1054 pungente
436 1022 605 1048 conscientia
620 1022 737 1051 fortasse
753 1024 905 1058 resipiscet,
920 1029 1001 1060 atque
1017 1032 1076 1051 ma-

290 1064 353 1094 liti-re
371 1076 429 1095 sua:
449 1070 599 1096 remedium
616 1079 664 1105 per
678 1070 879 1098 confessionem
896 1079 927 1098 ac
940 1072 1074 1099 sinceram

291 1115 474 1149 pwnitentiani
489 1117 664 1151 excogitabit.
684 1117 737 1144 Sed
753 1118 799 1151 qui
815 1121 912 1152 potens
929 1122 972 1144 est
985 1118 1011 1144 in
1024 1117 1075 1143 ini-

291 1160 391 1194 quitate
401 1180 408 1192 ,
425 1160 451 1187 in
471 1161 530 1195 ipsa
546 1161 669 1196 superbit
684 1166 712 1189 et
727 1162 877 1197 gloriatur,
891 1166 918 1190 et
931 1164 1008 1198 quasi
1021 1171 1076 1190 ma-

292 1213 342 1240 gno
360 1206 434 1233 edito
447 1206 569 1234 facinore
579 1215 640 1234 sese
661 1211 789 1235 ostentat.
815 1208 854 1234 Ac
875 1209 982 1235 videtur
996 1207 1074 1240 mihi,

291 1259 316 1278 in
332 1252 458 1286 praesenti
470 1260 595 1280 sermone
610 1253 777 1281 contrarium
790 1254 908 1281 describi
921 1261 1034 1286 morem,
1049 1254 1075 1281 ei

291 1297 334 1331 qui
351 1297 378 1324 in
393 1298 498 1332 psalmo
512 1306 527 1325 L
542 1299 576 1326 de
599 1300 746 1327 conﬁtente
771 1300 942 1335 designatur.
974 1299 1004 1327 In
1028 1300 1075 1327 illo

290 1351 405 1379 namque
429 1344 476 1379 qui
500 1345 584 1372 semel
608 1346 636 1372 in
663 1347 794 1373 malitiam
816 1347 910 1381 lapsus
936 1350 1006 1380 erat,
1023 1347 1075 1374 ali-

290 1390 397 1424 quando
415 1389 592 1424 rcsipiscebat
602 1410 609 1423 ,
626 1398 658 1417 ac
673 1399 734 1418 sese
757 1392 913 1419 macerabat
927 1391 954 1419 in
967 1391 1075 1420 confes-

289 1435 376 1466 sione,
403 1442 507 1470 suaque
529 1435 604 1462 mala
631 1435 758 1465 deﬂebat.
787 1437 823 1464 At
837 1438 861 1464 ei
875 1437 909 1465 de
923 1445 978 1472 quo
1002 1446 1075 1465 nunc

289 1489 388 1512 sermo.
405 1483 432 1509 iu
446 1483 548 1510 malitia
561 1483 669 1519 degenti
680 1484 783 1512 dicitur
797 1494 804 1512 :

323 1527 403 1556 Vens.
438 1529 493 1556 7-9.
525 1529 560 1556 Et
592 1531 681 1557 eradet
709 1535 732 1557 te
756 1530 799 1563 de‘
817 1530 987 1558 tabernaculo
1018 1535 1077 1562 tuo,

288 1579 309 1602 et
325 1574 468 1601 eradicabit
497 1581 522 1603 te
537 1576 568 1603 de
588 1581 659 1603 terra
680 1577 818 1604 viventium
843 1578 870 1604 in
885 1582 1027 1609 wlernum,‘
1047 1581 1075 1603 ut

288 1621 410 1649 videntes
433 1622 501 1656 justi
543 1631 651 1658 semper
675 1624 806 1655 timeant,
833 1624 976 1660 ipsumque
1002 1623 1074 1651 deri-

288 1665 383 1697 deant,
402 1674 432 1693 ac
450 1668 542 1694 dicant
559 1677 565 1694 :
585 1668 652 1695 Ecce
666 1669 752 1701 homo,
765 1669 810 1704 qui
823 1677 874 1696 non
889 1670 974 1703 posuit
990 1669 1074 1696 Deum

288 1714 406 1740 virtutem
422 1722 514 1746 suam,
539 1715 583 1741 sed
595 1718 720 1749 “peravit
746 1717 773 1742 in
787 1716 953 1743 mullitudine
966 1716 1074 1743 divitia-

287 1767 346 1785 rum
370 1767 490 1791 suarum,
515 1765 539 1787 et
555 1762 693 1795 praevaluit
718 1762 746 1788 in
770 1762 922 1789 calamitate
937 1771 995 1790 sua.
1013 1761 1074 1790 Haec

287 1813 368 1840 porro
381 1806 460 1841 quasi
476 1806 509 1834 de
524 1806 595 1834 Doec
611 1807 682 1834 dicta
697 1813 771 1839 sunt,
788 1808 833 1842 qui
851 1816 948 1843 genere
964 1808 1073 1844 quidem

287 1851 373 1886 Syrus
395 1855 465 1884 erat,
481 1851 528 1879 sed
550 1853 577 1879 in
594 1853 685 1880 medio
700 1853 808 1881 lsraclis
825 1854 1000 1886 vorsabatur;
1019 1854 1074 1881 imo

286 1897 402 1925 fortasse
414 1898 487 1933 piam
500 1898 657 1934 religionem
675 1899 818 1931 simulans,
835 1907 889 1927 una
905 1907 966 1926 cum
983 1899 1074 1926 multi-

285 1943 380 1971 tudine
404 1945 431 1972 in
455 1945 660 1972 tabernau-nlum
678 1945 722 1972 Dei
740 1950 923 1973 concesserat.
956 1945 987 1972 Et
1008 1954 1073 1974 sane

285 1990 356 2018 dicta
369 1995 433 2019 sunt
448 1991 542 2018 isthmc
558 1991 590 2018 ad
614 2000 748 2027 quemque
762 1993 788 2019 in
805 1993 908 2019 malitia
924 1996 1071 2028 potentem,

285 2037 330 2071 qui
345 2037 435 2071 lingua
452 2044 500 2071 pro
519 2037 609 2071 gladio
633 2041 724 2064 utatur
750 2037 783 2063 ad
805 2037 957 2064 animarum
981 2037 1073 2072 perni-

284 2083 364 2114 ciem,
377 2090 456 2117 quem
472 2090 521 2109 ceu
534 2083 678 2117 quamdam
697 2091 817 2110 amaram
832 2088 859 2111 et
871 2084 1012 2111 exitiosam
1025 2092 1071 2110 ra-

285 2127 384 2159 dicem,
399 2128 551 2154 animarum
569 2127 688 2162 agricola
703 2128 814 2161 evellet,
828 2129 934 2156 etiamsi
948 2128 1072 2156 videatur

284 2173 317 2200 ad
337 2173 418 2200 breve
436 2177 542 2208 tempus
563 2173 590 2199 in
612 2173 788 2200 tabernaculo
805 2174 850 2202 Dei
863 2178 890 2201 et
907 2175 935 2201 in
950 2174 1070 2202 Ecclesia

284 2220 370 2256 Ipsius
386 2219 525 2254 plantatus
541 2217 635 2246 fuis‘se.
671 2219 788 2247 Evulsus
806 2224 895 2247 autem
913 2220 975 2247 talis
990 2220 1070 2248 homo

283 2275 314 2294 ac
331 2266 426 2302 procul
442 2265 617 2293 tabernaculo
643 2270 799 2292 sanctorum
815 2266 929 2300 ejectus,
947 2266 974 2293 in
987 2267 1070 2294 mise-

283 2314 368 2341 rabile
381 2314 564 2349 speclaculum
579 2317 695 2348 ponetur
706 2313 740 2339 ad
755 2314 898 2340 utilitatem
913 2318 939 2340 et
953 2313 1068 2348 castiga-

283 2362 386 2389 tionem
399 2360 547 2387 videntium
574 2369 580 2386 :
609 2360 655 2394 qui
674 2359 793 2387 terribile
808 2359 853 2387 Dei
869 2360 1000 2387 adversus
1015 2360 1066 2386 liu-

283 2407 400 2442 iusmodi
423 2407 560 2434 hominem
574 2406 708 2441 judicium
722 2406 809 2433 oculis
827 2406 1008 2441 percipientes
1019 2426 1025 2438 ,
1041 2406 1066 2432 id

283 2453 430 2483 curabunt.
448 2453 474 2480 id
500 2452 646 2483 carebunt,
665 2456 695 2479 ut
716 2460 749 2479 ne
774 2452 802 2478 in
828 2453 905 2487 paria
932 2451 1065 2480 incidant.

283 2497 384 2525 Deinde
402 2497 542 2532 pristinam
559 2498 676 2532 potentis
696 2498 722 2524 in
743 2499 844 2526 malitia
861 2501 1042 2535 arrogantiam
1053 2520 1061 2533 ,

266 2544 473 2583 ‘iublimitalem
498 2549 525 2571 et
553 2545 706 2578 superbiam
736 2546 866 2572 memoria
894 2551 1061 2581 repetentes,

281 2595 364 2626 atque
385 2590 553 2618 adVCI‘lCllllS
569 2600 640 2623 eam,
657 2600 717 2626 qure
738 2598 828 2626 postea
851 2593 936 2628 ipsum
952 2594 1059 2624 invasit,

259 2645 262 2648 ‘
281 2636 460 2672 abjectionem
475 2643 505 2662 ac
519 2638 675 2671 perniciem,
686 2637 738 2664 risu
752 2638 862 2673 dignum
876 2639 1060 2670 alslllllﬂblllli,

281 2683 486 2711 considerantes
497 2691 529 2710 ex
542 2683 669 2718 qualibus
684 2683 711 2710 in
724 2684 815 2719 qualia
829 2684 977 2718 deciderit;
991 2685 1067 2719 judi-

281 2730 352 2758 cium
371 2730 418 2758 Dei
440 2730 610 2765 probabunt,
628 2731 788 2767 justumque
813 2739 875 2759 csse
897 2732 1064 2760 fatebuntur.

281 2775 338 2803 Sub
350 2777 406 2803 haec
421 2776 605 2804 calamitatum
618 2777 694 2813 impii
717 2785 815 2806 causas
836 2778 1005 2813 expendent,
1024 2785 1064 2805 re-

279 2828 352 2851 ctum
379 2831 441 2850 esse
459 2823 592 2858 judicium
621 2824 668 2852 Dei
689 2825 878 2858 praedicantes.
902 2825 1065 2860 Oportucrat

315 2911 336 2928 ⁸⁷
357 2911 435 2940 Prov.
457 2921 542 2946 XVIII,
561 2913 605 2942 l7.

1127 977 1157 1003 ὲν
1173 976 1265 1012 κακίᾳ,
1279 975 1460 1010 ὲγκαλύψεται
1475 976 1648 1011 ἁμαρτάνων,
1664 978 1709 1004 καὶ
1723 978 1774 1004 ὑπὸ
1790 977 1840 1012 τῆς
1853 987 1908 1004 συν-

1127 1022 1256 1058 ειδήσεως
1282 1023 1476 1058 κεντούμενος,
1505 1024 1695 1058 μετανοήσειεν
1721 1023 1770 1055 ἂν,
1794 1025 1841 1050 καὶ
1864 1024 1910 1059 τῆς

1127 1067 1222 1094 ἑαυτοῦ
1242 1067 1339 1099 κακίας
1355 1069 1540 1104 περινοήσειεν
1557 1069 1644 1104 ἑαυτῷ
1661 1068 1851 1104 φάρμακονιδιν
1869 1068 1907 1101 ἐξ·

1127 1113 1312 1148 ομολογήσεως
1329 1113 1375 1140 καὶ
1390 1113 1548 1149 εἰλικρινοῦς
1561 1114 1703 1149 μετανοίας
1714 1122 1720 1129 ·
1733 1115 1748 1141 6
1758 1114 1786 1141 δὲ
1803 1114 1908 1141 δυνατὸς

1127 1160 1156 1186 ὲν
1170 1159 1254 1194 κακίᾳ
1265 1159 1394 1193 τυφοῦται
1411 1160 1453 1185 ἐπ’
1467 1160 1546 1195 αὐτῇ,
1562 1160 1607 1186 καὶ
1624 1160 1801 1195 ὲγκαυχᾶται,
1816 1160 1853 1191 ὡς
1868 1162 1909 1186 ὲπῒ

1128 1205 1238 1241 μεγάλῳ
1255 1205 1445 1242 κατορθώματι
1469 1207 1676 1242 σεμνυνόμενος.
1700 1207 1754 1233 Καί
1776 1215 1820 1242 μοι
1841 1207 1915 1234 δοκεῖ

1126 1251 1172 1278 τὸν
1196 1251 1318 1278 ἐναντίον
1336 1252 1436 1287 τρόπον
1457 1252 1616 1287 διαγράφειν
1634 1253 1648 1278 6
1666 1252 1759 1288 παρὼν
1780 1253 1857 1287 λόγος
1873 1254 1907 1288 τᾷ

1127 1296 1438 1333 προεξομολογησαμένῳ
1455 1298 1483 1324 ὲν
1495 1297 1534 1332 τῷ
1550 1301 1571 1335 νζ
1587 1297 1694 1333 ψαλμῷ.
1703 1298 1747 1324 Ἑν
1760 1298 1854 1334 ἐκείνῳ
1865 1300 1907 1334 μὲκ

1126 1343 1180 1379 γὰρ
1202 1343 1345 1378 ὀλισθήσας
1370 1345 1399 1370 ὲν
1424 1344 1509 1380 κακίᾳ
1530 1344 1612 1377 ἅπαξ,
1633 1344 1697 1370 ποτὲ
1720 1344 1901 1379 μετεγίνωσκε

1128 1390 1174 1417 καὶ
1187 1390 1281 1416 ἑαυτὸν
1297 1390 1410 1417 ἔκοπτεν
1426 1390 1677 1426 ἐξομολογούμενος,
1699 1391 1746 1417 καὶ
1767 1390 1801 1418 τὰ
1817 1391 1906 1418 ἐαυτοῗ

1127 1436 1200 1462 κακὰ
1216 1435 1419 1471 ἀποκλαόμενος
1434 1435 1492 1471 (sic)
1503 1444 1509 1450 '
1525 1437 1540 1462 6
1559 1435 1588 1462 δὲ
1607 1435 1701 1471 παρὼν
1723 1437 1752 1462 ὲν
1778 1437 1860 1473 κακίᾳ
1875 1437 1916 1465 ὧν»

1127 1489 1193 1516 φησι
1204 1489 1211 1496 ·
1839 1517 1843 1522 .

1161 1527 1217 1555 Καὶ
1250 1528 1398 1560 ἀποξύσει
1423 1535 1461 1555 σε
1494 1528 1554 1556 ἀπὸ
1573 1529 1628 1563 τῆς
1654 1529 1783 1564 σκηνῆς,
1802 1529 1851 1556 καὶ
1865 1529 1898 1556 ἐκ

1123 1573 1237 1609 ριζώσει
1251 1582 1288 1601 σε
1308 1575 1341 1601 ἐκ
1360 1574 1416 1609 γῆς
1436 1574 1549 1605 ζώντων
1563 1575 1666 1602 εὶσαεὶ’
1681 1576 1724 1603 ῖνα
1739 1575 1837 1602 δίκαιοι
1851 1576 1905 1611 βλέ-

1127 1629 1222 1652 ποντες
1241 1621 1284 1647 ἀεὶ
1301 1621 1446 1655 φοϐῶνται,
1462 1621 1509 1649 καὶ
1526 1621 1712 1656 καταγελῶσιν
1724 1621 1806 1648 αὑτοῦ
1823 1622 1905 1656 λέγον»

1125 1676 1183 1699 τεςο
1203 1666 1274 1694 Ἰδοὺ
1300 1667 1473 1702 ἅνθρωπος,
1502 1667 1535 1701 ὃς
1555 1669 1590 1695 οὐ
1613 1667 1750 1702 προέθετο
1769 1668 1822 1694 τὸν
1840 1668 1905 1695 Θεὸν

1126 1713 1218 1748 ἰσχὺν
1238 1713 1346 1740 αὐτοῦ’
1372 1715 1440 1741 ἀλλ’
1465 1714 1645 1748 ἐπεποίθησε
1667 1713 1708 1747 τῷ
1731 1714 1840 1748 πλήθει
1859 1715 1910 1741 τοῦ

1125 1759 1258 1786 πλούτου
1278 1759 1381 1790 αὐτοῦ,
1399 1760 1448 1786 καὶ
1467 1760 1702 1794 ἐνισχυρεύοιιτο
1716 1758 1754 1793 τῇ
1775 1757 1910 1794 συμφροᾷ

1124 1805 1242 1831 ἑαυτοῦ.
1253 1805 1384 1832 Λέλεκται
1398 1805 1426 1831 δὲ
1440 1805 1525 1831 ταῦτα
1547 1805 1585 1836 ὡς
1598 1805 1666 1841 πρὸς
1681 1805 1725 1831 τὸν
1745 1805 1835 1840 Δωὴκ,
1848 1806 1911 1832 ὄντα

1125 1851 1175 1886 μὲν
1189 1851 1274 1887 Σύρον
1289 1851 1320 1877 τὸ
1331 1851 1418 1885 γένος,
1434 1851 1670 1886 ἀναστρεφόμενον
1687 1850 1715 1877 δὲ
1729 1851 1757 1877 ὲν
1775 1851 1849 1886 μέσῳ
1863 1850 1902 1876 τοί

1130 1897 1254 1933 Ἰσραήλ·
1270 1897 1317 1924 καί
1333 1906 1384 1925 που
1400 1897 1469 1933 τάχα
1493 1897 1540 1924 καὶ
1557 1897 1763 1932 παραϐάλλοντα
1784 1897 1852 1933 μετὰ
1865 1897 1902 1923 τοί

1124 1944 1242 1980 πλήθους
1252 1945 1291 1975 εἰς
1305 1944 1354 1979 τὴν
1368 1944 1470 1980 σκηνὴν
1481 1943 1528 1970 τοῦ
1544 1944 1622 1974 Θεοῦ.
1638 1943 1773 1971 θεοσεϐεῖν
1785 1953 1814 1970 τε
1829 1952 1897 1980 προσ

1123 1990 1291 2026 ποιούμενον.
1306 1990 1438 2017 Λέλεκται
1455 1990 1482 2016 δὲ
1507 1990 1554 2016 καὶ
1571 1990 1638 2026 πρὸς
1658 1990 1745 2017 πάντα
1759 1990 1803 2016 τὸν
1815 1991 1844 2016 ὲν
1859 1998 1907 2016 κα-

1123 2037 1170 2073 κίᾳ
1189 2037 1310 2067 δυνατὸν,
1328 2038 1360 2072 τῇ
1383 2036 1492 2072 γλώσσῃ
1512 2035 1651 2071 χρώμενον
1672 2037 1732 2062 ἀντὶ
1753 2036 1846 2071 ξίφους
1864 2035 1903 2062 ὲτὶ

1121 2083 1215 2118 ψυχῶν
1229 2083 1361 2118 ἀπωλείᾳ,
1377 2083 1470 2118 ὥσπερ
1486 2083 1546 2109 τινὰ
1568 2083 1668 2118 πικρὰν
1683 2083 1730 2110 καὶ
1743 2082 1907 2118 λυμαντικὴν

1123 2131 1210 2166 ῥίζαν,
1225 2131 1239 2157 6
1254 2130 1308 2156 τῶν
1321 2129 1415 2165 ψυχῶν
1429 2129 1548 2164 γεωργὸς
1569 2129 1682 2160 ἐκτῖλαι,
1695 2129 1747 2156 κᾶν
1763 2129 1827 2165 δοκῇ
1843 2129 1906 2165 πρὸς

1123 2176 1225 2212 βραχύν
1239 2185 1298 2203 τινα
1315 2176 1408 2212 χρίνον
1429 2176 1457 2202 ὲν
1477 2175 1516 2211 τῷ
1531 2175 1689 2211 σκηνώματι
1710 2174 1756 2201 τοῦ
1778 2175 1846 2204 Θεοῦ
1864 2173 1907 2200 καὶ

1122 2226 1150 2251 ὲν
1166 2226 1198 2260 τῇ
1220 2223 1366 2259 Ἐκκλησία
1378 2222 1459 2249 αὑτοῦ
1480 2222 1674 2257 πεφυτεῦσθαι.
1695 2221 1833 2252 Ἐκταλεὶς
1849 2220 1899 2256 (εἰς’

1086 2278 1107 2305 ι)
1120 2268 1149 2295 δὲ
1161 2270 1176 2295 6
1190 2268 1309 2299 τοιοῦτος
1323 2268 1369 2294 καὶ
1388 2267 1494 2303 μακρὰν
1510 2267 1673 2303 ἀπορριφεὶς
1686 2266 1733 2293 τοῦ
1753 2266 1806 2293 τῶν
1823 2267 1899 2300 ἁγίω-

1122 2314 1316 2350 σκηνώματος,
1341 2314 1429 2349 θέαμα
1454 2314 1574 2340 κείσεται
1598 2313 1705 2349 οἰκτρὸν
1731 2313 1773 2340 ἐπ’
1793 2312 1907 2346 ὠφελείᾳ

1120 2361 1167 2387 καὶ
1183 2359 1364 2396 σωφρονισμῷ
1377 2360 1430 2386 τῶν
1445 2359 1580 2394 ὁρώντων,
1593 2360 1629 2391 οἳ,
1646 2359 1694 2394 τὴν
1709 2359 1845 2394 ἀπότομον
1861 2358 1897 2384 toi

1120 2406 1187 2433 Θεοῦ
1201 2406 1270 2433 κατὰ
1286 2406 1332 2432 τοῦ
1347 2406 1466 2432 τοιούτου
1480 2405 1569 2441 κρίσιν
1582 2404 1730 2440 ὀφθαλμοῖς
1742 2404 1907 2440 παραλαϐὼ-

1118 2462 1181 2486 τες,
1201 2452 1381 2487 ἀγωνιὰσηυσι
1409 2452 1455 2479 καὶ
1477 2452 1636 2486 φυλάξονται
1661 2451 1697 2487 μὴ
1724 2452 1780 2482 τοῖς
1805 2450 1899 2486 ὁμοίοις

1119 2501 1287 2536 περιπεσεῖν.
1308 2497 1375 2525 Εἶτα
1394 2498 1574 2534 ἀναφέροντες
1587 2499 1620 2533 τῇ
1637 2497 1729 2533 μνήμῃ
1745 2497 1795 2532 τὴν
1809 2495 1904 2532 προτέ-

1120 2555 1170 2582 ραν
1193 2545 1239 2572 τοῦ
1260 2545 1372 2572 δυνατοῦ
1392 2546 1420 2571 ἐν
1437 2545 1520 2580 κακίᾳ
1537 2544 1731 2580 μεγαλαυχίαν,
1744 2543 1774 2570 τό
1794 2551 1824 2569 τε
1841 2542 1899 2578 ὕψος

1119 2593 1166 2620 καὶ
1181 2593 1229 2629 τὴν
1244 2592 1431 2628 ὑπερηφανίαν
1444 2591 1537 2622 αὑτοῦ,
1551 2590 1665 2626 ὁρῶντες
1676 2590 1704 2616 δὲ
1719 2590 1767 2616 καὶ
1776 2590 1826 2625 τὴν
1838 2589 1903 2624 μετᾶ

1118 2639 1205 2666 ταῦτα
1225 2637 1405 2674 μετελθοῦσαν
1426 2636 1506 2663 αὐτὸν
1525 2635 1688 2662 ταπείνωσίν
1708 2644 1737 2661 τε
1762 2636 1809 2661 καὶ
1831 2633 1895 2661 and;

1116 2686 1201 2717 λειαν,
1224 2684 1424 2719 καταγέλαστον
1446 2684 1526 2710 αὐτὴν
1551 2677 1707 2718 ἡγήσονται,
1726 2682 1754 2714 ἐξ
1778 2681 1842 2708 οἵων
1866 2681 1906 2706 εἰς

1115 2729 1158 2758 οἷα
1177 2730 1373 2766 μεταπέπτωκε
1386 2729 1437 2755 Seu
1443 2736 1530 2763 μενον
1546 2727 1717 2760 άποδέξονται
1734 2726 1763 2752 δὲ
1777 2725 1825 2751 τοῦ
1838 2723 1907 2750 Θεοιῖ

1115 2779 1163 2813 τὴν
1179 2777 1278 2813 κρίσιν,
1294 2776 1401 2803 δικαίαν
1425 2775 1510 2810 αὐτὴν
1529 2772 1598 2800 εἶναι
1619 2772 1820 2809 ὁμολογοῦντες.
1839 2768 1906 2798 Εἷτῦ

1116 2825 1161 2850 καὶ
1177 2824 1225 2856 τὰς
1242 2824 1331 2855 αἰτίας
1349 2822 1540 2853 διελεύσονται,
1557 2821 1589 2847 δι’
1611 2820 1644 2852 ἃς
1662 2820 1747 2847 ταῦτα
1771 2817 1894 2845 πέπονθε*
