2064 3212
181 181 235 208 με)

739 182 989 211 COMMENTARIA
1008 182 1040 210 IN
1063 181 1233 210 PSALMOS.
1249 174 1270 211 ἴ
1286 169 1295 199 ι

1747 181 1798 210 £50

179 240 193 265 ό
208 237 318 273 ἀσεϐὴς,
333 238 497 270 δικαιοῦντες
512 238 560 274 τὴν
574 239 621 266 τοῦ
638 239 705 266 Θεοῦ
722 239 820 276 κρίσιν.
834 240 898 267 Δέον
910 240 958 276 γὰρ

1014 239 1087 267 enim
1108 247 1163 266 non
1186 244 1241 266 tam
1262 239 1351 267 efl'erri
1374 240 1408 268 de
1421 240 1538 272 divitiis,
1555 247 1605 268 nec
1629 238 1663 267 de
1681 244 1799 267 vanitate

181 283 217 318 μὴ
232 284 277 309 ἐπὶ
293 283 399 318 πλούτῳ
411 283 481 319 μέγα
493 286 609 319 φρονεῖν,
623 284 682 320 μηδ’
695 285 741 311 ἐπὶ
753 286 786 320 τῇ
806 285 964 321 ματαιότητι

177 329 224 354 τοῦ
241 329 372 364 παρόντος
390 328 448 364 βίου
471 329 648 365 ἐπαίρεσθαι,
677 330 759 365 μόνον
779 330 808 356 δὲ
832 331 876 357 τὸν
899 330 965 357 Θεὸν

177 374 271 400 emas;
288 375 334 401 καὶ
348 374 443 410 βοηθὸν
458 375 540 402 αὑτοῦ
559 376 689 406 τίθεσθαι,
705 377 753 403 καὶ
764 376 810 402 ἐπὶ
826 375 912 413 ταύτῃ
928 376 965 412 μὴ

177 420 300 447 σαλεύειν
317 421 350 456 τῇ
367 421 471 447 ἑλπίδι·
494 422 508 448 ὁ
529 421 557 447 δὲ
581 421 630 456 τὴν
648 422 696 457 μὲν
715 421 819 458 ἀγαθὴν
843 422 965 458 ἄγκυραν

176 465 225 500 τῆς
252 465 349 492 ἑαυτοῦ
377 465 465 501 ψυχῆς
490 467 699 499 καταλέλοιπεν,
727 467 774 493 ἐπὶ
803 468 909 502 ματαίῳ
936 467 964 494 δὲ

177 511 283 546 πλούτῳ
313 511 362 547 τὰς
391 511 500 543 ἐλπίδας
533 512 705 548 ἀναρτήσας,
730 512 824 538 ἑαυτὸν
852 511 962 544 ἔπαιξε,

176 557 256 585 πλέον
279 558 354 584 οὐδὲν
369 559 386 593 ἢ
409 558 514 593 τέλωτα
539 558 659 593 ὁφλήσας
681 558 726 584 ἐπὶ
747 559 779 593 τῇ
807 558 889 585 αὐτοῦ
912 567 963 593 μα-

176 604 241 639 ταίᾳ
254 604 300 630 καὶ
314 603 410 639 ἄφρονι
429 605 607 639 μεγαλαυχίᾳ.

217 649 288 685 Ἐγὼ
306 649 350 681 δὲ,
371 650 442 677 ὡσεὶ
465 650 552 677 ἐλαία
573 650 761 684 κατάκαρπος
781 651 815 677 ὲν
832 649 871 683 τῷ
893 651 964 682 οῑκῳ

177 695 230 722 τοῦ
246 695 329 728 Θεοῦ,
345 695 462 730 ἤλπισα
475 696 523 722 ἐπὶ
539 696 573 723 τὸ
590 697 674 729 ἕλεος
692 697 744 723 τοῦ
764 696 837 723 Θεοῦ
857 697 899 729 εἰς
911 696 964 723 τὸν

172 739 276 772 αἰῶνα,
296 740 344 767 καὶ
362 741 406 774 είς
427 741 480 767 τὸν
506 741 597 768 αἰῶνα
620 741 672 768 τοῦ
690 741 806 775 αἰῶνος.
824 742 854 768 '0
871 742 920 777 μὲν
934 742 963 768 ὲν

174 786 259 821 κακία
276 785 386 817 δυνατὸς
408 786 499 813 ὁποίου
524 787 618 819 τέλους
636 787 770 819 τεύξεται,
789 788 833 814 διὰ
849 788 903 814 τῶν
922 788 963 814 ει-

175 831 301 867 ρημένων
331 832 537 868 μεμαθήκαμεν.
568 833 637 867 Ἐγὼ
662 833 700 865 δὲ,
726 834 807 869 φησὶν
830 835 844 860 ὁ
872 833 961 866 Δαυῖδ,

173 877 260 904 ’ταῦτα
282 877 435 909 παιδευθεὶς
454 879 520 915 πρὸς
543 878 589 905 τοῦ
611 880 689 913 ἁγίου
712 879 878 915 Πνεύματος,
899 879 960 906 οὔτε

1016 286 1078 313 vitae
1093 286 1233 320 praesentis
1250 286 1359 318 extolli;
1373 285 1420 314 sed
1435 294 1518 313 unum
1532 285 1616 314 Deum
1637 285 1665 312 in
1682 293 1756 320 spem
1771 289 1801 312 et

1015 332 1145 358 auxilium
1173 331 1225 359 sibi
1247 339 1362 367 ponere,
1391 337 1472 367 atque
1492 332 1521 359 in
1544 333 1590 359 tali
1613 339 1661 366 spe
1676 339 1730 358 non
1746 331 1799 358 llu-

1015 383 1120 406 ctuare.
1141 378 1187 405 Ille
1202 386 1266 405 vero
1280 378 1351 405 bona
1363 379 1460 414 anima;
1474 385 1530 405 sua:
1540 377 1659 404 anchora
1673 377 1798 409 dimissa,

1014 428 1096 458 atque
1117 424 1144 450 in
1165 424 1267 451 divitiis
1282 423 1409 450 inanibus
1424 431 1472 458 spe
1489 423 1619 457 reposita.
1635 422 1687 450 sibi
1700 422 1752 456 ipsi
1765 421 1798 448 il-

1015 470 1094 503 lusit;
1116 470 1238 505 nihilque
1261 469 1335 496 aliud
1359 470 1393 496 de
1414 477 1483 496 vana
1504 469 1549 495 illa
1568 473 1594 495 et
1612 468 1706 495 insana
1722 473 1798 495 οτι-σὴ

1013 516 1105 552 gantia
1122 516 1223 549 retulit,
1237 524 1318 551 quam
1333 515 1405 550 quod
1421 523 1450 543 se
1464 514 1607 542 ridiculum
1621 514 1761 549 praeberet.

1048 653 1132 681 Vens.
1155 652 1199 681 10.
1228 651 1284 687 Ego
1311 655 1398 678 autem
1422 651 1489 677 sicut
1513 650 1582 677 oliva
1605 649 1745 684 fructifera
1771 649 1800 676 in

1013 699 1090 726 domo
1106 699 1170 730 Dei,
1196 698 1298 732 speravi
1320 698 1346 724 in
1370 696 1552 724 misericordia
1567 696 1615 723 Dei
1629 697 1656 722 in
1672 701 1800 723 aeternum

1012 751 1036 773 et
1050 746 1077 772 in
1093 745 1218 772 amulum
1233 744 1334 771 swculi.
1361 742 1412 776 Qui
1426 742 1488 770 finis
1507 742 1614 770 futurus
1627 742 1663 769 sit
1679 742 1740 775 ejus
1751 741 1799 777 qui

1012 795 1110 826 potens
1126 793 1168 817 est
1187 790 1213 816 in
1236 789 1390 823 iniquitate,
1411 796 1443 815 ex
1458 788 1514 821 jam
1527 787 1607 814 dictis
1623 787 1798 814 edidicimus.

1012 836 1069 872 Ego
1081 836 1228 867 autem,ait
1243 835 1336 866 David,
1350 834 1392 861 his
1403 834 1528 861 eruditus
1545 841 1561 860 a
1573 832 1675 868 Spiritu
1691 836 1798 863 sancto.

1011 890 1100 918 neque
1123 882 1158 909 de
1180 880 1353 908 multitudine
1374 884 1610 914 temporanearum
1630 879 1798 910 divitiarum,

175 923 220 949 ἐπὶ
244 922 340 958 πλήθει
364 923 478 950 πλούτου
509 925 676 960 προσκαίρου
706 925 854 960 ὲπαρθείην
881 925 958 958 ποτὲ,

1014 936 1102 963 neque
1124 928 1157 955 de
1181 927 1300 954 vanitate
1324 926 1447 953 mortalis
1471 925 1534 952 vitae
1561 933 1680 960 unquam
1712 925 1800 953 extol-

173 967 234 994 οὔτε
258 969 305 995 ὲπὶ
330 969 488 1004 ματαιότητι
511 970 557 996 τοῦ
582 969 678 1005 θνητοῦ
703 970 777 1006 βίου·
796 972 963 1005 Ματαιότης

173 1015 228 1050 γὰρ
253 1015 473 1049 ματαιοτήτων,
498 1016 534 1042 τὰ
558 1017 655 1043 πάντα
681 1018 852 1051 ματαιότης.
884 1017 962 1044 Ἀλλὰ

174 1061 220 1086 καὶ
250 1060 357 1096 φεύγων
382 1062 432 1098 τὴν
448 1063 508 1089 ὁδὸν
529 1062 575 1089 τοῦ
604 1063 716 1090 δυνατοῦ
744 1064 774 1089 ὲν
789 1064 882 1099 κακίᾳ,
912 1064 962 1100 τὴν

174 1105 292 1140 ἐμαυτοῦ
317 1107 438 1140 γλῶτταν
467 1109 514 1134 καὶ
544 1108 579 1134 τὰ
606 1109 716 1144 ῥήματα
746 1109 796 1135 οὐκ
823 1110 862 1141 εἰς
887 1109 962 1136 ἀπώ-

172 1152 247 1180 λειαν
260 1152 360 1189 ἑτέρων
386 1155 560 1189 ἀκονήσαιμι,
573 1154 631 1180 ἀλλ’
656 1155 699 1180 ἐπ’
713 1155 830 1191 ὠφελείᾳ
857 1155 960 1191 ψυχῶν,

172 1199 220 1225 καὶ
235 1200 274 1231 είς
285 1200 421 1227 διακονίαν
435 1201 576 1236 σωτηρίων
594 1201 689 1234 λόγων.
717 1202 771 1228 Καὶ
780 1204 840 1232 ταῖς
855 1203 961 1234 λοιπαῖς

172 1245 200 1271 δὲ
215 1245 345 1281 πράξεσιν
361 1246 447 1278 οὕτως
464 1246 496 1273 ἂν
510 1247 639 1282 γενοίμην
658 1247 773 1283 εὐθαλὴς
800 1248 846 1274 καὶ
860 1247 960 1283 εὔκαρ-

173 1299 234 1323 ττος,
257 1291 296 1323 ὡς
319 1292 539 1328 παραϐάλλεσθαί
571 1303 620 1329 μου
651 1294 700 1329 τὴν
725 1293 813 1329 ψυχὴν
843 1294 963 1321 ἀειθαλεῐ

181 1337 221 1364 ταὶ
239 1338 406 1374 πολυκάρπῳ
422 1340 497 1374 φυτῷ
525 1341 554 1366 ὲν
573 1340 639 1375 οἴκῳ
663 1340 730 1367 Θεοῦ
753 1341 958 1376 πεφυτευμένῳ.

173 1383 218 1409 Διό
234 1392 314 1419 φημι·
336 1383 409 1419 Ἐγὼ
422 1384 457 1411 δὲ
472 1385 543 1412 ὡσεὶ
554 1385 639 1412 ἐλαία
663 1385 851 1420 κατάκαρπος
865 1387 900 1413 ἐν
920 1387 960 1420 τῷ

171 1430 244 1462 οἴκῳ
256 1430 310 1457 τοῦ
323 1430 407 1457 Θεοῦ·
424 1431 440 1466 ἦ
454 1432 523 1458 κατὰ
533 1432 577 1458 τὸν
591 1432 746 1468 Σύμμαχον
764 1433 833 1468 Ἐγὼ
844 1432 878 1459 δὲ
888 1433 961 1460 ὡσεί

172 1475 259 1504 Mala
268 1475 400 1509 εὐθαλὴς
419 1476 454 1502 ἐν
467 1475 507 1508 τῷ
523 1477 595 1508 οἴκῳ
626 1478 679 1504 τοῦ
704 1478 788 1504 Θεοῦ.
816 1479 883 1505 Οὐδὲ
905 1479 959 1515 γὰρ

173 1519 301 1547 ἀπένευον
316 1520 363 1547 τοῦ
377 1520 451 1548 οἴκου
477 1522 525 1548 τοῦ
555 1522 632 1549 Θεοῦ’
663 1523 721 1550 ἀλλ’
744 1523 818 1550 ἔνδον
839 1525 868 1550 ὲν
884 1524 960 1560 αὑτῷ

171 1566 266 1603 ῶσπερ
277 1570 305 1595 ὲν
319 1568 446 1604 γεωργίῳ
459 1568 526 1595 Θεοῦ
544 1569 758 1604 πεφυτευμένης,
774 1570 820 1596 καὶ
844 1569 899 1596 τῶν
912 1579 959 1597 να-

1013 975 1052 1001 lar
1080 982 1088 1001 τ
1115 981 1177 1000 nam
1206 973 1309 1000 vanitas
1333 972 1498 1003 t-am'tatttm,
1525 971 1614 998 omnia
1636 971 1740 998 vanitas
1764 971 1797 997 ⁸⁸.

1013 1019 1069 1046 lmo
1083 1027 1147 1046 vero
1173 1021 1244 1046 viam
1262 1018 1379 1054 potentis
1404 1018 1430 1044 in
1455 1017 1596 1052 iniquitate
1612 1017 1730 1052 fugiens,
1747 1017 1799 1044 lin-

1012 1074 1092 1102 guam
1105 1070 1131 1093 et
1144 1066 1224 1094 verba
1241 1074 1300 1093 mea
1316 1073 1370 1093 non
1396 1066 1421 1092 in
1446 1064 1593 1100 perniciem
1619 1055 1734 1091 aliorum
1751 1072 1799 1091 ex-

1012 1120 1125 1145 acnam;
1143 1112 1190 1139 sed
1208 1113 1239 1139 ad
1255 1113 1397 1139 utilitatem
1415 1111 1567 1138 animarum
1581 1114 1608 1137 ct
1623 1111 1655 1137 ad
1675 1110 1799 1137 ministe-

1012 1158 1081 1184 rium
1097 1158 1224 1184 salutaris
1239 1157 1385 1184 sermonis.
1398 1155 1430 1182 Et
1447 1156 1474 1182 in
1487 1156 1600 1190 reliquis
1615 1155 1743 1190 operibus
1759 1155 1799 1183 sic

1011 1203 1113 1231 virens.
1140 1203 1180 1229 sic
1196 1202 1319 1230 fructifei'
1335 1201 1458 1232 evadam,
1482 1204 1511 1227 ut
1524 1201 1613 1227 anima
1632 1208 1689 1227 mea
1707 1200 1798 1228 arbori

1011 1257 1117 1283 semper
1138 1249 1235 1276 virenti
1256 1256 1288 1275 ac
1310 1247 1459 1274 fructifera:
1472 1247 1498 1274 in
1515 1247 1597 1274 domo
1613 1246 1658 1273 Dei
1675 1247 1799 1281 pluuiali?

1010 1300 1194 1330 comparetur.
1228 1294 1409 1328 Quamobrem
1435 1294 1497 1320 dico
1522 1302 1529 1320 :
1555 1293 1609 1328 Ego
1628 1298 1716 1319 autem
1732 1295 1799 1319 sicut

1010 1342 1080 1369 oliva
1095 1341 1235 1376 fructifera
1254 1341 1279 1368 in
1293 1341 1371 1367 domo
1386 1339 1452 1371 Dei;
1470 1339 1538 1370 sive,
1551 1339 1700 1365 secundum
1718 1339 1798 1374 Sym-

1010 1389 1149 1420 machum,
1164 1387 1221 1423 Ego
1238 1392 1326 1414 autem
1337 1388 1406 1414 sicut
1420 1387 1490 1413 oliva
1504 1386 1588 1412 virens
1601 1385 1629 1412 in
1647 1385 1724 1412 doma
1742 1385 1797 1413 Dei.

1009 1434 1102 1470 Neque
1118 1434 1190 1461 enim
1211 1433 1321 1460 domum
1343 1432 1389 1460 Dei
1413 1432 1584 1464 abnuebant;
1609 1431 1654 1458 sed
1680 1431 1754 1458 intus
1771 1432 1797 1458 in

1009 1481 1068 1515 ipsa
1083 1480 1162 1516 quasi
1180 1480 1209 1506 in
1225 1487 1289 1514 agro
1302 1478 1349 1506 Dei
1363 1479 1511 1513 plantatus,
1537 1480 1565 1504 et
1588 1477 1655 1504 rivis
1671 1476 1755 1504 fontis
1770 1478 1797 1504 in

1008 1526 1090 1553 domo
1102 1525 1150 1552 Dei
1168 1524 1346 1552 scaturientis
1372 1523 1476 1555 fruens,
1499 1523 1623 1550 fructifer
1643 1530 1675 1550 ac
1692 1531 1796 1557 semper

1008 1571 1102 1598 virens
1114 1570 1200 1601 evasi.
1212 1569 1338 1604 exemplo
1352 1568 1460 1596 arboris
1473 1569 1562 1600 olivas,
1574 1576 1635 1603 quae
1649 1569 1719 1595 inter
1729 1576 1797 1595 sem-

174 1612 266 1646 μάτων
279 1614 328 1650 τῆς
346 1615 374 1641 ὲν
389 1614 428 1649 τῷ
446 1615 512 1650 οἴκῳ
538 1615 584 1641 τοῦ
607 1615 673 1641 Θεοῦ
688 1615 779 1650 πηγῆς
803 1616 957 1649 ἀπολαύων,

1010 1625 1058 1652 per
1067 1617 1186 1644 virentes
1200 1619 1407 1644 annumeratur.
1422 1615 1558 1642 Observes
1573 1615 1652 1642 velim
1668 1615 1797 1642 Davidem

172 1659 346 1697 πολύκαρπος
360 1661 489 1696 ἐγινόμην
508 1661 553 1688 καὶ
580 1661 717 1696 ἀειθαλὴς,
736 1662 806 1688 κατὰ
820 1662 850 1688 τὸ
870 1663 958 1697 παρά-

171 1706 324 1741 δειγματοῦ
338 1707 387 1742 τῆς
399 1707 492 1739 ἐλαίας
508 1708 603 1742 φυτοῦ,
619 1709 687 1744 ὅπερ
707 1709 735 1735 ἐν
751 1710 807 1741 τοῖς
821 1709 957 1736 ἀειθαλέσι

173 1751 363 1788 παρείληπται.
387 1753 470 1788 Τήρει
486 1753 524 1785 δὲ,
554 1754 594 1780 ὅτι
619 1754 705 1781 ταῦτα
728 1754 814 1788 λέγων
834 1755 849 1780 ὁ
865 1754 955 1786 Δαυῖδ,

172 1796 233 1823 οὔτε
256 1798 302 1824 ἐπὶ
327 1798 376 1833 τῆς
397 1798 573 1835 Ἰερουσαλὴμ
586 1799 751 1834 ἐτύγχανεν,
780 1801 812 1835 ἢν
834 1799 957 1835 ἐνόμιζον

171 1841 242 1870 εἶναι
262 1843 396 1871 Ἰουδαίων
420 1845 512 1877 παῖδες
539 1843 612 1872 οἷκον
644 1846 689 1872 τοῦ
712 1846 789 1872 Θεοῦ·
816 1846 877 1873 οὒτε
903 1847 956 1882 γὰρ

171 1889 335 1926 ᾠκοδόμηται
353 1890 410 1917 ἀλλ’
424 1881 486 1917 οὐδὲ
509 1892 538 1917 ἐν
554 1893 586 1926 τῇ
602 1893 686 1927 σκηνῇ
701 1893 733 1928 τῇ
752 1892 803 1918 ὑπὸ
819 1881 957 1924 Μωῡσὲως

172 1936 419 1972 κατεσκευασμένῃ,
440 1937 522 1962 εἰσέτι
542 1937 602 1963 τότε
627 1937 704 1972 παρὰ
730 1938 863 1970 Ἰουδαίοις
877 1937 954 1974 οὔσῃ.

168 1981 280 2016 Φεύγων
293 1982 346 2018 γὰρ
363 1982 408 2008 τὸν
426 1982 511 2009 Σαοὺλ
532 1983 594 2018 παρ’
618 1983 719 2018 ἑτέροις
741 1983 789 2014 τὰς
815 1983 955 2019 διατριϐὰς

172 2029 299 2055 ἐποιεῖτο·
311 2028 385 2064 ὅμως
398 2028 419 2054 δ’
430 2026 477 2055 οὖν
492 2028 542 2054 οὐκ
558 2028 649 2063 ἠγνόει
672 2028 767 2055 ἑαυτὸν
783 2030 812 2055 ὲν
836 2029 874 2064 τῷ
889 2029 956 2064 οῐκῳ

170 2072 217 2099 τοῦ
230 2073 298 2100 Θεοῦ
315 2074 525 2109 πεφυτευμένον-
544 2071 617 2100 οἷκον
628 2073 696 2100 Θεοῦ
709 2074 775 2101 νοῶν
789 2075 819 2101 τὸ
832 2074 956 2107 θεοσεϐὲς

172 2118 394 2154 πολίτευμα.Καὶ
409 2119 555 2155 ἐπειδήπερ
569 2121 755 2156 κατάκαρπος,
768 2121 828 2147 οὐδὲ
841 2121 956 2157 πικροὺς

171 2165 262 2200 φέρων
272 2167 404 2201 καρποὺς,
422 2166 528 2200 γλυκεῖς
546 2165 575 2192 δὲ
591 2166 638 2192 καὶ
654 2167 752 2202 πολλῆς
764 2167 898 2202 γέμοντας
912 2176 955 2202 φι-

170 2211 354 2247 λανθρωπίας,
372 2212 482 2244 εἰκότως
493 2212 584 2244 ἐλαίας
597 2213 673 2249 φυτῷ
685 2213 856 2249 κατακάρπῳ
882 2222 954 2249 παρ-

171 2257 308 2289 εϐάλλετο,
323 2257 369 2285 τὸν
385 2259 424 2290 εἰς
439 2258 502 2290 τοὺς
518 2258 602 2290 πέλας
620 2258 693 2285 ἔλεον
706 2259 891 2294 σημαίνοντος,
909 2260 955 2286 καὶ

1011 1663 1068 1691 haec
1088 1663 1224 1690 dicentem
1239 1670 1293 1690 non
1312 1661 1398 1689 fuisse
1422 1662 1449 1689 in
1470 1660 1632 1694 Jerusalem,
1652 1669 1733 1696 quam
1749 1661 1798 1688 do-

1011 1717 1084 1736 mum
1098 1708 1144 1735 Dei
1160 1716 1222 1736 esse
1240 1708 1446 1736 arbitrabantur
1468 1706 1572 1740 Judaei;
1589 1708 1709 1734 nondum
1724 1707 1797 1734 enim

1010 1754 1142 1782 aedificata
1159 1754 1259 1787 fuerat;
1278 1755 1326 1782 sed
1343 1762 1431 1789 neque
1447 1754 1474 1781 in
1491 1754 1691 1781 tabernaculoa
1707 1753 1798 1788 Moyse

1011 1802 1127 1830 structo,
1142 1799 1215 1834 quod
1231 1798 1320 1826 adhuc
1335 1807 1419 1834 penes
1432 1798 1542 1827 Iudaeos
1557 1803 1625 1826 erat.
1640 1798 1707 1826 Cum
1725 1799 1797 1825 enim

1011 1846 1116 1882 fugeret
1140 1855 1154 1873 a
1169 1847 1261 1878 Saule,
1287 1847 1358 1882 apud
1380 1847 1450 1874 alios
1467 1847 1626 1874 morabatur
1640 1856 1646 1873 :
1664 1849 1691 1873 et
1707 1850 1796 1873 tamen

1012 1901 1064 1920 non
1083 1893 1223 1928 ignorabat
1236 1901 1265 1920 se
1285 1893 1311 1920 in
1333 1893 1414 1919 domo
1428 1893 1473 1919 Dei
1491 1893 1640 1928 plantatum
1656 1900 1735 1925 esse;
1754 1893 1796 1919 in-

1011 1938 1134 1972 telligens
1155 1938 1265 1965 domum
1287 1937 1334 1965 Dei
1357 1938 1513 1972 religiosum
1539 1945 1600 1965 esse
1628 1937 1794 1966 institutum.

1009 1984 1042 2011 Et
1057 1985 1184 2019 quoniam
1199 1984 1323 2011 frnctil‘er
1341 1989 1408 2016 erat,
1431 1993 1518 2019 neque
1533 1991 1653 2017 amaros,
1669 1985 1717 2012 sed
1731 1985 1794 2011 dul.

1009 2039 1056 2058 ces
1067 2035 1094 2058 et
1108 2031 1276 2058 humanitate
1290 2031 1384 2066 plenos
1406 2031 1511 2060 fructus
1527 2032 1639 2065 ferebat,
1663 2032 1724 2066 jure
1737 2031 1795 2058 fru-

1009 2081 1113 2104 ctuosm
1134 2078 1225 2105 arbori
1246 2077 1323 2105 olivae
1338 2079 1559 2114 comparabatur,
1577 2081 1700 2114 exemplo
1712 2079 1795 2107 mise-

1009 2123 1155 2150 ricordiam
1170 2124 1197 2150 in
1213 2124 1361 2159 proximos,
1389 2129 1416 2152 et
1437 2125 1634 2153 humanitatem
1658 2126 1686 2153 in
1699 2133 1795 2154 omnes

1010 2169 1189 2204 signiﬁcante.
1219 2169 1316 2204 Utpote
1331 2171 1414 2206 igitur
1431 2171 1478 2206 qui
1494 2175 1534 2198 tot
1547 2171 1627 2200 bonis
1643 2173 1794 2199 instructus

1009 2219 1093 2247 esset.
1113 2221 1313 2251 consequenter
1330 2217 1412 2244 infert
1428 2227 1434 2245 ;
1448 2217 1557 2252 Speravi
1575 2219 1601 2245 in
1613 2218 1794 2246 misericordia

1010 2260 1058 2287 Dei
1073 2261 1100 2287 in
1115 2255 1242 2288 [etcmum
1256 2267 1279 2288 et
1297 2263 1323 2288 in
1337 2263 1463 2289 amulum
1475 2264 1579 2291 saeculi.

169 2302 220 2338 τὴν
238 2303 279 2334 είς
307 2303 428 2335 ἅπαντας
453 2304 656 2340 φιλανθρωπίαν
669 2304 715 2331 τοῦ
734 2304 959 2341 παραδείγματος.
986 2305 1029 2338 Ὧς
1045 2304 1091 2333 οὖν
1105 2307 1241 2340 τοσούτοις
1270 2307 1370 2343 βρίθων
1400 2309 1521 2343 ἀγαθοῖς,
1537 2308 1689 2340 ἀκολούθως
1703 2309 1794 2336 ἐπιλέ-

169 2357 224 2384 γει·
238 2351 372 2377 Ἠλπισα
383 2350 432 2376 ἐπὶ
448 2351 480 2377 τὸ
495 2351 580 2384 ἕλεος
591 2351 644 2377 τοῦ
656 2350 728 2377 Θεοῦ
743 2352 784 2383 εὶς
799 2351 852 2378 τὸν
862 2351 953 2378 αἰῶνα
971 2353 1020 2379 καὶ
1032 2355 1076 2386 εἰς
1091 2353 1144 2380 τὸν
1157 2353 1248 2381 αἰῶνα
1264 2354 1316 2381 τοῦ
1327 2354 1443 2387 αἰῶνος.

207 2396 260 2423 Τοῦ
275 2397 324 2432 μὲν
334 2397 386 2433 γὰρ
399 2398 428 2423 ὲν
445 2398 528 2433 κακία
552 2397 665 2425 δυνατοῦ
677 2398 707 2424 τὺ
719 2398 796 2430 τέλος
812 2399 956 2434 ὲκρίζωσιν

1044 2399 1110 2427 Nam
1123 2401 1195 2428 illius
1208 2401 1328 2436 quidem,
1355 2401 1402 2436 qui
1428 2405 1524 2435 potens
1539 2404 1580 2428 est
1595 2400 1622 2427 in
1636 2400 1790 2436 iniquitate,

172 2442 245 2477 αὐτῷ
270 2443 317 2469 καὶ
341 2442 492 2478 ἀφανισμὸν
508 2442 610 2479 ἐδήλου.
636 2443 735 2478 Ἐχρῆν
762 2443 813 2479 γὰρ
834 2443 883 2478 τὴν
901 2443 955 2470 τῶν

172 2487 278 2524 πικρῶν
291 2488 412 2524 οῖστικὴν
430 2488 507 2524 ῥίζαν
521 2489 635 2525 καρπῶν
658 2489 726 2525 πρὸς
742 2489 789 2516 τοῦ
810 2489 864 2516 τῶν
886 2489 955 2516 ὅλων

173 2534 254 2568 σοφοῦ
267 2533 390 2571 γεωργοῦ
403 2535 643 2571 ἁποκταλῆναι(1).
658 2536 686 2562 '0
694 2536 722 2562 δὲ
737 2535 802 2562 ὡσεὶ
813 2536 889 2563 ἐλαία
906 2544 954 2563 κα-

170 2581 310 2617 τάκαρπος
323 2582 353 2609 ὲν
367 2581 407 2616 τῷ
418 2582 484 2617 οἴκῳ
498 2581 544 2608 τοῦ
558 2581 636 2613 Θεοῦ,
649 2582 762 2617 ἤλπισεν
775 2582 821 2608 ἐπὶ
836 2581 867 2608 τὺ
880 2581 954 2614 ἔλεος

170 2626 217 2653 τοῦ
229 2626 297 2654 Θεοῦ
313 2628 353 2659 εἰς
363 2627 408 2653 τὸν
424 2627 509 2654 αῑῶνα
522 2627 568 2653 καὶ
582 2628 622 2658 εἰς
636 2627 680 2653 τὸν
690 2626 774 2654 αίῶνα
783 2626 830 2654 τοῦ
846 2627 952 2659 αἰῶνος,

169 2673 319 2700 αθανασίαν
340 2673 388 2699 καὶ
401 2672 473 2708 ζωὴν
495 2672 602 2699 αἰώνιον
631 2672 807 2708 ποριζόμενος
824 2672 878 2699 ἀπὸ
904 2672 954 2707 τῆς

171 2717 276 2753 ἀγαθῆς
299 2717 424 2750 ἐλπίδος,
453 2715 488 2754 ἧς
516 2717 614 2744 oft-rma
636 2718 800 2744 ἐκπεσεῖται·
838 2718 871 2745 Ἡ
898 2719 953 2754 γὰρ

169 2763 269 2797 ἑζιπῖς,
289 2764 359 2791 κατὰ
375 2764 420 2790 τὸν
443 2764 612 2795 Ἀπόστολον,
627 2765 662 2790 οὺ
682 2764 883 2798 καταισχύνει.
895 2761 951 2791 Εἶθ’

171 2809 208 2842 ὡς
217 2810 262 2837 ἐπ’
274 2810 386 2845 ἀγαθοῖς
401 2811 526 2846 καρποῖς,
545 2809 648 2844 ἀγαθὰς
658 2810 766 2842 ἐλπίδας
783 2810 871 2846 ἐαυτῷ
885 2811 951 2837 ὑπο·-

206 2870 229 2886 "
248 2869 337 2898 Eccle.
356 2878 380 2900 ι,
395 2870 422 2896 2.
461 2871 483 2886 "
502 2870 579 2904 nam.
598 2878 625 2901 v,
641 2869 667 2897 5.

205 2915 244 2949 (l)
267 2915 490 2950 Ἀποκταλῆναι.
513 2916 588 2944 Anne
605 2915 806 2951 ἀποκταθῆναιῗ
819 2915 896 2942 Entr.

1011 2447 1090 2474 ﬁnem
1101 2448 1271 2483 signiﬁcabat
1287 2455 1348 2474 esse
1362 2446 1572 2474 eradicationem
1587 2450 1613 2473 et
1626 2447 1791 2475 destructio-

1009 2500 1089 2526 nem;
1113 2493 1230 2520 radicem
1247 2493 1319 2519 enim
1337 2500 1490 2520 amarorum
1508 2492 1645 2520 fructuum
1661 2492 1789 2526 feracem,

1008 2539 1161 2573 asapiente
1190 2537 1312 2564 omnium
1341 2538 1459 2573 agricola
1487 2537 1621 2565 eradicari
1637 2539 1788 2572 oportebat.

1008 2583 1059 2617 Qui
1076 2592 1141 2619 vero
1153 2585 1224 2612 sicut
1237 2585 1307 2612 oliva
1323 2583 1464 2612 fructifera
1480 2584 1507 2611 in
1523 2584 1604 2612 domo
1621 2584 1678 2616 Dei,
1693 2593 1790 2619 spera-

1006 2630 1044 2656 vit
1057 2630 1083 2657 in
1102 2629 1287 2658 misericordia
1306 2630 1353 2658 Dei
1379 2631 1406 2657 in
1432 2635 1562 2657 aeternum
1575 2634 1601 2658 et
1616 2631 1642 2657 in
1659 2631 1788 2658 saeculum

1007 2677 1108 2709 stt-culi,
1121 2677 1352 2704 immortalitatem
1375 2681 1403 2704 et
1420 2676 1503 2703 vitam
1512 2680 1642 2703 aeternam
1657 2676 1739 2703 refert
1752 2676 1789 2703 ob

1005 2722 1105 2750 bonam
1122 2730 1208 2757 spem.
1225 2730 1278 2758 qua
1296 2729 1435 2757 nunquam
1451 2723 1577 2755 excidet;
1593 2729 1673 2753 nam.
1689 2729 1788 2748 secun-

1005 2767 1070 2794 dum
1086 2768 1257 2803 Apostolum,
1286 2777 1343 2803 spes
1365 2777 1417 2795 non
1443 2768 1580 2802 confundit
1609 2768 1651 2797 “;
1678 2767 1786 2796 deinde.

1006 2817 1099 2849 utpote
1117 2813 1150 2841 de
1165 2814 1243 2842 bonis
1262 2814 1407 2848 fructibus,
1433 2814 1532 2842 bonam
1557 2813 1606 2841 sibi
1624 2821 1699 2848 spem
1719 2820 1788 2839 eou-
