2064 3212
314 188 362 215 liii
641 184 686 212 EU
691 183 776 211 SEBll
794 181 1031 211 CIESARIENSIS
1055 180 1129 209 OPP.

315 249 437 282 signans.
458 251 552 273 norum
576 251 687 271 causam
704 243 837 270 bonorum
853 242 974 269 omnium
992 241 1095 269 submi—
1110 248 1132 275 Α

315 289 456 318 nislratori
478 289 590 316 ascribit
605 287 699 315 dicens
717 297 723 315 :
744 286 895 321 Conﬁtebor
910 286 957 313 tibi
972 287 999 313 in
1012 295 1097 313 siccu-

317 335 381 365 tum.
396 335 458 369 quia
475 333 570 368 fecisti.
586 332 678 367 Neque
688 331 760 358 enim
775 339 837 366 ego;
851 331 948 366 inquit,
968 338 1011 358 me
1026 330 1098 358 sicut

317 378 593 408 olivam-fructiferam
608 377 759 412 composui,
777 377 823 404 se‘d
834 381 862 403 tu
878 375 964 403 fecisti
986 384 992 401 :
1008 375 1056 403 abs
1072 380 1098 402 te

317 426 389 454 enim
403 425 488 461 gratia
501 433 508 457 ;
521 432 605 459 quare
623 431 761 458 nunquam
779 423 856 449 linem
869 422 964 448 faciam
979 421 1027 448 tibi
1036 429 1098 456 gra-

317 472 370 500 tias
386 472 501 499 habendi
531 478 563 497 ac
583 470 730 498 conﬁtendi
749 478 755 495 ε
779 469 824 496 sed
854 472 996 503 postquam
1014 468 1097 495 semel

318 518 424 554 speravi
436 518 463 545 in
474 517 660 544 misericordia
683 515 740 548 Dei,
754 515 907 548 exspectabo
922 523 1012 542 nomen
1029 514 1095 548 ejus.

317 564 384 592 Nam
400 571 462 590 cum
475 563 546 590 bona
559 570 621 598 spes
643 561 741 593 subsit,
760 561 890 596 patientia
916 561 994 588 nobis
1017 568 1095 596 opus.

317 609 487 644 Quapropter
502 608 653 643 exspectabo
680 616 772 634 nomen
800 612 884 639 tuum,
910 607 957 638 ait,
972 607 1097 642 quoniam

318 656 413 683 bonum
421 660 458 682 est
472 657 500 682 in
515 660 651 689 conspectu
663 659 814 681 sanctorum
840 657 964 684 tuorum;
980 653 1037 680 sive
1052 660 1096 680 se-

318 701 437 728 cundum
461 701 663 736 Symmachum,
681 700 812 732 Quoniam
824 699 918 725 bonum
940 703 978 726 est
1005 707 1098 725 nomen

319 747 431 781 tuumju
440 751 575 780 conspectu
583 750 733 772 sanctorum
745 750 858 771 tuorum.
871 743 978 771 Gnarus
1007 743 1098 778 itaque

319 791 408 827 ipsum
422 791 522 819 bonum
543 798 604 818 esse
627 794 653 817 et
666 790 799 817 bonorum
809 793 957 821 auctorem,
978 796 1032 815 non
1050 796 1097 823 po-

315 837 437 865 tentibus
456 837 484 864 in
500 836 612 868 malitia,
638 844 693 862 non
717 835 831 870 abjectis
858 834 1024 866 hominibus,
1051 834 1098 861 sed

317 884 439 916 sanctis;
459 883 521 918 jure
539 882 692 916 exspectabo
713 890 806 908 nomen
836 885 923 912 tuum,
952 881 1023 908 bona
1051 888 1100 916 spe

319 929 412 957 fruens
427 937 469 956 me
488 936 626 962 nunquam
650 928 790 963 lapsurum
809 935 823 954 a
839 927 1024 954 misericordia
1040 930 1095 953 tua.
1113 936 1134 964 Β

316 977 365 1004 Sic
380 976 470 1011 itaque
485 976 513 1003 in
528 976 588 1010 ipso
605 975 711 1010 speravi
734 974 761 1001 in
777 978 908 1001 aeternum
926 979 953 1001 et
965 973 993 1000 in
1009 981 1095 1001 saecu-

317 1022 373 1048 lum
387 1023 490 1050 saeculi.

319 1077 344 1104 1.
365 1076 398 1103 lN
422 1075 545 1108 FlNEM,
563 1075 637 1108 PRO;
653 1074 857 1107 MAllELETH,
878 1073 1097 1102 lNTELLlGEN-

576 1109 644 1138 ΤΙΑΞ
664 1109 766 1136 DAVlD
786 1109 840 1136 Lll.

355 1158 436 1186 Vens.
449 1158 508 1189 2-6.
527 1157 601 1184 Dixit
616 1157 739 1190 insipiens
763 1157 790 1183 in
813 1156 890 1183 corde
901 1165 949 1184 suo
963 1165 972 1183 ι
988 1155 1049 1184 Non
1058 1161 1097 1184 est

319 1205 399 1232 Deus.
413 1204 536 1238 Corrupti
548 1208 607 1230 sunt
626 1208 649 1230 et
663 1202 850 1229 abominabiles
861 1202 926 1236 facti
935 1206 995 1229 sunt
1007 1202 1034 1229 in
1047 1203 1099 1229 ini-

318 1251 471 1287 quitatibus,
483 1258 534 1276 non
556 1254 595 1277 est
615 1250 658 1284 qui
679 1248 761 1284 faciat
776 1248 882 1276 bonum.
899 1247 1098 1283 Quinquagesi—

317 1303 380 1323 mus
394 1296 514 1330 psalmus
530 1295 709 1322 confessionis
723 1295 832 1322 modum
854 1295 924 1329 ejus,
954 1302 1034 1330 quem
1050 1295 1098 1322 ad-

317 1341 394 1368 missi
413 1340 517 1375 peccati
536 1341 657 1374 ptenilet,
674 1340 883 1374 complectitur;
907 1347 1024 1374 sequens
1035 1347 1098 1367 vero

318 1387 346 1414 in
359 1386 460 1413 malitia
469 1387 584 1422 potentis
598 1390 625 1414 et
641 1386 716 1420 impii
732 1387 817 1413 moris
848 1386 982 1413 insaniam
998 1386 1100 1413 descri-

318 1432 377 1465 bit;
392 1439 424 1459 ac
433 1433 532 1467 qualis,
546 1439 607 1459 cum
622 1432 714 1464 istum,
730 1435 788 1458 tum
802 1432 932 1466 priorem,
945 1431 1007 1459 linis
1019 1440 1100 1459 exet-.-

318 1479 398 1514 perit.
414 1478 480 1505 Nam
496 1479 519 1506 ei
530 1479 575 1514 qui
588 1480 615 1506 in
634 1479 712 1507 malis
727 1480 785 1507 suis
802 1480 969 1515 gloriabatur
996 1480 1099 1507 dictum

317 1529 359 1551 est
374 1533 380 1550 ε
400 1523 542 1558 Propterea
559 1524 626 1551 Deus
639 1524 755 1552 destruet
775 1530 798 1552 te
813 1525 839 1552 in
857 1525 946 1559 ﬁnem,
962 1525 1052 1552 evellet
1065 1531 1098 1558 te,

317 1571 489 1605 etemigrabit
505 1576 528 1598 te
537 1571 568 1597 de
591 1571 809 1604 tabernaculo";
824 1580 858 1599 ex
874 1580 989 1607 persona
1009 1578 1099 1600 autem

319 1616 474 1643 conlitentis
483 1617 664 1651 subjungitur,
677 1617 730 1652 Ego
745 1623 831 1644 autem
845 1619 910 1644 sicut
920 1620 988 1645 oliva
1005 1619 1098 1651 frueti-
1113 1624 1134 1652 ο

320 1663 411 1695 ferain
420 1663 497 1689 domo
513 1661 570 1694 Dei,
586 1663 686 1696 speravi
696 1663 725 1689 in
741 1663 922 1690 misericordia
932 1664 988 1698 ejus
1001 1666 1028 1692 in
1047 1674 1099 1692 stv-

318 1708 407 1734 ealum
419 1707 453 1734 τί.
473 1707 521 1734 llic
538 1714 600 1734 vero
633 1708 679 1742 qui
705 1708 826 1743 psalmus
853 1717 906 1736 non
934 1714 986 1742 est,
1012 1718 1100 1745 neque

318 1754 391 1781 enim
407 1753 443 1780 ita
461 1753 634 1787 inscribitur;
658 1754 707 1781 sed
731 1762 818 1788 neque
834 1756 969 1782 canticum
981 1776 989 1788 ,
1012 1765 1099 1792 neque

317 1801 384 1836 quid
402 1800 506 1832 simile,
538 1800 665 1828 salutaris
691 1800 738 1828 Dei
767 1801 900 1829 adventus
928 1803 1098 1838 prophetiam

318 1845 440 1874 continet
456 1864 464 1874 .
489 1853 568 1880 quem
587 1845 664 1872 multi
680 1847 817 1880 prophetae
834 1850 860 1873 et
873 1846 939 1880 justi
955 1848 1100 1876 voluerunt

317 1891 417 1918 videre.
434 1890 557 1918 Praesens
567 1891 666 1926 itaque,
680 1892 759 1926 quasi
775 1892 802 1918 in
822 1893 943 1920 omnium
959 1886 1098 1921 hominum

319 1936 409 1968 ruina,
423 1939 450 1963 et
463 1936 539 1971 quasi
570 1936 597 1962 in
612 1937 748 1964 communi
765 1937 906 1973 naufragio
929 1939 987 1966 haec
1003 1947 1098 1973 preca-

318 1987 382 2010 tur:
398 1982 464 2015 Quis
475 1982 547 2008 dabit
563 1990 595 2009 et
610 1982 674 2009 Sion
689 1982 814 2010 Salutare
835 1983 943 2011 Israel?
963 1994 1021 2011 cum
1036 1994 1098 2012 con-

318 2029 421 2056 verterit
437 2028 563 2054 Dominus
587 2029 762 2061 captivitatem
773 2029 855 2064 plebis
873 2039 938 2062 sum,
954 2031 1099 2058 exsultabit

318 2074 401 2100 Iacob
417 2077 441 2100 et
455 2073 590 2100 lwtabitur
601 2073 705 2101 Israel:
722 2076 830 2109 quando
855 2076 987 2103 conﬁtens
1008 2077 1098 2104 decla-

320 2126 438 2152 ransque
450 2122 561 2152 peccata
573 2125 631 2149 sua.
648 2127 695 2153 per
708 2121 854 2148 salutarem
878 2120 926 2147 Dei
951 2121 1097 2149 adventum

319 2164 505 2201 purgationem
518 2168 716 2192 consecuturus
732 2169 790 2192 erat
803 2175 810 2197 ;
825 2166 933 2200 quando
945 2166 1019 2201 impii
1031 2173 1057 2195 et
1070 2168 1097 2195 iu

318 2209 421 2236 malitia
437 2211 559 2243 potentes
583 2208 721 2235 hominum
751 2217 851 2243 mores,
877 2218 930 2238 non
953 2219 1000 2245 per
1014 2213 1096 2240 alium

318 2263 401 2291 quam
425 2262 474 2290 per
500 2262 584 2282 unum
611 2254 790 2287 Salvatorem,
821 2257 867 2290 qui
899 2257 1097 2286 insanabilibus

319 2301 420 2328 animae
442 2301 544 2328 morbis
572 2300 672 2327 mederi
695 2301 774 2335 valet,
800 2303 890 2329 curari
908 2309 1043 2338 poterant.
1064 2305 1097 2332 Et
1113 2304 1134 2331 D

319 2346 376 2374 haec
388 2347 421 2374 de
434 2347 503 2374 serie
517 2347 589 2374 dicta
596 2347 660 2374 sint.

354 2477 471 2507 Observa
502 2489 582 2516 porro
611 2482 680 2510 hanc
708 2484 877 2519 prophetiam
909 2487 951 2515 bis
979 2495 1006 2514 tn
1027 2487 1097 2516 libro

318 2522 487 2552 Psalmorum
506 2526 579 2559 ferri,
608 2528 635 2555 in
663 2529 749 2563 prima
767 2535 852 2565 parte.
882 2533 986 2566 psalmo
1016 2535 1096 2562 tertio

319 2570 440 2603 decimo;
460 2571 487 2597 in
502 2573 631 2606 secunda,
643 2582 675 2602 eo
691 2583 771 2610 quem
781 2577 835 2610 jam
851 2581 1010 2607 tractamus.
1026 2580 1093 2608 Nam

318 2623 333 2642 a
351 2616 484 2651 principio
499 2618 532 2644 ad
548 2619 636 2652 linem,
653 2620 748 2648 iisdem
764 2621 818 2649 fere
832 2624 921 2652 verbis
937 2625 1010 2659 jacet
1022 2627 1097 2654 deei-

318 2670 379 2689 mus
396 2663 492 2690 tertius
508 2671 539 2690 ac
566 2672 683 2699 praesens
699 2668 837 2701 psalmus;
857 2669 898 2697 his
917 2671 1007 2700 verbis
1031 2673 1099 2700 inci-

318 2709 404 2743 piens,
422 2708 494 2735 Dixit
510 2710 635 2744 insipiens
648 2713 675 2739 in
695 2714 773 2741 corde
788 2723 835 2742 suo
847 2724 856 2742 :
869 2715 932 2744 Non
953 2723 993 2745 est
1006 2719 1095 2752 Deus;

318 2754 359 2781 his
368 2762 431 2782 vero
439 2754 576 2788 desinens,
587 2757 651 2789 Quis
662 2758 739 2786 dabit
745 2768 774 2786 om
785 2761 848 2788 Sion
855 2761 978 2791 Salutare
989 2763 1075 2793 Israel
1086 2767 1098 2792 ?

315 2806 376 2825 cum
387 2800 539 2827 converterit
553 2801 681 2830 Dominus
693 2806 873 2839 captivitatem
881 2808 962 2842 plebis
969 2817 1034 2845 sum,
1050 2819 1096 2839 ειη

351 2877 373 2894 ⁷⁸
396 2877 468 2906 Psal.
486 2887 530 2914 LI,
548 2879 572 2907 7.
611 2881 632 2897 ⁷¹
652 2881 717 2909 ibid.
736 2883 780 2911 10.

1152 180 1243 208 PARS
1274 180 1318 208 Ill.
1339 195 1372 200 —
1393 179 1569 208 EXEGETIL
1875 176 1929 207 Δεῖ

1145 241 1348 275 τυπωοάμενος,
1372 239 1420 274 τὴν
1450 238 1538 266 αἰτίαν
1566 238 1674 270 ἐξάπτει
1691 237 1730 272 τῷ
1751 236 1857 263 πάντων
1876 236 1930 263 τῶν

1148 284 1256 318 ἀγαθῶν
1274 283 1382 319 χορηγῴ
1398 283 1495 316 λέγων·
1523 281 1795 317 Ἐξομολογήσομαί
1824 289 1873 308 σοι
1888 283 1931 314 εἰς

1148 330 1200 356 τὸν
1215 329 1316 360 αἰῶνα,
1336 330 1381 356 ὅτι
1411 330 1566 363 ἐποίησας,
1596 329 1632 355 Οὐ
1662 328 1715 363 γὰρ
1745 327 1810 362 ἐγὼ,
1838 328 1930 362 φησὶν,

1147 377 1262 412 ἐποίησα
1279 377 1395 410 ἐμαυτὸν
1411 376 1476 402 ὡσεὶ
1492 376 1583 402 ἐλαίαν
1601 375 1786 409 κατάκαρπον,
1814 372 1883 401 ἀλλὰ
1898 375 1931 401 σὺ

1147 421 1285 457 ἐποίησας·
1301 421 1375 456 παρὰ
1394 421 1440 447 σοῦ
1451 421 1504 456 γὰρ
1517 422 1533 455 ἡ
1550 421 1637 456 χάρις·
1654 420 1693 446 διὸ
1719 420 1846 446 οἱδέποτε
1860 418 1939 462 παῦ-ι

1148 468 1228 502 σομαί
1241 476 1282 494 σοι
1299 467 1346 502 τὴν
1361 467 1439 502 χάριν
1454 466 1539 498 εἰδὼς,
1554 466 1598 492 καί
1623 475 1663 492 σοι
1676 465 1939 500 ἐξομολογούμενος-η

1147 513 1220 546 ἅπαξ
1234 514 1262 540 δὲ
1275 513 1386 544 ἐλπίσας
1398 513 1443 538 ἐπὶ
1458 512 1487 538 τὸ
1502 512 1574 543 ἕλεος
1585 511 1631 537 τοῦ
1644 510 1723 542 Θεοῦ,
1742 509 1880 544 ὑπομενῶ
1899 507 1941 542 zdl

1147 560 1240 594 ὄνομα
1256 559 1358 586 αὐτοῦ.
1368 559 1424 593 Τῆς
1436 557 1489 594 γὰρ
1502 557 1606 592 ἀγαθῆς
1621 556 1725 588 ἐλπίδος
1739 556 1931 591 ὑποκειμένης,

1147 606 1284 641 ὑπομονῆς
1298 607 1364 640 ἡμῖν
1381 605 1467 640 χρεία.
1480 603 1527 632 Διὸ
1539 602 1676 637 ὑπομενὼ
1697 603 1729 629 τὸ
1753 602 1846 637 ὄνομά
1862 610 1931 634 σου,

1147 653 1238 688 φησὶν,
1248 651 1290 678 ὅτι
1306 651 1439 686 χρηστόν
1448 650 1532 676 ἐστιν
1540 649 1678 675 ἐναντίον
1688 647 1747 675 τῶν
1762 649 1854 675 ὁσίων
1863 657 1932 675 σου·

1146 698 1163 733 ἦ
1179 697 1248 724 κατὰ
1259 697 1303 723 τὸν
1321 695 1477 730 Σύμμαχον,
1492 695 1551 720 ’Ὁτι
1569 694 1681 728 ἀγαθὸν
1695 693 1727 720 τὸ
1755 693 1848 728 ὄνομά
1874 702 1931 720 σου

1147 744 1288 777 ἄντικρυς
1317 742 1374 769 τῶν
1392 741 1485 768 ὁσίων
1508 748 1576 766 σίνιτ.
1605 739 1688 771 Εἰδὼς
1703 737 1759 770 οὖν,
1772 740 1812 766 ὅτι
1828 738 1931 774 ἀγαθόν

1148 790 1215 820 ἐστι,
1231 789 1277 814 καὶ
1294 787 1402 822 ἀγαθῶν
1415 786 1564 820 ποιητικὸν,
1583 786 1612 812 οὐ
1628 787 1682 817 τοῖς
1703 785 1824 817 δυνατοῖς
1839 786 1868 811 ὲν
1883 794 1932 812 κα-

1147 835 1203 870 κίᾳ,
1218 834 1277 860 οὐδὲ
1303 835 1358 865 τοῖς
1384 833 1546 868 ἁποϐλήτοις
1571 832 1625 858 τῶν
1655 831 1772 864 ζώντων,
1799 832 1867 858 ἀλλὰ
1878 832 1933 863 τοῖς

1148 880 1240 911 ὁσίοις,
1255 880 1365 911 εἰκότως
1380 878 1517 913 ὑπομενῶ
1535 878 1567 904 τὸ
1581 877 1672 912 ὄνομά
1684 886 1751 909 σου,
1772 877 1881 910 εὒελπις
1896 877 1933 904 ὢν

1150 926 1254 960 μήποτε
1282 926 1406 950 ἐκπεσεῖν
1434 924 1480 950 τοῦ
1499 922 1545 949 σοῦ
1578 923 1679 954 ἐλέους.
1701 922 1780 949 Οὕτω
1803 921 1868 957 γοῦν
1884 924 1931 959 ἦλ-

1147 980 1214 997 πισα
1231 971 1273 997 ἐπ’
1284 970 1358 1005 αὐτῷ
1375 972 1413 1002 εἰς
1440 970 1485 997 τὸν
1510 969 1594 996 αἰῶνα
1610 970 1655 995 καὶ
1672 970 1711 1001 εἰς
1731 969 1775 995 τὸν
1788 969 1873 997 αἰῶνα
1887 970 1933 996 τοῦ

1147 1016 1254 1047 αἰῶνος.
1910 1052 1917 1058 ν

1149 1071 1203 1098 ΕΙΣ
1222 1072 1265 1099 ΤΟ
1285 1072 1407 1105 ΤΕΛΟΣ,
1427 1073 1518 1099 ΥΠΕΡ
1538 1070 1677 1098 ΜΑΕΛΕΘ
1696 1072 1871 1098 ΣΥΝΕΣΕΩΣ
1892 1072 1934 1098 ἰὨ

1457 1108 1557 1133 ΔΛΥΙΔ
1576 1107 1628 1133 NB’

1181 1162 1274 1191 Εἶπεν
1292 1164 1436 1199 ἀφρωνὲν
1452 1164 1557 1198 καρδίᾳ
1569 1165 1672 1192 αὐτοῦ·
1691 1165 1750 1191 Οὐκ
1764 1165 1829 1191 ἐστι
1849 1165 1932 1198 Θεός.

1148 1208 1353 1242 Διεςτθὰρηῖγαν
1366 1209 1414 1235 καὶ
1428 1209 1654 1243 ἐϐδελύχθησαν
1669 1211 1703 1236 ἐν
1716 1210 1862 1244 ἀνομίαις,
1879 1211 1934 1237 οὐκ

1148 1255 1214 1281 ἐστι
1227 1253 1319 1281 ποιῶν
1333 1255 1455 1288 ἀγαθόν.
1477 1255 1504 1280 ’0
1522 1255 1571 1289 μὲν
1591 1258 1611 1280 ν’
1625 1255 1816 1291 ἐξομολόγησιν
1832 1255 1934 1291 τρόπου

1151 1300 1396 1336 μεταγινώηοντος
1423 1302 1465 1335 ἐφ’
1482 1299 1522 1332 οἷς
1549 1302 1684 1337 ἥμαρτεν,
1715 1303 1861 1337 περιεῖχεν·
1881 1302 1934 1329 est

1149 1346 1213 1380 ἑξῆς
1227 1345 1310 1381 αὐτῷ,
1325 1346 1453 1373 ἀπόνοιαν
1467 1347 1513 1373 τοῦ
1529 1347 1558 1373 ὲν
1572 1348 1656 1382 κακίᾳ
1666 1347 1777 1374 δυνατοῦ
1792 1348 1840 1375 καὶ
1853 1348 1935 1374 ἀθέου

1148 1393 1258 1428 τρόπου·
1282 1392 1372 1418 ὁποῖόν
1402 1401 1431 1418 τε
1456 1392 1548 1420 τοῦτον
1571 1393 1702 1428 διεδέχετο
1730 1393 1760 1419 τὸ
1786 1393 1871 1425 τέλος,
1890 1394 1936 1420 καὶ

1150 1439 1239 1464 ὁποῖον
1250 1438 1295 1464 τὸν
1317 1438 1457 1474 πρότερον.
1475 1438 1519 1473 Τῴ
1537 1439 1585 1474 μὲν
1596 1439 1649 1474 γὰρ
1669 1440 1869 1475 καυχησαμένῳ
1890 1440 1936 1466 ἐπὶ

1149 1484 1205 1514 τοῖς
1216 1482 1313 1510 ἑαυτοῦ
1326 1485 1420 1514 κακοῖς
1433 1483 1547 1518 ἐλέγετο·
1563 1484 1716 1510 Διὰτοῦτο
1738 1486 1754 1510 ὁ
1778 1484 1850 1517 Θεὸς
1864 1487 1934 1512 καθ-

1154 1529 1220 1556 ελεῖ
1229 1536 1266 1555 σε
1280 1530 1323 1562 εὶς
1337 1529 1432 1562 τέλος,
1444 1529 1555 1556 suum
1570 1538 1606 1556 σε
1622 1530 1670 1556 καὶ
1693 1530 1935 1565 μεταναστεῦσαί

1151 1581 1187 1600 σε
1201 1573 1259 1600 ἀπὸ
1273 1573 1478 1608 σκηνώματος·
1495 1575 1527 1600 ἐκ
1552 1574 1697 1610 προσώπου
1711 1575 1739 1602 δὲ
1754 1575 1800 1602 τοῦ
1812 1576 1934 1611 ἐξομολο-

1151 1619 1306 1654 γηοαμένου
1321 1620 1440 1655 ἐπήγετο
1453 1620 1516 1655 ἑξῆς
1544 1621 1585 1653 τὸ,
1617 1621 1686 1656 Ἐγὼ
1705 1621 1738 1648 δὲ
1761 1622 1833 1649 ὡσεὶ
1849 1623 1934 1649 ἐλαία

1149 1665 1338 1699 κατάχαρπος
1354 1665 1389 1692 ἐν
1404 1665 1444 1698 τῷ
1457 1666 1528 1698 οῖκῳ
1540 1666 1592 1693 τοῦ
1613 1666 1697 1698 Θεοῦ,
1711 1667 1828 1700 ἤλπισα
1838 1668 1888 1694 ἐπὶ
1901 1667 1932 1694 τὸ

1149 1709 1233 1742 ἕλεος
1248 1711 1341 1737 αὺτοῦ
1353 1712 1395 1743 εἰς
1410 1711 1462 1737 τὸν
1487 1711 1588 1738 αἰῶνα.
1612 1711 1640 1738 '0
1664 1713 1693 1739 δὲ
1721 1713 1815 1749 παρὼν
1836 1714 1886 1740 οὐκ
1898 1714 1933 1740 ὢν

1148 1755 1263 1791 ψαλμδς,
1279 1757 1309 1783 οὐ
1333 1757 1387 1792 γὰρ
1404 1757 1489 1789 οὕτως
1505 1759 1715 1794 ἐπιγέγραπται,
1732 1760 1789 1786 ἀλλ’
1800 1760 1859 1787 οὐδὲ
1869 1760 1932 1796 ᾠδὴ,

1148 1802 1208 1829 οὐδέ
1220 1811 1245 1829 τι
1260 1802 1314 1829 τῶν
1326 1803 1464 1835 τοιούτων,
1487 1805 1653 1840 προφητείαν
1669 1806 1790 1841 περιέχει
1815 1806 1865 1842 τῆς
1884 1814 1934 1833 σω-

1148 1848 1242 1883 τηρίου
1256 1849 1422 1883 θεοφανείας,
1452 1851 1484 1886 ἣν
1503 1851 1594 1877 πολλοὶ
1617 1852 1752 1887 προφῆται
1781 1852 1828 1878 καὶ
1838 1852 1933 1879 δίκαιοι

1149 1894 1325 1930 ἐπεθύμησαν
1341 1896 1413 1923 ἰδεῖν.
1433 1897 1536 1933 Ὠσπερ
1550 1896 1595 1924 οὖν
1610 1899 1657 1924 καὶ
1670 1899 1684 1924 ὁ
1702 1898 1770 1933 μετὰ
1783 1900 1876 1934 χεῖρας
1891 1900 1935 1925 ἐπὶ

1148 1942 1181 1976 τῇ
1196 1942 1304 1969 πάντων
1330 1943 1478 1979 ἀνθρώπων
1508 1944 1664 1976 δια-πτώσει,
1695 1945 1741 1972 καὶ
1769 1944 1863 1981 ὥσπερ
1890 1945 1934 1972 ἐπὶ

1149 1987 1230 2023 κοινῷ
1247 1989 1368 2024 ναυαγίῳ
1384 1989 1529 2025 εὐχόμενος
1546 1991 1592 2017 καὶ
1615 1991 1709 2025 λέγων·
1732 1991 1779 2024 Τίς
1796 1991 1886 2019 δώσει
1901 1992 1934 2018 ὲκ

1149 2034 1226 2060 Σιὼν
1241 2034 1274 2060 τὸ
1292 2034 1441 2069 Σωτήρων
1452 2036 1505 2062 τοῦ
1527 2036 1663 2070 Ἰσραήλ;
1688 2038 1723 2063 ἑν
1746 2036 1786 2070 τῷ
1801 2038 1935 2072 ἐπιστρέ-

1148 2081 1203 2113 ψαι
1220 2080 1327 2114 Κύριον
1350 2081 1407 2115 τὴν
1430 2083 1638 2116 αἰχμωὶωσίαν
1667 2083 1720 2110 τοῦ
1739 2084 1815 2110 λαοῦ
1831 2085 1934 2117 αὐτοῦ,

1153 2126 1367 2160 ἀπαλλιάσεται
1380 2127 1488 2159 Ἰακὼϐ,
1498 2128 1545 2154 καὶ
1553 2129 1789 2162 εὐφρανθήσεται
1803 2130 1934 2165 Ἰσραήλ·

1153 2172 1197 2198 ὅτε
1219 2172 1283 2208 γὰρ,
1306 2173 1550 2209 ἐξομολογούμενος
1571 2175 1618 2201 καὶ
1642 2175 1810 2212 ἐξαγορεύων
1826 2177 1860 2203 τὰ
1875 2179 1934 2204 ἑαυ-

1148 2218 1194 2244 τοῦ
1210 2219 1396 2254 ἁμαρτήματα
1418 2219 1461 2247 διὰ
1478 2220 1526 2254 τῆς
1541 2221 1674 2256 σωτηρίου
1701 2222 1870 2257 θεοφανείας,
1886 2232 1934 2250 κα-

1150 2263 1270 2299 θάρσεως
1287 2265 1381 2299 ἔμελλε
1406 2265 1555 2298 τεύξεσθαι·
1574 2267 1618 2293 ὅτε
1641 2268 1717 2299 ἄθεος
1733 2270 1761 2295 ὲν
1783 2270 1935 2305 ἀνθρώποις

1149 2309 1196 2335 καὶ
1206 2310 1235 2336 ἐν
1247 2311 1329 2346 κακίᾳ
1355 2311 1467 2343 δυνατὸς
1481 2312 1581 2348 τρόπος
1599 2314 1652 2340 οὐδ’
1674 2313 1760 2345 ἄλλως
1781 2312 1837 2346 οἷός
1856 2324 1887 2341 τε
1901 2313 1934 2350 ἦν

1151 2355 1167 2389 ἦ
1184 2355 1227 2382 διὰ
1245 2357 1324 2390 μόνου
1338 2357 1384 2384 τοῦ
1403 2358 1528 2394 Σωτῆρος
1541 2359 1688 2394 θεραπείας
1703 2361 1805 2395 τυχεῖν,
1824 2360 1871 2387 τοῦ
1890 2362 1935 2388 καὶ

1149 2402 1183 2428 τὰ
1198 2402 1294 2429 ἀνίατα
1305 2402 1353 2438 τῆς
1367 2404 1455 2440 ψυχῆς
1471 2405 1543 2440 πάθη
1563 2405 1688 2432 ἰάσασθαι
1701 2406 1860 2441 δυναμένου.
1883 2407 1935 2434 Καὶ

1147 2448 1234 2474 ταῦτα
1252 2449 1300 2484 μὲν
1310 2451 1349 2481 εἰς
1360 2451 1407 2486 τὴν
1420 2452 1577 2479 ἀκολουθίαν
1594 2453 1722 2488 εἰρήσθω.

1185 2494 1328 2531 Σημειώσῃ
1340 2496 1379 2528 δὲ,
1398 2497 1438 2524 ὃτι
1455 2497 1578 2534 δεύτερον
1591 2499 1640 2534 ἤδη
1654 2500 1670 2534 ἠ
1683 2500 1852 2535 προκειμένη
1870 2509 1932 2536 προ-

1151 2539 1248 2574 φητεία
1265 2539 1386 2574 ἔγκειται
1397 2543 1429 2577 τῇ
1446 2542 1528 2577 βίϐλῳ
1545 2543 1598 2570 τῶν
1625 2544 1755 2579 Ψαλμῶν·
1775 2546 1803 2571 ὲν
1820 2546 1869 2580 μὲν
1898 2544 1933 2579 τῷ

1150 2586 1249 2623 πρώτῳ
1263 2588 1340 2623 μέρει
1366 2588 1435 2614 κατὰ
1454 2587 1498 2614 τὸν
1517 2592 1560 2623 ιγ’,
1582 2590 1610 2615 ὲν
1631 2590 1659 2616 δὲ
1671 2590 1710 2625 τῷ
1724 2590 1842 2626 δευτέρῳ
1866 2591 1932 2617 κατὰ

1151 2633 1184 2659 τὰ
1194 2633 1369 2668 προκείμενα.
1395 2633 1492 2668 Σχεδὸν
1505 2635 1559 2670 γὰρ
1578 2635 1668 2667 αὐτοῖς
1682 2636 1800 2671 ῥήμασιν
1817 2638 1864 2664 ἀπ’
1886 2638 1932 2672 ἀρα

1151 2679 1201 2714 χῆς
1215 2680 1294 2714 μέχρι
1315 2679 1407 2711 τέλους
1423 2681 1469 2706 καὶ
1487 2681 1501 2707 ὁ
1519 2684 1552 2715 ιγ’
1569 2681 1669 2716 ὁμοίως
1682 2682 1738 2717 ἔχει
1755 2682 1793 2718 τῷ
1808 2683 1928 2718 παρόντι·

1149 2724 1298 2759 ἀρχόμενος
1319 2725 1367 2760 μὲν
1379 2725 1432 2752 ἀπὸ
1453 2725 1510 2752 τοῦε
1538 2725 1631 2753 Εἶπεν
1655 2727 1756 2762 ἄφρων
1776 2727 1812 2754 ἐν
1829 2727 1930 2762 καρδίᾳ

1149 2770 1251 2797 αὑτοῦ·
1270 2772 1331 2798 οὐκ
1357 2771 1423 2798 ἐστι
1447 2772 1527 2805 Θεός·
1560 2772 1692 2799 τελευτῶν
1717 2773 1799 2806 δὲείς
1824 2774 1864 2801 τό·
1887 2774 1931 2806 Τίς

1150 2813 1238 2841 δώσει
1254 2815 1287 2842 ἐκ
1305 2815 1380 2844 Σιὼν
1391 2817 1424 2843 τὸ
1442 2817 1592 2852 Σωτήριον
1603 2818 1656 2845 τοῦ
1682 2819 1802 2853 Ἰσραήλ
1815 2832 1824 2856 ;
1848 2819 1880 2847 ἐν
1893 2818 1930 2851 τῷ
