2064 3212
172 187 224 215 ηδ

734 183 984 213 COMMENTARIA
1000 183 1032 209 1N
1054 183 1222 212 PSALMOS.

1270 160 1344 199 εν
1732 185 1785 212 ιει

171 244 347 279 ἐπιστρέψαι
377 245 485 278 Κύριον
501 242 556 277 τὴν
581 244 787 279 αἰχμαλωσίαν
807 243 860 270 τοῦ
874 243 950 270 λαοῦ

1006 241 1112 269 sultabit
1128 241 1210 268 Iacob
1240 247 1264 269 et
1294 242 1427 270 [elabitur
1442 242 1538 270 Israel.
1564 241 1678 270 Medicis
1692 245 1783 269 autem
1799 255 1802 261 ι

170 291 273 321 αὑτοῦ,
286 290 500 325 ἀγαλλιάσεται
531 290 634 322 Ῑακὼϐ,
655 290 704 316 καὶ
716 289 951 324 εὐφρανθήσεται

175 335 308 368 Ἰσραήλ.
335 335 463 370 Βραχεῖαι
495 335 523 361 δὲ
547 335 633 369 λέξεις
653 335 702 371 τὴν
732 336 760 362 ὲν
788 335 951 370 ἀμφοτέροις

169 380 298 415 διαφορὰν
315 380 485 416 ἐργάζονται.
509 380 552 407 Ἐν
569 380 617 416 μὲν
643 379 696 415 γὰρ
722 382 754 416 τῇ
781 380 924 416 προγραφῇ
939 381 952 406 ὁ

157 426 219 461 ’μὲν
236 429 269 460 ιγ’
281 426 325 458 εἰς
336 425 368 452 τὸ
384 427 470 458 τέλος
491 425 530 458 τῷ
548 426 637 453 Δαυῒδ
651 426 766 460 ἐλέγετο·
787 427 801 452 ὸ
816 426 844 452 δὲ
858 425 952 461 παρὼν

169 471 225 507 ἔχει
237 472 286 506 μὲν
297 471 345 507 τὴν
358 472 442 507 αὐτὴν
459 472 547 507 ῥῆσιν,
566 472 706 504 πλεονάζει
716 472 744 498 δὲ
760 473 788 498 ὲν
802 471 841 507 τῷ
850 471 951 506 λέγειν,

168 518 245 551 ὑπὲρ
257 517 386 549 Μαελὲθ,
401 517 563 552 συνέσεως.
584 519 613 545 '0
627 519 676 554 μὲν
699 518 824 550 Ἀκύλας,
841 518 889 545 ἐπὶ
903 527 953 553 χο-

169 565 243 598 ρείᾳ.
261 565 441 600 ἡρμήνευσεν·
459 565 472 591 ὁ
488 565 515 591 δὲ
536 565 693 601 Σύμμαχος,
711 565 759 592 διὰ
782 565 884 600 χοροῦ⁸
899 566 914 590 ὀ
925 565 954 591 δὲ

169 610 323 642 Θεοδοτῐων,
340 611 414 644 ὑπὲρ
428 610 483 644 τῆς
492 612 620 646 χορείας,
634 612 681 638 καὶ
695 613 710 646 ἡ
724 611 835 647 πεμπτὴ
849 611 953 644 ἐκδοσις

170 656 310 688 ὡσαύτως.
335 657 501 691 Ἀναγκαίως
521 657 549 684 δὲ
575 658 716 693 πρόκειται
737 658 777 689 τὸ,
789 659 952 690 συνέσεως*

170 702 318 737 ἐπειδήπερ
330 703 460 734 συνέσεως
471 704 535 738 ἡμῖν
548 703 586 729 δεῖ
597 703 662 738 πρὸς
676 704 704 730 τὸ
717 704 811 738 νοῆσαι
825 703 866 734 τίς
881 704 954 730 ἐστιν

171 749 187 782 ἡ
204 748 296 784 χορεία
312 749 328 783 ὴ
342 748 384 775 διὰ
405 749 453 784 τῆς
475 749 637 784 προγραφῆς
669 749 829 785 δηλουμένη,
849 750 895 776 καὶ
913 749 954 782 τίς

169 795 184 820 ὁ
199 795 286 828 λόγος,
298 795 357 821 καθ’
372 795 401 821 ὃν
416 795 487 826 Ξιπαξ
515 794 706 830 προλεχθείσης
719 795 767 830 τῆς
788 795 955 830 προφητείας

171 834 240 867 κατᾶ
257 841 301 867 τὸν
320 841 353 874 ιγ’
369 840 493 875 δεύτερον
516 840 632 866 ἐνταῦθα
655 841 847 876 παρείληπται.
864 841 900 867 Τὸ
915 841 953 872 δὲ,

170 889 213 918 εἰς
223 887 319 918 τέλος,
332 888 361 913 ὲν
369 887 531 922 ἀμφοτέροις
540 885 672 921 κείμενον,
688 887 850 921 σημαντικὸν
864 887 896 913 ἂν
910 886 952 922 εἴη

169 933 217 959 τοῦ
229 933 325 967 χρόνου
339 931 399 959 καθ’
409 932 438 957 ὃν
450 932 565 967 ἤμελλεν
589 932 775 958 ἀποτελεῖσθαι
798 932 832 958 τὰ
849 941 953 968 προφη-
969 922 989 949 Β

170 978 313 1014 τευόμενα.
344 978 452 1014 Ἐπειδὴ
474 977 528 1014 γὰρ
552 978 623 1005 κατὰ
645 979 695 1014 τὴν
723 978 877 1005 συντέλειαν
905 979 953 1005 τοῦ

170 1023 278 1056 αἰῶνος,
288 1023 318 1049 τὸ
331 1024 465 1058 Σωτήριον
480 1024 527 1050 τοῦ
541 1018 619 1055 Θεοῦ,
633 1024 764 1058 ἐπιφανὲν
778 1025 833 1054 τοῖς
849 1024 894 1050 ἐπὶ
903 1024 954 1058 γῆς

170 1068 335 1104 ἀνθρώποις,
362 1070 468 1105 χορείαν
499 1070 679 1105 συνεστήσατο
703 1070 751 1106 τὴν
777 1069 806 1102 ἐξ
828 1070 955 1097 ἁπάντων

170 1113 224 1140 τῶν
238 1114 321 1140 ὲθνῶν
337 1115 365 1140 ἐν
381 1116 413 1150 τῇ
437 1116 584 1152 Ἐκκλησία
597 1116 679 1143 αὑτοῦ
705 1116 953 1151 συγκροτουμένην,

171 1161 210 1192 εἰς
221 1159 321 1195 ὕμνους
333 1161 380 1187 καὶ
400 1160 552 1196 ὀοξολογίας
565 1162 612 1188 τοῦ
625 1162 706 1189 αὑτοῦ
720 1162 835 1198 Πατρόςη
845 1163 956 1194 εἰκότως

171 1206 217 1232 ἐπὶ
229 1205 334 1232 σύνεσιν
348 1207 420 1242 ἡμᾶς
431 1207 532 1242 ταύτης
546 1208 595 1243 τῆς
615 1208 722 1244 χορείας
733 1209 746 1234 ό
760 1208 837 1242 λόγος
852 1216 955 1243 παρορ-

173 1252 222 1286 μᾷ.
233 1251 287 1278 Καὶ
297 1252 348 1288 ὅρα
360 1253 391 1279 τὸ
406 1254 568 1289 παράδοξον·
580 1254 734 1290 προγράφει
753 1254 801 1289 μὲν
817 1253 870 1289 γὰρ
880 1253 956 1287 ὑπὲρ

171 1296 226 1330 τῆς
240 1298 368 1331 χορείας,
382 1299 398 1334 ἢ
417 1299 492 1333 ὑπὲρ
512 1299 564 1326 τοῦ
584 1299 686 1334 χοροῦ,
699 1300 802 1334 εἰσάγει
815 1300 842 1326 δὲ
860 1299 955 1326 οὐδένα

171 1343 218 1368 ἐπὶ
233 1343 284 1378 γῆς
298 1344 438 1380 ἄνθρωπον
456 1346 566 1379 ἀγαθὸν,
575 1346 635 1372 οὐδὲ
649 1346 774 1372 ποιοῦντα
785 1345 954 1382 χρηστότητα

171 1387 223 1420 ἓως
247 1389 315 1421 ἑνὸς,
340 1390 424 1425 λέγων
448 1391 519 1426 ἑξῆς·
545 1392 651 1425 Κύριος
680 1391 714 1417 ὲκ
740 1391 792 1418 τοῦ
824 1390 954 1424 οὐρανοῦ

171 1432 314 1468 διέκυψεν
325 1435 373 1462 ἐπὶ
388 1436 457 1469 τοὺς
468 1436 550 1469 υἱοὺς
565 1438 622 1464 τῶν
635 1437 804 1471 ἁνθμὸπων,
817 1437 868 1464 τοῦ
881 1437 954 1464 ἰδεῖν

1004 288 1095 315 verbis
1112 287 1191 315 ambo
1207 287 1346 316 diﬂ‘erunt.
1370 287 1435 315 Nam
1453 289 1479 315 in
1495 289 1574 316 titulo
1593 286 1719 366 deqx
1731 291 1802 333 ιον-θ

1005 333 1059 361 tius
1082 334 1109 360 in
1126 333 1204 366 ﬁnem
1225 333 1308 360 David
1331 334 1423 366 habet,
1448 334 1492 361 hic
1506 342 1571 361 vero
1581 341 1640 361 eam
1691 337 1694 340 ’
1711 334 1802 366 -qui-'

1005 333 1059 361 tius
1082 334 1109 360 in
1126 333 1204 368 ﬁnem
1225 333 1308 360 David
1331 334 1423 366 habet,
1448 334 1492 361 hic
1506 342 1571 361 vero
1581 333 1802 369 σιωπῇ-ιμήν

1003 379 1065 407 dem
1088 379 1247 407 sententiam
1264 379 1388 414 praefert;
1413 379 1460 407 sed
1485 379 1542 407 hate
1562 373 1680 415 insuper'
1699 379 1786 412 addit,
1802 376 1803 379 “

1003 433 1049 459 pro
1058 424 1200 459 Malteletlt,
1210 425 1400 460 intelligentia.
1417 426 1524 460 Aquila,
1541 433 1617 459 super
1625 426 1730 458 chorea,
1744 425 1785 452 in-

1004 475 1168 506 terpretatus
1179 475 1220 499 est
1234 480 1240 504 ;
1258 471 1448 507 Symmachus,
1464 479 1509 505 per
1526 471 1787 503 clwrum;Theodo-

1004 519 1052 550 tio,
1071 526 1118 552 pro
1127 518 1220 544 chorea
1231 538 1238 549 ,
1249 522 1276 546 et
1287 518 1382 553 quinta
1399 518 1484 546 editio
1500 518 1634 546 similiter.
1652 519 1786 548 Necessa-

1005 563 1046 591 rio
1062 568 1152 591 autem
1178 563 1357 598 intelligentiae
1389 563 1505 596 dicitur;
1522 564 1586 599 quia
1610 564 1787 600 intelligentia

1005 609 1084 637 nobis
1096 617 1176 645 opus,
1190 614 1219 638 ut
1231 610 1371 645 capiamus
1382 618 1442 645 quae
1457 610 1493 637 sit
1517 610 1687 643 illachorea,
1708 610 1735 637 in
1750 610 1786 637 ti-

1005 657 1062 684 tulo
1078 657 1216 691 indicata;
1233 663 1259 684 et
1274 665 1327 692 qua
1342 657 1375 684 de
1392 665 1485 690 causa,
1511 657 1593 685 semel
1608 657 1713 692 prolata
1726 665 1789 692 pro-

1006 704 1096 739 phetia
1120 705 1147 731 in
1159 704 1265 739 psalmo
1281 704 1387 731 decimo
1404 704 1496 735 tertio,
1511 703 1632 731 secundo
1653 703 1697 730 hic
1712 711 1789 738 repe-

1006 755 1087 778 tatur.
1104 749 1171 777 Illud
1188 755 1288 781 autent,
1310 750 1337 776 in
1354 750 1443 784 ﬁnem,
1459 749 1530 784 quod
1548 750 1575 776 in
1586 752 1702 783 utroque
1723 748 1790 783 legi-

1005 800 1059 827 tur,
1076 799 1181 830 tempus
1199 802 1253 830 qno
1276 794 1381 828 impleri
1400 793 1500 821 debent
1528 801 1588 828 quae
1609 793 1636 820 in
1648 793 1790 828 prophetia

1006 840 1130 868 feruntur
1145 840 1349 876 signiﬁcaverit.
1377 839 1446 872 Quia
1472 839 1545 867 enim
1571 839 1598 866 in
1615 846 1790 867 consumma-

1005 888 1079 914 tione
1092 887 1196 919 sazculi,
1213 886 1338 913 Salutare
1349 885 1396 913 Dei
1409 886 1480 921 quod
1496 886 1522 912 in
1535 890 1606 913 terra
1634 885 1790 913 hominibus

1004 932 1103 964 illuxit,
1119 932 1247 959 choream
1263 931 1406 959 constituit
1432 939 1464 958 ex
1479 931 1605 958 omnibus
1620 931 1746 966 gentibus
1761 930 1790 957 in

1003 978 1124 1005 Ecclesia
1138 978 1224 1012 ipsius
1239 982 1440 1013 congregatam,
1457 977 1490 1004 ad
1505 977 1621 1013 hymnos
1634 982 1661 1004 et
1675 976 1790 1012 gloriam

1002 1024 1076 1051 Patri
1092 1025 1177 1059 ipsius
1187 1023 1377 1057 referendam;
1391 1024 1452 1058 jure
1467 1024 1499 1051 ad
1513 1024 1576 1050 talis
1589 1024 1695 1050 chorea:
1711 1023 1791 1050 intel-

1002 1070 1141 1106 ligentiam
1155 1078 1205 1098 nos
1218 1078 1308 1098 sermo
1331 1071 1459 1097 concitat.
1473 1069 1504 1096 Et
1519 1070 1580 1097 vide
1596 1070 1673 1101 mihi,
1686 1076 1790 1104 quaeso.

1003 1124 1060 1144 rem
1079 1117 1223 1152 permiram
1238 1127 1243 1143 :
1260 1116 1324 1144 dum
1338 1117 1411 1144 enim
1426 1116 1498 1143 hunc
1512 1116 1620 1143 titulum
1646 1115 1702 1143 edit
1714 1135 1722 1148 ,
1743 1123 1792 1150 pro

1007 1163 1100 1190 chorea
1110 1164 1151 1190 vel
1163 1171 1209 1198 pro
1232 1163 1326 1194 choro,
1352 1163 1457 1190 nullum
1483 1170 1544 1190 esse
1568 1163 1679 1190 interra
1691 1163 1791 1190 bonum

1007 1207 1156 1242 hominem,
1187 1216 1219 1236 ac
1237 1216 1270 1236 ne
1287 1209 1327 1236 vel
1345 1217 1428 1235 unum
1455 1209 1501 1244 qui
1531 1209 1612 1236 faciat
1643 1209 1792 1236 bonitatem

1006 1255 1141 1286 enuntiat.
1153 1255 1247 1283 dicens
1271 1257 1299 1283 in
1322 1256 1500 1291 sequentibus
1515 1264 1521 1282 :
1541 1256 1670 1283 Dominus
1682 1256 1713 1283 de
1729 1256 1793 1283 coelo

1006 1301 1139 1335 prospexit
1148 1310 1226 1336 super
1241 1302 1312 1336 ﬁlios
1329 1302 1474 1333 hominum,
1502 1307 1530 1328 ut
1556 1302 1642 1329 videat
1661 1302 1684 1328 si
1698 1306 1737 1328 est
1752 1302 1792 1328 ia-

1006 1347 1124 1383 telligens
1142 1353 1188 1374 aut
1205 1349 1338 1383 requirens
1367 1348 1459 1376 Deum.
1475 1349 1571 1375 Omnes
1585 1349 1792 1378 declinaverunt,

1005 1393 1086 1420 simul
1100 1394 1205 1420 inutiles
1219 1394 1284 1428 [acti
1298 1398 1377 1425 sinit;
1396 1403 1446 1420 non
1462 1399 1499 1421 est
1517 1395 1561 1429 qui
1586 1394 1668 1429 faciat
1685 1393 1791 1424 bonum,

1005 1447 1057 1465 non
1076 1443 1114 1466 est
1135 1447 1214 1473 usque
1228 1439 1262 1465 ad
1276 1448 1366 1466 unum.

170 1481 198 1507 sl
213 1480 277 1507 ἐστι
297 1481 410 1508 συνιὼν
440 1483 488 1509 καὶ
515 1482 643 1516 ἐκζητῶν
669 1483 721 1510 τὸν
746 1484 828 1510 Θεὸν.
863 1483 977 1516 Πάντες
994 1483 1171 1517 ἐξέκλιναν,
1199 1485 1259 1519 ἅμα
1284 1485 1508 1519 ἠχρειώθησαν,
1532 1486 1587 1511 οὐκ
1612 1484 1677 1510 ἔστι
1699 1482 1791 1511 ποιῶν

169 1528 293 1563 ἀγαθὸν,
316 1529 372 1555 οὐκ
384 1528 470 1556 ἕῖτιν
483 1530 538 1562 ἕως
546 1530 624 1562 ἑνός.

206 1585 238 1611 Et
250 1584 279 1610 δὲ
293 1582 339 1611 οὖν
348 1585 458 1612 τοιαῦτα
467 1583 499 1621 ἧν
512 1585 546 1612 τὰ
572 1587 599 1612 ἐν
620 1585 782 1622 ἀνθρώποις,
799 1586 836 1618 ὡς
854 1586 954 1622 μηδένα

1043 1586 1071 1614 Si
1085 1587 1176 1622 itaque
1191 1588 1231 1615 sie
1247 1595 1277 1615 se
1291 1595 1334 1615 res
1354 1586 1490 1615 habebant
1512 1587 1580 1622 apud
1600 1587 1725 1616 homines
1736 1609 1743 1619 .
1764 1595 1791 1617 ut

170 1629 272 1664 ἀγαθὸν
285 1630 458 1665 εὑρίσκεσθαι
472 1632 499 1657 ὲν
511 1633 565 1663 τοῖς
580 1633 646 1663 υἱοῖς
660 1632 714 1658 τῶν
722 1632 769 1659 ἀ.νο
775 1631 881 1668 ρώπων,
896 1633 954 1664 πῶς

171 1675 241 1711 ὑπὲρ
256 1676 304 1711 τῆς
317 1677 425 1711 χορείας
443 1677 478 1703 τὰ
503 1677 552 1711 τῆς
577 1678 738 1713 προγραφῆς
767 1677 893 1712 λέγεσθαι
908 1686 955 1713 ση-

173 1721 275 1757 μαίνεις
306 1721 374 1748 Ἀλλ’
404 1723 484 1756 ἐρεῖς,
506 1723 556 1755 ὃτι,
579 1723 671 1758 ἐπειδὴ
695 1724 795 1754 πάντες
819 1722 954 1756 ἐξέκλιναν

170 1769 222 1801 ἓως
233 1769 302 1801 ἑνὸς,
316 1769 498 1805 διεφθάρησαν
510 1779 538 1796 τε
555 1772 579 1797 οἱ
605 1772 650 1798 ἐπὶ
663 1772 714 1806 γῆς
728 1772 774 1798 καὶ
793 1771 954 1806 ἐσδελύχϐη-

171 1823 221 1841 σαν
233 1815 262 1841 ὲν
277 1814 411 1850 ἀνομίαις,
436 1815 546 1847 εἰκότως
574 1817 587 1842 ὁ
612 1817 752 1852 προῳήτης
780 1816 914 1851 ἐπηύξατο
927 1818 955 1843 ὲν

170 1861 226 1892 τοῖς
237 1860 306 1895 μετὰ
326 1860 410 1887 ταῦτα
433 1860 526 1887 εἰπών·
543 1862 590 1895 Τις
601 1862 689 1889 δώσει
711 1863 745 1888 ἐκ
759 1861 835 1889 Σιὼν·
849 1862 881 1889 τὸ
895 1863 953 1888 Σω-

170 1905 272 1940 τήρων
293 1907 345 1934 τοῦ
367 1907 502 1941 Ἰσραήλ;
523 1908 558 1934 ἐν
581 1907 621 1941 τῷ
640 1908 817 1943 ἐπιστρέψαι
847 1909 956 1942 Κύριον

170 1951 228 1986 τὴν
239 1953 444 1987 αἰχμαλωσίαν
456 1954 508 1980 τοῦ
523 1954 598 1981 λαοῦ
614 1954 717 1986 αὐτοῦ,
742 1953 956 1988 ἀγαλλιάσεται

176 1997 285 2030 Ἰακὼϐ,
303 1997 352 2025 καὶ
371 1997 607 2032 εὐφρανθήσεται
625 1998 751 2033 Ἰσραήλ.
781 2000 886 2026 Συνεῖδε
902 2000 956 2035 γὰρ

169 2045 204 2079 τῇ
232 2043 384 2079 προγνώσει
410 2044 456 2071 τοῦ
474 2045 627 2080 πνεύματος
655 2046 702 2072 τοῦ
725 2046 904 2082 προφητιχοῦ,
918 2047 954 2078 ὡς

170 2090 225 2124 ἄρα
240 2089 286 2116 διὰ
311 2090 357 2117 τοῦ
372 2091 508 2126 Σωτηρίου
534 2091 649 2127 ἤμελλεν
671 2093 687 2127 ἡ
713 2093 885 2128 αἰχμαλωσία
908 2093 955 2120 τοῦ

171 2133 234 2161 λαοῦ
250 2135 422 2172 ἐπιστρέφειν
449 2137 495 2162 καὶ
509 2136 715 2173 ὲλευθεροῦοοαι
734 2139 782 2174 τῆς
802 2138 856 2166 τῶν
875 2138 955 2165 πολε-

172 2181 241 2216 μίων
266 2181 431 2213 δυναστείας
448 2181 486 2210 ὧν
497 2184 721 2219 ἐπιτελουμένων,
737 2185 753 2220 ἡ
768 2185 814 2211 τοῦ
828 2184 894 2211 Θεοῦ
912 2193 956 2220 χο-

171 2227 232 2262 ρεια
247 2227 386 2255 συνίστατο
395 2229 425 2261 ἐξ
438 2230 526 2257 αὐτῶν
537 2231 647 2257 ἐκείνων
659 2230 713 2256 τῶν
723 2230 955 2266 ἐλευθερουμένων

169 2271 220 2307 τῆς
243 2274 441 2309 αἰχμαλωσίας.
469 2276 586 2307 Εἰκότως
612 2274 657 2302 οὖν
682 2276 722 2308 εἰς
738 2276 768 2302 τὸ
792 2276 867 2308 τέλος
891 2277 955 2303 ἀνα-

171 2318 309 2353 πέμπεται
332 2320 366 2346 τὰ
389 2321 531 2356 λεγόμενα,
556 2323 602 2349 καὶ
620 2322 696 2356 ὑπὲρ
716 2322 848 2354 Μίιελὲθ,
878 2331 954 2349 τουτ-

171 2364 245 2391 έστιν
261 2365 336 2399 ὑπὲρ
356 2366 410 2400 τῆς
423 2369 551 2401 χορείας,
564 2369 695 2395 λέλεκται·
709 2369 775 2395 ὡσεὶ
789 2369 954 2405 σαφέστερον

171 2410 334 2446 ήρμήνευτο,
343 2412 412 2448 ὑπὲρ
421 2413 473 2440 τῶν
487 2414 778 2451 ὲλευῦερωθησομένων
792 2417 841 2452 τῆς
855 2417 954 2452 αἰχμα-

170 2455 279 2488 λωσίας
296 2457 387 2494 διόπερ
418 2459 463 2485 καὶ
490 2460 529 2491 εἰς
553 2461 658 2487 σύνεσιν
690 2462 762 2496 ἡμᾶς
787 2461 953 2497 ἀναπέμπει.

171 2501 286 2537 Εἴρηται
310 2503 354 2535 δὲ,
379 2504 418 2537 τῷ
443 2506 541 2537 Δαυῒὸ,
573 2508 589 2542 ἡ
614 2507 779 2543 προφητεία,
801 2509 845 2534 ὑπ’
872 2507 954 2534 αὑτοῦ

170 2547 305 2583 λεχθεῖσα.
321 2550 366 2576 Διὸ
380 2551 456 2587 παρὰ
483 2554 538 2584 τοῖς
566 2553 666 2585 λοιποῖς
695 2555 884 2589 ὲρμηνευταῐς,
903 2554 955 2581 τοῦ

169 2594 270 2627 Auum,
284 2596 495 2631 ἐπιγέγραπται.
515 2600 568 2626 Καὶ
593 2599 665 2626 ἔστιν
678 2600 764 2626 εἰπεῖν
787 2601 824 2632 ὡς
837 2601 890 2636 ἄρα
907 2601 955 2626 αὑ-

168 2639 244 2671 τὺςὸ
266 2640 356 2673 Δαυῒδ,
383 2644 524 2679 προφήσας
552 2645 591 2671 τό·
611 2645 684 2679 Ἐγὼ
709 2645 742 2671 δὲ
768 2645 839 2672 ὡσεὶ
868 2645 955 2672 ἐλαία

169 2685 359 2720 κατάκαρπος
371 2688 406 2715 ἐν
418 2688 457 2721 τῷ
471 2690 541 2722 οἴκῳ
557 2691 609 2718 τοῦ
626 2691 710 2723 Θεοῦ,
728 2691 844 2726 ἤλπισα
859 2691 909 2718 ἐπὶ
922 2691 954 2718 τὸ

167 2731 256 2766 ἕλεος
270 2733 323 2761 τοῦ
337 2735 422 2767 Θεοῦ,
444 2737 495 2763 οὐκ
519 2737 605 2770 ἄλλως
621 2738 762 2770 τεύξεσθαι
793 2738 840 2765 τοῦ
863 2738 954 2770 ἐλέους

167 2777 303 2812 ἠπίστατο
318 2778 334 2814 ἢ
351 2780 395 2807 διὰ
409 2781 456 2808 τοῦ
476 2784 712 2819 προφητευομένου
737 2785 880 2820 σωτηρίου.
910 2785 955 2811 Διὸ

167 2825 196 2851 ἐν
212 2824 262 2860 μὲν
275 2826 314 2861 τῷ
328 2830 349 2854 ν’
361 2827 462 2862 ἔλεγεν·
485 2830 610 2863 Ἀπόδος
630 2839 678 2865 μοι
702 2831 758 2865 τὴν
773 2831 955 2865 mutabam

204 2904 227 2919 “
249 2903 321 2930 l‘sal.
340 2912 370 2938 L,
390 2905 432 2932 M.

1008 1633 1099 1660 nullus
1114 1633 1142 1660 in
1159 1632 1222 1660 ﬁliis
1241 1631 1381 1659 hominum
1395 1632 1485 1659 bonus
1507 1633 1689 1667 reperiretur,
1708 1641 1792 1668 quare

1007 1687 1056 1714 pro
1072 1679 1170 1706 chorea
1187 1679 1320 1714 psalmum
1339 1677 1393 1704 dici
1409 1678 1551 1713 inscriptio
1568 1679 1719 1713 signiﬁcat?
1741 1679 1792 1707 Ve-

1007 1734 1067 1753 rum
1093 1725 1188 1757 dicas,
1212 1725 1275 1759 quia
1301 1732 1395 1752 omnes
1420 1724 1623 1752 declinaverant
1645 1733 1732 1760 usque
1758 1726 1792 1753 ad

1008 1778 1102 1803 unum,
1120 1778 1152 1797 ac
1164 1769 1285 1805 corrupti
1305 1773 1382 1797 erant
1397 1770 1444 1805 qui
1461 1770 1488 1803 i_n
1504 1774 1577 1798 terra
1593 1772 1791 1804 versabantur.

1005 1821 1033 1844 et
1047 1816 1243 1844 abominabiles
1259 1815 1322 1843 facti
1333 1819 1412 1844 erant
1428 1816 1455 1843 in
1471 1817 1679 1851 iniquitatibus;
1695 1819 1792 1845 merito

1007 1863 1165 1898 prophetam
1180 1863 1207 1889 in
1217 1862 1394 1897 sequentibus
1410 1867 1548 1897 precatum
1565 1863 1608 1891 his
1620 1864 1710 1890 verbis
1720 1872 1791 1897 esse.

1007 1909 1071 1942 Quis
1081 1909 1154 1935 dabit
1173 1916 1206 1935 ea:
1221 1907 1285 1935 Sion
1299 1907 1424 1935 Salutare
1440 1907 1525 1934 Israel
1535 1909 1548 1935 ?
1561 1916 1619 1934 cum
1639 1910 1792 1936 converterit

1006 1955 1134 1982 Dominus
1147 1955 1324 1989 captivitatem
1349 1953 1430 1989 plebis
1443 1961 1508 1986 suat,
1529 1955 1671 1981 exsultabit
1691 1954 1791 1987 Iacob.

1005 2006 1030 2028 et
1049 2001 1182 2028 lwtabimr
1202 2000 1298 2027 Israel.
1316 1999 1382 2026 Nam
1400 2000 1549 2035 prophetici
1565 2001 1679 2036 spiritus
1701 2002 1792 2029 alii-ctu

1007 2051 1130 2079 neverat,
1147 2055 1194 2082 per
1212 2046 1337 2073 Salutare
1354 2047 1436 2078 illud,
1451 2048 1632 2081 captivitatem
1648 2048 1734 2082 plebis
1750 2057 1793 2076 re-

1007 2101 1146 2121 versuram
1163 2097 1189 2120 et
1203 2093 1372 2120 liberandam
1387 2101 1448 2120 esse
1461 2101 1493 2120 ex
1518 2094 1689 2124 inimicorum
1705 2094 1792 2122 domi-

1007 2143 1083 2168 natu.
1099 2139 1204 2173 Quibus
1219 2139 1352 2166 absolutis
1365 2159 1372 2170 ,
1399 2139 1445 2166 Dei
1463 2139 1592 2167 choream
1615 2148 1647 2167 ex
1664 2140 1758 2168 iisdem
1777 2149 1792 2168 a

1007 2187 1163 2222 captivitate
1178 2186 1300 2213 liberatis
1311 2185 1530 2213 constituendam
1543 2194 1614 2214 esse.
1631 2186 1697 2214 Jure
1712 2188 1791 2223 igitur

1006 2233 1063 2259 haec
1071 2232 1143 2260 dicta
1151 2231 1184 2259 ad
1200 2232 1279 2259 linem
1292 2232 1475 2264 remittuntur,
1488 2239 1534 2266 pro
1546 2232 1685 2265 .llaheletli,
1696 2233 1722 2259 id
1737 2237 1789 2265 est,

1006 2287 1054 2312 pro
1069 2279 1162 2305 chorea
1188 2277 1261 2304 di'eta
1285 2282 1349 2304 sunt
1365 2287 1371 2305 :
1392 2286 1424 2305 ac
1439 2278 1460 2306 si
1477 2279 1577 2306 clarius
1595 2278 1790 2312 explicaretur,

1007 2332 1056 2359 pro
1073 2325 1106 2352 iis
1122 2325 1167 2359 qui
1184 2324 1316 2351 liberandi
1331 2328 1395 2351 sunt
1419 2332 1433 2350 a
1455 2324 1624 2359 captivitate;
1640 2331 1724 2358 quare
1740 2332 1791 2352 nos

1008 2370 1041 2398 ad
1057 2370 1262 2405 intelligentiam
1279 2370 1402 2396 remittit.
1419 2369 1494 2396 Dicta
1513 2373 1600 2396 autent
1613 2374 1655 2396 est
1672 2370 1790 2405 prophe-

1007 2417 1055 2449 tia,
1071 2416 1176 2447 Dat‘idi,
1200 2417 1263 2451 quia
1281 2416 1314 2443 ab
1340 2416 1397 2450 ipso
1415 2415 1514 2443 Davide
1530 2416 1653 2450 prolata;
1671 2424 1792 2451 quapro-

1008 2467 1068 2498 pter
1084 2462 1155 2497 apud
1183 2463 1344 2496 interpretes
1357 2482 1363 2492 .
1387 2461 1513 2494 Doridis,
1531 2462 1660 2496 inscripta
1680 2467 1730 2490 est.
1752 2463 1791 2490 Ae

1009 2509 1062 2536 diei
1077 2512 1166 2543 potest
1183 2507 1310 2534 Davidem
1323 2527 1331 2539 ,
1347 2507 1391 2542 qui
1410 2511 1472 2533 ante
1485 2507 1607 2540 dixerat,
1632 2506 1688 2543 Ego
1704 2513 1791 2536 autem

1008 2555 1076 2580 sicut
1091 2554 1160 2580 oliva
1185 2553 1324 2588 fructifera
1339 2554 1367 2580 in
1384 2553 1460 2579 domo
1478 2553 1538 2586 Dei,
1555 2555 1655 2588 speravi
1669 2555 1696 2581 in
1711 2555 1791 2582 mise~

1008 2600 1126 2627 ricordia
1142 2600 1201 2632 Dei,
1219 2600 1286 2627 bene
1302 2599 1410 2627 novisse
1428 2607 1458 2626 se
1474 2607 1528 2626 non
1544 2600 1596 2627 alio
1612 2601 1692 2628 modo
1707 2601 1791 2628 mise-

1007 2647 1154 2674 ricordiam
1178 2649 1389 2674 consecuturum
1405 2653 1481 2678 esse,
1510 2653 1591 2681 quam
1609 2654 1656 2681 per
1672 2647 1791 2675 salutare

1008 2691 1074 2718 illud
1088 2691 1160 2727 quod
1184 2691 1211 2718 in
1235 2691 1363 2718 vaticinio
1387 2690 1533 2719 ferebatur.
1557 2691 1738 2724 Quamobrem
1764 2692 1790 2719 in

1008 2737 1233 2773 quinquagesimo
1248 2736 1372 2764 dicebat:
1391 2735 1477 2764 Redde
1491 2737 1555 2764 milii
1581 2737 1700 2764 lwtitiam
1711 2737 1790 2764 Salu-

1009 2785 1074 2811 taris
1091 2784 1129 2810 tui
1141 2784 1180 2816 7';
1203 2784 1230 2810 in
1245 2783 1297 2811 hoc
1311 2788 1412 2814 autem,
1427 2783 1492 2816 Qui:
1500 2783 1573 2810 dabit
1586 2791 1618 2810 ex
1632 2782 1696 2810 Sion
1711 2782 1790 2810 Salu-

1009 2835 1066 2857 tare
1083 2828 1188 2856 Israel?
1202 2828 1325 2865 llogabat
1345 2828 1444 2864 quippe
1457 2836 1602 2856 commune
1618 2828 1717 2855 bonum
1740 2828 1791 2856 sibi
