2064 3212
180 175 234 201 009

748 172 998 200 t'oquNrAiuA
1018 173 1052 201 IN
1073 171 1242 200 PSALMOS.
1284 162 1305 187 ’ί
1318 152 1349 185 δ
1358 138 1401 173 ’Ὗ

1752 175 1804 199 470

180 231 236 266 γάρ
251 231 380 266 ἀνωτέρω
394 231 418 258 οἱ
434 230 560 266 κραταιοὶ
573 229 686 265 ἐζήτουν
699 229 747 264 τὴν
768 229 856 264 ψυχὴν
874 230 967 262 αὐτοῦ,

1022 238 1073 265 que
1087 230 1123 256 ita
1137 229 1244 264 corpori
1267 228 1381 256 insidias
1398 232 1502 257 struere
1517 228 1684 264 cogitabant,
1704 235 1731 255 ut
1746 230 1805 256 ani-

179 278 230 312 οὑχ
240 276 327 308 οὕτως
338 276 526 303 ἐπιϐουλεῦσαι
541 274 623 302 αὑτοῦ
640 274 678 309 τῷ
689 274 794 309 σώματι
808 283 914 310 προῃρη
920 276 967 310 μέ-

181 331 231 353 νοι,
244 322 283 353 ὡς
296 323 330 357 τῇ
348 321 419 356 ψυχῇ
433 330 439 336 ·
453 321 566 352 εἰκότως
579 320 625 346 καὶ
638 319 719 351 αὐτὸς
730 319 775 346 τὸν
798 319 900 354 Κύριον
923 320 969 347 άν-

181 366 331 400 τιλήπτορα
346 365 395 400 τῆς
407 365 504 392 ἑαυτοῦ
517 365 605 400 ψυχῆς
623 364 773 400 ὠνόμαζεν.
799 364 899 399 Ἐμελε
915 363 970 399 γὰρ

182 411 256 446 αὐτῷ
271 410 347 436 οὐδὲν
367 410 414 436 τοῦ
436 409 571 445 σώματος.
589 410 648 436 οὐδὲ
662 410 716 437 τῶν
739 409 817 441 ἐκτὸς
834 409 969 444 ὑπαρχόν-

181 465 245 487 των,
261 456 322 482 οὐδὲ
333 456 382 490 τῆς
394 456 560 491 προσκαίρου
574 456 676 491 ταύτης
690 455 771 491 ζωῆς,
788 454 871 490 μόνης
880 454 908 481 δὲ
922 455 970 490 τῆς

181 501 280 529 ἑαυτοῦ
293 501 391 536 ψυχῆς.

225 547 384 578 Ἑκουσίως
391 546 473 572 θύσω
484 554 544 578 σοι,
550 545 807 581 ἑξομολογηῆσομαι
819 546 859 579 τῷ
866 546 971 580 ὀνόμα-

183 591 211 618 τί
223 599 293 622 σου,
305 592 404 625 Κύριε,
416 591 461 617 ὅτι
479 591 601 626 ἀγαθόν.
618 592 667 618 Διὰ
683 591 737 618 τῶν
751 591 865 627 πρώτων
879 591 970 626 δέησιν

183 638 230 664 καὶ
245 637 384 673 ἱκετηρίαν
397 637 561 672 ἀναπέμψας
577 637 616 672 τῷ
631 637 701 672 Θεῷ,
716 638 762 663 καὶ
773 637 822 672 τὴν
838 637 971 664 δικαιολο-

182 681 245 715 γίαν
257 680 339 707 αὑτοῦ
356 680 500 716 ἐκθέμενος
513 700 520 711 ,
537 681 565 707 ὲν
578 681 633 711 τοῖς
649 679 795 715 δευτέροις,
819 678 972 714 πληρωθεὶς

181 726 230 753 τοῦ
244 726 409 761 πνεύματος,
425 725 547 758 θεσπίζει
567 726 600 752 τά
616 734 645 752 τε
662 726 725 760 περὶ
738 725 819 752 αὑτὸν
843 725 973 761 μέλλοντα

182 771 292 798 ἔσεσθαι
304 791 312 802 ,
338 771 373 798 τά
400 779 429 797 τε
445 773 502 802 τοῖς
517 771 625 806 ἐχθροῖς
648 771 730 798 αὑτοῦ
758 771 970 806 συμϐησόμεναα

183 814 232 843 εἶθ’
249 817 312 852 ἑξῆς
328 817 374 844 καὶ
387 816 542 848 ἀκολούθως
559 818 587 844 ὲν
609 817 648 852 τῷ
673 817 758 852 τρίτῳ
781 817 860 852 μέρει
878 816 973 848 Θυσίας

184 862 230 888 καὶ
243 862 421 897 εὐχαριστίας
436 861 546 889 ἀνύσειν
565 861 761 896 ἐπαγγέλλεται
783 861 820 896 τῷ
845 861 905 896 Θεῷ
929 859 973 895 ἐφ’

182 905 222 939 οἷς
238 905 268 933 εὖ
285 906 428 934 πέπονθεν.
453 907 496 938 Ὠς
507 907 561 942 γὰρ
572 907 605 942 δὴ
622 906 763 938 διασωθεὶς
779 906 826 933 καὶ
848 907 896 942 τῆς
916 906 970 933 τῶν

181 953 286 989 ὲχθρῶν
299 953 444 988 ἐπιϐουλῆς
454 953 684 988 ἠλευθερωμένος,
697 953 727 980 ού
741 953 830 988 μόνον,
844 952 912 979 ἀλλὰ
922 953 970 980 καὶ

181 995 351 1034 τδν’δ).εθρον
365 999 419 1025 τῶν
437 998 543 1034 ἐχθρῶν
556 998 665 1030 ἐπιδὼν,
679 998 752 1025 θύειν
775 998 822 1025 καὶ
845 998 969 1034 ἐξομολο-

182 1044 318 1079 γήσασθαι
341 1044 379 1079 τῷ
396 1044 507 1079 ὀνόματι
521 1043 568 1071 τοῦ
582 1044 685 1080 Κυρίου
711 1044 896 1079 ὑπισχνεῖται·
923 1044 969 1070 καὶ

182 1090 268 1117 ταῦτα
292 1090 418 1124 προλέγει
433 1088 569 1121 θεσπίζων
587 1089 639 1125 πρὸ
660 1089 708 1124 τῆς
722 1090 775 1116 τῶν
801 1090 969 1125 πραγμάτων

182 1136 332 1166 ἐκϐάσεως.
348 1136 412 1162 Ὅτε
427 1135 481 1171 γὰρ
504 1135 528 1161 oi
546 1136 651 1170 Ζιφαῖοι
678 1135 799 1166 ἐλθόντες
828 1135 897 1171 πρὸς
923 1135 969 1162 τὸν

182 1182 267 1208 Σαοὺλ
290 1179 378 1207 εἶπον·
407 1180 479 1208 Ἰδοὺ
504 1180 594 1207 Δαυῒδ
610 1181 773 1214 κέκρυπται
789 1181 858 1214 παρ’
878 1181 967 1216 ἡμῖν·

181 1227 268 1266 ἀρχὴν
281 1227 318 1254 ἐτ’
333 1227 448 1262 ἐχούσης
462 1227 512 1262 τῆς
524 1227 583 1254 κατ’
601 1226 690 1253 αὐτῶν
711 1227 832 1259 ἱστορίας
853 1228 900 1254 καὶ
916 1227 969 1254 τῶν

181 1271 300 1309 Ζιφαίων
309 1271 605 1310 άρττᾶαὗεβληκότων
620 1271 711 1305 αὐτὸν,
728 1273 787 1299 τότε
804 1272 837 1308 δὴ
857 1272 892 1299 τά
905 1272 968 1308 τέλη

182 1321 236 1347 τῶν
255 1321 426 1357 πραγμάτων
452 1321 533 1352 αὐτὸς
551 1320 673 1352 θεσπίζει
690 1340 697 1351 ,
712 1319 746 1346 τὰ
772 1318 883 1353 ὕστερόν
904 1327 969 1345 ποτε

181 1366 351 1402 γενησόμενα
368 1366 565 1402 προλαμϐάνων
578 1365 616 1397 ὡς
691 1364 831 1399 γεγονότα.
853 1364 899 1391 Διό
916 1373 968 1399 φη-

181 1420 240 1438 σιν’
256 1413 321 1438 Ὅτι
336 1412 371 1438 ἐκ
397 1412 499 1445 πάσης
525 1412 657 1446 θλίψεως
670 1411 785 1445 ἐρῤύσω
802 1421 851 1447 με,
870 1411 917 1438 καὶ
934 1411 969 1437 ἐν

181 1457 243 1490 τοῖς
256 1457 374 1492 ἐχθροῖς
383 1466 442 1491 μου
457 1457 575 1484 ἐπεῖδεν
591 1458 608 1484 ὀ
621 1457 774 1492 ὀφθαλμός
784 1466 854 1491 μου.
876 1457 969 1484 Ταῦτα.

181 1503 236 1538 γὰρ
246 1502 359 1538 ὕστερον
377 1502 426 1538 μέν
441 1510 504 1529 ποτε
523 1502 633 1536 γέγονεν
643 1511 649 1518 ’
673 1503 748 1537 ὅμως
763 1503 791 1529 δὲ
817 1502 968 1539 προγνώσει

182 1546 228 1573 τοῦ
242 1547 320 1580 ἁγίου
336 1546 494 1582 Πνεύματος
511 1547 549 1578 ὡς
571 1547 621 1582 ἤδη
640 1547 709 1574 αὐτὰ
729 1547 860 1581 γεγονότα
878 1548 968 1582 ἀπαγ-

181 1592 279 1626 γέλλει,
297 1593 344 1619 καὶ
358 1588 400 1619 ἐπ’
418 1593 511 1624 αὐτοῖς
523 1593 695 1628 εὐχαριστεῖ,
714 1593 760 1620 καὶ
779 1593 970 1627 θύσειντὲπαγ-

181 1637 315 1670 τέλλεται,
342 1637 389 1663 καὶ
403 1636 648 1672 ὲξομολογήσεσθαι
675 1636 715 1672 τῷ
729 1637 841 1672 Κυρίῳ,
868 1637 967 1671 λέγων·

189 1683 351 1716 Ἑκουσίως
380 1683 462 1710 θύσω
484 1690 542 1710 σοι.
567 1683 596 1709 ’0
619 1683 646 1709 δὲ
678 1682 803 1714 Ἀκύλας,
826 1683 872 1709 Ἐν
885 1683 970 1709 ἐκου-

181 1729 311 1763 σιασμῷ,
335 1729 411 1764 φησι,
426 1728 562 1756 θυσιάσω
585 1737 644 1755 σοι.
670 1728 779 1764 Ἐπειδὴ
803 1728 858 1764 γὰρ
878 1729 970 1760 ἄοικος

182 1775 228 1801 καὶ
239 1775 335 1806 ἄπολις
356 1775 402 1801 καὶ
420 1774 542 1806 ἀνέστιος
553 1774 601 1805 ὢν,
617 1775 646 1800 ὲν
657 1775 716 1805 ταῖς
729 1774 842 1809 ἐρήμοις
853 1775 972 1800 ἐποιεῖτο

182 1820 232 1851 τὰς
247 1819 399 1855 διατριϐὰς,
414 1820 505 1846 καινὸν
519 1819 613 1853 ἐξεῦρε
637 1819 736 1854 τρόπον
763 1819 868 1851 θυσίας.
881 1819 929 1851 Τίς
948 1819 970 1845 δ’

182 1863 216 1900 ἦν
231 1862 308 1896 οὗτος
321 1872 328 1897 ;
362 1865 409 1890 Ἑν
422 1862 628 1898 ἐκουσιασμῷ,
644 1864 729 1898 φησὶ,
757 1857 968 1891 θυσιάσωοοι.

188 1910 282 1946 Ἀρκεῖ
298 1909 352 1945 γὰρ
370 1910 386 1944 ἡ
402 1909 559 1942 ἑκουσιότης
586 1909 633 1934 καὶ
653 1909 669 1943 ἠ
686 1908 842 1944 προαίρεσις
855 1928 862 1940 ,
887 1909 920 1934 δι’
937 1906 971 1944 ἧς

181 1953 336 1990 ἀναπέμψω
352 1963 394 1981 σοι
406 1953 454 1989 τὴν
470 1953 574 1980 θυσίαν.
592 1954 629 1980 Οὐ
652 1953 706 1989 γάρ
723 1954 814 1989 ἠγνόει
835 1955 880 1982 τὸν
905 1955 970 1981 Θεὸν

183 2001 401 2036 παραιτούμενον
417 1999 465 2035 μὲν
477 1998 525 2030 τὰς
533 1999 566 2025 δι’
578 1999 704 2035 αἱμάτων
714 2000 761 2026 καὶ
773 2000 849 2032 ζώων
863 2002 970 2037 σφαγῆς

182 2047 288 2078 θυσίας,
305 2045 416 2081 λογικὴν
429 2046 457 2071 δὲ
472 2045 567 2072 θυσίαν
589 2045 637 2080 τὴν
651 2045 684 2072 δι’
706 2046 836 2077 αἰνέσεως
851 2046 970 2078 ἀσπαζό-

183 2100 278 2127 μενον,
297 2091 344 2117 ἆτε
361 2089 584 2126 προμεμαθηκίος
606 2090 645 2122 τὸ,
665 2090 766 2117 Θῦσον
781 2090 821 2123 τῷ
840 2090 901 2124 Θεῷ
919 2093 970 2118 θυ-

180 2139 255 2164 σίαν
275 2136 428 2169 ιιίνέσεως,
446 2137 496 2163 καί
508 2135 622 2168 ἀπόδος
633 2135 672 2168 τῷ
685 2136 783 2169 Κυρίῳ
810 2136 863 2170 τὰς
877 2137 970 2171 εὐχάς

181 2191 251 2209 σου.
268 2183 377 2217 Ταύτην
393 2179 451 2213 οὖν,
467 2181 559 2216 φησὶν,
575 2181 704 2212 ἑκουσίως
718 2180 791 2207 θύσω
806 2190 847 2208 σοι
861 2183 911 2217 τὴν
924 2182 970 2209 θυ-

1020 283 1086 308 tua);
1103 275 1200 302 merito
1215 274 1273 308 ipse
1284 273 1429 300 Dominum
1441 278 1626 309 susecptorem
1639 273 1738 300 animae
1749 281 1805 301 aute

1021 321 1198 356 nuncupavit.
1224 320 1296 346 Nihil
1320 319 1420 354 quippe
1435 319 1468 346 de
1482 327 1597 354 corpore
1610 327 1697 354 neque
1713 319 1747 346 de
1760 327 1804 346 re-

1021 367 1073 396 bus
1087 371 1165 394 extra
1188 366 1285 401 positis
1305 365 1438 394 sollicitus
1451 369 1520 397 erat,
1537 373 1624 400 neque
1642 365 1676 393 de
1701 370 1803 400 tempo~

1021 420 1103 440 ranea
1119 413 1170 440 hac
1187 413 1258 439 vita:
1276 411 1323 439 sed
1338 411 1371 439 de
1382 411 1472 438 anima
1485 416 1598 438 tantum.

1057 545 1139 572 Vens.
1153 545 1180 574 8.
1196 545 1222 572 9.
1251 545 1405 571 Voluntaria
1417 543 1574 578 sacriﬁcabo
1591 543 1648 576 libi,
1663 543 1801 578 conﬁtebor

1022 591 1123 618 nomini
1138 596 1192 622 tuo,
1211 590 1329 621 Domine,
1346 591 1472 625 quoniam
1487 589 1583 617 bonum
1597 593 1646 616 est.
1658 589 1725 616 Cum
1737 589 1803 624 prio

1023 636 1099 663 rihus
1112 636 1203 663 verbis
1220 636 1440 663 obsecrationem
1461 639 1488 663 et
1511 634 1737 670 supplicationem
1753 633 1806 662 Deo

1022 682 1168 713 emisisset.
1183 689 1214 708 ac
1225 681 1451 716 disceptationem
1467 688 1545 708 suam
1560 681 1748 715 exposuisset;
1765 687 1806 707 se-

1023 728 1132 760 cundis,
1148 735 1209 762 quae
1223 727 1285 759 sibi,
1302 735 1363 762 qua:
1377 726 1496 754 inimicis
1513 727 1570 754 suis
1584 729 1714 753 eventura
1730 728 1806 752 erant

1024 773 1121 808 spiritu
1157 773 1254 808 plenus
1277 773 1445 800 vaticinatur
1464 785 1469 799 ;
1489 772 1588 800 deinde
1611 777 1806 806 consequenter

1025 819 1105 845 tertio
1131 819 1190 845 loco
1217 818 1322 845 hostias
1347 822 1374 845 et
1397 818 1546 853 gratiarum
1570 817 1692 844 actiones
1709 825 1740 844 se
1754 816 1808 844 Deo

1025 871 1073 898 pro
1088 863 1225 892 beneﬁciis
1237 863 1439 899 persoluturum
1454 863 1608 903 pollicetur:
1624 862 1690 889 Nam
1706 866 1735 889 ut
1750 870 1807 889 cre-

1024 913 1086 944 ptus
1100 912 1127 936 et
1140 909 1173 936 ab
1185 909 1358 936 inimicorum
1381 908 1490 936 insidiis
1503 908 1655 941 liberatus;
1671 915 1758 942 neque
1775 907 1808 934 οι·

1025 954 1050 981 id
1068 954 1167 984 solum.
1183 954 1230 982 sed
1243 954 1306 989 quia
1332 954 1505 981 inimicorum
1522 953 1636 980 exitium
1660 953 1806 988 prospicie-

1024 1000 1079 1031 bat,
1093 1007 1122 1027 se
1143 1000 1345 1027 immolatarum
1363 1003 1390 1027 et
1407 998 1608 1027 confessionem
1635 997 1737 1026 nomini
1756 997 1806 1024 Do.

1024 1045 1090 1072 mini
1116 1045 1252 1073 editurum
1280 1045 1414 1081 promittit
1442 1055 1448 1072 :
1480 1049 1561 1080 atque
1579 1045 1636 1072 haec
1655 1043 1807 1071 vaticinans

1023 1095 1086 1118 ante
1102 1099 1192 1118 rerum
1207 1095 1332 1118 eventum
1349 1091 1480 1126 praedicit.
1497 1090 1563 1116 Nam
1577 1098 1637 1117 eum
1658 1089 1758 1124 Ziplnei
1776 1089 1807 1116 ad

1024 1134 1132 1163 Saulem
1159 1137 1320 1164 accedentes
1342 1136 1472 1163 dixerunt
1494 1145 1500 1162 :
1523 1135 1589 1162 Ecce
1602 1134 1815 1170 Davitlabscony

1023 1182 1094 1209 ditus
1109 1187 1147 1209 eu
1162 1182 1232 1216 apud
1248 1189 1312 1212 nos;
1328 1189 1390 1208 cum
1414 1189 1458 1208 res
1484 1181 1511 1208 in
1537 1181 1650 1208 historia
1680 1184 1807 1208 enarrata

1024 1229 1187 1264 inciperent,
1205 1232 1232 1256 et
1250 1228 1314 1255 dum
1331 1227 1420 1254 adhuc
1438 1227 1538 1263 Ziphaai
1558 1227 1646 1262 ipsum
1660 1226 1808 1254 calumnia-

1023 1278 1128 1305 rentur,
1145 1277 1211 1301 tunc
1227 1274 1285 1308 ipse
1309 1281 1399 1300 rerum
1416 1273 1519 1300 exitum
1545 1273 1729 1305 vaticinatur;
1752 1279 1807 1307 qua

1024 1324 1117 1355 postea
1135 1323 1265 1347 eventura
1281 1323 1360 1346 erant
1376 1319 1454 1354 quasi
1467 1319 1524 1354 jam
1541 1319 1611 1347 facta
1633 1324 1800 1354 praerertens

1023 1365 1113 1398 Quare
1127 1365 1164 1392 ait
1186 1374 1191 1391 :
1215 1365 1348 1398 Quoniam
1364 1372 1397 1392 ea:
1417 1365 1489 1392 omni
1505 1365 1675 1392 tribulatione
1691 1364 1808 1398 eripuist-

1022 1419 1072 1443 me,
1105 1416 1128 1438 rt
1145 1418 1223 1445 super
1246 1411 1366 1438 inimicos
1383 1419 1453 1438 meos
1479 1410 1597 1445 despexit
1619 1410 1710 1437 oculus
1726 1418 1808 1436 meus.

1023 1456 1085 1483 Ha-c
1105 1457 1205 1492 quippe
1227 1461 1288 1491 post
1306 1457 1362 1484 haec
1383 1460 1458 1491 gesta
1476 1460 1556 1488 sunt;
1573 1455 1620 1483 sed
1643 1459 1732 1482 tamen
1749 1454 1807 1489 Spi-

1022 1502 1092 1529 ritus
1111 1501 1198 1528 sancti
1228 1501 1410 1535 prazscientia,
1436 1505 1464 1526 ut
1478 1500 1534 1534 jam
1554 1500 1627 1526 edita
1643 1499 1761 1530 nuntiat,
1777 1499 1808 1526 de

1023 1547 1111 1582 iisque
1126 1547 1227 1581 gratias
1239 1547 1304 1581 agit,
1321 1553 1352 1573 ac
1368 1545 1585 1573 sacriﬁcaturum
1597 1544 1807 1572 confessionem-

1022 1601 1075 1628 que
1103 1592 1158 1620 Deo
1181 1592 1346 1620 emissurum
1364 1591 1518 1626 pollicetur,
1537 1590 1634 1618 dicens
1652 1600 1658 1617 :
1682 1590 1807 1617 Volunta-

1022 1642 1060 1668 ric
1073 1641 1230 1675 sacriﬁcabo
1249 1639 1314 1672 tibi;
1329 1640 1427 1675 Aquila
1442 1647 1507 1666 vero
1522 1638 1561 1666 ait
1574 1648 1580 1665 :
1596 1637 1693 1673 Sponte
1705 1638 1806 1672 sacri/i-

1021 1686 1086 1714 cabo
1102 1686 1159 1714 tibi.
1188 1686 1257 1719 Quia
1273 1686 1345 1713 enim
1371 1687 1429 1712 sine
1453 1684 1544 1716 domo,
1569 1684 1628 1711 sine
1655 1683 1732 1716 urbe,
1751 1683 1809 1711 sine

1022 1733 1089 1763 lare,
1106 1732 1133 1759 in
1158 1731 1275 1760 desertis
1291 1731 1397 1767 agebat,
1424 1738 1525 1757 novum
1552 1730 1680 1757 sacriﬁcii
1701 1730 1809 1756 modum

1021 1778 1194 1813 excogitavit.
1212 1777 1345 1810 Quisnam
1367 1777 1412 1804 ille
1435 1776 1514 1803 erat?
1531 1775 1638 1810 Sponte,
1652 1775 1751 1810 inquit,
1767 1783 1809 1801 sa-

1021 1823 1146 1859 criﬁcabo
1165 1823 1221 1851 tibi.
1239 1823 1345 1850 Suilicit
1362 1823 1462 1858 quippe
1486 1822 1611 1849 voluntas
1634 1825 1660 1849 et
1684 1821 1809 1856 proposi-

1022 1873 1090 1900 tum,
1107 1876 1163 1904 quo
1183 1869 1230 1895 tibi
1253 1868 1418 1895 sacriﬁciqu
1443 1866 1565 1893 oﬁeram.
1583 1866 1641 1893 Non
1668 1866 1808 1901 ignorabat

1022 1914 1167 1949 siquidem.
1185 1914 1269 1941 Deum
1290 1917 1420 1940 cruentas
1434 1916 1461 1939 et
1474 1911 1631 1938 animalium
1649 1919 1715 1938 nece
1735 1910 1811 1937 obla~

1022 1965 1062 1988 tas
1094 1960 1198 1987 hostias
1230 1959 1360 1990 abnuere,
1394 1957 1527 1985 rationale
1557 1965 1621 1984 vero
1644 1957 1810 1984 sacriﬁcium

1020 2006 1110 2033 laudis
1124 2001 1291 2040 approbare;
1306 2008 1399 2039 utpote
1410 2004 1457 2038 qui
1470 2004 1526 2038 jam
1543 2003 1701 2031 edidicisset
1717 2002 1782 2029 illud
1802 2010 1809 2028 :

1023 2051 1138 2078 Immola
1153 2051 1208 2078 Deo
1223 2051 1386 2085 sacriﬁcium
1408 2049 1507 2081 Ιαιιιίίε,
1524 2054 1548 2076 et
1573 2048 1650 2076 redde
1672 2049 1811 2076 Altissimo

1021 2102 1081 2124 uola
1098 2101 1144 2124 tua
1157 2098 1190 2123 θ’.
1209 2096 1295 2129 Hane,
1309 2095 1564 2131 inquit,voluntarie
1578 2095 1624 2121 tibi
1638 2095 1753 2122 hostiam
1768 2102 1811 2122 sa-

1021 2141 1163 2172 criﬁcabo,
1181 2141 1267 2176 ipsam
1283 2141 1463 2172 voluntatem,
1482 2139 1652 2174 propositum
1670 2143 1697 2167 et
1720 2139 1811 2166 consi-

1023 2186 1087 2212 lium
1106 2194 1196 2213 tneum
1213 2186 1261 2213 tibi
1279 2194 1436 2221 apponens;
1459 2193 1490 2212 ac
1506 2185 1656 2220 gratiarum
1674 2185 1809 2212 actionem

182 2228 254 2260 σίαν,
272 2227 338 2254 αὐτὸ
350 2227 380 2254 τδ
392 2227 435 2254 ἐπ’
449 2227 511 2261 ἐμοὶ
523 2226 651 2261 ’ἑκούσιον
672 2226 719 2251 καὶ
740 2225 771 2252 τὸ
795 2226 903 2262 θέλημά
917 2236 968 2263 μου

1023 2239 1071 2265 pro
1086 2230 1174 2258 hostia
1191 2231 1239 2258 tibi
1254 2231 1382 2258 oll‘erens.
1395 2231 1486 2264 Quare
1501 2231 1599 2259 deinde
1615 2231 1708 2259 subdit
1724 2239 1731 2257 :
1744 2229 1810 2256 Con.

182 2274 230 2301 καὶ
240 2273 288 2309 τὴν
305 2273 374 2308 ἐμὴν
389 2272 547 2308 προαίρεσιν
565 2271 700 2302 ἀνατιθείς
717 2280 769 2304 σοι,
787 2272 836 2307 τήν
850 2281 879 2299 τε
891 2274 970 2308 εὐχα-

183 2319 290 2354 ριστίαν
305 2318 389 2353 αὐτὴν
400 2318 459 2344 ἀντὶ
472 2317 566 2348 θυσίας
588 2325 628 2343 σοι
647 2317 820 2352 προσφέρων.
843 2318 889 2345 Διὺ
911 2327 974 2345 συν-

181 2365 264 2391 άπτει
281 2364 343 2399 ἑξῆς
357 2363 460 2397 λέγων*
482 2362 753 2397 Ἐξομολογήσομαι
784 2362 824 2396 τῷ
849 2364 973 2398 ὀνόματί

181 2417 250 2441 σου,
265 2410 363 2443 Κύριε,
373 2408 418 2435 ὅτι
431 2409 555 2442 ἀγαθόν’
573 2408 742 2445 σαφέστατα
755 2409 801 2434 ἐπὶ
817 2409 862 2435 τοῦ
877 2410 982 2445 παρόν-’

181 2463 226 2486 τος
238 2455 287 2490 τῆς
306 2454 524 2489 ὲξομολογήσεως
549 2453 608 2480 ἀντὶ
629 2444 803 2489 εὐχαριστίας
826 2444 969 2491 παραλαμ-

182 2499 343 2535 ϐανομένης.
361 2499 418 2533 Ἐφ’
435 2496 475 2530 οἷς
490 2498 544 2534 γὰρ
558 2499 590 2525 ἐκ
601 2498 691 2534 πάσης
706 2499 821 2534 θλίψεως
835 2501 966 2537 ὲῤῥύσθη,

182 2545 228 2572 καὶ
257 2546 285 2571 ὲν
309 2546 366 2576 τοῖς
397 2544 502 2580 ἐχθροῖς
531 2543 612 2570 αὑτοῦ
646 2544 751 2571 ἐπεῖδεν
782 2546 796 2571 ό
826 2545 966 2581 ὀφθαλμὸς

181 2590 274 2622 αὐτοῦ,
295 2591 340 2617 ἐπὶ
367 2590 471 2622 τούτοις
499 2590 672 2626 εὐχαριστίας
697 2591 864 2626 ἀναπέμπει,
895 2594 941 2620 καὶ
966 2593 1014 2626 τὰς

182 2637 221 2663 τῶ
233 2637 301 2663 Θεῶ.

233 2644 301 2663 δεω.

199 2644 254 2709 ιἕΙΣ
273 2663 316 2709 "1'0
335 2683 445 2709 ΤΕΛΟΣ
704 2684 887 2717 ΣΥΝΕΣΕΩΣ,
907 2685 949 2710 ΤΩ

224 2763 387 2793 Ὲνώτισαθ,
400 2764 416 2789 ό
429 2762 512 2795 Θεὸς,
524 2763 580 2796 τὴν
593 2764 770 2798 προσευχήν
781 2773 851 2799 μου,
867 2765 914 2791 καὶ
923 2764 966 2798 μὴ

183 2809 327 2842 ὐπερίόῃς
342 2808 394 2842 τὴν
409 2808 517 2842 δέησίν
528 2819 597 2845 μου.
626 2811 670 2843 Ὠς
686 2811 735 2846 μὲν
752 2813 820 2848 πρὸς
831 2813 880 2848 τὴν
895 2814 965 2839 ἱστο-

220 2867 242 2882 ⁹¹
263 2865 334 2894 Psal.
355 2875 427 2898 xux,
452 2868 494 2895 M.

1023 2275 1118 2311 βιαίων
1139 2277 1240 2303 nomini
1260 2281 1315 2310 tuo,
1344 2276 1466 2309 Domine,
1489 2278 1613 2312 quoniam
1639 2276 1734 2303 bonum
1760 2279 1809 2302 est.

1022 2322 1203 2357 Apertissime
1220 2327 1311 2350 autem
1330 2322 1357 2349 in
1379 2322 1506 2357 praesenti
1525 2321 1662 2349 confessio
1677 2328 1727 2356 pro
1747 2328 1809 2355 gra—

1022 2369 1122 2395 tiarum
1135 2369 1243 2396 actione
1259 2368 1402 2403 aecipitur.
1416 2368 1485 2401 Quia
1501 2368 1573 2395 enim
1586 2376 1618 2395 ex
1633 2367 1707 2394 omni
1722 2367 1810 2395 tribu-

1023 2412 1124 2439 latione
1146 2417 1259 2447 ereptus
1285 2417 1337 2446 est,
1361 2417 1388 2439 et
1416 2421 1498 2447 super
1524 2413 1650 2440 inimicos
1670 2420 1735 2440 suos
1762 2413 1810 2440 de-

1023 2459 1112 2492 spexit
1127 2459 1226 2486 oculus
1241 2459 1338 2493 ipsius.
1354 2459 1503 2493 gratiarum
1521 2459 1643 2486 actiones
1658 2459 1769 2491 emittit,
1783 2463 1809 2486 et

1022 2503 1174 2530 voluntaria
1211 2503 1348 2531 sacriﬁcia
1386 2512 1415 2531 se
1453 2504 1621 2532 redditurum
1648 2503 1704 2532 Deo
1731 2504 1809 2539 polli-

1020 2553 1107 2576 cctur.

1042 2595 1089 2622 τοῦ
1109 2596 1290 2631 έκουσιασμοῦ
1315 2597 1408 2629 θυσίας
1436 2597 1630 2631 ἐπαγγέλλεται
1660 2597 1810 2630 ἀποδώσειν

1021 2706 1029 2711 .
1060 2688 1083 2714 ί,
1107 2687 1138 2714 ΙΝ
1159 2688 1263 2716 FINEM
1278 2710 1284 2721 ,
1307 2689 1338 2716 IN
1367 2689 1514 2722 llYMNIS,
1535 2690 1774 2720 INTELLECTUS

1309 2725 1423 2752 υΑνιυι
1444 2725 1510 2752 LIV.
1752 2740 1754 2742 -

1058 2767 1140 2796 Vens.
1155 2770 1192 2797 2-
1204 2771 1230 2797 6.
1260 2771 1377 2803 Exaudi,
1406 2771 1486 2805 Deus,
1509 2774 1654 2800 orationem
1673 2781 1768 2805 meum,
1783 2778 1807 2800 ct

1022 2822 1052 2841 ne
1065 2815 1215 2851 despexeris
1237 2817 1443 2852 deprecationem
1470 2828 1563 2847 meam.
1586 2819 1740 2849 Set-undqu
1766 2820 1808 2847 hi-
