2064 3212
325 182 378 210 475

644 179 777 207 EUSEBH
795 178 1032 206 CESARIENSIS
1051 179 1125 207 OPP.
1145 178 1234 206 PARS
1253 178 1295 206 Ill.
1316 193 1349 197 —
1369 177 1573 205 EXEGETICA.

1892 180 1940 207 576

325 248 372 267 ros
394 239 548 266 Judatorum
569 241 665 265 contra
681 237 778 264 Filium
796 237 841 264 Dei
858 245 941 265 ausus
955 238 1033 273 quasi
1051 238 1098 272 jan

1159 237 1392 270 ταῦτα’Πνεύματι
1407 236 1472 271 θείῳ
1487 238 1501 263 ό
1512 237 1668 272 προφήτης,
1686 236 1718 263 τὰ
1735 237 1804 263 κατὰ
1816 238 1863 264 τοῦ
1879 238 1940 265 Υίοῦ

325 287 472 319 ρτωςεηιεε
499 282 668 318 prospiciens
685 291 692 308 :
709 282 810 316 quibus
826 281 958 309 confusus
973 287 999 308 et
1014 282 1110 308 turba-

325 335 386 361 tus,
404 329 498 356 rlolore
512 332 539 355 et
555 328 696 363 angustia,
722 335 803 362 quam
825 327 1047 355 exercitationem
1063 335 1110 354 vo-

324 379 379 406 cat.
396 375 515 410 repletur
533 375 657 409 degebat.
675 373 862 401 Contristatus
876 381 951 408 ergo,
963 373 1110 400 conturba—

324 424 379 451 tus,
403 420 599 447 exercitatione
615 423 642 446 et
657 419 783 453 angustia
810 419 905 453 plenus
919 421 977 445 erat
992 418 1028 445 ob
1044 418 1111 444 faci-

324 473 402 498 nora,
417 473 477 500 qua:
491 473 552 491 mox
573 470 697 491 recenset
710 464 805 491 dicens
831 473 837 491 :
869 464 928 490 Vidi
944 464 1109 498 iniquitatem

323 517 347 539 et
364 511 598 538 contradictionem
614 510 641 536 in
652 510 766 540 civitate.
780 514 807 536 et
818 513 927 539 caetera.
944 517 1004 543 quin
1017 514 1108 543 postea

323 564 405 591 opere
422 556 555 590 completa
571 559 645 582 sunt.
674 554 841 582 Prmvertens
861 554 945 589 igitur
961 555 988 581 in
1006 554 1108 588 Spiritu

323 606 417 629 sancto
425 601 564 635 propheta.
574 600 1021 632 contristabatur,eonturbabatur,
1032 607 1109 626 exer-

323 647 467 679 citabatur,
482 647 575 674 dolore
589 647 684 681 plenus
700 646 727 672 in
743 653 791 673 eos
807 646 852 680 qui
869 645 932 672 talia
953 646 1107 680 aggressuri

323 695 410 718 erant.
419 690 691 724 QuamobremlDeum
702 694 790 717 status
800 690 841 716 sui
854 690 1034 724 inspectorem
1047 698 1108 717 esse

323 736 500 770 rogatdicens
516 745 522 762 ε
540 735 654 766 Exaudi,
670 735 749 766 Deus,
764 736 910 762 orationem
925 743 1020 766 meam,
1039 740 1063 762 ct
1076 743 1108 762 ne

321 781 468 814 despexeris
482 780 687 814 deprecationem
699 788 782 806 meam
795 788 804 806 :
820 779 924 806 intende
945 779 1008 806 mihi
1021 784 1046 806 et
1061 788 1108 806 ex-

322 825 384 852 audi
401 834 450 852 me.
479 825 507 852 ln
524 825 574 852 hac
588 825 745 851 conditione
757 833 848 851 rerum
865 826 989 860 positus.
1005 825 1045 852 sic
1057 825 1106 852 de-

321 870 385 898 inde
400 871 562 906 precabatur
580 881 586 897 :
610 870 767 904 Pra'cipita,
783 870 901 900 Domine.
916 876 940 897 ct
954 871 1040 898 divide
1055 871 1107 897 liu-

319 923 386 950 guas
399 923 500 942 eorum.
521 914 603 951 Qneis
622 920 698 950 rOgat
714 923 808 942 eorum
823 920 918 942 contra
935 915 1102 944 Salvatorem

319 958 494 986 concordiam
509 959 647 993 dissipari.
666 959 822 993 superbiam
836 963 864 986 et
884 961 1044 995 arrogantia:
1060 964 1100 987 tu-

319 1011 422 1031 morem
436 1004 560 1039 deprimi,
577 1012 610 1031 ne
626 1005 683 1038 ipse
696 1008 868 1037 attereretur,
879 1010 904 1032 et
923 1006 993 1032 mala
1008 1014 1102 1033 eorum

318 1053 492 1083 angerentur.
517 1049 584 1076 Cum
599 1057 680 1083 porro
699 1049 796 1076 rationi
810 1054 991 1078 consentanea
1010 1056 1104 1086 postu-

318 1095 403 1127 laret,
427 1095 599 1130 supplicabat
614 1102 648 1122 ne
662 1094 866 1129 despiceretur;
891 1097 937 1123 sed
959 1097 1040 1123 etiam
1055 1097 1104 1123 do—

317 1141 385 1171 lore,
411 1140 632 1175 perturbatione,
658 1140 853 1168 exercitatione
874 1142 1039 1175 replebatur,
1061 1143 1103 1169 di-

317 1193 394 1219 cens,
411 1186 432 1212 Α
449 1194 508 1213 voce
519 1186 619 1212 inimici
633 1190 657 1213 et
672 1194 688 1212 a
698 1186 868 1213 tribulatione
879 1187 1034 1220 peccatoris,
1047 1187 1102 1214 ini-

318 1232 381 1259 mici
405 1232 511 1259 scilicet
533 1236 560 1260 et
584 1232 736 1266 peccatoris
761 1233 852 1266 populi
881 1242 887 1259 :
913 1240 975 1259 nam
993 1233 1101 1267 spiritui

318 1276 477 1311 prophetico
488 1277 640 1303 molestiam
653 1276 805 1303 inferebant
816 1277 861 1311 qui
878 1277 942 1304 talia
954 1278 1100 1306 audebant.

316 1321 420 1349 Deinde
443 1322 584 1357 subiungit
607 1332 612 1349 :
641 1322 772 1354 Quoniam
799 1323 997 1350 declinaverunt
1021 1324 1047 1350 in
1063 1333 1102 1351 me

316 1368 492 1403 iniquitatem,
509 1373 531 1394 et
544 1368 572 1394 in
586 1368 626 1393 ira
638 1368 742 1394 molesti
752 1373 826 1394 erant
843 1368 917 1399 mihi,
932 1376 993 1403 quae
1007 1373 1101 1396 contra

317 1413 487 1440 Salvatorem
514 1417 589 1447 gesta
614 1417 678 1440 sunt
702 1418 728 1440 ut
755 1414 863 1448 propria
877 1415 930 1441 sibi
948 1415 1100 1444 ascrihens.

315 1458 403 1493 Atque
417 1466 450 1485 ex
464 1457 614 1485 Salvatoris
631 1466 745 1492 persona
757 1463 871 1494 possunt
886 1467 947 1486 cum
965 1460 1016 1486 alia
1033 1460 1099 1493 dici,

315 1510 372 1530 tum
389 1504 453 1530 illud
471 1513 477 1530 :
492 1504 622 1536 Quoniam
641 1504 836 1532 declinaverunt
861 1506 887 1532 in
914 1513 954 1532 me
975 1506 1102 1540 iniquita-

316 1554 366 1576 um
377 1569 384 1581 ,
407 1554 431 1576 et
446 1550 475 1576 in
491 1550 533 1575 ira
546 1549 649 1576 molesti
663 1555 738 1576 erant
753 1551 831 1582 mihi;
853 1551 911 1577 sive
921 1570 928 1581 ,
949 1550 1099 1578 secundum

316 1589 519 1629 Symmachum,
538 1595 668 1628 Quoniam
680 1597 868 1629 inscripserunt
883 1601 975 1622 contra
995 1605 1034 1623 me
1050 1598 1101 1622 im-

314 1639 447 1672 pietatem,
463 1644 488 1665 et
506 1647 563 1666 cum
577 1641 618 1666 ira
632 1642 759 1667 contrarii
775 1642 848 1675 fuere
864 1641 937 1668 mihi.
949 1642 1002 1668 Cor
1016 1651 1101 1668 meum

314 1683 500 1710 conturbatum
514 1689 552 1710 est
569 1685 596 1710 in
610 1693 660 1716 me,
677 1690 701 1711 et
716 1686 829 1719 formido
846 1687 938 1712 mortis
951 1687 1042 1713 cecidit
1055 1696 1101 1714 su-

314 1736 362 1763 per
375 1737 424 1760 me,
437 1733 464 1756 et
475 1733 582 1756 caetera.
605 1729 667 1757 Haec
682 1731 772 1757 omnia
785 1739 894 1765 passum
911 1740 940 1758 se
955 1733 1100 1760 conlitetur

315 1774 458 1809 propheta,
473 1775 545 1809 quod
560 1775 657 1810 spiritu
676 1776 833 1810 prophetico
848 1777 1024 1811 praevidisset,
1043 1787 1100 1806 me-

315 1824 448 1847 moratam
473 1825 566 1855 postea
598 1821 735 1848 civitatem
768 1822 925 1856 iniquitate,
959 1824 1098 1851 contradi-

313 1866 414 1898 ctione,
433 1867 534 1898 iabore,
548 1867 641 1894 dolore
657 1871 683 1894 et
701 1867 835 1901 injustitia
854 1869 1097 1904 repletam;atque

313 1913 468 1939 unanimem
485 1913 560 1940 illum
573 1917 599 1941 et
611 1917 705 1940 notum
720 1914 865 1946 Salvatori,
877 1915 934 1949 pari
950 1919 1031 1950 atque
1046 1916 1098 1942 ini-

313 1958 374 1985 mici
393 1961 420 1985 et
434 1959 526 1987 hostes
542 1959 633 1986 animo
657 1960 831 1987 instructum.
863 1959 944 1986 Suam
964 1961 1036 1988 enim
1053 1961 1095 1989 his

311 2003 345 2029 de
360 2003 442 2030 rebus
457 2004 720 2031 commiscrationem
740 2004 793 2032 Deo
805 2006 940 2037 declarat,
955 2010 1035 2040 atque
1051 2013 1094 2032 ra-

311 2048 378 2073 tioni
391 2053 601 2075 consentaneam
618 2049 846 2082 perturbationem
870 2057 950 2083 quam
973 2050 1095 2084 patieba-

311 2097 366 2123 tur,
383 2093 416 2119 de
430 2100 485 2126 qua
502 2094 628 2127 superius
639 2095 746 2121 dicebat
768 2104 774 2121 :
794 2095 973 2122 Contristatus
994 2104 1051 2122 sum
1066 2097 1094 2123 iu

308 2137 495 2164 exercitatione
516 2146 588 2170 mea,
603 2143 628 2164 et
648 2139 818 2166 conturbatus
834 2148 907 2171 sum;
920 2144 946 2166 et
958 2140 1014 2174 jam
1032 2149 1089 2167 rur-

309 2189 369 2209 sum
384 2191 391 2208 :
409 2181 461 2208 Cor
476 2190 561 2209 meum
571 2184 754 2210 conturbatum
768 2189 806 2211 est
822 2185 847 2210 in
864 2193 920 2216 me;
942 2187 1091 2213 secundum

1161 282 1206 308 τοῦ
1219 281 1286 308 Θεοῦ
1306 281 1435 316 μέλλοντα
1446 281 1499 308 ὑπὸ
1518 281 1650 308 Ἰουδαίων
1671 282 1829 317 τολμᾶσθαι,
1840 283 1878 315 ὡς
1894 284 1941 318 ήδη

1161 328 1282 362 παρόντα
1293 327 1398 361 βλέπων
1408 336 1414 342 ·
1432 327 1475 361 ἐφ’
1489 325 1529 359 οἷς
1552 328 1732 363 συγχεόμενος
1749 329 1795 355 καὶ
1810 329 1943 364 ταραττόσ

1161 381 1250 408 μενος,
1264 372 1352 407 λύπης
1362 381 1390 398 τε
1402 372 1588 407 πληρούμενος
1602 373 1648 399 καὶ
1659 373 1822 408 ἀμηχανίας,
1841 374 1874 408 ἣν
1885 374 1945 401 6.50-

1159 417 1269 452 λεσχίαν
1280 417 1413 452 ὠνόμασε,
1431 417 1553 443 διετέλει.
1576 417 1714 443 Ἐλυπεῖτο
1727 417 1792 451 γοῦν
1811 419 1859 444 καὶ
1881 419 1943 445 ἑτα-

1161 463 1284 498 ράττετο,
1294 463 1341 488 καὶ
1354 461 1643 497 ἡδολέσχειάμηχανῶν
1651 462 1697 489 καὶ
1710 463 1818 498 ἀπορῶν
1829 463 1876 489 ἐπὶ
1888 465 1943 494 τοῖς

1158 507 1351 543 τολμωμένοις,
1375 507 1393 534 ἃ
1419 508 1514 543 μικρὸν
1538 508 1650 543 ὕστερον
1675 508 1785 540 διέξεισι
1814 508 1940 542 φάσκων·

1158 551 1249 580 Εἶδον·
1260 553 1386 587 ἀνομίαν
1401 553 1449 579 καὶ
1461 554 1676 588 dividor/arer-
1690 552 1727 587 τῇ
1741 554 1837 583 πόλει,
1853 554 1900 579 καὶ
1911 554 1941 580 τὰ

1159 600 1236 635 ἐξῆν
1264 600 1345 634 ἅπερ,
1373 599 1486 634 ὕστερόν
1511 608 1574 626 ποτε
1598 600 1630 625 δι’
1650 599 1737 634 ἔργων
1754 599 1940 634 κεχωρηκότα,

1159 645 1300 680 προλαὸὼν
1324 645 1362 680 τῷ
1386 645 1524 680 Πνεὺματι
1550 644 1589 680 τῷ
1605 645 1673 679 ἀγίῳ
1685 645 1699 670 ὁ
1715 645 1866 680 προφήτης,
1881 644 1940 671 ἐλυ-

1158 692 1234 716 πεῖτο
1247 691 1294 716 καὶ
1307 690 1470 725 ἐταράττετο
1491 690 1536 717 καὶ
1546 690 1683 725 ἡδολέσχει
1695 709 1702 721 ,
1724 689 1844 724 ἀθυμίας
1862 691 1941 725 ἐμπι-

1158 737 1292 771 πλάμενος
1305 738 1350 763 ἐπὶ
1365 739 1420 769 τοῖς
1447 737 1480 763 τὰ
1495 737 1607 762 τοιαῦτα
1616 735 1744 770 τολμῶσι.
1766 735 1812 761 Διὸ
1833 736 1879 762 καὶ
1898 736 1940 762 τὴν

1157 782 1221 807 Θεὸν
1231 782 1350 817 ὲπόπτην
1365 783 1414 817 τῆς
1425 782 1521 808 ἑαυτοῦ
1535 779 1725 812 καταστάσεως
1743 780 1869 814 γενέσθαι
1888 790 1941 808 πα-

1159 828 1270 863 ρακαλεί
1284 827 1368 861 λέγων
1378 837 1384 843 ·
1403 828 1563 859 Ένώτισιιι,
1575 829 1591 854 ό
1601 827 1681 860 Θεὸς,
1694 827 1752 860 τὴν
1765 827 1940 861 προσευχήν

1154 881 1223 906 μου,
1242 873 1290 899 καί
1301 872 1343 907 μὴ
1360 873 1504 907 ὐπερίδῃς
1519 872 1576 907 τὴν
1591 872 1698 906 δέησιν
1713 881 1788 906 μου·
1807 872 1939 906 πρόσχες

1153 928 1203 954 μοι
1217 919 1266 945 καὶ
1282 919 1464 945 εἰσάκουσόν
1474 927 1543 952 μου.
1573 918 1617 944 Ἐν
1640 917 1750 953 τοιαύτῃ
1773 917 1801 944 δὲ
1822 917 1939 951 γεγονὼς

1156 965 1331 996 καταστάσει,
1346 964 1420 999 ἠξίου
1436 964 1523 998 λέγων
1537 963 1613 999 ἑξῆς·
1632 963 1868 994 Καταπόντισον,
1884 963 1939 989 Κύ-

1152 1018 1209 1043 ριε,
1226 1010 1275 1036 καὶ
1295 1009 1450 1036 recterer
1475 1009 1529 1041 τὰς
1556 1008 1699 1043 γλώσσας
1725 1007 1837 1035 αὐτῶν·
1855 1007 1889 1033 δι’
1903 1003 1938 1033 ὧν

1157 1055 1261 1081 ἱκέτευε
1274 1055 1324 1090 τὴν
1343 1055 1501 1090 συμφωνίαν
1518 1054 1606 1081 αὐτῶν
1616 1054 1665 1089 τὴν
1676 1053 1744 1080 κατὰ
1755 1053 1802 1079 τοῦ
1814 1053 1937 1088 Σωτῆρος

1155 1098 1387 1134 διασκεδασθῆναι,
1405 1100 1453 1134 τήν
1472 1107 1502 1124 τε
1527 1097 1709 1133 μεγαλα-ιχίαν
1726 1097 1815 1124 αὐτῶν
1837 1097 1885 1124 καὶ
1908 1096 1937 1122 τὸ

1155 1144 1204 1179 τῆς
1224 1144 1380 1176 ἀλαζονείας
1398 1144 1509 1178 ἔπαρμα
1529 1143 1746 1178 ταπεινωθῆναι,
1768 1143 1837 1177 πρὸς
1853 1143 1884 1168 τὸ
1902 1142 1938 1177 μὴ

1155 1189 1350 1224 ὲπιτρίϐεσθαι,
1367 1191 1413 1216 καὶ
1426 1190 1515 1221 αὔξειν
1530 1189 1618 1216 αὐτῶν
1626 1189 1659 1216 τὰ
1670 1189 1753 1215 κακά.
1768 1187 1875 1222 Εΰλογα
1885 1187 1938 1214 τοί-

1155 1243 1201 1260 νυν
1218 1234 1309 1265 αἰτῶν,
1324 1234 1368 1260 διὰ
1381 1235 1431 1269 τῆς
1444 1235 1561 1270 δεήσεως
1572 1233 1647 1268 ἠξίου
1665 1233 1701 1268 μὴ
1718 1232 1936 1268 ι’)περιηνιαθῆνει⁴

1155 1279 1222 1305 ἀλλὰ
1237 1279 1282 1305 καὶ
1305 1279 1393 1314 λύπης
1406 1279 1556 1314 ἐπληροῦτο
1570 1280 1616 1306 καὶ
1633 1280 1767 1314 ταραχῆς,
1785 1278 1833 1305 καὶ
1848 1278 1939 1305 ἀδολε-

1155 1324 1243 1358 σχίας,
1257 1325 1368 1358 φάσκων
1378 1332 1385 1339 °
1410 1324 1476 1351 Ἀπὸ
1491 1323 1592 1358 φωνῆς
1611 1323 1719 1358 ἐχθροῦ
1736 1324 1784 1350 καὶ
1802 1323 1862 1350 ἀπο
1876 1323 1937 1350 ἀλί-

1154 1371 1234 1402 ψεως
1250 1368 1425 1402 ἀμαρτωλοῦ
1438 1388 1444 1399 ,
1465 1368 1560 1403 ἐχθροῦ
1587 1367 1686 1402 δηλαδὴ
1707 1367 1753 1394 καὶ
1776 1366 1938 1402 ἀμαρτωλοῧ

1154 1413 1232 1440 λαοῦ·
1253 1413 1341 1448 θλίψιν
1365 1413 1417 1449 γὰρ
1431 1416 1558 1449 παρεῖχον
1574 1413 1613 1448 τῷ
1628 1413 1761 1448 πνεύματι
1776 1412 1815 1447 τῷ
1830 1420 1938 1448 προφη-

1153 1458 1221 1493 τικῷ
1241 1459 1264 1484 oi
1277 1459 1310 1484 τά
1325 1458 1436 1485 τοιαῦτα
1452 1459 1614 1493 τολμῶντες.
1637 1455 1693 1484 Εἶτ’
1712 1457 1832 1492 ἐπιλέγει
1854 1457 1937 1492 ἑξῆς·

1156 1504 1217 1529 Ὅτι
1230 1503 1388 1535 ἐξέκλιναν
1399 1504 1445 1530 ἐπ’
1455 1503 1507 1537 ἐμὲ
1519 1503 1656 1538 ἀνομίαν,
1674 1503 1723 1529 καὶ
1749 1503 1783 1529 ἐν
1801 1501 1873 1536 ὀργῆ
1888 1503 1937 1529 ἐν·

1123 905 1141 932 Β

1153 1549 1279 1576 εκότουδν
1296 1557 1355 1583 μοι,
1370 1549 1579 1584 ίδιοποιούμενον
1605 1549 1638 1575 τὰ
1658 1548 1728 1575 κατὰ
1747 1546 1792 1575 τοῦ
1810 1548 1936 1583 Σωτῆρος

1151 1594 1347 1629 τετολμημένα.
1366 1596 1420 1621 Καὶ
1431 1595 1462 1620 ὲκ
1472 1593 1616 1629 προσώπου
1629 1593 1656 1619 δὲ
1668 1594 1714 1619 τοῦ
1726 1593 1850 1628 Σωτῆρος
1859 1592 1936 1619 δύνα-

1150 1648 1193 1665 ται
1204 1640 1328 1673 λέγεσθαι
1344 1639 1379 1666 τά
1391 1648 1419 1665 τε
1432 1640 1497 1666 ἄλλα
1513 1639 1560 1666 καὶ
1575 1639 1605 1665 τό
1615 1647 1621 1653 ³
1641 1638 1700 1664 Ὅτι
1715 1638 1877 1669 ἐξέκλιναν
1889 1637 1934 1663 ἐπ’

1149 1683 1201 1718 ἐμὲ
1211 1684 1346 1718 ἀνομίαν,
1355 1684 1402 1710 καὶ
1412 1684 1446 1710 ὲν
1455 1682 1528 1718 ὀργῇ
1539 1683 1698 1710 ἐνεκότουν
1705 1690 1770 1717 μοι’
1783 1682 1799 1717 ἢ
1811 1681 1880 1708 κατά
1891 1681 1935 1708 τὸν

1149 1730 1308 1765 Σύμμαχον·
1332 1730 1395 1755 ’Ὁτι
1408 1729 1581 1763 ἐπέγραψαν
1603 1729 1666 1755 κατ’
1686 1727 1758 1762 ἐμοῦ
1771 1728 1933 1758 νὰσέϐεισν,

1149 1775 1198 1801 καὶ
1210 1775 1273 1809 μετ’
1291 1773 1381 1808 ὀργῆς
1389 1773 1617 1807 ἠναντιώθησάν
1628 1782 1687 1807 μοι.
1710 1773 1744 1800 Ἠ
1755 1773 1862 1806 καρδία
1873 1782 1932 1807 μου

1148 1819 1292 1853 ἐταράχθη
1306 1819 1341 1845 ἐν
1353 1819 1427 1853 ἐμοὶ,
1446 1819 1493 1845 καὶ
1520 1819 1615 1845 δειλία
1632 1818 1760 1846 θανάτου
1783 1818 1934 1846 ἐπέπεσεν

1148 1865 1192 1891 ἐπ’
1203 1865 1264 1899 ἐμὲ,
1288 1864 1381 1890 καὶτὰ
1410 1864 1500 1891 λοιπά.
1519 1864 1611 1891 Πάντα
1637 1864 1722 1890 ταῦτα
1742 1864 1904 1890 πεπονθέναι
1917 1865 1932 1890 ὁ

1147 1911 1289 1945 προφήτης
1311 1910 1444 1944 ὁμολογεῖ,
1467 1910 1510 1936 διὰ
1525 1910 1555 1936 τὸ
1575 1909 1779 1945 προεωρακέναι
1797 1909 1835 1944 τῷ
1851 1910 1931 1935 πνεύ·

1148 1964 1211 1989 ματι
1224 1955 1262 1989 τῷ
1276 1955 1435 1990 προφητικῷ
1449 1955 1497 1990 τὴν
1518 1955 1581 1989 ἑξῆς
1597 1954 1762 1989 δηλουμένην
1776 1954 1852 1980 πόλιν
1866 1954 1930 1980 ἀνο-

1147 2001 1211 2035 μίας
1227 2000 1415 2035 πληρουμένην
1433 2000 1480 2027 καὶ
1497 2000 1664 2033 ἀντιλογίας,
1686 2000 1733 2025 καὶ
1750 2000 1835 2025 κόπου
1845 2018 1853 2031 ,
1882 1999 1929 2026 καὶ

1144 2046 1237 2077 πόνου,
1263 2046 1310 2072 καὶ
1334 2046 1454 2077 ἀδικίας·
1481 2046 1527 2071 καὶ
1543 2046 1588 2071 τὸν
1603 2046 1726 2080 ἰσόψυχον
1740 2045 1787 2072 καὶ
1809 2044 1928 2079 γνωστὸν

1143 2091 1190 2116 τοῦ
1206 2091 1330 2126 Σωτῆρος
1356 2090 1434 2126 ἡμῶν
1448 2091 1482 2117 τὰ
1502 2091 1605 2126 ἐχθρῶν
1625 2091 1705 2117 αὑτὸν
1722 2091 1769 2117 καὶ
1793 2090 1928 2125 πολεμίων

1143 2133 1293 2160 δατιθὲιτα.
1327 2135 1387 2160 Ἐπὶ
1403 2135 1505 2166 τούτοις
1521 2135 1574 2169 γὰρ
1587 2135 1635 2170 τὴν
1654 2135 1824 2170 συμπάθειαν
1843 2133 1926 2160 αὑτοῦ

1142 2179 1261 2206 δείκνυσι
1276 2179 1314 2215 τῷ
1325 2180 1394 2215 Θεῷ,
1410 2181 1456 2207 καὶ
1469 2182 1501 2216 ἦν
1516 2181 1659 2215 ὑπέμεινεν
1671 2180 1780 2214 εὒλογον
1793 2181 1924 2217 ταραχήν·

306 2228 432 2263 Aquilam
447 2236 509 2255 vero
524 2229 572 2260 ait,
590 2227 642 2255 Cor
657 2237 741 2255 meum
751 2230 890 2264 parturivit
906 2231 932 2256 in
948 2231 1089 2258 visceribus

1149 2225 1205 2259 napi
1231 2222 1263 2260 ἦς
1289 2225 1335 2252 καὶ
1360 2225 1488 2260 ἀνωτέρω
1504 2225 1611 2258 ἔλεγεν
1645 2225 1816 2259 Ἐλυπήθην
1833 2226 1869 2252 ἐν
1888 2225 1925 2260 τῇ

305 2274 388 2305 meis;
403 2274 553 2301 secundum
569 2281 633 2300 vero
646 2274 849 2309 Symmachum,
876 2274 928 2302 Cor
947 2284 1030 2302 meum
1045 2284 1091 2303 ex-

305 2319 457 2354 agitabatur
473 2319 544 2346 intra
556 2327 605 2345 me.
625 2318 678 2346 Sed
694 2320 774 2346 etiam
782 2319 1003 2348 formidomortis
1016 2322 1090 2348 ccci-

303 2364 343 2390 dit
358 2372 441 2399 super
463 2372 524 2392 eum
535 2384 543 2396 ,
568 2365 595 2391 id
609 2368 662 2396 est,
677 2363 811 2392 Salnturis
827 2366 932 2398 mortis,
947 2366 982 2392 ob
995 2373 1087 2400 quam,

303 2407 437 2444 Propheta
462 2409 581 2437 humana
605 2410 769 2446 cogitatione
792 2415 963 2444 commotus,
981 2411 1038 2439 sive
1053 2412 1090 2439 ob

302 2459 415 2481 mortem
441 2456 605 2487 animarum,
634 2463 693 2490 qum
720 2463 770 2491 pro
794 2456 840 2482 tali
872 2464 941 2484 ausu
961 2457 1088 2492 peritura:

302 2502 390 2530 erant,
416 2500 513 2528 timore
533 2502 697 2536 replebatur.
726 2501 782 2528 imo
806 2510 870 2529 vero
893 2504 976 2530 timor
990 2506 1016 2530 et
1033 2507 1088 2530 tre-

303 2550 374 2575 mor,
389 2543 423 2570 ob
436 2545 544 2578 pietatis
558 2546 743 2575 eminentiam.
764 2546 862 2573 cecidit
876 2554 958 2581 super
970 2547 1086 2582 prophe-

301 2592 367 2619 tam,
383 2595 444 2615 cum
461 2589 564 2617 videret
578 2591 707 2618 Dilectum
727 2591 772 2618 Dei
791 2592 855 2618 talia
872 2592 906 2618 ab
928 2593 1019 2627 impiis
1036 2600 1085 2628 pa-

298 2634 421 2661 tientem.
447 2633 575 2662 Tenebrae
600 2641 689 2663 autem
711 2640 893 2663 contexerant
913 2645 993 2669 eum,
1015 2638 1083 2669 sive,

298 2677 447 2705 secundum
472 2677 618 2712 Aquilam,
644 2680 811 2711 connolutio;
837 2686 903 2713 aut,
933 2682 1083 2709 secundum

298 2722 503 2758 Symmachum,
519 2724 621 2757 horror,
636 2730 729 2760 utpote
754 2726 800 2761 qui
815 2727 949 2754 horrenda
963 2735 996 2754 ac
1007 2732 1083 2755 tene-

297 2769 354 2796 bris
367 2769 447 2804 digna
460 2773 556 2796 contra
580 2770 745 2799 Salvatorem
762 2776 837 2807 gesta
852 2777 985 2802 cerneret,
1019 2772 1082 2800 [hec

296 2820 378 2847 porro
391 2814 463 2841 dicta
485 2822 579 2841 eorum
595 2817 729 2850 exelnplo,
746 2825 807 2851 qua:
821 2817 901 2845 nobis
924 2818 950 2844 in
966 2818 1080 2845 somniis

295 2859 464 2892 contingunt,
481 2859 625 2892 intelligas.
650 2859 716 2886 Nam
729 2861 887 2896 plerumque
899 2861 1078 2894 somniantes,

1141 2269 1305 2303 ἀδολεσχίᾳ
1324 2279 1400 2304 μου.
1424 2271 1472 2296 καὶ
1489 2270 1550 2303 ἐτη]
1559 2269 1671 2304 ἁχθην·
1697 2268 1743 2296 καὶ
1767 2270 1814 2296 νῦν
1829 2270 1922 2297 πάλιν·

1147 2312 1180 2338 Ἠ
1192 2313 1298 2347 καρδία
1304 2323 1362 2347 μου
1373 2313 1518 2348 ἐταράχθη
1527 2314 1561 2340 ἐν
1570 2314 1636 2347 ἐμοί
1645 2323 1650 2328 ·
1666 2311 1739 2340 κατᾶ
1750 2314 1778 2340 δὲ
1788 2315 1832 2340 τὸν
1847 2313 1925 2340 Ἀκύ-

1141 2359 1201 2390 λαν,
1224 2359 1258 2385 ἸΙ
1272 2359 1377 2392 καρδία
1389 2367 1459 2393 μου,
1481 2359 1572 2394 φησὶν,
1588 2359 1736 2392 ὼδίνησεν
1757 2359 1792 2385 ἐν
1810 2358 1924 2393 ermine

1135 2413 1212 2438 μου·
1231 2403 1300 2430 κατά
1317 2404 1345 2430 δὲ
1362 2404 1407 2430 τὸν
1431 2404 1577 2439 Σύμμαχον
1591 2413 1598 2419 ·
1630 2404 1659 2430 Ἡ
1680 2404 1786 2438 κηρδΙα
1805 2413 1865 2438 μου
1887 2404 1925 2429 δι-

1138 2449 1310 2484 εστρωερᾶτο
1323 2450 1412 2476 ἔνδον
1421 2459 1491 2484 μου.
1501 2450 1580 2476 Ἀλλά
1591 2450 1637 2476 καὶ
1650 2450 1735 2476 δειλία
1742 2450 1856 2477 θανάτου
1867 2452 1923 2477 εἰσ-

1138 2495 1235 2521 έπεσεν
1252 2495 1295 2521 ἐπ’
1312 2495 1409 2521 αὐτόν·
1427 2497 1485 2530 ἤτοι
1509 2495 1553 2521 τοῦ
1573 2495 1709 2530 Σωτηρίου
1730 2495 1862 2527 θανάτου,
1881 2496 1922 2529 ἐφ’

1136 2537 1157 2574 ᾧ
1171 2540 1270 2572 δειλίας
1278 2541 1292 2566 ὁ
1303 2541 1445 2576 προφήτης
1457 2541 1617 2576 ἐπληροῦτο,
1626 2541 1787 2576 ἀνθρωπίνῳ
1801 2539 1922 2576 λογισμῷ

1136 2587 1306 2621 κινούμενος,
1330 2587 1346 2621 ἢ
1364 2587 1411 2613 τοῦ
1424 2587 1477 2612 τῶν
1493 2587 1585 2622 ψυχῶν
1604 2586 1717 2613 θανάτου
1737 2586 1791 2613 τῶν
1809 2587 1922 2614 ἀπόλλυ-

1136 2632 1196 2658 σθαι
1209 2632 1358 2668 μελλόντων
1371 2633 1414 2659 διὰ
1426 2633 1459 2659 τὰ
1472 2633 1581 2659 τοιαῦτα
1593 2632 1763 2668 τολμήματα.
1784 2632 1864 2659 Ἀλλὰ
1875 2632 1921 2659 καὶ

1135 2678 1216 2712 φόϐος
1232 2678 1279 2705 καὶ
1292 2679 1392 2714 τρόμος
1407 2679 1440 2704 δι’
1456 2678 1608 2714 ὑπερϐολὴν
1625 2677 1769 2710 εὐλαὸειας
1786 2671 1919 2705 ἐπέπιπτε

1133 2724 1171 2759 τῷ
1191 2725 1327 2760 προφήτῃ,
1339 2724 1437 2759 ὁρῶντι
1445 2724 1490 2750 τὸν
1504 2725 1658 2760 Ἀγαπητὸν
1671 2724 1717 2751 τοῦ
1731 2724 1798 2751 Θεοῦ
1809 2724 1919 2751 τοιαῦτα

1134 2771 1186 2797 ὑπὸ
1200 2770 1253 2797 τῶν
1263 2770 1368 2796 ἀσεϐῶν
1385 2770 1532 2804 πάσχοντα.
1556 2770 1704 2796 Ἐκὰλυτπέ
1719 2778 1748 2796 τε
1765 2770 1847 2796 αὑτὸν
1859 2767 1918 2795 σκό-

1133 2825 1187 2847 τος,
1207 2816 1234 2850 ἣ,
1252 2815 1320 2842 κατὰ
1337 2816 1381 2842 τὸν
1400 2816 1529 2848 Ἀκύλαν,
1547 2815 1729 2849 εΙ.ῖίνδησις’
1742 2815 1770 2850 ἢ,
1785 2815 1856 2843 κατά
1873 2815 1917 2840 τὸν

1132 2862 1289 2896 Σύμμαχον,
1306 2863 1395 2895 φρίκη
1409 2870 1414 2876 ·
1431 2853 1533 2888 ὡσανεῖ
1543 2861 1644 2897 φρικτὰ
1661 2862 1706 2888 καὶ
1722 2861 1834 2893 σκότους
1853 2860 1917 2894 ἀλη-
