2064 3212
124 172 176 199 477

690 177 942 207 COMMENTARIA
961 178 995 206 IN
1015 178 1186 208 PSALMOS.

1214 135 1267 175 id

1697 185 1748 212 478

121 228 176 260 θῶς
191 227 256 260 ἀξια
268 229 302 256 τὰ
321 230 390 257 κατὰ
398 231 445 258 τοῦ
459 231 584 268 Σωτῆρος
598 233 724 269 δρώμενα
744 234 904 270 θεωροῦντα

960 243 991 262 ac
998 235 1120 269 quaedam
1128 235 1258 263 terribilia
1266 237 1497 267 cernentes,verbi
1509 237 1598 272 gratia
1607 238 1749 274 insequen-

120 273 236 308 Νοήσεις
247 275 320 301 δὲτὰ
330 275 463 311 λεγόμενα
478 278 509 304 ἐκ
530 278 750 314 παραδείγματος
770 279 822 306 τῶν
841 280 911 307 κατὰ

120 319 183 350 τοὺς
207 319 329 355 ὀνείρους
350 321 416 356 ἡμῖν
446 322 663 357 συμϐαινόντων·
692 324 754 350 ἐπεὶ
783 324 912 357 πολλάκις

120 363 335 399 ὀνειρώττοντες,
356 366 474 394 κᾶπειτά
487 377 547 395 τινα
565 368 682 404 δρῶντες
695 369 805 406 φοϐερά,
830 371 847 406 ἢ
864 370 913 406 θῆ-

121 417 172 445 ρας
183 409 341 442 διώκοντας,
356 411 495 447 ἢὲρπετὰ,
506 412 521 448 ἢ
538 413 683 449 πολεμίους
694 415 820 446 ἐπιόντας
834 416 909 450 ἡμῖν,

120 454 310 490 θορυϐούμεθα
321 456 369 491 τὴν
388 457 476 493 ψυχὴν
492 459 539 485 καὶ
555 459 729 494 ὲξιστάμεθα,
746 460 847 495 τρόμου
862 462 908 488 καὶ

119 500 249 534 ἀγωνίας,
259 502 305 528 καὶ
320 502 432 537 ἱδρῶτος
446 504 661 539 ἐμπιπλάμενοι.
674 505 753 531 Κατὰ
767 505 810 531 τὸν
825 507 906 532 αὑτὸν

119 546 183 581 γὰρ.
203 544 290 582 οἴμαι,
311 548 410 583 τρόπον
435 549 481 575 καὶ
504 550 553 585 τὴν
576 550 622 576 τοῦ
656 552 796 587 προφήτου
817 552 906 587 ψυχὴν

118 592 172 619 τῶν
202 593 314 628 μηδέπω
342 595 500 630 παρόντων,
531 596 680 631 μελλόντων
706 597 734 624 δὲ
763 597 904 631 γίγνεσθαι

963 285 1005 309 tes
1015 281 1096 313 feras,
1111 281 1150 308 vel
1171 281 1276 316 reptilia
1287 302 1294 312 ,
1304 281 1345 309 vel
1358 281 1483 309 inimicos
1502 282 1647 316 irruentes,
1657 285 1750 312 animo

962 327 1105 354 turbamur
1120 332 1146 354 et
1156 327 1390 362 obstupescimus,
1411 333 1526 360 terrore,
1544 330 1750 358 concertatione

961 379 994 399 ac
1006 372 1106 400 sudore
1122 373 1228 408 repleti.
1259 372 1361 400 Eodem
1376 373 1496 400 arbitror
1516 375 1598 402 modo
1611 376 1749 410 propheta:

961 417 1091 448 animam,
1109 425 1170 451 qua
1185 417 1305 444 nondum
1322 418 1496 452 praesentium
1507 437 1514 449 ,
1532 419 1578 445 sed
1594 419 1748 447 futurarum

961 470 1053 490 rerum
1070 463 1332 497 contemplationem
1349 471 1508 497 expressam
1526 465 1676 498 prophetici
1693 466 1750 500 spi-

961 507 1030 534 ritus
1046 507 1146 535 lumine
1161 508 1188 535 in
1204 508 1303 536 mentis
1311 508 1400 536 Oculis
1412 508 1591 543 percipiebat,
1602 510 1748 542 turbatam,

959 557 1041 588 atque
1055 553 1090 580 ob
1110 553 1243 580 malorum
1265 561 1325 588 qum
1340 553 1446 580 vidi-bat
1465 554 1701 589 exsuperantiam,
1715 556 1749 582 ti-

959 606 1043 628 more,
1057 602 1130 625 metu
1147 601 1304 633 tel'roreque
1320 599 1449 632 repletam
1464 606 1534 626 esse.

119 638 298 672 πραγμάτων,
327 639 375 674 τὴν
394 640 509 676 θεωρίαν
531 642 600 676 φωτὶ
622 642 668 668 τοῦ
690 642 860 678 προφητικοῖν
889 642 1044 678 πνεύματος
1074 645 1130 675 τοῖς
1151 643 1201 679 τῆς
1227 643 1344 675 διανοίας
1371 643 1521 679 ὀφθαλμοῖς
1546 644 1749 680 ἒντυπουμένην

118 683 224 717 ὁρῶντα
230 684 403 719 τεταράχθαι,
417 685 464 711 καὶ
473 685 554 720 φόϐου
569 686 616 712 καὶ
626 686 739 718 δειλίας,
753 688 800 714 καὶ
812 689 914 723 τρόμου
933 688 1130 722 πεπληρῶσθαι
1147 689 1190 715 διὰ
1204 690 1253 724 τὴν
1273 689 1326 716 τῶν
1344 690 1538 725 θεωρουμένων
1549 690 1642 717 κακῶν
1663 691 1749 726 ὑπερ-

118 728 208 764 δολήν.

153 774 211 801 Εἶθ’
224 776 318 812 ὥσπερ
336 777 417 812 μέσος
428 777 596 812 ἀποληφθεὶς
609 777 662 804 τῶν
674 778 759 805 ταῦτα
769 776 906 813 δρώντων,

120 820 255 855 μηδεμίαν
274 830 303 847 τε
320 821 389 857 ἔχων
406 823 561 858 ἀποφυγὴν,
580 823 647 858 μηδὲ
659 824 720 850 ὅποι
733 823 826 853 κλίνας
842 823 906 848 ἑαυ-

117 865 162 891 τὸν
173 866 251 897 ἐκτὸς
263 858 325 892 τῶν
334 867 427 893 κακῶν
452 867 565 901 γένοιτο,
581 867 689 903 εὔχεται
707 867 842 904 μετέωρος
856 867 905 903 ἁρ-

118 909 208 946 θῆναι,
226 911 326 945 πτηνός
340 921 369 938 τε
390 912 423 939 δι’
441 913 520 948 ἀέρος
542 914 682 948 ἐκφυγεῖν.
703 913 749 940 Διὸ
768 912 905 946 ἐπιλέγει·

150 999 206 1026 Kal
216 997 297 1026 εἶπα·
310 1000 340 1026 T1
342 1010 357 1032 ς
364 1000 452 1027 δώσει
459 1010 511 1035 μοι
518 1000 666 1036 πτέρυγας
676 1001 716 1034 ὡς
721 999 906 1034 περιστερᾶς,

116 1045 164 1073 καὶ
192 1046 429 1080 ππασθιὶσομαι,
444 1047 492 1073 καὶ
518 1048 717 1079 καταπαύσω;
740 1047 907 1082 Περιστερᾶς

116 1091 170 1126 γὰρ
185 1091 262 1125 δίκην
278 1091 383 1118 ἀκάκου
401 1091 540 1128 πτέρυγας
560 1093 689 1128 ὲκφεῦξαι
705 1093 752 1119 καὶ
769 1092 906 1127 πετασθῆ-

116 1144 169 1167 ναι,
187 1136 226 1167 ὡς
242 1136 276 1163 ἂν
294 1137 373 1170 φύγοι
389 1137 423 1164 τὰ
440 1138 524 1170 κακὰ,
541 1138 627 1172 ἠξίου.
646 1139 749 1165 Οὐκοῦν
772 1139 817 1165 καὶ
843 1139 906 1174 περὶ

116 1180 209 1207 τούτου
222 1181 352 1217 ἀνωτέρω
363 1181 440 1216 ἔλεγε
456 1183 501 1214 τὸ,
525 1183 676 1210 Ὲνώτισαι
688 1204 695 1216 ,
717 1185 733 1210 ό
749 1184 830 1216 Θεὸς,
850 1183 906 1216 τὴν

116 1226 293 1259 ,προσευχήν
301 1235 371 1260 μου,
388 1227 425 1258 ὡς
443 1228 476 1254 ἂν
489 1228 564 1263 τύχοι
576 1228 720 1264 πτερύγων
742 1230 905 1264 περιστερᾶς

116 1275 162 1301 καὶ
176 1274 339 1310 πετασθείη⁶
356 1274 444 1309 μόνως
467 1275 522 1310 γὰρ
534 1274 635 1307 οὕτως,
660 1276 706 1302 καὶ
725 1276 786 1302 οὐδὲ
807 1276 904 1309 ἄλλως,

116 1320 211 1356 πόρρω
227 1321 350 1354 γίνεσθαι
361 1322 410 1356 τῆς
425 1321 478 1347 τῶν
492 1321 599 1348 ἀσεϐῶν
614 1321 716 1353 πόλεως
739 1320 795 1353 οἷός
815 1330 844 1348 τε
859 1321 902 1357 ἦν.

116 1366 194 1392 Κατᾶ
209 1366 237 1392 δὲ
247 1366 291 1392 τὸν
306 1366 453 1402 Σύμμαχον
464 1373 472 1381 '
489 1367 543 1394 Kal
553 1365 653 1394 εἷπον·
672 1368 718 1400 Τίς
741 1367 831 1394 δώσει
852 1377 903 1402 μοι

115 1411 263 1445 πτέρυγας
280 1412 319 1444 ὡς
333 1412 518 1446 περιστερᾶς,
534 1412 718 1447 πετασθῆναι
732 1432 739 1444 ,
755 1413 803 1439 καὶ
819 1412 903 1446 ἐδρα-

114 1456 226 1488 σθῆναι
236 1465 245 1488 ;
257 1458 357 1491 Πόῤῥω
371 1458 409 1484 ἂν
422 1458 551 1492 ἐποίησα
564 1458 620 1492 τὴν·
633 1458 826 1493 ἀναχώρησιν
832 1467 902 1492 μου,

114 1500 280 1535 ηὐλιᾶίμην
291 1501 329 1528 ἂν
342 1502 376 1528 ὲν
390 1502 427 1536 τῇ
446 1502 554 1537 ἐρήμῳ.
570 1502 714 1538 Ἐξαίφνης
737 1503 770 1528 ἂν
787 1503 904 1538 ἐποίησα

114 1545 163 1579 τὴν
177 1545 302 1580 ἕκφευξίν
315 1555 365 1581 μου
384 1547 437 1573 ἀπὸ
450 1547 603 1582 πνεύματος
618 1549 775 1583 ἐπαίροντος
787 1557 792 1563 ·
809 1548 903 1583 τιόρρω
917 1560 937 1588 C

114 1590 170 1626 γὰρ
185 1591 217 1618 ἂν
231 1592 354 1626 ἐποίησα,
372 1593 448 1627 φησὶ,
463 1593 512 1628 τὴν
525 1592 698 1629 ἀναχώρησιν
715 1601 765 1627 μου
777 1613 783 1622 ,
801 1593 826 1619 εί
843 1593 903 1619 ἐτυ-

115 1645 162 1672 χον
173 1638 326 1672 πτερύγων,
340 1638 447 1674 φεύγων
459 1639 521 1669 τοὺς
533 1639 567 1666 τὰ
581 1638 763 1674 προλεχθέντα
784 1638 904 1673 τολμῶν-

58 1708 64 1712 ,
115 1691 174 1714 τας,
194 1684 302 1715 καὶτὰς
323 1685 441 1719 ἐρήμους
461 1685 559 1720 μᾶλλον
572 1685 620 1720 τῆς
632 1685 780 1720 εἰρημένης
800 1685 904 1716 πόλεως

115 1729 280 1764 προετίμων.
296 1729 388 1761 Οὕτως
401 1738 430 1755 τε
446 1731 474 1756 ἐν
486 1732 518 1766 τῇ
539 1726 634 1766 ἐρήμῳ
655 1729 789 1764 γεγονὼς,
812 1737 904 1764 προσ-

114 1773 262 1808 εδεχόμην
279 1773 316 1799 ἂν
328 1774 381 1800 τὸν
398 1773 529 1804 σώζοντά
543 1783 582 1808 με
602 1775 659 1801 ἀπὸ
684 1773 738 1808 τῆς
753 1775 902 1809 γενομένης

117 1826 161 1852 μοι
185 1819 403 1853 ὀλιγοψυχίιις,
421 1819 469 1845 καὶ
487 1820 546 1846 ἀπὸ
558 1819 613 1852 τῆς
635 1819 843 1855 καταλαϐούσης
870 1828 903 1854 με

115 1863 294 1897 καταιγίδος.
309 1865 544 1895 Καταπόντισον,
561 1866 657 1898 Κύριε,
679 1865 726 1891 καὶ
748 1865 903 1891 κατιιδιέλε

113 1910 167 1942 τὰς
178 1909 321 1944 γλώσσας
332 1909 440 1941 αὐτῶν,
459 1910 504 1936 καὶ
520 1909 553 1936 τὰ
564 1910 636 1944 ἑξῆς.
653 1910 707 1945 Τὴν
723 1910 811 1936 αἰτίαν
823 1909 855 1935 δι’
871 1910 903 1944 ἥν

114 1954 217 1990 ηὔξατο
228 1954 370 1989 πτερύγων
384 1956 485 1989 τυχεῖν,
501 1954 539 1985 ὡς
549 1955 582 1981 ἂν
593 1954 738 1989 πετασθείη
753 1954 799 1980 καὶ
811 1954 901 1988 φύγοι,

114 2000 218 2035 ἔρημόν
228 2008 257 2026 τε
277 2000 375 2035 μᾶλλον
388 2001 472 2026 οίκεῖν
488 2000 595 2026 ἑλέσθαι
620 2000 636 2035 ἢ
661 2001 710 2036 τὴν
736 2000 902 2035 δηλουμένην

113 2043 201 2078 πόλιν,
218 2046 263 2072 διὰ
276 2046 329 2072 τῶν
350 2047 536 2081 προκειμένων
548 2046 777 2080 διδάσκειλέγων”
797 2045 902 2081 Ἐπειδὴ

111 2092 176 2118 τάδε
192 2092 239 2118 καὶ
252 2092 315 2118 τάδε
332 2091 483 2127 προγνώσει
494 2091 540 2118 τοῦ
563 2091 730 2127 προφητικοῦ
750 2091 904 2126 πνεύματος

113 2137 271 2172 ἐθεασάμην
287 2137 498 2173 πραχθησόμενα
513 2138 541 2163 ὲν
555 2138 587 2173 τῇ
603 2137 695 2169 πόλει,
712 2136 807 2164 τούτου
823 2137 903 2171 χάριν

112 2180 239 2209 ἐντεῦθεν
271 2182 318 2217 ήδη
334 2182 444 2217 φεύγειν
466 2183 640 2218 διανενόημαι
664 2183 713 2217 τὴν
739 2182 792 2208 τῶν
808 2182 902 2209 κακῶν

995 775 1098 804 Deinde
1110 778 1190 812 quasi
1204 777 1311 805 medius
1326 778 1493 814 interceptus
1508 781 1552 809 ille
1569 782 1639 810 inter
1654 783 1749 812 talium

960 821 1111 849 facinorum
1130 827 1267 855 auctores,
1292 832 1354 851 cum
1373 825 1476 852 nullum
1494 827 1646 863 perfugium
1666 829 1750 857 habe-

959 871 1011 899 ret,
1036 876 1125 902 neque
1148 876 1203 903 quo
1225 869 1376 897 declinaret
1400 870 1434 897 ab
1451 871 1642 906 ingruentibus
1658 876 1747 907 malis.

959 914 1086 945 precatur
1098 919 1128 939 se
1139 912 1283 940 sublimem
1301 914 1411 946 elevari,
1430 918 1511 950 atque
1523 917 1643 946 volucris
1662 919 1749 947 instar

959 964 1007 992 per
1020 965 1109 985 aerem
1123 958 1252 994 effugere.
1269 958 1451 992 Quamobrem
1468 962 1506 988 ait
1523 971 1530 989 :

992 1001 1076 1029 Vens.
1093 1002 1183 1030 ’1-12.
1203 1003 1307 1030 Ειάὶίεὶ
1322 1012 1331 1030 ;
1342 1004 1407 1037 Quis
1416 1005 1489 1032 dabit
1504 1007 1567 1033 nti/ti
1578 1015 1677 1041 pennas
1692 1009 1748 1036 Iit:—

957 1051 986 1073 ut
1003 1047 1141 1080 columbm,
1155 1053 1180 1075 et
1196 1049 1298 1082 volabo,
1314 1055 1338 1076 et
1352 1051 1513 1085 requiescam
1524 1054 1536 1080 7
1546 1052 1651 1081 Pennas
1661 1054 1748 1082 instar

957 1092 1088 1119 columbze
1103 1092 1221 1119 innoxiae
1236 1093 1271 1120 ad
1286 1093 1444 1128 fugiendum
1460 1099 1487 1122 et
1505 1097 1651 1124 volandum
1671 1104 1746 1133 pete-

957 1136 1015 1169 bat,
1037 1141 1066 1163 ut
1081 1138 1160 1165 malis
1174 1146 1203 1166 se
1219 1139 1382 1174 proriperet.
1411 1140 1528 1177 Ideoque
1550 1144 1679 1177 superius
1696 1145 1748 1172 hac

956 1183 990 1210 de
1005 1191 1087 1210 causa
1100 1184 1217 1217 diccbat,
1238 1185 1360 1218 Exaudi,
1379 1186 1466 1220 Deus,
1484 1184 1630 1216 orationem
1651 1198 1745 1221 meum,

956 1234 985 1257 ut
998 1230 1055 1258 alas
1069 1231 1203 1259 columba:
1217 1232 1365 1264 obtineret,
1388 1238 1414 1260 ct
1434 1235 1539 1263 volaret
1556 1245 1563 1263 :
1580 1236 1633 1264 hoc
1647 1237 1748 1272 quippe

955 1274 1037 1302 modo
1050 1278 1167 1308 tantum,
1185 1280 1212 1303 et
1224 1285 1278 1304 non
1291 1278 1354 1309 alio,
1368 1286 1382 1305 a
1393 1279 1505 1307 civitate
1523 1281 1668 1316 impiorqu
1683 1290 1749 1317 pro-

955 1319 999 1345 cul
1024 1319 1152 1347 recedere
1169 1325 1285 1354 poterat.
1307 1322 1464 1350 Secundum
1488 1324 1681 1360 Symmachum
1697 1335 1748 1354 au-

954 1366 1008 1390 tem
1026 1372 1033 1389 :
1052 1363 1085 1390 Et
1099 1364 1157 1390 dixi
1173 1372 1182 1390 :
1199 1365 1264 1398 Qui:
1277 1366 1352 1393 dabit
1363 1367 1426 1394 mihi
1436 1376 1535 1402 pennas
1544 1370 1610 1396 sicut
1619 1370 1747 1398 columba:

955 1408 990 1434 ad
1004 1409 1144 1436 velandum
1159 1415 1184 1436 et
1204 1411 1391 1439 insidendum?
1416 1412 1503 1448 Lange
1522 1414 1644 1448 fecissem
1661 1423 1742 1442 seces-

954 1454 1054 1480 sionem
1076 1463 1171 1486 meam,
1195 1456 1351 1483 mansissem
1367 1458 1395 1483 in
1409 1458 1562 1486 solitudine.
1594 1459 1744 1486 Confestim

954 1497 1110 1533 eﬂ‘ugissem
1125 1499 1249 1527 elevante
1264 1508 1307 1527 me
1323 1501 1435 1535 spiritu;
1452 1502 1531 1537 longe
1546 1503 1646 1538 quippe
1662 1503 1744 1531 fecis-

955 1551 1011 1570 sem
1030 1545 1213 1574 secessionem
1234 1553 1332 1577 meam,
1351 1546 1399 1578 ait,
1429 1547 1451 1573 si
1476 1548 1534 1575 alas
1554 1548 1744 1581 obtinuissent,

956 1587 1062 1623 fugiens
1077 1589 1111 1616 ab
1124 1590 1157 1617 iis
1173 1591 1218 1624 qui
1232 1591 1289 1625 jam
1306 1591 1378 1618 dicta
1404 1593 1513 1627 aggredi
1531 1593 1684 1625 audebant,
1703 1598 1745 1621 at-

953 1641 1006 1668 que
1021 1634 1184 1662 solitudines
1197 1636 1316 1669 praefata:
1328 1633 1430 1663 civitaii
1444 1639 1643 1667 anu-tulissem.
1660 1639 1705 1667 Sic
1717 1641 1745 1668 in

953 1679 1063 1706 deserto
1086 1681 1254 1708 constitutus
1280 1682 1467 1716 exspectabam
1486 1692 1563 1716 eum,
1584 1686 1628 1720 qui
1641 1685 1746 1713 salvum

954 1733 994 1751 me
1009 1725 1074 1759 facit
1093 1734 1109 1752 ο
1122 1727 1346 1760 pusillanimitate
1368 1736 1429 1763 qua:
1446 1737 1491 1756 me
1510 1730 1672 1764 invadebat,
1687 1736 1711 1758 et
1729 1741 1745 1758 ιι

955 1774 1107 1805 tempestate
1129 1780 1190 1807 quae
1214 1780 1257 1800 me
1280 1775 1471 1809 interceperat.
1505 1771 1666 1810 Priecipita,
1690 1776 1741 1804 Do-

954 1818 1034 1849 mine,
1047 1822 1071 1844 et
1087 1817 1173 1845 divide
1189 1818 1292 1853 linguas
1314 1827 1417 1851 eorum,
1438 1823 1465 1847 et
1485 1825 1592 1847 caetera.
1627 1821 1743 1849 Causam

954 1862 1042 1896 aperit
1064 1870 1114 1889 cur
1136 1862 1194 1890 alas
1219 1863 1343 1891 obtinere
1356 1865 1492 1899 rogaverit
1508 1864 1541 1890 ad
1556 1865 1701 1892 volandum
1717 1871 1744 1893 et

953 1906 1148 1942 ell'ugiendum,
1160 1912 1187 1935 et
1199 1917 1247 1935 cur
1261 1909 1418 1936 solitudinis
1434 1909 1628 1937 habitationem
1641 1919 1741 1938 mcmo-

953 1956 1019 1978 ratae
1045 1951 1150 1978 civitati
1176 1953 1344 1985 antetulerit,
1371 1953 1413 1980 his
1438 1957 1518 1980 utens
1545 1954 1744 1988 verbiszQuo-

953 1996 1026 2022 niam
1040 1996 1097 2023 haec
1117 2000 1143 2023 et
1163 1997 1210 2023 illa
1227 2005 1259 2024 ex
1276 1998 1426 2032 proplictlci
1443 1998 1558 2033 s'piritns
1566 2000 1738 2034 prmscientia

955 2042 981 2068 in
996 2041 1107 2069 civitate
1117 2043 1235 2076 gerenda
1247 2044 1309 2070 esse
1321 2044 1435 2078 cognovi
1448 2053 1455 2075 ;
1470 2044 1531 2071 ideo
1547 2045 1610 2071 hinc
1626 2045 1744 2080 effugere

953 2090 980 2114 et
997 2087 1129 2114 malorum
1147 2088 1314 2116 multitudini
1326 2097 1368 2116 me
1377 2089 1529 2117 subducere
1545 2091 1671 2125 cogitavi.
1682 2091 1742 2118 Pri-

954 2141 1025 2160 mam
1038 2134 1110 2160 enim
1127 2134 1293 2169 impietatem
1314 2135 1467 2163 futurorum
1484 2137 1607 2169 ejusdem
1623 2137 1743 2165 civitatis

954 2178 1123 2211 incolarum,
1147 2187 1179 2206 ex
1206 2179 1297 2214 lingua
1323 2188 1417 2207 eorum
1441 2181 1625 2216 profecturam
1653 2182 1741 2210 video.

113 2227 228 2263 πληθύν.
247 2228 356 2263 Πρῶτον
373 2229 426 2263 γάρ
440 2228 566 2263 ἀσέϐημα
578 2227 631 2254 τῶν
648 2227 696 2262 τὴν
711 2226 902 2262 προλεχθεῖσαν

955 2225 1055 2251 Omnes
1070 2225 1169 2260 quippe
1187 2225 1215 2252 in
1228 2226 1298 2252 malo
1309 2227 1523 2258 consentientes,
1534 2228 1652 2262 linguam
1665 2235 1741 2254 suam

112 2273 191 2299 πόλιν
215 2273 385 2307 οἰκησάντων
403 2273 457 2308 ὁρῶ
478 2274 509 2300 τὸ
526 2274 557 2300 ὲκ
582 2273 632 2307 τῆς
654 2272 775 2307 γλώττης
800 2271 900 2298 αὐτῶν.

112 2319 217 2350 Πάντες
234 2318 287 2354 γὰρ
304 2318 408 2350 ὥξυναν
421 2319 523 2344 ἑαυτῶν
539 2318 584 2345 ἐπὶ
606 2317 684 2352 κακῷ
705 2317 901 2351 συμφωνήσαν-

110 2372 158 2395 τες
172 2364 223 2395 τὰς
237 2364 360 2398 γλώττας
372 2365 443 2391 κατὰ
455 2364 501 2391 τοῦ
518 2365 582 2390 Υἱοῦ
607 2363 655 2390 τοῦ
679 2363 747 2390 Θεοῦ
760 2372 766 2378 ⁸
783 2362 833 2392 διὸ,
862 2362 900 2397 μὴ

111 2409 203 2444 φέρων
217 2409 306 2436 αὐτῶν
317 2409 366 2445 τὴν
380 2410 518 2445 μοχθηρὰν
533 2409 635 2445 ταύτην
657 2411 704 2435 καὶ
720 2408 806 2443 ἀσεΰῆ
833 2416 901 2443 συμ-

91 2454 227 2491 .φωνίαν,
238 2454 352 2489 εὔχομαι
374 2455 474 2489 λέγων·
489 2453 522 2481 Ὦ
545 2455 632 2488 Κύριε
643 2475 650 2486 ,
679 2454 901 2481 καταπόντισον

110 2500 161 2527 καὶ
175 2499 333 2526 xaerst
348 2500 400 2532 τὰς
415 2500 557 2534 γλώσσας
570 2499 678 2527 αὐτῶν.
696 2500 742 2531 Ἢ,
766 2499 837 2525 κατὰ
855 2498 902 2524 τὸν

110 2545 273 2580 Σύμμαχον·
291 2545 571 2579 Καταποντισθῆναι
586 2545 716 2578 ποίησον
729 2564 736 2576 ,
751 2544 899 2575 Δέσποτα,

106 2591 160 2618 καὶ
183 2591 368 2625 ἀσύμφωνον
389 2592 521 2625 ποίησον
545 2590 603 2624 τὴν
625 2590 769 2626 πτιῶσσαν
790 2589 899 2615 αὐτῶν.

108 2636 167 2671 Τῆς
178 2635 233 2671 γὰρ
250 2635 390 2671 μοχθηρᾶς
407 2637 565 2671 συμφωνίας
582 2636 648 2662 πολὺ
663 2637 784 2671 κρεῖττον
803 2634 900 2668 γένοιτ’

107 2681 142 2708 ἃν
160 2682 176 2716 ἠ
190 2681 369 2715 ἀσυμφωνία,
385 2681 553 2717 ἀτονωτέραν
568 2681 615 2707 καὶ
634 2680 829 2714 ἀσθενεστέραν
849 2688 900 2705 κα-

107 2728 172 2754 κίαν
187 2727 410 2763 ἀπεργαζομένη.
423 2728 508 2754 Τοῦτο
522 2728 570 2762 μὲν
583 2725 629 2753 οὖν
640 2727 671 2752 τὸ
683 2725 790 2760 πρῶτον
805 2722 839 2759 ἦν
852 2724 900 2750 αὑ·

107 2772 163 2799 τῶν
178 2773 275 2799 κακόν.
295 2773 328 2799 Οἵ
338 2781 367 2799 τε
384 2772 438 2808 γὰρ
449 2772 496 2799 τοῦ
508 2772 600 2803 ἔθνους
614 2770 783 2807 προεστῶτες
795 2790 802 2801 ,
818 2777 899 2804 νομο-

106 2817 266 2846 διδάσκαλοι
284 2819 331 2845 καὶ
355 2818 504 2853 ἀρχιερεῖς,
523 2819 569 2845 καὶ
588 2819 674 2845 λοιπο1¹
698 2818 827 2853 ἄρχοντες
853 2816 899 2842 τοῦ

107 2863 182 2898 λαοῦ,
198 2865 294 2898 δολίως
305 2864 378 2900 αὐτῷ
392 2866 559 2900 προσιόντες,
574 2865 710 2900 πειράζείν
728 2864 808 2891 αὐτὴν
825 2863 899 2889 ἐτόλ-

954 2275 1123 2296 exacuerunt
1155 2275 1250 2297 contra
1278 2269 1376 2297 Filium
1408 2270 1454 2298 Dei
1488 2280 1494 2298 :
1524 2279 1609 2306 quare
1631 2271 1740 2306 impiam

954 2322 1047 2342 eorum
1069 2318 1096 2342 et
1120 2316 1281 2343 sceleratam
1300 2316 1474 2343 concordiam
1491 2324 1544 2343 non
1563 2316 1664 2347 ferens,
1685 2316 1740 2342 lucc

955 2368 1052 2394 precor
1069 2370 1074 2386 :
1091 2360 1113 2388 0
1130 2361 1250 2391 Domine.
1275 2362 1412 2396 pra‘ctpita
1436 2366 1459 2387 et
1472 2361 1559 2387 divide
1575 2361 1679 2395 linguas
1698 2368 1741 2386 eo-

955 2415 1031 2438 rum;
1054 2407 1121 2438 sive,
1148 2407 1298 2435 secundum
1326 2407 1528 2442 Symmachum,
1549 2405 1603 2432 Fac
1616 2405 1738 2438 demergi,

955 2452 1076 2484 Domine.
1088 2458 1112 2479 et
1123 2453 1269 2480 discordem
1281 2462 1346 2487 pone
1360 2453 1478 2487 linguam
1487 2461 1587 2479 eorum.
1598 2452 1661 2478 Nam
1678 2457 1723 2477 sce
1733 2465 1739 2470 -

954 2498 1038 2524 lerata
1052 2498 1198 2524 concordia
1214 2498 1299 2524 multo
1310 2498 1482 2533 przestantior
1495 2497 1631 2524 discordia
1647 2495 1737 2527 fuerit,

954 2549 1014 2576 quae
1041 2541 1218 2569 infirmiorem
1247 2542 1463 2577 debilioremque
1485 2542 1613 2568 malitiam
1632 2540 1738 2568 reddat.

955 2587 1012 2615 lloc
1026 2587 1142 2622 primum
1153 2588 1285 2615 malorum
1296 2589 1384 2615 inerat
1399 2588 1481 2622 ipsis..
1489 2587 1554 2614 Nam
1564 2586 1738 2620 magistratus

954 2634 1053 2669 gentis,
1064 2634 1130 2668 legis
1142 2634 1268 2661 doctores
1278 2654 1285 2665 ,
1296 2634 1432 2668 principes
1448 2632 1616 2660 sacerdotum
1630 2639 1661 2657 ac
1675 2631 1723 2658 reli
1732 2647 1739 2651 -

954 2679 998 2714 qui
1010 2679 1098 2714 populi
1107 2679 1244 2713 principes
1256 2679 1289 2705 ad
1298 2687 1358 2706 cum
1369 2687 1429 2706 cum
1437 2678 1498 2705 dolo
1507 2676 1738 2710 atlcuntes,ipsum

954 2729 1058 2752 tentare
1073 2725 1218 2756 audebant,
1233 2725 1405 2752 occasionem
1421 2727 1570 2758 captantes,
1583 2725 1610 2749 et
1627 2722 1738 2748 insidias

954 2771 980 2798 in
994 2779 1055 2799 eum
1071 2777 1218 2800 struentes.
1251 2772 1328 2805 Quod
1347 2771 1416 2798 alius
1431 2777 1538 2805 quoque
1550 2767 1738 2795 subindicabat

954 2818 1085 2851 psalmus,
1110 2826 1144 2845 ex
1158 2818 1281 2852 ejusdem
1299 2824 1414 2852 persona
1430 2816 1493 2843 talia
1508 2815 1596 2841 fatus:
1614 2812 1735 2839 Circum-

954 2863 1081 2891 dederunt
1102 2872 1141 2891 me
1160 2865 1230 2891 tauri
1249 2864 1337 2895 multi,
1359 2863 1432 2890 vituli
1451 2855 1556 2898 ningues
1582 2857 1736 2885 obsederunt
