2064 3212
300 179 353 206 £83

641 174 774 206 EUSEBII
793 177 1029 207 C/ESARIENSIS
1048 179 1122 207 OI’P.
1146 178 1235 206 PARS
1253 177 1297 207 lll.
1318 195 1352 200 —
1370 177 1576 207 EXEGETICA.

1875 178 1932 207 ‘84

301 237 356 262 vita
384 234 489 269 scipsos
509 238 698 268 segregarunt.
717 234 898 269 Salvatorque
921 240 1014 262 noster
1029 234 1076 262 vit:

1136 236 1226 262 τοίνυν
1242 236 1354 266 ἑαυτοὺς
1369 234 1418 270 τῆς
1434 233 1507 269 ζωῆς
1518 235 1542 260 οἱ
1558 233 1717 269 δηλούμενοι
1731 233 1929 268 κεχωρίκασιν.

299 284 378 313 erat;
395 287 456 307 nam
470 279 540 314 quod
558 280 657 314 factum
673 285 711 307 eu
729 281 756 306 in
769 281 827 314 ipso
843 281 897 307 vita
911 286 980 312 erat,
991 286 1014 308 et
1031 282 1084 308 vita

298 330 356 353 erat
372 325 418 351 tua:
428 325 564 351 hominum
577 325 583 340 ‘
598 334 604 358 ;
620 325 681 359 jure
700 333 762 352 cum
777 333 838 354 sese
852 326 886 353 ab
899 327 957 360 ipso
975 334 1084 360 separa-

299 370 397 403 verint,
419 371 500 396 morti
525 370 623 397 anima:
651 370 743 396 traditi
764 374 847 397 sunt:
862 377 916 397 non
931 370 1003 405 quod
1025 370 1084 405 ipsa

299 419 491 450 corrumpatur
505 419 553 442 aut
569 416 701 445 deleatur.
721 415 747 442 in
764 416 879 443 nihilum
898 416 1021 449 redacta;
1036 417 1083 444 sed

297 461 371 496 quod
391 462 484 488 vivens
508 460 553 487 illa
575 466 602 488 et
623 461 770 487 immortali
796 464 892 487 natura
911 462 1034 496 pncdila.
1057 461 1083 488 in

299 506 428 542 praedicta
442 510 529 532 morte
543 509 678 533 versetur.
693 505 783 537 Quare
800 506 902 533 dictum
915 511 957 533 est
971 516 978 533 :
994 506 1027 532 Et
1037 506 1083 532 de-

297 552 424 579 scendant
436 552 462 578 in
479 553 609 586 infernum
626 553 745 579 viventes.
765 551 823 579 Non
838 553 909 580 enim
929 553 1081 579 animarum

297 597 511 625 destructionem
530 597 572 624 his
598 597 767 632 signiﬁcabat
784 607 790 624 ε
812 597 904 624 Veniat
918 607 987 625 mors
1007 607 1082 632 super

296 643 375 674 illos;
402 643 449 670 sed
477 643 676 677 separationem
707 651 721 670 a
747 644 812 674 vita.
842 651 902 678 quae
932 644 1081 671 secundum

298 687 380 714 Deum
401 691 452 720 est,
476 692 502 714 et
519 688 716 716 habitationem
740 688 767 714 in
792 688 909 715 inferno.
926 688 996 715 Num
1014 689 1082 716 forte

259 744 262 747 -
296 733 412 764 dicatur,
434 733 487 760 alio
510 733 591 759 modo
605 734 728 760 viventes
742 735 818 768 ipsos
840 735 867 760 in
883 734 1019 761 infernum
1036 734 1084 761 de-

296 778 446 809 scendisse,
464 779 491 805 in
504 778 600 806 notitia
615 779 719 805 scilicet
737 783 893 813 peccantes,
911 786 942 805 ac
963 779 1082 806 scientes

294 824 404 858 quidem
427 824 595 851 Salvatorem
616 831 677 852 esse
699 824 839 851 Christum
869 824 932 855 Dei.
957 825 1002 851 sed
1027 832 1080 851 non

294 877 356 898 esse
374 870 554 898 simulantes?
570 870 659 902 Quare
687 870 799 904 perinde
823 875 905 904 atque
927 870 1032 897 Dathan
1054 874 1081 897 et

1134 279 1168 316 ἦν
1184 281 1211 308 δὲ
1223 282 1236 307 ὁ
1251 281 1345 316 Σωτὴρ
1358 279 1435 315 ἡμῶν
1451 281 1468 315 ἡ
1481 280 1536 315 ζωή
1547 288 1553 295 ·
1572 281 1607 305 Ὃ
1618 279 1722 314 γέγονε
1732 280 1786 314 γὰρ
1799 279 1834 305 ἐν
1847 280 1930 312 αὐτῷ

1135 326 1192 360 ζωὴ
1209 325 1248 361 ἦν
1261 347 1267 357 ,
1293 327 1341 353 καὶ
1366 327 1386 360 ἠ
1407 325 1462 360 ζωὴ
1487 324 1526 360 ἦν
1541 329 1573 352 τι)
1591 325 1653 360 φῶς
1672 325 1731 352 τῶν
1744 324 1926 358 ἀνθρώπων·

1135 373 1261 403 εἰκότως,
1275 371 1477 406 ἀποτμηθέντες
1492 370 1574 398 αὑτοῦ
1583 390 1591 403 ,
1607 370 1644 406 τῷ
1658 370 1708 406 τῆς
1719 371 1807 406 ψυχῆς
1818 371 1928 406 θανάτῳ

1135 417 1321 452 παρεδόθησαν
1331 425 1338 431 ³
1348 417 1396 451 οὐχ
1406 416 1476 442 ὥστε
1485 415 1621 450 φθαρῆναι
1630 416 1714 451 αὐτὴν
1723 417 1769 442 καὶ
1777 415 1928 450 ἀφανισθῆ-

1134 471 1177 489 ναι
1192 463 1231 494 εἰς
1243 462 1273 488 τὸ
1289 462 1325 497 μὴ
1336 462 1365 488 ὂν
1376 461 1540 497 χωρήσασαν
1551 478 1558 492 ,
1575 460 1632 486 ἀλλ’
1649 460 1719 487 ὥστε
1736 460 1826 493 ζῶσαν
1840 461 1926 496 αὐτὴν

1134 509 1181 535 καὶ
1198 508 1328 534 ἀθάνατον
1345 508 1394 543 τὴν
1409 507 1502 534 οὐσίαν
1520 506 1692 542 κεκτημένην
1708 507 1736 532 ὲν
1750 505 1789 540 τῷ
1802 505 1925 541 λεχθέντι

1135 553 1242 588 θανάτῳ
1257 553 1371 587 διάγειν.
1405 552 1451 579 Διδ
1469 552 1595 578 λέλεκται
1607 560 1613 566 ”
1641 551 1694 578 Kal
1708 551 1925 585 καταϐήτωσαν

1133 601 1175 632 εἰς
1192 599 1265 632 ᾅδου
1281 598 1396 631 ζῶντες.
1420 599 1457 625 Ού
1486 598 1531 624 τὸν
1547 597 1699 632 ἀφανισμὸν
1713 597 1806 632 ψυχῶν
1828 597 1924 632 ἐδήλου

1134 645 1220 678 λέγων
1230 653 1236 659 ·
1258 643 1385 671 Ἐλθέτω
1398 643 1526 675 θάνατος
1538 643 1584 669 ἐπ’
1597 643 1707 675 αὐτοὺς
1717 662 1724 673 ,
1736 642 1803 669 ἀλλὰ
1814 642 1860 669 τὸν
1868 643 1925 669 ἀπὸ

1133 691 1183 724 τῆς
1197 689 1266 716 κατὰ
1281 689 1346 715 Θεδν
1362 688 1434 724 ζωῆς
1449 687 1587 724 χωρισμὸν
1598 707 1605 719 ,
1620 688 1667 714 καὶ
1683 688 1733 722 τὴν
1746 688 1785 718 είς
1798 687 1845 713 τὸν
1858 687 1924 722 ᾅδην

1133 736 1301 771 κατοίκησιν,
1327 735 1438 770 Μήποτε
1460 734 1488 760 δὲ
1504 734 1551 760 καὶ
1568 733 1654 765 ἄλλως
1677 733 1776 765 ζῶντες
1791 734 1831 764 εἱς
1858 733 1922 768 ᾅδου

1133 780 1268 815 κατῄεσαν
1280 799 1287 810 ,
1305 780 1333 805 ἐν
1348 778 1447 812 γνώσει
1460 779 1660 814 ἁμαρτάνοντες
1670 798 1678 811 ,
1694 778 1740 804 καὶ
1754 777 1856 809 ειδότες
1874 777 1923 812 μὲν

1131 825 1178 852 τὸν
1193 825 1305 860 Σωτῆρα
1318 825 1356 856 ὡς
1371 824 1452 856 αὐτὸς
1465 822 1490 850 εἶ
1503 825 1517 850 6
1533 824 1649 859 Χριστος
1665 823 1710 850 τοῦ
1725 823 1792 850 Θεοῦ
1805 843 1812 855 ,
1839 831 1924 858 προσ-

1133 871 1288 906 ποιούμενοι
1300 871 1329 897 δὲ
1343 870 1380 905 μὴ
1395 867 1465 896 εἶναι
1476 878 1482 901 ;
1498 869 1543 895 Διὸ
1554 869 1600 896 καὶ
1614 869 1713 904 ὁμοίως
1726 870 1784 899 τοῖς
1795 868 1861 904 περὶ
1870 869 1922 895 Δα-

293 915 396 941 Abiron
407 915 417 930 ’
430 915 504 950 ipsos
523 914 724 949 deglutiendos,
740 919 821 949 atque
844 915 871 942 in
887 915 1023 942 infernum
1041 915 1076 942 vi-

1131 917 1180 944 Θὰν
1196 917 1244 943 καὶ
1265 916 1388 952 ’Δϐηρὼν
1416 915 1654 951 καταποθήσεσθαι
1670 916 1717 941 καὶ
1741 915 1855 946 αὐτοὺς,
1883 915 1924 946 si;

293 965 386 986 ventes
404 959 586 986 descensuros
607 967 669 986 esse
687 959 858 994 praenuntiat.
885 959 937 986 Pro
962 960 1008 986 illo
1029 967 1079 986 au-

292 1008 356 1037 tem,
371 1004 504 1040 Nequiliw
517 1005 545 1031 iu
558 1005 767 1032 habitationibus
782 1014 883 1036 eorum.
897 1007 923 1032 in
939 1006 1024 1033 medio
1037 1014 1082 1033 (ο-

292 1059 351 1076 rum
364 1059 372 1081 ;
388 1058 451 1077 nam
473 1054 625 1077 conventus
638 1055 664 1077 et
677 1051 794 1077 concilia
808 1051 941 1078 adversus
959 1051 1081 1078 Salvato-

292 1103 349 1122 rem
368 1095 491 1130 improba
513 1095 598 1126 fuere,
617 1095 714 1130 Aquila
737 1095 804 1122 dicit
820 1106 826 1122 ε
844 1096 975 1128 Quoniam
993 1097 1080 1132 nequi-

291 1141 337 1166 titz
350 1141 375 1167 in
390 1141 586 1167 conversatione
597 1149 698 1168 eorum.
711 1141 781 1174 Quia
796 1149 860 1176 ergo
876 1150 929 1168 non
948 1150 996 1176 pro
1007 1143 1080 1169 bono

291 1187 505 1219 conveniebant,
532 1191 559 1213 et
582 1187 806 1213 conversationes
831 1187 1003 1222 conciliaque
1021 1187 1080 1214 im-

292 1229 375 1263 proba
392 1229 508 1262 inibant,
523 1229 585 1264 jure
598 1230 763 1257 vaticinatur
783 1230 828 1265 qui
856 1230 917 1258 ﬁnis
936 1238 984 1258 eos
1002 1238 1079 1258 exce—

291 1278 389 1308 pturus
407 1275 454 1302 sit.

327 1373 409 1401 Vens.
428 1374 518 1402 17-20.
540 1374 596 1410 Ego
616 1375 651 1401 ad
666 1374 748 1401 Deum
760 1374 884 1407 clamavi,
900 1378 925 1401 et
949 1374 1077 1401 Dominus

288 1420 401 1446 saluauit
419 1429 468 1453 me,
482 1425 509 1447 et
523 1425 631 1447 caetera.
649 1419 773 1451 Etiamsi,
795 1419 894 1454 inquit,
908 1419 1005 1454 spiritu
1019 1427 1079 1454 pro-

288 1465 398 1500 phetico
424 1466 590 1497 illustrante,
617 1465 736 1492 futuram
758 1465 785 1491 in
807 1469 957 1492 tuetuorata
968 1464 1077 1492 civitate

288 1511 459 1546 iniquitatem
478 1511 658 1546 prospiciens,
683 1511 830 1538 admodum
847 1512 1030 1538 contristatus
1048 1510 1076 1537 in

287 1558 485 1585 exercitatione
498 1566 568 1590 mea,
582 1563 609 1586 et
625 1558 806 1585 conturbatus
824 1558 894 1590 sim;
908 1561 1028 1585 attamen
1046 1557 1078 1584 ll-

289 1611 350 1630 nem
365 1603 522 1638 exitumque
542 1611 634 1630 rerum
655 1603 842 1638 conspicatus,
863 1603 932 1630 bene
948 1604 1011 1630 novi
1032 1610 1075 1631 me
1089 1597 1110 1625 ο

288 1650 452 1676 clamantem
468 1650 500 1675 ad
517 1648 611 1680 Deum,
628 1656 681 1675 non
696 1649 855 1676 derelictum
869 1649 920 1681 iri;
938 1648 986 1676 sed
1000 1656 1076 1676 com-

290 1695 382 1721 munis
405 1693 555 1720 Salvatoris
569 1694 658 1729 gratia
674 1694 707 1721 ad
721 1703 763 1722 me
780 1702 868 1729 usque
889 1695 1074 1729 perveniente,

289 1740 404 1766 salutem
425 1747 565 1773 assequar.
584 1739 646 1766 "me
667 1744 758 1766 autem
773 1739 908 1774 Propheta
925 1740 1075 1767 secundum

289 1783 360 1810 LXX
373 1783 448 1817 dicit,
464 1784 537 1819 quod
552 1784 672 1811 futurum
685 1788 745 1812 erat
758 1785 835 1822 quasi
850 1785 1016 1819 prmteritum
1029 1792 1076 1812 ex-

288 1830 413 1865 plicans;
427 1837 511 1864 quare
525 1830 629 1857 dictum
651 1834 693 1857 est
707 1838 712 1855 :
725 1829 780 1865 Ego
802 1829 836 1856 ad
853 1830 935 1857 Deum
950 1831 1074 1862 clamavi,

286 1879 311 1900 ct
327 1874 454 1901 Dominus
470 1875 580 1901 saluauit
599 1883 638 1901 me
655 1883 664 1901 :
678 1878 705 1901 at
727 1874 878 1902 secundum
895 1876 1014 1910 reliquos
1032 1875 1076 1902 in-

287 1925 431 1956 terpretes,
449 1921 505 1948 hanc
523 1921 613 1948 futura
628 1921 803 1948 vaticinatur.
820 1921 917 1956 Aquila
932 1926 1006 1948 certe
1018 1922 1073 1948 ait:

288 1967 343 2002 Ego
355 1967 389 1993 ad
404 1967 485 1994 Deum
497 1969 602 2000 vocabo,
614 1972 639 1994 et
652 1967 779 1994 Dominus
791 1967 904 1994 salvabit
917 1975 973 1998 me;
986 1967 1075 1994 Theo-

286 2014 364 2040 (ἴοιίο
386 2017 477 2040 autem
496 2013 569 2048 :Ego
588 2013 622 2039 ad
639 2013 722 2040 Deum
741 2013 872 2044 clamabo,
898 2018 921 2039 et
944 2013 1074 2039 Dominus

286 2058 398 2085 saloabit
430 2066 480 2084 me.
503 2058 571 2084 Cum
596 2058 667 2084 enim
692 2058 756 2085 talia
783 2064 879 2085 contra
904 2058 1073 2085 Salvatorem

287 2103 469 2136 perpetranda
481 2103 546 2134 sint,
558 2111 608 2138 ego
621 2104 666 2137 qui
679 2105 755 2138 prius
764 2104 896 2134 dixeram,
927 2102 978 2129 Cor
990 2111 1074 2129 meum

287 2147 473 2173 conturbatum
487 2153 525 2174 est
540 2149 567 2174 in
581 2156 630 2180 me,
644 2154 666 2175 et
681 2147 797 2182 formido
811 2148 902 2174 mortis
920 2147 1012 2174 cecidit
1027 2156 1073 2173 .m-

284 2200 330 2226 per
347 2201 407 2219 me:
423 2193 501 2219 timor
517 2198 541 2220 et
557 2198 654 2220 11⁵8ιηῦ1·
667 2198 791 2220 uenerunt
811 2201 889 2228 super
907 2201 957 2226 ure,
975 2200 998 2220 et
1012 2202 1073 2220 δοκ-

285 2244 406 2266 texerunt
422 2247 462 2266 me
478 2239 603 2271 tenebra’;
621 2239 678 2266 haec
695 2246 793 2273 passus
808 2241 843 2266 ob
856 2239 1070 2274 speculationem

1134 962 1197 997 ᾅδου
1212 970 1242 988 τε
1258 961 1362 994 ζῶντας
1378 960 1579 996 καταϐήσεσθαι
1596 960 1786 996 προαγορεύει.
1806 960 1879 985 Ἀντὶ
1894 960 1922 986 δὲ

1132 1007 1180 1034 τοῦ
1190 1028 1197 1040 ,
1214 1007 1357 1041 Πονηρίαι
1373 1006 1408 1033 ἐν
1418 1006 1484 1038 ταῖς
1500 1005 1666 1039 παροικίαις
1682 1004 1780 1032 αὐτῶν
1795 1003 1829 1030 ἐν
1839 1003 1923 1038 μέσῳ

1133 1051 1246 1078 αὺτῶν’
1264 1051 1319 1077 τῶν
1344 1051 1399 1086 γὰρ
1423 1049 1494 1076 κατὰ
1513 1049 1560 1075 τοῦ
1580 1049 1705 1084 Σωτῆρος
1723 1047 1878 1083 γενομένων
1894 1049 1922 1075 αἱ

1134 1095 1279 1127 συστάσεις
1295 1095 1342 1122 καὶ
1354 1096 1382 1121 αἱ
1400 1096 1471 1120 κατὰ
1495 1093 1525 1119 τὸ
1541 1093 1607 1119 αὐτὸ
1620 1093 1722 1119 σύνοδοι
1739 1093 1857 1128 πονηραὶ
1873 1099 1922 1126 γε-

1132 1141 1228 1175 γόνασι
1239 1160 1246 1171 ,
1260 1141 1300 1166 διὸ
1314 1141 1362 1167 καὶ
1376 1141 1390 1166 ὁ
1410 1139 1526 1170 Ἀκύλας
1541 1139 1623 1174 φησίν
1634 1147 1640 1153 ·
1657 1139 1715 1165 Ὅτι
1733 1138 1874 1172 πονηρίαι
1887 1137 1923 1166 ἐν

1131 1185 1291 1220 συστροφῇ
1320 1185 1429 1212 αὐτῶν.
1467 1185 1543 1211 Ἐπεὶ
1576 1185 1664 1211 τοίνυν
1696 1184 1746 1210 οὐκ
1767 1184 1815 1209 ἐπὶ
1845 1183 1921 1219 καλῷ

1133 1231 1307 1265 συνήρχοντο,
1337 1230 1490 1265 συστροφάς
1513 1238 1544 1256 τε
1568 1230 1615 1256 καὶ
1635 1229 1777 1260 συστάσεις
1800 1229 1922 1264 πονηρὰς

1132 1276 1288 1308 ἐποιοῦντο,
1316 1275 1429 1307 εἰκότως
1457 1275 1599 1302 ἐθέσπισεν
1619 1275 1711 1302 ὁποῖον
1740 1275 1838 1306 αὐτοὺς
1861 1274 1920 1300 δια-

1132 1319 1245 1355 λήψεται
1262 1321 1346 1352 τέλος.

1172 1377 1246 1411 Ἐγὼ
1260 1377 1334 1411 πρὸς
1347 1378 1421 1404 Θεὸν
1434 1377 1590 1411 ἐκέκραξα,
1606 1377 1655 1404 καὶ
1670 1378 1686 1403 ὁ
1702 1379 1811 1411 Κιιριος
1821 1376 1920 1404 ἔσωσὲ

1128 1431 1166 1457 με
1177 1442 1184 1454 ,
1200 1422 1246 1449 καὶ
1263 1422 1297 1448 τὰ
1311 1422 1384 1457 ἑξῆς.
1404 1423 1435 1449 Et
1450 1423 1495 1449 xui.
1509 1423 1543 1449 τὰ
1559 1422 1684 1457 μάλιστα,
1702 1423 1779 1458 φησὶ,
1792 1423 1830 1458 τῷ
1842 1422 1921 1449 πνεύ-

1132 1477 1197 1504 ματι
1219 1469 1258 1503 τῷ
1275 1468 1435 1505 προφητικῷ
1448 1469 1498 1504 τὴν
1514 1469 1662 1504 μέλλουσαν
1678 1468 1840 1504 γενήσεσθαι
1857 1469 1919 1496 ἀνο-

1132 1513 1195 1548 μίαν
1212 1514 1240 1540 ὲν
1252 1515 1284 1549 τῇ
1297 1513 1475 1549 προλεχθείσῃ
1491 1513 1567 1539 πόλει
1581 1513 1762 1547 θεασάμενος,
1777 1513 1917 1549 ὲλυπήθηι

1129 1559 1158 1585 ἐν
1174 1561 1206 1595 τῇ
1230 1559 1373 1594 ἀδολεσχίᾳ
1396 1567 1445 1594 μου
1457 1579 1463 1591 ,
1482 1559 1528 1585 καὶ
1543 1558 1710 1594 ἐταράχθην·
1727 1559 1803 1593 ὅμως
1818 1558 1840 1584 δ’
1857 1553 1914 1590 οὖν,

1127 1604 1160 1630 τὰ
1177 1604 1240 1638 τέλη
1258 1603 1370 1630 συνιδὼν
1384 1603 1437 1629 τῶν
1453 1603 1621 1637 πραγμάτιον
1631 1622 1638 1634 ,
1653 1600 1682 1628 εὖ
1699 1600 1758 1634 οἷδ’,
1777 1601 1818 1628 ὅτι
1829 1620 1836 1632 ,
1854 1601 1916 1637 βοή-

1129 1657 1178 1680 σας
1195 1649 1263 1684 πρὸς
1275 1648 1320 1676 τὸν
1334 1649 1400 1675 Θεὸν
1411 1668 1418 1680 ,
1442 1648 1472 1674 οὺ
1489 1647 1741 1683 καταλειφθήσομαι
1751 1667 1759 1679 ,
1786 1648 1915 1683 τεύξομαι

1126 1695 1155 1721 δὲ
1173 1695 1307 1730 σωτηρίας
1318 1714 1325 1726 ,
1347 1694 1397 1729 τῆς
1421 1694 1468 1720 τοῦ
1484 1693 1572 1720 κοινοῦ
1592 1693 1716 1728 Μτῆρος
1731 1693 1842 1728 χάριτος
1869 1693 1916 1720 καὶ

1128 1740 1224 1776 μέχρις
1238 1740 1305 1775 ἐμοῦ
1322 1739 1528 1775 διαϐησομένης.
1546 1740 1627 1773 Λέγει
1641 1739 1669 1765 δὲ
1682 1738 1769 1765 ταῦτα
1785 1739 1799 1765 6
1815 1740 1916 1774 προφή-

1126 1794 1175 1820 της
1185 1805 1192 1813 .
1207 1785 1277 1811 κατὰ
1289 1786 1337 1820 μὲν
1353 1785 1416 1816 τοὺς
1432 1785 1645 1820 Ἐὃδομήκοντα,
1656 1784 1686 1810 τὸ
1702 1784 1796 1819 μέλλον
1807 1783 1915 1810 ἔσεσθαι

1126 1830 1164 1862 ὡς
1181 1830 1345 1866 παρῳχηκὸς
1357 1829 1515 1865 ἑρμηνεύων
1524 1838 1530 1844 ·
1548 1829 1587 1856 διὸ
1601 1829 1734 1855 λέλεκται·
1759 1828 1828 1862 Ἐγὼ
1840 1827 1915 1861 πρὸς

1126 1875 1178 1901 τὸν
1192 1875 1266 1902 Θεὸν
1278 1875 1434 1909 ἐκέκραξα,
1449 1875 1498 1901 καὶ
1511 1876 1527 1901 ό
1544 1875 1650 1908 Κύριος
1662 1874 1760 1900 ἔσωσέ
1771 1882 1810 1908 με
1819 1882 1826 1888 ·
1845 1872 1914 1900 κατὰ

1124 1920 1154 1947 δὲ
1166 1921 1229 1952 τοὺς
1240 1920 1348 1951 λοιποὺς
1361 1919 1530 1956 ἐρμηνευτὰς
1543 1940 1549 1951 ,
1567 1919 1735 1955 μελλητικῶς
1748 1919 1914 1954 προφητεύει

1125 1966 1172 1991 καὶ
1187 1965 1283 1992 ταῦτα.
1312 1965 1340 1991 Ὀ
1357 1965 1422 1998 γοῦν
1445 1965 1559 1996 Ἀκύλας
1574 1965 1654 2000 φησίν
1664 1973 1670 1979 ·
1689 1963 1763 1998 Ἐγὼ
1772 1964 1848 1997 πρὸς
1862 1963 1915 1990 τὸν

1126 2011 1200 2038 Θεὸν
1209 2012 1338 2043 καλέσω,
1346 2011 1394 2037 καὶ
1404 2011 1510 2044 Κύριος
1519 2010 1612 2037 σώσει
1619 2018 1667 2044 με’
1676 2010 1724 2036 καὶ
1730 2011 1744 2036 6
1751 2009 1896 2036 Θεοδοτίων
1905 2017 1912 2025 ·

1131 2057 1204 2092 Ἐγὼ
1212 2057 1287 2091 πρὸς
1297 2057 1350 2084 τὸν
1358 2058 1429 2084 Θεὸν
1439 2056 1617 2091 κεκράξομαι
1625 2076 1632 2087 ,
1644 2056 1692 2082 καὶ
1704 2056 1812 2089 Κύριος
1822 2055 1914 2082 σώσει

1121 2112 1168 2137 με.
1198 2103 1258 2130 Τῶν
1281 2103 1335 2139 γὰρ
1355 2103 1425 2130 κατὰ
1450 2103 1498 2129 τοῦ
1519 2102 1646 2137 Σωτῆρος
1668 2102 1913 2137 τολμηθησομένων

1123 2149 1250 2176 τοιούτων
1262 2149 1346 2175 ὄντων
1355 2170 1362 2181 ,
1375 2147 1430 2182 ἐγὼ
1443 2149 1456 2174 6
1472 2147 1602 2183 πρότερον
1612 2146 1730 2182 εἰρηκὼς
1741 2166 1748 2177 ,
1763 2147 1799 2173 ἸΙ
1807 2146 1914 2180 καρδία

1121 2203 1181 2228 μου
1193 2194 1340 2228 ἐταράχθη
1354 2194 1389 2220 ὲν
1402 2193 1478 2228 ἐμοὶ,
1493 2193 1542 2220 καὶ
1554 2192 1651 2219 δειλία
1665 2191 1795 2218 θανάτου
1807 2191 1913 2219 ἐπέπε·

1124 2248 1181 2266 σεν
1192 2240 1238 2266 ἐπ’
1247 2239 1313 2273 ἐμέο
1337 2239 1429 2273 φόϐος
1439 2238 1488 2265 καὶ
1502 2238 1610 2272 τρόμος
1619 2235 1712 2272 ἦλθεν
1724 2237 1770 2263 ἐπ’
1779 2237 1833 2271 ἐμὲ
1843 2258 1851 2270 ,
1863 2237 1912 2264 καὶ

284 2285 466 2312 revelatarum
488 2293 593 2317 rerum,
620 2285 654 2312 ad
680 2285 763 2312 Deum
790 2285 917 2313 clamavi.
940 2285 986 2312 llle
1009 2293 1072 2312 vero

1128 2284 1258 2318 ἐκάλυψέ
1265 2293 1304 2319 με
1314 2285 1439 2317 σκότος,
1452 2283 1538 2310 ταῦτα
1551 2283 1643 2311 παθὼν
1656 2283 1699 2310 διὰ
1713 2284 1762 2319 τὴν
1776 2283 1831 2310 τῶν
1846 2284 1912 2310 dm‘

284 2337 339 2356 non
362 2329 527 2365 despiciens.
545 2329 673 2364 dignatus
689 2333 732 2356 est
755 2330 811 2356 haec
830 2329 896 2356 mihi
922 2330 1071 2364 conspicua

284 2383 396 2410 ponere,
417 2380 447 2403 ut
462 2376 585 2403 tristiora
602 2377 677 2410 prius
693 2375 891 2408 declaraverat,
911 2376 951 2403 sic
967 2376 1071 2403 laetiora

281 2421 337 2455 jam
354 2421 469 2454 obtulit;
490 2429 588 2456 nempe
612 2420 766 2447 Salvatoris
782 2421 1026 2452 resurrectionem.
1044 2426 1071 2448 et

282 2467 343 2501 ejus
361 2467 432 2501 apud
449 2466 557 2493 Patrem
577 2466 702 2501 gloriam.
720 2466 811 2500 Atque
829 2466 886 2492 haec
899 2465 1005 2499 videns,
1023 2474 1068 2493 sa-

283 2511 366 2537 lutem
381 2514 478 2538 nactus
499 2518 559 2537 sum
573 2519 579 2537 :
593 2518 679 2545 quare
692 2511 763 2541 dico.
781 2509 836 2545 Ego
852 2511 886 2536 ad
910 2510 994 2537 Deum
1010 2511 1068 2537 cla-

283 2556 362 2587 mori,
377 2560 401 2582 et
418 2555 543 2583 Dominus
555 2556 666 2583 salvat-it
679 2564 728 2583 me.
742 2555 866 2583 Salutem
879 2564 943 2583 vero
958 2561 1067 2589 nactus,

280 2601 401 2630 nondum
428 2605 517 2629 tamen
545 2603 668 2638 quiesco,
698 2610 784 2636 neque
810 2610 919 2629 cessare
938 2610 1066 2637 possum;

280 2648 327 2676 sed
346 2647 464 2682 praedico
475 2648 655 2682 omnibusque
671 2647 829 2674 hominibus
840 2648 983 2680 annuntio,
1000 2656 1065 2674 nar-

279 2702 344 2721 rans
366 2693 482 2729 singulis
507 2693 604 2720 diebus
622 2697 648 2720 et
663 2693 749 2724 horis,
770 2697 853 2727 atque
868 2694 996 2721 omnibus
1023 2702 1065 2720 rc-

278 2740 408 2767 nuntians
430 2738 566 2766 mirabilia
585 2743 612 2765 et
630 2739 774 2773 stupenda,
790 2746 850 2773 quae
874 2739 901 2766 in
927 2744 1023 2766 sancto
1038 2743 1065 2766 et

278 2785 437 2821 prophetico
453 2784 553 2820 spiritu
568 2785 767 2818 contemplatus
790 2792 862 2812 sum.
877 2784 1062 2817 Quamobrem

315 2863 322 2878 '
344 2861 420 2889 Joau.
440 2869 465 2893 ι,
485 2861 511 2894 5,
525 2861 551 2888 4.
591 2861 600 2876 ¹
620 2859 699 2887 Num.
716 2867 796 2893 xxvx,
814 2861 853 2896 9.}

1123 2330 1312 2365 καλυφθέντων
1331 2338 1374 2365 μοι
1391 2329 1454 2356 θέαν
1467 2349 1474 2362 ,
1489 2329 1558 2365 πρὸς
1573 2329 1618 2355 τὸν
1629 2329 1695 2355 Θεδν
1714 2328 1860 2365 ἐκέκραξα.
1883 2329 1910 2354 ὐ

1122 2376 1160 2407 δὲ,
1180 2376 1217 2411 μὴ
1230 2376 1351 2412 παριδών
1369 2385 1412 2411 με,
1430 2375 1581 2411 κατηξίωσε
1592 2375 1698 2411 φανερά
1716 2383 1761 2410 μοι
1775 2374 1910 2408 καταστῆ-

1123 2431 1184 2454 σαι,
1195 2421 1290 2457 ὥσπερ
1299 2422 1334 2448 τὰ
1346 2421 1495 2457 σκυθρωπὰ
1508 2421 1639 2456 πρότερον
1652 2420 1755 2447 ἐδείκνυ
1766 2440 1773 2452 ,
1783 2420 1855 2446 οὕτω
1865 2420 1909 2446 καὶ

1121 2468 1156 2493 τὰ
1172 2468 1334 2503 ςαιδρότερα
1346 2476 1352 2482 ·
1371 2467 1441 2501 λέγω
1455 2467 1484 2493 δὲ
1499 2467 1546 2493 καὶ
1563 2466 1612 2502 τὴν
1628 2466 1776 2492 ἀνάστασιν
1790 2465 1838 2492 τοῦ
1853 2466 1908 2491 Σω-

1121 2513 1202 2548 τῆρος
1218 2513 1265 2539 καὶ
1283 2513 1331 2549 τὴν
1347 2512 1422 2548 παρὰ
1437 2512 1476 2546 τῷ
1493 2511 1580 2546 Πατρὶ
1593 2511 1681 2544 δόξαν.
1710 2510 1765 2537 Καὶ
1780 2510 1866 2538 ταῦτα
1881 2510 1908 2536 δὲ

1124 2556 1185 2584 ἰδὼν
1195 2577 1202 2589 ,
1218 2557 1321 2592 ἐσώθην
1333 2565 1338 2570 λ
1353 2557 1393 2583 διό
1408 2564 1478 2591 φημι
1488 2563 1495 2571 θ
1519 2555 1592 2590 Ἐγὼ
1606 2556 1680 2589 πρὸς
1693 2555 1746 2582 τὸν
1761 2555 1837 2582 Θεὸν
1847 2555 1908 2582 ἐκέ-

1122 2602 1226 2636 κραξιι,
1242 2603 1291 2630 καὶ
1301 2603 1408 2636 Κύριος
1419 2601 1517 2628 ἔσωσέ
1527 2610 1575 2635 με.
1585 2600 1684 2632 meo;
1697 2600 1726 2627 δὲ
1738 2601 1830 2627 οὐκέτι
1843 2602 1906 2635 ἡρε-

1121 2648 1163 2683 μῶ
1176 2669 1183 2681 ,
1201 2648 1260 2676 οὐδὲ
1274 2648 1387 2683 ἡσυχίαν
1398 2648 1473 2681 ἄγειν
1487 2647 1604 2682 δύναμαι
1613 2655 1620 2661 ·
1645 2646 1714 2673 ἀλλὰ
1724 2646 1852 2681 κηρύττω
1863 2645 1906 2672 καὶ

1119 2694 1222 2725 πάντας
1235 2693 1395 2729 ἀνθρώπους
1416 2692 1644 2727 εὐαγγελίζομαι,
1668 2690 1846 2726 διηγούμενος
1864 2692 1905 2724 ἐφ’

1119 2740 1237 2774 ἑκάστης
1252 2739 1357 2774 ἡμέρας
1374 2738 1422 2765 καὶ
1435 2738 1508 2774 ὥρας
1520 2758 1528 2770 ,
1546 2737 1724 2772 ἀπαγγέλλων
1740 2745 1769 2763 τε
1786 2738 1826 2769 είς
1840 2737 1904 2763 τεάν⁸

1118 2793 1167 2816 τας
1182 2785 1252 2819 ἅπερ
1269 2785 1298 2811 ἐν
1315 2785 1384 2820 ἁγίῳ
1399 2780 1533 2820 πνεύματι
1547 2783 1586 2819 τῷ
1600 2783 1761 2819 προφητικῷ
1774 2782 1902 2818 τεθέαμαι
