2064 3212
153 187 208 216 485

717 177 969 211 ΓΟΜΜΕΝΤΔΙΗΑ
989 177 1021 204 ΙΝ
1035 179 1206 207 PSALMOS.

1255 166 1273 199 ’ν
1287 167 1307 197 η
1722 183 1775 211 486

154 250 301 286 θαυμαστὰ
316 249 363 276 καὶ
375 246 523 283 παράδοξα.
550 246 595 272 Διό
611 254 695 280 φημι·
726 245 870 277 Ἑσπέρας
888 242 936 269 καὶ

1000 241 1052 267 lico
1065 250 1071 267 :
1087 241 1195 275 Vespere
1209 246 1233 268 et
1248 249 1323 268 mane
1337 246 1361 269 et
1374 242 1489 274 meridie,
1505 243 1621 270 narrabo
1635 248 1660 270 et
1672 253 1777 271 annun-

155 297 229 331 πρωὶ
246 295 297 332 καὶ
310 294 495 330 μεσημϐρίας
509 292 689 327 διηγήσομαι
707 291 755 318 καὶ
771 289 940 324 ἀπαγγελῶ.

162 344 245 379 Ἑμοῦ
259 342 287 370 δὲ
302 341 386 369 ταῦτα
401 339 514 375 βοῶντος
529 340 568 370 είς
580 339 682 369 πάντας
696 337 768 370 ἐξότε
783 337 830 364 καὶ
847 336 942 371 μέχρις

156 389 276 423 ἑσπέρας
287 408 295 416 .
312 388 341 414 ὲν
362 388 435 423 αὐτῷ
454 396 484 413 τε
500 385 539 420 τῷ
557 384 732 419 ἀκμαιοτάτῳ
747 383 816 416 φωτὶ
831 382 880 417 τῆς
900 390 943 416 μει-

157 433 311 468 σημϐρινῆς
338 432 445 467 ἡμέρας
460 430 494 457 τὰ
521 430 642 464 σωτήρια
666 428 731 462 τέλη
747 426 924 462 κηρύττοντος
934 445 941 457 ,

157 478 365 505 εἰσακούσεται
375 477 430 511 τῆς
442 476 544 510 φωνῆς
553 483 612 509 μου
621 475 636 500 ὁ
647 474 748 508 ταύτης
758 473 808 506 τῆς
818 471 944 506 γνώσεως

157 523 341 555 καταξιώσας·
352 521 398 548 καὶ
409 521 498 547 οὐκέτι
513 520 561 555 μὲν
568 518 747 553 ταράττεσθαι
758 518 786 544 ὲν
798 517 858 551 ἐμοὶ
869 516 943 542 ὲάσει

157 568 206 602 τὴν
221 566 335 602 καρδίαν
353 575 403 601 μου
414 585 421 596 ,
443 565 503 591 οὐδὲ
519 564 567 599 τὴν
581 563 679 590 δειλίαν
693 562 739 588 τοῦ
756 561 869 588 θανάτου
884 561 944 586 ἔπι⁸

157 613 265 641 κεῖσθαί
282 621 336 648 μοι.
352 611 443 638 Ταῦτα
452 611 479 637 δὲ
488 611 575 637 πάντα
585 607 752 644 παραγαγὼν
764 628 770 639 ,
781 608 827 633 καὶ
837 607 945 633 διασκε-

157 661 241 690 eam;
252 659 302 692 τῆς
320 658 388 693 ἐμῆς
408 657 512 691 ψυχῆς,
529 655 694 690 λυτρὼσεται
708 654 791 688 αὐτὴν
805 654 833 678 ὲν
849 653 944 688 εἰρήνῃ

157 707 211 733 ἀπὸ
220 706 274 731 τῶν
284 704 406 740 θορυϐεῖν
415 703 499 738 αὐτὴν
508 702 660 728 ἐθελόντων.
673 700 719 726 Διό
735 707 814 734 φημι·
830 697 945 731 Λυτρὼ-

157 759 241 778 σεται
254 750 312 784 τὴν
321 748 426 783 ψυχήν
437 757 496 782 μου
510 747 543 773 ἐν
557 747 659 780 εἰρήνῃ
674 745 732 772 ἀπὸ
747 744 806 770 τῶν
819 743 945 778 ἐγγιζιὶνι

158 805 217 823 των
231 804 281 831 μοι
291 804 298 810 ·
315 795 358 821 ὅτι
371 794 406 820 ἐν
429 791 555 825 πολλοῖς
569 790 650 826 ἦσαν
672 790 732 817 σὺν
747 789 811 823 ἐμοί
820 797 827 804 ·
843 787 900 814 ἀνθ’
915 785 945 814 οὗ

159 842 288 874 ἐξέδωκεν
294 842 308 867 ὁ
315 839 461 874 Σύμμαχος
470 847 476 853 ·
488 836 655 864 Πολλοστοὶ
663 835 717 870 γὰρ
725 834 862 869 ἐγένοντο
872 832 946 866 πρὸς

159 888 219 922 ἐμέ.
251 888 283 913 Ol
297 886 350 920 γὰρ
375 885 509 918 θορυϐεῖν
526 881 680 914 ἐθέλοντές
692 890 751 915 μου
765 879 823 913 τὴν
841 878 946 913 ψυχήν

156 942 216 967 μου
229 930 354 965 ,ϐραχεῖς
376 938 455 961 τινες
471 927 567 963 ἦσαν,
585 927 637 959 οὓς
654 929 670 953 ό
685 927 757 959 Θεὸς
772 928 788 952 ὀ
803 925 860 958 πρὸ
885 924 944 950 τῶν

158 978 274 1004 abbr-air
287 975 430 1009 ὑπάρχων
445 973 618 1000 ταπεινώσει
630 992 638 1004 ,
655 971 710 1006 τῆς
724 970 799 1006 ἐμῆς
813 969 943 1004 κραυγῆς

159 1023 343 1054 ἐπακούσας.

194 1067 287 1094 Ταῦτα
304 1066 353 1101 μὲν
366 1064 412 1092 οὖν
428 1065 465 1097 ὼς
481 1064 528 1091 τοῦ
544 1064 684 1099 Προφήτου
701 1061 731 1094 ἐξ
746 1062 845 1088 οἰκείου
862 1069 946 1095 προσ-

160 1114 234 1140 ώπου
250 1113 299 1144 τὰς
317 1112 498 1148 προκειμένας
516 1109 606 1144 φωνὰς
620 1106 862 1143 προενηνεγμένου.
877 1106 908 1132 Εἰ
919 1106 947 1132 δὲ

160 1159 190 1192 ἐξ
205 1158 288 1185 αὐτοῦ
301 1158 348 1184 τοῦ
362 1157 487 1191 Σωτῆρος
499 1155 584 1182 ταῦτα
600 1154 704 1187 λέγοιτο
720 1153 763 1178 διὰ
779 1152 825 1178 τοῦ
841 1160 947 1186 προφη-

159 1203 237 1230 τιιιυῦ
251 1202 414 1236 πνεύματος.
430 1199 578 1234 ἐπειδήπερ
595 1197 623 1230 ἐξ
639 1196 721 1224 αὐτοῦ
737 1196 844 1229 ἐλέγετο
858 1195 898 1226 τὸ,
915 1196 949 1221 Et

159 1248 268 1283 ἐχθρὸς
289 1245 425 1273 ὠνείδισέ
437 1254 475 1280 με
487 1265 495 1277 ,
511 1243 667 1277 ὑπήνεγκα
683 1243 720 1268 ἂν
732 1262 739 1273 ,
763 1241 810 1268 καὶ
826 1241 860 1267 τὰ
875 1240 947 1274 ἑξῆς,

160 1294 315 1323 ἀκολούθως
330 1292 378 1318 καὶ
396 1291 482 1317 ταῦτα
503 1290 613 1324 φήσειεν
637 1287 669 1314 ἂν
690 1287 704 1311 ὁ
720 1286 829 1320 Σωτήρ·
860 1285 920 1310 Ὅτι
934 1285 948 1309 ό

163 1340 211 1375 μὲν
224 1339 274 1365 οὑκ
286 1337 381 1373 ὲχθρδς
391 1356 398 1368 ,
415 1335 483 1362 ἀλλὰ
498 1334 573 1369 φίλος
583 1342 590 1349 ·
607 1333 654 1360 καὶ
666 1332 714 1366 οὐχ
729 1332 743 1357 ὁ
761 1330 847 1366 μισῶν
859 1348 866 1360 ,
891 1328 948 1355 ἀλλ’

160 1387 175 1411 ὁ
193 1383 283 1419 μικρῷ
299 1381 416 1418 πρόσθεν
435 1380 563 1414 ἀγαπῶν,
577 1377 690 1404 τοιαῦτα
703 1376 761 1403 κατ’
777 1374 842 1410 ἐμοῦ
859 1374 949 1400 τετόλ-

164 1438 261 1466 μηκεν.
295 1427 366 1463 Ἐγὼ
387 1427 414 1453 δὲ
432 1427 511 1453 πλέον
533 1424 608 1450 οὐδὲν
625 1424 757 1458 ἔπραττον
768 1443 775 1455 ,
794 1421 850 1447 ἀλλ’
865 1419 949 1446 ἐϐόων

163 1475 231 1511 πρὸς
248 1475 293 1500 τὸν
307 1473 387 1499 Θεὸν·
403 1470 474 1507 εἶχόν
491 1479 520 1497 τε
535 1470 616 1496 αὐτὴν
629 1467 673 1494 οἶα
694 1467 804 1502 Πατέρα
818 1466 946 1500 ἐπήκοον.

169 1509 248 1546 uim
262 1519 310 1545 καὶ
324 1519 347 1544 ot
362 1518 410 1552 μὲν
423 1515 598 1542 ἐπεϐούλευον
609 1513 681 1548 ἐμοὶ,
691 1515 704 1538 ὁ
717 1511 745 1538 δὲ
757 1510 840 1542 ἔσωζέ
855 1517 898 1543 με’
910 1509 949 1535 διὸ

162 1566 193 1592 οὺ
208 1564 348 1598 παύσομαι
364 1561 483 1596 ἑσπέρας
497 1559 543 1586 καὶ
559 1559 631 1594 πρωὶ
651 1557 697 1583 καὶ
714 1554 885 1591 μεσημϐρίας
901 1553 950 1584 τὰς
963 1570 985 1598 c

162 1611 209 1637 τοῦ
221 1609 327 1644 Πατρὸς
337 1607 437 1643 ἀρετὰς
451 1605 626 1640 διηγούμενος
641 1603 679 1634 εἰς
696 1602 812 1632 πάντας,
829 1601 949 1626 εἰσακου-

164 1656 225 1682 στόν
249 1663 279 1680 τε
308 1654 390 1680 πᾶσιν
414 1651 566 1686 ἀνθρώποις
590 1648 730 1684 κηρύττων
760 1647 790 1672 τὸ
818 1646 948 1680 σωτήριον

164 1700 342 1734 Εὑαγγέλιον·
360 1699 406 1725 καὶ
422 1697 523 1731 ταύτης
541 1704 591 1730 μου
607 1695 654 1729 τῆς
668 1693 758 1728 φωνῆς
769 1691 922 1722 ἐπακούσας
935 1691 949 1716 ὁ

164 1746 258 1780 Πατὴρ
268 1766 275 1777 ,
290 1743 472 1777 ,λυτρώσεται
483 1742 518 1767 ἐν
526 1739 629 1774 εἰρήνῃ
641 1738 697 1772 τὴν
707 1736 812 1771 ψυχήν
819 1744 878 1770 μου
890 1734 949 1761 ἀπὸ

164 1791 223 1818 τῶν
233 1790 406 1825 ἐγγιζόντων
415 1796 476 1822 μοι,
495 1785 633 1812 τουτέστιν
644 1783 698 1810 ἀπὸ
709 1782 762 1808 τῶν
774 1780 887 1815 ἐγγύθεν
902 1779 950 1806 καὶ

164 1839 193 1865 οὺ
201 1835 342 1872 πόρρωθέν
354 1843 387 1869 με
406 1832 593 1867 πολεμούντων
602 1838 609 1844 ·
618 1829 713 1860 οἵτινες
719 1826 786 1863 ἦσαν
795 1825 933 1853 πολλοστοί
941 1832 948 1840 ·

164 1885 211 1916 οὓς
234 1884 281 1910 καὶ
304 1880 465 1908 ταπεινώσει
480 1880 494 1905 ὁ
511 1876 694 1913 προῦπάρχων
709 1875 762 1910 πρὸ
775 1874 828 1900 τῶν
845 1873 950 1900 αἰώνων

165 1930 241 1961 Θεὸς.
257 1928 323 1955 Οὐδὲ
335 1927 389 1962 γὰρ
403 1927 420 1961 ἡ
432 1925 500 1960 πρὸς
511 1924 599 1957 ὀλίγον
609 1922 699 1952 αὐτοῖς
714 1920 844 1954 γενομένη
857 1919 950 1944 εὐκαι-

167 1978 212 2014 ρία
222 1997 229 2009 ,
256 1975 315 2002 καθ’
330 1975 364 2010 ἦν
391 1971 616 2008 ἑμεγαλαύχησαν
629 1989 636 2000 ,
662 1968 708 1995 καὶ
725 1967 885 2002 ἐπλήρωσαν
901 1965 950 2000 τὴν

166 2011 270 2050 ἑαυτῶν
298 2022 374 2048 πόλιν
393 2019 506 2055 ἀνομίας
531 2017 578 2043 καὶ
602 2014 771 2048 ἀντιλογίας,
800 2011 951 2047 παραμενεῖ

166 2070 259 2099 αὐτοῖς
268 2077 275 2084 ⁸
295 2068 356 2094 ὅσον
371 2066 398 2093 δὲ
411 2065 487 2091 οὖπω
501 2061 763 2096 ταπεινωθήσονται,
781 2058 830 2093 τῆς
842 2058 874 2083 ὲκ
884 2055 950 2081 Θεοῦ

166 2115 253 2151 ὀργῆς
269 2111 498 2148 μετελευσομένης
517 2108 614 2139 αὐτοὺς
627 2106 674 2132 καὶ
689 2105 738 2140 τὴν
751 2103 825 2130 πόλιν
846 2102 950 2133 αὐτῶν,

165 2147 211 2192 1b;-
219 2147 322 2186 καὶτὸν
335 2159 363 2184 ὲν
378 2157 446 2191 αὐτῇ
469 2154 609 2188 διαϐόητον
623 2151 688 2178 νεὼν
711 2148 890 2184 ἀφανισθῆναι
906 2147 952 2173 καὶ

167 2208 256 2234 πᾶσαν
274 2205 321 2239 τὴν
340 2205 369 2230 ὲν
389 2201 462 2236 αὑτῷ
477 2198 687 2233 ἐπιτελουμένην
701 2195 826 2230 λατρείαν
841 2192 953 2220 καταλυ-

168 2253 256 2288 θῆναι.
271 2237 362 2280 Ούτως
379 2246 435 2278 οὖν,
450 2247 499 2282 τῆς
518 2245 585 2280 ὲμῆς
602 2241 757 2271 ἐπακούσας
770 2241 784 2265 ὁ
796 2239 861 2270 Θεὸς
877 2237 952 2272 βοῆς,

167 2295 328 2325 ταπεινώσει
341 2292 446 2323 αὐτούς.

206 2342 248 2368 Οὐ
273 2339 328 2374 γάρ
353 2339 439 2364 ἐστιν
459 2333 560 2366 αὐτοῖς
581 2329 787 2363 ἀιντὰλλαηια,
820 2326 869 2353 καὶ
898 2326 954 2352 οὐκ

169 2372 363 2424 ἐφοϐήάησιιν
388 2384 440 2411 τόν
460 2382 544 2412 Θεὸν,
562 2379 609 2406 καλ¹
632 2378 665 2404 τὰ
689 2376 761 2411 ἑξῆς.
785 2372 954 2424 Ταπεινὼσει

168 2417 231 2466 τοὺς
247 2417 442 2469 προλεχθὼτας
465 2427 572 2457 ἀσεϐεῖς
589 2426 602 2451 ὁ
619 2421 803 2459 προῦπάρχων
826 2419 879 2454 πρὸ
900 2417 954 2444 τῶν

170 2479 274 2507 αἰώνων
291 2477 372 2507 Θεός·
399 2473 503 2501 ἔσονταί
521 2480 551 2498 τε
575 2469 698 2496 ταπεινοὶ
720 2467 765 2493 καὶ
784 2464 954 2500 διαμενοῦσιν

171 2525 217 2552 ἐπὶ
237 2525 366 2559 μήκιστον
376 2520 491 2547 τοιοῦτοι
503 2527 510 2533 ·
525 2516 584 2543 ἐπεὶ
599 2514 691 2550 μηδεὶς
704 2512 779 2538 ἔσται
793 2512 807 2537 ὸ
823 2510 892 2544 ὑπὲρ
906 2508 953 2559 ab:

170 2571 225 2598 τῶν
236 2553 322 2601 bene;
337 2566 522 2599 ἀντάλλαγμα.
542 2560 632 2593 Ἂπαξ
646 2560 701 2594 γὰρ
715 2558 729 2583 ὁ
746 2557 809 2588 Υἱὸς
827 2555 874 2582 τοῦ
886 2553 954 2581 Θεοῦ

170 2616 267 2651 λύτρον
279 2613 374 2641 ἑαυτὸν
384 2612 468 2643 διδοὺς
480 2610 526 2636 καὶ
536 2607 711 2640 ἀντάλλαγμα
724 2603 794 2638 ὑπὲρ
805 2602 858 2628 τῶν
869 2601 956 2651 αμαρ-

170 2647 274 2692 τωλῶν,
285 2659 349 2690 τοὺς
363 2659 412 2693 μὲν
426 2657 464 2689 είς
476 2655 556 2682 αὑτὸν
570 2649 783 2680 πεπιστευκότας
795 2647 954 2683 ὲξηγόρασε,

171 2707 280 2733 πάντων
293 2713 323 2730 τε.
334 2691 431 2733 αὖτοὺς
442 2700 496 2729 τῶν
511 2698 651 2735 προτέρων
664 2693 870 2730 ἁμαρτημάτων
884 2691 957 2726 ἠλευ-

172 2751 308 2786 θέρωσεν·
326 2749 388 2779 τοὺς
406 2747 435 2773 δὲ
452 2746 527 2772 εἴασε
543 2742 698 2773 ταπεινοὺς,
726 2739 788 2765 ἐπεὶ
812 2738 848 2772 μὴ
870 2744 955 2771 προσ-

171 2781 272 2834 ήκαντο
295 2795 346 2830 τὴν
361 2793 430 2828 ὑπὲρ
454 2790 542 2818 αὐτῶν
558 2789 678 2823 δοθεῖσαν
697 2785 788 2820 τιμὴν,
807 2781 956 2834 μηξὲιὲτιί-

175 2826 290 2869 στευσαν
310 2840 350 2870 εἰς
371 2838 401 2865 τὸ
420 2837 508 2872 τίμιον
525 2833 594 2869 αἷμα
613 2832 659 2859 τοῦ
683 2831 790 2857 πάντων
806 2826 956 2863 ἀνθρώπων

173 2885 320 2920 Λυτρωτοῦ
335 2884 380 2911 καὶ
397 2871 530 2916 Σωτῆρος.
549 2880 592 2906 Διό
613 2885 678 2912 φησι
696 2876 759 2909 περὶ
781 2873 870 2901 αὐτῶν
883 2871 955 2898 ὁλό-

992 284 1074 311 tiabo.
1098 284 1139 312 Me
1163 290 1253 312 autem
1277 286 1341 313 talia
1366 287 1493 314 omnibus
1513 288 1648 315 clamante
1668 296 1701 315 ex
1725 289 1776 315 hac

993 328 1058 354 hora
1075 336 1161 363 usque
1181 329 1214 355 ad
1231 337 1383 364 vesperam,
1404 335 1485 364 atque
1502 331 1529 357 in
1553 332 1775 366 splendidissima

992 372 1055 400 luce
1081 377 1107 399 et
1135 373 1162 399 in
1187 374 1300 401 meridie
1319 374 1465 401 salutarem
1491 374 1570 402 linem
1598 377 1773 410 praedicante.

991 417 1114 445 exaudiet
1134 427 1219 445 vocem
1235 427 1330 451 meam,
1352 420 1399 454 qui
1415 420 1462 446 tali
1477 428 1519 447 me
1534 421 1630 448 notitia
1645 422 1774 457 dignatus

993 467 1154 498 est-neque
1180 464 1251 492 sinet
1268 465 1338 491 ultra
1353 465 1457 492 turbari
1482 465 1509 492 in
1535 473 1577 492 me
1603 474 1650 493 cor
1673 475 1773 499 meum,

993 516 1082 543 neque
1109 509 1280 536 formidinem
1301 511 1397 537 mortis
1418 510 1520 538 instare
1536 512 1611 540 mihi.
1633 511 1681 539 His
1694 519 1778 547 porro

993 553 1121 580 omnibus
1135 553 1260 580 abductis
1268 558 1295 581 et
1305 554 1445 589 dissipatis
1463 563 1497 582 ex
1515 556 1606 583 anima
1619 564 1688 587 mea,
1702 558 1776 585 redi-

994 601 1048 624 met
1064 605 1123 625 eam
1144 598 1171 624 in
1193 605 1259 632 pace
1291 598 1326 625 ab
1344 599 1377 626 iis
1399 600 1445 634 qui
1467 607 1526 627 eam
1549 602 1711 629 conturbare
1733 610 1779 629 vo-

996 643 1103 671 luerint.
1121 643 1211 676 Quare
1222 644 1284 671 dico
1297 654 1302 671 :
1318 644 1433 672 Redimet
1450 646 1476 672 in
1487 654 1550 680 pace
1564 648 1680 674 animant
1694 656 1777 674 meam

995 687 1027 714 ab
1043 688 1087 719 iis,
1106 688 1151 722 qui
1173 689 1384 723 appropinquant
1397 689 1478 721 mihi;
1493 692 1616 724 quoniam
1632 691 1699 717 inter
1709 692 1777 717 null-

996 737 1035 759 tos
1050 738 1126 759 erant
1138 733 1304 760 mecum.Pro
1316 742 1370 768 quo
1386 734 1566 769 Symmachus
1580 736 1665 762 edidit
1678 743 1684 761 :
1698 736 1778 763 Mulli

995 777 1064 803 enim
1088 778 1244 804 accedebant
1262 778 1296 805 ad
1315 786 1364 806 me.
1381 778 1452 805 Nam
1472 780 1516 814 qui
1533 780 1639 807 turbare
1659 781 1777 808 volebant

996 823 1113 848 animum
1139 831 1233 853 meam.
1256 824 1357 850 minimi
1373 824 1480 858 quidam
1504 830 1590 857 erant,
1611 834 1674 860 quos
1694 825 1776 858 Deus,

996 869 1040 903 qui
1066 874 1127 895 ante
1147 869 1244 896 iacula
1268 874 1318 901 est,
1342 869 1501 902 humiliabil,
1524 871 1666 898 clamorem
1692 879 1778 899 meum

971 913 982 928 ’⁵
995 913 1149 940 exaudiens.

1033 1055 1095 1082 Ilaec
1112 1055 1204 1089 itaque
1223 1056 1302 1091 quasi
1319 1063 1334 1082 a
1351 1055 1485 1089 Propheta
1505 1056 1576 1084 dicta
1597 1057 1708 1090 fuerint,
1729 1066 1778 1086 ceu

998 1107 1029 1126 ex
1057 1100 1166 1134 propria
1189 1107 1304 1133 persona
1329 1107 1411 1127 voces
1435 1101 1587 1135 propositas
1614 1102 1778 1136 proferente.

999 1143 1076 1176 Quod
1096 1145 1118 1171 si
1135 1144 1169 1171 ab
1185 1144 1245 1179 ipso
1267 1143 1409 1172 Salvatore
1424 1152 1472 1179 per
1488 1145 1675 1180 propheticum
1698 1146 1781 1180 spiri-

1000 1195 1056 1217 tum
1074 1190 1130 1216 haec
1142 1190 1215 1216 dicta
1231 1189 1348 1220 iuerint;
1366 1190 1498 1224 siquidem
1517 1198 1549 1217 ex
1565 1191 1651 1225 ipsius
1665 1199 1780 1226 persona

1000 1235 1142 1261 dicebatur
1157 1235 1233 1266 illud,
1247 1234 1277 1261 Si
1295 1235 1417 1262 inimicus
1436 1235 1615 1263 maledixixset
1630 1237 1705 1270 mihi,
1723 1245 1782 1264 sus-

1001 1280 1136 1306 tinuissent
1163 1281 1262 1314 utique,
1294 1284 1321 1308 et
1345 1285 1458 1314 caetera;
1492 1288 1692 1316 consequenter
1716 1290 1783 1310 sane

1001 1324 1058 1352 haec
1076 1324 1201 1352 Salvator
1217 1326 1317 1353 dixerit
1333 1335 1340 1353 :
1354 1326 1487 1359 Quoniam
1504 1334 1558 1354 non
1575 1327 1714 1359 inimicus,
1732 1327 1782 1355 sed

1001 1371 1121 1403 amicus;
1139 1378 1192 1397 non
1209 1371 1254 1405 qui
1272 1371 1334 1398 odio
1355 1371 1477 1398 haberet.
1495 1372 1541 1399 sed
1559 1372 1605 1402 qui
1620 1371 1701 1405 paulo
1720 1376 1783 1399 ante

1001 1415 1136 1450 diligeret,
1153 1416 1217 1442 talia
1231 1422 1325 1443 contra
1344 1424 1386 1444 me
1399 1425 1484 1444 ausus
1499 1421 1550 1444 est.
1567 1416 1621 1452 Ego
1635 1421 1726 1443 autem
1739 1417 1784 1444 ni-

1000 1460 1038 1486 hil
1059 1461 1119 1494 plus
1142 1461 1263 1495 agebam,
1279 1468 1359 1494 quam
1374 1461 1445 1495 quod
1468 1461 1616 1487 clamabam
1632 1460 1666 1487 ad
1683 1459 1783 1493 Deum;

1000 1511 1118 1539 emuque
1138 1509 1231 1539 utpote
1249 1504 1366 1535 Patrem,
1389 1505 1535 1538 propitium
1562 1504 1704 1530 habebam.
1731 1503 1784 1530 Sed

1001 1550 1039 1576 illi
1063 1550 1172 1584 quidem
1197 1549 1397 1576 insidiabantur
1422 1549 1503 1582 mihi;
1527 1549 1572 1576 hic
1585 1556 1652 1576 vero
1677 1549 1784 1576 salvum

1003 1595 1118 1622 faciebat
1136 1603 1178 1621 me
1196 1604 1202 1621 :
1216 1602 1300 1629 quare
1316 1602 1439 1628 vespere,
1456 1601 1536 1620 mane
1550 1597 1578 1620 et
1600 1592 1712 1619 meridie
1730 1601 1785 1620 non

1003 1641 1083 1667 ﬁnem
1108 1640 1205 1666 iaciam
1231 1639 1320 1666 Patris
1341 1639 1456 1665 virtutes
1481 1637 1625 1665 euarrandi
1640 1637 1784 1670 omnibus;

1003 1690 1084 1721 atque
1104 1686 1224 1713 salutare
1244 1685 1419 1719 Evangelium
1443 1683 1477 1710 ad
1499 1691 1580 1710 aures
1595 1684 1784 1710 universorum

1001 1732 1143 1759 hominum
1167 1730 1330 1766 pmdieandi
1353 1739 1359 1756 :
1379 1736 1494 1763 eamque
1518 1736 1612 1755 vocem
1637 1728 1786 1755 exaudiens

1002 1779 1094 1811 Pater,
1119 1777 1226 1804 redimet
1242 1777 1268 1803 iu
1293 1784 1356 1810 pace
1378 1775 1495 1801 animam
1521 1782 1606 1800 meam
1629 1774 1660 1800 ab
1681 1775 1723 1805 iis,
1741 1774 1785 1808 qui

1003 1825 1212 1859 appropinquant
1228 1823 1303 1855 mihi,
1319 1822 1344 1848 id
1363 1825 1404 1848 est
1422 1821 1457 1847 ab
1474 1820 1507 1847 iis
1522 1820 1567 1854 qui
1586 1820 1785 1854 proxime,non

1003 1870 1110 1905 procul.
1131 1870 1291 1903 impugnant
1313 1873 1374 1899 me;
1391 1865 1466 1892 multi
1488 1872 1554 1892 sane
1573 1871 1698 1896 numero,
1715 1871 1785 1898 quos

1004 1914 1158 1942 humiliabit
1178 1913 1223 1948 qui
1240 1916 1282 1939 est
1303 1915 1367 1938 ante
1382 1910 1481 1938 saecula
1505 1909 1585 1937 Deus.
1603 1908 1696 1943 Neque
1711 1916 1785 1936 enm]

1004 1960 1049 1986 illa
1061 1959 1094 1985 ad
1108 1959 1306 1990 brevetempus
1321 1955 1389 1990 ipsis
1402 1955 1464 1981 data
1475 1952 1676 1988 opportunitas,
1692 1953 1719 1979 in
1732 1960 1785 1986 qua

1004 2004 1110 2039 gloriati
1127 2007 1201 2032 sunt.
1221 2005 1248 2028 et
1260 2001 1395 2027 civitatem
1415 2006 1492 2026 suam
1513 1998 1657 2032 iniquitate
1673 2002 1699 2024 et
1718 2004 1785 2024 eon-

1004 2050 1165 2078 tradictione
1176 2048 1358 2082 repleverunt,
1371 2045 1417 2073 diu
1431 2044 1614 2080 permanebit;
1628 2043 1675 2071 sed
1688 2051 1787 2078 prope.

1005 2097 1076 2124 diem
1090 2094 1315 2123 humiliabuntur,
1334 2092 1374 2118 ira
1391 2091 1439 2117 Dei
1455 2090 1530 2124 ipsos
1545 2093 1571 2116 et
1586 2089 1724 2116 civitatem
1739 2097 1787 2117 eo-

1005 2151 1065 2169 rum
1080 2140 1234 2170 invadeute,
1251 2139 1286 2164 ita
1306 2141 1336 2164 ut
1351 2136 1481 2171 templum
1498 2135 1564 2163 illud
1585 2135 1691 2170 insigne
1711 2135 1737 2161 in
1756 2142 1786 2160 ea

1005 2186 1123 2222 positum
1138 2185 1273 2214 diruatur,
1294 2187 1320 2209 et
1332 2182 1422 2209 cultus
1442 2181 1540 2208 ibidem
1557 2180 1672 2215 persolvi
1689 2179 1787 2206 solitus

969 2239 992 2268 ι)
1005 2231 1038 2257 de
1063 2230 1152 2257 medio
1170 2229 1290 2255 tollatur.
1308 2226 1353 2254 Sic
1370 2227 1463 2261 itaque
1484 2225 1559 2257 ,Deus
1579 2232 1622 2252 me
1638 2224 1787 2251 exaudiens

1005 2274 1158 2302 humiliabit
1172 2281 1229 2300 eos.

1041 2319 1123 2346 Vens.
1140 2319 1184 2349 2|.
1198 2317 1243 2344 22.
1263 2316 1325 2343 Non
1344 2316 1412 2342 enim
1427 2319 1464 2342 est
1481 2314 1535 2341 illis
1551 2313 1721 2340 commutatio
1732 2332 1738 2342 ,
1762 2316 1787 2338 et

1004 2374 1057 2393 non
1071 2366 1212 2391 timuerunt
1242 2363 1333 2393 Deum,
1349 2365 1375 2388 et
1390 2360 1497 2387 caetera.
1513 2359 1674 2386 Memoralos
1689 2358 1787 2392 impios

1005 2409 1159 2439 humiliabit
1172 2409 1218 2444 qui
1233 2411 1275 2435 est
1296 2411 1358 2434 ante
1373 2406 1470 2433 saecula
1490 2404 1571 2436 Deus,
1587 2407 1722 2437 eruntque
1738 2404 1788 2430 hu-

1005 2458 1094 2487 miles.
1107 2464 1138 2482 ac
1153 2455 1221 2481 tales
1247 2453 1293 2479 diu
1322 2450 1530 2485 permanebunt,
1551 2449 1615 2483 quia
1630 2448 1722 2476 nullus
1735 2449 1788 2476 erit

1005 2503 1052 2537 qui
1068 2502 1112 2528 det
1132 2507 1181 2534 pro
1200 2498 1253 2525 illis
1267 2495 1519 2523 commutationem.
1541 2493 1608 2521 Nam
1625 2501 1687 2521 cum
1704 2494 1788 2521 semel

1006 2548 1052 2575 Dei
1070 2546 1154 2573 Filius
1167 2551 1226 2572 sese
1241 2541 1346 2570 dederit
1357 2541 1384 2568 in
1399 2540 1612 2574 redemptionem
1629 2543 1656 2566 et
1665 2546 1789 2566 commu-

1005 2593 1133 2620 tationem
1160 2599 1208 2625 pro
1234 2587 1440 2624 peccatoribus;
1468 2593 1516 2612 eos
1529 2585 1637 2620 quidem
1652 2585 1697 2619 qui
1716 2584 1743 2611 in
1759 2592 1789 2612 se

1006 2638 1178 2667 crediderunt
1194 2635 1303 2666 exemit,
1317 2639 1397 2668 atque
1413 2640 1428 2658 a
1446 2631 1567 2666 pristinis
1582 2630 1690 2657 deliclis
1704 2629 1789 2656 omni-

1007 2685 1058 2712 bus
1083 2683 1226 2714 liberavit;
1253 2681 1322 2707 alios
1350 2686 1415 2706 vero
1443 2677 1553 2711 reliquit
1577 2677 1709 2710 abjectos,
1726 2674 1788 2709 quia

1007 2731 1122 2766 pretium
1140 2736 1189 2764 pro
1204 2736 1234 2755 se
1247 2726 1340 2753 datum
1355 2732 1408 2752 non
1430 2723 1609 2754 admiserunt,
1624 2728 1710 2755 neque
1726 2727 1789 2746 cre-

1007 2765 1135 2803 didcrunt
1156 2775 1183 2801 in
1198 2773 1347 2808 pretiosum
1370 2769 1529 2805 sanguinem
1548 2765 1736 2801 Redemptoris
1762 2770 1790 2791 et

1009 2821 1158 2848 Salvatoris
1174 2819 1295 2846 omnium
1313 2817 1463 2844 hominum.
1489 2813 1668 2846 Quamobrem
1687 2810 1720 2837 de
1737 2809 1789 2835 illis

1008 2867 1123 2894 dicitur:
1141 2864 1202 2892 Non
1215 2864 1282 2891 enim
1296 2867 1333 2889 est
1348 2862 1400 2890 illis
1409 2855 1686 2888 commulatio.Qnare
1698 2857 1787 2880 autem
