2064 3212
292 153 346 182 495

646 150 781 179 EL'SEBH
798 145 1036 178 CESARIENSIS
1056 149 1068 177 ί

1119 155 1129 176 ‘.
1152 149 1240 176 PARS
1260 148 1302 176 Ill.
1324 164 1358 170 -—
1378 148 1580 178 EXEGETICA.

1858 151 1909 180 εκ

292 218 400 239 monem
413 206 500 241 tuum',
515 208 632 243 juvabar
648 214 678 237 ut
693 206 713 237 ἰι
727 213 950 246 persequentium
967 210 1068 238 nemine

1126 209 1226 244 ὕμνους
1243 209 1358 244 διεξῄειν
1368 217 1374 223 ·
1393 209 1484 244 ὑμνῶν
1499 209 1552 244 γὰρ
1565 208 1610 236 τὸν
1626 209 1703 243 λογον
1721 215 1767 236 σου
1783 209 1909 246 ἑϐοηθού.

293 260 443 284 averterem
469 261 521 282 me.
542 253 582 281 Ita
613 261 726 289 sperans
751 255 779 282 in
792 254 857 288 Deo,
881 261 909 282 et
933 261 1074 282 sermones

292 303 352 336 eius
370 302 397 328 in
412 308 459 328 ore
475 308 535 328 meo
551 299 653 332 ferens,
677 307 772 329 omnes
791 300 936 328 hominum
957 300 1074 328 insidias

291 347 489 383 despicieham,
511 354 565 374 non
588 347 687 374 timens
713 346 775 382 quid
799 347 882 382 faciat
909 347 974 374 mihi
1000 355 1073 377 caro,

291 394 361 427 Quid
386 395 458 422 enim
476 395 563 429 possit
577 401 642 421 caro
662 398 690 421 et
716 394 828 429 sanguis
856 398 951 421 contra
987 393 1073 421 Deum

290 440 491 475 opitulantem?
508 439 575 466 Nam
596 440 618 467 si
643 439 712 467 Deus
732 448 778 473 pro
799 440 883 472 nobis,
909 439 966 475 quis
981 444 1074 466 contra

290 486 398 513 nos“‘?
419 487 508 522 inquit
533 487 690 522 Apostolus.
716 486 786 514 Caro
813 490 903 514 autem
924 492 982 514 erat
996 486 1072 520 Saul,

289 533 335 567 qui
358 539 390 560 ea
402 540 462 567 quae
476 533 568 560 carnis
583 537 646 559 sunt
662 533 800 568 sapiebat:
817 533 889 567 quod
901 540 967 560 sane
983 533 1073 560 decla-

290 583 333 605 rat
347 578 496 614 Apostolus
511 580 544 606 ad
559 579 718 607 Corinthios
742 580 883 607 scribens:
913 579 979 606 Cum
1004 579 1072 606 enim

290 625 324 650 sit
343 625 409 651 inter
424 633 467 651 uos
484 624 556 651 zelus
569 629 593 651 et
605 625 747 657 contentio,
764 634 848 652 nonne
864 625 986 652 carnales
997 626 1070 657 estis,

289 675 314 696 et
337 670 477 697 secundum
496 670 626 697 hominem
644 671 786 698 ambulatis
798 672 838 698 "‘i
865 671 915 699 Hic
928 679 993 699 vero
1004 671 1073 698 Sau-

290 718 343 744 lem
363 724 470 752 quoque
485 718 543 745 zelo
563 721 590 744 et
605 719 781 745 contentione
796 719 917 753 plenum,
943 719 992 754 qui
1009 718 1071 746 ideo

290 762 418 790 Davidem
438 763 563 797 pellebat.
588 770 696 790 camem
716 765 832 796 vocavit,
852 764 945 791 dicens
973 773 979 790 :
1010 763 1071 790 Non

291 807 385 833 timebo
398 807 460 841 quid
478 807 560 842 faciat
579 807 643 834 mihi
658 816 730 835 caro.
752 808 852 836 Deinde
865 809 919 835 ait:
939 808 1007 835 Tota
1029 808 1071 835 die

289 853 365 879 verba
379 862 436 880 mea
450 854 664 886 exsecrabantur,
686 853 824 881 adversum
842 863 882 881 me
898 863 985 882 omnes
1001 855 1071 890 cogi-

1128 264 1191 291 μην,
1214 255 1252 287 ὡς
1269 255 1370 291 μηδένα
1386 255 1440 282 τῶν
1454 255 1606 282 διωκόντων
1622 255 1841 290 ἐπιστρέφεσθαι.
1858 256 1904 283 OG-

1124 310 1178 334 τως
1194 302 1240 328 ἐπὶ
1254 300 1293 336 τῷ
1306 300 1365 336 Θεῷ
1377 300 1505 333 ἐλπίζων,
1519 301 1566 327 καὶ
1579 301 1642 333 τοὺς
1653 300 1748 334 λόγους
1763 301 1845 328 αὐτοῦ
1861 302 1909 337 φι.

1125 356 1179 383 ρων
1196 348 1225 374 ἐν
1245 346 1285 382 τῷ
1307 347 1421 382 στόματί
1445 355 1507 382 μου,
1528 346 1619 382 πάσης
1642 347 1691 382 τῆς
1713 346 1743 381 ἐξ
1758 347 1909 383 ἀνθρώπων

1125 394 1269 429 ἐπιϐουλῆς
1291 393 1483 429 κατεφρόνουν,
1505 393 1536 419 οὐ
1553 392 1717 428 φοϐούμενος
1740 394 1769 420 τί
1788 393 1908 427 ποιήσει

1121 449 1171 474 μοι
1188 440 1275 474 σάρξ.
1301 440 1333 466 Τί
1360 439 1413 474 γὰρ
1437 439 1470 465 ἂν
1495 439 1540 465 καὶ
1559 438 1666 465 δύναιτο
1689 438 1756 474 σὰρξ
1772 438 1819 466 καὶ
1838 436 1908 474 αἷμα

1124 486 1192 521 πρὸς
1208 486 1273 512 Θεὸν
1289 485 1403 521 βοηθόνς
1420 486 1453 511 El
1470 484 1524 519 γὰρ
1545 485 1561 510 ὁ
1577 483 1648 517 Θεὸς
1662 483 1735 518 ὑπὲρ
1752 483 1846 519 ἡμῶν,
1862 485 1907 518 τις

1123 531 1187 558 καθ’
1198 530 1295 565 mllio-,-
1310 530 1390 566 φησιν
1400 531 1414 556 ό
1431 528 1600 560 Ἀπόστολος.
1616 528 1687 563 Σὰρξ
1698 528 1727 554 δὲ
1739 525 1774 563 ἦν
1783 528 1798 554 ό
1809 528 1904 562 Σαοὺλ,

1122 577 1156 603 τὰ
1171 577 1220 611 τῆς
1238 577 1338 612 σαρκὸς
1353 575 1473 610 φρονῶν·
1489 575 1503 600 ὃ
1520 574 1552 609 δὴ
1569 574 1730 609 παρίστησιν
1746 575 1760 600 ό
1780 574 1906 601 Ἀπόσιτο-

1123 622 1167 654 λος
1183 622 1295 658 γράφων
1310 621 1461 657 Κορινθίοις
1473 629 1480 636 ⁸
1498 621 1592 647 Ὅπου
1609 619 1663 654 γὰρ
1676 620 1711 646 έν
1727 619 1798 654 ὑμῖν
1815 619 1906 654 ζῆλος

1122 667 1171 694 καὶ
1185 667 1256 701 ἔρις,
1269 667 1335 701 οὐχὶ
1355 666 1492 700 σάρκινοί
1504 666 1584 697 ἐστε,
1601 664 1649 691 καὶ
1665 665 1740 691 κατὰ
1750 664 1906 699 ἄνθρωπον

1122 712 1325 747 περιπατεῖτε;
1344 713 1373 738 Ὀ
1389 712 1417 738 δὲ
1434 712 1479 738 καὶ
1495 711 1540 738 τὸν
1557 710 1642 738 Σαοὺλ
1659 710 1740 746 ζήλου
1759 711 1906 746 πεπληρω-

1123 759 1203 794 μένον
1222 759 1269 785 καὶ
1294 759 1390 794 ἔριδος,
1411 758 1458 784 καὶ
1483 757 1526 784 διὰ
1547 757 1633 784 ταῦτα
1657 756 1701 783 τὸν
1724 756 1805 783 Δαυτδ
1827 756 1907 784 litati.

1122 813 1215 836 νοντα,
1240 805 1328 840 σάρκα
1351 804 1490 839 ὠνόμασεν
1514 803 1614 829 εἰπών·
1638 804 1678 830 Οὐ
1700 802 1905 838 φοϐηθήσομαι

1122 850 1150 875 τί
1166 849 1283 882 ποιήσει
1296 858 1345 883 μοι
1362 848 1450 883 σάρξ.
1467 846 1533 875 Εἶτά
1548 857 1629 883 φησιν
1639 857 1645 862 ·
1663 849 1754 882 Ὅλην
1766 847 1823 882 τὴν
1835 847 1906 882 ἠμέν

290 899 401 926 taliones
415 907 504 926 eorum
518 899 545 926 in
561 899 672 926 malum.
693 899 770 932 Quod
784 907 849 927 sane
869 900 972 927 clarius
986 901 1068 928 inter-

1119 904 1177 929 par
1193 895 1263 928 τοὺς
1281 895 1391 930 λόγους
1413 904 1473 930 μου
1497 894 1726 926 ἐϐδελύσσοντο,
1749 893 1813 920 κατ’
1830 893 1906 928 ἐμοῦ

289 949 411 980 prctatus
425 949 467 972 est
484 944 676 981 Symmachus,
690 945 801 973 dicens:
820 945 872 972 Per
883 954 984 973 omnem
1001 946 1070 973 diem

289 999 418 1018 sermones
433 990 465 1018 de
479 999 518 1018 me
533 990 662 1018 curabant
676 999 684 1017 :
705 996 797 1018 contra
812 1000 852 1018 me
867 992 950 1019 omnis
968 993 1069 1027 cogita-

290 1038 326 1064 tio
341 1046 431 1065 norunt
447 1038 474 1064 in
490 1039 600 1065 malum.
627 1039 666 1064 Ac
683 1037 706 1065 si
725 1038 798 1064 enim
815 1038 884 1065 nihil
902 1038 976 1065 aliud
1003 1038 1069 1073 ipsis

288 1082 423 1118 agendum
441 1086 611 1118 suppeteret,
629 1090 718 1118 neque
747 1083 780 1110 de
804 1083 867 1110 aliis
893 1091 984 1111 sermo
1012 1091 1070 1110 mo-

288 1127 392 1155 vendus
413 1132 502 1161 esset;
530 1127 616 1155 otium
632 1135 712 1156 suum
733 1131 819 1155 totum
841 1129 868 1155 in
893 1128 1028 1163 loquendo
1043 1132 1070 1155 et

288 1173 434 1207 cogitando
453 1173 487 1200 de
503 1181 545 1200 me
558 1174 742 1206 insumebant,
756 1174 823 1201 nihil
839 1174 902 1201 boni
916 1174 943 1201 in
960 1182 1001 1201 me
1014 1182 1070 1201 mo-

289 1218 400 1251 lientes;
415 1219 462 1246 sed
477 1219 504 1246 in
521 1219 621 1246 malum
647 1224 673 1247 et
695 1227 747 1255 pro
769 1219 840 1247 malo
869 1224 953 1247 totam
973 1228 1068 1247 curam

284 1264 480 1298 impendebant
497 1272 588 1293 suam.

323 1351 406 1380 Vsus.
425 1353 450 1385 7,
466 1353 492 1380 8.
510 1353 700 1380 lnhabitabunt
717 1359 742 1381 et
758 1354 930 1388 abscondent,
947 1355 998 1390 ipsi
1012 1355 1068 1381 cal-

280 1406 396 1425 caneum
412 1407 496 1425 meum
519 1399 700 1426 observabant.
719 1400 792 1427 Sicut
807 1402 987 1428 sustinuerunt
1010 1401 1068 1427 aui-

286 1452 357 1470 mam
373 1452 455 1471 meam
472 1453 519 1479 pro
532 1445 613 1472 nihilo
628 1446 714 1472 salvos
730 1446 812 1479 [acies
827 1447 904 1479 illos;
921 1448 948 1474 in
969 1447 1010 1473 ira
1024 1455 1069 1480 po-

281 1490 363 1524 pulos
377 1491 536 1525 confringes,
556 1490 634 1523 Deus.
661 1490 723 1519 Haec
740 1492 858 1520 obscure
869 1492 940 1527 apud
954 1491 1068 1527 Septua-

1121 941 1231 974 πάντες
1241 942 1267 968 οι
1280 940 1466 975 διαλογισμοὶ
1486 939 1585 966 αὐτῶν
1598 940 1640 972 εὶς
1656 939 1764 965 κακόν·
1779 938 1794 965 ὃ
1808 938 1841 974 δὴ
1855 947 1904 967 σα-

1120 987 1249 1022 φέστερον
1264 986 1435 1021 ἡρμήνευσεν
1446 986 1460 1011 ὁ
1474 985 1619 1020 Σύμμαχος
1631 984 1727 1011 εἰπών·
1741 984 1792 1011 Διὰ
1801 984 1904 1019 πάσης

1120 1032 1232 1066 ἡμέρας
1245 1032 1355 1066 λόγους
1376 1031 1441 1065 περὶ
1463 1031 1535 1065 ἐμοῦ
1549 1031 1730 1065 ἐφρόντιζον·
1752 1030 1816 1057 κατ’
1830 1030 1904 1065 ἐμοῦ

1119 1077 1178 1109 πᾶς
1191 1077 1384 1112 διαλογισμὸς
1397 1077 1495 1104 αὐτῶν
1508 1079 1551 1110 εἰς
1565 1078 1667 1104 κακόν.
1688 1077 1731 1109 Ὠς
1748 1077 1803 1113 γὰρ
1822 1077 1905 1113 μηδδν

1120 1122 1225 1157 ἔχοντες
1242 1122 1334 1157 ἕτερον
1355 1123 1493 1158 πράττειν,
1513 1121 1579 1157 μηδὲ
1601 1121 1665 1158 περὶ
1684 1121 1785 1157 ἑτέρων
1807 1121 1905 1156 λόγους

1120 1170 1213 1200 κινεῖν,
1229 1168 1276 1204 τὴν
1293 1169 1381 1195 πᾶσαν
1396 1168 1499 1194 ἑαυτῶν
1514 1168 1610 1203 σχολὴν
1625 1169 1680 1199 τοῖς
1697 1167 1761 1203 περὶ
1776 1167 1844 1203 ἐμοῦ
1861 1167 1904 1195 λό-

1119 1224 1176 1249 γοις
1192 1215 1239 1241 καὶ
1257 1216 1312 1246 τοῖς
1333 1214 1392 1241 κατ’
1412 1214 1478 1249 ἐμοῦ
1495 1214 1631 1249 λογισμοῖς
1647 1214 1812 1246 ἀνετίθεσαν,
1829 1214 1904 1242 οὐδὶν

1119 1261 1219 1294 ἀγαθὸν
1247 1261 1310 1296 περὶ
1334 1260 1400 1295 ἐμοῦ
1428 1260 1624 1296 βουλευόμενοι.
1656 1260 1727 1286 Ἀλλ’
1755 1261 1796 1292 είς
1818 1260 1903 1288 κακὸν

1119 1307 1166 1334 καὶ
1184 1307 1228 1333 ἐπὶ
1243 1307 1319 1341 κακῴ
1334 1307 1382 1342 τὴν
1397 1306 1500 1333 ἑαυτῶν
1518 1306 1707 1338 ἀναλίσκοντες
1721 1306 1848 1342 σπουδήν.

1154 1352 1377 1386 Παροικήσουσι
1398 1352 1446 1379 καὶ
1468 1352 1722 1386 κατακρύψουσιν,
1741 1351 1826 1379 αὐτοὶ
1846 1351 1904 1386 τὴν

1119 1398 1249 1431 πτέρναν
1277 1407 1335 1432 μου
1365 1397 1544 1432 φυλάξουσι.
1576 1397 1714 1431 Καθάπερ
1740 1396 1903 1432 ὑπέμειναν

1119 1442 1175 1476 τὴν
1193 1443 1298 1477 ψυχήν
1317 1452 1386 1477 μου,
1410 1443 1486 1477 ὑπὲρ
1500 1442 1553 1469 τοῦ
1572 1442 1702 1477 μηδενὸς
1723 1441 1833 1476 σώσεις
1850 1444 1904 1471 αὐ·

1118 1489 1188 1522 τούς
1199 1497 1205 1503 ·
1219 1489 1254 1515 ἐν
1266 1488 1338 1523 ὀργῇ
1352 1488 1446 1521 λαοὺς
1462 1488 1609 1521 κατάξεις,
1622 1490 1638 1515 d
1652 1488 1733 1522 Θεός.
1750 1489 1805 1515 Καὶ
1816 1487 1903 1516 ταῦτα

285 1536 360 1570 ginta
382 1535 546 1572 lnterpretes
562 1537 646 1570 dicta,
662 1538 784 1572 apertius
803 1539 998 1573 interpretatus
1025 1542 1067 1566 est

1119 1536 1230 1570 ἀσαφῶς
1246 1536 1376 1571 εἰρημένα
1391 1535 1464 1571 παρὰ
1474 1536 1529 1567 τοῖς
1547 1535 1755 1571 Ἐϐδομήκοντα,
1776 1535 1902 1562 λευκότε-

281 1582 468 1618 Symmacbus
492 1583 534 1610 his
549 1583 639 1611 verbis
657 1593 664 1611 :
680 1583 872 1612 Conveniebaut
892 1585 971 1614 clam,
988 1589 1012 1611 et
1027 1593 1068 1611 ve-

1120 1590 1166 1617 ρον
1186 1581 1382 1617 διηρμήνευσεν
1402 1582 1416 1607 ό
1435 1580 1590 1616 Σύμμαχος,
1610 1580 1710 1607 εἰπών·
1732 1580 1903 1615 Συνήτυντο

285 1628 366 1662 stigia
381 1636 438 1655 mea
455 1628 638 1662 observabant,
652 1636 830 1664 exspectantes
845 1631 961 1657 animum
984 1639 1068 1657 meam

285 1678 393 1708 propter
409 1674 587 1708 iniquitatem.
614 1675 708 1703 Libera
721 1676 752 1702 ab
775 1676 841 1709 illis,
861 1677 887 1703 in
903 1677 944 1703 ira
959 1677 1067 1711 populos

285 1720 414 1754 deprime,
445 1720 526 1750 Deus.
552 1722 590 1749 Ita
611 1722 694 1754 enim,
718 1722 815 1757 inquit,
843 1726 900 1750 tota
931 1723 975 1750 die
1002 1723 1067 1750 mihi

287 1766 482 1804 [observando]
504 1768 647 1800 vacabant,
659 1775 799 1795 sermones
810 1768 842 1796 de
857 1776 900 1796 me
916 1773 1066 1801 moventes,

285 1816 315 1840 et
330 1817 386 1840 tota
400 1815 529 1849 cogitatio
544 1822 640 1842 eorum
662 1818 757 1842 contra
783 1822 826 1842 me
838 1819 914 1848 erat;
933 1819 962 1842 ut
972 1815 1068 1842 stude-

286 1861 347 1884 rent
369 1866 422 1885 una
440 1859 521 1885 simul
541 1859 686 1887 adversum
698 1867 740 1886 me
755 1859 988 1894 conspirationem
1005 1867 1068 1887 con-

283 1903 370 1931 ﬂare:
390 1911 478 1938 neque
491 1912 530 1932 eo-
541 1905 673 1933 sisterent
694 1906 806 1940 gradum
821 1915 828 1939 ;
846 1905 893 1933 sed
913 1906 993 1933 etiam
1011 1907 1067 1933 cal-

282 1956 402 1976 eanenm
424 1950 481 1978 sive
496 1951 559 1977 vita:
575 1959 699 1986 gressum
716 1951 905 1985 observarent,
920 1960 984 1978 num
1003 1960 1067 1988 sup-

286 1995 434 2029 plantando
460 1995 577 2030 dejicere
604 2004 647 2023 me
669 2000 790 2031 possent.
820 1995 940 2031 Vestigia
957 2005 1066 2032 quoque

286 2047 358 2071 mea,
373 2044 400 2067 et
426 2048 480 2075 quo
505 2048 657 2075 pergerem,
685 2042 878 2075 observabant,
905 2046 934 2069 ut.
958 2051 1067 2079 quoquo

286 2084 367 2111 modo
392 2092 434 2111 me
451 2086 721 2120 comprehenderent.
746 2086 810 2114 Haec
828 2087 866 2114 illi
886 2088 933 2122 qui
950 2096 993 2115 me
1009 2089 1067 2116 sine

285 2137 370 2158 causa
383 2130 618 2166 persequebantur
631 2135 726 2159 contra
748 2139 792 2160 me
809 2132 996 2168 designabant.
1026 2133 1066 2162 Tu

286 2178 389 2209 autem,
405 2175 530 2207 Domine,
545 2184 607 2210 spes
635 2184 706 2208 mea,
724 2184 768 2204 me
794 2177 828 2204 ab
853 2178 957 2212 injusta
972 2187 1066 2206 eorum

284 2221 487 2256 conspiratione
507 2221 628 2255 liberes;
656 2222 730 2256 ipsos
751 2227 840 2250 autem
865 2224 906 2251 ira
922 2228 968 2252 tua
990 2226 1067 2252 inva—

283 2268 362 2301 dens,
377 2276 410 2296 ex
423 2276 454 2296 ea
469 2269 623 2303 arrogantia
636 2273 663 2297 et
680 2270 807 2305 superbia
828 2270 915 2305 dejiee
929 2281 935 2298 :
949 2271 976 2298 id
993 2272 1066 2299 enim

284 2315 351 2349 ipsis
369 2315 434 2343 utile
445 2315 508 2343 erit.
534 2314 673 2350 Siquidem
690 2316 754 2344 elati
768 2323 800 2343 ac
819 2320 967 2349 tumentes,
988 2317 1015 2344 id
1036 2318 1063 2344 in

283 2368 361 2388 suam
383 2361 532 2396 perniciem
554 2362 689 2397 agebant:
719 2361 821 2389 etenim
849 2362 921 2389 Deus
946 2362 1065 2397 superbis

285 2407 393 2440 resistit,
409 2407 552 2434 humilibus
565 2412 653 2435 autem
664 2407 711 2434 dat
725 2409 840 2443 gratiam
849 2408 888 2435 κε
904 2416 988 2443 quare
999 2416 1065 2444 rogo

284 2459 380 2479 omnes
404 2452 576 2488 insurgentes
598 2454 627 2480 in
649 2461 691 2481 me
712 2453 947 2488 dcprimas;sive.
966 2462 1066 2482 secun-

284 2497 348 2523 dum
366 2498 501 2532 Aquilam,
528 2498 637 2533 dejicias
648 2508 656 2531 ,'
669 2503 700 2526 ut
714 2499 864 2528 modestius
877 2504 959 2535 atque
974 2501 1066 2528 humi-

285 2543 338 2571 lius
354 2545 516 2578 senticntcs,
533 2554 659 2581 mgnum
678 2547 822 2574 utilitatem
843 2548 1007 2583 percipiant.

317 2641 401 2669 Vsus.
420 2641 447 2673 9,
470 2642 514 2669 10.
539 2642 624 2669 Vitam
650 2651 733 2669 meam
756 2643 910 2670 annuntiavi
939 2643 996 2674 tibi,
1019 2651 1066 2677 pa-

283 2688 361 2714 misti
376 2687 507 2722 lacrymas
527 2696 597 2714 meas
621 2689 647 2715 in
671 2693 809 2723 conspectu
825 2688 965 2720 tuo;sicut
986 2692 1012 2714 et
1037 2688 1064 2714 in

282 2733 523 2767 promisﬁouetua,
539 2739 717 2761 convertentur
733 2735 833 2761 inimici
847 2735 896 2761 mei
909 2739 1062 2764 retrorsum,

280 2779 309 2805 in
323 2788 475 2815 quacunque
485 2780 527 2807 die
537 2780 688 2808 itwacauero
698 2786 734 2808 te.
748 2780 809 2808 Haec
823 2781 925 2808 clarius
941 2779 1065 2815 Symma-

320 2858 341 2874 ”
361 2857 443 2886 Rom.
458 2866 516 2891 vm,
532 2858 576 2886 31.

1119 1627 1224 1661 λάθρα,
1242 1627 1290 1653 καὶ
1306 1628 1340 1654 τὰ
1356 1628 1424 1662 ἴχνη
1435 1635 1494 1662 μου
1516 1625 1702 1660 παρετήρουν
1715 1625 1903 1659 προσδοκῶν-

1119 1681 1167 1705 τες
1185 1672 1242 1706 τὴν
1261 1672 1366 1707 ψυχήν
1381 1682 1439 1708 μου
1456 1672 1504 1699 διὰ
1520 1672 1577 1706 τὴν
1590 1672 1718 1699 ἀδικίαν.
1738 1671 1839 1699 Ῥῦσαι
1851 1672 1901 1699 ἀπ’

1116 1718 1227 1751 αὐτῶν,
1247 1720 1282 1745 ἐν
1303 1719 1376 1754 ὀργῇ
1397 1719 1490 1752 λαοὺς
1507 1718 1664 1753 ready-ars,
1686 1720 1702 1745 ό
1717 1719 1798 1751 Θεός.
1811 1718 1902 1750 οὕτως

1119 1764 1183 1800 γὰρ,
1203 1764 1279 1800 φησὶ,
1297 1765 1341 1791 διὰ
1363 1765 1451 1800 πάσης
1467 1765 1573 1800 ἡμέρας
1592 1764 1653 1800 ἐμοὶ
1669 1763 1824 1798 ἐσχόλαζον,
1840 1764 1902 1796 τοὺς

1120 1819 1151 1836 πε
1157 1811 1183 1846 ρὶ
1195 1810 1260 1845 ἐμοῦ
1276 1810 1369 1844 λόγους
1385 1810 1531 1842 κινοῦντες,
1545 1810 1592 1837 καὶ
1603 1810 1657 1841 πᾶς
1671 1808 1844 1844 διαλογισμὸς
1853 1808 1902 1836 αὑη

1118 1856 1171 1881 τῶν
1186 1856 1246 1881 κατ’
1267 1854 1334 1890 ἐμοῦ
1352 1855 1488 1888 ἐγίγνετο⁴
1505 1854 1542 1886 ὡς
1559 1854 1718 1886 σπουδάζειν
1739 1854 1900 1888 συνάγεσθαι

1119 1901 1217 1932 αὐτοὺς
1229 1900 1296 1935 ὁμοῦ
1311 1901 1444 1932 συσκευάς
1456 1909 1462 1915 ³
1475 1900 1522 1927 καὶ
1539 1900 1575 1936 μὴ
1595 1900 1674 1937 μέχρι
1685 1900 1778 1927 τούτου
1792 1901 1899 1936 χωρεῖν,

1118 1946 1185 1973 ἀλλὰ
1203 1947 1247 1973 καὶ
1265 1946 1492 1982 περιεργάζεσθαί
1508 1954 1556 1980 μου
1571 1946 1619 1981 τὴν
1635 1946 1763 1981 πτέρναν,
1778 1945 1900 1972 τουτέστι

1117 1992 1166 2027 τὴν
1178 1991 1225 2018 τοῦ
1243 1991 1307 2026 βίου¹
1322 1992 1445 2028 πορείαν,
1464 1991 1490 2017 εἴ
1505 2000 1562 2023 πως
1577 1991 1747 2023 σκελίσαντες
1766 1990 1900 2026 δυνηθειευ

1116 2039 1279 2065 καταϐαλεῖν
1295 2048 1338 2074 με.
1355 2039 1409 2065 Καὶ
1421 2038 1455 2065 τὰ
1472 2038 1531 2073 ἴχνη
1543 2038 1570 2064 δέ
1584 2047 1634 2073 μου
1648 2038 1830 2074 παρετήρουν,
1839 2038 1900 2064 ὅποι

1118 2086 1150 2111 ἂν
1171 2084 1316 2120 βαδίζοιμι,
1334 2085 1380 2111 καὶ
1401 2085 1433 2110 ἶν’
1449 2085 1522 2115 ὅπως
1542 2083 1711 2110 ἐπιλάϐοιντό
1732 2092 1793 2120 μου.
1809 2084 1900 2111 Ταῦτα

1118 2131 1167 2165 μὲν
1182 2128 1227 2157 οὖν
1241 2131 1266 2156 οἱ
1282 2130 1370 2165 μάτην
1385 2130 1526 2162 διώκοντες
1541 2132 1600 2157 κατ’
1616 2130 1683 2167 ἐμοῦ
1703 2131 1846 2166 ἔπραττον.
1863 2131 1899 2157 Σὺ

1117 2176 1155 2207 δὲ,
1181 2176 1277 2211 Κύριε,
1293 2177 1310 2211 ὴ
1326 2176 1379 2211 ἐμὴ
1394 2176 1480 2208 ἐλπὶς,
1495 2177 1544 2212 ἐμὲ
1562 2177 1610 2212 μὲν
1630 2177 1680 2212 τῆς
1701 2177 1794 2204 ἀδίκου
1811 2176 1900 2203 αὐτῶν

1120 2222 1253 2256 συσκευῆς
1281 2222 1371 2257 ῥῦσαι,
1396 2222 1492 2254 αὐτοὺς
1517 2222 1545 2249 δὲ
1572 2222 1706 2258 μετελθὼν
1786 2222 1899 2249 σεαυτοῦ

1119 2267 1197 2302 ὀργῇ,
1214 2266 1349 2293 κατάϐαλε
1363 2267 1412 2302 τῆς
1430 2267 1613 2302 μεγαλαυχίας
1627 2267 1671 2294 καὶ
1684 2267 1734 2303 τῆς
1749 2267 1901 2303 ὑψηλοφρο-

1119 2311 1214 2347 σὺνης·
1239 2313 1316 2339 τοῦτο
1333 2312 1386 2347 γὰρ
1407 2313 1496 2344 αὐτοῖς
1523 2313 1649 2339 συνοίσει.
1667 2313 1827 2349 Ὑψοὺμενοι
1846 2312 1899 2349 γὰρ

1119 2358 1165 2384 καὶ
1182 2358 1366 2393 ἐπαιρόμενοι,
1383 2358 1424 2384 ἐπ’
1437 2358 1538 2393 ὀλέθρῳ
1550 2358 1588 2393 τῷ
1599 2358 1703 2384 ἑαυτῶν
1716 2358 1791 2385 ταῦτ’
1804 2358 1900 2394 ἐπρατ-

1117 2411 1162 2428 τον
1172 2411 1178 2416 ·
1186 2404 1202 2429 ὀ
1210 2402 1262 2437 γὰρ
1278 2402 1349 2435 Θεὸς
1357 2402 1557 2437 ὑπερηφάνοις
1565 2402 1785 2435 ἀντιτάσσεται,
1801 2411 1899 2430 manu-

1118 2447 1447 2483 νοῒςδὲδίδωσιχάριν·
1475 2448 1525 2480 διὸ,
1553 2448 1677 2481 ἱκετεύω,
1703 2449 1808 2481 πάντας
1838 2450 1899 2481 τοὺς

1118 2495 1346 2530 ἐπανισταμένους
1361 2495 1551 2530 μοικατάγαγε
1563 2503 1570 2510 ·
1586 2495 1613 2530 ἢ,
1630 2495 1699 2522 κατὰ
1712 2494 1758 2522 τὸν
1776 2495 1898 2527 ’Δκύλαν,

1118 2540 1331 2567 καταϐίϐασον·
1355 2541 1393 2571 ὡς
1417 2541 1459 2572 ἂν,
1485 2540 1592 2576 μέτριον
1618 2540 1745 2576 φρόνημα
1774 2540 1898 2571 λαϐόντες

1117 2587 1163 2613 καὶ
1177 2587 1292 2613 ταπεινὰ
1309 2587 1480 2623 φρονοῦντες,
1500 2587 1534 2613 τὰ
1551 2587 1657 2622 μεγάλα
1672 2587 1847 2622 ὠφεληθεῖεν.

1155 2644 1213 2678 Τὴν
1222 2644 1300 2677 ζωήν
1312 2653 1371 2679 μου
1387 2644 1545 2680 ἐξήτγειλά
1560 2653 1619 2676 σοι,
1643 2645 1713 2672 ἔθου
1732 2645 1769 2671 τὰ
1786 2643 1898 2678 δάκρνά

1114 2699 1173 2724 μου
1188 2690 1315 2717 ἐνώπιόν
1333 2699 1400 2717 σου·
1426 2692 1465 2723 ὼς
1484 2691 1534 2717 καὶ
1556 2691 1591 2717 ὲν
1605 2689 1642 2724 τῇ
1659 2690 1820 2725 ἐπαγγελίᾳ
1830 2697 1896 2721 σου,

1117 2736 1352 2770 ἐπιστρέψωσιν
1367 2738 1393 2763 οι
1408 2737 1508 2771 ἐχθροί
1525 2745 1585 2772 μου
1600 2738 1642 2770 εις
1654 2736 1690 2764 τὰ
1704 2737 1810 2769 ὀπίσω,
1828 2736 1863 2764 ἐν
1878 2732 1898 2771 ᾖ

1117 2781 1156 2807 ἂν
1175 2782 1266 2816 ἡμέρᾳ
1278 2782 1550 2817 ἐπικαλέσωμαῖσε.
1563 2783 1617 2809 Καὶ
1626 2782 1711 2810 ταῦτα
1725 2784 1738 2810 ό
1754 2782 1898 2818 Σύμμαχος

624 2858 644 2874 ¹⁸
663 2857 747 2886 lCor.
766 2866 806 2891 In,
825 2858 851 2886 5.
892 2859 899 2875 ¹
921 2857 1023 2886 chlr.
1042 2866 1069 2891 ν,
1088 2858 1113 2884 5.
