2064 3212
140 210 193 238 497

705 208 956 237 COMMENTABIA
978 210 1011 237 IN
1033 209 1202 238 PSALMOS.
1236 178 1289 227 5’;

1709 208 1762 236 698

138 268 304 303 σαφέστερον
316 268 496 303 ὴρμήνευσεν,
512 267 596 300 οὕτως
618 267 755 294 εἰπών-Τὰ
768 267 923 313 hominm;

984 270 1044 297 situs
1072 270 1267 304 interpretatus
1289 271 1330 295 est
1354 268 1396 295 itis
1412 268 1501 295 velbis
1521 277 1528 294 :
1550 267 1681 296 Interiora
1707 276 1764 294 mea

138 315 345 349 ἐξηρίθμησας
357 322 363 329 ’
395 313 435 340 σὺ
465 313 534 342 ἔθου
552 314 588 341 τὰ
601 313 715 348 δάκρυά
726 323 786 348 μου
802 314 929 342 ἐνώπιόν

138 367 208 388 σου.
223 359 272 393 Μὴ
286 359 354 394 οὐχὶ
382 358 454 386 ὅταν
473 358 644 393 ἐξαριθμῇς,
660 359 725 385 τότε
738 358 929 393 ἀποστραφή-

139 414 244 434 vortat
261 408 287 433 οί
306 406 406 440 ἐχθροί
430 415 489 441 μου
512 406 617 438 ὀπίσω,
632 403 652 441 ᾖ
668 405 706 432 ἂν
722 405 816 440 ἡμέρᾳ
826 406 928 432 ἐπικα-

139 452 273 486 λέσωμαι
287 460 344 484 (re;
368 452 400 478 Ol
413 452 461 487 μὲν
485 451 576 487 ἐχθροί
592 460 652 487 μου,
665 451 741 486 φησὶ,
767 451 811 478 διὰ
840 450 930 486 πάσης

140 500 246 533 ημέρας
259 497 353 532 λόγους
366 497 430 533 περὶ
455 497 522 532 ἐμοῦ
539 497 688 528 ἁνεκίνουν,
713 497 759 524 καὶ
789 497 848 523 κατ’
863 496 929 532 ἐμοῦ

140 543 241 575 πάντες
252 544 276 570 οἱ
290 543 458 578 διαλογισμοὶ
487 542 576 569 αὐτῶν
599 541 678 578 ἦσαν’
703 542 758 577 ἐγὼ
781 543 808 569 δὲ
822 543 930 574 ὁποίους

139 589 169 615 ὲν
183 588 293 624 ὲμαυτῷ
310 589 423 623 συνῆγου
437 588 584 623 λογισμοὺς
600 589 646 614 καὶ
658 588 754 620 ὁποίας
768 588 930 623 ἐνθυμήσεις

140 632 225 670 εἶχον,
240 635 271 660 σὺ
299 634 390 666 αὐτὸς,
410 634 448 665 ὡς
465 633 684 669 καρδιογνώστης
703 633 779 665 Θεὸς,
794 631 876 664 οἶδας.
891 632 932 660 Τὰ

140 681 194 716 γὰρ
207 680 280 707 ἔνδον
299 689 348 716 μου
362 679 547 716 ὲξηρίθμησας
558 679 656 711 πάντα,
667 679 756 706 καὶτὰ
769 680 872 716 κρύφια
881 689 931 716 μου

139 727 188 770 ita!
201 727 250 758 τὰς
263 726 422 762 ἐνθυμήσεις
435 726 485 761 τῆς
497 725 584 762 ψυχῆς
603 734 653 761 μου
667 725 824 759 γινώσκεις·
836 726 932 761 διόπερ

140 772 201 800 ιθου
213 771 248 798 τὰ
259 771 365 806 δάκρυά
382 779 433 806 μου
448 770 561 798 ἐνώπιόν
579 779 637 802 σου,
657 771 703 797 καὶ
725 771 774 797 οὐκ
796 771 933 806 ἀπεστρά-

140 827 194 854 φης
209 817 287 844 αὐτὼ
303 817 360 843 ἀλλ’
374 816 475 851 ὥσπερ
491 817 519 844 ὲν
531 818 563 852 τῇ
575 816 725 851 ἐπαγγελίᾳ
742 825 787 843 σου
800 816 932 852 ὑπισχνοῦ

139 861 235 895 λέγων·
250 860 310 886 Ἔτι
335 860 503 894 λαλοῦντός
525 868 582 887 σου
601 860 666 894 ἐρᾶν
702 860 779 888 Ἰδοὺ
804 860 931 895 πάρειμι,

140 905 226 938 οὕτως
239 905 374 932 ἀκόλουθα
386 906 512 941 πράττων
525 907 585 938 ταῖς
597 907 656 937 σαῖς
667 906 855 940 ἐπαγγελίαις,
863 907 932 934 ἔθου

140 951 302 986 τὰδάκρυά
323 961 384 986 μου
409 951 538 978 ἐνώπιόν
564 959 632 978 σου.
649 952 703 978 Καὶ
729 952 800 979 κατὰ
813 953 862 988 τὴν
875 953 930 979 τῶν

146 996 348 1032 Ὲῦδομήκοντα
371 996 400 1023 δὲ
415 995 573 1031 ἑρμηνείαν,
589 995 648 1029 Τὴν
661 995 737 1029 ζωήν
747 1005 816 1030 μου,
836 997 928 1031 φησὶν,

139 1040 300 1076 ἐξήγγειλά
326 1049 385 1074 σοι,
414 1042 452 1073 ὡς
474 1041 507 1068 ἂν(
540 1041 691 1076 παρῤησίαν
720 1041 793 1076 ἄγων
823 1042 868 1068 καὶ
892 1041 929 1077 μὴ

140 1087 369 1123 ὶτναισχυνόμενος
381 1087 428 1114 ἐπὶ
439 1088 472 1122 τῇ
484 1087 602 1122 ἐμαυτοῦ
617 1086 684 1122 ζωῇ.
702 1086 738 1113 Σύ
758 1095 787 1113 τε
798 1087 929 1122 ἀποδεχό-

142 1134 222 1169 μενός
234 1142 285 1169 μου
300 1134 350 1169 τὴν
362 1133 445 1169 ζωὴν,
471 1133 505 1160 τὰ
521 1133 627 1168 δάκρυά
642 1141 692 1168 μου
708 1133 758 1159 οὐκ
782 1132 929 1164 ἀπεσείσω,

141 1178 209 1206 ἀλλὰ
221 1178 275 1215 πρὸ
287 1179 342 1205 τῶν
356 1179 410 1206 σῶν
421 1177 566 1213 ὀφθαλμῶν
583 1178 644 1205 ἔθου
658 1179 736 1210 αὐτὰ,
753 1178 930 1213 πιστούμενος

138 1225 191 1258 βὰς
202 1225 252 1257 σὰς
263 1223 436 1259 ἐπαγγελίας.
446 1223 491 1250 Διὸ
502 1223 667 1255 συνέϐαινεν,
681 1223 747 1259 ἐμοῦ
757 1223 932 1257 είσακουομέ-

142 1278 200 1303 νου,
217 1270 280 1302 τοὺς
303 1269 416 1305 ἐχθρούς
449 1277 498 1304 μου
517 1269 555 1300 εἰς
569 1268 604 1295 τὰ
630 1269 716 1295 ὀπίσω
741 1270 848 1304 χωρεῖν·
870 1268 932 1295 ὃθεν

143 1314 224 1350 φημί·
243 1311 321 1350 Ἐνινῇ
336 1313 376 1340 ἂν
393 1312 487 1347 ἡμέρᾳ
501 1312 722 1347 ἐπικαλέσωμαι
733 1321 779 1345 σε,
797 1313 932 1347 ἐπιστρέ-

142 1349 259 1394 φουσιν
269 1349 405 1394 οίὲχθροί
416 1367 475 1393 μου
501 1359 543 1391 είς
556 1358 592 1385 τὰ
610 1358 715 1385 ὀπίσω·
733 1358 804 1385 κατὰ
828 1358 856 1385 δὲ
884 1358 932 1385 τὸν

143 1404 301 1441 Σύμμαχον·
319 1404 367 1437 Μὴ
387 1403 454 1438 οὐχί
472 1403 555 1434 ὅταν.
571 1404 662 1439 φησιν,
680 1403 851 1438 ἐξαριθμῇς,
867 1404 932 1430 τότε

142 1448 429 1484 ἁποστραφήσονται
442 1448 581 1482 οίέχθοοί
598 1456 658 1482 μου
675 1448 788 1478 ὀπίσως
808 1448 934 1474 Ἐπειδὰν

143 1494 311 1530 φυλοκρινῶν
320 1493 487 1529 διακαθάρῃς
495 1493 629 1528 ἀφορίζων
636 1494 698 1524 τοὺς
709 1492 821 1519 σεαυτοῦ
831 1492 932 1526 ἀξίους,

144 1540 192 1567 καὶ
207 1539 385 1577 ἐξαρίθμησιν
406 1539 564 1573 ποιούμενος
590 1538 643 1565 τῶν
663 1538 813 1573 μελλόντων
839 1539 878 1570 είς
899 1538 933 1565 τὰ

143 1584 217 1617 δεξιὰ
245 1584 379 1616 ἵστασθαι,
408 1583 522 1610 καὶτῶν
551 1583 589 1615 εἰς
612 1582 743 1618 ἀριστερὰ
765 1583 932 1618 χωρούντων,

978 315 1161 342 enumerasti:
1183 317 1210 340 tu
1231 312 1342 347 posuisti
1366 312 1497 347 lacrymas
1521 320 1591 340 meas
1621 321 1710 340 coram
1728 317 1762 338 le-

979 362 1072 388 Annon
1088 368 1147 387 cum
1171 359 1370 390 enumeraveris,
1385 363 1446 385 tunc
1467 363 1645 386 convertentur
1664 359 1764 386 inimici

979 408 1029 434 mei
1045 411 1200 437 retrorsum,
1218 406 1247 432 in
1266 413 1418 440 quacunque
1431 405 1472 431 die
1490 406 1640 432 invocavero
1655 407 1698 433 te?
1719 404 1763 432 iu-

980 452 1053 479 imici
1068 451 1177 487 quidem
1195 452 1259 483 mei,
1276 451 1375 486 inquit.
1391 454 1447 478 tota
1464 451 1507 478 die
1519 459 1658 479 sermones
1675 451 1764 479 deme

980 499 1137 530 movebant,
1150 502 1177 526 et
1190 502 1286 525 contra
1305 505 1347 524 me
1361 497 1543 532 cogitationes
1562 505 1655 524 eorum
1667 503 1762 530 erant;

979 553 1029 581 ego
1041 552 1105 572 vero
1119 545 1208 580 qualia
1221 545 1246 572 in
1263 552 1307 572 me
1322 544 1466 572 ratiocinia
1481 544 1648 580 collegerim,
1660 550 1686 572 et
1697 553 1766 580 qua-

980 591 1020 619 les
1038 591 1218 626 cogitationes
1234 590 1386 623 habuerim,
1404 594 1444 623 tu,
1464 594 1556 625 utpote
1574 591 1696 618 cordium
1719 599 1770 625 co-I

981 637 1073 672 gnitor
1095 636 1178 669 Deus,
1195 636 1278 663 nosti.
1294 635 1360 662 Nam
1385 644 1445 671 quae
1474 637 1543 663 intra
1559 644 1602 664 mo
1619 640 1682 664 sunt
1699 628 1767 664 enu¥

981 682 1093 710 merasti
1109 681 1210 713 omnia,
1227 685 1254 708 et
1267 681 1373 709 occulta
1385 689 1445 709 mea
1460 682 1694 717 cogitationesque
1707 682 1765 708 ani-

981 735 1032 755 mas
1046 735 1112 755 mea:
1126 728 1268 762 cognoscis
1286 737 1292 755 :
1306 727 1481 762 quamobrem
1501 727 1616 762 posuisti
1632 728 1766 763 lacrymas

981 780 1057 801 meas
1073 773 1100 800 in
1114 776 1263 807 conspectu
1278 776 1335 804 tuo,
1353 780 1405 799 nec
1427 775 1569 800 aversatus
1591 780 1638 800 eas
1652 780 1700 805 es;
1718 772 1766 800 sed

982 820 1050 847 sicut
1071 823 1101 847 et
1124 819 1152 846 in
1176 819 1359 854 promissione
1375 823 1419 846 tua
1440 819 1581 854 professus
1592 827 1632 851 es,
1648 819 1741 846 dicens
1757 827 1765 844 :

982 865 1075 892 Adhuc
1091 870 1115 892 te
1130 865 1249 900 loquente
1265 864 1352 891 dicam
1371 872 1379 891 :
1401 864 1468 891 Ecce
1489 864 1583 891 adsum
1596 865 1634 898 ";
1649 864 1688 892 sic
1701 871 1767 892 con-

984 913 1128 944 sequenter
1143 909 1175 936 ad
1190 909 1325 944 promissa
1343 913 1399 941 tua,
1413 910 1524 943 posuisti
1546 909 1678 944 lacrgmas
1695 918 1766 937 meos

945 953 1009 984 Bin
1027 959 1165 989 conspectu
1196 958 1251 982 tuo.
1279 953 1318 981 Ac
1343 953 1492 982 secundum
1515 954 1765 990 interpretationem

982 999 1052 1027 LXX
1065 1020 1072 1032 ,
1096 999 1183 1027 Vitam
1198 1008 1292 1032 meam,
1311 1000 1410 1035 inquit,
1423 1000 1578 1027 annuntiavi
1599 999 1655 1031 tibi,
1673 1004 1767 1035 utpote

983 1046 1029 1082 qui
1044 1053 1105 1073 cum
1124 1045 1221 1073 ﬁducia
1231 1053 1351 1081 agerem.
1369 1053 1419 1072 nec
1435 1045 1469 1073 de
1479 1045 1534 1073 vita
1553 1053 1612 1073 mea
1622 1046 1767 1074 erubesce-

984 1098 1052 1119 rem.
1069 1090 1111 1118 Tu
1126 1098 1190 1118 vero
1205 1098 1267 1118 cum
1283 1091 1367 1118 vitam
1383 1091 1550 1126 approbares
1564 1099 1663 1126 meam,
1679 1093 1767 1128 tacry-

983 1144 1045 1164 mas
1071 1144 1148 1164 meas
1171 1144 1225 1164 non
1250 1136 1386 1172 repulisti,
1403 1137 1450 1164 sed
1476 1137 1512 1165 ob
1534 1138 1628 1165 oculos
1651 1138 1767 1173 posuisti

983 1186 1056 1213 tuos.
1074 1182 1114 1209 sic
1130 1181 1274 1217 promissis
1299 1182 1353 1209 tuis
1380 1182 1459 1210 tidem
1486 1183 1646 1211 concilians.
1678 1183 1768 1217 Quare

984 1227 1108 1263 contigit,
1125 1235 1187 1255 cum
1203 1228 1347 1256 exauditus
1370 1235 1469 1262 essem,
1485 1228 1611 1256 inimicos
1636 1237 1711 1258 meos
1724 1238 1768 1258 re-

984 1275 1028 1298 tro
1043 1271 1139 1299 cedere
1152 1280 1160 1305 ;
1177 1271 1237 1299 ideo
1252 1271 1313 1300 dico
1330 1282 1337 1300 :
1352 1272 1385 1300 In
1394 1281 1547 1309 quacunque
1560 1274 1602 1301 die
1616 1275 1767 1302 invocavero

985 1322 1019 1349 te,
1048 1322 1228 1345 convertentur
1245 1318 1346 1345 inimici
1368 1320 1419 1346 mei
1436 1325 1596 1352 retrorsum;
1617 1322 1767 1349 secundum

986 1362 1177 1399 Symmachum
1187 1371 1250 1392 vero
1265 1375 1271 1392 :
1284 1365 1378 1392 Annon
1388 1373 1446 1392 cum
1456 1367 1657 1396 enumeraveris.
1668 1367 1766 1402 inquit,

985 1415 1165 1437 convertentur
1174 1411 1276 1438 mimici
1290 1411 1340 1437 mei
1353 1413 1518 1439 retrorsum?
1532 1411 1599 1439 Cum
1612 1419 1659 1446 per
1674 1412 1767 1448 singu-

986 1455 1027 1482 las
1042 1455 1129 1482 tribus
1144 1463 1302 1488 secernens,
1314 1463 1361 1483 eos
1377 1456 1423 1491 qui
1439 1460 1465 1483 te
1480 1456 1554 1491 digni
1579 1460 1643 1484 sunt
1666 1457 1768 1492 selege-

985 1500 1035 1532 ris,
1045 1504 1073 1528 et
1085 1501 1290 1528 enumeraveris
1304 1507 1352 1528 eos
1366 1501 1411 1535 qui
1421 1501 1454 1528 ad
1467 1501 1606 1528 dexteram
1618 1501 1766 1534 statuendi,

986 1550 1013 1574 et
1026 1553 1074 1573 eos
1091 1547 1137 1581 qui
1153 1546 1185 1573 ad
1202 1546 1342 1574 sinistram
1367 1546 1504 1574 recessuri
1529 1551 1604 1579 sunt,
1617 1551 1688 1579 tunc,
1704 1555 1767 1574 cum

986 1592 1068 1620 talem
1090 1593 1324 1621 enumerationem
1346 1592 1447 1625 facies,
1469 1597 1651 1621 convertentur
1669 1592 1768 1620 inimici

143 1630 227 1665 τότε,
257 1631 286 1657 ὲν
314 1630 353 1665 τῷ
382 1630 412 1656 σὲ
437 1629 486 1664 τὴν
507 1628 684 1664 ἐξαρίθμησιν
714 1628 814 1664 ταύτην
850 1629 969 1664 ποιεῖ-ς
985 1639 1036 1665 ,ηεξ
1052 1643 1208 1666 "nouum.

144 1676 224 1710 σθαι,
249 1675 535 1710 ἀποστραφήσονται
562 1676 588 1702 οί
617 1674 718 1709 ἐχθροί
743 1683 802 1709 μσυ
829 1675 872 1707 εις
895 1674 931 1702 τὰ

144 1720 252 1749 ὀπίσω.

185 1778 258 1806 Ἰδοὺ
273 1778 382 1813 ἔγνων,
393 1778 438 1805 ὅτι
451 1779 522 1811 Θεός
534 1778 587 1812 μοί
601 1777 696 1805 ἐστιν,
728 1777 792 1806 Ἐπὶ
818 1777 858 1812 τῷ
872 1778 934 1812 Θεῷ

144 1824 255 1851 αἰνέσω
264 1823 358 1858 ῥῆμα,
370 1825 419 1851 ἐπὶ
437 1824 477 1857 τῷ
499 1825 596 1858 Κυρίῳ
615 1823 724 1851 αἰνέσω
752 1825 854 1859 λόγον’
882 1825 932 1852 ἐπὶ

145 1869 185 1903 τῷ
198 1870 294 1904 Κυρίῳ
311 1869 437 1904 ἤλπισα,
447 1871 482 1897 οὐ
496 1869 701 1905 φοϐηθήσομαι
713 1869 741 1897 τί
752 1870 872 1904 ποιήσει
882 1880 934 1905 μοι

144 1916 310 1950 ἄνθρωπος.
334 1916 411 1943 Κατὰ
443 1916 471 1943 δὲ
487 1915 533 1942 τὸν
558 1915 705 1951 Σύμμαχον
731 1915 811 1943 τοῦτό
840 1925 931 1952 φησιν·

147 1960 229 1995 οἴδα,
243 1962 287 1989 ὅτι
300 1963 366 1989 ἔστι
380 1962 450 1995 Θεός
464 1971 525 1997 μοι.
545 1962 600 1988 Τὸν
624 1962 698 1989 Θεὸν
724 1963 934 1998 ὐμνολογήσω,

145 2007 195 2035 διὰ
224 2007 278 2036 τοῦ
312 2008 385 2035 Θεοῦ
415 2007 655 2042 ὑμνοποιήσομαι
678 2009 780 2043 λόγον·
800 2008 841 2041 τῷ
874 2008 935 2042 Θεῷ

146 2054 284 2085 πέποιθα,
301 2055 337 2080 οὐ
350 2054 557 2088 φοϐηθήσομαι
574 2054 602 2081 τί
623 2054 743 2088 ποιήσει
756 2063 806 2089 μοι
825 2054 935 2089 ἀνθρω-

146 2106 213 2132 πος.
228 2099 324 2130 Ᾱὺτοῖς
335 2098 435 2134 ἔργοις,
448 2099 524 2134 φησὶ,
535 2099 701 2135 παρείληφα,
710 2100 758 2126 καὶ
772 2099 857 2133 ἔγνων
873 2099 936 2135 ἀλη-

147 2146 264 2178 θῶςβτι
277 2146 327 2172 οὐκ
339 2146 384 2172 ἐπὶ
402 2145 507 2181 ματαίῳ
533 2145 645 2180 ήλπισα·
669 2145 737 2172 ἀλλὰ
759 2145 824 2172 Θεὸν
841 2145 936 2180 βοηθὸν

147 2192 316 2228 ἐκτησάμην.
329 2191 429 2218 Τούτου
439 2192 468 2218 δὲ
481 2191 600 2227 ἔλεγχος,
617 2192 677 2218 ἐπεὶ
689 2191 759 2218 ἐθου
775 2190 811 2217 τὰ
822 2190 936 2225 δάκρυά

146 2247 204 2273 μου
221 2237 350 2265 ἐνώπιόν
365 2246 433 2265 σου.
449 2235 514 2263 Εἶτα
537 2236 606 2271 ἐμοῦ
622 2237 670 2272 μὲν
685 2237 802 2271 ἐπήκοος
813 2236 934 2270 ἐγίγνου,

148 2285 172 2311 οἱ
185 2284 214 2311 δὲ
226 2283 318 2319 ὲχθροί
344 2292 393 2318 μου
408 2282 527 2319 ἐχώρουν
548 2283 588 2314 εἰς
613 2282 648 2308 τὰ.
659 2282 756 2308 ὀπίσω·
773 2281 812 2308 διὸ
831 2281 881 2307 ἐπὶ
896 2281 936 2314 τῷ

149 2329 211 2363 Θεῷ
222 2329 333 2357 αἰνέσω
339 2329 431 2363 ῥῆμα·
461 2329 489 2364 ἢ,
507 2329 578 2356 κατὰ
592 2329 637 2355 τὸν
657 2327 770 2354 Ἀκύλαν
784 2336 791 2342 ·
813 2327 863 2354 Ἐν
879 2326 941 2360 Θεῷ

148 2375 339 2410 καυχήσομαι
363 2374 455 2409 ρἦαο
485 2374 556 2401 κατὰ
584 2374 612 2400 δὲ
637 2373 681 2400 τδν
701 2373 866 2408 Σύμμαχονν
883 2372 940 2399 Τὸν

150 2421 225 2448 Θεὸν
237 2420 444 2456 ὑμνολογ-ήσω·
451 2420 520 2447 ἀλλὰ
531 2421 576 2447 καὶ
587 2421 635 2447 ἐπι
649 2420 703 2446 τὸν
710 2420 818 2453 Κύριον
829 2418 938 2446 αἰνέσω

148 2466 250 2500 λόγον·
269 2465 299 2500 ἢ,
322 2465 392 2492 κατὰ
414 2465 460 2492 τὸν
489 2465 614 2497 Ἀκύλαν,
640 2465 675 2491 ἐν
694 2464 792 2498 Κυρίῳ
813 2463 937 2498 ὑμνήσω

148 2512 251 2547 λόγον·
267 2512 295 2548 ἥ,
308 2511 379 2538 κατὰ
389 2511 596 2548 τὸνΣύμμαχον,
607 2511 656 2538 διὰ
667 2511 721 2538 τοῦ
733 2511 841 2544 Κυρίου
851 2511 938 2544 ὑμνο-

149 2557 312 2592 ποιήσομαι
326 2558 427 2593 λόγον·
451 2558 497 2584 καὶ
509 2557 599 2590 πάλιν,
612 2557 650 2589 ὠς
666 2557 793 2592 ἀνωτέρω
805 2565 849 2592 μοι
862 2556 936 2592 sim—

149 2611 206 2630 ταν
230 2603 292 2629 Ἐπί
314 2602 355 2636 τῷ
384 2602 444 2636 Θεῷ
474 2603 600 2637 ἤλπισα,
625 2604 661 2630 οὐ
678 2602 883 2638 φοϐηθήσομαι
908 2602 936 2628 τί

150 2647 270 2681 ποιήσει
281 2657 331 2682 μοι
356 2648 443 2682 σάρξ·
474 2648 519 2675 καὶ
546 2648 593 2675 νῦν
620 2657 700 2684 φημι,
728 2648 789 2675 Ἐπὶ
816 2647 855 2680 τῷ
878 2647 937 2680 Θεῷ

149 2693 279 2728 ἤλπισα,
300 2694 336 2720 οὐ
353 2693 559 2728 φοϐηθήσομαι
575 2694 603 2720 τί
617 2693 736 2727 ποιήσει
763 2702 812 2728 μοι
829 2692 940 2726 ἅνθρω-

150 2747 218 2771 πος.
237 2738 310 2774 Σὰρξ
320 2739 375 2774 γὰρ
399 2739 445 2765 καὶ
470 2739 612 2775 ἄνθρωπος
628 2738 657 2765 ἒν
673 2739 720 2766 καὶ
745 2738 842 2765 ταυτὸν
855 2738 939 2768 ἐστιν,

150 2783 244 2818 ἐπειδὴ
262 2783 395 2810 λέλεκται·
418 2784 516 2819 Ὑμεῖς
536 2784 570 2811 δὲ
592 2785 633 2817 ὡς
648 2784 795 2818 ἅνθρωποι
810 2782 940 2815 ἀποθνή-

151 2836 252 2856 σκετε·
275 2829 332 2860 καὶ,
353 2829 440 2857 Ὅταν
457 2830 511 2866 γὰρ
524 2827 546 2865 ᾖ
558 2830 593 2856 ἐν
608 2829 679 2864 ὑμῖν
697 2828 784 2863 ζῆλος
803 2828 851 2856 καί
867 2829 942 2863 ἐριςν

190 2908 209 2922 "
228 2907 290 2936 lsai.
311 2915 395 2942 ut”,
408 2909 434 2936 9.
475 2909 506 2925 ¹¹¹⁸
521 2908 591 2939 Psai,
606 2916 696 2941 Lxul,
711 2909 736 2937 ἶ.

1021 1786 1103 1816 Vsus.
1117 1788 1160 1816 Η.
1173 1787 1240 1816 Ecce
1256 1796 1362 1823 coquom
1373 1789 1495 1824 quoniam
1512 1786 1582 1814 Deus
1595 1786 1658 1814 milli
1669 1790 1717 1814 est.
1735 1784 1770 1813 In

986 1837 1041 1866 Deo
1055 1838 1170 1866 laudabo
1186 1840 1301 1872 verbum,
1314 1839 1341 1866 in
1354 1838 1468 1866 Domino
1478 1837 1592 1864 laudabo
1604 1844 1748 1864 sermonem
1758 1843 1769 1862 :

985 1889 1014 1915 in
1027 1889 1138 1916 Domino
1147 1889 1257 1924 speravi,
1270 1897 1321 1916 non
1330 1888 1422 1916 timebo
1436 1887 1498 1923 quid
1511 1887 1593 1922 faciat
1606 1886 1670 1913 mihi
1681 1886 1769 1913 homo.

988 1937 1144 1966 Secundum
1162 1938 1352 1974 Symmachum
1375 1941 1464 1965 autem
1482 1938 1521 1965 sic
1543 1937 1582 1964 ait.
1596 1946 1602 1964 :
1616 1936 1684 1964 Novi
1700 1935 1770 1971 quod

987 1987 1021 2014 sit
1037 1986 1107 2014 Deus
1122 1986 1197 2013 milli.
1217 1986 1298 2013 Deum
1310 1986 1455 2018 celebrabo,
1469 1994 1514 2021 per
1528 1985 1612 2013 Deum
1626 1992 1770 2012 sermonem

987 2033 1015 2060 in
1030 2033 1156 2068 hymnum
1175 2036 1341 2064 convertam;
1356 2033 1384 2059 in
1397 2032 1450 2059 Deo
1468 2032 1580 2066 speravi,
1605 2039 1657 2059 non
1676 2031 1770 2058 timebo

987 2079 1049 2115 quid
1065 2079 1144 2113 faciet
1160 2079 1224 2106 mihi
1235 2079 1321 2106 homo.
1334 2079 1403 2114 ipsis
1417 2078 1555 2114 operibus,
1568 2077 1666 2112 inquit,
1679 2077 1772 2112 accepi

988 2131 1015 2154 et
1029 2134 1092 2154 vere
1109 2126 1171 2154 novi
1195 2133 1239 2154 me
1262 2133 1319 2153 non
1337 2125 1440 2153 frustra
1465 2133 1593 2160 sperasse
1605 2146 1612 2157 ,
1628 2124 1674 2152 sed
1686 2123 1772 2151 Deum

989 2170 1141 2206 adjutorem
1167 2170 1331 2198 obtinuisse.
1344 2169 1490 2205 Cujus-rei
1515 2173 1703 2204 argumentum
1718 2171 1771 2199 est,

989 2217 1062 2253 quod
1077 2218 1188 2252 posuisti
1202 2218 1333 2253 lacrymas
1344 2225 1418 2244 meas,
1427 2217 1454 2244 in
1467 2221 1606 2251 conspectu
1625 2220 1679 2242 tuo.
1690 2213 1772 2241 Dein-

990 2262 1024 2289 de
1039 2262 1106 2289 mihi
1122 2262 1233 2297 quidem
1258 2263 1395 2298 propitius
1413 2261 1507 2295 fuisti;
1522 2260 1625 2288 inimici
1644 2267 1708 2287 vero
1719 2260 1773 2286 mei

954 2311 1065 2342 Dretro
1092 2312 1259 2336 cesserunt:
1283 2316 1368 2344 quare
1391 2308 1420 2335 in
1442 2307 1496 2334 Deo
1512 2306 1627 2334 laudabo
1652 2304 1773 2336 uerbum;

992 2353 1060 2386 sive,
1069 2354 1220 2384 secundum
1229 2354 1370 2390 Aqnilam:
1383 2352 1416 2380 In
1424 2353 1478 2380 Deo
1487 2352 1640 2387 gloriﬁcabo
1651 2349 1773 2380 verbum;

991 2399 1142 2427 secundum
1168 2398 1360 2435 Symmachum
1387 2402 1477 2425 autem
1495 2407 1501 2424 :
1523 2396 1606 2423 Deum
1620 2395 1774 2422 celebrabo:

990 2443 1038 2471 sed
1060 2446 1140 2472 etiam
1157 2444 1186 2471 in
1209 2444 1321 2471 Domino
1342 2442 1456 2470 laudabo
1472 2448 1633 2472 sermonem;
1649 2443 1706 2471 aut,
1731 2447 1776 2466 se-

990 2493 1110 2516 cundum
1125 2489 1263 2524 Aquilam,
1277 2490 1304 2516 in
1321 2487 1435 2515 Domino
1456 2486 1590 2514 celebrabo
1617 2493 1774 2516 sermonem,

989 2535 1056 2568 sive,
1065 2535 1213 2563 secundum
1223 2535 1423 2570 Symmachum.
1430 2542 1474 2569 per
1482 2533 1623 2560 Dominum
1631 2540 1775 2560 sermonem

988 2581 1015 2606 in
1042 2580 1166 2614 hymnum
1195 2584 1341 2606 convertam
1360 2588 1369 2606 :
1399 2587 1430 2606 ac
1452 2585 1571 2610 rursum,
1602 2581 1632 2605 ut
1649 2577 1775 2613 superius

989 2624 1044 2652 dixi
1063 2635 1069 2651 :
1087 2624 1120 2652 In
1144 2624 1199 2652 Deo
1216 2625 1328 2660 speravi,
1347 2633 1398 2652 non
1414 2623 1507 2651 timebo
1529 2623 1591 2659 quid
1610 2623 1693 2658 faciat
1711 2622 1776 2649 mihi

991 2677 1070 2697 caro:
1092 2669 1132 2698 sic
1151 2670 1207 2704 jam
1229 2670 1291 2697 dico
1311 2679 1318 2696 :
1337 2669 1370 2696 In
1399 2669 1453 2696 Deo
1478 2669 1590 2704 speravi,
1606 2677 1657 2695 non
1682 2668 1775 2694 timebo

992 2721 1054 2756 quid
1066 2721 1145 2756 faciet
1161 2721 1225 2748 milii
1238 2721 1326 2750 homo.
1342 2721 1414 2748 Caro
1435 2721 1506 2749 enim
1518 2725 1545 2748 ct
1564 2720 1644 2747 homo
1657 2719 1774 2754 idipsum

994 2777 1067 2808 sunt,
1080 2773 1299 2808 quandoquidem
1315 2773 1419 2800 dictum
1438 2777 1500 2801 est:
1525 2773 1576 2800 Vos
1596 2776 1683 2799 autem
1707 2770 1775 2797 sicut

994 2826 1108 2855 homines
1120 2826 1339 2860 moriemini‘i“,
1364 2829 1401 2860 ct,
1425 2825 1491 2854 Cum
1517 2826 1584 2853 enim
1603 2825 1637 2852 sit
1659 2823 1729 2851 zelus
1749 2830 1774 2852 et
