2064 3212
292 182 344 209 £99

648 180 783 209 EUSEBII
799 179 1037 208 CAZSARIENSIS
1056 178 1129 206 CPP.
1152 178 1253 206 PARS.
1275 178 1318 205 Ill;
1340 194 1375 200 -——
1395 178 1596 208 EXEGETlCA.

1865 183 1916 212 500

291 240 420 267 ronlenlio
437 240 504 267 inter
514 248 568 270 vns‘
583 249 667 268 nonne
679 241 799 268 carnales
811 242 885 273 estis,
898 246 922 267 et
934 239 1075 267 secundum

1134 240 1193 274 7-ὐχὶ
1206 241 1343 274 σαρκικοί
1363 241 1442 273 ἐστε,
1459 241 1507 268 καὶ
1526 241 1600 268 κατὰ
1616 240 1772 276 ἄνθρωπον
1792 250 1917 277 περιπα-

291 285 422 312 hatninem
440 285 584 313 ambulalis
596 287 617 302 ¹⁸
629 287 641 312 ?

328 341 409 369 Vens.
427 342 471 374 12,
482 343 526 370 l5.
539 342 571 369 In
587 351 627 370 me
642 347 712 375 sunt,
724 343 805 377 Deus,
819 349 877 371 vota
886 352 944 379 qua:
959 343 1078 375 reddam,

292 388 460 416 laudationes
484 389 541 416 libi.
569 389 701 422 Quoniam
729 391 849 425 eripuisti
864 391 980 416 animum
995 398 1078 416 meam

291 432 323 458 tle
340 439 432 466 morte,
451 438 474 460 el
492 433 567 467 pedes
579 442 649 461 meos
665 434 696 461 de
711 435 798 469 lapsu,
812 441 838 462 ut
853 436 971 469 placeant
989 443 1078 462 coram

294 477 346 505 Deo
364 478 390 505 in
403 479 501 505 lumine
518 479 666 506 viventium.
684 479 736 507 Pro
752 481 797 507 illo
811 490 817 506 :
833 479 864 506 In
880 489 919 507 me
933 486 992 507 sunt
1009 480 1078 508 Deus

293 528 363 555 vota,
379 532 437 559 quw
455 524 563 551 reddant
592 525 755 552 laudationis
784 527 840 557 tibi,
854 527 975 560 apertius
999 525 1078 561 Sym—

293 570 407 598 machus
432 571 627 606 interpretatus
653 576 705 604 est,
723 573 834 599 dicens:
855 572 969 606 Recipio,
997 572 1079 604 Deus,

294 625 352 651 qua:
376 622 498 650 precatus
514 626 572 644 sum
584 624 594 643 .'
613 618 720 645 reddant
738 618 903 646 laudationes
933 619 990 646 tibi.
1019 619 1079 646 Non

293 662 367 689 cnim
381 663 493 695 oblitus,
507 665 555 695 ait,
569 671 665 692 eorum
683 672 742 699 qua:
756 669 882 699 precatus
898 673 977 698 sum;
993 665 1040 693 sed
1053 666 1080 692 in

294 715 337 734 uie
348 713 422 740 sunt,
437 713 464 735 ct
484 710 574 736 omnia
590 709 618 736 in
635 710 765 736 memoria
783 710 886 737 rctineo
911 718 1080 746 qua‘cuuque

293 755 430 789 precando
455 757 567 790 promisi
593 765 599 782 :
626 764 685 791 quae
712 765 761 784 ceu
785 756 922 791 quoddam
945 757 1079 790 debitum,

294 800 397 828 hostias
410 800 498 828 laudis
513 801 650 829 oﬂ‘crendo
675 802 838 836 persolvant,
859 802 1009 829 secundum
1025 803 1081 830 elo-

293 847 388 881 quium
401 847 484 875 illud:
496 847 610 875 Immola
623 847 675 875 Deo
685 849 845 883 sacriﬁcium
857 848 957 880 laudis,
967 853 992 876 et
1004 849 1081 876 redde

293 892 407 919 Domino
423 899 482 920 vota
498 899 542 920 tua
554 895 586 922 ¹⁹.
598 894 714 921 Olfcram
726 894 818 929 itaque
830 895 877 921 libi
891 895 1010 922 hostiam
1023 895 1081 922 lau-

294 938 348 971 dis,
365 942 458 973 utpote
472 939 601 967 conscius
617 947 661 967 me
678 940 763 966 multa
778 948 827 975 pro
845 940 933 967 salute
950 948 1009 968 mea
1030 940 1079 968 de-

295 983 370 1010 bere.
388 982 475 1018 lpsam
491 989 565 1011 certe
573 985 692 1012 animam
704 992 793 1012 meam
809 992 825 1011 a
841 989 928 1013 morte
946 985 1078 1013 liberasti.

293 1027 361 1055 Nam
378 1029 483 1056 inimici
509 1031 562 1057 mei
587 1038 637 1064 pro
655 1030 758 1058 viribus
781 1031 868 1065 ipsam
891 1032 1039 1066 pellebant,
1054 1036 1081 1059 et

294 1081 393 1109 magna
404 1074 432 1101 vi
447 1075 582 1102 curabant
596 1083 655 1102 eam
675 1075 701 1102 in
717 1080 833 1103 mortem
850 1077 1081 1112 dejicerc.Siqui-

295 1119 357 1146 dem
370 1119 434 1146 dum
449 1127 492 1147 me
506 1120 647 1155 pellerent,
662 1124 843 1156 cogeremque
860 1122 893 1149 ad
904 1122 1081 1150 habitandum

295 1165 323 1191 in
340 1164 430 1192 medio
445 1165 646 1201 allophylorum
665 1170 692 1194 et
703 1167 932 1202 alienigenarum,
949 1173 1080 1203 quantum

296 1211 326 1236 in
339 1209 407 1244 ipsis
423 1214 482 1237 erat
494 1211 613 1238 animam
630 1213 781 1240 enecabant
798 1221 905 1247 meam;
925 1215 1081 1249 proximum

296 1255 396 1290 quippe
408 1259 466 1283 erat
480 1260 509 1283 ut
523 1256 556 1284 ad
573 1257 771 1294 allopbylorum
798 1259 978 1288 idololatriam
1004 1269 1082 1290 acce-

297 1301 401 1333 derem.
429 1302 455 1329 in
479 1303 569 1330 medio
590 1311 685 1331 eorum
715 1305 862 1334 habitans:
878 1315 932 1342 quo
961 1311 1082 1344 tempore

297 1345 370 1381 apud
382 1346 476 1375 Achus
497 1347 524 1374 in
545 1348 614 1376 Getb
630 1353 656 1376 et
670 1349 742 1384 apud
765 1351 918 1387 allophylos
939 1352 1080 1387 degebam,

295 1391 352 1427 jam
367 1392 471 1427 pridem
498 1393 533 1421 ab
560 1401 602 1426 ea.
616 1403 676 1430 quas
694 1403 777 1431 penes
792 1401 819 1425 te
834 1402 886 1430 est,
903 1398 958 1425 vita
977 1398 1080 1434 lapsus,

298 1439 390 1465 anima
404 1443 529 1467 mortuus
543 1447 630 1468 essem
644 1449 651 1467 :
667 1441 714 1469 sed
739 1442 827 1476 gratia
851 1446 879 1470 et
893 1443 1082 1471 misericordia

298 1488 346 1512 tua
361 1485 387 1512 id
404 1486 562 1521 contingere
577 1494 630 1513 non
643 1487 783 1522 permisit;
793 1489 1013 1524 quandoquidem
1027 1498 1080 1522 me,

298 1531 380 1558 etiam
407 1532 478 1567 apud
503 1532 654 1568 aliopbylos
676 1538 842 1567 versantem,
864 1536 1034 1571 protegebas,
1053 1540 1082 1563 ut

1130 285 1203 312 τεῖτε
1212 293 1221 317 ;

1162 344 1213 370 Ἐν
1224 343 1298 378 ἐμοὶ,
1308 345 1324 370 ό
1333 343 1413 376 Θεὸς,
1423 345 1454 370 al
1463 343 1560 378 εὐχαὶ,
1570 343 1606 376 dc
1620 344 1764 371 ἀποδώσω
1776 341 1928 378 αινὲσεώς¹

1129 398 1186 416 σοι.
1208 390 1267 415 ’Ότι
1291 389 1407 422 ἐρῤὐσω
1435 389 1492 423 τὴν
1506 389 1611 423 ψυχήν
1631 398 1690 423 μου
1715 390 1750 416 ἐκ
1776 390 1916 422 θανάτοιν,

1129 435 1262 468 καὶτοὺς
1274 435 1369 467 πόδας
1378 444 1437 469 μου
1457 434 1492 466 ἐξ
1511 435 1723 470 ὀλισθήματος,
1743 436 1795 462 τοῦ
1818 437 1919 470 εὐαρε-

1129 481 1242 515 στῆσαι
1258 481 1387 508 ἑιώπιον
1399 481 1451 507 τοῦ
1464 481 1537 508 Θεοῦ
1555 482 1589 507 ἐν
1606 482 1678 516 φωτὶ
1699 481 1822 511 ζώντων.
1847 482 1918 508 Ἀντὶ

1128 527 1186 558 τοῦ,
1208 529 1254 553 Ἐν
1267 527 1342 562 ἐμοὶ,
1360 529 1376 553 ὁ
1393 527 1473 560 Θεὸς,
1487 528 1516 553 al
1526 527 1623 561 εὐχαὶ,
1641 527 1677 560 ιῖς
1689 525 1834 554 ἀποδώσω
1845 527 1909 554 alré

1131 574 1207 607 σεώς
1226 583 1285 606 σοι,
1304 574 1469 610 σαφέστερον
1486 575 1657 610 ἡρμήνευε-εν
1684 576 1698 601 ό
1719 575 1866 610 Σύμμαχος
1880 577 1918 601 εῖ-

1130 620 1198 646 πὼν·
1240 620 1440 654 Ἀι-αδέχομαι,
1465 620 1528 652 Θεὲ,
1555 619 1573 646 ἁ
1595 619 1743 654 ηὐξάμην
1774 620 1919 647 ἀποδώσω

1129 667 1259 698 αἱνέσεις
1273 673 1331 692 σοι.
1347 667 1383 692 Οὐ
1405 667 1459 702 γὰρ
1473 666 1662 701 ἐπιλέλησμαι,
1686 667 1762 701 φησὶ,
1779 663 1816 692 ὧν
1835 666 1918 701 ηὐξά-

1132 720 1195 746 μην·
1209 711 1266 737 ἀλλ’
1281 712 1310 737 ὲν
1324 712 1384 747 ὲμοί
1399 712 1462 743 εἱσι,
1489 712 1535 738 καὶ
1555 712 1661 746 κατέχω
1676 713 1708 747 τῇ
1725 712 1820 747 μνήμῃ
1833 712 1922 742 πάντα.

1129 758 1179 784 ὅσα
1192 758 1397 793 ἐπηγγειλάμην
1414 757 1571 793 εὐξάμενος
1588 757 1605 784 ἃ
1620 758 1667 784 καὶ
1681 758 1775 794 ὥσπερ
1787 767 1813 783 τι
1841 759 1919 793 χρέος

1130 803 1271 836 ἀποδώσω,
1286 804 1381 835 θυσίας
1395 805 1537 840 ἀναφέρων
1547 805 1595 836 τὰς
1603 805 1636 831 δι’
1646 805 1783 836 αἰνέσεως,
1793 805 1839 831 καὶ
1851 805 1921 831 κατὲι

1130 851 1159 878 τὸ
1176 851 1278 886 φάσκον
1306 850 1404 885 λόγιον·
1435 851 1535 878 Θῦσον
1562 851 1601 884 τῷ
1626 851 1687 883 Θεῷ
1711 851 1821 878 θυσίαν
1840 851 1919 877 αἰνέ-

1131 904 1218 929 σεως,
1228 896 1276 922 καὶ
1288 896 1401 929 ἀπόδος
1411 896 1450 928 τῷ
1466 897 1562 931 Κυρίῳ
1573 896 1626 929 τὰς
1644 896 1737 931 εὐχάς
1752 904 1820 923 σου.
1839 896 1919 922 Ἀπο-

1130 942 1208 969 δὼσω
1238 943 1328 969 τοίνυν
1353 942 1482 974 αἰνέσεως
1497 951 1548 969 σοι·
1577 943 1670 978 ἐπειδὴ
1699 942 1783 968 πολλὰ
1813 942 1920 968 σύνοιδα

1130 988 1239 1024 ἐμαυτῷ
1250 989 1383 1024 ὀφείλοντι
1398 989 1468 1024 ὑπὲρ
1478 990 1527 1024 τῆς
1538 989 1658 1024 ἐμαυτοῦ
1673 988 1817 1024 σωτηρίας.
1831 988 1919 1024 Αὐτὴν

1131 1037 1195 1070 γοῦν
1211 1035 1260 1071 τὴν
1272 1035 1361 1071 ψυχήν
1379 1044 1429 1070 μου
1444 1034 1553 1070 ὲρρύσω
1566 1035 1598 1061 ὲκ
1613 1034 1739 1062 θανάτου.
1757 1035 1787 1061 Οἱ
1801 1035 1850 1070 μὲν
1866 1034 1920 1069 γὰρ

1131 1080 1221 1116 ἐχθροί
1235 1089 1285 1116 μου
1306 1081 1337 1107 τὸ
1361 1081 1422 1107 ὅσον
1445 1080 1488 1106 ἐπ’
1514 1080 1607 1111 αὐτοῖς
1630 1079 1744 1114 ἠλαυνον
1759 1080 1853 1114 αὐτὴν,
1874 1080 1919 1106 καὶ

1131 1125 1298 1159 ἐξεῦιάξοντο
1324 1127 1363 1157 εις
1385 1125 1497 1152 θάνατον
1523 1125 1660 1151 ἐκπεσεῖν.
1691 1124 1862 1157 Ἐλαύνοντές
1887 1133 1919 1160 με

1131 1171 1194 1206 γὰρ,
1206 1171 1253 1197 καὶ
1271 1170 1351 1205 μέσον
1369 1169 1523 1204 ἀλλοφύλων
1545 1170 1593 1196 καὶ
1615 1167 1766 1203 ἀλλογενῶν
1782 1169 1867 1195 ἐθνῶν
1883 1169 1920 1194 οἱ·

1131 1218 1189 1243 κεῖν
1202 1216 1461 1250 καταναγκάζοντες,
1477 1215 1509 1242 τὺ
1531 1216 1574 1241 ἐπ’
1587 1216 1680 1247 αὐτοῖς
1693 1215 1741 1250 τὴν
1764 1215 1853 1250 ψυχήν
1871 1223 1918 1250 μου

1132 1264 1288 1290 ἐθανάτουνε
1304 1263 1388 1298 ἤγουν
1405 1262 1522 1297 ἧμελλον
1546 1261 1732 1288 συνάπτεσθαι
1745 1263 1776 1296 τῇ
1792 1261 1847 1287 τῶν
1872 1261 1919 1287 ἁλ-

1132 1309 1252 1344 λοφύλων
1278 1308 1492 1344 εἰδωλολατρείᾳ,
1522 1307 1603 1343 μέσος
1629 1308 1718 1334 αὐτῶν
1744 1307 1836 1337 οἰκῶν,
1860 1307 1918 1333 καθ’

1132 1355 1178 1387 οὒς
1199 1355 1311 1390 χρόνους
1335 1353 1410 1389 παρὰ
1435 1353 1474 1389 τῷ
1504 1353 1598 1388 Ἀχοῦς
1616 1353 1675 1389 (sic)
1696 1353 1741 1380 xui.
1762 1353 1790 1379 ἐν
1813 1353 1846 1386 τῇ
1870 1352 1920 1378 Γὲο

1132 1401 1208 1436 παρὰ
1222 1401 1278 1432 τοῖς
1289 1400 1446 1434 ἀλλοφύλοις
1456 1399 1604 1435 ἐποιούμην
1619 1399 1668 1430 τὰς
1678 1398 1826 1433 διατριϐὰς,
1838 1398 1920 1424 πάλαι

1132 1447 1165 1474 ἂν
1179 1447 1227 1483 τὴν
1240 1446 1329 1482 ψυχήν
1356 1454 1406 1481 μου
1435 1445 1585 1480 τεθνήκειν,
1615 1445 1665 1479 τῆς
1693 1443 1769 1478 παρὰ
1792 1443 1833 1470 σοὶ
1850 1443 1920 1477 ζωῆς

1133 1492 1267 1519 ἐκπεσών·
1286 1491 1343 1518 ἀλλ’
1360 1492 1376 1527 ἡ
1396 1491 1429 1527 σὴ
1445 1491 1524 1526 χάρις
1539 1490 1585 1517 καὶ
1607 1490 1639 1516 τὸ
1653 1490 1698 1516 σὺν
1713 1489 1785 1521 ἕλεος
1811 1489 1841 1515 οὐ
1860 1497 1921 1514 συν-

1133 1538 1255 1574 εχώρησε
1270 1537 1348 1564 τοῦτο
1361 1537 1497 1571 γενέσθαι·
1508 1536 1569 1562 ἐπεὶ
1586 1536 1633 1562 καὶ
1646 1535 1722 1571 παρὰ
1734 1536 1790 1566 τοῖς
1805 1533 1919 1568 ἀλλοφύ-

298 1576 367 1603 nibil
380 1577 447 1604 mihi
467 1577 621 1605 detrimenti
637 1585 669 1606 ex
693 1586 786 1606 eorum
807 1581 943 1608 consortio
974 1581 1082 1609 accede-

1134 1584 1187 1617 λοις
1206 1593 1239 1620 με
1260 1584 1326 1611 ὄντα
1351 1583 1556 1619 περιέφραττες,
1583 1581 1620 1613 ὡς
1639 1581 1721 1616 μηδὲν
1735 1580 1920 1607 καταὸλὰπτε-

300 1625 352 1649 ret.
379 1621 550 1657 Quapropter
567 1623 650 1650 dico:
669 1623 772 1652 Emisti
797 1627 914 1652 animam
941 1635 1024 1654 meam
1052 1627 1082 1654 de

299 1671 398 1698 morte;
413 1667 478 1702 quin
493 1668 574 1694 etiam
589 1669 685 1695 eruisti
698 1669 776 1703 pedes
787 1679 855 1698 meos
870 1671 901 1697 de
917 1671 1001 1705 lapsu.
1016 1672 1082 1705 Quis

300 1712 374 1739 enim
402 1719 457 1739 non
480 1720 625 1746 perversus
651 1718 746 1746 esset,
769 1723 820 1742 ceu
845 1717 873 1743 in
899 1717 985 1744 lutum
1014 1718 1084 1745 dela-

301 1763 379 1791 psus,
392 1760 420 1783 et
434 1757 538 1784 lubrica
564 1758 591 1784 in
616 1758 676 1785 loca
696 1759 829 1794 dejectus,
844 1761 949 1790 medius
972 1763 1083 1791 relictus

302 1803 374 1830 inter
389 1806 429 1830 tot
441 1803 536 1830 atheos
548 1807 576 1831 et
595 1804 755 1833 idololatras
767 1805 860 1833 viros?
871 1806 971 1834 Verum
991 1807 1017 1835 in
1033 1808 1085 1836 bac

301 1856 392 1877 rerum
405 1848 561 1877 conditione
574 1849 667 1877 aderat
682 1850 871 1880 misericordia
884 1856 910 1880 et
923 1854 1010 1889 gratia
1026 1858 1083 1887 tua,

304 1903 404 1924 eruens
422 1895 503 1931 pedes
523 1904 599 1925 meos
614 1897 647 1924 de
661 1897 755 1933 lapsu;
781 1905 869 1934 neque
895 1900 967 1927 enim
990 1900 1085 1928 virtuti

303 1942 360 1970 hac
373 1942 481 1972 ascribo
496 1950 580 1977 meae;
597 1943 662 1979 quia
679 1951 733 1971 non
747 1943 785 1971 ita
803 1944 881 1973 fortis
897 1946 989 1973 animo
999 1954 1084 1980 eram,

302 1993 334 2018 ut
345 1989 523 2017 immutabilis
537 1995 685 2022 manerem,
698 1997 761 2017 eum
783 1991 811 2019 in
835 1991 955 2019 medium
971 1996 1010 2020 tot
1033 1993 1085 2021 ho-

302 2035 409 2062 minum
434 2035 579 2063 devolutus
604 2043 704 2069 essent,
719 2037 772 2065 nisi
800 2041 829 2065 tu
850 2039 952 2066 auxilio
974 2039 1084 2068 fuisses.

304 2081 394 2114 Quare
405 2082 537 2109 conﬁtens
552 2083 653 2116 gratias
670 2091 730 2118 ago,
749 2085 878 2119 quoniam
897 2085 1022 2120 eripuisti
1038 2094 1085 2121 pe-

303 2127 352 2154 des
374 2133 449 2153 mcos
461 2126 495 2154 de
516 2127 604 2162 lapsu.
627 2128 744 2163 Haecque
758 2129 825 2156 mihi
841 2131 1027 2158 misericordia
1040 2136 1087 2159 tua

304 2172 454 2205 concessit,
466 2177 494 2199 at
505 2172 623 2207 placeam
639 2182 728 2201 coram
739 2179 763 2202 te
777 2175 805 2201 in
817 2175 914 2202 lumine
929 2176 1086 2209 viventium;

304 2219 372 2252 sive,
391 2218 542 2246 secundum
562 2219 766 2255 Symmachum,
781 2226 809 2248 ut
827 2222 947 2249 incedam
973 2223 999 2250 in
1023 2232 1087 2251 can-

304 2270 393 2300 speclu
405 2265 455 2292 Dei
468 2274 513 2300 per
521 2266 609 2293 lumen
621 2267 689 2294 vitta.
702 2266 793 2295 Moras
807 2267 889 2303 igitur
902 2268 1004 2297 faciens
1015 2270 1086 2306 apud
1101 2259 1124 2287 D

304 2311 467 2347 aliopbylos,
485 2320 501 2339 a
525 2316 599 2340 recta
612 2317 638 2340 et
654 2314 728 2348 regia
743 2313 787 2340 via
807 2321 861 2341 non
876 2314 1010 2349 declinat;
1027 2316 1085 2349 sed,

303 2362 342 2389 ait
358 2371 365 2389 :
382 2360 443 2390 Tibi
458 2361 559 2397 placito
578 2368 654 2390 more
666 2361 824 2390 incedebam
840 2363 939 2391 ductus
954 2364 1002 2391 abs
1022 2369 1048 2392 te
1061 2369 1087 2392 et

303 2408 475 2442 illustratus;
491 2417 545 2436 non
563 2409 624 2436 luce
640 2409 728 2437 solum
756 2410 801 2436 illa
819 2410 958 2437 communi
981 2410 1085 2443 fruens,

305 2454 431 2482 omnibus
444 2459 590 2490 prasente,
606 2456 815 2483 rationabilibus
830 2460 856 2483 et
868 2456 967 2489 brutis,
984 2456 1049 2485 feris
1060 2462 1088 2485 et

306 2499 458 2534 reptilibus,
478 2501 594 2528 mortuis
613 2506 640 2529 et
670 2502 848 2536 inanimatis;
863 2502 911 2530 sed
934 2502 979 2529 illa
1005 2503 1087 2530 etiam

305 2552 366 2579 qua:
382 2547 487 2572 tantum
500 2546 543 2578 iis,
558 2547 605 2581 qui
624 2546 697 2582 apud
716 2550 743 2574 te
758 2547 862 2579 vivunt,
879 2547 1014 2582 destinata
1035 2552 1095 2585 est._

305 2589 410 2617 Lumen
423 2597 504 2625 porro
520 2592 587 2619 illud
600 2593 760 2625 viventium,
780 2601 834 2628 quo
854 2593 939 2621 David
954 2598 981 2621 et
994 2602 1090 2622 omnes

307 2635 362 2662 Deo
373 2635 477 2670 accepti
490 2636 627 2671 propheta
638 2641 664 2665 et
673 2638 740 2673 justi
755 2637 884 2665 illustrati
909 2642 974 2666 sunt
993 2639 1091 2666 intelli-

306 2689 363 2717 ges,
378 2681 401 2708 si
419 2681 545 2709 attendas
563 2683 736 2718 evangelista
753 2683 853 2711 dicenti
873 2694 879 2712 :
895 2685 971 2717 Quod
989 2685 1089 2719 factum

306 2733 346 2755 est
368 2729 394 2755 in
420 2728 477 2762 ipso
486 2728 519 2760 ",
535 2729 638 2757 scilicet
655 2729 703 2758 Dei
716 2730 807 2759 Verbo
824 2732 895 2766 quod
912 2732 939 2758 in
955 2733 1090 2767 principio

308 2774 380 2809 apud
401 2774 485 2801 Deum
502 2778 573 2808 erat,
589 2775 643 2803 vita
665 2781 732 2809 erat,
752 2782 777 2804 et
803 2778 858 2804 vita
874 2783 929 2805 erat
950 2781 996 2805 tua:
1009 2778 1091 2805 homi-

308 2829 369 2848 num
385 2821 405 2836 "
423 2829 429 2848 :
444 2828 476 2848 ac
492 2828 624 2849 rursum:
645 2821 712 2848 Erat
735 2823 780 2850 lux
798 2831 858 2851 vera
883 2832 940 2858 qua:
958 2825 1090 2852 illuminat

1134 1631 1195 1657 σθαι
1211 1631 1243 1656 ἐκ
1260 1630 1309 1665 τῆς
1328 1629 1429 1656 τούτων
1445 1628 1597 1660 συνουσίας.
1619 1628 1664 1653 Διό
1691 1634 1773 1662 φημι*
1791 1626 1921 1661 Ὲῤῥύσω

1133 1676 1190 1710 τὴν
1204 1675 1309 1709 ψυχήν
1323 1684 1382 1710 μου
1393 1675 1427 1701 ἐκ
1441 1674 1580 1702 θανάτου·
1598 1673 1665 1700 ἀλλὰ
1678 1673 1725 1699 καὶ
1743 1672 1813 1705 τοὺς
1826 1671 1919 1704 πόδας

1131 1731 1190 1757 μου
1204 1721 1310 1757 ὲρρύσω
1324 1721 1358 1753 ἐξ
1373 1720 1584 1755 ὀλισθήματος.
1611 1720 1658 1751 Τίς
1687 1719 1739 1754 γὰρ
1752 1719 1802 1744 οὐκ
1823 1717 1855 1744 ἂν
1881 1717 1919 1744 δι-

1135 1766 1251 1802 ετράπη,
1279 1765 1372 1800 ὥσπερ
1395 1766 1434 1796 εὶς
1449 1765 1533 1799 πηλὸν
1560 1764 1666 1798 ὲμὸὰς,
1694 1765 1740 1790 καὶ
1770 1763 1919 1799 ὀλισθηροῖς

1136 1812 1290 1848 περιπεσὼν
1320 1811 1438 1847 χωρίοις,
1476 1810 1557 1846 μέσος
1583 1809 1717 1836 τοσούτων
1746 1808 1920 1843 ἀπολειφθεὶς

1135 1858 1221 1885 ἀθέων
1238 1859 1284 1884 καὶ
1299 1855 1496 1892 εἰδωλολατρῶν
1518 1856 1638 1892 ὰνδρῶν;
1660 1856 1729 1882 Ἀλλ’
1745 1853 1778 1891 ἦν
1797 1855 1851 1890 ἄρα
1874 1854 1920 1882 καὶ

1136 1906 1164 1931 ὲν
1176 1904 1262 1939 τούτῳ
1275 1903 1305 1930 τὸ
1320 1903 1365 1929 σὺν
1382 1903 1465 1934 ἕλεος,
1480 1902 1526 1929 καὶ
1539 1903 1555 1938 ἡ
1579 1902 1612 1938 σὴ
1627 1902 1707 1937 χάρις
1724 1901 1844 1936 ῥυομένη
1871 1909 1919 1936 μου

1136 1950 1198 1981 τοὺς
1212 1950 1294 1981 πόδας
1312 1949 1341 1982 ἐξ
1351 1949 1539 1984 ὀλισθήματος·
1555 1949 1585 1975 οὺ
1609 1948 1663 1984 γὰρ
1679 1947 1796 1983 ἐμαυτοῦ
1810 1947 1920 1981 δυνάμει

1137 1996 1280 2031 ἐπιγράψω
1309 1995 1402 2022 ταῦτα·
1422 1995 1481 2021 ἐπεὶ
1513 1995 1573 2030 μηδ’
1599 1993 1685 2026 οὕτως
1710 1993 1783 2029 ἥμην
1811 1992 1920 2028 στερρὸς

1135 2041 1184 2077 τὴν
1196 2041 1283 2076 ψυχὴν
1297 2041 1334 2072 ὡς
1344 2040 1504 2076 ἀδιάτρεπος
1515 2040 1615 2074 μένειν,
1629 2039 1657 2064 ὲν
1666 2037 1705 2073 τῷ
1716 2037 1816 2073 μεταξὺ
1831 2036 1922 2063 τοσού-

1136 2096 1190 2114 των
1206 2087 1337 2122 εἱλῆσῦαι,
1355 2087 1379 2113 εἰ
1397 2087 1433 2122 μὴ
1457 2086 1489 2112 σὺ
1510 2084 1581 2120 ἦσθα
1599 2083 1703 2120 βοηθός.
1735 2083 1779 2110 Διὸ
1798 2083 1922 2118 ἐξομολο-

1137 2134 1268 2167 γούμενος
1282 2131 1444 2168 εὐχαριστῶ,
1456 2132 1496 2158 ὅτι
1519 2131 1626 2167 ὲῤῥύσω
1645 2131 1706 2162 τοὺς
1721 2130 1804 2161 πόδας
1832 2138 1881 2165 μου
1894 2129 1922 2163 ἐξ

1137 2177 1325 2213 ὀλισθήματος.
1351 2177 1405 2203 Καὶ
1419 2176 1506 2203 ταῦτά
1521 2184 1565 2211 μοι
1593 2175 1621 2202 τὸ
1638 2176 1683 2202 σὸν
1696 2175 1769 2207 ἕλεος
1786 2175 1921 2210 ἐδωρεῖτο,

1138 2222 1213 2258 ὑπὲρ
1228 2223 1280 2250 τοῦ
1291 2222 1490 2257 εὐαρεστῆσαι
1509 2221 1636 2249 ἐνώπιόν
1650 2230 1707 2248 σου
1719 2221 1755 2247 ἐν
1770 2221 1842 2255 φωτὶ
1857 2219 1922 2250 ζών-

1139 2278 1206 2297 των·
1217 2269 1248 2304 ἢ,
1263 2269 1332 2297 κατὰ
1349 2269 1394 2296 τὸν
1406 2269 1562 2305 Σύμμαχον,
1573 2269 1613 2302 ὡς
1632 2268 1667 2295 τὸ
1687 2267 1802 2295 ὁδεύειν
1818 2266 1923 2301 ἐμπρο-

1140 2318 1214 2344 σθεν
1228 2316 1281 2344 τοῦ
1309 2316 1381 2343 Θεοῦ
1406 2315 1454 2342 διὰ
1470 2314 1566 2350 φωτὸς
1585 2314 1640 2349 τῆς
1667 2313 1750 2348 ζωῆς.
1775 2312 1922 2349 Διατρίϐων

1140 2361 1204 2395 γοῦν
1219 2361 1265 2388 καὶ
1277 2361 1352 2397 παρὰ
1362 2362 1417 2393 τοῖς
1434 2360 1603 2395 ἀλλοφύλοις,
1616 2360 1665 2395 τῆς
1689 2359 1773 2395 ὀρθῆς
1787 2359 1833 2385 καὶ
1847 2358 1922 2393 βασι-

1140 2407 1217 2442 λικῆς
1232 2407 1291 2434 ὁδοῦ
1306 2407 1336 2433 οὐ
1352 2406 1515 2443 παρέξεισιν·
1525 2406 1592 2433 ἀλλὰ
1605 2406 1646 2433 σοὶ
1660 2405 1813 2441 εὐαρέστως
1827 2404 1923 2430 ὥδευον

1141 2453 1193 2480 ὑπὸ
1207 2452 1253 2479 σοῦ
1271 2451 1470 2487 ποδηγούμενπ
1497 2451 1545 2477 καὶ
1576 2449 1767 2485 φωτιζόμενος,
1782 2450 1871 2484 φωτός
1895 2457 1922 2474 τε

1143 2498 1352 2535 μεταλαγχὰνων
1365 2499 1395 2524 οὐ
1408 2497 1454 2524 τοῦ
1478 2496 1566 2524 κοινοῦ
1591 2496 1639 2523 καὶ
1656 2497 1739 2522 πᾶσιν
1754 2495 1922 2530 ἐγκειμένου,

1139 2546 1258 2580 λογικοῖς
1269 2553 1299 2571 τε
1311 2543 1358 2571 καὶ
1375 2544 1490 2578 ἀλόγοις,
1507 2543 1612 2579 θηρίοις
1624 2551 1653 2568 τε
1675 2542 1722 2568 καὶ
1734 2542 1869 2577 ἑρπετοῖς,
1884 2548 1924 2567 νε-

1141 2592 1216 2627 κροῖς
1229 2599 1259 2617 τε
1272 2591 1318 2617 καὶ
1337 2589 1458 2625 ἀψύχοις,
1475 2588 1542 2615 ἀλλὰ
1557 2588 1604 2614 τοῦ
1620 2588 1709 2623 μόνοις
1721 2588 1777 2618 τοῖς
1791 2586 1868 2622 παρὰ
1879 2585 1923 2612 cro-3

1141 2637 1223 2670 ζῶσιν
1237 2636 1438 2672 ἀφωρισμένον.
1454 2636 1568 2670 Νοὴσεις
1580 2634 1608 2661 δὲ
1623 2635 1653 2660 τὸ
1668 2634 1724 2668 φῶς
1738 2633 1791 2659 τῶν
1806 2632 1922 2664 ζώντων,

1142 2687 1170 2712 ὲν
1180 2682 1202 2718 ᾧ
1213 2686 1259 2712 καὶ
1272 2683 1352 2712 Δαυῖδ
1366 2684 1413 2710 καὶ
1428 2682 1526 2714 πάντες
1541 2682 1566 2708 οἱ
1583 2681 1713 2715 Θεοφιλεῖς
1729 2680 1867 2716 προφῆται
1880 2678 1924 2705 καὶ

1143 2731 1241 2757 δίκαιοι
1257 2730 1456 2766 ἐφωτίσοησαν,
1472 2730 1628 2765 ἐπιστήσας
1638 2728 1676 2763 τῷ
1689 2727 1867 2762 εὐαγγελιστῇ
1888 2725 1925 2751 λέ-

1144 2785 1227 2811 γοντι·
1251 2779 1281 2802 Ὃ
1297 2777 1420 2812 γέγονεν
1439 2777 1473 2803 ὲν
1486 2775 1576 2808 αὐτῷ,
1607 2774 1705 2810 δηλαδὴ
1733 2773 1771 2808 τῷ
1788 2773 1866 2807 Λόγῳ
1879 2770 1923 2798 τοῦ

1144 2823 1210 2849 Θεοῦ
1224 2823 1262 2859 τῷ
1279 2825 1307 2849 ὲν
1318 2824 1389 2858 ἀρχῇ
1407 2823 1473 2858 πρὸς
1487 2822 1532 2849 τὸν
1548 2821 1612 2848 Θεὸν
1624 2820 1689 2852 ὄντι,
1705 2818 1759 2853 (wh
1773 2817 1821 2854 ἦν,
1843 2817 1890 2845 καὶ
1906 2817 1923 2850 ἡ

347 2899 367 2915 ’⁵
386 2898 474 2929 lCor.
492 2907 540 2934 ιιι,
560 2900 587 2928 '5.
628 2900 648 2916 "
667 2899 740 2928 Psal.
758 2908 838 2936 λιιι,
857 2902 898 2930 lt.
939 2902 960 2919 ¹⁰
981 2901 1059 2931 Joan.
1079 2911 1084 2932 ι

1134 2903 1150 2936 ι,
1168 2902 1193 2930 ι.
1233 2903 1253 2919 πι
1276 2902 1341 2930 ibid.
