2064 3212
642 181 778 210 EUSEBII
797 179 1033 209 CESARIENSIS
1049 179 1123 207 OPP.
1141 179 1231 207 PARS
1249 179 1293 208 lll.
1310 196 1344 200 —
1364 180 1566 208 EXEGETlCA.

1861 178 1912 206 5(ὶό

292 238 406 267 Videtur
421 247 485 275 ergo
505 240 584 271 milii,
611 241 785 268 moventibus
806 241 950 275 utriusque
978 239 1061 275 psalm

1112 239 1167 275 fuit
1183 240 1306 275 σπηλαίῳ
1336 239 1376 275 τῷ
1414 240 1554 276 Ὀδολλὰμ,
1576 240 1592 276 ἢ
1622 240 1650 266 ὲν
1672 239 1710 275 τῷ
1734 239 1857 275 σπηλαίῳ
1873 239 1913 274 τῷ

290 286 391 319 verbis,
406 286 476 313 hanc
491 287 562 312 tituli
580 287 786 321 inscriptionem
803 286 831 313 in
845 286 975 321 spelunca
995 285 1077 312 Odoi-

288 333 342 359 lam
357 332 455 359 dictam
473 332 578 364 fuisse;
597 333 748 359 orationem
772 333 874 359 reroiu
893 339 954 359 ειη-ι
969 332 1073 367 psalmo

287 378 414 412 positam,
428 377 456 404 in
471 377 601 411 spelunca
615 377 747 413 Engaddi,
759 385 833 409 cum.
851 377 934 405 Saule
946 385 1007 405 sese
1024 385 1073 412 ap-

280 428 410 457 parante,
428 424 455 450 in
476 424 606 458 spelunca
632 425 720 451 latens
737 424 925 459 deprehensus
941 429 992 452 est.
1015 423 1073 451 Sic-

277 479 293 505 q
304 478 338 497 ue
353 470 417 497 mihi
436 477 595 505 persuasum
611 474 653 497 est
665 478 697 497 ex
709 471 790 497 dictis
804 471 946 506 utriusque
962 470 1070 505 psalmi.

280 516 312 542 tit
338 516 449 550 quidem
473 523 535 542 cm
554 515 661 543 videtur
682 516 748 543 mihi
774 521 840 543 tunc
859 516 993 551 prolatus,
1008 524 1070 543 cum

280 561 369 589 David
382 562 410 589 in
427 562 553 598 angustia
571 570 667 597 magna
683 566 710 589 et
725 563 929 590 concertatione
944 562 1069 597 degeret;

279 608 321 635 sic
338 607 411 634 enim
425 607 462 634 ibi
478 608 599 642 loquitur
615 618 621 634 ι
642 607 708 634 νοτε
725 616 782 634 mea
802 607 837 634 ad
853 607 994 634 Dominum
1014 607 1071 634 cla-

279 653 363 686 mavi,
378 661 504 680 vocantea
517 654 551 680 ad
568 653 710 680 Dominum
721 653 877 688 deprecatus
892 661 960 680 sum.
977 652 1071 687 Elian-

279 698 313 723 «ιο
338 698 366 724 in
391 703 528 732 conspectu
551 698 607 732 ejus
623 698 769 725 orationem
791 705 901 725 meam:
918 697 1068 724 tribulatio—

280 751 340 768 nem
370 751 456 769 meam
479 748 539 769 ante
555 744 640 777 ipsum
655 742 844 777 pronuntiabo.
873 742 906 770 1n
926 743 1069 777 deﬁciendo

280 794 313 813 et
328 795 368 814 me
378 787 501 821 spiritum
516 795 610 819 nteant,
621 792 645 814 et
657 793 684 814 tu
704 788 847 823 cognovisti
863 789 970 815 semitas
986 797 1066 815 meas.

283 832 315 859 In
331 834 373 860 via
396 833 456 865 hac,
470 842 521 868 qua
536 833 717 866 ambulabam,
733 833 927 861 absconderant
947 834 1068 870 laqueum

281 878 344 905 milii
357 879 390 907 “.
411 878 460 906 His
478 879 578 914 quippe
593 880 749 915 angustiam
762 888 815 915 qua
831 881 1006 915 premebatur
1020 880 1066 907 de»

280 924 382 956 clarat;
393 924 508 951 maxime
521 928 610 952 autem
623 925 650 951 in
669 926 846 961 sequentibus
864 925 939 953 hisce
952 926 1041 953 verbis
1058 935 1063 952 :

279 969 364 996 Periit
377 969 441 1005 fuga
454 979 470 996 a
481 979 530 998 me.
543 970 694 999 Obsidentc
703 979 821 1006 namque
834 971 915 999 Saule
929 972 1065 1006 spelunca

279 1015 390 1046 ostium,
408 1016 482 1044 iutus
501 1017 589 1044 latens
607 1017 676 1052 ipse,
696 1017 815 1052 ell'ugcre
830 1025 859 1045 sc
874 1025 955 1052 posse
970 1017 1066 1052 despe—

278 1061 366 1087 rabat.
382 1061 517 1088 Cancrum
529 1070 590 1089 cum
602 1062 635 1089 de
652 1063 715 1097 fuga
727 1062 896 1097 desperaret,
914 1063 947 1090 ad
963 1063 1065 1090 saluta-

277 1113 335 1133 rem
351 1110 460 1141 portum
486 1107 626 1143 confugit;
645 1116 730 1142 quare
752 1108 897 1144 subjungit
914 1118 918 1134 :
944 1108 1066 1136 Clamari

277 1151 312 1178 ad
338 1156 372 1184 te,
395 1153 518 1199 Βοηιίηξ,
541 1153 598 1180 ὀὶιὶ
621 1162 630 1180 :
657 1154 696 1180 Tu
720 1162 746 1181 es
765 1162 821 1189 spes
850 1163 925 1185 mea;
953 1160 979 1181 ct
1008 1155 1065 1182 haec

277 1197 372 1232 adjicit
389 1207 396 1225 :
413 1197 534 1225 Educ‘de
556 1199 678 1226 custodia
707 1200 825 1226 animum
856 1208 951 1228 meam.
968 1199 1064 1226 Videu'

277 1243 414 1277 quomodo
442 1252 520 1271 suam
547 1245 573 1271 in
606 1246 736 1280 spelunca
763 1246 968 1274 conclusionem
995 1246 1065 1274 indi-

276 1289 340 1316 cat?
356 1288 422 1317 Jure
448 1290 540 1326 itaque
567 1291 623 1319 ham
647 1292 719 1319 dicta
747 1293 899 1320 orationem
927 1293 1062 1325 inscribit,

275 1339 384 1370 tempus
400 1336 577 1371 inscriptione
597 1338 641 1364 illa
658 1337 808 1367 declarans.
823 1339 868 1366 Ait
895 1339 977 1375 igitur
992 1349 998 1366 ε
1017 1339 1064 1367 In-

275 1381 393 1408 tellectus
409 1382 516 1415 Davidi,
541 1392 600 1410 cum
615 1389 682 1411 esset
709 1385 735 1411 in
759 1385 894 1419 spelunca,
918 1387 1014 1412 oratio.
1030 1385 1063 1412 Et

274 1427 333 1455 hanc
351 1429 460 1463 quidem
478 1434 572 1457 notato
596 1435 718 1465 tempore
736 1436 863 1466 precatus
886 1436 938 1464 est,
965 1440 1063 1467 magno

275 1474 302 1500 iu
321 1475 443 1508 periculo
467 1476 645 1504 constitutus.
667 1476 730 1504 llaec
747 1485 813 1505 vero
832 1478 903 1505 tituli
919 1479 1063 1514 inscriptio

274 1520 310 1546 ab
323 1528 356 1547 eo
369 1521 482 1548 recitata
495 1525 546 1554 est,
562 1527 591 1548 ut
605 1523 721 1555 aestimo,
733 1530 794 1550 cum
806 1527 880 1552 esset
893 1524 920 1551 in
932 1525 1061 1560 spelunca

274 1565 410 1598 Odollanr,
427 1574 459 1594 ac
473 1569 618 1603 recepisset
635 1576 730 1596 omnes
744 1569 843 1597 fratres
864 1578 940 1602 suos,
957 1578 1061 1606 cogna-

1130 285 1259 320 Ἐνγαδδί.
1297 286 1376 312 Ἀλλὰ
1399 287 1446 313 καὶ
1471 286 1562 321 ἐπειδὴ
1590 285 1635 312 δύο
1660 286 1780 321 εἴρηνται
1807 286 1913 321 ψαλμοὶ

1124 331 1196 367 αὐτῷ
1208 333 1236 358 ἐν
1249 331 1288 366 τῷ
1301 331 1434 367 σπηλαίῳ,
1446 332 1460 358 ὁ
1473 332 1522 366 μὲν
1536 331 1715 366 προκείμενος
1724 331 1910 368 στηλογραφία

1123 377 1273 412 τυγχάνων,
1299 378 1313 403 ὁ
1336 377 1364 403 δὲ
1382 381 1446 412 ρμα¹
1470 377 1724 414 ἐπιγεγραμμένος.
1753 377 1911 410 Σιννέσεως

1122 422 1162 458 τῷ
1180 424 1270 451 Δαυῒὸ
1289 425 1324 451 ἐν
1349 422 1388 458 τῷ
1411 425 1551 458 σπηλαίῳ
1567 423 1731 458 προσευχή·
1743 423 1860 460 ζητήσαι
1876 423 1909 451 ἄν

1121 478 1163 502 τις
1187 469 1304 503 εὐλόγως
1317 471 1340 496 εἰ
1357 469 1426 496 κατὰ
1443 469 1487 496 τὸν
1503 470 1583 496 αὐτὸν
1605 470 1726 505 εἴρηνται
1743 469 1847 505 χρόνον,
1862 468 1910 496 λαὶ

1121 517 1145 542 εἰ
1154 517 1183 542 ἐν
1195 516 1235 551 τῷ
1246 516 1371 552 σπηλαίῳ
1386 517 1527 551 τυγχάνων
1554 517 1724 551 ἀμφοτέρους
1751 516 1906 548 συνέταξεν.

1120 561 1198 586 Δοκεῖ
1210 561 1298 587 τοίνυν
1313 561 1384 596 ἐμοὶ,
1403 561 1552 596 κινουμένῳ
1566 562 1597 587 ἐκ
1609 562 1663 588 τῶν
1677 561 1705 587 ἐν
1720 562 1843 597 ἐκατέρῳ
1859 570 1907 596 φε-

1123 608 1242 643 ρομένων
1252 608 1349 642 λόγων,
1370 609 1386 643 ὴ
1403 607 1452 643 μὲν
1471 607 1539 642 μετὰ
1562 609 1657 643 χεῖρας
1677 607 1864 643 στηλογραφὶα
1878 609 1907 634 ἐν

1119 653 1158 688 τῷ
1174 653 1297 689 σπηλαίῳ
1309 653 1346 688 τῷ
1363 653 1494 689 Ὀδολλὰμ
1508 653 1643 688 εἰρῆσθαι,
1659 654 1675 687 ἡ
1689 653 1717 679 δὲ
1737 653 1765 679 ἐν
1780 653 1819 687 τῷ
1833 657 1905 688 ρμα’,

1120 699 1267 734 προσευχὴ,
1282 700 1311 725 ὲν
1324 699 1362 734 τῷ
1375 699 1498 735 σπηλαίῳ
1510 700 1548 735 τῷ
1556 699 1686 734 Ἐνγαδδὶ,
1695 700 1748 731 ὅτε,
1763 699 1809 725 τοῦ
1821 700 1907 726 Σαοὺλ

1120 746 1406 781 παρασκευαζομένου,
1421 747 1449 772 ὲν
1462 746 1501 780 τῷ
1523 745 1646 781 σπηλαίῳ
1661 745 1733 772 ἔνδον
1749 745 1905 781 κρυπτόμε-

1118 799 1162 822 νος
1175 790 1298 826 εὕρηται.
1312 791 1388 818 Οὕτω
1401 791 1429 817 δέ
1445 801 1488 827 μοι
1503 792 1625 827 παρέστη
1651 791 1786 826 κινηθέντι
1801 793 1834 818 ὲκ
1852 791 1906 818 τῶν

1119 837 1182 871 παρ’
1200 837 1321 872 ἐκατέρῳ
1337 837 1493 872 φερομένων
1509 837 1606 871 λόγων.
1629 837 1657 863 Ὀ
1672 837 1720 871 μὲν
1735 841 1797 872 ρμσΙ
1813 838 1906 871 φαίνε-

1116 889 1161 907 ται
1173 881 1315 916 εἰρημένος
1331 882 1359 907 ἐν
1373 881 1455 917 πολλῇ
1467 883 1564 917 συνοχῇ
1578 881 1624 907 καὶ
1649 882 1733 915 ἀγῶνι
1747 882 1905 917 τυγχάνοντι

1117 925 1155 961 τῷ
1167 927 1257 953 Δαυῖδ’
1275 928 1341 963 φησὶ
1354 927 1419 961 γοῦν
1433 929 1460 953 ἐν
1476 928 1557 962 αὐτῷ·
1579 927 1664 962 Φωνῇ
1681 937 1739 962 μου
1758 928 1833 962 πρὸς
1845 929 1903 955 Κύ-

1111 980 1180 1005 ριον
1202 973 1357 1006 ἐκέκραξα·
1381 973 1464 1007 φωνῇ
1488 982 1547 1008 μου
1573 973 1647 1008 πρίς
1664 974 1716 1000 τὸν
1736 974 1906 1007 Θεὸνὲδεή-

1115 1021 1180 1052 θην.
1205 1019 1311 1053 Ἐκχεῶ
1324 1018 1450 1046 ἐνώπιον
1472 1020 1563 1046 αὑτοῦ
1574 1020 1630 1054 τήν
1643 1019 1749 1053 δέησίν
1765 1029 1834 1055 μου⁶
1848 1019 1905 1054 τὴν

1115 1065 1220 1098 θλίψιν
1243 1074 1302 1100 μου
1328 1065 1456 1092 ἐνώπιον
1481 1066 1573 1093 αὑτοῦ
1606 1066 1771 1101 ἀπαγγελῶ.
1799 1067 1850 1093 Ἑν
1863 1066 1904 1100 τῷ

1113 1113 1265 1139 ἐκλείπειν
1285 1113 1319 1145 ἐξ
1332 1113 1405 1147 ἐμοῦ
1424 1113 1455 1139 τὸ
1475 1114 1591 1148 πνεῖιμιὶ
1614 1122 1683 1148 μου,
1707 1113 1756 1140 καὶ
1781 1113 1821 1140 σὺ
1846 1114 1906 1148 ἐτί-

1114 1166 1229 1191 νωσκες
1255 1159 1309 1191 τὰς
1337 1160 1457 1193 τρίϐους
1481 1169 1549 1194 μου.
1585 1161 1635 1186 Ἐν
1669 1157 1728 1193 ὀδῷ
1754 1161 1857 1194 ταύτῃ,
1884 1157 1904 1195 ᾗ

1113 1206 1309 1241 ἐπορευόμην,
1323 1208 1462 1242 ἔκρυψαν
1473 1206 1583 1241 παγίδα
1594 1215 1655 1241 μοι.
1673 1207 1721 1234 Διὰ
1733 1206 1836 1233 τούτων
1849 1207 1903 1242 γὰρ

1114 1252 1161 1288 τὴν
1177 1252 1290 1288 συνοχὴν
1305 1254 1333 1280 ὲν
1393 1252 1537 1288 ἐξητάζετο
1552 1253 1708 1288 napis-mor
1724 1253 1770 1280 καὶ
1782 1252 1821 1279 ἔτι
1836 1253 1904 1288 μᾶλ-

1113 1299 1157 1326 λον
1172 1300 1205 1326 δι’
1219 1296 1256 1326 ὧν
1270 1300 1366 1334 ἐπάγει
1379 1299 1465 1334 λέγων
1491 1300 1564 1334 ἑξῆς·
1585 1299 1726 1326 Ἆπώλετο
1757 1299 1837 1334 geri)
1852 1298 1902 1326 ἀπ’

1111 1345 1194 1380 ἐμοῦ·
1203 1346 1255 1381 πρὸ
1266 1345 1320 1372 τῶν
1333 1345 1422 1382 θυρῶν
1437 1345 1491 1382 γὰρ
1503 1345 1550 1372 τοῦ
1568 1345 1699 1381 σπηλαίου
1717 1345 1900 1380 καθεζομένου

1112 1392 1159 1418 τοῦ
1171 1392 1266 1424 Σαοὺλ,
1279 1391 1352 1418 ἔνδον
1381 1391 1578 1427 κρυπτόμενος,
1598 1390 1752 1425 ἀπεγνώκει
1773 1391 1821 1426 τὴν
1837 1391 1900 1416 ἐαυ-

1112 1438 1158 1465 τοῦ
1174 1438 1271 1474 φυγήν.
1283 1438 1357 1473 Πλὴν
1368 1438 1416 1472 τὴν
1432 1438 1519 1472 φυγὴν
1530 1437 1676 1470 ἀπογνοὺς,
1693 1437 1739 1462 ἐπὶ
1754 1437 1798 1463 τὸν
1814 1437 1900 1470 σωτή-

1114 1493 1169 1521 ριον
1186 1484 1281 1520 λιμένα
1311 1484 1488 1519 καταφεύγειι
1513 1484 1553 1510 διὸ
1579 1483 1708 1517 ἐπιλέγει·
1741 1482 1901 1517 Ἐκέκραξα

1112 1529 1187 1564 πρὸς
1202 1530 1249 1562 σὲ,
1281 1531 1387 1564 Κύριε,
1417 1528 1499 1556 εἶπα·
1533 1529 1574 1555 Σὲ·
1595 1529 1623 1555 εἷ
1649 1529 1738 1560 ἐλπίς
1762 1537 1838 1562 μου·
1854 1527 1900 1554 καὶ

1113 1575 1274 1612 προστίθησι
1311 1575 1408 1610 λέγων’
1451 1574 1590 1609 Ἐξάγαγε
1617 1574 1651 1600 ἐκ
1682 1572 1821 1608 φυλακῆς
1844 1573 1900 1606 τὴν

273 1615 318 1639 tos
341 1612 405 1639 item
433 1621 466 1640 ac
489 1615 609 1649 reliquos
637 1615 784 1650 fugitivos;
810 1617 856 1651 qui
883 1617 1000 1645 fortasse
1016 1618 1058 1646 sui

1112 1622 1216 1657 ψυχήν
1237 1631 1307 1657 μου.
1337 1622 1418 1657 Ὁρᾷς
1439 1622 1512 1652 ὅπως
1529 1621 1574 1648 τὸν
1603 1620 1668 1647 εἴσω
1694 1619 1744 1646 τοῦ,
1769 1619 1901 1655 σπηλαίου

273 1666 358 1686 causa
373 1659 480 1687 insidiis
496 1660 588 1688 Saulis
602 1662 798 1696 appetebantur
811 1672 818 1695 ;
835 1663 983 1698 quinetiam
998 1665 1060 1699 qui-

274 1703 318 1730 vis
333 1703 449 1731 aﬂlictus
462 1705 552 1732 animo
565 1709 592 1732 et
606 1706 733 1740 injuriam
747 1715 854 1742 passus,
872 1707 940 1744 fugae
950 1708 1059 1737 Davidis

274 1757 389 1776 consors
405 1754 473 1777 erat.
494 1750 560 1778 Nam
577 1759 638 1779 eum
669 1753 757 1780 virum
771 1754 887 1788 justum,
910 1763 925 1781 a
941 1755 996 1782 Deo
1011 1756 1060 1783 ho-

274 1799 412 1827 noratum,
441 1795 540 1830 injuria
566 1804 581 1824 a
607 1796 688 1824 Saule
705 1799 812 1833 pulsum
835 1799 1002 1832 videntibus,
1027 1808 1058 1828 ea

274 1841 342 1875 ipsis
355 1842 508 1869 consolatio
519 1842 546 1869 in
561 1843 641 1871 malis
653 1848 722 1872 erat.
740 1844 809 1872 Tum
823 1845 874 1880 ipsi
889 1854 997 1881 quoque
1012 1848 1058 1882 qui

273 1896 288 1914 a
306 1888 469 1916 laedentibus
484 1897 513 1916 se
527 1889 676 1924 fugiebant,
697 1889 791 1918 Davidi
812 1891 968 1924 studebant,
984 1894 1059 1928 ejus-

272 1941 325 1968 que
338 1938 429 1969 partes
446 1935 700 1970 amplectebantur;
714 1937 904 1973 malebautquc
917 1939 979 1973 pelli
995 1947 1057 1966 cum

271 1979 342 2014 ipso,
366 1988 448 2015 quam
471 1981 626 2016 insequenti
657 1983 768 2010 haerere.
795 1983 864 2011 Cum
883 1992 948 2020 ergo
970 1985 1057 2012 otium

271 2029 363 2059 ageret
381 2025 408 2052 in
429 2026 558 2061 spelunca
582 2027 715 2062 Odollam,
741 2035 902 2063 praesentem
928 2031 1001 2058 tituli
1017 2032 1058 2058 in-

271 2072 448 2106 scriptionem
463 2075 595 2102 exaravit.
607 2075 685 2107 Quod
698 2084 763 2104 sane
778 2076 918 2105 declarant
932 2082 988 2105 tum
1005 2079 1056 2106 alia

270 2125 332 2151 qua:
349 2118 452 2152 adjicit.
469 2123 527 2146 tum
542 2120 637 2147 istbazc
651 2131 657 2147 :
673 2121 748 2148 Misit
763 2122 794 2150 de
809 2124 884 2152 εωίο.
897 2129 922 2150 et
937 2124 1056 2151 liberavit

271 2170 331 2190 me:
345 2171 376 2190 ac
390 2172 499 2192 rursum
516 2175 522 2193 :
538 2165 613 2193 Misit
627 2167 696 2194 Deus
711 2169 920 2196 misericordiam
943 2179 1018 2197 suam
1033 2176 1057 2197 et

271 2210 405 2236 ceritatem
421 2218 508 2243 suam,
532 2216 557 2238 et
570 2212 665 2246 eripuit
684 2214 800 2241 animam
819 2223 903 2242 meam
925 2216 957 2242 de
973 2216 1056 2243 medio

270 2255 419 2283 catulorum
435 2256 549 2285 leonum.
571 2256 653 2286 Vides
667 2267 740 2291 eum,
765 2267 826 2287 cum
843 2260 969 2290 Gethmos
989 2263 1056 2290 allo-

270 2302 366 2340 pliylos
381 2302 533 2338 clfugisset,
551 2307 644 2338 utpote
656 2305 682 2331 in
700 2309 759 2332 tuto
776 2307 906 2341 positum,
922 2315 955 2334 ac
969 2308 1054 2335 otium
1072 2322 1092 2349 ο

269 2353 403 2383 agentem,
429 2348 588 2384 hujusmodi
615 2357 697 2378 reees
717 2351 853 2384 emisisse,
880 2361 911 2380 ac
935 2354 1053 2382 maxime

268 2395 388 2422 omnium
403 2403 449 2423 eas
465 2403 526 2431 quae
544 2401 706 2431 sequuntur,
725 2401 751 2425 et
772 2398 812 2425 sic
826 2398 946 2426 habent:
965 2399 1053 2426 Para-

268 2445 322 2467 tum
340 2449 385 2468 cor
399 2450 495 2475 meum,
518 2441 599 2475 Deus,
616 2444 728 2471 cantabo
751 2448 777 2471 et
799 2444 930 2479 psalmum
953 2445 1050 2473 dicam.

268 2484 397 2520 Exsurge,
413 2488 499 2521 gloria
513 2496 580 2520 mea,
593 2497 713 2524 exsurge,
728 2490 885 2525 psalterium
900 2496 924 2518 et
937 2491 1049 2524 cithara,

268 2539 407 2566 exsurgant
422 2532 551 2561 dituculo.
567 2534 718 2570 Conﬁtebor
734 2536 760 2563 in
784 2537 903 2571 populis,
928 2537 1049 2571 Domine.

267 2577 397 2605 osalmum
411 2578 498 2607 dicam
517 2582 564 2608 tibi
581 2581 609 2608 in
621 2582 751 2618 gentibus.
769 2583 831 2611 Haec
845 2584 917 2611 enim
935 2585 1048 2613 multum

267 2623 363 2655 otium,
389 2624 443 2651 imo
467 2626 548 2653 etiam
574 2628 657 2655 animi
683 2629 860 2666 voluptatem,
885 2630 1049 2666 signiﬁcant.

267 2669 310 2696 Ait
324 2669 406 2705 igitur
424 2678 500 2698 sacer
515 2674 674 2707 apostolus:
692 2673 873 2702 Contristatur
887 2676 946 2711 quis
963 2677 988 2703 in
1005 2685 1050 2703 vo-

266 2714 330 2744 bis?
353 2721 417 2744 oret.
434 2716 523 2752 {Equo
545 2718 632 2745 animo
654 2721 715 2747 est?
729 2721 862 2748 malim"
893 2721 945 2749 Sed
963 2729 1051 2757 neque

267 2766 371 2795 poterat
388 2763 445 2798 hgec
459 2763 559 2796 dicere,
575 2771 636 2791 cum
650 2765 678 2793 in
695 2767 824 2801 spelunca
840 2767 960 2803 Eugaddi
981 2768 1050 2796 deti-

220 2847 222 2850 ν
266 2813 376 2836 neretur
394 2817 409 2836 a
436 2808 518 2837 Saule
543 2813 604 2837 ante
629 2812 727 2838 Ostium
752 2813 871 2841 sedente.
889 2813 954 2847 Quae
978 2814 1049 2842 enim

301 2900 323 2917 ¹¹
344 2899 415 2928 I‘sal.
435 2909 512 2934 cui,
529 2902 586 2929 2-4.
645 2903 666 2919 τθ
686 2901 742 2931 Jac.
762 2911 787 2936 r,
807 2904 848 2932 l5.

1110 1669 1293 1703 ἁποκλεισμὺν
1307 1668 1451 1704 σημαίνει;
1478 1667 1596 1698 Εἰκότως
1607 1664 1652 1693 οὖν
1670 1666 1715 1692 καὶ
1748 1665 1901 1701 προσευχὴν

1109 1715 1256 1750 ἐπιγράφει
1280 1714 1343 1745 τοὺς
1365 1714 1470 1748 λόγους,
1485 1713 1572 1748 δηλῶν
1597 1712 1641 1739 διὰ
1671 1712 1719 1746 τῆς
1738 1711 1902 1747 προγραφῆς

1109 1761 1154 1787 τὸν
1176 1760 1280 1795 καιρόν.
1311 1760 1392 1793 Λέγει
1409 1759 1483 1793 γοῦν·
1502 1758 1656 1790 Συνέσεως
1684 1755 1723 1790 τῷ
1743 1756 1843 1787 Δαυῒδ,
1865 1756 1899 1783 ἐν

1109 1803 1148 1840 τῷ
1161 1804 1236 1832 εἶναι
1250 1805 1344 1832 αὐτὸν
1361 1805 1395 1831 ἐν
1409 1800 1449 1837 τῷ
1464 1804 1620 1837 σπηλαίῳ,
1635 1802 1800 1836 προσευχὴ.
1820 1801 1898 1828 Ἀλλὰ

1108 1851 1256 1886 ταῦταμὲν
1286 1850 1457 1887 προσηύξατο
1488 1851 1516 1876 ἐν
1545 1849 1654 1885 μεγάλῳ
1666 1848 1796 1885 περιστὰς
1813 1847 1903 1883 ἀγῶνι.

1110 1898 1180 1925 κατὰ
1195 1898 1240 1924 τὸν
1252 1897 1405 1933 δηλωθέντα
1430 1897 1533 1932 χρόνον·
1557 1897 1573 1930 ή
1602 1896 1629 1922 δὲ
1646 1896 1714 1930 μετὰ
1727 1896 1822 1931 χεῖρας
1837 1903 1898 1930 στη-

1109 1943 1243 1979 λογραφία
1257 1943 1366 1969 λέλεκτο
1390 1942 1474 1976 αὐτῷ,
1497 1942 1534 1973 ὼς
1555 1939 1642 1976 οἶμαι,
1657 1940 1713 1967 am
1726 1941 1756 1966 ἐν
1772 1939 1810 1975 τῷ
1829 1948 1897 1974 σπη-

1109 1990 1176 2025 λαίῳ
1199 1989 1238 2025 τῷ
1259 1989 1400 2024 Ὀδολλὰμ,
1415 1989 1519 2019 πάντας
1539 1996 1568 2014 τε
1582 1986 1771 2022 ὑποδεχομένῳ
1790 1985 1852 2017 τούς
1867 1993 1900 2011 τε,

1109 2035 1240 2070 ἀδελφοὺς
1253 2034 1335 2062 αὐτοῦ
1360 2036 1406 2061 καὶ
1428 2035 1490 2066 τοὺς
1506 2034 1643 2067 συγγενεῖς
1658 2031 1778 2063 καὶτοὺς
1788 2031 1896 2062 λοιποὺς

1110 2081 1240 2115 φυγάδας,
1257 2081 1326 2116 τάχα
1341 2089 1391 2106 που
1417 2079 1450 2106 δι’
1465 2079 1546 2105 αὐτὸν
1569 2077 1827 2112 ἐπιϐουλευομένους
1845 2075 1896 2102 ὑπὸ

1108 2126 1155 2153 τοῦ
1168 2126 1264 2153 Σαούλ·
1287 2125 1356 2153 ἀλλὰ
1374 2126 1420 2152 καὶ
1444 2125 1496 2156 πᾶς
1518 2123 1668 2154 κατάδυνος
1684 2122 1757 2157 ψυχὴ
1772 2122 1819 2148 καὶ
1844 2121 1896 2152 πᾶς

1109 2172 1282 2207 ἀδικούμενος
1294 2171 1420 2203 κοινωνὸς
1431 2171 1553 2204 ἐγίγνετο
1573 2169 1620 2204 τῆς
1636 2169 1682 2194 τοῦ
1701 2167 1782 2194 Δαυῖδ
1797 2167 1894 2202 φυγῆς.

1109 2217 1216 2244 Δίκαιον
1230 2217 1284 2253 γὰρ
1295 2217 1379 2252 ἄνδρα
1405 2217 1451 2244 καὶ
1479 2216 1553 2251 παρὰ
1566 2215 1605 2250 τῷ
1621 2215 1680 2250 Θεῷ
1704 2214 1894 2250 τετιμημένον,

1109 2263 1285 2298 ἐλαυνόμενον
1301 2263 1353 2290 ὑπὸ
1367 2263 1413 2289 τοῦ
1430 2262 1515 2289 Σαοὺλ
1531 2262 1628 2293 ἀδίκως
1648 2260 1774 2296 ὁρῶντες,
1790 2259 1823 2287 τὰ
1833 2261 1894 2287 ἐαυ-

1108 2309 1162 2336 τῶν
1179 2310 1385 2346 παρεμυθοῦντο
1407 2308 1488 2336 κακά.
1512 2306 1577 2335 Εἶτα
1592 2308 1638 2334 καὶ
1665 2307 1741 2333 αὐτοὶ
1760 2307 1823 2338 τοὺς
1837 2306 1894 2332 ἀδι-

1106 2355 1220 2387 κοῦντας
1253 2356 1349 2386 αὐτοὺς
1375 2353 1521 2389 φεύγοντές
1538 2362 1578 2385 τε,
1606 2353 1652 2379 τὸν
1675 2352 1756 2379 Δαυῗδ
1772 2351 1892 2387 ἐζήλουν,

1104 2401 1255 2436 ἠσπάζοντό
1269 2409 1298 2426 τε
1311 2400 1360 2436 τὴν
1374 2401 1421 2427 σὺν
1438 2399 1511 2434 αὑτῷ
1529 2408 1562 2434 με
1568 2399 1635 2434 ρεδσι,
1658 2398 1756 2433 μᾶλλον
1767 2399 1820 2432 ἀγα
1826 2397 1892 2424 πῶν-

1104 2454 1150 2478 τες
1164 2445 1322 2472 ἐλαύνεσθαι
1338 2446 1385 2472 σὺν
1397 2443 1482 2479 αὐτῷ,
1504 2444 1520 2479 ἦ
1544 2443 1582 2478 τῷ
1609 2443 1746 2470 ἐλαύνοντι
1762 2443 1891 2469 συνεῖναι.

1111 2490 1172 2517 Ἐπὶ
1192 2490 1288 2526 σχολῆς
1301 2490 1389 2516 τοίνυν
1404 2489 1504 2523 διάγων
1521 2490 1550 2515 ἐν
1560 2487 1597 2523 τῷ
1609 2488 1732 2524 σπηλαίῳ
1743 2488 1783 2523 τῷ
1805 2487 1891 2515 Ὀδολ-

1104 2537 1160 2573 λὰμ
1171 2538 1219 2573 τὴν
1232 2536 1371 2573 παροῦσαν
1389 2536 1492 2572 ἔγραφε
1510 2535 1722 2570 στηλογραιρίαν.
1743 2534 1892 2570 Παρίστησι

1103 2584 1132 2610 δὲ
1144 2582 1224 2610 τοῦτο
1240 2584 1274 2611 τὰ
1289 2582 1481 2618 ἐπιλεγόμενα,
1499 2582 1534 2609 τά
1547 2590 1576 2608 τε
1599 2581 1665 2608 ἄλλα
1683 2581 1730 2608 καὶ
1743 2581 1776 2607 δι’
1789 2577 1826 2607 ὧν
1840 2589 1891 2615 φη-

1105 2638 1156 2657 σιν·
1177 2629 1404 2662 Ἐξιιπέστειλεν
1425 2628 1459 2661 ἐξ
1482 2628 1622 2661 οὐρανοῦ,
1647 2628 1696 2654 καὶ
1721 2626 1821 2663 ξσωσέ
1843 2632 1891 2662 με’

1104 2677 1151 2702 καὶ
1166 2676 1255 2703 πάλιν·
1280 2674 1511 2708 Ἑξαπέστειλεν
1531 2676 1547 2701 ό
1568 2674 1640 2706 Θεὸς
1653 2673 1685 2700 τὸ
1698 2673 1784 2706 ἕλεος
1797 2670 1889 2700 αὑτοῦ

1105 2721 1154 2748 καὶ
1168 2721 1225 2755 τὴν
1245 2721 1389 2755 ἀλήθειαν
1405 2720 1509 2752 αὑτοῦ,
1523 2720 1573 2747 καὶ
1591 2720 1737 2753 ἐρῤὐσατο
1755 2717 1813 2751 τὴν
1835 2719 1890 2752 ψυ-

1103 2767 1164 2805 χήν
1189 2777 1248 2802 μου
1261 2768 1294 2794 ἐκ
1311 2767 1406 2801 μέσου
1428 2768 1581 2801 σκύμνων.
1600 2767 1690 2802 Ὁρᾷς,
1717 2766 1751 2797 ὡς
1775 2765 1838 2796 τοὺς
1861 2763 1888 2789 ὲν

1105 2814 1156 2841 Γὲθ
1182 2813 1345 2849 ἀλλοφύλους
1374 2812 1525 2848 διαφυγὼν,
1562 2813 1609 2840 ἃτε
1639 2812 1671 2848 δὴ
1702 2813 1730 2838 ἐν
1757 2808 1889 2845 ἀσφαλείᾳ
