  <div class='ocr_page' id='page_1' title='image "/cluster/home/n/w/nwhite01/storage/ocr_20150623/23/njp.32101077772505/260.png"; bbox 0 0 2064 3212; ppageno 0'>
   <div class='ocr_carea' id='block_1_1' title="bbox 149 157 915 205">
    <p class='ocr_par' dir='ltr' id='par_1_1' title="bbox 149 170 915 201">
     <span class='ocr_line' id='line_1_1' title="bbox 149 170 915 201; baseline -0.004 0"><span class='ocrx_word' id='word_1_1' title='bbox 149 173 203 201; x_wconf 83' lang='grc'><strong>505</strong></span> <span class='ocrx_word' id='word_1_2' title='bbox 713 170 915 198; x_wconf 73' lang='grc' dir='ltr'><strong>(ΣΟΜΜΕΝΤΑῙ</strong></span> 
     </span>
    </p>
   </div>
   <div class='ocr_carea' id='block_1_2' title="bbox 967 157 1774 205">
    <p class='ocr_par' dir='ltr' id='par_1_2' title="bbox 982 157 1774 205">
     <span class='ocr_line' id='line_1_2' title="bbox 982 157 1774 205; baseline 0.004 -7"><span class='ocrx_word' id='word_1_3' title='bbox 982 171 1016 198; x_wconf 87' lang='lat' dir='ltr'><strong>lN</strong></span> <span class='ocrx_word' id='word_1_4' title='bbox 1036 171 1206 201; x_wconf 70' lang='lat' dir='ltr'><strong>PSALMOS.</strong></span> <span class='ocrx_word' id='word_1_5' title='bbox 1243 166 1256 194; x_wconf 68' lang='grc' dir='ltr'><strong>ἱ</strong></span> <span class='ocrx_word' id='word_1_6' title='bbox 1279 157 1298 189; x_wconf 57' lang='grc' dir='ltr'><strong>ι</strong></span> <span class='ocrx_word' id='word_1_7' title='bbox 1722 177 1774 205; x_wconf 82' lang='lat'><strong>506</strong></span> 
     </span>
    </p>
   </div>
   <div class='ocr_carea' id='block_1_3' title="bbox 147 227 915 268">
    <p class='ocr_par' dir='ltr' id='par_1_3' title="bbox 147 227 915 264">
     <span class='ocr_line' id='line_1_3' title="bbox 147 227 915 264; baseline 0 -10"><span class='ocrx_word' id='word_1_8' title='bbox 147 227 301 264; x_wconf 73' lang='grc' dir='ltr'><strong>τυγχάνων,</strong></span> <span class='ocrx_word' id='word_1_9' title='bbox 325 228 371 254; x_wconf 76' lang='grc' dir='ltr'>καὶ</span> <span class='ocrx_word' id='word_1_10' title='bbox 383 228 412 255; x_wconf 84' lang='grc' dir='ltr'>ὲν</span> <span class='ocrx_word' id='word_1_11' title='bbox 434 228 524 255; x_wconf 79' lang='grc' dir='ltr'><strong>ἀνέσει</strong></span> <span class='ocrx_word' id='word_1_12' title='bbox 541 228 588 259; x_wconf 82' lang='grc' dir='ltr'><strong>ὢν,</strong></span> <span class='ocrx_word' id='word_1_13' title='bbox 603 228 728 260; x_wconf 77' lang='grc' dir='ltr'>τοιαύτας</span> <span class='ocrx_word' id='word_1_14' title='bbox 743 228 817 263; x_wconf 71' lang='grc' dir='ltr'>ἠφίει</span> <span class='ocrx_word' id='word_1_15' title='bbox 832 228 915 263; x_wconf 69' lang='grc' dir='ltr'>φωνὰς</span> 
     </span>
    </p>
   </div>
   <div class='ocr_carea' id='block_1_4' title="bbox 967 227 1776 268">
    <p class='ocr_par' dir='ltr' id='par_1_4' title="bbox 967 229 1776 268">
     <span class='ocr_line' id='line_1_4' title="bbox 967 229 1776 268; baseline 0.009 -13"><span class='ocrx_word' id='word_1_16' title='bbox 967 233 1052 261; x_wconf 78' lang='grc' dir='ltr'>,ῑυηο</span> <span class='ocrx_word' id='word_1_17' title='bbox 1077 229 1270 265; x_wconf 72' lang='lat' dir='ltr'><strong>opportunitas</strong></span> <span class='ocrx_word' id='word_1_18' title='bbox 1293 230 1326 258; x_wconf 91' lang='lat' dir='ltr'><strong>ad</strong></span> <span class='ocrx_word' id='word_1_19' title='bbox 1350 231 1509 266; x_wconf 85' lang='lat' dir='ltr'><strong>psalterium</strong></span> <span class='ocrx_word' id='word_1_20' title='bbox 1540 232 1727 268; x_wconf 82' lang='lat' dir='ltr'><strong>accipiendum</strong></span> <span class='ocrx_word' id='word_1_21' title='bbox 1748 242 1776 263; x_wconf 80' lang='lat' dir='ltr'><strong>et</strong></span> 
     </span>
    </p>
   </div>
   <div class='ocr_carea' id='block_1_5' title="bbox 147 272 915 310">
    <p class='ocr_par' dir='ltr' id='par_1_5' title="bbox 147 272 911 310">
     <span class='ocr_line' id='line_1_5' title="bbox 147 272 911 310; baseline 0 -9"><span class='ocrx_word' id='word_1_22' title='bbox 147 275 195 302; x_wconf 72' lang='grc' dir='ltr'>καὶ</span> <span class='ocrx_word' id='word_1_23' title='bbox 208 275 247 301; x_wconf 77' lang='grc' dir='ltr'>ἔτι</span> <span class='ocrx_word' id='word_1_24' title='bbox 264 275 364 310; x_wconf 74' lang='grc' dir='ltr'>μᾶλλον</span> <span class='ocrx_word' id='word_1_25' title='bbox 376 275 424 306; x_wconf 81' lang='grc' dir='ltr'><strong>τὰς</strong></span> <span class='ocrx_word' id='word_1_26' title='bbox 438 275 500 310; x_wconf 80' lang='grc' dir='ltr'>ἑξῆς</span> <span class='ocrx_word' id='word_1_27' title='bbox 515 275 714 310; x_wconf 71' lang='grc' dir='ltr'><strong>ἐπιφερομένας</strong></span> <span class='ocrx_word' id='word_1_28' title='bbox 728 275 760 301; x_wconf 78' lang='grc' dir='ltr'><strong>δι’</strong></span> <span class='ocrx_word' id='word_1_29' title='bbox 771 272 808 302; x_wconf 82' lang='grc' dir='ltr'>ὧν</span> <span class='ocrx_word' id='word_1_30' title='bbox 817 275 911 310; x_wconf 77' lang='grc' dir='ltr'>εἴρητα</span> 
     </span>
    </p>
   </div>
   <div class='ocr_carea' id='block_1_6' title="bbox 967 272 1775 310">
    <p class='ocr_par' dir='ltr' id='par_1_6' title="bbox 985 275 1775 310">
     <span class='ocr_line' id='line_1_6' title="bbox 985 275 1775 310; baseline 0.008 -8"><span class='ocrx_word' id='word_1_31' title='bbox 985 275 1118 302; x_wconf 74' lang='lat' dir='ltr'><strong>citharam</strong></span> <span class='ocrx_word' id='word_1_32' title='bbox 1132 275 1168 305; x_wconf 84' lang='lat' dir='ltr'><strong>ei.</strong></span> <span class='ocrx_word' id='word_1_33' title='bbox 1186 275 1232 309; x_wconf 91' lang='lat' dir='ltr'><strong>qui</strong></span> <span class='ocrx_word' id='word_1_34' title='bbox 1259 275 1286 302; x_wconf 89' lang='lat' dir='ltr'><strong>in</strong></span> <span class='ocrx_word' id='word_1_35' title='bbox 1311 276 1449 310; x_wconf 59' lang='lat' dir='ltr'><strong>speluncae</strong></span> <span class='ocrx_word' id='word_1_36' title='bbox 1466 278 1562 306; x_wconf 92' lang='lat' dir='ltr'><strong>intimo</strong></span> <span class='ocrx_word' id='word_1_37' title='bbox 1581 279 1745 308; x_wconf 80' lang='lat' dir='ltr'><strong>latebat?ut</strong></span> <span class='ocrx_word' id='word_1_38' title='bbox 1758 289 1775 309; x_wconf 87' lang='lat' dir='ltr'><strong>e</strong></span> 
     </span>
    </p>
   </div>
   <div class='ocr_carea' id='block_1_7' title="bbox 153 319 915 361">
    <p class='ocr_par' dir='ltr' id='par_1_7' title="bbox 153 319 915 354">
     <span class='ocr_line' id='line_1_7' title="bbox 153 319 915 354; baseline 0 -8"><span class='ocrx_word' id='word_1_39' title='bbox 153 319 270 354; x_wconf 78' lang='grc' dir='ltr'>Ἐτοίμη</span> <span class='ocrx_word' id='word_1_40' title='bbox 281 321 300 354; x_wconf 78' lang='grc' dir='ltr'><strong><em>ἠ</em></strong></span> <span class='ocrx_word' id='word_1_41' title='bbox 312 319 418 353; x_wconf 79' lang='grc' dir='ltr'><strong>καρδία</strong></span> <span class='ocrx_word' id='word_1_42' title='bbox 427 328 497 354; x_wconf 84' lang='grc' dir='ltr'>μου,</span> <span class='ocrx_word' id='word_1_43' title='bbox 509 321 525 346; x_wconf 80' lang='grc' dir='ltr'><em>ὁ</em></span> <span class='ocrx_word' id='word_1_44' title='bbox 537 320 619 352; x_wconf 81' lang='grc' dir='ltr'>Θεὸς,</span> <span class='ocrx_word' id='word_1_45' title='bbox 641 319 751 354; x_wconf 75' lang='grc' dir='ltr'>ᾄσομαι</span> <span class='ocrx_word' id='word_1_46' title='bbox 769 320 817 347; x_wconf 76' lang='grc' dir='ltr'>καὶ</span> <span class='ocrx_word' id='word_1_47' title='bbox 836 319 915 354; x_wconf 76' lang='grc' dir='ltr'><strong>ψαλὰ</strong></span> 
     </span>
    </p>
   </div>
   <div class='ocr_carea' id='block_1_8' title="bbox 967 319 1774 361">
    <p class='ocr_par' dir='ltr' id='par_1_8' title="bbox 986 321 1774 361">
     <span class='ocr_line' id='line_1_8' title="bbox 986 321 1774 361; baseline 0.008 -14"><span class='ocrx_word' id='word_1_48' title='bbox 986 321 1126 348; x_wconf 89' lang='lat' dir='ltr'><strong>contrario</strong></span> <span class='ocrx_word' id='word_1_49' title='bbox 1142 322 1215 348; x_wconf 88' lang='lat' dir='ltr'><strong>nulla</strong></span> <span class='ocrx_word' id='word_1_50' title='bbox 1233 321 1303 348; x_wconf 88' lang='lat' dir='ltr'><strong>ratio</strong></span> <span class='ocrx_word' id='word_1_51' title='bbox 1329 322 1434 354; x_wconf 85' lang='lat' dir='ltr'><strong>fuisset,</strong></span> <span class='ocrx_word' id='word_1_52' title='bbox 1459 324 1485 350; x_wconf 87' lang='lat' dir='ltr'><strong>in</strong></span> <span class='ocrx_word' id='word_1_53' title='bbox 1506 324 1562 351; x_wconf 89' lang='lat' dir='ltr'><strong>otio</strong></span> <span class='ocrx_word' id='word_1_54' title='bbox 1576 329 1602 352; x_wconf 93' lang='lat' dir='ltr'><strong>et</strong></span> <span class='ocrx_word' id='word_1_55' title='bbox 1616 327 1774 361; x_wconf 89' lang='lat' dir='ltr'><strong>tranquilli-</strong></span> 
     </span>
    </p>
   </div>
   <div class='ocr_carea' id='block_1_9' title="bbox 153 364 915 406">
    <p class='ocr_par' dir='ltr' id='par_1_9' title="bbox 153 364 915 400">
     <span class='ocr_line' id='line_1_9' title="bbox 153 364 915 400; baseline 0 -8"><span class='ocrx_word' id='word_1_56' title='bbox 153 364 339 399; x_wconf 63' lang='grc' dir='ltr'><strong>ἘΕετ-εῖρθητι</strong></span> <span class='ocrx_word' id='word_1_57' title='bbox 357 365 377 399; x_wconf 73' lang='grc' dir='ltr'>ἡ</span> <span class='ocrx_word' id='word_1_58' title='bbox 396 365 470 397; x_wconf 78' lang='grc' dir='ltr'>δόξα</span> <span class='ocrx_word' id='word_1_59' title='bbox 488 374 557 400; x_wconf 85' lang='grc' dir='ltr'>μου,</span> <span class='ocrx_word' id='word_1_60' title='bbox 577 365 747 400; x_wconf 72' lang='grc' dir='ltr'>ἑξετέρθητι</span> <span class='ocrx_word' id='word_1_61' title='bbox 769 364 915 399; x_wconf 71' lang='grc' dir='ltr'>ψαλτήριο</span> 
     </span>
    </p>
   </div>
   <div class='ocr_carea' id='block_1_10' title="bbox 967 364 1775 406">
    <p class='ocr_par' dir='ltr' id='par_1_10' title="bbox 986 366 1775 406">
     <span class='ocr_line' id='line_1_10' title="bbox 986 366 1775 406; baseline 0.009 -14"><span class='ocrx_word' id='word_1_62' title='bbox 986 370 1041 393; x_wconf 88' lang='lat' dir='ltr'><strong>tate</strong></span> <span class='ocrx_word' id='word_1_63' title='bbox 1055 366 1197 401; x_wconf 78' lang='lat' dir='ltr'><strong>degentem</strong></span> <span class='ocrx_word' id='word_1_64' title='bbox 1215 367 1241 394; x_wconf 91' lang='lat' dir='ltr'><strong>in</strong></span> <span class='ocrx_word' id='word_1_65' title='bbox 1263 367 1392 402; x_wconf 90' lang='lat' dir='ltr'><strong>spelunca</strong></span> <span class='ocrx_word' id='word_1_66' title='bbox 1410 368 1544 403; x_wconf 84' lang='lat' dir='ltr'><strong>Odollam,</strong></span> <span class='ocrx_word' id='word_1_67' title='bbox 1559 378 1620 398; x_wconf 89' lang='lat' dir='ltr'><strong>cum</strong></span> <span class='ocrx_word' id='word_1_68' title='bbox 1644 373 1775 406; x_wconf 84' lang='lat' dir='ltr'><strong>quadrin-</strong></span> 
     </span>
    </p>
   </div>
   <div class='ocr_carea' id='block_1_11' title="bbox 146 411 915 450">
    <p class='ocr_par' dir='ltr' id='par_1_11' title="bbox 146 411 915 447">
     <span class='ocr_line' id='line_1_11' title="bbox 146 411 915 447; baseline 0.001 -9"><span class='ocrx_word' id='word_1_69' title='bbox 146 411 194 438; x_wconf 74' lang='grc' dir='ltr'>καὶ</span> <span class='ocrx_word' id='word_1_70' title='bbox 209 413 326 445; x_wconf 69' lang='grc' dir='ltr'>κιθάρα,</span> <span class='ocrx_word' id='word_1_71' title='bbox 348 411 578 447; x_wconf 76' lang='grc' dir='ltr'>ἐξεγερθήσομιιι</span> <span class='ocrx_word' id='word_1_72' title='bbox 600 412 718 446; x_wconf 80' lang='grc' dir='ltr'>ὄρθρου.</span> <span class='ocrx_word' id='word_1_73' title='bbox 739 412 915 447; x_wconf 73' lang='grc' dir='ltr'>Ἐξομολογή</span> 
     </span>
    </p>
   </div>
   <div class='ocr_carea' id='block_1_12' title="bbox 967 411 1774 450">
    <p class='ocr_par' dir='ltr' id='par_1_12' title="bbox 987 412 1774 450">
     <span class='ocr_line' id='line_1_12' title="bbox 987 412 1774 450; baseline 0.01 -12"><span class='ocrx_word' id='word_1_74' title='bbox 987 413 1075 447; x_wconf 74' lang='lat' dir='ltr'><strong>gentis</strong></span> <span class='ocrx_word' id='word_1_75' title='bbox 1090 412 1168 443; x_wconf 85' lang='lat' dir='ltr'><strong>viris.</strong></span> <span class='ocrx_word' id='word_1_76' title='bbox 1184 413 1276 440; x_wconf 85' lang='lat' dir='ltr'><strong>dicere</strong></span> <span class='ocrx_word' id='word_1_77' title='bbox 1293 423 1299 440; x_wconf 89' lang='lat'><strong>:</strong></span> <span class='ocrx_word' id='word_1_78' title='bbox 1316 413 1399 440; x_wconf 86' lang='lat' dir='ltr'><strong>Periit</strong></span> <span class='ocrx_word' id='word_1_79' title='bbox 1412 415 1474 450; x_wconf 77' lang='lat' dir='ltr'><strong>luga</strong></span> <span class='ocrx_word' id='word_1_80' title='bbox 1495 424 1511 442; x_wconf 83' lang='lat' dir='ltr'><strong>a</strong></span> <span class='ocrx_word' id='word_1_81' title='bbox 1525 424 1564 443; x_wconf 85' lang='lat' dir='ltr'><strong>me</strong></span> <span class='ocrx_word' id='word_1_82' title='bbox 1578 417 1599 432; x_wconf 83' lang='grc'><strong>¹⁷</strong></span> <span class='ocrx_word' id='word_1_83' title='bbox 1613 426 1620 450; x_wconf 90' lang='lat'><strong>;</strong></span> <span class='ocrx_word' id='word_1_84' title='bbox 1636 422 1662 444; x_wconf 87' lang='lat' dir='ltr'><strong>et</strong></span> <span class='ocrx_word' id='word_1_85' title='bbox 1676 428 1681 446; x_wconf 90' lang='lat'>:</span> <span class='ocrx_word' id='word_1_86' title='bbox 1699 418 1774 446; x_wconf 74' lang='lat' dir='ltr'><strong>Edita</strong></span> 
     </span>
    </p>
   </div>
   <div class='ocr_carea' id='block_1_13' title="bbox 145 456 915 492">
    <p class='ocr_par' dir='ltr' id='par_1_13' title="bbox 145 457 913 492">
     <span class='ocr_line' id='line_1_13' title="bbox 145 457 913 492; baseline 0 -8"><span class='ocrx_word' id='word_1_87' title='bbox 145 466 237 492; x_wconf 78' lang='grc' dir='ltr'>σομαι</span> <span class='ocrx_word' id='word_1_88' title='bbox 257 459 292 485; x_wconf 82' lang='grc' dir='ltr'><strong>ἐν</strong></span> <span class='ocrx_word' id='word_1_89' title='bbox 318 457 412 490; x_wconf 79' lang='grc' dir='ltr'>λαοῖς,</span> <span class='ocrx_word' id='word_1_90' title='bbox 442 459 540 492; x_wconf 81' lang='grc' dir='ltr'>Κύριε,</span> <span class='ocrx_word' id='word_1_91' title='bbox 564 458 652 492; x_wconf 72' lang='grc' dir='ltr'>ψαλῶ</span> <span class='ocrx_word' id='word_1_92' title='bbox 681 466 730 485; x_wconf 84' lang='grc' dir='ltr'>σοι</span> <span class='ocrx_word' id='word_1_93' title='bbox 758 458 793 484; x_wconf 76' lang='grc' dir='ltr'>ἐν</span> <span class='ocrx_word' id='word_1_94' title='bbox 823 459 913 485; x_wconf 74' lang='grc' dir='ltr'>ἐΰν-εον</span> 
     </span>
    </p>
   </div>
   <div class='ocr_carea' id='block_1_14' title="bbox 967 456 1428 492">
    <p class='ocr_par' dir='ltr' id='par_1_14' title="bbox 986 456 1428 486">
     <span class='ocr_line' id='line_1_14' title="bbox 986 456 1428 486; baseline 0.005 -2"><span class='ocrx_word' id='word_1_95' title='bbox 986 456 1017 484; x_wconf 81' lang='lat' dir='ltr'><strong>de</strong></span> <span class='ocrx_word' id='word_1_96' title='bbox 1031 458 1154 484; x_wconf 83' lang='lat' dir='ltr'><strong>custodia</strong></span> <span class='ocrx_word' id='word_1_97' title='bbox 1170 459 1285 484; x_wconf 78' lang='lat' dir='ltr'><strong>animum</strong></span> <span class='ocrx_word' id='word_1_98' title='bbox 1300 467 1383 485; x_wconf 84' lang='lat' dir='ltr'><strong>meam</strong></span> <span class='ocrx_word' id='word_1_99' title='bbox 1395 460 1428 486; x_wconf 76' lang='lat'><strong>&quot;.</strong></span> 
     </span>
    </p>
   </div>
   <div class='ocr_carea' id='block_1_15' title="bbox 145 503 1774 541">
    <p class='ocr_par' dir='ltr' id='par_1_15' title="bbox 145 503 1774 541">
     <span class='ocr_line' id='line_1_15' title="bbox 145 503 1774 541; baseline 0.002 -11"><span class='ocrx_word' id='word_1_100' title='bbox 145 504 238 531; x_wconf 66' lang='grc' dir='ltr'>Ταῦτα</span> <span class='ocrx_word' id='word_1_101' title='bbox 256 504 311 540; x_wconf 74' lang='grc' dir='ltr'><strong>γὰρ</strong></span> <span class='ocrx_word' id='word_1_102' title='bbox 340 504 440 539; x_wconf 80' lang='grc' dir='ltr'>πολλῆς</span> <span class='ocrx_word' id='word_1_103' title='bbox 465 504 562 539; x_wconf 83' lang='grc' dir='ltr'><strong>σχολῆς</strong></span> <span class='ocrx_word' id='word_1_104' title='bbox 587 504 726 539; x_wconf 68' lang='grc' dir='ltr'>ὲμφατικὲι</span> <span class='ocrx_word' id='word_1_105' title='bbox 742 503 880 539; x_wconf 84' lang='grc' dir='ltr'><strong>τυγχάνει,</strong></span> <span class='ocrx_word' id='word_1_106' title='bbox 897 503 963 530; x_wconf 83' lang='grc' dir='ltr'>ἀλλὰ</span> <span class='ocrx_word' id='word_1_107' title='bbox 983 504 1029 529; x_wconf 78' lang='grc' dir='ltr'>καὶ</span> <span class='ocrx_word' id='word_1_108' title='bbox 1041 503 1183 539; x_wconf 83' lang='grc' dir='ltr'><strong>Θυμηδὶας.</strong></span> <span class='ocrx_word' id='word_1_109' title='bbox 1198 504 1279 538; x_wconf 82' lang='grc' dir='ltr'>Λέγει</span> <span class='ocrx_word' id='word_1_110' title='bbox 1294 504 1359 538; x_wconf 80' lang='grc' dir='ltr'>γοῦν</span> <span class='ocrx_word' id='word_1_111' title='bbox 1375 506 1388 531; x_wconf 82' lang='grc' dir='ltr'>ὁ</span> <span class='ocrx_word' id='word_1_112' title='bbox 1405 505 1475 541; x_wconf 82' lang='grc' dir='ltr'>ἱερὸς</span> <span class='ocrx_word' id='word_1_113' title='bbox 1507 506 1663 540; x_wconf 72' lang='grc' dir='ltr'>ἀπόστολος·</span> <span class='ocrx_word' id='word_1_114' title='bbox 1680 510 1774 536; x_wconf 81' lang='grc' dir='ltr'>Κακο-</span> 
     </span>
    </p>
   </div>
   <div class='ocr_carea' id='block_1_16' title="bbox 144 547 1772 590">
    <p class='ocr_par' dir='ltr' id='par_1_16' title="bbox 144 547 1772 590">
     <span class='ocr_line' id='line_1_16' title="bbox 144 547 1772 590; baseline 0.002 -12"><span class='ocrx_word' id='word_1_115' title='bbox 144 551 235 579; x_wconf 75' lang='grc' dir='ltr'>παθεῖ</span> <span class='ocrx_word' id='word_1_116' title='bbox 247 561 297 587; x_wconf 40' lang='grc' dir='ltr'>τις.</span> <span class='ocrx_word' id='word_1_117' title='bbox 313 552 348 578; x_wconf 81' lang='grc' dir='ltr'><strong>ὲν</strong></span> <span class='ocrx_word' id='word_1_118' title='bbox 373 551 462 586; x_wconf 56' lang='lat' dir='ltr'><strong>Quir;</strong></span> <span class='ocrx_word' id='word_1_119' title='bbox 488 551 710 586; x_wconf 82' lang='grc' dir='ltr'><strong>προσευχέσθω·</strong></span> <span class='ocrx_word' id='word_1_120' title='bbox 738 550 860 585; x_wconf 81' lang='grc' dir='ltr'><strong>εὐθυμεῖ</strong></span> <span class='ocrx_word' id='word_1_121' title='bbox 872 559 934 583; x_wconf 83' lang='grc' dir='ltr'>τις;</span> <span class='ocrx_word' id='word_1_122' title='bbox 952 550 1087 584; x_wconf 73' lang='grc' dir='ltr'>ψαλάτω.</span> <span class='ocrx_word' id='word_1_123' title='bbox 1111 549 1180 576; x_wconf 85' lang='grc' dir='ltr'>Ἀλλ’</span> <span class='ocrx_word' id='word_1_124' title='bbox 1196 550 1255 576; x_wconf 73' lang='grc' dir='ltr'>οὐδὲ</span> <span class='ocrx_word' id='word_1_125' title='bbox 1270 547 1324 581; x_wconf 75' lang='grc' dir='ltr'>οἶός</span> <span class='ocrx_word' id='word_1_126' title='bbox 1344 559 1374 576; x_wconf 84' lang='grc' dir='ltr'><strong>τε</strong></span> <span class='ocrx_word' id='word_1_127' title='bbox 1395 549 1428 586; x_wconf 83' lang='grc' dir='ltr'>ἦν</span> <span class='ocrx_word' id='word_1_128' title='bbox 1440 551 1524 578; x_wconf 77' lang='grc' dir='ltr'>ταῦτα</span> <span class='ocrx_word' id='word_1_129' title='bbox 1540 551 1628 586; x_wconf 78' lang='grc' dir='ltr'>λέγειν</span> <span class='ocrx_word' id='word_1_130' title='bbox 1672 555 1700 580; x_wconf 85' lang='grc' dir='ltr'>ὲν</span> <span class='ocrx_word' id='word_1_131' title='bbox 1736 555 1772 590; x_wconf 87' lang='grc' dir='ltr'>τῷ</span> 
     </span>
    </p>
   </div>
   <div class='ocr_carea' id='block_1_17' title="bbox 144 595 1772 636">
    <p class='ocr_par' dir='ltr' id='par_1_17' title="bbox 144 595 1772 636">
     <span class='ocr_line' id='line_1_17' title="bbox 144 595 1772 636; baseline 0.001 -12"><span class='ocrx_word' id='word_1_132' title='bbox 144 597 270 633; x_wconf 80' lang='grc' dir='ltr'><strong>σπηλαίῳ</strong></span> <span class='ocrx_word' id='word_1_133' title='bbox 297 596 335 632; x_wconf 85' lang='grc' dir='ltr'>τῷ</span> <span class='ocrx_word' id='word_1_134' title='bbox 358 597 476 631; x_wconf 76' lang='grc' dir='ltr'>Ἐνγαδδὶ</span> <span class='ocrx_word' id='word_1_135' title='bbox 507 597 682 632; x_wconf 72' lang='grc' dir='ltr'>τυνεχόμενος</span> <span class='ocrx_word' id='word_1_136' title='bbox 700 597 752 623; x_wconf 82' lang='grc' dir='ltr'><strong>ὑπὸ</strong></span> <span class='ocrx_word' id='word_1_137' title='bbox 781 597 827 623; x_wconf 80' lang='grc' dir='ltr'>τοῦ</span> <span class='ocrx_word' id='word_1_138' title='bbox 843 596 928 623; x_wconf 85' lang='grc' dir='ltr'>Σαοὺλ</span> <span class='ocrx_word' id='word_1_139' title='bbox 950 596 1000 631; x_wconf 82' lang='grc' dir='ltr'>πρὸ</span> <span class='ocrx_word' id='word_1_140' title='bbox 1015 596 1065 631; x_wconf 81' lang='grc' dir='ltr'>τῆς</span> <span class='ocrx_word' id='word_1_141' title='bbox 1082 595 1184 622; x_wconf 79' lang='grc' dir='ltr'><strong>εἰσόδου</strong></span> <span class='ocrx_word' id='word_1_142' title='bbox 1214 596 1407 631; x_wconf 72' lang='grc' dir='ltr'>καθεζομένου,</span> <span class='ocrx_word' id='word_1_143' title='bbox 1429 597 1497 623; x_wconf 79' lang='grc' dir='ltr'>Ποία</span> <span class='ocrx_word' id='word_1_144' title='bbox 1511 597 1565 633; x_wconf 82' lang='grc' dir='ltr'>γὰρ</span> <span class='ocrx_word' id='word_1_145' title='bbox 1582 596 1614 633; x_wconf 80' lang='grc' dir='ltr'>ἦν</span> <span class='ocrx_word' id='word_1_146' title='bbox 1647 599 1772 636; x_wconf 73' lang='grc' dir='ltr'><strong>εὐκαιρία</strong></span> 
     </span>
    </p>
   </div>
   <div class='ocr_carea' id='block_1_18' title="bbox 142 643 1772 681">
    <p class='ocr_par' dir='ltr' id='par_1_18' title="bbox 142 643 1772 681">
     <span class='ocr_line' id='line_1_18' title="bbox 142 643 1772 681; baseline 0.001 -10"><span class='ocrx_word' id='word_1_147' title='bbox 142 645 214 676; x_wconf 76' lang='grc' dir='ltr'>τότε,</span> <span class='ocrx_word' id='word_1_148' title='bbox 231 645 269 677; x_wconf 80' lang='grc' dir='ltr'>ὡς</span> <span class='ocrx_word' id='word_1_149' title='bbox 281 645 427 681; x_wconf 74' lang='grc' dir='ltr'><strong>ψαλτήριον</strong></span> <span class='ocrx_word' id='word_1_150' title='bbox 439 645 639 680; x_wconf 78' lang='grc' dir='ltr'>ἀναλαμῧάνειν</span> <span class='ocrx_word' id='word_1_151' title='bbox 668 645 715 671; x_wconf 76' lang='grc' dir='ltr'>καὶ</span> <span class='ocrx_word' id='word_1_152' title='bbox 743 644 868 679; x_wconf 76' lang='grc' dir='ltr'><strong>κιθάραν,</strong></span> <span class='ocrx_word' id='word_1_153' title='bbox 903 643 1125 679; x_wconf 79' lang='grc' dir='ltr'>κρυπταζόμενον</span> <span class='ocrx_word' id='word_1_154' title='bbox 1149 643 1281 669; x_wconf 75' lang='grc' dir='ltr'><strong>ἐνδοτάτω</strong></span> <span class='ocrx_word' id='word_1_155' title='bbox 1304 643 1351 669; x_wconf 82' lang='grc' dir='ltr'>τοῦ</span> <span class='ocrx_word' id='word_1_156' title='bbox 1379 644 1531 679; x_wconf 85' lang='grc' dir='ltr'>σπηλαίου;</span> <span class='ocrx_word' id='word_1_157' title='bbox 1559 646 1596 677; x_wconf 84' lang='grc' dir='ltr'>ὠς</span> <span class='ocrx_word' id='word_1_158' title='bbox 1625 644 1656 673; x_wconf 71' lang='grc' dir='ltr'>αὖ</span> <span class='ocrx_word' id='word_1_159' title='bbox 1692 647 1772 675; x_wconf 85' lang='grc' dir='ltr'>πάλιν</span> 
     </span>
    </p>
   </div>
   <div class='ocr_carea' id='block_1_19' title="bbox 141 688 1772 727">
    <p class='ocr_par' dir='ltr' id='par_1_19' title="bbox 141 688 1772 727">
     <span class='ocr_line' id='line_1_19' title="bbox 141 688 1772 727; baseline 0.001 -9"><span class='ocrx_word' id='word_1_160' title='bbox 141 691 191 718; x_wconf 82' lang='grc' dir='ltr'><strong>οὐκ</strong></span> <span class='ocrx_word' id='word_1_161' title='bbox 205 690 261 726; x_wconf 85' lang='grc' dir='ltr'>εἶχε</span> <span class='ocrx_word' id='word_1_162' title='bbox 274 691 362 725; x_wconf 82' lang='grc' dir='ltr'>λόγον,</span> <span class='ocrx_word' id='word_1_163' title='bbox 380 692 408 717; x_wconf 81' lang='grc' dir='ltr'>ἐν</span> <span class='ocrx_word' id='word_1_164' title='bbox 434 691 514 726; x_wconf 84' lang='grc' dir='ltr'>σχολῇ</span> <span class='ocrx_word' id='word_1_165' title='bbox 539 691 585 718; x_wconf 73' lang='grc' dir='ltr'><strong>καὶ</strong></span> <span class='ocrx_word' id='word_1_166' title='bbox 602 691 692 717; x_wconf 78' lang='grc' dir='ltr'><strong>ἀνέσει</strong></span> <span class='ocrx_word' id='word_1_167' title='bbox 709 691 833 724; x_wconf 73' lang='grc' dir='ltr'><strong>διάγοντα</strong></span> <span class='ocrx_word' id='word_1_168' title='bbox 868 690 946 716; x_wconf 79' lang='grc' dir='ltr'>αὑτὸν</span> <span class='ocrx_word' id='word_1_169' title='bbox 965 690 993 716; x_wconf 77' lang='grc' dir='ltr'>ὲν</span> <span class='ocrx_word' id='word_1_170' title='bbox 1009 689 1048 725; x_wconf 79' lang='grc' dir='ltr'>τῷ</span> <span class='ocrx_word' id='word_1_171' title='bbox 1065 688 1188 724; x_wconf 80' lang='grc' dir='ltr'>σπηλαίῳ</span> <span class='ocrx_word' id='word_1_172' title='bbox 1202 689 1240 723; x_wconf 85' lang='grc' dir='ltr'>τῷ</span> <span class='ocrx_word' id='word_1_173' title='bbox 1266 689 1394 724; x_wconf 78' lang='grc' dir='ltr'><strong>Ὀδολλὰμ</strong></span> <span class='ocrx_word' id='word_1_174' title='bbox 1419 690 1487 725; x_wconf 79' lang='grc' dir='ltr'>μετὰ</span> <span class='ocrx_word' id='word_1_175' title='bbox 1516 692 1696 727; x_wconf 69' lang='grc' dir='ltr'>τετρακοσίων</span> <span class='ocrx_word' id='word_1_176' title='bbox 1727 693 1772 719; x_wconf 87' lang='grc' dir='ltr'><strong>ἀν·</strong></span> 
     </span>
    </p>
   </div>
   <div class='ocr_carea' id='block_1_20' title="bbox 141 737 1773 776">
    <p class='ocr_par' dir='ltr' id='par_1_20' title="bbox 141 737 1773 776">
     <span class='ocr_line' id='line_1_20' title="bbox 141 737 1773 776; baseline 0.002 -11"><span class='ocrx_word' id='word_1_177' title='bbox 141 739 208 775; x_wconf 79' lang='grc' dir='ltr'>δρῶν</span> <span class='ocrx_word' id='word_1_178' title='bbox 243 739 297 765; x_wconf 84' lang='grc' dir='ltr'>τῶν</span> <span class='ocrx_word' id='word_1_179' title='bbox 330 738 463 765; x_wconf 80' lang='grc' dir='ltr'>συνόντων</span> <span class='ocrx_word' id='word_1_180' title='bbox 490 738 575 774; x_wconf 75' lang='grc' dir='ltr'>αὐτῷ,</span> <span class='ocrx_word' id='word_1_181' title='bbox 597 739 696 773; x_wconf 85' lang='grc' dir='ltr'>λέγειν·</span> <span class='ocrx_word' id='word_1_182' title='bbox 720 738 862 766; x_wconf 79' lang='grc' dir='ltr'>Ἀπώλετο</span> <span class='ocrx_word' id='word_1_183' title='bbox 880 737 961 773; x_wconf 75' lang='grc' dir='ltr'><strong>φυγή</strong></span> <span class='ocrx_word' id='word_1_184' title='bbox 980 738 1030 765; x_wconf 75' lang='grc' dir='ltr'><strong>ἀπ’</strong></span> <span class='ocrx_word' id='word_1_185' title='bbox 1053 737 1137 772; x_wconf 81' lang='grc' dir='ltr'>ἐμοῦ,</span> <span class='ocrx_word' id='word_1_186' title='bbox 1163 738 1220 770; x_wconf 70' lang='grc' dir='ltr'>καὶ,</span> <span class='ocrx_word' id='word_1_187' title='bbox 1243 737 1386 773; x_wconf 75' lang='grc' dir='ltr'>Ἐξάγίιγε</span> <span class='ocrx_word' id='word_1_188' title='bbox 1408 739 1442 765; x_wconf 78' lang='grc' dir='ltr'>ἐκ</span> <span class='ocrx_word' id='word_1_189' title='bbox 1463 740 1603 774; x_wconf 61' lang='grc' dir='ltr'>φυλακῆς</span> <span class='ocrx_word' id='word_1_190' title='bbox 1632 741 1688 775; x_wconf 81' lang='grc' dir='ltr'><strong>τὴν</strong></span> <span class='ocrx_word' id='word_1_191' title='bbox 1713 742 1773 776; x_wconf 75' lang='grc' dir='ltr'><strong>ψυ-</strong></span> 
     </span>
    </p>
   </div>
   <div class='ocr_carea' id='block_1_21' title="bbox 142 784 282 819">
    <p class='ocr_par' dir='ltr' id='par_1_21' title="bbox 142 784 282 819">
     <span class='ocr_line' id='line_1_21' title="bbox 142 784 282 819; baseline 0.021 -10"><span class='ocrx_word' id='word_1_192' title='bbox 142 784 201 819; x_wconf 74' lang='grc' dir='ltr'><strong>χήν</strong></span> <span class='ocrx_word' id='word_1_193' title='bbox 213 793 282 818; x_wconf 88' lang='grc' dir='ltr'>μου.</span> 
     </span>
    </p>
   </div>
   <div class='ocr_carea' id='block_1_22' title="bbox 176 840 928 880">
    <p class='ocr_par' dir='ltr' id='par_1_22' title="bbox 176 840 928 880">
     <span class='ocr_line' id='line_1_22' title="bbox 176 840 928 880; baseline 0.003 -12"><span class='ocrx_word' id='word_1_194' title='bbox 176 841 268 868; x_wconf 78' lang='grc' dir='ltr'>Ταῦτα</span> <span class='ocrx_word' id='word_1_195' title='bbox 295 842 343 878; x_wconf 84' lang='grc' dir='ltr'>μὲν</span> <span class='ocrx_word' id='word_1_196' title='bbox 366 840 412 870; x_wconf 80' lang='grc' dir='ltr'><strong>οὗν</strong></span> <span class='ocrx_word' id='word_1_197' title='bbox 427 843 545 878; x_wconf 74' lang='grc' dir='ltr'>εἰρήσθω</span> <span class='ocrx_word' id='word_1_198' title='bbox 569 844 609 875; x_wconf 76' lang='grc' dir='ltr'>εἰς</span> <span class='ocrx_word' id='word_1_199' title='bbox 632 844 682 878; x_wconf 86' lang='grc' dir='ltr'>τὴν</span> <span class='ocrx_word' id='word_1_200' title='bbox 711 843 841 880; x_wconf 82' lang='grc' dir='ltr'>διαφορὰν</span> <span class='ocrx_word' id='word_1_201' title='bbox 875 842 928 870; x_wconf 83' lang='grc' dir='ltr'>τῶν</span> 
     </span>
    </p>
   </div>
   <div class='ocr_carea' id='block_1_23' title="bbox 139 889 928 926">
    <p class='ocr_par' dir='ltr' id='par_1_23' title="bbox 139 889 928 926">
     <span class='ocr_line' id='line_1_23' title="bbox 139 889 928 926; baseline 0.004 -13"><span class='ocrx_word' id='word_1_202' title='bbox 139 889 335 924; x_wconf 75' lang='grc' dir='ltr'><strong>προκειμένων.</strong></span> <span class='ocrx_word' id='word_1_203' title='bbox 361 890 459 924; x_wconf 83' lang='grc' dir='ltr'>Ἴωμεν</span> <span class='ocrx_word' id='word_1_204' title='bbox 484 889 512 915; x_wconf 79' lang='grc' dir='ltr'>δὲ</span> <span class='ocrx_word' id='word_1_205' title='bbox 545 890 589 916; x_wconf 75' lang='grc' dir='ltr'><strong>ἐπὶ</strong></span> <span class='ocrx_word' id='word_1_206' title='bbox 615 889 663 925; x_wconf 82' lang='grc' dir='ltr'>τὴν</span> <span class='ocrx_word' id='word_1_207' title='bbox 680 889 726 916; x_wconf 76' lang='grc' dir='ltr'><strong>τοῦ</strong></span> <span class='ocrx_word' id='word_1_208' title='bbox 743 890 810 926; x_wconf 82' lang='grc' dir='ltr'>μετὰ</span> <span class='ocrx_word' id='word_1_209' title='bbox 836 891 928 926; x_wconf 81' lang='grc' dir='ltr'>χεῖρας</span> 
     </span>
    </p>
   </div>
   <div class='ocr_carea' id='block_1_24' title="bbox 138 932 924 969">
    <p class='ocr_par' dir='ltr' id='par_1_24' title="bbox 138 932 924 969">
     <span class='ocr_line' id='line_1_24' title="bbox 138 932 924 969; baseline 0.001 -9"><span class='ocrx_word' id='word_1_210' title='bbox 138 934 277 969; x_wconf 75' lang='grc' dir='ltr'>ἐξήγησιν.</span> <span class='ocrx_word' id='word_1_211' title='bbox 295 935 346 967; x_wconf 78' lang='grc' dir='ltr'><strong>Εὶς</strong></span> <span class='ocrx_word' id='word_1_212' title='bbox 364 934 396 961; x_wconf 87' lang='grc' dir='ltr'>τὸ</span> <span class='ocrx_word' id='word_1_213' title='bbox 414 934 511 967; x_wconf 79' lang='grc' dir='ltr'>τέλος,</span> <span class='ocrx_word' id='word_1_214' title='bbox 522 935 565 969; x_wconf 80' lang='grc' dir='ltr'>μὴ</span> <span class='ocrx_word' id='word_1_215' title='bbox 582 935 765 969; x_wconf 66' lang='grc' dir='ltr'>διαφθείρῃς,</span> <span class='ocrx_word' id='word_1_216' title='bbox 781 932 819 969; x_wconf 82' lang='grc' dir='ltr'>τῷ</span> <span class='ocrx_word' id='word_1_217' title='bbox 835 935 924 962; x_wconf 82' lang='grc' dir='ltr'><strong>Δαυῖδ</strong></span> 
     </span>
    </p>
   </div>
   <div class='ocr_carea' id='block_1_25' title="bbox 137 981 926 1017">
    <p class='ocr_par' dir='ltr' id='par_1_25' title="bbox 137 981 926 1017">
     <span class='ocr_line' id='line_1_25' title="bbox 137 981 926 1017; baseline 0.003 -11"><span class='ocrx_word' id='word_1_218' title='bbox 137 981 181 1012; x_wconf 83' lang='grc' dir='ltr'>εις</span> <span class='ocrx_word' id='word_1_219' title='bbox 209 982 443 1016; x_wconf 68' lang='grc' dir='ltr'>στηλοπριιςριάν,</span> <span class='ocrx_word' id='word_1_220' title='bbox 470 981 517 1008; x_wconf 75' lang='grc' dir='ltr'>καὶ</span> <span class='ocrx_word' id='word_1_221' title='bbox 543 982 575 1010; x_wconf 73' lang='grc' dir='ltr'>τὰ</span> <span class='ocrx_word' id='word_1_222' title='bbox 609 981 680 1016; x_wconf 79' lang='grc' dir='ltr'>ἑξῆς.</span> <span class='ocrx_word' id='word_1_223' title='bbox 710 982 826 1008; x_wconf 86' lang='grc' dir='ltr'>Ἦλαυνε</span> <span class='ocrx_word' id='word_1_224' title='bbox 851 982 926 1017; x_wconf 68' lang='grc' dir='ltr'>μὲ,νὸ</span> 
     </span>
    </p>
   </div>
   <div class='ocr_carea' id='block_1_26' title="bbox 137 1026 926 1066">
    <p class='ocr_par' dir='ltr' id='par_1_26' title="bbox 137 1026 926 1066">
     <span class='ocr_line' id='line_1_26' title="bbox 137 1026 926 1066; baseline 0.003 -14"><span class='ocrx_word' id='word_1_225' title='bbox 137 1026 224 1052; x_wconf 71' lang='grc' dir='ltr'>Σαοὺλ</span> <span class='ocrx_word' id='word_1_226' title='bbox 241 1026 285 1052; x_wconf 79' lang='grc' dir='ltr'>τὸν</span> <span class='ocrx_word' id='word_1_227' title='bbox 303 1027 391 1054; x_wconf 82' lang='grc' dir='ltr'><strong>Δαυῖδ·</strong></span> <span class='ocrx_word' id='word_1_228' title='bbox 403 1028 417 1053; x_wconf 81' lang='grc' dir='ltr'>ὁ</span> <span class='ocrx_word' id='word_1_229' title='bbox 428 1027 450 1054; x_wconf 80' lang='grc' dir='ltr'>δ’</span> <span class='ocrx_word' id='word_1_230' title='bbox 468 1027 558 1063; x_wconf 74' lang='grc' dir='ltr'>ἔργοις</span> <span class='ocrx_word' id='word_1_231' title='bbox 571 1027 702 1054; x_wconf 77' lang='grc' dir='ltr'><strong>ἐπιτελῶν</strong></span> <span class='ocrx_word' id='word_1_232' title='bbox 719 1028 759 1059; x_wconf 85' lang='grc' dir='ltr'><strong>τδ,</strong></span> <span class='ocrx_word' id='word_1_233' title='bbox 777 1028 846 1054; x_wconf 80' lang='grc' dir='ltr'><strong>Ἐὰν</strong></span> <span class='ocrx_word' id='word_1_234' title='bbox 860 1027 926 1066; x_wconf 73' lang='grc' dir='ltr'>διώ-</span> 
     </span>
    </p>
   </div>
   <div class='ocr_carea' id='block_1_27' title="bbox 135 1072 927 1108">
    <p class='ocr_par' dir='ltr' id='par_1_27' title="bbox 135 1072 927 1108">
     <span class='ocr_line' id='line_1_27' title="bbox 135 1072 927 1108; baseline 0.003 -10"><span class='ocrx_word' id='word_1_235' title='bbox 135 1080 231 1098; x_wconf 85' lang='grc' dir='ltr'>κωσιν</span> <span class='ocrx_word' id='word_1_236' title='bbox 244 1072 321 1106; x_wconf 80' lang='grc' dir='ltr'>ὑμᾶς</span> <span class='ocrx_word' id='word_1_237' title='bbox 334 1073 369 1099; x_wconf 71' lang='grc' dir='ltr'>ἐκ</span> <span class='ocrx_word' id='word_1_238' title='bbox 395 1073 451 1107; x_wconf 79' lang='grc' dir='ltr'>τῆς</span> <span class='ocrx_word' id='word_1_239' title='bbox 466 1075 582 1105; x_wconf 80' lang='grc' dir='ltr'>πόλεως</span> <span class='ocrx_word' id='word_1_240' title='bbox 605 1074 724 1107; x_wconf 84' lang='grc' dir='ltr'><strong>ταύτης,</strong></span> <span class='ocrx_word' id='word_1_241' title='bbox 738 1074 862 1108; x_wconf 68' lang='grc' dir='ltr'>φεύγετε</span> <span class='ocrx_word' id='word_1_242' title='bbox 883 1075 927 1107; x_wconf 83' lang='grc' dir='ltr'>εἰς</span> 
     </span>
    </p>
   </div>
   <div class='ocr_carea' id='block_1_28' title="bbox 134 1117 926 1156">
    <p class='ocr_par' dir='ltr' id='par_1_28' title="bbox 134 1117 926 1156">
     <span class='ocr_line' id='line_1_28' title="bbox 134 1117 926 1156; baseline 0.003 -12"><span class='ocrx_word' id='word_1_243' title='bbox 134 1117 193 1151; x_wconf 82' lang='grc' dir='ltr'><strong>τὴν</strong></span> <span class='ocrx_word' id='word_1_244' title='bbox 206 1118 319 1152; x_wconf 75' lang='grc' dir='ltr'>ἑτέραν,</span> <span class='ocrx_word' id='word_1_245' title='bbox 332 1119 539 1155; x_wconf 73' lang='grc' dir='ltr'><strong>ἀπεδίδρασκεν,</strong></span> <span class='ocrx_word' id='word_1_246' title='bbox 557 1119 594 1151; x_wconf 87' lang='grc' dir='ltr'>ὡς</span> <span class='ocrx_word' id='word_1_247' title='bbox 616 1119 648 1146; x_wconf 85' lang='grc' dir='ltr'>ἂν</span> <span class='ocrx_word' id='word_1_248' title='bbox 670 1120 706 1155; x_wconf 83' lang='grc' dir='ltr'><strong>μὴ</strong></span> <span class='ocrx_word' id='word_1_249' title='bbox 728 1119 822 1156; x_wconf 87' lang='grc' dir='ltr'>παρὼν</span> <span class='ocrx_word' id='word_1_250' title='bbox 836 1119 926 1154; x_wconf 75' lang='grc' dir='ltr'>ἐρεθί-</span> 
     </span>
    </p>
   </div>
   <div class='ocr_carea' id='block_1_29' title="bbox 135 1163 924 1200">
    <p class='ocr_par' dir='ltr' id='par_1_29' title="bbox 135 1163 924 1200">
     <span class='ocr_line' id='line_1_29' title="bbox 135 1163 924 1200; baseline 0.003 -10"><span class='ocrx_word' id='word_1_251' title='bbox 135 1163 176 1196; x_wconf 83' lang='grc' dir='ltr'><strong>ζοι</strong></span> <span class='ocrx_word' id='word_1_252' title='bbox 188 1165 234 1191; x_wconf 83' lang='grc' dir='ltr'>τὸν</span> <span class='ocrx_word' id='word_1_253' title='bbox 251 1165 356 1200; x_wconf 75' lang='grc' dir='ltr'>ἐχθρὸν,</span> <span class='ocrx_word' id='word_1_254' title='bbox 374 1165 459 1196; x_wconf 80' lang='grc' dir='ltr'>αἴτιός</span> <span class='ocrx_word' id='word_1_255' title='bbox 474 1173 504 1191; x_wconf 88' lang='grc' dir='ltr'><strong>τε</strong></span> <span class='ocrx_word' id='word_1_256' title='bbox 527 1165 600 1199; x_wconf 78' lang='grc' dir='ltr'>αὐτῷ</span> <span class='ocrx_word' id='word_1_257' title='bbox 616 1165 736 1199; x_wconf 86' lang='grc' dir='ltr'>γίγνοιτο</span> <span class='ocrx_word' id='word_1_258' title='bbox 760 1166 924 1200; x_wconf 78' lang='grc' dir='ltr'>μιαιφονίας.</span> 
     </span>
    </p>
   </div>
   <div class='ocr_carea' id='block_1_30' title="bbox 134 1210 926 1246">
    <p class='ocr_par' dir='ltr' id='par_1_30' title="bbox 134 1210 926 1246">
     <span class='ocr_line' id='line_1_30' title="bbox 134 1210 926 1246; baseline 0.003 -10"><span class='ocrx_word' id='word_1_259' title='bbox 134 1210 172 1236; x_wconf 84' lang='grc' dir='ltr'>Τὸ</span> <span class='ocrx_word' id='word_1_260' title='bbox 187 1210 252 1246; x_wconf 75' lang='grc' dir='ltr'>γὰρ,</span> <span class='ocrx_word' id='word_1_261' title='bbox 266 1211 314 1244; x_wconf 75' lang='grc' dir='ltr'><strong>Μὴ</strong></span> <span class='ocrx_word' id='word_1_262' title='bbox 328 1211 429 1238; x_wconf 71' lang='grc' dir='ltr'>ἑκκαιε</span> <span class='ocrx_word' id='word_1_263' title='bbox 443 1211 594 1245; x_wconf 82' lang='grc' dir='ltr'>ἄνθρακας</span> <span class='ocrx_word' id='word_1_264' title='bbox 619 1212 805 1246; x_wconf 79' lang='grc' dir='ltr'>ἀμαρτωλοῦ,</span> <span class='ocrx_word' id='word_1_265' title='bbox 818 1211 926 1238; x_wconf 84' lang='grc' dir='ltr'>πάντων</span> 
     </span>
    </p>
   </div>
   <div class='ocr_carea' id='block_1_31' title="bbox 135 1256 923 1294">
    <p class='ocr_par' dir='ltr' id='par_1_31' title="bbox 135 1256 923 1294">
     <span class='ocr_line' id='line_1_31' title="bbox 135 1256 923 1294; baseline 0.003 -12"><span class='ocrx_word' id='word_1_266' title='bbox 135 1256 236 1292; x_wconf 80' lang='grc' dir='ltr'>μᾶλλον</span> <span class='ocrx_word' id='word_1_267' title='bbox 251 1257 331 1283; x_wconf 71' lang='grc' dir='ltr'>Δαυῒδ</span> <span class='ocrx_word' id='word_1_268' title='bbox 343 1257 485 1291; x_wconf 78' lang='grc' dir='ltr'>ἠπίστατο·</span> <span class='ocrx_word' id='word_1_269' title='bbox 498 1257 543 1284; x_wconf 66' lang='grc' dir='ltr'><strong>διὸ</strong></span> <span class='ocrx_word' id='word_1_270' title='bbox 552 1257 688 1293; x_wconf 83' lang='grc' dir='ltr'><strong>ὑπεχώρει</strong></span> <span class='ocrx_word' id='word_1_271' title='bbox 701 1258 747 1284; x_wconf 76' lang='grc' dir='ltr'>καὶ</span> <span class='ocrx_word' id='word_1_272' title='bbox 759 1257 923 1294; x_wconf 78' lang='grc' dir='ltr'>παρεχώρει,</span> 
     </span>
    </p>
   </div>
   <div class='ocr_carea' id='block_1_32' title="bbox 133 1303 924 1339">
    <p class='ocr_par' dir='ltr' id='par_1_32' title="bbox 133 1303 924 1339">
     <span class='ocr_line' id='line_1_32' title="bbox 133 1303 924 1339; baseline 0.004 -10"><span class='ocrx_word' id='word_1_273' title='bbox 133 1303 238 1339; x_wconf 81' lang='grc' dir='ltr'>καίπερ</span> <span class='ocrx_word' id='word_1_274' title='bbox 250 1303 431 1339; x_wconf 82' lang='grc' dir='ltr'>ἀγαπώμενος</span> <span class='ocrx_word' id='word_1_275' title='bbox 441 1304 492 1330; x_wconf 72' lang='grc' dir='ltr'>ὑπὸ</span> <span class='ocrx_word' id='word_1_276' title='bbox 500 1304 599 1336; x_wconf 81' lang='grc' dir='ltr'>παντὸς</span> <span class='ocrx_word' id='word_1_277' title='bbox 610 1303 656 1331; x_wconf 80' lang='grc' dir='ltr'><strong>τοῦ</strong></span> <span class='ocrx_word' id='word_1_278' title='bbox 669 1304 771 1337; x_wconf 74' lang='grc' dir='ltr'>ἔθνους,</span> <span class='ocrx_word' id='word_1_279' title='bbox 783 1305 924 1337; x_wconf 81' lang='grc' dir='ltr'>πλείστους</span> 
     </span>
    </p>
   </div>
   <div class='ocr_carea' id='block_1_33' title="bbox 131 1349 924 1385">
    <p class='ocr_par' dir='ltr' id='par_1_33' title="bbox 131 1349 924 1385">
     <span class='ocr_line' id='line_1_33' title="bbox 131 1349 924 1385; baseline 0.003 -10"><span class='ocrx_word' id='word_1_280' title='bbox 131 1357 162 1375; x_wconf 79' lang='grc' dir='ltr'><strong>τε</strong></span> <span class='ocrx_word' id='word_1_281' title='bbox 179 1349 249 1384; x_wconf 77' lang='grc' dir='ltr'>ἔχων</span> <span class='ocrx_word' id='word_1_282' title='bbox 261 1350 323 1381; x_wconf 70' lang='grc' dir='ltr'>τοὺς</span> <span class='ocrx_word' id='word_1_283' title='bbox 341 1350 549 1385; x_wconf 75' lang='grc' dir='ltr'>συμπάσχοντας</span> <span class='ocrx_word' id='word_1_284' title='bbox 563 1350 609 1376; x_wconf 75' lang='grc' dir='ltr'>καὶ</span> <span class='ocrx_word' id='word_1_285' title='bbox 624 1351 831 1384; x_wconf 76' lang='grc' dir='ltr'>συναλγοῦντας,</span> <span class='ocrx_word' id='word_1_286' title='bbox 845 1351 924 1377; x_wconf 77' lang='grc' dir='ltr'>δυνα-</span> 
     </span>
    </p>
   </div>
   <div class='ocr_carea' id='block_1_34' title="bbox 133 1395 923 1432">
    <p class='ocr_par' dir='ltr' id='par_1_34' title="bbox 133 1395 923 1432">
     <span class='ocr_line' id='line_1_34' title="bbox 133 1395 923 1432; baseline 0.004 -11"><span class='ocrx_word' id='word_1_287' title='bbox 133 1395 232 1430; x_wconf 77' lang='grc' dir='ltr'>μένους</span> <span class='ocrx_word' id='word_1_288' title='bbox 245 1404 274 1422; x_wconf 84' lang='grc' dir='ltr'><strong>τε</strong></span> <span class='ocrx_word' id='word_1_289' title='bbox 291 1396 372 1422; x_wconf 83' lang='grc' dir='ltr'>αὑτὸν</span> <span class='ocrx_word' id='word_1_290' title='bbox 385 1396 453 1422; x_wconf 73' lang='grc' dir='ltr'>οἴκοι</span> <span class='ocrx_word' id='word_1_291' title='bbox 471 1397 535 1431; x_wconf 81' lang='grc' dir='ltr'>παρ’</span> <span class='ocrx_word' id='word_1_292' title='bbox 553 1397 658 1428; x_wconf 79' lang='grc' dir='ltr'>ἑαυτοῖς</span> <span class='ocrx_word' id='word_1_293' title='bbox 671 1396 846 1432; x_wconf 60' lang='grc' dir='ltr'>ὑποδέχεσθαι</span> <span class='ocrx_word' id='word_1_294' title='bbox 877 1398 923 1424; x_wconf 76' lang='grc' dir='ltr'><strong>καὶ</strong></span> 
     </span>
    </p>
   </div>
   <div class='ocr_carea' id='block_1_35' title="bbox 131 1442 922 1479">
    <p class='ocr_par' dir='ltr' id='par_1_35' title="bbox 131 1442 922 1479">
     <span class='ocr_line' id='line_1_35' title="bbox 131 1442 922 1479; baseline 0.001 -10"><span class='ocrx_word' id='word_1_295' title='bbox 131 1442 273 1479; x_wconf 74' lang='grc' dir='ltr'>κρύπτειν.</span> <span class='ocrx_word' id='word_1_296' title='bbox 296 1443 376 1470; x_wconf 78' lang='grc' dir='ltr'>Ἀλλὰ</span> <span class='ocrx_word' id='word_1_297' title='bbox 391 1443 434 1470; x_wconf 84' lang='grc' dir='ltr'>ἵνα</span> <span class='ocrx_word' id='word_1_298' title='bbox 458 1443 493 1478; x_wconf 86' lang='grc' dir='ltr'>μὴ</span> <span class='ocrx_word' id='word_1_299' title='bbox 516 1444 563 1470; x_wconf 71' lang='grc' dir='ltr'><strong>καὶ</strong></span> <span class='ocrx_word' id='word_1_300' title='bbox 578 1444 680 1479; x_wconf 78' lang='grc' dir='ltr'>ἑτέροις</span> <span class='ocrx_word' id='word_1_301' title='bbox 693 1443 777 1476; x_wconf 80' lang='grc' dir='ltr'>αἴτιος</span> <span class='ocrx_word' id='word_1_302' title='bbox 803 1445 922 1478; x_wconf 83' lang='grc' dir='ltr'>γίγνοιτο</span> 
     </span>
    </p>
   </div>
   <div class='ocr_carea' id='block_1_36' title="bbox 131 1489 920 1525">
    <p class='ocr_par' dir='ltr' id='par_1_36' title="bbox 131 1489 920 1525">
     <span class='ocr_line' id='line_1_36' title="bbox 131 1489 920 1525; baseline 0.001 -9"><span class='ocrx_word' id='word_1_303' title='bbox 131 1490 270 1522; x_wconf 76' lang='grc' dir='ltr'>κινδύνων,</span> <span class='ocrx_word' id='word_1_304' title='bbox 289 1489 388 1524; x_wconf 73' lang='grc' dir='ltr'>ἔφυγεν</span> <span class='ocrx_word' id='word_1_305' title='bbox 399 1490 445 1516; x_wconf 68' lang='grc' dir='ltr'>ἐπὶ</span> <span class='ocrx_word' id='word_1_306' title='bbox 467 1489 515 1521; x_wconf 76' lang='grc' dir='ltr'><strong>τὰς</strong></span> <span class='ocrx_word' id='word_1_307' title='bbox 536 1490 656 1525; x_wconf 74' lang='grc' dir='ltr'>ἐρήμους</span> <span class='ocrx_word' id='word_1_308' title='bbox 686 1490 786 1525; x_wconf 82' lang='grc' dir='ltr'>χώρας,</span> <span class='ocrx_word' id='word_1_309' title='bbox 805 1491 852 1518; x_wconf 81' lang='grc' dir='ltr'><strong>καὶ</strong></span> <span class='ocrx_word' id='word_1_310' title='bbox 872 1491 920 1522; x_wconf 78' lang='grc' dir='ltr'><strong>τὰς</strong></span> 
     </span>
    </p>
   </div>
   <div class='ocr_carea' id='block_1_37' title="bbox 130 1534 919 1571">
    <p class='ocr_par' dir='ltr' id='par_1_37' title="bbox 130 1534 919 1571">
     <span class='ocr_line' id='line_1_37' title="bbox 130 1534 919 1571; baseline 0.003 -10"><span class='ocrx_word' id='word_1_311' title='bbox 130 1536 160 1561; x_wconf 83' lang='grc' dir='ltr'>ἐν</span> <span class='ocrx_word' id='word_1_312' title='bbox 173 1537 229 1566; x_wconf 82' lang='grc' dir='ltr'>τοῖς</span> <span class='ocrx_word' id='word_1_313' title='bbox 242 1535 383 1571; x_wconf 79' lang='grc' dir='ltr'>σπηλαίοις</span> <span class='ocrx_word' id='word_1_314' title='bbox 395 1534 531 1570; x_wconf 76' lang='grc' dir='ltr'>ἠσπάζετο</span> <span class='ocrx_word' id='word_1_315' title='bbox 544 1535 691 1571; x_wconf 77' lang='grc' dir='ltr'>διατριϐάς.</span> <span class='ocrx_word' id='word_1_316' title='bbox 708 1536 762 1562; x_wconf 89' lang='grc' dir='ltr'>Καί</span> <span class='ocrx_word' id='word_1_317' title='bbox 780 1544 824 1571; x_wconf 85' lang='grc' dir='ltr'><strong>μοι</strong></span> <span class='ocrx_word' id='word_1_318' title='bbox 846 1537 919 1564; x_wconf 80' lang='grc' dir='ltr'>δοκεῖ</span> 
     </span>
    </p>
   </div>
   <div class='ocr_carea' id='block_1_38' title="bbox 1016 840 1768 878">
    <p class='ocr_par' dir='ltr' id='par_1_38' title="bbox 1016 840 1768 878">
     <span class='ocr_line' id='line_1_38' title="bbox 1016 840 1768 878; baseline 0.005 -10"><span class='ocrx_word' id='word_1_319' title='bbox 1016 840 1079 869; x_wconf 63' lang='lat' dir='ltr'><strong>Haec</strong></span> <span class='ocrx_word' id='word_1_320' title='bbox 1088 849 1171 876; x_wconf 89' lang='lat' dir='ltr'><strong>porro</strong></span> <span class='ocrx_word' id='word_1_321' title='bbox 1182 841 1254 869; x_wconf 88' lang='lat' dir='ltr'><strong>dicta</strong></span> <span class='ocrx_word' id='word_1_322' title='bbox 1266 841 1321 869; x_wconf 87' lang='lat' dir='ltr'><strong>sint</strong></span> <span class='ocrx_word' id='word_1_323' title='bbox 1336 841 1369 869; x_wconf 86' lang='lat' dir='ltr'><strong>de</strong></span> <span class='ocrx_word' id='word_1_324' title='bbox 1380 841 1540 870; x_wconf 86' lang='lat' dir='ltr'><strong>discrimine</strong></span> <span class='ocrx_word' id='word_1_325' title='bbox 1552 848 1768 878; x_wconf 71' lang='lat' dir='ltr'><strong>proposuorum.</strong></span> 
     </span>
    </p>
   </div>
   <div class='ocr_carea' id='block_1_39' title="bbox 980 887 1768 925">
    <p class='ocr_par' dir='ltr' id='par_1_39' title="bbox 980 887 1768 925">
     <span class='ocr_line' id='line_1_39' title="bbox 980 887 1768 925; baseline 0.009 -12"><span class='ocrx_word' id='word_1_326' title='bbox 980 887 1038 914; x_wconf 84' lang='lat' dir='ltr'><strong>Jam</strong></span> <span class='ocrx_word' id='word_1_327' title='bbox 1051 887 1225 922; x_wconf 69' lang='lat' dir='ltr'><strong>prtesentium</strong></span> <span class='ocrx_word' id='word_1_328' title='bbox 1238 895 1335 914; x_wconf 82' lang='lat' dir='ltr'><strong>vocum</strong></span> <span class='ocrx_word' id='word_1_329' title='bbox 1347 888 1554 922; x_wconf 76' lang='lat' dir='ltr'><strong>explicationem</strong></span> <span class='ocrx_word' id='word_1_330' title='bbox 1566 891 1768 925; x_wconf 80' lang='lat' dir='ltr'><strong>aggrediamur.</strong></span> 
     </span>
    </p>
   </div>
   <div class='ocr_carea' id='block_1_40' title="bbox 980 933 1768 971">
    <p class='ocr_par' dir='ltr' id='par_1_40' title="bbox 980 933 1768 971">
     <span class='ocr_line' id='line_1_40' title="bbox 980 933 1768 971; baseline 0.006 -12"><span class='ocrx_word' id='word_1_331' title='bbox 980 933 1014 960; x_wconf 88' lang='lat' dir='ltr'><strong>In</strong></span> <span class='ocrx_word' id='word_1_332' title='bbox 1028 934 1118 968; x_wconf 77' lang='lat' dir='ltr'><strong>ﬁnem,</strong></span> <span class='ocrx_word' id='word_1_333' title='bbox 1145 941 1175 960; x_wconf 84' lang='lat' dir='ltr'><strong>ne</strong></span> <span class='ocrx_word' id='word_1_334' title='bbox 1191 933 1339 967; x_wconf 72' lang='lat' dir='ltr'><strong>disperdat,</strong></span> <span class='ocrx_word' id='word_1_335' title='bbox 1356 933 1450 960; x_wconf 84' lang='lat' dir='ltr'><strong>Davidi</strong></span> <span class='ocrx_word' id='word_1_336' title='bbox 1474 935 1501 961; x_wconf 82' lang='lat' dir='ltr'><strong>in</strong></span> <span class='ocrx_word' id='word_1_337' title='bbox 1522 935 1593 962; x_wconf 85' lang='lat' dir='ltr'><strong>tituli</strong></span> <span class='ocrx_word' id='word_1_338' title='bbox 1617 937 1768 971; x_wconf 83' lang='lat' dir='ltr'><strong>inscriptio-</strong></span> 
     </span>
    </p>
   </div>
   <div class='ocr_carea' id='block_1_41' title="bbox 979 979 1766 1016">
    <p class='ocr_par' dir='ltr' id='par_1_41' title="bbox 979 979 1766 1016">
     <span class='ocr_line' id='line_1_41' title="bbox 979 979 1766 1016; baseline 0.006 -10"><span class='ocrx_word' id='word_1_339' title='bbox 979 988 1047 1011; x_wconf 83' lang='lat' dir='ltr'><strong>nem.</strong></span> <span class='ocrx_word' id='word_1_340' title='bbox 1066 985 1092 1007; x_wconf 91' lang='lat' dir='ltr'><strong>et</strong></span> <span class='ocrx_word' id='word_1_341' title='bbox 1110 983 1217 1006; x_wconf 65' lang='lat' dir='ltr'><strong>caetera.</strong></span> <span class='ocrx_word' id='word_1_342' title='bbox 1244 979 1365 1006; x_wconf 65' lang='lat' dir='ltr'><strong>Pellebat</strong></span> <span class='ocrx_word' id='word_1_343' title='bbox 1381 979 1445 1007; x_wconf 83' lang='lat' dir='ltr'><strong>Saul</strong></span> <span class='ocrx_word' id='word_1_344' title='bbox 1468 979 1596 1008; x_wconf 87' lang='lat' dir='ltr'><strong>Davidem</strong></span> <span class='ocrx_word' id='word_1_345' title='bbox 1623 983 1669 1016; x_wconf 88' lang='lat' dir='ltr'><strong>qui</strong></span> <span class='ocrx_word' id='word_1_346' title='bbox 1698 983 1766 1011; x_wconf 88' lang='lat' dir='ltr'><strong>illud</strong></span> 
     </span>
    </p>
   </div>
   <div class='ocr_carea' id='block_1_42' title="bbox 978 1025 1764 1063">
    <p class='ocr_par' dir='ltr' id='par_1_42' title="bbox 978 1025 1764 1063">
     <span class='ocr_line' id='line_1_42' title="bbox 978 1025 1764 1063; baseline 0.004 -10"><span class='ocrx_word' id='word_1_347' title='bbox 978 1034 1059 1061; x_wconf 88' lang='lat' dir='ltr'><strong>opere</strong></span> <span class='ocrx_word' id='word_1_348' title='bbox 1072 1026 1221 1061; x_wconf 86' lang='lat' dir='ltr'><strong>complens,</strong></span> <span class='ocrx_word' id='word_1_349' title='bbox 1236 1025 1265 1052; x_wconf 91' lang='lat' dir='ltr'><strong>Si</strong></span> <span class='ocrx_word' id='word_1_350' title='bbox 1280 1034 1324 1052; x_wconf 81' lang='lat' dir='ltr'><strong>vos</strong></span> <span class='ocrx_word' id='word_1_351' title='bbox 1335 1031 1525 1062; x_wconf 81' lang='lat' dir='ltr'><strong>persequantur</strong></span> <span class='ocrx_word' id='word_1_352' title='bbox 1536 1035 1569 1054; x_wconf 67' lang='lat' dir='ltr'><strong>ex</strong></span> <span class='ocrx_word' id='word_1_353' title='bbox 1584 1028 1632 1055; x_wconf 78' lang='lat' dir='ltr'><strong>hac</strong></span> <span class='ocrx_word' id='word_1_354' title='bbox 1649 1029 1764 1063; x_wconf 79' lang='lat' dir='ltr'><strong>civitate,</strong></span> 
     </span>
    </p>
   </div>
   <div class='ocr_carea' id='block_1_43' title="bbox 977 1071 1764 1107">
    <p class='ocr_par' dir='ltr' id='par_1_43' title="bbox 977 1071 1764 1107">
     <span class='ocr_line' id='line_1_43' title="bbox 977 1071 1764 1107; baseline 0.006 -10"><span class='ocrx_word' id='word_1_355' title='bbox 977 1071 1059 1106; x_wconf 76' lang='lat' dir='ltr'><strong>fugite</strong></span> <span class='ocrx_word' id='word_1_356' title='bbox 1077 1073 1104 1098; x_wconf 83' lang='lat' dir='ltr'><strong>in</strong></span> <span class='ocrx_word' id='word_1_357' title='bbox 1125 1072 1206 1098; x_wconf 87' lang='lat' dir='ltr'><strong>aliam</strong></span> <span class='ocrx_word' id='word_1_358' title='bbox 1229 1071 1262 1103; x_wconf 85' lang='lat'><strong>&quot;,</strong></span> <span class='ocrx_word' id='word_1_359' title='bbox 1282 1072 1398 1107; x_wconf 77' lang='lat' dir='ltr'><strong>aufugit.</strong></span> <span class='ocrx_word' id='word_1_360' title='bbox 1423 1080 1456 1099; x_wconf 89' lang='lat' dir='ltr'><strong>ne</strong></span> <span class='ocrx_word' id='word_1_361' title='bbox 1480 1081 1600 1107; x_wconf 67' lang='lat' dir='ltr'><strong>prmsens</strong></span> <span class='ocrx_word' id='word_1_362' title='bbox 1622 1074 1764 1102; x_wconf 90' lang='lat' dir='ltr'><strong>inimicum</strong></span> 
     </span>
    </p>
   </div>
   <div class='ocr_carea' id='block_1_44' title="bbox 977 1117 1765 1152">
    <p class='ocr_par' dir='ltr' id='par_1_44' title="bbox 977 1117 1765 1152">
     <span class='ocr_line' id='line_1_44' title="bbox 977 1117 1765 1152; baseline 0.005 -9"><span class='ocrx_word' id='word_1_363' title='bbox 977 1118 1107 1149; x_wconf 86' lang='lat' dir='ltr'><strong>irritaret,</strong></span> <span class='ocrx_word' id='word_1_364' title='bbox 1124 1117 1230 1152; x_wconf 82' lang='lat' dir='ltr'><strong>ipsique</strong></span> <span class='ocrx_word' id='word_1_365' title='bbox 1244 1117 1327 1145; x_wconf 75' lang='lat' dir='ltr'><strong>caedis</strong></span> <span class='ocrx_word' id='word_1_366' title='bbox 1344 1125 1426 1145; x_wconf 85' lang='lat' dir='ltr'><strong>causa</strong></span> <span class='ocrx_word' id='word_1_367' title='bbox 1442 1122 1524 1145; x_wconf 84' lang='lat' dir='ltr'><strong>esset.</strong></span> <span class='ocrx_word' id='word_1_368' title='bbox 1540 1117 1608 1146; x_wconf 87' lang='lat' dir='ltr'><strong>lllttd</strong></span> <span class='ocrx_word' id='word_1_369' title='bbox 1622 1120 1705 1152; x_wconf 86' lang='lat' dir='ltr'><strong>enim,</strong></span> <span class='ocrx_word' id='word_1_370' title='bbox 1722 1120 1765 1148; x_wconf 76' lang='lat' dir='ltr'><strong>Na</strong></span> 
     </span>
    </p>
   </div>
   <div class='ocr_carea' id='block_1_45' title="bbox 977 1161 1764 1196">
    <p class='ocr_par' dir='ltr' id='par_1_45' title="bbox 977 1161 1764 1196">
     <span class='ocr_line' id='line_1_45' title="bbox 977 1161 1764 1196; baseline 0.006 -9"><span class='ocrx_word' id='word_1_371' title='bbox 977 1161 1106 1189; x_wconf 73' lang='lat' dir='ltr'><strong>arcendas</strong></span> <span class='ocrx_word' id='word_1_372' title='bbox 1130 1161 1255 1188; x_wconf 80' lang='lat' dir='ltr'><strong>carbones</strong></span> <span class='ocrx_word' id='word_1_373' title='bbox 1279 1163 1426 1196; x_wconf 72' lang='lat' dir='ltr'><strong>peccatoris</strong></span> <span class='ocrx_word' id='word_1_374' title='bbox 1449 1163 1482 1195; x_wconf 79' lang='lat'><strong>&quot;,</strong></span> <span class='ocrx_word' id='word_1_375' title='bbox 1514 1164 1611 1191; x_wconf 78' lang='lat' dir='ltr'><strong>melius</strong></span> <span class='ocrx_word' id='word_1_376' title='bbox 1636 1165 1764 1193; x_wconf 86' lang='lat' dir='ltr'><strong>omnibus</strong></span> 
     </span>
    </p>
   </div>
   <div class='ocr_carea' id='block_1_46' title="bbox 976 1207 1762 1242">
    <p class='ocr_par' dir='ltr' id='par_1_46' title="bbox 976 1207 1762 1242">
     <span class='ocr_line' id='line_1_46' title="bbox 976 1207 1762 1242; baseline 0.008 -9"><span class='ocrx_word' id='word_1_377' title='bbox 976 1207 1079 1234; x_wconf 88' lang='lat' dir='ltr'><strong>sciebat</strong></span> <span class='ocrx_word' id='word_1_378' title='bbox 1093 1207 1177 1234; x_wconf 85' lang='lat' dir='ltr'><strong>David</strong></span> <span class='ocrx_word' id='word_1_379' title='bbox 1192 1216 1198 1233; x_wconf 92' lang='lat'>:</span> <span class='ocrx_word' id='word_1_380' title='bbox 1211 1214 1297 1242; x_wconf 88' lang='lat' dir='ltr'><strong>qttare</strong></span> <span class='ocrx_word' id='word_1_381' title='bbox 1313 1208 1428 1234; x_wconf 81' lang='lat' dir='ltr'><strong>cedebat</strong></span> <span class='ocrx_word' id='word_1_382' title='bbox 1442 1212 1468 1235; x_wconf 90' lang='lat' dir='ltr'><strong>et</strong></span> <span class='ocrx_word' id='word_1_383' title='bbox 1487 1208 1639 1242; x_wconf 86' lang='lat' dir='ltr'><strong>secedebat,</strong></span> <span class='ocrx_word' id='word_1_384' title='bbox 1654 1211 1762 1239; x_wconf 84' lang='lat' dir='ltr'><strong>etiamsi</strong></span> 
     </span>
    </p>
   </div>
   <div class='ocr_carea' id='block_1_47' title="bbox 975 1252 1762 1290">
    <p class='ocr_par' dir='ltr' id='par_1_47' title="bbox 975 1252 1762 1290">
     <span class='ocr_line' id='line_1_47' title="bbox 975 1252 1762 1290; baseline 0.005 -11"><span class='ocrx_word' id='word_1_385' title='bbox 975 1260 990 1279; x_wconf 90' lang='lat' dir='ltr'><strong>a</strong></span> <span class='ocrx_word' id='word_1_386' title='bbox 1007 1256 1063 1279; x_wconf 88' lang='lat' dir='ltr'><strong>tota</strong></span> <span class='ocrx_word' id='word_1_387' title='bbox 1083 1257 1162 1287; x_wconf 71' lang='lat' dir='ltr'><strong>gente</strong></span> <span class='ocrx_word' id='word_1_388' title='bbox 1196 1252 1366 1288; x_wconf 80' lang='lat' dir='ltr'><strong>diligeretur,</strong></span> <span class='ocrx_word' id='word_1_389' title='bbox 1392 1256 1419 1280; x_wconf 89' lang='lat' dir='ltr'><strong>et</strong></span> <span class='ocrx_word' id='word_1_390' title='bbox 1442 1254 1542 1280; x_wconf 88' lang='lat' dir='ltr'><strong>multos</strong></span> <span class='ocrx_word' id='word_1_391' title='bbox 1578 1254 1690 1282; x_wconf 78' lang='lat' dir='ltr'><strong>haberet</strong></span> <span class='ocrx_word' id='word_1_392' title='bbox 1714 1255 1762 1290; x_wconf 88' lang='lat' dir='ltr'><strong>qui</strong></span> 
     </span>
    </p>
   </div>
   <div class='ocr_carea' id='block_1_48' title="bbox 975 1300 1761 1336">
    <p class='ocr_par' dir='ltr' id='par_1_48' title="bbox 975 1300 1761 1336">
     <span class='ocr_line' id='line_1_48' title="bbox 975 1300 1761 1336; baseline 0.004 -9"><span class='ocrx_word' id='word_1_393' title='bbox 975 1300 1002 1327; x_wconf 89' lang='lat' dir='ltr'><strong>in</strong></span> <span class='ocrx_word' id='word_1_394' title='bbox 1020 1303 1123 1335; x_wconf 88' lang='lat' dir='ltr'><strong>partem</strong></span> <span class='ocrx_word' id='word_1_395' title='bbox 1141 1300 1244 1328; x_wconf 91' lang='lat' dir='ltr'><strong>doloris</strong></span> <span class='ocrx_word' id='word_1_396' title='bbox 1263 1301 1471 1336; x_wconf 87' lang='lat' dir='ltr'><strong>alllictionisque</strong></span> <span class='ocrx_word' id='word_1_397' title='bbox 1496 1302 1556 1336; x_wconf 86' lang='lat' dir='ltr'><strong>ejus</strong></span> <span class='ocrx_word' id='word_1_398' title='bbox 1572 1304 1706 1335; x_wconf 81' lang='lat' dir='ltr'><strong>venirent,</strong></span> <span class='ocrx_word' id='word_1_399' title='bbox 1732 1308 1761 1331; x_wconf 84' lang='lat' dir='ltr'><strong>et</strong></span> 
     </span>
    </p>
   </div>
   <div class='ocr_carea' id='block_1_49' title="bbox 974 1345 1759 1381">
    <p class='ocr_par' dir='ltr' id='par_1_49' title="bbox 974 1345 1759 1381">
     <span class='ocr_line' id='line_1_49' title="bbox 974 1345 1759 1381; baseline 0.004 -9"><span class='ocrx_word' id='word_1_400' title='bbox 974 1350 1086 1380; x_wconf 84' lang='lat' dir='ltr'><strong>possent</strong></span> <span class='ocrx_word' id='word_1_401' title='bbox 1106 1353 1167 1372; x_wconf 91' lang='lat' dir='ltr'><strong>eum</strong></span> <span class='ocrx_word' id='word_1_402' title='bbox 1185 1345 1257 1372; x_wconf 90' lang='lat' dir='ltr'><strong>domi</strong></span> <span class='ocrx_word' id='word_1_403' title='bbox 1276 1346 1347 1380; x_wconf 80' lang='lat' dir='ltr'><strong>apud</strong></span> <span class='ocrx_word' id='word_1_404' title='bbox 1375 1354 1404 1373; x_wconf 87' lang='lat' dir='ltr'><strong>se</strong></span> <span class='ocrx_word' id='word_1_405' title='bbox 1418 1347 1552 1381; x_wconf 84' lang='lat' dir='ltr'><strong>excipere,</strong></span> <span class='ocrx_word' id='word_1_406' title='bbox 1569 1352 1596 1374; x_wconf 93' lang='lat' dir='ltr'><strong>et</strong></span> <span class='ocrx_word' id='word_1_407' title='bbox 1611 1348 1759 1375; x_wconf 88' lang='lat' dir='ltr'><strong>occultare.</strong></span> 
     </span>
    </p>
   </div>
   <div class='ocr_carea' id='block_1_50' title="bbox 974 1389 1760 1425">
    <p class='ocr_par' dir='ltr' id='par_1_50' title="bbox 974 1389 1760 1425">
     <span class='ocr_line' id='line_1_50' title="bbox 974 1389 1760 1425; baseline 0.004 -9"><span class='ocrx_word' id='word_1_408' title='bbox 974 1389 1025 1416; x_wconf 87' lang='lat' dir='ltr'><strong>Sed</strong></span> <span class='ocrx_word' id='word_1_409' title='bbox 1040 1390 1063 1416; x_wconf 89' lang='lat' dir='ltr'><strong>is</strong></span> <span class='ocrx_word' id='word_1_410' title='bbox 1077 1397 1110 1417; x_wconf 83' lang='lat' dir='ltr'><strong>ne</strong></span> <span class='ocrx_word' id='word_1_411' title='bbox 1124 1395 1150 1417; x_wconf 91' lang='lat' dir='ltr'><strong>et</strong></span> <span class='ocrx_word' id='word_1_412' title='bbox 1166 1390 1227 1417; x_wconf 88' lang='lat' dir='ltr'><strong>aliis</strong></span> <span class='ocrx_word' id='word_1_413' title='bbox 1242 1391 1392 1425; x_wconf 81' lang='lat' dir='ltr'><strong>periculum</strong></span> <span class='ocrx_word' id='word_1_414' title='bbox 1409 1395 1524 1423; x_wconf 87' lang='lat' dir='ltr'><strong>crearet,</strong></span> <span class='ocrx_word' id='word_1_415' title='bbox 1539 1392 1566 1418; x_wconf 89' lang='lat' dir='ltr'><strong>in</strong></span> <span class='ocrx_word' id='word_1_416' title='bbox 1582 1393 1688 1419; x_wconf 80' lang='lat' dir='ltr'><strong>deserta</strong></span> <span class='ocrx_word' id='word_1_417' title='bbox 1699 1393 1760 1420; x_wconf 84' lang='lat' dir='ltr'><strong>loca</strong></span> 
     </span>
    </p>
   </div>
   <div class='ocr_carea' id='block_1_51' title="bbox 974 1434 1759 1472">
    <p class='ocr_par' dir='ltr' id='par_1_51' title="bbox 974 1434 1759 1472">
     <span class='ocr_line' id='line_1_51' title="bbox 974 1434 1759 1472; baseline 0.004 -10"><span class='ocrx_word' id='word_1_418' title='bbox 974 1434 1104 1470; x_wconf 76' lang='lat' dir='ltr'><strong>fugiebat,</strong></span> <span class='ocrx_word' id='word_1_419' title='bbox 1119 1440 1145 1463; x_wconf 89' lang='lat' dir='ltr'><strong>et</strong></span> <span class='ocrx_word' id='word_1_420' title='bbox 1159 1435 1187 1463; x_wconf 90' lang='lat' dir='ltr'><strong>in</strong></span> <span class='ocrx_word' id='word_1_421' title='bbox 1205 1437 1341 1471; x_wconf 86' lang='lat' dir='ltr'><strong>specubus</strong></span> <span class='ocrx_word' id='word_1_422' title='bbox 1365 1437 1489 1464; x_wconf 85' lang='lat' dir='ltr'><strong>habitare</strong></span> <span class='ocrx_word' id='word_1_423' title='bbox 1504 1438 1660 1472; x_wconf 87' lang='lat' dir='ltr'><strong>coeptabat.</strong></span> <span class='ocrx_word' id='word_1_424' title='bbox 1677 1438 1759 1465; x_wconf 78' lang='lat' dir='ltr'><strong>Vide-</strong></span> 
     </span>
    </p>
   </div>
   <div class='ocr_carea' id='block_1_52' title="bbox 971 1483 1758 1517">
    <p class='ocr_par' dir='ltr' id='par_1_52' title="bbox 971 1483 1758 1517">
     <span class='ocr_line' id='line_1_52' title="bbox 971 1483 1758 1517; baseline 0.003 -9"><span class='ocrx_word' id='word_1_425' title='bbox 971 1486 1072 1516; x_wconf 91' lang='lat' dir='ltr'><strong>turqtte</strong></span> <span class='ocrx_word' id='word_1_426' title='bbox 1100 1483 1167 1509; x_wconf 91' lang='lat' dir='ltr'><strong>mihi</strong></span> <span class='ocrx_word' id='word_1_427' title='bbox 1197 1483 1354 1509; x_wconf 84' lang='lat' dir='ltr'><strong>memoriam</strong></span> <span class='ocrx_word' id='word_1_428' title='bbox 1391 1483 1451 1517; x_wconf 86' lang='lat' dir='ltr'><strong>ejus</strong></span> <span class='ocrx_word' id='word_1_429' title='bbox 1482 1483 1612 1510; x_wconf 83' lang='lat' dir='ltr'><strong>refricare</strong></span> <span class='ocrx_word' id='word_1_430' title='bbox 1646 1488 1758 1511; x_wconf 76' lang='lat' dir='ltr'><strong>sanctus</strong></span> 
     </span>
    </p>
   </div>
   <div class='ocr_carea' id='block_1_53' title="bbox 973 1526 1758 1562">
    <p class='ocr_par' dir='ltr' id='par_1_53' title="bbox 973 1526 1758 1562">
     <span class='ocr_line' id='line_1_53' title="bbox 973 1526 1758 1562; baseline 0 -8"><span class='ocrx_word' id='word_1_431' title='bbox 973 1527 1120 1562; x_wconf 82' lang='lat' dir='ltr'><strong>Apostolus</strong></span> <span class='ocrx_word' id='word_1_432' title='bbox 1144 1527 1187 1555; x_wconf 84' lang='lat' dir='ltr'><strong>his</strong></span> <span class='ocrx_word' id='word_1_433' title='bbox 1202 1527 1311 1554; x_wconf 86' lang='lat' dir='ltr'><strong>verbis:</strong></span> <span class='ocrx_word' id='word_1_434' title='bbox 1331 1526 1364 1554; x_wconf 84' lang='lat' dir='ltr'><strong>In</strong></span> <span class='ocrx_word' id='word_1_435' title='bbox 1382 1527 1567 1554; x_wconf 71' lang='lat' dir='ltr'><strong>solitudinibus</strong></span> <span class='ocrx_word' id='word_1_436' title='bbox 1582 1534 1709 1560; x_wconf 81' lang='lat' dir='ltr'><strong>errantes,</strong></span> <span class='ocrx_word' id='word_1_437' title='bbox 1731 1533 1758 1555; x_wconf 83' lang='lat' dir='ltr'><strong>et</strong></span> 
     </span>
    </p>
   </div>
   <div class='ocr_carea' id='block_1_54' title="bbox 129 1572 915 1617">
    <p class='ocr_par' dir='ltr' id='par_1_54' title="bbox 129 1580 915 1617">
     <span class='ocr_line' id='line_1_54' title="bbox 129 1580 915 1617; baseline 0.001 -10"><span class='ocrx_word' id='word_1_438' title='bbox 129 1581 177 1607; x_wconf 70' lang='lat' dir='ltr'><strong>au&quot;.</strong></span> <span class='ocrx_word' id='word_1_439' title='bbox 192 1580 273 1607; x_wconf 68' lang='grc' dir='ltr'>αὑτοῦ</span> <span class='ocrx_word' id='word_1_440' title='bbox 299 1581 348 1616; x_wconf 80' lang='grc' dir='ltr'>τὴν</span> <span class='ocrx_word' id='word_1_441' title='bbox 375 1582 484 1616; x_wconf 87' lang='grc' dir='ltr'>μνήμην</span> <span class='ocrx_word' id='word_1_442' title='bbox 511 1580 675 1607; x_wconf 74' lang='grc' dir='ltr'>αἰνίττεσθαι</span> <span class='ocrx_word' id='word_1_443' title='bbox 702 1581 789 1614; x_wconf 51' lang='grc' dir='ltr'>λέγων</span> <span class='ocrx_word' id='word_1_444' title='bbox 816 1582 830 1607; x_wconf 78' lang='grc' dir='ltr'>ὁ</span> <span class='ocrx_word' id='word_1_445' title='bbox 847 1582 915 1617; x_wconf 78' lang='grc' dir='ltr'>ἱερὸς</span> 
     </span>
    </p>
   </div>
   <div class='ocr_carea' id='block_1_55' title="bbox 967 1572 1756 1617">
    <p class='ocr_par' dir='ltr' id='par_1_55' title="bbox 970 1572 1756 1607">
     <span class='ocr_line' id='line_1_55' title="bbox 970 1572 1756 1607; baseline 0.004 -8"><span class='ocrx_word' id='word_1_446' title='bbox 970 1572 1121 1604; x_wconf 78' lang='lat' dir='ltr'><strong>montibus,</strong></span> <span class='ocrx_word' id='word_1_447' title='bbox 1150 1577 1175 1599; x_wconf 78' lang='lat' dir='ltr'><strong>et</strong></span> <span class='ocrx_word' id='word_1_448' title='bbox 1203 1572 1344 1606; x_wconf 75' lang='lat' dir='ltr'><strong>speluncis,</strong></span> <span class='ocrx_word' id='word_1_449' title='bbox 1358 1577 1383 1599; x_wconf 85' lang='lat' dir='ltr'><strong>et</strong></span> <span class='ocrx_word' id='word_1_450' title='bbox 1416 1572 1592 1607; x_wconf 76' lang='lat' dir='ltr'><strong>foraminibus</strong></span> <span class='ocrx_word' id='word_1_451' title='bbox 1627 1579 1703 1601; x_wconf 76' lang='lat' dir='ltr'><strong>terra:</strong></span> <span class='ocrx_word' id='word_1_452' title='bbox 1721 1573 1756 1602; x_wconf 87' lang='grc'><strong>³¹.</strong></span> 
     </span>
    </p>
   </div>
   <div class='ocr_carea' id='block_1_56' title="bbox 136 1625 918 1661">
    <p class='ocr_par' dir='ltr' id='par_1_56' title="bbox 136 1625 918 1661">
     <span class='ocr_line' id='line_1_56' title="bbox 136 1625 918 1661; baseline 0.003 -9"><span class='ocrx_word' id='word_1_453' title='bbox 136 1626 308 1658; x_wconf 78' lang='grc' dir='ltr'>Ἀπόστολος’</span> <span class='ocrx_word' id='word_1_454' title='bbox 328 1627 379 1653; x_wconf 81' lang='grc' dir='ltr'>Ἐν</span> <span class='ocrx_word' id='word_1_455' title='bbox 400 1627 533 1660; x_wconf 76' lang='grc' dir='ltr'>ἐρημίαις</span> <span class='ocrx_word' id='word_1_456' title='bbox 549 1625 738 1660; x_wconf 77' lang='grc' dir='ltr'>πλανώμενοι</span> <span class='ocrx_word' id='word_1_457' title='bbox 763 1627 811 1653; x_wconf 81' lang='grc' dir='ltr'>καὶ</span> <span class='ocrx_word' id='word_1_458' title='bbox 836 1627 918 1661; x_wconf 73' lang='grc' dir='ltr'>ὄρεσι</span> 
     </span>
    </p>
   </div>
   <div class='ocr_carea' id='block_1_57' title="bbox 129 1671 917 1708">
    <p class='ocr_par' dir='ltr' id='par_1_57' title="bbox 129 1671 917 1708">
     <span class='ocr_line' id='line_1_57' title="bbox 129 1671 917 1708; baseline 0.001 -9"><span class='ocrx_word' id='word_1_459' title='bbox 129 1673 178 1699; x_wconf 80' lang='grc' dir='ltr'>καὶ</span> <span class='ocrx_word' id='word_1_460' title='bbox 191 1673 353 1706; x_wconf 76' lang='grc' dir='ltr'>σπηλαίοις</span> <span class='ocrx_word' id='word_1_461' title='bbox 372 1672 420 1699; x_wconf 75' lang='grc' dir='ltr'>καὶ</span> <span class='ocrx_word' id='word_1_462' title='bbox 442 1672 505 1705; x_wconf 83' lang='grc' dir='ltr'>ταῖς</span> <span class='ocrx_word' id='word_1_463' title='bbox 516 1672 603 1704; x_wconf 80' lang='grc' dir='ltr'>ὀπαῖς</span> <span class='ocrx_word' id='word_1_464' title='bbox 616 1671 669 1705; x_wconf 87' lang='grc' dir='ltr'>τῆς</span> <span class='ocrx_word' id='word_1_465' title='bbox 685 1672 751 1706; x_wconf 72' lang='grc' dir='ltr'>γῆς.</span> <span class='ocrx_word' id='word_1_466' title='bbox 774 1672 877 1708; x_wconf 83' lang='grc' dir='ltr'>Ὥσπερ</span> <span class='ocrx_word' id='word_1_467' title='bbox 889 1673 917 1700; x_wconf 78' lang='grc' dir='ltr'>δὲ</span> 
     </span>
    </p>
   </div>
   <div class='ocr_carea' id='block_1_58' title="bbox 129 1716 918 1754">
    <p class='ocr_par' dir='ltr' id='par_1_58' title="bbox 129 1716 918 1754">
     <span class='ocr_line' id='line_1_58' title="bbox 129 1716 918 1754; baseline -0.001 -8"><span class='ocrx_word' id='word_1_468' title='bbox 129 1719 142 1746; x_wconf 73' lang='grc' dir='ltr'><strong><em>ὁ</em></strong></span> <span class='ocrx_word' id='word_1_469' title='bbox 155 1719 373 1754; x_wconf 77' lang='grc' dir='ltr'>προτεταγμένος</span> <span class='ocrx_word' id='word_1_470' title='bbox 385 1718 432 1744; x_wconf 76' lang='grc' dir='ltr'>τοῦ</span> <span class='ocrx_word' id='word_1_471' title='bbox 446 1717 590 1753; x_wconf 80' lang='grc' dir='ltr'>παρόντος,</span> <span class='ocrx_word' id='word_1_472' title='bbox 602 1717 708 1752; x_wconf 78' lang='grc' dir='ltr'>ψαλμὸς</span> <span class='ocrx_word' id='word_1_473' title='bbox 716 1718 766 1744; x_wconf 80' lang='grc' dir='ltr'>οὐκ</span> <span class='ocrx_word' id='word_1_474' title='bbox 786 1716 831 1754; x_wconf 81' lang='grc' dir='ltr'>ἦν,</span> <span class='ocrx_word' id='word_1_475' title='bbox 850 1719 918 1745; x_wconf 83' lang='grc' dir='ltr'>ἀλλὰ</span> 
     </span>
    </p>
   </div>
   <div class='ocr_carea' id='block_1_59' title="bbox 127 1764 916 1800">
    <p class='ocr_par' dir='ltr' id='par_1_59' title="bbox 127 1764 916 1800">
     <span class='ocr_line' id='line_1_59' title="bbox 127 1764 916 1800; baseline 0 -8"><span class='ocrx_word' id='word_1_476' title='bbox 127 1765 343 1799; x_wconf 61' lang='grc' dir='ltr'>στηλογραςςίιι,</span> <span class='ocrx_word' id='word_1_477' title='bbox 352 1765 420 1800; x_wconf 80' lang='grc' dir='ltr'>ὅπερ</span> <span class='ocrx_word' id='word_1_478' title='bbox 431 1765 600 1800; x_wconf 66' lang='grc' dir='ltr'>ἡρμήνευε-εν</span> <span class='ocrx_word' id='word_1_479' title='bbox 610 1764 623 1790; x_wconf 84' lang='grc' dir='ltr'>ὁ</span> <span class='ocrx_word' id='word_1_480' title='bbox 640 1764 766 1796; x_wconf 83' lang='grc' dir='ltr'>Ἀκύλας,</span> <span class='ocrx_word' id='word_1_481' title='bbox 776 1765 916 1792; x_wconf 76' lang='grc' dir='ltr'>ταπεινοῦ</span> 
     </span>
    </p>
   </div>
   <div class='ocr_carea' id='block_1_60' title="bbox 127 1809 916 1845">
    <p class='ocr_par' dir='ltr' id='par_1_60' title="bbox 127 1809 916 1845">
     <span class='ocr_line' id='line_1_60' title="bbox 127 1809 916 1845; baseline 0.003 -9"><span class='ocrx_word' id='word_1_482' title='bbox 127 1810 256 1837; x_wconf 76' lang='grc' dir='ltr'>τελείου·</span> <span class='ocrx_word' id='word_1_483' title='bbox 277 1811 290 1836; x_wconf 85' lang='grc' dir='ltr'>ὁ</span> <span class='ocrx_word' id='word_1_484' title='bbox 303 1811 332 1836; x_wconf 80' lang='grc' dir='ltr'>δὲ</span> <span class='ocrx_word' id='word_1_485' title='bbox 350 1810 506 1845; x_wconf 80' lang='grc' dir='ltr'>Σύμμαχος,</span> <span class='ocrx_word' id='word_1_486' title='bbox 530 1809 583 1836; x_wconf 87' lang='grc' dir='ltr'>τοῦ</span> <span class='ocrx_word' id='word_1_487' title='bbox 612 1811 846 1844; x_wconf 63' lang='grc' dir='ltr'>τιιπεινόφρονος</span> <span class='ocrx_word' id='word_1_488' title='bbox 867 1811 916 1838; x_wconf 77' lang='grc' dir='ltr'>καὶ</span> 
     </span>
    </p>
   </div>
   <div class='ocr_carea' id='block_1_61' title="bbox 127 1854 916 1892">
    <p class='ocr_par' dir='ltr' id='par_1_61' title="bbox 127 1854 916 1892">
     <span class='ocr_line' id='line_1_61' title="bbox 127 1854 916 1892; baseline 0.003 -11"><span class='ocrx_word' id='word_1_489' title='bbox 127 1854 258 1890; x_wconf 79' lang='grc' dir='ltr'>ἀμώμου·</span> <span class='ocrx_word' id='word_1_490' title='bbox 286 1855 372 1886; x_wconf 71' lang='grc' dir='ltr'>οὕτως</span> <span class='ocrx_word' id='word_1_491' title='bbox 389 1857 436 1882; x_wconf 68' lang='grc' dir='ltr'>καὶ</span> <span class='ocrx_word' id='word_1_492' title='bbox 452 1857 465 1882; x_wconf 88' lang='grc' dir='ltr'>ὁ</span> <span class='ocrx_word' id='word_1_493' title='bbox 483 1855 577 1892; x_wconf 88' lang='grc' dir='ltr'>παρὼν</span> <span class='ocrx_word' id='word_1_494' title='bbox 608 1856 696 1890; x_wconf 84' lang='grc' dir='ltr'>λόγος,</span> <span class='ocrx_word' id='word_1_495' title='bbox 712 1857 761 1891; x_wconf 83' lang='grc' dir='ltr'><strong>τὴν</strong></span> <span class='ocrx_word' id='word_1_496' title='bbox 779 1857 819 1888; x_wconf 81' lang='grc' dir='ltr'>εἰς</span> <span class='ocrx_word' id='word_1_497' title='bbox 833 1857 916 1892; x_wconf 77' lang='grc' dir='ltr'>ἄκρον</span> 
     </span>
    </p>
   </div>
   <div class='ocr_carea' id='block_1_62' title="bbox 127 1901 915 1937">
    <p class='ocr_par' dir='ltr' id='par_1_62' title="bbox 127 1901 915 1937">
     <span class='ocr_line' id='line_1_62' title="bbox 127 1901 915 1937; baseline 0.001 -10"><span class='ocrx_word' id='word_1_498' title='bbox 127 1902 280 1936; x_wconf 82' lang='grc' dir='ltr'>πραότητος</span> <span class='ocrx_word' id='word_1_499' title='bbox 297 1902 343 1928; x_wconf 75' lang='grc' dir='ltr'><strong>καὶ</strong></span> <span class='ocrx_word' id='word_1_500' title='bbox 357 1901 529 1935; x_wconf 74' lang='grc' dir='ltr'>ἀνεξικακίας</span> <span class='ocrx_word' id='word_1_501' title='bbox 544 1901 590 1928; x_wconf 84' lang='grc' dir='ltr'>τοῦ</span> <span class='ocrx_word' id='word_1_502' title='bbox 601 1902 681 1929; x_wconf 80' lang='grc' dir='ltr'>Δαυῒδ</span> <span class='ocrx_word' id='word_1_503' title='bbox 697 1902 806 1937; x_wconf 85' lang='grc' dir='ltr'>ἀρετὴν,</span> <span class='ocrx_word' id='word_1_504' title='bbox 820 1911 915 1929; x_wconf 86' lang='grc' dir='ltr'>ταπει-</span> 
     </span>
    </p>
   </div>
   <div class='ocr_carea' id='block_1_63' title="bbox 127 1946 914 1984">
    <p class='ocr_par' dir='ltr' id='par_1_63' title="bbox 127 1946 914 1984">
     <span class='ocr_line' id='line_1_63' title="bbox 127 1946 914 1984; baseline 0 -10"><span class='ocrx_word' id='word_1_505' title='bbox 127 1946 173 1974; x_wconf 69' lang='grc' dir='ltr'>νοῦ</span> <span class='ocrx_word' id='word_1_506' title='bbox 192 1947 304 1980; x_wconf 76' lang='grc' dir='ltr'>τελείου,</span> <span class='ocrx_word' id='word_1_507' title='bbox 322 1948 528 1983; x_wconf 71' lang='grc' dir='ltr'>ταπεινόφρονος</span> <span class='ocrx_word' id='word_1_508' title='bbox 547 1949 594 1974; x_wconf 78' lang='grc' dir='ltr'>καὶ</span> <span class='ocrx_word' id='word_1_509' title='bbox 611 1947 736 1983; x_wconf 76' lang='grc' dir='ltr'>ἀμώμου·</span> <span class='ocrx_word' id='word_1_510' title='bbox 748 1946 797 1974; x_wconf 76' lang='grc' dir='ltr'>εἶθ’</span> <span class='ocrx_word' id='word_1_511' title='bbox 821 1948 914 1984; x_wconf 81' lang='grc' dir='ltr'>ὥσπερ</span> 
     </span>
    </p>
   </div>
   <div class='ocr_carea' id='block_1_64' title="bbox 126 1993 915 2030">
    <p class='ocr_par' dir='ltr' id='par_1_64' title="bbox 126 1993 915 2030">
     <span class='ocr_line' id='line_1_64' title="bbox 126 1993 915 2030; baseline 0 -10"><span class='ocrx_word' id='word_1_512' title='bbox 126 1993 236 2021; x_wconf 65' lang='grc' dir='ltr'>αἰωνίου</span> <span class='ocrx_word' id='word_1_513' title='bbox 257 1995 366 2030; x_wconf 79' lang='grc' dir='ltr'>μνήμης</span> <span class='ocrx_word' id='word_1_514' title='bbox 391 1995 441 2030; x_wconf 85' lang='grc' dir='ltr'>τὴν</span> <span class='ocrx_word' id='word_1_515' title='bbox 456 1994 705 2030; x_wconf 77' lang='grc' dir='ltr'>ταπεινοφροσύνην</span> <span class='ocrx_word' id='word_1_516' title='bbox 726 1994 804 2027; x_wconf 81' lang='grc' dir='ltr'>ἀξίαν</span> <span class='ocrx_word' id='word_1_517' title='bbox 823 1994 915 2021; x_wconf 83' lang='grc' dir='ltr'>ἀνατί-</span> 
     </span>
    </p>
   </div>
   <div class='ocr_carea' id='block_1_65' title="bbox 126 2039 914 2079">
    <p class='ocr_par' dir='ltr' id='par_1_65' title="bbox 126 2039 914 2079">
     <span class='ocr_line' id='line_1_65' title="bbox 126 2039 914 2079; baseline 0.003 -14"><span class='ocrx_word' id='word_1_518' title='bbox 126 2039 189 2076; x_wconf 84' lang='grc' dir='ltr'>θησι</span> <span class='ocrx_word' id='word_1_519' title='bbox 207 2039 402 2079; x_wconf 69' lang='grc' dir='ltr'><strong>στηλογραιρία⁵</strong></span> <span class='ocrx_word' id='word_1_520' title='bbox 418 2040 478 2066; x_wconf 70' lang='grc' dir='ltr'><strong>Ἐπὶ</strong></span> <span class='ocrx_word' id='word_1_521' title='bbox 489 2040 573 2075; x_wconf 84' lang='grc' dir='ltr'>ταύτῃ</span> <span class='ocrx_word' id='word_1_522' title='bbox 590 2040 618 2066; x_wconf 77' lang='grc' dir='ltr'>δὲ</span> <span class='ocrx_word' id='word_1_523' title='bbox 632 2041 664 2075; x_wconf 87' lang='grc' dir='ltr'>τῇ</span> <span class='ocrx_word' id='word_1_524' title='bbox 682 2040 765 2076; x_wconf 88' lang='grc' dir='ltr'>ἀρετῇ</span> <span class='ocrx_word' id='word_1_525' title='bbox 778 2040 826 2067; x_wconf 78' lang='grc' dir='ltr'>καὶ</span> <span class='ocrx_word' id='word_1_526' title='bbox 833 2041 914 2067; x_wconf 84' lang='grc' dir='ltr'><strong>Μωῦ-</strong></span> 
     </span>
    </p>
   </div>
   <div class='ocr_carea' id='block_1_66' title="bbox 127 2085 913 2121">
    <p class='ocr_par' dir='ltr' id='par_1_66' title="bbox 127 2085 913 2121">
     <span class='ocr_line' id='line_1_66' title="bbox 127 2085 913 2121; baseline 0.001 -10"><span class='ocrx_word' id='word_1_527' title='bbox 127 2086 176 2121; x_wconf 75' lang='grc' dir='ltr'>σῆς</span> <span class='ocrx_word' id='word_1_528' title='bbox 188 2086 377 2121; x_wconf 75' lang='grc' dir='ltr'>ἐμαρτυρεῖτο,</span> <span class='ocrx_word' id='word_1_529' title='bbox 396 2085 442 2111; x_wconf 67' lang='grc' dir='ltr'>καὶ</span> <span class='ocrx_word' id='word_1_530' title='bbox 457 2086 471 2112; x_wconf 84' lang='grc' dir='ltr'>ὁ</span> <span class='ocrx_word' id='word_1_531' title='bbox 484 2085 579 2121; x_wconf 82' lang='grc' dir='ltr'>Σωτὴρ</span> <span class='ocrx_word' id='word_1_532' title='bbox 593 2085 621 2111; x_wconf 76' lang='grc' dir='ltr'>δὲ</span> <span class='ocrx_word' id='word_1_533' title='bbox 639 2085 687 2112; x_wconf 75' lang='grc' dir='ltr'>καὶ</span> <span class='ocrx_word' id='word_1_534' title='bbox 703 2085 804 2121; x_wconf 84' lang='grc' dir='ltr'>Κύριος</span> <span class='ocrx_word' id='word_1_535' title='bbox 834 2086 913 2121; x_wconf 76' lang='grc' dir='ltr'>ἡμῶν</span> 
     </span>
    </p>
   </div>
   <div class='ocr_carea' id='block_1_67' title="bbox 125 2130 913 2166">
    <p class='ocr_par' dir='ltr' id='par_1_67' title="bbox 125 2130 913 2166">
     <span class='ocr_line' id='line_1_67' title="bbox 125 2130 913 2166; baseline 0 -8"><span class='ocrx_word' id='word_1_536' title='bbox 125 2132 171 2158; x_wconf 73' lang='grc' dir='ltr'><strong>ἐπὶ</strong></span> <span class='ocrx_word' id='word_1_537' title='bbox 185 2131 286 2166; x_wconf 77' lang='grc' dir='ltr'>ταύτην</span> <span class='ocrx_word' id='word_1_538' title='bbox 299 2131 446 2166; x_wconf 79' lang='grc' dir='ltr'>παρεκάλει</span> <span class='ocrx_word' id='word_1_539' title='bbox 465 2130 561 2164; x_wconf 79' lang='grc' dir='ltr'>λέγων·</span> <span class='ocrx_word' id='word_1_540' title='bbox 579 2130 692 2159; x_wconf 81' lang='grc' dir='ltr'>Μάθετε</span> <span class='ocrx_word' id='word_1_541' title='bbox 706 2131 757 2158; x_wconf 80' lang='grc' dir='ltr'><strong>ἀπ’</strong></span> <span class='ocrx_word' id='word_1_542' title='bbox 773 2131 856 2165; x_wconf 85' lang='grc' dir='ltr'>ἐμοῦ,</span> <span class='ocrx_word' id='word_1_543' title='bbox 869 2131 913 2158; x_wconf 74' lang='grc' dir='ltr'>ὅτι</span> 
     </span>
    </p>
   </div>
   <div class='ocr_carea' id='block_1_68' title="bbox 124 2176 912 2211">
    <p class='ocr_par' dir='ltr' id='par_1_68' title="bbox 124 2176 912 2211">
     <span class='ocr_line' id='line_1_68' title="bbox 124 2176 912 2211; baseline -0.004 -6"><span class='ocrx_word' id='word_1_544' title='bbox 124 2176 218 2211; x_wconf 73' lang='grc' dir='ltr'>πρᾶός</span> <span class='ocrx_word' id='word_1_545' title='bbox 250 2179 307 2211; x_wconf 88' lang='grc' dir='ltr'>εὶμι</span> <span class='ocrx_word' id='word_1_546' title='bbox 335 2177 384 2204; x_wconf 77' lang='grc' dir='ltr'>καὶ</span> <span class='ocrx_word' id='word_1_547' title='bbox 416 2176 556 2210; x_wconf 78' lang='grc' dir='ltr'>ταπεινὸς</span> <span class='ocrx_word' id='word_1_548' title='bbox 581 2176 619 2210; x_wconf 76' lang='grc' dir='ltr'>τῇ</span> <span class='ocrx_word' id='word_1_549' title='bbox 640 2176 758 2210; x_wconf 79' lang='grc' dir='ltr'>καρδίᾳ.</span> <span class='ocrx_word' id='word_1_550' title='bbox 782 2177 858 2202; x_wconf 80' lang='grc' dir='ltr'>Ἐπεὶ</span> <span class='ocrx_word' id='word_1_551' title='bbox 883 2178 912 2203; x_wconf 80' lang='grc' dir='ltr'>δὲ</span> 
     </span>
    </p>
   </div>
   <div class='ocr_carea' id='block_1_69' title="bbox 123 2222 911 2259">
    <p class='ocr_par' dir='ltr' id='par_1_69' title="bbox 123 2222 911 2259">
     <span class='ocr_line' id='line_1_69' title="bbox 123 2222 911 2259; baseline -0.003 -9"><span class='ocrx_word' id='word_1_552' title='bbox 123 2224 208 2250; x_wconf 74' lang='grc' dir='ltr'>ἐδεῖτο</span> <span class='ocrx_word' id='word_1_553' title='bbox 219 2223 380 2259; x_wconf 78' lang='grc' dir='ltr'>παραμονῆς</span> <span class='ocrx_word' id='word_1_554' title='bbox 392 2223 438 2250; x_wconf 73' lang='grc' dir='ltr'>καὶ</span> <span class='ocrx_word' id='word_1_555' title='bbox 465 2223 513 2258; x_wconf 81' lang='grc' dir='ltr'>τῆς</span> <span class='ocrx_word' id='word_1_556' title='bbox 526 2222 571 2249; x_wconf 73' lang='grc' dir='ltr'><strong>ἐπὶ</strong></span> <span class='ocrx_word' id='word_1_557' title='bbox 597 2223 728 2258; x_wconf 82' lang='grc' dir='ltr'>μήκιστον</span> <span class='ocrx_word' id='word_1_558' title='bbox 743 2223 864 2257; x_wconf 75' lang='grc' dir='ltr'>φυλακῆς</span> <span class='ocrx_word' id='word_1_559' title='bbox 895 2224 911 2258; x_wconf 85' lang='grc' dir='ltr'><strong>ἠ</strong></span> 
     </span>
    </p>
   </div>
   <div class='ocr_carea' id='block_1_70' title="bbox 970 1618 1756 1656">
    <p class='ocr_par' dir='ltr' id='par_1_70' title="bbox 970 1618 1756 1656">
     <span class='ocr_line' id='line_1_70' title="bbox 970 1618 1756 1656; baseline 0.004 -11"><span class='ocrx_word' id='word_1_560' title='bbox 970 1618 1204 1652; x_wconf 85' lang='lat' dir='ltr'><strong>Quemadmodum</strong></span> <span class='ocrx_word' id='word_1_561' title='bbox 1219 1625 1284 1645; x_wconf 79' lang='lat' dir='ltr'><strong>vero</strong></span> <span class='ocrx_word' id='word_1_562' title='bbox 1297 1618 1344 1653; x_wconf 92' lang='lat' dir='ltr'><strong>qui</strong></span> <span class='ocrx_word' id='word_1_563' title='bbox 1359 1618 1431 1645; x_wconf 92' lang='lat' dir='ltr'><strong>hunc</strong></span> <span class='ocrx_word' id='word_1_564' title='bbox 1446 1619 1584 1652; x_wconf 70' lang='lat' dir='ltr'><strong>praecedit,</strong></span> <span class='ocrx_word' id='word_1_565' title='bbox 1607 1627 1660 1647; x_wconf 93' lang='lat' dir='ltr'><strong>non</strong></span> <span class='ocrx_word' id='word_1_566' title='bbox 1684 1623 1756 1656; x_wconf 90' lang='lat' dir='ltr'><strong>psal-</strong></span> 
     </span>
    </p>
   </div>
   <div class='ocr_carea' id='block_1_71' title="bbox 970 1664 1756 1700">
    <p class='ocr_par' dir='ltr' id='par_1_71' title="bbox 970 1664 1756 1700">
     <span class='ocr_line' id='line_1_71' title="bbox 970 1664 1756 1700; baseline 0.004 -9"><span class='ocrx_word' id='word_1_567' title='bbox 970 1672 1031 1691; x_wconf 92' lang='lat' dir='ltr'><strong>mus</strong></span> <span class='ocrx_word' id='word_1_568' title='bbox 1051 1667 1120 1697; x_wconf 86' lang='lat' dir='ltr'><strong>erat,</strong></span> <span class='ocrx_word' id='word_1_569' title='bbox 1136 1664 1182 1691; x_wconf 92' lang='lat' dir='ltr'><strong>sed</strong></span> <span class='ocrx_word' id='word_1_570' title='bbox 1199 1664 1271 1690; x_wconf 80' lang='lat' dir='ltr'><strong>tituli</strong></span> <span class='ocrx_word' id='word_1_571' title='bbox 1293 1664 1441 1698; x_wconf 78' lang='lat' dir='ltr'><strong>inscriptio,</strong></span> <span class='ocrx_word' id='word_1_572' title='bbox 1460 1665 1531 1699; x_wconf 90' lang='lat' dir='ltr'><strong>quod</strong></span> <span class='ocrx_word' id='word_1_573' title='bbox 1559 1665 1655 1700; x_wconf 88' lang='lat' dir='ltr'><strong>Aquila</strong></span> <span class='ocrx_word' id='word_1_574' title='bbox 1672 1668 1756 1695; x_wconf 85' lang='lat' dir='ltr'><strong>inter-</strong></span> 
     </span>
    </p>
   </div>
   <div class='ocr_carea' id='block_1_72' title="bbox 968 1710 1755 1746">
    <p class='ocr_par' dir='ltr' id='par_1_72' title="bbox 968 1710 1755 1746">
     <span class='ocr_line' id='line_1_72' title="bbox 968 1710 1755 1746; baseline 0.003 -9"><span class='ocrx_word' id='word_1_575' title='bbox 968 1714 1100 1745; x_wconf 85' lang='lat' dir='ltr'><strong>pretatur,</strong></span> <span class='ocrx_word' id='word_1_576' title='bbox 1117 1710 1223 1736; x_wconf 75' lang='lat' dir='ltr'><strong>humilis</strong></span> <span class='ocrx_word' id='word_1_577' title='bbox 1237 1710 1366 1744; x_wconf 78' lang='lat' dir='ltr'><strong>perfecti;</strong></span> <span class='ocrx_word' id='word_1_578' title='bbox 1382 1710 1562 1746; x_wconf 87' lang='lat' dir='ltr'><strong>Symmachus</strong></span> <span class='ocrx_word' id='word_1_579' title='bbox 1575 1720 1649 1743; x_wconf 87' lang='lat' dir='ltr'><strong>vero,</strong></span> <span class='ocrx_word' id='word_1_580' title='bbox 1666 1712 1755 1741; x_wconf 85' lang='lat' dir='ltr'><strong>Immi-</strong></span> 
     </span>
    </p>
   </div>
   <div class='ocr_carea' id='block_1_73' title="bbox 967 1755 1754 1789">
    <p class='ocr_par' dir='ltr' id='par_1_73' title="bbox 967 1755 1754 1789">
     <span class='ocr_line' id='line_1_73' title="bbox 967 1755 1754 1789; baseline 0.004 -7"><span class='ocrx_word' id='word_1_581' title='bbox 967 1756 1001 1782; x_wconf 81' lang='lat' dir='ltr'><strong>tis</strong></span> <span class='ocrx_word' id='word_1_582' title='bbox 1016 1760 1041 1782; x_wconf 84' lang='lat' dir='ltr'><strong>et</strong></span> <span class='ocrx_word' id='word_1_583' title='bbox 1063 1755 1214 1789; x_wconf 78' lang='lat' dir='ltr'><strong>inculpati;</strong></span> <span class='ocrx_word' id='word_1_584' title='bbox 1241 1756 1278 1782; x_wconf 89' lang='lat' dir='ltr'><strong>ita</strong></span> <span class='ocrx_word' id='word_1_585' title='bbox 1296 1755 1340 1782; x_wconf 90' lang='lat' dir='ltr'><strong>hic</strong></span> <span class='ocrx_word' id='word_1_586' title='bbox 1357 1764 1457 1787; x_wconf 85' lang='lat' dir='ltr'><strong>sermo.</strong></span> <span class='ocrx_word' id='word_1_587' title='bbox 1483 1764 1616 1784; x_wconf 87' lang='lat' dir='ltr'><strong>summam</strong></span> <span class='ocrx_word' id='word_1_588' title='bbox 1644 1757 1754 1786; x_wconf 85' lang='lat' dir='ltr'><strong>Davidis</strong></span> 
     </span>
    </p>
   </div>
   <div class='ocr_carea' id='block_1_74' title="bbox 967 1802 1754 1835">
    <p class='ocr_par' dir='ltr' id='par_1_74' title="bbox 967 1802 1754 1835">
     <span class='ocr_line' id='line_1_74' title="bbox 967 1802 1754 1835; baseline 0.003 -7"><span class='ocrx_word' id='word_1_589' title='bbox 967 1802 1187 1829; x_wconf 86' lang='lat' dir='ltr'><strong>mansuetudinis</strong></span> <span class='ocrx_word' id='word_1_590' title='bbox 1198 1805 1224 1828; x_wconf 92' lang='lat' dir='ltr'><strong>et</strong></span> <span class='ocrx_word' id='word_1_591' title='bbox 1238 1802 1388 1829; x_wconf 68' lang='lat' dir='ltr'><strong>tolerantia:</strong></span> <span class='ocrx_word' id='word_1_592' title='bbox 1407 1802 1533 1830; x_wconf 85' lang='lat' dir='ltr'><strong>virtutem</strong></span> <span class='ocrx_word' id='word_1_593' title='bbox 1552 1803 1686 1835; x_wconf 85' lang='lat' dir='ltr'><strong>indicans,</strong></span> <span class='ocrx_word' id='word_1_594' title='bbox 1704 1804 1754 1830; x_wconf 87' lang='lat' dir='ltr'><strong>lut-</strong></span> 
     </span>
    </p>
   </div>
   <div class='ocr_carea' id='block_1_75' title="bbox 967 1848 1753 1883">
    <p class='ocr_par' dir='ltr' id='par_1_75' title="bbox 967 1848 1753 1883">
     <span class='ocr_line' id='line_1_75' title="bbox 967 1848 1753 1883; baseline 0.003 -9"><span class='ocrx_word' id='word_1_595' title='bbox 967 1848 1039 1876; x_wconf 87' lang='lat' dir='ltr'><strong>milis</strong></span> <span class='ocrx_word' id='word_1_596' title='bbox 1059 1848 1172 1883; x_wconf 78' lang='lat' dir='ltr'><strong>perfecti</strong></span> <span class='ocrx_word' id='word_1_597' title='bbox 1198 1852 1250 1879; x_wconf 88' lang='lat' dir='ltr'><strong>est,</strong></span> <span class='ocrx_word' id='word_1_598' title='bbox 1278 1853 1305 1874; x_wconf 88' lang='lat' dir='ltr'><strong>et</strong></span> <span class='ocrx_word' id='word_1_599' title='bbox 1322 1848 1432 1876; x_wconf 86' lang='lat' dir='ltr'><strong>humilis</strong></span> <span class='ocrx_word' id='word_1_600' title='bbox 1449 1851 1476 1875; x_wconf 84' lang='lat' dir='ltr'><strong>et</strong></span> <span class='ocrx_word' id='word_1_601' title='bbox 1500 1849 1667 1875; x_wconf 77' lang='lat' dir='ltr'><strong>immaculati</strong></span> <span class='ocrx_word' id='word_1_602' title='bbox 1685 1857 1692 1880; x_wconf 90' lang='lat'><strong>;</strong></span> <span class='ocrx_word' id='word_1_603' title='bbox 1720 1857 1753 1876; x_wconf 89' lang='lat' dir='ltr'><strong>ac</strong></span> 
     </span>
    </p>
   </div>
   <div class='ocr_carea' id='block_1_76' title="bbox 966 1893 1751 1928">
    <p class='ocr_par' dir='ltr' id='par_1_76' title="bbox 966 1893 1751 1928">
     <span class='ocr_line' id='line_1_76' title="bbox 966 1893 1751 1928; baseline 0 -8"><span class='ocrx_word' id='word_1_604' title='bbox 966 1893 1088 1928; x_wconf 84' lang='lat' dir='ltr'><strong>insuper,</strong></span> <span class='ocrx_word' id='word_1_605' title='bbox 1100 1893 1181 1928; x_wconf 83' lang='lat' dir='ltr'><strong>quasi</strong></span> <span class='ocrx_word' id='word_1_606' title='bbox 1193 1898 1294 1920; x_wconf 65' lang='lat' dir='ltr'><strong>aeterna</strong></span> <span class='ocrx_word' id='word_1_607' title='bbox 1309 1893 1437 1921; x_wconf 85' lang='lat' dir='ltr'><strong>memoria</strong></span> <span class='ocrx_word' id='word_1_608' title='bbox 1451 1893 1559 1927; x_wconf 80' lang='lat' dir='ltr'><strong>dignam</strong></span> <span class='ocrx_word' id='word_1_609' title='bbox 1572 1893 1751 1920; x_wconf 88' lang='lat' dir='ltr'><strong>humilitatem</strong></span> 
     </span>
    </p>
   </div>
   <div class='ocr_carea' id='block_1_77' title="bbox 965 1938 1750 1974">
    <p class='ocr_par' dir='ltr' id='par_1_77' title="bbox 965 1938 1750 1974">
     <span class='ocr_line' id='line_1_77' title="bbox 965 1938 1750 1974; baseline 0 -8"><span class='ocrx_word' id='word_1_610' title='bbox 965 1939 1075 1966; x_wconf 83' lang='lat' dir='ltr'><strong>exhibet</strong></span> <span class='ocrx_word' id='word_1_611' title='bbox 1090 1939 1162 1966; x_wconf 93' lang='lat' dir='ltr'><strong>tituli</strong></span> <span class='ocrx_word' id='word_1_612' title='bbox 1177 1939 1331 1974; x_wconf 88' lang='lat' dir='ltr'><strong>inscriptio.</strong></span> <span class='ocrx_word' id='word_1_613' title='bbox 1346 1938 1401 1965; x_wconf 85' lang='lat' dir='ltr'><strong>Hac</strong></span> <span class='ocrx_word' id='word_1_614' title='bbox 1415 1939 1476 1965; x_wconf 85' lang='lat' dir='ltr'><strong>item</strong></span> <span class='ocrx_word' id='word_1_615' title='bbox 1493 1941 1590 1965; x_wconf 80' lang='lat' dir='ltr'><strong>virtute</strong></span> <span class='ocrx_word' id='word_1_616' title='bbox 1606 1939 1750 1973; x_wconf 66' lang='lat' dir='ltr'><strong>prarditum</strong></span> 
     </span>
    </p>
   </div>
   <div class='ocr_carea' id='block_1_78' title="bbox 965 1984 1749 2021">
    <p class='ocr_par' dir='ltr' id='par_1_78' title="bbox 965 1984 1749 2021">
     <span class='ocr_line' id='line_1_78' title="bbox 965 1984 1749 2021; baseline 0 -9"><span class='ocrx_word' id='word_1_617' title='bbox 965 1985 1077 2021; x_wconf 86' lang='lat' dir='ltr'><strong>Moysen</strong></span> <span class='ocrx_word' id='word_1_618' title='bbox 1096 1985 1182 2012; x_wconf 87' lang='lat' dir='ltr'><strong>fuisse</strong></span> <span class='ocrx_word' id='word_1_619' title='bbox 1203 1985 1362 2012; x_wconf 88' lang='lat' dir='ltr'><strong>testitnonio</strong></span> <span class='ocrx_word' id='word_1_620' title='bbox 1382 1985 1480 2017; x_wconf 84' lang='lat' dir='ltr'><strong>fertur,</strong></span> <span class='ocrx_word' id='word_1_621' title='bbox 1497 1984 1530 2011; x_wconf 89' lang='lat' dir='ltr'><strong>ad</strong></span> <span class='ocrx_word' id='word_1_622' title='bbox 1547 1992 1659 2018; x_wconf 84' lang='lat' dir='ltr'><strong>eamque</strong></span> <span class='ocrx_word' id='word_1_623' title='bbox 1685 1985 1749 2012; x_wconf 90' lang='lat' dir='ltr'><strong>hor-</strong></span> 
     </span>
    </p>
   </div>
   <div class='ocr_carea' id='block_1_79' title="bbox 965 2030 1746 2059">
    <p class='ocr_par' dir='ltr' id='par_1_79' title="bbox 965 2030 1746 2059">
     <span class='ocr_line' id='line_1_79' title="bbox 965 2030 1746 2059; baseline 0.001 -1"><span class='ocrx_word' id='word_1_624' title='bbox 965 2032 1073 2059; x_wconf 85' lang='lat' dir='ltr'><strong>tabatur</strong></span> <span class='ocrx_word' id='word_1_625' title='bbox 1099 2031 1223 2059; x_wconf 84' lang='lat' dir='ltr'><strong>Salvator</strong></span> <span class='ocrx_word' id='word_1_626' title='bbox 1246 2035 1273 2059; x_wconf 89' lang='lat' dir='ltr'><strong>et</strong></span> <span class='ocrx_word' id='word_1_627' title='bbox 1299 2031 1430 2058; x_wconf 88' lang='lat' dir='ltr'><strong>Dominus</strong></span> <span class='ocrx_word' id='word_1_628' title='bbox 1453 2034 1546 2057; x_wconf 87' lang='lat' dir='ltr'><strong>noster</strong></span> <span class='ocrx_word' id='word_1_629' title='bbox 1567 2030 1609 2058; x_wconf 88' lang='lat' dir='ltr'><strong>his</strong></span> <span class='ocrx_word' id='word_1_630' title='bbox 1635 2031 1746 2059; x_wconf 86' lang='lat' dir='ltr'><strong>verbis:</strong></span> 
     </span>
    </p>
   </div>
   <div class='ocr_carea' id='block_1_80' title="bbox 964 2075 1746 2112">
    <p class='ocr_par' dir='ltr' id='par_1_80' title="bbox 964 2075 1746 2112">
     <span class='ocr_line' id='line_1_80' title="bbox 964 2075 1746 2112; baseline 0 -8"><span class='ocrx_word' id='word_1_631' title='bbox 964 2077 1065 2105; x_wconf 80' lang='lat' dir='ltr'><strong>Discite</strong></span> <span class='ocrx_word' id='word_1_632' title='bbox 1089 2086 1105 2104; x_wconf 85' lang='grc' dir='ltr'><strong>ιι</strong></span> <span class='ocrx_word' id='word_1_633' title='bbox 1130 2086 1170 2105; x_wconf 86' lang='lat' dir='ltr'><strong>me</strong></span> <span class='ocrx_word' id='word_1_634' title='bbox 1195 2078 1258 2112; x_wconf 84' lang='lat' dir='ltr'><strong>quia</strong></span> <span class='ocrx_word' id='word_1_635' title='bbox 1277 2078 1347 2104; x_wconf 79' lang='lat' dir='ltr'><strong>utilis</strong></span> <span class='ocrx_word' id='word_1_636' title='bbox 1375 2085 1432 2103; x_wconf 84' lang='lat' dir='ltr'><strong>sum</strong></span> <span class='ocrx_word' id='word_1_637' title='bbox 1456 2081 1481 2103; x_wconf 85' lang='lat' dir='ltr'><strong>et</strong></span> <span class='ocrx_word' id='word_1_638' title='bbox 1499 2075 1605 2102; x_wconf 84' lang='lat' dir='ltr'><strong>humilis</strong></span> <span class='ocrx_word' id='word_1_639' title='bbox 1623 2077 1746 2104; x_wconf 78' lang='lat' dir='ltr'><strong>corda&quot;.</strong></span> 
     </span>
    </p>
   </div>
   <div class='ocr_carea' id='block_1_81' title="bbox 964 2122 1746 2160">
    <p class='ocr_par' dir='ltr' id='par_1_81' title="bbox 964 2122 1746 2160">
     <span class='ocr_line' id='line_1_81' title="bbox 964 2122 1746 2160; baseline -0.001 -8"><span class='ocrx_word' id='word_1_640' title='bbox 964 2124 1033 2158; x_wconf 85' lang='lat' dir='ltr'><strong>Quia</strong></span> <span class='ocrx_word' id='word_1_641' title='bbox 1047 2132 1113 2152; x_wconf 88' lang='lat' dir='ltr'><strong>vero</strong></span> <span class='ocrx_word' id='word_1_642' title='bbox 1138 2124 1338 2160; x_wconf 76' lang='lat' dir='ltr'><strong>perseverantia</strong></span> <span class='ocrx_word' id='word_1_643' title='bbox 1354 2127 1381 2150; x_wconf 85' lang='lat' dir='ltr'><strong>et</strong></span> <span class='ocrx_word' id='word_1_644' title='bbox 1403 2122 1531 2149; x_wconf 86' lang='lat' dir='ltr'><strong>diuturna</strong></span> <span class='ocrx_word' id='word_1_645' title='bbox 1547 2123 1671 2149; x_wconf 71' lang='lat' dir='ltr'><strong>custodia</strong></span> <span class='ocrx_word' id='word_1_646' title='bbox 1689 2123 1746 2151; x_wconf 66' lang='lat' dir='ltr'><strong>haec</strong></span> 
     </span>
    </p>
   </div>
   <div class='ocr_carea' id='block_1_82' title="bbox 963 2168 1746 2205">
    <p class='ocr_par' dir='ltr' id='par_1_82' title="bbox 963 2168 1746 2205">
     <span class='ocr_line' id='line_1_82' title="bbox 963 2168 1746 2205; baseline -0.003 -8"><span class='ocrx_word' id='word_1_647' title='bbox 963 2171 1052 2198; x_wconf 86' lang='lat' dir='ltr'><strong>virtus</strong></span> <span class='ocrx_word' id='word_1_648' title='bbox 1060 2178 1128 2205; x_wconf 90' lang='lat' dir='ltr'><strong>opus</strong></span> <span class='ocrx_word' id='word_1_649' title='bbox 1144 2169 1260 2197; x_wconf 87' lang='lat' dir='ltr'><strong>habebat</strong></span> <span class='ocrx_word' id='word_1_650' title='bbox 1271 2170 1344 2203; x_wconf 87' lang='lat' dir='ltr'><strong>(nam</strong></span> <span class='ocrx_word' id='word_1_651' title='bbox 1357 2168 1401 2204; x_wconf 85' lang='lat' dir='ltr'><strong>qui</strong></span> <span class='ocrx_word' id='word_1_652' title='bbox 1414 2168 1614 2202; x_wconf 79' lang='lat' dir='ltr'><strong>perseveraverit</strong></span> <span class='ocrx_word' id='word_1_653' title='bbox 1629 2176 1708 2202; x_wconf 81' lang='lat' dir='ltr'><strong>usque</strong></span> <span class='ocrx_word' id='word_1_654' title='bbox 1718 2169 1746 2195; x_wconf 86' lang='lat' dir='ltr'><strong>in</strong></span> 
     </span>
    </p>
   </div>
   <div class='ocr_carea' id='block_1_83' title="bbox 963 2213 1745 2251">
    <p class='ocr_par' dir='ltr' id='par_1_83' title="bbox 963 2213 1745 2251">
     <span class='ocr_line' id='line_1_83' title="bbox 963 2213 1745 2251; baseline -0.003 -9"><span class='ocrx_word' id='word_1_655' title='bbox 963 2216 1052 2251; x_wconf 76' lang='lat' dir='ltr'><strong>ﬂuent,</strong></span> <span class='ocrx_word' id='word_1_656' title='bbox 1070 2216 1111 2242; x_wconf 85' lang='lat' dir='ltr'><strong>hic</strong></span> <span class='ocrx_word' id='word_1_657' title='bbox 1125 2216 1214 2242; x_wconf 78' lang='lat' dir='ltr'><strong>salvus</strong></span> <span class='ocrx_word' id='word_1_658' title='bbox 1237 2214 1345 2249; x_wconf 76' lang='lat' dir='ltr'><strong>erit&quot;),</strong></span> <span class='ocrx_word' id='word_1_659' title='bbox 1364 2214 1424 2240; x_wconf 89' lang='lat' dir='ltr'><strong>ideo</strong></span> <span class='ocrx_word' id='word_1_660' title='bbox 1446 2213 1607 2248; x_wconf 90' lang='lat' dir='ltr'><strong>inscriptum</strong></span> <span class='ocrx_word' id='word_1_661' title='bbox 1622 2218 1684 2240; x_wconf 88' lang='lat' dir='ltr'><strong>est:</strong></span> <span class='ocrx_word' id='word_1_662' title='bbox 1712 2213 1745 2240; x_wconf 83' lang='lat' dir='ltr'><strong>In</strong></span> 
     </span>
    </p>
   </div>
   <div class='ocr_carea' id='block_1_84' title="bbox 123 2259 915 2305">
    <p class='ocr_par' dir='ltr' id='par_1_84' title="bbox 123 2266 910 2305">
     <span class='ocr_line' id='line_1_84' title="bbox 123 2266 910 2305; baseline -0.003 -9"><span class='ocrx_word' id='word_1_663' title='bbox 123 2269 235 2304; x_wconf 83' lang='grc' dir='ltr'>τοιαύτη</span> <span class='ocrx_word' id='word_1_664' title='bbox 247 2269 330 2305; x_wconf 80' lang='grc' dir='ltr'>ἀρετὴ</span> <span class='ocrx_word' id='word_1_665' title='bbox 347 2268 375 2302; x_wconf 81' lang='grc' dir='ltr'><strong>(ὁ</strong></span> <span class='ocrx_word' id='word_1_666' title='bbox 396 2269 449 2304; x_wconf 82' lang='grc' dir='ltr'><strong>γὰρ</strong></span> <span class='ocrx_word' id='word_1_667' title='bbox 461 2268 624 2302; x_wconf 76' lang='grc' dir='ltr'>ὑπομείνας</span> <span class='ocrx_word' id='word_1_668' title='bbox 639 2269 683 2300; x_wconf 76' lang='grc' dir='ltr'>εἰς</span> <span class='ocrx_word' id='word_1_669' title='bbox 696 2267 799 2300; x_wconf 81' lang='grc' dir='ltr'>τέλος,</span> <span class='ocrx_word' id='word_1_670' title='bbox 823 2266 910 2301; x_wconf 83' lang='grc' dir='ltr'>οὗτος</span> 
     </span>
    </p>
   </div>
   <div class='ocr_carea' id='block_1_85' title="bbox 967 2259 1744 2305">
    <p class='ocr_par' dir='ltr' id='par_1_85' title="bbox 967 2259 1744 2296">
     <span class='ocr_line' id='line_1_85' title="bbox 967 2259 1744 2296; baseline -0.005 -8"><span class='ocrx_word' id='word_1_671' title='bbox 967 2263 1053 2294; x_wconf 76' lang='lat' dir='ltr'><strong>ﬁnem,</strong></span> <span class='ocrx_word' id='word_1_672' title='bbox 1067 2270 1098 2288; x_wconf 82' lang='lat' dir='ltr'><strong>ne</strong></span> <span class='ocrx_word' id='word_1_673' title='bbox 1118 2261 1266 2296; x_wconf 83' lang='lat' dir='ltr'><strong>disperdas.</strong></span> <span class='ocrx_word' id='word_1_674' title='bbox 1284 2260 1360 2287; x_wconf 85' lang='lat' dir='ltr'><strong>Multi</strong></span> <span class='ocrx_word' id='word_1_675' title='bbox 1385 2266 1502 2294; x_wconf 86' lang='lat' dir='ltr'><strong>namque</strong></span> <span class='ocrx_word' id='word_1_676' title='bbox 1516 2267 1546 2286; x_wconf 89' lang='lat' dir='ltr'><strong>re</strong></span> <span class='ocrx_word' id='word_1_677' title='bbox 1563 2259 1631 2285; x_wconf 88' lang='lat' dir='ltr'><strong>bene</strong></span> <span class='ocrx_word' id='word_1_678' title='bbox 1655 2263 1744 2291; x_wconf 60' lang='lat' dir='ltr'><strong>coepta</strong></span> 
     </span>
    </p>
   </div>
   <div class='ocr_carea' id='block_1_86' title="bbox 121 2313 907 2350">
    <p class='ocr_par' dir='ltr' id='par_1_86' title="bbox 121 2313 907 2350">
     <span class='ocr_line' id='line_1_86' title="bbox 121 2313 907 2350; baseline -0.003 -9"><span class='ocrx_word' id='word_1_679' title='bbox 121 2315 290 2348; x_wconf 82' lang='grc' dir='ltr'>σωθήσεται</span> <span class='ocrx_word' id='word_1_680' title='bbox 301 2315 320 2350; x_wconf 93' lang='grc'><strong>·)</strong></span> <span class='ocrx_word' id='word_1_681' title='bbox 336 2315 379 2341; x_wconf 86' lang='grc' dir='ltr'><strong>διὰ</strong></span> <span class='ocrx_word' id='word_1_682' title='bbox 391 2315 468 2340; x_wconf 84' lang='grc' dir='ltr'>τοῦτο</span> <span class='ocrx_word' id='word_1_683' title='bbox 480 2314 691 2349; x_wconf 78' lang='grc' dir='ltr'>ἐπιγέγραπται,</span> <span class='ocrx_word' id='word_1_684' title='bbox 707 2315 758 2346; x_wconf 84' lang='grc' dir='ltr'><strong>Εὶς</strong></span> <span class='ocrx_word' id='word_1_685' title='bbox 768 2313 799 2340; x_wconf 86' lang='grc' dir='ltr'>τὸ</span> <span class='ocrx_word' id='word_1_686' title='bbox 811 2313 907 2346; x_wconf 79' lang='grc' dir='ltr'>τέλος,</span> 
     </span>
    </p>
   </div>
   <div class='ocr_carea' id='block_1_87' title="bbox 120 2359 907 2395">
    <p class='ocr_par' dir='ltr' id='par_1_87' title="bbox 120 2359 907 2395">
     <span class='ocr_line' id='line_1_87' title="bbox 120 2359 907 2395; baseline -0.003 -8"><span class='ocrx_word' id='word_1_687' title='bbox 120 2360 162 2394; x_wconf 84' lang='grc' dir='ltr'>μὴ</span> <span class='ocrx_word' id='word_1_688' title='bbox 185 2359 366 2395; x_wconf 61' lang='grc' dir='ltr'>διαφθείρῃς,</span> <span class='ocrx_word' id='word_1_689' title='bbox 391 2360 485 2386; x_wconf 77' lang='grc' dir='ltr'>Πολλοὶ</span> <span class='ocrx_word' id='word_1_690' title='bbox 513 2359 577 2395; x_wconf 78' lang='grc' dir='ltr'>γὰρ,</span> <span class='ocrx_word' id='word_1_691' title='bbox 601 2359 691 2391; x_wconf 86' lang='grc' dir='ltr'>καλῶς</span> <span class='ocrx_word' id='word_1_692' title='bbox 704 2359 860 2394; x_wconf 76' lang='grc' dir='ltr'>ἀρξάμενοι,</span> <span class='ocrx_word' id='word_1_693' title='bbox 877 2360 907 2386; x_wconf 82' lang='grc' dir='ltr'><strong>ού</strong></span> 
     </span>
    </p>
   </div>
   <div class='ocr_carea' id='block_1_88' title="bbox 121 2404 906 2439">
    <p class='ocr_par' dir='ltr' id='par_1_88' title="bbox 121 2404 906 2439">
     <span class='ocr_line' id='line_1_88' title="bbox 121 2404 906 2439; baseline 0.003 -10"><span class='ocrx_word' id='word_1_694' title='bbox 121 2404 266 2439; x_wconf 82' lang='grc' dir='ltr'>διήρκεσαν</span> <span class='ocrx_word' id='word_1_695' title='bbox 279 2405 319 2436; x_wconf 83' lang='grc' dir='ltr'><strong>εἰς</strong></span> <span class='ocrx_word' id='word_1_696' title='bbox 333 2404 418 2437; x_wconf 81' lang='grc' dir='ltr'>τέλος.</span> <span class='ocrx_word' id='word_1_697' title='bbox 439 2404 518 2431; x_wconf 79' lang='grc' dir='ltr'>Ἀλλὰ</span> <span class='ocrx_word' id='word_1_698' title='bbox 531 2404 561 2431; x_wconf 86' lang='grc' dir='ltr'><strong>τὺ</strong></span> <span class='ocrx_word' id='word_1_699' title='bbox 588 2404 699 2439; x_wconf 78' lang='grc' dir='ltr'>Πνεῦμα</span> <span class='ocrx_word' id='word_1_700' title='bbox 712 2404 742 2431; x_wconf 84' lang='grc' dir='ltr'><strong>τὺ</strong></span> <span class='ocrx_word' id='word_1_701' title='bbox 760 2405 846 2438; x_wconf 76' lang='grc' dir='ltr'>ἅγιον,</span> <span class='ocrx_word' id='word_1_702' title='bbox 860 2405 906 2431; x_wconf 82' lang='grc' dir='ltr'>τοῦ</span> 
     </span>
    </p>
   </div>
   <div class='ocr_carea' id='block_1_89' title="bbox 121 2449 906 2486">
    <p class='ocr_par' dir='ltr' id='par_1_89' title="bbox 121 2449 906 2486">
     <span class='ocr_line' id='line_1_89' title="bbox 121 2449 906 2486; baseline 0.001 -11"><span class='ocrx_word' id='word_1_703' title='bbox 121 2449 201 2476; x_wconf 79' lang='grc' dir='ltr'>Δαυῗδ</span> <span class='ocrx_word' id='word_1_704' title='bbox 217 2450 264 2484; x_wconf 83' lang='grc' dir='ltr'>τὴν</span> <span class='ocrx_word' id='word_1_705' title='bbox 281 2451 369 2485; x_wconf 77' lang='grc' dir='ltr'>φυγὴν</span> <span class='ocrx_word' id='word_1_706' title='bbox 386 2451 430 2477; x_wconf 63' lang='grc' dir='ltr'><strong>καὶ¹</strong></span> <span class='ocrx_word' id='word_1_707' title='bbox 444 2450 493 2486; x_wconf 87' lang='grc' dir='ltr'>τὴν</span> <span class='ocrx_word' id='word_1_708' title='bbox 505 2451 534 2477; x_wconf 85' lang='grc' dir='ltr'>ὲν</span> <span class='ocrx_word' id='word_1_709' title='bbox 546 2450 674 2486; x_wconf 73' lang='grc' dir='ltr'>ἐρημίαις</span> <span class='ocrx_word' id='word_1_710' title='bbox 689 2449 839 2485; x_wconf 76' lang='grc' dir='ltr'>διατριϐὴν,</span> <span class='ocrx_word' id='word_1_711' title='bbox 856 2451 906 2485; x_wconf 76' lang='grc' dir='ltr'><strong>τήν</strong></span> 
     </span>
    </p>
   </div>
   <div class='ocr_carea' id='block_1_90' title="bbox 120 2494 908 2531">
    <p class='ocr_par' dir='ltr' id='par_1_90' title="bbox 120 2494 908 2531">
     <span class='ocr_line' id='line_1_90' title="bbox 120 2494 908 2531; baseline -0.001 -10"><span class='ocrx_word' id='word_1_712' title='bbox 120 2501 149 2521; x_wconf 82' lang='grc' dir='ltr'><strong>τε</strong></span> <span class='ocrx_word' id='word_1_713' title='bbox 163 2494 192 2520; x_wconf 78' lang='grc' dir='ltr'>ὲν</span> <span class='ocrx_word' id='word_1_714' title='bbox 208 2494 349 2529; x_wconf 78' lang='grc' dir='ltr'>σπηλαίοις</span> <span class='ocrx_word' id='word_1_715' title='bbox 375 2495 613 2531; x_wconf 81' lang='grc' dir='ltr'>καρτερικωτάτην</span> <span class='ocrx_word' id='word_1_716' title='bbox 625 2495 730 2529; x_wconf 73' lang='grc' dir='ltr'>οἴκησιν</span> <span class='ocrx_word' id='word_1_717' title='bbox 742 2495 908 2529; x_wconf 82' lang='grc' dir='ltr'>ἀποδεχόμε-</span> 
     </span>
    </p>
   </div>
   <div class='ocr_carea' id='block_1_91' title="bbox 120 2539 904 2575">
    <p class='ocr_par' dir='ltr' id='par_1_91' title="bbox 120 2539 904 2575">
     <span class='ocr_line' id='line_1_91' title="bbox 120 2539 904 2575; baseline 0 -10"><span class='ocrx_word' id='word_1_718' title='bbox 120 2547 176 2572; x_wconf 80' lang='grc' dir='ltr'>νον,</span> <span class='ocrx_word' id='word_1_719' title='bbox 191 2539 274 2574; x_wconf 77' lang='grc' dir='ltr'>φησὶν</span> <span class='ocrx_word' id='word_1_720' title='bbox 294 2539 376 2575; x_wconf 78' lang='grc' dir='ltr'>αὐτῷ,</span> <span class='ocrx_word' id='word_1_721' title='bbox 406 2542 458 2573; x_wconf 83' lang='grc' dir='ltr'>Εις</span> <span class='ocrx_word' id='word_1_722' title='bbox 475 2539 508 2566; x_wconf 86' lang='grc' dir='ltr'>τὸ</span> <span class='ocrx_word' id='word_1_723' title='bbox 541 2540 637 2572; x_wconf 76' lang='grc' dir='ltr'>τέλος,</span> <span class='ocrx_word' id='word_1_724' title='bbox 659 2539 702 2574; x_wconf 82' lang='grc' dir='ltr'>μὴ</span> <span class='ocrx_word' id='word_1_725' title='bbox 722 2539 904 2574; x_wconf 61' lang='grc' dir='ltr'>διαφθείρῃς,</span> 
     </span>
    </p>
   </div>
   <div class='ocr_carea' id='block_1_92' title="bbox 121 2583 906 2620">
    <p class='ocr_par' dir='ltr' id='par_1_92' title="bbox 121 2583 906 2620">
     <span class='ocr_line' id='line_1_92' title="bbox 121 2583 906 2620; baseline 0 -9"><span class='ocrx_word' id='word_1_726' title='bbox 121 2584 185 2619; x_wconf 80' lang='grc' dir='ltr'>μένε</span> <span class='ocrx_word' id='word_1_727' title='bbox 201 2584 230 2611; x_wconf 79' lang='grc' dir='ltr'>δὲ</span> <span class='ocrx_word' id='word_1_728' title='bbox 243 2584 345 2611; x_wconf 77' lang='grc' dir='ltr'>δι’ὂλου</span> <span class='ocrx_word' id='word_1_729' title='bbox 360 2584 488 2616; x_wconf 81' lang='grc' dir='ltr'>τοιοῦτος,</span> <span class='ocrx_word' id='word_1_730' title='bbox 503 2584 541 2615; x_wconf 85' lang='grc' dir='ltr'><strong>ὡς</strong></span> <span class='ocrx_word' id='word_1_731' title='bbox 552 2583 584 2610; x_wconf 72' lang='grc' dir='ltr'>ἂν</span> <span class='ocrx_word' id='word_1_732' title='bbox 600 2583 692 2619; x_wconf 88' lang='grc' dir='ltr'>τύχοις</span> <span class='ocrx_word' id='word_1_733' title='bbox 704 2583 906 2620; x_wconf 81' lang='grc' dir='ltr'>στηλογραφίας</span> 
     </span>
    </p>
   </div>
   <div class='ocr_carea' id='block_1_93' title="bbox 119 2629 904 2666">
    <p class='ocr_par' dir='ltr' id='par_1_93' title="bbox 119 2629 904 2666">
     <span class='ocr_line' id='line_1_93' title="bbox 119 2629 904 2666; baseline -0.001 -9"><span class='ocrx_word' id='word_1_734' title='bbox 119 2631 166 2657; x_wconf 78' lang='grc' dir='ltr'>καὶ</span> <span class='ocrx_word' id='word_1_735' title='bbox 182 2631 290 2666; x_wconf 81' lang='grc' dir='ltr'>μνήμης</span> <span class='ocrx_word' id='word_1_736' title='bbox 303 2631 422 2657; x_wconf 76' lang='grc' dir='ltr'>αἰωνίου.</span> <span class='ocrx_word' id='word_1_737' title='bbox 441 2631 470 2657; x_wconf 89' lang='grc' dir='ltr'>Ὀ</span> <span class='ocrx_word' id='word_1_738' title='bbox 484 2630 513 2656; x_wconf 80' lang='grc' dir='ltr'>δὲ</span> <span class='ocrx_word' id='word_1_739' title='bbox 528 2631 574 2656; x_wconf 71' lang='grc' dir='ltr'><strong>ἐπὶ</strong></span> <span class='ocrx_word' id='word_1_740' title='bbox 595 2629 710 2661; x_wconf 76' lang='grc' dir='ltr'>τούτοις,</span> <span class='ocrx_word' id='word_1_741' title='bbox 722 2631 752 2656; x_wconf 84' lang='grc' dir='ltr'><strong>ού</strong></span> <span class='ocrx_word' id='word_1_742' title='bbox 765 2630 836 2657; x_wconf 84' lang='grc' dir='ltr'>κατὰ</span> <span class='ocrx_word' id='word_1_743' title='bbox 848 2631 904 2656; x_wconf 76' lang='grc' dir='ltr'><strong>Κυ-</strong></span> 
     </span>
    </p>
   </div>
   <div class='ocr_carea' id='block_1_94' title="bbox 118 2675 904 2712">
    <p class='ocr_par' dir='ltr' id='par_1_94' title="bbox 118 2675 904 2712">
     <span class='ocr_line' id='line_1_94' title="bbox 118 2675 904 2712; baseline -0.003 -8"><span class='ocrx_word' id='word_1_744' title='bbox 118 2677 211 2708; x_wconf 52' lang='grc' dir='ltr'>νικοὺς</span> <span class='ocrx_word' id='word_1_745' title='bbox 226 2677 280 2703; x_wconf 78' lang='grc' dir='ltr'>τῶν</span> <span class='ocrx_word' id='word_1_746' title='bbox 293 2677 341 2712; x_wconf 79' lang='grc' dir='ltr'>τὴν</span> <span class='ocrx_word' id='word_1_747' title='bbox 360 2676 455 2711; x_wconf 80' lang='grc' dir='ltr'>σοφίαν</span> <span class='ocrx_word' id='word_1_748' title='bbox 473 2676 520 2703; x_wconf 80' lang='grc' dir='ltr'><strong>τοῦ</strong></span> <span class='ocrx_word' id='word_1_749' title='bbox 549 2676 645 2708; x_wconf 81' lang='grc' dir='ltr'>αἰῶνος</span> <span class='ocrx_word' id='word_1_750' title='bbox 659 2675 754 2702; x_wconf 76' lang='grc' dir='ltr'>τούτου</span> <span class='ocrx_word' id='word_1_751' title='bbox 774 2685 904 2712; x_wconf 83' lang='grc' dir='ltr'>μετερχο-</span> 
     </span>
    </p>
   </div>
   <div class='ocr_carea' id='block_1_95' title="bbox 119 2720 904 2757">
    <p class='ocr_par' dir='ltr' id='par_1_95' title="bbox 119 2720 904 2757">
     <span class='ocr_line' id='line_1_95' title="bbox 119 2720 904 2757; baseline -0.003 -8"><span class='ocrx_word' id='word_1_752' title='bbox 119 2722 210 2757; x_wconf 83' lang='grc' dir='ltr'>μένων</span> <span class='ocrx_word' id='word_1_753' title='bbox 225 2722 390 2757; x_wconf 81' lang='grc' dir='ltr'>τυφούμενος</span> <span class='ocrx_word' id='word_1_754' title='bbox 404 2721 473 2756; x_wconf 77' lang='lat' dir='ltr'><strong>(sic),</strong></span> <span class='ocrx_word' id='word_1_755' title='bbox 487 2721 547 2748; x_wconf 70' lang='grc' dir='ltr'>οὐδὲ</span> <span class='ocrx_word' id='word_1_756' title='bbox 563 2721 635 2757; x_wconf 77' lang='grc' dir='ltr'>μέγα</span> <span class='ocrx_word' id='word_1_757' title='bbox 648 2720 753 2756; x_wconf 81' lang='grc' dir='ltr'>φρονῶν</span> <span class='ocrx_word' id='word_1_758' title='bbox 767 2722 814 2747; x_wconf 81' lang='grc' dir='ltr'>καὶ</span> <span class='ocrx_word' id='word_1_759' title='bbox 825 2720 904 2756; x_wconf 83' lang='grc' dir='ltr'>βρεν-</span> 
     </span>
    </p>
   </div>
   <div class='ocr_carea' id='block_1_96' title="bbox 118 2767 902 2804">
    <p class='ocr_par' dir='ltr' id='par_1_96' title="bbox 118 2767 902 2804">
     <span class='ocr_line' id='line_1_96' title="bbox 118 2767 902 2804; baseline -0.001 -10"><span class='ocrx_word' id='word_1_760' title='bbox 118 2768 247 2803; x_wconf 71' lang='grc' dir='ltr'>θυόμενος</span> <span class='ocrx_word' id='word_1_761' title='bbox 260 2768 306 2795; x_wconf 74' lang='grc' dir='ltr'><strong>ἐπὶ</strong></span> <span class='ocrx_word' id='word_1_762' title='bbox 316 2770 349 2803; x_wconf 84' lang='grc' dir='ltr'><strong>τῇ</strong></span> <span class='ocrx_word' id='word_1_763' title='bbox 366 2768 412 2795; x_wconf 73' lang='grc' dir='ltr'>τοῦ</span> <span class='ocrx_word' id='word_1_764' title='bbox 429 2768 486 2803; x_wconf 81' lang='grc' dir='ltr'>βίου</span> <span class='ocrx_word' id='word_1_765' title='bbox 502 2767 643 2804; x_wconf 84' lang='grc' dir='ltr'>καρτερίᾳ,</span> <span class='ocrx_word' id='word_1_766' title='bbox 657 2767 710 2794; x_wconf 73' lang='grc' dir='ltr'>οὐδ’</span> <span class='ocrx_word' id='word_1_767' title='bbox 727 2768 766 2794; x_wconf 79' lang='grc' dir='ltr'>ὅτι</span> <span class='ocrx_word' id='word_1_768' title='bbox 794 2767 902 2799; x_wconf 78' lang='grc' dir='ltr'>πλείους</span> 
     </span>
    </p>
   </div>
   <div class='ocr_carea' id='block_1_97' title="bbox 962 2302 1744 2343">
    <p class='ocr_par' dir='ltr' id='par_1_97' title="bbox 962 2302 1744 2343">
     <span class='ocr_line' id='line_1_97' title="bbox 962 2302 1744 2343; baseline -0.008 -7"><span class='ocrx_word' id='word_1_769' title='bbox 962 2316 1016 2336; x_wconf 88' lang='lat' dir='ltr'><strong>non</strong></span> <span class='ocrx_word' id='word_1_770' title='bbox 1039 2311 1250 2343; x_wconf 87' lang='lat' dir='ltr'><strong>perscverantur</strong></span> <span class='ocrx_word' id='word_1_771' title='bbox 1276 2313 1363 2340; x_wconf 88' lang='lat' dir='ltr'><strong>usque</strong></span> <span class='ocrx_word' id='word_1_772' title='bbox 1389 2305 1416 2331; x_wconf 89' lang='lat' dir='ltr'><strong>in</strong></span> <span class='ocrx_word' id='word_1_773' title='bbox 1435 2305 1536 2336; x_wconf 88' lang='lat' dir='ltr'><strong>tinem;</strong></span> <span class='ocrx_word' id='word_1_774' title='bbox 1562 2303 1609 2331; x_wconf 85' lang='lat' dir='ltr'><strong>sed</strong></span> <span class='ocrx_word' id='word_1_775' title='bbox 1626 2302 1744 2337; x_wconf 88' lang='lat' dir='ltr'><strong>Spiritus</strong></span> 
     </span>
    </p>
   </div>
   <div class='ocr_carea' id='block_1_98' title="bbox 961 2348 1743 2386">
    <p class='ocr_par' dir='ltr' id='par_1_98' title="bbox 961 2348 1743 2386">
     <span class='ocr_line' id='line_1_98' title="bbox 961 2348 1743 2386; baseline -0.009 -5"><span class='ocrx_word' id='word_1_776' title='bbox 961 2360 1071 2382; x_wconf 73' lang='lat' dir='ltr'><strong>sanctus</strong></span> <span class='ocrx_word' id='word_1_777' title='bbox 1086 2353 1196 2380; x_wconf 85' lang='lat' dir='ltr'><strong>Davidis</strong></span> <span class='ocrx_word' id='word_1_778' title='bbox 1209 2353 1310 2386; x_wconf 70' lang='lat' dir='ltr'><strong>fugam,</strong></span> <span class='ocrx_word' id='word_1_779' title='bbox 1322 2357 1412 2377; x_wconf 87' lang='lat' dir='ltr'><strong>moras</strong></span> <span class='ocrx_word' id='word_1_780' title='bbox 1426 2350 1454 2376; x_wconf 90' lang='lat' dir='ltr'><strong>in</strong></span> <span class='ocrx_word' id='word_1_781' title='bbox 1469 2349 1593 2380; x_wconf 86' lang='lat' dir='ltr'><strong>desertis,</strong></span> <span class='ocrx_word' id='word_1_782' title='bbox 1610 2348 1743 2375; x_wconf 85' lang='lat' dir='ltr'><strong>diutinam</strong></span> 
     </span>
    </p>
   </div>
   <div class='ocr_carea' id='block_1_99' title="bbox 960 2393 1743 2428">
    <p class='ocr_par' dir='ltr' id='par_1_99' title="bbox 960 2393 1743 2428">
     <span class='ocr_line' id='line_1_99' title="bbox 960 2393 1743 2428; baseline -0.01 -2"><span class='ocrx_word' id='word_1_783' title='bbox 960 2400 1033 2427; x_wconf 89' lang='lat' dir='ltr'><strong>illam</strong></span> <span class='ocrx_word' id='word_1_784' title='bbox 1049 2404 1077 2426; x_wconf 87' lang='lat' dir='ltr'><strong>et</strong></span> <span class='ocrx_word' id='word_1_785' title='bbox 1093 2402 1264 2426; x_wconf 83' lang='lat' dir='ltr'><strong>constantem</strong></span> <span class='ocrx_word' id='word_1_786' title='bbox 1281 2398 1473 2424; x_wconf 75' lang='lat' dir='ltr'><strong>habitationem</strong></span> <span class='ocrx_word' id='word_1_787' title='bbox 1492 2394 1517 2420; x_wconf 90' lang='lat' dir='ltr'><strong>in</strong></span> <span class='ocrx_word' id='word_1_788' title='bbox 1536 2393 1675 2428; x_wconf 71' lang='lat' dir='ltr'><strong>speluncis</strong></span> <span class='ocrx_word' id='word_1_789' title='bbox 1694 2401 1743 2428; x_wconf 88' lang='lat' dir='ltr'><strong>ap-</strong></span> 
     </span>
    </p>
   </div>
   <div class='ocr_carea' id='block_1_100' title="bbox 959 2439 1742 2479">
    <p class='ocr_par' dir='ltr' id='par_1_100' title="bbox 959 2439 1742 2479">
     <span class='ocr_line' id='line_1_100' title="bbox 959 2439 1742 2479; baseline -0.011 -7"><span class='ocrx_word' id='word_1_790' title='bbox 959 2445 1088 2479; x_wconf 83' lang='lat' dir='ltr'><strong>probans,</strong></span> <span class='ocrx_word' id='word_1_791' title='bbox 1116 2444 1154 2470; x_wconf 93' lang='lat' dir='ltr'><strong>ait</strong></span> <span class='ocrx_word' id='word_1_792' title='bbox 1177 2443 1229 2469; x_wconf 90' lang='lat' dir='ltr'><strong>illi:</strong></span> <span class='ocrx_word' id='word_1_793' title='bbox 1247 2442 1281 2469; x_wconf 85' lang='lat' dir='ltr'><strong>In</strong></span> <span class='ocrx_word' id='word_1_794' title='bbox 1304 2443 1392 2476; x_wconf 84' lang='lat' dir='ltr'><strong>ﬁnem,</strong></span> <span class='ocrx_word' id='word_1_795' title='bbox 1417 2449 1447 2467; x_wconf 84' lang='lat' dir='ltr'><strong>ne</strong></span> <span class='ocrx_word' id='word_1_796' title='bbox 1469 2439 1616 2470; x_wconf 74' lang='lat' dir='ltr'><strong>disperdas,</strong></span> <span class='ocrx_word' id='word_1_797' title='bbox 1635 2446 1742 2473; x_wconf 82' lang='lat' dir='ltr'><strong>semper</strong></span> 
     </span>
    </p>
   </div>
   <div class='ocr_carea' id='block_1_101' title="bbox 958 2485 1742 2522">
    <p class='ocr_par' dir='ltr' id='par_1_101' title="bbox 958 2485 1742 2522">
     <span class='ocr_line' id='line_1_101' title="bbox 958 2485 1742 2522; baseline -0.009 -4"><span class='ocrx_word' id='word_1_798' title='bbox 958 2492 1021 2519; x_wconf 85' lang='lat' dir='ltr'><strong>talis</strong></span> <span class='ocrx_word' id='word_1_799' title='bbox 1037 2498 1158 2522; x_wconf 86' lang='lat' dir='ltr'><strong>maneas,</strong></span> <span class='ocrx_word' id='word_1_800' title='bbox 1175 2494 1204 2516; x_wconf 90' lang='lat' dir='ltr'><strong>ut</strong></span> <span class='ocrx_word' id='word_1_801' title='bbox 1225 2489 1295 2516; x_wconf 91' lang='lat' dir='ltr'><strong>tituli</strong></span> <span class='ocrx_word' id='word_1_802' title='bbox 1318 2487 1521 2522; x_wconf 88' lang='lat' dir='ltr'><strong>inscriptionem</strong></span> <span class='ocrx_word' id='word_1_803' title='bbox 1538 2489 1564 2512; x_wconf 90' lang='lat' dir='ltr'><strong>et</strong></span> <span class='ocrx_word' id='word_1_804' title='bbox 1581 2485 1742 2512; x_wconf 87' lang='lat' dir='ltr'><strong>memoriam</strong></span> 
     </span>
    </p>
   </div>
   <div class='ocr_carea' id='block_1_102' title="bbox 957 2532 1741 2567">
    <p class='ocr_par' dir='ltr' id='par_1_102' title="bbox 957 2532 1741 2567">
     <span class='ocr_line' id='line_1_102' title="bbox 957 2532 1741 2567; baseline -0.006 -4"><span class='ocrx_word' id='word_1_805' title='bbox 957 2540 1084 2564; x_wconf 62' lang='lat' dir='ltr'><strong>alternam</strong></span> <span class='ocrx_word' id='word_1_806' title='bbox 1099 2535 1232 2562; x_wconf 81' lang='lat' dir='ltr'><strong>obtinens.</strong></span> <span class='ocrx_word' id='word_1_807' title='bbox 1249 2534 1300 2567; x_wconf 88' lang='lat' dir='ltr'><strong>Qui</strong></span> <span class='ocrx_word' id='word_1_808' title='bbox 1316 2537 1406 2560; x_wconf 81' lang='lat' dir='ltr'><strong>autent</strong></span> <span class='ocrx_word' id='word_1_809' title='bbox 1430 2532 1457 2559; x_wconf 77' lang='lat' dir='ltr'><strong>in</strong></span> <span class='ocrx_word' id='word_1_810' title='bbox 1474 2532 1516 2558; x_wconf 70' lang='grc' dir='ltr'>Ιιις</span> <span class='ocrx_word' id='word_1_811' title='bbox 1535 2534 1660 2558; x_wconf 86' lang='lat' dir='ltr'><strong>versatur</strong></span> <span class='ocrx_word' id='word_1_812' title='bbox 1686 2538 1741 2558; x_wconf 88' lang='lat' dir='ltr'><strong>non</strong></span> 
     </span>
    </p>
   </div>
   <div class='ocr_carea' id='block_1_103' title="bbox 957 2576 1742 2617">
    <p class='ocr_par' dir='ltr' id='par_1_103' title="bbox 957 2576 1742 2617">
     <span class='ocr_line' id='line_1_103' title="bbox 957 2576 1742 2617; baseline -0.006 -8"><span class='ocrx_word' id='word_1_813' title='bbox 957 2582 1121 2617; x_wconf 81' lang='lat' dir='ltr'><strong>Cynicorum</strong></span> <span class='ocrx_word' id='word_1_814' title='bbox 1139 2588 1223 2613; x_wconf 88' lang='lat' dir='ltr'><strong>more,</strong></span> <span class='ocrx_word' id='word_1_815' title='bbox 1241 2580 1286 2615; x_wconf 92' lang='lat' dir='ltr'><strong>qui</strong></span> <span class='ocrx_word' id='word_1_816' title='bbox 1301 2579 1462 2614; x_wconf 86' lang='lat' dir='ltr'><strong>sapientiam</strong></span> <span class='ocrx_word' id='word_1_817' title='bbox 1476 2577 1559 2611; x_wconf 90' lang='lat' dir='ltr'><strong>hujus</strong></span> <span class='ocrx_word' id='word_1_818' title='bbox 1574 2576 1665 2604; x_wconf 72' lang='lat' dir='ltr'><strong>steculi</strong></span> <span class='ocrx_word' id='word_1_819' title='bbox 1681 2584 1742 2610; x_wconf 86' lang='lat' dir='ltr'><strong>pro-</strong></span> 
     </span>
    </p>
   </div>
   <div class='ocr_carea' id='block_1_104' title="bbox 958 2622 1738 2658">
    <p class='ocr_par' dir='ltr' id='par_1_104' title="bbox 958 2622 1738 2658">
     <span class='ocr_line' id='line_1_104' title="bbox 958 2622 1738 2658; baseline -0.005 -4"><span class='ocrx_word' id='word_1_820' title='bbox 958 2627 1079 2658; x_wconf 80' lang='lat' dir='ltr'><strong>ﬁtentur.</strong></span> <span class='ocrx_word' id='word_1_821' title='bbox 1111 2629 1218 2653; x_wconf 88' lang='lat' dir='ltr'><strong>tumore</strong></span> <span class='ocrx_word' id='word_1_822' title='bbox 1245 2626 1353 2658; x_wconf 86' lang='lat' dir='ltr'><strong>elatus;</strong></span> <span class='ocrx_word' id='word_1_823' title='bbox 1380 2632 1471 2658; x_wconf 87' lang='lat' dir='ltr'><strong>neque</strong></span> <span class='ocrx_word' id='word_1_824' title='bbox 1496 2623 1579 2650; x_wconf 89' lang='lat' dir='ltr'><strong>altutn</strong></span> <span class='ocrx_word' id='word_1_825' title='bbox 1607 2622 1738 2656; x_wconf 86' lang='lat' dir='ltr'><strong>sapiens,</strong></span> 
     </span>
    </p>
   </div>
   <div class='ocr_carea' id='block_1_105' title="bbox 955 2668 1738 2707">
    <p class='ocr_par' dir='ltr' id='par_1_105' title="bbox 955 2668 1738 2707">
     <span class='ocr_line' id='line_1_105' title="bbox 955 2668 1738 2707; baseline -0.008 -8"><span class='ocrx_word' id='word_1_826' title='bbox 955 2672 1172 2707; x_wconf 86' lang='lat' dir='ltr'><strong>superbiensque</strong></span> <span class='ocrx_word' id='word_1_827' title='bbox 1185 2671 1218 2699; x_wconf 86' lang='lat' dir='ltr'><strong>de</strong></span> <span class='ocrx_word' id='word_1_828' title='bbox 1227 2671 1370 2698; x_wconf 88' lang='lat' dir='ltr'><strong>tolerantia</strong></span> <span class='ocrx_word' id='word_1_829' title='bbox 1386 2670 1464 2703; x_wconf 63' lang='lat' dir='ltr'><strong>vita;</strong></span> <span class='ocrx_word' id='word_1_830' title='bbox 1477 2677 1566 2703; x_wconf 89' lang='lat' dir='ltr'><strong>neque</strong></span> <span class='ocrx_word' id='word_1_831' title='bbox 1578 2668 1613 2695; x_wconf 88' lang='lat' dir='ltr'><strong>oh</strong></span> <span class='ocrx_word' id='word_1_832' title='bbox 1643 2671 1738 2694; x_wconf 81' lang='lat' dir='ltr'><strong>astan-</strong></span> 
     </span>
    </p>
   </div>
   <div class='ocr_carea' id='block_1_106' title="bbox 954 2713 1740 2751">
    <p class='ocr_par' dir='ltr' id='par_1_106' title="bbox 954 2713 1740 2751">
     <span class='ocr_line' id='line_1_106' title="bbox 954 2713 1740 2751; baseline -0.01 -5"><span class='ocrx_word' id='word_1_833' title='bbox 954 2723 1008 2746; x_wconf 91' lang='lat' dir='ltr'><strong>tem</strong></span> <span class='ocrx_word' id='word_1_834' title='bbox 1024 2722 1188 2746; x_wconf 86' lang='lat' dir='ltr'><strong>sectatorum</strong></span> <span class='ocrx_word' id='word_1_835' title='bbox 1204 2722 1230 2746; x_wconf 89' lang='lat' dir='ltr'><strong>et</strong></span> <span class='ocrx_word' id='word_1_836' title='bbox 1245 2717 1441 2751; x_wconf 88' lang='lat' dir='ltr'><strong>discipulorutn</strong></span> <span class='ocrx_word' id='word_1_837' title='bbox 1456 2715 1572 2742; x_wconf 85' lang='lat' dir='ltr'><strong>instituti</strong></span> <span class='ocrx_word' id='word_1_838' title='bbox 1591 2713 1633 2740; x_wconf 80' lang='lat' dir='ltr'><strong>sui</strong></span> <span class='ocrx_word' id='word_1_839' title='bbox 1648 2713 1740 2739; x_wconf 87' lang='lat' dir='ltr'><strong>multi-</strong></span> 
     </span>
    </p>
   </div>
   <div class='ocr_carea' id='block_1_107' title="bbox 956 2760 1736 2799">
    <p class='ocr_par' dir='ltr' id='par_1_107' title="bbox 956 2760 1736 2799">
     <span class='ocr_line' id='line_1_107' title="bbox 956 2760 1736 2799; baseline -0.013 -5"><span class='ocrx_word' id='word_1_840' title='bbox 956 2766 1077 2794; x_wconf 90' lang='lat' dir='ltr'><strong>tudinem</strong></span> <span class='ocrx_word' id='word_1_841' title='bbox 1094 2764 1213 2798; x_wconf 84' lang='lat' dir='ltr'><strong>inilatus,</strong></span> <span class='ocrx_word' id='word_1_842' title='bbox 1232 2771 1318 2799; x_wconf 87' lang='lat' dir='ltr'><strong>neqtte</strong></span> <span class='ocrx_word' id='word_1_843' title='bbox 1334 2763 1368 2790; x_wconf 87' lang='lat' dir='ltr'><strong>iis</strong></span> <span class='ocrx_word' id='word_1_844' title='bbox 1380 2770 1429 2790; x_wconf 84' lang='lat' dir='ltr'><strong>ceu</strong></span> <span class='ocrx_word' id='word_1_845' title='bbox 1445 2760 1608 2789; x_wconf 81' lang='lat' dir='ltr'><strong>satellitibus</strong></span> <span class='ocrx_word' id='word_1_846' title='bbox 1621 2762 1649 2786; x_wconf 87' lang='lat' dir='ltr'><strong>et</strong></span> <span class='ocrx_word' id='word_1_847' title='bbox 1660 2765 1736 2785; x_wconf 90' lang='lat' dir='ltr'><strong>com-</strong></span> 
     </span>
    </p>
   </div>
   <div class='ocr_carea' id='block_1_108' title="bbox 155 2824 915 2876">
    <p class='ocr_par' dir='ltr' id='par_1_108' title="bbox 155 2843 913 2874">
     <span class='ocr_line' id='line_1_108' title="bbox 155 2843 913 2874; baseline 0 -2"><span class='ocrx_word' id='word_1_848' title='bbox 155 2846 176 2862; x_wconf 84' lang='lat'><strong>&quot;</strong></span> <span class='ocrx_word' id='word_1_849' title='bbox 197 2845 270 2872; x_wconf 79' lang='lat' dir='ltr'><strong>Psal.</strong></span> <span class='ocrx_word' id='word_1_850' title='bbox 287 2846 395 2874; x_wconf 76' lang='lat' dir='ltr'><strong>cxu.5.</strong></span> <span class='ocrx_word' id='word_1_851' title='bbox 434 2845 456 2861; x_wconf 76' lang='grc'><strong>²³</strong></span> <span class='ocrx_word' id='word_1_852' title='bbox 477 2844 543 2873; x_wconf 80' lang='lat' dir='ltr'><strong>ibid.</strong></span> <span class='ocrx_word' id='word_1_853' title='bbox 561 2845 587 2872; x_wconf 84' lang='lat'><strong>8.</strong></span> <span class='ocrx_word' id='word_1_854' title='bbox 628 2845 649 2861; x_wconf 76' lang='lat'>&quot;</span> <span class='ocrx_word' id='word_1_855' title='bbox 671 2843 765 2872; x_wconf 79' lang='lat' dir='ltr'><strong>Matth.</strong></span> <span class='ocrx_word' id='word_1_856' title='bbox 783 2844 862 2872; x_wconf 65' lang='lat' dir='ltr'><strong>L23.</strong></span> <span class='ocrx_word' id='word_1_857' title='bbox 903 2845 913 2860; x_wconf 88' lang='grc'>³</span> 
     </span>
    </p>
   </div>
   <div class='ocr_carea' id='block_1_109' title="bbox 967 2824 1736 2876">
    <p class='ocr_par' dir='ltr' id='par_1_109' title="bbox 969 2824 1736 2876">
     <span class='ocr_line' id='line_1_109' title="bbox 969 2824 1736 2876; baseline -0.014 -4"><span class='ocrx_word' id='word_1_858' title='bbox 969 2844 1029 2871; x_wconf 84' lang='lat' dir='ltr'><strong>ccli.</strong></span> <span class='ocrx_word' id='word_1_859' title='bbox 1049 2850 1112 2875; x_wconf 79' lang='lat' dir='ltr'><strong>vui,</strong></span> <span class='ocrx_word' id='word_1_860' title='bbox 1134 2843 1174 2870; x_wconf 73' lang='grc' dir='ltr'><strong>ιδ.</strong></span> <span class='ocrx_word' id='word_1_861' title='bbox 1215 2843 1233 2858; x_wconf 72' lang='grc' dir='ltr'><strong>τι</strong></span> <span class='ocrx_word' id='word_1_862' title='bbox 1257 2841 1338 2869; x_wconf 71' lang='lat' dir='ltr'><strong>Hebr.</strong></span> <span class='ocrx_word' id='word_1_863' title='bbox 1360 2840 1451 2876; x_wconf 45' lang='lat' dir='ltr'><strong>ngas.</strong></span> <span class='ocrx_word' id='word_1_864' title='bbox 1490 2824 1674 2868; x_wconf 52' lang='lat' dir='ltr'><strong>natantum.</strong></span> <span class='ocrx_word' id='word_1_865' title='bbox 1689 2834 1736 2863; x_wconf 78' lang='lat'><strong>29.</strong></span> 
     </span>
    </p>
   </div>
   <div class='ocr_carea' id='block_1_110' title="bbox 119 2880 367 2913">
    <p class='ocr_par' dir='ltr' id='par_1_110' title="bbox 119 2880 367 2913">
     <span class='ocr_line' id='line_1_110' title="bbox 119 2880 367 2913; baseline 0 -6"><span class='ocrx_word' id='word_1_866' title='bbox 119 2880 141 2897; x_wconf 76' lang='grc'>³³</span> <span class='ocrx_word' id='word_1_867' title='bbox 158 2880 252 2908; x_wconf 74' lang='lat' dir='ltr'><strong>Matth.</strong></span> <span class='ocrx_word' id='word_1_868' title='bbox 273 2889 306 2913; x_wconf 84' lang='lat' dir='ltr'><strong>x,</strong></span> <span class='ocrx_word' id='word_1_869' title='bbox 323 2881 367 2908; x_wconf 73' lang='lat'><strong>&#39;22.</strong></span> 
     </span>
    </p>
   </div>
  </div>
