2064 3212
145 193 200 222 509

709 192 961 222 COMMENTARIA
980 193 1014 221 IN
1033 193 1201 223 psamos.
1239 185 1284 214 SE

1715 199 1766 226 5l0

143 253 208 290 φῶς
218 260 278 280 σου
291 261 339 279 και
355 252 410 287 τὴν
424 251 569 285 ἀλήθειάν
586 258 655 284 σου,
682 252 759 279 αὐτὰ
773 260 812 287 με
823 251 926 286 ὁδηγή-

982 251 1042 278 sine
1068 251 1198 284 essentia,
1226 259 1277 279 nec
1306 252 1366 280 sine
1392 254 1545 282 substantia
1564 259 1650 284 sunt:
1679 264 1767 292 neque

142 307 201 327 σει.
215 298 275 330 Φῶς
291 298 319 325 δὲ
341 299 388 325 καὶ
412 298 526 334 ἀλήθεια
546 298 593 325 καὶ
620 298 698 332 λόγος
713 298 930 334 ἀποστελλόμενα

143 345 219 380 παρὰ
232 346 279 371 τοῦ
310 344 420 378 ὑψίστου
449 344 527 375 Θεοῦ,
545 344 594 371 οὐκ
611 344 735 373 ἀνούσια.
755 344 815 371 οὐδὲ
829 344 929 371 ἀνυπό-

144 398 240 417 στατα·
255 390 285 416 οὑ
302 389 356 425 γὰρ
368 388 422 416 οἶόν
433 399 462 416 τε
474 388 508 425 ἦν
533 391 648 425 πρᾶγμα
670 391 852 417 ἀνυπόστατον
865 391 930 416 ἁπο-

144 434 311 461 στέλλεσθαι,
327 435 429 470 ’Ὠσπερ
440 435 468 461 δὲ
483 435 567 469 Λόγος
585 437 683 461 νοεῖται
706 435 802 466 ἰάσεως
818 436 864 461 καὶ
876 444 928 461 σω-

142 480 240 514 τηρίας
255 482 404 516 ποιητικὸς,
432 480 518 513 οὕτως
536 481 581 507 ἐπὶ
602 481 649 507 τοῦ
671 481 803 516 παρόντος
818 483 831 508 ό
848 482 928 512 αὐτὸς

141 525 216 557 ἔλεος
232 525 398 561 ὠνόμασται,
410 527 447 558 ὡς
462 526 494 553 ἂν
513 527 676 562 ὑπηρετικὸς
690 527 726 553 ὢν
748 527 796 562 τῆς
813 527 859 553 τοῦ
873 528 927 553 Πα-

141 570 205 606 τρδς
218 570 431 606 φιλανθρωπίας·
455 572 554 606 ὁμοίως
578 573 605 598 δὲ
629 573 675 598 καὶ
692 572 814 608 ἀλήθεια,
841 573 878 604 ὼς
895 573 928 599 ἂν

141 616 251 652 ἀληθῶς
267 617 388 651 ὑφεστὼς
402 619 448 644 καὶ
464 619 525 644 κατ’
540 619 678 653 ἐνέργειαν
701 620 876 654 οὺσιωμένος.
899 620 927 646 Ὁ

140 661 206 695 γοῦν
219 662 352 698 ἡμέτερος
365 663 443 697 λόγος
460 664 508 694 ὼν,
523 664 666 696 συλλαϐαῖς
690 664 735 691 καὶ
749 666 851 700 ῥήμασι
881 666 926 691 καὶ

140 708 253 742 ὀνόμασι
270 708 318 744 τὴν
332 709 479 736 ὑπόστασιν
505 710 584 745 ἔχων,
601 711 647 736 καὶ
672 710 715 737 διὰ
745 711 866 746 γλώττης
881 711 927 737 καὶ

140 754 232 788 φωνῆς
247 754 436 790 ὲξηχούμενος,
452 756 502 782 οὐκ
518 756 550 782 ἂν
567 756 673 791 λεχθείη
687 757 788 792 κυρίως
801 758 847 783 καὶ
859 757 925 792 ἁλη-

139 797 194 830 θῶς
214 798 300 832 λόγος.
320 799 395 834 Ἔχει
420 799 483 834 γοῦν
515 800 606 836 ἓτερον
622 801 666 827 τὸν
685 801 820 834 γεννῶντα
835 802 924 832 αὑτὸν,

138 843 168 870 ὃν
183 844 231 871 καὶ
247 845 349 880 κυρίως
379 846 410 872 ἄν
428 855 470 878 τις
485 847 554 873 εἴποι
577 846 664 883 ἀληθῆ
687 847 774 881 λόγον’
799 848 891 875 τοῦτον
903 849 925 874 δ’

139 887 209 916 εἶναί
221 899 286 925 φασι
314 891 359 917 τὸν
374 891 535 919 ἐνδιάθετον.
549 893 654 928 Ὥσπερ
667 891 713 919 οὖν
732 895 746 919 ὁ
762 894 790 919 ὲν
806 895 870 928 ἡμῖν
887 894 926 919 ὲν-

138 934 260 966 διάθετος
270 935 347 969 λόγος
356 936 405 970 (Ι),
413 938 427 962 ὁ
438 937 484 963 καὶ
500 937 603 973 κυρίως
616 937 649 964 ἂν
658 937 750 973 ῥηθεὶς
761 937 867 972 ἀληθῶς
883 938 926 964 λό-
944 931 962 959 Β

139 988 196 1014 γος,
210 981 360 1013 ὑπόστατος
376 982 515 1016 τυγχάνει,
537 984 596 1008 κατ’
612 983 705 1010 οὐσίαν
723 983 857 1017 ὑφεστὼς,
868 984 926 1009 ἓτε-

139 1025 185 1060 ρός
201 1034 231 1052 τε
251 1025 290 1052 ὢν
308 1026 383 1062 παρὰ
397 1027 443 1053 τὸν
468 1028 666 1055 ἀποστέλλοντα
682 1029 773 1055 αὐτόν’
793 1029 833 1055 διὸ
858 1029 926 1055 ἀνω-

136 1071 209 1107 τέρω
222 1072 271 1107 μὲν
297 1073 412 1106 ἐλέγετο,
436 1073 662 1106 Ἐξαπέστειλεν
680 1075 714 1107 ἐξ
728 1075 857 1109 οὐρανοῦ
878 1075 925 1102 καὶ

136 1117 236 1144 εσωσέ
262 1126 310 1152 με.
329 1118 397 1145 Τίνα
409 1119 438 1145 δὲ
465 1119 647 1152 ἐξαπέστειλε,
668 1121 714 1147 ἐπὶ
730 1121 776 1147 τοῦ
795 1121 925 1157 παρόντος

136 1163 255 1191 ausam.
286 1165 408 1199 φάσκων·
433 1166 641 1197 Ἐξαπέστειλε
670 1167 702 1193 τὸ
730 1168 816 1200 ἕλεος
833 1168 925 1194 αὺτοῦ

137 1210 186 1236 καὶ
206 1210 263 1245 τὴν
274 1210 418 1244 ἀλήθειαν
433 1212 535 1244 αὑτοῦ,
560 1212 608 1240 καὶ
631 1213 776 1247 ἑρῤὐσατο
796 1213 853 1247 τὴν
869 1216 926 1247 ψυ-

136 1255 197 1290 χήν
212 1265 269 1290 μου
293 1256 327 1283 ἐκ
348 1256 442 1291 μέσου
456 1258 607 1292 σκύμνων·
622 1255 660 1285 ὧν
689 1258 769 1293 μέσος
783 1259 926 1293 γενόμενος

135 1302 307 1338 ἐκοιμήθην,
322 1303 399 1338 φησί,
428 1304 652 1339 τεταραγμένος.
668 1305 757 1336 Μέσος
786 1304 838 1340 γὰρ
859 1305 926 1332 ἀπο-

135 1348 250 1384 ληφθεὶς
267 1348 393 1383 σκύμνων
406 1349 460 1376 τῶν
475 1350 504 1375 ἐν
531 1350 550 1375 Γ
552 1349 581 1375 ὲθ
599 1349 764 1384 ἀλλοφύλων,
778 1350 793 1385 ἢ
810 1350 862 1376 τῶν
877 1351 924 1377 ἆλ-

135 1395 189 1426 λως
201 1395 391 1430 πολεμούντων
414 1403 446 1430 με
469 1395 584 1430 ἐχθρῶν,
611 1396 641 1422 τὺ
666 1396 726 1422 ὅσον
745 1396 787 1422 ἐπ’
801 1397 862 1431 ἐμοὶ
879 1398 925 1423 καὶ

135 1442 168 1477 τῇ
183 1440 341 1478 ἀνθρωπίνῃ
366 1441 501 1477 ἀσθενείᾳ,
518 1441 680 1476 ἐκοιμήθην
698 1441 923 1476 τεταραγμένος.

141 1486 171 1514 ‘0
184 1487 215 1514 δὲ
230 1486 341 1522 ὕψιστος
364 1488 439 1519 Θεὸς,
469 1488 514 1515 τὸν
548 1488 729 1524 προλεχθέντα
752 1487 830 1522 λόγον
842 1488 924 1514 αὑτοῦ

135 1531 182 1558 καὶ
198 1531 249 1567 τὴν
266 1531 394 1567 ἀλήθειαν
410 1538 456 1559 και
468 1533 513 1559 τὸν
523 1533 597 1560 ἔλεον
623 1533 826 1566 ἐξαποστείλας,
845 1534 925 1569 epes-

136 1585 202 1605 σατο
217 1577 267 1614 τὴν
277 1578 365 1613 ψυχήν
381 1587 442 1614 μου,
458 1579 495 1610 ὡς
510 1579 589 1615 μηδὲν
599 1578 683 1614 αὐτὴν
697 1579 792 1605 παθεῖν
816 1580 847 1605 ὲκ
876 1580 924 1614 τῆς
938 1599 959 1629 c

134 1625 256 1660 ταραχῆς
278 1624 332 1651 τῶν
348 1625 483 1661 σκύμνων.
506 1625 584 1652 Κατὰ
597 1626 625 1652 δὲ
638 1627 701 1657 τοὺς
716 1626 823 1657 λοιποὺς
835 1627 922 1661 ἑρμη-

134 1670 240 1702 νευτέις⁵
261 1671 298 1697 Οὐ
326 1671 535 1712 τεταραγμένος,
558 1671 649 1706 φησιν,
677 1671 818 1698 ἐκάθευδον
842 1672 924 1705 μέσος

97 1714 104 1723 ’
134 1716 303 1752 ἀποληφθεὶς
333 1716 456 1748 λεόντων,
483 1717 540 1744 ἀλλ’
558 1717 690 1752 ἀπτόητος
711 1718 784 1753 ήμην
819 1718 865 1743 καὶ
880 1718 924 1743 εὑ-

134 1761 248 1798 θαρσής.
266 1762 347 1797 Λέγει
362 1762 427 1796 γοῦν
440 1764 454 1789 ὁ
474 1762 597 1794 Ἀκύλας·
622 1763 669 1789 Ἐν
693 1763 777 1798 μέσῳ
796 1763 923 1790 locum?”

134 1808 353 1843 κοιμηθιῂγομαι
371 1808 496 1843 λάϐρων·
511 1810 525 1835 ὁ
539 1809 567 1835 δὲ
593 1809 749 1844 Σύμμαχος-
772 1811 822 1837 Ἑν
838 1811 922 1844 μέσῳ

133 1854 430 1889 λεόντωνεὺθαρσῶν
446 1855 618 1889 ὲκοιμ-ήθην.
643 1856 720 1888 Τίνες
747 1856 776 1882 δὲ
805 1855 874 1892 ἦσαν
895 1858 920 1884 οἱ

134 1897 251 1931 λέοντες,
265 1899 282 1934 ἢ
297 1900 321 1925 oi.
345 1899 460 1935 σκύμνοι
488 1902 535 1927 καὶ
550 1902 578 1927 αἱ
591 1900 705 1933 λέαιναι,
719 1901 845 1937 διασαφεῖ
859 1903 922 1937 ὲξῆς

134 1945 230 1980 λέγων·
245 1946 305 1972 Υἰοὶ
321 1946 483 1981 ἀνθρώπων
505 1948 533 1974 οὶ
559 1947 679 1981 ὀδόντες
705 1949 804 1975 αὐτῶν
827 1949 923 1975 ὅπλον

135 1991 183 2018 καὶ
196 1990 289 2024 βέλη,
302 1991 352 2018 καὶ
364 1992 383 2026 ἡ
413 1991 537 2027 γλῶσσα
559 1993 657 2019 αὐτῶν
667 1994 800 2028 μάχαιρα
830 1994 920 2026 ὀξεῖα.

135 2037 238 2069 Παντὸς
248 2037 301 2073 γὰρ
318 2037 400 2073 θηρὸς
414 2038 508 2073 ἀγρίου
527 2038 627 2065 ἰοϐόλου
643 2048 672 2065 τε
685 2040 809 2075 ἑρπετοῦ,
825 2040 922 2075 χείρων

135 2081 168 2108 ἂν
186 2082 291 2116 γένοιτο
304 2083 405 2118 φαῦλος
418 2084 464 2110 καὶ
479 2084 595 2119 πονηρὸς
612 2084 764 2121 ἄνθρωπος,
780 2086 896 2121 μάλιστα
908 2087 922 2112 ὀ

135 2127 271 2160 διαϐολαξ
298 2129 345 2156 καὶ
372 2130 546 2162 καταλαλιαϊς
564 2131 709 2166 σχολάζων,
730 2133 775 2159 καὶ
796 2134 855 2165 ταῖς
868 2133 922 2160 τῶν

135 2172 267 2208 θεοφιλῶν
278 2174 375 2210 ψυχαῖς
387 2175 578 2209 ἐπιϐουλεύων,
604 2177 652 2211 οὐχ
666 2177 757 2208 ὅπλοις
773 2177 802 2203 δὲ
816 2178 862 2204 καὶ
877 2178 921 2204 δό-

136 2228 211 2256 ρασι,
226 2221 424 2256 κεκρυμμένοις
435 2222 463 2248 δὲ
475 2223 521 2249 καὶ
536 2222 695 2249 λανθάνουσι
711 2225 766 2254 τοῖς
780 2223 822 2250 διὰ
836 2223 921 2258 λόγων

982 297 1054 324 enim
1072 301 1180 332 poterat
1194 306 1238 325 res
1254 299 1314 326 sine
1332 299 1482 328 substantia
1495 301 1576 329 mitti.
1587 301 1769 335 Quemadmo-

982 342 1047 369 dum
1075 347 1165 369 autetn
1187 342 1307 370 Verbum
1323 344 1485 379 intelligitur
1501 347 1652 373 curationis
1668 351 1696 375 et
1723 355 1768 375 sa-

982 387 1047 414 lutis
1063 387 1194 420 eﬂector;
1221 389 1260 415 sic
1276 394 1302 415 et
1321 388 1348 415 in
1371 391 1495 423 pt':eseuti
1517 391 1586 418 idem
1609 392 1765 419 misericor-

981 433 1025 460 dia
1036 437 1158 465 vocatur,
1169 439 1262 468 utpote
1273 439 1391 469 paternze
1406 443 1468 470 erga
1483 437 1606 464 homines
1618 438 1767 465 clementiae

981 480 1125 507 minister:
1142 481 1267 508 similiter
1281 485 1307 508 et
1325 482 1425 508 veritas
1439 483 1548 514 dicitur,
1566 488 1594 509 ut
1619 492 1680 511 vere
1700 485 1765 511 sui»

982 527 1092 559 sistens,
1116 531 1142 554 et
1159 527 1308 555 secundum
1329 529 1424 563 agendi
1444 530 1497 555 vim
1524 531 1674 557 substantia
1698 539 1765 564 prte-

981 573 1078 600 tlitutn.
1094 572 1222 601 Nostrum
1243 574 1333 607 itaque
1349 575 1472 607 verbum,
1491 575 1613 609 syllabis,
1634 576 1723 603 verbis
1739 581 1765 602 et

981 620 1138 647 nominibus
1169 620 1348 647 substantiam
1377 621 1490 653 habens,
1522 622 1611 656 lingua
1641 626 1667 649 et
1699 630 1764 650 voce

980 666 1121 697 emissum,
1149 674 1202 693 non
1233 667 1342 700 proprie
1367 674 1398 693 ac
1423 674 1485 693 vere
1514 668 1624 694 verbum
1647 668 1764 697 dicatur.

982 710 1067 738 liabet
1093 712 1164 739 enim
1183 712 1255 739 aliud
1276 720 1305 740 se
1323 713 1446 747 gignens,
1475 714 1548 748 quod
1573 714 1635 749 quis
1658 715 1766 749 proprie

980 764 1011 783 ac
1038 765 1101 785 vere
1125 758 1237 785 verbum
1265 759 1448 793 appellaverit,
1466 760 1537 793 quod
1556 760 1633 786 aiunt
1652 761 1764 787 insitum

979 811 1050 831 esse.
1069 803 1146 831 Sicut
1162 804 1273 831 insitum
1290 805 1316 830 in
1333 805 1411 832 nobis
1429 805 1552 838 Verbum,
1570 806 1641 840 quod
1654 807 1764 841 proprie

979 850 1091 877 verbum
1107 851 1216 883 dicitur,
1232 851 1412 878 substantiam
1429 851 1518 884 habet,
1534 859 1595 878 cum
1615 853 1764 879 secundum

978 896 1124 922 essentiam
1142 896 1289 927 subsistat,
1311 897 1438 931 aliudque
1463 897 1498 923 sit
1523 897 1557 923 ab
1575 905 1607 924 eo
1628 898 1674 932 qui
1691 899 1764 925 misit

978 942 1064 976 ipsum
1080 962 1086 969 .
1105 950 1190 976 quare
1206 942 1333 977 superius
1345 943 1498 973 dicebatur,
1518 943 1592 969 Misit
1605 943 1636 970 de
1650 945 1724 975 cwlo,
1739 950 1765 971 rt

976 988 1088 1014 saltavit
1102 997 1151 1015 me.
1174 988 1259 1021 Quem
1275 997 1339 1015 vero
1353 989 1470 1022 miserit,
1497 989 1522 1015 in
1539 991 1664 1023 przescnti
1685 990 1764 1016 docet

976 1033 1090 1061 dicens:
1121 1034 1195 1061 Misit
1224 1035 1434 1061 misericordiam
1460 1043 1552 1066 suam,
1577 1040 1601 1061 et
1629 1036 1763 1062 veritatem

975 1087 1062 1111 suam.
1078 1081 1194 1106 animum
1207 1089 1290 1107 meam
1301 1081 1396 1115 eripuit
1405 1081 1437 1107 de
1453 1081 1536 1108 medio
1548 1081 1696 1108 catulorum
1710 1081 1764 1108 lea-

976 1133 1058 1151 num:
1084 1126 1109 1152 in
1128 1134 1244 1161 quorum
1273 1127 1363 1154 medio
1381 1127 1546 1158 consistens,
1570 1127 1626 1154 ait:
1644 1127 1763 1154 Dormiri

975 1171 1157 1199 conturbatus.
1189 1172 1256 1199 Nam
1283 1173 1310 1199 in
1344 1173 1434 1200 medio
1462 1172 1614 1200 catulorum
1652 1173 1762 1200 leonum

976 1215 1145 1243 Gelbaeorum
1162 1217 1267 1244 scilicet
1288 1218 1485 1253 allophylorum
1501 1217 1697 1252 deprehensus,
1715 1226 1763 1245 seu

977 1262 1150 1289 inimicorutn
1167 1270 1208 1289 tne
1224 1263 1275 1289 alia
1300 1263 1406 1290 ratione
1422 1263 1651 1297 impugnantium,
1677 1271 1764 1298 quau-

977 1311 1034 1333 ttln
1051 1307 1116 1333 mihi
1134 1315 1180 1341 per
1194 1308 1339 1334 humanam
1354 1308 1537 1334 inlirmitatem
1552 1307 1639 1339 licuit,
1653 1308 1764 1335 dormit-1'

976 1352 1158 1379 conturbatus.
1180 1352 1338 1380 Altissimus
1358 1361 1423 1380 vero
1439 1353 1509 1380 Deus
1526 1354 1684 1388 pra‘diclum
1703 1363 1764 1381 vero

976 1397 1054 1429 bum,
1078 1397 1292 1424 misericordiam
1321 1402 1348 1425 et
1373 1398 1514 1425 veritatem
1540 1406 1616 1425 suam
1640 1399 1761 1431 mittens,

975 1442 1076 1477 eripuit
1093 1442 1210 1468 anitnatn
1229 1449 1327 1475 meam,
1344 1447 1373 1470 ut
1388 1450 1420 1470 ex
1435 1442 1640 1477 perturbatione
1654 1443 1763 1470 catulo~

975 1495 1034 1514 nun
1060 1487 1168 1515 leonum
1196 1487 1264 1514 nihil
1290 1492 1438 1522 pateretur.
1465 1488 1620 1515 Secundum
1642 1489 1762 1524 reliquos

975 1536 1065 1559 autem
1084 1533 1248 1567 interpretes
1263 1542 1268 1558 :
1289 1533 1347 1560 Non
1364 1533 1559 1565 conturbatus,
1576 1533 1674 1567 inquit,
1698 1534 1762 1560 der-

975 1578 1091 1605 miebam
1109 1578 1136 1605 in
1152 1578 1239 1605 medio
1250 1579 1359 1605 leonum
1375 1579 1581 1613 deprehensus;
1599 1579 1646 1606 sed
1661 1579 1762 1615 imper-

976 1624 1087 1651 territus
1109 1628 1136 1651 et
1152 1623 1290 1651 conlidens
1316 1632 1399 1651 eram.
1419 1624 1464 1651 Ait
1489 1625 1571 1659 igitur
1594 1625 1691 1660 Aquila
1706 1635 1714 1653 :
1729 1625 1761 1652 In

975 1669 1058 1695 medio
1082 1669 1226 1695 leit'narum
1249 1669 1383 1695 dormiam
1400 1670 1553 1701 voracitati;
1580 1669 1761 1705 Symmachus

974 1723 1038 1742 vero
1054 1724 1060 1742 :
1079 1714 1111 1741 1η
1134 1715 1217 1741 medio
1235 1716 1337 1741 leonum
1352 1715 1484 1748 confidens
1507 1715 1627 1742 dormivi.
1645 1716 1761 1748 Quinam

973 1765 1066 1790 essent
1082 1762 1186 1793 leones,
1212 1761 1253 1788 vel
1268 1761 1351 1787 catuli
1376 1762 1485 1787 leonum
1508 1765 1534 1788 et
1552 1761 1650 1793 leaenae,
1668 1767 1762 1796 postea

974 1808 1106 1838 declarat,
1117 1807 1229 1835 dicens:
1246 1806 1310 1833 Filii
1325 1806 1459 1833 hominum
1474 1807 1562 1833 demes
1575 1815 1665 1833 eorum
1683 1808 1761 1834 telum

973 1859 997 1880 et
1016 1854 1131 1889 sagittw,
1147 1858 1172 1880 et
1195 1854 1285 1886 lingua
1306 1861 1394 1880 eorum
1411 1852 1515 1887 gladius
1536 1857 1638 1878 acutus.
1668 1852 1762 1886 Siqui—

973 1900 1033 1927 dem
1050 1900 1123 1926 omni
1142 1899 1198 1926 fera
1213 1898 1324 1934 agresti,
1342 1905 1477 1925 venenosa
1493 1901 1519 1924 et
1539 1897 1627 1931 reptili
1645 1897 1763 1923 deterior

975 1947 1056 1974 luerit
1071 1945 1212 1980 itnprobus
1227 1949 1253 1971 et
1269 1952 1385 1979 nequam
1398 1944 1489 1975 homo,
1518 1944 1689 1977 maximeque
1713 1944 1761 1977 qui

973 1991 1119 2019 calumniis
1133 1994 1159 2018 et.
1175 1988 1325 2017 maledictis
1344 1993 1432 2021 vacat,
1447 1992 1473 2016 et
1488 1988 1534 2023 qui
1552 1988 1688 2022 religiosis
1702 1988 1762 2016 aui-

973 2037 1070 2064 tnabus
1088 2035 1243 2066 insidiatur,
1264 2043 1317 2061 non
1336 2034 1395 2061 telis
1415 2038 1441 2060 et
1459 2033 1555 2064 hastis,
1581 2033 1629 2060 sed
1646 2033 1762 2061 occultis

973 2087 1000 2110 et
1025 2082 1174 2109 latentibus
1201 2081 1346 2109 verborum
1372 2079 1534 2115 perniciosis
1558 2079 1760 2106 instrumentis.

974 2129 1005 2155 lli
1021 2129 1112 2163 itaque
1129 2128 1251 2155 dentium
1266 2127 1367 2154 ambitu
1384 2127 1463 2161 quasi
1481 2125 1565 2152 armis
1583 2129 1697 2151 utuntur
1711 2125 1762 2151 cir-

974 2173 1244 2205 cmnnunientibus,
1270 2176 1296 2199 et
1322 2171 1551 2198 coneludenlibus
1577 2170 1658 2197 verba
1691 2170 1761 2197 intra

974 2218 1095 2246 dentium
1111 2223 1217 2254 septum
1232 2217 1359 2250 latentia;
1377 2218 1467 2252 lingua
1483 2224 1547 2243 vero
1561 2215 1762 2249 calumniisque

135 2265 318 2301 ἀναιρετικοῖς
328 2267 462 2302 ὀργάνοις.
479 2268 634 2304 Κέχρηνται
649 2268 713 2302 γοῦν
726 2270 750 2295 οἱ
766 2269 879 2295 τοιοῦτοι
889 2271 921 2305 τῇ

976 2273 1008 2292 ex
1021 2273 1052 2292 ea
1067 2265 1186 2297 emissis,
1202 2272 1250 2291 ceu
1273 2263 1436 2299 quibusdam
1462 2262 1523 2289 telis
1539 2261 1703 2295 jaeulantur.
1723 2259 1761 2286 Ea

138 2312 188 2347 μὲν
201 2312 256 2339 τῶν
268 2312 380 2340 ὀδόντων
404 2314 531 2350 περιϐολῇ
556 2314 649 2350 ὥσπερ
672 2315 726 2341 τινὶ
751 2315 825 2350 ὅπλῳ
847 2324 925 2351 περι-

135 2356 292 2392 φράττοντι,
307 2358 354 2385 καὶ
371 2358 549 2394 περικλείοντι
563 2359 626 2391 τοὺς
653 2360 717 2386 εῐσω
740 2360 795 2386 τῶν
811 2360 925 2387 ὀδόντων

136 2402 342 2438 κρυπτομένους
359 2403 463 2438 λόγους-
477 2406 510 2440 τῇ
522 2404 551 2431 δὲ
563 2404 669 2440 γλώττῃ
687 2405 734 2432 καὶ
747 2407 805 2438 ταῖς
817 2406 848 2432 ἐκ
859 2407 925 2432 ταύ-

136 2454 188 2481 της
201 2446 434 2483 διαπεμπομέναις
449 2449 599 2482 διαϐολαῖς,
622 2449 717 2486 ὥσπερ
734 2451 788 2477 τισὶ
821 2451 925 2486 βέλεσιν

137 2491 363 2528 ἀκοντιζομένοις.
389 2494 421 2520 Ἦ
451 2494 557 2530 δἀὑτὴ
586 2495 641 2521 τῶν
665 2495 792 2522 τοιούτων
820 2496 925 2530 γλῶττα

137 2538 277 2574 μαχαίρας
292 2538 422 2574 ὀξυτάτης
433 2541 508 2567 οὐδὲν
521 2540 553 2567 ἂν
567 2540 692 2576 διαφέροι
706 2541 860 2578 κεντούσης,
879 2544 925 2569 καὶ

135 2582 172 2609 τὰ
186 2583 253 2619 πρὸς
267 2583 380 2612 Θάνατον
396 2586 567 2622 ἐνεργούσης.
589 2586 658 2613 Ἀλλ’
675 2588 699 2613 οἱ
718 2587 766 2622 μὲν
789 2587 925 2624 ἀνορώπι-

137 2638 179 2657 νοι
193 2629 300 2663 λέοντες
311 2632 357 2658 καὶ
368 2632 554 2668 ὠνομασμένοι
569 2633 682 2668 σκύμνοι
703 2633 827 2661 τοιοῦτοι.
854 2634 923 2668 Ἐγὼ

136 2675 267 2704 δὲαύτῶν
289 2677 412 2714 διέφερον
439 2678 486 2714 τὴν
511 2679 665 2715 ἐπιϐουλὴν,
691 2680 734 2706 διὰ
759 2680 803 2706 τὸν
831 2681 862 2707 ἐκ
876 2680 923 2707 τοῦ

975 2321 1040 2340 vero
1055 2313 1112 2347 ipsa
1125 2321 1218 2339 eorum
1235 2312 1336 2346 lingua,
1352 2318 1366 2337 a
1383 2310 1473 2345 gladio
1489 2312 1568 2335 acuto
1584 2312 1610 2334 et
1626 2310 1761 2342 pungento

976 2359 1130 2393 caulemque
1145 2361 1328 2394 perpetrante,
1344 2357 1411 2384 nihil
1429 2355 1544 2383 dillcrat.
1565 2354 1636 2382 Sane
1651 2352 1760 2387 quidem

977 2404 1045 2431 tales
1060 2407 1124 2431 sunt
1140 2403 1251 2430 humani
1270 2403 1372 2431 leones.
1394 2405 1420 2427 et
1439 2399 1581 2426 memorati
1603 2398 1685 2424 catuli
1702 2397 1760 2424 leo-

977 2458 1052 2476 num.
1071 2448 1125 2484 Ego
1141 2456 1205 2476 vero
1218 2455 1312 2475 eorutn
1330 2446 1443 2474 insidias
1458 2444 1591 2472 declinavi
1610 2442 1760 2470 Salvatoris

977 2503 992 2522 a
1006 2495 1061 2523 Deo
1077 2494 1153 2521 missi
1174 2501 1267 2529 opera,
1292 2493 1338 2528 qui
1364 2492 1464 2526 eripuit
1481 2491 1598 2518 animam
1623 2498 1710 2517 meam
1727 2490 1761 2518 de

977 2541 1066 2568 medio
1081 2540 1232 2567 catulorum
1252 2540 1370 2566 leonum.
1387 2538 1428 2565 An
1443 2538 1500 2564 haec
1518 2536 1551 2563 de
1568 2535 1649 2563 Saule
1663 2536 1760 2564 dican-

976 2592 1030 2618 tur,
1056 2586 1113 2614 sive
1129 2586 1161 2612 de
1174 2585 1207 2612 iis
1228 2585 1274 2619 qui
1299 2584 1426 2611 Davidem
1442 2583 1512 2618 apud
1533 2582 1641 2609 Satllem
1657 2582 1760 2608 calum-

974 2632 1040 2660 niati
1066 2635 1150 2663 sunt,
1180 2631 1237 2658 sive
1261 2630 1295 2657 de
1324 2629 1479 2664 allophylis-
1503 2627 1632 2659 Gclhzeis,
1657 2635 1704 2654 seu
1727 2626 1763 2654 de

976 2676 1160 2705 iuvisibilibus
1178 2676 1296 2703 inimicis
1310 2685 1316 2708 ;
1330 2680 1356 2701 tu
1374 2676 1432 2709 ipse
1447 2673 1599 2709 perpendas
1615 2673 1706 2700 velim.

137 2722 207 2749 Θεοῦ
217 2724 418 2760 ἀπεσταλμένον
432 2735 477 2761 μοι
504 2727 628 2762 Σωτῆρα,
644 2728 689 2753 τὸν
705 2728 853 2762 ῥυσάμενον
870 2728 918 2763 τὴν
937 2727 1025 2762 ψυχήν
1039 2733 1088 2760 μου
1101 2725 1132 2751 ἐκ
1147 2724 1228 2759 μέσου
1243 2723 1378 2758 σκύμνων.
1393 2722 1455 2749 Εἴτε
1466 2722 1493 2748 δὲ
1519 2721 1605 2748 ταῦτα
1620 2720 1683 2756 περὶ
1714 2719 1758 2745 τοῦ

102 2763 110 2768 ’
137 2768 226 2794 Σαοὺλ
239 2769 357 2804 ἐλέγετο,
373 2771 427 2798 εἴτε
437 2772 502 2807 περὶ
517 2772 569 2798 τῶν
595 2772 790 2799 διαϐαλλόντων
816 2773 860 2799 τὸν
869 2772 949 2799 Auxit/3
968 2770 1043 2807 παρὰ
1063 2771 1108 2798 τὸν
1135 2770 1229 2802 Σαοὺλ,
1261 2770 1315 2796 εἴτε
1343 2769 1413 2805 περὶ
1435 2768 1488 2795 τῶν
1513 2769 1541 2794 ὲν
1565 2767 1614 2793 ι’ὲθ
1643 2764 1759 2800 ἀλλοφύ-

137 2816 202 2849 λων,
216 2817 271 2843 εἴτε
295 2818 360 2853 περὶ
388 2817 511 2852 ἀοράτων
536 2818 649 2854 ἐχθρῶν,
681 2819 728 2845 καὶ
756 2819 837 2850 αὐτὸς
868 2819 1034 2853 ἐπιστήσεις.

175 2889 214 2925 (1)
228 2889 423 2925 ῨἛνδιάθετος
429 2889 528 2925 ἶλόγος,
545 2889 652 2917 insitum
662 2888 775 2922 verbum,
785 2888 884 2917 dicitur
899 2889 926 2918 ad

980 2888 1129 2917 tl‘crenliam
1143 2888 1189 2915 τοῦ
1203 2887 1378 2924 προφορικοῦ,
1394 2887 1501 2923 prolati.
1512 2886 1614 2914 llorum
1630 2884 1757 2920 frequens

140 2926 212 2961 apud
226 2924 320 2956 Patres
333 2933 409 2954 usus.
427 2924 506 2953 Eutr.
