2064 3212
121 190 174 219 513

687 185 939 215 conum-ram».
958 186 991 214 IN
1011 185 1181 214 psawos.
1251 172 1296 213 9ο

1699 190 1751 217 5H

123 247 311 284 ιῙαράκλητον,
335 247 365 273 τὺ
391 246 568 282 προφητικὸν,
592 246 699 282 ἕτοιμον
724 244 793 273 εἶναι
818 246 911 273 ἑαυτὸν

967 245 1026 280 pice
1045 253 1093 272 cor
1107 245 1249 280 Scriptura
1266 245 1334 274 solet
1346 247 1482 281 appellare
1496 256 1502 274 ε
1518 247 1590 282 quod
1606 247 1649 275 his
1665 249 1752 284 signi-

122 293 234 329 φάσκων
250 293 290 324 εἰς
303 291 434 328 ὑποδοχὴν
445 290 537 318 αὐτοῦ·
557 290 725 326 κεκαθάρθαι
740 291 794 327 γὰρ
806 291 852 317 τὸν
881 290 910 317 ἐν

120 339 194 375 αὐτῷ
205 339 269 366 ναδν
283 339 331 366 καὶ
355 338 386 365 τὸ
401 338 504 374 δοχεῖον
527 337 576 373 τῆς
597 337 680 364 αὐτοῦ
695 337 794 372 ψυχῆςο
810 336 910 372 δηλαδὴ

119 387 167 422 τὴν
180 384 265 421 αὐτὴν
277 384 407 416 διάνοιαν,
422 385 455 420 ἣν
465 383 601 420 τροπικῶς
614 383 727 420 καρδίαν
748 382 841 410 ετωθεν
854 382 911 409 ὀνο-

119 430 216 467 μάζειν
243 432 258 458 ό
288 430 376 466 λόγος’
399 430 413 457 ὂ
435 430 468 466 δὴ
494 430 641 466 παρίστησι
667 430 762 463 λέγων·
792 428 910 463 Ἐτοίμη

119 480 136 513 ἡ
151 478 261 513 καρδία
283 487 353 512 μου,
372 479 388 504 ὀ
408 477 490 510 Θεὸς,
507 477 610 512 ἑτοίμη
625 477 643 511 ή
657 475 764 510 καρδία
783 484 853 511 μου.
877 475 911 502 Ἦ

118 526 168 561 μὲν
196 523 244 552 οὖν
268 524 322 560 ὲμὴ
351 524 451 560 καρδία
479 524 525 550 καὶ
554 523 584 549 τὸ
609 523 777 558 διανοητικὺν
802 523 910 557 ἕτοιμον

116 571 258 606 τυγχάνει,
282 570 359 606 φησί.
392 570 428 596 Σὺ
454 570 482 596 δὲ
504 569 595 596 λοιπὸν
619 568 782 604 χατάπεμπέ
808 577 854 595 σου
881 568 911 594 τὺ

118 617 241 652 Πνεῦμα.
274 616 449 647 Ἑπιστάντος
471 616 525 651 γὰρ
541 615 622 642 αὐτοῦ
650 615 696 642 καὶ
728 614 910 650 ἑποχουμένου

116 665 151 700 τῇ
169 664 222 700 ὲμῇ
233 663 318 699 ψυχῇ,
335 662 459 698 συνήθως
469 662 578 696 ᾄσομαι
591 662 639 688 καὶ
652 661 751 696 ψαλῶ,
767 661 815 696 τὴν
826 662 911 696 ἐμαυ-

117 709 166 737 τοῦ
175 709 312 736 διακονίαν
323 709 370 735 καὶ
391 708 540 744 ὑπηρεσίαν
554 708 679 743 παρέχων
692 708 726 742 τῇ
737 706 849 741 δυνάμει
863 706 910 732 τοῦ

117 753 288 791 προφητικοῦ
302 753 532 789 Πνεύματος.Καὶ
548 753 624 780 ταῦτ’
633 752 727 784 εἰπὼν,
740 751 911 787 παραχρῆμά

118 808 148 827 τι
180 800 366 831 εἰσακουσθεὶς
394 799 464 826 κατὰ
488 799 535 832 τὺ,
563 799 628 826 Ἔτι
651 798 821 831 λαλοῦντός
853 806 910 825 σου

116 845 183 881 ἐρῶ·
209 845 279 873 Ἰδοὺ
294 845 423 881 πάρειμι,
436 845 583 881 συνήσθετο
605 845 654 880 τῆς
674 844 721 871 τοῦ
734 845 811 878 ἁγίου
827 844 912 870 Ilvati-

120 899 206 927 ματος
220 891 380 926 παρουσίας.
399 888 455 916 Εἶθ’
481 890 574 925 ὥσπερ
595 889 641 916 ἐπὶ
667 888 763 925 θύραις
783 888 909 919 ἑστῶτος,

964 292 1037 326 ticat,
1054 291 1183 319 Paratum
1197 301 1243 319 cor
1255 301 1352 324 meum,
1364 293 1443 325 Deus,
1459 300 1585 328 paratum
1596 303 1642 322 cor
1654 303 1751 323 meum.

964 338 1018 366 Cor
1050 338 1132 374 igitur
1154 347 1255 371 meum,
1273 347 1304 366 ac
1329 339 1371 366 vis
1397 340 1564 375 intelligendi
1585 346 1678 376 parata
1698 347 1751 370 est.

964 384 1005 412 Tu
1025 393 1091 412 vero
1117 385 1226 412 tandem
1251 386 1345 413 emitte
1364 385 1496 420 Spiritum
1525 390 1612 414 tuum.
1636 386 1751 416 Astante

964 431 1065 466 quippe
1082 431 1138 464 illo,
1148 437 1175 459 et
1191 431 1289 459 anima:
1303 440 1370 460 mea:
1386 433 1532 464 insidente,
1551 441 1601 467 pro
1618 439 1752 461 consueto

964 487 1040 506 more
1051 479 1163 506 cantabo
1179 484 1203 506 et
1223 479 1355 514 psalmum
1370 480 1470 511 dicam,
1482 488 1615 514 opemque
1627 488 1713 508 meam
1725 484 1752 507 et

964 525 1147 552 ministerium
1176 526 1271 552 virtuti
1297 526 1450 561 prophetici
1470 526 1583 561 spiritus
1607 527 1750 560 praestabo.

965 571 1068 606 [lisque
1084 572 1177 602 dictis.
1199 574 1291 600 statim
1316 573 1473 604 exauditus,
1499 573 1649 600 secundum
1673 572 1750 604 illud,

964 618 1056 645 Adhuc
1075 623 1099 645 te
1119 618 1249 653 loquente,
1262 618 1373 645 dicam:
1389 618 1457 645 Ecce
1477 617 1612 648 adsum”,
1633 616 1753 652 Spiritus

964 664 1053 690 sancti
1069 665 1241 698 praesentiam
1259 664 1462 690 animadvertit.
1478 662 1581 690 Deinde
1597 663 1674 698 quasi
1694 663 1753 697 ipso

965 710 991 737 in
1004 711 1098 744 januis
1115 714 1216 742 stante,
1233 710 1404 737 convertitur
1421 709 1568 744 Propheta,
1583 717 1700 743 seseque
1717 708 1752 736 ad

964 756 1149 784 ministerium
1167 756 1315 791 prophetiae
1330 756 1431 782 excitat
1448 765 1454 782 :
1472 763 1558 790 quare
1583 754 1726 789 subjungit
1743 763 1751 782 :

969 800 1096 836 Exsurge,
1119 802 1205 837 gloria
1228 809 1296 828 utea.
1314 800 1406 828 Gloria
1432 808 1490 827 mea
1514 805 1556 827 est
1578 800 1751 836 prophetare.

964 847 1046 875 Addit
1062 852 1167 883 postea,
1186 847 1316 882 Exsurge,
1332 847 1487 882 psalterium
1503 853 1525 874 et
1539 847 1643 874 cit/rara
1654 856 1663 874 :
1677 847 1752 882 psal-

964 894 1035 920 terio
1068 894 1199 925 animant,
1221 894 1326 920 cithara
1354 900 1454 927 corpus
1483 892 1753 925 subindicans;sive

118 938 313 974 ὶπιστρέφεται
329 938 343 964 ὁ
359 937 516 973 Προφήτης,
525 936 571 962 καὶ
580 935 706 971 διεγείρει
721 935 802 966 αὐτὸς
815 934 910 961 ἑαυτὸν

965 939 1023 966 haec
1040 939 1097 974 ipsa
1109 939 1190 966 solita
1203 939 1385 966 instrumenta
1405 938 1532 965 manibus
1554 939 1700 974 arripiens.
1717 938 1752 966 ad

116 983 166 1011 επὶ
190 983 240 1019 τὴν
267 983 405 1010 διακονίαν
427 983 476 1017 τῆς
504 981 681 1017 προφητείας·
706 981 746 1008 διὸ
775 980 911 1016 ἐπιφέρειο

124 1029 322 1064 Ἐξεγέρθητι,
338 1029 357 1063 ’ὴ
368 1028 522 1066 δόξαμου.
539 1027 606 1059 Δόξα
623 1035 672 1063 μου
688 1027 745 1053 ἐστὶ
762 1026 792 1053 τδ
806 1035 913 1062 προφη-

117 1076 220 1104 τιύειν.
236 1073 293 1102 Εἶτ’
305 1075 436 1109 ἐπιλέγει·
457 1074 650 1108 Ἐξετέρθητι,
674 1072 843 1107 ψαλτήριον
863 1072 912 1099 καί

117 1122 235 1157 κιθάρα·
254 1123 304 1158 τὴν
321 1122 370 1157 μὲν
384 1121 473 1157 ψυχὴν
489 1121 534 1147 διὰ
559 1120 606 1147 τοῦ
633 1119 794 1156 ψαλτηρίου,
809 1119 858 1154 τὴν
884 1119 912 1145 δὲ

117 1169 236 1205 κιθάραν
249 1168 306 1196 διά’
320 1167 367 1194 τοῦ
383 1167 509 1203 σώματος
534 1166 728 1201 αἰνιττόμενος
747 1165 764 1201 ἢ
779 1165 825 1192 καὶ
844 1164 914 1191 αὐτὰ

117 1216 152 1243 τὰ
170 1215 273 1251 συνήθη
286 1214 389 1251 δργανα
404 1215 464 1245 ταῖς
478 1213 572 1249 χερσὶν
588 1211 798 1248 ἀναλαμϐάνων,
813 1212 859 1238 ἐπὶ
874 1210 913 1246 τῷ

117 1260 339 1298 ἀνακρούσασθαι
349 1259 383 1286 τὰ
396 1259 448 1286 ὑπὸ
462 1258 509 1285 τοῦ
524 1258 681 1294 Πνεύματος
697 1257 912 1298 ὑποϐαλλόμενα.

116 1307 174 1335 Καὶ
185 1296 292 1339 τούτοις
308 1305 470 1342 προστίθησι
481 1305 578 1339 λέγων·
601 1304 846 1339 Ἐξετερθήσομαι
866 1296 914 1338 ὄρ-

113 1357 201 1389 νορου.
218 1354 299 1390 ’Δρτι
314 1353 368 1389 γὰρ
394 1352 539 1387 φωτισθεὶς
554 1351 598 1378 διὰ
618 1351 668 1387 τῆς
682 1351 730 1378 τοῦ
754 1350 913 1386 Πνεύματος

118 1400 283 1436 παρουσίας.
311 1401 340 1426 ὲν
362 1399 453 1434 ἡμέρᾳ
481 1407 510 1425 τε
537 1398 610 1425 θείου
637 1398 725 1432 φωτὸς
757 1397 912 1432 γενόμενος,

119 1447 228 1482 ἕτοιμός
242 1447 300 1481 ειμι
312 1445 504 1482 προφητεύειν.
521 1445 576 1471 Καὶ
588 1444 663 1471 ταῦτ’
677 1443 773 1476 είπὼν,
785 1442 913 1477 ἀνατίθη-

120 1502 162 1520 σιν
175 1493 236 1519 ὅλον
249 1492 346 1519 ἑαυτὸν
362 1492 400 1528 τῷ
423 1491 571 1526 Πνεὺματι·
594 1491 625 1517 τὸ
641 1490 668 1517 δὲ
688 1490 725 1522 ὡς
752 1489 785 1516 δι’
796 1489 911 1525 ὀργάνου

119 1539 164 1566 διὰ
179 1538 227 1567 τοῦ
241 1539 382 1575 προφήτου
408 1537 518 1572 ἀγαθῶν
543 1537 720 1571 ἀπαγγέλλει,
748 1535 800 1562 ἀνὰ
830 1536 912 1561 πᾶσιν

119 1584 326 1620 εὐαγγελίζεται
347 1585 402 1616 τοῖς
429 1583 518 1611 ἔθνεσι
537 1583 652 1617 φάσκονο
675 1579 912 1615 Ἑξομολογήσο-

117 1632 172 1667 μοι
183 1639 235 1659 σοι
252 1631 288 1658 ἐν
308 1631 405 1664 λαοῖς,
432 1631 530 1664 Κύριε,
552 1629 640 1664 ψαλῶ
668 1637 716 1655 σοι
730 1628 765 1654 ἐν
779 1627 909 1654 ἔθνεσιν.

127 1677 237 1713 Ἐπειδὴ
250 1676 305 1712 γὰρ
323 1676 371 1702 ἐπὶ
400 1675 446 1702 τοῦ
476 1674 610 1712 παρόντος
631 1674 660 1700 τὸ
690 1673 822 1700 Ἰουδαίων
837 1672 912 1704 ἔθνος

120 1724 167 1751 καὶ
180 1723 199 1750 -ό
214 1722 317 1750 τούτων
344 1722 407 1754 λαὸς
417 1722 480 1753 τοὺς
493 1721 556 1752 σοὺς
569 1720 674 1747 ἐλαύνει
692 1720 844 1755 προφήτας,
875 1718 912 1750 ὡς

122 1769 237 1805 μηδενὸς
249 1769 333 1796 τόπου
359 1768 532 1804 παραχωρεῖν
555 1767 654 1798 αὐτοῖς·
672 1766 747 1792 ἔσται
769 1765 797 1791 δὲ
818 1764 913 1800 καιρὸς

121 1815 182 1843 καθ’
196 1815 226 1842 ὃν
242 1815 332 1842 πάντα
346 1814 379 1841 τὰ
393 1814 439 1840 ὲπ).
456 1815 508 1849 γῆς
523 1813 586 1849 ἔθνη
600 1813 647 1839 καὶ
664 1813 764 1843 πάντες
776 1812 800 1837 οἱ
822 1812 850 1838 ὲν
866 1811 913 1837 ἀν-

121 1860 242 1898 θρώποις
257 1861 316 1888 λαοὶ
331 1860 378 1887 τοῦ
397 1859 443 1887 σοῦ
468 1859 542 1885 ἐλέου
572 1858 739 1894 μεθέξουσιν,
758 1857 795 1889 ὡς
809 1857 858 1892 ἐμὲ
883 1857 913 1883 τὸ

121 1907 291 1945 προφητικὸν
304 1906 417 1941 Πνεῦμα
429 1905 534 1936 πάντας
544 1904 648 1940 ἀθρόως
669 1903 749 1935 λαοὺς
770 1903 912 1938 πληρῶσαι

120 1953 212 1991 καιρῷ
226 1953 265 1990 τῷ
292 1952 489 1988 θεσπιζομὲνῳ,
519 1952 664 1987 γενόμενον
689 1953 718 1978 ὲν
746 1951 848 1982 αὐτοῖς,
867 1950 912 1976 καὶ

121 1998 373 2037 ἐξομολογήσασθαι
389 2007 430 2026 σοι
440 1999 486 2025 καὶ
494 1997 699 2034 εὐχαριστῆσαι,
721 1997 766 2024 ὅτε
778 1997 825 2023 καὶ
835 1995 912 2031 ψαλῶ

121 2054 175 2078 σοι,
191 2045 243 2072 οὐκ
256 2046 286 2073 ἐν
301 2044 341 2080 τῷ
359 2044 494 2072 Ἰουδαίων
508 2043 575 2079 λαῷ,
588 2043 644 2070 ἀλλ’
657 2044 686 2069 ὲν
700 2043 767 2069 πᾶσι
782 2043 836 2073 τοῖς
851 2041 911 2068 καθ’

120 2092 186 2128 ὅλης
213 2092 262 2128 τῆς
285 2091 447 2127 οἰκουμένης
480 2090 584 2117 ἔθνεσι·
615 2089 709 2115 τούτου
738 2089 817 2124 χάριν
830 2087 911 2123 φημί·

127 2137 399 2174 Ἐξομολογήσομιιί
421 2145 470 2164 σοι
490 2137 525 2163 ἐν
538 2135 633 2169 λαοῖς,
651 2136 747 2170 Κύριε,
765 2134 853 2169 ψαλῶ
865 2142 914 2161 σοι

120 2185 156 2212 ἐν
170 2185 285 2214 ἔθνεσι.
302 2185 339 2211 Τὸ
352 2184 380 2211 δὲ
393 2183 490 2210 τούτου
502 2184 599 2214 αἴτιον,
615 2182 686 2217 λέγω
716 2181 745 2208 δὲ
757 2182 787 2208 τὸ
805 2182 833 2207 ὲν
845 2181 912 2207 πᾶσι

121 2231 179 2262 τοῖς
195 2229 258 2268 καθ’
272 2229 336 2266 ὅλης
347 2229 397 2265 τῆς
409 2228 570 2264 οίκουμένης
594 2227 668 2258 λαοῖς
691 2225 738 2253 καὶ
756 2226 832 2261 παρὰ
846 2226 913 2251 πᾶσι

964 992 996 1012 ea
1007 984 1140 1019 pulsanda
1157 992 1218 1020 qua:
1235 983 1353 1019 Spiritus
1377 985 1553 1019 suggesserit.
1576 984 1624 1012 llis
1646 984 1750 1019 adjicit,

965 1030 1116 1066 Exsurgam
1128 1031 1256 1058 diluculo.
1276 1030 1355 1057 Modo
1367 1030 1439 1057 enim
1466 1029 1585 1065 Spiritus
1607 1031 1752 1066 przescntia

964 1076 1145 1107 illuminatits,
1159 1081 1186 1104 et
1201 1076 1228 1103 in
1241 1075 1285 1103 die
1306 1074 1406 1102 divinae
1418 1075 1488 1102 lueis
1504 1075 1621 1109 positus,
1639 1078 1751 1109 paratus

963 1130 1023 1149 sum
1040 1123 1072 1150 ad
1102 1122 1332 1158 prophetandum.
1351 1121 1453 1156 Hisque
1467 1120 1559 1154 dictis,
1588 1128 1649 1148 sese
1663 1124 1751 1147 totum

965 1166 1077 1202 Spiritui
1092 1167 1192 1195 addicit
1213 1176 1219 1194 :
1239 1167 1284 1194 ille
1300 1175 1364 1194 vero
1378 1174 1425 1201 per
1447 1165 1611 1200 Prophetam
1634 1173 1684 1192 ceu
1704 1172 1752 1200 per

963 1213 1190 1244 instrumentum,
1209 1213 1280 1240 bona
1294 1212 1449 1242 annuntiat,
1464 1211 1649 1246 omnibusque
1667 1210 1753 1245 genti-

964 1259 1015 1286 bus
1031 1260 1200 1295 evangelizat
1217 1259 1313 1286 dicens
1331 1268 1337 1285 :
1353 1251 1505 1292 Confitebor
1523 1257 1572 1284 tibi
1592 1258 1619 1284 in
1636 1257 1752 1291 populis,

963 1304 1084 1336 Domine,
1100 1305 1215 1339 psallam
1228 1304 1275 1330 tibi
1289 1304 1316 1330 in
1329 1302 1460 1338 gentibus.
1476 1302 1545 1335 Quia
1561 1303 1633 1329 enim
1647 1303 1674 1329 in
1684 1310 1754 1337 pra:-

963 1351 1034 1379 senti
1050 1350 1164 1377 Iudaica
1179 1358 1246 1386 gens
1261 1354 1287 1377 et
1299 1349 1416 1385 populus
1431 1348 1578 1383 prophetas
1592 1349 1666 1383 pellit
1677 1351 1751 1379 tuos,

963 1401 993 1423 ut
1026 1397 1118 1424 nullus
1144 1396 1178 1423 iis
1202 1396 1278 1423 locus
1301 1395 1417 1431 perfugii
1444 1395 1752 1429 relinquatul';eritque

964 1447 1069 1477 tempus
1084 1450 1139 1478 quo
1155 1450 1251 1470 omnes
1266 1443 1401 1470 universa:
1411 1445 1490 1469 terra:
1504 1445 1599 1476 gentes
1612 1445 1639 1468 Cl
1655 1448 1752 1468 omnes

963 1490 990 1516 in
1015 1489 1172 1516 hominibus
1187 1488 1291 1524 populi.
1307 1488 1502 1515 misericordiae
1526 1491 1579 1514 tuo:
1604 1487 1753 1521 participes

962 1539 1054 1567 erunt,
1072 1535 1109 1562 ita
1126 1539 1155 1562 ut
1168 1543 1219 1570 ego
1234 1534 1410 1570 propheticus
1434 1534 1548 1568 spiritus
1571 1536 1752 1568 praanuntiato

964 1584 1085 1617 tempore
1098 1589 1194 1609 omnes
1211 1588 1264 1608 una
1276 1581 1392 1616 populos
1408 1579 1503 1607 adiens
1520 1579 1651 1614 repleam,
1665 1578 1753 1606 conli-

964 1631 1077 1662 tcarque
1092 1635 1124 1654 ac
1141 1627 1244 1662 gratias
1260 1634 1337 1661 agam
1355 1626 1415 1657 tibi,
1431 1626 1542 1661 quando
1559 1625 1673 1660 psallam
1691 1624 1752 1656 tibi,

963 1681 1018 1700 non
1030 1674 1057 1700 in
1070 1673 1170 1708 populo
1181 1672 1309 1705 Judaico,
1329 1672 1375 1699 sed
1391 1672 1417 1699 in
1433 1671 1562 1699 omnibus
1578 1679 1625 1706 per
1641 1671 1753 1698 univer-

964 1728 1024 1748 sum
1043 1720 1138 1747 orbem
1161 1719 1306 1755 gentibus;
1320 1718 1381 1746 ideo
1393 1718 1467 1750 dico,
1492 1717 1643 1752 Conﬁtebor
1657 1717 1704 1744 tibi
1724 1718 1754 1744 in

963 1766 1078 1801 populis,
1096 1765 1216 1798 Domine,
1231 1765 1347 1799 psallam
1360 1764 1408 1791 tibi
1425 1765 1451 1791 in
1469 1764 1599 1800 gentibus.
1611 1763 1754 1799 Hujusque

964 1813 1003 1841 rei
1020 1820 1134 1840 causam
1151 1820 1213 1839 esse
1229 1812 1301 1843 dico,
1319 1810 1391 1846 quod
1420 1811 1446 1838 in
1464 1811 1591 1838 omnibus
1602 1818 1650 1845 per
1659 1811 1753 1838 orbem

963 1858 1073 1893 populis
1089 1862 1115 1885 et
1133 1857 1204 1892 apud
1223 1864 1319 1884 omnes
1334 1860 1431 1891 gentes
1448 1856 1626 1890 propheticus
1638 1856 1752 1890 spiritus

963 1909 1098 1932 versetur.
1117 1904 1296 1938 Prophetieos
1318 1906 1409 1930 autem
1427 1903 1492 1929 olim
1509 1902 1630 1936 prolatos
1645 1909 1752 1929 sermo-

963 1960 1013 1979 nes
1036 1959 1119 1986 opere
1145 1949 1321 1984 complendos
1337 1956 1396 1976 esse
1418 1952 1478 1983 post
1495 1949 1617 1975 declarat
1631 1948 1725 1976 dicens
1742 1957 1749 1975 :

964 1998 1096 2032 Quoniam
1116 1997 1286 2031 magniﬁcam
1303 2000 1435 2029 estusque
1447 1995 1481 2021 ad
1502 1995 1579 2022 artos
1600 1995 1751 2023 misericor-

963 2044 1010 2070 dia
1024 2048 1080 2075 tua,
1093 2048 1205 2078 eiusque
1217 2041 1251 2069 ad
1266 2041 1345 2069 nubes
1359 2043 1455 2069 veritas
1469 2046 1524 2068 tua.
1540 2041 1606 2068 Nam
1622 2042 1694 2076 quod
1709 2042 1752 2068 in-

964 2089 1096 2117 credibile
1118 2089 1261 2120 videatur,
1283 2088 1404 2116 caelestia
1430 2087 1619 2115 misericordia
1641 2088 1752 2123 dignata

965 2135 1050 2162 fuisse
1061 2134 1117 2162 dixi
1129 2143 1136 2167 ;
1150 2137 1271 2166 terrena,
1285 2134 1408 2161 veritate.
1426 2133 1483 2161 Etsi
1499 2134 1571 2161 enim
1590 2141 1622 2161 ea
1637 2141 1752 2169 praeser-

965 2182 1025 2213 tim,
1044 2190 1104 2217 qua:
1123 2182 1150 2208 in
1166 2181 1237 2208 ccelo
1248 2184 1323 2212 sunt,
1342 2184 1457 2216 purgata
1471 2179 1627 2212 videantur,
1646 2180 1752 2214 omnia-

965 2236 1018 2263 que
1031 2228 1162 2263 perl'ecta,
1175 2231 1202 2255 et
1215 2226 1248 2254 ad
1268 2227 1379 2254 virtutis
1388 2234 1525 2254 summum
1536 2233 1698 2261 progressa;
1714 2230 1753 2252 at-

122 2278 179 2309 τοῖς
189 2276 294 2304 ἔθνεσιν
310 2274 534 2309 ἐμπολιτεύεσθαι
549 2274 579 2300 τὸ
598 2272 765 2309 προφητικὸν
794 2270 909 2306 πνεῦμα.

966 2278 1056 2300 tamen
1072 2273 1130 2308 ipsa
1148 2281 1196 2308 per
1213 2272 1429 2300 misericordiam
1445 2275 1518 2298 tuam
1538 2272 1584 2297 tali
1607 2273 1634 2302 In
1655 2270 1751 2297 condi-

122 2323 179 2350 Καὶ
191 2322 256 2354 τοὺς
276 2321 360 2349 πάλαι
381 2320 606 2356 ἀναφωνηθέντας
619 2318 805 2354 προφητικοὺς
817 2317 912 2351 λόγους

122 2369 164 2400 είς
173 2367 243 2404 ἔργα
256 2367 391 2403 χωρήσειν
405 2366 468 2399 ἑξῆς
488 2365 614 2399 διασαφεῖ
637 2364 751 2399 φάσκον·
769 2363 833 2388 Ὅτι
847 2362 913 2396 ἐμε-

121 2415 258 2449 ταλύνθη
284 2413 340 2446 ἕως
362 2412 421 2440 τῶν
439 2412 575 2446 οὐρανῶν
601 2410 634 2437 τὸ
663 2409 750 2443 ἔλεός
773 2417 841 2441 σου,
864 2408 911 2435 καὶ

121 2460 180 2494 ἔως
198 2458 258 2487 τῶν
268 2459 406 2494 νεφελῶν
421 2459 441 2494 ἠ
463 2457 588 2491 ἀλήθειά
607 2465 676 2485 σου.
702 2455 739 2482 Τὸ
757 2455 810 2492 γὰρ
824 2454 913 2491 παρά-

120 2505 199 2540 δοξον
231 2505 304 2533 τοῦτ’
326 2504 370 2541 ἦν,
392 2505 433 2532 ὅτι
461 2505 495 2531 τὰ
522 2503 570 2539 μὲν
585 2503 698 2538 οὐράνια
724 2502 816 2533 ἐλέους
842 2501 913 2536 φημὶ

121 2553 275 2587 ἀξιοῦσθαι.
287 2553 322 2580 τὰ
337 2553 364 2579 δὲ
375 2552 483 2586 ἐπίγεια
507 2551 556 2586 τῆς
573 2549 711 2585 ἀληθείας.
730 2549 761 2575 Et
781 2548 835 2584 γὰρ
865 2547 912 2574 καὶ

120 2600 158 2628 τὰ
178 2599 296 2635 μάλιστα
328 2599 401 2626 δοκεῖ
437 2598 472 2625 τὰ
505 2599 534 2624 ἐν
563 2597 686 2632 οὐρανοῖς
719 2594 912 2630 κεκαθαρμένα

120 2645 278 2682 τυγχάνειν,
303 2645 352 2672 καὶ
371 2644 458 2671 πάντα
478 2643 568 2671 τέλεια
586 2643 633 2670 καὶ
654 2643 693 2674 εἰς
714 2642 797 2677 ἄκρον
811 2640 912 2676 ἀρετῆς

121 2692 285 2728 ὲληλακότα·
302 2692 378 2727 ὅμως
389 2691 411 2718 δ’
427 2689 472 2718 οὗν
492 2691 540 2718 καὶ
554 2689 624 2717 αὐτὰ
640 2689 685 2716 διὰ
714 2689 759 2715 τὸν
780 2688 825 2714 σὺν
839 2684 912 2713 ἔλεον

122 2738 236 2766 τοιαῦτα
254 2738 317 2765 ὄντα
345 2737 522 2772 καθέστηκεν.
538 2737 574 2762 Οὺ
599 2735 654 2771 γὰρ
678 2734 708 2767 ἐξ
733 2734 832 2766 αὐτῶν,
851 2732 911 2759 οὐδὲ

122 2786 189 2821 παρ’
208 2783 312 2811 ἑαυτῶν
332 2785 382 2819 τῆς
407 2782 535 2818 τοιαύτης
564 2782 671 2818 μετέχει
699 2781 910 2817 μακαριότητος,

124 2830 192 2857 ἀλολά
207 2829 283 2865 παρά
308 2828 356 2856 σοῦ
370 2829 417 2856 τοῦ
444 2829 552 2857 πάντων
584 2827 693 2862 ἀγαθῶν
723 2826 850 2863 χορηγοῦ.
877 2827 911 2852 Ἢ

159 2921 183 2937 ⁸⁸
202 2921 255 2949 lsa.
275 2928 357 2954 ιγιιι,
375 2920 402 2948 9.

966 2320 1039 2346 tione
1055 2319 1143 2354 posita
1164 2324 1239 2347 sunt.
1252 2318 1344 2354 Neque
1356 2319 1428 2345 enim
1444 2326 1476 2345 ex
1494 2325 1522 2344 se
1541 2321 1568 2345 et
1586 2325 1635 2344 sua
1654 2317 1679 2343 vi
1704 2317 1751 2343 tali

965 2364 1084 2399 gaudent
1099 2363 1238 2397 felicitate,
1253 2364 1298 2392 sed
1309 2364 1358 2391 abs
1369 2367 1394 2390 te
1410 2364 1530 2389 omnium
1543 2362 1674 2388 bonorum
1686 2363 1751 2388 sub-

965 2410 1161 2438 ministratore.
1180 2410 1242 2437 Sive
1258 2410 1310 2437 alio
1328 2409 1418 2441 modo,
1431 2408 1563 2441 Quoniam
1578 2408 1750 2443 magnificam

964 2462 1002 2484 est
1015 2465 1096 2492 usque
1111 2456 1145 2483 ad
1161 2456 1238 2484 caelos
1256 2455 1437 2483 misericordia
1452 2459 1507 2484 tua,
1521 2453 1606 2480 eﬂ‘usa
1620 2453 1647 2480 in
1663 2454 1751 2481 homi-

965 2511 1013 2530 nes
1032 2510 1138 2530 omnes.
1157 2501 1243 2535 Quam
1256 2501 1319 2528 item
1336 2500 1462 2535 superius
1480 2498 1591 2526 missam
1604 2507 1665 2526 esse
1678 2500 1752 2527 dice-

965 2548 1045 2575 batur
1063 2548 1104 2575 his
1119 2548 1219 2578 verbis,
1235 2546 1309 2573 Misit
1325 2546 1393 2572 Deus
1412 2545 1622 2572 misericordiam
1637 2552 1751 2574 suamet

964 2594 1099 2621 raritatem
1117 2601 1203 2619 suam.
1220 2591 1307 2619 Tanta
1321 2591 1394 2618 enim
1422 2591 1449 2617 in
1467 2590 1625 2618 hominibus
1643 2591 1752 2618 miseri-

964 2640 1057 2668 cordia
1075 2639 1120 2666 illa
1136 2639 1219 2666 missa
1238 2637 1334 2669 edidit,
1353 2641 1381 2664 ut
1397 2638 1425 2664 in
1441 2637 1569 2664 omnibus
1580 2637 1688 2672 populis
1701 2645 1751 2672 ego

965 2686 1086 2721 Spiritus
1097 2687 1211 2711 sanctus
1226 2683 1358 2710 contitear
1375 2682 1436 2712 tibi.
1451 2687 1478 2709 et
1499 2682 1524 2708 in
1540 2682 1669 2709 omnibus
1682 2690 1750 2718 gen-

965 2734 1037 2760 tibus
1053 2732 1166 2768 psallam
1182 2731 1230 2758 tibi
1245 2739 1254 2758 :
1267 2730 1340 2758 unde
1353 2730 1453 2757 factum
1471 2733 1500 2756 ut
1513 2730 1687 2764 magniﬁcam
1706 2729 1751 2755 illa

965 2779 1000 2806 sit
1018 2786 1104 2814 usque
1122 2777 1156 2805 ad
1176 2777 1279 2808 caelos;
1292 2775 1355 2810 quia
1372 2783 1458 2810 usque
1471 2774 1504 2802 ad
1518 2774 1603 2801 cmlos
1617 2773 1751 2808 pertraxit

965 2825 1090 2853 homines
1104 2826 1148 2860 qui
1163 2822 1351 2859 proﬁciebant;
1364 2822 1400 2849 ita
1411 2825 1439 2849 ut
1452 2821 1518 2857 ipsis
1531 2820 1606 2856 regni
1618 2819 1750 2846 caelorum
