  <div class='ocr_page' id='page_1' title='image "/cluster/home/n/w/nwhite01/storage/ocr_20150623/23/njp.32101077772505/267.png"; bbox 0 0 2064 3212; ppageno 0'>
   <div class='ocr_carea' id='block_1_1' title="bbox 291 212 344 241">
    <p class='ocr_par' dir='ltr' id='par_1_1' title="bbox 291 212 344 241">
     <span class='ocr_line' id='line_1_1' title="bbox 291 212 344 241; baseline -0.038 0"><span class='ocrx_word' id='word_1_1' title='bbox 291 212 344 241; x_wconf 81' lang='grc'><strong>519</strong></span> 
     </span>
    </p>
   </div>
   <div class='ocr_carea' id='block_1_2' title="bbox 620 189 1562 231">
    <p class='ocr_par' dir='ltr' id='par_1_2' title="bbox 620 189 1562 231">
     <span class='ocr_line' id='line_1_2' title="bbox 620 189 1562 231; baseline -0.015 0"><span class='ocrx_word' id='word_1_2' title='bbox 620 201 754 231; x_wconf 65' lang='lat' dir='ltr'><strong>EL&#39;SEEII</strong></span> <span class='ocrx_word' id='word_1_3' title='bbox 774 195 1016 227; x_wconf 64' lang='lat' dir='ltr'><strong>CzESARTENSlS</strong></span> <span class='ocrx_word' id='word_1_4' title='bbox 1034 194 1108 222; x_wconf 82' lang='lat' dir='ltr'><strong>OPP.</strong></span> <span class='ocrx_word' id='word_1_5' title='bbox 1126 192 1218 221; x_wconf 76' lang='lat' dir='ltr'><strong>PARS</strong></span> <span class='ocrx_word' id='word_1_6' title='bbox 1237 191 1282 219; x_wconf 84' lang='lat' dir='ltr'><strong>Ill.</strong></span> <span class='ocrx_word' id='word_1_7' title='bbox 1304 207 1338 212; x_wconf 89' lang='lat'><em>—</em></span> <span class='ocrx_word' id='word_1_8' title='bbox 1357 189 1562 218; x_wconf 76' lang='lat' dir='ltr'><strong>EXEGETICA.</strong></span> 
     </span>
    </p>
   </div>
   <div class='ocr_carea' id='block_1_3' title="bbox 1867 187 1916 215">
    <p class='ocr_par' dir='ltr' id='par_1_3' title="bbox 1867 187 1916 215">
     <span class='ocr_line' id='line_1_3' title="bbox 1867 187 1916 215; baseline 0 -1"><span class='ocrx_word' id='word_1_9' title='bbox 1867 187 1916 215; x_wconf 72' lang='lat'><strong>520</strong></span> 
     </span>
    </p>
   </div>
   <div class='ocr_carea' id='block_1_4' title="bbox 292 245 1080 299">
    <p class='ocr_par' dir='ltr' id='par_1_4' title="bbox 292 255 1074 299">
     <span class='ocr_line' id='line_1_4' title="bbox 292 255 1074 299; baseline -0.023 -1"><span class='ocrx_word' id='word_1_10' title='bbox 292 272 395 299; x_wconf 78' lang='lat' dir='ltr'><strong>uittam</strong></span> <span class='ocrx_word' id='word_1_11' title='bbox 413 274 507 294; x_wconf 72' lang='lat' dir='ltr'><strong>manus</strong></span> <span class='ocrx_word' id='word_1_12' title='bbox 523 268 615 292; x_wconf 73' lang='lat' dir='ltr'><strong>vestra:</strong></span> <span class='ocrx_word' id='word_1_13' title='bbox 638 261 805 296; x_wconf 81' lang='lat' dir='ltr'><strong>complicant.</strong></span> <span class='ocrx_word' id='word_1_14' title='bbox 831 257 915 285; x_wconf 79' lang='lat' dir='ltr'><strong>Recte</strong></span> <span class='ocrx_word' id='word_1_15' title='bbox 942 263 1008 290; x_wconf 78' lang='lat' dir='ltr'><strong>ergo</strong></span> <span class='ocrx_word' id='word_1_16' title='bbox 1029 255 1074 290; x_wconf 92' lang='lat' dir='ltr'><strong>ju-</strong></span> 
     </span>
    </p>
   </div>
   <div class='ocr_carea' id='block_1_5' title="bbox 1129 245 1918 299">
    <p class='ocr_par' dir='ltr' id='par_1_5' title="bbox 1129 245 1918 287">
     <span class='ocr_line' id='line_1_5' title="bbox 1129 245 1918 287; baseline -0.01 -8"><span class='ocrx_word' id='word_1_17' title='bbox 1129 252 1285 287; x_wconf 71' lang='grc' dir='ltr'>λογίζονται,</span> <span class='ocrx_word' id='word_1_18' title='bbox 1301 250 1434 284; x_wconf 74' lang='grc' dir='ltr'><strong>ἐπιλέγει·</strong></span> <span class='ocrx_word' id='word_1_19' title='bbox 1451 250 1506 277; x_wconf 77' lang='grc' dir='ltr'><strong>Καὶ</strong></span> <span class='ocrx_word' id='word_1_20' title='bbox 1528 248 1583 284; x_wconf 78' lang='grc' dir='ltr'>γὰρ</span> <span class='ocrx_word' id='word_1_21' title='bbox 1605 247 1638 274; x_wconf 68' lang='grc' dir='ltr'><strong>ἐν</strong></span> <span class='ocrx_word' id='word_1_22' title='bbox 1659 245 1765 281; x_wconf 73' lang='grc' dir='ltr'>καρδίᾳ</span> <span class='ocrx_word' id='word_1_23' title='bbox 1791 245 1918 279; x_wconf 76' lang='grc' dir='ltr'><strong>ἀνομίας</strong></span> 
     </span>
    </p>
   </div>
   <div class='ocr_carea' id='block_1_6' title="bbox 291 305 1077 346">
    <p class='ocr_par' dir='ltr' id='par_1_6' title="bbox 291 305 1077 346">
     <span class='ocr_line' id='line_1_6' title="bbox 291 305 1077 346; baseline -0.022 -3"><span class='ocrx_word' id='word_1_24' title='bbox 291 317 398 346; x_wconf 77' lang='lat' dir='ltr'><strong>dicate,</strong></span> <span class='ocrx_word' id='word_1_25' title='bbox 416 312 465 339; x_wconf 85' lang='lat' dir='ltr'><strong>ﬁlii</strong></span> <span class='ocrx_word' id='word_1_26' title='bbox 480 310 634 339; x_wconf 84' lang='lat' dir='ltr'><strong>hominum,</strong></span> <span class='ocrx_word' id='word_1_27' title='bbox 658 311 684 334; x_wconf 88' lang='lat' dir='ltr'><strong>et</strong></span> <span class='ocrx_word' id='word_1_28' title='bbox 706 305 847 332; x_wconf 86' lang='lat' dir='ltr'><strong>vobiscum</strong></span> <span class='ocrx_word' id='word_1_29' title='bbox 863 305 998 337; x_wconf 86' lang='lat' dir='ltr'><strong>reputate,</strong></span> <span class='ocrx_word' id='word_1_30' title='bbox 1012 307 1077 327; x_wconf 91' lang='lat' dir='ltr'><strong>num</strong></span> 
     </span>
    </p>
   </div>
   <div class='ocr_carea' id='block_1_7' title="bbox 291 345 1073 390">
    <p class='ocr_par' dir='ltr' id='par_1_7' title="bbox 291 345 1073 390">
     <span class='ocr_line' id='line_1_7' title="bbox 291 345 1073 390; baseline -0.023 0"><span class='ocrx_word' id='word_1_31' title='bbox 291 367 433 390; x_wconf 81' lang='lat' dir='ltr'><strong>sermones</strong></span> <span class='ocrx_word' id='word_1_32' title='bbox 458 357 541 385; x_wconf 91' lang='lat' dir='ltr'><strong>vestri</strong></span> <span class='ocrx_word' id='word_1_33' title='bbox 564 363 625 383; x_wconf 88' lang='lat' dir='ltr'><strong>cum</strong></span> <span class='ocrx_word' id='word_1_34' title='bbox 649 352 778 388; x_wconf 80' lang='lat' dir='ltr'><strong>operibus</strong></span> <span class='ocrx_word' id='word_1_35' title='bbox 802 351 965 376; x_wconf 87' lang='lat' dir='ltr'><strong>consonent.</strong></span> <span class='ocrx_word' id='word_1_36' title='bbox 1003 345 1073 373; x_wconf 84' lang='lat' dir='ltr'><strong>Nam</strong></span> 
     </span>
    </p>
   </div>
   <div class='ocr_carea' id='block_1_8' title="bbox 291 392 1076 442">
    <p class='ocr_par' dir='ltr' id='par_1_8' title="bbox 291 392 1076 442">
     <span class='ocr_line' id='line_1_8' title="bbox 291 392 1076 442; baseline -0.024 -6"><span class='ocrx_word' id='word_1_37' title='bbox 291 410 313 436; x_wconf 87' lang='lat' dir='ltr'><strong>si</strong></span> <span class='ocrx_word' id='word_1_38' title='bbox 331 406 465 442; x_wconf 87' lang='lat' dir='ltr'><strong>justitiam</strong></span> <span class='ocrx_word' id='word_1_39' title='bbox 485 401 638 437; x_wconf 83' lang='lat' dir='ltr'><strong>loquimini,</strong></span> <span class='ocrx_word' id='word_1_40' title='bbox 656 407 706 426; x_wconf 73' lang='lat' dir='ltr'><strong>cur</strong></span> <span class='ocrx_word' id='word_1_41' title='bbox 727 405 824 426; x_wconf 83' lang='lat' dir='ltr'><strong>manus</strong></span> <span class='ocrx_word' id='word_1_42' title='bbox 844 399 943 423; x_wconf 65' lang='lat' dir='ltr'><strong>vestrae</strong></span> <span class='ocrx_word' id='word_1_43' title='bbox 966 392 1076 427; x_wconf 90' lang='lat' dir='ltr'><strong>injusti-</strong></span> 
     </span>
    </p>
   </div>
   <div class='ocr_carea' id='block_1_9' title="bbox 291 437 1078 485">
    <p class='ocr_par' dir='ltr' id='par_1_9' title="bbox 291 437 1078 485">
     <span class='ocr_line' id='line_1_9' title="bbox 291 437 1078 485; baseline -0.023 -4"><span class='ocrx_word' id='word_1_44' title='bbox 291 454 357 481; x_wconf 85' lang='lat' dir='ltr'><strong>tiam</strong></span> <span class='ocrx_word' id='word_1_45' title='bbox 373 449 556 485; x_wconf 82' lang='lat' dir='ltr'><strong>complicant?</strong></span> <span class='ocrx_word' id='word_1_46' title='bbox 583 447 619 473; x_wconf 80' lang='lat' dir='ltr'><strong>Ex</strong></span> <span class='ocrx_word' id='word_1_47' title='bbox 643 453 697 480; x_wconf 89' lang='lat' dir='ltr'><strong>quo</strong></span> <span class='ocrx_word' id='word_1_48' title='bbox 711 451 777 471; x_wconf 81' lang='lat' dir='ltr'><strong>sane</strong></span> <span class='ocrx_word' id='word_1_49' title='bbox 788 443 876 478; x_wconf 83' lang='lat' dir='ltr'><strong>palam</strong></span> <span class='ocrx_word' id='word_1_50' title='bbox 900 445 942 468; x_wconf 87' lang='lat' dir='ltr'><strong>est</strong></span> <span class='ocrx_word' id='word_1_51' title='bbox 958 446 1007 466; x_wconf 86' lang='lat' dir='ltr'><strong>vos</strong></span> <span class='ocrx_word' id='word_1_52' title='bbox 1025 437 1078 465; x_wconf 89' lang='lat' dir='ltr'><strong>ini-</strong></span> 
     </span>
    </p>
   </div>
   <div class='ocr_carea' id='block_1_10' title="bbox 291 485 1076 536">
    <p class='ocr_par' dir='ltr' id='par_1_10' title="bbox 291 485 1076 536">
     <span class='ocr_line' id='line_1_10' title="bbox 291 485 1076 536; baseline -0.022 -9"><span class='ocrx_word' id='word_1_53' title='bbox 291 501 410 536; x_wconf 83' lang='lat' dir='ltr'><strong>quitates</strong></span> <span class='ocrx_word' id='word_1_54' title='bbox 433 498 459 523; x_wconf 91' lang='lat' dir='ltr'><strong>in</strong></span> <span class='ocrx_word' id='word_1_55' title='bbox 485 494 568 522; x_wconf 82' lang='lat' dir='ltr'><strong>corde</strong></span> <span class='ocrx_word' id='word_1_56' title='bbox 594 492 723 527; x_wconf 79' lang='lat' dir='ltr'><strong>cogitare.</strong></span> <span class='ocrx_word' id='word_1_57' title='bbox 739 494 763 516; x_wconf 87' lang='lat' dir='ltr'><strong>et</strong></span> <span class='ocrx_word' id='word_1_58' title='bbox 785 489 836 515; x_wconf 75' lang='lat' dir='ltr'><strong>alia</strong></span> <span class='ocrx_word' id='word_1_59' title='bbox 851 485 961 522; x_wconf 81' lang='lat' dir='ltr'><strong>quidem</strong></span> <span class='ocrx_word' id='word_1_60' title='bbox 985 487 1076 510; x_wconf 87' lang='lat' dir='ltr'><strong>mente</strong></span> 
     </span>
    </p>
   </div>
   <div class='ocr_carea' id='block_1_11' title="bbox 291 530 1075 578">
    <p class='ocr_par' dir='ltr' id='par_1_11' title="bbox 291 530 1075 578">
     <span class='ocr_line' id='line_1_11' title="bbox 291 530 1075 578; baseline -0.028 -2"><span class='ocrx_word' id='word_1_61' title='bbox 291 552 395 578; x_wconf 84' lang='lat' dir='ltr'><strong>tenere,</strong></span> <span class='ocrx_word' id='word_1_62' title='bbox 418 545 470 571; x_wconf 90' lang='lat' dir='ltr'><strong>alia</strong></span> <span class='ocrx_word' id='word_1_63' title='bbox 489 550 537 569; x_wconf 87' lang='lat' dir='ltr'><strong>ore</strong></span> <span class='ocrx_word' id='word_1_64' title='bbox 553 539 688 576; x_wconf 81' lang='lat' dir='ltr'><strong>proloqui.</strong></span> <span class='ocrx_word' id='word_1_65' title='bbox 718 537 748 563; x_wconf 91' lang='lat' dir='ltr'><strong>Si</strong></span> <span class='ocrx_word' id='word_1_66' title='bbox 773 542 837 568; x_wconf 63' lang='lat' dir='ltr'><strong>ergo</strong></span> <span class='ocrx_word' id='word_1_67' title='bbox 863 540 919 559; x_wconf 76' lang='lat' dir='ltr'><strong>vere</strong></span> <span class='ocrx_word' id='word_1_68' title='bbox 937 530 1075 566; x_wconf 83' lang='lat' dir='ltr'><strong>justitiam</strong></span> 
     </span>
    </p>
   </div>
   <div class='ocr_carea' id='block_1_12' title="bbox 292 575 1077 629">
    <p class='ocr_par' dir='ltr' id='par_1_12' title="bbox 292 575 1077 629">
     <span class='ocr_line' id='line_1_12' title="bbox 292 575 1077 629; baseline -0.028 -7"><span class='ocrx_word' id='word_1_69' title='bbox 292 592 439 629; x_wconf 72' lang='lat' dir='ltr'><strong>loquimini.</strong></span> <span class='ocrx_word' id='word_1_70' title='bbox 456 591 523 617; x_wconf 90' lang='lat' dir='ltr'><strong>heus</strong></span> <span class='ocrx_word' id='word_1_71' title='bbox 537 588 600 615; x_wconf 83' lang='lat' dir='ltr'><strong>vos!</strong></span> <span class='ocrx_word' id='word_1_72' title='bbox 624 590 693 613; x_wconf 82' lang='lat' dir='ltr'><strong>recta</strong></span> <span class='ocrx_word' id='word_1_73' title='bbox 706 582 835 618; x_wconf 81' lang='lat' dir='ltr'><strong>judicnte,</strong></span> <span class='ocrx_word' id='word_1_74' title='bbox 862 583 889 606; x_wconf 90' lang='lat' dir='ltr'><strong>et</strong></span> <span class='ocrx_word' id='word_1_75' title='bbox 911 585 972 612; x_wconf 63' lang='lat' dir='ltr'><strong>quae</strong></span> <span class='ocrx_word' id='word_1_76' title='bbox 989 575 1077 610; x_wconf 85' lang='lat' dir='ltr'><strong>loqui-</strong></span> 
     </span>
    </p>
   </div>
   <div class='ocr_carea' id='block_1_13' title="bbox 292 627 1078 675">
    <p class='ocr_par' dir='ltr' id='par_1_13' title="bbox 292 627 1078 675">
     <span class='ocr_line' id='line_1_13' title="bbox 292 627 1078 675; baseline -0.027 -7"><span class='ocrx_word' id='word_1_77' title='bbox 292 641 358 668; x_wconf 87' lang='lat' dir='ltr'><strong>mini</strong></span> <span class='ocrx_word' id='word_1_78' title='bbox 374 639 505 675; x_wconf 80' lang='lat' dir='ltr'><strong>peragite,</strong></span> <span class='ocrx_word' id='word_1_79' title='bbox 527 642 614 669; x_wconf 89' lang='lat' dir='ltr'><strong>neque</strong></span> <span class='ocrx_word' id='word_1_80' title='bbox 638 633 665 659; x_wconf 93' lang='lat' dir='ltr'><strong>in</strong></span> <span class='ocrx_word' id='word_1_81' title='bbox 694 630 775 657; x_wconf 75' lang='lat' dir='ltr'><strong>corde</strong></span> <span class='ocrx_word' id='word_1_82' title='bbox 798 627 955 662; x_wconf 71' lang='lat' dir='ltr'><strong>iniquitates</strong></span> <span class='ocrx_word' id='word_1_83' title='bbox 983 629 1078 657; x_wconf 90' lang='lat' dir='ltr'><strong>opere-</strong></span> 
     </span>
    </p>
   </div>
   <div class='ocr_carea' id='block_1_14' title="bbox 291 667 1075 718">
    <p class='ocr_par' dir='ltr' id='par_1_14' title="bbox 291 667 1075 718">
     <span class='ocr_line' id='line_1_14' title="bbox 291 667 1075 718; baseline -0.029 -4"><span class='ocrx_word' id='word_1_84' title='bbox 291 667 382 718; x_wconf 39' lang='lat' dir='ltr'><strong>mini:</strong></span> <span class='ocrx_word' id='word_1_85' title='bbox 405 692 455 712; x_wconf 90' lang='lat' dir='ltr'><strong>nec</strong></span> <span class='ocrx_word' id='word_1_86' title='bbox 487 688 583 709; x_wconf 90' lang='lat' dir='ltr'><strong>manus</strong></span> <span class='ocrx_word' id='word_1_87' title='bbox 599 681 695 705; x_wconf 67' lang='lat' dir='ltr'><strong>vestias</strong></span> <span class='ocrx_word' id='word_1_88' title='bbox 724 673 885 709; x_wconf 85' lang='lat' dir='ltr'><strong>injustitiam</strong></span> <span class='ocrx_word' id='word_1_89' title='bbox 901 667 1075 703; x_wconf 85' lang='lat' dir='ltr'><strong>complicent.</strong></span> 
     </span>
    </p>
   </div>
   <div class='ocr_carea' id='block_1_15' title="bbox 292 711 1079 760">
    <p class='ocr_par' dir='ltr' id='par_1_15' title="bbox 292 711 1079 760">
     <span class='ocr_line' id='line_1_15' title="bbox 292 711 1079 760; baseline -0.032 2"><span class='ocrx_word' id='word_1_90' title='bbox 292 734 327 760; x_wconf 86' lang='grc' dir='ltr'>τὰ</span> <span class='ocrx_word' id='word_1_91' title='bbox 353 731 451 760; x_wconf 69' lang='grc' dir='ltr'>εὐθέα,</span> <span class='ocrx_word' id='word_1_92' title='bbox 483 726 504 755; x_wconf 78' lang='grc' dir='ltr'><strong>ὣ</strong></span> <span class='ocrx_word' id='word_1_93' title='bbox 531 724 613 757; x_wconf 70' lang='grc' dir='ltr'>οὗτοι,</span> <span class='ocrx_word' id='word_1_94' title='bbox 631 724 679 750; x_wconf 70' lang='grc' dir='ltr'><strong>καὶ</strong></span> <span class='ocrx_word' id='word_1_95' title='bbox 698 722 769 756; x_wconf 68' lang='grc' dir='ltr'>ᾇπερ</span> <span class='ocrx_word' id='word_1_96' title='bbox 791 719 906 748; x_wconf 82' lang='grc' dir='ltr'><strong>λαλεῖτε,</strong></span> <span class='ocrx_word' id='word_1_97' title='bbox 924 714 1011 742; x_wconf 81' lang='grc' dir='ltr'>ταῦτα</span> <span class='ocrx_word' id='word_1_98' title='bbox 1033 711 1079 738; x_wconf 74' lang='grc' dir='ltr'><strong>καὶ</strong></span> 
     </span>
    </p>
   </div>
   <div class='ocr_carea' id='block_1_16' title="bbox 290 767 913 815">
    <p class='ocr_par' dir='ltr' id='par_1_16' title="bbox 290 767 913 815">
     <span class='ocr_line' id='line_1_16' title="bbox 290 767 913 815; baseline -0.027 -8"><span class='ocrx_word' id='word_1_99' title='bbox 290 781 319 807; x_wconf 82' lang='grc' dir='ltr'>αἱ</span> <span class='ocrx_word' id='word_1_100' title='bbox 339 781 429 815; x_wconf 80' lang='grc' dir='ltr'>χεῖρες</span> <span class='ocrx_word' id='word_1_101' title='bbox 445 775 522 811; x_wconf 83' lang='grc' dir='ltr'>ὑμῶν</span> <span class='ocrx_word' id='word_1_102' title='bbox 539 772 652 806; x_wconf 82' lang='grc' dir='ltr'><strong>ἀνομίαν</strong></span> <span class='ocrx_word' id='word_1_103' title='bbox 672 767 913 804; x_wconf 78' lang='grc' dir='ltr'>συμπλεκέτωσαν.</span> 
     </span>
    </p>
   </div>
   <div class='ocr_carea' id='block_1_17' title="bbox 326 811 1079 853">
    <p class='ocr_par' dir='ltr' id='par_1_17' title="bbox 326 811 1079 853">
     <span class='ocr_line' id='line_1_17' title="bbox 326 811 1079 853; baseline -0.028 1"><span class='ocrx_word' id='word_1_104' title='bbox 421 825 438 851; x_wconf 78' lang='grc'><strong>4</strong></span> <span class='ocrx_word' id='word_1_105' title='bbox 454 824 479 850; x_wconf 84' lang='grc'><strong>6.</strong></span> <span class='ocrx_word' id='word_1_106' title='bbox 498 820 613 849; x_wconf 78' lang='lat' dir='ltr'><strong>Alienati</strong></span> <span class='ocrx_word' id='word_1_107' title='bbox 630 822 690 845; x_wconf 74' lang='lat' dir='ltr'><strong>sunt</strong></span> <span class='ocrx_word' id='word_1_108' title='bbox 705 819 853 851; x_wconf 71' lang='lat' dir='ltr'><strong>peccatores</strong></span> <span class='ocrx_word' id='word_1_109' title='bbox 871 821 887 838; x_wconf 94' lang='lat' dir='ltr'><strong>a</strong></span> <span class='ocrx_word' id='word_1_110' title='bbox 905 811 991 840; x_wconf 78' lang='lat' dir='ltr'><strong>vulva,</strong></span> <span class='ocrx_word' id='word_1_111' title='bbox 1005 815 1079 835; x_wconf 84' lang='lat' dir='ltr'><strong>erra-</strong></span> 
     </span>
    </p>
   </div>
   <div class='ocr_carea' id='block_1_18' title="bbox 290 855 1079 902">
    <p class='ocr_par' dir='ltr' id='par_1_18' title="bbox 290 855 1079 902">
     <span class='ocr_line' id='line_1_18' title="bbox 290 855 1079 902; baseline -0.028 0"><span class='ocrx_word' id='word_1_112' title='bbox 290 877 382 902; x_wconf 74' lang='lat' dir='ltr'><strong>verunt</strong></span> <span class='ocrx_word' id='word_1_113' title='bbox 398 873 429 898; x_wconf 82' lang='lat' dir='ltr'><strong>ab</strong></span> <span class='ocrx_word' id='word_1_114' title='bbox 442 875 527 901; x_wconf 79' lang='lat' dir='ltr'><strong>utero,</strong></span> <span class='ocrx_word' id='word_1_115' title='bbox 540 866 621 894; x_wconf 79' lang='lat' dir='ltr'><strong>locuti</strong></span> <span class='ocrx_word' id='word_1_116' title='bbox 639 868 701 892; x_wconf 69' lang='lat' dir='ltr'><strong>sunt</strong></span> <span class='ocrx_word' id='word_1_117' title='bbox 717 863 799 898; x_wconf 76' lang='lat' dir='ltr'><strong>falsa.</strong></span> <span class='ocrx_word' id='word_1_118' title='bbox 823 860 885 887; x_wconf 70' lang='lat' dir='ltr'><strong>Haec</strong></span> <span class='ocrx_word' id='word_1_119' title='bbox 896 863 1004 893; x_wconf 83' lang='lat' dir='ltr'><strong>quoque</strong></span> <span class='ocrx_word' id='word_1_120' title='bbox 1016 855 1079 881; x_wconf 86' lang='lat' dir='ltr'><strong>tiliis</strong></span> 
     </span>
    </p>
   </div>
   <div class='ocr_carea' id='block_1_19' title="bbox 289 900 1079 951">
    <p class='ocr_par' dir='ltr' id='par_1_19' title="bbox 289 900 1079 951">
     <span class='ocr_line' id='line_1_19' title="bbox 289 900 1079 951; baseline -0.027 -4"><span class='ocrx_word' id='word_1_121' title='bbox 289 920 431 947; x_wconf 82' lang='lat' dir='ltr'><strong>hominum</strong></span> <span class='ocrx_word' id='word_1_122' title='bbox 444 900 572 951; x_wconf 79' lang='lat' dir='ltr'><strong>applicat,</strong></span> <span class='ocrx_word' id='word_1_123' title='bbox 588 912 634 947; x_wconf 88' lang='lat' dir='ltr'><strong>qui</strong></span> <span class='ocrx_word' id='word_1_124' title='bbox 656 918 686 938; x_wconf 89' lang='lat' dir='ltr'><strong>se</strong></span> <span class='ocrx_word' id='word_1_125' title='bbox 711 910 795 936; x_wconf 86' lang='lat' dir='ltr'><strong>Deum</strong></span> <span class='ocrx_word' id='word_1_126' title='bbox 808 907 908 937; x_wconf 84' lang='lat' dir='ltr'><strong>colere,</strong></span> <span class='ocrx_word' id='word_1_127' title='bbox 926 907 953 931; x_wconf 82' lang='lat' dir='ltr'><strong>et</strong></span> <span class='ocrx_word' id='word_1_128' title='bbox 965 900 1079 937; x_wconf 74' lang='lat' dir='ltr'><strong>justitiae</strong></span> 
     </span>
    </p>
   </div>
   <div class='ocr_carea' id='block_1_20' title="bbox 290 949 1075 1001">
    <p class='ocr_par' dir='ltr' id='par_1_20' title="bbox 290 949 1075 1001">
     <span class='ocr_line' id='line_1_20' title="bbox 290 949 1075 1001; baseline -0.027 -8"><span class='ocrx_word' id='word_1_129' title='bbox 290 967 364 1001; x_wconf 81' lang='lat' dir='ltr'><strong>leges</strong></span> <span class='ocrx_word' id='word_1_130' title='bbox 374 964 450 991; x_wconf 85' lang='lat' dir='ltr'><strong>adire</strong></span> <span class='ocrx_word' id='word_1_131' title='bbox 462 949 637 997; x_wconf 75' lang='lat' dir='ltr'><strong>proﬁtentur,</strong></span> <span class='ocrx_word' id='word_1_132' title='bbox 653 963 742 991; x_wconf 85' lang='lat' dir='ltr'><strong>neque</strong></span> <span class='ocrx_word' id='word_1_133' title='bbox 752 960 842 982; x_wconf 88' lang='lat' dir='ltr'><strong>tamen</strong></span> <span class='ocrx_word' id='word_1_134' title='bbox 855 955 929 979; x_wconf 87' lang='lat' dir='ltr'><strong>recte</strong></span> <span class='ocrx_word' id='word_1_135' title='bbox 940 949 1075 984; x_wconf 85' lang='lat' dir='ltr'><strong>judicant.</strong></span> 
     </span>
    </p>
   </div>
   <div class='ocr_carea' id='block_1_21' title="bbox 289 993 1076 1046">
    <p class='ocr_par' dir='ltr' id='par_1_21' title="bbox 289 993 1076 1046">
     <span class='ocr_line' id='line_1_21' title="bbox 289 993 1076 1046; baseline -0.027 -6"><span class='ocrx_word' id='word_1_136' title='bbox 289 993 343 1040; x_wconf 60' lang='lat' dir='ltr'><strong>Eos</strong></span> <span class='ocrx_word' id='word_1_137' title='bbox 359 1011 441 1046; x_wconf 79' lang='lat' dir='ltr'><strong>igitur</strong></span> <span class='ocrx_word' id='word_1_138' title='bbox 465 993 510 1036; x_wconf 48' lang='grc' dir='ltr'><strong>ἐἰς</strong></span> <span class='ocrx_word' id='word_1_139' title='bbox 531 1005 676 1041; x_wconf 87' lang='lat' dir='ltr'><strong>compellat</strong></span> <span class='ocrx_word' id='word_1_140' title='bbox 693 1013 700 1030; x_wconf 87' lang='lat'>:</span> <span class='ocrx_word' id='word_1_141' title='bbox 717 1001 790 1029; x_wconf 83' lang='lat' dir='ltr'><strong>Heus</strong></span> <span class='ocrx_word' id='word_1_142' title='bbox 814 999 878 1026; x_wconf 83' lang='lat' dir='ltr'><strong>vos!</strong></span> <span class='ocrx_word' id='word_1_143' title='bbox 910 995 1012 1024; x_wconf 81' lang='lat' dir='ltr'><strong>audite.</strong></span> <span class='ocrx_word' id='word_1_144' title='bbox 1030 993 1076 1028; x_wconf 92' lang='lat' dir='ltr'><strong>qui</strong></span> 
     </span>
    </p>
   </div>
   <div class='ocr_carea' id='block_1_22' title="bbox 288 1039 1078 1093">
    <p class='ocr_par' dir='ltr' id='par_1_22' title="bbox 288 1039 1078 1093">
     <span class='ocr_line' id='line_1_22' title="bbox 288 1039 1078 1093; baseline -0.028 -6"><span class='ocrx_word' id='word_1_145' title='bbox 288 1059 423 1093; x_wconf 85' lang='lat' dir='ltr'><strong>iustitiam</strong></span> <span class='ocrx_word' id='word_1_146' title='bbox 435 1063 482 1083; x_wconf 89' lang='lat' dir='ltr'><strong>ore</strong></span> <span class='ocrx_word' id='word_1_147' title='bbox 498 1059 578 1082; x_wconf 88' lang='lat' dir='ltr'><strong>tenus</strong></span> <span class='ocrx_word' id='word_1_148' title='bbox 604 1049 758 1086; x_wconf 86' lang='lat' dir='ltr'><strong>loquimini,</strong></span> <span class='ocrx_word' id='word_1_149' title='bbox 774 1046 900 1073; x_wconf 85' lang='lat' dir='ltr'><strong>manibus</strong></span> <span class='ocrx_word' id='word_1_150' title='bbox 916 1049 982 1069; x_wconf 83' lang='lat' dir='ltr'><strong>vero</strong></span> <span class='ocrx_word' id='word_1_151' title='bbox 1007 1039 1078 1073; x_wconf 88' lang='lat' dir='ltr'><strong>inju-</strong></span> 
     </span>
    </p>
   </div>
   <div class='ocr_carea' id='block_1_23' title="bbox 289 1092 1078 1138">
    <p class='ocr_par' dir='ltr' id='par_1_23' title="bbox 289 1092 1078 1138">
     <span class='ocr_line' id='line_1_23' title="bbox 289 1092 1078 1138; baseline -0.027 -5"><span class='ocrx_word' id='word_1_152' title='bbox 289 1105 392 1133; x_wconf 89' lang='lat' dir='ltr'><strong>stitiam</strong></span> <span class='ocrx_word' id='word_1_153' title='bbox 405 1101 569 1138; x_wconf 80' lang='lat' dir='ltr'><strong>operamini,</strong></span> <span class='ocrx_word' id='word_1_154' title='bbox 601 1098 740 1131; x_wconf 88' lang='lat' dir='ltr'><strong>multaque</strong></span> <span class='ocrx_word' id='word_1_155' title='bbox 766 1092 849 1121; x_wconf 90' lang='lat' dir='ltr'><strong>simul</strong></span> <span class='ocrx_word' id='word_1_156' title='bbox 873 1094 983 1126; x_wconf 84' lang='lat' dir='ltr'><strong>peccata</strong></span> <span class='ocrx_word' id='word_1_157' title='bbox 1003 1094 1078 1114; x_wconf 86' lang='lat' dir='ltr'><strong>com-</strong></span> 
     </span>
    </p>
   </div>
   <div class='ocr_carea' id='block_1_24' title="bbox 289 1132 1077 1188">
    <p class='ocr_par' dir='ltr' id='par_1_24' title="bbox 289 1132 1077 1188">
     <span class='ocr_line' id='line_1_24' title="bbox 289 1132 1077 1188; baseline -0.027 -8"><span class='ocrx_word' id='word_1_158' title='bbox 289 1152 398 1188; x_wconf 75' lang='lat' dir='ltr'><strong>plicatis</strong></span> <span class='ocrx_word' id='word_1_159' title='bbox 409 1132 621 1184; x_wconf 63' lang='lat' dir='ltr'><strong>;inagnojmlici</strong></span> <span class='ocrx_word' id='word_1_160' title='bbox 634 1146 698 1172; x_wconf 90' lang='lat' dir='ltr'><strong>latet</strong></span> <span class='ocrx_word' id='word_1_161' title='bbox 714 1141 781 1170; x_wconf 87' lang='lat' dir='ltr'><strong>nihil</strong></span> <span class='ocrx_word' id='word_1_162' title='bbox 794 1146 889 1168; x_wconf 88' lang='lat' dir='ltr'><strong>eorum</strong></span> <span class='ocrx_word' id='word_1_163' title='bbox 906 1144 965 1172; x_wconf 68' lang='lat' dir='ltr'><strong>qua:</strong></span> <span class='ocrx_word' id='word_1_164' title='bbox 977 1132 1077 1183; x_wconf 79' lang='lat' dir='ltr'><strong>singuli</strong></span> 
     </span>
    </p>
   </div>
   <div class='ocr_carea' id='block_1_25' title="bbox 290 1178 1079 1225">
    <p class='ocr_par' dir='ltr' id='par_1_25' title="bbox 290 1178 1079 1225">
     <span class='ocr_line' id='line_1_25' title="bbox 290 1178 545 1188; baseline -0.031 0"><span class='ocrx_word' id='word_1_165' title='bbox 290 1178 341 1188; x_wconf 52' lang='lat' dir='ltr'><strong>rw</strong></span> <span class='ocrx_word' id='word_1_166' title='bbox 410 1178 417 1184; x_wconf 84' lang='lat'>,</span> <span class='ocrx_word' id='word_1_167' title='bbox 474 1178 488 1184; x_wconf 68' lang='grc' dir='ltr'>ν</span> <span class='ocrx_word' id='word_1_168' title='bbox 536 1178 545 1183; x_wconf 90' lang='grc'><em>.</em></span> 
     </span>
     <span class='ocr_line' id='line_1_26' title="bbox 290 1178 1079 1225; baseline -0.027 0"><span class='ocrx_word' id='word_1_169' title='bbox 290 1198 318 1225; x_wconf 88' lang='lat' dir='ltr'><strong>in</strong></span> <span class='ocrx_word' id='word_1_170' title='bbox 327 1201 418 1224; x_wconf 90' lang='lat' dir='ltr'><strong>mente</strong></span> <span class='ocrx_word' id='word_1_171' title='bbox 433 1197 554 1222; x_wconf 76' lang='lat' dir='ltr'><strong>versant.</strong></span> <span class='ocrx_word' id='word_1_172' title='bbox 572 1189 684 1218; x_wconf 78' lang='lat' dir='ltr'><strong>Etiamsi</strong></span> <span class='ocrx_word' id='word_1_173' title='bbox 710 1187 782 1214; x_wconf 87' lang='lat' dir='ltr'><strong>enim</strong></span> <span class='ocrx_word' id='word_1_174' title='bbox 807 1185 868 1220; x_wconf 88' lang='lat' dir='ltr'><strong>quis</strong></span> <span class='ocrx_word' id='word_1_175' title='bbox 891 1182 977 1209; x_wconf 87' lang='lat' dir='ltr'><strong>oculis</strong></span> <span class='ocrx_word' id='word_1_176' title='bbox 994 1178 1079 1206; x_wconf 92' lang='lat' dir='ltr'><strong>homi-</strong></span> 
     </span>
    </p>
   </div>
   <div class='ocr_carea' id='block_1_26' title="bbox 291 1228 1079 1269">
    <p class='ocr_par' dir='ltr' id='par_1_26' title="bbox 291 1228 1079 1269">
     <span class='ocr_line' id='line_1_27' title="bbox 291 1228 1079 1269; baseline -0.025 0"><span class='ocrx_word' id='word_1_177' title='bbox 291 1249 356 1269; x_wconf 91' lang='lat' dir='ltr'><strong>num</strong></span> <span class='ocrx_word' id='word_1_178' title='bbox 386 1241 470 1267; x_wconf 88' lang='lat' dir='ltr'><strong>latere</strong></span> <span class='ocrx_word' id='word_1_179' title='bbox 496 1238 640 1269; x_wconf 87' lang='lat' dir='ltr'><strong>videatur;</strong></span> <span class='ocrx_word' id='word_1_180' title='bbox 665 1238 692 1261; x_wconf 88' lang='lat' dir='ltr'><strong>at</strong></span> <span class='ocrx_word' id='word_1_181' title='bbox 719 1233 790 1261; x_wconf 91' lang='lat' dir='ltr'><strong>sciat</strong></span> <span class='ocrx_word' id='word_1_182' title='bbox 817 1228 929 1257; x_wconf 84' lang='lat' dir='ltr'><strong>immani</strong></span> <span class='ocrx_word' id='word_1_183' title='bbox 943 1235 972 1254; x_wconf 89' lang='lat' dir='ltr'><strong>se</strong></span> <span class='ocrx_word' id='word_1_184' title='bbox 986 1231 1079 1252; x_wconf 86' lang='lat' dir='ltr'><strong>errore</strong></span> 
     </span>
    </p>
   </div>
   <div class='ocr_carea' id='block_1_27' title="bbox 292 1272 1080 1320">
    <p class='ocr_par' dir='ltr' id='par_1_27' title="bbox 292 1272 1080 1320">
     <span class='ocr_line' id='line_1_28' title="bbox 292 1272 1080 1320; baseline -0.024 -5"><span class='ocrx_word' id='word_1_185' title='bbox 292 1287 478 1320; x_wconf 79' lang='lat' dir='ltr'><strong>ducisescque</strong></span> <span class='ocrx_word' id='word_1_186' title='bbox 504 1284 640 1318; x_wconf 88' lang='lat' dir='ltr'><strong>decipere.</strong></span> <span class='ocrx_word' id='word_1_187' title='bbox 655 1280 748 1314; x_wconf 85' lang='lat' dir='ltr'><strong>Neque</strong></span> <span class='ocrx_word' id='word_1_188' title='bbox 759 1278 832 1306; x_wconf 90' lang='lat' dir='ltr'><strong>enim</strong></span> <span class='ocrx_word' id='word_1_189' title='bbox 848 1282 946 1309; x_wconf 77' lang='lat' dir='ltr'><strong>magno</strong></span> <span class='ocrx_word' id='word_1_190' title='bbox 972 1272 1080 1299; x_wconf 83' lang='lat' dir='ltr'><strong>univer-</strong></span> 
     </span>
    </p>
   </div>
   <div class='ocr_carea' id='block_1_28' title="bbox 290 1320 1079 1367">
    <p class='ocr_par' dir='ltr' id='par_1_28' title="bbox 290 1320 1079 1367">
     <span class='ocr_line' id='line_1_29' title="bbox 290 1320 1079 1367; baseline -0.02 -7"><span class='ocrx_word' id='word_1_191' title='bbox 290 1340 384 1360; x_wconf 85' lang='lat' dir='ltr'><strong>sorum</strong></span> <span class='ocrx_word' id='word_1_192' title='bbox 396 1331 483 1367; x_wconf 81' lang='lat' dir='ltr'><strong>judici</strong></span> <span class='ocrx_word' id='word_1_193' title='bbox 502 1331 626 1358; x_wconf 89' lang='lat' dir='ltr'><strong>occultus</strong></span> <span class='ocrx_word' id='word_1_194' title='bbox 638 1328 700 1358; x_wconf 88' lang='lat' dir='ltr'><strong>erit,</strong></span> <span class='ocrx_word' id='word_1_195' title='bbox 716 1325 750 1353; x_wconf 86' lang='lat' dir='ltr'><strong>ad</strong></span> <span class='ocrx_word' id='word_1_196' title='bbox 760 1325 840 1359; x_wconf 87' lang='lat' dir='ltr'><strong>cujus</strong></span> <span class='ocrx_word' id='word_1_197' title='bbox 851 1320 969 1349; x_wconf 82' lang='lat' dir='ltr'><strong>tribunal</strong></span> <span class='ocrx_word' id='word_1_198' title='bbox 984 1325 1079 1346; x_wconf 91' lang='lat' dir='ltr'><strong>omnes</strong></span> 
     </span>
    </p>
   </div>
   <div class='ocr_carea' id='block_1_29' title="bbox 290 1367 1078 1411">
    <p class='ocr_par' dir='ltr' id='par_1_29' title="bbox 290 1367 1078 1411">
     <span class='ocr_line' id='line_1_30' title="bbox 290 1367 1078 1411; baseline -0.022 -4"><span class='ocrx_word' id='word_1_199' title='bbox 290 1380 431 1407; x_wconf 87' lang='lat' dir='ltr'><strong>sistemur.</strong></span> <span class='ocrx_word' id='word_1_200' title='bbox 445 1376 588 1411; x_wconf 86' lang='lat' dir='ltr'><strong>Quomodo</strong></span> <span class='ocrx_word' id='word_1_201' title='bbox 603 1378 693 1401; x_wconf 85' lang='lat' dir='ltr'><strong>autem</strong></span> <span class='ocrx_word' id='word_1_202' title='bbox 708 1372 762 1398; x_wconf 92' lang='lat' dir='ltr'><strong>Deo</strong></span> <span class='ocrx_word' id='word_1_203' title='bbox 777 1371 862 1397; x_wconf 81' lang='lat' dir='ltr'><strong>latere</strong></span> <span class='ocrx_word' id='word_1_204' title='bbox 881 1367 999 1403; x_wconf 80' lang='lat' dir='ltr'><strong>possint,</strong></span> <span class='ocrx_word' id='word_1_205' title='bbox 1016 1371 1078 1392; x_wconf 90' lang='lat' dir='ltr'><strong>cum</strong></span> 
     </span>
    </p>
   </div>
   <div class='ocr_carea' id='block_1_30' title="bbox 290 1411 1080 1462">
    <p class='ocr_par' dir='ltr' id='par_1_30' title="bbox 290 1411 1080 1462">
     <span class='ocr_line' id='line_1_31' title="bbox 290 1411 1080 1462; baseline -0.022 -9"><span class='ocrx_word' id='word_1_206' title='bbox 290 1427 451 1462; x_wconf 85' lang='lat' dir='ltr'><strong>priusquam</strong></span> <span class='ocrx_word' id='word_1_207' title='bbox 464 1424 491 1450; x_wconf 89' lang='lat' dir='ltr'><strong>in</strong></span> <span class='ocrx_word' id='word_1_208' title='bbox 516 1423 603 1449; x_wconf 88' lang='lat' dir='ltr'><strong>lucem</strong></span> <span class='ocrx_word' id='word_1_209' title='bbox 619 1419 769 1455; x_wconf 85' lang='lat' dir='ltr'><strong>prodirent,</strong></span> <span class='ocrx_word' id='word_1_210' title='bbox 783 1416 819 1447; x_wconf 85' lang='lat' dir='ltr'><strong>ei,</strong></span> <span class='ocrx_word' id='word_1_211' title='bbox 837 1414 883 1450; x_wconf 92' lang='lat' dir='ltr'><strong>qui</strong></span> <span class='ocrx_word' id='word_1_212' title='bbox 898 1413 990 1442; x_wconf 85' lang='lat' dir='ltr'><strong>omnia</strong></span> <span class='ocrx_word' id='word_1_213' title='bbox 1003 1411 1080 1439; x_wconf 81' lang='lat' dir='ltr'><strong>novit</strong></span> 
     </span>
    </p>
   </div>
   <div class='ocr_carea' id='block_1_31' title="bbox 290 1462 1078 1507">
    <p class='ocr_par' dir='ltr' id='par_1_31' title="bbox 290 1462 1078 1507">
     <span class='ocr_line' id='line_1_32' title="bbox 290 1462 1078 1507; baseline -0.02 -7"><span class='ocrx_word' id='word_1_214' title='bbox 290 1478 437 1507; x_wconf 78' lang='lat' dir='ltr'><strong>antequam</strong></span> <span class='ocrx_word' id='word_1_215' title='bbox 459 1471 538 1500; x_wconf 81' lang='lat' dir='ltr'><strong>ﬁant,</strong></span> <span class='ocrx_word' id='word_1_216' title='bbox 569 1468 670 1504; x_wconf 75' lang='lat' dir='ltr'><strong>cogniti</strong></span> <span class='ocrx_word' id='word_1_217' title='bbox 693 1464 806 1493; x_wconf 87' lang='lat' dir='ltr'><strong>essent?</strong></span> <span class='ocrx_word' id='word_1_218' title='bbox 833 1462 923 1495; x_wconf 83' lang='lat' dir='ltr'><strong>Quare</strong></span> <span class='ocrx_word' id='word_1_219' title='bbox 933 1463 1078 1494; x_wconf 83' lang='lat' dir='ltr'><strong>antequam</strong></span> 
     </span>
    </p>
   </div>
   <div class='ocr_carea' id='block_1_32' title="bbox 290 1504 1080 1551">
    <p class='ocr_par' dir='ltr' id='par_1_32' title="bbox 290 1504 1080 1551">
     <span class='ocr_line' id='line_1_33' title="bbox 290 1504 1080 1551; baseline -0.02 -5"><span class='ocrx_word' id='word_1_220' title='bbox 290 1520 397 1550; x_wconf 80' lang='lat' dir='ltr'><strong>tierent,</strong></span> <span class='ocrx_word' id='word_1_221' title='bbox 411 1525 469 1548; x_wconf 89' lang='lat' dir='ltr'><strong>eos,</strong></span> <span class='ocrx_word' id='word_1_222' title='bbox 486 1516 563 1551; x_wconf 87' lang='lat' dir='ltr'><strong>quasi</strong></span> <span class='ocrx_word' id='word_1_223' title='bbox 574 1515 630 1549; x_wconf 89' lang='lat' dir='ltr'><strong>jam</strong></span> <span class='ocrx_word' id='word_1_224' title='bbox 646 1512 819 1540; x_wconf 77' lang='lat' dir='ltr'><strong>exsisterent,</strong></span> <span class='ocrx_word' id='word_1_225' title='bbox 831 1509 898 1536; x_wconf 84' lang='lat' dir='ltr'><strong>tales</strong></span> <span class='ocrx_word' id='word_1_226' title='bbox 911 1506 969 1534; x_wconf 80' lang='lat' dir='ltr'><strong>fore</strong></span> <span class='ocrx_word' id='word_1_227' title='bbox 984 1504 1080 1540; x_wconf 84' lang='lat' dir='ltr'><strong>quales</strong></span> 
     </span>
    </p>
   </div>
   <div class='ocr_carea' id='block_1_33' title="bbox 288 1552 1079 1600">
    <p class='ocr_par' dir='ltr' id='par_1_33' title="bbox 288 1552 1079 1600">
     <span class='ocr_line' id='line_1_34' title="bbox 288 1552 1079 1600; baseline -0.02 -8"><span class='ocrx_word' id='word_1_228' title='bbox 288 1566 343 1600; x_wconf 80' lang='lat' dir='ltr'><strong>jam</strong></span> <span class='ocrx_word' id='word_1_229' title='bbox 353 1568 417 1592; x_wconf 85' lang='lat' dir='ltr'><strong>sunt</strong></span> <span class='ocrx_word' id='word_1_230' title='bbox 432 1561 630 1599; x_wconf 80' lang='lat' dir='ltr'><strong>prospiciebat:</strong></span> <span class='ocrx_word' id='word_1_231' title='bbox 646 1559 744 1586; x_wconf 78' lang='lat' dir='ltr'><strong>exinde</strong></span> <span class='ocrx_word' id='word_1_232' title='bbox 763 1555 890 1589; x_wconf 89' lang='lat' dir='ltr'><strong>verojam</strong></span> <span class='ocrx_word' id='word_1_233' title='bbox 906 1552 977 1588; x_wconf 84' lang='lat' dir='ltr'><strong>apud</strong></span> <span class='ocrx_word' id='word_1_234' title='bbox 990 1552 1079 1587; x_wconf 87' lang='lat' dir='ltr'><strong>ipsum</strong></span> 
     </span>
    </p>
   </div>
   <div class='ocr_carea' id='block_1_34' title="bbox 291 1601 1080 1646">
    <p class='ocr_par' dir='ltr' id='par_1_34' title="bbox 291 1601 1080 1646">
     <span class='ocr_line' id='line_1_35' title="bbox 291 1601 1080 1646; baseline -0.02 -8"><span class='ocrx_word' id='word_1_235' title='bbox 291 1610 427 1646; x_wconf 85' lang='lat' dir='ltr'><strong>reprobati</strong></span> <span class='ocrx_word' id='word_1_236' title='bbox 453 1611 542 1636; x_wconf 89' lang='lat' dir='ltr'><strong>erant.</strong></span> <span class='ocrx_word' id='word_1_237' title='bbox 565 1606 680 1633; x_wconf 70' lang='lat' dir='ltr'><strong>Alienati</strong></span> <span class='ocrx_word' id='word_1_238' title='bbox 708 1607 769 1630; x_wconf 79' lang='lat' dir='ltr'><strong>sunt</strong></span> <span class='ocrx_word' id='word_1_239' title='bbox 793 1601 875 1636; x_wconf 79' lang='lat' dir='ltr'><strong>igitur</strong></span> <span class='ocrx_word' id='word_1_240' title='bbox 896 1602 1043 1633; x_wconf 74' lang='lat' dir='ltr'><strong>peccatore:</strong></span> <span class='ocrx_word' id='word_1_241' title='bbox 1063 1604 1080 1622; x_wconf 88' lang='lat' dir='ltr'><strong>a</strong></span> 
     </span>
    </p>
   </div>
   <div class='ocr_carea' id='block_1_35' title="bbox 292 1643 1079 1683">
    <p class='ocr_par' dir='ltr' id='par_1_35' title="bbox 292 1643 1079 1683">
     <span class='ocr_line' id='line_1_36' title="bbox 292 1643 1079 1683; baseline -0.019 -1"><span class='ocrx_word' id='word_1_242' title='bbox 292 1643 376 1682; x_wconf 73' lang='lat' dir='ltr'><strong>enim.</strong></span> <span class='ocrx_word' id='word_1_243' title='bbox 394 1655 431 1680; x_wconf 79' lang='lat' dir='ltr'><strong>Ac</strong></span> <span class='ocrx_word' id='word_1_244' title='bbox 440 1651 547 1680; x_wconf 88' lang='lat' dir='ltr'><strong>etiamsi</strong></span> <span class='ocrx_word' id='word_1_245' title='bbox 564 1650 645 1677; x_wconf 85' lang='lat' dir='ltr'><strong>hodie</strong></span> <span class='ocrx_word' id='word_1_246' title='bbox 659 1647 792 1683; x_wconf 81' lang='lat' dir='ltr'><strong>justitiam</strong></span> <span class='ocrx_word' id='word_1_247' title='bbox 819 1644 947 1672; x_wconf 82' lang='lat' dir='ltr'><strong>simulate</strong></span> <span class='ocrx_word' id='word_1_248' title='bbox 964 1643 1079 1677; x_wconf 87' lang='lat' dir='ltr'><strong>loquan-</strong></span> 
     </span>
    </p>
   </div>
   <div class='ocr_carea' id='block_1_36' title="bbox 292 1687 1079 1734">
    <p class='ocr_par' dir='ltr' id='par_1_36' title="bbox 292 1687 1079 1734">
     <span class='ocr_line' id='line_1_37' title="bbox 292 1687 1079 1734; baseline -0.019 -6"><span class='ocrx_word' id='word_1_249' title='bbox 292 1707 347 1732; x_wconf 89' lang='lat' dir='ltr'><strong>tur,</strong></span> <span class='ocrx_word' id='word_1_250' title='bbox 364 1699 492 1734; x_wconf 85' lang='lat' dir='ltr'><strong>operibus</strong></span> <span class='ocrx_word' id='word_1_251' title='bbox 514 1696 652 1724; x_wconf 80' lang='lat' dir='ltr'><strong>contraria</strong></span> <span class='ocrx_word' id='word_1_252' title='bbox 676 1693 881 1729; x_wconf 76' lang='lat' dir='ltr'><strong>aggredientes;</strong></span> <span class='ocrx_word' id='word_1_253' title='bbox 899 1694 926 1716; x_wconf 88' lang='lat' dir='ltr'><strong>at</strong></span> <span class='ocrx_word' id='word_1_254' title='bbox 951 1696 1004 1716; x_wconf 89' lang='lat' dir='ltr'><strong>non</strong></span> <span class='ocrx_word' id='word_1_255' title='bbox 1024 1687 1079 1722; x_wconf 91' lang='lat' dir='ltr'><strong>jam</strong></span> 
     </span>
    </p>
   </div>
   <div class='ocr_carea' id='block_1_37' title="bbox 292 1735 1080 1783">
    <p class='ocr_par' dir='ltr' id='par_1_37' title="bbox 292 1735 1080 1783">
     <span class='ocr_line' id='line_1_38' title="bbox 292 1735 1080 1783; baseline -0.018 -9"><span class='ocrx_word' id='word_1_256' title='bbox 292 1748 335 1783; x_wconf 86' lang='lat' dir='ltr'><strong>pri</strong></span> <span class='ocrx_word' id='word_1_257' title='bbox 348 1754 414 1773; x_wconf 87' lang='lat' dir='ltr'><strong>num</strong></span> <span class='ocrx_word' id='word_1_258' title='bbox 429 1745 499 1780; x_wconf 86' lang='lat' dir='ltr'><strong>apud</strong></span> <span class='ocrx_word' id='word_1_259' title='bbox 512 1743 595 1771; x_wconf 89' lang='lat' dir='ltr'><strong>Deum</strong></span> <span class='ocrx_word' id='word_1_260' title='bbox 610 1742 680 1769; x_wconf 81' lang='lat' dir='ltr'><strong>tales</strong></span> <span class='ocrx_word' id='word_1_261' title='bbox 697 1748 758 1768; x_wconf 84' lang='lat' dir='ltr'><strong>esse</strong></span> <span class='ocrx_word' id='word_1_262' title='bbox 771 1739 915 1766; x_wconf 88' lang='lat' dir='ltr'><strong>videntur:</strong></span> <span class='ocrx_word' id='word_1_263' title='bbox 928 1735 975 1763; x_wconf 86' lang='lat' dir='ltr'><strong>sed</strong></span> <span class='ocrx_word' id='word_1_264' title='bbox 991 1735 1080 1770; x_wconf 87' lang='lat' dir='ltr'><strong>prius-</strong></span> 
     </span>
    </p>
   </div>
   <div class='ocr_carea' id='block_1_38' title="bbox 291 1780 1080 1827">
    <p class='ocr_par' dir='ltr' id='par_1_38' title="bbox 291 1780 1080 1827">
     <span class='ocr_line' id='line_1_39' title="bbox 291 1780 1080 1827; baseline -0.018 -7"><span class='ocrx_word' id='word_1_265' title='bbox 291 1801 373 1827; x_wconf 82' lang='lat' dir='ltr'><strong>quam</strong></span> <span class='ocrx_word' id='word_1_266' title='bbox 405 1799 437 1820; x_wconf 65' lang='grc' dir='ltr'>εχ</span> <span class='ocrx_word' id='word_1_267' title='bbox 462 1795 541 1818; x_wconf 89' lang='lat' dir='ltr'><strong>utero</strong></span> <span class='ocrx_word' id='word_1_268' title='bbox 571 1789 728 1824; x_wconf 76' lang='lat' dir='ltr'><strong>prodirent;</strong></span> <span class='ocrx_word' id='word_1_269' title='bbox 745 1787 813 1822; x_wconf 83' lang='lat' dir='ltr'><strong>quin</strong></span> <span class='ocrx_word' id='word_1_270' title='bbox 830 1789 857 1812; x_wconf 92' lang='lat' dir='ltr'><strong>et</strong></span> <span class='ocrx_word' id='word_1_271' title='bbox 879 1788 1024 1817; x_wconf 87' lang='lat' dir='ltr'><strong>antequam</strong></span> <span class='ocrx_word' id='word_1_272' title='bbox 1052 1780 1080 1807; x_wconf 90' lang='lat' dir='ltr'><strong>in</strong></span> 
     </span>
    </p>
   </div>
   <div class='ocr_carea' id='block_1_39' title="bbox 291 1835 1082 1873">
    <p class='ocr_par' dir='ltr' id='par_1_39' title="bbox 291 1835 1082 1873">
     <span class='ocr_line' id='line_1_40' title="bbox 291 1835 1082 1873; baseline -0.015 -7"><span class='ocrx_word' id='word_1_273' title='bbox 291 1840 379 1867; x_wconf 66' lang='lat' dir='ltr'><strong>vulvae</strong></span> <span class='ocrx_word' id='word_1_274' title='bbox 394 1837 565 1873; x_wconf 70' lang='lat' dir='ltr'><strong>receptaculo</strong></span> <span class='ocrx_word' id='word_1_275' title='bbox 576 1835 803 1870; x_wconf 80' lang='lat' dir='ltr'><strong>eoncipcrentur.</strong></span> <span class='ocrx_word' id='word_1_276' title='bbox 818 1841 849 1859; x_wconf 79' lang='lat' dir='ltr'><strong>ex</strong></span> <span class='ocrx_word' id='word_1_277' title='bbox 862 1837 975 1858; x_wconf 87' lang='lat' dir='ltr'><strong>numero</strong></span> <span class='ocrx_word' id='word_1_278' title='bbox 985 1837 1082 1856; x_wconf 84' lang='lat' dir='ltr'><strong>erran-</strong></span> 
     </span>
    </p>
   </div>
   <div class='ocr_carea' id='block_1_40' title="bbox 292 1877 1081 1918">
    <p class='ocr_par' dir='ltr' id='par_1_40' title="bbox 292 1877 1081 1918">
     <span class='ocr_line' id='line_1_41' title="bbox 292 1877 1081 1918; baseline -0.014 -5"><span class='ocrx_word' id='word_1_279' title='bbox 292 1888 360 1913; x_wconf 90' lang='lat' dir='ltr'><strong>tium</strong></span> <span class='ocrx_word' id='word_1_280' title='bbox 374 1887 449 1913; x_wconf 84' lang='lat' dir='ltr'><strong>abeo</strong></span> <span class='ocrx_word' id='word_1_281' title='bbox 475 1884 682 1918; x_wconf 84' lang='lat' dir='ltr'><strong>reputabantnr,</strong></span> <span class='ocrx_word' id='word_1_282' title='bbox 700 1885 726 1909; x_wconf 90' lang='lat' dir='ltr'><strong>et</strong></span> <span class='ocrx_word' id='word_1_283' title='bbox 741 1880 813 1916; x_wconf 86' lang='lat' dir='ltr'><strong>quod</strong></span> <span class='ocrx_word' id='word_1_284' title='bbox 835 1879 902 1906; x_wconf 85' lang='lat' dir='ltr'><strong>tales</strong></span> <span class='ocrx_word' id='word_1_285' title='bbox 929 1877 1012 1904; x_wconf 80' lang='lat' dir='ltr'><strong>futuri</strong></span> <span class='ocrx_word' id='word_1_286' title='bbox 1038 1884 1081 1904; x_wconf 86' lang='lat' dir='ltr'><strong>es-</strong></span> 
     </span>
    </p>
   </div>
   <div class='ocr_carea' id='block_1_41' title="bbox 273 1924 1082 1966">
    <p class='ocr_par' dir='ltr' id='par_1_41' title="bbox 273 1924 1082 1966">
     <span class='ocr_line' id='line_1_42' title="bbox 273 1924 1082 1966; baseline -0.014 -7"><span class='ocrx_word' id='word_1_287' title='bbox 273 1929 279 1936; x_wconf 89' lang='grc'><em>’</em></span> <span class='ocrx_word' id='word_1_288' title='bbox 293 1936 354 1959; x_wconf 58' lang='lat' dir='ltr'><strong>svnt</strong></span> <span class='ocrx_word' id='word_1_289' title='bbox 380 1940 434 1959; x_wconf 90' lang='lat' dir='ltr'><strong>non</strong></span> <span class='ocrx_word' id='word_1_290' title='bbox 456 1930 597 1966; x_wconf 84' lang='lat' dir='ltr'><strong>ignorabat</strong></span> <span class='ocrx_word' id='word_1_291' title='bbox 624 1929 691 1963; x_wconf 88' lang='lat' dir='ltr'><strong>ipse.</strong></span> <span class='ocrx_word' id='word_1_292' title='bbox 715 1925 767 1953; x_wconf 86' lang='lat' dir='ltr'><strong>Sed</strong></span> <span class='ocrx_word' id='word_1_293' title='bbox 785 1925 820 1952; x_wconf 86' lang='lat' dir='ltr'><strong>ab</strong></span> <span class='ocrx_word' id='word_1_294' title='bbox 841 1932 873 1952; x_wconf 89' lang='lat' dir='ltr'><strong>eo</strong></span> <span class='ocrx_word' id='word_1_295' title='bbox 888 1924 944 1958; x_wconf 86' lang='lat' dir='ltr'><strong>jam</strong></span> <span class='ocrx_word' id='word_1_296' title='bbox 961 1927 1082 1957; x_wconf 86' lang='lat' dir='ltr'><strong>tempore</strong></span> 
     </span>
    </p>
   </div>
   <div class='ocr_carea' id='block_1_42' title="bbox 292 1971 1082 2006">
    <p class='ocr_par' dir='ltr' id='par_1_42' title="bbox 292 1971 1082 2006">
     <span class='ocr_line' id='line_1_43' title="bbox 292 1971 1082 2006; baseline -0.014 -1"><span class='ocrx_word' id='word_1_297' title='bbox 292 1982 406 2006; x_wconf 78' lang='lat' dir='ltr'><strong>noverat</strong></span> <span class='ocrx_word' id='word_1_298' title='bbox 416 1985 463 2005; x_wconf 85' lang='lat' dir='ltr'><strong>eos</strong></span> <span class='ocrx_word' id='word_1_299' title='bbox 476 1977 543 2004; x_wconf 80' lang='lat' dir='ltr'><strong>falsa</strong></span> <span class='ocrx_word' id='word_1_300' title='bbox 554 1976 705 2005; x_wconf 75' lang='lat' dir='ltr'><strong>locuturus,</strong></span> <span class='ocrx_word' id='word_1_301' title='bbox 726 1977 752 2000; x_wconf 89' lang='lat' dir='ltr'><strong>et</strong></span> <span class='ocrx_word' id='word_1_302' title='bbox 773 1971 892 1999; x_wconf 79' lang='lat' dir='ltr'><strong>furorem</strong></span> <span class='ocrx_word' id='word_1_303' title='bbox 909 1971 975 2005; x_wconf 86' lang='lat' dir='ltr'><strong>ipsis</strong></span> <span class='ocrx_word' id='word_1_304' title='bbox 989 1977 1082 1996; x_wconf 72' lang='lat' dir='ltr'><strong>secun-</strong></span> 
     </span>
    </p>
   </div>
   <div class='ocr_carea' id='block_1_43' title="bbox 291 2015 1082 2055">
    <p class='ocr_par' dir='ltr' id='par_1_43' title="bbox 291 2015 1082 2055">
     <span class='ocr_line' id='line_1_44' title="bbox 291 2015 1082 2055; baseline -0.013 -4"><span class='ocrx_word' id='word_1_305' title='bbox 291 2025 355 2051; x_wconf 76' lang='lat' dir='ltr'><strong>dum</strong></span> <span class='ocrx_word' id='word_1_306' title='bbox 367 2023 565 2051; x_wconf 75' lang='lat' dir='ltr'><strong>similitudinem</strong></span> <span class='ocrx_word' id='word_1_307' title='bbox 573 2021 698 2055; x_wconf 67' lang='lat' dir='ltr'><strong>serpentis</strong></span> <span class='ocrx_word' id='word_1_308' title='bbox 712 2020 779 2047; x_wconf 80' lang='lat' dir='ltr'><strong>fore.</strong></span> <span class='ocrx_word' id='word_1_309' title='bbox 794 2018 885 2052; x_wconf 82' lang='grc' dir='ltr'>Θυμὺν</span> <span class='ocrx_word' id='word_1_310' title='bbox 892 2022 981 2044; x_wconf 81' lang='lat' dir='ltr'><strong>autem</strong></span> <span class='ocrx_word' id='word_1_311' title='bbox 995 2015 1082 2043; x_wconf 67' lang='grc' dir='ltr'>ϐιαιρὶ</span> 
     </span>
    </p>
   </div>
   <div class='ocr_carea' id='block_1_44' title="bbox 293 2063 1081 2102">
    <p class='ocr_par' dir='ltr' id='par_1_44' title="bbox 293 2063 1081 2102">
     <span class='ocr_line' id='line_1_45' title="bbox 293 2063 1081 2102; baseline -0.013 -5"><span class='ocrx_word' id='word_1_312' title='bbox 293 2071 384 2097; x_wconf 87' lang='lat' dir='ltr'><strong>solent</strong></span> <span class='ocrx_word' id='word_1_313' title='bbox 397 2070 478 2097; x_wconf 88' lang='lat' dir='ltr'><strong>etiam</strong></span> <span class='ocrx_word' id='word_1_314' title='bbox 491 2069 611 2096; x_wconf 82' lang='lat' dir='ltr'><strong>animum</strong></span> <span class='ocrx_word' id='word_1_315' title='bbox 627 2066 774 2102; x_wconf 80' lang='lat' dir='ltr'><strong>appellare.</strong></span> <span class='ocrx_word' id='word_1_316' title='bbox 790 2064 923 2097; x_wconf 85' lang='lat' dir='ltr'><strong>Quoniam</strong></span> <span class='ocrx_word' id='word_1_317' title='bbox 936 2063 1020 2098; x_wconf 77' lang='lat' dir='ltr'><strong>igitur</strong></span> <span class='ocrx_word' id='word_1_318' title='bbox 1032 2069 1081 2088; x_wconf 58' lang='lat' dir='ltr'><strong>an-</strong></span> 
     </span>
    </p>
   </div>
   <div class='ocr_carea' id='block_1_45' title="bbox 293 2109 1081 2152">
    <p class='ocr_par' dir='ltr' id='par_1_45' title="bbox 293 2109 1081 2152">
     <span class='ocr_line' id='line_1_46' title="bbox 293 2109 1081 2152; baseline -0.011 -9"><span class='ocrx_word' id='word_1_319' title='bbox 293 2118 508 2152; x_wconf 79' lang='lat' dir='ltr'><strong>tiqtiusscrpens</strong></span> <span class='ocrx_word' id='word_1_320' title='bbox 533 2114 580 2149; x_wconf 92' lang='lat' dir='ltr'><strong>qui</strong></span> <span class='ocrx_word' id='word_1_321' title='bbox 596 2113 680 2140; x_wconf 83' lang='lat' dir='ltr'><strong>Evam</strong></span> <span class='ocrx_word' id='word_1_322' title='bbox 696 2112 819 2146; x_wconf 85' lang='lat' dir='ltr'><strong>decepit,</strong></span> <span class='ocrx_word' id='word_1_323' title='bbox 832 2110 910 2138; x_wconf 77' lang='lat' dir='ltr'><strong>suavi</strong></span> <span class='ocrx_word' id='word_1_324' title='bbox 926 2109 1037 2144; x_wconf 88' lang='lat' dir='ltr'><strong>quidem</strong></span> <span class='ocrx_word' id='word_1_325' title='bbox 1054 2112 1081 2135; x_wconf 87' lang='lat' dir='ltr'><strong>et</strong></span> 
     </span>
    </p>
   </div>
   <div class='ocr_carea' id='block_1_46' title="bbox 294 2156 1080 2190">
    <p class='ocr_par' dir='ltr' id='par_1_46' title="bbox 294 2156 1080 2190">
     <span class='ocr_line' id='line_1_47' title="bbox 294 2156 1080 2190; baseline -0.011 0"><span class='ocrx_word' id='word_1_326' title='bbox 294 2163 382 2190; x_wconf 82' lang='lat' dir='ltr'><strong>amica</strong></span> <span class='ocrx_word' id='word_1_327' title='bbox 398 2163 522 2189; x_wconf 86' lang='lat' dir='ltr'><strong>oratione</strong></span> <span class='ocrx_word' id='word_1_328' title='bbox 548 2161 675 2187; x_wconf 78' lang='lat' dir='ltr'><strong>simulate</strong></span> <span class='ocrx_word' id='word_1_329' title='bbox 688 2159 825 2189; x_wconf 76' lang='lat' dir='ltr'><strong>utebatur,</strong></span> <span class='ocrx_word' id='word_1_330' title='bbox 843 2157 890 2184; x_wconf 84' lang='lat' dir='ltr'><strong>Dei</strong></span> <span class='ocrx_word' id='word_1_331' title='bbox 915 2156 1080 2183; x_wconf 85' lang='lat' dir='ltr'><strong>mentionem</strong></span> 
     </span>
    </p>
   </div>
   <div class='ocr_carea' id='block_1_47' title="bbox 294 2201 1082 2240">
    <p class='ocr_par' dir='ltr' id='par_1_47' title="bbox 294 2201 1082 2240">
     <span class='ocr_line' id='line_1_48' title="bbox 294 2201 1082 2240; baseline -0.013 -4"><span class='ocrx_word' id='word_1_332' title='bbox 294 2208 422 2240; x_wconf 82' lang='lat' dir='ltr'><strong>faciebat,</strong></span> <span class='ocrx_word' id='word_1_333' title='bbox 455 2211 482 2234; x_wconf 88' lang='lat' dir='ltr'><strong>et</strong></span> <span class='ocrx_word' id='word_1_334' title='bbox 504 2214 567 2233; x_wconf 89' lang='lat' dir='ltr'><strong>cum</strong></span> <span class='ocrx_word' id='word_1_335' title='bbox 600 2205 717 2240; x_wconf 86' lang='lat' dir='ltr'><strong>quadam</strong></span> <span class='ocrx_word' id='word_1_336' title='bbox 748 2203 856 2238; x_wconf 84' lang='lat' dir='ltr'><strong>pietatis</strong></span> <span class='ocrx_word' id='word_1_337' title='bbox 873 2201 963 2236; x_wconf 74' lang='lat' dir='ltr'><strong>specie</strong></span> <span class='ocrx_word' id='word_1_338' title='bbox 975 2201 1082 2227; x_wconf 89' lang='lat' dir='ltr'><strong>mulieri</strong></span> 
     </span>
    </p>
   </div>
   <div class='ocr_carea' id='block_1_48' title="bbox 294 2246 1083 2287">
    <p class='ocr_par' dir='ltr' id='par_1_48' title="bbox 294 2246 1083 2287">
     <span class='ocr_line' id='line_1_49' title="bbox 294 2246 1083 2287; baseline -0.015 -3"><span class='ocrx_word' id='word_1_339' title='bbox 294 2256 400 2283; x_wconf 82' lang='lat' dir='ltr'><strong>dicebat</strong></span> <span class='ocrx_word' id='word_1_340' title='bbox 415 2263 421 2281; x_wconf 92' lang='lat'><strong>:</strong></span> <span class='ocrx_word' id='word_1_341' title='bbox 439 2254 527 2287; x_wconf 85' lang='lat' dir='ltr'><strong>Quare</strong></span> <span class='ocrx_word' id='word_1_342' title='bbox 539 2253 607 2279; x_wconf 69' lang='lat' dir='ltr'><strong>dixit</strong></span> <span class='ocrx_word' id='word_1_343' title='bbox 626 2250 716 2277; x_wconf 81' lang='lat' dir='ltr'><strong>Deus:</strong></span> <span class='ocrx_word' id='word_1_344' title='bbox 735 2249 776 2276; x_wconf 87' lang='lat' dir='ltr'><strong>Ne</strong></span> <span class='ocrx_word' id='word_1_345' title='bbox 790 2247 934 2275; x_wconf 72' lang='lat' dir='ltr'><strong>cometlatis</strong></span> <span class='ocrx_word' id='word_1_346' title='bbox 955 2255 987 2274; x_wconf 68' lang='lat' dir='ltr'><strong>ex</strong></span> <span class='ocrx_word' id='word_1_347' title='bbox 1011 2246 1083 2273; x_wconf 84' lang='lat' dir='ltr'><strong>omni</strong></span> 
     </span>
    </p>
   </div>
   <div class='ocr_carea' id='block_1_49' title="bbox 294 2290 1120 2338">
    <p class='ocr_par' dir='ltr' id='par_1_49' title="bbox 294 2290 1120 2338">
     <span class='ocr_line' id='line_1_50' title="bbox 294 2290 1120 2338; baseline -0.013 -9"><span class='ocrx_word' id='word_1_348' title='bbox 294 2303 375 2338; x_wconf 84' lang='lat' dir='ltr'><strong>ligno,</strong></span> <span class='ocrx_word' id='word_1_349' title='bbox 385 2301 454 2337; x_wconf 83' lang='lat' dir='ltr'><strong>quod</strong></span> <span class='ocrx_word' id='word_1_350' title='bbox 471 2301 548 2328; x_wconf 79' lang='lat' dir='ltr'><strong>estin</strong></span> <span class='ocrx_word' id='word_1_351' title='bbox 566 2297 692 2333; x_wconf 72' lang='lat' dir='ltr'><strong>paradiso</strong></span> <span class='ocrx_word' id='word_1_352' title='bbox 707 2296 747 2323; x_wconf 57' lang='grc' dir='ltr'>κει</span> <span class='ocrx_word' id='word_1_353' title='bbox 765 2303 797 2323; x_wconf 81' lang='lat' dir='ltr'><strong>ac</strong></span> <span class='ocrx_word' id='word_1_354' title='bbox 827 2302 936 2322; x_wconf 88' lang='lat' dir='ltr'><strong>rursum</strong></span> <span class='ocrx_word' id='word_1_355' title='bbox 951 2303 957 2320; x_wconf 92' lang='lat'>:</span> <span class='ocrx_word' id='word_1_356' title='bbox 976 2293 1079 2320; x_wconf 80' lang='lat' dir='ltr'><strong>Sciebat</strong></span> <span class='ocrx_word' id='word_1_357' title='bbox 1098 2290 1120 2319; x_wconf 91' lang='lat' dir='ltr'><strong>D</strong></span> 
     </span>
    </p>
   </div>
   <div class='ocr_carea' id='block_1_50' title="bbox 293 2342 1083 2383">
    <p class='ocr_par' dir='ltr' id='par_1_50' title="bbox 293 2342 1083 2383">
     <span class='ocr_line' id='line_1_51' title="bbox 293 2342 1083 2383; baseline -0.016 -5"><span class='ocrx_word' id='word_1_358' title='bbox 293 2351 362 2378; x_wconf 78' lang='lat' dir='ltr'><strong>enim</strong></span> <span class='ocrx_word' id='word_1_359' title='bbox 371 2349 452 2381; x_wconf 74' lang='lat' dir='ltr'><strong>Deus,</strong></span> <span class='ocrx_word' id='word_1_360' title='bbox 463 2347 531 2383; x_wconf 85' lang='lat' dir='ltr'><strong>quod</strong></span> <span class='ocrx_word' id='word_1_361' title='bbox 539 2352 691 2381; x_wconf 76' lang='lat' dir='ltr'><strong>quacunque</strong></span> <span class='ocrx_word' id='word_1_362' title='bbox 701 2343 743 2370; x_wconf 83' lang='lat' dir='ltr'><strong>die</strong></span> <span class='ocrx_word' id='word_1_363' title='bbox 751 2342 916 2369; x_wconf 75' lang='lat' dir='ltr'><strong>comederitis</strong></span> <span class='ocrx_word' id='word_1_364' title='bbox 929 2348 960 2367; x_wconf 73' lang='lat' dir='ltr'><strong>ea:</strong></span> <span class='ocrx_word' id='word_1_365' title='bbox 972 2348 1011 2372; x_wconf 85' lang='lat' dir='ltr'><strong>eo,</strong></span> <span class='ocrx_word' id='word_1_366' title='bbox 1022 2347 1083 2373; x_wconf 89' lang='lat' dir='ltr'><strong>ape-</strong></span> 
     </span>
    </p>
   </div>
   <div class='ocr_carea' id='block_1_51' title="bbox 295 2387 1083 2425">
    <p class='ocr_par' dir='ltr' id='par_1_51' title="bbox 295 2387 1083 2425">
     <span class='ocr_line' id='line_1_52' title="bbox 295 2387 1083 2425; baseline -0.015 -1"><span class='ocrx_word' id='word_1_367' title='bbox 295 2399 396 2424; x_wconf 84' lang='lat' dir='ltr'><strong>rientur</strong></span> <span class='ocrx_word' id='word_1_368' title='bbox 404 2396 473 2423; x_wconf 82' lang='lat' dir='ltr'><strong>oculi</strong></span> <span class='ocrx_word' id='word_1_369' title='bbox 489 2394 576 2425; x_wconf 71' lang='lat' dir='ltr'><strong>vestri,</strong></span> <span class='ocrx_word' id='word_1_370' title='bbox 590 2398 614 2420; x_wconf 85' lang='lat' dir='ltr'><strong>et</strong></span> <span class='ocrx_word' id='word_1_371' title='bbox 625 2392 697 2420; x_wconf 79' lang='lat' dir='ltr'><strong>eritis</strong></span> <span class='ocrx_word' id='word_1_372' title='bbox 707 2391 774 2418; x_wconf 80' lang='lat' dir='ltr'><strong>sicut</strong></span> <span class='ocrx_word' id='word_1_373' title='bbox 793 2389 842 2421; x_wconf 87' lang='lat' dir='ltr'><strong>dii,</strong></span> <span class='ocrx_word' id='word_1_374' title='bbox 856 2389 965 2415; x_wconf 79' lang='lat' dir='ltr'><strong>scientes</strong></span> <span class='ocrx_word' id='word_1_375' title='bbox 987 2387 1083 2413; x_wconf 87' lang='lat' dir='ltr'><strong>bonum</strong></span> 
     </span>
    </p>
   </div>
   <div class='ocr_carea' id='block_1_52' title="bbox 295 2436 1083 2475">
    <p class='ocr_par' dir='ltr' id='par_1_52' title="bbox 295 2436 1083 2475">
     <span class='ocr_line' id='line_1_53' title="bbox 295 2436 1083 2475; baseline -0.01 -5"><span class='ocrx_word' id='word_1_376' title='bbox 295 2447 320 2469; x_wconf 88' lang='lat' dir='ltr'><strong>et</strong></span> <span class='ocrx_word' id='word_1_377' title='bbox 336 2443 474 2470; x_wconf 73' lang='lat' dir='ltr'><strong>malum&quot;.</strong></span> <span class='ocrx_word' id='word_1_378' title='bbox 496 2443 527 2468; x_wconf 82' lang='lat' dir='ltr'><strong>Et</strong></span> <span class='ocrx_word' id='word_1_379' title='bbox 554 2441 653 2468; x_wconf 85' lang='lat' dir='ltr'><strong>talibus</strong></span> <span class='ocrx_word' id='word_1_380' title='bbox 670 2439 780 2475; x_wconf 85' lang='lat' dir='ltr'><strong>quidem</strong></span> <span class='ocrx_word' id='word_1_381' title='bbox 796 2437 877 2464; x_wconf 88' lang='lat' dir='ltr'><strong>dictis</strong></span> <span class='ocrx_word' id='word_1_382' title='bbox 891 2436 1034 2467; x_wconf 83' lang='lat' dir='ltr'><strong>simulans,</strong></span> <span class='ocrx_word' id='word_1_383' title='bbox 1057 2440 1083 2463; x_wconf 87' lang='lat' dir='ltr'><strong>et</strong></span> 
     </span>
    </p>
   </div>
   <div class='ocr_carea' id='block_1_53' title="bbox 294 2484 1082 2522">
    <p class='ocr_par' dir='ltr' id='par_1_53' title="bbox 294 2484 1082 2522">
     <span class='ocr_line' id='line_1_54' title="bbox 294 2484 1082 2522; baseline -0.008 -6"><span class='ocrx_word' id='word_1_384' title='bbox 294 2489 379 2516; x_wconf 89' lang='lat' dir='ltr'><strong>Deum</strong></span> <span class='ocrx_word' id='word_1_385' title='bbox 392 2497 419 2517; x_wconf 85' lang='lat' dir='ltr'><strong>se</strong></span> <span class='ocrx_word' id='word_1_386' title='bbox 428 2497 510 2516; x_wconf 84' lang='lat' dir='ltr'><strong>nosse</strong></span> <span class='ocrx_word' id='word_1_387' title='bbox 535 2486 693 2522; x_wconf 65' lang='lat' dir='ltr'><strong>praeferens,</strong></span> <span class='ocrx_word' id='word_1_388' title='bbox 715 2485 855 2513; x_wconf 88' lang='lat' dir='ltr'><strong>mulierem</strong></span> <span class='ocrx_word' id='word_1_389' title='bbox 874 2484 1082 2519; x_wconf 83' lang='lat' dir='ltr'><strong>alloquebatur;</strong></span> 
     </span>
    </p>
   </div>
   <div class='ocr_carea' id='block_1_54' title="bbox 295 2531 1082 2568">
    <p class='ocr_par' dir='ltr' id='par_1_54' title="bbox 295 2531 1082 2568">
     <span class='ocr_line' id='line_1_55' title="bbox 295 2531 1082 2568; baseline -0.006 -6"><span class='ocrx_word' id='word_1_390' title='bbox 295 2536 324 2562; x_wconf 91' lang='lat' dir='ltr'><strong>in</strong></span> <span class='ocrx_word' id='word_1_391' title='bbox 333 2534 416 2561; x_wconf 88' lang='lat' dir='ltr'><strong>corde</strong></span> <span class='ocrx_word' id='word_1_392' title='bbox 426 2539 515 2561; x_wconf 74' lang='lat' dir='ltr'><strong>autem</strong></span> <span class='ocrx_word' id='word_1_393' title='bbox 531 2534 690 2568; x_wconf 86' lang='lat' dir='ltr'><strong>iniquitates</strong></span> <span class='ocrx_word' id='word_1_394' title='bbox 712 2532 888 2567; x_wconf 80' lang='lat' dir='ltr'><strong>operabatur,</strong></span> <span class='ocrx_word' id='word_1_395' title='bbox 910 2539 941 2558; x_wconf 85' lang='lat' dir='ltr'><strong>ac</strong></span> <span class='ocrx_word' id='word_1_396' title='bbox 953 2531 1082 2566; x_wconf 85' lang='lat' dir='ltr'><strong>operibus</strong></span> 
     </span>
    </p>
   </div>
   <div class='ocr_carea' id='block_1_55' title="bbox 295 2579 1084 2615">
    <p class='ocr_par' dir='ltr' id='par_1_55' title="bbox 295 2579 1084 2615">
     <span class='ocr_line' id='line_1_56' title="bbox 295 2579 1084 2615; baseline -0.004 -7"><span class='ocrx_word' id='word_1_397' title='bbox 295 2580 458 2615; x_wconf 68' lang='lat' dir='ltr'><strong>iniustitiam</strong></span> <span class='ocrx_word' id='word_1_398' title='bbox 474 2581 664 2615; x_wconf 86' lang='lat' dir='ltr'><strong>complicahat.</strong></span> <span class='ocrx_word' id='word_1_399' title='bbox 683 2579 778 2606; x_wconf 82' lang='lat' dir='ltr'><strong>Merito</strong></span> <span class='ocrx_word' id='word_1_400' title='bbox 789 2579 814 2605; x_wconf 94' lang='lat' dir='ltr'><strong>hi</strong></span> <span class='ocrx_word' id='word_1_401' title='bbox 832 2586 940 2613; x_wconf 81' lang='lat' dir='ltr'><strong>quoque</strong></span> <span class='ocrx_word' id='word_1_402' title='bbox 955 2579 1084 2605; x_wconf 85' lang='lat' dir='ltr'><strong>dicuntur</strong></span> 
     </span>
    </p>
   </div>
   <div class='ocr_carea' id='block_1_56' title="bbox 297 2626 1084 2660">
    <p class='ocr_par' dir='ltr' id='par_1_56' title="bbox 297 2626 1084 2660">
     <span class='ocr_line' id='line_1_57' title="bbox 297 2626 1084 2660; baseline -0.001 -7"><span class='ocrx_word' id='word_1_403' title='bbox 297 2627 417 2654; x_wconf 82' lang='lat' dir='ltr'><strong>furorem</strong></span> <span class='ocrx_word' id='word_1_404' title='bbox 429 2629 456 2653; x_wconf 90' lang='lat' dir='ltr'><strong>et</strong></span> <span class='ocrx_word' id='word_1_405' title='bbox 471 2627 589 2653; x_wconf 82' lang='lat' dir='ltr'><strong>animam</strong></span> <span class='ocrx_word' id='word_1_406' title='bbox 605 2627 706 2653; x_wconf 85' lang='lat' dir='ltr'><strong>habere</strong></span> <span class='ocrx_word' id='word_1_407' title='bbox 734 2630 886 2653; x_wconf 86' lang='lat' dir='ltr'><strong>memorato</strong></span> <span class='ocrx_word' id='word_1_408' title='bbox 909 2626 1029 2660; x_wconf 81' lang='lat' dir='ltr'><strong>serpenti</strong></span> <span class='ocrx_word' id='word_1_409' title='bbox 1047 2626 1084 2653; x_wconf 91' lang='lat' dir='ltr'><strong>si-</strong></span> 
     </span>
    </p>
   </div>
   <div class='ocr_carea' id='block_1_57' title="bbox 295 2670 1082 2707">
    <p class='ocr_par' dir='ltr' id='par_1_57' title="bbox 295 2670 1082 2707">
     <span class='ocr_line' id='line_1_58' title="bbox 295 2670 1082 2707; baseline -0.001 -7"><span class='ocrx_word' id='word_1_410' title='bbox 295 2672 398 2700; x_wconf 89' lang='lat' dir='ltr'><strong>milem.</strong></span> <span class='ocrx_word' id='word_1_411' title='bbox 410 2670 486 2704; x_wconf 83' lang='lat' dir='ltr'><strong>Quod</strong></span> <span class='ocrx_word' id='word_1_412' title='bbox 503 2672 590 2706; x_wconf 90' lang='lat' dir='ltr'><strong>ipsum</strong></span> <span class='ocrx_word' id='word_1_413' title='bbox 606 2672 677 2700; x_wconf 89' lang='lat' dir='ltr'><strong>Deus</strong></span> <span class='ocrx_word' id='word_1_414' title='bbox 691 2673 861 2707; x_wconf 71' lang='lat' dir='ltr'><strong>przcscientia</strong></span> <span class='ocrx_word' id='word_1_415' title='bbox 878 2680 926 2699; x_wconf 89' lang='lat' dir='ltr'><strong>sua</strong></span> <span class='ocrx_word' id='word_1_416' title='bbox 943 2680 1082 2707; x_wconf 76' lang='lat' dir='ltr'><strong>prteoccu-</strong></span> 
     </span>
    </p>
   </div>
   <div class='ocr_carea' id='block_1_58' title="bbox 296 2717 1084 2753">
    <p class='ocr_par' dir='ltr' id='par_1_58' title="bbox 296 2717 1084 2753">
     <span class='ocr_line' id='line_1_59' title="bbox 296 2717 1084 2753; baseline 0.001 -9"><span class='ocrx_word' id='word_1_417' title='bbox 296 2718 380 2752; x_wconf 80' lang='lat' dir='ltr'><strong>pavit.</strong></span> <span class='ocrx_word' id='word_1_418' title='bbox 390 2717 458 2744; x_wconf 85' lang='lat' dir='ltr'><strong>Nam</strong></span> <span class='ocrx_word' id='word_1_419' title='bbox 469 2717 508 2749; x_wconf 86' lang='lat' dir='ltr'><strong>hi,</strong></span> <span class='ocrx_word' id='word_1_420' title='bbox 521 2717 621 2745; x_wconf 87' lang='lat' dir='ltr'><strong>auditis</strong></span> <span class='ocrx_word' id='word_1_421' title='bbox 634 2719 732 2746; x_wconf 83' lang='lat' dir='ltr'><strong>divinis</strong></span> <span class='ocrx_word' id='word_1_422' title='bbox 748 2719 931 2750; x_wconf 80' lang='lat' dir='ltr'><strong>sermonibus,</strong></span> <span class='ocrx_word' id='word_1_423' title='bbox 943 2719 1084 2753; x_wconf 79' lang='lat' dir='ltr'><strong>sacrisque</strong></span> 
     </span>
    </p>
   </div>
   <div class='ocr_carea' id='block_1_59' title="bbox 296 2763 1084 2799">
    <p class='ocr_par' dir='ltr' id='par_1_59' title="bbox 296 2763 1084 2799">
     <span class='ocr_line' id='line_1_60' title="bbox 296 2763 1084 2799; baseline -0.001 -7"><span class='ocrx_word' id='word_1_424' title='bbox 296 2765 388 2792; x_wconf 81' lang='lat' dir='ltr'><strong>verbis</strong></span> <span class='ocrx_word' id='word_1_425' title='bbox 415 2763 527 2796; x_wconf 86' lang='lat' dir='ltr'><strong>eruditi,</strong></span> <span class='ocrx_word' id='word_1_426' title='bbox 548 2763 616 2790; x_wconf 90' lang='lat' dir='ltr'><strong>nihil</strong></span> <span class='ocrx_word' id='word_1_427' title='bbox 646 2764 678 2791; x_wconf 85' lang='lat' dir='ltr'><strong>ad</strong></span> <span class='ocrx_word' id='word_1_428' title='bbox 708 2765 852 2792; x_wconf 86' lang='lat' dir='ltr'><strong>utilitatem</strong></span> <span class='ocrx_word' id='word_1_429' title='bbox 881 2767 998 2799; x_wconf 87' lang='lat' dir='ltr'><strong>parient,</strong></span> <span class='ocrx_word' id='word_1_430' title='bbox 1019 2765 1084 2799; x_wconf 89' lang='lat' dir='ltr'><strong>quia</strong></span> 
     </span>
    </p>
   </div>
   <div class='ocr_carea' id='block_1_60' title="bbox 297 2811 1082 2845">
    <p class='ocr_par' dir='ltr' id='par_1_60' title="bbox 297 2811 1082 2845">
     <span class='ocr_line' id='line_1_61' title="bbox 297 2811 1082 2845; baseline 0.003 -7"><span class='ocrx_word' id='word_1_431' title='bbox 297 2819 378 2839; x_wconf 76' lang='lat' dir='ltr'><strong>aures</strong></span> <span class='ocrx_word' id='word_1_432' title='bbox 402 2811 569 2842; x_wconf 88' lang='lat' dir='ltr'><strong>occludunt,</strong></span> <span class='ocrx_word' id='word_1_433' title='bbox 583 2818 670 2845; x_wconf 82' lang='lat' dir='ltr'><strong>neque</strong></span> <span class='ocrx_word' id='word_1_434' title='bbox 691 2811 846 2839; x_wconf 86' lang='lat' dir='ltr'><strong>divinarum</strong></span> <span class='ocrx_word' id='word_1_435' title='bbox 867 2812 1082 2840; x_wconf 84' lang='lat' dir='ltr'><strong>incantationum</strong></span> 
     </span>
    </p>
   </div>
   <div class='ocr_carea' id='block_1_61' title="bbox 297 2857 1084 2894">
    <p class='ocr_par' dir='ltr' id='par_1_61' title="bbox 297 2857 1084 2894">
     <span class='ocr_line' id='line_1_62' title="bbox 297 2857 1084 2894; baseline 0.003 -10"><span class='ocrx_word' id='word_1_436' title='bbox 297 2857 413 2885; x_wconf 89' lang='lat' dir='ltr'><strong>virtutes</strong></span> <span class='ocrx_word' id='word_1_437' title='bbox 431 2857 580 2892; x_wconf 86' lang='lat' dir='ltr'><strong>recipiunt,</strong></span> <span class='ocrx_word' id='word_1_438' title='bbox 595 2857 643 2885; x_wconf 84' lang='lat' dir='ltr'><strong>sed</strong></span> <span class='ocrx_word' id='word_1_439' title='bbox 653 2858 757 2885; x_wconf 87' lang='lat' dir='ltr'><strong>similes</strong></span> <span class='ocrx_word' id='word_1_440' title='bbox 773 2862 836 2886; x_wconf 89' lang='lat' dir='ltr'><strong>sunt</strong></span> <span class='ocrx_word' id='word_1_441' title='bbox 853 2858 940 2894; x_wconf 84' lang='lat' dir='ltr'><strong>aspidi</strong></span> <span class='ocrx_word' id='word_1_442' title='bbox 954 2859 1044 2887; x_wconf 64' lang='lat' dir='ltr'><strong>surdae</strong></span> <span class='ocrx_word' id='word_1_443' title='bbox 1059 2865 1084 2887; x_wconf 86' lang='lat' dir='ltr'><strong>et</strong></span> 
     </span>
    </p>
   </div>
   <div class='ocr_carea' id='block_1_62' title="bbox 334 2927 746 2970">
    <p class='ocr_par' dir='ltr' id='par_1_62' title="bbox 334 2927 746 2970">
     <span class='ocr_line' id='line_1_63' title="bbox 334 2927 746 2970; baseline -0.005 -4"><span class='ocrx_word' id='word_1_444' title='bbox 334 2927 356 2953; x_wconf 51' lang='grc' dir='ltr'><strong>δ’</strong></span> <span class='ocrx_word' id='word_1_445' title='bbox 376 2937 442 2966; x_wconf 79' lang='lat' dir='ltr'><strong>Gen.</strong></span> <span class='ocrx_word' id='word_1_446' title='bbox 463 2946 511 2970; x_wconf 79' lang='lat' dir='ltr'><strong>Ill,</strong></span> <span class='ocrx_word' id='word_1_447' title='bbox 531 2937 553 2965; x_wconf 89' lang='lat' dir='ltr'><strong>i.</strong></span> <span class='ocrx_word' id='word_1_448' title='bbox 592 2938 613 2953; x_wconf 78' lang='lat'><strong>&quot;</strong></span> <span class='ocrx_word' id='word_1_449' title='bbox 634 2937 700 2966; x_wconf 78' lang='lat' dir='ltr'><strong>ibid.</strong></span> <span class='ocrx_word' id='word_1_450' title='bbox 720 2937 746 2965; x_wconf 81' lang='lat'><strong>5.</strong></span> 
     </span>
    </p>
   </div>
   <div class='ocr_carea' id='block_1_63' title="bbox 1125 291 1917 334">
    <p class='ocr_par' dir='ltr' id='par_1_63' title="bbox 1125 291 1917 334">
     <span class='ocr_line' id='line_1_64' title="bbox 1125 291 1917 334; baseline -0.013 -8"><span class='ocrx_word' id='word_1_451' title='bbox 1125 297 1280 334; x_wconf 69' lang='grc' dir='ltr'>ἐργάζεσθε</span> <span class='ocrx_word' id='word_1_452' title='bbox 1299 297 1335 324; x_wconf 78' lang='grc' dir='ltr'><strong>ἐν</strong></span> <span class='ocrx_word' id='word_1_453' title='bbox 1352 296 1390 331; x_wconf 79' lang='grc' dir='ltr'>τῇ</span> <span class='ocrx_word' id='word_1_454' title='bbox 1416 295 1469 332; x_wconf 77' lang='grc' dir='ltr'><strong>γῇ·</strong></span> <span class='ocrx_word' id='word_1_455' title='bbox 1483 295 1578 322; x_wconf 87' lang='grc' dir='ltr'>τούτου</span> <span class='ocrx_word' id='word_1_456' title='bbox 1592 294 1631 326; x_wconf 81' lang='grc' dir='ltr'>δὲ,</span> <span class='ocrx_word' id='word_1_457' title='bbox 1648 293 1741 328; x_wconf 68' lang='grc' dir='ltr'>φησιν,</span> <span class='ocrx_word' id='word_1_458' title='bbox 1763 291 1874 326; x_wconf 78' lang='grc' dir='ltr'>ἔλεγχος</span> <span class='ocrx_word' id='word_1_459' title='bbox 1891 292 1917 318; x_wconf 77' lang='grc' dir='ltr'>αἱ</span> 
     </span>
    </p>
   </div>
   <div class='ocr_carea' id='block_1_64' title="bbox 1126 336 1963 380">
    <p class='ocr_par' dir='ltr' id='par_1_64' title="bbox 1126 336 1963 380">
     <span class='ocr_line' id='line_1_65' title="bbox 1126 336 1963 380; baseline -0.007 -9"><span class='ocrx_word' id='word_1_460' title='bbox 1126 345 1258 380; x_wconf 81' lang='grc' dir='ltr'>ὑμέτεραι</span> <span class='ocrx_word' id='word_1_461' title='bbox 1285 343 1412 379; x_wconf 76' lang='grc' dir='ltr'>πράξεις·</span> <span class='ocrx_word' id='word_1_462' title='bbox 1437 341 1569 369; x_wconf 82' lang='grc' dir='ltr'><strong>Ἀδικίαν</strong></span> <span class='ocrx_word' id='word_1_463' title='bbox 1585 341 1614 367; x_wconf 80' lang='grc' dir='ltr'>αι</span> <span class='ocrx_word' id='word_1_464' title='bbox 1630 339 1727 373; x_wconf 79' lang='grc' dir='ltr'>χεῖρες</span> <span class='ocrx_word' id='word_1_465' title='bbox 1740 336 1824 372; x_wconf 79' lang='grc' dir='ltr'><strong>ὑμῶν</strong></span> <span class='ocrx_word' id='word_1_466' title='bbox 1843 343 1920 370; x_wconf 85' lang='grc' dir='ltr'><strong>συμ-</strong></span> <span class='ocrx_word' id='word_1_467' title='bbox 1959 358 1963 365; x_wconf 59' lang='grc' dir='ltr'><strong>ν</strong></span> 
     </span>
    </p>
   </div>
   <div class='ocr_carea' id='block_1_65' title="bbox 1129 380 1920 422">
    <p class='ocr_par' dir='ltr' id='par_1_65' title="bbox 1129 380 1920 422">
     <span class='ocr_line' id='line_1_66' title="bbox 1129 380 1920 422; baseline -0.014 -6"><span class='ocrx_word' id='word_1_468' title='bbox 1129 390 1286 416; x_wconf 76' lang='grc' dir='ltr'>πλέκουσι.</span> <span class='ocrx_word' id='word_1_469' title='bbox 1311 387 1428 422; x_wconf 83' lang='grc' dir='ltr'>Κρίνατε</span> <span class='ocrx_word' id='word_1_470' title='bbox 1449 384 1495 413; x_wconf 76' lang='grc' dir='ltr'><strong>οὖν</strong></span> <span class='ocrx_word' id='word_1_471' title='bbox 1507 385 1597 416; x_wconf 80' lang='grc' dir='ltr'><strong>εὐθέα,</strong></span> <span class='ocrx_word' id='word_1_472' title='bbox 1613 383 1666 410; x_wconf 70' lang='grc' dir='ltr'>υἱοὶ</span> <span class='ocrx_word' id='word_1_473' title='bbox 1681 383 1734 409; x_wconf 81' lang='grc' dir='ltr'><strong>τῶν</strong></span> <span class='ocrx_word' id='word_1_474' title='bbox 1756 380 1920 416; x_wconf 83' lang='grc' dir='ltr'>ἀνθρώπων,</span> 
     </span>
    </p>
   </div>
   <div class='ocr_carea' id='block_1_66' title="bbox 1132 426 1921 469">
    <p class='ocr_par' dir='ltr' id='par_1_66' title="bbox 1132 426 1921 469">
     <span class='ocr_line' id='line_1_67' title="bbox 1132 426 1921 469; baseline -0.015 -6"><span class='ocrx_word' id='word_1_475' title='bbox 1132 436 1180 463; x_wconf 79' lang='grc' dir='ltr'>καὶ</span> <span class='ocrx_word' id='word_1_476' title='bbox 1202 434 1344 469; x_wconf 81' lang='grc' dir='ltr'><strong>λογίσασθε</strong></span> <span class='ocrx_word' id='word_1_477' title='bbox 1363 433 1426 467; x_wconf 82' lang='grc' dir='ltr'>παρ’</span> <span class='ocrx_word' id='word_1_478' title='bbox 1438 433 1553 463; x_wconf 76' lang='grc' dir='ltr'><strong>ἑαυτοῖς,</strong></span> <span class='ocrx_word' id='word_1_479' title='bbox 1573 432 1597 457; x_wconf 83' lang='grc' dir='ltr'><strong>εί</strong></span> <span class='ocrx_word' id='word_1_480' title='bbox 1609 431 1665 461; x_wconf 79' lang='grc' dir='ltr'>τοῖς</span> <span class='ocrx_word' id='word_1_481' title='bbox 1679 428 1822 463; x_wconf 76' lang='grc' dir='ltr'>ὑμετέροις</span> <span class='ocrx_word' id='word_1_482' title='bbox 1832 426 1921 460; x_wconf 78' lang='grc' dir='ltr'>λόγοις</span> 
     </span>
    </p>
   </div>
   <div class='ocr_carea' id='block_1_67' title="bbox 1132 471 1919 516">
    <p class='ocr_par' dir='ltr' id='par_1_67' title="bbox 1132 471 1919 516">
     <span class='ocr_line' id='line_1_68' title="bbox 1132 471 1919 516; baseline -0.014 -9"><span class='ocrx_word' id='word_1_483' title='bbox 1132 481 1274 516; x_wconf 75' lang='grc' dir='ltr'><strong>συμφωνεῖ</strong></span> <span class='ocrx_word' id='word_1_484' title='bbox 1295 479 1328 505; x_wconf 84' lang='grc' dir='ltr'>τὰ</span> <span class='ocrx_word' id='word_1_485' title='bbox 1351 478 1428 514; x_wconf 71' lang='grc' dir='ltr'>ἔργα,</span> <span class='ocrx_word' id='word_1_486' title='bbox 1444 478 1474 504; x_wconf 82' lang='lat' dir='ltr'><strong>El.</strong></span> <span class='ocrx_word' id='word_1_487' title='bbox 1489 477 1543 512; x_wconf 79' lang='grc' dir='ltr'>γὰρ</span> <span class='ocrx_word' id='word_1_488' title='bbox 1556 473 1726 507; x_wconf 65' lang='grc' dir='ltr'>δικαιοσύνην</span> <span class='ocrx_word' id='word_1_489' title='bbox 1738 472 1853 502; x_wconf 80' lang='grc' dir='ltr'>λαλεῖτε,</span> <span class='ocrx_word' id='word_1_490' title='bbox 1863 471 1919 502; x_wconf 76' lang='grc' dir='ltr'><strong>πῶς</strong></span> 
     </span>
    </p>
   </div>
   <div class='ocr_carea' id='block_1_68' title="bbox 1131 514 1919 562">
    <p class='ocr_par' dir='ltr' id='par_1_68' title="bbox 1131 514 1919 562">
     <span class='ocr_line' id='line_1_69' title="bbox 1131 514 1919 562; baseline -0.014 -9"><span class='ocrx_word' id='word_1_491' title='bbox 1131 527 1158 554; x_wconf 79' lang='lat' dir='ltr'><strong>ai</strong></span> <span class='ocrx_word' id='word_1_492' title='bbox 1175 527 1262 562; x_wconf 86' lang='grc' dir='ltr'>χεῖρες</span> <span class='ocrx_word' id='word_1_493' title='bbox 1288 523 1363 559; x_wconf 81' lang='grc' dir='ltr'>ὑμῶν</span> <span class='ocrx_word' id='word_1_494' title='bbox 1382 523 1486 550; x_wconf 83' lang='grc' dir='ltr'>ἀδικίαν</span> <span class='ocrx_word' id='word_1_495' title='bbox 1509 520 1725 556; x_wconf 83' lang='grc' dir='ltr'>συμπλέκουσιν;</span> <span class='ocrx_word' id='word_1_496' title='bbox 1741 519 1798 552; x_wconf 75' lang='grc' dir='ltr'><strong>Ἀφ’</strong></span> <span class='ocrx_word' id='word_1_497' title='bbox 1815 514 1845 544; x_wconf 74' lang='grc' dir='ltr'>οὗ</span> <span class='ocrx_word' id='word_1_498' title='bbox 1865 516 1919 543; x_wconf 83' lang='grc' dir='ltr'>δεί-</span> 
     </span>
    </p>
   </div>
   <div class='ocr_carea' id='block_1_69' title="bbox 1131 563 1920 605">
    <p class='ocr_par' dir='ltr' id='par_1_69' title="bbox 1131 563 1920 605">
     <span class='ocr_line' id='line_1_70' title="bbox 1131 563 1920 605; baseline -0.014 -7"><span class='ocrx_word' id='word_1_499' title='bbox 1131 572 1230 598; x_wconf 78' lang='grc' dir='ltr'>κνυσθε</span> <span class='ocrx_word' id='word_1_500' title='bbox 1243 571 1362 605; x_wconf 85' lang='grc' dir='ltr'>ἀνομίας·</span> <span class='ocrx_word' id='word_1_501' title='bbox 1374 570 1402 596; x_wconf 81' lang='grc' dir='ltr'>ἐν</span> <span class='ocrx_word' id='word_1_502' title='bbox 1417 570 1448 603; x_wconf 84' lang='grc' dir='ltr'>τῇ</span> <span class='ocrx_word' id='word_1_503' title='bbox 1466 567 1564 603; x_wconf 71' lang='grc' dir='ltr'>καρδίᾳ</span> <span class='ocrx_word' id='word_1_504' title='bbox 1578 565 1754 600; x_wconf 79' lang='grc' dir='ltr'>λογιζόμενοι,</span> <span class='ocrx_word' id='word_1_505' title='bbox 1774 563 1822 589; x_wconf 71' lang='grc' dir='ltr'><strong>καὶ</strong></span> <span class='ocrx_word' id='word_1_506' title='bbox 1838 563 1920 597; x_wconf 73' lang='grc' dir='ltr'>ἕτερα</span> 
     </span>
    </p>
   </div>
   <div class='ocr_carea' id='block_1_70' title="bbox 1137 607 1919 650">
    <p class='ocr_par' dir='ltr' id='par_1_70' title="bbox 1137 607 1919 650">
     <span class='ocr_line' id='line_1_71' title="bbox 1137 607 1919 650; baseline -0.015 -6"><span class='ocrx_word' id='word_1_507' title='bbox 1137 617 1186 648; x_wconf 76' lang='grc' dir='ltr'><strong>μὲν</strong></span> <span class='ocrx_word' id='word_1_508' title='bbox 1202 615 1395 650; x_wconf 78' lang='grc' dir='ltr'><strong>διανοούμενοι,</strong></span> <span class='ocrx_word' id='word_1_509' title='bbox 1411 615 1493 649; x_wconf 66' lang='grc' dir='ltr'>ἕτερα</span> <span class='ocrx_word' id='word_1_510' title='bbox 1515 612 1543 638; x_wconf 76' lang='grc' dir='ltr'><strong>δὲ</strong></span> <span class='ocrx_word' id='word_1_511' title='bbox 1566 611 1604 646; x_wconf 83' lang='grc' dir='ltr'><strong>τῷ</strong></span> <span class='ocrx_word' id='word_1_512' title='bbox 1630 610 1743 645; x_wconf 71' lang='grc' dir='ltr'>στόματι</span> <span class='ocrx_word' id='word_1_513' title='bbox 1766 607 1919 637; x_wconf 78' lang='grc' dir='ltr'>λαλοῦντες.</span> 
     </span>
    </p>
   </div>
   <div class='ocr_carea' id='block_1_71' title="bbox 1132 654 1922 696">
    <p class='ocr_par' dir='ltr' id='par_1_71' title="bbox 1132 654 1922 696">
     <span class='ocr_line' id='line_1_72' title="bbox 1132 654 1922 696; baseline -0.016 -6"><span class='ocrx_word' id='word_1_514' title='bbox 1132 665 1166 690; x_wconf 81' lang='lat' dir='ltr'><strong>Et</strong></span> <span class='ocrx_word' id='word_1_515' title='bbox 1183 662 1221 696; x_wconf 74' lang='grc' dir='ltr'><strong>δὴ</strong></span> <span class='ocrx_word' id='word_1_516' title='bbox 1238 660 1283 689; x_wconf 79' lang='grc' dir='ltr'>οὖν</span> <span class='ocrx_word' id='word_1_517' title='bbox 1297 660 1416 694; x_wconf 63' lang='grc' dir='ltr'>ἀληθῶς</span> <span class='ocrx_word' id='word_1_518' title='bbox 1429 658 1625 690; x_wconf 75' lang='grc' dir='ltr'>δικαιοσύνην</span> <span class='ocrx_word' id='word_1_519' title='bbox 1646 655 1781 686; x_wconf 73' lang='grc' dir='ltr'>λαλεῖτε,</span> <span class='ocrx_word' id='word_1_520' title='bbox 1801 654 1922 687; x_wconf 77' lang='grc' dir='ltr'><strong>κρίνατε</strong></span> 
     </span>
    </p>
   </div>
   <div class='ocr_carea' id='block_1_72' title="bbox 1099 697 1921 746">
    <p class='ocr_par' dir='ltr' id='par_1_72' title="bbox 1099 697 1921 746">
     <span class='ocr_line' id='line_1_73' title="bbox 1099 697 1921 746; baseline -0.015 -10"><span class='ocrx_word' id='word_1_521' title='bbox 1099 711 1244 746; x_wconf 80' lang='grc' dir='ltr'>πράττετε,</span> <span class='ocrx_word' id='word_1_522' title='bbox 1269 707 1335 743; x_wconf 80' lang='grc' dir='ltr'>μηδὲ</span> <span class='ocrx_word' id='word_1_523' title='bbox 1354 708 1382 732; x_wconf 82' lang='grc' dir='ltr'>ὲν</span> <span class='ocrx_word' id='word_1_524' title='bbox 1408 705 1506 741; x_wconf 64' lang='grc' dir='ltr'>καρδίᾳ.</span> <span class='ocrx_word' id='word_1_525' title='bbox 1522 703 1634 738; x_wconf 77' lang='grc' dir='ltr'><strong>ἀνομίας</strong></span> <span class='ocrx_word' id='word_1_526' title='bbox 1661 699 1821 737; x_wconf 77' lang='grc' dir='ltr'>ἐργάζεσθε,</span> <span class='ocrx_word' id='word_1_527' title='bbox 1855 697 1921 734; x_wconf 75' lang='grc' dir='ltr'>μηδὲ</span> 
     </span>
    </p>
   </div>
   <div class='ocr_carea' id='block_1_73' title="bbox 1173 791 1918 832">
    <p class='ocr_par' dir='ltr' id='par_1_73' title="bbox 1173 791 1918 832">
     <span class='ocr_line' id='line_1_74' title="bbox 1173 791 1918 832; baseline -0.015 -5"><span class='ocrx_word' id='word_1_528' title='bbox 1173 798 1473 832; x_wconf 64' lang='grc' dir='ltr'>ᾺπηᾸλοτριώθηο-αν</span> <span class='ocrx_word' id='word_1_529' title='bbox 1491 797 1517 822; x_wconf 88' lang='lat' dir='ltr'><strong>ol</strong></span> <span class='ocrx_word' id='word_1_530' title='bbox 1534 793 1699 830; x_wconf 78' lang='grc' dir='ltr'>ἁμαρτωλοὶ</span> <span class='ocrx_word' id='word_1_531' title='bbox 1713 792 1773 820; x_wconf 77' lang='grc' dir='ltr'><strong>ἀπὸ</strong></span> <span class='ocrx_word' id='word_1_532' title='bbox 1784 791 1918 826; x_wconf 72' lang='grc' dir='ltr'>μήτρας,</span> 
     </span>
    </p>
   </div>
   <div class='ocr_carea' id='block_1_74' title="bbox 1128 837 1918 878">
    <p class='ocr_par' dir='ltr' id='par_1_74' title="bbox 1128 837 1918 878">
     <span class='ocr_line' id='line_1_75' title="bbox 1128 837 1918 878; baseline -0.013 -5"><span class='ocrx_word' id='word_1_533' title='bbox 1128 844 1347 878; x_wconf 77' lang='grc' dir='ltr'><strong>ἐπλανήθησαν</strong></span> <span class='ocrx_word' id='word_1_534' title='bbox 1372 842 1431 870; x_wconf 83' lang='grc' dir='ltr'><strong>ἀπὸ</strong></span> <span class='ocrx_word' id='word_1_535' title='bbox 1454 841 1601 876; x_wconf 74' lang='grc' dir='ltr'>γαστρὸς,</span> <span class='ocrx_word' id='word_1_536' title='bbox 1628 839 1784 870; x_wconf 64' lang='grc' dir='ltr'>ἐλάλησαν</span> <span class='ocrx_word' id='word_1_537' title='bbox 1808 837 1918 872; x_wconf 72' lang='grc' dir='ltr'><strong>ψευδῆ.</strong></span> 
     </span>
    </p>
   </div>
   <div class='ocr_carea' id='block_1_75' title="bbox 1128 882 1921 926">
    <p class='ocr_par' dir='ltr' id='par_1_75' title="bbox 1128 882 1921 926">
     <span class='ocr_line' id='line_1_76' title="bbox 1128 882 1921 926; baseline -0.014 -6"><span class='ocrx_word' id='word_1_538' title='bbox 1128 893 1183 920; x_wconf 69' lang='grc' dir='ltr'><strong>Καὶ</strong></span> <span class='ocrx_word' id='word_1_539' title='bbox 1202 891 1289 918; x_wconf 80' lang='grc' dir='ltr'>ταῦτα</span> <span class='ocrx_word' id='word_1_540' title='bbox 1313 890 1381 926; x_wconf 78' lang='grc' dir='ltr'>πρὸς</span> <span class='ocrx_word' id='word_1_541' title='bbox 1399 889 1461 920; x_wconf 77' lang='grc' dir='ltr'>τοὺς</span> <span class='ocrx_word' id='word_1_542' title='bbox 1476 888 1551 919; x_wconf 67' lang='grc' dir='ltr'>υἱοὺς</span> <span class='ocrx_word' id='word_1_543' title='bbox 1574 885 1629 912; x_wconf 82' lang='grc' dir='ltr'>τῶν</span> <span class='ocrx_word' id='word_1_544' title='bbox 1645 884 1794 920; x_wconf 80' lang='grc' dir='ltr'>ἀνθρώπων</span> <span class='ocrx_word' id='word_1_545' title='bbox 1811 882 1921 910; x_wconf 80' lang='grc' dir='ltr'>ἀποτεί-</span> 
     </span>
    </p>
   </div>
   <div class='ocr_carea' id='block_1_76' title="bbox 1095 928 1921 970">
    <p class='ocr_par' dir='ltr' id='par_1_76' title="bbox 1095 928 1921 970">
     <span class='ocr_line' id='line_1_77' title="bbox 1095 928 1921 970; baseline -0.015 -4"><span class='ocrx_word' id='word_1_546' title='bbox 1095 941 1114 970; x_wconf 78' lang='lat' dir='ltr'><strong>B</strong></span> <span class='ocrx_word' id='word_1_547' title='bbox 1131 946 1206 965; x_wconf 88' lang='grc' dir='ltr'>νεται</span> <span class='ocrx_word' id='word_1_548' title='bbox 1219 938 1283 969; x_wconf 78' lang='grc' dir='ltr'>τοὺς</span> <span class='ocrx_word' id='word_1_549' title='bbox 1299 933 1548 970; x_wconf 79' lang='grc' dir='ltr'>ἐπαγγελλομένους</span> <span class='ocrx_word' id='word_1_550' title='bbox 1564 931 1715 961; x_wconf 78' lang='grc' dir='ltr'>θεοσεὸεῖν,</span> <span class='ocrx_word' id='word_1_551' title='bbox 1736 930 1782 956; x_wconf 82' lang='grc' dir='ltr'>καὶ</span> <span class='ocrx_word' id='word_1_552' title='bbox 1795 930 1859 960; x_wconf 86' lang='grc' dir='ltr'>τοὺς</span> <span class='ocrx_word' id='word_1_553' title='bbox 1872 928 1921 964; x_wconf 82' lang='grc' dir='ltr'><strong>τῆς</strong></span> 
     </span>
    </p>
   </div>
   <div class='ocr_carea' id='block_1_77' title="bbox 1127 972 1922 1018">
    <p class='ocr_par' dir='ltr' id='par_1_77' title="bbox 1127 972 1922 1018">
     <span class='ocr_line' id='line_1_78' title="bbox 1127 972 1922 1018; baseline -0.016 -6"><span class='ocrx_word' id='word_1_554' title='bbox 1127 983 1301 1018; x_wconf 80' lang='grc' dir='ltr'><strong>δικαιοσύνης</strong></span> <span class='ocrx_word' id='word_1_555' title='bbox 1326 979 1505 1017; x_wconf 76' lang='grc' dir='ltr'>μετέρχεσθαι</span> <span class='ocrx_word' id='word_1_556' title='bbox 1526 978 1626 1013; x_wconf 88' lang='grc' dir='ltr'>νόμους</span> <span class='ocrx_word' id='word_1_557' title='bbox 1639 996 1646 1008; x_wconf 84' lang='grc'><strong>,</strong></span> <span class='ocrx_word' id='word_1_558' title='bbox 1665 976 1702 1011; x_wconf 83' lang='grc' dir='ltr'>μὴ</span> <span class='ocrx_word' id='word_1_559' title='bbox 1726 976 1870 1011; x_wconf 77' lang='grc' dir='ltr'>κρίνοντας</span> <span class='ocrx_word' id='word_1_560' title='bbox 1893 972 1922 1000; x_wconf 75' lang='grc' dir='ltr'><strong>δὲ</strong></span> 
     </span>
    </p>
   </div>
   <div class='ocr_carea' id='block_1_78' title="bbox 1127 1018 1921 1066">
    <p class='ocr_par' dir='ltr' id='par_1_78' title="bbox 1127 1018 1921 1066">
     <span class='ocr_line' id='line_1_79' title="bbox 1127 1018 1921 1066; baseline -0.014 -9"><span class='ocrx_word' id='word_1_561' title='bbox 1127 1029 1224 1066; x_wconf 81' lang='grc' dir='ltr'><strong>ὀρθῶς.</strong></span> <span class='ocrx_word' id='word_1_562' title='bbox 1240 1028 1324 1064; x_wconf 73' lang='grc' dir='ltr'>Φησὶν</span> <span class='ocrx_word' id='word_1_563' title='bbox 1337 1025 1382 1053; x_wconf 75' lang='grc' dir='ltr'><strong>οὖν</strong></span> <span class='ocrx_word' id='word_1_564' title='bbox 1399 1026 1466 1061; x_wconf 78' lang='grc' dir='ltr'>πρὸς</span> <span class='ocrx_word' id='word_1_565' title='bbox 1480 1023 1596 1056; x_wconf 80' lang='grc' dir='ltr'>αὐτούς·</span> <span class='ocrx_word' id='word_1_566' title='bbox 1616 1022 1762 1049; x_wconf 76' lang='grc' dir='ltr'>’Δκοὺσατε</span> <span class='ocrx_word' id='word_1_567' title='bbox 1773 1042 1780 1053; x_wconf 90' lang='lat'><strong>,</strong></span> <span class='ocrx_word' id='word_1_568' title='bbox 1792 1018 1815 1047; x_wconf 82' lang='grc' dir='ltr'><strong>ὦ</strong></span> <span class='ocrx_word' id='word_1_569' title='bbox 1830 1018 1921 1052; x_wconf 74' lang='grc' dir='ltr'>οὗτοι,</span> 
     </span>
    </p>
   </div>
   <div class='ocr_carea' id='block_1_79' title="bbox 1127 1065 1922 1108">
    <p class='ocr_par' dir='ltr' id='par_1_79' title="bbox 1127 1065 1922 1108">
     <span class='ocr_line' id='line_1_80' title="bbox 1127 1065 1922 1108; baseline -0.015 -5"><span class='ocrx_word' id='word_1_570' title='bbox 1127 1065 1152 1103; x_wconf 82' lang='lat' dir='ltr'><strong>oi.</strong></span> <span class='ocrx_word' id='word_1_571' title='bbox 1173 1074 1318 1105; x_wconf 76' lang='grc' dir='ltr'>λαλοῦντες</span> <span class='ocrx_word' id='word_1_572' title='bbox 1338 1073 1387 1108; x_wconf 86' lang='grc' dir='ltr'><strong>μὲν</strong></span> <span class='ocrx_word' id='word_1_573' title='bbox 1402 1070 1574 1105; x_wconf 84' lang='grc' dir='ltr'>δικαιοσύνην</span> <span class='ocrx_word' id='word_1_574' title='bbox 1589 1068 1627 1104; x_wconf 84' lang='grc' dir='ltr'>τῷ</span> <span class='ocrx_word' id='word_1_575' title='bbox 1649 1067 1782 1102; x_wconf 84' lang='grc' dir='ltr'>στόματι,</span> <span class='ocrx_word' id='word_1_576' title='bbox 1806 1065 1922 1102; x_wconf 76' lang='grc' dir='ltr'>ἐργαζό-</span> 
     </span>
    </p>
   </div>
   <div class='ocr_carea' id='block_1_80' title="bbox 1131 1112 1922 1157">
    <p class='ocr_par' dir='ltr' id='par_1_80' title="bbox 1131 1112 1922 1157">
     <span class='ocr_line' id='line_1_81' title="bbox 1131 1112 1922 1157; baseline -0.014 -9"><span class='ocrx_word' id='word_1_577' title='bbox 1131 1129 1206 1157; x_wconf 79' lang='grc' dir='ltr'>μενοι</span> <span class='ocrx_word' id='word_1_578' title='bbox 1227 1121 1255 1147; x_wconf 84' lang='grc' dir='ltr'><strong>δὲ</strong></span> <span class='ocrx_word' id='word_1_579' title='bbox 1267 1121 1327 1151; x_wconf 84' lang='grc' dir='ltr'>ταῖς</span> <span class='ocrx_word' id='word_1_580' title='bbox 1348 1118 1441 1154; x_wconf 76' lang='grc' dir='ltr'>χερσὶν</span> <span class='ocrx_word' id='word_1_581' title='bbox 1462 1115 1584 1147; x_wconf 75' lang='grc' dir='ltr'><strong>ἀδικίαν,</strong></span> <span class='ocrx_word' id='word_1_582' title='bbox 1612 1114 1660 1141; x_wconf 75' lang='grc' dir='ltr'><strong>καὶ</strong></span> <span class='ocrx_word' id='word_1_583' title='bbox 1681 1113 1780 1145; x_wconf 85' lang='grc' dir='ltr'>πολλὰς</span> <span class='ocrx_word' id='word_1_584' title='bbox 1799 1112 1872 1139; x_wconf 80' lang='grc' dir='ltr'>κατὰ</span> <span class='ocrx_word' id='word_1_585' title='bbox 1890 1112 1922 1139; x_wconf 74' lang='grc' dir='ltr'>τὸ</span> 
     </span>
    </p>
   </div>
   <div class='ocr_carea' id='block_1_81' title="bbox 1129 1158 1922 1202">
    <p class='ocr_par' dir='ltr' id='par_1_81' title="bbox 1129 1158 1922 1202">
     <span class='ocr_line' id='line_1_82' title="bbox 1129 1158 1922 1202; baseline -0.015 -7"><span class='ocrx_word' id='word_1_586' title='bbox 1129 1168 1193 1194; x_wconf 75' lang='grc' dir='ltr'>αὐτὸ</span> <span class='ocrx_word' id='word_1_587' title='bbox 1211 1166 1412 1202; x_wconf 77' lang='grc' dir='ltr'>συμπλέκοντες</span> <span class='ocrx_word' id='word_1_588' title='bbox 1427 1162 1565 1198; x_wconf 79' lang='grc' dir='ltr'>ἁμαρτίας</span> <span class='ocrx_word' id='word_1_589' title='bbox 1576 1170 1582 1176; x_wconf 88' lang='grc'><strong>·</strong></span> <span class='ocrx_word' id='word_1_590' title='bbox 1596 1161 1640 1188; x_wconf 75' lang='grc' dir='ltr'><strong>τὸν</strong></span> <span class='ocrx_word' id='word_1_591' title='bbox 1659 1160 1745 1195; x_wconf 79' lang='grc' dir='ltr'>μέγαν</span> <span class='ocrx_word' id='word_1_592' title='bbox 1760 1159 1858 1194; x_wconf 84' lang='grc' dir='ltr'>κριτὴν</span> <span class='ocrx_word' id='word_1_593' title='bbox 1875 1158 1922 1184; x_wconf 87' lang='grc' dir='ltr'><strong>οὺ-</strong></span> 
     </span>
    </p>
   </div>
   <div class='ocr_carea' id='block_1_82' title="bbox 1128 1204 1921 1241">
    <p class='ocr_par' dir='ltr' id='par_1_82' title="bbox 1128 1204 1921 1241">
     <span class='ocr_line' id='line_1_83' title="bbox 1128 1204 1921 1241; baseline -0.015 -1"><span class='ocrx_word' id='word_1_594' title='bbox 1128 1214 1171 1241; x_wconf 81' lang='grc' dir='ltr'><strong>δὲν</strong></span> <span class='ocrx_word' id='word_1_595' title='bbox 1185 1212 1311 1239; x_wconf 78' lang='grc' dir='ltr'>λανθάνει</span> <span class='ocrx_word' id='word_1_596' title='bbox 1322 1210 1374 1238; x_wconf 85' lang='grc' dir='ltr'><strong>τῶν</strong></span> <span class='ocrx_word' id='word_1_597' title='bbox 1385 1209 1456 1236; x_wconf 79' lang='grc' dir='ltr'>κατὰ</span> <span class='ocrx_word' id='word_1_598' title='bbox 1472 1209 1590 1235; x_wconf 86' lang='grc' dir='ltr'>διάνοιαν</span> <span class='ocrx_word' id='word_1_599' title='bbox 1603 1206 1709 1240; x_wconf 79' lang='grc' dir='ltr'>ἑκάστῳ</span> <span class='ocrx_word' id='word_1_600' title='bbox 1723 1204 1921 1239; x_wconf 78' lang='grc' dir='ltr'>λογιζομένων,</span> 
     </span>
    </p>
   </div>
   <div class='ocr_carea' id='block_1_83' title="bbox 1129 1251 1922 1295">
    <p class='ocr_par' dir='ltr' id='par_1_83' title="bbox 1129 1251 1922 1295">
     <span class='ocr_line' id='line_1_84' title="bbox 1129 1251 1922 1295; baseline -0.013 -9"><span class='ocrx_word' id='word_1_601' title='bbox 1129 1259 1188 1286; x_wconf 74' lang='grc' dir='ltr'><strong>Κάν</strong></span> <span class='ocrx_word' id='word_1_602' title='bbox 1202 1259 1256 1295; x_wconf 81' lang='grc' dir='ltr'>γὰρ</span> <span class='ocrx_word' id='word_1_603' title='bbox 1271 1258 1336 1293; x_wconf 82' lang='grc' dir='ltr'>δοκῇ</span> <span class='ocrx_word' id='word_1_604' title='bbox 1357 1265 1398 1288; x_wconf 82' lang='grc' dir='ltr'>τις</span> <span class='ocrx_word' id='word_1_605' title='bbox 1421 1254 1573 1291; x_wconf 80' lang='grc' dir='ltr'>ἀνθρώπων</span> <span class='ocrx_word' id='word_1_606' title='bbox 1594 1252 1750 1288; x_wconf 77' lang='grc' dir='ltr'>ὀφθαλμοὺς</span> <span class='ocrx_word' id='word_1_607' title='bbox 1770 1251 1922 1287; x_wconf 81' lang='grc' dir='ltr'>κρύπτειν,</span> 
     </span>
    </p>
   </div>
   <div class='ocr_carea' id='block_1_84' title="bbox 1129 1297 1922 1338">
    <p class='ocr_par' dir='ltr' id='par_1_84' title="bbox 1129 1297 1922 1338">
     <span class='ocr_line' id='line_1_85' title="bbox 1129 1297 1922 1338; baseline -0.013 -5"><span class='ocrx_word' id='word_1_608' title='bbox 1129 1306 1186 1333; x_wconf 80' lang='grc' dir='ltr'>ἀλλ’</span> <span class='ocrx_word' id='word_1_609' title='bbox 1214 1305 1297 1336; x_wconf 77' lang='grc' dir='ltr'>ἴστω,</span> <span class='ocrx_word' id='word_1_610' title='bbox 1325 1304 1365 1331; x_wconf 85' lang='grc' dir='ltr'>ὃτι</span> <span class='ocrx_word' id='word_1_611' title='bbox 1388 1302 1477 1338; x_wconf 82' lang='grc' dir='ltr'>δεινὴν</span> <span class='ocrx_word' id='word_1_612' title='bbox 1501 1302 1606 1337; x_wconf 83' lang='grc' dir='ltr'>πλάνην</span> <span class='ocrx_word' id='word_1_613' title='bbox 1629 1299 1797 1334; x_wconf 81' lang='grc' dir='ltr'>πεπλάνηται</span> <span class='ocrx_word' id='word_1_614' title='bbox 1825 1297 1922 1324; x_wconf 76' lang='grc' dir='ltr'>ἑαυτὸν</span> 
     </span>
    </p>
   </div>
   <div class='ocr_carea' id='block_1_85' title="bbox 1129 1343 1922 1385">
    <p class='ocr_par' dir='ltr' id='par_1_85' title="bbox 1129 1343 1922 1385">
     <span class='ocr_line' id='line_1_86' title="bbox 1129 1343 1922 1385; baseline -0.013 -7"><span class='ocrx_word' id='word_1_615' title='bbox 1129 1351 1251 1378; x_wconf 83' lang='grc' dir='ltr'>ἀπατῶν.</span> <span class='ocrx_word' id='word_1_616' title='bbox 1272 1350 1309 1376; x_wconf 82' lang='grc' dir='ltr'>Οὐ</span> <span class='ocrx_word' id='word_1_617' title='bbox 1325 1349 1379 1385; x_wconf 84' lang='grc' dir='ltr'>γὰρ</span> <span class='ocrx_word' id='word_1_618' title='bbox 1402 1348 1447 1375; x_wconf 80' lang='grc' dir='ltr'><strong>τὸν</strong></span> <span class='ocrx_word' id='word_1_619' title='bbox 1465 1348 1550 1383; x_wconf 87' lang='grc' dir='ltr'>μέγαν</span> <span class='ocrx_word' id='word_1_620' title='bbox 1569 1346 1624 1373; x_wconf 83' lang='grc' dir='ltr'>τῶν</span> <span class='ocrx_word' id='word_1_621' title='bbox 1639 1346 1707 1372; x_wconf 76' lang='grc' dir='ltr'>ὅλων</span> <span class='ocrx_word' id='word_1_622' title='bbox 1724 1343 1820 1381; x_wconf 83' lang='grc' dir='ltr'>κριτὴν</span> <span class='ocrx_word' id='word_1_623' title='bbox 1839 1343 1922 1379; x_wconf 84' lang='grc' dir='ltr'>λήσε-</span> 
     </span>
    </p>
   </div>
   <div class='ocr_carea' id='block_1_86' title="bbox 1129 1389 1921 1430">
    <p class='ocr_par' dir='ltr' id='par_1_86' title="bbox 1129 1389 1921 1430">
     <span class='ocr_line' id='line_1_87' title="bbox 1129 1389 1921 1430; baseline -0.01 -5"><span class='ocrx_word' id='word_1_624' title='bbox 1129 1407 1191 1430; x_wconf 85' lang='grc' dir='ltr'>ται,</span> <span class='ocrx_word' id='word_1_625' title='bbox 1215 1394 1245 1424; x_wconf 64' lang='grc' dir='ltr'>οὗ</span> <span class='ocrx_word' id='word_1_626' title='bbox 1267 1397 1366 1427; x_wconf 76' lang='grc' dir='ltr'>πάντες</span> <span class='ocrx_word' id='word_1_627' title='bbox 1391 1394 1443 1430; x_wconf 81' lang='grc' dir='ltr'><strong>πρὸ</strong></span> <span class='ocrx_word' id='word_1_628' title='bbox 1461 1394 1508 1420; x_wconf 83' lang='grc' dir='ltr'>τοῦ</span> <span class='ocrx_word' id='word_1_629' title='bbox 1531 1393 1651 1429; x_wconf 83' lang='grc' dir='ltr'>βήματος</span> <span class='ocrx_word' id='word_1_630' title='bbox 1674 1389 1921 1426; x_wconf 79' lang='grc' dir='ltr'>παραστησόμεθα.</span> 
     </span>
    </p>
   </div>
   <div class='ocr_carea' id='block_1_87' title="bbox 1130 1436 1922 1476">
    <p class='ocr_par' dir='ltr' id='par_1_87' title="bbox 1130 1436 1922 1476">
     <span class='ocr_line' id='line_1_88' title="bbox 1130 1436 1922 1476; baseline -0.011 -5"><span class='ocrx_word' id='word_1_631' title='bbox 1130 1444 1192 1476; x_wconf 86' lang='grc' dir='ltr'><strong>Πῶς</strong></span> <span class='ocrx_word' id='word_1_632' title='bbox 1203 1444 1224 1470; x_wconf 85' lang='grc' dir='ltr'><strong>δ’</strong></span> <span class='ocrx_word' id='word_1_633' title='bbox 1238 1443 1269 1470; x_wconf 77' lang='grc' dir='ltr'><strong>ἂν</strong></span> <span class='ocrx_word' id='word_1_634' title='bbox 1284 1443 1331 1470; x_wconf 77' lang='grc' dir='ltr'>καὶ</span> <span class='ocrx_word' id='word_1_635' title='bbox 1349 1441 1454 1468; x_wconf 81' lang='grc' dir='ltr'>λάθοιεν</span> <span class='ocrx_word' id='word_1_636' title='bbox 1465 1440 1511 1466; x_wconf 69' lang='grc' dir='ltr'>τὸν</span> <span class='ocrx_word' id='word_1_637' title='bbox 1526 1439 1591 1466; x_wconf 76' lang='grc' dir='ltr'>Θεὸν</span> <span class='ocrx_word' id='word_1_638' title='bbox 1605 1436 1686 1470; x_wconf 74' lang='grc' dir='ltr'>οὗτοι,</span> <span class='ocrx_word' id='word_1_639' title='bbox 1703 1438 1784 1464; x_wconf 82' lang='grc' dir='ltr'>ὁπότε</span> <span class='ocrx_word' id='word_1_640' title='bbox 1796 1437 1842 1464; x_wconf 81' lang='grc' dir='ltr'><strong>καὶ</strong></span> <span class='ocrx_word' id='word_1_641' title='bbox 1856 1436 1922 1472; x_wconf 71' lang='grc' dir='ltr'>πρὶν</span> 
     </span>
    </p>
   </div>
   <div class='ocr_carea' id='block_1_88' title="bbox 1130 1482 1923 1525">
    <p class='ocr_par' dir='ltr' id='par_1_88' title="bbox 1130 1482 1923 1525">
     <span class='ocr_line' id='line_1_89' title="bbox 1130 1482 1923 1525; baseline -0.011 -9"><span class='ocrx_word' id='word_1_642' title='bbox 1130 1491 1169 1522; x_wconf 83' lang='grc' dir='ltr'>εἰς</span> <span class='ocrx_word' id='word_1_643' title='bbox 1183 1489 1240 1524; x_wconf 82' lang='grc' dir='ltr'>φῶς</span> <span class='ocrx_word' id='word_1_644' title='bbox 1252 1488 1392 1525; x_wconf 75' lang='grc' dir='ltr'>προελθεῖν</span> <span class='ocrx_word' id='word_1_645' title='bbox 1403 1487 1510 1517; x_wconf 68' lang='grc' dir='ltr'>αὐτοὺς,</span> <span class='ocrx_word' id='word_1_646' title='bbox 1525 1485 1614 1511; x_wconf 80' lang='grc' dir='ltr'>πάντα</span> <span class='ocrx_word' id='word_1_647' title='bbox 1628 1484 1708 1510; x_wconf 78' lang='grc' dir='ltr'>εἰδότι</span> <span class='ocrx_word' id='word_1_648' title='bbox 1724 1483 1776 1519; x_wconf 76' lang='grc' dir='ltr'><strong>πρὸ</strong></span> <span class='ocrx_word' id='word_1_649' title='bbox 1787 1482 1923 1517; x_wconf 80' lang='grc' dir='ltr'>γενέσεως</span> 
     </span>
    </p>
   </div>
   <div class='ocr_carea' id='block_1_89' title="bbox 1130 1527 1922 1570">
    <p class='ocr_par' dir='ltr' id='par_1_89' title="bbox 1130 1527 1922 1570">
     <span class='ocr_line' id='line_1_90' title="bbox 1130 1527 1922 1570; baseline -0.014 -7"><span class='ocrx_word' id='word_1_650' title='bbox 1130 1536 1220 1564; x_wconf 81' lang='grc' dir='ltr'>αὐτῶν</span> <span class='ocrx_word' id='word_1_651' title='bbox 1241 1534 1438 1570; x_wconf 79' lang='grc' dir='ltr'>ὲγνωρίζοντο;</span> <span class='ocrx_word' id='word_1_652' title='bbox 1459 1531 1504 1558; x_wconf 77' lang='grc' dir='ltr'><strong>Διὸ</strong></span> <span class='ocrx_word' id='word_1_653' title='bbox 1529 1532 1593 1566; x_wconf 75' lang='grc' dir='ltr'>πρὶν</span> <span class='ocrx_word' id='word_1_654' title='bbox 1615 1529 1778 1565; x_wconf 78' lang='grc' dir='ltr'>γεννηθῆναι</span> <span class='ocrx_word' id='word_1_655' title='bbox 1803 1527 1922 1559; x_wconf 73' lang='grc' dir='ltr'>αὐτοὺς,</span> 
     </span>
    </p>
   </div>
   <div class='ocr_carea' id='block_1_90' title="bbox 1131 1572 1922 1618">
    <p class='ocr_par' dir='ltr' id='par_1_90' title="bbox 1131 1572 1922 1618">
     <span class='ocr_line' id='line_1_91' title="bbox 1131 1572 1922 1618; baseline -0.013 -9"><span class='ocrx_word' id='word_1_656' title='bbox 1131 1583 1167 1614; x_wconf 68' lang='lat' dir='ltr'><strong>ti);</strong></span> <span class='ocrx_word' id='word_1_657' title='bbox 1181 1582 1231 1618; x_wconf 73' lang='grc' dir='ltr'><strong>ἥδη</strong></span> <span class='ocrx_word' id='word_1_658' title='bbox 1246 1580 1404 1616; x_wconf 80' lang='grc' dir='ltr'>ὑφεστῶτας</span> <span class='ocrx_word' id='word_1_659' title='bbox 1413 1599 1421 1611; x_wconf 93' lang='grc'><strong>,</strong></span> <span class='ocrx_word' id='word_1_660' title='bbox 1436 1578 1484 1605; x_wconf 78' lang='grc' dir='ltr'>καὶ</span> <span class='ocrx_word' id='word_1_661' title='bbox 1495 1577 1632 1608; x_wconf 82' lang='grc' dir='ltr'>τοιούτους</span> <span class='ocrx_word' id='word_1_662' title='bbox 1650 1576 1728 1607; x_wconf 78' lang='grc' dir='ltr'>ὄντας</span> <span class='ocrx_word' id='word_1_663' title='bbox 1745 1572 1794 1602; x_wconf 72' lang='grc' dir='ltr'>οἷοι</span> <span class='ocrx_word' id='word_1_664' title='bbox 1807 1573 1856 1600; x_wconf 83' lang='grc' dir='ltr'>νῦν</span> <span class='ocrx_word' id='word_1_665' title='bbox 1869 1574 1922 1600; x_wconf 81' lang='grc' dir='ltr'>είσι</span> 
     </span>
    </p>
   </div>
   <div class='ocr_carea' id='block_1_91' title="bbox 1093 1615 1922 1663">
    <p class='ocr_par' dir='ltr' id='par_1_91' title="bbox 1093 1615 1922 1663">
     <span class='ocr_line' id='line_1_92' title="bbox 1093 1615 1922 1663; baseline -0.012 -8"><span class='ocrx_word' id='word_1_666' title='bbox 1093 1615 1115 1644; x_wconf 75' lang='lat' dir='ltr'>c</span> <span class='ocrx_word' id='word_1_667' title='bbox 1132 1615 1275 1663; x_wconf 51' lang='grc' dir='ltr'>προεώραέ</span> <span class='ocrx_word' id='word_1_668' title='bbox 1296 1626 1345 1662; x_wconf 66' lang='grc' dir='ltr'><strong>ἤδη</strong></span> <span class='ocrx_word' id='word_1_669' title='bbox 1367 1634 1396 1651; x_wconf 86' lang='grc' dir='ltr'><strong>τε</strong></span> <span class='ocrx_word' id='word_1_670' title='bbox 1420 1624 1450 1656; x_wconf 75' lang='grc' dir='ltr'>ἐξ</span> <span class='ocrx_word' id='word_1_671' title='bbox 1471 1623 1576 1650; x_wconf 79' lang='grc' dir='ltr'>ἐκείνου</span> <span class='ocrx_word' id='word_1_672' title='bbox 1598 1622 1744 1656; x_wconf 74' lang='grc' dir='ltr'>ἀπόϐλητοι</span> <span class='ocrx_word' id='word_1_673' title='bbox 1765 1617 1835 1655; x_wconf 83' lang='grc' dir='ltr'>ἦσαν</span> <span class='ocrx_word' id='word_1_674' title='bbox 1855 1620 1922 1655; x_wconf 84' lang='grc' dir='ltr'>παρ’</span> 
     </span>
    </p>
   </div>
   <div class='ocr_carea' id='block_1_92' title="bbox 1130 1663 1921 1708">
    <p class='ocr_par' dir='ltr' id='par_1_92' title="bbox 1130 1663 1921 1708">
     <span class='ocr_line' id='line_1_93' title="bbox 1130 1663 1921 1708; baseline -0.013 -8"><span class='ocrx_word' id='word_1_675' title='bbox 1130 1672 1214 1708; x_wconf 82' lang='grc' dir='ltr'>αὐτῷ.</span> <span class='ocrx_word' id='word_1_676' title='bbox 1234 1669 1530 1706; x_wconf 55' lang='grc' dir='ltr'>Ἀπηλρίοτριώθησαν</span> <span class='ocrx_word' id='word_1_677' title='bbox 1543 1668 1608 1703; x_wconf 79' lang='grc' dir='ltr'>γοῦν</span> <span class='ocrx_word' id='word_1_678' title='bbox 1624 1669 1650 1694; x_wconf 85' lang='grc' dir='ltr'>οι</span> <span class='ocrx_word' id='word_1_679' title='bbox 1670 1665 1838 1701; x_wconf 71' lang='grc' dir='ltr'>ἁμαρτωλοὶ</span> <span class='ocrx_word' id='word_1_680' title='bbox 1861 1663 1921 1691; x_wconf 75' lang='grc' dir='ltr'><strong>ἀπὸ</strong></span> 
     </span>
    </p>
   </div>
   <div class='ocr_carea' id='block_1_93' title="bbox 1128 1711 1922 1755">
    <p class='ocr_par' dir='ltr' id='par_1_93' title="bbox 1128 1711 1922 1755">
     <span class='ocr_line' id='line_1_94' title="bbox 1128 1711 1922 1755; baseline -0.014 -8"><span class='ocrx_word' id='word_1_681' title='bbox 1128 1720 1254 1755; x_wconf 79' lang='grc' dir='ltr'>μήτρας.</span> <span class='ocrx_word' id='word_1_682' title='bbox 1267 1719 1322 1745; x_wconf 70' lang='grc' dir='ltr'>Καὶ</span> <span class='ocrx_word' id='word_1_683' title='bbox 1335 1719 1359 1744; x_wconf 86' lang='grc' dir='ltr'>εἰ</span> <span class='ocrx_word' id='word_1_684' title='bbox 1370 1717 1417 1744; x_wconf 76' lang='grc' dir='ltr'><strong>καὶ</strong></span> <span class='ocrx_word' id='word_1_685' title='bbox 1432 1715 1466 1742; x_wconf 82' lang='grc' dir='ltr'>τὰ</span> <span class='ocrx_word' id='word_1_686' title='bbox 1483 1715 1600 1750; x_wconf 79' lang='grc' dir='ltr'>μάλιστα</span> <span class='ocrx_word' id='word_1_687' title='bbox 1616 1715 1734 1749; x_wconf 73' lang='grc' dir='ltr'>σήμερον</span> <span class='ocrx_word' id='word_1_688' title='bbox 1747 1711 1922 1746; x_wconf 74' lang='grc' dir='ltr'>δικαιοσύνην</span> 
     </span>
    </p>
   </div>
   <div class='ocr_carea' id='block_1_94' title="bbox 1130 1758 1923 1801">
    <p class='ocr_par' dir='ltr' id='par_1_94' title="bbox 1130 1758 1923 1801">
     <span class='ocr_line' id='line_1_95' title="bbox 1130 1758 1923 1801; baseline -0.014 -8"><span class='ocrx_word' id='word_1_689' title='bbox 1130 1766 1221 1793; x_wconf 82' lang='grc' dir='ltr'>λαλεῖν</span> <span class='ocrx_word' id='word_1_690' title='bbox 1234 1763 1456 1801; x_wconf 76' lang='grc' dir='ltr'>προσποιοῦνται,</span> <span class='ocrx_word' id='word_1_691' title='bbox 1470 1764 1525 1794; x_wconf 84' lang='grc' dir='ltr'>τοῖς</span> <span class='ocrx_word' id='word_1_692' title='bbox 1539 1761 1630 1797; x_wconf 70' lang='grc' dir='ltr'>ἔργοις</span> <span class='ocrx_word' id='word_1_693' title='bbox 1645 1759 1679 1786; x_wconf 81' lang='grc' dir='ltr'>τὰ</span> <span class='ocrx_word' id='word_1_694' title='bbox 1698 1758 1807 1785; x_wconf 73' lang='grc' dir='ltr'>ἐναντία</span> <span class='ocrx_word' id='word_1_695' title='bbox 1825 1765 1923 1792; x_wconf 81' lang='grc' dir='ltr'>μετερ-</span> 
     </span>
    </p>
   </div>
   <div class='ocr_carea' id='block_1_95' title="bbox 1130 1804 1922 1848">
    <p class='ocr_par' dir='ltr' id='par_1_95' title="bbox 1130 1804 1922 1848">
     <span class='ocr_line' id='line_1_96' title="bbox 1130 1804 1922 1848; baseline -0.013 -9"><span class='ocrx_word' id='word_1_696' title='bbox 1130 1813 1252 1848; x_wconf 85' lang='grc' dir='ltr'>χόμενοι,</span> <span class='ocrx_word' id='word_1_697' title='bbox 1270 1811 1327 1837; x_wconf 74' lang='grc' dir='ltr'>ἀλλ’</span> <span class='ocrx_word' id='word_1_698' title='bbox 1341 1811 1371 1837; x_wconf 76' lang='grc' dir='ltr'><strong>οὑ</strong></span> <span class='ocrx_word' id='word_1_699' title='bbox 1390 1809 1437 1836; x_wconf 85' lang='grc' dir='ltr'><strong>καὶ</strong></span> <span class='ocrx_word' id='word_1_700' title='bbox 1454 1808 1529 1844; x_wconf 72' lang='grc' dir='ltr'>παρὰ</span> <span class='ocrx_word' id='word_1_701' title='bbox 1543 1806 1602 1842; x_wconf 79' lang='grc' dir='ltr'>Θεῷ</span> <span class='ocrx_word' id='word_1_702' title='bbox 1618 1806 1665 1832; x_wconf 72' lang='grc' dir='ltr'>νῦν</span> <span class='ocrx_word' id='word_1_703' title='bbox 1682 1806 1821 1840; x_wconf 69' lang='grc' dir='ltr'>ἐφάνησαν</span> <span class='ocrx_word' id='word_1_704' title='bbox 1832 1804 1922 1831; x_wconf 84' lang='grc' dir='ltr'>τοιοῦ-</span> 
     </span>
    </p>
   </div>
   <div class='ocr_carea' id='block_1_96' title="bbox 1131 1850 1923 1894">
    <p class='ocr_par' dir='ltr' id='par_1_96' title="bbox 1131 1850 1923 1894">
     <span class='ocr_line' id='line_1_97' title="bbox 1131 1850 1923 1894; baseline -0.014 -8"><span class='ocrx_word' id='word_1_705' title='bbox 1131 1868 1171 1886; x_wconf 90' lang='grc' dir='ltr'><strong>τοι</strong></span> <span class='ocrx_word' id='word_1_706' title='bbox 1185 1866 1190 1874; x_wconf 92' lang='grc'><strong>·</strong></span> <span class='ocrx_word' id='word_1_707' title='bbox 1206 1858 1270 1894; x_wconf 70' lang='grc' dir='ltr'>πρὶν</span> <span class='ocrx_word' id='word_1_708' title='bbox 1283 1857 1312 1884; x_wconf 80' lang='grc' dir='ltr'>δὲ</span> <span class='ocrx_word' id='word_1_709' title='bbox 1331 1857 1385 1883; x_wconf 84' lang='grc' dir='ltr'>ἀπὺ</span> <span class='ocrx_word' id='word_1_710' title='bbox 1402 1855 1520 1890; x_wconf 74' lang='grc' dir='ltr'>γαστρὸς</span> <span class='ocrx_word' id='word_1_711' title='bbox 1535 1853 1674 1889; x_wconf 80' lang='grc' dir='ltr'>προελθεῖν</span> <span class='ocrx_word' id='word_1_712' title='bbox 1693 1851 1801 1883; x_wconf 71' lang='grc' dir='ltr'>αὐτοὺς,</span> <span class='ocrx_word' id='word_1_713' title='bbox 1822 1850 1923 1886; x_wconf 81' lang='grc' dir='ltr'>μᾶλλον</span> 
     </span>
    </p>
   </div>
   <div class='ocr_carea' id='block_1_97' title="bbox 1131 1896 1917 1940">
    <p class='ocr_par' dir='ltr' id='par_1_97' title="bbox 1131 1896 1917 1940">
     <span class='ocr_line' id='line_1_98' title="bbox 1131 1896 1917 1940; baseline -0.013 -9"><span class='ocrx_word' id='word_1_714' title='bbox 1131 1905 1159 1931; x_wconf 72' lang='grc' dir='ltr'><strong>δὲ</strong></span> <span class='ocrx_word' id='word_1_715' title='bbox 1175 1905 1222 1931; x_wconf 82' lang='grc' dir='ltr'><strong>καὶ</strong></span> <span class='ocrx_word' id='word_1_716' title='bbox 1236 1904 1289 1940; x_wconf 78' lang='grc' dir='ltr'><strong>πρὸ</strong></span> <span class='ocrx_word' id='word_1_717' title='bbox 1309 1902 1356 1930; x_wconf 78' lang='grc' dir='ltr'>τοῦ</span> <span class='ocrx_word' id='word_1_718' title='bbox 1377 1900 1561 1936; x_wconf 73' lang='grc' dir='ltr'>συλληφθῆναι</span> <span class='ocrx_word' id='word_1_719' title='bbox 1579 1901 1607 1927; x_wconf 81' lang='grc' dir='ltr'><strong>ἐν</strong></span> <span class='ocrx_word' id='word_1_720' title='bbox 1629 1899 1670 1934; x_wconf 83' lang='grc' dir='ltr'>τῷ</span> <span class='ocrx_word' id='word_1_721' title='bbox 1687 1898 1737 1933; x_wconf 82' lang='grc' dir='ltr'><strong>τῆς</strong></span> <span class='ocrx_word' id='word_1_722' title='bbox 1756 1897 1862 1932; x_wconf 82' lang='grc' dir='ltr'>μήτρας</span> <span class='ocrx_word' id='word_1_723' title='bbox 1878 1896 1917 1922; x_wconf 84' lang='grc' dir='ltr'>δο-</span> 
     </span>
    </p>
   </div>
   <div class='ocr_carea' id='block_1_98' title="bbox 1131 1941 1923 1986">
    <p class='ocr_par' dir='ltr' id='par_1_98' title="bbox 1131 1941 1923 1986">
     <span class='ocr_line' id='line_1_99' title="bbox 1131 1941 1923 1986; baseline -0.014 -9"><span class='ocrx_word' id='word_1_724' title='bbox 1131 1950 1213 1986; x_wconf 82' lang='grc' dir='ltr'>χείῳ,</span> <span class='ocrx_word' id='word_1_725' title='bbox 1228 1951 1257 1976; x_wconf 80' lang='grc' dir='ltr'>ὲν</span> <span class='ocrx_word' id='word_1_726' title='bbox 1273 1947 1490 1983; x_wconf 74' lang='grc' dir='ltr'>πεπλανημένοις</span> <span class='ocrx_word' id='word_1_727' title='bbox 1506 1945 1683 1980; x_wconf 78' lang='grc' dir='ltr'>ἐλογίσθησαν</span> <span class='ocrx_word' id='word_1_728' title='bbox 1699 1943 1763 1978; x_wconf 73' lang='grc' dir='ltr'>παρ’</span> <span class='ocrx_word' id='word_1_729' title='bbox 1776 1941 1861 1976; x_wconf 74' lang='grc' dir='ltr'>αὐτῷ,</span> <span class='ocrx_word' id='word_1_730' title='bbox 1874 1941 1923 1967; x_wconf 69' lang='grc' dir='ltr'>καὶ</span> 
     </span>
    </p>
   </div>
   <div class='ocr_carea' id='block_1_99' title="bbox 1133 1987 1921 2032">
    <p class='ocr_par' dir='ltr' id='par_1_99' title="bbox 1133 1987 1921 2032">
     <span class='ocr_line' id='line_1_100' title="bbox 1133 1987 1921 2032; baseline -0.014 -9"><span class='ocrx_word' id='word_1_731' title='bbox 1133 1996 1274 2032; x_wconf 86' lang='grc' dir='ltr'>μέλλοντες</span> <span class='ocrx_word' id='word_1_732' title='bbox 1291 1994 1400 2021; x_wconf 74' lang='grc' dir='ltr'>ἔσεσθαι</span> <span class='ocrx_word' id='word_1_733' title='bbox 1416 1993 1530 2020; x_wconf 77' lang='grc' dir='ltr'>τοιοῦτοι</span> <span class='ocrx_word' id='word_1_734' title='bbox 1544 1992 1593 2018; x_wconf 76' lang='grc' dir='ltr'><strong>οὐκ</strong></span> <span class='ocrx_word' id='word_1_735' title='bbox 1610 1988 1839 2026; x_wconf 69' lang='grc' dir='ltr'>ὴγνοοῦντο.’ὶ1ὂη</span> <span class='ocrx_word' id='word_1_736' title='bbox 1850 1987 1879 2014; x_wconf 80' lang='grc' dir='ltr'><strong>δὲ</strong></span> <span class='ocrx_word' id='word_1_737' title='bbox 1892 1987 1921 2021; x_wconf 69' lang='grc' dir='ltr'><strong>ἐξ</strong></span> 
     </span>
    </p>
   </div>
   <div class='ocr_carea' id='block_1_100' title="bbox 1132 2032 1924 2075">
    <p class='ocr_par' dir='ltr' id='par_1_100' title="bbox 1132 2032 1924 2075">
     <span class='ocr_line' id='line_1_101' title="bbox 1132 2032 1924 2075; baseline -0.014 -6"><span class='ocrx_word' id='word_1_738' title='bbox 1132 2043 1235 2069; x_wconf 77' lang='grc' dir='ltr'>ἐκείνου</span> <span class='ocrx_word' id='word_1_739' title='bbox 1261 2041 1298 2074; x_wconf 84' lang='grc' dir='ltr'>ὡς</span> <span class='ocrx_word' id='word_1_740' title='bbox 1320 2040 1352 2068; x_wconf 82' lang='grc' dir='ltr'>ἂν</span> <span class='ocrx_word' id='word_1_741' title='bbox 1377 2039 1519 2075; x_wconf 79' lang='grc' dir='ltr'>μέλλοντες</span> <span class='ocrx_word' id='word_1_742' title='bbox 1543 2038 1576 2064; x_wconf 83' lang='grc' dir='ltr'><strong>τὰ</strong></span> <span class='ocrx_word' id='word_1_743' title='bbox 1604 2036 1688 2072; x_wconf 75' lang='grc' dir='ltr'>ψευδῆ</span> <span class='ocrx_word' id='word_1_744' title='bbox 1714 2035 1804 2061; x_wconf 80' lang='grc' dir='ltr'>λαλεῖν</span> <span class='ocrx_word' id='word_1_745' title='bbox 1828 2032 1924 2067; x_wconf 69' lang='grc' dir='ltr'>ἐγινώ-</span> 
     </span>
    </p>
   </div>
   <div class='ocr_carea' id='block_1_101' title="bbox 1134 2079 1923 2121">
    <p class='ocr_par' dir='ltr' id='par_1_101' title="bbox 1134 2079 1923 2121">
     <span class='ocr_line' id='line_1_102' title="bbox 1134 2079 1923 2121; baseline -0.013 -6"><span class='ocrx_word' id='word_1_746' title='bbox 1134 2096 1244 2119; x_wconf 80' lang='grc' dir='ltr'>σκοντο,</span> <span class='ocrx_word' id='word_1_747' title='bbox 1262 2087 1309 2114; x_wconf 70' lang='grc' dir='ltr'>καὶ</span> <span class='ocrx_word' id='word_1_748' title='bbox 1322 2087 1359 2118; x_wconf 74' lang='grc' dir='ltr'><strong>ὼς</strong></span> <span class='ocrx_word' id='word_1_749' title='bbox 1375 2085 1460 2121; x_wconf 70' lang='grc' dir='ltr'>θυμὸς</span> <span class='ocrx_word' id='word_1_750' title='bbox 1476 2084 1568 2116; x_wconf 75' lang='grc' dir='ltr'>αὐτοῖς</span> <span class='ocrx_word' id='word_1_751' title='bbox 1585 2084 1643 2109; x_wconf 75' lang='grc' dir='ltr'>ἐστι</span> <span class='ocrx_word' id='word_1_752' title='bbox 1659 2081 1735 2108; x_wconf 83' lang='grc' dir='ltr'><strong>κατά</strong></span> <span class='ocrx_word' id='word_1_753' title='bbox 1747 2080 1805 2114; x_wconf 79' lang='grc' dir='ltr'>τὴν</span> <span class='ocrx_word' id='word_1_754' title='bbox 1819 2079 1923 2114; x_wconf 76' lang='grc' dir='ltr'>ὁμοιω-</span> 
     </span>
    </p>
   </div>
   <div class='ocr_carea' id='block_1_102' title="bbox 1132 2125 1923 2168">
    <p class='ocr_par' dir='ltr' id='par_1_102' title="bbox 1132 2125 1923 2168">
     <span class='ocr_line' id='line_1_103' title="bbox 1132 2125 1923 2168; baseline -0.013 -7"><span class='ocrx_word' id='word_1_755' title='bbox 1132 2143 1184 2160; x_wconf 81' lang='grc' dir='ltr'>σιν</span> <span class='ocrx_word' id='word_1_756' title='bbox 1196 2134 1250 2161; x_wconf 86' lang='grc' dir='ltr'>τοῦ</span> <span class='ocrx_word' id='word_1_757' title='bbox 1270 2133 1373 2168; x_wconf 63' lang='grc' dir='ltr'>ὄφεως.</span> <span class='ocrx_word' id='word_1_758' title='bbox 1388 2132 1479 2167; x_wconf 80' lang='grc' dir='ltr'>Θυμὺν</span> <span class='ocrx_word' id='word_1_759' title='bbox 1494 2130 1522 2158; x_wconf 84' lang='grc' dir='ltr'><strong>δὲ</strong></span> <span class='ocrx_word' id='word_1_760' title='bbox 1535 2130 1582 2157; x_wconf 71' lang='grc' dir='ltr'><strong>καὶ</strong></span> <span class='ocrx_word' id='word_1_761' title='bbox 1597 2129 1646 2164; x_wconf 86' lang='grc' dir='ltr'>τὴν</span> <span class='ocrx_word' id='word_1_762' title='bbox 1663 2127 1751 2163; x_wconf 71' lang='grc' dir='ltr'>ψυχὴν</span> <span class='ocrx_word' id='word_1_763' title='bbox 1768 2126 1814 2153; x_wconf 79' lang='grc' dir='ltr'>καὶ</span> <span class='ocrx_word' id='word_1_764' title='bbox 1829 2125 1923 2157; x_wconf 79' lang='grc' dir='ltr'>παῖδες</span> 
     </span>
    </p>
   </div>
   <div class='ocr_carea' id='block_1_103' title="bbox 1138 2172 1923 2215">
    <p class='ocr_par' dir='ltr' id='par_1_103' title="bbox 1138 2172 1923 2215">
     <span class='ocr_line' id='line_1_104' title="bbox 1138 2172 1923 2215; baseline -0.011 -9"><span class='ocrx_word' id='word_1_765' title='bbox 1138 2180 1270 2215; x_wconf 81' lang='grc' dir='ltr'>Ἐλλήνων</span> <span class='ocrx_word' id='word_1_766' title='bbox 1288 2178 1380 2205; x_wconf 82' lang='grc' dir='ltr'>καλεῖν</span> <span class='ocrx_word' id='word_1_767' title='bbox 1402 2177 1540 2204; x_wconf 82' lang='grc' dir='ltr'>εἰώθασιν.</span> <span class='ocrx_word' id='word_1_768' title='bbox 1566 2175 1643 2202; x_wconf 75' lang='grc' dir='ltr'>Ἐπεὶ</span> <span class='ocrx_word' id='word_1_769' title='bbox 1662 2173 1752 2200; x_wconf 79' lang='grc' dir='ltr'>τοίνυν</span> <span class='ocrx_word' id='word_1_770' title='bbox 1768 2173 1816 2199; x_wconf 74' lang='grc' dir='ltr'>καὶ</span> <span class='ocrx_word' id='word_1_771' title='bbox 1838 2172 1853 2197; x_wconf 90' lang='grc' dir='ltr'><strong>ὀ</strong></span> <span class='ocrx_word' id='word_1_772' title='bbox 1871 2180 1923 2197; x_wconf 78' lang='grc' dir='ltr'>πα-</span> 
     </span>
    </p>
   </div>
   <div class='ocr_carea' id='block_1_104' title="bbox 1132 2217 1922 2260">
    <p class='ocr_par' dir='ltr' id='par_1_104' title="bbox 1132 2217 1922 2260">
     <span class='ocr_line' id='line_1_105' title="bbox 1132 2217 1922 2260; baseline -0.014 -7"><span class='ocrx_word' id='word_1_773' title='bbox 1132 2226 1206 2256; x_wconf 80' lang='grc' dir='ltr'>λαιὸς</span> <span class='ocrx_word' id='word_1_774' title='bbox 1225 2225 1301 2260; x_wconf 72' lang='grc' dir='ltr'>ὕφις,</span> <span class='ocrx_word' id='word_1_775' title='bbox 1324 2224 1374 2260; x_wconf 84' lang='grc' dir='ltr'>τὴν</span> <span class='ocrx_word' id='word_1_776' title='bbox 1391 2223 1462 2250; x_wconf 80' lang='grc' dir='ltr'>Εὕαν</span> <span class='ocrx_word' id='word_1_777' title='bbox 1479 2223 1637 2257; x_wconf 83' lang='grc' dir='ltr'>ἀπατήσας,</span> <span class='ocrx_word' id='word_1_778' title='bbox 1662 2219 1853 2254; x_wconf 82' lang='grc' dir='ltr'>προσεποιεῖτο</span> <span class='ocrx_word' id='word_1_779' title='bbox 1872 2217 1922 2253; x_wconf 82' lang='grc' dir='ltr'><strong>μὲν</strong></span> 
     </span>
    </p>
   </div>
   <div class='ocr_carea' id='block_1_105' title="bbox 1133 2265 1921 2307">
    <p class='ocr_par' dir='ltr' id='par_1_105' title="bbox 1133 2265 1921 2307">
     <span class='ocr_line' id='line_1_106' title="bbox 1133 2265 1921 2307; baseline -0.011 -9"><span class='ocrx_word' id='word_1_780' title='bbox 1133 2271 1246 2307; x_wconf 66' lang='grc' dir='ltr'>γλυκείᾳ.</span> <span class='ocrx_word' id='word_1_781' title='bbox 1272 2271 1318 2297; x_wconf 75' lang='grc' dir='ltr'>καὶ</span> <span class='ocrx_word' id='word_1_782' title='bbox 1344 2270 1438 2305; x_wconf 79' lang='grc' dir='ltr'>φιλικῇ</span> <span class='ocrx_word' id='word_1_783' title='bbox 1464 2267 1612 2304; x_wconf 74' lang='grc' dir='ltr'>κεχρῆσθαι</span> <span class='ocrx_word' id='word_1_784' title='bbox 1635 2265 1744 2301; x_wconf 78' lang='grc' dir='ltr'>ὁμιλίᾳ,</span> <span class='ocrx_word' id='word_1_785' title='bbox 1763 2265 1873 2300; x_wconf 86' lang='grc' dir='ltr'>μνήμην</span> <span class='ocrx_word' id='word_1_786' title='bbox 1891 2272 1921 2290; x_wconf 72' lang='grc' dir='ltr'><strong>τε</strong></span> 
     </span>
    </p>
   </div>
   <div class='ocr_carea' id='block_1_106' title="bbox 1134 2309 1920 2345">
    <p class='ocr_par' dir='ltr' id='par_1_106' title="bbox 1134 2309 1920 2345">
     <span class='ocr_line' id='line_1_107' title="bbox 1134 2309 1920 2345; baseline -0.01 -2"><span class='ocrx_word' id='word_1_787' title='bbox 1134 2316 1202 2343; x_wconf 77' lang='grc' dir='ltr'>Θεοῦ</span> <span class='ocrx_word' id='word_1_788' title='bbox 1227 2315 1377 2345; x_wconf 85' lang='grc' dir='ltr'>ποιεῖσθαι.</span> <span class='ocrx_word' id='word_1_789' title='bbox 1394 2314 1440 2341; x_wconf 82' lang='grc' dir='ltr'><strong>καί</strong></span> <span class='ocrx_word' id='word_1_790' title='bbox 1463 2322 1523 2340; x_wconf 89' lang='grc' dir='ltr'>τινα</span> <span class='ocrx_word' id='word_1_791' title='bbox 1534 2311 1736 2339; x_wconf 77' lang='grc' dir='ltr'>ἐπιδείκνυσθαι</span> <span class='ocrx_word' id='word_1_792' title='bbox 1758 2309 1920 2343; x_wconf 73' lang='grc' dir='ltr'>εὐλάϐειαν,</span> 
     </span>
    </p>
   </div>
   <div class='ocr_carea' id='block_1_107' title="bbox 1134 2356 1922 2397">
    <p class='ocr_par' dir='ltr' id='par_1_107' title="bbox 1134 2356 1922 2397">
     <span class='ocr_line' id='line_1_108' title="bbox 1134 2356 1922 2397; baseline -0.006 -9"><span class='ocrx_word' id='word_1_793' title='bbox 1134 2362 1220 2396; x_wconf 83' lang='grc' dir='ltr'>λέγων</span> <span class='ocrx_word' id='word_1_794' title='bbox 1244 2363 1277 2397; x_wconf 83' lang='grc' dir='ltr'>τῇ</span> <span class='ocrx_word' id='word_1_795' title='bbox 1300 2361 1426 2396; x_wconf 87' lang='grc' dir='ltr'>γυναικί·</span> <span class='ocrx_word' id='word_1_796' title='bbox 1453 2361 1482 2387; x_wconf 87' lang='grc' dir='ltr'>Τί</span> <span class='ocrx_word' id='word_1_797' title='bbox 1498 2359 1543 2386; x_wconf 84' lang='grc' dir='ltr'>ὅτι</span> <span class='ocrx_word' id='word_1_798' title='bbox 1560 2357 1645 2386; x_wconf 78' lang='grc' dir='ltr'>εἶπεν</span> <span class='ocrx_word' id='word_1_799' title='bbox 1663 2359 1678 2384; x_wconf 83' lang='grc' dir='ltr'><strong><em>ό</em></strong></span> <span class='ocrx_word' id='word_1_800' title='bbox 1702 2357 1791 2390; x_wconf 67' lang='grc' dir='ltr'>Θεός*</span> <span class='ocrx_word' id='word_1_801' title='bbox 1813 2358 1855 2384; x_wconf 79' lang='grc' dir='ltr'><strong>οὐ</strong></span> <span class='ocrx_word' id='word_1_802' title='bbox 1877 2356 1922 2392; x_wconf 74' lang='grc' dir='ltr'>μὴ</span> 
     </span>
    </p>
   </div>
   <div class='ocr_carea' id='block_1_108' title="bbox 1135 2401 1923 2441">
    <p class='ocr_par' dir='ltr' id='par_1_108' title="bbox 1135 2401 1923 2441">
     <span class='ocr_line' id='line_1_109' title="bbox 1135 2401 1923 2441; baseline -0.008 -8"><span class='ocrx_word' id='word_1_803' title='bbox 1135 2406 1247 2441; x_wconf 65' lang='grc' dir='ltr'>φάγητε</span> <span class='ocrx_word' id='word_1_804' title='bbox 1259 2406 1317 2433; x_wconf 82' lang='grc' dir='ltr'><strong>ἀπὸ</strong></span> <span class='ocrx_word' id='word_1_805' title='bbox 1331 2406 1445 2439; x_wconf 79' lang='grc' dir='ltr'>παντὸς</span> <span class='ocrx_word' id='word_1_806' title='bbox 1457 2405 1552 2438; x_wconf 79' lang='grc' dir='ltr'>ξύλου</span> <span class='ocrx_word' id='word_1_807' title='bbox 1570 2404 1622 2431; x_wconf 85' lang='grc' dir='ltr'><strong>τοῦ</strong></span> <span class='ocrx_word' id='word_1_808' title='bbox 1631 2404 1665 2430; x_wconf 82' lang='grc' dir='ltr'><strong>ἐν</strong></span> <span class='ocrx_word' id='word_1_809' title='bbox 1675 2402 1714 2435; x_wconf 83' lang='grc' dir='ltr'>τῷ</span> <span class='ocrx_word' id='word_1_810' title='bbox 1733 2401 1923 2436; x_wconf 81' lang='grc' dir='ltr'>παραδείσφ;</span> 
     </span>
    </p>
   </div>
   <div class='ocr_carea' id='block_1_109' title="bbox 1134 2446 1926 2488">
    <p class='ocr_par' dir='ltr' id='par_1_109' title="bbox 1134 2446 1926 2488">
     <span class='ocr_line' id='line_1_110' title="bbox 1134 2446 1926 2488; baseline -0.006 -9"><span class='ocrx_word' id='word_1_811' title='bbox 1134 2453 1181 2479; x_wconf 78' lang='grc' dir='ltr'><strong>καὶ</strong></span> <span class='ocrx_word' id='word_1_812' title='bbox 1198 2452 1292 2479; x_wconf 79' lang='grc' dir='ltr'>πάλιν·</span> <span class='ocrx_word' id='word_1_813' title='bbox 1312 2451 1394 2488; x_wconf 80' lang='grc' dir='ltr'>’ῌὸει</span> <span class='ocrx_word' id='word_1_814' title='bbox 1416 2451 1472 2486; x_wconf 77' lang='grc' dir='ltr'>γὰρ</span> <span class='ocrx_word' id='word_1_815' title='bbox 1491 2453 1506 2478; x_wconf 91' lang='lat' dir='ltr'><strong>o&#39;</strong></span> <span class='ocrx_word' id='word_1_816' title='bbox 1520 2450 1591 2483; x_wconf 74' lang='grc' dir='ltr'>Θεὸς</span> <span class='ocrx_word' id='word_1_817' title='bbox 1602 2470 1609 2482; x_wconf 93' lang='grc'><strong>,</strong></span> <span class='ocrx_word' id='word_1_818' title='bbox 1625 2450 1669 2476; x_wconf 76' lang='grc' dir='ltr'>ὅτι</span> <span class='ocrx_word' id='word_1_819' title='bbox 1685 2446 1704 2485; x_wconf 84' lang='grc' dir='ltr'><em>ᾗ</em></span> <span class='ocrx_word' id='word_1_820' title='bbox 1723 2448 1749 2475; x_wconf 87' lang='grc' dir='ltr'><em>δ’</em></span> <span class='ocrx_word' id='word_1_821' title='bbox 1767 2449 1805 2476; x_wconf 82' lang='grc' dir='ltr'>ἂν</span> <span class='ocrx_word' id='word_1_822' title='bbox 1827 2448 1926 2483; x_wconf 73' lang='grc' dir='ltr'>ἡμέρᾳ</span> 
     </span>
    </p>
   </div>
   <div class='ocr_carea' id='block_1_110' title="bbox 1134 2492 1925 2532">
    <p class='ocr_par' dir='ltr' id='par_1_110' title="bbox 1134 2492 1925 2532">
     <span class='ocr_line' id='line_1_111' title="bbox 1134 2492 1925 2532; baseline -0.006 -8"><span class='ocrx_word' id='word_1_823' title='bbox 1134 2497 1246 2532; x_wconf 67' lang='grc' dir='ltr'>φάγητε</span> <span class='ocrx_word' id='word_1_824' title='bbox 1270 2497 1320 2524; x_wconf 79' lang='grc' dir='ltr'><strong>ἀπ’</strong></span> <span class='ocrx_word' id='word_1_825' title='bbox 1353 2496 1462 2529; x_wconf 81' lang='grc' dir='ltr'>αὑτοῦ,</span> <span class='ocrx_word' id='word_1_826' title='bbox 1494 2494 1753 2528; x_wconf 81' lang='grc' dir='ltr'>διανοιχθήσονται</span> <span class='ocrx_word' id='word_1_827' title='bbox 1782 2492 1868 2527; x_wconf 77' lang='grc' dir='ltr'><strong>ὑμῶν</strong></span> <span class='ocrx_word' id='word_1_828' title='bbox 1897 2494 1925 2519; x_wconf 79' lang='lat' dir='ltr'><strong>cl</strong></span> 
     </span>
    </p>
   </div>
   <div class='ocr_carea' id='block_1_111' title="bbox 1135 2539 1925 2578">
    <p class='ocr_par' dir='ltr' id='par_1_111' title="bbox 1135 2539 1925 2578">
     <span class='ocr_line' id='line_1_112' title="bbox 1135 2539 1925 2578; baseline -0.008 -8"><span class='ocrx_word' id='word_1_829' title='bbox 1135 2543 1280 2578; x_wconf 44' lang='lat' dir='ltr'><strong>drawn/Luci</strong></span> <span class='ocrx_word' id='word_1_830' title='bbox 1291 2562 1298 2574; x_wconf 87' lang='lat'><strong>,</strong></span> <span class='ocrx_word' id='word_1_831' title='bbox 1321 2543 1370 2569; x_wconf 79' lang='grc' dir='ltr'>καὶ</span> <span class='ocrx_word' id='word_1_832' title='bbox 1382 2543 1492 2569; x_wconf 78' lang='grc' dir='ltr'>ἔσεσθε</span> <span class='ocrx_word' id='word_1_833' title='bbox 1509 2541 1548 2574; x_wconf 86' lang='grc' dir='ltr'>ὼς</span> <span class='ocrx_word' id='word_1_834' title='bbox 1559 2540 1635 2571; x_wconf 74' lang='grc' dir='ltr'>θεοὶ,</span> <span class='ocrx_word' id='word_1_835' title='bbox 1650 2539 1849 2575; x_wconf 77' lang='grc' dir='ltr'>γινώσκοντες</span> <span class='ocrx_word' id='word_1_836' title='bbox 1872 2547 1925 2566; x_wconf 78' lang='grc' dir='ltr'>κα-</span> 
     </span>
    </p>
   </div>
   <div class='ocr_carea' id='block_1_112' title="bbox 1134 2585 1923 2622">
    <p class='ocr_par' dir='ltr' id='par_1_112' title="bbox 1134 2585 1923 2622">
     <span class='ocr_line' id='line_1_113' title="bbox 1134 2585 1923 2622; baseline -0.008 -7"><span class='ocrx_word' id='word_1_837' title='bbox 1134 2589 1192 2616; x_wconf 75' lang='grc' dir='ltr'><strong>λὸν</strong></span> <span class='ocrx_word' id='word_1_838' title='bbox 1203 2588 1253 2615; x_wconf 84' lang='grc' dir='ltr'>καὶ</span> <span class='ocrx_word' id='word_1_839' title='bbox 1266 2588 1412 2622; x_wconf 75' lang='grc' dir='ltr'>πονηρόν·</span> <span class='ocrx_word' id='word_1_840' title='bbox 1429 2587 1474 2614; x_wconf 74' lang='grc' dir='ltr'><strong>καὶ</strong></span> <span class='ocrx_word' id='word_1_841' title='bbox 1494 2586 1605 2613; x_wconf 78' lang='grc' dir='ltr'>τοιαῦτα</span> <span class='ocrx_word' id='word_1_842' title='bbox 1623 2586 1671 2621; x_wconf 77' lang='grc' dir='ltr'>μὲν</span> <span class='ocrx_word' id='word_1_843' title='bbox 1691 2585 1923 2621; x_wconf 82' lang='grc' dir='ltr'>ὑποκρινόμενος,</span> 
     </span>
    </p>
   </div>
   <div class='ocr_carea' id='block_1_113' title="bbox 1135 2630 1925 2667">
    <p class='ocr_par' dir='ltr' id='par_1_113' title="bbox 1135 2630 1925 2667">
     <span class='ocr_line' id='line_1_114' title="bbox 1135 2630 1925 2667; baseline -0.008 -7"><span class='ocrx_word' id='word_1_844' title='bbox 1135 2635 1181 2660; x_wconf 71' lang='grc' dir='ltr'><strong>καὶ</strong></span> <span class='ocrx_word' id='word_1_845' title='bbox 1196 2634 1241 2660; x_wconf 84' lang='grc' dir='ltr'><strong>τὸν</strong></span> <span class='ocrx_word' id='word_1_846' title='bbox 1256 2633 1322 2660; x_wconf 85' lang='grc' dir='ltr'>Θεὸν</span> <span class='ocrx_word' id='word_1_847' title='bbox 1338 2633 1437 2659; x_wconf 83' lang='grc' dir='ltr'>εἰδέναι</span> <span class='ocrx_word' id='word_1_848' title='bbox 1451 2631 1700 2667; x_wconf 81' lang='grc' dir='ltr'>προσποιούμενος,</span> <span class='ocrx_word' id='word_1_849' title='bbox 1716 2630 1813 2665; x_wconf 85' lang='grc' dir='ltr'>ὡμίλει</span> <span class='ocrx_word' id='word_1_850' title='bbox 1828 2631 1862 2664; x_wconf 78' lang='grc' dir='ltr'>τῇ</span> <span class='ocrx_word' id='word_1_851' title='bbox 1875 2638 1925 2663; x_wconf 80' lang='grc' dir='ltr'>γυ-</span> 
     </span>
    </p>
   </div>
   <div class='ocr_carea' id='block_1_114' title="bbox 1135 2676 1925 2715">
    <p class='ocr_par' dir='ltr' id='par_1_114' title="bbox 1135 2676 1925 2715">
     <span class='ocr_line' id='line_1_115' title="bbox 1135 2676 1925 2715; baseline -0.005 -9"><span class='ocrx_word' id='word_1_852' title='bbox 1135 2680 1225 2711; x_wconf 63' lang='grc' dir='ltr'>ναικὶ,</span> <span class='ocrx_word' id='word_1_853' title='bbox 1248 2681 1277 2706; x_wconf 81' lang='grc' dir='ltr'>ὲν</span> <span class='ocrx_word' id='word_1_854' title='bbox 1300 2678 1398 2715; x_wconf 74' lang='grc' dir='ltr'>καρδίᾳ</span> <span class='ocrx_word' id='word_1_855' title='bbox 1420 2679 1449 2704; x_wconf 77' lang='grc' dir='ltr'><strong>δὲ</strong></span> <span class='ocrx_word' id='word_1_856' title='bbox 1476 2678 1590 2714; x_wconf 81' lang='grc' dir='ltr'>ἀνομίας</span> <span class='ocrx_word' id='word_1_857' title='bbox 1613 2676 1769 2713; x_wconf 77' lang='grc' dir='ltr'>εἰργάζετο,</span> <span class='ocrx_word' id='word_1_858' title='bbox 1794 2677 1841 2703; x_wconf 80' lang='grc' dir='ltr'>καὶ</span> <span class='ocrx_word' id='word_1_859' title='bbox 1866 2677 1925 2707; x_wconf 77' lang='grc' dir='ltr'>τοῖς</span> 
     </span>
    </p>
   </div>
   <div class='ocr_carea' id='block_1_115' title="bbox 1135 2722 1924 2762">
    <p class='ocr_par' dir='ltr' id='par_1_115' title="bbox 1135 2722 1924 2762">
     <span class='ocr_line' id='line_1_116' title="bbox 1135 2722 1924 2762; baseline -0.006 -9"><span class='ocrx_word' id='word_1_860' title='bbox 1135 2727 1224 2762; x_wconf 79' lang='grc' dir='ltr'>ἔργοις</span> <span class='ocrx_word' id='word_1_861' title='bbox 1235 2726 1341 2753; x_wconf 77' lang='grc' dir='ltr'>ἀδικίαν</span> <span class='ocrx_word' id='word_1_862' title='bbox 1355 2725 1519 2752; x_wconf 78' lang='grc' dir='ltr'>συνέπλεκεν</span> <span class='ocrx_word' id='word_1_863' title='bbox 1530 2724 1656 2755; x_wconf 80' lang='grc' dir='ltr'>ἐἰκότως</span> <span class='ocrx_word' id='word_1_864' title='bbox 1668 2724 1715 2750; x_wconf 74' lang='grc' dir='ltr'><strong>καὶ</strong></span> <span class='ocrx_word' id='word_1_865' title='bbox 1729 2722 1784 2749; x_wconf 81' lang='grc' dir='ltr'>οἵδε</span> <span class='ocrx_word' id='word_1_866' title='bbox 1798 2723 1924 2757; x_wconf 86' lang='grc' dir='ltr'>λέγονται</span> 
     </span>
    </p>
   </div>
   <div class='ocr_carea' id='block_1_116' title="bbox 1135 2769 1921 2808">
    <p class='ocr_par' dir='ltr' id='par_1_116' title="bbox 1135 2769 1921 2808">
     <span class='ocr_line' id='line_1_117' title="bbox 1135 2769 1921 2808; baseline -0.006 -9"><span class='ocrx_word' id='word_1_867' title='bbox 1135 2773 1220 2808; x_wconf 74' lang='grc' dir='ltr'>θυμὸν</span> <span class='ocrx_word' id='word_1_868' title='bbox 1233 2772 1306 2808; x_wconf 74' lang='grc' dir='ltr'>ἔχειν</span> <span class='ocrx_word' id='word_1_869' title='bbox 1322 2774 1368 2799; x_wconf 80' lang='grc' dir='ltr'>καὶ</span> <span class='ocrx_word' id='word_1_870' title='bbox 1381 2771 1470 2807; x_wconf 75' lang='grc' dir='ltr'>ψυχὴν</span> <span class='ocrx_word' id='word_1_871' title='bbox 1485 2770 1580 2806; x_wconf 84' lang='grc' dir='ltr'>ὁμοίαν</span> <span class='ocrx_word' id='word_1_872' title='bbox 1596 2770 1634 2806; x_wconf 84' lang='grc' dir='ltr'>τῷ</span> <span class='ocrx_word' id='word_1_873' title='bbox 1649 2769 1825 2806; x_wconf 82' lang='grc' dir='ltr'>προλεχθέντι</span> <span class='ocrx_word' id='word_1_874' title='bbox 1841 2769 1902 2803; x_wconf 76' lang='grc' dir='ltr'><strong>ὄφει</strong></span> <span class='ocrx_word' id='word_1_875' title='bbox 1912 2776 1921 2783; x_wconf 88' lang='grc'><strong>·</strong></span> 
     </span>
    </p>
   </div>
   <div class='ocr_carea' id='block_1_117' title="bbox 1134 2814 1923 2854">
    <p class='ocr_par' dir='ltr' id='par_1_117' title="bbox 1134 2814 1923 2854">
     <span class='ocr_line' id='line_1_118' title="bbox 1134 2814 1923 2854; baseline -0.006 -9"><span class='ocrx_word' id='word_1_876' title='bbox 1134 2818 1149 2844; x_wconf 79' lang='grc' dir='ltr'><strong>ὃ</strong></span> <span class='ocrx_word' id='word_1_877' title='bbox 1165 2818 1195 2854; x_wconf 82' lang='grc' dir='ltr'><strong>δὴ</strong></span> <span class='ocrx_word' id='word_1_878' title='bbox 1210 2818 1255 2845; x_wconf 84' lang='grc' dir='ltr'><strong>καὶ</strong></span> <span class='ocrx_word' id='word_1_879' title='bbox 1271 2817 1337 2844; x_wconf 71' lang='grc' dir='ltr'>αὐτὸ</span> <span class='ocrx_word' id='word_1_880' title='bbox 1350 2817 1538 2853; x_wconf 79' lang='grc' dir='ltr'>προείληφενὸ</span> <span class='ocrx_word' id='word_1_881' title='bbox 1554 2815 1620 2848; x_wconf 81' lang='grc' dir='ltr'>Θεὸς</span> <span class='ocrx_word' id='word_1_882' title='bbox 1635 2817 1668 2851; x_wconf 84' lang='grc' dir='ltr'>τῇ</span> <span class='ocrx_word' id='word_1_883' title='bbox 1687 2815 1848 2851; x_wconf 79' lang='grc' dir='ltr'>προγνώσει,</span> <span class='ocrx_word' id='word_1_884' title='bbox 1861 2814 1923 2840; x_wconf 79' lang='grc' dir='ltr'>Τῶν</span> 
     </span>
    </p>
   </div>
   <div class='ocr_carea' id='block_1_118' title="bbox 1135 2861 1924 2901">
    <p class='ocr_par' dir='ltr' id='par_1_118' title="bbox 1135 2861 1924 2901">
     <span class='ocr_line' id='line_1_119' title="bbox 1135 2861 1924 2901; baseline -0.004 -10"><span class='ocrx_word' id='word_1_885' title='bbox 1135 2865 1190 2901; x_wconf 71' lang='grc' dir='ltr'><strong>γὰρ</strong></span> <span class='ocrx_word' id='word_1_886' title='bbox 1202 2864 1280 2892; x_wconf 88' lang='grc' dir='ltr'>θείων</span> <span class='ocrx_word' id='word_1_887' title='bbox 1299 2863 1485 2896; x_wconf 79' lang='grc' dir='ltr'>είσακούοντες</span> <span class='ocrx_word' id='word_1_888' title='bbox 1506 2863 1591 2898; x_wconf 79' lang='grc' dir='ltr'>λόγων</span> <span class='ocrx_word' id='word_1_889' title='bbox 1606 2862 1653 2890; x_wconf 69' lang='grc' dir='ltr'>καὶ</span> <span class='ocrx_word' id='word_1_890' title='bbox 1667 2864 1722 2894; x_wconf 80' lang='grc' dir='ltr'>τοῖς</span> <span class='ocrx_word' id='word_1_891' title='bbox 1738 2863 1821 2898; x_wconf 79' lang='grc' dir='ltr'>ἱεροῖς</span> <span class='ocrx_word' id='word_1_892' title='bbox 1835 2861 1924 2897; x_wconf 83' lang='grc' dir='ltr'>μαθη-</span> 
     </span>
    </p>
   </div>
  </div>
