2064 3212
154 190 209 219 515

722 190 976 219 (ΞΟΜΜΕΝΤΑΒΙᾹ
995 190 1027 217 ΙΝ
1047 187 1216 217 PSALMOS.

1283 174 1301 205 ί
1313 162 1339 197 ἵ)
1734 187 1788 216 εισι

154 252 202 280 καὶ
221 250 373 279 ἀναστάτου
396 252 575 287 τυγχάνοντος
588 260 594 267 ·
616 251 680 278 ὥστ’
698 254 722 279 εί
739 253 810 288 μέγα
823 253 948 289 φρονοῖεν

1005 254 1132 280 protector
1152 256 1224 276 meus
1241 247 1361 274 Domine.
1379 246 1432 274 Sed
1449 247 1533 274 etiam
1548 246 1622 282 quod
1642 254 1697 274 non
1713 254 1791 282 pem-

154 301 201 326 ἐπὶ
220 299 307 333 τούτῳ
328 299 466 331 Ἰουδαῖοι,
482 299 520 331 ὡς
534 299 620 326 πάντα
649 299 817 335 πληροῦντες
832 300 866 326 τὰ
883 298 946 334 ἔθνη

154 347 231 381 παρά
244 355 273 372 τε
287 345 435 381 βαρϐάροις
448 346 494 372 καὶ
507 346 537 372 ὲν
552 346 645 380 μέσοις
658 345 786 380 ’Ἓλλησιν
797 345 945 376 οἰκοῦντες·

154 392 211 418 ἀλλ’
240 392 368 422 ἴστωσαν,
393 392 434 418 ὃτι
471 392 499 417 ὲν
523 391 645 427 κατάρας
679 391 752 426 λόγῳ
773 391 860 418 ταῦτα
884 391 949 426 περὶ

153 437 245 464 αὐτῶν
260 437 467 469 ὲθεσπίςετο.Ή
478 436 542 471 γοῦν
557 436 682 471 παροῦσα
697 436 849 471 προφητεία
867 436 949 470 φησὶν

154 484 221 519 περὶ
234 483 339 509 αὐτῶν·
356 484 578 516 Διασκόρπισον
596 482 707 514 αὐτοὺς
720 481 756 508 ἐν
773 481 811 516 τῇ
825 481 950 516 δυνάμει

153 537 228 561 σου,
259 529 309 556 καὶ
337 528 485 563 κατότι-ατε
515 528 644 561 αὐτοὺς,
673 529 690 554 ό
720 526 949 562 ὑπερασπιστής

153 585 213 612 μου
235 577 334 610 Κύριε.
365 575 444 602 Ἀλλὰ
472 575 519 602 καὶ
541 575 572 601 τὸ
598 575 635 610 μὴ
658 575 774 609 πάμπαν
796 574 894 606 αὐτοὺς
921 572 951 603 ἐξ

154 622 309 658 ἀνθρώπων
326 619 474 655 ἠφανίσθαι
498 620 625 656 σημαίνει
648 619 778 653 λέγουσα·
807 618 855 652 Μὴ
878 618 952 644 ἀπο-

155 667 279 701 κτείνῃς
290 666 411 698 αὐτοὺς,
431 665 548 701 μήποτε
569 663 769 692 ἐπιλάθωνται
797 664 851 690 τοῦ
873 663 951 690 λαοῦ

155 721 225 740 σου.
250 713 282 741 Εἰ
305 712 358 748 γὰρ
374 709 444 747 ἦσαν
464 711 494 742 ἐξ
507 709 658 746 ἀνθρώπων
679 708 884 743 ἀφανισθέντες,
905 708 951 735 καὶ

159 756 293 793 μηδαμῶς
315 757 344 782 ὲν
368 755 451 787 ζῶσιν
475 755 568 786 ὀντες,
588 755 638 780 οὐκ
659 753 691 780 ἂν
706 751 786 786 εἶδον,
807 753 884 788 φησι,
906 752 952 779 τὸν

156 803 224 838 ἐμὸν
248 802 312 828 λαδν
326 821 333 833 ,
360 801 414 828 οὐδ’
440 800 472 827 ἂν
498 800 620 834 ἔγνωσαν
645 799 780 826 ἀνθοῦσαν
807 798 856 834 τὴν
883 798 952 833 ὲμὴν

163 847 329 882 Ἐκκλησίαν
343 854 349 860 ·
373 846 429 873 ἀλλ’
447 846 490 872 ἵνα
507 845 643 881 βλέπωσιν
656 845 742 880 αὐτὴν
757 844 804 871 καὶ
826 844 871 870 τὸν
887 843 952 878 ὲμὸν

157 893 281 928 θεωρῶσι
304 892 378 925 λαὸν,
404 892 440 928 μὴ
458 891 620 926 ἀποκτείνῃς
637 891 686 926 μὲν
703 890 811 921 αὐτοὺς,
827 889 953 924 διασκορ-

1001 300 1047 324 tus
1058 304 1091 323 ex
1103 294 1260 322 hominibus
1271 293 1352 320 deleti
1368 293 1434 324 sint,
1447 293 1491 320 his
1503 293 1616 326 indicat,
1629 291 1670 320 Ne
1684 292 1791 320 occidas

998 349 1055 373 eos,
1073 339 1211 376 nequando
1225 338 1415 365 obliviscantur
1439 338 1530 373 populi
1556 339 1604 365 tui.
1631 337 1699 365 Nam
1716 338 1739 366 si
1756 345 1792 366 ex

1001 386 1160 414 hominibus
1177 384 1277 413 sublati
1294 387 1398 415 essent,
1418 391 1506 418 neque
1521 383 1636 411 ulterius
1657 384 1729 411 inter
1754 383 1793 410 vi-

1000 441 1050 460 vos
1064 436 1288 463 numerarentur.
1306 440 1490 467 nequaquam,
1503 433 1550 464 ait,
1567 433 1690 460 viderent
1704 439 1792 467 popu-

1001 480 1056 506 lum
1071 486 1173 511 meum,
1190 487 1280 514 neque
1296 479 1438 506 florenlem
1460 478 1610 506 Ecclesium
1627 486 1714 506 meam
1730 486 1792 514 per-

1001 530 1148 552 noscerent
1166 534 1171 551 :
1189 525 1237 552 sed
1257 529 1287 551 ut
1304 532 1364 552 eam
1379 529 1406 553 et
1428 525 1558 560 populum
1574 533 1664 552 meum
1685 525 1792 560 conspi-

1001 570 1087 602 ciant,
1100 578 1135 597 ne
1151 570 1275 601 occidas,
1292 570 1339 597 sed
1361 570 1506 606 dispergas
1522 578 1569 598 eos
1584 571 1685 605 ubique
1701 574 1790 598 terra—

1001 624 1075 646 rum.
1091 616 1139 643 ubi
1152 615 1275 643 Ecclesia
1294 624 1355 643 mea
1370 617 1566 644 constituenda
1577 620 1637 649 est;
1652 620 1684 644 ut
1706 625 1791 652 popu-

1001 661 1059 688 lum
1079 668 1182 692 meum,
1198 661 1403 696 Ecclesiamque
1431 669 1480 696 per
1505 665 1593 689 totum
1608 662 1702 689 orbem
1717 666 1733 688 ‘a
1748 670 1792 690 me

1002 706 1144 733 fundatam
1160 707 1295 738 videntes,
1312 707 1346 734 ad
1368 708 1569 735 aemulationem
1591 708 1733 743 religionis
1749 714 1794 735 ac-

1003 751 1121 784 cedant;
1137 751 1319 786 exemploque
1341 752 1434 787 populi
1453 760 1485 779 ex
1502 753 1630 787 gentibus
1652 753 1791 786 conversi,

1003 797 1171 832 ipsiquoque
1183 798 1330 825 insanabili
1354 798 1555 834 incurabilique
1566 807 1617 827 suo
1631 799 1794 827 idololatrias

1004 844 1076 870 ma'lo
1091 843 1171 871 linem
1188 844 1339 878 imponant.
1354 843 1417 871 Haec
1433 844 1525 880 itaque
1538 853 1588 880 pro
1600 845 1655 873 illis
1668 844 1794 873 Salvator

1003 892 1131 924 precatus
1152 894 1204 921 est,
1221 889 1331 917 Patrem
1348 891 1509 923 obsecrans,
1530 899 1564 918 ne
1589 891 1792 924 occiderentur,

156 944 238 964 πισον
260 938 288 964 δὲ
311 937 409 969 αὐτοὺς
435 936 590 971 ἁπανταχοῦ
616 937 682 971 γῆς,
708 935 772 961 ἔνθα
794 935 885 970 μέλλει
905 935 951 961 καὶ

1005 935 1050 963 sed
1070 935 1096 962 in
1112 936 1166 962 vita
1183 940 1326 964 manerent
1352 941 1378 963 et
1401 939 1589 968 servarentur,
1617 941 1647 964 ut
1669 937 1795 964 viderent

158 983 175 1018 ὴ
192 983 246 1018 ἐμὴ
265 983 413 1018 Ἐκκλησία
429 983 620 1009 συνίστασθαι·
644 982 728 1013 ὅπως,
746 981 890 1016 βλέποντες
904 981 949 1007 τὸν

157 1027 233 1062 ιμδν·
247 1027 312 1055 λαὸν
334 1028 380 1054 καὶ
401 1027 449 1063 τὴν
475 1027 534 1053 καθ’
563 1027 626 1061 ὅλης
652 1025 701 1061 τῆς
723 1024 886 1061 οἰκουμένης
904 1026 949 1052 ὑπ’

1003 981 1133 1015 populum
1148 988 1239 1015 suum,
1254 985 1281 1009 et
1298 982 1414 1009 multum
1428 982 1462 1009 a'b
1479 989 1511 1009 eo
1527 981 1655 1009 utilitatis
1669 982 1794 1016 percipe-

1003 1030 1073 1054 rent.

157 1073 225 1108 ἐμοῦ
245 1073 457 1110 οεμελιωθεῖσαν
483 1073 664 1108 Ἐκκλησίαν,
683 1073 724 1104 εἰς
742 1072 824 1108 ζῆλον
855 1073 979 1108 ἔρχοιντο
997 1072 1170 1107 θεοσεϐείας,
1201 1075 1315 1111 καὶ’τῷ
1343 1075 1545 1111 παραδείγματι
1575 1075 1621 1102 τοῦ
1651 1075 1680 1109 ἐξ
1709 1075 1794 1102 ἐθνῶν

156 1120 365 1154 ἑπιστρέφοντος
395 1119 459 1145 λαοῦ
482 1119 528 1145 καὶ
552 1119 628 1145 αὐτοὶ
650 1117 797 1144 παύσοιντο
820 1126 885 1144 ποτε
915 1118 962 1145 τοῦ
998 1119 1108 1146 ἀνιάτου
1138 1122 1202 1155 παρ’
1228 1121 1319 1152 αὐτοῖς
1345 1122 1393 1148 καὶ
1420 1121 1607 1157 ἁθεραπεύτου
1634 1120 1720 1149 κακοῦ
1743 1121 1794 1156 τῆς

156 1165 388 1200 είδωλολατρείας.
414 1165 518 1191 Οὐκοῦν
544 1165 590 1191 καὶ
612 1163 698 1190 ταῦτα
722 1164 793 1198 ὑπὲρ
821 1163 911 1190 αὐτῶν
937 1164 951 1190 ὁ
970 1164 1065 1200 Σωτὴρ
1085 1164 1196 1200 ηὗκται,
1215 1166 1322 1202 δεηθεὶς
1356 1166 1401 1193 τοῦ
1422 1167 1528 1202 nam;
1556 1167 1593 1202 μὴ
1617 1166 1794 1202 ἀναιρεθῆναι

157 1212 208 1248 μὲν
226 1211 340 1242 αὐτοὺς,
367 1210 457 1245 μένειν
474 1209 501 1236 δὲ
525 1211 553 1236 ὲν
573 1209 612 1244 τῷ
636 1209 686 1244 βίῳ
702 1209 748 1235 καὶ
769 1209 949 1243 φυλάττεσθαι
969 1211 1014 1236 ἐπὶ
1027 1211 1066 1246 τῷ
1082 1211 1194 1247 ὒ;ωρεῐν
1210 1213 1255 1238 τὸν
1272 1212 1354 1238 αὐτου
1371 1212 1434 1239 λαὸν
1452 1213 1498 1239 καὶ
1514 1213 1619 1248 μεγάλα
1651 1211 1681 1244 ἐξ
1696 1210 1795 1238 ναὺτοῦ

154 1257 327 1292 ὠφελεῖσθαι.

199 1329 354 1364 Άμαρτίαν
364 1330 513 1364 στόματος
529 1329 638 1362 αὐτῶν,
656 1331 750 1366 λόγον
760 1330 885 1365 χειλέων
899 1331 953 1358 αὑ-

154 1375 232 1402 τῶιυ
250 1375 298 1402 καὶ
312 1375 579 1410 συλληφθήτωσαν
593 1376 627 1402 ἐν
642 1375 680 1410 τῇ
695 1377 884 1411 ὑπερηφανίᾳ
897 1378 952 1404 ιιῠ-

156 1421 226 1448 τῶν.
244 1421 328 1448 Πάλιν
345 1421 484 1448 κάνταῦθα
493 1422 541 1457 τὴν
552 1422 642 1449 αίτίαν
656 1423 805 1459 παρίστησι
816 1423 870 1448 τῶν
887 1431 953 1458 προ·

158 1466 315 1502 λεχθέντων.
337 1468 386 1494 Διὰ
397 1467 422 1493 τί
437 1467 492 1502 γὰρ
518 1467 607 1494 ταῦτα
627 1468 721 1494 παθεῖν
739 1468 839 1500 αὐτοὺς
863 1468 950 1502 ἠξίου,

158 1513 316 1547 ἀναγκαίως
343 1512 462 1539 διδάσκει
485 1512 591 1547 λέγων’
608 1513 646 1539 Δι’
665 1513 801 1548 ἁμαρτίαν
819 1514 952 1548 στόματος

159 1557 260 1590 αὐτῶν,
276 1558 325 1584 καὶ
348 1556 392 1584 διὰ
414 1557 460 1598 τὸν
486 1557 565 1592 λόγον
580 1557 633 1584 τῶν
647 1557 760 1592 χειλέων
781 1557 880 1584 αὐτῶν.
897 1557 952 1584 Καὶ
967 1571 987 1600 C

160 1603 216 1630 ἔστι
229 1602 367 1638 θαυμάσαι
385 1595 548 1639 τὺ’ἀκρι6ὲς
571 1603 621 1638 τῆς
635 1602 682 1629 τοῦ
700 1603 778 1638 ἁγίου
794 1602 953 1638 Πνεὺματος

160 1649 349 1684 προρρήσεως.
372 1649 481 1684 Ἐπειδὴ
500 1649 554 1685 γὰρ
578 1648 627 1675 οὐκ
645 1648 722 1676 αὐτοὶ
740 1648 870 1680 Ἰουδαῖοι,
883 1648 954 1675 κατὰ

159 1693 206 1720 τὸν
221 1692 268 1719 τοῦ
286 1693 410 1728 Σωτῆρος
422 1692 500 1729 ήμῶν
513 1693 607 1729 καιρὸν
618 1692 662 1719 τὸν
674 1692 787 1720 Θάνατον
806 1693 879 1728 αὐτῷ
898 1694 954 1729 εἱρ-

109 1736 110 1739 “
160 1738 293 1773 γάσαντο,
314 1738 455 1774 Ῥωμαϊκῇ
470 1738 498 1765 δὲ
524 1739 596 1774 χειρὶ
614 1738 685 1765 τοῦτ’
703 1738 862 1774 ἐπράττετο,
880 1738 955 1765 δικά-

161 1783 255 1816 ζοντος
270 1784 320 1820 μὲν
338 1783 466 1817 Πιλάτου,
480 1783 662 1810 διαλαϐόντων
674 1783 702 1810 δὲ
717 1783 890 1818 στρατιωτῶν
908 1784 954 1810 καὶ

161 1829 362 1864 ἀπαγαγόντων
375 1828 466 1862 αὐτὸν,
483 1829 619 1856 Ἰουδαίων
635 1829 662 1855 δὲ
677 1830 778 1855 τούτων
792 1828 852 1864 μηδ’
866 1828 954 1854 ὁτιοῦν

162 1875 351 1909 πεποιηκότων
362 1883 369 1889 ·
386 1874 498 1906 εἰκότως
509 1874 559 1901 οὑκ
571 1874 636 1900 αὐτὸ
647 1874 677 1900 τὺ
688 1874 766 1910 ἔργον
779 1873 826 1900 τοῦ
839 1872 954 1900 Θανάτου

162 1920 266 1951 τούτοις
291 1920 446 1956 ἀνατίθησι,
468 1919 535 1947 ἀλλὰ
559 1920 607 1955 τὴν
630 1920 729 1946 αἰτίαν.
748 1919 782 1946 Ui’
793 1928 823 1945 τε
836 1919 890 1954 γὰρ
906 1919 955 1954 ἆρ-

162 1974 256 2002 χοντες
272 1966 326 1993 τῶν
347 1965 494 1998 Ἰουδαίων,
511 1965 647 2001 συνέδριον
663 1965 852 2000 ποιησάμενοι,
866 1966 955 1991 πᾶσαν

162 2013 292 2049 ἐκίνησαν
325 2011 457 2048 μηχανὴν,
481 2011 554 2042 ὅπως
570 2011 651 2038 αὑτὸν
675 2010 860 2038 ἀπολέσωσιν
876 2010 903 2036 οἵ
925 2018 954 2035 τε

162 2059 268 2091 τούτοις
284 2058 457 2095 χαριζόμενοι
483 2057 705 2093 ψευδομάρτυρες
721 2057 768 2083 καὶ
789 2056 955 2090 συκοφάνται

162 2106 203 2137 εις
220 2105 366 2141 πρόσωπον
385 2104 503 2140 ἔστησαν
524 2103 570 2129 τοῦ
588 2103 727 2138 Σωτῆρος
745 2103 759 2128 ὅ
775 2111 804 2128 τε
825 2103 878 2133 πᾶς
892 2101 956 2134 λαὸς

163 2153 266 2186 φωναῖς
279 2151 325 2177 καὶ⁹
337 2150 453 2186 χείλεσιν
467 2149 577 2180 οἰκείοις
594 2149 624 2175 τὸ
641 2145 710 2184 αἷμα
721 2148 803 2174 αὑτοῦ
816 2148 876 2174 καθ’
893 2149 956 2174 ἐαυ-

162 2197 216 2224 τῶν
231 2197 278 2223 καὶ
294 2196 363 2223 κατὰ
377 2195 432 2222 τῶν
445 2195 516 2221 ἰδίων
529 2193 631 2220 παίδων
645 2192 820 2228 ὲζητήσαντο.
836 2193 956 2224 Εἰκότως

1039 1329 1122 1357 Vens.
1138 1330 1181 1357 15.
1206 1329 1337 1356 Delicium
1359 1330 1413 1357 aris
1433 1338 1523 1357 eorum
1544 1339 1690 1358 sermonem
1708 1332 1795 1359 labio-

1003 1385 1061 1402 rum
1078 1377 1214 1410 ipsorum;
1234 1380 1258 1402 et
1274 1376 1529 1410 comprehendantur
1549 1377 1576 1403 in
1591 1376 1714 1411 superbia
1731 1385 1792 1404 sua.

1003 1421 1053 1447 llic
1068 1429 1177 1448 rursum
1191 1425 1405 1448 memorator-um
1416 1429 1529 1448 causam
1544 1422 1641 1456 aperit.
1652 1423 1707 1450 Cur
1718 1423 1791 1452 enim

1006 1467 1081 1502 ipsos
1096 1467 1153 1493 ham
1171 1467 1226 1502 pati
1243 1468 1388 1502 rogaverit,
1404 1468 1563 1495 necessario
1572 1468 1672 1496 edocet
1686 1469 1791 1500 dicens,

1006 1517 1119 1548 propter
1133 1513 1261 1540 delictum
1278 1513 1334 1540 oris
1348 1521 1455 1545 eorum,
1478 1518 1504 1540 et
1533 1521 1686 1542 sermonem
1709 1515 1794 1543 labio-

1005 1565 1066 1584 rum
1082 1558 1216 1592 ipsorum.
1234 1557 1266 1584 Et
1285 1557 1379 1584 mirari
1407 1558 1481 1585 subit
1497 1558 1683 1592 prmdictionis
1705 1561 1794 1587 sancti

1006 1602 1127 1639 Spiritus
1144 1604 1360 1631 accurationem.
1378 1603 1446 1636 Quia
1464 1604 1537 1631 enim
1561 1608 1683 1639 tempore
1703 1604 1796 1633 Salva-

1005 1649 1074 1677 toris
1090 1650 1189 1682 nostri,
1202 1657 1256 1676 non
1266 1648 1353 1676 Jndmi
1371 1649 1424 1684 ipsi
1441 1653 1557 1676 mortem
1568 1650 1732 1682 intulerunt,
1744 1651 1794 1678 sed

1004 1695 1191 1723 Romanorum
1201 1702 1282 1722 manu
1299 1694 1325 1721 id
1343 1698 1484 1730 peractum
1496 1699 1548 1726 est,
1559 1695 1695 1729 judicium
1707 1695 1796 1724 Pilato

1005 1740 1121 1772 ferente,
1135 1739 1271 1768 militibus
1286 1739 1585 1774 comprehendentibus
1603 1744 1630 1768 et
1655 1741 1796 1769 abducen-

1005 1786 1079 1813 tibus
1102 1793 1176 1818 eum,
1203 1789 1231 1813 et
1257 1793 1272 1812 a
1298 1784 1400 1813 Judanis
1418 1785 1486 1812 nihil
1502 1792 1598 1813 eorum
1623 1790 1714 1814 actum
1737 1791 1796 1820 est;

1003 1833 1065 1868 jure
1079 1832 1134 1860 illis
1153 1839 1208 1860 non
1223 1832 1313 1868 ipsum
1329 1832 1405 1860 necis
1419 1837 1511 1859 actum
1522 1833 1648 1865 ascribit.
1664 1833 1711 1860 scd
1727 1840 1796 1860 cau-

1005 1884 1075 1905 sam.
1100 1876 1243 1912 Principes
1269 1884 1388 1912 namque
1411 1876 1568 1903 Judaaorum
1588 1876 1736 1904 concilium
1752 1877 1797 1904 in-

1005 1927 1114 1954 euntes,
1132 1923 1237 1950 nullam
1250 1929 1305 1949 non
1331 1922 1489 1949 machinam
1512 1925 1668 1953 moverunt,
1685 1925 1715 1948 ut
1732 1929 1796 1949 eum

1006 1969 1167 2004 perderent;
1182 1967 1244 2004 falsi
1261 1970 1345 1994 testes
1358 1970 1448 1994 autem
1463 1970 1489 1994 et
1501 1966 1687 2002 sycophantae.
1698 1974 1795 1994 eorum

1006 2013 1122 2048 gratiam
1135 2015 1317 2046 auCupantcs.
1333 2012 1360 2038 in
1376 2016 1526 2046 conspectu
1543 2010 1695 2039 Salvatoris
1711 2015 1796 2039 stete—

1007 2061 1070 2086 runt
1083 2066 1091 2092 ;
1107 2061 1235 2091 totuSque
1251 2056 1368 2091 populus
1386 2056 1501 2083 vocibus
1518 2055 1653 2091 labiisque
1664 2057 1723 2083 suis
1735 2063 1798 2083 sau-

1006 2103 1115 2139 guinem
1127 2102 1188 2137 ejus
1202 2109 1286 2137 super
1307 2109 1336 2129 se
1355 2106 1382 2129 et
1397 2109 1479 2136 super
1497 2101 1570 2129 ﬁlios
1585 2109 1652 2129 suos
1677 2102 1798 2141 expetie-

1007 2154 1071 2177 runt
1088 2159 1094 2176 :
1110 2149 1172 2184 jure
1193 2155 1259 2184 ergo
1275 2155 1329 2174 non
1345 2147 1423 2175 necis
1438 2146 1556 2181 facinus,
1580 2154 1661 2182 quam
1675 2146 1796 2175 decrevit

1007 2196 1123 2228 Pilatus,
1138 2197 1331 2230 perpetrarunt
1354 2193 1454 2221 milites
1474 2193 1546 2228 ejus,
1569 2197 1719 2225 memorat;
1747 2192 1797 2220 sed

163 2241 208 2270 οὖν
234 2244 248 2269 ὁ
263 2241 358 2277 παρὼν
375 2241 452 2276 λόγος
479 2241 510 2267 οὐ
533 2240 583 2275 τῆς
606 2239 653 2265 τοῦ
679 2238 795 2264 θανάτου
817 2237 953 2273 πράξεως,

1007 2242 1162 2277 principatu
1183 2240 1359 2269 sacerdotum
1378 2240 1622 2275 conspirationem,
1645 2238 1797 2274 sycophan-

163 2291 197 2325 ἣν
213 2289 297 2324 ὥρισε
314 2288 363 2323 μὲν
386 2287 511 2318 Πιλᾶτος,
537 2285 718 2321 διεπράξαντο
732 2284 760 2311 δὲ
776 2285 800 2310 οί
817 2284 861 2310 ὑπ’
880 2283 954 2319 αὑτῷ

165 2335 338 2371 στρατιῶται,
367 2331 541 2368 μνημονεύει,
564 2330 633 2358 ἀλλὰ
661 2330 710 2366 τῆς
734 2329 788 2356 τῶν
805 2329 954 2365 ἀρχιερέων

165 2379 312 2415 σοσκευῆς,
333 2379 380 2405 καὶ
401 2378 452 2413 τῆς
463 2378 517 2404 τῶν
540 2375 714 2411 συκοφαντῶν
730 2375 892 2411 μαρτυρίας,
906 2375 956 2410 τῆς

163 2435 193 2453 τε
222 2425 316 2461 φωνῆς
343 2424 390 2451 τοῦ
412 2424 530 2459 πλήθους
555 2422 749 2458 ἐπιϐοήσαντος
778 2421 838 2448 κατ’
861 2421 953 2448 αὐτοῦ.

164 2473 209 2500 Διό
223 2480 319 2508 φησιν’
342 2470 497 2506 Ἁμαρτιάν
506 2470 656 2504 στόματος
664 2467 772 2499 αὐτῶν,
791 2468 885 2503 λόγον
897 2476 956 2501 χει-

163 2518 243 2546 λέων
257 2517 357 2544 αὐτῶν
367 2525 373 2532 ·
389 2517 455 2543 ὡσεὶ
469 2516 544 2550 ἔλεγε
562 2515 727 2550 σαφέστερον
738 2523 744 2529 ·
762 2515 800 2539 Δι’
818 2513 956 2549 ἁμαρτῖαν

165 2564 300 2600 στόματος
313 2562 413 2595 αὐτῶν,
433 2555 480 2589 καὶ
500 2561 544 2588 διὰ
566 2559 643 2595 λόγον
658 2560 767 2596 χειλέων
782 2558 882 2586 αὐτῶν.
909 2558 957 2585 Διὰ

164 2610 219 2646 γὰρ
234 2609 321 2636 ταῦτα
335 2609 554 2643 διασκόρπισον
566 2606 678 2638 αὐτοὺς
693 2604 731 2639 τῇ
744 2604 869 2639 δυνάμει
885 2612 955 2636 σου,

165 2656 215 2683 καὶ
229 2655 378 2690 κατάγαγε
392 2654 513 2687 αὐτοὺς,
522 2655 538 2680 ό
548 2646 844 2686 ὺπερασπιστήςμόυ
857 2651 955 2684 Κύριε.

165 2701 244 2728 Κατᾶ
260 2701 288 2728 δὲ
305 2701 351 2728 τὸν
375 2700 533 2736 Σύμμαχον,
555 2698 701 2733 Ἀμαρτίςι,
720 2697 795 2732 φησὶ,
813 2695 867 2723 τοῦ
889 2696 958 2722 στό-

162 2756 258 2783 ματος
269 2746 379 2778 αὐτῶν,
392 2746 440 2773 καί
451 2746 491 2779 τῷ
505 2745 584 2780 λόγῳ
596 2744 654 2770 τῶν
670 2743 794 2778 χειλέων
812 2740 912 2768 αὐτῶν
924 2741 958 2768 τὰ

166 2792 351 2829 προλεχθέντα
380 2792 471 2823 αὐτοῖς
504 2789 716 2826 ἐπαχοήσεσθαι.
742 2788 796 2814 Καὶ
819 2786 955 2821 ἐπιλέγει·

168 2838 223 2865 Καὶ
235 2837 502 2872 σνλληφθήτωσαν
523 2837 558 2863 ἐν
575 2836 611 2869 τῇ
633 2833 823 2868 ὑπερηφανίᾳ
840 2832 956 2859 αὑτῶν-

166 2883 196 2919 ἢ,
212 2883 283 2910 κατὰ
299 2883 345 2910 τὸν
360 2882 517 2918 Σύμμαχον,
533 2879 801 2915 Συλληφθὴτωσαν
814 2878 889 2913 μετὰ
904 2878 958 2912 τῆς

1008 2290 1097 2314 tarum
1111 2287 1309 2320 testimonium,
1325 2290 1420 2314 contra
1433 2286 1522 2320 ipsum
1539 2284 1717 2312 acclamantis
1729 2283 1796 2310 mul-

1008 2333 1134 2360 titudinis
1154 2339 1259 2359 vocem.
1281 2331 1373 2364 Quare
1395 2331 1453 2358 ait:
1471 2329 1604 2357 Delictum
1621 2329 1674 2355 oris
1691 2336 1794 2361 eorum,

1007 2387 1153 2406 sermonem
1169 2378 1300 2405 labiorum
1315 2377 1450 2410 ipsorum;
1470 2383 1502 2403 ac
1516 2375 1539 2402 si
1562 2374 1693 2409 liquidius
1718 2374 1795 2402 dice-

1009 2427 1059 2452 rct.
1074 2427 1184 2459 propter
1201 2423 1330 2450 delictum
1348 2421 1404 2448 oris
1420 2427 1527 2452 eorum,
1549 2422 1576 2447 et
1598 2423 1710 2454 propter
1735 2427 1795 2447 ser-

1008 2463 1115 2497 monem
1133 2469 1267 2496 labiorum
1283 2468 1417 2502 ipsorum.
1434 2467 1472 2493 Ea
1488 2466 1522 2493 de
1539 2472 1622 2493 causa
1634 2464 1796 2501 dispergeil-

1009 2515 1047 2542 los
1064 2515 1090 2541 in
1113 2515 1208 2541 virtute
1232 2518 1290 2545 tua,
1309 2517 1334 2539 et
1358 2513 1457 2546 depone
1484 2519 1539 2544 eos,
1565 2515 1697 2546 protector
1722 2519 1795 2539 meus

1008 2560 1130 2586 Domine.
1147 2558 1303 2586 Secundum
1319 2558 1514 2594 Symmachum
1528 2565 1606 2590 vero,
1619 2562 1737 2592 peccato,
1752 2557 1796 2584 in-

1008 2606 1078 2640 quit,
1094 2606 1148 2632 oris
1167 2613 1268 2636 eorum,
1281 2609 1305 2631 et
1325 2604 1400 2632 verba
1417 2602 1547 2630 labiorum
1564 2603 1683 2638 ipsorum
1699 2603 1798 2638 pradi-

1009 2656 1053 2678 cta
1065 2651 1133 2687 ipsis
1157 2650 1302 2687 inﬂigenda
1327 2655 1402 2678 sunt.
1421 2649 1461 2678 Ac
1474 2650 1625 2685 subjungit,
1643 2654 1667 2677 et
1681 2642 1799 2684 compre—

1009 2697 1160 2724 [tenduntur
1178 2697 1204 2724 in
1214 2696 1339 2732 superbia
1355 2705 1415 2729 sua,
1429 2696 1487 2724 εἰνέ
1503 2696 1654 2724 secundum
1672 2695 1799 2731 Symma-

1009 2743 1103 2775 chum,
1130 2741 1383 2777 comprehendantur
1406 2750 1466 2768 cum
1494 2741 1617 2775 superbia
1641 2748 1702 2768 sua.
1728 2739 1797 2767 Nam

1010 2796 1073 2816 cum
1090 2788 1201 2824 superbi
1217 2792 1434 2823 arrogantcsque
1449 2791 1554 2819 essent,
1577 2786 1732 2814 Servatoris
1748 2794 1799 2813 no-

1011 2833 1061 2861 stri
1073 2833 1201 2860 fiduciam
1213 2841 1268 2860 non
1281 2832 1414 2860 ferebant.
1425 2832 1514 2865 Quare
1524 2832 1640 2866 superbe
1650 2830 1798 2865 admodum

1012 2878 1144 2906 adeuntes
1166 2878 1244 2905 illum
1268 2878 1307 2905 sic
1336 2877 1540 2912 compellabant
1556 2887 1562 2904 :
1580 2876 1646 2909 Qui:
1665 2875 1737 2904 dedit
1752 2874 1803 2904 tibi
