2064 3212
1244 181 1259 190 κ

156 203 212 232 555
717 203 967 232 COMMENTARIA
987 204 1020 233 IN
1038 202 1207 231 PSALMOS.
1238 195 1253 210 ³
1277 195 1283 202 ”
1721 205 1777 233 εει

158 269 206 296 ρος
221 260 260 296 τῷ
275 258 356 286 Δαυτδ
368 260 408 292 είς
421 258 528 291 δούλους
541 259 673 295 φέροντας
688 258 771 292 ξένια.
789 259 843 286 Καὶ
854 259 937 286 ἔσωσε

991 259 1031 287 cis
1055 258 1205 294 interjectis
1223 258 1333 286 additur
1355 269 1361 287 ε

119 309 122 312 ’
157 307 261 342 Κύριος
281 306 327 333 τὸν
341 305 421 333 Δαυτδ
437 306 465 332 ὲν
479 307 561 332 πᾶσιν
571 303 612 337 οἷς
625 306 779 342 ἐπορεύετο.
805 315 814 331 ι
831 305 941 337 Τούτοις

156 353 221 388 ἑξῆς
250 352 319 388 μετὰ
348 352 450 387 βραχέα
479 352 649 386 ὲπιλέγεται·
675 362 683 377 ι
704 352 758 378 Καὶ
783 352 941 378 ὲῦασίλευσε

155 398 237 426 Δαυτδ
260 399 306 425 ἐπὶ
327 399 451 434 Ἰσραήλ·
468 399 514 425 καὶ
528 396 561 433 ἦν
581 398 662 424 Δαυῒδ
684 398 767 425 ποιῶν
787 400 872 434 κρῖμα
894 399 941 425 καὶ

154 444 329 480 δικαιοσύνην
354 445 400 471 ἐπὶ
419 445 506 471 πάντα
519 446 563 471 τὸν
584 444 646 472 λαὸν
671 445 763 472 αὑτοῦ.
789 446 843 471 Καὶ
862 445 940 471 Ὶωὰϐ

155 492 212 523 υἱὸς
226 492 359 527 Σαρουῖας
376 492 422 517 ἐπὶ
445 491 494 525 τῆς
510 491 664 526 στρατείας.
685 500 694 516 ι
712 492 766 517 Καὶ
789 489 865 522 αὖθις
882 490 939 526 μεθ’

155 538 238 574 ἔτερα
256 537 380 574 sim-raw
405 547 415 563 ι
436 538 489 564 Καὶ
507 537 668 564 ἀπέστειλαν
689 539 713 564 οἱ
735 538 786 564 υἱοὶ
817 537 939 572 Ἀμμὼν,

155 585 202 612 καὶ
228 584 413 620 ἐμισθώσαντο
436 584 483 618 τὴν
497 584 595 619 Συρίαν
616 583 700 610 Ῥοὼὸ
715 584 761 610 καὶ
779 583 827 619 τὴν
842 584 941 619 Συρίαν

155 631 242 658 Σοὸὰλ
257 631 343 657 εἴκοσι
359 630 477 666 χιλιάδας
496 630 602 661 πεζῶν,
626 630 671 656 καὶ
687 630 731 656 τὸν
751 630 860 664 βασιλέα
883 631 941 656 Μα-

155 676 210 712 χαὰ
224 677 324 712 χιλίους
339 677 447 712 ἄνδρας,
464 677 510 703 καὶ
529 676 631 703 Είστὼό
650 677 682 703 ιϐ’
693 676 812 711 χιλιάδας
826 677 938 712 ἀνδρῶν.

156 724 211 752 Καὶ
223 724 323 759 ἢκουσε
342 724 430 755 Δαυῖδ,
451 724 497 750 καὶ
512 723 653 750 ἀπέστειλε
669 723 716 759 τὴν
740 723 862 758 δύναμιν,
879 724 941 754 τοὺς

154 770 292 802 δυνατούς.
303 771 357 798 Καὶ
371 770 481 804 ἐξῆλθον
496 770 548 796 υἱοὶ
564 768 684 804 ’Λμμὼν,
698 770 744 796 καὶ
756 768 941 804 παρετάξαντο

156 817 274 853 πόλεμον
291 816 365 852 παρὰ
381 818 412 851 τῇ
428 816 497 851 Οὖρα
512 816 559 851 τῆς
576 815 662 850 πύλης
676 815 775 850 Συρίας
793 815 872 841 Σωόᾶ
893 816 940 841 καὶ

160 863 246 890 Ῥοὼὸ
253 863 299 889 καὶ
313 862 426 889 Εὶστώὸ.
442 863 496 888 Καὶ
506 860 574 888 εἶδεν
595 861 683 893 Ὶωὰδ,
697 861 739 887 ὅτι
750 860 864 895 ἐγενήθη
873 860 939 896 πρὶς

154 910 236 938 αὑτὸν
247 909 451 944 ἀντιπρόσωπον
465 908 510 934 τοῦ
525 907 643 942 πολέμου
658 907 690 933 ὲκ
706 906 753 933 τοῦ
769 906 838 932 κατὰ
857 906 940 941 πρόσ-

1398 271 1406 286 ι
1427 260 1458 288 Et
1486 261 1611 297 regnavit
1637 260 1722 289 David
1749 262 1777 289 in

993 302 1075 331 Israel
1087 313 1094 331 :
1109 302 1225 331 faciebat
1238 310 1346 338 quoque
1359 303 1442 331 David
1455 305 1586 339 judicium
1601 309 1629 333 et
1641 306 1776 341 justitiam

991 350 1064 377 omni
1077 350 1175 385 popqu
1189 358 1249 377 suo.
1263 350 1331 377 Joab
1344 356 1433 378 autem
1453 352 1525 378 lilius
1540 351 1643 380 Sarvia:
1657 357 1718 380 erat
1731 361 1777 381 su-

991 404 1040 431 per
1055 398 1216 424 exercitum.
1236 407 1245 423 ›
1265 396 1440 432 Rursumque
1464 403 1557 433 postea
1580 399 1701 427 dicitur:
1720 409 1729 426 ι
1746 399 1777 426 Et

991 442 1126 469 miserunt
1140 442 1187 469 lilii
1200 442 1326 475 Ammon,
1339 447 1365 470 et
1381 443 1570 471 conduxerunt
1586 445 1710 473 mercede
1727 444 1776 481 Sy-

991 486 1058 513 riam
1076 486 1153 513 lloob
1169 491 1195 513 et
1211 486 1318 522 Syriam
1334 486 1426 519 Sobal,
1439 487 1534 523 viginti
1550 488 1632 514 millia
1645 488 1777 522 peditum,

991 535 1017 558 et
1044 539 1059 558 a
1086 539 1148 567 rege
1169 531 1282 559 Machaa
1308 532 1381 559 mille
1395 533 1480 563 viros.
1506 537 1533 559 et
1548 532 1621 560 lstob
1634 532 1776 560 duodecim

991 577 1075 604 millia
1103 577 1233 604 virorum.
1262 578 1340 610 Quod
1357 586 1419 605 cum
1445 578 1566 606 audisset
1587 578 1681 609 David,
1703 578 1777 606 misit

991 623 1141 649 exercitum
1157 628 1183 650 et
1199 623 1283 649 fortes
1297 623 1404 659 [viros].
1421 623 1453 650 Et
1467 624 1568 659 egressi
1580 628 1643 652 sunt
1657 624 1703 650 lilii
1717 624 1777 650 Am-

992 676 1064 701 mon,
1091 672 1118 695 et
1141 668 1300 695 direxcrunt
1317 669 1402 696 aciem
1421 670 1453 696 ad
1465 670 1577 704 januam
1592 674 1677 705 porta:
1693 669 1778 705 Syria!

992 714 1064 741 Soba
1090 718 1116 741 ct
1133 714 1208 742 Iloob
1224 719 1251 742 ct
1269 715 1349 743 lstob.
1386 715 1488 743 Videns
1508 721 1597 743 autem
1623 715 1692 743 Joab
1706 714 1777 750 quod

991 764 1064 787 esset
1087 760 1138 787 sibi
1153 761 1274 795 praelium
1289 768 1321 788 ex
1337 760 1451 788 adverso
1466 766 1491 788 et
1508 769 1521 787 a
1536 765 1622 796 tergo,
1642 762 1723 797 elegit
1744 768 1777 788 ex

991 807 1118 834 omnibus
1133 806 1280 841 juvenibus
1308 807 1401 839 Israel,
1418 811 1445 834 et
1459 807 1589 834 instruxit
1606 808 1692 834 aciem
1709 815 1777 834 con—

991 856 1032 879 tra
1049 853 1154 888 Syriam
1171 853 1258 884 ⁹¹-⁹⁵,›
1278 857 1304 880 et
1319 857 1426 880 caetera.
1437 853 1541 886 Quibus
1553 852 1650 881 deinde
1663 853 1778 888 subjun-

991 899 1082 933 gitur:
1104 908 1113 924 ι
1130 898 1161 925 Ει
1174 898 1300 926 viderunt
1318 899 1389 926 servi
1411 899 1531 926 Adrazar
1547 899 1618 934 quod
1632 899 1777 927 cecidisset

154 965 228 983 ωπον
240 963 247 970 ·
262 955 308 982 καὶ
328 954 452 986 ἐπέλεξεν
467 955 499 980 ὲκ
514 954 620 980 πάντων
643 953 696 979 τῶν
714 953 861 979 νεανίσκων
888 952 937 978 Ἰσ-

988 952 1003 970 a
1018 944 1085 970 l‘acie
1105 943 1187 972 Israel
1202 963 1209 975 ,
1225 949 1252 970 et
1264 944 1470 979 transfugerunt
1482 945 1513 971 ad
1527 945 1620 977 Israel,
1635 949 1661 972 et
1677 945 1777 972 servie-

156 1002 234 1038 ραὴλ,
248 1001 294 1029 καὶ
309 1000 494 1036 παρετάξαντο
506 999 659 1031 ἐξεναντίας
685 999 783 1034 Συρίας
792 1018 798 1030 ,
820 1007 829 1023 ι
848 998 893 1024 καὶ
905 997 939 1024 τὰ

153 1047 259 1079 τούτοις
284 1047 354 1083 ἑξῆς.
376 1044 423 1078 Οἷς
446 1046 508 1081 ἑξῆς
530 1045 707 1080 ἐπιφέρεταιο
733 1055 741 1070 ‹
760 1044 814 1071 Καὶ
830 1041 898 1070 εἶδον
915 1044 939 1069 ot

152 1093 241 1121 δοῦλοι
272 1092 421 1128 Ἀδραζὰρ,
439 1093 479 1118 ὅτι
506 1091 632 1118 ἔπταισεν
649 1090 801 1126 ἔμπροσθεν
821 1089 938 1125 Ἰσραὴλ,

153 1140 202 1167 καὶ
217 1138 404 1175 ηὐτομόλησαν
423 1137 491 1173 μετὰ
514 1137 631 1172 Ἰσραὴλ,
650 1137 695 1163 καὶ
712 1136 869 1162 ὲδούλευσαν
891 1136 939 1161 αὺ-

152 1184 219 1218 τοῖς.
240 1195 250 1211 t
266 1185 315 1212 Διὰ
325 1184 426 1211 τούτων
441 1185 457 1219 ἡ
473 1183 576 1218 ἱστορία
599 1184 645 1210 καὶ
665 1183 711 1209 τοῦ
734 1183 876 1217 Εὐφράτου
894 1182 940 1208 καὶ

152 1232 203 1267 τῆς
211 1231 306 1258 Σωσὰλ
324 1231 370 1257 καὶ
387 1230 435 1265 τῆς
451 1229 550 1264 Συρίας
567 1229 614 1255 καὶ
632 1228 678 1254 τοῦ
702 1228 780 1254 Ίωὰὸ
791 1248 797 1260 ,
820 1228 866 1254 καὶ
886 1228 940 1253 τῶν

154 1278 188 1305 ιθ
212 1277 338 1313 χιλιάδων
363 1276 559 1312 ἐμνημόνευσε,
591 1276 637 1302 καὶ
663 1275 700 1305 ὡς
728 1274 780 1301 τῶν
804 1274 940 1309 πολεμίων

151 1323 282 1350 ἁπάντων
307 1322 475 1358 περικρατὴς
502 1321 612 1356 γέγονεν
636 1321 649 1346 ό
666 1320 762 1346 Δαυῖδ·
785 1320 858 1351 ὅπως
880 1328 909 1345 τε
926 1320 940 1345 ὁ

152 1368 372 1405 ἀρχιστράτηγος
401 1367 482 1394 αὑτοῦ
513 1367 606 1398 Ἰωὰϐ,
634 1366 858 1401 παραταξάμενος
885 1367 939 1396 τοῖς

151 1414 320 1449 ἀλλοφύλοις,
338 1413 508 1448 ὑποχειρίους
525 1413 622 1444 αὐτοὺς
646 1412 759 1447 εἰλήφει.
782 1412 884 1441 Αὐτοὺς
907 1411 939 1446 δὴ

151 1458 200 1487 οὖν
215 1460 346 1491 ἐκείνους,
360 1459 420 1485 καθ’
431 1458 477 1490 οὒς
490 1458 573 1485 ταῦτα
590 1458 738 1493 ἐπράττετο
748 1477 754 1489 ,
778 1457 906 1492 σημαίνει
922 1458 937 1492 ἡ

153 1506 223 1542 μετὰ
231 1507 324 1542 χεῖρας
337 1505 532 1541 στηλογραφία.
547 1505 624 1531 Κατὰ
639 1505 666 1531 δὲ
679 1504 724 1531 τὸν
746 1504 891 1539 Σύμμαχον
905 1503 939 1530 τὰ

151 1553 202 1589 τῆς
217 1553 380 1589 προγραφῆς
401 1552 485 1583 οὕτως
500 1552 571 1587 ἔχει·
591 1561 599 1577 ι
627 1551 772 1577 Ἐπινίκιον
797 1551 866 1586 ὑπὲρ
885 1550 939 1576 τῶν

151 1597 240 1625 ἀνθῶν
253 1598 299 1625 τοῦ
311 1598 520 1633 ταπεινόφρονας
533 1597 578 1623 καὶ
603 1596 718 1631 ἀμώμου
735 1596 781 1622 τοῦ
794 1595 883 1626 Δαυῖδ,
899 1597 938 1627 εἰς
951 1617 971 1645 C

150 1643 284 1679 διαδοχὴν,
298 1643 389 1670 ὁπότε.
404 1643 548 1678 ἐμπρήσας
566 1642 615 1676 τὴν
628 1642 726 1676 Συρίαν
741 1641 790 1676 τῆς
815 1642 937 1667 Μεσοπο-

150 1691 262 1726 ταμίας,
276 1690 323 1717 καὶ
338 1689 386 1725 τὴν
400 1689 498 1724 Συρίαν
510 1688 612 1718 Σωϐὰλ,
625 1688 671 1714 καὶ
685 1687 832 1723 ἀνέστρεψε
847 1686 935 1717 Ίωὰὸ,

150 1737 199 1764 καὶ
213 1735 332 1768 ὲπάταξε
359 1736 404 1762 τὸν
427 1735 514 1764 Ἑδὼυ.
532 1735 560 1761 ἐν
583 1735 615 1769 τῇ
644 1734 766 1769 φάραγγι
788 1733 834 1759 τοῦ
862 1733 936 1764 Ἀλὸς

151 1782 186 1810 ιο
199 1781 330 1819 χιλιάδας.
350 1791 358 1807 ι
385 1781 464 1816 Δηλοί
487 1780 514 1807 δὲ
531 1781 544 1806 ὁ
561 1780 656 1815 χρόνος
678 1778 801 1815 εἰρῆσθαι
819 1778 851 1804 τὰ
869 1787 935 1813 προ-

149 1828 275 1864 κείμενα,
294 1829 322 1854 ὲν
336 1826 375 1862 τῷ
390 1826 552 1862 διαπρέπειν
566 1825 652 1851 καὶτὰ
668 1824 773 1860 μεγάλα
787 1824 935 1859 κατορθοῦν

150 1874 327 1910 βασιλεύοντα
342 1873 388 1899 τὸν
403 1871 492 1903 Δαυῗδ,
507 1872 559 1907 πρὸ
576 1871 625 1906 τῆς
645 1871 715 1897 κατὰ
729 1870 777 1906 τὴν
800 1870 936 1905 Βηθσαεεὲ

149 1920 282 1957 ἱστορίας,
296 1921 340 1947 ὅτε
354 1919 444 1951 καλῶς
458 1918 531 1954 αὐτῷ
553 1918 586 1945 τὰ
611 1918 761 1953 πράγματα
783 1917 935 1952 προύχώρει

150 1966 337 2003 εὐδοκιμοῦντι
351 1966 426 2001 παρὰ
441 1965 480 2001 τῷ
490 1965 548 2000 Θεῷ
562 1966 609 1991 καὶ
621 1964 695 1999 παρὰ
710 1965 766 1995 τοῖς
784 1964 865 1990 πᾶσιν
875 1971 881 1977 ’
898 1963 935 1995 ὡς

151 2012 368 2050 μαρτυρεῖσθαι,
383 2013 424 2039 ὅτι
445 2010 479 2048 ἦν
498 2012 579 2039 ποιῶν
595 2012 679 2047 κρῖμα
704 2011 750 2037 καὶ
765 2009 935 2044 δικαιοσύνην

149 2060 180 2086 ἐν
194 2058 233 2095 τῷ
252 2058 369 2094 Ἰσραήλ.
393 2058 473 2085 Ἀλλὰ
490 2058 543 2093 γὰρ
561 2057 634 2089 ἄξιον
655 2058 684 2083 ὲν
703 2056 806 2088 τούτοις
831 2056 934 2091 ἀπορῆ-

150 2113 207 2136 σαι,
223 2104 296 2137 πῶς,
322 2105 350 2131 ἐν
367 2105 478 2140 τοιαύτῃ
500 2105 640 2139 τυγχάνων
655 2103 835 2134 καταστάσει,
854 2103 935 2138 ἀρχό-

150 2159 231 2186 μενος
244 2151 293 2186 τῆς
317 2149 516 2185 στηλογραφίας
536 2149 649 2183 φάσκεν
670 2158 679 2173 ι
703 2148 732 2174 Ὀ
744 2148 818 2179 Θεὸς,
833 2146 935 2174 ἀπώσω

148 2196 224 2232 ἡμᾶς
239 2197 287 2223 καὶ
303 2196 427 2228 καθεῖλες
447 2196 529 2231 ἡμᾶς.
552 2205 560 2220 ι
583 2195 637 2221 Καὶ
660 2193 711 2229 μὴν
735 2193 851 2228 τρόπαια
875 2193 933 2219 κατ’

149 2240 254 2277 ἐχθρῶν
280 2241 393 2276 ἀνίστη,
415 2240 461 2267 καὶ
480 2241 557 2271 νίκας
583 2239 652 2265 κατὰ
680 2238 815 2273 πολεμίων
834 2238 931 2272 ᾕρητο·

148 2287 207 2314 διον
217 2285 264 2314 οὖν
279 2287 326 2314 ἐπὶ
337 2286 440 2318 τούτοις
455 2285 524 2321 ᾠδὰς
543 2285 690 2316 ἐπινικίους
708 2284 797 2319 ᾄδειν,
819 2282 891 2309 θύειν
904 2291 933 2308 τε

148 2333 345 2369 εὐχαριστήρια
358 2332 396 2368 τῷ
411 2332 479 2368 Θεῷ.
503 2333 531 2359 '0
544 2332 572 2358 δὲ
586 2331 686 2357 τούτων
704 2330 752 2365 μὲν
767 2328 841 2355 οὐδὲν
854 2328 936 2364 πράτ-

147 2387 201 2413 τει,
221 2380 352 2407 τάναντία
375 2379 403 2406 δὲ
424 2378 622 2414 ἁπολοφύρεται
647 2377 747 2410 λέγων’
774 2385 782 2400 ι
809 2375 837 2401 '0
852 2375 934 2407 Θεὸς,

148 2424 253 2452 ἀπώσω
267 2425 341 2460 ἡμᾶς
356 2425 403 2451 καὶ
415 2424 537 2455 καθεῖλες
548 2423 631 2459 ἡμᾶς,
643 2420 796 2457 ὠργίσθης,
818 2420 864 2446 καὶ
878 2419 934 2453 ᾡκ-

148 2471 280 2508 τεερησας
294 2471 377 2507 ἡμᾶς.
408 2481 417 2496 ι
439 2471 511 2497 ’Δντὶ
526 2469 553 2495 δὲ
577 2468 622 2495 τοῦ
636 2488 643 2499 ,
673 2476 681 2492 ι
700 2467 746 2493 καὶ
765 2465 933 2501 ᾠκτείρησας

147 2519 250 2554 ἡμᾶςςυ
267 2527 276 2544 ι
289 2518 334 2545 καὶ
350 2516 610 2553 περιήγαγεςὴμάς,
627 2525 636 2541 ι
653 2515 667 2541 ὁ
683 2514 829 2549 Σύμμαχος
843 2513 933 2548 ἡρμή-

150 2572 244 2591 νιυπν
256 2572 262 2578 ·
280 2565 296 2599 ὴ
307 2563 336 2590 δὲ
350 2563 460 2598 πέμπτη
473 2562 576 2593 ἔκδυσις
588 2582 595 2593 ,
617 2571 626 2585 ι
652 2561 699 2587 καὶ
709 2558 933 2595 περιεκύκλωσαν

150 2612 225 2647 ἡμᾶς
234 2619 241 2626 ·
254 2620 264 2637 ι
275 2611 290 2637 ό
300 2610 328 2637 δὲ
339 2610 462 2642 Ἀκύλας,
477 2619 486 2635 ι
500 2607 634 2644 θυμωθεὶς
646 2606 829 2643 μετέστρεψας
841 2606 914 2640 ἡμῖν.
923 2614 932 2629 ι

148 2655 217 2685 Εἶτα
230 2656 350 2691 ἰπιλέγει
375 2656 449 2691 ἑξῆς·
467 2665 476 2682 ι
495 2654 617 2687 Ἐδειεας
631 2652 668 2688 τῷ
683 2652 738 2688 λαῴ
756 2661 803 2679 σου
819 2650 933 2686 σκληρά’

148 2703 277 2734 ἑπότισας
299 2703 371 2739 ἡμᾶς
391 2700 460 2729 οἶνον
471 2699 650 2733 κατανύξεως.
668 2709 677 2724 ι
694 2697 785 2725 Ταῦτα
807 2697 835 2724 δὲ
852 2697 934 2724 ἀκατ-

149 2749 251 2784 άλληλα
263 2749 310 2776 καὶ
323 2748 479 2784 ἀνάρμοστα
489 2746 563 2779 δόξαι
576 2746 608 2772 ἂν
624 2743 694 2771 εἶναι
713 2745 768 2776 τοῖς
781 2743 809 2769 ὲν
825 2744 857 2778 τῇ
869 2752 934 2779 προ-

148 2797 242 2832 γραφῇ
255 2795 437 2831 δηλουμένοις.
460 2793 539 2820 Ἀλλὰ
549 2792 604 2828 γὰρ
613 2791 663 2818 οὐκ
676 2790 802 2821 ἀσκόπως
814 2789 933 2825 ἡγοῦμαι

149 2842 199 2878 τὴν
211 2841 375 2878 προγραφὴν
395 2842 434 2873 εἰς
451 2841 480 2867 τὸ
498 2840 573 2871 τέλος
595 2839 667 2875 ἡμᾶς
686 2837 874 2871 ἀναπέμπειν,
887 2836 933 2862 καὶ

181 2945 242 2966 ἰ-’σ
261 2944 286 2972 ll
301 2943 368 2980 Reg.
384 2951 417 2975 ι,
433 2942 492 2970 6-9.
529 2942 551 2958 ’⁷
571 2941 639 2969 ibid.
656 2941 700 2970 l9.

307 2991 443 3021 ΡΑτιιοι..
459 2990 516 3020 Gn.
536 2989 657 3020 XXIII.

991 995 1054 1017 runt
1071 990 1138 1025 ipsis
1151 991 1184 1017 ⁹⁷.
1204 1000 1213 1016 ι
1231 990 1278 1017 His
1290 990 1416 1020 historia,
1432 989 1523 1021 Sobal,
1539 989 1656 1025 Syriam,
1672 988 1740 1016 Joab
1751 994 1778 1016 et

990 1036 1132 1064 duodecim
1150 1037 1234 1064 millia
1256 1041 1405 1068 memorat,
1423 1039 1571 1070 narratque
1586 1035 1713 1063 Davidem
1730 1035 1777 1062 ini-

990 1083 1075 1109 micos
1097 1090 1192 1110 omnes
1206 1083 1357 1110 debellasse
1368 1104 1374 1115 ,
1400 1090 1432 1110 ac
1456 1083 1552 1110 ducem
1568 1082 1703 1109 exercitus
1716 1082 1777 1116 ejus

989 1127 1056 1155 Joab
1071 1129 1203 1155 instructa
1222 1132 1317 1156 contra
1339 1128 1489 1164 allophylos
1505 1129 1572 1160 acie,
1596 1128 1669 1163 ipsos
1695 1128 1776 1163 capti-

990 1182 1039 1201 vos
1054 1174 1151 1210 egisse.
1177 1175 1293 1202 Eosdem
1309 1176 1400 1210 itaque
1416 1175 1458 1203 his
1474 1175 1582 1202 attritos
1595 1175 1717 1202 cladibus
1736 1175 1778 1201 in-

990 1220 1062 1247 dicat
1078 1228 1198 1255 pnesens
1215 1221 1284 1248 tituli
1301 1221 1453 1256 inscriplio.
1481 1220 1636 1248 Secundum
1652 1220 1776 1256 Symma-

990 1266 1070 1294 chum
1096 1272 1186 1295 autem
1213 1268 1253 1295 sic
1274 1268 1370 1295 titulus
1387 1268 1466 1295 habet
1482 1278 1488 1296 :
1510 1277 1519 1293 ‹
1535 1267 1711 1302 Triumphalc
1729 1275 1778 1303 pro

990 1311 1101 1339 floribus
1117 1313 1228 1340 humilis
1243 1317 1269 1340 et
1283 1313 1412 1348 ineulpati
1431 1313 1549 1344 Davidis,
1564 1313 1598 1340 ad
1611 1313 1775 1343 doctrinam,

989 1365 1051 1385 cum
1070 1358 1181 1386 incensa
1198 1358 1274 1394 Syria
1291 1358 1508 1394 Mesopotamize,
1531 1363 1558 1386 et
1583 1358 1660 1394 Syria
1682 1358 1774 1390 Sobal,

990 1412 1115 1431 reversus
1138 1404 1206 1431 Joab
1231 1405 1367 1439 percussit
1381 1404 1464 1431 Edoni
1482 1405 1507 1431 in
1527 1405 1597 1431 valle
1613 1403 1684 1431 Salis
1708 1404 1776 1430 duo-

989 1448 1076 1476 decim
1091 1449 1185 1475 millia.
1206 1459 1215 1474 ι
1251 1449 1289 1475 Ex
1305 1449 1434 1483 temporis
1450 1456 1530 1484 porro
1548 1453 1612 1475 nota
1628 1448 1777 1483 deprehen-

989 1493 1064 1520 ditur
1077 1493 1133 1521 luee
1144 1494 1216 1520 dicta
1235 1493 1329 1526 fuisse,
1341 1501 1402 1520 cum
1419 1493 1501 1520 David
1517 1500 1634 1528 regnans
1647 1500 1776 1527 prospere

990 1545 1093 1576 ageret,
1111 1548 1209 1575 resque
1228 1548 1340 1575 magnas
1358 1543 1535 1575 perpetraret,
1563 1543 1626 1566 ante
1644 1539 1776 1567 Bersabee

991 1586 1148 1619 historiam;
1167 1593 1229 1612 cum
1248 1585 1332 1621 probe
1343 1590 1368 1612 et
1384 1593 1414 1612 ex
1434 1590 1496 1612 volo
1513 1593 1556 1612 res
1571 1585 1622 1620 ipsi
1638 1585 1776 1617 cederent.

989 1633 1102 1667 ipseque
1124 1631 1179 1659 Deo
1193 1637 1220 1658 et
1239 1632 1369 1659 omnibus
1387 1631 1545 1666 spectabilis
1566 1635 1655 1664 esset;
1680 1632 1718 1658 ita
1735 1635 1774 1662 ut,

988 1678 1129 1713 Scriptura
1155 1683 1235 1710 teste,
1259 1678 1359 1706 laceret
1381 1678 1514 1712 judicium
1539 1683 1566 1706 et
1586 1678 1722 1713 justitiam
1747 1679 1775 1705 in

988 1725 1081 1752 Israel.
1112 1724 1210 1752 Verum
1235 1725 1278 1751 hic
1301 1725 1478 1759 quaestionem
1501 1732 1609 1752 movere
1632 1728 1777 1752 consenta-

987 1780 1067 1799 neum
1082 1776 1133 1803 est,
1150 1779 1199 1798 cur
1216 1772 1243 1799 in
1257 1772 1303 1798 tali
1321 1772 1477 1799 conditione
1487 1772 1637 1803 reruni,sic
1651 1771 1722 1798 tituli
1735 1771 1776 1798 ln-

987 1818 1163 1852 scriptionem
1177 1817 1300 1845 ordiatur
1322 1826 1328 1844 :
1353 1826 1362 1843 ε
1380 1817 1460 1849 Deus,
1478 1817 1601 1852 repulisti
1623 1824 1673 1844 nos
1688 1821 1716 1844 et
1728 1816 1776 1843 de-

987 1864 1110 1892 struxisti
1126 1872 1185 1892 nos.
1203 1873 1212 1890 ι
1232 1864 1312 1899 Atqui
1332 1868 1393 1899 post
1409 1867 1512 1899 tropzca
1525 1865 1558 1891 de
1575 1864 1703 1892 hostibus
1716 1872 1775 1891 ere-

986 1914 1040 1943 cta,
1059 1915 1086 1938 et
1102 1910 1245 1937 victoriam
1261 1910 1294 1937 de
1309 1910 1428 1938 inimicis
1446 1914 1562 1945 partam,
1586 1910 1706 1945 oportuit
1722 1910 1775 1937 hac

986 1958 1019 1986 de
1035 1966 1064 1985 re
1080 1957 1254 1992 triumphalia
1272 1957 1378 1984 cantica
1394 1957 1528 1988 emittere,
1546 1956 1654 1992 Dcoque
1669 1956 1696 1983 in
1713 1964 1772 1992 gra-

986 2006 1085 2031 tiarum
1099 2004 1232 2032 actionem:
1252 2003 1402 2030 immolare.
1418 2002 1453 2029 At
1468 2003 1512 2030 ille
1523 2003 1589 2030 nihil
1601 2006 1711 2038 praestat
1727 2002 1775 2029 hu-

984 2051 1122 2086 jusmodi;
1141 2050 1196 2077 imo
1211 2057 1275 2078 vero
1298 2057 1341 2077 res
1359 2049 1487 2077 adversas
1511 2049 1635 2084 deplorat
1655 2049 1698 2077 his
1711 2058 1773 2077 ver-

987 2098 1049 2125 bis:
1071 2106 1080 2122 ‹
1099 2096 1180 2129 Deus,
1191 2096 1314 2131 repulisti
1330 2104 1380 2123 nos
1395 2100 1421 2123 et
1437 2096 1595 2123 destruxisti
1613 2103 1673 2128 nos,
1688 2095 1774 2122 iratus

985 2151 1028 2176 es,
1045 2147 1072 2170 et
1085 2143 1214 2170 misertus
1229 2150 1259 2169 es
1272 2142 1362 2169 nobis.
1382 2151 1391 2167 ι
1410 2141 1462 2169 Pro
1478 2142 1524 2169 illo
1537 2147 1639 2174 autem,
1658 2152 1667 2168 ι
1681 2146 1708 2170 et
1724 2143 1774 2169 mi-

986 2194 1076 2218 sertus
1091 2198 1121 2217 es
1141 2189 1237 2220 nobis,
1256 2199 1265 2214 ›
1283 2188 1479 2223 Symmachus,
1497 2198 1506 2213 ι
1523 2192 1549 2215 et
1567 2188 1772 2216 circumduxisti

986 2244 1051 2267 nos,
1068 2246 1076 2262 I
1096 2236 1291 2271 interpretatus
1314 2239 1372 2269 est,
1398 2235 1493 2270 quinta
1516 2242 1581 2262 vero
1601 2235 1700 2266 editio,
1718 2244 1727 2260 ε
1747 2239 1773 2262 et

952 2293 972 2318 [)
987 2281 1223 2309 circumdederunt
1238 2289 1302 2314 nos;
1323 2291 1332 2306 ι
1349 2280 1445 2316 Aquila
1457 2300 1464 2311 ,
1483 2289 1491 2305 ι
1512 2280 1599 2308 iratus
1612 2281 1771 2307 convertisti

990 2328 1078 2354 nobis.
1095 2337 1104 2352 ι
1124 2326 1222 2354 Subdit
1237 2331 1298 2361 post
1312 2326 1369 2353 haec
1384 2336 1391 2353 :
1415 2336 1424 2352 ι
1446 2326 1597 2354 Ostendisti
1614 2326 1714 2361 populo
1725 2331 1773 2353 tuo

988 2373 1055 2400 dura
1076 2383 1082 2400 :
1101 2373 1201 2408 potasti
1217 2380 1266 2400 nos
1280 2372 1343 2399 vino
1355 2372 1601 2406 compunctionis.»
1619 2371 1679 2398 Haec
1691 2379 1772 2406 porro

987 2419 1073 2447 videri
1091 2419 1198 2455 possint
1212 2419 1373 2447 inconcinne
1389 2419 1471 2451 dicta,
1482 2426 1531 2447 nec
1546 2426 1695 2454 congruere
1709 2427 1770 2446 cum

989 2467 1022 2494 iis
1039 2473 1100 2501 qua:
1114 2465 1141 2493 in
1153 2466 1233 2492 titulo
1248 2469 1386 2492 notantur.
1406 2465 1456 2492 Sed
1472 2465 1577 2492 :estimo
1594 2464 1699 2492 titulum
1717 2473 1771 2492 non

988 2513 1046 2540 sine
1061 2512 1162 2547 praavio
1177 2518 1259 2545 scopo
1276 2519 1326 2538 nos
1341 2510 1373 2537 ad
1392 2511 1472 2537 linem
1488 2510 1638 2542 remittere,
1649 2518 1699 2537 nec
1713 2511 1771 2538 sine

988 2566 1088 2591 causa,
1111 2567 1119 2583 ι
1138 2565 1186 2592 pro
1203 2556 1237 2584 iis
1250 2556 1296 2591 qui
1320 2556 1533 2584 immutabuntur
1545 2577 1553 2589 ,
1571 2565 1581 2581 )
1608 2556 1770 2592 inscriptqu

988 2612 1058 2636 esse,
1085 2607 1166 2638 atque
1181 2610 1320 2630 sermones
1332 2603 1401 2630 istos
1417 2603 1487 2630 tituli
1503 2602 1708 2638 inscriptionem
1723 2611 1770 2629 vo-

988 2655 1064 2678 catos
1080 2649 1173 2677 fuisse.
1187 2648 1254 2675 Nam
1273 2657 1281 2673 ι
1295 2648 1322 2675 in
1336 2647 1415 2675 ﬁnem
1425 2657 1435 2674 ι
1453 2648 1565 2680 dicitur,
1580 2649 1644 2684 quia
1655 2656 1698 2680 ea,
1711 2656 1770 2683 qua:

988 2697 1014 2723 in
1028 2695 1156 2722 vaticinio
1169 2694 1305 2726 feruntur,
1325 2694 1352 2721 in
1365 2695 1597 2722 consummatione
1609 2694 1768 2722 seculorum

988 2742 1122 2777 implenda
1147 2745 1220 2769 sunt.
1255 2740 1416 2768 Necessario
1438 2741 1561 2774 additur,
1583 2751 1592 2768 ε
1611 2748 1660 2776 pro
1674 2741 1708 2768 iis
1722 2740 1768 2775 qui

987 2789 1214 2820 immutabuntur,
1230 2799 1239 2815 ι
1259 2793 1368 2823 propter
1381 2789 1597 2816 immutationem
1614 2788 1687 2815 illius
1699 2791 1768 2815 tem-

987 2835 1061 2870 poris
1084 2834 1164 2862 rebus
1186 2833 1363 2862 inferendam.
1389 2832 1528 2870 Siquidem
1548 2841 1609 2861 cum
1627 2833 1683 2860 haec
1695 2832 1768 2861 dice-

1575 2981 1613 3011 18
