2064 3212
295 161 348 190 555

645 161 778 192 EUSEBH
797 161 1036 190 CESARIENSIS
1053 161 1128 191 OPP.
1145 162 1243 191 PARS.
1265 161 1567 192 Ill.—EXEGETICA.

1869 164 1918 198 556

294 226 399 254 rentur,
422 222 572 258 allophylos
582 223 711 251 vincebat
733 222 828 254 Israel,
844 222 1018 257 inimicisque
1030 229 1068 249 su-

1131 231 1140 248 ι
1157 224 1213 254 τοῖς
1225 222 1484 258 ἀλλοιωθησομένοις
1499 233 1508 249 ι
1523 223 1697 259 ἐπιγράφειν,
1707 221 1754 249 καὶ
1769 223 1917 259 στηλογραο

295 269 385 305 perior
401 273 469 296 erat.
495 268 547 296 Sed
568 269 689 296 futurum
711 274 820 305 tempus
832 272 906 301 erat,
921 277 975 303 quo
992 273 1082 295 muta-

296 316 396 342 tionem
409 323 498 343 rerum
517 316 631 345 subiret.
653 316 826 351 inimicisque
849 315 976 343 subditus
994 320 1080 343 esset.

297 361 387 395 Quare
411 362 451 389 sic
477 362 559 389 habet
585 363 681 390 titulus
698 372 704 390 :
725 372 734 389 ι
752 363 781 390 ln
808 363 898 394 linem,
915 370 964 397 pro
981 363 1015 389 iis
1035 363 1081 397 qui

296 408 527 441 immutabuntur;
544 418 552 433 ι
563 407 745 443 Symmachus
760 416 835 441 vero,
846 418 856 434 ι
865 416 915 444 pro
925 409 1052 441 ﬂoribus;
1069 419 1078 435 ι

295 453 402 488 Aquila,
421 463 429 478 ι
449 461 531 487 super
547 453 613 481 lilia,
635 463 644 479 ›
662 453 738 480 Sicut
754 454 825 480 enim
849 454 906 480 lilia
932 454 988 489 agri
1005 459 1031 481 et
1044 454 1081 481 fe-

295 507 371 529 num.
388 499 420 525 ad
435 498 515 526 breve
530 499 638 534 quidem
655 504 761 534 tempus
773 500 896 534 speciosa
911 508 972 527 esse
987 500 1080 526 viden-

295 550 349 577 tur,
363 545 409 573 sed
425 550 534 580 repente
560 546 739 573 immutantur
753 551 779 574 ct
794 551 1021 582 corrumpuntur;
1039 547 1079 574 sic

294 599 337 618 res
355 592 445 626 populi
462 595 525 618 tunc
542 591 682 623 ﬂorentes,
710 592 784 619 brevi
802 593 975 620 immntandte
990 597 1076 620 erant.

294 636 384 668 Quare
400 637 425 663 in
441 637 563 663 doctrina
590 645 637 664 sna
653 638 781 664 Ser-valor
799 638 836 664 ait
850 648 855 665 :
875 647 883 663 ι
903 638 1078 665 Considerate

293 681 349 708 lilia
376 681 433 716 agri
445 682 484 712 '3;
504 691 512 706 ι
532 690 563 708 ac
580 690 690 709 rursum
708 692 713 708 :
732 692 740 707 ‹
758 682 834 715 Quod
858 684 880 710 si
902 683 992 710 fenum
1008 684 1076 718 agri.

293 728 365 762 quod
379 728 458 755 hodie
475 733 525 758 est.
542 733 568 755 et
589 736 650 755 cras
671 729 696 754 in
711 729 849 756 clihauum
873 729 990 756 mittitur
1006 730 1044 762 9°;
1065 740 1073 756 ι

293 773 347 800 imo
369 774 470 800 etiam:
491 783 499 798 ι
518 773 610 800 Omnis
633 781 697 800 caro
719 773 819 805 fenum.
838 778 864 800 et
879 774 968 801 omnis
990 774 1075 808 gloria

292 820 351 853 ejus
371 820 448 855 quasi
464 819 512 846 ﬂos
529 819 591 846 l'eni.
616 819 789 847 Exsiccatum
812 825 853 847 est
866 819 968 851 fenum,
987 824 1013 847 et
1027 820 1075 847 ﬂos

291 867 416 899 decidit;
449 866 565 894 Verbum
589 871 678 893 autem
697 866 802 893 Domini
830 871 920 893 manet
944 867 970 893 in
996 871 1074 894 teter-

1134 268 1198 302 φίαν
1205 268 1267 300 τοὺς
1276 268 1371 302 λόγους
1379 268 1549 295 ἁποκαλείν.‹
1561 269 1607 300 Εἰς
1619 278 1628 294 ι
1640 268 1690 303 μὲν
1699 269 1752 305 γὰρ
1763 278 1772 293 ι
1780 268 1811 295 τὸ
1816 268 1917 302 τέλος,›

1133 314 1177 341 διὰ
1186 314 1216 341 τὸ
1232 314 1278 341 ἐπὶ
1292 314 1432 350 συντελείᾳ
1443 314 1497 341 τῶν
1513 314 1619 341 αἰώνων
1634 314 1740 349 μέλλειν
1751 313 1917 350 πληροῦσθαι

1132 361 1165 387 τὰ
1188 361 1427 396 προφητευόμενα,
1454 360 1575 396 εἴρηται·
1598 360 1758 396 πρόσκειται
1771 360 1800 386 δὲ
1812 380 1818 392 ,
1836 369 1846 386 ι
1863 361 1917 393 τοῖς

1131 406 1405 442 ὰλλοιωθησομένοις.
1426 416 1435 432 ι
1454 406 1610 441 ἀναγκαίως
1632 406 1675 432 διὰ
1695 407 1744 442 τὴν
1770 406 1915 441 μέλλουσαν

1130 452 1304 488 διαλήψεσθαι
1330 453 1470 480 ἀλλοίωσιν
1502 452 1550 488 τὴν
1579 453 1745 478 κατάστασιν
1773 452 1828 479 τῶν
1857 452 1914 478 τάτε

1131 499 1307 534 πραγμάτων.
1333 498 1396 525 Ὅτε
1424 499 1472 534 μὲν
1493 499 1547 534 γὰρ
1570 499 1644 526 ταῦτ’
1658 499 1778 533 ἐλέγετο.
1806 498 1914 533 ἐκράτει

1130 546 1182 572 τῶν
1197 545 1350 580 ἀλλοφύλων
1366 547 1380 571 ὁ
1400 545 1517 581 Ἰσραὴλ.
1535 546 1580 572 καὶ
1598 545 1652 571 τῶν
1665 545 1801 580 πολεμίων
1822 545 1914 580 κρείτ-

1129 600 1182 617 των
1196 591 1350 626 ἐτύγχανεν.
1370 591 1484 626 Ἔμελλε
1500 591 1527 618 δὲ
1543 592 1596 626 ἄρα
1612 591 1699 627 καιρῷ
1710 600 1761 618 τινι
1773 591 1913 618 ἀλλοίωσιν

1129 637 1282 671 ὑπομένειν,
1297 637 1344 663 καὶ
1355 637 1407 663 ὑπὸ
1420 632 1476 668 τοῖς
1489 638 1596 673 ἐχθροῖς
1612 638 1742 672 γίνεσθαι.
1763 637 1810 663 Διό
1832 645 1913 672 φησιν

1127 684 1143 717 ἡ
1161 683 1320 717 προγραφή·
1340 691 1348 706 ι
1366 682 1412 713 Εἰς
1424 682 1453 708 τὺ
1469 682 1543 714 τέλος
1558 685 1612 715 τοῖς
1623 682 1910 718 ἀλλοιωθησομένοιςΊ

1126 730 1140 755 ὁ
1154 729 1181 754 δὲ
1196 728 1351 763 Σύμμαχος,
1368 738 1377 754 ‹
1400 729 1483 764 ’Υπὲρ
1500 730 1553 755 τῶν
1567 729 1654 755 ἀνθῶν
1664 737 1670 743 '
1691 739 1700 754 ι
1714 731 1728 755 ὁ
1742 729 1770 755 δὲ
1788 728 1911 760 Ἀκύλας.

1130 783 1138 798 ε
1159 775 1220 801 Ἐπὶ
1238 775 1345 809 κρίνων.
1365 784 1373 799 ι
1397 775 1439 805 Ὡς
1450 775 1502 810 γὰρ
1518 774 1550 800 τὰ
1568 775 1648 810 κρίνα
1667 773 1713 800 τοῦ
1736 774 1820 809 ἀγροῦ
1834 775 1882 801 καὶ
1897 774 1911 800 ό

1127 820 1220 854 χόρτος
1234 820 1306 846 δοκεῖ
1324 820 1372 855 μέν
1384 829 1443 846 τινα
1457 820 1523 855 πρὸς
1539 820 1624 855 βραχὺ
1649 820 1789 854 φαίνεσθαι
1811 820 1908 856 ὡραῖα.

1125 866 1185 891 ὅσον
1200 866 1227 892 δὲ
1240 865 1315 892 οῠπω
1331 866 1491 901 μεταϐάλλει
1514 867 1560 892 καὶ
1585 866 1739 902 φθείρεται·
1763 865 1850 897 οὕτως
1865 865 1910 892 καὶ

291 921 354 940 num
373 913 398 944 ¹;
419 922 427 937 ι
446 913 544 947 quibus
573 913 703 947 propheta
726 913 874 940 secundum
897 913 1014 947 reliquos
1036 915 1068 941 in-

1124 911 1158 937 τὰ
1170 913 1318 946 πράγματα
1332 912 1378 938 τοῦ
1389 912 1463 942 λαοῦ,
1479 912 1609 938 ἀνθοῦντα
1628 913 1697 943 τότε,
1719 912 1828 947 ἔμελλεν
1849 912 1909 938 ὅσον

289 963 422 992 terpretes
438 959 495 986 haec
510 959 585 986 addit
601 969 607 985 :
628 969 636 984 ‹
655 958 721 986 Vere
738 958 827 985 fenum
844 959 970 993 populus,
986 960 1073 987 exsic-

287 1009 379 1031 catum
394 1009 435 1032 est
453 1004 554 1036 fenum,
572 1005 673 1031 decidit
688 1004 737 1031 ﬂos
751 1005 772 1035 ¹,
785 1015 793 1030 ι
808 1003 948 1031 Iudaicam
966 1010 1072 1040 gentem

288 1058 338 1078 nec
359 1051 474 1078 obscure
501 1050 670 1085 signiﬁcans.
698 1050 796 1077 Eadem
813 1051 869 1085 ipsa
881 1051 936 1084 jam
954 1050 1072 1086 Spiritus

288 1100 400 1124 sanctus
412 1105 460 1132 per
479 1097 606 1124 Davidem
623 1097 793 1126 testiﬁcatur.
810 1097 948 1131 praemissa
965 1098 1008 1123 illa
1024 1106 1073 1132 po-

287 1142 343 1175 puli
365 1141 455 1168 l'utura
474 1142 626 1169 inversione
641 1146 667 1168 et
685 1141 845 1167 mutatione.
873 1140 961 1172 Quare
979 1148 1071 1167 secun-

288 1188 351 1214 dum
368 1187 493 1223 Aquilam
511 1188 612 1215 dictum
629 1191 681 1219 est,
695 1197 704 1212 ‹
716 1186 803 1221 Super
820 1187 874 1213 lilia
888 1187 1034 1214 testimonii
1045 1196 1068 1219 ;›

287 1235 437 1262 secundum
463 1234 654 1270 Symmachum
678 1238 778 1265 autem,
810 1242 818 1257 ‹
836 1232 887 1258 Pro
905 1232 1015 1259 ﬂoribus
1031 1236 1071 1259 te-

287 1281 444 1308 stimonium
456 1290 462 1313 ;
476 1290 485 1306 )
502 1281 650 1308 secundum
659 1279 798 1306 LXXvero
810 1278 983 1313 lntcrpretes,
997 1289 1005 1304 ι
1018 1279 1070 1306 Pro

286 1328 320 1355 iis
342 1327 388 1362 qui
406 1327 640 1358 immutabuntur,
665 1327 691 1353 in
717 1326 786 1353 tituli
813 1326 1017 1360 inscriptionem
1034 1334 1039 1351 :
1058 1335 1066 1350 ν

285 1381 345 1407 qua:
374 1380 497 1407 magnam
525 1373 641 1399 habeant
662 1379 723 1399 cum
750 1371 830 1398 dictis
856 1371 884 1397 in
907 1371 1068 1405 prmcedenti

284 1419 389 1453 psalmo
405 1419 571 1445 aﬂinitatem.
586 1418 652 1445 Nam
673 1418 717 1444 ille
730 1417 820 1451 populi
833 1416 1013 1450 abjectionem
1028 1417 1069 1442 iu-

284 1463 385 1490 dicavit
403 1464 444 1490 his
467 1463 577 1491 verbis:
598 1472 606 1488 ι
623 1463 823 1490 Convertentur
836 1461 869 1488 ad
887 1469 1026 1496 vesperam
1042 1465 1068 1488 et

283 1508 381 1535 famem
396 1509 533 1542 patientur
546 1512 574 1534 nt
587 1512 708 1539 canes,et
720 1508 873 1534 circuibunt
888 1507 1064 1538 civitatem’,»

283 1558 311 1581 et
324 1559 430 1581 caetera.
444 1553 547 1586 Quibus
559 1554 615 1580 haec
629 1554 661 1580 de
672 1554 814 1580 vocatione
824 1553 943 1588 gentium
954 1552 1067 1586 subjun-
1081 1573 1103 1602 ρ

283 1600 322 1633 git
346 1609 351 1626 :
377 1609 385 1624 ι
402 1599 434 1625 Ει
450 1603 490 1630 tu.
508 1599 619 1626 Domine
633 1599 703 1626 Deus
725 1599 869 1630 virtutum,
884 1598 954 1625 Deus
973 1598 1066 1629 Israel,

283 1645 392 1671 intende
407 1645 440 1671 ad
458 1645 608 1672 visitandas
625 1652 720 1672 omnes
745 1649 850 1679 gentes.
871 1653 880 1669 ι
909 1642 991 1669 Tituli
1004 1650 1068 1669 vero

282 1690 486 1724 inscriptionem
506 1690 532 1716 in
548 1690 673 1724 prasenti
690 1695 718 1716 ut
733 1694 760 1716 et
774 1689 841 1715 alias
857 1684 964 1722 Aquila,
989 1697 998 1712 ι
1015 1688 1067 1713 hu-

282 1736 366 1766 milis“,
391 1736 504 1770 perfecti
521 1735 644 1766 Davidis;
663 1745 672 1761 ι
699 1735 878 1770 Symmachus
902 1741 977 1765 vero,
993 1743 1001 1758 ι
1018 1734 1066 1760 Ιιιι-

281 1781 355 1808 milis
369 1780 478 1808 Davidis
494 1786 519 1808 et
539 1781 678 1815 iuculpati.
700 1790 708 1805 ι
726 1779 894 1815 interpretati
911 1782 984 1807 sunt.
995 1777 1063 1804 Nam

281 1826 360 1862 cippo
382 1826 463 1861 digna
482 1830 540 1852 erat
565 1827 631 1852 tanti
647 1826 718 1860 regis
736 1825 877 1852 modestia.
904 1824 971 1851 Cum
989 1824 1061 1850 enim

281 1877 321 1900 tot
342 1874 409 1900 bella
429 1873 541 1901 feliciter
557 1875 704 1909 gessisset,
730 1877 757 1901 et
781 1873 895 1908 populos
918 1880 1003 1908 usque
1029 1871 1062 1898 ad

280 1919 501 1955 Mesopotamiam
529 1921 679 1955 subegisset
711 1920 910 1955 vectigalesque
942 1920 1059 1953 fecisset,

280 1971 440 1993 consuetum
463 1966 586 1993 servabat
615 1974 728 1998 morem,
755 1973 809 2001 qllO
834 1969 982 1993 exornatus
1004 1972 1062 1994 erat

280 2019 340 2037 ctum
356 2018 369 2036 a
382 2010 462 2037 Saule
479 2011 631 2044 pelleretur,
649 2018 680 2037 ac
696 2011 824 2045 perfugiis
836 2011 862 2036 in
875 2011 989 2038 desertis
1001 2019 1061 2045 age-

279 2061 329 2083 ret.
357 2055 421 2082 Nam
439 2061 502 2082 tunc
517 2064 634 2090 quoque.
661 2060 689 2082 ut.
705 2056 826 2087 humilis,
845 2056 990 2090 perfectus,
1009 2057 1057 2082 hn-

280 2102 378 2128 militcr
396 2102 515 2129 sentiens
531 2105 556 2128 et
571 2101 735 2136 ineulpatus.
752 2102 861 2128 aeternis
883 2102 968 2136 cippis
984 2110 998 2128 a
1018 2102 1059 2128 di-

277 2149 341 2175 vina
361 2148 500 2183 Scriptura
517 2148 642 2182 dignatus
657 2154 708 2175 est.
735 2148 812 2175 Nunc
829 2153 918 2175 autem
937 2156 997 2174 cum
1015 2157 1058 2176 re-

278 2202 365 2230 gnans
387 2198 426 2221 tot
443 2194 567 2221 inimicos
590 2193 740 2226 invaderet,
758 2194 934 2229 omniumque
948 2194 1057 2221 divitias

1124 955 1198 982 οὔπω
1225 957 1409 991 μεταϐάλλειν.
1439 957 1484 983 Διὸ
1506 958 1578 984 καὶό
1594 958 1688 993 Σωτὴρ
1703 959 1731 984 ὲν
1756 960 1816 990 ταῖς
1836 959 1908 986 διδα-

1125 1001 1245 1033 σκαλίαις
1256 1002 1330 1036 ἔλεγε
1339 1011 1346 1017 ·
1368 1011 1377 1027 ί
1394 1002 1572 1037 Καταμάθετε
1586 1002 1619 1028 τὰ
1633 1002 1711 1038 κρίνα
1722 1002 1767 1029 τοῦ
1779 1002 1875 1039 ἀγροῦ·
1895 1012 1906 1030 ο

1123 1048 1169 1073 καὶ
1181 1048 1278 1074 πάλιν·
1301 1057 1309 1073 ι
1338 1048 1408 1074 Είδὲ
1430 1048 1474 1074 τὸν
1488 1048 1582 1083 χόρτον
1608 1048 1654 1074 τοῦ
1679 1048 1764 1083 ἀγροῦ
1789 1049 1909 1085 σήμερον

1122 1094 1194 1124 ὄντα,
1208 1095 1254 1120 καὶ
1264 1094 1356 1129 αὔριον
1372 1095 1411 1126 εἰς
1422 1095 1543 1121 κλίϐανον
1556 1094 1717 1129 βαλλόμενον
1727 1104 1733 1110 ·
1750 1105 1759 1120 ι
1771 1095 1840 1122 ἀλλὰ
1850 1096 1906 1127 καὶ,

1125 1148 1133 1163 ‹
1150 1140 1226 1165 Πᾶσα
1244 1139 1312 1173 σὰρξ
1328 1139 1432 1174 χόρτος,
1450 1140 1496 1166 καὶ
1510 1140 1585 1166 πᾶσα
1596 1139 1658 1172 δόξα
1674 1140 1757 1175 αὐτῆς
1771 1140 1809 1172 ὡς
1828 1140 1908 1172 ἄνθος

1122 1186 1226 1220 χόρτου.
1251 1186 1401 1221 Ἐξηράνθη
1426 1188 1440 1212 ὁ
1455 1186 1560 1222 χόρτος,
1574 1187 1621 1213 καὶ
1637 1187 1666 1213 τὸ
1681 1187 1759 1218 ἄνθος
1773 1187 1886 1219 ἐξέπεσε
1898 1195 1905 1202 ⁸

1120 1231 1150 1256 τὸ
1165 1231 1193 1256 δὲ
1208 1231 1282 1266 ῥῆμα
1295 1233 1396 1267 Κυρίου
1412 1233 1485 1267 μένει
1502 1233 1540 1264 εἰς
1552 1233 1596 1259 τὸν
1610 1232 1695 1259 αἰῶνα
1705 1241 1712 1248 ·
1728 1242 1737 1258 ι
1748 1229 1789 1264 οἷς
1807 1234 1822 1259 ὁ
1835 1233 1906 1268 Προ-

1121 1277 1207 1311 φήτης
1220 1277 1289 1303 κατὰ
1301 1278 1364 1309 τοὺς
1380 1278 1489 1310 λοιποὺς
1503 1278 1672 1314 ἑρμηνευτὰς
1689 1278 1851 1313 προστίθησι
1863 1278 1907 1305 λὲ-

1120 1331 1190 1356 γων-
1215 1333 1223 1348 ι
1249 1323 1367 1358 Ἀληθῶς
1380 1324 1475 1359 χόρτος
1493 1325 1507 1350 ὀ
1521 1324 1600 1355 λαός·
1617 1323 1751 1359 ἐξηράνθη
1770 1324 1784 1350 ὁ
1798 1324 1905 1359 χόρτος,

1119 1369 1229 1402 ἐξέπεσε
1242 1369 1272 1395 τὸ
1290 1370 1394 1401 ἄνθος.»
1411 1370 1572 1401 ἀκαλύπτως
1583 1370 1612 1395 τὸ
1632 1369 1764 1396 Ἰουδαίων
1776 1369 1851 1401 ἔθνος
1860 1370 1908 1405 δη-

1119 1413 1215 1446 λώσας.
1236 1415 1309 1440 Αὑτὰ
1331 1415 1362 1450 δὴ
1387 1413 1433 1441 οὖν
1455 1415 1540 1441 ταῦτα
1562 1415 1608 1441 καὶ
1630 1414 1677 1441 νῦν
1700 1415 1730 1441 τὸ
1746 1415 1858 1451 Πνεῦμα
1874 1415 1906 1442 τὸ

1119 1460 1193 1493 ἆγιον
1213 1460 1256 1486 διὰ
1275 1460 1321 1486 τοῦ
1337 1461 1417 1487 Δαυῖδ
1432 1460 1607 1495 μαρτύρεται,
1629 1461 1837 1496 προαναφωνοΰν
1853 1461 1904 1497 ’τὴν

1120 1510 1267 1544 μέλλουσαν
1278 1510 1385 1536 ἔσεσθαι
1407 1510 1452 1536 τοῦ
1469 1509 1534 1536 λαοῦ
1555 1509 1696 1535 ἀλλοίωσιν
1715 1509 1761 1535 καὶ
1786 1509 1903 1545 μεταϐο-

1118 1554 1178 1589 λήν.
1197 1555 1242 1580 Διὸ
1264 1554 1333 1580 κατὰ
1347 1555 1392 1580 τὸν
1414 1553 1527 1580 ’Δκύλαν
1548 1552 1664 1588 εἴρηται,
1686 1563 1694 1578 ι
1717 1553 1778 1580 Ἐπὶ
1800 1554 1902 1589 κρίνων

1121 1601 1279 1635 μαρτυρίας·
1295 1610 1303 1625 ι
1317 1601 1386 1626 κατὰ
1397 1600 1424 1625 δὲ
1439 1600 1483 1625 τὸν
1500 1600 1655 1634 Σύμμαχον,
1674 1609 1682 1624 ι
1699 1599 1782 1634 Ὑπὲρ
1795 1599 1849 1626 τῶν
1859 1600 1903 1626 ἀν-

1120 1646 1173 1672 θῶν
1187 1647 1323 1681 μαρτυρία
1334 1654 1340 1660 ·
1360 1656 1368 1671 ι
1381 1645 1450 1671 κατὰ
1463 1645 1491 1671 δὲ
1506 1646 1567 1676 τοὺς
1586 1645 1794 1680 Ἐὃδομήκοντα,
1817 1655 1827 1670 ι
1839 1646 1901 1678 Τοῖς

1118 1691 1371 1725 ἁλλοιωθησομένοις
1383 1691 1421 1722 εἰς
1432 1690 1639 1725 στηλογραφίαν.
1659 1699 1668 1716 ι
1685 1689 1786 1724 Πολλὴν
1797 1690 1827 1716 δὲ
1835 1691 1900 1717 ἀκο-

1116 1737 1221 1763 λουθίαν
1233 1736 1286 1770 ἔχοι
1308 1736 1340 1762 ἂν
1356 1737 1422 1771 πρὸς
1434 1736 1467 1762 τὰ
1477 1737 1505 1761 ὲν
1517 1735 1556 1770 τῷ
1569 1735 1620 1771 πρὸ
1632 1735 1724 1761 τούτου
1739 1734 1896 1771 λελεγμένα.

1123 1783 1197 1809 Ἐπεὶ
1208 1783 1330 1813 κακεῖνος
1341 1783 1390 1818 τὴν
1404 1783 1449 1809 τοῦ
1471 1782 1562 1814 ἔθνους
1584 1781 1719 1817 ἀποϐολὴν
1741 1781 1835 1817 ἐδήλου
1855 1781 1898 1808 λέ-

1115 1837 1184 1861 γων·
1206 1837 1214 1852 ί
1238 1829 1460 1864 Ἐπίστρέψουσιν
1483 1829 1521 1860 εἰς
1539 1828 1665 1863 ἑσπέραν,
1677 1827 1723 1854 καὶ
1736 1827 1897 1863 λιμώξουσιν

1114 1874 1150 1905 ὼς
1163 1873 1245 1904 κύων,
1262 1875 1308 1899 καὶ
1331 1874 1498 1900 κυκλώσουσι
1515 1874 1589 1900 πόλιν
1601 1894 1608 1905 ,
1630 1884 1638 1899 ι
1656 1875 1701 1900 καὶ
1715 1873 1749 1900 τὰ
1767 1873 1895 1909 ἐπιφερό-

1115 1929 1191 1954 μενα.
1209 1918 1255 1951 Οἷς
1268 1921 1329 1954 ἑξῆς
1343 1929 1375 1946 πε
1381 1921 1406 1955 pi
1422 1921 1469 1956 τῆς
1485 1921 1606 1956 κλήσεως
1617 1921 1670 1947 τῶν
1683 1920 1767 1947 ἐθνῶν
1782 1920 1894 1955 ἔφασκε·

1116 1976 1124 1991 ι
1143 1967 1196 1993 Καὶ
1209 1967 1250 1998 σὺ,
1269 1966 1352 2001 Κύριε
1370 1967 1383 1992 ὀ
1402 1967 1466 1998 Θεὸς
1482 1967 1534 1993 τῶν
1555 1967 1710 2001 δυνάμεων,
1725 1967 1739 1992 ὁ
1753 1965 1819 1996 Θεὸς
1845 1965 1895 1991 ἰσ-

1113 2012 1191 2048 ραὴλ,
1218 2012 1332 2047 πρόσχες
1346 2012 1390 2038 τοῦ
1408 2013 1606 2047 ἐπισκέψασθαι
1628 2013 1715 2040 πάντα
1735 2013 1770 2039 τὰ
1790 2013 1863 2048 ἔθνη,
1880 2022 1890 2039 ι

1112 2059 1166 2093 Τὴν
1181 2058 1208 2084 δὲ
1223 2058 1420 2092 στηλογραφίαν
1434 2058 1481 2085 καὶ
1494 2059 1541 2085 νῦν
1558 2060 1594 2090 ὡς
1610 2059 1656 2085 καὶ
1674 2060 1702 2085 ἐν
1719 2060 1775 2090 τοῖς
1790 2059 1893 2095 ἔμπρο-

1111 2103 1172 2129 σθεν
1188 2105 1201 2129 ὁ
1222 2104 1270 2138 μὲν
1294 2103 1417 2135 Ἀκύλας,
1437 2114 1445 2129 ι
1460 2104 1586 2131 ταπεινοῦ
1602 2104 1703 2131 τελείου
1718 2104 1761 2130 τοῦ
1774 2104 1889 2131 ΔαυῖδῚ

1109 2150 1122 2174 ό
1138 2149 1165 2174 δὲ
1180 2149 1334 2185 Σύμμαχος,
1356 2159 1364 2174 ι
1383 2150 1591 2185 ταπεινόφρονος
1606 2151 1653 2177 τοῦ
1662 2151 1742 2178 Δαυῖδ
1756 2151 1802 2177 καὶ
1815 2149 1892 2186 ἀμώ-

1111 2203 1170 2229 μου,
1186 2204 1195 2220 ›
1213 2197 1397 2231 ἡρμήνευσαν.
1410 2196 1514 2231 Στήλης
1526 2196 1580 2231 γὰρ
1594 2195 1626 2232 ἦν
1639 2197 1728 2233 ἁξίαὴ
1742 2196 1789 2223 τοῦ
1801 2196 1891 2222 τοσού-

277 2240 433 2275 colligeret.
457 2240 484 2266 in
504 2239 597 2266 eodem
619 2239 715 2266 aﬂectu
741 2240 945 2274 perseverabat;
973 2248 1056 2274 quare

1120 2249 1153 2266 ‘ou
1168 2241 1296 2275 βασιλέως
1312 2242 1534 2277 μετριοφροσύνη.
1551 2242 1688 2269 Τοσούτων
1696 2243 1749 2278 γὰρ
1765 2242 1890 2277 πολέμων

276 2289 304 2312 et
318 2285 385 2313 .ituli
401 2286 578 2320 inscriptione
593 2289 619 2312 et
633 2285 730 2320 spiritu
752 2285 908 2320 prophetico
929 2285 1055 2320 dignatus

275 2335 326 2359 est.

1110 2288 1324 2322 περιγενόμενος,
1340 2289 1386 2314 καὶ
1399 2289 1460 2319 τοὺς
1479 2289 1558 2323 μέχρι
1570 2288 1619 2323 τῆς
1630 2288 1723 2324 Μέσης
1734 2288 1788 2314 τῶν
1805 2296 1888 2315 ποτα-

1112 2332 1168 2367 μῶν
1179 2333 1323 2365 ὑποτάξας.
1335 2333 1486 2369 ὑποφόρους
1497 2342 1526 2360 τε
1535 2334 1632 2365 αὐτοὺς
1640 2334 1887 2369 καταστησάμενος,

275 2379 304 2404 ἐν
319 2379 356 2413 τῷ
370 2379 460 2413 οἰκείῳ
472 2379 590 2414 διέμενεν
603 2379 672 2413 neu,
688 2376 744 2412 ὲνῷ
759 2380 805 2405 καὶ
818 2379 862 2405 ὅτε
878 2378 1007 2413 ἠλαύνετο
1026 2379 1076 2404 ὑπὸ
1089 2378 1135 2404 τοῦ
1148 2379 1241 2410 Σαοὺλ,
1252 2379 1353 2410 καὶτὰς
1365 2380 1484 2415 ἐρήμους
1493 2380 1598 2414 φεύγων
1609 2379 1737 2414 κατῴκει,
1747 2378 1885 2415 διέπρεπε.

276 2427 329 2452 Καὶ
339 2427 398 2453 τότε
412 2427 464 2462 γὰρ
476 2427 527 2454 ὑπὸ
551 2427 601 2462 τῆς
629 2427 703 2458 θείας
720 2427 839 2462 Γραφῆς,
852 2427 890 2458 ὼς
920 2427 1044 2458 ταπεινὸς
1056 2427 1171 2458 τέλειος,
1191 2427 1206 2462 ἢ
1229 2428 1416 2463 ταπεινόφρων
1448 2428 1494 2454 καὶ
1518 2429 1630 2463 ἄμωμος
1650 2427 1755 2462 στηλῶν
1772 2427 1887 2454 αἰωνίων

275 2471 395 2505 ἠξιοῦτο·
413 2473 458 2499 καὶ
473 2472 519 2499 νῦν
532 2473 553 2499 δ’
566 2474 609 2500 ore
629 2473 776 2507 βασιλεύων
792 2474 926 2505 τοσούτοις
944 2474 1051 2510 ἐπεξῄει
1071 2473 1217 2508 πολεμίοις,
1243 2474 1289 2500 καὶ
1304 2474 1347 2500 τὸν
1363 2475 1488 2501 ἁπάντων
1506 2475 1603 2510 συνῆγε
1627 2473 1754 2507 πλοῦτον,
1775 2474 1821 2500 ἐπὶ
1838 2473 1886 2508 τῆς

257 2520 259 2522 ⁷
275 2518 358 2552 αὐτῆς
377 2518 481 2553 διέμενε
504 2517 699 2555 προαιρέσὲως”
725 2520 765 2546 διὸ
777 2519 976 2556 στηλογραφίας
992 2518 1107 2553 ἠξιοῦτο,
1128 2519 1173 2545 καὶ
1186 2519 1338 2554 πνεύματος
1353 2519 1459 2554 ἠξιοῦτο
1470 2518 1645 2556 προφητικοῦ.
1667 2543 1669 2545 .

311 2577 443 2604 Observes
468 2586 549 2612 porro
564 2579 642 2605 velim
667 2579 717 2605 hoc
737 2582 868 2614 tempore.
895 2585 956 2605 cum
974 2576 1056 2604 lsrael

275 2625 404 2655 regnante
415 2621 526 2651 Davidc.
542 2631 627 2655 usque
641 2624 673 2649 ad
690 2623 906 2657 Mesopotamiam
916 2622 1055 2657 imperium

274 2667 420 2699 obtineret,
440 2675 472 2694 ac
486 2669 626 2702 vectigalia
642 2677 656 2695 a
671 2669 792 2696 ﬁnitimis
807 2669 933 2703 gentibus
950 2668 1056 2703 accipe-

275 2719 327 2746 ret,
352 2714 558 2748 promissionem
576 2715 619 2742 Dei
644 2716 676 2742 ad
692 2716 827 2742 Abraham
852 2716 950 2742 factam
975 2722 1055 2749 opere

275 2761 519 2794 completamvesse,
537 2768 588 2794 qua
600 2761 736 2795 pollicitus
751 2766 810 2788 erat
829 2770 858 2788 se
873 2763 998 2788 daturum
1012 2769 1055 2787 se-

274 2807 340 2832 mini
356 2806 415 2840 ejus
430 2810 513 2833 totam
531 2811 628 2833 terram
646 2815 658 2833 a
672 2807 779 2834 ﬂumine
794 2807 901 2843 ZEgypti
921 2816 1004 2842 usque
1018 2809 1051 2835 ad

1146 2578 1285 2614 Ἐπιτὴρει
1298 2578 1325 2604 δὲ
1341 2579 1414 2610 ὅπως
1429 2579 1498 2605 κατὰ
1517 2580 1611 2604 τούτου
1628 2577 1673 2604 τοῦ
1692 2577 1786 2613 χρόνου
1802 2578 1817 2604 ὁ
1837 2577 1884 2605 ἰσ-

1107 2626 1183 2661 ραὴλ,
1199 2626 1383 2660 βασιλεύοντος
1397 2625 1487 2656 Δαυῖδ,
1507 2625 1586 2660 μέχρι
1602 2626 1650 2660 τῆς
1667 2624 1760 2659 Μέσης
1769 2624 1824 2651 τῶν
1838 2633 1882 2650 πο-

1103 2671 1197 2705 ταμῶν
1217 2671 1335 2705 ἐκράτει,
1350 2670 1396 2696 καὶ
1416 2669 1513 2705 φόρους
1528 2669 1601 2705 παρὰ
1618 2669 1671 2695 τῶν
1698 2668 1778 2704 πέριξ
1799 2668 1882 2695 ἐθνῶν

1103 2717 1247 2751 ἐλάμϐανε,
1272 2717 1320 2751 τῆς
1340 2716 1385 2743 τοῦ
1403 2716 1469 2742 Θεοῦ
1492 2716 1657 2750 ἐπαγγελίας
1676 2715 1725 2750 τῆς
1749 2715 1817 2750 πρὸς
1837 2714 1880 2741 τὸν

1108 2762 1231 2797 Ἀϐραὰμ
1243 2763 1281 2793 εἰς
1297 2762 1363 2797 ἔργα
1374 2762 1513 2797 χωρούσης
1523 2770 1530 2776 ·
1543 2762 1577 2788 δι’
1589 2760 1622 2798 ἧς
1639 2761 1820 2796 ἐπηγγέλλετο
1831 2758 1879 2786 δώ-

1102 2816 1156 2833 σειν
1168 2807 1206 2842 τῷ
1225 2807 1362 2842 σπέρματι
1376 2806 1456 2832 αὑτοῦ
1475 2807 1563 2833 πᾶσαν
1578 2807 1626 2842 τὴν
1642 2806 1693 2841 γῆν
1704 2805 1757 2833 ἀπὸ
1771 2803 1818 2832 τοῦ
1833 2811 1880 2830 ﬁt»

305 2897 330 2913 "
350 2897 443 2924 Matth.
463 2904 505 2929 τι,
523 2896 568 2924 28.
604 2897 628 2913 ’⁹
647 2896 713 2924 ibid.
731 2896 775 2924 50.
815 2898 823 2912 ‘
843 2897 894 2925 ha.
912 2905 961 2931 XL,
978 2898 1037 2925 6-8.

1120 2899 1169 2926 bid.
1190 2899 1214 2926 7.
1253 2898 1263 2915 ³
1282 2898 1354 2925 Psal.
1372 2906 1454 2930 mn,
1474 2897 1498 2925 7.
