2064 3212
186 175 241 206 551

748 181 998 211 COMMENTARIA
1022 185 1055 212 ΙΝ
1076 185 1245 216 PSALMOS.

1279 158 1330 191 μ’
1750 193 1802 221 558

185 236 275 272 ταμοῦ
290 237 438 272 Αἰγύπτου,
470 238 549 275 μέχρι
567 238 613 265 τοῦ
636 240 757 275 ποταμοῦ
775 242 916 278 Εὐφράτου
927 253 934 259 ·
951 244 968 270 ἃ

1019 244 1201 280 Euphratem;
1223 247 1295 281 quod
1314 247 1414 275 Davidc
1428 253 1557 283 regnante
1572 257 1665 277 revera
1678 250 1801 285 contigit,

185 281 218 318 δὴ
233 281 420 318 βασιλεύοντος
435 284 481 311 τοῦ
496 284 576 311 Δαυῖδ
587 285 675 321 ἔργοις
698 286 847 322 ἐπληροῦτο
859 298 865 304 ·
892 289 970 316 τοῦτο

185 328 251 362 γοῦν
264 329 312 355 καὶ
326 329 342 364 ἡ
355 329 536 365 παρατεθεϊσα
551 331 653 367 ἱστορία
669 331 718 366 τῆς
737 333 881 361 Βασιλειῶν
904 342 971 371 τρα-

186 375 240 409 φῆς
267 375 427 411 ἐμαρτύρει.
457 377 535 403 Ἀλλὰ
548 377 602 412 γὰρ
629 379 771 412 φωτισθεὶς
791 381 805 406 ὁ
829 383 970 418 προφήτης

186 420 239 449 ὑπὸ
253 421 300 447 τοῦ
316 422 392 456 ἁγίου
409 423 575 458 Πνεύματος,
590 424 711 457 θεσπίζει
729 426 763 452 τὰ
783 427 812 452 ὲν
828 429 883 459 τοίς
908 429 971 463 μέλ-

185 466 261 493 λουσι
279 468 385 503 χρόνοις
402 468 606 504 συμϐησόμενα.
624 470 689 497 Τίνα
702 471 729 497 δὲ
743 469 776 506 ἦν
799 473 884 500 ταῦτα
900 474 970 501 διδά-

186 521 246 539 σκει
268 513 354 548 λέγων
364 522 371 529 ·
390 524 398 538 ι
413 514 458 545 Ek
471 514 500 540 τὸ
512 515 588 546 τέλος
601 517 656 547 τοῖς
672 516 936 553 ἀλλοιωθησομένοις.
958 531 966 545 1

185 557 244 586 Εἶθ’
261 559 325 594 ἑξῆς
343 558 443 594 προῖὼν
462 560 558 594 ἐπάγει
569 569 575 575 ”
593 570 602 585 ‹
628 561 656 588 '0
673 562 754 594 Θεὸς,
770 563 872 591 ἀπώσω
898 566 970 601 ἡμᾶς

185 605 233 632 καὶ
245 605 367 637 καθεῖλες
381 605 464 641 ἡμᾶς,
482 616 491 631 1
502 606 547 633 xui.
560 606 594 632 τὰ
606 606 681 641 ἑξῆς·
697 605 736 638 οἶς
748 608 806 643 μεθ’
821 609 901 646 ἕτερα
913 612 970 638 ὲπι-

184 650 276 685 λέγει·
292 660 302 676 ‹
327 651 355 677 '0
367 651 432 683 Θεὸς
443 652 574 687 ἐλάλησεν
589 652 617 678 ἐν
634 652 673 687 τῷ
689 654 758 689 ἁγίῳ
771 655 852 681 αὑτοῦ
863 666 869 672 -
887 657 970 691 ἀγαλ-

185 696 314 732 λιάσομαι
337 697 382 723 καὶ
395 697 526 733 διαμεριῶ
536 698 645 734 Σίκιμα,
659 700 704 726 καὶ
720 700 768 736 τὴν
790 701 899 729 κοιλάδα
917 703 969 729 τῶν

186 743 294 776 σκηνῶν
305 742 487 778 διαμετρήσω,
507 754 515 769 1
532 745 578 771 καὶ
592 745 625 771 τὰ
643 744 716 781 ἑξῆς.
731 747 861 782 Σημαίνει
879 748 907 775 δὲ
926 749 969 776 διὰ

184 787 287 814 τούτων
309 788 354 814 τοῦ
376 788 442 814 Θεοῦ
458 789 603 824 διαλλαγὰς
620 791 688 828 προς
706 793 769 824 τοὺς
795 793 967 828 ἀλλοφύλους.

190 833 221 859 'U
239 833 304 865 Θεὸς
327 834 397 870 γὰρ,
411 836 492 870 φησὶν
506 856 512 868 ,
531 836 659 871 ὲλάλησε,
686 838 733 864 καὶ
755 838 917 875 λαλήσας.ἐν
931 840 969 876 τῷ

185 879 256 915 ἁγίῳ
271 880 353 907 αὑτοῦ
378 880 415 916 τῷ
440 882 545 909 Γαλαὰδ
570 883 615 909 καὶ
643 883 681 918 τῷ
695 885 843 921 Μανασσῇ,
866 886 911 913 καὶ
931 886 969 921 τῷ

1023 295 1051 317 ut
1064 292 1145 319 allata
1159 292 1312 328 Regnorum
1330 293 1442 320 historia
1453 294 1661 323 testiﬁcabatur.
1689 296 1730 324 Ad
1746 296 1803 324 haec

1021 337 1102 363 etiam
1118 335 1222 371 Spiritu
1237 341 1333 364 sancto
1345 337 1495 366 illustratus
1507 338 1651 375 Propheta,
1671 341 1803 369 vaticina-
1825 362 1829 365 .

1022 387 1066 408 tur
1091 390 1123 410 ea
1147 390 1207 417 quae
1230 383 1322 411 futuro
1346 388 1407 419 post
1432 388 1552 419 tempore
1577 391 1706 414 eventura
1728 392 1801 416 sunt.

1023 428 1152 459 Quasnam
1176 433 1265 457 autem
1280 430 1326 457 illa
1339 434 1448 463 essent,
1463 430 1505 458 his
1519 431 1608 459 verbis
1629 433 1724 466 docet,
1744 444 1753 461 ‹
1773 434 1802 462 In

1021 475 1100 502 finem
1122 483 1171 510 pro
1185 476 1218 503 iis
1236 477 1282 511 qui
1297 477 1523 507 immulabuntur.
1541 489 1551 505 1
1582 480 1610 507 lu
1626 481 1803 516 sequentibus

1021 527 1084 547 vero
1098 519 1190 552 infert,
1202 520 1299 552 «Deus,
1313 522 1436 557 repulisti
1451 531 1501 551 nos
1511 527 1539 551 et
1553 524 1710 552 destruxisti
1723 534 1802 559 nos,1

1020 568 1047 591 et
1062 569 1168 593 caetera.
1186 565 1290 598 Quibus
1305 572 1397 602 postea
1410 569 1561 604 subiungit,
1581 580 1590 595 (
1610 570 1680 598 Deus
1696 572 1804 601 locutus

1020 613 1062 637 est
1075 610 1102 636 in
1115 613 1211 637 sancto
1222 618 1282 643 suo,
1296 613 1438 640 exsultabo
1453 618 1480 640 et
1492 613 1612 640 dividam
1628 614 1762 648 Sichima,
1777 620 1804 643 et

1020 656 1169 683 convallem
1184 656 1431 685 Tabernaculorum
1457 659 1599 692 dimetiar,
1619 670 1629 686 1
1648 666 1674 688 et
1688 662 1802 697 reliqua.

1020 700 1068 728 His
1083 709 1164 736 porro
1177 702 1311 737 signiﬁcat
1325 703 1371 731 Dei
1386 705 1634 733 reconciliationem
1649 714 1711 734 cum
1738 708 1804 735 alie-

1020 748 1136 783 nigenis.
1157 748 1229 777 Deus
1243 750 1325 783 enim,
1343 753 1390 782 ait,
1406 751 1513 780 locutus
1528 756 1587 785 est,
1603 761 1634 780 ac
1656 754 1683 781 in
1707 759 1804 783 sancto

1020 801 1070 821 suo
1086 794 1194 822 locutus
1210 795 1244 822 ad
1260 795 1371 828 Galaad,
1389 796 1549 830 Manassen,
1567 798 1695 834 Ephraim
1711 804 1739 828 et
1753 800 1802 828 Ju-

1019 839 1099 873 dam;
1118 839 1196 868 Moab
1210 845 1237 868 et
1252 841 1393 869 Idunueam
1409 850 1441 870 ac
1454 844 1573 879 reliquos
1597 853 1690 873 omnes
1706 846 1803 874 alieni-

1021 893 1102 920 genas
1122 894 1176 913 una
1199 887 1396 922 complectitur.
1413 887 1480 916 Nam
1498 898 1507 914 ι
1532 889 1622 924 Moab,
1648 892 1745 927 inquit,
1769 893 1806 921 le-

192 926 322 962 Ἐφραὶμ,
339 927 385 953 καὶ
399 927 438 962 τῷ
452 928 546 963 Ἰούδᾳ,
560 930 809 965 συμπεριλαμϐάνει
825 932 870 958 τὸν
883 933 968 959 Μωὰϐ

1021 930 1068 957 bcs
1085 931 1142 965 spei
1155 939 1254 964 meae;1
1276 940 1325 967 pro
1339 941 1393 968 quo
1407 933 1588 969 Symmachus
1599 922 1694 969 edidit:
1708 922 1803 966 «Moab

184 972 232 998 καὶ
246 972 295 1007 τὴν
313 972 465 1008 Ἰδουμαίαν
479 975 524 1000 καὶ
541 975 644 1007 πάντας
658 976 719 1008 τοὺς
732 976 840 1009 λοιποὺς
856 978 969 1012 ἀλλοφύα

183 1017 256 1049 λους.
269 1027 278 1044 (
290 1018 376 1045 Μωὰϐ
391 1029 400 1044 1
416 1019 480 1055 γὰρ,
498 1021 574 1055 φησὶ,
588 1030 597 1046 ι
612 1021 691 1057 λέϐης
704 1023 754 1058 τῆς
764 1023 869 1056 ἐλπίδος
883 1033 943 1060 μου¹
956 1035 966 1051 1

183 1063 243 1090 ἀνθ’
256 1061 286 1091 οὗ
301 1065 315 1091 ὁ
334 1064 480 1100 Σύμμαχος
492 1066 617 1099 ἐξέδωκε,
637 1077 645 1093 ι
662 1068 748 1095 Μωὰϐ
769 1069 852 1105 λέϐης
872 1071 969 1106 ἀμερι-

185 1108 267 1144 μνίας
288 1118 337 1144 μου
351 1118 357 1124 “
374 1120 383 1135 1
400 1111 413 1136 ὁ
426 1110 453 1136 δὲ
475 1111 604 1144 Ἀκύλας,
626 1122 634 1138 ι
654 1114 740 1140 Μωὰϐ
758 1115 838 1150 λέϐης
857 1116 968 1152 λουτροῦ

184 1164 248 1191 μου.
270 1164 280 1181 1
297 1152 363 1181 Εἶτα
377 1156 438 1191 περὶ
463 1156 512 1191 τῆς
535 1158 685 1193 Ἰδουμαίας
707 1160 786 1192 αὐτὸς
805 1162 969 1196 ἐπαγγέλλε-

182 1209 229 1227 ται
255 1199 359 1234 λέγων·
381 1211 390 1226 ι
412 1201 473 1227 Ἐπὶ
486 1201 535 1237 τὴν
560 1203 711 1238 Ἰδουμαίαν
732 1206 832 1233 ἐκτενῶ
851 1208 882 1233 τὸ
905 1208 969 1234 ὑπό-

182 1243 258 1279 δημᾶ
281 1253 347 1280 μου·
368 1256 377 1272 1
404 1247 419 1279 ἢ
445 1247 514 1273 κατὰ
536 1247 581 1273 τὸν
606 1249 770 1285 Σύμμαχον,
800 1260 810 1277 ί
834 1252 895 1279 Ἐπὶ
921 1254 968 1288 τὴν

189 1287 340 1323 Ἰδουμαίαν
367 1290 532 1326 ἐπιϐήσομαι
561 1292 600 1327 τῷ
624 1294 775 1329 ὑποδήματί
798 1305 857 1331 μου.
880 1306 889 1322 )
915 1298 968 1324 Καὶ

182 1333 295 1360 τοιαῦτα
318 1334 366 1370 μὲν
391 1336 584 1370 ἐπαγγέλλεται
600 1339 638 1373 τῷ
655 1340 740 1366 Μωὰϐ
759 1342 805 1367 καὶ
828 1344 860 1377 τῇ
890 1343 968 1369 Ἰδου-

183 1379 263 1415 μαίᾳ.
285 1380 352 1414 Περὶ
374 1381 403 1408 δὲ
418 1382 470 1409 τῶν
484 1383 638 1418 ἀλλοφύλων
656 1386 736 1412 πάλιν
749 1387 763 1413 ὁ
780 1388 860 1419 αὐτὸς
878 1389 968 1415 ἐπιλέ-

182 1432 243 1458 γει·
261 1434 271 1450 ‹
298 1425 375 1461 Ἐμοὶ
391 1427 532 1462 ἀλλόφυλοι
550 1429 737 1466 ὑπετάγησαν·
758 1442 766 1457 1
784 1432 811 1468 ἢ,
830 1433 900 1460 κατὰ
923 1435 968 1461 τὸν

188 1468 303 1496 ’Δκύλαν
315 1479 322 1485 ·
341 1481 350 1496 ι
372 1471 429 1498 Ἐπ’
441 1473 491 1508 ἐμὲ
506 1474 663 1502 Φυλιστιαία
680 1476 741 1512 (sic)
753 1474 921 1515 ἡταιρήσατο
932 1489 938 1494 ·
956 1491 965 1505 1

182 1516 254 1543 κατὰ
269 1517 298 1543 δὲ
312 1518 356 1544 τὸν
375 1518 546 1552 Θεοδοτίωνα,
568 1531 576 1546 ι
597 1522 672 1556 Ἐμοὶ
697 1522 838 1557 ἀλλόφυλοι
864 1525 968 1559 ὲφιλία-

1019 975 1093 1003 lebes
1110 977 1265 1005 securitatis
1292 985 1375 1012 meae;
1392 989 1401 1004 1
1420 980 1518 1014 Aquila
1543 988 1619 1013 vero,
1639 991 1648 1007 ε
1667 981 1746 1010 Moab
1762 984 1802 1011 le-

1019 1022 1067 1049 bes
1084 1022 1185 1049 lavacri
1210 1024 1272 1050 mei.
1292 1033 1301 1049 1
1326 1024 1458 1060 Deinceps
1475 1025 1508 1053 de
1531 1025 1646 1054 ldumaca
1663 1027 1721 1055 haec
1744 1028 1803 1063 ipsa

1019 1067 1172 1102 pollicetur,
1191 1078 1200 1094 ‹
1216 1068 1244 1095 ln
1267 1069 1411 1097 ldumaeam
1428 1071 1571 1099 extendam
1586 1073 1800 1101 calceamentum

1019 1122 1139 1148 meum;1
1153 1115 1210 1143 sive
1220 1116 1369 1143 secundum
1381 1116 1585 1152 Symmachum,
1598 1127 1608 1144 ε
1619 1118 1648 1146 ln
1657 1119 1800 1147 ldumaaam

1019 1161 1201 1188 conscendam
1227 1162 1413 1190 ealceamento
1435 1171 1506 1191 meo.
1523 1174 1532 1189 1
1558 1164 1591 1191 Et
1613 1164 1670 1192 haec
1692 1166 1801 1201 quidem

1019 1204 1097 1233 Moab
1110 1210 1136 1233 ct
1154 1206 1277 1234 lduma-aa
1294 1207 1447 1242 pollicetur.
1465 1208 1502 1236 De
1516 1209 1675 1246 alienigenis
1691 1218 1801 1239 rursum

1019 1251 1123 1286 adjicit,
1143 1261 1152 1277 ι
1170 1252 1235 1279 Mihi
1249 1253 1405 1289 alienigenae
1425 1254 1527 1282 subditi
1550 1260 1630 1290 sunt;
1649 1266 1660 1283 1
1677 1257 1734 1285 sive
1755 1265 1799 1284 se-

1018 1296 1137 1323 cundum
1159 1298 1284 1333 Aquilam
1295 1319 1302 1333 ,
1329 1308 1338 1324 ‹
1357 1299 1422 1326 Mihi
1436 1298 1590 1328 Philisthaea
1605 1303 1691 1329 amica
1705 1302 1771 1336 fuit;
1790 1312 1800 1329 1

1019 1342 1167 1369 secundum
1182 1342 1396 1372 Theodotionem
1414 1349 1514 1378 autem,
1534 1355 1543 1372 ι
1559 1346 1624 1373 Mihi
1644 1348 1802 1382 alienigenae

1019 1388 1099 1415 amici
1112 1387 1176 1415 facti
1191 1394 1265 1416 sunt.
1282 1398 1291 1415 1
1311 1389 1374 1418 Haec
1398 1398 1480 1426 porro
1496 1392 1563 1426 ipsis
1577 1392 1666 1420 verbis
1681 1397 1708 1420 et
1728 1394 1802 1421 voci-

1019 1433 1070 1460 bus
1095 1433 1123 1460 in
1148 1441 1202 1461 cvu
1225 1435 1330 1469 psalmo
1354 1436 1427 1463 dicta
1443 1441 1517 1468 sunt,
1542 1437 1568 1463 in
1583 1445 1637 1472 quo
1652 1439 1801 1467 secundum

1018 1478 1271 1514 LXXlnterprctes,
1305 1482 1408 1509 amicos
1439 1482 1485 1509 Dei
1506 1482 1612 1511 futuros
1636 1484 1800 1520 alienigenas

1021 1525 1049 1551 in
1064 1525 1195 1553 vaticinio
1217 1525 1314 1555 fertur.
1343 1527 1480 1562 Scriptum
1505 1529 1595 1563 itaque
1615 1533 1659 1556 est
1679 1529 1707 1557 ir.
1733 1530 1800 1558 illo:

184 1571 244 1591 σαν.
258 1573 268 1588 1
281 1563 354 1590 Αὑτὰ
368 1564 395 1591 δὲ
412 1565 496 1592 ταῦτα
512 1569 568 1598 τοῖς
582 1567 672 1599 αὐτοῖς
688 1569 801 1604 ῥήμασι,
814 1571 860 1597 καὶ
875 1571 968 1604 αὑταῖς

184 1608 227 1617 ιιι·
318 1610 520 1617 ..-..,-
620 1613 803 1617 .__,_

1021 1579 1032 1596 α
1047 1571 1126 1599 Moab
1140 1572 1213 1600 lebes
1228 1573 1285 1607 spei
1300 1581 1375 1600 meae.
1395 1573 1423 1601 lu
1437 1573 1578 1602 Idumaeam
1592 1575 1734 1603 extendam
1745 1578 1802 1604 cal-

182 1608 270 1641 λέξεσι
284 1611 330 1636 καὶ
342 1611 370 1636 ἐν
386 1610 424 1646 τῷ
439 1612 478 1647 ρξ’
493 1612 599 1647 εἴρηται
612 1613 720 1649 ψαλμῷ,
738 1616 766 1641 ἐν
786 1614 808 1650 ᾦ
831 1618 877 1644 καὶ
898 1618 967 1645 κατὰ

183 1655 245 1686 τοὺς
273 1654 471 1691 Ἐϐδομήκοντα
491 1658 623 1692 φιλιάσειν
651 1659 690 1695 τῷ
705 1660 764 1695 Θεῷ
784 1662 808 1687 οἱ
825 1662 966 1697 ἀλλόφυλοι

183 1699 365 1733 θεσπίζονται.
382 1703 536 1739 Γέγραπται
547 1705 611 1738 γοῦν
625 1707 671 1732 καὶ
686 1707 714 1732 ὲν
727 1707 833 1743 ἐκείνῳ·
854 1718 863 1734 ‹
880 1709 966 1735 Μωᾶιϐ

182 1745 264 1782 λέϐης
277 1748 326 1783 τῆς
341 1748 446 1779 ἐλπίδος
461 1759 520 1785 μου.
542 1751 602 1778 Ἐπὶ
614 1752 662 1787 τὴν
683 1753 832 1788 Ἰδουμαίαν
847 1755 967 1782 ἐπιϐαλῶ

183 1791 214 1819 τὸ
227 1793 353 1829 ὑπόδημά
376 1803 436 1829 μου,
452 1796 513 1830 ἐμοὶ
540 1796 683 1831 ἀλλόφυλοι
708 1799 859 1833 ἐφιλίασαν,
878 1811 887 1826 1
913 1801 967 1827 Καὶ

183 1838 268 1866 ταῦτα
280 1839 330 1874 μὲν
339 1840 401 1876 περὶ
415 1841 468 1872 τῶν
479 1841 633 1876 ἀλλοφύλων
644 1843 742 1878 διῆλθε.
756 1845 833 1872 Μετὰ
843 1846 870 1872 δὲ
882 1847 966 1873 ταῦτα

184 1885 216 1910 ἐκ
228 1885 372 1920 προσώπου
386 1887 432 1913 τοῦ
454 1888 587 1914 Ἰουδαίων
608 1885 672 1915 λαοῦ
688 1891 703 1925 ὴ
720 1892 870 1926 προφητεία
888 1893 966 1919 πάλιν

183 1931 280 1965 ἐπάγει
306 1932 446 1967 φάσκουσα
457 1942 464 1948 ·
491 1944 499 1959 ι
526 1934 592 1969 Οὐχὶ
604 1936 636 1961 σὺ
649 1937 662 1961 ὁ
677 1936 741 1968 Θεὸς
761 1938 775 1963 ὁ
789 1938 966 1973 ἀπωσάμενος

183 1976 268 2011 ἡμᾶς,
283 1977 330 2003 καὶ
345 1978 394 2004 οὐκ
405 1978 533 2015 ὲξελεύσῃ
550 1982 578 2006 ὲν
590 1983 649 2012 ταῖς
672 1981 817 2017 δυνάμεσιν
834 1983 911 2018 ἡμῶν
924 1992 931 2016 ;
955 1994 963 2009 1

186 2022 220 2048 Ἀ
236 2021 268 2057 δὴ
278 2022 358 2057 ὅμοια
371 2023 466 2058 γένοιτ’
477 2024 509 2051 ἂν
519 2027 575 2057 τοῖς
591 2026 661 2053 κατὰ
676 2027 723 2061 τὴν
738 2028 824 2063 ἀρχὴν
840 2028 967 2064 λελεγμέ‹

183 2075 240 2099 νοις
262 2068 290 2094 ὲν
302 2068 341 2103 τῷ
354 2088 361 2099 ,
379 2078 387 2094 ι
411 2068 439 2096 '0
455 2069 530 2101 Θεὸς,
559 2071 661 2098 ἀπώσω
676 2073 749 2107 ἡμᾶς
772 2074 819 2100 καὶ
845 2073 967 2104 καθεῖλες

184 2112 274 2147 ἡμᾶς’
293 2123 302 2139 1
316 2113 348 2140 δι’
362 2111 399 2141 ὧν
408 2115 501 2150 σαφῶς
515 2116 627 2148 ἑαυτοὺς
645 2118 693 2152 μὲν
708 2118 847 2145 ἀπεῶσθαι
858 2119 966 2153 λέγουσι

183 2159 231 2185 καὶ
249 2159 453 2196 καθαιρεῖσθαι,
483 2162 519 2197 μὴ
543 2162 614 2198 ἔχειν
635 2172 664 2189 τε
681 2164 725 2190 τὸν
738 2164 803 2191 Θεὸν
828 2165 924 2201 βοηθὸν
939 2167 966 2192 ἐν

182 2205 243 2236 ταῖς
261 2205 364 2232 ἑαυτῶν
384 2207 529 2242 δυνάμεσι·
545 2210 607 2240 τοὺς
627 2209 655 2235 δὲ
675 2209 837 2243 ἀλλοφύλους
853 2211 966 2239 καθόλου

1018 1620 1188 1644 ceamentum
1215 1625 1323 1650 meum,
1351 1619 1418 1646 mibi
1446 1620 1603 1655 alienigene
1630 1621 1710 1649 amici
1736 1621 1802 1652 facti

1019 1666 1082 1689 sunt
1098 1662 1117 1689 ⁵.
1137 1672 1146 1688 1
1164 1662 1197 1689 Et
1212 1663 1269 1690 haec
1281 1663 1389 1698 quidem
1413 1664 1447 1692 de
1471 1665 1629 1700 alienigenis
1653 1667 1800 1694 enarravit.

1020 1707 1077 1735 Sub
1092 1708 1149 1735 haec
1162 1713 1251 1736 autem
1273 1717 1306 1737 ex
1328 1717 1444 1744 persona
1459 1709 1564 1738 Judaici
1582 1712 1673 1747 populi
1687 1713 1803 1748 prophe-

1018 1754 1054 1780 tia
1071 1761 1180 1781 rursum
1197 1753 1292 1788 adjicit
1308 1763 1314 1781 :
1333 1764 1342 1780 ε
1358 1754 1453 1782 Nonne
1469 1760 1496 1782 tu
1508 1776 1515 1787 ,
1533 1755 1604 1783 Deus
1618 1778 1625 1790 ,
1643 1757 1689 1792 qui
1701 1758 1802 1792 repuli-

1018 1799 1052 1825 sti
1068 1805 1118 1825 nos
1129 1818 1135 1830 ,
1152 1801 1179 1826 et
1193 1806 1248 1826 non
1262 1799 1410 1834 egredieris
1425 1801 1453 1826 in
1467 1800 1612 1829 virtutibus
1627 1802 1730 1830 nostris
1744 1803 1774 1829 ’ἲ
1790 1813 1800 1830 1

1018 1843 1084 1876 Quae
1106 1843 1205 1871 similia
1231 1848 1294 1872 sunt
1321 1845 1354 1872 iis
1377 1853 1437 1880 quae
1460 1845 1494 1872 ab
1517 1846 1595 1874 initio
1620 1846 1693 1874 dicta
1716 1847 1801 1878 fuere.

1021 1897 1029 1913 ι
1042 1888 1126 1921 Deus,
1142 1889 1266 1924 repulisti
1277 1897 1327 1917 nos
1338 1895 1365 1917 et
1375 1890 1534 1919 destruxiin
1549 1899 1614 1918 nos:
1627 1901 1636 1917 1
1649 1892 1726 1927 queis
1742 1901 1804 1928 pcr-

1017 1934 1111 1968 spicue
1126 1942 1155 1961 se
1172 1935 1295 1969 repulsos
1308 1939 1334 1962 et
1346 1935 1500 1963 destructus
1517 1936 1601 1964 fuisse
1615 1942 1737 1971 narrant,
1751 1947 1802 1966 nc-

1018 1986 1071 2013 que
1088 1978 1172 2006 Deum
1197 1980 1224 2006 in
1249 1979 1406 2012 virtutibus,
1431 1980 1488 2008 sive
1511 1981 1538 2007 in
1562 1982 1728 2010 exercitibus
1744 1983 1802 2011 suis

1018 2024 1193 2059 opitulantem
1221 2025 1322 2053 habere
1347 2034 1353 2053 :
1378 2026 1543 2061 alienigenas
1564 2034 1630 2054 vero
1651 2029 1802 2063 generatim

1018 2077 1112 2098 omnes
1127 2071 1230 2098 amicos
1244 2070 1291 2098 Dei
1304 2071 1414 2098 effectos
1429 2079 1508 2104 esse;
1526 2071 1603 2100 Moab
1617 2080 1683 2101 vero
1697 2075 1803 2109 specia.

1019 2116 1066 2143 tim
1079 2116 1193 2144 lebetem
1207 2117 1264 2152 spei
1276 2117 1346 2152 ejus,
1366 2125 1414 2145 seu
1428 2118 1542 2145 lebetem
1559 2118 1660 2146 lavacri
1674 2119 1744 2154 ejus,
1760 2121 1802 2147 vel

1018 2162 1173 2189 securitatis
1184 2163 1333 2197 ejus'esse;
1347 2162 1545 2198 ldumaaamque
1560 2164 1744 2192 calceamento
1755 2164 1802 2192 Dei

1018 2207 1155 2243 dignatam
1174 2208 1268 2236 fuisse.
1301 2208 1363 2236 Haec
1387 2208 1569 2237 illustratione
1585 2209 1703 2245 Spiritus
1718 2210 1802 2238 divini

184 2250 235 2285 μὲν
245 2251 348 2283 πάντας
360 2252 451 2287 φίλους
476 2253 615 2287 γεγονέναι
628 2253 666 2289 τῷ
679 2254 737 2289 Θεῷ
750 2275 757 2286 ,
783 2254 853 2286 ἰδίως
877 2255 905 2282 δὲ
921 2256 966 2282 τὸν

1019 2252 1130 2281 edoctus
1143 2253 1228 2282 David
1239 2274 1246 2286 ,
1264 2247 1342 2289 quasi
1357 2263 1390 2282 ex
1403 2263 1519 2290 persona
1538 2255 1623 2283 totius
1636 2256 1745 2291 populi,
1761 2256 1804 2283 di—

183 2296 270 2324 Μωὰϐ
284 2297 385 2332 λέϐητα
396 2298 476 2325 αὑτοῦ
490 2299 540 2333 τῆς
554 2299 658 2330 ἐλπίδος
669 2319 676 2330 ,
693 2300 709 2335 ἦ
723 2300 823 2335 λέϐητα
837 2299 884 2327 τοῦ
906 2301 966 2327 λου-

183 2342 247 2378 τροῦ
264 2342 356 2375 αὐτοῦ,
370 2343 386 2378 ἢ
403 2344 451 2379 τῆς
466 2345 630 2380 ἀμεριμνίας
648 2344 728 2371 αὐτοῦ
745 2345 898 2380 γεγονέναι·
917 2347 966 2382 τὴν

183 2388 210 2415 δὲ
230 2389 380 2424 Ἰδουμαίαν
394 2390 440 2416 τοῦ
452 2391 622 2426 ὑποδήματος
635 2390 681 2417 τοῦ
694 2391 760 2418 Θεοῦ
773 2392 964 2427 κατηξιῶσθαι.

183 2433 264 2460 Ταῦτ’
277 2432 325 2461 οὖν
338 2434 377 2469 τῷ
396 2435 532 2471 Πνεύματι
547 2435 585 2471 τῷ
602 2436 666 2471 θείῳ
682 2436 825 2471 φωτισθεὶς
839 2438 853 2463 ὁ
874 2437 965 2469 Δαυῖδ,

183 2482 328 2507 κοινοποιεῖ
342 2481 385 2508 τὸν
397 2481 474 2515 λόγον
480 2481 519 2513 ὼς
533 2483 565 2508 ὲκ
577 2482 721 2518 προσώπου
735 2482 781 2509 τοῦ
793 2483 891 2515 παντὸς
902 2483 965 2510 λαοῦ

183 2526 230 2553 καί
256 2535 353 2562 φησιν·
375 2536 385 2552 ι
410 2528 439 2554 '0
453 2527 535 2560 Θεὸς,
558 2528 660 2555 ἀπώσω
680 2529 753 2564 ἡμᾶς
780 2529 826 2556 καὶ
846 2529 967 2561 καθεῖλες

184 2572 270 2608 ἡμᾶς·
285 2582 294 2598 1
308 2573 334 2609 ἢ,
352 2573 422 2600 κατὰ
437 2574 482 2600 τὸν
498 2574 642 2610 Σύμμαχον
652 2583 658 2589 “
676 2584 685 2600 ‹
711 2575 739 2601 '0
747 2575 821 2606 Θεὸς,
831 2574 965 2602 ἀπεϐάλου

183 2619 268 2653 ἡμᾶς,
286 2619 333 2646 καὶ⁹
357 2619 484 2654 διέκοψας
506 2621 595 2655 ἡμᾶς’
618 2630 626 2646 1
650 2620 742 2655 σαφῶς
763 2620 898 2656 ἀποϐολὴν
920 2621 965 2647 καὶ

184 2661 326 2699 ἀποκοπὴν
335 2663 425 2690 αὐτῶν
437 2663 567 2698 δηλώσας.
581 2663 636 2692 Εἶτ’
648 2665 776 2699 ἐπιλέγει·
791 2674 800 2691 1
813 2665 964 2701 Ὠργίσοης,

1018 2300 1065 2331 cit,
1086 2308 1095 2325 ‹
1107 2299 1189 2329 Deus.
1201 2301 1323 2335 repulisti
1342 2308 1392 2328 nos
1409 2304 1435 2328 et
1446 2301 1607 2328 destruxisti
1623 2308 1690 2334 nos;
1707 2310 1716 2326 1
1733 2301 1801 2332 sive,

1018 2346 1168 2372 secundum
1184 2346 1375 2382 Symmachum
1395 2355 1401 2373 :
1421 2355 1430 2372 ι
1446 2345 1529 2378 Deus,
1555 2346 1680 2381 abjecisti
1693 2353 1760 2378 nos.
1775 2352 1803 2374 et

1019 2391 1159 2419 abscidisti
1174 2399 1241 2423 nos,
1258 2402 1267 2417 1
1285 2392 1464 2426 abjectinnem
1486 2396 1513 2419 et
1530 2392 1725 2419 abscissionem
1741 2400 1801 2419 ma-

1019 2436 1117 2465 nifeste
1141 2438 1308 2473 significans.
1344 2437 1490 2473 Subjungit
1500 2441 1610 2473 postea,
1628 2447 1638 2463 ‹
1658 2436 1746 2465 [ratus
1760 2446 1800 2470 es.

1020 2487 1047 2510 et
1069 2483 1197 2511 misertus
1220 2491 1250 2510 es
1274 2483 1368 2516 nobis;
1389 2493 1398 2509 1
1422 2483 1570 2511 secundum
1586 2484 1711 2519 Aquilam
1726 2493 1801 2516 vero,

1023 2540 1032 2556 ‹
1048 2530 1134 2558 Iratus
1153 2531 1273 2558 avertisti
1299 2538 1365 2563 nos;
1385 2540 1394 2556 1
1421 2530 1571 2558 secundum
1597 2530 1801 2567 Symmachum.

1023 2585 1031 2600 ε
1048 2575 1136 2602 lratus
1148 2583 1187 2608 es,
1200 2578 1225 2602 et
1236 2575 1442 2603 circumduxiin
1455 2583 1522 2609 nos;
1533 2585 1542 2601 1
1560 2576 1710 2604 secundum
1722 2577 1803 2612 quin-

1020 2624 1074 2648 tam
1089 2621 1247 2654 editionem,
1261 2621 1314 2648 (Et
1328 2621 1536 2649 circumduxisti
1555 2630 1632 2650 nos.1
1650 2622 1713 2650 Hac
1721 2630 1803 2658 porro

1019 2671 1132 2694 eventus
1145 2675 1233 2694 rerum
1250 2667 1310 2702 plus
1326 2675 1406 2702 quam
1420 2668 1502 2695 verba
1517 2667 1648 2696 declarat.

184 2707 232 2734 καὶ
243 2707 414 2745 ᾠκτείρησας
425 2711 529 2745 ἡμᾶς-ι
549 2712 618 2738 κατὰ
634 2712 661 2738 δὲ
675 2712 720 2738 τὸν
741 2712 864 2746 Ἀκύλαν,
878 2722 887 2739 ‹
903 2713 1044 2748 Θυμωθεὶς
1057 2713 1240 2748 μετέστρεψας
1254 2714 1326 2749 ἡμᾶς
1336 2722 1358 2739 '1
1370 2714 1440 2740 κατὰ
1453 2714 1481 2740 δὲ
1494 2714 1539 2741 τὸν
1551 2714 1708 2750 Σύμμαχον,
1722 2723 1731 2739 α
1747 2714 1804 2749 Ὦρ-

183 2755 290 2791 γίσθης,
322 2757 368 2783 καὶ
401 2758 567 2793 περιήγαγες
599 2759 686 2794 ἡμᾶς·
706 2768 716 2784 1
736 2759 805 2786 κατὰ
826 2760 854 2785 δὲ
875 2760 924 2795 τὴν
946 2760 1072 2795 πέμπτην
1105 2760 1217 2792 ἔκδοσιν,
1237 2770 1246 2787 ι
1270 2761 1324 2788 Καὶ
1341 2762 1509 2797 περιήγαγες
1527 2762 1611 2797 ἡμᾶς.
1631 2772 1640 2788 ι
1662 2760 1755 2788 Ταῦτα
1774 2761 1803 2789 δὲ

186 2802 284 2838 μῶλλον
300 2803 352 2830 τῶν
364 2804 449 2838 λόγων
463 2806 479 2841 ἡ
494 2805 547 2832 τῶν
563 2805 730 2841 πραγμάτων
754 2806 864 2838 ἔκϐασις
883 2807 1039 2842 παρίστησι.

224 2893 235 2909 ⁸
250 2894 323 2923 Psal.
340 2903 409 2928 cvn,
429 2896 470 2923 l0.
511 2897 521 2912 '
541 2894 606 2924 ibid.
626 2897 668 2924 ιε.
