2064 3212
285 195 338 225 559

319 255 384 283 Post
390 254 536 281 Salvatoris
545 253 635 288 itaque
645 254 731 281 nostri
743 253 898 282 adventum.
906 253 1014 288 quando
1024 252 1062 278 in-
1077 255 1098 282 Α

283 301 353 329 vasit
366 307 414 327 eos
429 300 468 326 ira
482 299 511 326 in
525 298 615 330 ﬁnem,
630 299 687 325 haec
696 299 787 325 omnia
798 299 881 333 passi,
893 298 1005 333 repulsi.
1021 298 1064 324 de-

283 345 521 380 structietalfjecti
536 349 615 377 sunt;
629 344 743 372 abscissi
758 344 821 371 item
834 348 859 371 et
874 343 1061 375 circumducti,

284 393 312 420 in
325 396 473 425 omnesque
497 395 589 424 gentes
605 389 732 423 dispersi.
748 387 801 415 Sed
817 388 908 421 etiam,
921 398 930 414 ι
941 395 1063 415 commo-

283 435 356 467 visti,
376 434 472 469 inquit,
485 437 585 461 terram
605 438 628 459 et
652 432 818 459 conturbasti
828 440 897 463 eam,
920 432 983 466 quia
999 439 1063 458 sex-

283 472 361 508 centa
373 480 409 507 ibi
423 479 493 506 mala
501 478 621 511 inerant;
634 478 661 504 in
678 483 749 505 terra
765 479 826 504 dico
838 485 942 509 eorum,
958 478 1064 505 scilicet

281 526 442 558 Jerusalem,
458 525 504 552 ubi
520 525 594 559 regia
611 528 636 552 et
652 525 849 555 sanctuarium,
867 524 911 551 ubi
929 525 1019 551 omnia
1035 524 1062 551 in

283 573 341 608 lege
352 571 506 599 veneranda
519 571 760 605 persolvehantur:
776 570 834 597 sive
855 570 937 596 etiam
963 571 990 596 in
1006 574 1062 597 tota

283 617 390 643 illorum
412 615 538 650 regione;
561 615 617 642 sive
632 615 658 641 in
682 614 826 641 animabus
841 622 935 641 eorum
960 615 1063 649 tropice

283 667 355 690 terra
367 662 540 696 nuncupatis.
556 657 620 693 Quae
634 661 724 688 omnia
739 660 884 687 confertim
897 660 1062 695 obimproha

282 716 376 735 eorum
393 707 523 740 facinora,
537 711 672 734 commota
685 711 710 733 et
723 706 883 734 conturbata
898 710 972 733 sunt.
987 707 1064 733 Atta-

283 762 345 781 men
358 757 434 788 rogat
449 753 583 788 Propheta
605 752 631 779 in
651 753 828 787 sequentibus
844 762 850 779 :
870 761 878 777 ι
897 752 969 779 Sana
997 759 1063 779 con-

282 798 407 825 tritiones
418 798 486 832 ejus,
505 797 567 832 quia
583 803 717 824 commota
730 800 781 823 est.
800 805 810 821 ι
827 796 848 822 Α
861 796 971 831 proprio
986 804 1063 823 nam-

282 852 335 879 que
351 844 408 871 loco
423 847 450 871 et
473 844 527 870 situ
549 847 685 870 commota
717 846 744 870 et
771 850 905 869 concussa
935 842 1062 876 pra-dicta

283 894 366 921 terra,
379 888 586 916 contritionibus
613 893 639 915 et
657 888 744 915 ruinae
759 887 879 915 suberat.
904 887 993 921 Quare
1011 889 1062 915 sub

284 937 341 962 haec
355 935 485 962 additur:
505 943 515 959 ‹
539 934 688 962 Ostendisti
719 934 818 969 populo
835 938 881 961 tuo
899 934 986 961 dura:
1007 944 1016 959 ι
1035 939 1062 961 οι
1080 923 1098 950 Β

282 982 345 1008 vino
372 980 592 1015 compunctionis
617 983 693 1015 potat
722 980 800 1012 illos;
824 979 882 1007 sive
912 978 1061 1007 secundum

280 1027 418 1062 Aquilam,
435 1036 444 1052 ι
463 1027 525 1053 vino
542 1026 666 1061 soporis;
685 1035 695 1052 ι
720 1026 778 1053 sive
806 1025 956 1053 secundum
984 1025 1063 1061 Sym-

282 1074 418 1105 machum,
446 1081 455 1098 ι
474 1073 537 1100 vino
565 1071 733 1106 jactationis.
753 1080 762 1097 ι
791 1071 829 1099 Ac
859 1071 949 1099 dicere
979 1072 1061 1102 licet.

282 1118 435 1145 divinarum
465 1116 668 1152 Scripturarum
695 1116 818 1148 verbum,
846 1123 900 1151 quo
919 1123 1012 1143 eorum
1036 1116 1062 1142 in

280 1163 420 1192 Christum
448 1163 624 1190 incredulitas
654 1162 787 1197 arguitur,
805 1162 896 1189 vinum
911 1169 972 1189 esse
989 1169 1062 1188 com-

282 1210 447 1244 plmciionis.
464 1216 557 1236 eorum
580 1208 746 1235 conscientia
773 1215 821 1242 per
844 1208 999 1243 prophetias
1030 1208 1063 1235 de

282 1255 401 1286 Christo,
424 1262 528 1282 necnon
555 1263 602 1290 per
621 1258 781 1289 pnesenlem
807 1262 898 1281 rerum
929 1254 1064 1281 conditio-

282 1309 344 1329 nem
360 1320 368 1332 ,
395 1307 426 1327 ac
449 1308 496 1336 per
521 1301 726 1328 conversionem
755 1300 872 1335 gentium
901 1305 1063 1334 compuncta

281 1353 308 1376 et
321 1347 473 1374 vulnerata.
491 1345 552 1374 Hzec
566 1347 676 1382 quippe,
708 1346 814 1374 etiamsi
837 1354 891 1373 non
922 1346 1005 1373 fucati
1023 1346 1063 1372 vi-

282 1394 396 1420 deantur
404 1400 475 1425 esse,
489 1400 583 1419 eorum
592 1393 786 1420 conscientiam
802 1395 936 1427 pungunt,
949 1391 1061 1423 feriunt,

281 1443 308 1466 et
325 1440 357 1466 ad
372 1446 482 1467 sensum
504 1446 560 1465 sua:
586 1446 649 1473 erga
676 1438 843 1465 Salvatorem
858 1443 885 1466 et
914 1438 1061 1465 Dominum

282 1490 405 1512 nostrum
422 1484 589 1512 inﬁdelitatis
617 1484 765 1511 adducunt.
793 1484 845 1511 Sed
872 1483 925 1511 illis
952 1484 1061 1518 quidem

283 1531 340 1557 haec
352 1534 481 1558 eventura
495 1537 556 1557 esse
579 1529 754 1557 vaticinatur.
779 1530 814 1557 lis
837 1534 928 1557 autem
954 1531 1000 1564 qui
1027 1529 1060 1556 ad

280 1576 419 1603 Christum
434 1575 481 1602 Dei
498 1576 668 1607 conventuri.
692 1576 804 1610 ejusque
823 1576 937 1603 salutem
966 1584 1062 1604 susce-

283 1622 440 1657 pturisunt,
464 1621 520 1647 haec
545 1627 639 1655 postea
667 1622 812 1648 annuntiat
828 1630 835 1648 :
851 1630 861 1646 ι
880 1621 982 1648 Dedisti
1002 1630 1060 1649 me»

283 1667 422 1694 tuentibus
438 1670 464 1693 te
475 1667 711 1701 significationem,
739 1671 768 1693 ut
781 1666 886 1701 fugiant
902 1674 917 1693 a
932 1667 1000 1694 facie
1021 1674 1063 1694 ar-

283 1720 349 1746 cus;
367 1721 376 1738 ι
393 1711 542 1739 secundum
557 1710 680 1745 Aquilam
698 1718 770 1743 vero,
797 1720 806 1736 (
827 1710 929 1738 Dedisti
941 1717 1063 1739 metuen-

283 1758 356 1786 tibus
369 1761 395 1785 te
409 1758 527 1791 signum,
540 1759 573 1783 ut
583 1755 793 1790 signiﬁcentura
805 1756 872 1783 facie
887 1756 1039 1790 ﬁrmitatis;
1051 1766 1059 1783 ι

282 1803 433 1831 secundum
447 1801 639 1838 Symmachum
654 1806 755 1834 autem,
775 1811 785 1827 ι
804 1801 907 1830 Dedisti
919 1803 1064 1830 metuenti-

283 1850 334 1876 bus
346 1853 372 1875 te
389 1848 508 1883 signum,
520 1852 550 1874 ut
572 1847 676 1882 fugiant
693 1855 707 1874 a
722 1847 790 1875 facie
813 1848 983 1884 sagittarum.
1006 1858 1015 1874 ι
1035 1848 1063 1876 Si

283 1896 333 1927 illi,
348 1894 381 1921 de
394 1895 493 1928 quibus
506 1894 643 1929 superius.
660 1895 712 1922 hoc
724 1896 801 1930 signo
818 1895 904 1922 notati
935 1895 1061 1926 fuissent.

283 1948 336 1967 non
352 1939 509 1974 repellendi,
529 1947 578 1967 nec
603 1939 772 1971 destruendi,
797 1948 847 1968 nec
874 1941 920 1967 ira:
938 1940 1061 1968 tradendi

281 1990 370 2012 erant.
389 1985 441 2012 Sed
455 1986 519 2021 quia
537 1986 644 2021 signum
663 1986 728 2013 illud
746 1987 865 2014 salutare
880 1989 1001 2022 recipere
1014 1995 1063 2014 no-

283 2031 402 2061 luerunt,
416 2031 477 2064 jure
494 2031 521 2057 in
538 2031 594 2058 haec
606 2031 769 2059 inciderunt.
786 2032 821 2059 At
835 2033 881 2068 qui
898 2034 993 2060 timent
1011 2032 1064 2060 Do-

283 2075 398 2107 minum,
416 2076 467 2110 (sic
478 2083 524 2102 eos
539 2078 584 2110 qui
601 2077 715 2104 credunt
741 2085 774 2105 ex
799 2079 935 2113 gentibus,
954 2084 982 2106 ut
1007 2080 1063 2115 ple-

283 2126 399 2153 rumque
412 2119 669 2155 demonstravimus,
699 2123 840 2158 Scriptura
856 2125 926 2152 solet
940 2127 1061 2160 appella-

284 2167 335 2199 re.)
350 2169 460 2200 accepto
469 2165 556 2201 signo,
569 2166 670 2201 illoque
678 2169 732 2199 usi,
746 2169 814 2196 acin
825 2170 900 2196 vultu
914 2171 1061 2206 obsignati,

284 2212 373 2238 locum
388 2211 549 2238 invenerunt
566 2211 685 2246 fugiendi
700 2221 714 2239 a
729 2213 796 2241 facie
811 2222 902 2247 arcus,
918 2217 992 2244 nullo
1007 2219 1063 2253 spi-

286 2256 424 2284 ritualium
438 2261 465 2284 et
477 2257 653 2285 invisibilium
679 2259 849 2287 inimicorum
873 2262 957 2296 ipsos,
975 2263 1010 2290 ob
1026 2264 1062 2290 si—
1078 2262 1101 2291 D

285 2310 367 2337 gnum
379 2309 441 2329 cum
452 2303 506 2329 illis
516 2307 571 2329 tum
583 2303 702 2338 antiquis
711 2304 837 2338 inditum,
846 2306 927 2334 ferire
934 2309 1061 2338 audente.

286 2349 391 2384 Moyses
419 2348 553 2383 siquidem
576 2348 718 2376 domorum
736 2350 828 2377 limina
856 2353 987 2387 sanguine
1002 2355 1064 2390 agni

286 2395 422 2428 pasrltalis
436 2394 574 2429 obsignari
589 2393 716 2422 lsraelitis
730 2398 865 2431 praecepit.
890 2403 919 2425 ut
934 2402 1063 2427 exterrui-

286 2444 365 2466 nator
379 2443 547 2467 averteretur
560 2440 580 2466 ‘.
599 2438 627 2466 lu
641 2439 781 2468 Ezechiele
802 2442 905 2476 itidem,
917 2452 978 2471 cum
989 2453 1064 2472 ever-

286 2484 367 2511 tenda
379 2486 444 2513 urbs
456 2489 538 2517 esset,
549 2484 651 2512 dixisse
662 2487 791 2513 scribitur
807 2487 876 2516 Deus
890 2489 925 2521 ei,
941 2491 987 2525 qui
1000 2496 1065 2519 tunc

287 2531 417 2565 temporis
432 2531 530 2565 potiere
546 2532 707 2560 induebatur
722 2542 728 2560 :
750 2542 758 2558 ι
773 2532 870 2562 Transi
888 2543 936 2570 per
948 2537 1065 2564 mediam

287 2576 422 2603 civitatem
437 2575 596 2609 Jerusalem,
617 2582 644 2604 ct
658 2578 692 2605 da
708 2579 786 2614 signa
798 2588 880 2615 super
897 2582 1001 2611 frontes
1025 2584 1064 2610 vi-

288 2628 380 2649 rorum
397 2622 561 2655 gementium
574 2627 600 2650 et
613 2624 760 2651 dolentium
783 2633 866 2660 super
890 2629 996 2656 cunctis
1013 2630 1065 2656 ini-

288 2668 437 2703 quitatibus
451 2676 511 2703 qua}
537 2668 603 2695 ﬁunt
618 2670 643 2696 in
661 2670 750 2697 medio
766 2671 919 2705 ipsorum".
941 2683 950 2699 ι
967 2674 1066 2702 Deinde

289 2713 349 2740 aliis
365 2713 465 2740 dicitur
478 2723 484 2740 :
497 2723 506 2738 ι
520 2713 558 2740 lie
574 2715 600 2741 in
615 2715 751 2743 civitatem
762 2722 823 2751 post
834 2725 907 2751 eum,
924 2725 950 2746 et
967 2727 1064 2754 percu-

289 2760 336 2786 titc
349 2769 355 2786 :
373 2767 405 2786 nc
421 2760 538 2794 parcatis
553 2761 638 2788 oculis
651 2762 758 2795 vestris,
771 2771 859 2798 neque
884 2766 1066 2794 misercamini

289 2813 380 2832 scnem
394 2812 421 2833 el.
437 2806 647 2840 adolescentem,
670 2810 808 2843 parvulos,
835 2814 860 2838 et
879 2812 1023 2847 virginem,
1039 2820 1064 2842 et

324 2893 336 2912 ⁶
349 2894 432 2924 Exod.
452 2904 501 2930 xu,
525 2897 551 2927 7.
587 2898 705 2927 'Elech.
726 2907 763 2934 Ix,
782 2901 809 2929 4.

616 192 750 222 EUSEBII
769 191 1006 221 CESARIENSIS
1030 190 1106 219 OPP.

1127 190 1217 220 PARS
1234 191 1278 219 l'll.
1301 207 1336 211 —
1354 190 1559 220 EXEGETICA.
1575 188 1585 202 '
1843 190 1896 218 560

1148 253 1223 280 Μετὰ
1249 252 1313 287 γοῦν
1340 252 1388 287 τὴν
1416 252 1462 279 τοῦ
1492 251 1616 287 Σωτῆρος
1640 251 1720 287 ημῶν
1744 251 1897 287 παρουσίαν

1115 299 1202 326 πάντα
1227 298 1312 325 ταῦτα
1328 297 1506 329 πεπόνθασιν,
1534 288 1577 324 ὅτε
1605 297 1720 332 ἔφθασεν
1742 297 1784 324 ἐπ’
1798 297 1897 330 αὐτοὺς

1113 344 1180 378 ὀργὴ
1194 344 1233 374 είς
1249 342 1333 374 τέλος,
1348 342 1512 377 ἀπώσθησάν
1526 351 1555 369 τε
1577 342 1624 369 καὶ
1640 339 1829 377 καθῃρέθησαν
1849 342 1896 369 καὶ

1113 389 1320 425 ἀπεϐλήθησαν·
1340 388 1501 424 διεκόπησάν
1518 397 1548 414 τε
1568 389 1614 414 καὶ
1635 387 1821 423 περιήχθησαν
1836 387 1896 414 δια-

1114 435 1322 471 σκορπισθὲντες
1346 436 1385 466 εἰς
1402 435 1489 461 πάντα
1505 434 1538 461 τὰ
1554 434 1627 469 ἔθνη,
1647 433 1726 461 Ἀλλὰ
1742 433 1789 461 καὶ
1804 443 1814 460 ι
1834 441 1896 460 συν-

1114 483 1232 513 έσεισας,
1247 482 1322 516 φησὶ,
1338 481 1386 516 τὴν
1397 481 1458 515 γῆν,
1472 480 1519 507 καὶ
1530 478 1714 516 συνετάραξας
1724 480 1818 516 αὐτὴν,
1832 489 1842 506 ι
1852 479 1896 507 διὰ

1112 529 1142 554 τὸ
1159 527 1244 563 μυρία
1260 526 1332 554 κακὰ
1347 527 1374 552 ἐν
1386 527 1454 561 αὐτῇ
1465 525 1618 560 γίγνεσθαι·
1634 525 1704 560 λέγω
1717 525 1746 552 δὲ
1757 527 1790 562 τῇ
1807 526 1895 552 αὐτῶν

1112 577 1158 611 γῇ,
1178 576 1235 611 ἦτοι
1251 577 1283 611 τῇ
1304 574 1485 610 Ἰερουσαλὴμ,
1503 576 1531 601 ἐν
1578 575 1624 600 καὶ
1640 574 1669 600 τὸ
1687 573 1831 609 βασίλειον,
1849 573 1896 600 καὶ

1112 621 1142 647 τὸ
1157 621 1289 655 ἀγίασμα,
1303 620 1348 647 καὶ
1365 620 1452 646 πάντα
1466 619 1498 646 τὰ
1513 619 1598 654 σεμνὰ
1614 618 1661 646 τοῦ
1682 619 1764 654 νόμου
1786 627 1895 645 συνετε-

1113 667 1196 693 λεῖτο-
1210 666 1226 702 ἢ
1242 667 1289 693 καὶ
1311 667 1384 702 πάσῃ
1400 666 1488 693 αὐτῶν
1505 667 1537 701 τῇ
1551 665 1636 701 χώρα,
1655 666 1672 700 ἢ
1693 666 1738 692 καὶ
1761 666 1822 697 ταῖς
1843 665 1896 700 ψυ-

1113 715 1172 749 χαῖς
1184 714 1270 740 αὐτῶν
1281 714 1417 749 τροπικῶς
1427 713 1477 748 γῆν
1485 712 1698 747 ὠνομασμέναις.
1716 713 1749 738 Ἀ
1764 712 1796 748 δὴ
1807 713 1896 739 πάντα

1113 761 1217 796 ἁθρόως
1230 760 1273 787 διὰ
1286 759 1334 791 τὰς
1348 760 1522 794 παρανόμους
1535 759 1623 785 αὐτῶν
1646 758 1759 793 πράξεις
1776 757 1897 785 συνεσεί-

1114 806 1163 840 σθη
1180 806 1226 832 καὶ
1242 804 1439 840 συνεταράχθη.
1458 805 1552 840 Ὅμως
1567 804 1590 830 δ’
1609 802 1654 830 οὖν
1676 803 1791 830 ἱκετεύει
1803 805 1817 830 6
1830 807 1897 840 προ-

1113 850 1300 886 φήτηςλέγων
1317 850 1390 885 ἑξῆς·
1408 860 1417 873 σ
1438 851 1525 876 Ἰασαι
1541 848 1573 875 τὰ
1592 848 1781 884 συντρίμματα
1800 848 1895 883 αὐτῆς,

1113 897 1152 923 ὅτι
1163 896 1284 931 ἐκινήθη.
1303 905 1311 920 ι
1328 895 1474 930 Κινηθεῖσα
1488 894 1541 929 γὰρ
1558 894 1604 921 καὶ
1623 894 1781 920 σαλευθεῖσα
1795 895 1846 929 τῆς
1858 894 1897 920 oi-

1114 941 1189 972 κείας
1206 940 1286 975 μονῆς
1298 939 1343 966 καὶ
1360 939 1501 974 στάσεως-ἡ
1517 939 1694 974 προλεχθεῖσα
1709 939 1754 973 γῆ,
1765 939 1895 974 συντρίμ-

1115 996 1186 1023 ματα
1202 987 1248 1014 καὶ
1261 987 1422 1022 κατάγματα
1437 986 1578 1020 ἐκτήσατο.
1604 985 1701 1020 Διόπερ
1723 984 1785 1020 ἑξῆς
1803 984 1894 1011 ἐπιλέ-

1113 1042 1189 1067 γεται
1199 1041 1205 1047 '
1227 1042 1236 1058 ‹
1251 1032 1374 1065 Ἐδειξας
1387 1031 1425 1067 τῷ
1438 1031 1495 1067 λαῷ
1506 1040 1552 1058 σου
1563 1031 1669 1067 σκληρά
1681 1040 1687 1046 ·
1707 1041 1716 1057 ι
1732 1031 1780 1058 καὶ
1792 1030 1895 1063 ποτίζει

1113 1078 1139 1104 δὲ
1156 1079 1252 1110 αὐτοὺς
1268 1076 1337 1105 οἶνον
1360 1078 1544 1110 κατανύξεως·
1571 1077 1599 1113 ἢ,
1615 1077 1684 1105 κατὰ
1697 1078 1742 1104 τὸν
1763 1076 1894 1108 Ἀκύλαν.

1117 1136 1125 1151 ι
1143 1123 1212 1151 οἶνον
1222 1123 1382 1160 καρώσεως·
1405 1134 1413 1150 ι
1428 1124 1456 1159 ἢ,
1474 1123 1543 1150 κατὰ
1557 1123 1602 1151 τὸν
1615 1123 1774 1159 Σύμμαχον,
1795 1133 1805 1150 ι
1824 1122 1896 1150 οἶνον

1114 1171 1204 1197 σάλου.
1222 1181 1230 1196 ι
1249 1171 1302 1196 Καὶ
1314 1170 1371 1197 ἐστι
1386 1179 1417 1204 γε
1430 1171 1515 1196 εἰπεῖν
1531 1171 1575 1196 τὸν
1588 1170 1642 1197 ἀπὸ
1656 1170 1709 1197 τῶν
1731 1170 1810 1197 θείων
1826 1171 1895 1206 Γρα-

1114 1216 1170 1251 φῶν
1183 1217 1261 1250 λόγον
1274 1237 1281 1248 ,
1294 1216 1449 1250 ἐλεγκτικὸν
1464 1217 1527 1243 ὄντα
1539 1216 1626 1243 αὐτῶν
1638 1217 1687 1252 τῆς
1710 1216 1749 1247 είς
1764 1217 1810 1243 τὸν
1825 1217 1894 1252 Χρι-

1114 1262 1174 1288 στὺν
1188 1261 1234 1287 τοῦ
1250 1260 1316 1288 Θεοῦ
1330 1262 1466 1293 ἀπιστίας,
1482 1260 1552 1288 οἶνον
1565 1262 1697 1297 ὑπάρχειν
1712 1261 1893 1296 κατανύξεως,

1113 1315 1190 1332 νυττο
1194 1307 1276 1341 μένης
1283 1306 1371 1333 αὐτῶν
1379 1307 1426 1333 καὶ
1434 1307 1652 1342 τιτρωσκομένης
1659 1307 1709 1342 τῆς
1717 1307 1896 1342 συνειδήσεως

1113 1352 1166 1378 ἀπὺ
1179 1351 1233 1378 τῶν
1257 1353 1321 1388 περὶ
1335 1352 1381 1378 τοῦ
1409 1353 1534 1388 Σωτῆρος
1553 1352 1739 1388 προφητειῶν·
1756 1352 1786 1385 ἐξ
1805 1353 1894 1379 αὐτῶν

1113 1406 1142 1423 τε
1156 1397 1209 1424 τῶν
1235 1398 1414 1433 περιεχόντων
1434 1398 1530 1430 αὐτοὺς
1551 1399 1718 1434 πραγμάτων
1734 1399 1781 1426 καὶ
1795 1399 1827 1425 ὲκ
1846 1398 1895 1434 τῆς

1112 1445 1165 1471 τῶν
1179 1444 1262 1471 ἐθνῶν
1270 1445 1446 1481 ἐπιστροφῆς.
1460 1446 1551 1472 Ταῦτα
1561 1446 1624 1480 γὰρ,
1638 1445 1688 1472 κᾶν
1700 1445 1894 1481 ἀπροσποίητο.

1113 1489 1182 1518 εἶναι
1193 1492 1317 1523 δοκῶσιν,
1333 1493 1405 1527 ὅμως
1413 1493 1462 1527 τὴν
1477 1492 1625 1527 συνείδησιν
1635 1491 1724 1518 αὐτῶν
1736 1491 1893 1528 τιτρώσκει,

1113 1538 1263 1574 σὸιήττοντα
1280 1539 1326 1565 καὶ
1343 1540 1381 1570 είς
1395 1539 1566 1574 συναίσθησιν
1576 1538 1673 1569 αὐτοὺς
1686 1538 1787 1572 ἄγοντα
1796 1538 1845 1573 τῆς
1855 1538 1895 1570 εἰς

1113 1585 1157 1611 τὸν
1172 1585 1285 1621 Σωτῆρα
1300 1584 1346 1611 καὶ
1362 1584 1462 1620 Κύριον
1477 1584 1554 1619 ἡμῶν
1567 1583 1704 1615 ἀπιστίας.
1733 1583 1803 1610 Ἀλλ’
1824 1584 1896 1611 ὲκείο

1113 1639 1168 1662 νοις
1188 1631 1236 1665 μὲν
1261 1631 1372 1657 τοιαῦτα
1387 1629 1491 1665 μέλλειν
1506 1629 1612 1656 ἔσεσθαι
1626 1629 1757 1662 θεσπίζει.
1780 1629 1849 1661 Τοὺς
1866 1629 1895 1656 δὲ

1115 1675 1258 1710 μέλλοντας
1270 1675 1444 1711 προστρέχειν
1460 1674 1497 1709 τῷ
1511 1674 1620 1710 Χριστῷ
1632 1675 1679 1701 τοῦ
1694 1674 1770 1708 Θεοῦ,
1789 1675 1836 1702 καὶ
1847 1675 1896 1711 τὴν

1113 1721 1147 1747 δι’
1157 1720 1238 1747 αὑτοῦ
1250 1721 1382 1756 σωτηρίαν
1398 1720 1606 1756 παραδέχεσθαι,
1616 1721 1821 1755 εὐαγγελίζεται
1833 1721 1896 1758 ἑξῆς

1113 1766 1215 1801 λέγων·
1239 1776 1248 1791 ι
1268 1767 1388 1799 Ἔδωκας
1408 1768 1463 1799 τοῖς
1487 1766 1663 1802 φοϐουμένοις
1690 1776 1720 1794 σε
1746 1768 1896 1803 σημείωσιν

1113 1812 1159 1838 τοῦ
1173 1814 1267 1847 φυγεῖν
1280 1813 1332 1839 ἀπὺ
1347 1813 1489 1849 προσώπου
1500 1813 1587 1846 τόξου.
1598 1823 1607 1839 ι
1625 1813 1702 1840 Κατὰ
1716 1813 1744 1840 δὲ
1758 1814 1804 1840 τὸν
1815 1804 1896 1841 Δ’Διεύ-

1114 1859 1175 1884 λαν·
1195 1867 1204 1883 ι
1227 1857 1347 1889 Ἔδωκας
1361 1878 1368 1889 ,
1387 1858 1451 1893 φησι
1463 1878 1470 1889 ,
1493 1859 1549 1890 τοῖς
1563 1857 1739 1894 φοϐουμένοις
1752 1866 1783 1884 σε
1797 1858 1897 1893 σύσση-

1116 1912 1175 1938 μον,
1188 1903 1233 1929 τοῦ
1248 1902 1422 1938 σημειοῦσθαι
1439 1903 1492 1930 ἀπὸ
1508 1903 1653 1938 προσώπου
1668 1903 1841 1940 βεϐαιότητος
1852 1913 1859 1920 ·
1882 1912 1893 1930 ι

1114 1949 1183 1975 κατὰ
1195 1948 1223 1975 δὲ
1237 1948 1281 1975 τὸν
1298 1948 1455 1984 Σύμμαχον·
1478 1959 1486 1975 ι
1506 1950 1629 1980 Ἐδωκας
1641 1951 1696 1982 τοῖς
1719 1950 1895 1985 φοϐουμένοις

1115 2003 1145 2021 σε
1158 1997 1278 2031 σημεῖον,
1294 1996 1333 2026 είς
1345 1995 1374 2021 τὸ
1386 1996 1514 2029 ἐκφυγεῖν
1527 1995 1580 2021 ἀπὸ
1600 1997 1745 2031 προσώπου
1761 1996 1894 2034 τοξεύμα-

1114 2050 1168 2073 τος.
1189 2051 1198 2067 ι
1215 2042 1245 2067 El
1260 2041 1308 2076 μὲν
1321 2039 1366 2067 οὖν
1378 2039 1447 2076 ἦσαν
1463 2041 1509 2067 καὶ
1518 2042 1542 2067 οἱ
1553 2041 1596 2068 διὰ
1610 2041 1664 2068 τῶν
1685 2041 1838 2079 ἔμπροσθεν
1851 2042 1895 2068 δε-

1114 2086 1261 2121 δηλωμένοι
1273 2085 1310 2120 τῷ
1328 2086 1430 2120 σημείῳ
1441 2085 1537 2119 τούτῳ,
1551 2086 1600 2111 οὐκ
1611 2085 1643 2111 ἂν
1652 2085 1827 2119 ἀπώσθησαν,
1840 2083 1894 2112 οὐδ’

1115 2134 1148 2161 ἂν
1162 2132 1362 2168 καθῃρέθησαν,
1377 2132 1430 2159 οὐδ’
1442 2132 1474 2159 ἄν
1489 2133 1520 2167 τῇ
1534 2132 1602 2167 ὀργῇ
1619 2132 1804 2168 παρεδόθησαν
1814 2141 1822 2148 ·
1836 2131 1894 2160 ἀλλ’

1115 2180 1174 2205 ἐπεὶ
1189 2179 1225 2214 μὴ
1239 2177 1424 2213 ἠϐουλήθησαν
1439 2177 1635 2210 καταδέξασθαι
1652 2177 1682 2204 τὸ
1698 2179 1828 2213 σωτήριον
1845 2186 1894 2213 ση-

1118 2226 1201 2260 μεῖον,
1225 2224 1334 2256 εἰκότως
1346 2224 1449 2254 τούτοις
1474 2223 1723 2259 περιπεπιῦκασιν.
1751 2225 1782 2250 Οἱ
1811 2225 1840 2252 δέ
1862 2232 1895 2259 γε

1116 2270 1274 2305 φοϐούμενοι
1285 2270 1330 2296 τὸν
1343 2269 1442 2304 Κύριον
1457 2268 1536 2304 (οὕτω
1549 2269 1577 2295 δὲ
1592 2269 1670 2296 εἴωθε
1685 2270 1776 2297 καλεῖν
1790 2271 1804 2297 ὁ
1818 2270 1895 2305 λόγος

1115 2318 1176 2348 τοὺς
1186 2317 1214 2349 ἐξ
1230 2316 1313 2342 ἐθνῶν
1327 2316 1510 2348 πιστεύοντας,
1521 2316 1558 2348 ὡς
1570 2316 1699 2348 πολλάκις
1710 2316 1755 2343 διὰ
1765 2317 1894 2344 πλειόνων

1116 2362 1276 2397 ἐδείξαμεν),
1288 2362 1413 2393 λαϐόντες
1427 2362 1456 2388 τὸ
1470 2363 1579 2397 σημεῖον
1590 2362 1757 2398 χρησάμενοί
1769 2371 1799 2389 τε
1810 2362 1894 2398 αὐτῷ,

1116 2409 1161 2435 καὶ
1175 2408 1245 2434 κατὰ
1258 2408 1303 2434 τοῦ
1321 2408 1465 2444 προσώπου
1482 2408 1701 2444 σφραγιζὸμενοι,
1716 2408 1830 2444 εὕραντο
1844 2417 1895 2444 φυ-

1115 2454 1165 2489 γὴν
1177 2454 1229 2480 ἀπὸ
1239 2453 1383 2489 προσώπου
1395 2454 1482 2487 τόξου,
1495 2454 1607 2490 μηδενὸς
1614 2454 1708 2490 νοητοῦ
1719 2456 1766 2482 καὶ
1779 2454 1894 2491 ἀοράτου

1116 2499 1244 2534 πολεμίου
1260 2499 1366 2534 βάλλειν
1380 2500 1477 2531 αὐτοὺς
1490 2500 1640 2535 τολμῶντος
1652 2500 1696 2527 διὰ
1710 2500 1741 2527 τδ
1755 2501 1895 2536 ἐπικείμε-

1116 2555 1159 2572 νον
1172 2546 1261 2577 αὖτοῖς
1274 2547 1383 2581 σημεῖον
1397 2546 1442 2572 καὶ
1450 2547 1505 2577 τοῖς
1517 2546 1639 2578 παλαιοῖς
1647 2546 1797 2581 δεδομένον.
1813 2547 1895 2574 Muni-

1117 2592 1166 2626 σῆς
1194 2592 1242 2627 μὲν
1262 2592 1315 2627 γὰρ
1328 2592 1376 2623 τὰς
1392 2592 1470 2625 φλιὰς
1484 2592 1537 2618 τῶν
1547 2592 1628 2619 οἴκων
1642 2591 1697 2619 τῶν
1718 2592 1895 2628 Ἰσραηλιτῶν

1116 2637 1211 2671 αἵματι
1232 2637 1278 2663 τοῦ
1293 2637 1427 2672 προϐάτου
1453 2637 1498 2663 τοῦ
1524 2638 1619 2673 Πάσχα
1643 2638 1893 2674 κατασημαίνεσθαι

1116 2683 1253 2715 διετάξατο
1264 2683 1304 2714 εἰς
1319 2683 1474 2718 ἀποτροπὴν
1486 2683 1532 2710 τοῦ
1555 2683 1714 2719 ὀλοθρευτοῦ
1725 2692 1733 2699 ·
1753 2685 1800 2711 καὶ
1815 2685 1845 2711 ἑν
1857 2682 1894 2720 τῷ

1123 2729 1244 2764 Ἐζεκιὴλ
1272 2729 1299 2755 δὲ
1312 2749 1319 2761 ,
1349 2729 1496 2765 μελλούσης
1514 2729 1690 2764 ἀφανίζεσθαι
1709 2730 1759 2766 τῆς
1782 2730 1894 2763 πόλεως,

1117 2775 1342 2810 ἁναγέγραπταιό
1355 2776 1420 2807 Θεὸς
1441 2776 1558 2811 είρηκὼς
1573 2777 1641 2812 πρὸς
1660 2777 1705 2804 τὸν
1723 2777 1892 2814 ἐνδεδυμένον

1117 2821 1161 2847 τὸν
1177 2821 1290 2857 ποδήρη,
1305 2822 1377 2852 ὅστις
1393 2822 1449 2848 ποτ’
1463 2819 1510 2857 ἦν·
1530 2831 1538 2847 ι
1549 2821 1640 2849 Δίελθε
1658 2822 1742 2859 μέσην
1753 2823 1804 2859 τὴν
1819 2822 1894 2850 πόλιν
