2064 3212
173 212 224 243 561

172 317 226 344 τῶν
236 314 341 350 ἀνδρῶν
362 314 416 342 τῶν
433 314 684 346 καταστεναξόντων
703 314 749 341 καὶ
771 314 825 341 τῶν
844 313 955 340 κατοδυ-

171 361 300 397 νωμένων
323 360 370 388 ἐπὶ
388 360 488 392 πάσαις
509 359 709 395 ταῖςάνομίαις
727 360 787 391 ταῖς
799 359 955 394 γινομέναις

172 410 200 435 ἐν
218 408 293 443 μέσῳ
309 407 408 433 αὐτῶν.
423 416 432 432 ι
450 404 505 432 Εἶθ’
520 406 622 442 ἑτέροις
641 405 736 441 ἐλέχθη
748 413 754 419 ’
774 415 782 430 ι
803 404 953 440 Πορεύεσθε

170 455 210 486 εἰς
227 453 276 489 τὴν
293 453 369 480 πόλιν
384 452 471 478 ὀπίσω
486 452 584 484 αὑτοῦ,
606 452 652 478 καὶ
668 452 780 478 κόπτετε
791 459 797 465 “
817 450 853 486 μὴ
868 450 954 485 φείδε-

171 498 218 525 σθε
230 500 286 530 τοῖς
300 497 448 533 ὀφθαλμοῖς
464 497 552 533 ὑμῶν,
565 497 611 524 καὶ
629 497 666 532 μὴ
689 497 815 532 ἐλεήσητε
834 495 952 531 πρεσϐύ-

167 552 248 579 τερον
265 543 312 569 καὶ
332 543 483 574 νεανίσκον,
500 543 547 570 καὶ
561 543 644 577 νήπια
666 543 712 569 καὶ
733 542 866 578 παρθένον
877 562 884 573 ,
907 543 953 569 καὶ

168 591 300 624 γυναῖκας
314 589 490 616 ἀποκτείνατε
505 589 545 620 είς
563 588 697 623 ὲξάλειψιν
711 598 716 604 ·
732 589 777 616 ἐπὶ
804 588 832 615 δὲ
851 589 953 620 πάντας

167 635 211 668 ἐφ’
226 634 273 666 οὖς
295 635 353 661 ἐστι
377 634 406 660 τὸ
422 635 532 669 σημεῖον
549 634 585 669 μὴ
600 634 737 668 ὲγγίσητε,
762 634 808 660 καὶ
830 634 883 660 ἀπὸ
900 633 953 659 τῶν

167 680 253 714 ἁγίων
275 688 324 715 μου
341 678 467 715 ἀρξασθε.
488 688 496 704 ι
520 679 601 714 Ὁρᾷς
613 679 685 710 ὅπως
700 679 723 705 ot
742 678 790 713 μὲν
804 678 951 704 ἀπώλοντο·

166 726 192 752 οί
208 726 237 752 δὲ
255 725 284 752 τὸ
302 726 412 760 σημεῖον
435 725 482 751 ἐπὶ
494 724 540 750 τοῦ
559 725 683 760 μετώπου
708 724 834 760 φέροντες
860 723 952 750 διεσώ-

167 772 262 804 ζοντο;
278 770 392 797 τοιοῦτοί
408 779 480 801 τινες
489 768 558 806 ἦσαν
574 770 621 796 καὶ
632 770 677 801 οὒς
692 771 707 806 ἡ
723 771 847 806 παροῦσα
860 769 953 804 στηλο-

166 818 272 854 γραφία
285 817 432 853 παρίστησι
453 817 584 851 λέγουσα’
603 826 611 841 ι
631 817 753 847 Ἐδωκας
778 817 834 848 τοῖς
858 817 952 850 φοϐου-

166 864 259 899 μένοις
270 872 299 890 es
312 863 460 898 σημείωσιν
469 862 515 889 τοῦ
525 864 619 897 φυγεῖν
630 863 683 889 ἀπὸ
692 861 837 897 προσώπου
847 861 932 894 τόξου·
940 871 948 887 ι

164 909 196 936 οὐ
211 909 266 945 γὰρ
276 909 313 944 τῷ
333 908 439 944 Ἰσραὴλ
450 929 457 941 ,
469 909 561 943 φησὶν,
577 908 689 939 ἔδωκας,
703 907 771 934 ἀλλὰ
788 909 843 939 τοῖς
859 908 951 941 φοϐου-

166 953 258 990 μένοις
279 963 318 981 σε,
336 954 394 980 ’Ότι
409 954 437 979 δὲ
453 954 512 985 ἕθος
526 953 583 980 ἐστὶ
596 954 628 988 τῇ
649 953 800 987 προφητείᾳ
821 951 954 986 φοϐουμέ-

164 1009 226 1032 νους
239 1001 284 1027 τὸν
304 1000 405 1036 Κύριον
417 1000 507 1026 καλεῖν
522 1001 584 1031 τοὺς
600 999 630 1032 ἐξ
649 998 732 1025 ἐθνῶν
748 999 792 1024 ἐπὶ
817 998 861 1023 τὸν
883 997 948 1023 Θεὸν

736 211 988 241 COMMENTARIA
1004 211 1038 238 lN
1056 210 1224 242 PSALNOS.
1470 236 1475 238 _

172 270 221 306 τὴν
243 268 430 305 Ἰερουσαλὴμ,
446 269 492 296 καὶ
505 268 549 301 δὸς
564 267 599 295 τὰ
616 270 716 305 σημεῖα
730 269 776 295 ἐπὶ
792 269 825 295 τὰ
839 268 946 304 μέτωπα

1007 268 1133 295 mulieres
1151 267 1268 296 occidite
1278 267 1312 295 ad
1329 268 1541 297 internecionem
1559 278 1567 298 :
1587 268 1622 299 ad
1636 277 1685 299 eos
1698 275 1788 297 autem

1270 156 1329 192 sq

1738 213 1791 241 562

1004 322 1088 349 super
1101 321 1171 349 quos
1181 318 1224 342 est
1249 314 1356 350 signant
1373 323 1407 344 ne
1423 316 1571 348 acoedatis.
1597 321 1623 344 et
1645 324 1660 344 ιι
1684 316 1790 345 salictis

1004 360 1072 387 meis
1086 360 1197 396 incipite
1211 360 1231 386 ³.
1253 370 1262 386 ι
1280 359 1376 387 Viden‘
1392 369 1446 396 quo
1460 366 1540 396 pacto
1556 362 1600 389 alii
1613 362 1724 397 quidem
1741 370 1790 389 oc-

1003 406 1072 439 cisi;
1089 407 1108 433 ii
1132 415 1197 434 vero
1211 407 1256 442 qui
1275 407 1381 441 signum
1406 408 1433 435 in
1456 408 1544 436 fronte
1568 409 1668 437 ferrent
1686 409 1788 438 servati

1004 449 1125 477 fuerint?
1139 450 1219 478 Tales
1248 451 1266 477 ii
1290 456 1379 484 erant,
1400 460 1469 487 quos
1485 452 1541 479 haec
1556 453 1626 480 tituli
1644 454 1786 488 inscriptio

1003 496 1105 523 indicat
1116 496 1159 535 bis
1174 498 1265 525 verbis
1284 507 1291 525 :
1309 507 1317 523 ι
1335 498 1434 526 Dedisti
1452 499 1635 526 metuentibus
1646 504 1670 526 te
1683 501 1786 534 signiﬁ-

1003 542 1149 574 cationem.
1163 548 1193 570 ut
1209 542 1314 578 fugiant
1328 552 1342 570 a
1356 544 1424 572 facie
1439 552 1530 572 arcus.
1552 554 1560 570 I
1576 545 1634 572 Non
1649 546 1720 573 enim
1735 546 1783 577 ait.

1004 589 1098 616 lsraeli
1115 589 1224 621 dedisti,
1244 590 1290 617 sed
1307 590 1464 618 timentibus
1481 594 1517 618 te.
1532 590 1609 624 Quod
1621 595 1709 618 autem
1723 599 1786 626 pro-

1003 633 1099 668 phetia:
1110 639 1270 662 consuetum
1289 635 1324 662 sit
1335 636 1460 663 timentes
1473 635 1614 663 Dominum
1630 643 1727 664 vocare
1737 644 1786 664 eos

1003 688 1035 707 ex
1047 680 1184 715 gentibus,
1199 681 1245 716 qui
1261 681 1294 707 ad
1320 680 1402 708 Dentri
1420 681 1610 716 confugerunt,
1627 682 1785 717 plerumque

1003 726 1259 759 demonstravimus.
1276 727 1315 754 uti
1329 735 1411 762 supra
1424 726 1525 754 dictum
1535 731 1586 755 est.
1602 728 1785 760 Quemadmo-

1002 770 1065 798 dum
1084 772 1167 806 igitur
1183 773 1406 800 extermiualoris
1433 773 1537 808 plagas,
1555 774 1633 809 signo
1644 775 1785 810 sanguinis

1002 817 1055 849 usi,
1073 817 1212 853 fugiebant
1226 819 1272 853 qui
1292 818 1318 845 in
1336 818 1452 853 Egypto
1476 824 1554 846 erant
1577 820 1597 851 °,
1623 820 1716 848 eadem
1741 828 1784 847 ra-

1002 863 1076 889 tione
1087 864 1119 890 ad
1134 864 1310 891 avertendum
1321 864 1499 891 humanarum
1515 865 1666 892 animarum
1679 866 1783 894 hostem

1000 913 1027 934 et
1044 908 1193 941 inimicum,
1210 909 1255 944 qui
1273 910 1342 937 solet
1352 917 1398 937 cas
1412 910 1471 937 telis
1487 910 1625 945 impetere,
1644 916 1671 938 et
1685 912 1711 938 iu
1728 912 1784 939 ido-

1002 953 1116 981 lolatriae
1133 962 1253 982 errorem
1265 955 1410 986 deducere,
1423 955 1530 989 signum
1547 955 1591 981 hic
1604 961 1782 983 memoratum

1002 1000 1185 1027 metuentibus
1198 1000 1340 1027 Dominum
1358 1000 1485 1026 collatum
1497 1005 1549 1028 est.

164 1046 397 1081 καταφεύγοντας,
413 1045 541 1076 πολλάκις
561 1044 751 1078 ἀπεδείξαμεν,
765 1043 854 1074 καθὼς
874 1043 1040 1078 προείρηται.
1056 1045 1159 1081 Ὥσπερ
1178 1044 1223 1072 οὖν
1243 1046 1296 1072 ἀπὸ
1318 1045 1462 1079 προσώπου
1487 1046 1533 1073 τοῦ
1553 1046 1711 1082 ὀλοθρευτοῦ
1742 1047 1782 1074 δι-

163 1093 264 1127 έφυγον
283 1101 348 1119 ποτε
367 1093 390 1118 οἱ
404 1092 432 1117 ὲν
446 1091 574 1125 Αἰγύπτῳ
589 1090 637 1122 τὰς
653 1089 758 1124 πληγὰς
771 1109 778 1119 ,
800 1089 949 1124 χρήσαντες
968 1088 1006 1123 τῷ
1020 1091 1124 1125 σημείῳ
1157 1091 1202 1117 τοῦ
1222 1091 1344 1126 αἵματος,
1361 1093 1406 1119 τὸν
1425 1092 1505 1118 αὐτὸν
1524 1093 1622 1128 τρόπον
1644 1093 1684 1124 εις
1715 1093 1783 1120 ἀπο-

161 1137 331 1174 τροπιασμὸν
342 1137 388 1164 τοῦ
400 1137 529 1172 πολεμίου
543 1136 588 1162 καὶ
599 1134 694 1170 ἐχθροῦ
707 1134 761 1160 τῶν
789 1133 964 1169 ἀνθρωπίνων
983 1134 1086 1168 ψυχῶν,
1101 1135 1147 1161 τοῦ
1164 1136 1281 1168 τοξεύειν
1297 1137 1343 1164 καὶ
1358 1137 1536 1165 καταῆάλλειν
1557 1132 1640 1169 αὑτὰς
1658 1138 1705 1164 ἐπὶ
1731 1138 1782 1174 τὴν

162 1186 213 1221 τῆς
225 1185 444 1221 είδωλολατρείας
457 1184 560 1219 πλάνην
581 1183 713 1214 εἰωθότος,
745 1182 847 1209 δέδοται
862 1182 891 1208 τὸ
910 1182 1053 1217 λεγόμενον
1067 1184 1181 1211 ἐνταῦθα
1205 1187 1315 1220 σημεῖον
1335 1187 1391 1218 τοῖς
1413 1187 1590 1221 φοϐουμένοις
1604 1187 1650 1213 τὸν
1668 1187 1779 1223 Κύριον.

203 1244 211 1259 ι
233 1234 327 1265 Ὅπως
346 1234 378 1260 ἃν
397 1232 530 1269 ῥυσθῶσιν
544 1232 568 1258 οἱ
583 1230 717 1265 ἀγαπητοί
735 1238 792 1262 σου,
816 1230 900 1256 σῶσον
915 1231 947 1264 τῇ

161 1279 237 1315 δεξιᾷ
248 1288 306 1309 σου.
318 1279 365 1306 καὶ
379 1278 529 1305 ἐπάκουσον
542 1286 602 1313 μου.
619 1287 628 1302 ›
641 1277 733 1304 Ταῦτα
745 1277 791 1302 καὶ
802 1276 834 1302 τὰ
846 1275 950 1306 τούτοις

162 1325 296 1353 ἀκόλουθα
313 1326 393 1361 μέχρι
407 1325 452 1351 τοῦ
473 1325 565 1355 τέλους
584 1324 630 1350 καὶ
648 1324 662 1350 6
686 1322 723 1358 ρξ’
742 1322 863 1357 περιέχει
878 1321 947 1356 ψαλ-

163 1372 222 1407 μός.
243 1371 312 1397 Ἀλλ’
331 1372 358 1397 ὲν
374 1371 422 1405 μὲν
435 1371 492 1401 τοῖς
506 1369 695 1405 προκειμένοις
715 1368 748 1394 τὰ
768 1367 948 1403 προλεχθέντα

161 1416 297 1452 ἀποϐολὴν
308 1416 402 1451 ὲδήλου
420 1415 468 1442 τοῦ
490 1415 598 1450 Ἰσραήλ
609 1424 615 1430 ·
640 1414 686 1441 τοῦ
703 1414 741 1449 ρξ’
756 1414 790 1440 τὰ
812 1413 865 1449 πρὸ
886 1413 947 1440 τού-

161 1472 220 1494 του,
236 1473 245 1488 ι
255 1462 328 1493 ὅπως
336 1461 367 1488 ἂν
377 1460 510 1496 ρυσθῶσιν
516 1462 539 1487 οἱ
551 1460 686 1496 ἀγαπητοί
695 1469 741 1487 σου
754 1469 763 1486 ι
772 1459 879 1486 καὶτῶν
891 1460 948 1485 ἐπι-

161 1510 334 1545 φερομένων,
353 1511 425 1545 σαφῆ
442 1509 536 1544 κλῆσιν
552 1509 637 1536 ἐθνῶν
659 1509 790 1541 θεσπίζει.
806 1508 948 1544 Προειπὼν

1034 1231 1116 1259 Vens.
1132 1232 1157 1260 7.
1174 1242 1183 1258 ‹
1197 1232 1231 1260 Ut
1254 1233 1402 1261 liberentur
1415 1234 1507 1261 dilecti
1535 1235 1585 1266 tui.
1614 1235 1718 1262 salvum
1737 1236 1779 1262 fac

997 1277 1108 1305 dextera
1120 1281 1177 1310 tua,
1195 1283 1222 1305 et
1246 1279 1342 1306 exaudi
1360 1287 1412 1306 me.
1435 1288 1445 1306 ι
1463 1279 1524 1307 lla-c
1544 1284 1570 1307 et
1585 1281 1727 1313 sequentia
1745 1282 1778 1308 ad

998 1322 1077 1349 ﬁnem
1096 1331 1181 1358 usque
1192 1331 1245 1351 cvn
1259 1324 1319 1351 item
1337 1325 1458 1360 psalmus
1472 1326 1669 1360 complectitur.
1689 1325 1740 1353 Sed
1753 1327 1779 1352 in

997 1370 1123 1403 praesenti
1135 1378 1194 1405 qua:
1209 1372 1347 1405 pra-missa
1360 1375 1433 1403 sunt,
1450 1371 1629 1406 abjectionem
1653 1371 1778 1404 lsraelis;

997 1422 1056 1449 qua:
1068 1415 1162 1442 isthaze
1176 1416 1258 1442 verba
1273 1416 1370 1451 psalmi
1385 1424 1451 1448 cvn,
1470 1426 1480 1442 ί
1498 1422 1526 1443 ut
1550 1417 1701 1443 liberentur
1714 1417 1779 1443 dile-

995 1461 1031 1487 cti
1050 1461 1099 1493 tui,
1119 1470 1128 1486 ι
1146 1464 1172 1488 et
1188 1462 1329 1496 sequentia
1350 1462 1514 1496 praecedunt.
1527 1463 1696 1488 vocationem
1716 1469 1778 1497 geu-

996 1506 1062 1533 tium
1090 1507 1234 1534 manifeste
1250 1507 1444 1535 valicinantnr.
1472 1507 1539 1534 Nam
1555 1515 1617 1534 cum
1632 1508 1659 1535 in
1673 1508 1778 1543 psalmo

160 1558 216 1592 γὰρ
228 1557 243 1583 6
261 1556 337 1590 λόγος
348 1557 377 1582 ὲν
394 1555 432 1590 τῷ
453 1555 501 1591 ρξ’,
520 1565 529 1581 ‹
560 1555 669 1590 Ἐτοίμη
693 1556 708 1590 ἡ
728 1554 825 1589 καρδία
851 1563 917 1589 μου,
932 1555 946 1580 ὀ

997 1559 1050 1578 cvn
1064 1550 1189 1583 dixisset,
1207 1561 1216 1575 ι
1238 1551 1364 1578 Paratum
1377 1559 1424 1578 cor
1441 1560 1541 1583 meum.
1554 1551 1635 1586 Deus,
1651 1557 1775 1587 paratum

160 1602 238 1634 Θεὸς,
257 1601 352 1637 ἑτοίμη
367 1602 384 1637 ἡ
404 1602 501 1637 καρδία
519 1610 567 1636 μου
581 1611 588 1616 ·
606 1601 705 1637 ᾄσομαι
722 1601 769 1627 καὶ
786 1599 872 1634 ψαλῶ.
892 1600 947 1632 Ἐξ-

161 1647 298 1683 εγέρθητι,
315 1648 331 1682 ἡ
346 1648 409 1680 δόξα
425 1656 485 1682 μου,
501 1647 666 1682 ὲξεγέρθητι,
681 1646 826 1681 ψαλτήριον
840 1646 884 1672 καὶ
906 1654 946 1672 κι-

161 1694 242 1730 θάρα,
260 1692 473 1730 ὲξεγερθήσομαι
489 1694 597 1728 ὄρθρου,
616 1703 625 1718 ι
642 1692 765 1728 ἐπιφέρει
777 1701 783 1708 ”
805 1701 814 1718 ι
838 1692 945 1727 Ἐξομο-

160 1739 311 1775 λογήσομαί
324 1748 364 1766 σοι
380 1741 408 1766 ὲν
425 1739 508 1771 λαοῖς,
527 1739 622 1774 Κύριε,
638 1739 714 1773 ψαλῶ
726 1747 764 1765 σοι
779 1739 807 1765 ὲν
818 1738 924 1768 ,ἔθνεσιν
937 1746 943 1753 ·

128 1810 134 1816 .
161 1787 201 1812 ὅτι
228 1785 299 1820 μέγα
328 1785 419 1812 ἐπάνω
439 1785 493 1812 τῶν
507 1785 629 1819 οὐρανῶν
650 1785 680 1811 τὸ
704 1784 777 1816 ἔλεός
791 1793 847 1816 σου,
865 1785 942 1819 καὶὴ

159 1831 273 1868 ἀλήθειά
299 1840 344 1858 σου
361 1831 413 1863 ἕως
432 1831 486 1857 τῶν
499 1831 626 1865 νεφελῶν.
657 1829 792 1865 ’Υψώθητι
820 1830 866 1856 ἐπὶ
883 1830 945 1861 τοὺς

159 1879 300 1914 οὐρανοὺς,
326 1879 339 1904 6
358 1878 439 1910 Θεὸς,
458 1878 504 1904 καὶ
519 1877 564 1903 ἐπὶ
579 1878 668 1904 πὶσαν
690 1877 738 1912 τὴν
761 1878 811 1912 γῆν
837 1878 853 1912 ἠ
883 1877 944 1910 δόξα

159 1933 218 1951 σου.
236 1934 246 1950 ι
263 1922 318 1950 Εἶτ’
339 1924 458 1957 ἐπιλέγει
480 1923 514 1949 τὰ
530 1925 558 1950 ὲν
574 1923 612 1958 τῷ
635 1923 703 1959 μετὰ
720 1925 812 1958 χεῖρας
836 1923 945 1958 προκεί-

161 1979 229 2006 μενα
246 1969 331 2005 λόγῳ·
352 1979 361 1995 ‹
380 1970 474 2001 Ὅπως
487 1969 520 1996 ἂν
533 1969 665 2005 ῥυσθῶσιν
684 1969 709 1995 oi
730 1969 865 2003 ἀγαπητοί
886 1977 943 2000 σου,

159 2016 246 2042 σῶσον
264 2017 298 2051 τῇ
313 2015 388 2051 δεξιᾷ
401 2024 459 2047 σου,
475 2016 522 2042 καὶ
545 2015 696 2042 ἐπάκουσον
718 2024 768 2050 μου
782 2035 789 2047 ,
811 2024 820 2040 ι
839 2015 886 2041 καὶ
910 2014 944 2041 τὰ

157 2062 238 2089 λοιπὰ
256 2061 407 2097 συμφώνως
422 2063 476 2093 τοῖς
488 2061 684 2097 προκειμένοις,
707 2062 812 2097 Σφόδρα
823 2061 850 2087 δὲ
864 2060 944 2087 ἐθαύ-

159 2116 233 2143 μασα
243 2107 290 2134 τοῦ
306 2107 383 2141 ἁγίου
401 2107 558 2142 Πνεύματος
572 2107 621 2142 τὴν
636 2107 790 2142 οίκονσμίαν
801 2116 807 2121 ·
823 2107 875 2133 ἀπὸ
889 2106 943 2141 γὰρ

156 2154 203 2181 δύο
220 2153 423 2189 στηλογραφιῶν
439 2153 486 2179 ἓνα
498 2152 603 2187 ψαλμὸν
619 2153 761 2187 πεποίηκε,
778 2152 822 2178 τὸν
838 2152 885 2187 ρξ’.
904 2152 943 2178 T‘z

158 2201 206 2235 μὲν
221 2199 276 2235 γὰρ
290 2200 395 2236 πρῶτα,
413 2200 442 2225 ὲν
458 2197 498 2230 οἷς
515 2199 638 2232 ἐλέγετο·
659 2208 667 2223 ι
694 2198 830 2232 Ἑτοίμηὴ
845 2199 942 2233 καρδία

158 2254 219 2280 μου,
226 2247 240 2272 6
248 2245 324 2278 Θεὸς,
335 2245 423 2272 καὶτὰ
432 2245 505 2279 ἑξῆς,
515 2245 568 2270 ἀπὸ
576 2244 625 2279 τῆς
634 2244 681 2270 τοῦ
691 2247 733 2275 νς¹
742 2244 941 2278 στηλογραφίας

155 2291 202 2318 τοῦ
210 2291 291 2318 Δαυῖδ
303 2291 409 2323 ἐξελὼν,
418 2289 471 2328 ἓ.νῇ
482 2291 529 2317 καὶ
543 2291 610 2325 αὐτῇ
623 2290 740 2316 λέλεκτο·
751 2290 867 2325 έτοίμηή
877 2298 942 2324 καρο

153 2337 196 2363 δια
207 2345 267 2371 μου,
276 2337 290 2362 6
297 2336 372 2368 Θεὸς.
383 2336 475 2371 ἑτοίμη
483 2336 499 2371 ἡ
508 2335 602 2371 καρδία
612 2341 671 2370 μουσ
681 2334 778 2370 ᾄσομαι
785 2334 831 2360 καὶ
838 2334 923 2368 ψαλῶ,
932 2345 940 2360 ι

155 2382 202 2407 καὶ
217 2380 252 2407 τὰ
265 2380 447 2415 ἐπιλεγόμενα
461 2380 482 2406 δ’
494 2380 558 2414 ἑξῆς
575 2378 725 2414 συμφώνως
740 2380 796 2410 τοῖς
809 2381 838 2406 ὲν
850 2379 888 2414 τῷ
902 2380 941 2415 ρξ’

156 2423 238 2458 μέχρι
249 2424 312 2450 ro";-
327 2433 337 2449 ι
360 2423 495 2459 ’Υψώθητι
515 2424 561 2450 ἐπὶ
574 2425 646 2455 -τοὺς
661 2424 790 2459 οὐρανοὺς
803 2444 810 2456 ,
832 2424 846 2450 6
863 2424 939 2456 Θεὸς,

154 2469 200 2495 καὶ
217 2469 264 2496 ἐπὶ
281 2470 371 2496 πᾶσαν
381 2469 430 2504 τὴν
442 2469 493 2504 γῆν
506 2470 522 2505 ἡ
535 2469 597 2502 δόξα
615 2478 676 2495 σου·
698 2480 706 2495 ι
729 2469 762 2495 τὰ
781 2469 808 2495 δὲ
828 2469 940 2505 δεύτερα

152 2514 187 2540 τὰ
204 2515 260 2542 ἀπὺ
272 2515 330 2546 τοῦ,
349 2525 358 2540 ι
381 2515 474 2546 Ὅπως
490 2515 522 2541 ἂν
541 2515 673 2550 ρυσθῶσιν
688 2516 711 2541 οἰ
727 2515 862 2550 ἀγαπητοί
881 2524 938 2548 σου,

154 2559 242 2586 σῶσον
255 2561 289 2595 τῇ
297 2560 372 2595 δεξιᾷ
389 2569 435 2587 σου
445 2561 492 2587 καὶ
505 2560 656 2587 ἐπάκουσον
673 2570 750 2596 pou,»
768 2561 816 2587 σὺν
829 2562 885 2593 τοῖς
898 2562 942 2597 μέ-

153 2616 199 2642 χρι
215 2607 310 2639 τέλους
322 2607 548 2642 ὲπενηνεγμένοις
570 2607 624 2634 ἀπὸ
631 2608 679 2642 τῆς
692 2606 760 2642 μετὰ
770 2608 863 2642 χεῖρας
878 2616 941 2643 στη-

154 2651 314 2688 λογραφίας,
334 2652 504 2683 διδάσκοντος
521 2653 593 2687 ἡμᾶς
610 2652 680 2678 θείου
698 2651 853 2687 ιῐνεύματος
877 2652 940 2687 μίαν

154 2697 201 2723 καὶ
225 2697 275 2733 τὴν
290 2698 373 2734 αὐτὴν
387 2698 505 2726 διάνοιαν
527 2699 693 2735 ὲμφέρεσθαι
714 2700 744 2725 ὲν
764 2699 938 2734 ἀμφοτέροις.

161 2742 204 2769 Ἐν
219 2743 268 2778 μὲν
286 2743 339 2778 γὰρ
353 2743 392 2778 τῷ
405 2747 448 2776 νς¹
470 2744 715 2779 ἐξομολογήσασθαι
735 2743 773 2779 τῷ
794 2743 888 2779 Κυρίῳ
911 2744 940 2769 έν

155 2787 229 2819 λαοῖς
242 2788 290 2815 καὶ
302 2787 412 2822 ψάλλειν
427 2789 501 2824 αὐτῷ
515 2790 544 2816 ἐν
561 2789 666 2815 ἔθνεσιν
685 2788 873 2824 εὐηγγελίζετο
884 2797 890 2802 ·
911 2789 939 2814 ἐν

155 2830 182 2856 δὲ
199 2831 238 2867 τῷ
258 2832 327 2867 μετὰ
343 2834 436 2869 χεῖρας
451 2833 585 2869 ἀποϐολὴν
603 2833 730 2869 σημαίνει
749 2833 795 2860 τοῦ
822 2833 938 2869 Ἰσραὴλ,

192 2933 202 2949 ¹
220 2933 318 2962 Ezecli.
332 2942 369 2966 Ix,
382 2934 408 2967 5,
424 2934 451 2963 6.
475 2935 577 2963 'Exod.
588 2944 635 2969 xtl,
646 2935 672 2963 7.
693 2936 713 2953 "
722 2935 794 2964 Psal.
806 2943 873 2970 cvtl,
889 2935 950 2970 2,5.

997 1605 1044 1624 cor
1057 1605 1158 1628 meum,
1168 1598 1284 1624 cantabo
1297 1601 1323 1625 et
1334 1598 1458 1633 psallam.
1471 1597 1603 1633 Exsurge,
1612 1599 1696 1634 gloria
1706 1606 1776 1631 mea,

996 1651 1122 1679 exsurge.
1153 1643 1310 1678 psalterium
1328 1649 1354 1671 et
1378 1643 1494 1675 cithara.
1512 1652 1656 1679 exsurgam
1675 1645 1777 1672 dilucu~

997 1690 1021 1716 lo
1037 1690 1068 1722 ¹θ,
1085 1700 1094 1715 ι
1108 1689 1202 1724 adjicit
1220 1698 1226 1715 :
1247 1699 1256 1715 ‹
1275 1689 1430 1717 Conlitebor
1442 1690 1490 1716 tibi
1503 1690 1529 1717 in
1555 1691 1674 1726 populis,
1686 1690 1779 1719 Domi-

996 1744 1039 1766 ne,
1053 1736 1165 1770 psallam
1181 1735 1228 1762 tibi
1254 1736 1282 1762 in
1297 1736 1422 1771 gentibus
1438 1743 1443 1761 :
1460 1736 1588 1770 quoniam
1618 1744 1715 1772 magna
1736 1742 1778 1764 est

996 1790 1077 1816 super
1091 1782 1176 1809 cmlos
1192 1781 1378 1808 misericordia
1395 1787 1450 1814 tua,
1466 1786 1493 1809 et
1517 1782 1618 1810 veritas
1634 1787 1679 1810 tua
1691 1791 1778 1818 usque

995 1826 1028 1853 ad
1047 1826 1141 1854 nubes.
1159 1826 1284 1853 Exaltare
1301 1834 1383 1861 super
1406 1827 1500 1859 malos,
1534 1826 1617 1860 Deus,
1642 1833 1668 1855 et
1695 1836 1778 1863 super

995 1879 1102 1899 omnem
1115 1878 1213 1899 terram
1240 1872 1325 1907 gloria
1343 1875 1389 1898 tua
1405 1872 1437 1897 “.
1461 1881 1471 1897 ι
1499 1872 1599 1900 Deinde
1631 1872 1724 1907 adjicit
1743 1881 1775 1900 ea

996 1925 1055 1952 qua:
1067 1919 1094 1945 in
1110 1918 1235 1953 prmsenti
1255 1918 1401 1944 feruntur:
1421 1926 1430 1942 ε
1456 1916 1491 1944 Ut
1517 1917 1666 1945 liberentur
1687 1918 1776 1946 dilecti

995 1965 1044 1996 tui,
1060 1965 1163 1992 salvum
1181 1964 1224 1991 fac
1239 1964 1350 1994 dextera
1362 1969 1418 1997 tua,
1433 1968 1460 1991 et
1485 1964 1582 1991 exaudi
1607 1972 1650 1991 me
1664 1966 1696 1996 ",
1713 1974 1722 1990 ι
1749 1969 1777 1992 et

994 2015 1091 2037 czctera
1108 2009 1288 2044 praesentibus
1303 2010 1412 2037 similia.
1436 2009 1591 2037 Admodum
1609 2018 1672 2037 vero
1684 2010 1777 2038 mirari

995 2055 1067 2083 subit
1089 2054 1207 2089 Spiritus
1235 2055 1323 2082 sancti
1346 2055 1577 2090 dispensationem
1598 2063 1652 2083 :ex
1670 2056 1777 2083 duabus

996 2109 1111 2135 namque
1133 2101 1202 2127 tituli
1215 2100 1440 2135 inscriptionibus
1458 2109 1541 2128 unum
1565 2102 1699 2137 psalmum
1715 2110 1779 2130 con-

994 2147 1123 2179 cinnavit,
1142 2147 1247 2175 scilicet
1261 2154 1324 2174 cvu.
1339 2147 1431 2174 Priora
1441 2149 1523 2178 enim.
1534 2156 1594 2183 qum
1605 2149 1644 2175 sic
1661 2148 1775 2175 habent:

998 2203 1006 2219 ι
1024 2194 1151 2221 Paratum
1167 2202 1215 2221 cor
1230 2202 1330 2225 meum,
1346 2194 1428 2226 Deus,
1445 2204 1454 2220 ι
1472 2200 1498 2222 et
1521 2199 1629 2227 caetera,
1655 2203 1687 2222 ex
1705 2196 1776 2222 tituli

996 2239 1172 2274 inscriptione
1188 2240 1295 2268 Davidis
1309 2248 1353 2267 va
1377 2241 1538 2275 exsumpsit,
1552 2241 1579 2267 in
1593 2248 1646 2275 qua
1658 2241 1720 2267 item
1735 2241 1777 2267 di-

996 2288 1068 2311 ctum
1087 2284 1174 2312 fuerat
1189 2295 1195 2310 :
1214 2294 1222 2310 ‹
1242 2285 1367 2313 Paratum
1384 2294 1431 2313 cor
1443 2294 1542 2317 meum,
1557 2285 1636 2318 Deus,
1651 2291 1776 2320 paratum

996 2337 1044 2356 cor
1057 2337 1157 2362 meum,
1170 2330 1286 2356 cantabo
1300 2334 1327 2357 et
1344 2330 1476 2364 psalmum
1493 2330 1580 2356 dicam
1600 2329 1631 2362 ",
1653 2339 1661 2354 ι
1679 2333 1705 2355 et
1717 2337 1777 2362 qua:

995 2379 1156 2410 sequuntur,
1173 2375 1206 2402 iis
1222 2383 1281 2410 quae
1301 2375 1327 2402 in
1344 2383 1397 2402 cvn
1425 2375 1549 2402 feruntur
1562 2375 1673 2405 similia.
1690 2382 1777 2409 usque

995 2421 1028 2448 ad
1045 2421 1121 2452 illud.
1135 2431 1144 2446 ι
1158 2420 1282 2448 Exaltare
1297 2429 1378 2455 super
1389 2422 1484 2452 cados,
1497 2421 1578 2452 Deus.
1588 2425 1614 2448 et
1630 2429 1711 2456 super
1721 2428 1777 2447 om-

995 2475 1058 2494 nem
1076 2471 1176 2493 terram
1195 2466 1278 2500 gloria
1291 2470 1336 2492 tua
1352 2466 1374 2481 “
1390 2475 1397 2493 :
1418 2476 1427 2492 ι
1457 2465 1608 2500 posteriora
1636 2470 1726 2493 autem
1743 2466 1778 2492 ab

994 2513 1051 2545 illo,
1069 2521 1078 2537 ι
1101 2511 1136 2539 Ut
1151 2512 1301 2538 liberentur
1314 2510 1406 2538 dilecti
1418 2511 1467 2543 tui,
1485 2511 1588 2538 salvum
1606 2511 1648 2538 fac
1665 2511 1776 2539 dextera

993 2562 1049 2590 tua,
1066 2561 1093 2584 et
1107 2557 1203 2584 exaudi
1216 2564 1269 2588 me,
1295 2566 1304 2582 ι
1319 2564 1381 2583 cum
1397 2556 1430 2583 iis
1458 2563 1518 2591 qua:
1545 2555 1577 2582 ad
1592 2556 1671 2583 linem
1691 2565 1777 2591 usque

992 2605 1136 2635 habentur,
1152 2612 1183 2631 ex
1199 2604 1325 2638 praesenti
1346 2603 1416 2630 tituli
1442 2603 1621 2638 inscriptione
1637 2607 1777 2631 mutuatus

991 2650 1175 2683 est;docente
1187 2658 1237 2676 nos
1258 2649 1360 2684 Spiritu
1375 2649 1469 2675 divino
1494 2656 1575 2676 unam
1600 2649 1778 2683 eamdemque

993 2696 1019 2722 in
1034 2700 1148 2730 utroque
1162 2695 1323 2722 sententiam
1337 2694 1415 2727 ferri;
1430 2702 1492 2721 nam
1504 2695 1530 2721 in
1548 2702 1592 2721 LVI
1607 2702 1637 2722 se
1653 2694 1777 2721 confiteri

993 2741 1108 2768 Domino
1123 2741 1149 2767 in
1165 2741 1273 2775 populis
1285 2744 1312 2767 et
1335 2740 1450 2775 psallere
1466 2740 1517 2775 ipsi
1542 2740 1569 2767 in
1586 2741 1713 2775 gentibus
1730 2747 1779 2765 an”

995 2787 1155 2820 nuntiabat;
1168 2787 1194 2813 in
1210 2786 1336 2821 praesenti
1351 2790 1442 2813 autem
1464 2785 1619 2814 Judaeorum
1646 2786 1778 2820 abiectio-

994 2842 1055 2861 nem
1072 2833 1217 2869 significat,
1234 2837 1262 2859 ut
1281 2833 1307 2859 in
1326 2833 1474 2867 praenuissis
1496 2833 1619 2859 docetur.
1650 2834 1688 2859 Ac
1717 2835 1778 2866 post

970 2936 988 2952 ”
1000 2936 1064 2964 ibid.
1082 2934 1140 2963 l-G.
1158 2936 1179 2952 “
1197 2935 1263 2964 ibid.
1283 2934 1309 2964 7.
1328 2936 1350 2952 "
1369 2934 1442 2963 Psal.
1460 2942 1523 2967 Lvt.
1541 2935 1568 2962 8.
1608 2934 1630 2949 ¹¹⁸
1645 2932 1711 2961 ibid.
1729 2931 1773 2959 10.

1825 194 1845 281 '1:
