2064 3212
303 209 356 236 563

652 208 788 236 ECSEBII
807 209 1045 237 CESARIENSIS
1063 209 1137 238 OPP.
1160 210 1247 237 PARS
1266 210 1308 238 Ill.
1329 225 1362 231 —
1378 209 1578 238 EXEGETICA.

1857 209 1905 237 565

298 267 385 301 prima
400 267 456 297 illa,
471 266 550 301 queis
566 266 737 295 indicabatur
748 267 864 302 abjectio
881 269 979 303 prioris
995 277 1075 303 popu-

1131 269 1225 304 ὥσπερ
1237 266 1282 296 οὖν
1297 268 1417 295 ἐδίδασκε
1431 269 1463 295 τὰ
1480 268 1669 304 προλεχθὲντα,
1682 265 1736 293 Καὶ
1749 266 1780 302 δὴ
1795 267 1863 302 μετὰ
1873 268 1905 294 τὰ

300 313 329 343 li.
342 313 502 347 signumque
517 314 701 342 metuentibus
719 315 807 349 ipsum
824 314 1019 342 conferendum
1034 324 1079 343 es-

298 367 343 390 se;
357 358 519 386 intermedio
530 359 719 394 diapsalmate,
746 361 896 388 orationem
917 360 972 389 Deo
994 361 1080 396 Spiri—

298 408 342 431 tus
353 408 465 433 sanctus
477 404 576 432 emittit
591 405 686 433 dicens
703 415 709 432 :
735 415 743 430 1
761 405 794 433 Ut
809 405 961 433 liberentur
987 407 1079 433 dilecti

297 448 348 480 tui,
361 449 465 475 salvum
482 449 524 475 fac
550 450 660 477 dextera
675 454 733 482 tua,
762 454 789 477 et
815 451 912 478 exaudi
931 459 983 478 me.
1003 461 1011 476 ι
1040 450 1078 477 lta

296 500 361 520 vero
372 495 505 528 supplicat
520 503 632 530 rogans,
647 499 687 528 ut,
705 503 754 523 sua
774 503 840 523 usus
867 496 989 528 dextera,
1007 496 1076 523 Deus

296 539 393 573 eripiat
401 539 546 574 salvosque
573 539 655 567 faciat
673 540 786 568 dilectos
802 548 882 573 suos;
900 548 987 575 neque
1012 541 1078 568 sim-

295 583 401 618 pliciter
412 584 449 610 ita
464 585 608 620 supplicat.
630 595 638 611 1
657 585 766 612 Salvum
782 585 834 616 fac,
857 595 865 611 ι
892 586 939 613 sed
967 586 1074 621 adjicit,

299 638 308 654 1
327 629 437 657 dextera
449 634 505 663 tua,
528 640 537 656 ι
559 631 646 666 primo
663 636 692 658 ut
720 632 828 667 eripiat,
848 633 968 659 secundo
983 637 1012 658 ut
1023 632 1074 660 sal-

294 683 359 702 vum
375 675 464 703 faciat.
477 675 594 704 Dilectos
607 683 696 704 autem
712 677 758 704 Dei
774 678 863 705 nullos
888 682 1010 709 noverat,
1025 678 1077 705 nisi

297 721 421 749 homines
433 721 479 757 qui
494 722 527 749 ad
537 723 681 757 imaginem
694 723 753 757 ejus
772 723 834 750 facti
863 727 936 750 sunt.
949 723 1078 755 Quamvis

294 768 367 794 enim
383 768 411 795 in
425 772 535 803 peccata
545 769 625 803 lapsi,
640 773 760 796 attamen
778 769 814 796 ob
829 769 1008 796 substantiam
1020 769 1079 796 ani-

295 821 346 840 ma:
359 813 529 848 spiritualem
546 818 573 841 et
585 814 785 846 rationabilem,
806 813 898 841 dilecti
915 813 961 841 Dei
977 821 1078 841 vocan-

293 863 349 886 tur.
366 858 450 886 Deum
464 859 563 894 itaque.
580 859 717 886 mentione
737 859 897 886 dilectorum
908 866 1019 886 suorum
1036 859 1075 886 fa-

293 909 348 935 cta,
361 905 468 938 placare
486 908 612 936 conatur,
637 909 769 940 rogatque
795 909 825 932 ut
852 912 867 931 a
888 905 1076 940 spiritualibus

1132 315 1235 350 πρῶτα,
1245 314 1278 340 δι’
1289 323 1327 340 ων
1339 313 1462 349 ἐδηλοῦτο
1473 315 1488 349 ἡ
1500 313 1617 348 ἀποϐολὴ
1631 312 1676 339 τοῦ
1689 312 1821 347 προτέρου
1832 312 1904 344 λαοῦ,

1129 359 1159 385 τό
1172 367 1202 385 τε
1225 360 1335 395 σημεῖον
1351 359 1380 385 τδ
1393 361 1448 390 τοῖς
1470 358 1642 393 φοῦουμὲνοις
1659 357 1739 384 αὑτὸν
1761 357 1904 391 δοθησόμε-

1129 412 1172 429 νον
1186 424 1194 434 ,
1225 403 1286 438 ἑξῆς
1310 403 1391 438 μέσου
1412 403 1594 438 διαψαλματος
1622 401 1851 438 παρεντεθέντος,
1877 401 1906 427 τὸ

1130 449 1241 483 Πνεῦμα
1252 450 1281 474 τὸ
1297 449 1374 482 ἅγιον
1388 449 1468 484 εὐχὴν
1480 449 1633 483 ἀναπέμπει
1652 447 1690 483 τῷ
1712 447 1770 482 Θεῷ
1786 447 1903 480 φάσκον-

1132 503 1140 518 1
1157 494 1250 526 Ὅπως
1263 494 1295 521 ἂν
1307 494 1442 529 ρυσθῶσιν
1457 495 1481 520 οἱ
1494 493 1628 529 ἀγαπητοί
1643 501 1700 525 σου,
1719 493 1804 519 σῶσον
1821 495 1855 528 τῇ
1869 492 1907 518 δε-

1130 539 1173 575 ξιᾷ
1190 547 1251 571 σου,
1275 540 1320 566 καὶ
1347 540 1496 566 ἐπάκουσόν
1516 548 1575 574 μου.
1599 549 1607 565 ι
1643 539 1767 565 Ἰκετεύει
1780 538 1809 565 δὲ
1822 537 1905 564 ταῦτα

1128 585 1262 620 δεόμενον,
1280 586 1363 617 ὅπως,
1379 586 1412 620 τῇ
1425 584 1505 612 αὑτοῦ
1522 585 1692 620 χρησάμενος
1714 583 1787 619 δεξιᾷ
1801 584 1816 610 ὁ
1829 583 1904 615 Θεὸς,

1131 630 1244 665 ρύσηται
1265 630 1312 656 καὶ
1332 629 1405 665 σώσῃ
1419 630 1481 660 τοὺς
1496 629 1651 664 ἀγαπητοῠς
1675 628 1757 655 αὐτοῦ
1768 638 1774 644 ·
1794 629 1841 654 καὶ
1858 629 1906 664 οὐχ

1130 673 1221 705 ἁπλῶς
1239 674 1369 705 ἱκετεύει,
1391 684 1400 699 1
1413 674 1511 706 Σῶσον,
1526 684 1534 699 ι
1552 674 1618 701 ἀλλὰ
1629 683 1638 699 1
1650 675 1682 709 τῇ
1701 673 1775 709 δεξιᾷ
1787 674 1883 701 ἑαυτοῦ
1895 683 1903 699 ι

1129 719 1236 755 πρῶτον
1251 719 1300 755 μὲν
1316 719 1458 754 ῥύσασθαι,
1476 719 1569 745 ἔπειτα
1582 719 1675 745 σῶσαι.
1699 719 1868 754 ’Λγαπητοὺς
1879 718 1906 745 δὲ

1128 766 1175 792 τοῦ
1188 766 1255 792 Θεοῦ
1276 766 1329 792 οὐδ’
1347 766 1441 797 ἄλλους
1462 766 1592 800 ἠπίστατο
1610 765 1626 800 ἢ
1647 766 1709 796 τοὺς
1734 766 1794 792 κατ’
1816 765 1907 792 εἰκόνα

1128 812 1177 847 τὴν
1190 811 1271 838 αὐτοῦ
1285 811 1482 846 πεποιημένους
1500 810 1667 846 ἀνθρώπους.
1686 811 1717 837 El
1739 811 1792 845 γὰρ
1811 810 1859 837 καὶ
1873 810 1908 837 τὰ

1130 856 1245 891 μάλιστα
1256 856 1468 882 ὑποπεπτώκασι
1482 857 1514 891 τῇ
1532 856 1669 891 ἁμαρτίᾳ,
1687 855 1742 882 ἀλλ’
1766 856 1842 890 ὅμως
1865 855 1908 881 διὰ

1128 901 1176 936 τὴν
1185 902 1220 937 (l)
1230 902 1317 937 ψυχῆς
1324 902 1416 928 οὐσίαν
1427 902 1522 937 γοερὰν
1529 900 1610 928 οὖσαν
1618 901 1665 928 καὶ
1674 901 1794 936 λογικὴν,
1801 901 1908 935 ἀγαπη-

294 949 412 977 iuimicis
425 955 453 977 et
466 950 592 977 hostibus
605 951 766 984 eripiantur,
785 955 865 985 atque
877 954 994 985 ereptos,
1006 951 1073 977 dex-

1126 947 1167 973 τοὶ
1179 947 1300 982 εἴρηνται
1319 947 1365 973 τοῦ
1382 947 1460 973 Θεοῦ.
1483 948 1605 973 Δυσωπεῖ
1628 946 1715 972 τοίνυν
1732 947 1746 972 ὁ
1760 945 1838 980 λόγος
1862 944 1908 972 τὸν

293 1000 350 1023 tera
364 1004 412 1023 sua
425 997 512 1024 salute
524 997 614 1024 donel.
637 996 780 1024 Desteram
811 1001 900 1023 autem
915 996 962 1023 Dei
990 1004 1073 1031 quam

294 1041 397 1068 dixeris
407 1049 479 1073 esse,
495 1041 548 1068 nisi
561 1040 700 1068 Christum
714 1041 817 1076 tropice
833 1042 872 1068 sic
885 1041 1027 1068 vocatum?
1040 1040 1074 1068 Ut

291 1086 365 1112 enim
380 1085 447 1113 alias
458 1087 545 1112 virtus
554 1088 580 1112 et
603 1085 748 1119 sapientia.
762 1085 869 1119 justitia
882 1089 909 1112 et
922 1084 1074 1112 sanctiﬁca-

293 1131 332 1157 tio
343 1135 370 1157 et
384 1131 533 1166 redemptio
545 1130 636 1158 dictus
650 1136 706 1163 est;
719 1131 759 1158 sic
768 1130 824 1164 jam
839 1131 949 1158 dextera
961 1135 1074 1158 vocatus

295 1176 385 1206 fuerit,
402 1176 464 1210 quia
476 1176 588 1204 dextera
601 1181 628 1204 et
638 1177 769 1204 salutaria
779 1176 906 1204 omnibus
919 1176 1074 1204 hominibus

293 1224 489 1255 procuraturus
499 1224 568 1249 erat.

1126 993 1190 1019 Θεὸν
1205 993 1248 1018 διὰ
1265 993 1312 1027 τῆς
1329 993 1435 1027 μνήμης
1446 992 1498 1019 τῶν
1509 992 1659 1027 ἀγαπητῶν
1674 991 1765 1023 αὑτοῦ,
1779 999 1908 1027 παρακα-

1126 1039 1166 1064 λεῖ
1182 1047 1211 1064 τε
1225 1039 1355 1074 ῥύσασθαι
1378 1038 1475 1070 αὐτοὺς
1499 1038 1552 1064 ἀπὸ
1565 1038 1667 1073 νοητῶν
1683 1046 1711 1064 τε
1736 1036 1841 1073 ἐχθρῶν
1862 1037 1909 1063 καὶ

1128 1085 1264 1119 πολεμίων
1276 1092 1282 1099 ·
1303 1084 1452 1119 ρυσάμενόν
1469 1092 1498 1110 τε
1513 1083 1597 1110 σῶσαι
1612 1084 1709 1114 αὐτοὺς
1722 1083 1766 1110 διὰ
1779 1083 1828 1118 τῆς
1845 1083 1909 1108 ἑαυ-

1127 1130 1173 1158 τοῦ
1195 1131 1293 1163 δεξιᾶς.
1311 1130 1406 1162 Δεξιὰν
1429 1130 1456 1156 δὲ
1471 1129 1516 1156 τοῦ
1534 1130 1600 1156 Θεοῦ
1615 1129 1674 1156 τίνα
1689 1129 1721 1155 ἄν
1737 1137 1778 1160 τις
1800 1129 1872 1155 εῐποι
1890 1128 1908 1164 ἢ

1126 1177 1171 1204 τὸν
1196 1177 1311 1212 Χριστὸν
1333 1177 1413 1203 αὑτοῦ
1433 1176 1571 1212 τροπικῶς
1592 1175 1676 1207 οὕτως
1697 1175 1908 1210 ὠνομασμένον,

1131 1222 1174 1254 Ὡς
1188 1223 1241 1257 γὰρ
1258 1222 1374 1257 ἀλλαχοῦ
1391 1222 1502 1257 δύναμις
1513 1222 1559 1248 καὶ
1574 1221 1653 1256 σοφία
1663 1221 1795 1254 λέλεκται,
1807 1220 1909 1248 δικαιο-

293 1268 360 1304 σύνη
376 1277 405 1295 τε
433 1269 479 1295 καὶ
494 1268 640 1304 ἁγιασμὸς,
667 1269 714 1295 καὶ
737 1267 939 1304 ἀπολύτρωσις,
963 1268 1033 1296 οὕτω
1052 1270 1099 1296 καὶ
1117 1270 1163 1296 νῦν
1190 1269 1264 1303 δεξιὰ
1277 1270 1469 1305 χρηματίσειεν
1489 1270 1537 1296 ἄν·
1552 1269 1645 1305 ἐπειδὴ
1660 1268 1692 1295 τὰ
1706 1268 1779 1301 δεξιὰ
1795 1269 1841 1295 καὶ
1852 1277 1909 1296 σω-

292 1315 372 1350 τήρια
384 1315 466 1341 πᾶσιν
479 1313 631 1350 ἀνθρώποις
645 1314 759 1351 προξενή
764 1323 818 1341 σειν
835 1315 954 1350 ἔμελλεν.

329 1360 409 1387 Vsus.
426 1360 452 1392 8,
466 1359 492 1386 9.
516 1369 525 1386 1
549 1359 620 1388 Deus
635 1360 741 1388 locutus
756 1364 798 1387 est
818 1359 846 1386 in
868 1364 963 1387 sancto
978 1367 1039 1391 suo,
1060 1369 1069 1385 ι

291 1411 319 1432 et
336 1409 443 1433 caetera.
457 1404 525 1432 Cum
546 1410 672 1441 precatus
687 1405 806 1440 Spiritus
829 1399 939 1433 sanctus
958 1409 1030 1432 esset
1044 1409 1075 1432 ut

293 1451 473 1477 liberarentur
488 1450 580 1478 dilecti
603 1450 666 1483 Dei,
689 1451 758 1478 nihil
782 1455 926 1478 cunctatus
947 1449 1018 1478 Deus
1031 1458 1075 1478 re-

292 1495 406 1529 spondet
422 1495 465 1522 his
479 1495 586 1522 verbis:
598 1504 607 1521 1
628 1494 774 1522 Exaltabor
797 1499 824 1523 et
850 1495 968 1522 dividam
986 1494 1075 1522 Sichi-

292 1548 346 1566 ma.
357 1550 366 1566 ι
384 1539 445 1567 Haec
454 1548 501 1575 per
516 1539 633 1568 Verbum
645 1547 735 1573 suum,
752 1540 829 1575 quasi
841 1548 888 1575 per
899 1541 1074 1575 interpretem

293 1587 415 1613 loculum
430 1586 513 1613 Deum
535 1586 649 1613 audiens
665 1586 783 1621 Spiritus
807 1589 929 1618 sanctus,
944 1586 1002 1613 haec
1015 1585 1074 1620 ipsa
1088 1601 1108 1630 C

292 1639 344 1658 nos
353 1631 449 1658 edocet
462 1641 468 1659 :
485 1639 569 1666 quare
580 1632 627 1663 ait.
644 1641 653 1657 1
674 1632 744 1659 Deus
759 1632 865 1659 loeutus
878 1636 920 1659 est
932 1631 960 1659 in
978 1635 1074 1660 sancto

292 1684 352 1704 ειιο.
375 1685 384 1701 ι
405 1675 535 1703 Sanctum
549 1683 629 1710 porro
642 1676 699 1709 Dei,
711 1677 758 1711 qui
772 1677 886 1704 formam
901 1677 972 1705 servi
996 1684 1073 1704 acce-

292 1722 342 1756 pit,
366 1729 421 1748 non
441 1721 602 1756 ignorabant
621 1722 683 1748 olim
715 1722 870 1749 damones:
898 1723 1074 1757 quamobrem

292 1767 456 1799 clamabant,
471 1775 481 1792 1
503 1765 611 1798 Scimus
624 1770 650 1798 te
667 1767 728 1802 quis
742 1768 790 1800 sis,
807 1767 925 1795 Sanctus
941 1768 988 1795 Dei
1008 1768 1041 1794 ".
1062 1777 1071 1793 ι

292 1811 349 1839 lmo
368 1819 431 1839 vero
445 1812 472 1839 in
487 1820 609 1840 Lxuvm
624 1813 728 1848 psalmo
752 1813 853 1840 dictum
868 1817 910 1841 est
924 1823 930 1840 :
949 1822 959 1838 1
983 1812 1072 1840 Semel

291 1857 381 1893 juravi
393 1857 420 1885 in
433 1862 528 1885 sancto
542 1866 613 1890 meo,
629 1858 653 1885 si
668 1857 753 1885 David
767 1858 883 1885 mentiar
900 1859 931 1886 ¹⁶.
952 1869 961 1885 ι
974 1858 1074 1892 Quem-

293 1903 438 1931 admodum
453 1904 526 1931 enim
543 1909 619 1939 pater
635 1905 662 1932 in
677 1904 733 1931 lilio
748 1905 857 1937 dilecto,
874 1905 916 1933 sic
931 1906 1072 1934 universo-

292 1957 352 1977 rum
371 1950 441 1978 Deus
465 1950 492 1977 in
515 1950 584 1977 Filio
601 1951 686 1986 jurat.
705 1951 755 1978 llic
773 1952 854 1986 igitur
867 1953 946 1980 etiam
969 1962 978 1977 1
1003 1952 1074 1981 Deus

293 1994 401 2022 locutus
416 1999 458 2022 est
476 1995 503 2022 in
513 2000 607 2023 saneto
622 2004 691 2030 suo;
712 2006 721 2022 ι
739 1997 806 2029 sive,
822 1998 971 2025 secundum
987 1999 1073 2034 Aqui-

293 2040 362 2071 lam,
393 2050 402 2066 1
432 2040 503 2068 Deus
532 2041 638 2069 locutus
660 2047 702 2070 est
729 2043 756 2070 in
783 2044 952 2071 sanctiﬁcata
975 2052 1034 2072 suo.
1063 2054 1072 2070 ι

293 2085 472 2119 Quandonam
484 2087 511 2114 id
526 2087 664 2122 impletum
675 2092 726 2122 est,
740 2089 791 2116 nisi
807 2097 868 2116 cum
885 2090 912 2116 in
925 2090 1075 2117 novissimo

293 2131 398 2158 dierum
422 2132 528 2158 locutus
543 2136 585 2159 est
605 2133 683 2160 nobis
706 2134 732 2160 in
747 2133 831 2161 Filio?
846 2134 916 2166 Quid
930 2139 1019 2161 autem
1035 2135 1075 2161 lo-

293 2181 374 2204 culus
388 2182 429 2204 est
444 2177 495 2204 nisi
513 2177 568 2204 haec
591 2185 651 2212 qua:
676 2183 837 2213 sequuntur,
855 2189 863 2204 1
886 2179 1033 2207 Exsultabo
1047 2184 1074 2207 et

293 2222 410 2251 dividam
438 2221 596 2249 Sichima?»
637 2222 666 2250 ln
694 2230 746 2250 cvu
777 2223 867 2258 itaque
884 2225 984 2252 dictum
1013 2229 1073 2257 est,

1163 1369 1173 1385 1
1199 1359 1226 1386 '0
1244 1359 1309 1390 Θεὸς
1328 1358 1456 1394 ἐλάλησεν
1475 1359 1503 1384 ἐν
1517 1358 1555 1393 τῷ
1575 1358 1645 1393 ἁγίῳ
1659 1357 1752 1389 αὐτοῦ,
1773 1366 1782 1383 ι
1802 1357 1850 1383 καὶ
1875 1357 1909 1384 τὰ

1125 1406 1197 1440 ἑξῆς.
1217 1404 1373 1440 Εὐξαμένου
1391 1404 1436 1431 τοῦ
1452 1404 1529 1438 ἁγίου
1547 1403 1702 1438 Πνεὺματος
1717 1404 1790 1434 ὅπως
1807 1402 1910 1438 ῥυσθῶ-

1126 1460 1166 1477 σιν
1195 1451 1219 1477 οἰ
1239 1451 1374 1486 ἀγαπητοὶ
1399 1450 1446 1477 τοῦ
1475 1450 1553 1482 Θεοῦ,
1578 1450 1660 1485 μηδὲν
1689 1449 1874 1485 ὑπερθέμενος
1895 1450 1909 1475 ό

1125 1497 1190 1529 Θεὺς
1203 1497 1380 1532 ἀποκρίνεται
1392 1496 1477 1530 λέγων
1487 1505 1494 1512 ’
1514 1505 1523 1521 1
1547 1495 1740 1531 Ὑψωθήσομαι
1754 1495 1800 1521 καὶ
1811 1495 1909 1530 διαμε-

1127 1542 1176 1578 ριῶ
1203 1543 1312 1577 Σίκιμα.
1332 1551 1341 1568 ι
1366 1542 1458 1568 Ταῦτα
1480 1542 1509 1569 δὲ
1531 1541 1577 1568 τοῦ
1600 1541 1668 1568 Θεοῦ
1689 1541 1733 1567 διὰ
1757 1540 1803 1567 τοῦ
1821 1541 1908 1574 Λόγου

1127 1584 1208 1611 αὑτοῦ
1230 1585 1268 1616 ὡς
1290 1585 1323 1611 δι’
1343 1586 1484 1621 ἑρμηνέως
1507 1585 1681 1620 λαλήσαντος,
1704 1585 1734 1611 τὸ
1754 1584 1866 1620 Πνεῦμα
1878 1585 1910 1611 τὸ

1125 1630 1201 1664 ἅγιον
1224 1631 1388 1663 ἐπακοῦσαν,
1408 1631 1526 1658 διδάσκει
1549 1631 1596 1657 καὶ
1614 1632 1685 1666 ἡμᾶς
1707 1631 1804 1657 ειδέναι
1827 1630 1908 1657 αὐτά·

1124 1675 1164 1702 διό
1184 1685 1265 1712 φησιν
1286 1685 1292 1691 ·
1314 1685 1322 1702 1
1342 1677 1371 1703 '0
1384 1677 1450 1709 Θεὸς
1464 1677 1591 1712 ἐλάλησεν
1606 1677 1634 1703 ἓν
1647 1676 1686 1712 τῷ
1699 1677 1768 1712 ἁγίῳ
1783 1675 1877 1703 αὑτοῦ.
1896 1685 1907 1702 ι

1125 1721 1175 1747 Τὸν
1195 1721 1224 1747 δὲ
1244 1721 1320 1756 ἆγιον
1337 1722 1382 1749 τοῦ
1404 1722 1471 1749 Θεοῦ
1491 1722 1596 1758 μορφὴν
1612 1722 1704 1749 δούλου
1724 1722 1839 1748 λαεόντα
1859 1721 1910 1748 οὐκ

1124 1765 1259 1801 ἠγνόησαν
1285 1775 1349 1793 ποτε
1377 1768 1401 1793 οἱ
1431 1767 1569 1802 δαίμονες
1591 1767 1631 1793 διὸ
1656 1767 1739 1793 ἐϐόων
1768 1766 1908 1800 λέγοντες·

1128 1821 1136 1836 ι
1158 1811 1274 1846 Οἴδαμέν
1292 1821 1321 1838 σε
1339 1812 1381 1844 τίς
1403 1810 1437 1844 εἴ,
1455 1814 1468 1839 ὁ
1480 1813 1555 1847 ’ἅγιος
1571 1812 1617 1839 τοῦ
1633 1813 1709 1839 Θεοῦ.
1729 1821 1738 1838 ι
1761 1812 1840 1838 Ἀλλὰ
1863 1812 1910 1838 καὶ

1125 1857 1157 1883 ὲν
1173 1857 1325 1893 πη’ψαλμῷ
1342 1857 1482 1884 λέλεκται-
1498 1867 1506 1883 1
1524 1857 1613 1891 Ἀπαξ
1632 1857 1725 1893 ὤμοσα
1739 1858 1767 1883 ἐν
1783 1857 1821 1892 τῷ
1838 1857 1908 1892 ἁγίῳ

1127 1911 1188 1937 μου,
1208 1904 1232 1929 εἰ
1251 1903 1289 1938 τῷ
1310 1904 1390 1930 Δαυῖδ
1409 1904 1553 1939 ψεύσομαι.
1585 1913 1594 1930 ι
1618 1905 1662 1936 Ὠς
1675 1904 1728 1940 γὰρ
1750 1904 1842 1939 πατὴρ
1865 1904 1908 1938 ἐφ’

1125 1948 1175 1983 υἱῷ
1191 1949 1334 1984 ἀγαπητῷ,
1356 1949 1441 1981 οὕτως
1456 1951 1470 1975 ὁ
1491 1950 1544 1976 τῶν
1567 1950 1634 1976 ὅλων
1649 1949 1713 1981 Θεὸς
1728 1949 1773 1976 ἐπὶ
1786 1949 1834 1984 ξτῷ
1851 1949 1908 1984 Υἱῷ

1124 1994 1239 2029 ὤμνυσι.
1254 1995 1308 2022 Καὶ
1320 1995 1436 2022 ἐνταῦθα
1449 1996 1537 2022 τοίνυν
1551 2005 1560 2020 1
1576 1996 1590 2021 ὁ
1606 1995 1671 2027 Θεὸς
1687 1995 1816 2031 ἐλάλησεν
1829 1995 1858 2022 ὲν
1871 1995 1909 2030 τῷ

1125 2039 1194 2074 ἁγίῳ
1208 2039 1290 2066 αὐτοῦ
1302 2048 1308 2054 ·
1327 2050 1336 2065 ι
1354 2040 1381 2075 ἣ,
1399 2040 1470 2066 κατὰ
1485 2040 1530 2067 τὸν
1552 2040 1675 2071 Ἀκύλαν.
1692 2050 1701 2066 1
1722 2041 1749 2067 '0
1764 2040 1829 2072 Θεὸς
1849 2040 1910 2068 ἑλά-

1125 2084 1205 2120 λησεν
1218 2086 1246 2111 ὲν
1262 2085 1419 2121 ἡγιασμένῳ
1432 2086 1523 2112 αὑτοῦ.
1536 2095 1544 2112 ι
1558 2086 1624 2112 Πότε
1635 2086 1662 2112 δὲ
1679 2085 1726 2112 καὶ
1741 2085 1814 2111 τοῦτ’
1824 2085 1908 2120 ἐπλη-

1128 2131 1215 2166 ροῦτο,
1232 2132 1248 2166 ἢ
1263 2131 1306 2157 ὅτε
1323 2132 1365 2158 ἐπ’
1381 2132 1493 2167 ἐσχάτου
1510 2132 1562 2158 τῶν
1578 2132 1687 2167 ἡμερῶν
1702 2131 1831 2167 ἐλάλησεν
1843 2132 1909 2167 ἡμῖν

1125 2178 1154 2203 ὲν
1174 2176 1246 2212 Υῐῴ;
1265 2177 1297 2203 Τί
1314 2177 1342 2203 δὲ
1360 2177 1488 2213 ἐλάλησεν
1510 2177 1526 2213 ἢ
1546 2177 1580 2204 τὰ
1600 2178 1782 2214 ἐπιφερόμενα
1804 2177 1907 2211 λέγων’

1128 2234 1136 2249 1
1164 2224 1371 2259 Ἀγαλλιάσομαι
1392 2225 1437 2251 καὶ
1461 2225 1590 2261 διαμεριῶ
1616 2226 1731 2260 Σίκιμα;
1750 2235 1760 2250 ›
1785 2225 1829 2251 Ἐν
1860 2226 1908 2260 μὲν

295 2277 304 2294 1
326 2269 480 2301 Exaltabor,
495 2273 522 2296 et
543 2268 660 2296 dividam
678 2268 797 2296 Sichima
816 2271 853 2303 '7;
875 2279 884 2295 ι
901 2270 982 2306 idque
998 2279 1030 2298 ex
1048 2279 1075 2299 re

1129 2268 1174 2296 οὖν
1196 2270 1235 2306 τῷ
1258 2271 1297 2306 ρξ’
1312 2271 1434 2306 εἷρηται”
1457 2280 1466 2295 1
1493 2271 1694 2306 Ύψωθήσομαι,
1713 2271 1760 2297 καὶ
1777 2270 1909 2307 διαμεριῶ

292 2315 448 2347 admodum,
462 2315 525 2349 quia
538 2315 564 2341 in
577 2315 671 2342 eodem
683 2315 786 2342 dictum
803 2320 880 2342 ante:
893 2315 953 2348 fuit,
971 2326 979 2342 1
995 2316 1075 2343 Exal-

292 2364 350 2389 tare
378 2368 460 2396 super
476 2361 572 2394 caelos,
590 2360 661 2388 Deus
673 2381 680 2393 ,
692 2365 719 2388 et
736 2369 818 2396 super
841 2368 948 2388 omnem
974 2366 1074 2390 terram

291 2407 376 2441 gloria
390 2412 434 2435 tua
450 2407 481 2434 ”.
497 2417 506 2432 ι
526 2407 567 2434 Ad
583 2407 647 2434 illud
664 2407 747 2438 enim.
764 2417 773 2432 1
793 2408 922 2437 exaltare,
939 2416 948 2431 ι
963 2407 1014 2434 hoc
1031 2416 1074 2435 re-

292 2452 411 2485 ponitur,
430 2461 439 2478 1
457 2452 612 2485 exaltabor;
634 2461 643 2477 ι
657 2451 702 2479 hic
716 2459 780 2479 vero
795 2452 827 2479 ad
840 2452 916 2483 illud.
934 2462 943 2478 1
962 2452 1070 2480 Salvum

292 2495 336 2522 fac
347 2496 459 2523 dextera
471 2502 533 2528 tua,
555 2506 564 2522 ι
582 2501 608 2524 et
621 2497 654 2524 ad
671 2497 749 2530 illud,
766 2506 775 2523 1
791 2496 825 2524 Ut
840 2497 989 2525 liberentur
1005 2498 1072 2525 dile-

290 2542 328 2570 cti
344 2543 394 2574 tui,
415 2553 423 2568 ι
439 2543 472 2570 de
486 2544 647 2571 dilectarum
662 2552 774 2572 suorum
793 2546 880 2573 salute
898 2544 1019 2580 gaudens
1033 2545 1073 2573 sic

291 2589 445 2623 respondet,
462 2598 471 2614 1
489 2589 651 2624 Exsultabo;
670 2601 679 2616 ι
698 2591 764 2623 sive,
779 2591 928 2618 secundum
937 2590 1072 2626 Aquilam,

293 2644 303 2660 1
321 2633 481 2667 Gloriabor;
502 2645 511 2660 ι
527 2636 593 2668 sive,
609 2637 757 2664 secundum
773 2636 974 2671 Symmachum,
987 2646 996 2663 1
1014 2634 1074 2663 Glo-

289 2680 381 2707 riaer
396 2683 423 2707 et
440 2679 599 2716 distribuam
621 2681 752 2709 Sichima.
771 2691 780 2706 ›
797 2681 859 2708 Hzec
875 2685 965 2709 autem
982 2682 1070 2716 portio

290 2726 354 2752 olim
364 2726 483 2761 Josepho
493 2734 526 2752 ex
540 2729 717 2763 prarogativa
729 2727 846 2762 quadam
857 2727 985 2762 deputata
999 2727 1048 2754 fuit
1063 2737 1068 2754 :

289 2771 326 2799 ob
339 2779 419 2806 quam
435 2772 499 2799 olim
516 2772 600 2800 altum
627 2774 769 2808 sapiebaut
795 2772 880 2801 Judaei
891 2792 899 2805 .
914 2780 987 2800 nunc
1009 2780 1072 2800 vero

289 2823 356 2851 gens
374 2816 619 2845 Samaritanorum.
645 2817 682 2845 Ea
706 2822 795 2845 autem
812 2819 870 2854 ipsa
892 2821 935 2845 est
955 2816 1073 2844 Sichima

1129 2316 1238 2350 Σίκιμα,
1254 2326 1263 2341 ι
1275 2317 1376 2352 σφόδρα
1398 2317 1586 2352 καταλλήλως·
1610 2317 1702 2352 ἐπειδὴ
1719 2317 1746 2343 ἐν
1764 2317 1860 2350 ἐκείνῳ
1880 2317 1909 2342 ἐν

1126 2362 1181 2393 τοῖς
1198 2361 1349 2396 ἔμπροσθεν
1370 2362 1485 2396 ἐλέγετοσ
1504 2372 1513 2387 ‹
1538 2362 1673 2397 metues-:1
1688 2363 1734 2388 ἐπὶ
1748 2362 1811 2393 τοὺς
1825 2363 1909 2397 οὐρα-

1127 2407 1198 2438 νοῦς,
1213 2408 1227 2433 ὁ
1247 2407 1326 2440 Θεὸς,
1345 2409 1391 2436 καὶ
1412 2409 1457 2435 ἐπὶ
1472 2410 1560 2435 πᾶσαν
1576 2408 1624 2444 τὴν
1638 2409 1691 2443 γῆν
1707 2410 1723 2444 ἡ
1741 2408 1804 2441 δόξα
1819 2417 1878 2436 σου.
1897 2417 1907 2434 ι

1127 2452 1198 2487 Πρὸς
1213 2452 1265 2488 γὰρ
1278 2453 1317 2484 τὸ,
1335 2462 1344 2478 1
1366 2453 1496 2488 ὺψώθητι,
1513 2463 1522 2479 ι
1537 2454 1712 2488 ὲπενήνεκται
1723 2453 1763 2484 τὺ,
1779 2463 1788 2478 1
1805 2453 1911 2489 ὑψωθή-

1124 2505 1220 2532 σομαι-
1240 2506 1248 2523 ι
1269 2498 1384 2525 ἐνταῦθα
1394 2499 1422 2525 δὲ
1433 2499 1500 2534 πρὸς
1511 2499 1549 2530 τὸ,
1570 2508 1579 2524 1
1595 2499 1679 2525 σῶσον
1694 2500 1725 2534 τῇ
1739 2498 1814 2534 δεξιᾷ
1827 2507 1885 2532 σου,
1897 2507 1906 2524 ι

1125 2545 1173 2570 καὶ
1190 2544 1256 2580 πρὸς
1267 2545 1307 2576 τὸ,
1320 2554 1329 2569 1
1340 2545 1414 2576 ὅπως
1431 2544 1464 2571 ἂν
1476 2544 1610 2580 ρυσθῶσιν
1635 2546 1660 2571 οἱ
1674 2545 1809 2580 ἀγαπητοί
1825 2553 1884 2578 σου,
1896 2555 1905 2571 ι

1125 2589 1226 2624 χαίρων
1244 2590 1289 2616 ἐπὶ
1311 2591 1343 2625 τῇ
1369 2590 1424 2616 τῶν
1447 2590 1592 2625 ἀγαπητῶν
1611 2589 1693 2616 αὑτοῦ
1711 2590 1842 2626 σωτηρίᾳ,
1861 2589 1909 2625 τὴν

1126 2635 1269 2671 ἀπόκρισιν
1286 2637 1401 2662 ποιεῖται
1412 2635 1508 2669 λέγων,
1522 2644 1532 2661 1
1550 2635 1769 2670 Ἀγαλλιάσομαι-
1782 2645 1790 2660 ι
1799 2635 1827 2670 ἦ,
1838 2634 1908 2662 κατὰ

1125 2681 1169 2707 τὸν
1177 2680 1299 2712 Ἀκύλαν,
1315 2690 1323 2706 1
1340 2681 1523 2716 Γαυριάσομαι
1533 2689 1539 2696 ·
1554 2691 1563 2706 ι
1575 2681 1602 2716 ἢ,
1614 2681 1683 2708 κατὰ
1697 2681 1742 2707 τὸν
1751 2680 1907 2715 Σύμμαχον,

1128 2734 1138 2751 1
1157 2726 1300 2763 Γαυριάσω
1321 2727 1368 2753 καὶ
1382 2727 1536 2762 διανεμήσω
1550 2727 1658 2762 Σίκιμα
1678 2737 1687 2752 ι
1708 2726 1781 2762 Αὕτη
1797 2726 1826 2752 δὲ
1844 2724 1908 2761 ἧνὴ

1128 2772 1210 2799 πάλαι
1222 2772 1398 2808 ἀφωρισμένη
1414 2772 1452 2807 τῷ
1474 2772 1571 2808 Ἰωσὴφ
1589 2773 1666 2808 μερὶς
1683 2773 1742 2799 κατ’
1758 2772 1905 2808 ἐξαίρετον,

1127 2818 1169 2852 ὲςρ⁴
1231 2819 1277 2845 καὶ
1297 2818 1366 2854 μέγα
1391 2818 1518 2854 ἐφρόνουν
1547 2819 1677 2854 πρότερον
1699 2818 1747 2854 μὲν
1772 2818 1906 2845 Ἰουδαίων

327 2862 349 2878 ¹⁵
368 2863 433 2889 Luc.
454 2870 491 2895 Iv,
508 2863 552 2890 δι.
592 2863 614 2880 ¹⁶
632 2862 705 2890 Psal.
723 2871 859 2896 uxxvul,
876 2863 921 2891 56.
961 2863 981 2878 ’τ
1001 2862 1072 2890 PSal.

1128 2871 1162 2897 ιι,
1181 2865 1208 2892 8.
1247 2865 1268 2880 ⁸⁸
1288 2864 1466 2896 Psal.cvu,6.

328 2907 365 2945 (ι)
386 2907 465 2935 Forte
481 2908 556 2935 deest
573 2907 629 2943 τῆς.
649 2907 727 2934 Enn.
