2064 3212
188 184 242 215 565

750 185 1001 214 COMMENTARIA
1021 185 1056 214 IN
1075 185 1244 214 PSALHOS.

1277 138 1331 175 sa

1750 181 1803 210 556

189 244 293 276 παῖδας,
320 243 367 271 νῦν
393 245 421 271 δὲ
446 244 475 271 τὸ
493 243 668 281 Σαμαρειτῶν
692 244 782 278 φῦλον.
803 246 835 272 Ἠ
860 246 929 281 αὐτὴ
948 246 974 273 δέ

1027 253 1087 281 quae
1101 245 1220 277 Sichem,
1235 252 1316 280 quam
1326 244 1444 280 Josepho
1458 245 1531 273 dedit
1543 243 1692 275 Jacob,uhi
1707 249 1804 278 puteus

188 290 246 317 tem
260 290 359 326 Σίκιμα
370 292 403 326 τῇ
414 291 514 326 Συχὲμ,
527 292 560 326 ἢν
575 291 672 319 ἔδωκεν
688 291 784 319 Ίακὼῆ
797 292 836 328 τῷ
855 292 953 327 Ἰωσήφ
964 300 970 307 ·

189 335 252 362 ἕνθα
267 336 314 362 καὶ
326 336 355 362 τὸ
369 336 456 371 φρέαρ
469 337 515 363 καὶ
531 337 546 371 ἠ
563 337 637 372 πηγὴ
652 337 700 364 τοῦ
721 337 816 364 Ἰακὼϐ
833 337 971 372 τυγχάνει,

189 378 227 407 ὧν
243 381 378 416 μέμνηται
393 381 422 407 τὸ
434 381 607 415 Εὑαγγέλιον⁹
620 383 665 408 τὸν
681 382 794 418 Σωτῆρα
805 383 906 416 φάσκον
916 384 974 408 επι-

188 426 378 462 δεδημηκέναι,
402 427 514 459 πολλοὺς
527 437 556 454 τε
573 428 661 454 αὐτῶν
681 429 719 460 είς
733 428 814 454 αὑτὸν
830 437 974 454 πεπιστευ-

188 472 277 499 κέναι.
294 473 373 499 Ἀλλὰ
387 474 433 500 καὶ
448 473 516 508 μετὰ
529 474 577 510 τὴν
587 474 718 509 ἀνάληψιν
728 474 809 500 αὑτοῦ
823 475 848 500 οἱ
860 474 974 501 ἀποστο-

188 517 240 548 λοι,
257 518 286 543 ὲν
306 519 339 552 τῇ
363 518 503 553 Σαμαρείᾳ
518 519 668 554 γενόμενοι,
687 520 786 554 σημεῖα
808 519 855 546 καὶ
874 519 974 554 ’τέρατα

188 562 297 589 ἐποίουν
320 564 348 588 ὲν
374 563 451 598 αὐτῇ,
478 564 515 595 ὡς
536 564 697 600 ἱστορεῖσθαι
723 566 750 590 ἐν
776 567 836 596 ταῖς
857 564 974 599 Πράξεσι

186 607 242 633 τῶν
258 607 414 634 ἀποστόλων
426 609 457 634 τὸ
473 609 583 644 Πνεῦμα
599 609 629 635 τὺ
641 610 716 643 ἅγιον
733 610 852 637 δεδόσθαι
863 612 918 642 τοῖς
931 611 975 637 τὸν

188 652 270 679 τόπον
294 653 408 684 οἰκοῦσι,
434 655 519 689 χαράν
533 663 562 681 τε
585 655 704 691 μεγάλην
721 656 859 690 γεγονέναι
872 656 973 682 αὐτόθι.

189 698 345 734 Γέγραπται
374 700 449 734 γοῦν,
473 701 513 727 ὅτι
541 701 681 733 Φίλιππος,
711 701 847 727 κατελθὼν
870 702 909 733 εἰς
928 701 976 736 τὴν

188 743 265 769 πόλιν
278 744 328 779 τῆς
342 744 506 780 Σαμαρείας,
519 746 669 780 ἐκήρυσσεν
683 746 773 777 αὐτοῖς
790 746 834 772 τὸν
850 747 974 781 Χριστόν.

189 789 336 824 Προσεῖχον
349 789 377 815 δὲ
400 791 425 816 οἱ
450 791 524 825 δχλοι
545 792 601 822 τοῖς
625 791 778 827 λεγομένοις
797 792 848 818 om
865 792 910 818 τοῦ
930 793 975 817 Φι-

187 834 287 860 λίππου
312 835 492 870 ὁμοθυμαδὸν,
510 837 540 862 ὲν
565 837 603 872 τῷ
620 838 728 864 ἀκούειν
750 839 847 869 αὐτοὺς
861 840 906 865 καὶ
917 838 975 873 βλέ-

188 890 250 908 πειν
276 881 310 908 τὰ
333 884 432 917 σημεῖα
458 883 475 910 ἃ.
498 883 598 910 ἐποίει·
616 885 723 918 ἐγένετο
741 885 770 911 δὲ
793 885 867 920 φωνὴ
891 886 976 920 χαρᾶς

189 927 294 962 μεγάλη
321 928 349 954 έν
381 930 413 963 τῇ
439 929 513 955 πόλει
545 930 645 966 ἐκείνῃ.
680 931 735 957 Καὶ
764 918 825 965 ἑξῆς
852 918 975 966 εἴρηται”
994 918 1013 944 Β

191 981 200 997 ε
212 972 390 1004 ’Δκούσαντες
405 973 432 1000 δὲ
459 976 482 1001 oi
502 976 529 1001 ἐν
567 975 758 1011 Ἰεροσολύμοις
777 976 977 1006 ἀπόπολοι,δτι

187 1017 308 1044 δέδεκται
319 1019 336 1053 ὴ
351 1019 490 1055 Σαμάρεια
505 1020 550 1047 τὸν
566 1022 644 1055 λόγον
663 1022 708 1048 τοῦ
722 1022 798 1053 Θεοῦ,
818 1023 978 1050 ἀπέστειλαν

187 1061 258 1097 πρὸς
286 1063 384 1094 αὐτοὺς
412 1064 513 1097 Πέτρον
544 1067 590 1092 καὶ
611 1066 749 1101 Ἰωάννην
773 1067 870 1098 οἵτινες
893 1076 977 1094 κατα-

187 1107 286 1140 ϐάντες
300 1109 486 1144 προσηύξαντο
504 1112 566 1146 περὶ
580 1111 668 1138 αὐτῶν
688 1113 761 1143 ὅπως
776 1112 877 1139 λάϐωσι
895 1113 979 1140 Πνεῦ-

188 1162 228 1188 μα
249 1154 342 1188 ἅγιον·
365 1165 374 1180 ι
401 1156 448 1182 καὶ
472 1157 605 1190 ἐπιλέγει·
620 1165 639 1182 ἰ
656 1159 721 1184 Τότε
747 1159 904 1185 ἐπετίθεσαν
930 1160 978 1191 τὰς

192 1201 289 1235 χεῖρας
304 1200 348 1226 ἐπ’
363 1201 469 1233 αὐτοὺς,
493 1202 538 1228 καὶ
561 1202 712 1237 ὲλάμὸανον
737 1204 846 1239 Πνεῦμα
864 1205 948 1238 ἆγιον.
967 1215 975 1231 ι

195 1243 279 1270 Ταῦτ’
295 1242 342 1270 οῦν
358 1246 463 1279 ἐγένετο
477 1248 505 1272 ἐν
523 1249 555 1282 τῇ
567 1248 716 1283 Σαμαρείᾳ,
729 1248 916 1284 πληρουμένης
929 1249 978 1284 τῆς

188 1291 259 1326 μετὰ
277 1293 369 1327 χεῖρας
385 1293 559 1326 ἐπαγγελίας,
572 1293 743 1328 φασκοὺο-ης-
760 1303 768 1319 ι
786 1294 977 1330 ’Υψωθήσομαι

186 1337 235 1363 καὶ
247 1337 380 1373 διαμεριῶ
405 1338 514 1373 Σίκιμα.
540 1339 601 1370 Τοῖς
619 1340 672 1374 γὰρ
697 1340 742 1366 ἐπὶ
760 1340 808 1375 τῆς
824 1340 978 1376 Σαμαρείας

185 1383 324 1420 διεμέρισε
345 1384 374 1410 τὺ
395 1384 505 1419 Πνεῦμα
527 1384 556 1410 τὺ
576 1385 652 1419 ἅγιον
677 1385 744 1419 μετὰ
767 1386 815 1420 τὴν
846 1386 977 1421 ἀνάληψιν

186 1429 281 1462 αὑτοῦ,
294 1431 339 1456 καὶ
360 1429 428 1464 μετὰ
436 1430 472 1456 ,τὺ
487 1430 624 1465 ὑψωθῆναι
646 1431 785 1462 mimae;
799 1441 807 1456 ι
823 1431 924 1462 ἀναϐὰς
938 1433 977 1463 είς

187 1474 254 1508 ὕψος
274 1475 482 1509 ᾐχμαλώτευσεν
497 1475 695 1509 αίχμαλωσίαν,
713 1476 759 1502 καὶ
775 1475 858 1502 ἔδωκε
874 1476 976 1511 δόματα

187 1521 217 1547 ἐν
229 1520 391 1555 ἀνθρώποις.
413 1530 422 1546 ι
442 1521 496 1547 Καὶ
517 1520 603 1547 ταῦτα
620 1521 722 1555 ἐγίνετο
735 1521 804 1557 μετὰ
815 1522 845 1548 τὸ
859 1523 976 1557 διωχθῆ-

187 1575 231 1592 ναι
264 1566 326 1598 τοὺς
349 1566 472 1602 μαθητὰς
490 1567 536 1593 τοῦ
558 1567 682 1603 Σωτῆρος
700 1569 753 1594 ἀπὸ
774 1569 973 1604 Ἰεροσολύμων.

187 1611 270 1645 Λέγει
288 1611 352 1645 γοῦν
374 1613 390 1647 ὴ
412 1612 522 1647 Γραφή·
543 1622 551 1637 ι
578 1613 699 1646 Ἐγένετο
713 1613 739 1639 δὲ
754 1613 870 1648 διωγμὸς
887 1614 972 1648 μέγας

187 1657 234 1683 ἐπὶ
256 1657 306 1693 τὴν
331 1657 490 1692 Ἐκκλησίαν
510 1659 559 1693 τὴν
582 1660 610 1684 ὲν
640 1659 847 1694 Ἰεροσολύμοις·
875 1661 973 1691 πάντες

186 1702 216 1729 δὲ
231 1702 415 1739 διεσπάρησαν
426 1712 432 1718 ·
454 1714 462 1729 ›
479 1705 524 1730 καὶ
540 1704 619 1730 πάλιν
631 1713 637 1719 ·
660 1714 668 1729 ι
689 1705 719 1731 Οἱ
735 1706 782 1740 μὲν
796 1704 841 1732 οὖν
859 1706 974 1733 διασπα-

189 1747 282 1783 ρέντες
302 1748 409 1783 διῆλθον
429 1749 664 1785 εὐαγγελιζόμενοι
694 1751 738 1776 τὸν
757 1750 845 1784 λόγον.
872 1761 880 1777 ι
915 1750 971 1778 Εἶθ’

188 1794 252 1829 ἑξῆς
282 1794 389 1830 εἴρηται
410 1795 482 1826 ὅπως
503 1796 557 1826 τοῖς
575 1796 602 1821 ἐν
619 1797 650 1831 τῇ
677 1796 817 1831 Σαμαρείᾳ
831 1797 972 1832 εὐηγγελί-

188 1839 276 1873 ζοντο,
294 1841 340 1866 καὶ
355 1841 392 1871 ὡς
405 1840 451 1867 τοῦ
469 1841 624 1876 Πνεύματος
641 1841 687 1868 τοῦ
709 1842 784 1876 ἁγίου
804 1843 972 1878 μετεδίδοσαν

189 1886 281 1917 αὐτοῖς
297 1887 321 1912 οἱ
337 1886 488 1914 ἀπόστολοι.
517 1887 654 1914 Δέδεικται
677 1888 765 1914 τοίνυν
779 1889 853 1920 ὅπως
867 1890 972 1925 εἴρηται

189 1931 229 1963 τὺ,
246 1941 256 1957 ι
268 1932 459 1968 ’Υψωθήσομαι
475 1933 520 1959 καὶ
531 1933 661 1968 διαμεριῶ
672 1934 783 1968 Σίκιμα·
802 1945 811 1961 ι
834 1936 901 1970 μετὰ
919 1936 973 1972 γὰρ

187 1977 220 2003 τὺ
243 1977 382 2013 ὑψωθῆναι
402 1979 446 2005 τὸν
466 1979 579 2013 Σωτῆρα
604 1979 690 2005 πάντα
706 1980 791 2006 ταῦτα
811 1982 970 2017 ἐπληροῦτο.

191 2022 287 2055 Ἀλλος
309 2024 331 2050 δ’
348 2023 380 2050 ἃν
395 2025 477 2056 εἴποι,
497 2024 540 2051 διὰ.
555 2025 584 2050 τὸ
602 2025 684 2051 πάλαι
699 2025 747 2060 μὲν
763 2026 816 2053 τῶν
840 2027 973 2054 Ἰουδαίων

189 2066 257 2095 εἶναι
269 2069 418 2109 τὸν-τόπον,
434 2070 492 2096 νυνὶ
507 2070 535 2096 δὲ
551 2070 618 2105 μετὰ
637 2070 683 2105 τὴν
696 2071 743 2096 τοῦ
758 2072 881 2107 Σωτῆρος
896 2073 973 2108 ἡμῶν

188 2115 322 2151 ἀνάληψιν
332 2115 442 2151 Ἕλλησι
459 2116 505 2142 καὶ
514 2116 696 2152 Σαμαρείταις
704 2117 865 2149 ἐκδεδόσθαι,
879 2119 973 2145 τούτου

190 2160 271 2195 χάριν
288 2159 413 2195 εἰρῆσθαι
427 2159 467 2191 τὸ,
492 2169 501 2184 ‹
523 2159 714 2195 ’Υψωθὴσομαι
729 2162 775 2187 καὶ
788 2161 919 2197 διαμεριῶ
932 2162 974 2188 Σί-

189 2213 273 2238 κιμα·
289 2214 298 2230 ι
312 2204 379 2231 ἀλλὰ
398 2205 444 2231 καὶ
460 2214 468 2229 ι
493 2204 541 2239 τὴν
560 2205 670 2232 κοιλάδα
686 2205 739 2231 τῶν
759 2206 866 2240 σκηνῶν
880 2207 973 2241 διαμε-

1022 296 1049 318 et
1066 291 1126 318 forts
1140 289 1225 317 Iacob
1241 292 1293 317 est.
1325 288 1446 321 Quorum
1463 289 1585 317 meminit
1611 287 1785 323 Evangeiium
1796 305 1804 317 .

1023 336 1117 363 dicens
1135 335 1301 362 Salvatorem
1317 342 1349 361 eo
1365 333 1506 361 advenisse
1517 356 1524 368 ,
1544 342 1691 370 eorumque
1705 333 1805 360 multos

1023 381 1050 407 in
1069 381 1155 415 ipsum
1171 380 1329 407 credidisse.
1348 378 1418 412 Quin
1434 380 1514 406 etiam
1542 384 1602 414 post
1624 380 1684 414 ejus
1698 386 1806 406 assum-

1024 426 1159 460 ptionem,
1193 425 1307 460 apostoli
1335 425 1484 451 Samariam
1515 430 1654 460 petentes,
1682 425 1760 460 signa
1779 428 1806 450 ct

1025 471 1145 506 prodigia
1161 471 1342 506 operahuntur
1366 472 1393 498 in
1420 471 1489 506 ipsa,
1518 471 1554 498 ita
1583 475 1612 498 ut
1637 471 1664 497 in
1692 470 1806 497 Actibus

1025 517 1209 551 apostolorum
1223 522 1347 544 narretur
1365 516 1494 551 Spiritum
1517 521 1640 544 sanctum
1655 516 1714 550 ejus
1730 516 1806 543 inco-

1025 563 1058 589 lis
1078 563 1170 589 datutn
1198 562 1301 594 fuisse,
1324 563 1416 597 ibique
1438 569 1564 597 magnum
1591 562 1727 589 exstitisse
1740 569 1807 596 gau-

1025 608 1108 634 dium.
1129 607 1264 634 Scribitur
1278 615 1387 641 quoque
1403 606 1557 641 Philippum
1585 605 1758 633 descendisse
1779 606 1807 632 i-n

1026 654 1118 681 urbem
1134 652 1283 680 Samariam
1297 673 1305 684 ,
1335 653 1456 688 ipsisque
1479 652 1641 687 praedicasse
1656 651 1805 678 Christum.

1026 698 1123 726 Turba:
1136 707 1216 734 porro
1237 699 1318 726 dictis
1333 698 1448 734 Philippi
1464 698 1630 726 unanimiter
1656 698 1805 728 bterebant,

1026 753 1087 772 cum
1102 746 1226 773 audirent
1242 752 1273 771 ac
1282 745 1405 772 viderent
1415 745 1492 780 signa
1506 752 1565 779 qua:
1579 744 1693 771 faciebat
1709 753 1715 770 :
1729 751 1808 770 exor-

1027 794 1107 825 taque
1124 798 1220 825 magna
1236 797 1286 817 vox
1304 790 1401 816 laetitiae
1415 793 1455 816 est
1478 790 1504 816 in
1530 790 1639 816 civitate
1653 788 1710 816 illa.
1732 788 1808 815 Dein-

1027 837 1114 871 deque
1129 836 1250 863 dicitur:
1271 845 1280 861 ‹
1307 836 1373 863 Cum
1404 839 1492 862 autem
1520 835 1661 862 audissent
1682 835 1813 869 apostoli,.

1028 883 1073 917 qui
1094 886 1171 909 erant
1187 881 1380 916 Hierosolymis
1395 901 1402 913 ,
1419 880 1491 915 quod
1513 880 1661 914 recepisset
1685 879 1807 906 Samaria

1030 928 1140 955 verbum
1156 928 1213 958 Dei.
1228 928 1361 955 miserunt
1382 926 1414 954 ad
1433 934 1480 954 eos
1503 925 1610 953 Petrum
1625 930 1652 953 et
1666 924 1806 952 Joannem.

1028 974 1150 1006 Quicum
1168 973 1315 1005 venissent,
1331 975 1475 999 oraverunt
1500 979 1548 1005 pro
1565 970 1630 1006 ipsis
1650 974 1680 997 ut
1706 970 1809 1005 accipe-

1029 1023 1087 1046 rent
1101 1017 1231 1053 Spiritum
1244 1022 1384 1049 sanctum;
1402 1026 1410 1041 ι
1430 1023 1462 1042 ac
1483 1016 1657 1050 subiungitur
1678 1024 1684 1041 :
1700 1024 1709 1039 ι
1730 1013 1808 1041 Tunc

1028 1066 1202 1101 imponebant
1218 1073 1314 1092 manus
1335 1071 1416 1098 super
1430 1064 1501 1095 illos,
1519 1067 1545 1090 et
1561 1062 1729 1097 accipiebant
1748 1061 1808 1096 Spi—

1028 1112 1109 1139 ritqu
1124 1115 1247 1138 sanctum
1266 1111 1297 1137 “.
1317 1121 1326 1136 i
1339 1110 1400 1137 Haec
1414 1110 1496 1145 igitur
1508 1108 1637 1136 Samaria;
1646 1107 1716 1134 facta
1733 1111 1806 1137 sunt,

1027 1157 1065 1184 ita
1081 1161 1109 1183 ut
1126 1157 1182 1184 haec
1196 1156 1342 1191 promissio
1353 1156 1525 1190 impleretur:
1537 1163 1547 1180 ι
1567 1154 1712 1180 Exaltabor
1728 1156 1754 1180 et
1767 1153 1807 1180 di-

1029 1203 1117 1230 vidant
1138 1203 1268 1230 Sichima.
1287 1212 1297 1228 ι
1323 1201 1387 1229 Nam
1401 1201 1580 1228 Samaritanis
1598 1199 1728 1235 Spiritum
1748 1207 1809 1226 san-

1027 1253 1100 1276 ctum
1119 1249 1258 1276 distribuit
1277 1252 1337 1283 post
1360 1248 1570 1282 assumptionem
1599 1253 1674 1273 suam
1692 1249 1719 1272 et
1738 1249 1808 1280 post-

1027 1303 1108 1329 quam
1122 1295 1258 1322 exaltatus
1273 1297 1333 1326 est,
1361 1293 1469 1329 quando
1488 1302 1497 1318 ε
1517 1292 1666 1320 ascendens
1682 1292 1708 1318 in
1724 1292 1807 1317 altum

1027 1340 1160 1375 captivam
1182 1339 1260 1366 duxit
1273 1339 1470 1373 captivitatem,
1481 1342 1508 1366 et
1521 1337 1592 1365 dedit
1607 1337 1676 1364 dona
1691 1336 1807 1363 homini-

1027 1386 1122 1413 bus".
1142 1395 1150 1411 ι
1169 1384 1231 1412 Haec
1248 1392 1329 1419 porro
1350 1384 1419 1411 facta
1440 1388 1502 1411 sunt
1517 1388 1657 1419 postquam
1680 1382 1806 1416 discipuli

1028 1431 1176 1458 Salvatoris
1194 1430 1387 1466 Hierosolyma:
1400 1430 1614 1465 persecutionem
1638 1427 1711 1463 passi
1732 1431 1805 1455 sunt.

1026 1477 1070 1503 Ait
1085 1478 1175 1512 itaque
1189 1476 1329 1511 Scriptura
1344 1485 1351 1503 :
1368 1485 1377 1501 ι
1398 1475 1479 1503 Facta
1491 1479 1531 1502 est
1547 1474 1698 1510 persecutio
1711 1480 1806 1508 inagna

1027 1523 1053 1550 in
1065 1523 1249 1557 Eeclesiaqum
1260 1527 1318 1549 erat
1331 1521 1535 1556 Hierosolymis,
1547 1525 1573 1548 et
1585 1528 1680 1548 omnes
1691 1519 1806 1554 dispersi

1027 1573 1091 1596 sunt
1101 1568 1142 1600 ¹¹;
1161 1578 1169 1593 ι
1184 1575 1215 1594 ac
1231 1575 1337 1595 rursum
1354 1577 1360 1594 :
1378 1577 1387 1592 ι
1406 1567 1488 1602 Igitur
1515 1566 1562 1601 qui
1586 1564 1701 1601 dispersi
1729 1568 1807 1592 erant

1028 1614 1242 1650 pertransibant,
1256 1614 1473 1649 evangelizantes
1489 1613 1600 1639 verbum
1619 1613 1652 1640 ι’.
1672 1621 1682 1637 ι
1707 1610 1807 1638 Deinde

1024 1661 1126 1687 dictum
1143 1664 1195 1691 est,
1207 1668 1259 1694 qua
1273 1660 1378 1686 ratione
1391 1658 1568 1686 Samaritanis
1580 1657 1805 1692 evangelizarent,

1023 1710 1049 1732 et
1066 1705 1203 1740 quomodo
1220 1705 1336 1740 apostoli
1355 1704 1486 1739 Spiritum
1511 1707 1634 1731 sanctum
1663 1703 1730 1737 ipsis
1756 1702 1808 1729 im-

1024 1751 1166 1787 pertirent.
1184 1750 1405 1777 Demonstratum
1424 1757 1488 1784 ergo
1503 1753 1544 1776 est
1557 1757 1641 1784 quare
1656 1748 1758 1776 dictum
1771 1748 1808 1776 si;

1024 1797 1101 1828 illud,
1119 1806 1127 1822 ι
1147 1796 1306 1828 Exaltabor,
1320 1800 1346 1823 et
1365 1795 1483 1823 dividam
1495 1795 1625 1822 Sichima.
1643 1804 1652 1821 ι
1669 1794 1736 1821 Nam
1751 1794 1808 1821 hinc

1023 1842 1114 1870 omnia
1141 1842 1321 1877 itnplebantur
1342 1845 1485 1876 postquam
1515 1840 1638 1867 Salvator
1670 1840 1806 1867 exaltatus

1023 1892 1074 1916 est.
1088 1888 1191 1914 Dixerit
1206 1887 1298 1915 forsan
1313 1888 1393 1919 alius,
1406 1887 1469 1922 quia
1484 1886 1547 1913 olim
1563 1885 1717 1913 Judaeorum
1729 1886 1806 1913 locus

1023 1940 1092 1966 erat,
1113 1942 1186 1961 nunc
1213 1939 1302 1961 autem
1329 1937 1390 1969 post
1413 1933 1562 1960 Salvatoris
1588 1932 1672 1959 nostri
1699 1939 1806 1959 assum-

1024 1981 1154 2015 ptionem,
1184 1980 1285 2007 Graecis
1310 1985 1336 2007 et
1365 1979 1544 2006 Samaritanis
1574 1985 1719 2005 concessus
1746 1977 1806 2005 fue-

1024 2031 1075 2058 rat,
1094 2027 1154 2053 ideo
1165 2026 1277 2058 dictum,
1293 2035 1301 2051 ι
1317 2026 1470 2057 Exaltabor,
1480 2029 1506 2052 et
1514 2025 1630 2051 dividam
1643 2023 1762 2051 Sichima
1775 2033 1782 2056 ;
1794 2034 1802 2049 I

1024 2073 1071 2100 sed
1086 2073 1178 2105 etiam,
1195 2081 1204 2098 (
1228 2072 1376 2099 convallem
1395 2071 1630 2099 tabernaculorum
1644 2070 1776 2097 dimetiar.
1793 2079 1803 2095 ι

1023 2120 1177 2146 Convallem
1203 2119 1391 2146 universorum
1411 2118 1551 2145 hominum
1573 2116 1740 2144 domicilium
1758 2123 1806 2142 voé

1024 2173 1087 2192 care
1106 2165 1247 2192 consuevit
1268 2164 1441 2199 propheticus
1453 2171 1559 2191 sermo:
1578 2170 1662 2198 quare
1677 2161 1739 2188 alibi
1764 2160 1806 2188 di-

1025 2216 1099 2237 ctum
1119 2215 1180 2237 est:
1200 2220 1209 2236 ι
1238 2210 1375 2245 Disposuit
1401 2210 1429 2236 in
1453 2210 1521 2237 valle
1543 2206 1768 2244 lacrymarum".
1793 2216 1802 2232 ι

188 2250 292 2286 τρήσω.
312 2260 321 2276 ›
339 2250 456 2277 Κοιλάδα
472 2250 499 2277 δὲ
520 2250 614 2277 εἴωθεν
629 2251 770 2286 ὀνομάζειν
783 2253 796 2278 ὁ
807 2253 973 2287 προφητικὺς

1027 2256 1082 2283 lioc
1097 2257 1187 2291 itaque
1202 2257 1340 2287 hominum
1360 2257 1481 2283 omnium
1501 2254 1680 2284 domicilium,
1696 2257 1723 2280 et
1737 2260 1805 2279 con-

187 2293 266 2328 λόγος
277 2295 312 2320 ’τὸ
326 2295 432 2321 πάντων
447 2295 597 2330 ἀνθρώπων
617 2296 786 2331 οἰκητήριον·
801 2296 841 2322 διὸ
852 2296 972 2323 λέλεκται

187 2340 321 2376 ἀλλαχοῦ·
344 2350 354 2366 ι
378 2340 483 2367 algam
506 2342 545 2373 είς
566 2342 615 2376 τὴν
636 2342 746 2368 κοιλάδα
766 2342 812 2369 τοῦ
829 2343 973 2378 κλαυθμῶ-

187 2396 242 2419 νος.
259 2398 268 2413 ι
284 2387 377 2414 Τοῦτο
391 2387 422 2422 δὴ
446 2385 491 2413 οὖν
507 2387 537 2414 τὸ
559 2388 666 2415 πάντων
691 2389 840 2424 ἀνθρώπων
861 2391 972 2426 οἰκητή-

189 2442 256 2469 ριον,
281 2435 328 2461 καὶ
356 2434 405 2470 τὴν
432 2435 541 2462 κοιλάδα
567 2436 667 2469 ταύτην
696 2436 856 2471 ἐκκλησιῶν,
881 2437 972 2472 φησιν,

187 2481 307 2516 ἐμαυτοῦ
334 2482 484 2518 πληρώσω·
509 2482 524 2509 ὃ
546 2483 577 2517 δὴ
594 2483 739 2509 αἰνίττεται
754 2483 849 2516 λέγων,
867 2493 876 2509 ε
902 2484 972 2519 Σκη-

187 2526 241 2553 νῶν
256 2526 438 2563 διαμετρήσω.
460 2538 469 2555 ι
495 2529 551 2555 Καὶ
562 2530 576 2555 ὸ
595 2529 710 2560 Ἀκύλας
727 2529 755 2555 δὲ
779 2529 871 2556 τοῦτον
883 2531 972 2565 ἡρμή-

189 2580 267 2599 νευσε
291 2573 338 2600 τὸν
362 2574 470 2608 τρόπον,
489 2583 497 2599 ι
520 2575 637 2601 Κοιλάδα
662 2576 835 2611 συσκιασμῶν
854 2585 974 2611 καταμε-

188 2620 292 2655 τρήσω.
308 2628 317 2645 ι
335 2618 391 2645 Εἶθ’
407 2620 500 2656 ὥσπερ
521 2621 595 2655 ἐμὸς,
612 2621 686 2656 φησι,
704 2621 813 2655 γέγονεν
829 2623 843 2648 ὁ
858 2622 972 2655 Γαλαὰδ,

190 2665 236 2692 καὶ
249 2664 314 2700 ἐμὸς
330 2664 424 2699 γέγονέ
441 2674 505 2692 ποτε
521 2667 535 2692 ὁ
555 2667 712 2701 Μανασσῆς,
736 2667 782 2694 καὶ
802 2668 920 2703 Ἐφραῖμ
940 2666 973 2703 ἦν

188 2719 264 2742 ποτε,
281 2711 326 2737 ὅτε
345 2711 462 2747 ὑπῆρχε,
481 2721 491 2737 ‹
509 2713 674 2747 κραταίωσις
687 2713 735 2748 τῆς
746 2713 867 2748 κεφαλῆς
882 2722 942 2749 μου,
961 2724 970 2740 ›

188 2756 217 2792 ἦ,
239 2756 309 2783 κατὰ
335 2757 380 2784 τὸν
404 2757 560 2793 Σύμμαχον,
576 2769 585 2784 ι
605 2760 680 2794 ἰσχὺς
702 2760 751 2795 τῆς
774 2760 860 2795 ἀρχῆς
876 2768 944 2795 μου·
961 2771 970 2787 ι

189 2802 324 2837 ὁμοίωςτε
333 2802 436 2840 ὥσπερ,
451 2801 485 2840 ἦν
493 2812 558 2831 ποτε
574 2814 583 2830 ι
600 2805 614 2831 ὁ
630 2805 727 2837 Ἰούδας
744 2805 868 2840 βασιλεὺς
891 2815 969 2842 μου,›

1026 2302 1121 2328 vallem
1138 2302 1227 2332 istam,
1243 2301 1376 2333 ecclesiis,
1392 2300 1496 2335 inquit,
1513 2300 1581 2326 meis
1595 2296 1713 2332 replebo.
1729 2296 1805 2329 Quod

1026 2347 1068 2374 his
1084 2347 1173 2374 verbis
1184 2347 1349 2378 subindicat,
1362 2356 1370 2372 ι
1387 2345 1632 2373 Tabernaculorum
1646 2343 1780 2371 dimetiar.
1793 2353 1802 2368 ι

1026 2393 1122 2427 Aquila
1136 2400 1198 2419 vero
1211 2392 1250 2420 sic
1268 2393 1462 2427 interpretatus
1477 2395 1528 2422 est,
1552 2399 1561 2415 ι
1577 2389 1733 2417 Convallem
1746 2396 1806 2416 um—

1026 2437 1199 2464 braculorum
1215 2437 1320 2464 metiar.
1339 2446 1347 2462 ›
1366 2436 1514 2467 Deinde,ut
1528 2435 1601 2466 olim,
1615 2434 1712 2469 inquit,
1729 2441 1805 2460 meus

1026 2483 1076 2510 fuit
1102 2483 1202 2510 Galaad
1216 2503 1223 2515 ,
1252 2490 1328 2509 meus
1344 2483 1406 2508 item
1422 2481 1561 2508 Manasses
1575 2500 1582 2512 ,
1602 2484 1629 2507 et
1656 2479 1783 2515 Ephraiiu
1795 2499 1805 2511 ,

1028 2539 1037 2554 ε
1057 2529 1186 2556 fortitudo
1198 2529 1293 2563 capitis
1307 2528 1358 2555 mei
1376 2537 1384 2553 ι
1400 2527 1535 2562 quondam
1545 2530 1619 2559 erat;
1636 2526 1805 2559 sive,secun-
1841 2557 1844 2559 η

1025 2574 1088 2601 dum
1101 2573 1303 2609 Symmachum,
1318 2582 1327 2598 ε
1344 2573 1426 2600 robur
1441 2572 1608 2607 principatus
1623 2572 1686 2604 mei;
1702 2580 1710 2596 ο
1729 2571 1804 2603 item,

1026 2625 1054 2647 ut
1067 2620 1130 2647 olim
1145 2629 1154 2644 ‹
1175 2619 1258 2647 Judas
1285 2627 1332 2646 rex
1357 2626 1432 2645 meus
1454 2628 1462 2644 ι
1487 2617 1554 2649 fuit;
1580 2622 1627 2644 aut
1654 2616 1806 2644 secundum

1025 2665 1160 2700 Aquilam,
1180 2674 1189 2690 (
1208 2663 1292 2691 Judas
1308 2663 1422 2698 diligens
1448 2662 1590 2697 inquisitor
1607 2670 1699 2694 meus;
1722 2671 1732 2686 ι
1755 2668 1805 2687 ea-

1026 2712 1085 2739 dem
1102 2719 1213 2747 prorsus
1228 2711 1384 2738 conditione
1398 2710 1448 2737 erit
1461 2710 1672 2745 alienigenarum
1690 2707 1764 2742 regio
1777 2712 1804 2733 et

1026 2759 1101 2791 urbs,
1117 2766 1177 2793 qua:
1192 2758 1293 2785 dicitur
1316 2757 1413 2785 Moab:
1438 2756 1569 2784 eﬁicietur
1593 2757 1666 2784 enim
1696 2764 1705 2780 ι
1731 2754 1805 2782 lcbes

1026 2805 1083 2840 spei
1098 2812 1180 2838 mea;
1201 2815 1210 2831 ι
1232 2805 1284 2838 vel,
1310 2805 1460 2832 secundum
1476 2804 1619 2839 Aquilam,
1643 2812 1651 2829 ι
1671 2802 1746 2830 lebee
1763 2802 1804 2829 la.-

228 2890 249 2907 “
265 2890 395 2924 Act.vnr,
412 2890 504 2920 H—l'l.
541 2893 564 2910 ¹⁶
572 2892 644 2922 Psal.
661 2900 746 2928 van,
765 2895 807 2923 l9.
846 2895 941 2924 “Aen.
956 2904 974 2924 v.‘

1025 2895 1051 2924 Ι.
1086 2896 1108 2913 ¹²
1145 2895 1212 2924 ibid.
1229 2895 1254 2924 ι.
1293 2893 1397 2923 “Psal.
1415 2901 1512 2928 tum,
1530 2893 1560 2922 6.
