2064 3212
192 149 247 180 509

757 148 1012 178 consumam
1028 150 1060 178 IN
1076 150 1245 180 PSALMOS.
1276 115 1331 162 δ’(ί

1752 153 1806 182 570

192 210 361 247 πληροῦντας
371 209 421 242 τὰς
445 208 605 244 Ἑκκλησίας
615 208 664 236 τοῦ
688 208 765 236 Θεοῦ.
788 209 923 241 Ὡσαύτως
948 209 972 236 δὲ

1027 210 1177 238 secundum
1194 210 1397 246 Symmacnum.
1422 209 1509 244 Quam
1523 212 1586 239 item
1602 211 1805 246 pradictionem

193 256 251 289 καὶ,
269 266 278 280 ε
306 256 368 282 Ἐπὶ
382 255 533 291 Ἰδουμαίαν
550 256 726 291 ἑπιὸήσομαι,
748 256 833 291 φησι,
855 255 895 290 τῷ
912 256 977 282 ὐπο-

192 301 292 337 δὴματί
315 310 375 337 μου,
396 311 405 326 ι
421 301 492 327 κατὰ
515 301 560 327 τὸν
586 301 742 336 Σύμμαχον.
770 301 824 327 Καὶ
838 301 938 336 ταύτην
947 301 975 327 δὲ

191 347 240 383 τὴν
264 347 415 383 πρόρρησιν
435 347 510 374 οὐδὲν
532 347 564 374 ἂν
582 347 624 382 εἴη
642 347 770 382 δυσχερὲς
790 347 862 379 ἰδεῖν,
878 348 910 382 τῇ
922 347 976 373 τῶν

198 394 353 430 Ἰδουμαίων
368 394 531 424 ὲπιστάντας
542 393 618 428 χώρᾳ
639 394 686 419 καὶ
701 393 734 419 τὰ
754 392 840 428 πλήθη
856 393 908 419 τῶν
926 393 975 419 αὺ-

189 440 248 466 τόθι
262 439 429 474 Ἐκκλησιῶν
443 439 490 465 τοὺ
503 438 571 465 Θεοῦ
584 439 644 473 ὄψει
653 438 857 474 παραλαϐόντας
867 447 874 453 ·
883 438 921 470 ώς
939 439 976 473 μὴ

189 485 303 521 ὀκνῆσαί
315 494 374 512 τινα
390 484 497 520 ἀληθῶς
514 485 640 511 ὲπίὸασιν
656 485 795 518 γεγονέναι
812 485 868 515 τοῖς
885 484 976 515 τόποις

188 531 303 562 ἐκείνοις
315 531 492 566 ὁμολογῆσαι.
503 531 552 557 Διὰ
564 531 595 566 δὴ
610 530 694 557 ταῦτα
712 530 839 565 ἀνωτέρω
853 529 974 563 ἐλέγετο⁸

191 588 201 602 ι
231 578 261 604 '0
281 577 347 609 Θεὸς
367 577 496 612 ἐλάλησεν
513 578 541 602 ὲν
555 577 594 611 τῷ
610 577 679 611 ἁγίῳ
692 576 783 603 αὑτοῦ·
803 575 976 609 ’Ᾱγαλλιάσο-

189 633 248 659 μαι.
273 633 283 649 ι
296 623 401 650 Μέλλον
419 623 474 658 γὰρ
491 624 545 649 πᾶν
561 623 591 648 τὸ
607 622 660 648 τῶν
677 622 826 658 ἀνθρώπων
841 622 918 656 γένος
931 621 976 647 ἐπὶ

189 669 311 704 σωτηρίᾳ
335 668 537 701 ἀνακαλεῖσθαι,
554 668 710 703 πρεπόντως
731 668 812 694 αὑτοῦ
827 669 859 703 τῇ
881 667 975 702 φιλαν-

188 715 307 751 θρωπίᾳ,
322 715 462 750 συνέχαιρε
478 716 512 750 τῇ
526 714 579 741 τῶν
598 714 757 748 σωζομένων
774 714 903 749 σωτηρίᾳ.
922 714 975 739 Καὶ

187 761 275 793 ἄλλως
287 762 316 788 δὲ
328 762 453 796 ὑπόδημα
467 763 498 788 αὑ
504 761 548 788 τοῦ
562 762 611 787 οὐκ
626 761 658 787 ἂν
675 761 805 796 ἁμάρτοις
818 760 903 794 λέγων
913 762 975 792 τοὺς

186 807 362 839 ἀποστόλους,
380 808 396 842 ἢ
413 809 475 839 τοὺς
491 808 530 839 εἰς
550 807 588 833 ἔτι
603 806 682 841 δεῦρο
696 806 735 841 τῷ
749 807 812 841 περὶ
829 805 911 832 αὑτοῦ
927 815 975 841 κη-

188 852 306 888 ρύγματι
322 852 553 887 διακονουμένους.
571 851 661 878 Ταῦτα
678 851 709 886 δὴ
718 849 763 877 οὖν
778 851 867 877 πάντα
882 851 974 886 εἰργά-

187 906 254 924 σατο
276 899 291 924 6
307 898 383 929 Θεὸς.
404 898 447 924 ὅτε
471 899 513 924 ἐπ’
533 897 639 934 ἐσχάτῳ
653 897 706 923 τῶν
722 896 832 932 ἡμερῶν
845 896 973 931 ἐλάλησεν

185 944 252 978 ἡμῖν
268 944 297 970 ὲν
310 943 348 978 τῷ
367 943 436 978 ἁγίῳ
450 942 542 969 αὑτοῦ.
563 942 631 968 Καθ’
647 942 741 977 ἑτέραν
752 942 779 967 δὲ
796 941 908 977 ἐκδοχὴν
926 942 974 968 λα-

184 989 271 1024 λήσας
286 990 300 1015 ό
320 989 385 1020 Θεὸς
399 990 427 1015 ὲν
442 989 480 1023 τῷ
494 989 563 1023 ἁγίῳ
577 988 670 1019 αὑτοῦ,
688 988 790 1019 πάντας
807 987 974 1019 ἁπαξαπλῶς

190 1035 335 1066 Ἰουδαίους
346 1043 375 1061 τε
388 1036 435 1062 καὶ
443 1035 587 1069 Ἕλληνας,
600 1034 633 1060 τά
641 1042 669 1059 τε
681 1034 740 1060 καθ’
752 1033 814 1068 ὅλης
825 1033 874 1068 τῆς
886 1034 974 1059 οἰκου-

187 1079 272 1115 μένης
294 1080 356 1115 ἔθνη
373 1082 413 1112 είς
434 1080 483 1115 τὴν
501 1080 598 1106 ἑαυτοῦ
623 1081 701 1115 χάριν
721 1080 912 1106 ἀνεκαλέσατο·
933 1080 973 1106 διὸ

184 1127 232 1151 καὶ
242 1126 291 1161 τὴν
306 1127 405 1161 Σίκιμα
415 1127 461 1152 καὶ
478 1127 523 1153 τὸν
536 1126 642 1152 Γαλαὰδ
653 1126 701 1161 (1),
712 1126 757 1152 καὶ
770 1126 814 1152 τὸν
825 1126 973 1160 Μανασσῆν

185 1171 233 1199 καὶ
245 1172 291 1198 τὸν
309 1172 428 1207 Ἑφραῖμ
442 1173 488 1198 καὶ
505 1173 549 1199 τὸν
573 1171 673 1198 Ἰούδαν
694 1173 740 1197 καὶ
761 1173 806 1198 τὸν
823 1172 909 1198 Μωὰϐ
927 1173 972 1198 καὶ

184 1218 235 1253 τὴν
258 1217 407 1252 Ἰδουμαίαν
435 1219 481 1245 καὶ
499 1219 562 1250 τοὺς
586 1218 749 1252 ἀλλοφύλους
771 1219 893 1250 ἅπαντας
910 1227 974 1245 κατ-

184 1261 367 1297 ηριθμήσατο,
383 1261 413 1294 ἐξ
428 1262 484 1288 ῐσου
502 1263 549 1297 τῆς
565 1263 659 1297 ὁμοίας
672 1262 792 1297 κλήσεως
804 1262 972 1296 καταξιώσας

183 1309 259 1335 ἅπαν
273 1308 305 1335 τὸ
321 1308 373 1334 τῶν
388 1308 537 1344 ἀνθρώπων
553 1307 630 1341 γένος
642 1316 648 1322 ·
665 1308 733 1343 πλὴν
757 1308 824 1334 ἀλλά
850 1308 972 1343 πρώτους

182 1355 248 1386 τοὺς
257 1353 311 1380 ἀπὺ
326 1354 372 1380 τοῦ
393 1353 499 1388 Ἰσραὴλ
519 1353 605 1380 καλεῖ.
628 1353 724 1388 Ἐχρῆν
740 1353 792 1388 γὰρ
805 1352 838 1379 τὰ
851 1355 971 1389 πρωτεῖα

183 1401 232 1427 καὶ
245 1400 295 1431 τὰς
309 1400 435 1435 ἀπαρχὰς
449 1398 495 1425 τοῦ
513 1399 689 1433 εὐαγγελικοῦ
703 1398 879 1434 κηρύγματος
896 1399 970 1434 πρώ-

183 1454 240 1477 τοις
255 1446 345 1477 αὐτοῖς
358 1443 503 1480 ἀπονεῖμαι
515 1444 558 1470 διὰ
572 1444 619 1475 τὰς
632 1444 698 1479 πρὸς
711 1446 773 1476 τοὺς
787 1444 875 1470 αὐτῶν
888 1445 972 1472 πατέ-

184 1500 236 1527 ρας
262 1491 439 1526 ἐπαγγελίας,
458 1491 490 1517 δι’
516 1491 548 1522 ἃς
565 1492 612 1517 καὶ
626 1491 704 1522 αὐτὸς
718 1491 732 1516 ὁ
748 1490 841 1525 Σωτὴρ
853 1490 971 1526 πρώτοις

182 1539 275 1570 αὐτοῖς
313 1538 503 1574 εὐηγγελίζετο
539 1538 742 1573 μαρτυρόμενος
782 1537 829 1563 καὶ
865 1537 967 1571 λέγων·
984 1553 1006 1583 C

185 1593 194 1609 ι
215 1583 273 1612 Οὐκ
286 1582 366 1619 ἦλθον
385 1585 409 1610 εί
427 1583 464 1619 μὴ
489 1584 528 1615 είς
552 1584 586 1610 τὰ
609 1584 731 1619 πρόσατα
755 1583 788 1610 τὰ
814 1582 970 1610 ἀπολωλότα

181 1629 257 1656 οἴκου
273 1630 389 1665 Ἰσραήλ.
399 1639 407 1654 t
424 1630 479 1656 Καὶ
490 1631 546 1660 τοῖς
557 1630 716 1660 ἀποστόλοις
723 1629 751 1655 δὲ
763 1629 844 1656 αὑτοῦ
853 1628 969 1664 πρώτοις

181 1675 274 1707 αὐτοῖς
296 1675 443 1711 κηρύσσειν
466 1675 497 1701 τὸ
525 1675 688 1709 Εὑαγγέλιον
710 1675 824 1711 παρῄνει
843 1676 967 1710 φάσκων·

185 1731 194 1746 ι
211 1722 258 1753 Et;
270 1721 329 1748 ὁδὸν
341 1721 426 1748 ἐθνῶν
439 1721 475 1756 μὴ
490 1720 633 1756 ἀπέλθητε,
652 1721 698 1747 καὶ
713 1722 752 1753 εἰς
775 1721 850 1748 πόλιν
878 1722 970 1757 Σαμαι-

184 1767 282 1803 ρειτῶν
299 1767 337 1802 μὴ
364 1767 502 1802 εἰσέλθητε
513 1776 519 1781 ·
535 1767 682 1803 πορεύεσθε
699 1767 727 1793 δὲ
742 1767 840 1802 μᾶλλον
855 1768 922 1803 πρὸς
935 1767 969 1794 τὰ

182 1813 305 1848 πρόϐατα
319 1813 353 1839 τὰ
369 1812 526 1840 ἀπολωλότα
539 1813 612 1839 οἴκου
644 1812 761 1849 Ἰσραήλ.
783 1823 792 1839 ι
815 1812 881 1839 Εἶτα
910 1814 968 1849 μετ’

181 1859 302 1890 ἐκείνους
322 1859 486 1894 προσέταττε
508 1861 563 1890 τοῖς
585 1859 681 1886 ἑαυτοῦ
705 1859 839 1894 μαθηταῖς
855 1859 969 1893 εὐαγγε-

181 1905 303 1937 λίζεσθαι
319 1905 408 1931 πάντα
422 1904 456 1930 τὰ
469 1904 531 1939 ἔθνη
545 1906 574 1931 ἐν
592 1904 631 1939 τῷ
646 1905 757 1940 ὀνόματι
769 1905 860 1931 αὑτοῦ.
877 1905 969 1937 Οὕτως

181 1949 230 1978 οὖν
241 1951 287 1978 καὶ
302 1951 348 1978 ἐπὶ
359 1951 406 1977 τοῦ
422 1951 554 1986 παρόντος
568 1952 582 1977 ὁ
597 1951 651 1977 τῶν
665 1951 732 1977 ὅλων
744 1951 809 1982 Θεὸς
819 1951 969 1986 ὲνοικήσειν

174 1999 212 2024 *ἐν
226 1996 265 2032 τῷ
283 1997 352 2032 ἁγίῳ
366 1997 460 2028 αὑτοῦ,
477 1998 505 2023 ἐν
515 1997 588 2032 αὑτῷ
605 2006 634 2023 τε
648 1998 694 2023 καὶ
708 1997 740 2023 δι’
752 1997 832 2023 αὑτοῦ
844 1996 969 2032 λαλήσειν

183 2043 339 2078 ἀνθρώποις
369 2043 541 2074 θεσπίζεται·
570 2044 616 2070 καὶ
639 2043 676 2074 ώς
699 2043 765 2078 ἐιμοῦ
784 2044 830 2069 καὶ
853 2043 923 2069 κατὰ
940 2043 969 2069 τὸ

182 2088 248 2115 αὐτὸ
262 2088 307 2115 τὸν
329 2088 447 2124 Ἐφραῒμ.
460 2089 507 2115 καὶ
522 2089 567 2115 τὸν
585 2089 733 2123 Μανασσῆν
747 2089 793 2115 καὶ
807 2089 851 2115 τὸν
872 2088 968 2115 Ἰούδαν

181 2134 344 2168 εἰσδέξεται·
376 2135 400 2161 οἳ
430 2134 512 2160 πάλαι
541 2134 588 2169 μὲν
611 2132 680 2169 ἦσαν
711 2134 861 2165 διεστῶτες,
886 2134 930 2160 ὅτε
955 2136 968 2160 ὁ

183 2181 234 2216 μὲν
251 2180 350 2212 Ἰούδας
365 2180 519 2207 ἐϐασίλευεν
532 2181 560 2205 ὲν
577 2179 785 2215 Ἰερουσαλὴμ,ὀ
796 2179 823 2205 δὲ
840 2179 966 2215 Ἐφραῒμ,

1027 257 1054 284 in
1065 260 1192 292 promptu
1204 256 1415 291 estcompletam
1427 256 1518 284 videre
1531 257 1564 284 iis
1572 257 1617 291 qui
1627 256 1654 283 in
1663 255 1805 284 ldumcam

1026 302 1189 334 concedunt.
1208 307 1234 330 et
1262 301 1461 328 multitudinem
1488 302 1670 330 Ecclesiarum
1699 301 1747 329 Dei
1769 302 1806 328 ibi

1026 349 1214 384 conspiciunt;
1232 352 1261 375 ut
1273 351 1416 376 cunctetur
1436 355 1514 375 nemo
1532 348 1655 375 conﬁteri
1668 369 1675 380 ,
1692 356 1754 375 vere
1778 348 1805 375 iu

1026 394 1084 421 loca
1097 394 1141 420 illa
1155 401 1334 421 conscensum
1350 392 1450 420 factum
1465 401 1535 420 esse.
1564 392 1709 427 Propterea
1725 400 1807 427 supe-

1026 439 1084 466 rius
1101 438 1204 465 dictum
1219 443 1260 466 est
1273 448 1279 466 :
1292 448 1301 464 ‹
1320 437 1391 466 Deus
1407 438 1513 465 locutus
1527 442 1568 466 est
1584 439 1612 465 in
1628 442 1722 465 sancto
1737 446 1803 465 suo:

1026 484 1184 512 Exsultabo.
1202 494 1210 510 ι
1224 484 1291 512 Nam
1301 493 1362 512 cum
1382 485 1530 512 humanum
1545 491 1630 519 genus
1651 485 1805 511 universum

1026 530 1058 557 ad
1074 531 1189 557 salutem
1206 530 1386 557 revocandum
1395 533 1479 561 esset,
1496 533 1524 556 ut
1534 530 1594 563 ejus
1606 536 1669 563 erga
1682 529 1807 555 homines

1026 582 1146 602 amorem
1160 575 1292 606 decebat,
1318 575 1433 602 salutem
1452 574 1540 601 nactis
1558 574 1719 608 gratulatur.
1746 573 1805 600 Alia

1025 627 1114 649 autem
1129 621 1235 648 ratione
1246 620 1313 647 nillil
1327 620 1439 647 aberres
1453 620 1475 646 si
1494 618 1580 650 dicas,
1593 619 1804 645 calceamentum

1025 667 1084 701 ejus
1101 666 1185 693 fuisse
1198 665 1345 700 apostolos,
1358 665 1414 692 sive
1429 665 1509 691 etiam
1525 664 1584 698 ejus
1595 664 1628 691 ad
1640 663 1709 690 hanc
1721 671 1806 698 usque

1024 713 1095 740 diem
1114 711 1316 746 praedicationis
1347 710 1499 738 ministros.
1518 709 1580 736 llaec
1601 709 1692 744 itaque
1715 709 1806 737 omnia

1024 764 1150 793 operatus
1166 763 1208 786 est
1225 757 1294 785 Deus
1307 777 1314 789 ,
1345 757 1453 791 quando
1481 757 1507 784 in
1535 756 1684 784 novissimo
1701 755 1806 782 dierum

1026 805 1132 832 locutus
1153 808 1195 831 est
1212 804 1290 831 nobis
1308 804 1334 830 in
1351 802 1451 829 Sancto
1469 810 1528 829 suo.
1548 793 1703 829 Secundum
1725 802 1805 828 aliam

1025 859 1089 878 vero
1105 850 1321 884 explicationem,
1345 850 1452 876 locutus
1471 848 1540 875 Deus
1564 849 1591 875 in
1619 847 1720 875 Sancto
1740 855 1803 878 suo.

991 888 1010 913 Β
1025 905 1119 924 omnes
1143 896 1254 923 omnino
1279 894 1387 922 Judazos
1411 900 1437 922 et
1454 894 1562 921 Graecos
1579 913 1585 925 ,
1615 894 1735 927 aliasque
1759 900 1806 927 per

1026 939 1181 966 universum
1193 940 1286 966 orbem
1302 943 1396 974 gentes
1416 938 1448 965 ad
1467 938 1580 973 gratiam
1598 945 1805 975 suamrevoca-

1025 986 1072 1011 rit.
1092 984 1184 1018 Quare
1199 983 1330 1014 Sichima.
1346 983 1456 1016 Galaad,
1473 983 1615 1010 Manassen
1627 1003 1634 1015 ,
1659 981 1785 1016 prraim
1796 1001 1803 1013 ,

1023 1032 1138 1064 Judam,
1158 1032 1254 1062 Moab.
1282 1031 1425 1058 ldumzeam
1439 1050 1446 1063 ,
1472 1034 1499 1057 et
1525 1030 1690 1064 alienigenas
1711 1036 1805 1055 omnes

1023 1078 1292 1109 enumeravit,simili
1309 1077 1449 1104 vocatione
1464 1080 1548 1102 totum
1561 1083 1645 1109 genus
1657 1075 1804 1101 humanum
1850 1094 1852 1096 .

1023 1132 1098 1159 aeque
1109 1124 1255 1158 dignatus;
1274 1123 1321 1150 sed
1337 1123 1441 1158 priores
1455 1123 1499 1157 qui
1513 1130 1545 1149 ex
1558 1121 1639 1149 Israel
1656 1124 1734 1147 erant
1749 1127 1805 1149 me-

1024 1170 1148 1197 moravit.
1169 1169 1294 1204 Oportuit
1314 1169 1386 1195 enim
1405 1167 1540 1203 primitias
1552 1166 1712 1201 evangelica:
1737 1173 1805 1200 prae-

1023 1216 1168 1243 dicatiouis
1183 1215 1250 1250 ipsis
1264 1214 1401 1249 impertire
1413 1233 1421 1246 ,
1448 1213 1482 1241 ob
1511 1212 1706 1248 promissiones
1721 1211 1806 1246 patri-

1022 1262 1073 1289 bus
1089 1268 1182 1289 eorum
1201 1260 1304 1291 factas.
1336 1267 1452 1294 quarum
1481 1266 1563 1286 causa
1588 1257 1711 1285 Salvator
1739 1256 1806 1291 ipsis

1023 1307 1161 1342 prioribus
1182 1306 1356 1341 Evangelium
1372 1304 1544 1339 praedicabat.
1559 1304 1615 1330 hate
1628 1302 1804 1330 testiﬁcatus:

1025 1362 1034 1377 ε
1040 1351 1099 1378 Non
1106 1351 1166 1379 veni
1175 1351 1226 1378 nisi
1236 1351 1268 1377 ad
1275 1357 1339 1377 ονε-5
1348 1357 1406 1384 qua:
1415 1349 1552 1384 perierunt
1560 1349 1657 1375 domus
1665 1347 1745 1374 Israel
1753 1347 1786 1373 ¹⁶.
1793 1356 1803 1373 ι

1022 1397 1161 1432 Apostolis
1177 1403 1285 1431 quoque
1300 1396 1357 1423 suis
1368 1395 1551 1429 praecipiebat,
1561 1399 1589 1420 ut
1607 1392 1674 1428 ipsis
1688 1393 1804 1428 primum

1022 1442 1197 1477 Evaugelium
1208 1441 1387 1476 prmdicarent
1403 1440 1496 1466 dicens
1510 1449 1515 1466 :
1535 1448 1544 1465 ι
1560 1438 1589 1465 ln
1600 1439 1671 1466 viam
1684 1438 1804 1473 gentium

1022 1496 1056 1515 ne
1072 1487 1205 1519 abieritis,
1223 1490 1250 1514 et
1270 1486 1297 1513 in
1313 1486 1448 1512 civitatem
1464 1484 1697 1511 Samaritanorum
1714 1491 1748 1510 ne
1764 1483 1806 1509 in-

1022 1534 1159 1562 traveritis
1171 1542 1178 1566 ;
1194 1533 1241 1560 sed
1250 1533 1286 1560 ite
1300 1532 1391 1567 potius
1400 1531 1432 1558 ad
1443 1538 1517 1562 oves,
1526 1538 1586 1564 quae
1597 1530 1747 1564 perierunt,
1757 1528 1806 1555 do-

1022 1588 1083 1608 mus
1092 1579 1213 1608 Israel".
1227 1588 1236 1605 ι
1246 1577 1400 1606 Secundum
1412 1577 1472 1604 illos
1478 1579 1566 1603 autem
1574 1574 1805 1610 jubetdiscipulos

1022 1634 1086 1654 suos
1103 1625 1278 1660 Evangelium
1301 1623 1449 1660 prazdicare
1474 1622 1601 1649 omnibus
1630 1621 1756 1656 gentibus
1778 1621 1805 1647 in

1021 1671 1131 1698 nomine
1144 1678 1204 1697 suo.
1219 1669 1264 1697 Sic
1277 1676 1341 1704 ergo
1350 1669 1376 1695 in
1394 1667 1520 1704 praesenti
1532 1667 1721 1694 universorum
1734 1665 1806 1694 Deus

1022 1716 1049 1743 in
1066 1716 1167 1743 Sancto
1177 1723 1227 1743 suo
1243 1715 1427 1742 habitaturum
1443 1721 1483 1746 se,
1500 1717 1580 1748 atque
1594 1713 1621 1739 in
1639 1712 1698 1747 ipso
1718 1717 1744 1739 et
1758 1719 1807 1747 prr

1022 1762 1111 1797 ipsum
1127 1762 1282 1789 locuturum
1296 1768 1356 1788 esse
1367 1759 1523 1786 hominibus
1532 1759 1712 1785 vaticinatur:
1727 1762 1754 1785 et
1768 1758 1807 1784 ait

1022 1814 1051 1834 se
1073 1806 1154 1834 simul
1171 1805 1326 1840 pariterque
1340 1804 1480 1839 Ephraim,
1495 1803 1638 1830 Manassen
1661 1806 1687 1830 et
1707 1801 1806 1829 Judalu

1022 1855 1201 1887 excepturum
1220 1859 1299 1883 esse;
1318 1850 1363 1885 qui
1386 1850 1450 1877 olim
1466 1849 1573 1884 quidem
1599 1848 1689 1876 dissiti
1706 1853 1782 1876 erant
1797 1868 1804 1879 .

1021 1899 1131 1934 quando
1144 1897 1214 1925 Juda
1225 1897 1354 1932 regnabat
1365 1896 1391 1922 in
1406 1895 1568 1928 Jerusalem,
1580 1894 1706 1929 Ephraim
1719 1894 1746 1921 in
1763 1893 1806 1921 Si-

1022 1944 1120 1971 chimis
1136 1948 1162 1970 et
1174 1943 1307 1974 Samaria,
1319 1941 1459 1968 Manasses
1473 1948 1536 1968 vero
1551 1941 1689 1968 habitabat
1709 1940 1736 1966 in
1750 1939 1804 1966 Ga-

1022 1991 1091 2018 laad.
1111 1989 1146 2017 Ut
1161 1990 1237 2016 nullo
1259 1989 1342 2024 igitur
1357 1988 1470 2015 ulterius
1487 1986 1645 2014 discrimine
1673 1986 1805 2014 interces—

1021 2045 1096 2070 suro,
1112 2036 1240 2071 nullaque
1256 2036 1325 2062 inter
1340 2042 1387 2061 eos
1402 2033 1584 2069 discrepantia
1604 2032 1712 2065 futura,
1730 2033 1804 2068 ipsus

1021 2083 1126 2119 priores
1159 2082 1291 2115 advocat;
1321 2080 1418 2107 deinde
1445 2079 1597 2111 Moabitas,
1623 2079 1804 2110 Ammonitas.

1022 2130 1165 2162 lduurazos,
1182 2135 1350 2163 caatcrosque
1368 2128 1491 2154 homines
1508 2133 1602 2153 omnes
1613 2145 1620 2158 .
1648 2125 1804 2153 universum

1021 2177 1113 2204 orbem
1129 2176 1290 2202 incolentes.
1307 2173 1343 2200 Ex
1365 2173 1478 2200 historia
1497 2179 1577 2207 porro
1599 2171 1806 2206 Evangeliorum

181 2228 210 2253 ὲν
226 2227 349 2262 Σικίμοις
366 2227 412 2253 καὶ
426 2226 578 2261 Σαμαρείᾳ,
597 2226 610 2251 ὁ
632 2226 660 2251 δὲ
673 2225 819 2259 Μανασσῆς
835 2224 901 2259 ᾠκει
917 2225 966 2260 τὴν

1022 2222 1135 2253 ediscas,
1155 2228 1209 2255 quo
1222 2221 1351 2255 tempore]
1363 2218 1480 2246 Sanctus
1495 2217 1540 2245 Dci
1565 2218 1592 2244 iu
1615 2216 1742 2243 Sichimis
1758 2223 1808 2250 pe-

181 2272 296 2299 Γαλαάδ.
321 2273 364 2303 Ὠς
380 2272 477 2307 μηκέτι
492 2271 580 2297 τοίνυν
593 2269 755 2306 ἀφορισμοῦ,
776 2271 842 2305 μήτε
856 2269 966 2296 διαστά-

181 2326 251 2350 σεως
267 2317 350 2352 οὔσης
370 2318 398 2343 ἐν
414 2316 514 2348 αὐτοῖς,
529 2315 652 2351 πρώτους
670 2315 768 2346 αὐτοὺς
785 2313 948 2340 εἰσκαλεῐτειι
960 2323 966 2329 ·

180 2362 240 2390 εἶτα
256 2363 403 2394 Μωαϐίτας
421 2362 468 2388 καὶ
489 2361 666 2397 Ἀμμανίτας,
689 2360 851 2395 Ἰδουμαίους
869 2368 898 2386 τε
922 2360 968 2386 καὶ

181 2411 244 2441 τοὺς
259 2409 369 2441 λοιποὺς
384 2409 507 2439 ἅπαντας
523 2407 682 2442 ἀνθρώπους
697 2407 758 2438 τοὺς
772 2406 831 2432 καθ’
843 2406 906 2440 ὅλης
919 2407 969 2441 τῆς

181 2454 343 2490 οίκουμένης
355 2453 504 2485 οἰκοῦντας.
522 2452 639 2483 Γνώσεις
652 2452 674 2478 δ’
690 2451 722 2477 ἂν
737 2452 768 2478 ὲκ
781 2452 830 2486 τῆς
850 2452 969 2487 ἱστορίας

181 2500 235 2526 τῶν
249 2500 432 2534 Εὑαγγελίων,
450 2500 523 2531 ὅπως
543 2497 604 2525 καθ’
617 2497 663 2528 οὓς
679 2498 788 2532 χρόνους
804 2499 817 2524 ὁ
834 2497 909 2531 ἅγιος
921 2497 967 2523 τοῦ

181 2545 248 2572 Θεοῦ
265 2546 312 2573 καὶ
329 2547 385 2578 τοῖς
401 2546 524 2580 Σικίμοις
551 2544 691 2580 ἐπεδήμει,
707 2545 754 2571 καὶ
783 2545 851 2580 αὐτῇ
876 2545 967 2578 Σαμα-

184 2593 255 2628 ρείᾳ,
269 2594 302 2628 τῇ
317 2601 346 2618 τε
365 2592 550 2628 Ἰερουσαλὴμ,
564 2591 702 2626 ήνωμένου
730 2590 790 2617 τότε
807 2591 853 2617 τοῦ
872 2589 988 2625 Ἰσραὴλ,

1021 2267 1222 2302 regrinabatur,
1240 2266 1304 2293 etin
1315 2266 1373 2300 ipsa
1388 2265 1520 2294 Samaria,
1532 2270 1637 2290 necnon
1648 2262 1676 2289 in
1694 2261 1809 2289 Jerusa-

1020 2313 1083 2346 lem,
1099 2313 1224 2340 lsraelcm
1250 2317 1306 2339 tum
1333 2312 1507 2346 conjunctum
1522 2310 1624 2341 fuisse,
1648 2308 1808 2343 nullamque-

1020 2359 1211 2387 intercessisse
1224 2357 1401 2390 divisionem;
1419 2358 1459 2384 sic
1470 2360 1496 2383 et
1512 2355 1650 2390 apostolos
1668 2361 1731 2382 suos
1748 2354 1807 2389 pri<

1022 2413 1065 2432 mo
1095 2406 1128 2432 ad
1153 2412 1218 2432 oves
1234 2412 1294 2439 qua:
1320 2404 1456 2438 perierant
1481 2401 1579 2428 domus
1603 2400 1685 2427 lsrael
1710 2400 1803 2431 misit;

1023 2456 1116 2487 postea
1130 2455 1230 2482 autem,
1249 2449 1345 2476 iisdem
1364 2456 1429 2476 usus
1442 2455 1492 2475 ceu
1507 2447 1715 2478 calceamentis,
1741 2447 1803 2473 uni-

1021 2504 1130 2524 versum
1146 2495 1286 2522 hominum
1309 2502 1393 2530 genus
1420 2493 1531 2521 salutari
1560 2492 1647 2529 gratia
1678 2492 1804 2528 dignatus

1020 2545 1072 2569 cst.

1019 2588 1065 2614 καὶ
1091 2587 1224 2622 μηδεμιᾶς
1240 2585 1323 2621 οὓσης
1340 2586 1368 2611 ἐν
1385 2584 1457 2620 αὑτῷ
1474 2585 1656 2616 διαστάσεως·
1680 2583 1751 2610 οὕτω
1775 2583 1803 2610 δὲ

182 2639 309 2671 καὶτοὺς
335 2638 431 2665 ἑαυτοῦ
445 2637 608 2669 ἀποστόλους
622 2638 689 2673 πρὸς
705 2638 739 2664 τὰ
760 2637 882 2672 πρόϐατα
898 2635 1054 2662 ἀπολωλότα
1078 2634 1151 2660 οἴκου
1178 2632 1284 2668 Ἰσραὴλ
1311 2633 1339 2659 ἐν
1374 2631 1490 2666 πρώτοις
1522 2631 1702 2667 διεπέμπετο·
1735 2630 1804 2666 μετὰ

182 2684 210 2712 δὲ
220 2684 315 2716 ταῦτα,
324 2685 379 2716 τοῖς
387 2685 477 2716 αὐτοῖς
494 2683 588 2719 ὥσπερ
603 2684 754 2719 ὑποδήμασι
772 2683 920 2719 χρώμενος,
930 2682 960 2708 τὸ
969 2682 1076 2708 πάντων
1083 2680 1234 2717 ἀνθρώπων
1247 2680 1324 2714 γένος
1339 2679 1387 2714 τῆς
1402 2678 1534 2714 σωτηρίου
1544 2678 1671 2714 κατηξίου
1683 2677 1802 2713 χάριτος.

222 2741 231 2757 ι
250 2732 298 2763 Τίς
314 2731 412 2764 ἀπάξει
430 2740 463 2764 με
474 2733 513 2763 εἰς
527 2732 603 2758 πόλιν
617 2732 763 2767 περιοχῆς;
781 2731 796 2767 ἥ
815 2731 856 2762 τίς
872 2731 970 2766 ὁδηγή-

183 2786 224 2804 σει
243 2786 276 2812 με
292 2777 344 2809 ἕως
361 2778 409 2812 τῆς
438 2777 603 2812 Ἰδουμαίας;
621 2778 688 2813 Οὐχὶ
711 2778 742 2804 σὺ
769 2777 783 2803 ὁ
805 2777 870 2808 Θεὸς
886 2777 900 2802 ὁ
916 2777 969 2802 ἀπ-

220 2834 243 2849 ²⁶
262 2833 359 2860 Matth.
378 2842 423 2865 xv,
441 2833 487 2861 24,
525 2834 545 2849 ²⁷
564 2832 658 2859 Matth.
678 2842 705 2865 ς,
724 2833 785 2866 5,6.

1060 2728 1144 2756 Vens.
1163 2730 1206 2756 11.
1236 2738 1245 2754 ι
1261 2728 1328 2761 Quis
1341 2728 1456 2756 abducet
1471 2735 1513 2755 me
1526 2727 1552 2754 in
1564 2727 1699 2754 civitatem
1715 2725 1803 2751 muni-

1024 2776 1099 2802 tam?
1115 2779 1162 2802 aut
1185 2775 1247 2811 quis
1267 2774 1382 2803 deducet
1412 2782 1454 2803 me
1478 2781 1565 2809 usque
1584 2774 1610 2800 in
1640 2768 1803 2800 ldummam?

220 2890 259 2925 (ι)
276 2889 334 2924 Τὴν
350 2890 459 2926 Σικυμα
470 2889 518 2917 καὶ
532 2890 584 2917 τὸν
597 2890 728 2918 Γαλαὰδ.
748 2890 827 2919 Forte
844 2890 876 2917 τὰ
890 2891 918 2918 Σ.
935 2899 961 2917 κ.
980 2889 1027 2926 τὴν
1041 2889 1068 2916 Γ.
1082 2888 1158 2916 Enn.
