2064 3212
310 168 360 197 571
661 167 794 197 EUSEBII
812 167 1052 197 CESARIENSIS
1068 169 1143 197 OPP.
1164 169 1255 198 PARS
1270 169 1317 197 Ill.
1337 183 1376 193 —.
1392 168 1597 197 EXEGETICA.
1881 170 1934 198 572

311 227 406 255 Nonne
421 230 460 259 tu,
474 226 555 258 Deus,
571 227 617 261 qui
633 227 758 262 repuliin
776 227 845 254 nos?
857 231 885 255 et
895 234 950 254 non
964 227 1052 255 exibis
1067 227 1079 254 ii

1147 227 1282 263 ασάμενος
1294 227 1385 262 tuuis;
1401 226 1448 253 καὶ
1463 226 1514 253 οὐκ
1531 225 1660 262 ὲξελεύσῃ
1670 226 1699 254 ὲν
1715 229 1774 259 ταῖς
1787 227 1935 263 δυνάμεσιν

309 272 458 301 virtutibus
492 272 636 300 nostris?»
669 273 757 307 Supra
782 273 918 300 dictorum
953 274 1095 301 sententia:

310 320 441 347 insistens
471 318 618 354 Propheta,
637 326 720 353 supra
749 319 858 346 modum
887 320 1002 346 miratur
1028 320 1093 347 illud

309 363 502 398 inexspectata:
532 363 746 399 alienigenarum
776 365 897 398 gentium
936 365 1094 392 mutationis

308 409 472 444 prodigium.
501 408 603 437 Deinde
630 417 692 436 cum
716 409 829 437 dixisset
850 409 932 442 Deus,
960 410 1010 437 ιΙιι
1035 411 1094 437 ldu-

307 462 402 481 maaam
429 455 572 482 extendam
593 455 806 483 calceamentum
829 464 929 488 meum,
947 467 955 483 ι
986 457 1091 484 dictum

307 499 463 534 lmjusmodi
478 501 639 531 admiratur.
656 509 748 529 secum
765 507 894 537 reputans
912 510 946 529 an
971 511 1091 538 unquam

307 546 366 581 ipse
393 545 464 574 Deus
489 547 674 575 calceamento
704 556 782 580 usus,
811 557 1014 577 conscensurus
1044 550 1090 581 sit,

305 599 361 619 non
376 593 402 619 in
416 591 577 626 Jerusalem,
595 601 681 628 neque
707 594 733 620 in
751 593 914 626 Samariam,
945 603 1035 630 neque
1063 596 1089 622 in

304 638 387 665 aliam
412 638 521 666 lsraelis
543 639 693 671 civitatem,
720 640 767 667 sed
793 640 819 666 in
840 641 1008 676 alienigenas
1029 641 1090 668 ldu-

303 690 398 711 mzos.
415 684 505 717 Quare
521 685 614 712 beatos
630 686 690 712 illos
704 685 844 720 pnedicat,
863 688 895 713 ad
911 695 982 721 quos
1000 695 1092 715 acces-

303 736 386 757 surus
415 729 487 758 Deus
510 736 579 762 erat,
607 731 813 767 orationemque
839 733 949 765 emittit,
979 738 1010 760 ut
1032 735 1089 769 ipse

302 782 410 809 quoque
433 775 489 802 haec
512 776 602 804 videre
627 777 728 811 dignus
751 778 898 805 habeatur:
923 784 1089 814 quapropter

301 820 386 847 dicit:
414 830 423 846 ι
436 820 504 853 Quis
521 821 636 849 abducet
653 830 696 849 me
721 823 748 849 in
772 823 908 850 civitatem
932 825 1088 851 munitam?

301 869 347 892 aut
360 866 422 901 quis
443 866 558 894 deduret
573 875 616 895 me
634 875 721 902 usque
739 869 767 894 in
783 867 948 895 ldumazam?
962 879 970 894 ι
989 869 1087 897 Preca-

1146 273 1243 309 ήμῶν;
1264 282 1274 298 ι
1298 272 1462 308 Ἐπιστήσας
1485 273 1518 308 τῇ
1539 272 1593 299 τῶν
1610 271 1811 308 προλεχθέντων
1831 273 1935 311 διανοίᾳ

1144 320 1158 345 ὁ
1174 319 1328 354 Προφήτης,
1353 317 1602 353 ὑπερεκπλήττεται
1619 318 1649 344 τὸ
1663 318 1754 354 θαῦμα
1771 319 1820 354 τῆς
1846 328 1934 357 παρα-

1144 364 1219 397 δόξου
1243 363 1296 389 τῶν
1323 362 1477 397 ἀλλοφύλων
1503 363 1587 390 ἐθνῶν
1611 364 1771 399 μεταϐολῆς.
1794 363 1862 392 Εἶτα
1886 366 1934 393 τοῦ

1144 410 1210 436 Θεοῦ
1236 409 1385 445 εἰρηκότος,
1413 418 1423 435 ι
1457 410 1518 436 Ἐπὶ
1539 410 1588 445 τὴν
1606 410 1758 446 Ἰδουμαίαν
1779 411 1883 438 ὲκτενῶ
1903 412 1935 439 τὸ

1144 456 1270 491 ὑπόδημα
1287 465 1348 492 μου,
1366 466 1375 482 ι
1403 456 1449 483 τὸν
1472 456 1549 491 λόγον
1571 457 1770 492 ἀποθαυμάζει,
1792 458 1817 484 εἱ
1841 458 1934 493 μέλλοι

1144 503 1208 529 ποτὲ
1223 502 1288 534 Θεὸς
1304 503 1395 534 αὐτὸς,
1411 503 1563 537 ὑποδήματι
1586 503 1766 538 χρησάμενος,
1781 503 1934 531 ἐπιϐαίνειν

1142 549 1172 575 ού
1187 551 1220 583 τῇ
1239 549 1426 584 Ἰερουσαλὴμ,
1444 549 1504 575 οὐδὲ
1518 549 1550 583 τῇ
1565 549 1713 584 Σαμαρείᾳ,
1727 549 1786 575 οὐδὲ
1801 548 1870 585 άλλη
1879 551 1933 576 τινὶ

1141 593 1174 627 τῇ
1202 591 1248 617 τοῦ
1276 592 1394 628 Ἰσραὴλ,
1422 592 1489 619 ἀλλά
1512 592 1565 619 τῶν
1588 592 1744 627 ἀλλοφύλων
1762 593 1931 630 Ἰδουμαίων.

1142 638 1187 664 Διὸ
1204 639 1349 674 μακαρίζει
1367 639 1415 674 μὲν
1432 639 1550 670 τούτους,
1567 637 1606 671 οἷς
1620 640 1799 675 ἐπιδημήσειν
1813 641 1931 676 ἤμελλεν

1142 685 1156 709 ὁ
1170 684 1235 715 Sed;
1245 692 1251 698 ·
1270 685 1352 719 εὐχὴν
1364 684 1391 710 δὲ
1408 685 1511 710 τίθεται
1529 685 1728 720 καταξιωθῆναι
1742 694 1806 712 ποτε
1819 687 1867 714 καὶ
1881 688 1930 714 αύ-

1140 730 1185 755 τὸν
1200 731 1249 765 τῆς
1262 731 1364 756 τούτων
1384 730 1465 762 θέας·
1482 731 1521 757 διό
1539 740 1619 766 φησι·
1637 741 1646 757 ι
1665 731 1713 763 Τίς
1725 732 1824 766 ἀπάξει
1843 741 1878 768 με
1891 734 1931 765 είς

1140 775 1218 802 πόλιν
1241 777 1388 811 περιοχῆς;
1404 777 1419 811 ἢ
1444 777 1486 808 τίς
1503 777 1628 812 ὁδηγήσει
1647 786 1679 812 με
1701 777 1753 809 ’ἐως
1775 778 1827 813 τῆς
1846 778 1928 805 Ἰδου-

1142 821 1242 856 μαίας;
1261 833 1269 847 ι
1295 822 1400 856 Ηύχετο
1426 822 1480 858 γὰρ
1502 823 1668 859 ὁδηγηθῆναι
1695 825 1741 851 καὶ
1766 826 1929 860 παρατεῖναι

1140 867 1201 897 τοὺς
1217 867 1265 901 τῆς
1281 866 1351 902 ζωῆς
1364 867 1444 893 αὐτοῦ
1461 868 1572 903 χρόνους
1586 869 1632 894 ἐπὶ
1646 869 1690 896 τὸν
1706 869 1798 905 καιρὸν
1813 871 1926 903 ἐκεῖνον,

300 912 382 939 batur
403 913 475 940 enim
505 912 615 945 deduci,
641 921 783 949 annosque
816 915 876 942 vita:
896 924 952 943 suae
972 917 1079 951 produci

1139 912 1198 938 καθ’
1221 913 1250 939 δν
1263 913 1378 948 ἡμελλεν
1397 915 1411 941 ὁ
1425 914 1490 946 Θεὸς
1505 914 1551 941 ἐπὶ
1567 915 1615 951 τὴν
1633 914 1783 950 Ἰδουμαίαν
1797 917 1927 943 ἐκτείνειν

300 966 386 992 usque
409 958 442 985 ad
466 958 492 985 id
518 960 658 994 temporis,
686 968 740 995 quo
772 961 844 988 Deus
871 962 1084 990 calceamentum

299 1012 379 1031 suum
394 1012 480 1039 usque
496 1006 522 1032 in
545 1005 691 1033 ldumazam
706 1012 870 1034 exlensurus
886 1013 954 1039 erat.
977 1012 1006 1034 ut
1021 1016 1081 1034 ma—

298 1040 381 1084 gnum
401 1050 467 1076 illud
491 1050 656 1077 miraculum
679 1055 813 1083 cerneret,
840 1052 925 1078 Deum
956 1053 1084 1081 videlicet

298 1096 370 1130 apud
385 1096 510 1124 homines
526 1097 755 1132 peregrinantem,
776 1102 802 1124 et
817 1099 844 1125 in
859 1097 975 1125 ldumaea
990 1099 1086 1126 ambu-

298 1141 411 1174 lantem,
440 1143 661 1178 alienigenasque
682 1143 733 1178 ipsi
757 1144 881 1172 subditos
907 1151 934 1172 et
960 1146 1081 1173 amicos:

266 1186 269 1187 ⁷
297 1195 381 1222 quare
394 1188 431 1214 ait
445 1198 451 1215 :
475 1197 484 1214 (
497 1188 563 1221 Quis
574 1189 691 1216 deducet
707 1197 749 1216 me
761 1198 847 1225 usque
859 1191 885 1217 in
895 1191 1058 1219 ldunueam?
1072 1202 1080 1217 ι

296 1233 442 1260 Civitatem
470 1241 551 1268 porro
578 1235 711 1262 munitam
737 1240 816 1263 vocat
845 1235 996 1263 Ecclesiam
1023 1236 1081 1269 Dei,

295 1279 423 1319 vallatam
445 1280 524 1307 iirmo
538 1284 564 1308 et
582 1280 730 1308 fortissimo
746 1289 836 1314 muro,
851 1283 966 1310 salutari
986 1291 1082 1319 nempe

296 1316 408 1356 virtute,
428 1333 510 1360 quam
525 1327 608 1353 etiam
630 1327 722 1355 videre
745 1328 930 1363 elllagitabat;
951 1331 1082 1364 quocirca

295 1370 378 1397 dixit:
406 1380 414 1396 ι
427 1370 494 1404 Quis
510 1372 627 1400 abducet
641 1381 683 1401 me
706 1374 733 1400 in
748 1375 884 1402 civitatem
903 1376 1056 1403 munitam?
1070 1386 1078 1402 ι

294 1415 451 1451 Perpendas
478 1419 570 1451 velim,
594 1418 684 1453 ipsum
700 1421 811 1448 minime
825 1429 922 1456 rogare
937 1425 966 1448 ut
994 1422 1081 1449 dedu-

293 1466 372 1489 catur
386 1471 473 1498 usque
491 1464 518 1491 in
536 1464 700 1498 Jerusalem,
726 1468 784 1494 sive
804 1475 890 1502 usque
904 1468 938 1495 ad
961 1462 1074 1502 Galaad,

293 1513 341 1535 aut
362 1517 448 1545 usque
476 1510 508 1537 ad
539 1510 667 1546 Sychcm,
690 1513 746 1540 sive
768 1521 854 1549 usque
874 1514 908 1541 ad
937 1514 1077 1549 Ephraim,

292 1554 350 1581 sive
378 1563 464 1590 usque
498 1555 530 1583 ad
556 1556 671 1591 Judam;
701 1559 747 1585 sed
782 1561 860 1594 quasi
889 1560 1076 1595 inexspectata

292 1601 472 1635 promissione
490 1603 641 1636 perculsus,
659 1605 731 1638 quod
744 1605 848 1632 scilicet
863 1607 952 1640 perosi
964 1615 995 1633 ac
1011 1614 1079 1634 mte-

291 1645 336 1672 chi
362 1645 432 1673 Esau
459 1648 558 1681 posteri
589 1652 663 1675 tanta
689 1650 774 1684 gratia
807 1650 925 1678 donandi
954 1651 1019 1684 sint,
1050 1656 1079 1679 ut

291 1688 363 1717 Deus
380 1691 412 1718 ad
443 1699 490 1719 eos
513 1694 689 1727 conscendat,
713 1699 839 1729 precatur
859 1696 968 1724 dicens:
983 1706 992 1722 ι
1007 1697 1074 1730 Quis

291 1739 406 1767 deducet
429 1748 471 1767 me
489 1749 575 1775 usque
597 1742 623 1768 in
649 1740 813 1769 Idumaeam?
833 1752 841 1768 ι
870 1743 908 1769 Ac
929 1744 1001 1778 quod
1028 1745 1079 1771 mi-

291 1793 351 1812 rum
373 1794 486 1821 prorsus
507 1792 559 1819 est,
587 1787 658 1815 Deus
686 1795 739 1814 non
768 1789 848 1816 nudis
880 1789 994 1823 pedibus
1017 1798 1076 1817 am-

290 1831 433 1859 bulaturus
458 1833 568 1865 dicitur,
603 1833 650 1861 sed
679 1841 741 1860 cum
770 1834 980 1870 calceamentis;
1010 1837 1076 1864 θυι)-

290 1877 417 1905 indicatis
446 1878 590 1905 animabus
623 1879 770 1907 voluntatis
802 1880 861 1914 ejus
892 1881 1075 1915 administris,

289 1930 405 1957 quarum
440 1931 533 1959 opera,
564 1925 706 1952 vocatione
734 1926 854 1960 gentium
882 1931 1002 1960 peracta,
1029 1935 1077 1962 per

290 1969 445 1996 universam
471 1973 583 2002 terram,
609 1978 685 1997 suam
704 1971 846 1998 constituit
867 1972 1015 2004 civitatem,
1032 1973 1075 1999 ni-

289 2014 388 2041 mirum
407 2016 568 2042 catholicam
589 2016 739 2044 Ecclesiam
758 2025 846 2051 suam,
862 2026 894 2046 ac
917 2025 1017 2046 emtum
1033 2027 1076 2046 re-

289 2060 447 2094 ligiosorum
480 2062 647 2090 hominum:
675 2063 709 2090 de
747 2072 800 2098 qua
830 2065 939 2093 civitate
969 2066 1072 2093 dictum

289 2106 357 2132 alias
381 2110 423 2133 est
441 2115 448 2133 :
469 2116 477 2131 ι
498 2106 623 2134 Gloriosa
648 2109 721 2136 dicta
748 2115 812 2137 sunt
843 2110 877 2137 de
910 2115 946 2144 te,
976 2113 1072 2139 civitas

289 2150 335 2179 Dei
349 2152 387 2185 ";
402 2162 411 2178 ι
438 2157 480 2180 et:
499 2163 508 2178 ‹
524 2153 657 2181 Fluminis
682 2155 800 2190 impetus
822 2157 959 2184 lmtiiicant
978 2158 1075 2185 civita-

287 2200 340 2224 tem
359 2196 406 2224 Dei
418 2198 468 2225 ³⁸.»
502 2197 579 2226 lianc
593 2199 734 2226 civitatem
754 2202 886 2228 munitam
901 2210 964 2229 cum
981 2204 1071 2231 videre

1138 959 1168 984 τὸ
1183 959 1310 995 ὑπόδημα
1323 960 1416 991 αὑτοῦ,
1434 961 1472 992 ὡς
1491 961 1524 988 ἂν
1540 961 1586 988 ἴδοι
1609 962 1639 988 τό
1657 965 1727 997 μέγα
1742 962 1841 998 θέαμα,
1859 963 1926 990 Θςὲυ

1137 1004 1320 1039 ἐπιδημοῦντα
1345 1005 1498 1042 ἀνθρώποις
1536 1008 1582 1033 καὶ
1612 1008 1852 1044 ὲμπεριπατοῦντα
1890 1012 1924 1046 τῇ

1144 1051 1286 1087 Ἰδουμαίᾳ,
1304 1052 1467 1087 ἀλλοφύλους
1483 1062 1512 1080 τε
1529 1054 1603 1090 αὐτῷ
1625 1055 1857 1091 ὑποτεταγμένους
1880 1056 1926 1083 καὶ

1136 1096 1323 1130 φιλιάζοντας·
1341 1099 1380 1125 διό
1401 1107 1482 1134 φησι·
1502 1109 1511 1125 ‹
1537 1100 1586 1132 Τίς
1608 1100 1733 1136 ὁδηγήσει
1755 1110 1788 1137 με
1810 1102 1863 1133 ἕως
1876 1103 1925 1137 τῆς

1119 1163 1122 1166 .
1143 1143 1311 1179 Ἰδουμαίας;
1333 1155 1341 1170 ›
1358 1145 1437 1171 Πόλιν
1452 1145 1480 1172 δὲ
1503 1147 1633 1181 περιοχῆς
1647 1147 1724 1173 καλεῖ
1739 1148 1787 1184 τὴν
1810 1148 1925 1184 Ἐκκλη-

1136 1188 1195 1215 σίαν
1206 1189 1253 1215 τοῦ
1267 1190 1344 1222 Θεοῦ,
1364 1193 1624 1227 περιπεφραγμὲνην
1641 1193 1746 1229 στερρῷ
1759 1195 1806 1221 καὶ
1819 1194 1925 1230 ὀχυρω-

1134 1235 1206 1269 τάτῳ
1228 1236 1322 1271 τείχει,
1347 1238 1379 1272 τῇ
1408 1239 1534 1273 σωτηρίῳ
1557 1239 1680 1274 δυνάμει,
1705 1240 1739 1275 ἢν
1765 1240 1813 1268 καὶ
1837 1242 1923 1277 αὐτὴν

1135 1283 1198 1309 ἰδεῖν
1214 1284 1327 1319 ηύχετοο
1347 1285 1386 1311 διὸ
1408 1285 1484 1320 ἔλεγε
1499 1295 1505 1301 δ
1524 1296 1532 1312 ι
1557 1287 1604 1319 Τίς
1620 1287 1719 1320 ἀπάξει
1737 1298 1770 1324 με
1784 1290 1824 1321 εἰς
1847 1290 1923 1317 πόλιν

1133 1331 1282 1365 περιοχῆς;
1299 1341 1308 1356 ι
1338 1331 1391 1357 Θέα
1414 1333 1441 1359 δὲ
1467 1334 1542 1365 ὅπως
1563 1335 1613 1360 ούκ
1633 1334 1734 1369 ηὔξατο
1757 1335 1922 1372 ὁδηγηθῆναι

1132 1376 1184 1407 ἕως
1200 1377 1248 1412 τῆς
1268 1378 1453 1414 Ἰερουσαλὴμ,
1469 1380 1485 1415 ἦ
1509 1380 1560 1411 ἓως
1576 1381 1624 1415 τῆς
1640 1381 1754 1414 Γαλαὰδ,
1772 1382 1788 1417 ἢ
1806 1382 1859 1414 ἕως
1874 1383 1922 1418 τῆς

1132 1422 1232 1458 Συχὲμ,
1250 1423 1265 1458 ἢ
1288 1424 1340 1455 ἕως
1361 1424 1408 1451 τοῦ
1431 1426 1559 1461 Ἐφραῗμ,
1574 1427 1589 1462 ἢ
1608 1427 1660 1459 ἓως
1675 1427 1721 1453 τοῦ
1738 1427 1843 1455 Ἰούδα·
1863 1428 1921 1456 ἀλλ’

1131 1468 1225 1504 ὥσπερ
1249 1470 1395 1504 ἐκπλαγεὶς
1416 1472 1448 1498 τὸ
1470 1472 1619 1507 παράδοξον
1633 1469 1687 1508 τῆς
1700 1474 1875 1509 ἐπαγγελίας,
1896 1476 1920 1501 εί

1131 1513 1176 1539 τοῦ
1194 1515 1379 1550 μεμισημένου
1395 1516 1441 1543 καὶ
1459 1509 1559 1552 πόρνου
1579 1518 1662 1544 Ἠσαῦ
1680 1519 1850 1553 οἱ¹ὰπόγονοι
1866 1528 1920 1546 τοι-

1132 1559 1216 1595 αύτης
1235 1561 1294 1587 τότε
1318 1562 1458 1594 τεύξονται
1484 1564 1605 1598 χάριτος,
1622 1564 1659 1595 ὡς
1681 1565 1807 1601 ὲπιόἧναι
1829 1567 1921 1597 αὐτοῖς

1131 1606 1177 1632 τὸν
1190 1607 1265 1639 Θεὸν,
1281 1607 1389 1643 εὔχεται
1406 1608 1491 1642 λέγων
1504 1618 1510 1624 ·
1527 1619 1536 1635 ι
1555 1610 1601 1641 Τίς
1613 1611 1740 1646 ὁδηγήσει
1757 1620 1790 1647 με
1804 1612 1857 1644 ἕως
1869 1612 1920 1647 τῆς

1138 1651 1307 1686 Ἰδουμαίας;
1330 1663 1339 1679 ι
1357 1654 1462 1690 Σφόδρα
1478 1655 1505 1682 δὲ
1518 1655 1682 1690 Θαυμαστῶς
1695 1658 1708 1683 ὁ
1722 1658 1789 1690 Θεὸς
1806 1659 1922 1695 ἐμπερι-

1132 1699 1262 1734 πατήσειν
1279 1700 1309 1726 ού
1324 1703 1437 1735 γυμνοῖς
1458 1702 1521 1728 ποσὶ
1534 1702 1668 1735 λέλεκται,
1690 1704 1757 1731 ἀλλά
1773 1704 1807 1731 δι’
1820 1705 1920 1741 ὑποδη-

1132 1746 1224 1780 μάτων
1236 1754 1243 1760 ο
1257 1746 1441 1781 αἰνιττομένου
1461 1748 1507 1774 τοῦ
1526 1748 1605 1783 λόγου
1620 1749 1669 1781 τὰς
1685 1750 1855 1786 ὑπηρετικὰς
1873 1752 1919 1778 τοῦ

1131 1790 1298 1826 βουλήματος
1316 1793 1395 1819 αὑτοῦ
1411 1794 1509 1829 ψυχὰς,
1523 1794 1555 1821 δι’
1573 1792 1610 1821 ὧν
1626 1796 1675 1830 τὴν
1689 1796 1743 1822 τῶν
1755 1796 1840 1824 ἐθνῶν
1853 1797 1919 1832 κλῆ-

1131 1845 1172 1863 σιν
1187 1839 1380 1873 ποιησάμενος,
1397 1840 1531 1875 πανταχοῦ
1546 1841 1596 1876 γῆς
1613 1842 1662 1877 τὴν
1675 1842 1770 1869 ἑαυτοῦ
1790 1844 1918 1879 συνεστή-

1130 1891 1194 1909 σατο
1215 1883 1302 1916 πόλιν,
1319 1885 1391 1919 λέγω
1410 1886 1437 1912 δὲ
1459 1888 1508 1922 τὴν
1531 1888 1676 1924 καθολικὴν
1702 1889 1784 1916 αὑτοῦ
1805 1890 1918 1926 Ἐκκλη-

1129 1929 1198 1961 σίαν,
1215 1930 1262 1956 καί
1284 1931 1314 1956 τὸ
1330 1932 1454 1967 σύστημα
1471 1935 1519 1968 τῆς
1540 1934 1593 1960 τῶν
1611 1934 1743 1962 θεοσεὸὦν
1760 1936 1915 1969 πολιτείας·

1128 1976 1193 2010 περὶ
1213 1973 1246 2011 ἧς
1271 1977 1377 2012 εἴρηται
1400 1977 1531 2013 ἀλλαχοῦ·
1558 1989 1566 2004 ι
1589 1980 1773 2016 Δεδοξασμένα
1799 1981 1915 2018 ἐλαλήθη

1128 2022 1191 2056 περὶ
1216 2022 1272 2053 σοῦ,
1326 2023 1403 2055 πόλις
1417 2024 1463 2051 τοῦ
1485 2025 1561 2051 Θεοῦ·
1581 2035 1590 2051 ι
1611 2027 1667 2058 καὶ,
1691 2036 1700 2051 ι
1718 2027 1770 2053 Τοῦ
1794 2027 1915 2063 ποταμοῦ

1127 2067 1161 2093 τὰ
1176 2068 1323 2103 ὀρμήματα
1339 2070 1510 2105 εὐφραίνουσι
1524 2072 1573 2107 τὴν
1589 2072 1665 2098 πόλιν
1677 2072 1724 2099 τοῦ
1738 2073 1817 2100 θεοῦ.
1838 2083 1848 2099 θ
1861 2075 1915 2101 Καὶ

1126 2113 1227 2148 ταύτην
1246 2113 1292 2140 οὖν
1308 2116 1357 2150 τὴν
1371 2117 1446 2144 πόλιν
1461 2118 1509 2152 τῆς
1526 2119 1656 2153 περιοχῆς
1669 2119 1753 2154 διψῶν
1767 2119 1914 2147 θεάσασθαι

1126 2159 1139 2184 ὁ
1159 2159 1303 2195 Προφήτης
1320 2160 1410 2195 ἔλεγε·
1431 2171 1439 2187 ι
1456 2163 1503 2194 Τίς
1519 2164 1617 2196 ἀπάξει
1635 2173 1667 2199 με
1687 2166 1727 2196 εἰς
1746 2165 1822 2193 πόλιν
1838 2174 1915 2202 περι-

1125 2205 1208 2239 οχῆς;
1221 2215 1229 2230 ι
1242 2206 1267 2240 ἢ,
1282 2215 1290 2231 ι
1307 2207 1346 2238 εἰς
1355 2208 1430 2234 πόλιν
1441 2210 1636 2245 πεφραγμένην
1648 2219 1654 2242 ;
1668 2220 1677 2236 ι
1692 2210 1778 2243 οὕτως
1798 2211 1854 2248 γὰρ
1867 2214 1914 2248 ἡρ-

287 2248 442 2280 peroptaret
465 2244 600 2279 Propheta
626 2246 757 2273 dicebat:
782 2256 791 2272 ι
816 2247 883 2280 Quis
899 2249 1015 2277 abducet
1030 2259 1073 2278 me

1132 2251 1261 2285 μήνευσεν
1281 2253 1295 2278 ὀ
1319 2253 1475 2289 Σύμμαχος.
1491 2255 1576 2281 Πύλαι
1595 2244 1648 2292 γάρ
1669 2257 1753 2292 αὐτὴν
1770 2244 1818 2284 καλ.
1835 2244 1913 2294 θύραι

286 2290 313 2318 ίη
329 2291 468 2318 civitatem
498 2292 652 2318 munitam?
671 2302 680 2318 ι
705 2297 751 2319 aut
781 2303 790 2318 ι
807 2294 833 2320 in
858 2295 995 2323 civitatem
1019 2297 1074 2323 eir-

285 2336 475 2370 cumseptam?
494 2347 503 2362 ›
529 2337 570 2363 sic
591 2337 663 2364 enim
679 2338 873 2373 interpretatus
894 2340 1073 2376 Symmachus

284 2388 336 2409 est.
363 2382 426 2410 liam
447 2383 547 2418 quippe
565 2388 659 2419 portze,
686 2384 778 2418 januaa
797 2389 824 2412 et
850 2391 941 2413 vectes
966 2386 1073 2414 divina-

286 2435 345 2454 rum
374 2430 507 2456 virtutum
523 2430 769 2463 circummuniunt,
791 2439 825 2458 ne
851 2433 967 2466 quadam
995 2433 1073 2460 obsi—

284 2473 364 2500 dione
382 2480 530 2509 prematur.
551 2477 642 2510 Quare
666 2477 699 2505 de
729 2478 773 2507 illa
798 2479 903 2506 dicebat
918 2479 1043 2507 Salvator
1061 2491 1067 2508 :

286 2532 296 2550 ι
310 2524 396 2559 Super
413 2525 483 2553 hanc
512 2532 616 2561 petram
641 2529 782 2556 aediﬁcabo
799 2529 949 2557 Ecclesium
966 2539 1065 2563 meam,

283 2575 308 2597 et
332 2575 414 2605 porlze
432 2572 510 2599 inferi
527 2581 579 2600 non
592 2575 775 2608 praevalebunt
795 2577 926 2604 adversus
939 2585 998 2603 eam
1008 2577 1042 2604 3°.
1055 2587 1064 2603 ι

284 2617 360 2644 Hanc
387 2618 469 2652 igitur
497 2621 708 2655 circumseptam
735 2622 872 2649 civitatem
894 2623 987 2650 videre
1018 2632 1067 2659 ge-

283 2659 368 2690 stiens
385 2663 519 2698 Propheta
534 2666 640 2693 dicebat
657 2677 662 2694 :
679 2677 688 2691 ι
704 2667 904 2703 Quislabducet
918 2677 960 2696 me
978 2669 1005 2696 in
1028 2670 1067 2696 ci-

282 2709 392 2736 vitatem
425 2711 601 2738 munitam?»
638 2714 726 2749 Atque
751 2715 965 2750 alienigenarum
990 2717 1065 2743 salu-

282 2759 336 2783 tem
362 2757 450 2784 oculis
475 2758 611 2793 inspicere
636 2766 793 2796 pel-optans,
819 2762 875 2789 [nec
902 2762 1063 2797 adjiciebat:

285 2808 297 2827 ι
311 2801 378 2834 Quis
395 2803 512 2830 deducet
535 2812 577 2831 me
591 2812 677 2840 usque
699 2807 725 2833 in
748 2807 910 2834 ldumzeam?
925 2818 934 2834 ι
963 2807 1064 2835 Deinde

1124 2297 1170 2322 καὶ
1186 2297 1278 2331 μοχλοὶ
1294 2298 1372 2325 θείων
1396 2299 1536 2335 δυνάμεων
1557 2302 1779 2338 περιφράττουσι,
1795 2304 1863 2339 πρὸς
1883 2304 1912 2330 τό

1124 2343 1160 2377 μή
1180 2338 1241 2370 τινα
1260 2345 1404 2380 ὑπομεῖναι
1422 2347 1588 2382 πολιορκίαν.
1604 2349 1649 2374 Διὸ
1668 2350 1730 2385 περὶ
1754 2350 1840 2386 αὐτῆς
1855 2351 1911 2377 ἔλε-

1122 2395 1169 2420 γεν
1183 2390 1196 2414 ὸ
1220 2389 1331 2425 Σωτήρ·
1351 2401 1360 2416 ι
1387 2392 1447 2418 Ἐπὶ
1472 2394 1520 2428 τὴν
1543 2394 1645 2429 πέτραν
1670 2396 1840 2432 οἰκοδομήσω
1862 2405 1911 2433 μου

1120 2434 1168 2469 τὴν
1197 2436 1369 2472 Ἐκκλησίαν,
1395 2440 1442 2466 καὶ
1464 2441 1544 2468 πύλαι
1567 2442 1629 2477 ᾇδου
1653 2443 1683 2468 οὺ
1705 2444 1911 2479 κατισχύσουσιν

1120 2481 1214 2517 αὐτῆς.
1242 2492 1251 2508 ›
1275 2484 1383 2520 Ταύτην
1406 2485 1452 2512 οῦν
1477 2488 1526 2523 τὴν
1551 2490 1811 2525 περιπεφραγμένην
1836 2490 1910 2517 πάλιν

1122 2530 1262 2564 ἐπιθυμῶν
1278 2531 1341 2558 ἰδεῖν
1362 2534 1375 2559 ό
1393 2534 1537 2570 Προφήτης
1552 2536 1642 2570 ἔλεγε·
1662 2546 1670 2561 ι
1694 2537 1739 2568 Τίς
1761 2537 1860 2569 ἀπάξει
1878 2546 1909 2571 με

1122 2576 1162 2606 εἰς
1178 2576 1254 2603 πόλιν
1271 2579 1418 2614 περιοχῆς;
1437 2590 1445 2605 ι
1460 2581 1514 2606 Καὶ
1526 2582 1575 2617 τὴν
1588 2582 1640 2608 τῶν
1655 2583 1810 2617 ἀλλοφύλων
1825 2593 1909 2619 σωτη-

1124 2622 1184 2657 ρίαν
1210 2625 1356 2659 εὐχόμενος
1378 2626 1526 2662 ὀφθαλμοῖς
1551 2628 1726 2663 παραλαϐεῖν,
1756 2631 1907 2665 προσετίθει

1121 2668 1224 2702 λέγων·
1251 2680 1260 2696 ι
1287 2671 1333 2703 Τίς
1356 2672 1482 2707 ὁδηγήσει
1507 2683 1540 2709 με
1563 2675 1615 2706 ἓως
1639 2675 1689 2710 τῆς
1711 2675 1879 2711 Ἰὁουμαίαςξ
1895 2686 1903 2701 ι

1122 2714 1187 2742 Εἶτα
1205 2718 1311 2753 πρῶτον
1326 2720 1371 2746 καὶ
1391 2721 1515 2756 δεύτερον
1537 2722 1632 2755 εἰπὼν,
1650 2732 1659 2748 ι
1682 2723 1747 2756 Τίς;
1767 2733 1777 2750 ι
1793 2725 1839 2751 τὸν
1859 2723 1905 2759 μό-

1120 2771 1164 2788 νον
1184 2763 1293 2791 δυνατὸν
1307 2766 1392 2793 ταῦτα
1406 2767 1540 2794 δεικνύναι
1556 2769 1697 2804 γνωρίζειν
1719 2769 1857 2805 ὁμολογεῖ·
1873 2767 1904 2805 ἦν

1119 2808 1147 2834 δὲ
1165 2807 1241 2843 οὗτος
1255 2813 1269 2838 ὀ
1284 2812 1364 2844 Θεός·
1380 2813 1393 2839 ὃ
1407 2814 1466 2840 κατ’
1481 2814 1568 2849 ἀρχὰς
1584 2815 1633 2850 τῆς
1648 2817 1829 2852 προκειμένης
1843 2824 1904 2852 στη-

318 2892 341 2909 ι·
359 2891 430 2922 Psal.
449 2902 563 2929 LXXXVI,
581 2895 609 2925 5.
647 2897 669 2914 ¹⁹
688 2896 762 2927 Psal.
784 2907 845 2934 ην,
866 2901 891 2929 5.
930 2901 953 2918 ³⁶
973 2902 1070 2931 Matth.
1093 2911 1152 2936 xvt,
1171 2904 1215 2934 l8.
