2064 3212
220 181 255 209 75
766 183 1014 211 COMMENTARIA
1032 185 1066 212 IN
1085 185 1253 214 PSALMOS.

1296 144 1387 190 ια’

1763 194 1815 222 574

199 241 351 276 λογραφίας
366 240 466 275 ἔλεγεν·
482 250 491 266 1
515 240 543 267 '0
557 240 632 273 Θεὸς,
645 240 749 267 ἀπώσω
765 242 838 277 ἡμᾶς
854 242 901 268 καὶ
918 241 978 268 καθ-

1037 251 1100 271 cum
1128 244 1212 272 semel
1230 248 1257 271 et
1273 245 1394 273 secundo
1409 246 1551 280 dixissem
1562 247 1649 281 Quis?
1665 259 1674 275 ι
1692 257 1753 277 eum
1767 252 1815 286 qui

199 288 270 319 εἷλες
291 288 372 323 ἡμᾶς.
398 298 406 313 ι
428 288 473 313 Διὸ
500 287 567 323 πρὸς
589 288 694 322 ἐκείνην
714 287 762 322 τὴν
784 286 873 323 φωνὴν
894 288 985 314 ἀποδί-

198 333 281 359 δωσιν
301 333 417 360 ἐνταῦθα
431 333 479 368 τὴν
492 334 575 368 αὐτὴν
587 333 703 359 διάνοιαν
721 333 821 367 λέγων’
843 343 851 358 1
867 334 932 368 Οὐχὶ
953 335 983 360 σὺ

198 380 213 404 ὁ
227 379 293 410 Θεὸς
316 379 331 405 ὁ
344 380 521 414 ἀπωσάμενος
542 380 629 414 ὴμᾶς;
647 388 655 404 ι
676 379 723 410 Τίς
737 379 789 414 γὰρ
805 379 891 410 ἄλλος,
908 380 982 414 φησι,

199 424 310 451 δύναται
324 425 407 457 δεῖξαι
420 425 485 459 ἡμῖν
501 424 549 455 τὰς
563 425 727 458 ἐπαγγελίας
744 425 792 456 τὰς
808 425 856 456 σὰς
874 426 919 451 καὶ
931 426 983 451 τῶν

202 469 255 495 σῶν
267 470 353 504 λόγων
370 470 403 496 τὰ
419 469 635 505 ἀποτελέσματα,
653 471 676 496 εἱ
695 471 730 505 μὴ
746 471 777 496 σὺ
793 471 872 501 αὐτὸς
897 473 910 497 ὀ
932 472 983 497 ἁπ-

199 514 341 548 ωςάμενος
358 515 448 549 ὴμᾶς;
463 514 489 550 ἢ,
506 514 576 540 κατὰ
594 514 639 540 τὸν
653 514 809 549 Σύμμαχον,
824 524 832 540 1
852 516 882 541 Εἰ
899 516 935 551 μὴ
952 517 982 542 σὺ

199 558 214 583 ὁ
231 557 296 589 Θεὸς
312 559 325 583 ὁ
342 558 556 594 ἀποϐαλλόμενος
570 561 652 595 ἡμᾶς,
668 560 713 586 ml.
731 560 767 595 μὴ
786 560 939 595 προσελθὼν
956 562 983 587 ἐν

198 604 259 634 ταῖς
283 604 473 639 στρατεύσεσιν
493 605 587 639 ἡμῶν;
610 616 617 630 ι
642 605 756 633 Ἀπώσω
771 607 823 641 γὰρ
846 608 918 641 ἡμᾶς
940 608 981 638 σὺ,

199 649 296 685 Κύριε,
314 650 358 677 καὶ
378 650 500 682 καθεῖλες
519 653 606 686 ἡμᾶς’
625 651 691 678 ἀλλὰ
708 652 754 677 καὶ
776 652 858 678 πάλαι
881 652 982 684 εἰωθὼς

200 694 350 727 συνεξιέναι
372 696 418 721 καὶ
445 696 626 731 συμπολεμεῖν
650 698 709 728 ταῖς
736 698 882 732 ἡμετέραις
905 697 983 723 δυνά-

199 749 273 776 μεσι,
284 741 330 767 νῦν
341 742 383 767 ὅτε
399 742 447 776 τὴν
462 742 556 777 κλῆσιν
568 743 686 777 ἐποιήσω
703 743 756 768 τῶν
771 743 864 776 ἐθνῶν,
882 743 982 769 ἀπώσω

198 788 273 822 ἡμᾶς
287 787 332 813 καὶ
346 788 436 814 οὐκέτι
451 788 595 823 συνεξέρχῃ
608 791 667 821 ταῖς
681 790 828 825 ἡμετέραις
842 790 978 825 δυνάμεσι.

199 833 283 867 Ἄλλη
308 831 353 860 οὖν
370 834 419 860 οὐκ
436 834 507 860 ἔστιν
532 836 596 870 ἡμῖν
610 835 685 867 ἐλπὶς
702 836 768 871 πρὸς
786 836 814 861 τὸ
835 836 980 862 θεάσασθαί

196 888 243 906 σου
267 880 315 911 τὰς
337 881 511 915 ἐπαγγελίας,
535 882 558 907 εἰ
589 882 625 917 μὴ
651 882 682 908 σὺ
710 882 788 913 αὐτὸς
812 882 977 917 βουληθείης.

194 925 245 951 Σοῦ
260 925 313 961 γὰρ
333 925 502 961 Θελήσαντος,
518 927 629 953 δυνατὸν
655 928 720 962 ἡμῖν
750 928 811 958 τοὺς
835 928 896 958 σοὺς
916 936 980 962 προ-
996 921 1017 950 Β

195 973 283 1007 φὴτας
303 972 537 1007 συγκαταλεγῆναι
553 975 584 1008 τῇ
605 973 678 999 πόλει
703 981 748 999 σου
762 975 794 1007 τῇ
810 982 978 1008 περιπεφρα-

195 1017 294 1054 γμένῃ,
313 1018 358 1044 καὶ
374 1018 548 1053 λὸδηγηθῆναι
563 1019 613 1050 ἕως
627 1018 677 1053 τῆς
691 1019 893 1054 ἀποδειχθείσης
907 1019 979 1045 Ἰδου-

196 1072 280 1099 μαίας

233 1207 243 1222 1
265 1197 314 1228 Δὸς
332 1198 396 1232 ἡμῖν
414 1197 539 1232 βοήθειαν
560 1198 590 1224 ἐκ
609 1197 732 1232 θλίψεως,
749 1200 795 1225 καὶ
810 1200 910 1234 ματαία
927 1209 978 1226 σω-

190 1244 275 1279 τηρία.
298 1243 456 1278 ἀνθρώπων.
479 1244 521 1269 Ἐν
547 1244 584 1278 τῷ
604 1244 661 1279 Θεῴ
686 1246 833 1280 ποιήσομεν
855 1246 977 1282 δύναμιν,

198 1289 245 1315 καὶ
257 1289 335 1320 αὐτὸς
347 1289 518 1321 ὲξουδενώσει
531 1290 592 1321 τοὺς
606 1289 743 1322 θλίϐοντας
759 1292 841 1325 ἡμᾶς.
859 1301 868 1316 ι
883 1293 914 1317 Οἱ
926 1292 978 1318 τῶν

198 1334 368 1368 ἐπαγγελιῶν
382 1334 594 1367 καταξιωθέντες
610 1335 777 1362 διδάσκονται
793 1336 836 1362 διὰ
848 1336 901 1362 τῶν
916 1347 980 1373 προ-

192 1380 325 1415 κειμένων
341 1382 433 1415 νήφειν
451 1381 496 1406 καὶ
513 1381 701 1415 ἐγρηγορέναι,
724 1383 979 1416 παρασκευάζεσθαι

189 1435 221 1452 τε
237 1427 277 1458 εἰς
301 1426 413 1460 θλίψεις,
430 1426 475 1452 καὶ
492 1426 525 1451 δι’
540 1426 626 1461 εὐχῶν
649 1427 736 1461 λέγειν
750 1428 787 1463 τῷ
806 1429 909 1454 ἑαυτῶν
932 1428 979 1463 βα-

193 1473 276 1500 σιλεῖ·
295 1482 303 1498 1
322 1473 370 1504 Δὸς
390 1474 455 1507 ἡμῖν
471 1472 594 1507 βοήθειαν
614 1473 646 1499 ἐκ
673 1473 805 1507 θλίψεως·
826 1484 834 1499 ›
863 1474 978 1509 ματαίαν

191 1519 247 1555 γὰρ
268 1516 338 1545 εἶναι
355 1520 444 1545 πᾶσαν
459 1518 507 1553 τὴν
527 1518 555 1551 ἐξ
572 1518 720 1553 ἀνθρώπων
737 1519 840 1546 ἐλπίδα.
861 1518 917 1546 Εἶτ’
932 1520 977 1546 εὑ-

192 1566 303 1600 ξάμενοι
317 1564 412 1595 ταῦτα,
428 1564 477 1599 τὴν
492 1563 595 1598 ἀγαῢὴν
610 1563 805 1590 ἐπιδείκνυνται
824 1564 976 1599 προθυμίαν

192 1611 331 1644 λέγοντες·
357 1619 366 1634 1
390 1610 432 1635 Ἐν
452 1609 509 1643 Θεῴ
530 1610 678 1644 ποιήσομεν
696 1610 818 1643 δύναμιν,
834 1611 880 1635 καὶ
897 1611 977 1642 αὐτὸς

190 1654 363 1688 ἐξουδενώσει
387 1654 449 1685 τοὺς
473 1654 611 1685 Θλίϐοντας
632 1655 713 1689 ἡμᾶς.
737 1665 745 1680 ι
769 1655 893 1687 Τοιοῦτος
913 1654 946 1691 ἦν
965 1658 978 1682 ὁ

192 1701 298 1732 Παῦλος
315 1700 416 1734 λέγωνε
445 1710 453 1724 ‹
470 1700 560 1726 Πάντα
579 1700 662 1734 ἰσχύω
679 1701 705 1725 ἐν
726 1700 765 1735 τῷ
786 1701 977 1736 ἐνδυναμοῦντί

193 1754 243 1780 με·
267 1754 276 1770 ι
310 1744 357 1771 καὶ
387 1744 482 1770 πάλιν·
517 1753 525 1769 1
550 1745 605 1770 Οὐκ
617 1744 670 1778 ἐγὼ
682 1745 719 1775 δὲ,
758 1747 848 1780 φησιν,
883 1746 939 1772 ἀλλ’
961 1748 977 1780 ή

191 1791 271 1825 χάρις
293 1791 309 1825 ὴ
326 1791 373 1816 σὺν
387 1790 457 1825 ἐμοί.
477 1799 485 1816 ι
507 1790 599 1816 Ταῦτα
619 1791 646 1816 δὲ
660 1791 748 1824 λέγειν
766 1793 934 1819 παιδεύονται
952 1795 976 1820 οἱ

191 1838 224 1862 ὲκ
245 1836 294 1871 τῆς
314 1836 464 1870 Ἰδουμαίας
479 1836 525 1862 καὶ
547 1837 578 1861 ἐκ
600 1836 652 1861 τῶν
669 1837 823 1871 ἀλλοφύλων
847 1839 929 1865 ἐθνῶν
944 1841 976 1874 τῇ

191 1881 239 1908 τοῦ
254 1881 321 1908 Θεοῦ
338 1882 427 1916 χάριτι
442 1881 680 1916 προσεληλυθότες.
700 1883 729 1908 Εἰ
743 1883 770 1909 δὲ
788 1885 818 1910 ἐκ
832 1885 976 1920 προσώπου

190 1927 238 1954 τοῦ
251 1926 418 1962 προφητικοῦ
434 1926 512 1962 χοροῦ
532 1927 635 1960 λέγοιτο
657 1928 811 1960 καὶταῦτα,
829 1930 928 1964 πρέποι
946 1930 977 1956 ἂν

189 1974 299 2005 αὐτοὺς,
316 1973 571 2007 ὰποκλαυσαμένους
586 1974 630 1999 τὸν
645 1974 775 2009 ἀπωσμὸν
791 1975 836 2000 καὶ
853 1976 901 2011 τὴν
914 1976 978 2002 καθ-

190 2019 295 2055 αίρεσιν
315 2019 362 2044 τοῦ
380 2018 511 2053 προτέρου
536 2018 610 2049 λαοῦ,
626 2019 706 2054 εὐχὴν
726 2021 894 2055 ἀναπέμπειν
909 2022 977 2057 ὑπὲρ

191 2065 238 2092 τοῦ
262 2065 350 2091 κοινοῦ
372 2066 478 2091 πάντων
494 2065 581 2091 αὐτῶν
604 2066 738 2100 σώματος,
761 2067 807 2092 καὶ
827 2067 915 2102 λέγειν
940 2068 978 2103 τῷ

190 2110 251 2146 Θεῷ
266 2110 300 2137 τὰ
313 2111 491 2146 προκείμενα.

194 2163 197 2164 ν
223 2167 249 2194 Ι.
269 2167 323 2193 ΕΙΣ
337 2166 380 2193 T0
396 2166 505 2192 ΤΕΛυΣ
520 2166 566 2193 EN
581 2167 721 2200 ΥΜΝΟΙΣ,
738 2168 781 2194 ΤΩ
796 2168 894 2196 ΔΑΥΙΔ
909 2169 947 2198 Ξ’.

230 2232 241 2249 1
263 2223 438 2254 Εἰσάκουσον,
453 2222 467 2248 ὁ
479 2222 554 2254 Θεὸς,
573 2225 627 2268 τῆς
644 2224 761 2260 δεήσεως
779 2234 839 2260 μου,
862 2226 977 2262 πρόσχες

1035 289 1110 316 solus
1131 289 1195 316 talia
1217 289 1360 317 ostendere
1385 292 1471 326 possit
1496 301 1661 328 cognoscere
1679 303 1707 322 se
1729 296 1815 323 conii-

1035 340 1123 369 letur;
1142 336 1185 363 hic
1197 343 1278 370 porro
1296 335 1367 364 Deus
1382 343 1456 369 erat;
1473 339 1544 372 quod
1563 340 1643 366 etiam
1672 341 1749 368 initio
1764 341 1816 368 hu-

1032 382 1077 415 jus
1095 382 1167 408 lituli
1194 383 1381 417 inscriptionis
1407 383 1537 412 dicebat:
1557 395 1564 410 1
1586 385 1666 416 Deus,
1690 389 1813 422 repulisti

1033 436 1084 455 nos
1097 433 1124 455 et
1137 428 1296 456 destruxisti
1313 437 1390 456 nos.»
1407 430 1496 462 Quare
1513 432 1544 457 ad
1561 432 1631 459 illam
1643 442 1733 461 vocem
1750 443 1810 469 spe-

1033 479 1122 506 ctans,
1142 474 1266 501 eamdem
1294 476 1338 503 hic
1371 476 1471 511 profert
1503 479 1661 505 sententiam
1697 479 1810 508 dicens:

1036 530 1045 545 1
1059 520 1153 548 Nonne
1165 525 1207 552 tu,
1224 520 1307 553 Deus,
1327 524 1373 556 qui
1398 524 1521 559 repuliin
1536 525 1604 551 nos?
1617 535 1625 550 ι
1654 525 1719 558 Quis
1739 527 1811 553 enim

1035 567 1115 596 alius.
1142 568 1240 602 inquit.
1267 569 1399 603 promissa
1414 573 1471 601 tua,
1497 573 1524 596 et
1546 571 1689 597 verborum
1704 577 1811 598 tuorum

1033 613 1135 639 exitum
1168 614 1295 640 exhibere
1323 615 1401 641 nobis
1431 615 1528 644 valeat.
1562 616 1614 642 nisi
1642 621 1669 642 tu
1691 616 1748 651 ipse
1766 618 1811 651 qui

1034 658 1156 691 repulisti
1175 658 1247 685 nos?
1263 659 1329 690 sive,
1348 660 1498 687 secundum
1515 659 1718 695 Symmachum,
1734 671 1742 686 1
1755 662 1811 689 Nisi

1035 707 1075 733 tu,
1092 703 1173 734 Deus,
1186 705 1231 738 qui
1249 705 1346 738 abjicis
1364 713 1425 736 nos,
1449 710 1475 732 ct
1491 714 1544 733 non
1561 707 1668 734 accedis
1687 708 1720 734 ad
1737 716 1813 735 exer—

1033 750 1104 776 citus
1123 751 1250 776 nostros?
1266 760 1274 775 ›
1314 750 1450 785 Siquidem
1466 752 1590 786 repulisti
1619 761 1679 785 nos,
1706 757 1735 780 tu
1760 753 1812 781 Do-

1033 795 1117 826 mine,
1133 799 1159 821 ct
1175 795 1341 823 destruxisti
1358 805 1427 824 nos:
1447 798 1493 824 sed
1511 798 1557 832 qui
1571 799 1634 825 olim
1653 807 1705 825 una
1721 800 1809 827 nobis.

1033 848 1095 867 cum
1118 842 1203 871 exire,
1241 846 1266 869 et
1287 850 1347 868 cum
1375 844 1540 871 exercitibus
1569 845 1669 872 nostris
1694 853 1813 880 pugnare

1035 886 1151 916 solebas.
1169 895 1242 914 nunc
1265 893 1324 921 post
1341 893 1477 922 peractam
1494 890 1613 924 gentium
1630 892 1811 921 vocationem.

1034 932 1158 965 repulisti
1175 940 1235 963 nos,
1266 941 1353 967 neque
1369 934 1438 960 ultra
1466 935 1603 967 egrederis
1627 944 1688 962 cum
1704 937 1812 963 virtuti-

1034 977 1085 1003 bus
1112 979 1224 1005 nostris.
1254 977 1313 1004 Non
1341 980 1392 1005 alia
1420 979 1509 1014 itaque
1525 981 1618 1008 subest
1642 982 1721 1008 nobis
1749 989 1811 1016 spes

1032 1023 1141 1049 videndi
1160 1025 1292 1057 promissa
1314 1030 1370 1056 tua,
1398 1026 1450 1052 nisi
1481 1032 1507 1052 tu
1529 1026 1586 1060 ipse
1610 1028 1738 1055 volueris.
1774 1028 1811 1056 Te

1031 1069 1131 1103 quippe
1148 1070 1264 1101 volente,
1282 1078 1429 1104 possumus
1443 1080 1492 1098 nos
1508 1073 1644 1107 prophetzc
1661 1074 1699 1100 tui
1719 1074 1744 1100 in
1758 1076 1811 1101 cir-

1030 1119 1171 1149 cumsepta
1190 1116 1298 1142 civitate
1316 1121 1361 1142 tua
1387 1118 1571 1151 annumerari,
1592 1126 1623 1145 ac
1644 1119 1741 1146 deduci
1764 1128 1811 1146 us-

1031 1168 1084 1194 que
1098 1161 1264 1187 declaratum
1280 1162 1353 1188 illam
1378 1162 1531 1190 ldummam.

1068 1205 1149 1233 Vens.
1166 1207 1209 1238 15,
1227 1206 1269 1233 14.
1295 1207 1354 1233 1Da
1381 1209 1459 1235 nobis
1482 1210 1612 1236 auxilium
1637 1210 1670 1238 de
1698 1211 1810 1238 tribula-

1031 1251 1114 1281 tione,
1142 1257 1168 1278 et
1191 1260 1258 1279 vana
1284 1252 1359 1280 salus
1377 1253 1528 1282 hominum.
1557 1255 1585 1281 ln
1602 1254 1655 1282 Deo
1678 1255 1809 1283 faciemus

1031 1297 1169 1329 virtutem,
1185 1303 1211 1324 et
1236 1299 1294 1333 ipse
1319 1299 1352 1325 ad
1378 1299 1491 1326 nihilum
1515 1300 1629 1328 deducet
1648 1302 1809 1329 tribulantes

1031 1351 1091 1369 nos.
1105 1354 1113 1368 ι
1144 1343 1194 1375 Qui
1212 1345 1354 1378 promissis
1371 1345 1472 1380 dignati
1499 1351 1573 1379 sunt,
1603 1347 1644 1374 his
1661 1348 1810 1374 cdocentur

1031 1389 1121 1416 sobrie
1135 1391 1268 1423 agendum
1282 1395 1308 1417 et
1324 1392 1488 1425 vigilandum
1498 1400 1567 1424 esse,
1579 1397 1659 1427 atque
1669 1393 1700 1419 ad
1711 1400 1811 1420 aerum-

1032 1443 1081 1461 nas
1110 1441 1219 1469 paratos
1239 1444 1299 1463 esse
1326 1443 1460 1471 oportere,
1479 1447 1511 1465 ac
1528 1439 1618 1466 dicere
1635 1439 1690 1473 regi
1705 1447 1755 1466 suo
1783 1440 1810 1466 in

1030 1481 1208 1514 orationibus,
1234 1491 1243 1507 1
1255 1483 1290 1508 Da
1308 1484 1386 1510 nobis
1401 1485 1531 1511 auxilium
1545 1485 1578 1512 de
1590 1486 1765 1513 tribulatione
1777 1495 1783 1512 :
1797 1496 1806 1512 ι

1030 1534 1099 1553 vana
1124 1528 1223 1562 quippe
1241 1532 1281 1554 est
1312 1537 1374 1563 spes
1396 1530 1422 1556 in
1449 1530 1557 1557 homine
1584 1531 1682 1565 posita.
1708 1531 1810 1558 Deinde

1031 1573 1087 1600 Ιιιυρ
1096 1575 1209 1608 precati,
1221 1575 1370 1602 alacritatis
1381 1584 1437 1602 sua:
1449 1576 1525 1611 signa
1538 1577 1658 1611 pnebent
1669 1577 1808 1607 dicentes:

1033 1628 1041 1643 1
1055 1619 1081 1645 ιιι
1099 1620 1151 1646 Deo
1170 1620 1299 1650 faciemus
1313 1622 1450 1653 virtutcni,
1468 1627 1494 1649 et
1506 1622 1562 1656 ipse
1580 1623 1613 1649 ad
1633 1624 1748 1650 nihilum
1761 1623 1809 1651 de~

1027 1666 1107 1692 ducet
1134 1668 1296 1695 tribulautes
1326 1677 1385 1695 nos.
1402 1677 1410 1693 ι
1450 1667 1524 1695 Talis
1548 1673 1606 1695 erat
1626 1669 1740 1700 Paulus,
1763 1670 1810 1704 qui

1028 1712 1150 1740 dicebat:
1169 1723 1177 1738 1
1199 1714 1294 1740 Omnia
1310 1723 1420 1748 possum
1451 1715 1477 1741 in
1499 1722 1531 1742 eo
1561 1716 1606 1750 qui
1633 1724 1674 1742 me
1700 1716 1809 1743 confor-

1028 1758 1093 1784 tat"
1109 1767 1115 1791 ;
1132 1769 1140 1783 ι
1170 1767 1200 1786 ae
1225 1768 1353 1792 rursum;
1383 1760 1441 1787 Non
1466 1769 1525 1795 ego,
1550 1762 1648 1796 inquit,
1679 1762 1726 1789 sed
1747 1770 1810 1797 gra—

1028 1805 1064 1830 tia
1087 1813 1146 1839 quae
1170 1809 1210 1832 est
1239 1807 1409 1833 mecum".r
1445 1807 1485 1833 Ad
1516 1807 1573 1834 haec
1604 1808 1717 1834 dicenda
1744 1815 1809 1834 eru—

1028 1850 1150 1883 diuntur,
1169 1852 1214 1886 qui
1229 1860 1261 1878 ex
1281 1852 1399 1878 ldulnaea
1414 1856 1440 1878 et
1458 1860 1489 1879 ex
1504 1853 1665 1887 alienigenis
1680 1854 1808 1887 gentibus

1029 1896 1062 1922 ad
1094 1896 1140 1923 Dei
1173 1898 1288 1931 gratiam
1316 1905 1466 1925 accessere.
1497 1897 1573 1929 Quod
1592 1898 1614 1924 si
1629 1906 1670 1927 .ex
1694 1906 1808 1933 persona

1029 1942 1179 1976 prophetici
1196 1943 1272 1968 chori
1295 1943 1430 1973 dicantur,
1448 1951 1513 1969 sane
1535 1943 1613 1969 decet
1628 1943 1700 1977 ipsos
1716 1944 1808 1978 repul-

1030 1996 1086 2014 sam
1109 1992 1135 2014 et
1150 1989 1255 2014 ruinam
1278 1989 1377 2022 prioris
1394 1989 1485 2023 populi
1506 1989 1690 2023 deplorantes,
1706 1990 1809 2016 oratio-

1028 2041 1089 2059 nem
1112 2033 1251 2060 eirundere
1265 2041 1314 2068 pro
1330 2034 1468 2061 communi
1489 2042 1539 2061 suo
1559 2042 1683 2069 corpore,
1704 2039 1731 2062 et
1751 2035 1808 2062 huic

1028 2079 1109 2106 verba
1122 2079 1176 2106 Deo
1192 2080 1323 2114 proferre.

1099 2156 1124 2184 1.
1141 2155 1174 2182 ΙΝ
1191 2155 1305 2190 FINEM,
1325 2155 1360 2183 IN
1377 2155 1517 2192 HYMNIS,
1538 2157 1662 2186 DAVIDI.
1685 2158 1740 2186 LX.

1065 2222 1149 2252 Vsus.
1175 2223 1209 2255 2,
1230 2223 1256 2250 5.
1282 2232 1291 2249 1
1318 2222 1443 2257 Exaudi,
1474 2223 1564 2254 Deus.
1593 2224 1809 2260 deprecationem

189 2271 224 2305 τῇ
240 2271 376 2305 προσευχῇ
393 2278 454 2304 μου.
479 2280 488 2296 ι
512 2270 543 2296 0i.
564 2265 864 2306 μὲνέπιγεγραμμὲνοι
882 2272 976 2307 στηλο-

1032 2277 1140 2300 meam,
1165 2269 1276 2296 intende
1296 2270 1415 2297 orationi
1437 2277 1513 2298 meae.
1532 2279 1542 2296 ι
1558 2269 1610 2303 Qui
1626 2271 1695 2297 tituli
1711 2265 1810 2297 inscri-

190 2315 311 2350 γραφίας
327 2315 425 2351 ἐφεξῆς
443 2315 523 2342 πέντε
539 2315 619 2351 μέχρι
637 2315 683 2341 τοῦ
698 2315 736 2342 νϐ’
757 2316 832 2348 τέλος
852 2316 957 2351 ἔχουσιν
967 2327 973 2333 ·

190 2361 245 2388 εἰσὶ
257 2361 285 2387 δὲ
302 2361 402 2392 πάντες
413 2362 437 2387 οἱ
448 2361 549 2396 ταύτην
564 2360 670 2395 ἔχοντες
682 2361 731 2397 τὴν
753 2362 915 2398 προγραφὴν
927 2363 956 2396 ἐξ
966 2372 973 2379 ο

191 2406 219 2432 οἵ
228 2415 256 2432 τε
274 2406 466 2442 προλεχθέντες
483 2406 529 2433 καὶ
540 2407 554 2432 ὁ
568 2409 598 2432 ιε’
614 2406 643 2432 ἐν
655 2406 693 2441 τῷ
714 2406 813 2443 πρώτῳ
833 2408 911 2443 μέρει
926 2410 976 2443 τῆς

192 2453 285 2488 βίὸλου
299 2452 352 2479 τῶν
367 2452 490 2488 Ψαλμῶν
500 2452 635 2488 κείμενος.
651 2453 683 2479 Ὅ
697 2461 728 2487 γε
745 2453 797 2489 μὴν
810 2454 877 2489 μετὰ
883 2456 975 2491 χεῖρας

191 2498 276 2534 ὕμνος
289 2498 326 2525 ὢν
350 2498 396 2524 καὶ
412 2497 493 2529 αὐτὸς
507 2499 547 2529 εἰς
568 2497 598 2524 τὸ
611 2498 688 2530 τέλος
704 2499 747 2526 διὰ
769 2499 818 2531 τὰς
840 2500 885 2526 ἐπὶ
907 2500 976 2528 τέλει

191 2544 238 2572 τοῦ
262 2544 345 2580 ὕμνου
367 2544 517 2580 φερομένας
537 2544 704 2580 ἐπιχρήστας
729 2545 893 2580 ἐπαγγελίας
912 2546 975 2573 ἀνα-

191 2591 306 2626 πέμπει.
335 2591 395 2617 Εἰσὶ
420 2591 449 2618 δὲ
479 2592 577 2623 πάντες
601 2592 625 2618 οε
654 2592 887 2627 ἐπιγεγραμμένοι
905 2602 914 2617 1
931 2592 975 2618 ‘Ev

191 2637 286 2672 ὕμνοις
304 2647 313 2663 ι
335 2637 431 2663 πέντε·
456 2638 502 2664 δύο
527 2638 575 2673 μὲν
597 2639 625 2664 ἐν
648 2638 687 2673 τῷ
713 2637 813 2672 πρώτῳ
830 2637 906 2673 μέρει
926 2640 975 2673 τῆς

195 2684 296 2719 βίϐλου,
316 2684 330 2709 ὁ
351 2684 476 2719 τέταρτος
498 2684 545 2711 καὶ
565 2685 580 2710 ὁ
602 2687 638 2716 ς’.
659 2683 728 2710 Ἀλλ’
749 2680 820 2710 οὗτοι
834 2684 883 2719 μέν
905 2694 914 2710 1
933 2685 976 2711 Ἐν

193 2729 288 2764 ὕμνοις
301 2730 403 2765 ψαλμοὶ
421 2740 430 2756 ι
446 2731 568 2765 λέγονται
580 2740 587 2746 ·
599 2731 624 2757 οἱ
634 2731 663 2757 δὲ
675 2732 703 2757 ἐν
718 2730 757 2765 τῷ
769 2731 885 2766 δευτέρῳ
900 2730 977 2766 μέρει

191 2776 239 2810 τῆς
255 2775 345 2810 βίβλου
359 2778 431 2811 τρεῖς
448 2786 457 2802 1
469 2776 513 2804 Ἑν
529 2777 623 2812 ὕμνοις
641 2786 649 2802 ι
673 2777 868 2812 ἐπιγράφονται
885 2776 974 2811 μόνον,

190 2821 204 2847 ὁ
220 2824 271 2855 νγθ,
288 2821 335 2848 καὶ
351 2823 365 2849 ὁ
376 2820 422 2855 νδν,
436 2824 505 2850 καὶὸ
519 2823 588 2858 μετὰ
600 2825 701 2859 χεῖρας.
730 2823 760 2850 Οἱ
775 2822 823 2858 μὲν
836 2821 881 2850 οὖν
899 2832 907 2848 1
931 2822 975 2849 Ἐν

232 2901 251 2917 ³³
271 2900 369 2937 Philip.
387 2909 424 2934 Iv,
445 2901 486 2932 l3.
525 2903 547 2918 ³¹
567 2902 576 2930 1
595 2901 658 2930 Cor.
677 2910 723 2935 xv,
742 2902 787 2931 10.

1029 2316 1138 2350 ptiones
1168 2315 1315 2348 dicuntur,
1347 2320 1548 2351 consequenter
1581 2315 1663 2350 positi
1695 2323 1809 2343 numero

1028 2361 1165 2396 quinque,
1186 2361 1214 2388 in
1238 2369 1282 2389 le
1311 2361 1450 2389 desinunt.
1474 2360 1544 2388 Sunt
1581 2365 1672 2388 autem
1693 2368 1807 2393 omnes,

1028 2408 1074 2442 qui
1098 2408 1256 2443 hujusmodi
1281 2408 1360 2435 titulo
1385 2407 1584 2437 inscribuntur,
1609 2413 1724 2433 numero
1738 2414 1807 2440 sex;

1029 2462 1125 2488 nempe
1147 2455 1193 2489 qui
1207 2455 1264 2489 jam
1280 2454 1422 2481 memorati
1444 2456 1508 2481 sunt
1520 2473 1527 2483 .
1543 2456 1569 2480 et
1591 2452 1714 2480 decimus
1727 2453 1810 2488 quin-

1029 2506 1090 2532 tus,
1118 2500 1145 2527 in
1171 2501 1257 2535 prima
1280 2505 1355 2535 parte
1378 2499 1440 2526 libri
1459 2499 1629 2526 PsalmOrum
1656 2500 1735 2528 situs.
1759 2499 1809 2526 Hic

1027 2554 1093 2574 vero
1107 2554 1186 2581 quem
1209 2546 1267 2581 jam
1291 2550 1441 2574 tractamus
1461 2545 1594 2581 hymnus,
1610 2545 1643 2572 ad
1661 2544 1758 2577 ﬁnem,
1774 2545 1809 2573 ob

1028 2592 1153 2627 perutilia
1170 2592 1214 2619 illa
1236 2593 1371 2627 promissa
1383 2613 1390 2626 ,
1407 2599 1467 2627 quae
1481 2592 1509 2618 in
1530 2591 1583 2623 ﬁne
1606 2591 1742 2624 feruntur,
1765 2599 1810 2618 re-

1028 2638 1120 2665 mittit.
1141 2637 1210 2665 Sunt
1225 2642 1315 2665 autem
1332 2647 1341 2664 1
1355 2638 1385 2665 In
1401 2638 1509 2674 hymnis
1525 2647 1535 2664 »
1550 2638 1674 2672 inscripti
1689 2637 1809 2672 quinque

1029 2690 1162 2710 numero:
1185 2691 1301 2718 quorum
1323 2683 1378 2710 duo
1398 2684 1426 2710 in
1449 2684 1535 2718 prima
1556 2687 1633 2718 parte
1651 2682 1712 2709 libri
1727 2685 1807 2714 sunt,

1027 2733 1142 2765 quartus
1151 2737 1259 2765 nempe,
1272 2734 1297 2757 et
1312 2735 1415 2757 sextus.
1431 2729 1483 2758 Sed
1496 2730 1533 2757 illi
1544 2730 1654 2765 quidem
1669 2738 1678 2754 1
1692 2729 1721 2756 In
1732 2729 1809 2764 hym-

1028 2776 1073 2803 nis
1089 2776 1185 2811 psalmi
1200 2785 1209 2802 ι
1225 2776 1375 2810 dicuntur;
1399 2776 1446 2812 qui
1466 2784 1531 2803 vero
1546 2777 1572 2803 in
1594 2775 1713 2803 secunda
1733 2779 1809 2809 parte

1030 2822 1093 2849 libri
1114 2827 1199 2856 sunt,
1221 2826 1276 2850 tres
1297 2830 1428 2857 numero,
1444 2831 1454 2849 1
1470 2822 1499 2850 In
1515 2822 1623 2859 hymnis
1634 2831 1644 2848 ι
1659 2821 1746 2850 solum
1765 2820 1809 2849 in-
