2064 3212
317 158 369 186 579

665 158 799 186 EUSEBH
820 157 1059 186 C/ESARIENSlS
1075 157 1149 186 ουρ.
1171 157 1259 185 PARS
1288 157 1332 185 Ill.
1348 172 1382 178 —
1403 155 1608 184 EXEGETICA.

1873 159 1926 186 5έο

312 216 462 244 secundum
477 215 612 250 Aquilam,
627 223 638 240 ‹
656 215 752 242 turrim
769 215 892 248 roboris;
909 224 919 240 I
932 220 978 242 aut
993 222 1085 242 secun-

1141 215 1174 250 ἦ,
1195 224 1204 240 ε
1218 215 1320 250 πύργον
1335 214 1431 249 ὀχυρὸν
1443 234 1450 245 ,
1464 225 1472 240 ι
1499 214 1568 241 κατὰ
1593 215 1638 241 τὸν
1654 214 1800 250 Σύμμαχον
1810 224 1817 230 ·
1852 217 1927 252 ὲρεί-

311 261 375 289 dum
405 261 609 296 Symmachum,
630 270 639 286 ε
663 261 762 287 turrim
790 262 938 292 munitam;
953 270 962 286 ι
986 261 1020 291 is.
1047 261 1091 287 in-

311 315 403 342 quam,
417 306 489 333 dicet
506 316 512 333 :
528 315 537 331 ι
551 306 716 333 .lnhabitabo
739 307 766 333 in
796 306 971 333 tabernaculo
997 311 1044 333 tuo
1065 307 1092 333 in

311 353 422 384 saecula,
438 357 565 388 protegar
586 354 613 380 in
639 353 791 380 velamento
820 353 924 379 alarum
945 357 1062 380 tuarum.
1080 362 1089 378 ι

313 397 407 432 Neque
439 400 521 431 enim,
540 398 587 430 ait,
608 398 636 425 in
663 406 706 425 me
737 397 881 428 conﬁdam,
902 397 949 424 sed
966 397 994 424 in
1019 398 1092 424 vela-

312 448 403 471 mento
416 445 519 470 alarum
533 449 652 470 tuarum.
676 443 714 469 lta
739 451 821 478 porro
837 451 935 470 vocare
951 443 1091 478 Scriptura

311 491 378 517 solet
400 490 515 516 virtutes
531 489 576 516 Dei
593 489 769 524 providentia:
788 489 976 520 administras,
992 490 1091 526 quibus

309 535 445 569 obtegitur
469 535 612 569 religiosus
638 534 730 566 homo,
749 535 795 569 qui
823 542 839 560 a
868 538 1019 562 velamento
1045 534 1091 561 Dei

308 588 447 615 nunquam
465 581 578 611 recedit,
593 581 639 608 sed
656 580 727 607 intra
743 580 831 614 ipsum
858 579 885 606 in
899 581 1028 608 sacculum
1042 581 1091 607 ha-

309 625 377 652 bitat
391 635 397 652 ε
413 626 525 660 jamque
547 626 668 653 Ecclesia
683 626 743 660 ejus
760 629 786 653 et
812 626 911 653 decore
922 627 1019 654 domus
1032 627 1091 660 ejus

309 671 418 703 fruitur,
434 675 462 698 ut
477 672 569 698 dicat:
588 681 597 696 ι
615 671 737 703 Domine,
750 671 830 698 dilexi
856 671 981 699 decorem
994 672 1091 700 domus

309 721 371 747 tute,
397 721 424 744 et
454 717 542 744 locum
561 718 739 744 habitationis
756 718 847 752 gloriae
869 721 922 744 tua:
945 718 985 750 “;
1002 727 1011 744 ι
1041 723 1088 745 et:

312 771 321 787 I
344 762 430 789 Unam
444 764 508 797 petii
525 771 539 790 a
558 763 682 795 Domino.
702 764 772 790 hanc
801 764 947 798 requiram.
966 767 995 790 ut
1016 763 1092 790 inha-

308 807 390 835 bitem
406 809 433 835 in
450 809 530 836 domo
546 809 653 836 Domini
675 810 803 836 omnibus
819 809 916 837 diebus
930 810 990 836 vitae
1002 817 1068 837 mea!
1083 821 1088 837 ;

309 857 337 879 ut
356 853 460 880 videam
473 854 639 889 voluptatem
656 854 762 881 Domini
775 874 783 885 ,
799 859 826 881 et
838 854 945 881 visitem
959 855 1088 888 templum

1145 270 1154 285 ι
1167 260 1330 295 Παροικήσω
1344 261 1372 286 ἐν
1383 260 1422 295 τῷ
1437 260 1593 295 σκηνώματί
1608 269 1654 287 σου
1670 262 1710 293 είς
1725 263 1788 294 τοὺς
1804 263 1907 295 αἰῶνας
1919 273 1927 279 ·

1143 305 1368 340 σκεπασθήσομαι
1383 307 1412 331 ὲν
1426 307 1457 340 τῇ
1473 305 1559 341 σκέπῃ
1573 305 1627 332 τῶν
1641 306 1784 341 πτερύγων
1800 316 1848 334 σου
1867 318 1876 333 ι
1889 309 1927 335 Οὐ

1142 352 1193 387 γὰρ
1211 352 1253 377 ἐπ’
1269 351 1378 386 ἐμαυτῴ
1390 371 1397 382 ,
1422 352 1502 386 φησὶν
1515 372 1522 383 ,
1541 352 1716 388 εὐθαρσὴς-ω,
1743 353 1800 379 ἀλλ’
1825 355 1872 380 ἐπὶ
1893 357 1927 391 τῇ

1142 397 1230 432 σκέπῃ
1253 396 1305 423 τῶν
1331 396 1384 423 σῶν
1408 397 1559 432 πτερύγων.
1586 398 1663 425 Οὕτω
1678 399 1706 425 δὲ
1723 399 1814 433 καλεῖν
1831 400 1928 427 εἴωθεν

1140 442 1155 467 ό
1171 442 1256 475 Λόγος
1269 441 1317 473 τὰς
1334 442 1511 477 πφνοητικὰς
1525 442 1571 468 τοῦ
1588 443 1654 470 Θεοῦ
1669 444 1796 479 δυνάμεις
1808 465 1816 476 ,
1835 445 1879 479 ὑφ’
1894 446 1928 477 ἃς

1142 487 1304 519 σκεπάζεται
1328 489 1342 514 6
1358 487 1498 523 Θεοφιλὴς,
1528 489 1660 523 μηδέποτε
1675 490 1725 524 τῆς
1742 491 1845 525 σκέπης
1862 491 1928 518 ἁνα-

1141 532 1235 566 χωρῶν
1251 532 1298 558 τοῦ
1314 532 1391 563 Θεοῦ,
1408 533 1474 559 ἀλλὰ
1489 533 1521 559 δι’
1537 533 1632 565 αἰῶνος
1651 534 1724 561 ἔνδον
1741 537 1769 563 ἐν
1779 538 1848 573 αὐτῇ
1862 547 1928 565 κατ-

1140 577 1235 604 οικῶν·
1251 578 1296 604 καὶ
1311 577 1359 613 ἤδη
1382 578 1430 613 μὲν
1443 578 1584 605 ἀπολαύων
1606 579 1655 614 τῆς
1669 580 1830 616 Ἐκκλησία-ς
1843 584 1927 611 αὐτοῦ

1141 623 1187 649 καὶ
1209 623 1259 657 τῆς
1275 623 1439 658 εὐπρεπείας
1455 623 1499 650 τοῦ
1514 625 1587 651 οίκου
1602 625 1699 657 αὑτοῦ,
1725 627 1795 654 ὥστε
1819 629 1926 663 λέγειν·

1144 678 1152 693 ι
1165 668 1260 704 Κύριε,
1269 669 1397 704 ἠγάπησα
1409 669 1573 705 εὐπρέπειαν
1583 670 1656 696 οἴκου
1673 680 1719 698 σου
1742 682 1751 697 ι
1768 675 1814 700 καὶ
1830 675 1929 702 «τόπον

1141 715 1316 750 ηηνώματος
1332 715 1381 750 τῆς
1393 714 1471 751 δόξης
1487 724 1547 742 σουο
1560 725 1569 741 ι
1587 717 1648 748 καὶ,
1667 728 1676 743 ι
1691 719 1763 745 Μίαν
1780 720 1929 757 ᾐτησάμην

1140 760 1215 796 παρὰ
1229 761 1329 796 Κυρίου
1341 781 1348 793 ,
1373 761 1473 797 ταύτην
1488 761 1613 797 ζητήσω,
1632 762 1671 789 Δ’τὸ
1696 767 1834 791 κατοικεῖν
1850 775 1883 800 με
1898 769 1928 792 ὲν

1139 807 1205 842 οἴκῳ
1220 807 1322 842 Κυρίου
1339 807 1428 838 πάσας
1444 808 1492 839 τὰς
1508 808 1613 844 ἡμέρας
1628 810 1677 844 τῆς
1692 809 1764 845 ζωῆς
1782 820 1834 846 μου
1845 820 1853 826 '
1879 812 1928 838 τοῦ

1143 852 1253 888 θεωρεῖν
1268 861 1300 887 με
1316 853 1364 886 τὴν
1374 853 1542 888 τερπνὸτητα
1552 854 1598 880 τοῦ
1609 855 1711 890 Κυρίου
1720 876 1728 887 ,
1749 858 1795 883 καὶ
1815 858 1928 886 ἐπισκέ-

306 898 367 932 ejus
380 899 411 926 ".
433 909 441 925 I
456 899 532 932 Quod
553 901 575 928 Si
592 900 796 927 tabernaculum
821 904 864 927 est
878 900 999 932 cceleste.
1016 900 1085 935 quod

1139 898 1252 924 πτεσοαι
1266 898 1311 924 τὸν
1327 899 1388 924 ναὸν
1402 898 1492 926 αὐτοῦ.
1507 909 1516 924 ι
1533 900 1563 925 El
1580 900 1608 926 δέ
1622 901 1679 927 ἐστι
1701 902 1747 928 καὶ
1763 903 1926 939 ἐπουράνιος

308 943 365 969 lixlt
395 943 535 974 Dominus.
560 953 614 972 non
646 945 738 976 homo,
755 945 788 972 ad
815 944 894 979 cujus
924 946 1086 980 exemplum.

304 988 400 1022 jussus
415 989 520 1024 Moyses
538 991 610 1017 aliud
627 991 775 1018 fabricatus
802 995 855 1023 est,
879 991 913 1018 ad
930 991 995 1018 illud
1024 999 1089 1018 sane

306 1035 514 1062 tabernaculum
545 1037 699 1068 remittens,
716 1037 814 1064 dixerit
832 1047 838 1064 :
856 1047 865 1062 ι
884 1038 1044 1065 lnbabitabo
1061 1038 1089 1064 in

306 1080 486 1109 tabernaculo
506 1087 552 1109 tuo
568 1083 595 1109 in
610 1083 718 1110 saecula.
739 1092 747 1108 ι
763 1082 854 1110 Talem
869 1084 941 1110 enim
953 1083 1088 1118 perfectus

307 1125 389 1154 homo
404 1128 614 1162 promissionem
640 1129 754 1163 accepit,
771 1129 883 1156 minime
905 1135 1030 1164 spectans
1056 1137 1088 1157 ea

309 1180 370 1206 quae
384 1173 436 1200 sub
456 1177 632 1208 conspectum
648 1174 759 1206 cadunt,
775 1173 822 1202 sed
846 1182 906 1210 qua:
929 1183 984 1202 non
996 1175 1089 1203 viden-

306 1221 362 1242 tur.
376 1216 444 1244 Nam
462 1225 522 1253 qua:
537 1218 674 1249 videntur.
691 1223 886 1253 temporanea;
904 1227 964 1255 qua:
976 1228 1032 1247 non
1048 1221 1089 1247 vi-

307 1263 416 1294 dentur.
426 1268 526 1290 aeterna
540 1267 613 1292 sunt.

342 1307 426 1336 Vens.
442 1309 468 1335 6.
493 1318 502 1334 ‹
521 1309 656 1342 Quoniam
674 1314 713 1342 tu,
733 1310 813 1343 Deus,
834 1311 970 1338 exaudisti
986 1313 1087 1339 oratio-

306 1361 356 1381 nes
370 1362 457 1385 meas,
473 1355 573 1382 dedisti
591 1355 776 1383 hatreditatem
806 1356 964 1384 timentibus
989 1364 1088 1384 nomen

305 1404 410 1428 tuum.»
423 1400 451 1428 Si
467 1401 585 1437 vulgaris
597 1402 719 1436 quaedam
732 1403 818 1430 oratio
829 1406 900 1430 esset
914 1410 955 1434 ea.
966 1403 1088 1438 quzejam

307 1453 322 1472 a
338 1445 438 1474 Davide
449 1448 548 1475 emissa
563 1451 613 1479 est,
630 1456 684 1475 non
701 1456 813 1475 necesse
825 1456 891 1475 sane
914 1448 1012 1476 fuisset
1028 1457 1088 1476 eam

306 1492 334 1519 in
351 1493 421 1520 libro
439 1493 610 1521 Psalmorum
634 1495 727 1529 reponi
741 1505 749 1522 :
762 1495 909 1522 verisimile
933 1496 1034 1530 quippe
1047 1500 1089 1522 est

305 1545 367 1564 eum
387 1544 528 1566 sexcentas
549 1539 617 1566 alias
636 1539 772 1566 orationes
793 1539 825 1565 ad
845 1540 928 1566 Deum
945 1540 1087 1573 effudisse;

1140 944 1239 980 σκηνὴ,
1263 945 1296 979 ἢν
1318 944 1415 979 ἔπηξεν
1428 945 1442 970 6
1456 944 1556 980 Κύριος
1566 967 1573 976 ,
1590 947 1637 973 καὶ
1653 947 1702 973 οὐκ
1715 947 1858 984 ἄνθρωπος
1868 969 1876 982 ,
1892 947 1927 986 ἧς

1139 990 1187 1024 τὴν
1201 990 1292 1016 εἰκόνα
1306 989 1425 1023 Μωῦσῆς
1441 991 1620 1026 προσταχθεὶς
1637 993 1738 1024 ἐποίει,
1761 995 1802 1026 εἰς
1817 995 1925 1031 ἐκείνην

1138 1035 1306 1070 ἀναπέμπων
1322 1034 1370 1070 τὴν
1387 1036 1488 1071 σκηνὴν
1500 1055 1507 1067 ,
1529 1036 1601 1062 εἴποι
1617 1037 1650 1063 ἂν
1663 1038 1708 1064 τό·
1739 1047 1748 1064 ι
1760 1037 1926 1076 Παροικήσω

1138 1081 1166 1107 ἐν
1180 1082 1218 1116 τῷ
1230 1081 1386 1118 σκηνώματί
1402 1091 1447 1108 σου
1460 1083 1500 1113 εἰς
1512 1083 1574 1114 τοὺς
1587 1082 1696 1115 αἰῶνας.
1711 1094 1719 1110 ι
1749 1084 1859 1121 Ταύτην
1871 1087 1925 1122 γὰρ

1139 1129 1233 1164 εἴληφε
1251 1129 1298 1164 τὴν
1312 1129 1475 1163 ἐπαγγελίαν
1489 1131 1503 1156 6
1519 1130 1633 1163 τέλειος,
1649 1131 1679 1157 οὐ
1695 1131 1804 1158 σκοπῶν
1817 1132 1853 1159 τὰ
1867 1131 1926 1168 βλε-

1139 1176 1252 1210 πόμενα,
1268 1175 1334 1202 ἀλλὰ
1347 1175 1381 1202 τὰ
1395 1176 1431 1211 μὴ
1453 1176 1620 1212 βλεπόμενα·
1646 1177 1679 1203 τὰ
1695 1177 1749 1213 γὰρ
1769 1177 1925 1214 βλεπόμενα

1138 1220 1295 1256 πρόσκαιρα
1305 1241 1312 1253 ,
1327 1221 1361 1247 τὰ
1376 1221 1404 1247 δὲ
1421 1222 1458 1257 μὴ
1474 1221 1625 1257 βλεπόμενα
1640 1222 1744 1250 αἰώνια.

1173 1317 1182 1333 ι
1190 1308 1249 1334 ’Ότι
1261 1309 1303 1339 σὺ,
1313 1310 1326 1335 6
1336 1309 1410 1340 Θεὸς,
1422 1310 1580 1345 είσήκουσας
1592 1310 1646 1336 τῶν
1654 1310 1740 1346 εὐχῶν
1751 1320 1811 1346 μου,
1821 1311 1924 1344 ἔδωκα-ς

1137 1352 1315 1389 κληρονομίαν
1331 1356 1385 1386 τοῖς
1400 1354 1575 1390 φοϐουμένοις
1588 1356 1618 1382 τὸ
1633 1356 1718 1391 ὅνομὰ
1731 1365 1786 1383 σου.
1801 1367 1810 1382 ι
1831 1358 1861 1384 Εἰ
1874 1358 1923 1393 μὲν

1136 1399 1200 1435 ψιλή
1212 1409 1253 1431 τις
1267 1398 1300 1436 ἦν
1313 1402 1449 1436 προσευχὴ
1465 1402 1517 1428 ὑπὸ
1532 1402 1577 1428 τοῦ
1593 1402 1674 1428 Δαυῖδ
1686 1403 1893 1438 ἀναπεμφθεῖσα
1905 1405 1923 1440 η

1139 1445 1206 1480 μετὰ
1219 1446 1311 1480 χεῖρας
1322 1465 1329 1476 ,
1345 1445 1418 1472 οὐδὲν
1429 1443 1462 1481 ἦν
1475 1447 1621 1481 ἀναγκαῖον
1635 1447 1720 1484 αὐτὴν
1735 1448 1921 1484 ἀναληφθῆναι

1137 1492 1170 1525 τῇ
1189 1490 1270 1525 βίὸλῳ
1285 1490 1339 1517 τῶν
1355 1491 1486 1526 Ψαλμῶν·
1511 1493 1582 1524 εἰκὸς
1600 1493 1652 1529 γὰρ
1666 1493 1744 1520 αὑτὸν
1758 1494 1804 1520 καὶ
1822 1495 1922 1529 μυρίας

1140 1535 1221 1567 ἄλλας
1234 1536 1315 1572 εὐχὰς
1332 1537 1398 1572 πρὸς
1414 1537 1459 1563 τὸν
1476 1537 1540 1564 θεὸν
1563 1539 1739 1574 πεποιῆσθαι·
1765 1539 1860 1576 ὥσπερ
1877 1539 1920 1567 οὖν

305 1584 533 1618 quemadmodum
548 1593 598 1612 nos
608 1593 716 1619 quoque
730 1585 852 1620 quotidie
864 1586 1000 1620 variisque
1017 1591 1085 1614 tem-

1137 1582 1183 1608 καὶ
1195 1583 1274 1617 ἡμεῖς
1299 1583 1340 1616 ἐφ’
1363 1583 1480 1618 ἑκάστης
1501 1584 1619 1619 ἡμέρας,
1645 1586 1691 1611 καὶ
1713 1586 1785 1612 κατὰ
1807 1587 1922 1622 καιροὺς

304 1629 418 1664 poribus
433 1637 592 1663 precamur;
608 1634 634 1656 at
655 1631 720 1665 quia
733 1631 892 1665 plerumque
907 1631 971 1658 dum
989 1639 1084 1666 preca-

304 1679 393 1705 retur,
415 1679 461 1701 aut
487 1675 606 1709 psalmos
620 1676 913 1710 pulsarel.hymnosve
938 1678 1083 1708 emitteret.

305 1719 465 1754 prophetica
486 1720 586 1746 virtute
613 1720 784 1754 replebalur;
800 1721 896 1748 merito
908 1721 964 1755 jam
982 1729 1035 1748 non
1058 1725 1086 1748 ut

303 1764 432 1799 vulgares
446 1765 596 1796 orationes,
613 1765 659 1792 sed
675 1770 860 1804 ut'sermones
877 1768 922 1794 alii
935 1769 1084 1802 prophetici

305 1810 362 1838 htac
377 1811 609 1846 obsignabantur;
625 1819 710 1846 eaque
727 1812 753 1839 in
765 1813 864 1840 divinis
881 1813 958 1841 libris
972 1821 1085 1848 repone-

303 1857 380 1889 bant.
398 1857 446 1891 qui
459 1857 635 1884 discretionis
659 1858 804 1892 spirituum
832 1859 945 1893 gratiam
974 1867 1085 1894 accepe-

303 1906 375 1929 rant.
407 1902 452 1930 Sic
481 1910 546 1937 ergo
573 1906 632 1937 post
650 1903 778 1937 praedicta
800 1903 892 1936 verba,
925 1904 1084 1931 intermedio

303 1947 503 1982 diapsalmate,
533 1947 668 1983 Propheta
696 1949 784 1976 sancti
813 1949 932 1984 Spiritus
959 1950 1084 1986 illapsum

302 1994 532 2025 animadvertens.
564 1994 685 2029 adeoque
713 1995 874 2028 illustratus,
900 2003 962 2023 cum
992 2000 1085 2023 nosset

302 2039 469 2074 praemissam
481 2040 516 2066 ab
532 2048 562 2067 se
571 2041 722 2067 orationem
739 2048 754 2066 a
774 2040 828 2067 Deo
841 2041 996 2068 exauditam
1012 2050 1083 2075 essv,

300 2085 357 2120 jam
373 2086 549 2112 mutationem
567 2086 701 2112 sermonis
717 2085 829 2113 inducit.
841 2085 1022 2119 Quamobrem
1037 2095 1085 2114 su-

303 2131 396 2165 perius
408 2130 516 2164 quidem
530 2131 570 2158 sic
584 2131 745 2165 precabatur
766 2141 773 2158 :
791 2141 801 2156 I
818 2131 931 2163 Exaudi,
948 2132 1084 2165 Deus,de‘

301 2177 484 2212 precationem
500 2184 605 2210 meam;
626 2187 634 2203 I
655 2178 699 2204 hic
715 2185 778 2206 vero
793 2182 854 2213 post
876 2178 1025 2213 diapsalma
1042 2178 1083 2205 di-

301 2223 341 2249 cit
371 2231 377 2249 :
408 2232 417 2247 ‹
439 2221 574 2255 Quoniam
600 2227 646 2254 tu,
671 2223 761 2256 Deus,
784 2223 918 2251 exaudisti
945 2225 1083 2251 orationes

1137 1626 1229 1653 ἄλλοτε
1246 1627 1339 1659 ἄλλους
1355 1627 1489 1663 εὐχόμεθα
1504 1629 1662 1665 διαφόρους”
1674 1631 1734 1656 ἐπεὶ
1748 1631 1776 1657 δὲ
1792 1631 1921 1663 πολλάκις

1136 1671 1165 1697 ὲν
1176 1671 1249 1707 αὑτῷ
1261 1672 1299 1707 τῷ
1307 1673 1517 1708 προσεύχεσθαι,
1543 1674 1559 1710 ἦ
1572 1676 1632 1706 τοὺς
1642 1675 1764 1710 ψαλμοὺς
1773 1677 1921 1713 ἀνακρούε-

1139 1717 1209 1748 σθαι,
1225 1718 1240 1753 ἢ
1255 1719 1317 1749 τοὺς
1332 1718 1432 1754 ὕμνους
1448 1720 1629 1756 ἀναπέμπειν,
1651 1723 1821 1757 προφητικῆς
1837 1724 1921 1759 ἐπλη-

1139 1763 1216 1799 ροῦτο
1228 1764 1365 1800 δυνάμεως
1375 1774 1381 1780 ·
1394 1766 1504 1799 εἰκότως
1515 1767 1602 1794 οὐκέθ’
1613 1767 1650 1800 ὡς
1662 1767 1742 1802 ψιλὰς
1754 1770 1916 1804 προσευχὰς,

1136 1809 1230 1841 ἀλλ’ὡς
1244 1809 1337 1840 ἄλλους
1351 1811 1444 1845 λόγους
1459 1814 1641 1848 προφητικοὺς
1656 1813 1872 1849 ἐπεσημαίνοντο
1885 1815 1919 1842 τὰ

1135 1855 1267 1890 λεγόμενα
1276 1875 1282 1887 ,
1296 1857 1342 1882 καὶ
1356 1859 1416 1888 ταῖς
1429 1857 1512 1888 οείαις
1527 1857 1626 1892 βίϐλοις
1639 1859 1835 1893 ἐγκατέταττον
1850 1862 1875 1887 οί
1890 1860 1919 1887 τὸ

1136 1901 1257 1936 χάρισμα
1278 1902 1328 1936 τῆς
1342 1901 1500 1938 διακρίσεως
1519 1903 1572 1930 τῶν
1595 1905 1754 1939 πνευμάτων
1767 1906 1915 1941 εἰληφότες.

1136 1946 1227 1978 Οὕτως
1237 1945 1282 1974 οὖν
1293 1947 1339 1974 καὶ
1354 1949 1468 1975 ἐνταῦθα
1482 1949 1549 1984 μετὰ
1561 1950 1595 1976 τὰ
1605 1950 1795 1986 προλεχθέντα,
1807 1951 1918 1986 διαψάλ-

1137 2001 1221 2027 ματος
1243 1993 1344 2028 μεταξὺ
1368 1995 1591 2029 παρεντεῦἑντος,
1626 1997 1776 2032 μεταὸολὴν
1801 2000 1915 2025 ποιεῖται

1136 2037 1182 2064 τοῦ
1192 2038 1270 2072 λόγου
1280 2040 1294 2065 ό
1305 2040 1458 2075 Προφήτης,
1469 2041 1625 2077 αἰσθόμενος
1636 2042 1685 2077 τῆς
1694 2043 1741 2069 τοῦ
1751 2044 1830 2077 ἁγίου
1838 2043 1917 2070 Ilvati-

1136 2093 1219 2119 ματος
1236 2085 1352 2119 ἀφίξεως
1364 2106 1371 2118 ,
1400 2087 1543 2121 φωτισθείς
1556 2096 1585 2114 τε
1601 2089 1646 2114 ὑπ’
1663 2088 1743 2115 αὐτοῦ
1758 2089 1804 2116 καὶ
1827 2091 1915 2124 γνοὺς,

1134 2130 1174 2156 ὃτι
1187 2130 1219 2156 τὰ
1231 2131 1279 2166 τῆς
1291 2131 1484 2167 προλεχθείσης
1498 2133 1571 2168 αὐτῷ
1583 2133 1698 2169 δεήσεως
1710 2135 1828 2169 ἐπηκόου
1842 2136 1914 2170 ἔτυχε

1134 2175 1180 2201 τοῦ
1195 2175 1272 2202 Θεοῦ.
1289 2177 1334 2202 Διὸ
1345 2177 1472 2212 ἀνωτέρω
1488 2177 1536 2212 μὲν
1553 2178 1696 2213 εὐχόμενος
1715 2178 1806 2212 ἔλεγε’
1828 2189 1838 2205 ί
1854 2179 1915 2206 Εἰσ-

1134 2220 1258 2252 άκουσον,
1268 2222 1281 2247 6
1292 2221 1366 2252 Θεὸς,
1379 2221 1428 2255 τῆς
1442 2220 1559 2257 δεήσεώς
1577 2231 1635 2257 μου’
1651 2233 1658 2248 I
1676 2223 1791 2250 ἐνταῦθα
1805 2224 1833 2250 δὲ
1851 2225 1916 2259 μετὰ

301 2268 417 2296 meas“.
427 2278 435 2294 ι
447 2267 541 2296 Viden‘
560 2277 614 2303 quo
629 2274 707 2304 pacto
723 2277 753 2297 se
773 2269 930 2297 exauditum
945 2278 1006 2297 esse
1020 2278 1083 2296 sen-

1136 2267 1163 2294 τὸ
1173 2267 1309 2302 διάψαλμα
1321 2267 1430 2302 φάσκει·
1442 2277 1450 2292 ι
1459 2268 1517 2294 ’Ὁτι
1531 2268 1574 2300 σὺ,
1586 2270 1599 2295 ό
1609 2269 1683 2300 Θεὸς,
1691 2270 1854 2304 είσήκουσας
1864 2271 1916 2296 τῶν

300 2316 402 2343 tiebat?
415 2314 446 2341 Et
463 2315 528 2342 illud
542 2318 600 2342 erat
616 2323 664 2350 per
691 2315 787 2342 Isaiam
818 2315 977 2350 prophetam
992 2315 1082 2349 dignis

299 2360 456 2388 hominibus
472 2360 636 2394 promissum
649 2367 664 2386 a
679 2359 734 2387 Deo
748 2369 754 2387 :
771 2369 780 2385 ι
795 2359 892 2386 Adhuc
907 2364 933 2387 te
954 2360 1082 2394 loquente

299 2405 387 2432 dicam
405 2415 412 2432 :
427 2405 495 2433 Ecce
506 2405 602 2433 adsum
619 2405 652 2432 δ’.
665 2415 674 2431 I
692 2404 759 2432 Nam
775 2405 863 2432 adhuc
878 2405 1004 2439 loquente
1016 2404 1081 2431 Pro-

299 2451 390 2485 pheta,
408 2455 502 2479 astans
524 2451 642 2486 Spiritus
663 2451 798 2478 indicebat
813 2451 864 2486 ipsi
879 2450 1035 2478 exauditum
1051 2457 1080 2477 se

299 2502 371 2523 esse.
390 2496 479 2528 Quare
503 2497 540 2523 ait
556 2506 562 2512 -
580 2506 589 2522 ι
614 2496 746 2530 Quoniam
774 2511 814 2530 te,
839 2504 921 2529 deus,
946 2495 1080 2523 exaudisti

299 2542 437 2570 orationes
465 2550 549 2571 meas.
572 2552 581 2569 ι
610 2543 765 2578 Eademque
789 2543 937 2571 secundum
963 2543 1081 2577 reliquos

299 2588 464 2622 interpretes
485 2589 619 2619 sententia
646 2589 801 2616 declaratur
819 2598 826 2616 :
845 2596 907 2616 nam
931 2588 1081 2616 secundum

298 2632 425 2667 Aquilam
444 2631 544 2660 dicitur
576 2642 584 2660 :
614 2642 623 2658 ε
647 2632 781 2666 Quoniam
806 2637 846 2665 tu,
877 2632 960 2664 Deus.
981 2631 1080 2659 audisti

297 2678 437 2705 orationes
462 2686 551 2711 meas;
572 2688 581 2704 ι
599 2679 748 2707 secundum
769 2687 834 2707 vero
859 2678 1052 2715 Symmachum
1071 2688 1077 2705 :

299 2731 308 2746 ι
328 2721 369 2748 'l'u
383 2721 466 2752 enim.
482 2721 564 2754 Deus,
577 2724 711 2751 exaudisti
728 2731 822 2758 preces
834 2731 918 2751 meas.
939 2733 950 2750 ι
975 2723 1076 2757 Adjicit

296 2768 415 2795 deinde:
435 2777 448 2797 ι.
465 2767 565 2795 Dedisti
590 2769 772 2797 hereditatem
793 2769 950 2797 timentibus
974 2777 1073 2796 nomen

1135 2313 1221 2348 εὐχῶν
1240 2322 1299 2348 μου.
1313 2323 1322 2338 ›
1364 2313 1444 2349 Ὁρᾷς
1460 2313 1533 2345 ὅπως
1549 2314 1694 2349 συνῄςθετο
1711 2316 1915 2347 εἰσακουσθείς;

1134 2359 1181 2384 καὶ
1194 2357 1265 2384 τοῦτ’
1278 2356 1311 2393 ἦν
1325 2358 1355 2384 τὸ
1365 2358 1408 2384 διὰ
1423 2357 1470 2384 τοῦ
1484 2360 1622 2394 προφήτου
1642 2359 1751 2386 Ἡσαΐου
1765 2362 1820 2392 τοῖς
1833 2361 1916 2394 ἀξίοις

1134 2404 1335 2439 ἐπηγγελμένον
1351 2404 1402 2430 ὑπὸ
1415 2403 1460 2430 τοῦ
1475 2404 1597 2438 λέγοντος
1608 2405 1674 2431 Θεοῦ
1684 2414 1691 2420 ·
1712 2415 1722 2431 ‹
1735 2406 1795 2432 Ἔτι
1807 2406 1916 2433 λαλοῦν-

1128 2449 1173 2480 τός
1189 2458 1234 2475 σου
1258 2449 1320 2485 ὲρῶ·
1344 2449 1408 2477 Ἰδοὺ
1422 2450 1546 2486 πάρειμν
1564 2460 1572 2476 ι
1600 2450 1638 2477 ἔτι
1653 2451 1707 2487 γὰρ
1731 2451 1914 2487 φθεγγομένου

1127 2494 1174 2521 τοῦ
1199 2495 1340 2530 Προφήτου
1351 2517 1358 2529 ,
1379 2496 1409 2523 τὸ
1424 2496 1535 2532 Πνεῦμα
1551 2497 1662 2523 ἐπιστὰν
1675 2497 1705 2523 τὸ
1725 2497 1803 2531 ἅγιον
1822 2498 1913 2532 ἐδήλου

1128 2540 1213 2575 αὐτῷ,
1227 2541 1264 2572 ὡς
1274 2541 1326 2577 ἄρα
1339 2541 1526 2574 εἰσακουσθεὶς
1540 2542 1590 2576 εἴη.
1604 2542 1648 2568 Διό
1665 2550 1745 2577 φησιν
1756 2551 1762 2558 ·
1779 2543 1856 2569 «Ὀτι
1872 2542 1911 2574 σὺ,

1129 2587 1143 2612 ό
1155 2586 1230 2618 Θεὸς,
1245 2588 1407 2622 εἰσήκουσας
1420 2587 1474 2613 τῶν
1487 2587 1574 2622 εὐχῶν
1589 2596 1650 2623 μου.
1663 2597 1672 2613 ι
1697 2588 1752 2615 Καὶ
1767 2588 1840 2615 κατὰ
1853 2589 1912 2619 τοὺς

1132 2631 1240 2663 λοιποὺς
1253 2632 1281 2658 δὲ
1304 2632 1472 2668 ἑρμηνευτὰς
1483 2634 1500 2667 ἡ
1518 2632 1587 2668 αὑτὴ
1614 2632 1777 2668 παρίσταται
1791 2632 1893 2659 διάνοια
1903 2640 1909 2646 ·

1131 2678 1192 2704 ἐπεὶ
1207 2677 1275 2704 κατὰ
1299 2678 1343 2704 τὸν
1373 2677 1486 2705 Ἀκύλαν
1502 2677 1607 2714 εἴρηται
1617 2686 1624 2693 ’
1644 2688 1653 2704 ι
1668 2679 1727 2705 ’Ότι
1745 2679 1776 2705 σὺ
1788 2698 1795 2711 ,
1814 2675 1839 2704 ὦ
1852 2678 1909 2708 Gel,

1129 2723 1246 2758 ἤκουσας
1258 2723 1311 2750 τῶν
1320 2723 1406 2758 εὐχῶν
1420 2733 1469 2759 μου
1477 2732 1483 2739 ·
1499 2734 1508 2750 ι
1520 2723 1624 2751 κατὰδὲ
1633 2724 1677 2750 τὸν
1686 2723 1842 2759 Σύμμαχον
1855 2732 1864 2749 t
1876 2723 1909 2748 Σὺ

1128 2769 1192 2804 γὰρ,
1206 2771 1220 2796 6
1235 2770 1309 2802 Θεὸς,
1325 2771 1487 2805 εἰσήκουσας
1500 2770 1554 2797 τῶν
1569 2769 1725 2805 προσευχῶν
1750 2778 1811 2805 μου.
1825 2779 1835 2795 ›
1857 2766 1911 2795 Εἶτ’

332 2858 354 2874 ⁸¹
374 2858 446 2887 Psal.
464 2867 527 2891 xxv,
544 2859 570 2887 8.
609 2859 632 2875 δ’
651 2859 723 2886 Psal.
743 2867 819 2891 xxVI,
837 2860 863 2886 4.
903 2860 924 2875 ⁵⁵
945 2860 1018 2889 Psal.
1036 2870 1084 2892 I..x,

1167 2860 1188 2875 "
1209 2859 1260 2887 lsa.
1280 2867 1358 2892 LVIII,
1375 2860 1401 2886 9.
