2064 3212
171 149 225 179 581

745 155 998 185 COMMENTARIA
1017 156 1051 185 IN
1069 157 1238 188 PSALMOS.

1271 116 1327 150 ινδ
1672 141 1685 157 ο

173 206 310 241 ξυλλέγει-
341 217 351 234 ι
365 209 488 241 Ἔδωκας
509 209 689 246 κληρονομίαν
711 213 767 244 τοῖς
788 213 950 248 φοϐουμένου

1013 218 1100 242 tuum.
1119 225 1129 241 ι
1151 215 1192 243 Me
1207 217 1307 252 quippe
1325 218 1382 252 jam
1392 221 1526 248 exaudiin
1545 230 1551 248 :
1568 229 1600 249 ac
1616 221 1685 251 bene
1700 225 1763 252 novi
1780 233 1796 254 a

175 254 202 280 τὸ
230 254 316 290 ὄνομὰ
328 263 383 282 σου.
397 265 405 280 ι
439 256 520 291 Ἑμοῦ
539 257 588 292 μὲν
605 257 659 293 γὰρ
688 259 755 290 τέως
779 259 956 294 εἰσήκουσας·

171 300 260 334 εγνων
273 300 300 327 δὲ
316 300 366 327 ὑπὸ
382 301 428 327 τοῦ
442 302 488 328 σοῦ
502 302 658 338 [ῐνεύματος
675 304 818 338 φωτισθεὶς
829 325 836 336 ,
853 305 894 331 ὃτι
910 306 960 332 οὐκ

171 347 234 382 ἐμοὶ
244 347 326 382 μόνῳ,
335 347 401 374 ἀλλὰ
413 349 458 374 καὶ
466 349 531 375 πᾶσι
539 351 594 381 τοῖς
602 350 683 384 φοϐον
688 350 776 385 μένοις
784 351 813 377 τὸ
820 351 905 387 ὄνομά
913 361 957 378 σου

171 393 278 428 καρπὸν
284 393 357 426 ἄξιον
363 394 410 420 τοῦ
422 393 468 421 οοῦ
477 395 558 429 φόϐου
567 395 673 427 δώσεις,
682 396 730 431 τὴν
738 396 787 432 κλη
793 398 917 432 ρονομίαν
926 399 959 433 ἢν

171 439 326 474 ὲῖπλγγείλω
336 440 435 470 αὐτοῖς.
454 440 597 476 Ἀορίστως
606 441 634 467 δὲ
643 441 736 474 εἰπὼν,
748 452 757 467 ι
768 444 823 474 τοῖς
831 443 959 478 φοϐουμέ-

170 493 226 516 νοις
240 485 271 511 τὺ
281 485 364 520 ὄνομά
374 494 420 512 σου
430 506 437 517 ,
458 496 466 511 ι
478 487 587 521 ῆπλωσε
599 488 647 524 τὴν
658 489 736 523 χάριν
748 489 793 516 ἐπὶ
806 489 909 521 πάντας
916 491 959 517 ἁν-

171 529 307 565 θρὼπους.
319 531 356 557 Οὐ
367 531 420 566 γὰρ
432 531 470 567 τῷ
484 532 591 568 Ἰσραὴλ
601 534 767 568 ἐπήγγελται
775 535 823 570 τὴν
836 536 884 571 κλη
890 545 958 571 ρονο-

173 575 237 609 μίαν
245 595 253 605 ,
260 575 319 601 οὐδὲ
328 575 367 610 τῷ
380 577 512 604 Ἰουδαίων
521 578 589 604 ἔθνει
599 579 677 614 μόνον
686 599 692 610 ,
703 579 769 607 ἀλλὰ
779 581 824 607 καί
833 582 957 613 πᾶσι-τοῖς

170 620 347 656 φοϐουμένοις
361 622 391 648 τὸ
406 622 489 658 ὄνομα
505 624 596 652 αὑτοῦ.
623 634 631 650 ι
643 625 761 661 Ἰουδαίῳ
776 635 805 653 τε
818 627 932 662 πρῶτον,
945 637 954 653 ι

170 667 275 703 φησὶνό
289 668 464 701 Ἀπόσ-τολος,
479 679 488 694 ε
501 671 546 696 καί
562 671 679 706 Ἕλληνι.
692 682 701 698 ι
714 672 846 705 Πολλάκις
857 673 956 709 δὲήμῖν

169 714 367 746 ἀποδέδεικται,
382 715 419 746 ὡς
435 716 538 748 πάντας
546 718 608 749 τοὺς
618 718 646 751 ἐξ
656 718 739 745 ἐθνῶν
750 719 788 754 τῷ
801 719 860 754 Θεῷ
871 729 955 755 προς-

169 761 271 792 ιόντας,
281 761 464 795 φοϐουμένους
482 763 527 789 τὸν
541 763 642 799 Κύριον
658 764 750 791 καλεῖν
764 765 857 792 εἴωθεν
874 767 888 792 ὸ
904 766 955 793 Λό-

167 816 228 842 γος.
243 807 354 840 Τούτοις
365 807 410 836 οὖν
426 810 526 842 αὐτοῖς,
539 812 630 846 φησιν,
643 812 744 844 ἔδωκας
758 813 936 848 κληρονομίαν
946 823 952 829 ·

169 853 218 880 καὶ
227 853 306 880 ποίαν
317 854 366 881 οὐκ
376 853 460 885 εἶπεν,
473 857 537 891 ἡμῖν
552 857 579 883 δὲ
590 857 781 884 καταλέλοιπεν
796 859 897 893 ζητεῖν.
910 859 955 895 Τῷ

169 898 222 934 μὲν
237 896 284 926 οὖν
309 900 417 935 Ἰσραὴλ
439 901 487 936 τὴν
503 902 616 937 ρέουσαν
636 902 696 937 μέλι
718 903 764 930 καὶ
781 903 849 938 γάλα
870 905 955 940 ἐπήγ-

166 945 262 984 γελται
282 945 325 972 διὰ
356 947 502 978 Μωῦσέως’
520 949 575 979 τοῖς
600 948 627 978 δὲ
656 949 831 984 φοῆουμένοις
859 951 954 978 ὁποίαν

167 980 254 1017 ἑδῶκε
269 990 460 1026 κληρονομίαν,
473 992 546 1019 εἴασε
566 980 714 1028 ζητεῖσθαι.
732 980 864 1031 έὺρήσεις
880 996 908 1022 δὲ
925 998 954 1023 ἐν

167 1037 225 1068 τοῖς
236 1036 284 1063 τοῦ
300 1038 424 1073 Σωτῆρος
438 1039 516 1074 ἡμῶν
533 1042 716 1076 μακαρισμοῖς
732 1041 844 1077 ταύτην,
863 1042 892 1068 ἐν
914 1042 954 1075 οἷς

164 1081 292 1117 εἴρηται·
321 1092 330 1107 ι
350 1083 486 1119 Μακάριοι
503 1084 527 1110 οἱ
556 1086 657 1120 πτωχοὶ
676 1085 714 1120 τῷ
741 1086 890 1122 πνεύματι,
913 1088 953 1114 ὅτι

163 1128 257 1154 αὐτῶν
273 1129 346 1155 ἐστιν
361 1130 377 1163 ἡ
402 1129 523 1164 βασιλεία
545 1131 598 1157 τῶν
617 1132 754 1167 οὐρανῶν·
775 1143 783 1158 ι
805 1133 851 1160 καὶ
873 1134 953 1161 πάλιν

164 1172 240 1208 ἔχεις
262 1173 309 1200 τοῦ
329 1174 455 1210 Σωτῆρος
473 1175 550 1211 ἡμῶν
573 1178 749 1211 ἐπαγγελίαν,
761 1179 795 1205 δι’
810 1176 843 1214 ἧς
865 1188 950 1215 φησι·

167 1228 179 1244 ι
198 1219 253 1246 Καὶ
268 1220 297 1246 ὲν
310 1219 349 1254 τῷ
365 1220 441 1247 αἰῶνι
454 1221 539 1255 τούτῳ
553 1221 752 1250 πολυπλασίονα
764 1224 888 1260 λήψεται,
906 1226 952 1252 καὶ

165 1266 195 1292 ὲν
218 1265 257 1301 τῷ
270 1265 391 1301 μέλλοντι
412 1266 484 1303 ζωὴν
507 1268 615 1295 αἰώνιον
631 1269 839 1306 κληρονομήσει.
867 1281 876 1296 ι
898 1272 952 1298 Καὶ

163 1311 267 1347 ταύτης
292 1313 372 1339 ἕνεκα
395 1313 444 1348 τῆς
459 1314 637 1350 κληρονομίας
660 1317 674 1342 ὁ
696 1317 819 1352 πέμπτος
846 1317 951 1353 ψαλμὸς

164 1357 366 1394 ἐπεγέγραπτο,
385 1368 393 1384 ι
413 1359 460 1389 Εἰς
470 1359 501 1386 τὸ
511 1360 596 1392 τέλος,
613 1362 682 1397 ὑπὲρ
699 1363 749 1397 τῆς
768 1363 952 1399 κληρονομού-

165 1411 216 1438 σης
228 1413 234 1419 ·
255 1413 265 1429 ι
283 1405 329 1430 καὶ
344 1405 372 1431 ὲν
389 1405 427 1440 τῷ
449 1409 478 1431 ιε’
493 1406 520 1432 δὲ
540 1406 640 1442 ψαλμῷ
694 1409 772 1444 αὑτὴ·
785 1409 952 1445 κληρονομία

164 1449 292 1485 ἐδηλοῦτο
305 1450 375 1477 κατὰ
389 1451 420 1478 τὸ
432 1472 438 1483 ,
459 1461 467 1478 ι
486 1451 587 1487 Κύριος
604 1454 620 1489 ἡ
649 1455 727 1489 μερὶς
750 1455 799 1490 τῆς
822 1456 951 1491 κληρονο-

165 1496 230 1531 μίας
246 1505 296 1532 μου
313 1498 359 1524 καὶ
373 1497 419 1524 τοῦ
433 1499 562 1535 ποτηρίου
576 1509 636 1534 μου,
651 1500 682 1526 σὺ
700 1499 725 1527 εἴ
735 1502 749 1527 ὁ
761 1502 951 1529 ἀποκαθιστῶν

162 1542 213 1579 τὴν
235 1543 414 1580 κληρονομίαν
433 1554 482 1581 μου
505 1547 575 1582 ἐμοί.
597 1547 650 1573 Καὶ
674 1548 728 1584 γὰρ
745 1550 761 1583 ἡ
785 1549 951 1586 κληρονομία

164 1597 216 1624 μου
230 1590 363 1626 κρατίστη
380 1591 425 1626 μοί
439 1593 522 1619 ἐστιν.
549 1603 557 1618 ι

201 1645 211 1661 ε
236 1636 355 1672 Ἡμέρας
370 1637 411 1671 ἐφ’
427 1638 531 1674 ἡμέρας
549 1639 679 1673 βασιλέως
706 1640 869 1676 προσθήσεις
881 1650 887 1657 ’
914 1642 949 1669 τὰ

162 1680 210 1716 ἔτη
227 1681 310 1708 αὑτοῦ
329 1682 381 1713 ἓως
395 1682 500 1718 ἡμέρας
513 1684 608 1716 γενεᾶς
623 1684 668 1710 καὶ
684 1686 779 1718 γενεᾶς
793 1686 876 1712 αὑτοῦ
892 1686 949 1713 δια-

163 1728 241 1762 μενεῖ
256 1728 296 1760 εἰς
316 1727 362 1754 τὸν
376 1728 460 1755 αἰῶνα
483 1729 596 1756 ἐνώπιον
613 1730 659 1756 τοῦ
681 1730 759 1757 Θεοῦ.
785 1732 877 1763 Ἔλεος
902 1734 949 1760 καὶ

161 1773 292 1809 ἀλήθειαν
310 1774 352 1806 τίς
376 1774 522 1811 ἐκζητήσει
536 1776 635 1808 αὑτοῦ;
659 1786 667 1802 ι
688 1777 839 1813 Προειπὼν,
856 1788 864 1804 ι
887 1780 948 1806 Ὅτι

162 1820 207 1852 σὺ,
220 1820 235 1846 ὁ
249 1819 324 1853 Θεὸς,
337 1821 497 1856 είσήκουσας
513 1821 566 1847 τῶν
579 1822 664 1857 εὐχῶν
681 1832 732 1858 μου
743 1844 750 1855 ,
767 1834 775 1849 ι
794 1824 853 1851 καθ’
867 1825 949 1861 ὑπερ-

161 1865 244 1893 ϐατὸν
270 1866 371 1901 συνῆψε
387 1867 433 1898 τὸ,
457 1877 465 1892 ι
487 1868 606 1903 Ἡμέρας
623 1870 664 1902 ἐφ’
685 1869 793 1905 ἡμέρας
816 1870 947 1905 βασιλέως

161 1911 335 1948 προσθήσεις.
350 1922 359 1938 ι
371 1913 536 1940 Εῑσάκουσον
547 1915 611 1949 γὰρ,
630 1916 706 1950 φησι,
723 1916 777 1941 τῶν
788 1917 874 1951 εὐχῶν
886 1926 946 1952 μου,

161 1957 268 1993 ἡμέρας
289 1959 332 1994 ἐφ’
353 1959 459 1994 ἡμέρας
481 1969 525 1995 μοι
549 1961 730 1997 προσέθηκας.
750 1962 798 1989 Διὰ
820 1963 902 1997 μέσου
919 1963 948 1989 δὲ

161 2004 293 2041 ἐνεϐλήθη
308 2006 324 2041 ή
337 2006 463 2042 περὶτῶν
485 2007 657 2042 φοϐουμένων
675 2008 706 2034 τὸ
725 2008 809 2044 ὄνομα
826 2009 871 2035 τοῦ
893 2010 948 2036 Κυ-

162 2050 220 2086 ρίου
237 2051 330 2087 μνήμη
341 2060 348 2066 υ
366 2052 458 2087 ἐπειδὴ
473 2053 519 2078 καὶ
535 2053 625 2084 αὐτοῖς
639 2054 805 2089 ἐπήγγελται
820 2055 868 2089 τὴν
882 2055 947 2091 κλη-

162 2096 291 2136 ρονομίαν
301 2097 317 2132 ὴ
329 2098 490 2133 προφητεία.
502 2096 555 2125 Ἤν
567 2099 618 2134 δὲή
631 2100 797 2136 κληρονομία
810 2102 826 2136 ἠ
840 2101 947 2133 αἰώνιος

161 2134 233 2178 ζωῆς
251 2143 285 2179 ἢν
304 2144 318 2170 ὁ
333 2144 412 2179 λόγος
430 2145 555 2179 σημαίνει
579 2134 707 2180 φάσκων·
730 2134 883 2182 (Ἡμέρας
905 2148 946 2182 ἐφ’

161 2189 268 2224 ἡμέρας
284 2188 413 2224 βασιλέως
425 2191 596 2226 προσθήσεις.
616 2202 624 2217 ι
640 2192 752 2226 Μεγάλα
766 2193 854 2218 τοίνυν
867 2193 944 2225 εὖξα-

1012 259 1113 295 Spiritu
1131 266 1177 289 tuo
1206 262 1370 296 illustratus.
1388 274 1442 293 non
1469 267 1533 294 mihi
1559 268 1620 299 soli,
1637 270 1685 297 sed
1712 271 1796 299 etiam

1010 306 1138 334 omnibus
1152 307 1311 336 timentibus
1324 318 1423 338 nomen
1440 316 1528 344 tuum,
1544 316 1571 340 te
1586 313 1698 348 dignum
1713 315 1795 343 timo-

1010 359 1039 378 re
1064 356 1110 379 tuo
1136 352 1253 381 fructum
1272 355 1399 383 daturum
1415 365 1486 389 esse,
1505 359 1611 387 scilicet
1634 368 1694 387 eam
1711 369 1794 396 quam

1009 397 1145 429 pollicitus
1168 398 1235 433 ipsis
1246 407 1286 430 es.
1305 400 1500 429 hzereditatem.
1517 403 1584 430 Cum
1603 409 1691 432 autem
1706 406 1794 433 indis-

1009 442 1174 470 criminatim
1198 443 1316 478 dixerit,
1341 455 1350 471 ι
1370 447 1530 476 timentibus
1548 457 1646 476 nomen
1673 455 1760 483 tuum,
1781 461 1793 478 ι

1008 489 1036 515 in
1049 497 1143 517 omnes
1159 490 1284 519 homines
1309 494 1423 527 gratiam
1448 494 1579 521 extendit.
1602 495 1694 531 Neque
1720 498 1792 524 enim

1009 535 1114 569 lsracli,
1142 544 1230 571 neque
1253 537 1367 566 Judaico
1394 540 1493 575 populo
1518 544 1623 567 tantum
1651 542 1794 571 haeredita-

1008 585 1061 608 tem
1089 582 1225 616 pollicitus
1245 588 1302 616 est,
1320 585 1366 612 sed
1381 585 1463 612 etiam
1490 586 1618 614 omnibus
1633 587 1794 616 timentibus

1008 635 1106 654 nomen
1123 637 1213 655 Sllllm.
1234 639 1242 655 ι
1262 629 1355 657 Iudaeo
1369 631 1497 666 primum,
1513 642 1523 658 ι
1535 633 1624 667 inquit
1635 634 1792 668 Apostolus,

1011 683 1019 698 ι
1039 671 1064 699 el
1087 673 1181 701 Graeco
1193 674 1226 701 “.
1245 685 1254 701 ι
1271 675 1328 703 Jam
1356 677 1516 712 plerumque
1535 678 1753 706 demonstratum
1776 687 1793 706 a

1007 719 1087 746 nobis
1110 725 1160 753 est,
1181 719 1350 756 Scripturam
1368 719 1535 759 _omnes'qui
1564 732 1596 752 ex
1611 725 1738 759 gentibus
1758 725 1792 753 ad

1008 764 1091 791 Deum
1109 766 1253 799 accedunt,
1265 756 1393 794 timentes
1410 767 1555 796 Dominum
1571 777 1668 797 vocare
1692 771 1793 798 solere.

1007 805 1054 834 His
1069 808 1160 842 itaque
1178 809 1256 843 ipsis,
1273 810 1320 841 ait,
1336 810 1434 837 dedisti
1445 811 1630 839 haareditatem
1642 822 1648 839 :
1661 813 1768 848 qualem
1782 833 1791 845 ,

1006 859 1060 878 non
1091 853 1229 887 explicat,
1260 854 1307 881 sed
1341 855 1532 890 inquirendum
1558 857 1638 885 nobis
1669 859 1790 894 reliquit.

1008 896 1098 924 lsraeli
1114 899 1205 933 itaque
1222 903 1324 927 terram
1339 900 1472 929 'lluentem
1491 903 1544 929 mel
1561 907 1588 931 et
1603 904 1645 930 lac
1657 912 1705 939 per
1717 905 1792 942 Moy-

1007 951 1054 970 sen
1077 944 1217 978 promisit;
1233 945 1392 974 timentibus
1407 952 1497 975 autent
1511 956 1591 983 quam
1611 950 1656 977 det
1674 951 1790 979 haredi-

1006 992 1098 1022 tatem,
1116 991 1292 1024 quaerendum
1308 993 1428 1028 reliquit.
1441 995 1506 1021 Eam
1522 1003 1585 1023 vero
1597 996 1623 1023 in
1640 996 1791 1026 Salvatoris

1005 1036 1091 1063 nostri
1101 1036 1316 1066 beatitudinibus
1325 1039 1520 1074 deprehendas.
1528 1042 1573 1069 ubi
1581 1042 1682 1070 dicitur
1691 1053 1697 1070 :
1708 1053 1716 1069 ι
1727 1043 1792 1072 Bea-

1006 1082 1023 1108 ti
1043 1090 1176 1117 pauperes
1191 1084 1300 1118 spiritu,
1313 1086 1442 1120 quoniain
1458 1087 1579 1122 ipsorum
1607 1092 1649 1116 est
1675 1097 1789 1125 regnum

1004 1129 1136 1156 ccelorum
1148 1130 1190 1163 ‘7;
1205 1140 1214 1155 ι
1232 1138 1263 1157 ac
1281 1139 1390 1159 rursum
1410 1131 1559 1161 Salvatoris
1572 1135 1658 1162 nostri
1672 1135 1793 1170 promis-

1004 1182 1063 1201 sum
1075 1174 1170 1206 habes.
1188 1184 1242 1210 quo
1255 1177 1292 1203 ait
1310 1187 1316 1204 :
1334 1187 1343 1202 ι
1363 1177 1397 1205 Ει
1408 1179 1435 1206 in
1448 1179 1499 1206 hoc
1514 1180 1614 1207 saeculo
1629 1181 1714 1209 multo
1729 1182 1790 1216 plu-

1004 1227 1033 1247 ra
1045 1220 1167 1255 recipiet,
1183 1225 1209 1248 et
1235 1221 1262 1248 in
1288 1222 1380 1250 futuro
1404 1224 1487 1252 vitam
1508 1229 1637 1252 aeternam
1665 1227 1790 1261 posside-

1003 1264 1042 1291 bit
1057 1265 1089 1291 ⁸⁸.
1111 1274 1120 1290 ι
1138 1265 1225 1300 Hujus
1239 1266 1406 1295 hereditatis
1442 1276 1526 1295 causa
1543 1270 1656 1304 quintus
1667 1271 1789 1305 psalmus

1004 1310 1153 1345 inscriptus
1170 1315 1233 1338 est:
1254 1321 1264 1337 ι
1289 1312 1316 1338 1η
1336 1313 1426 1345 linem,
1442 1322 1491 1348 pro
1515 1323 1546 1342 ea
1568 1323 1629 1350 qua:
1646 1316 1790 1344 haeredita-

1003 1359 1056 1382 tem
1073 1356 1192 1391 accipit;
1211 1366 1220 1381 ι
1233 1361 1261 1384 et
1277 1357 1304 1384 in
1329 1357 1436 1385 decimo
1457 1359 1554 1393 quinto
1572 1360 1679 1394 psalmo
1693 1361 1788 1389 eadem

1003 1402 1062 1437 ipsa
1079 1402 1224 1430 haereditas
1248 1403 1404 1431 declaratur
1433 1405 1483 1432 hoc
1510 1405 1605 1433 dicto:
1629 1415 1638 1431 ι
1658 1402 1791 1435 Dominus

1002 1456 1066 1483 pars
1080 1449 1247 1476 haereditatis
1267 1458 1333 1477 meae
1354 1454 1380 1477 et
1397 1452 1490 1478 calicis
1501 1453 1552 1479 mei
1570 1462 1576 1479 :
1593 1457 1621 1479 tu
1636 1460 1666 1479 es
1679 1452 1726 1488 qui
1742 1461 1788 1480 re-

1002 1496 1099 1523 stitues
1118 1496 1301 1523 haereditatetn
1322 1505 1410 1524 meam
1427 1498 1504 1524 mihi.
1518 1497 1625 1526 Etenim
1641 1496 1786 1528 hereditas

1002 1550 1061 1570 mea
1075 1543 1208 1577 praeclara
1220 1546 1262 1570 est
1279 1542 1346 1569 mihi
1361 1542 1394 1569 δ’.
1417 1552 1427 1568 ι
1794 1546 1795 1549 ‘

1034 1638 1117 1666 Vnus.
1133 1638 1158 1670 7,
1171 1638 1199 1665 8.
1213 1647 1221 1663 ι
1241 1637 1303 1665 Dies
1322 1646 1404 1673 super
1416 1638 1474 1666 dies
1489 1638 1561 1673 regis
1575 1638 1700 1674 adjicics,
1722 1640 1786 1667 anni

1000 1684 1059 1719 ejus
1077 1692 1163 1719 usque
1191 1685 1218 1711 in
1243 1684 1315 1711 diem
1341 1684 1525 1719 generationis
1544 1689 1571 1711 et
1603 1686 1788 1720 generationis

1000 1731 1059 1765 ejus
1079 1730 1278 1765 permanebunt
1298 1730 1324 1756 in
1353 1734 1485 1757 maternum
1504 1731 1530 1757 in
1557 1735 1707 1766 conspectu
1727 1731 1786 1758 Dei.

1000 1776 1215 1804 Misericordiam
1233 1780 1261 1803 et
1285 1776 1427 1804 veritatem
1445 1777 1504 1811 ejus
1528 1777 1590 1812 quis
1614 1777 1758 1812 requiret?
1775 1787 1786 1803 ι

999 1822 1066 1849 Cum
1085 1827 1163 1850 antea
1183 1823 1309 1853 dixisset,
1328 1831 1337 1847 ι
1359 1822 1495 1855 Quoniam
1522 1827 1568 1855 tu,
1595 1824 1676 1856 Deus,
1703 1831 1787 1851 exau-

999 1868 1062 1895 disti
1077 1870 1215 1896 orationes
1231 1876 1316 1900 meas,
1333 1878 1342 1894 ›
1360 1876 1408 1903 per
1422 1869 1670 1904 transgressionem
1687 1870 1787 1904 adjecit

1000 1913 1077 1943 illud.
1102 1923 1113 1940 ι
1134 1913 1198 1940 Dies
1220 1921 1304 1952 super
1326 1912 1384 1939 dies
1408 1914 1480 1948 regis
1499 1913 1621 1947 adjicies.
1643 1923 1652 1939 ι
1669 1912 1787 1945 Exaudi,

999 1960 1098 1994 inquit,
1116 1960 1256 1988 orationes
1281 1968 1368 1992 meas,
1394 1960 1452 1987 dies
1476 1968 1558 1995 super
1580 1961 1638 1988 dies
1652 1960 1717 1987 mihi
1740 1961 1788 1989 ad-

997 2006 1088 2040 jecisti
1105 2016 1112 2039 ;
1133 2007 1158 2033 in
1177 2006 1268 2034 medio
1290 2011 1380 2034 autem
1398 2006 1558 2041 interposita
1575 2011 1617 2033 est
1630 2006 1785 2034 timentium

998 2061 1097 2080 nomen
1125 2052 1232 2080 Domini
1258 2053 1370 2085 mentio,
1388 2054 1452 2088 quia
1471 2053 1612 2088 prophetia
1635 2053 1702 2088 ipsis
1717 2061 1787 2089 quo-

999 2107 1051 2135 que
1066 2099 1252 2127 barreditatem
1278 2100 1414 2135 promisit.
1444 2099 1594 2127 llzereditas
1622 2104 1713 2127 autem
1739 2100 1786 2127 illa

998 2148 1099 2171 atterna
1117 2144 1172 2170 vita
1189 2148 1256 2175 erat,
1274 2151 1334 2179 quae
1345 2143 1388 2171 his
1405 2143 1586 2178 signiﬁcatur,
1601 2152 1611 2168 ι
1626 2142 1689 2171 Dies
1703 2151 1788 2179 super

999 2191 1058 2217 dies
1075 2190 1146 2225 regis
1164 2189 1286 2224 adjicies.
1304 2199 1313 2215 ι
1334 2189 1429 2225 Magna
1445 2190 1536 2225 itaque
1561 2189 1709 2224 postulanti
1728 2190 1784 2225 regi

163 2234 237 2270 μὲνῳ
251 2233 291 2269 τῷ
306 2234 408 2270 βασιλεῖ
428 2234 509 2261 Δαυῒδ
526 2236 690 2271 ἐπήγγελται
715 2237 729 2262 ὁ
746 2236 811 2267 Θεὸς
833 2236 877 2263 διὰ
898 2237 944 2263 τοῦ

1002 2236 1107 2268 Davidi,
1126 2237 1270 2272 pollicetur
1287 2236 1358 2264 Deus
1383 2244 1431 2272 per
1451 2236 1581 2271 Spiritum
1600 2239 1738 2267 sanctum,
1755 2243 1785 2263 se

160 2278 319 2314 Πνεύματος
332 2279 437 2315 ἡμέρας
453 2280 495 2314 ἐφ’
511 2280 618 2316 ἡμέρας
640 2281 801 2317 προσθήσειν
812 2302 818 2313 ,
839 2281 886 2308 καὶ
912 2283 945 2309 τὰ

161 2325 208 2361 ἐτη
222 2325 306 2353 αὑτοῦ
326 2326 379 2358 ἕως
400 2326 506 2362 ἡμέρας
530 2327 626 2361 γενεᾶς
645 2327 691 2353 καὶ
704 2328 808 2361 γενεᾶς.
837 2328 944 2363 Ταύτην

160 2371 216 2406 γὰρ
231 2371 306 2407 αὑτῷ
315 2371 363 2407 τὴν
381 2372 562 2408 κληρονομίαν
575 2372 769 2407 ἑπηγγείλατο”
787 2374 801 2400 ὃ
811 2374 842 2410 δὴ
859 2375 904 2401 καὶ
917 2377 945 2402 ὲν

159 2416 200 2452 τῷ
214 2420 239 2443 κ’
248 2415 374 2452 δηλοῦται
385 2417 494 2453 ψαλμῷ,
508 2419 537 2444 ὲν
548 2415 569 2452 ᾧ
583 2418 689 2454 εἴρηται
700 2427 707 2433 ο
728 2428 736 2444 ι
757 2419 853 2454 Κύριε,
869 2421 897 2447 ἐν
911 2422 943 2457 τῇ

160 2462 274 2499 δυνάμει
290 2471 336 2490 σου
350 2463 565 2499 εὐφρανθήσεται
588 2465 602 2491 ὁ
621 2464 756 2500 βασιλεύς.
775 2465 829 2500 Τὴν
853 2465 946 2492 ἐπιθυ-

163 2508 227 2543 μίαν
241 2507 290 2543 τῆς
305 2507 418 2544 καρδίας
434 2508 515 2536 αὑτοῦ
536 2509 638 2541 ἔδωκας
658 2509 731 2544 αὐτῷ
743 2517 749 2524 ·
768 2518 776 2535 ι
801 2510 846 2536 καὶ
862 2509 924 2545 ἑξῆς
937 2519 943 2525 ·

163 2563 173 2579 α
193 2553 270 2589 Ζωὴν
294 2555 412 2590 ᾐτήσατὸ
440 2563 479 2587 σε,
498 2555 544 2581 καὶ
570 2554 672 2586 ἔδωκας
698 2555 770 2590 αὑτῷ
788 2557 945 2591 μακρότητα

161 2599 273 2636 ἡμερῶν
288 2600 326 2632 εῑς
338 2600 425 2627 αἰῶνα
432 2600 478 2628 καὶ
489 2601 529 2633 είς
537 2601 621 2628 αἰῶνα
628 2601 733 2633 αἰῶνος.
745 2611 754 2626 ι
771 2601 878 2637 Ἐπειδὴ
892 2602 945 2637 γὰρ

161 2645 215 2672 τῶν
229 2646 361 2682 οὐρανίων
375 2646 556 2682 ὀριγνώμενος
566 2667 572 2678 ,
590 2648 636 2674 καὶ
653 2647 707 2674 τῶν
725 2648 798 2683 παρὰ
823 2649 863 2674 σοι
879 2649 945 2682 ἀγα-

162 2690 217 2718 θῶν
236 2691 417 2728 ἐπιθυμήσας,
433 2692 544 2729 ηὔξατο·
560 2694 722 2728 εἰσήκουσας
739 2693 820 2720 αὑτοῦ
832 2714 839 2725 ,
861 2695 943 2729 φησι,

161 2737 210 2764 καὶ
223 2738 395 2770 εἰσακούσας,
415 2748 424 2764 ι
439 2739 488 2774 τὴν
506 2737 651 2773 ἐπιθυμίαν
671 2739 719 2774 τῆς
734 2739 846 2774 καρδίας
863 2738 945 2766 αὐτοῦ

163 2783 263 2816 Ιδωχας
276 2784 359 2819 αὐτῷ,
375 2785 421 2811 καὶ
431 2784 479 2819 τὴν
495 2784 602 2819 θέλησιν
611 2783 665 2810 τῶν
675 2784 785 2819 χειλέων
803 2784 883 2811 αὑτοῦ
897 2785 946 2811 οὐκ

197 2874 222 2891 ⁸⁸
241 2874 321 2902 Rom.
339 2883 367 2908 ιι,
389 2875 431 2903 lO.
471 2876 491 2891 ⁸⁷
513 2875 605 2902 Matth.
625 2884 650 2908 ν,
667 2875 691 2902 5.

1000 2281 1058 2309 dies
1075 2289 1157 2316 super
1177 2281 1236 2308 dies
1253 2281 1305 2316 ipsi
1327 2281 1507 2316 adjecturum,
1525 2285 1551 2308 et
1568 2288 1655 2307 annos
1680 2280 1740 2314 ejus
1756 2280 1784 2307 in

999 2327 1070 2354 diem
1088 2327 1272 2362 generationis
1286 2331 1313 2354 et
1330 2326 1523 2361 generationis.
1545 2325 1622 2351 Hanc
1643 2324 1714 2351 enim
1731 2324 1783 2359 ipsi

998 2373 1126 2407 promisit
1151 2373 1355 2400 hzereditatem:
1373 2371 1446 2406 quod
1461 2375 1488 2398 et
1505 2371 1532 2398 in
1546 2378 1582 2397 xx
1611 2370 1718 2404 psalmo
1736 2369 1784 2396 de-

999 2419 1121 2445 claratur
1138 2419 1181 2445 his
1197 2418 1308 2445 verbis:
1327 2427 1336 2443 ι
1360 2417 1483 2448 Domine,
1504 2417 1531 2443 in
1552 2416 1652 2442 virtute
1676 2419 1722 2442 tua
1737 2415 1784 2442 la:-

999 2464 1102 2491 tabitur
1114 2472 1171 2491 rex.
1189 2463 1357 2491 Desiderium
1371 2462 1462 2490 cordis
1473 2462 1533 2497 ejus
1543 2460 1664 2488 tribuisti
1678 2461 1703 2488 ei
1715 2461 1754 2494 ”;
1769 2471 1779 2486 ι

999 2513 1025 2537 et
1040 2514 1134 2546 postea
1149 2519 1155 2537 :
1176 2519 1185 2535 ι
1204 2508 1292 2536 Vitam
1309 2509 1386 2544 petiit
1401 2516 1415 2535 ο
1430 2512 1468 2540 te.
1490 2511 1517 2535 et
1534 2507 1654 2534 tribuisti
1678 2507 1702 2535 ei
1719 2507 1781 2534 lon-

998 2555 1147 2590 gitudinem
1164 2555 1268 2582 dierum
1290 2555 1316 2581 in
1341 2555 1470 2582 saeculum
1487 2557 1514 2581 et
1535 2553 1563 2580 in
1579 2553 1709 2580 saeculum
1732 2560 1783 2580 sa?—

996 2601 1100 2628 culi“.
1125 2610 1135 2626 ι
1166 2600 1235 2633 Quia
1266 2601 1337 2628 enim
1366 2599 1519 2627 cmlestium
1543 2599 1725 2634 percupidus,
1755 2603 1782 2626 et

996 2647 1067 2674 bona
1084 2654 1145 2681 quae
1169 2654 1253 2681 penes
1279 2650 1305 2673 te
1328 2650 1393 2673 sunt
1420 2646 1635 2681 concupiscens,
1654 2650 1782 2682 precatus

996 2697 1059 2725 est;
1084 2693 1218 2720 exaudisti
1246 2700 1318 2725 eum,
1345 2691 1443 2727 inquit,
1468 2697 1495 2719 et
1522 2700 1585 2719 cum
1610 2692 1780 2724 exaudisses.

1000 2749 1009 2764 ι
1029 2738 1193 2767 desiderium
1208 2738 1299 2766 cordis
1315 2738 1375 2773 ejus
1398 2739 1518 2766 tribuisti
1542 2739 1578 2770 ei,
1594 2743 1622 2766 et
1642 2738 1784 2766 voluntate

996 2785 1130 2812 labiorum
1147 2785 1206 2819 ejus
1223 2793 1278 2812 non
1292 2784 1426 2813 fraudasti
1441 2793 1512 2813 eum.
1536 2795 1545 2811 ι
1567 2784 1632 2818 Qua:
1648 2784 1693 2811 illa
1715 2791 1781 2811 con-

731 2874 754 2891 “
773 2873 867 2903 Matth.
886 2883 949 2909 nr,
965 2874 1009 2902 29.
1047 2875 1069 2891 ⁸·
1089 2874 1161 2904 Psal.
1181 2883 1224 2908 xv,
1240 2875 1267 2909 5,
1288 2874 1315 2903 ϐ.
1352 2875 1378 2893 ⁵⁸
1395 2873 1468 2904 Psal.
1486 2883 1538 2907 xx,
1553 2874 1580 2901 Ξ.
1620 2873 1641 2891 ¹¹
1662 2873 1730 2902 ibid.
1747 2871 1779 2904 ε.
