2064 3212
289 191 343 220 585

643 190 777 219 EUSEDII
795 188 1038 218 CESARIENSIS
1054 187 1129 216 OPP.
1145 188 1236 217 PARS
1250 188 1295 217 Ill.
1306 188 1555 219 —EXEGETICA.

1862 192 1916 220 584

289 252 457 288 cupisccntia
471 251 541 287 ejus,
556 258 618 286 qua:
632 251 728 287 petitio
742 251 876 278 labiorum
891 250 951 286 ejus
963 250 1008 282 sit,
1025 249 1074 277 sub

1127 249 1278 285 ἐστέρησας
1292 251 1381 277 αὐτόν.
1403 260 1412 277 ι
1432 251 1480 283 Τίς
1496 251 1523 278 δὲ
1537 249 1570 287 ἦν
1583 253 1599 287 ἡ
1614 251 1746 288 ἐπιθυμία
1763 253 1858 285 αὐτοῦ.
1867 253 1916 280 καὶ

290 299 347 326 haec
363 298 442 326 docet
455 297 498 326 his
516 298 628 326 verbis:
648 307 658 323 ι
683 297 772 324 Vitam
791 297 869 332 petiit
887 304 903 324 a
927 300 965 328 te,
981 301 1009 324 et
1023 296 1075 323 tri-

288 344 373 372 buisti
401 343 426 371 ei
451 343 648 379 longitudinem
672 342 777 370 dierum
803 336 830 369 iii
849 343 980 370 sreculum
1005 346 1031 369 et
1048 343 1075 369 in

289 390 420 418 sarculum
438 389 542 418 saeculi.
559 399 568 415 ι
587 387 615 416 ln
630 389 757 425 praesenti
780 389 864 424 igitur
883 388 978 416 eodem
994 388 1076 415 modo

289 441 417 473 precatus
433 435 518 463 David
532 439 584 466 est.
600 439 626 463 ct
647 443 743 470 preces
757 434 817 469 ejus
836 434 969 462 exaudita
989 439 1052 461 sunt
1067 444 1073 461 :

288 482 434 510 exauditus
448 482 519 509 hanc
533 485 699 509 consecutus
716 485 757 508 est
775 481 984 516 promissionem
994 501 1001 512 ,
1022 488 1075 515 qua

288 530 409 559 dicitur:
431 539 440 556 ι
467 529 531 558 Dies
555 537 645 565 super.
664 529 721 556 dics
748 529 819 563 regis
843 528 967 562 adjicies.
989 535 1075 554 annos

291 578 351 613 ejus
366 585 454 613 usque
470 577 497 604 in
516 576 587 604 diem
602 576 784 611 generationis
796 580 820 602 et
831 575 1018 609 generationis
1032 583 1039 605 ;
1063 584 1072 600 ι

291 625 359 655 sive.
378 623 530 652 secundum
547 623 752 659 Symmachum,
771 631 780 647 ‹
804 621 863 648 dies
886 621 983 648 diebus
1003 621 1075 656 regis

288 670 413 706 adjicies,
430 677 517 697 annos
542 670 602 704 ejus
622 670 648 696 in
674 672 805 704 quantum
822 667 962 703 generatio
984 671 1011 694 et
1029 675 1076 702 ge-

288 715 416 744 neratio:
440 715 576 743 habitabit
594 715 621 741 in
641 719 773 741 auernum
791 713 818 740 in
835 717 985 748 conspectu
1001 712 1048 739 Dei
1067 722 1073 739 :

288 760 478 788 misericordia
489 765 516 788 et
529 760 629 787 veritas
646 759 858 787 circummuniet
874 759 993 794 ipsum.)
1010 757 1074 785 llaec

290 807 382 832 omnia
408 806 576 841 adipiscetur
594 806 640 840 qui
657 805 749 832 dicere
772 805 861 839 potuit
878 814 884 830 :
906 813 915 829 ι
939 805 960 830 Α
976 804 1076 831 ﬁnibus

291 856 370 879 terra:
379 851 412 879 ad
427 856 453 879 te
470 851 596 883 clamavi,
618 851 682 878 dum
706 851 864 878 amiaretur
884 858 932 877 cor
956 857 1072 877 meum»

291 897 523 932 Namhujusmodi
535 897 673 932 profectus
687 897 852 932 condignum
868 896 985 924 fructum
1004 897 1076 923 acci-

1128 295 1169 327 τίς
1181 296 1197 330 ἡ
1210 295 1316 330 αἴτησις
1328 296 1383 323 τῶν
1400 297 1511 332 χειλέων
1534 297 1616 324 αὑτοῦ
1627 318 1634 329 ,
1653 298 1772 325 διδάσκει
1785 298 1851 335 ἑξῆς
1869 298 1916 326 λέ-

1128 351 1199 376 γων·
1220 351 1228 367 ι
1248 343 1324 378 Ζωὴν
1338 343 1457 378 ᾐτήσατο
1475 351 1514 375 σε,
1533 344 1580 370 καὶ
1598 344 1703 376 ἔδωκας
1718 344 1793 380 αὐτῷ
1808 345 1916 381 μακρό-

1128 397 1197 424 τητα
1211 388 1321 424 ἡμερῶν
1338 389 1378 420 είς
1396 388 1480 415 αἰῶνα
1494 389 1540 416 κα¹ι
1554 389 1593 421 είς
1610 389 1696 416 αἰῶνα
1712 389 1758 416 τοῦ
1773 390 1884 423 αἰῶνος.
1903 401 1914 416 ι

1129 435 1182 461 Καὶ
1192 435 1238 461 ἐπὶ
1252 434 1299 460 τοῦ
1316 434 1448 470 παρόντος
1470 434 1558 462 τοίνυν
1582 432 1782 471 παραπλησίως’
1800 435 1918 468 ἐκείνοις

1127 480 1227 517 ηὔξατο
1239 481 1330 512 Δαυῗδ,
1353 481 1399 507 καὶ
1412 481 1559 516 εὐξάμενος
1583 481 1744 517 εἰσηκούσθη
1755 489 1762 496 ·
1787 482 1916 508 εἰσακου-

1129 527 1202 559 σῡείς
1214 536 1242 554 τε
1255 527 1357 563 ταύτης
1368 527 1445 562 ἔτυχε
1459 528 1508 563 τῆς
1518 527 1693 562 ἐπαγγελίας,
1705 527 1738 554 δι’
1750 525 1785 564 ἦς
1794 527 1914 564 εἴρηται·

1132 583 1140 599 ε
1163 573 1285 609 Ἡμέρας
1297 574 1339 608 ἐφ’
1355 573 1462 610 ἡμέρας
1475 573 1607 608 βασιλέως
1623 573 1801 610 προσθήσεις·
1818 573 1855 602 τὰ
1866 573 1915 610 ἐτη

1128 618 1210 645 αὑτοῦ
1222 619 1274 650 ἕως
1286 619 1391 654 ἡμέρας
1403 619 1499 652 γενεᾶς
1515 619 1562 646 καὶ
1576 620 1685 653 γενεᾶς·
1703 629 1712 646 ι
1730 619 1760 655 ἢ,
1777 620 1849 647 κατὰ
1869 620 1916 647 τὸν

1128 665 1292 700 Σύμμαχον-
1319 674 1327 690 ‹
1354 665 1474 700 Ἡμέρας
1498 667 1557 697 ταῖς
1574 665 1689 701 ἡμέραις
1710 666 1757 692 τοῦ
1781 665 1918 701 βασιλέως

1129 710 1302 746 προσθήσεις,
1319 710 1366 746 ἔτη
1383 710 1475 742 αὐτοῦ,
1500 712 1542 746 ἐφ’
1564 712 1625 739 ὅσον
1650 711 1730 746 γενεὰ
1744 712 1791 739 καὶ
1814 712 1915 747 γενεάυ

1129 756 1232 791 οἰκήσει
1245 756 1361 787 αἱωνίως
1372 755 1526 791 ἔμπροσθεν
1541 755 1588 782 τοῦ
1603 756 1671 783 Θεοῦ
1683 764 1690 770 ·
1706 757 1779 789 ἔλεος
1791 758 1840 785 καὶ
1849 757 1919 795 ἀλή-

1129 800 1188 827 θεια
1203 800 1363 836 περιφράξει
1376 801 1466 827 αὐτόν.
1489 811 1499 826 ι
1519 800 1626 828 Τούτων
1643 801 1671 828 δὲ
1693 802 1802 829 πάντων
1822 802 1918 835 τεύξε-

1128 856 1172 874 ται
1189 848 1203 873 ὁ
1217 846 1339 881 δυνηθεὶς
1353 847 1453 873 εἰπεῖν·
1469 856 1478 872 ‹
1500 846 1565 873 Ἀπὸ
1577 846 1629 874 τῶν
1645 847 1789 884 πτερύγων
1799 848 1850 884 τῆς
1864 849 1916 885 τῆς

1130 893 1198 928 πρὸς
1205 893 1234 919 σὲ
1245 893 1383 928 ἐκέκραξα
1396 894 1424 919 ἐν
1438 892 1476 927 τῷ
1483 893 1628 928 ἀκηδιᾶσαι
1639 892 1687 928 τὴν
1701 893 1815 929 καρδίαν
1832 902 1913 930 μου.»

292 946 357 981 piet,
368 945 448 972 vitam
456 949 595 972 :eternam.
605 944 672 971 Cum
684 943 786 971 dicitur
793 948 894 975 autent,
908 953 916 969 ε
930 943 1001 970 Anni
1015 943 1074 978 ejus

1129 940 1184 975 Τῆς
1200 939 1255 974 γὰρ
1264 939 1392 974 τοιαύτης
1406 939 1546 974 προκοπῆς
1557 939 1661 975 καρπὸν
1680 939 1790 973 ἐπάξιον
1799 941 1915 977 λήψεται

291 999 378 1028 usque
391 991 418 1018 in
434 990 506 1018 diem
519 990 704 1026 generationis
716 995 743 1018 et
758 990 976 1026 generationis,»
991 990 1076 1025 signi-

289 1037 388 1066 ﬁcatur
412 1036 541 1064 Davidem
561 1044 615 1064 non
632 1036 719 1064 solun:
734 1040 858 1071 tempore
870 1037 931 1063 vita}
945 1044 1002 1064 suae
1017 1044 1075 1063 me—

289 1083 450 1111 morandum
466 1091 538 1111 esse.
553 1082 600 1110 sed
609 1090 657 1117 per
666 1082 788 1117 singulas
800 1082 990 1117 generationes
1000 1091 1008 1115 ;
1018 1083 1076 1110 sive

290 1138 337 1165 per
346 1131 414 1158 duas
427 1129 614 1165 generationes
624 1148 631 1160 ,
652 1128 731 1163 queis
750 1128 939 1155 subindicatur
958 1128 1075 1163 populus

289 1183 323 1203 ex
339 1175 561 1206 circumcisione,
575 1178 602 1202 et
617 1173 741 1201 Ecclesia
755 1181 788 1201 ex
810 1173 948 1208 gentibus.
967 1173 1076 1206 Quanto

290 1219 375 1255 igitur
391 1223 513 1254 tempore
530 1219 618 1254 prima
644 1219 690 1246 illa
717 1219 856 1254 generatio
880 1218 988 1246 divinas
1012 1219 1075 1254 legit

291 1267 458 1303 Scripturas,
475 1265 604 1293 Davidem
621 1266 648 1293 in
666 1265 797 1293 memoria
816 1265 935 1298 retinet;
955 1265 1074 1292 secunda

289 1321 354 1341 vero
378 1313 527 1349 generatio,
549 1320 610 1347 qua:
633 1312 720 1340 electa
740 1320 775 1339 ex
797 1312 926 1339 omnibus
948 1311 1075 1346 gentibus

291 1364 345 1392 est,
361 1360 487 1387 similiter
500 1366 639 1394 nunquam
656 1358 736 1387 linem
752 1359 816 1386 facit
827 1358 955 1386 Davidem
973 1366 1075 1386 memo-

291 1406 380 1438 randi.
396 1407 460 1442 quia
478 1407 538 1442 ejus
559 1407 586 1433 in
605 1414 652 1434 ore
667 1411 793 1435 versatur
808 1408 877 1436 liber
890 1409 1074 1444 generationis

289 1452 355 1482 Iesu
369 1453 473 1481 Christi
493 1453 539 1480 ﬁlii
556 1453 650 1481 David.
666 1454 694 1481 Id
714 1454 806 1490 itaque
828 1455 1017 1483 subii-dicatur
1032 1455 1075 1484 bis

289 1500 392 1533 verbis,
412 1509 421 1526 ι
444 1499 515 1528 Anni
531 1500 591 1536 ejus
607 1508 693 1536 usque
707 1501 735 1528 in
750 1501 822 1529 diem
845 1502 1030 1537 generationis
1047 1508 1075 1530 et

286 1546 486 1580 generationis.
514 1555 523 1572 ι
553 1545 587 1573 Et
613 1546 684 1574 hanc
708 1547 817 1581 quidem
841 1555 925 1582 penes
950 1547 1074 1576 homines

289 1592 497 1620 diuturnitatem
510 1592 653 1620 obtinebit.
667 1592 744 1627 Apud
760 1592 843 1620 Deum
859 1597 959 1625 autem,
974 1594 1071 1628 inquit,
1088 1611 1109 1640 α

290 1646 429 1673 utinquam
448 1638 569 1673 peribit;
586 1638 635 1666 sed
658 1639 842 1666 immortalem
868 1643 950 1674 atque
965 1639 993 1666 in
1013 1640 1075 1666 inli-

290 1683 378 1710 nitum
403 1682 548 1710 durantem
572 1688 670 1710 nactus
692 1684 786 1715 vitam,
816 1693 825 1709 ε
847 1685 1018 1719 permanebit
1046 1685 1074 1712 in

288 1733 421 1756 :eternum
440 1728 469 1755 in
485 1732 635 1763 conspectu
656 1727 715 1756 Dei.
734 1738 744 1754 ι
761 1728 903 1761 Quomodo
917 1735 1006 1756 autem
1022 1729 1074 1756 du-

290 1783 352 1803 rare
367 1774 456 1810 possit
469 1779 496 1802 et
522 1774 569 1802 Dei
595 1774 656 1801 vita:
678 1774 813 1809 coaequari
840 1774 982 1801 hominum
1010 1775 1074 1807 vita,

290 1820 342 1848 sub
358 1820 415 1848 haec
429 1819 508 1848 docet
521 1820 564 1848 his
577 1820 668 1848 verbis
684 1829 690 1847 :
708 1829 717 1845 ι
734 1819 948 1847 Misericordiam
964 1825 991 1848 et
1003 1820 1075 1847 veri-

290 1871 373 1894 tatem
388 1867 448 1902 ejus
456 1867 519 1902 quis
535 1866 679 1902 requiret?
692 1876 700 1893 ι
718 1865 796 1899 Quod
807 1867 929 1901 apertius
940 1866 1074 1900 interpre-

290 1916 364 1940 tatus
389 1912 570 1948 Symmachus
599 1916 642 1940 est
665 1912 779 1940 dicens:
804 1920 813 1937 ‹
838 1911 1023 1940 Misericordia
1047 1917 1074 1940 et

289 1959 391 1986 veritas
417 1957 629 1986 circummuniet
648 1959 758 1994 ipsum;
779 1968 787 1984 ι
819 1959 944 1987 similiter
963 1959 1071 1995 Aquila,

292 2015 302 2031 ι
323 2004 507 2032 Misericordia
531 2009 558 2032 et
584 2006 685 2033 veritas
710 2006 857 2033 servabunt
873 2013 945 2033 eum.
975 2016 985 2032 ι
1011 2005 1073 2033 Haec

289 2051 357 2085 ipsis
374 2050 588 2078 immortalitatis
602 2058 696 2084 causa,
710 2059 807 2086 nempe
822 2050 868 2078 Dei
887 2051 1072 2078 misericordia

290 2100 318 2124 ct
330 2096 430 2123 veritas
443 2106 450 2123 ε
465 2103 581 2131 quarunt
594 2103 708 2124 consors
723 2097 866 2132 religiosus
877 2097 966 2132 quivis
980 2097 1071 2127 homo,

289 2141 370 2176 quasi
395 2141 452 2168 sale
464 2140 602 2173 conditus,
619 2141 647 2167 in
663 2145 792 2169 aeternam
810 2142 892 2168 vitam
908 2142 1071 2169 servabitur.

289 2187 382 2223 Neque
398 2188 471 2215 enim
485 2187 556 2222 quod
578 2188 675 2214 similis
698 2187 753 2216 Deo
770 2188 919 2216 secundum
945 2189 1073 2216 substan-

290 2234 355 2261 tiam
368 2234 413 2266 sit,
430 2234 490 2261 ideo
506 2233 632 2261 similiter
648 2234 720 2261 vivet
735 2243 742 2267 ;
763 2234 811 2261 sed
836 2235 899 2269 quia
928 2242 944 2262 a
965 2235 1073 2263 miseri:

289 2279 382 2307 cordia
400 2279 445 2306 Dei
461 2283 488 2306 et
502 2286 517 2305 a
535 2279 649 2306 veritate
666 2279 726 2314 ejus
743 2286 929 2307 conservatur.

325 2368 407 2396 Vens.
428 2368 454 2396 9.
473 2377 482 2394 ι
505 2367 551 2396 Sic
577 2369 712 2404 psalmum
741 2369 830 2397 dicam
845 2370 948 2397 nomini
974 2374 1021 2398 tuo
1043 2371 1071 2397 in

289 2415 418 2443 saeculum
444 2415 546 2449 sreculi,
565 2420 594 2441 ut
610 2415 720 2443 reddam
749 2420 810 2442 vota
834 2423 892 2442 mea
917 2416 951 2443 de
973 2416 1017 2443 die
1044 2416 1072 2443 in

287 2462 370 2489 diem.
391 2471 399 2487 ι
416 2461 477 2489 llaec
492 2470 554 2490 cum
572 2461 689 2497 Spiritus
711 2466 823 2490 sanctus
848 2462 958 2490 Davidis
976 2463 1072 2490 animae

289 2507 462 2542 inspirasset,
479 2508 557 2543 quasi
574 2516 589 2534 a
604 2509 736 2543 magistro
752 2508 792 2536 sic
808 2509 932 2540 edoctus,
946 2508 998 2536 ﬁde
1013 2517 1071 2536 ser-

290 2561 397 2580 monem
423 2554 547 2589 obsignat
569 2554 627 2581 tneo
644 2554 814 2581 vociferans:
836 2563 846 2580 ‹
876 2554 921 2582 Sic
936 2555 1069 2590 psalmum

289 2599 377 2625 dicam
404 2600 506 2626 nomini
521 2604 568 2626 tuo
587 2600 614 2626 in
631 2601 760 2627 saeculum
778 2601 879 2628 saeculi.
902 2611 911 2628 ι
927 2601 982 2629 Nec
1005 2601 1071 2629 sim-

289 2645 396 2681 pliciter
409 2646 457 2677 ait.
475 2655 484 2671 ι
507 2645 623 2674 Psallam
637 2648 740 2675 nomini
764 2651 811 2674 tuo
827 2648 854 2674 in
880 2648 1007 2675 saeculum
1024 2656 1070 2675 sa:-

289 2689 355 2720 culi,
370 2697 379 2714 ι
397 2688 445 2716 sed
461 2689 552 2716 addita
569 2697 645 2722 voce,
662 2701 670 2716 ε
692 2690 746 2718 Sic.
766 2702 774 2718 ι
789 2691 834 2719 Sic
848 2693 1003 2726 quomodo?
1017 2692 1070 2720 nisi

290 2740 320 2762 ut
344 2735 463 2771 Spiritus
491 2742 603 2765 sanctus
632 2739 726 2766 docuit
751 2740 876 2774 superius
900 2740 943 2768 his
968 2740 1069 2772 verbis,

295 2792 303 2806 σ
323 2782 506 2810 Misericordia
530 2787 557 2810 et
580 2785 680 2812 veritas
700 2786 911 2814 circummuuiet
934 2787 1033 2821 ipsum.
1058 2797 1067 2813 ι

294 2828 339 2855 Sic
355 2829 427 2855 enim
443 2829 628 2857 misericordia
649 2833 695 2857 tua
712 2834 738 2858 et
753 2832 866 2859 veritate
889 2837 935 2859 tua
953 2832 1071 2859 circum~

295 2875 414 2903 tmmitus
430 2880 456 2903 et
473 2880 607 2908 servatus,
631 2876 746 2911 psallam
764 2879 866 2905 nomini
881 2882 929 2906 tuo
943 2879 970 2906 in
985 2886 1071 2907 saecu-

295 2919 350 2945 lum
364 2919 466 2946 saeculi.
482 2918 595 2947 Conﬁdo
612 2921 684 2948 enim
702 2921 889 2949 misericordia
904 2925 931 2948 et
956 2921 1070 2949 veritate

1128 985 1176 1020 τὴν
1192 984 1298 1012 αἰώνιον
1308 985 1388 1020 ζωήν.
1405 985 1518 1011 Φάσκων
1532 985 1560 1012 δὲ
1571 986 1584 1011 ό
1596 985 1683 1019 λόγος,
1695 995 1703 1011 ι
1716 985 1757 1012 Τὰ
1770 986 1817 1022 ἐτη
1831 986 1914 1013 αὐτοῦ

1128 1031 1179 1062 ’έως
1208 1030 1314 1066 ἡμέρας
1337 1031 1432 1064 γενεᾶς
1449 1031 1495 1057 καὶ
1506 1031 1612 1065 γενεᾶς,
1633 1040 1642 1057 ι
1660 1031 1795 1066 σημαίνει,
1807 1032 1846 1064 ὡς
1861 1032 1914 1069 ἄρα

1129 1076 1202 1103 ἔσται
1218 1077 1232 1102 6
1247 1075 1327 1103 Δαυῒδ
1336 1076 1570 1112 μνημονευόμενος
1580 1077 1610 1103 οὐ
1627 1076 1687 1103 καθ’
1703 1077 1733 1104 δν
1748 1077 1828 1113 μόνον
1841 1077 1915 1106 ἐϐίω

1129 1122 1233 1158 χρόνον,
1249 1121 1317 1148 ἀλλὰ
1338 1123 1384 1148 καὶ
1398 1122 1457 1148 καθ’
1471 1122 1590 1158 ἑκάστην
1604 1122 1700 1157 γενεὰν
1710 1143 1717 1156 ,
1731 1123 1748 1158 ἢ
1775 1123 1847 1150 κατὰ
1868 1123 1916 1151 δύο

1128 1168 1203 1200 τινὰς
1216 1168 1326 1202 γενεὰς,
1344 1168 1527 1204 αἰνιττομένου
1544 1168 1590 1195 τοῦ
1611 1169 1689 1203 λόγου
1711 1169 1755 1196 τόν
1769 1177 1800 1196 τε
1816 1170 1850 1196 ὲκ
1866 1178 1915 1196 πε-

1131 1215 1245 1250 ριτομῆς
1269 1214 1332 1241 λαὸν
1349 1214 1395 1241 καὶ
1411 1214 1460 1250 τὴν
1481 1214 1510 1247 ἐξ
1539 1214 1623 1241 ἐθνῶν
1654 1215 1826 1251 Ἐκκλησίαν.
1855 1216 1915 1251 Ἐφ’

1129 1262 1189 1287 ὅσον
1205 1259 1269 1294 γοῦν
1284 1260 1377 1295 χρόνον
1391 1261 1407 1295 ἡ
1422 1260 1529 1296 γενεὰή
1543 1260 1637 1296 πρώτη
1652 1262 1708 1292 τοῖς
1724 1261 1805 1293 θείοις
1817 1262 1914 1296 ἐντυγ-

1129 1308 1203 1343 χάνει
1216 1306 1370 1342 γράμμασι,
1385 1307 1461 1342 φέρει
1478 1306 1522 1333 διὰ
1539 1307 1648 1342 μνήμης
1659 1307 1704 1334 τὸν
1716 1307 1797 1334 Δαυῖδ
1807 1316 1815 1322 ·
1830 1308 1878 1335 καὶ
1896 1310 1913 1344 ἡ

1128 1352 1239 1387 δευτέρα
1265 1351 1292 1378 δὲ
1308 1352 1389 1385 γενεὰ
1408 1352 1424 1386 ἡ
1444 1353 1492 1387 τῆς
1513 1351 1542 1384 ἐξ
1558 1352 1685 1380 ἁπάντων
1698 1352 1782 1380 ἐθνῶν
1797 1353 1914 1390 ἐκλογῆς

1128 1398 1257 1429 ὡσαύτως
1273 1397 1320 1424 τοῦ
1341 1397 1421 1424 Δαυῒδ
1437 1397 1533 1424 οὕποτε
1547 1398 1677 1425 διαλείπει
1695 1399 1912 1435 μνημονεύουσα,

1128 1443 1171 1469 διὰ
1194 1443 1224 1470 τὸ
1240 1443 1331 1479 φέρειν
1358 1443 1409 1470 ἀνὰ
1426 1443 1514 1478 στόμα
1533 1443 1581 1479 τὴν
1603 1443 1692 1479 βίϐλον
1707 1444 1755 1480 τῆς
1778 1445 1914 1479 γενέσεως

1135 1490 1220 1526 Ἰησοῦ
1240 1490 1356 1526 Χριστοῦ
1382 1490 1428 1516 τοῦ
1454 1490 1511 1516 υἱοῦ
1528 1490 1617 1517 Δαυῖδ.
1636 1490 1719 1517 Τοῦτο
1734 1489 1781 1518 οὖν
1802 1491 1914 1527 ᾐνίξατο

1128 1540 1216 1573 φήσας
1227 1538 1242 1564 ὀ
1256 1537 1333 1572 λόγος
1341 1545 1348 1553 ·
1361 1547 1370 1563 ι
1380 1538 1420 1564 Τὰ
1430 1537 1477 1573 ἐτη
1488 1538 1570 1564 αὑτοῦ
1581 1537 1633 1570 ἕως
1644 1538 1749 1574 ἡμέρας
1755 1540 1853 1573 γενεᾶς
1865 1540 1914 1568 καὶ

1127 1585 1232 1618 γενεᾶς.
1247 1594 1255 1610 ι
1274 1585 1326 1611 Καὶ
1341 1585 1368 1611 ὲν
1383 1584 1431 1619 μὲν
1451 1583 1603 1620 ἀνθρώποις
1611 1584 1712 1620 ταύτης
1723 1584 1849 1618 τεύξεται
1862 1587 1912 1622 τῆς

1128 1632 1296 1666 μακρότητος
1307 1639 1313 1646 ³
1329 1632 1403 1666 παρὰ
1416 1631 1444 1657 δὲ
1457 1631 1531 1666 αὐτῷ
1550 1631 1589 1666 τῷ
1603 1631 1662 1666 Θεῷ
1679 1631 1775 1658 οὔποτε
1786 1651 1793 1664 ,
1817 1633 1910 1668 φησὶν.

1126 1678 1280 1705 ἀπολεῖται·
1293 1677 1426 1704 ἀθανάτου
1440 1678 1469 1705 δὲ
1487 1678 1533 1704 καὶ
1550 1679 1591 1709 είς
1606 1677 1720 1713 ἄπειρον
1745 1678 1911 1715 διαρκούσης

1126 1725 1198 1759 ζωῆς
1217 1724 1322 1759 τυχὼν,
1343 1734 1352 1749 ι
1372 1724 1494 1759 διαμενεῖ
1516 1725 1556 1756 εἰς
1571 1724 1616 1750 τὸν
1635 1724 1721 1751 αίῶνα
1735 1724 1850 1752 ἐνώπιον
1863 1725 1910 1753 τοῦ

1124 1770 1202 1796 θεοῦ.
1224 1780 1233 1795 ι
1253 1770 1315 1802 Πῶς
1330 1769 1358 1796 δὲ
1368 1770 1488 1804 διαρκεῖν
1503 1770 1549 1796 καὶ
1568 1772 1600 1806 τῇ
1619 1770 1665 1797 τοῦ
1680 1770 1749 1797 Θεοῦ
1771 1770 1828 1808 ζωῇ
1844 1779 1912 1807 συμ-

1125 1816 1349 1852 παρεκτείνεσϐαι
1366 1815 1508 1852 ἀνθρώπου
1521 1816 1601 1850 φύσις
1613 1816 1656 1843 οἵα
1669 1825 1698 1843 τε
1712 1816 1745 1844 ἂν
1758 1816 1804 1853 εἴη
1814 1837 1822 1849 ,
1839 1817 1911 1845 διδά-

1126 1870 1186 1888 σκει
1199 1862 1261 1897 ἑξῆς
1277 1862 1404 1896 φάσκων·
1423 1872 1432 1887 ι
1455 1861 1547 1893 Ἔλεος
1564 1862 1609 1888 καὶ
1625 1862 1753 1898 ἀλήθειαν
1765 1862 1807 1895 τίς
1826 1862 1910 1898 ἐκζη-

1124 1909 1200 1943 τήσει
1215 1907 1313 1939 aia-:06;
1327 1917 1336 1933 ι
1351 1908 1438 1943 Ὅπερ
1452 1908 1616 1943 σαφέστερον
1629 1909 1825 1944 ἡρμήνευσενὸ
1838 1908 1909 1945 Σύμ-

1126 1963 1210 1989 μαχος
1239 1955 1337 1981 εἰπών’
1371 1963 1380 1979 ι
1411 1954 1504 1985 Ἔλεος
1534 1955 1581 1981 καὶ
1607 1954 1719 1990 ἀλήθεια
1746 1954 1908 1991 περιφράξει

1124 2001 1203 2028 αὐτόν
1217 2008 1223 2014 ·
1245 2010 1253 2026 ι
1273 2000 1319 2027 καὶ
1334 2001 1348 2027 ὁ
1365 2000 1480 2032 Ἀκύλας
1499 2001 1616 2036 ὁμοίως,
1635 2009 1643 2026 ι
1667 2000 1760 2032 Ἔλεος
1774 2002 1830 2028 καὶ
1841 2001 1908 2037 ἀλή-

1125 2047 1184 2073 θεια
1198 2046 1404 2081 διατηρήσουσιν
1416 2047 1507 2072 αὐτόν.
1532 2056 1541 2071 ›
1557 2047 1650 2073 Ταῦτα
1664 2046 1717 2082 γὰρ
1740 2046 1790 2082 τῆς
1808 2046 1909 2074 ἀθανα-

1125 2093 1185 2124 σίας
1199 2093 1272 2128 αύτῷ
1298 2092 1372 2119 ἔσται
1398 2092 1482 2121 αἴτια.
1498 2092 1528 2118 τὸ
1541 2092 1587 2118 τοῦ
1602 2091 1668 2118 Θεοῦ
1686 2092 1759 2124 ἕλεος
1773 2092 1821 2120 καὶ
1839 2092 1907 2127 ἁλή-

1124 2137 1183 2165 θεια
1192 2147 1198 2152 ·
1211 2134 1247 2164 ὧν
1263 2137 1476 2173 μεταλαμὸἀνι-»ν
1491 2138 1544 2169 πᾶς
1557 2137 1571 2163 ὁ
1585 2137 1710 2173 θεοφιλὴς
1721 2157 1729 2169 ,
1747 2137 1842 2174 ὥσπερ
1854 2138 1908 2166 ἀπὸ

1124 2184 1194 2210 ἁλῶν
1211 2183 1365 2219 ἀλιζόμενος
1378 2203 1385 2215 ,
1404 2183 1603 2219 φυλαχθήσεται
1629 2184 1668 2215 εἰς
1693 2183 1802 2211 αίώνιον
1823 2183 1906 2220 ζωήν.

1125 2230 1162 2256 Οὺ
1186 2230 1239 2265 γὰρ
1265 2229 1296 2264 δὴ
1321 2229 1422 2264 ὁμοίως
1450 2229 1489 2265 τῷ
1501 2230 1560 2266 Θεῷ
1577 2230 1706 2266 πεφυκὼς
1728 2231 1778 2267 τὴν
1801 2230 1905 2263 οὐσίαν,

1087 2282 1109 2310 ι)
1123 2276 1223 2311 ὁμοίιος
1239 2275 1312 2311 αὑτῴ
1326 2275 1447 2311 ζήσεται,
1461 2276 1518 2302 ἀλλ’
1534 2276 1586 2303 ὑπὸ
1605 2276 1651 2303 τοῦ
1669 2276 1759 2309 ἐλέους
1772 2275 1820 2304 τοῦ
1839 2276 1906 2304 Θεοῦ

1123 2323 1169 2349 καὶ
1184 2323 1236 2349 ὑπὸ
1251 2323 1299 2357 τῆς
1314 2322 1441 2357 ἀληθείας
1455 2322 1537 2349 αὐτοῦ
1551 2323 1786 2358 διακρατούμενος.

1159 2378 1167 2393 ι
1186 2368 1277 2399 οὕτως
1291 2367 1367 2402 ψαλῶ
1377 2368 1416 2403 τῷ
1428 2369 1540 2403 ὀνόματί
1558 2377 1605 2395 σου
1632 2369 1672 2400 εἰς
1691 2368 1736 2395 τὸν
1756 2367 1844 2396 αἰῶνα
1859 2367 1905 2395 τοῦ

1122 2415 1226 2446 αἰῶνος,
1240 2414 1287 2440 τοῦ
1302 2414 1445 2441 ἀποδοῦναί
1462 2423 1495 2450 με
1514 2414 1562 2446 τὰς
1579 2414 1662 2450 εὐχάς
1681 2423 1732 2450 μου
1754 2414 1862 2451 ἡμέραν
1876 2413 1905 2447 ἐξ

1122 2460 1235 2495 ἡμέρας.
1258 2470 1267 2486 ι
1282 2459 1374 2486 Ταῦτα
1391 2459 1437 2486 τοῦ
1453 2460 1529 2494 ἁγίου
1543 2460 1702 2496 Πνεύματος
1715 2461 1748 2496 τῇ
1764 2460 1812 2487 τοῦ
1825 2459 1906 2487 Δαυῗδ

1122 2507 1312 2542 ὑφηγήσαντος
1329 2507 1414 2542 ψυχῇ,
1431 2506 1523 2542 μαθὼν
1537 2507 1630 2543 ὥσπερ
1646 2506 1722 2543 παρὰ
1742 2506 1904 2534 διδασκάλω

1122 2554 1155 2580 τὰ
1167 2552 1303 2587 λεχθέντα,
1315 2552 1541 2587 ὲπισφραγίζεται
1552 2553 1585 2587 τῇ
1598 2551 1687 2578 πίστει
1698 2551 1743 2578 τὸν
1753 2551 1832 2586 λόγον
1843 2551 1905 2578 ἀνα-

1122 2598 1217 2632 φωνῶν
1234 2597 1279 2624 καὶ
1291 2597 1393 2631 λέγων·
1413 2607 1421 2622 ι
1443 2597 1520 2624 οὕτω
1533 2597 1609 2633 ψαλῶ
1624 2597 1663 2632 τῷ
1674 2597 1786 2633 ὀνόματί
1804 2593 1851 2624 σου
1865 2598 1904 2630 εἰς

1121 2644 1167 2670 τὸν
1181 2643 1265 2671 αἰῶνα
1278 2643 1324 2670 τοῦ
1337 2642 1434 2674 αἰῶνος
1444 2652 1450 2658 ·
1465 2654 1474 2669 ι
1484 2644 1532 2679 οὐχ
1542 2643 1635 2675 ἁπλῶς
1645 2644 1684 2676 δὲ,
1695 2653 1704 2670 ι
1716 2643 1814 2677 Tum),
1825 2643 1901 2678 φησὶ.

1120 2691 1159 2725 τῷ
1172 2691 1283 2726 ὀνόματί
1308 2698 1354 2716 σου
1379 2691 1419 2721 εἰς
1445 2690 1491 2716 τὸν
1505 2689 1590 2717 αἰῶνα
1611 2688 1659 2716 τοῦ
1673 2688 1788 2722 αίῶνος,
1807 2698 1818 2716 ι
1837 2688 1902 2716 ἀλλά

1123 2736 1190 2771 μετὰ
1207 2735 1364 2771 προσθήκης
1380 2734 1441 2769 τῆς,
1462 2744 1471 2760 ‹
1490 2734 1576 2761 Οὕτω.
1599 2744 1609 2760 ι
1622 2734 1684 2766 Πῶς
1699 2733 1727 2760 δὲ
1743 2733 1832 2767 οὕτως
1845 2731 1901 2760 ἀλλ’

1121 2784 1158 2815 ὼς
1171 2782 1326 2818 προεδίδαξε
1337 2782 1366 2808 τὸ
1380 2782 1492 2817 Πνεῦμα
1505 2782 1534 2809 τδ
1556 2781 1631 2816 ἅγιον
1651 2781 1740 2817 φῆσαν
1752 2789 1759 2797 ·
1780 2790 1791 2807 α
1809 2781 1898 2812 Ἔλεος

1121 2829 1167 2855 καὶ
1177 2828 1289 2863 ἀλήθεια
1306 2827 1468 2863 περιφράξει
1481 2827 1571 2854 αὐτόν.
1593 2837 1601 2852 ι
1615 2826 1692 2854 Οὕτω
1713 2826 1768 2862 γὰρ
1782 2827 1837 2853 ὑπὸ
1853 2825 1897 2853 τοῦ

1122 2874 1167 2900 σοῦ
1180 2874 1269 2905 ἐλέους
1283 2874 1329 2901 καὶ
1342 2873 1394 2900 ὑπὸ
1409 2873 1457 2908 τῆς
1471 2873 1521 2908 σῆς
1536 2872 1662 2909 ἀληθείας
1682 2872 1897 2908 περιφραττόμε-

1120 2929 1163 2952 νος
1180 2921 1226 2946 καὶ
1240 2919 1458 2955 διατηρούμενος.
1475 2919 1552 2954 ψαλῶ
1567 2918 1605 2954 τῷ
1619 2917 1730 2954 ὀνόματί
1744 2926 1791 2945 σου
1803 2918 1844 2950 είς
1855 2916 1897 2944 τὸν
