2064 3212
158 194 213 222 583

726 196 978 226 ΕΟΜΜΙΞΝΤΛΠΙᾹ
1000 199 1032 227 IN
1051 198 1221 228 PSALMOS.

1256 141 1298 175 (pl

1733 204 1786 231 586

157 254 245 280 αίῶνα
255 253 301 280 τοῦ
314 254 420 286 αἰῶνος.
436 254 596 290 Τεθάρσηκα
612 256 665 292 γὰρ
680 256 753 291 ζωῆς
768 259 878 284 αἰωνίου
888 259 933 285 τεύ

1000 265 1056 291 tua,
1075 268 1129 287 non
1145 268 1205 287 utea
1220 259 1331 291 virtute,
1350 267 1392 287 me
1409 261 1489 288 vitam
1518 265 1656 294 mternam,
1685 269 1711 290 et
1728 272 1787 292 eam

157 301 251 333 ξεσθαι
265 301 311 327 καὶ
322 300 471 333 ἀθανασίας
489 302 538 337 τῆς
550 302 624 337 παρὰ
639 300 679 328 σοί
695 303 738 329 διὰ
753 303 798 330 τὸν
818 304 862 330 σὺν
874 305 947 331 ἔλεον

156 345 204 374 κᾶὶ
218 347 262 375 διὰ
278 347 328 383 τὴν
343 348 392 382 σὴν
411 347 550 384 ἀλήθειαν,
564 347 620 374 ἀλλ’
632 349 662 374 οὐ
676 349 720 374 διὰ
732 349 781 380 τὰς
796 350 866 384 ἐμὰς
882 351 945 385 ἀρε-

154 393 205 425 τ⁹άς
237 402 246 418 ι
265 393 358 425 Οὕτως
386 391 432 420 οὖν
459 393 536 428 ψαλῶ
560 394 599 429 τῷ
623 394 735 430 ὀνόματί
766 404 813 422 σου
837 397 878 428 εἰς
901 396 946 423 τὸν

153 439 241 465 αἰῶνα
259 439 308 465 τοῦ
323 439 430 471 αἰῶνος,
443 439 491 466 τοῦ
507 440 652 467 ἀποδοῦναί
670 449 704 476 με
718 440 767 473 τὰς
789 442 871 476 εὐχάς
894 450 945 477 μου

152 485 263 521 ἡμέραν
277 485 306 519 ἐξ
319 486 441 521 ἡμέρας·
458 496 467 511 ι
485 486 501 521 ἢ
517 486 588 513 κατὰ
596 487 641 513 τὸν
656 486 813 522 Σύμμαχον,
835 498 844 513 ι
863 488 943 514 Ἀπο-

153 530 242 562 διδοὺς
257 530 306 562 τὰς
321 531 402 565 εὐχάς
420 539 470 566 μου
485 531 546 557 καθ’
557 532 675 566 ἑκάστην
695 532 812 568 ἡμέραν.
836 542 846 558 ι
864 532 946 558 Οὐδε-

154 576 265 603 πώποτε
292 576 346 612 γὰρ
367 576 549 612 ἀπολείψομαι
575 577 622 604 τοῦ
649 577 686 612 μὴ
714 577 869 604 ἀποδιδόναι
898 578 946 610 τὰς

153 622 224 657 ἐμὰς
241 622 417 656 ἐπαγγελίας,
431 622 528 658 ὥσπερ
540 623 652 657 ὀφειλὰς
663 623 798 659 διηνεκεῖς
822 623 869 650 καὶ
884 623 945 658 ἐμοὶ

154 668 316 703 σωτηρίους.
335 668 441 700 Ταύτας
455 669 510 705 γὰρ
523 669 668 696 διατελέσω
688 670 734 696 καὶ
747 670 787 701 εἰς
809 669 855 696 τὸν
866 670 944 696 ἀπει-

153 723 200 749 ρον
213 714 298 740 αἰῶνα
314 715 465 747 ἀποδιδούς.
483 716 550 743 Οὐδὲ
566 716 620 751 γὰρ
635 716 718 752 ἀργὸς
734 717 781 742 καὶ
803 716 944 751 ἄπρακτος

150 759 250 795 ἔσομαι
263 761 323 787 κατ’
339 761 447 796 ἐκείνην
461 761 509 797 τὴν
525 761 635 789 αἰώνιον
651 762 741 798 ζωὴν,
757 762 807 798 τὴν
827 762 854 788 δὲ
875 761 942 796 πρέ-

1001 313 1062 340 quze
1072 306 1144 340 apud
1160 310 1186 333 te
1197 309 1238 333 est
1251 305 1480 336 immortalitatem
1496 307 1666 342 adepturum.
1686 318 1695 334 ‹
1716 309 1761 337 Sic
1776 321 1786 336 ι

1001 349 1093 384 itaque
1111 359 1120 375 ε
1141 350 1254 385 psallam
1270 349 1373 377 nomini
1389 357 1436 377 tuo
1451 352 1477 378 in
1492 353 1621 380 smculum
1635 355 1738 384 seculi.
1759 359 1788 382 ut

1001 395 1112 422 reddam
1130 399 1191 423 vota
1206 403 1264 424 mea
1276 396 1310 424 de
1324 396 1368 424 die
1383 397 1410 423 in
1425 397 1495 425 diem
1508 407 1515 430 ;
1536 409 1545 424 ι
1564 399 1620 427 sive
1635 402 1786 428 secundum

1002 440 1205 476 Symmachum,
1234 450 1243 467 ι
1274 440 1400 470 Reddcns
1423 447 1485 470 vota
1505 451 1564 471 mea
1590 445 1704 480 singulis
1730 447 1787 473 die-

1000 487 1062 514 bus.
1081 496 1090 512 ›
1118 486 1261 522 Nunquam
1288 494 1355 515 sane
1384 488 1506 515 desinam
1532 490 1675 524 promissis
1701 494 1784 521 stare.

999 533 1078 568 quasi
1102 533 1240 568 perpetuis
1263 533 1385 568 mihique
1411 534 1578 563 salutaribus
1601 536 1710 564 debitis.
1738 536 1785 563 Illa

998 579 1070 607 enim
1084 579 1126 606 vel
1141 587 1189 614 per
1202 578 1308 606 inﬁnita
1330 580 1430 607 saecula
1454 580 1569 608 reddere
1593 583 1783 616 perseverabo.

999 623 1138 659 Siquidem
1156 631 1210 651 non
1232 624 1348 656 otiosus,
1370 631 1423 652 non
1448 632 1530 660 opere
1554 632 1657 653 vacuus
1683 626 1710 652 in
1738 626 1784 653 illa

996 677 1099 698 aeterna
1113 669 1167 696 vita
1183 677 1252 702 ero;
1268 668 1316 696 sed
1331 673 1526 704 congruentem
1541 669 1716 705 debitamque
1731 669 1785 697 Deo

997 715 1034 742 ibi
1061 722 1171 750 operam
1196 714 1341 750 przestabo.
1371 714 1434 741 Haec
1458 707 1558 750 quippe
1577 720 1620 744 est
1645 716 1737 744 debita
1759 721 1786 743 et

995 760 1047 795 ipsi
1063 767 1219 795 congruens
1232 764 1362 795 perpetua
1380 761 1530 796 gratiarum
1546 762 1625 789 actio.

150 814 256 832 πουσαν
279 807 327 832 καὶ
348 807 525 843 ὀφειλομένην
549 808 691 840 ἀποδιδοὺς
707 808 747 843 τῷ
774 807 834 842 Θεῷ
857 807 937 834 κάκεῖ
955 806 1055 842 πρᾶξιν
1072 805 1229 833 διατελέσω.
1248 805 1322 842 Αὕτη
1343 806 1372 832 δέ
1407 807 1481 834 ἐστιν
1500 808 1516 842 ὴ
1553 808 1715 843 ὀφειλομένη
1737 809 1785 835 καὶ

150 851 226 886 σὺτῷ
240 851 379 887 πρέπουσα
390 853 516 889 διηνεκὴς
532 854 692 889 εὐχαριστία
707 855 755 889 (ι).

149 909 206 937 ΕΙΣ
231 910 275 936 ΤΟ
294 911 420 943 ΤΕΛΟΣ,
446 912 537 939 ΥΠΕΡ
562 912 703 940 ΙΔιΘΟΥΜ
728 913 874 940 ΨΑΛΜΟΣ
901 911 933 947 Ti

1030 910 1069 946 ιι.
1099 908 1132 935 IN
1159 907 1548 947 FlNELl,_Pl§Q_ll_)l_’_l‘_HUM
1575 908 1738 940 PSALMUS

458 947 556 974 ΔΛΥΙΔ
577 948 636 974 EA'.

188 1012 198 1028 ι
219 1003 287 1038 Οὐχὶ
300 1003 340 1038 τῷ
360 1003 419 1039 Θεῷ
432 1004 632 1040 ὑποταγήσεται
650 1005 666 1040 ἡ
690 1005 762 1041 ψυχή
781 1013 850 1040 μου;
875 1006 941 1040 παρ’

146 1045 223 1081 αὑτῷ
244 1047 299 1082 γὰρ
313 1047 344 1073 τὸ
361 1048 496 1083 ἃυτήριόν
518 1057 578 1084 μου.
600 1058 609 1075 ι
630 1050 658 1075 '0
687 1049 736 1085 μὲν
761 1049 941 1085 προκείμενος

145 1092 255 1127 ψαλμὸς
270 1092 377 1128 εἴρηται
395 1093 444 1129 μὲν
456 1093 495 1129 τῷ
509 1094 601 1126 Δαυῒδ,
617 1095 759 1131 πρόκειται
771 1095 800 1121 δὲ
821 1096 853 1130 τῇ
877 1095 940 1122 ὲπι-

145 1139 241 1173 γραφῇ
254 1158 260 1170 ,
278 1146 290 1165 ι
315 1139 384 1174 ὑπὲρ
418 1139 551 1175 ’16ιθούμ-
573 1150 582 1166 ο
603 1141 773 1172 διδάσκοντος
789 1141 864 1176 ἡμᾶς
891 1140 938 1167 τοῦ

145 1183 238 1217 λόγου,
251 1184 289 1216 ὡς
306 1185 359 1220 ἄρα
371 1186 385 1212 ὁ
399 1185 490 1217 Δαυῒδ,
512 1186 581 1222 ὑπὲρ
595 1186 642 1213 τοῦ
672 1186 789 1222 Ίδιθοὺμ
806 1186 939 1220 συντάξας

144 1230 192 1255 τὸν
204 1229 321 1265 ψαλμὸν,
339 1231 496 1267 παρέδωκεν
509 1232 583 1268 αὐτῷ
594 1233 719 1268 μελετᾷν,
735 1233 782 1260 καὶ¹
793 1233 854 1260 ἀντὶ
867 1234 939 1268 ἐπῳ-

145 1275 193 1310 δῆς
213 1276 330 1311 χρῆσθαι
341 1277 381 1308 είς
392 1277 552 1312 θεραπείαν,
566 1280 709 1314 συμφορᾶς
726 1288 798 1311 τινος
823 1280 938 1315 ἐπισυμ-

146 1321 235 1357 6άσης
249 1323 332 1358 αὐτῷ.
355 1324 408 1350 Καὶ
424 1325 438 1349 ὁ
450 1325 470 1350 λ’
486 1325 514 1351 δὲ
530 1325 576 1351 καὶ
594 1328 618 1360 η’
631 1325 822 1361 ἐπεγέγραπτο
833 1346 840 1358 ,
864 1336 873 1352 ε
890 1326 937 1358 Εἰς

143 1367 176 1393 τὸ
190 1367 276 1400 τέλος,
291 1369 330 1404 τῷ
352 1369 479 1405 Ἱδιθοὺμ,
491 1370 547 1406 ᾠδὴ
573 1370 620 1397 τοῦ
638 1371 734 1397 Δαυῖδσ
758 1381 767 1397 ι
792 1372 822 1398 ἐν
843 1368 865 1405 ᾧ
889 1372 936 1398 καὶ

144 1414 219 1449 αὐτῷ
231 1415 331 1450 ὁμοίως
343 1415 517 1443 διδασκαλίαν
533 1417 676 1453 παρεδίδου
691 1419 706 1444 ὀ
722 1417 802 1444 Δαυῒδ
814 1418 852 1452 τῷ
875 1419 934 1445 Ἰδι-

143 1459 217 1497 θοὺμ
231 1461 273 1487 διὰ
288 1461 337 1497 τὴν
350 1462 445 1498 αὐτὴν,
467 1461 543 1498 οἶμαι
557 1483 565 1496 ,
589 1464 768 1491 κατάστασιν.
803 1464 934 1492 Ἐνταῦθα

143 1505 197 1540 μὲν
214 1506 268 1542 γὰρ
293 1506 434 1534 λέλεκται.⁸
452 1517 462 1534 ε
477 1508 516 1535 οὐ
545 1509 582 1545 μὴ
608 1509 730 1536 σαλευθῶ
756 1510 802 1536 ἐπὶ
831 1510 931 1537 πλεῖον.

145 1553 220 1584 Ἕως
239 1553 303 1579 πότε
314 1553 467 1581 ἐπιτίθεσθε
481 1556 524 1582 ἐπ’
541 1555 692 1591 ἄνθρωπον,
708 1556 852 1591 φονεύεσθε
866 1557 933 1584 πάν-

1290 942 1394 971 DAVID
1420 944 1487 971 LXI.

1029 1001 1111 1030 Vens.
1131 1002 1158 1034 2,
1174 1003 1200 1030 5.
1233 1011 1243 1028 ι
1263 1001 1359 1030 Nonne
1384 1002 1440 1029 Deo
1467 1002 1589 1038 subjecta
1612 1004 1666 1031 erit
1690 1005 1781 1032 anima

992 1049 1074 1076 mea?
1086 1049 1120 1076 ab
1135 1050 1194 1084 ipso
1209 1048 1282 1075 enim
1300 1047 1428 1076 Salutare
1447 1056 1547 1076 meum-
1570 1059 1579 1075 ›
1595 1048 1645 1076 Hic
1658 1051 1780 1085 psalmus

993 1095 1087 1122 Davidi
1103 1094 1213 1130 quidem
1235 1095 1326 1122 dictus
1341 1100 1394 1126 est.
1410 1095 1584 1130 inscriptioni
1600 1104 1681 1130 porro
1701 1096 1780 1123 addi-

991 1145 1046 1173 tur,
1066 1150 1076 1166 ε
1096 1149 1146 1176 pro
1162 1140 1292 1168 ldilhum.
1311 1151 1320 1167 ι
1339 1140 1444 1174 Quibus
1469 1141 1627 1174 edocemur,
1649 1141 1779 1169 Davidcm

989 1195 1052 1214 cum
1070 1195 1119 1222 pro
1134 1187 1250 1215 lditlmm
1266 1187 1402 1222 psalmum
1426 1187 1598 1220 adornasset,
1622 1188 1676 1224 ipsi
1693 1188 1778 1217 tradi-

988 1233 1063 1261 disse
1075 1233 1112 1261 ιιι
1128 1233 1312 1261 meditandum
1328 1242 1335 1266 ;
1353 1238 1383 1260 ut
1398 1241 1441 1265 eo,
1455 1234 1597 1262 accidente
1612 1235 1777 1266 calamitate.

988 1279 1068 1314 quasi
1095 1279 1300 1306 incantamento
1328 1283 1452 1308 uteretur
1476 1279 1510 1307 ad
1539 1281 1684 1308 medelam.
1712 1282 1778 1310 ltem

988 1325 1251 1360 xxxvrninscriptus
1261 1328 1304 1353 est
1319 1335 1326 1352 :
1345 1333 1354 1351 ‹
1367 1324 1396 1352 lu
1409 1325 1500 1357 linem,
1513 1325 1566 1360 ipsi
1577 1326 1778 1360 ldithum,can-

987 1371 1072 1398 ticqu
1087 1371 1206 1398 Davidis.
1224 1380 1233 1396 ι
1250 1372 1280 1397 ln
1294 1379 1349 1406 quo
1364 1371 1490 1398 similiter
1512 1370 1596 1398 David
1622 1372 1775 1399 doctrinam

986 1416 1164 1452 ipslldithum
1179 1417 1206 1444 in
1221 1417 1279 1452 pari
1300 1424 1403 1449 rerum,
1419 1421 1449 1444 ut
1472 1417 1598 1450 arbitror,
1620 1417 1777 1445 conditione

985 1464 1106 1492 tradidit.
1119 1463 1186 1491 Nam
1201 1463 1245 1491 hic
1260 1463 1362 1490 dicitur
1375 1474 1381 1490 :
1401 1473 1410 1489 ι
1428 1462 1487 1491 Νοιι
1508 1464 1636 1491 movebor
1646 1465 1774 1499 amplius.

984 1509 1134 1545 Quousque
1148 1510 1255 1538 irruitis
1269 1510 1296 1536 in
1312 1509 1449 1537 hominem
1464 1509 1639 1537 ?interlicitis
1655 1511 1774 1538 universi

983 1561 1043 1582 vos.
1062 1564 1071 1580 ι
1090 1553 1118 1582 In
1135 1562 1240 1582 xxxvnt
1266 1559 1355 1582 autent
1372 1564 1379 1581 :
1406 1563 1415 1579 ι
1444 1554 1511 1581 Cum
1527 1554 1690 1583 consisteret
1711 1564 1775 1591 puc-

142 1606 188 1630 τες
203 1599 301 1633 ὑμεῖς;
326 1609 336 1625 ι
355 1600 383 1626 ὲν
405 1600 434 1627 δὲ
453 1601 492 1637 τῷ
506 1602 563 1636 λη’·
583 1611 593 1627 ι
615 1602 659 1628 Ἐν
683 1602 722 1638 τῷ
741 1603 870 1638 συστῆναι
886 1604 932 1630 τὸν

985 1605 1061 1629 calor
1072 1601 1217 1629 adversum
1234 1609 1288 1635 me,
1305 1601 1429 1628 obmutui
1444 1605 1471 1628 et
1487 1601 1646 1629 humiliatus
1665 1610 1737 1635 sum,
1748 1607 1775 1629 et

142 1643 304 1678 ἁμαρτωλὸν
316 1645 436 1672 ἐναντίον
448 1655 508 1682 μου,
518 1647 667 1682 ὲκωφώθην
677 1648 723 1675 καὶ
734 1649 930 1685 ὲταπεινώθην,

141 1689 189 1715 καὶ
201 1689 317 1726 ὲσίγησα
336 1689 365 1722 ἐξ
381 1691 501 1726 ἀγαθῶν,
520 1693 568 1719 κα)⁵
579 1693 609 1719 τὸ
625 1693 738 1729 ἄλγημα
757 1703 806 1729 μου
823 1695 932 1722 ἀνεκαι-

139 1735 221 1770 νισθη
235 1744 242 1750 ·
260 1746 270 1761 ι
285 1736 332 1763 καὶ
345 1737 425 1764 πάλιν
437 1747 443 1753 ·
459 1748 468 1764 ‹
491 1739 557 1765 Ἀπὸ
572 1739 665 1766 πασῶν
678 1740 732 1767 τῶν
746 1741 866 1776 ἀνομιῶν
880 1750 930 1777 μου

141 1781 223 1816 ῥῦσαί
238 1791 271 1818 με
282 1791 288 1797 ·
301 1783 400 1815 ὄνειδος
416 1784 512 1820 ἄῳρονι
524 1786 627 1818 ἔδωκάς
641 1795 685 1821 με.
703 1797 712 1812 ι
728 1788 783 1814 Καὶ
806 1787 854 1815 Θέα
870 1790 932 1816 τίνα

139 1828 242 1863 τρόπον
255 1829 381 1863 ἐμφαίνει
397 1830 430 1856 δι’
441 1830 604 1867 ἀμφοτέρων
615 1832 644 1858 ἐν
655 1833 799 1868 πειρασμῷ
809 1843 862 1860 τινι
891 1835 931 1867 ἐξ-

137 1874 257 1909 ητάσθαι
272 1875 319 1902 καὶ
332 1875 406 1902 δεινὰ
427 1877 588 1904 πεπονθέναι
599 1886 607 1893 ·
620 1878 660 1904 διὸ
682 1878 784 1911 ταύτας
804 1881 930 1915 προσίετο

138 1920 189 1952 τὰς
201 1921 301 1956 φωνάς.
314 1923 368 1949 Καὶ
382 1923 410 1949 ἐν
423 1923 471 1957 μὲν
482 1922 520 1958 τῷ
529 1923 598 1958 μετὰ
612 1925 706 1960 χεῖρας
716 1925 815 1961 ψαλμῷ
827 1926 929 1962 προϊών

139 1975 227 2002 φησι·
248 1977 257 1993 ς
277 1968 349 2003 Πλὴν
366 1969 475 2003 μάταιοι
491 1970 516 1995 οἱ
533 1970 587 1996 υἱοὶ
605 1971 660 1997 τῶν
679 1971 846 2006 ἀνθρώπων,
860 1972 928 2007 ψευ-

137 2011 193 2044 δεῖς
208 2013 261 2039 υἱοὶ
276 2012 329 2039 τῶν
343 2014 493 2049 ἀνθρώπων
507 2016 536 2041 ὲν
549 2014 650 2050 ζυγοῖς,
664 2015 710 2043 τοῦ
729 2016 855 2052 ἀδικῆσαι
877 2019 927 2045 αὑ-

137 2059 180 2085 τοὶ
196 2061 229 2086 ἐκ
246 2060 426 2095 ματαιότητος
439 2061 484 2088 ἐπὶ
500 2061 531 2088 τὸ
545 2062 611 2089 αὑτό
621 2071 628 2078 ”
650 2072 659 2088 ι
676 2063 724 2090 καὶ
736 2064 766 2090 ἐν
783 2064 881 2098 ἐκείνῳ
898 2063 927 2090 δὲ

136 2105 240 2140 ὁμοίως
266 2106 375 2142 εἴρητο·
405 2116 414 2132 ι
433 2107 507 2143 Πλὴν
533 2107 568 2134 τὰ
598 2108 743 2143 σύμπαντα
768 2111 926 2145 ματαιότης,

137 2152 193 2183 πᾶς
208 2151 350 2187 ἄνθρωπος
368 2153 422 2185 ζῶν
434 2163 442 2171 ο
459 2154 504 2180 καὶ
518 2153 600 2180 πάλιν
612 2162 618 2169 ·
641 2164 650 2177 ί
671 2155 742 2190 Πλὴν
762 2155 849 2191 μάτην
873 2157 927 2188 πᾶς

136 2197 296 2232 ἄνθρωπος’
324 2208 334 2224 ›
367 2199 438 2235 ᾇπερ
453 2200 528 2226 οὐδὲν
548 2199 580 2227 ἂν
595 2201 719 2236 διαφέροι
739 2201 802 2228 τοῦ·
817 2211 826 2226 ι
854 2201 926 2236 Πλὴν

137 2245 249 2281 μάταιοι
263 2246 288 2272 οἱ
302 2247 354 2272 υἱοὶ
367 2247 421 2273 τῶν
435 2246 596 2282 ἀνθρώπων,
612 2248 689 2274 αὐτοὶ
701 2248 734 2274 ἐκ
747 2248 926 2282 ματαιότητος

136 2292 183 2317 ἐπὶ
200 2291 231 2317 τὸ
245 2291 320 2318 αὐτὸ.
342 2301 352 2318 ›
369 2293 429 2319 Ἔτι
445 2293 514 2328 πρὸς
528 2292 634 2325 τούτοις
653 2293 682 2320 ἐν
702 2293 740 2328 τῷ
765 2293 805 2329 λη’
834 2293 924 2328 εὕροις

135 2337 170 2364 ἃν
184 2337 329 2373 είρημένον
344 2337 375 2364 τό
386 2346 392 2353 ·
413 2347 423 2363 ‹
438 2338 571 2372 Μέντοιγε
589 2339 618 2365 ὲν
635 2338 719 2365 εἰκόνι
734 2339 923 2375 διαπορεύεται

133 2384 288 2420 ἄνθρωπος.
316 2384 389 2420 Πλὴν
414 2385 501 2420 μάτην
527 2385 717 2420 ταράσσονται.
746 2385 922 2422 θησαυρίζει,

133 2429 182 2456 καὶ
197 2430 228 2456 οὐ
257 2429 385 2464 γινώσκει
409 2429 460 2456 τίνι
474 2430 582 2463 συνάξει
603 2429 683 2456 αὑτά.
703 2439 713 2455 ι
734 2429 871 2465 Σύμφωνα
893 2431 922 2457 δὲ

131 2474 239 2506 τούτοις
251 2474 293 2510 εἴη
305 2475 338 2501 ἂν
353 2475 400 2501 καὶ
417 2475 451 2501 τὰ
466 2475 534 2510 μετὰ
548 2476 642 2510 χεῖρας
660 2474 794 2510 λεγόμενα
816 2475 846 2501 ὲν
862 2475 922 2502 τοὺ-

131 2529 204 2553 τοις”
222 2531 231 2546 t
249 2521 293 2557 Μὴ
317 2520 439 2553 ἐλπίζετε
461 2521 507 2547 ἐπὶ
526 2521 641 2551 ἀδικίαν,
663 2522 710 2547 καὶ
722 2521 768 2547 ἐπὶ
787 2520 922 2556 ἅρπαγμα

132 2567 170 2603 μὴ
181 2566 336 2593 ὲπιποθεῖτε
347 2575 354 2582 ·
371 2566 486 2598 πλοῦτος
501 2566 547 2592 ἐὰν
563 2567 624 2604 ῥέῃ,
643 2567 682 2603 μὴ
695 2565 872 2602 προσ-τίθεσθε
887 2567 920 2602 τῇ

130 2612 241 2648 καρδίᾳ.
259 2622 268 2637 ι
285 2612 340 2638 Καὶ
357 2612 389 2638 σὺ
402 2611 424 2637 δ’
441 2611 485 2641 ἂν,
507 2611 553 2637 ἐπὶ
577 2611 674 2646 σχολῆς
695 2612 727 2637 ὲκ
745 2611 918 2646 παραλλήλου

129 2657 178 2688 τὰς
194 2658 224 2683 ἐν
236 2657 400 2692 ἀμφοτέροις
416 2658 473 2688 τοῖς
492 2656 635 2691 δηλωθεῖσι
650 2656 767 2692 ψαλμοῖς
787 2657 930 2692 ἐγκειμέ-·

129 2711 176 2733 νας
191 2703 277 2735 λέξεις
291 2703 425 2738 παραθεὶς
433 2703 572 2738 ἀλλήλαις,
584 2703 675 2738 εὕροις
687 2702 720 2729 ἂν
733 2703 797 2738 μιᾶς
806 2703 852 2728 καὶ
867 2702 916 2738 τῆς

984 1646 1047 1674 silui
1065 1654 1080 1673 a
1095 1646 1186 1677 bonis,
1198 1650 1226 1674 et
1237 1646 1317 1674 dolor
1340 1654 1417 1674 meus
1437 1649 1585 1673 renovatus
1600 1651 1643 1674 est
1655 1647 1678 1663 "
1691 1658 1700 1680 ς
1721 1658 1730 1673 ι
1747 1653 1774 1675 ct

983 1700 1105 1724 rursum,
1125 1701 1135 1718 ί
1155 1692 1196 1720 Ab
1210 1692 1340 1720 omnibus
1356 1686 1547 1727 iniquitatibus
1560 1692 1629 1720 meis
1641 1700 1707 1720 erue
1720 1702 1772 1723 me.

982 1739 1160 1774 opprobrium
1172 1739 1314 1775 insipienti
1331 1738 1433 1766 dedisti
1450 1746 1493 1766 me
1503 1738 1537 1765 ⁸³.
1555 1749 1565 1764 ι
1579 1739 1772 1767 Animadverte

983 1793 1076 1820 porro.
1096 1793 1152 1820 quo
1169 1789 1249 1820 pacto
1266 1785 1294 1812 in
1315 1788 1432 1819 utroque
1448 1792 1477 1812 se
1493 1784 1520 1810 in
1537 1785 1688 1812 tentatione
1703 1793 1771 1812 con-

983 1831 1109 1858 stitutum
1125 1836 1153 1859 et
1167 1832 1259 1867 gravia
1275 1839 1387 1867 passum
1403 1830 1538 1866 signiﬁcet
1553 1840 1559 1863 ;
1573 1839 1627 1866 qua
1640 1832 1673 1859 de
1687 1840 1771 1860 causa

982 1877 1064 1906 hasce
1079 1878 1192 1913 protulit
1212 1885 1303 1905 voces.
1320 1877 1353 1903 Et
1376 1877 1404 1903 in
1426 1877 1553 1912 praesenti
1570 1877 1679 1912 quidem
1696 1879 1772 1912 psal-

980 1932 1026 1951 mo
1053 1923 1183 1959 deinceps
1201 1925 1259 1951 ait:
1276 1932 1285 1949 ι
1315 1922 1509 1950 Verumtamen
1527 1924 1589 1950 vani
1610 1924 1657 1950 ﬁlii
1682 1924 1770 1952 homi-

980 1977 1058 2001 num,
1075 1969 1221 1996 mendaces
1237 1968 1284 1995 lilii
1303 1966 1442 1995 hominum
1463 1968 1490 1994 in
1503 1968 1624 2000 stateris,
1651 1973 1680 1996 ut
1699 1969 1769 2004 inju-

980 2015 1049 2042 riam
1067 2014 1169 2042 faciant
1184 2015 1235 2050 ipsi
1251 2014 1284 2042 de
1304 2013 1425 2042 vanitate
1449 2014 1477 2040 in
1492 2014 1610 2048 idipsum
1624 2023 1631 2042 :
1653 2025 1661 2040 ι
1680 2016 1707 2054 in
1721 2016 1768 2042 illo

979 2064 1069 2088 autem
1082 2061 1208 2088 similiter
1221 2060 1383 2088 dicebatur:
1403 2069 1414 2086 ί
1432 2059 1624 2088 Verumtamen
1641 2062 1768 2089 universa

979 2107 1097 2139 vanitas,
1112 2107 1203 2135 omnis
1219 2108 1302 2135 homo
1314 2108 1408 2135 vivens
1419 2108 1442 2124 "
1456 2117 1464 2136 ;
1485 2118 1495 2134 ι
1514 2116 1546 2135 ac
1561 2109 1669 2140 iterum,
1687 2118 1696 2134 ι
1716 2108 1768 2136 Vc-

979 2157 1134 2181 rumtamen
1153 2161 1222 2181 vane
1249 2154 1340 2180 omnis
1365 2153 1446 2181 homo
1458 2154 1500 2187 ‘5;
1521 2163 1530 2180 ι
1559 2162 1620 2189 qum
1647 2154 1674 2180 in
1693 2155 1767 2181 nullo

977 2199 1104 2227 diﬂ‘erant
1118 2199 1152 2227 ab
1170 2200 1264 2227 hisce:
1286 2210 1295 2225 ‹
1317 2198 1510 2227 Verumtamen
1526 2200 1587 2228 vani
1613 2200 1660 2226 lilii
1680 2200 1768 2227 Immi-

978 2253 1054 2277 num,
1074 2245 1127 2280 ipsi
1152 2253 1184 2273 ex
1205 2245 1325 2272 vanitate
1351 2245 1378 2271 in
1404 2244 1533 2280 idipsum.
1553 2255 1561 2270 ι
1588 2245 1629 2271 Ad
1655 2245 1711 2271 lucc.
1738 2245 1766 2272 in

977 2299 1081 2319 xxxvut
1108 2291 1211 2319 dictum
1237 2291 1425 2327 deprehendas
1448 2301 1453 2318 :
1489 2300 1499 2317 ‹
1519 2290 1710 2319 Verumtamen
1739 2292 1765 2319 in

979 2337 1096 2373 imagine
1112 2339 1260 2374 pertransit
1279 2338 1369 2366 homo.
1387 2337 1580 2365 Verumtamen
1605 2344 1674 2364 vane
1699 2345 1765 2364 con-

979 2385 1135 2412 turbantur.
1151 2384 1341 2416 Tbesaurizat,
1357 2388 1384 2412 et
1401 2383 1507 2420 ignorat
1522 2383 1565 2409 cui
1587 2383 1764 2417 congrcgabil

976 2437 1008 2456 ea
1021 2430 1063 2462 ";
1083 2439 1092 2456 ι
1109 2430 1210 2464 quibus
1224 2437 1346 2457 consona
1372 2429 1474 2456 fuerint
1499 2428 1556 2455 haec
1581 2428 1610 2455 in
1634 2429 1764 2462 praesenti

975 2475 1068 2502 dicta:
1088 2485 1097 2500 ‹
1125 2475 1213 2503 Nolite
1241 2483 1351 2510 sperare
1379 2475 1405 2501 in
1420 2475 1573 2509 iniquitate,
1596 2478 1623 2502 et
1639 2475 1764 2509 rapinam

977 2520 1063 2546 nolite
1085 2521 1282 2555 concupiscere
1296 2529 1302 2546 :
1319 2519 1421 2547 divitia:
1435 2520 1458 2546 si
1474 2519 1594 2550 allluant,
1611 2520 1695 2547 nolite
1714 2528 1764 2547 cor

975 2571 1122 2598 apparuere.
1143 2574 1152 2590 ι
1168 2564 1245 2597 Quod
1263 2565 1285 2591 si
1303 2568 1331 2591 tu
1351 2572 1398 2598 per
1412 2564 1496 2590 otium
1511 2563 1584 2590 dicta
1600 2565 1626 2591 in
1643 2569 1762 2599 utroque

975 2610 1080 2645 psalmo
1096 2611 1183 2645 posita
1204 2611 1348 2638 adversum
1365 2609 1526 2640 contuleris,
1550 2610 1674 2637 eamdem
1699 2619 1761 2644 spe-

971 2660 1048 2683 ctare
1069 2657 1231 2683 sententiam
1257 2655 1455 2691 deprehendes.
1485 2654 1567 2682 David
1592 2655 1682 2690 itaque
1708 2657 1758 2690 ipsi

970 2701 1087 2730 ldithum
1100 2702 1409 2732 aecidenlelcnlatlonc.
1420 2707 1445 2728 et
1454 2701 1570 2728 fortasse
1585 2701 1674 2736 lapsu,
1689 2703 1759 2729 hanc

163 2779 187 2795 "
207 2779 280 2807 Psal.
298 2787 412 2811 xxxvut.
431 2782 459 2812 2,
476 2780 502 2807 5.
541 2780 564 2796 ⁸³
581 2780 646 2808 ibid.
665 2781 691 2807 9.
729 2781 753 2796 ⁵⁸
773 2781 838 2807 ihid.
854 2780 880 2807 6.
919 2781 933 2796 ⁵³

985 2780 1028 2808 vid.
1046 2780 1091 2808 12.
1130 2780 1154 2796 ⁵⁸
1172 2779 1239 2808 ibid.
1258 2779 1315 2807 7-9.

169 2872 215 2914 (ιχ
228 2870 295 2898 Post
306 2871 363 2914 hch
380 2871 505 2914 sequitur
524 2872 664 2914 catalogus
679 2872 820 2914 titulorum
835 2870 944 2914 Eusebii
956 2871 989 2914 ῥυ
1009 2871 1134 2914 ιιιιᾱερὶιη
1156 2872 1436 2914 sequentcs‘psallmos
1461 2873 1512 2900 hoc
1530 2873 1597 2914 ritu.
1623 2871 1756 2911 Exul-.153

136 2903 292 2943 ὶξηγῆσεων
306 2908 345 2937 εἰς
357 2903 671 2943 τοὺξὺποτεταγμένους
684 2907 817 2941 ψαλμοὺς,
838 2908 876 2938 είς
892 2907 937 2932 τὸν
953 2906 1003 2938 Ξα’,
1024 2908 1054 2932 ἐν
1072 2903 1094 2940 ᾧ
1111 2908 1168 2933 ἐστὶ
1186 2903 1345 2933 διδασκαλία
1357 2908 1554 2943 θεραπευτικὴ,
1575 2912 1602 2934 et
1629 2903 1669 2935 sic
1684 2909 1732 2933 litt.
1747 2908 1756 2933 ἰ

134 2943 280 2977 cujusque,
294 2950 379 2976 usque
396 2943 428 2968 ad
447 2945 495 2974 (ια’,
505 2947 534 2968 ιιι
550 2943 626 2968 Imtio
640 2942 704 2968 editi
718 2947 792 2973 sunt,
805 2943 960 2968 all'eruntur.

279 2989 411 3018 ΡΔτιιοι..
431 2990 490 3019 Gn.
514 2988 630 3018 ΧΧΗΙ.

1577 2985 1613 3014 19
