2064 3212
315 195 366 222 587

672 192 805 220 EUSEBll
825 193 1068 223 ΕΑΕΞΑΙΗΕΝὸΙΒ
1088 197 1093 220 4

1146 197 1162 222 ³.
1178 194 1268 223 PARS
1287 195 1330 223 lll.
1352 211 1386 215 —
1398 194 1605 224 EXEGETICA.

1897 200 1950 228 588

314 253 467 281 doctrinam
487 251 598 280 medela:
615 257 797 287 opportunam
815 253 963 281 tradidisse
979 254 1086 282 videtur

1156 254 1240 289 αὐτῆς
1262 253 1393 289 ἐχομένας
1416 254 1544 286 διανοίας.
1569 255 1598 280 '0
1612 255 1701 282 τοίνυν
1716 255 1796 283 Δαυϊδ
1810 255 1884 284 iam
1909 258 1949 294 τῷ

314 303 342 326 ut
356 305 417 326 sese
433 297 578 333 reciperet,
591 301 619 324 et
644 305 659 324 a
676 296 755 332 lapsu
776 302 928 325 rcfocaret.
953 298 982 326 in
997 307 1100 327 “mn

310 344 421 380 quidem
440 343 529 379 ipsum
546 343 719 375 instituebat.
736 348 766 371 ut
780 352 841 372 sese
855 345 1056 378 cohortaretur,
1070 353 1102 374 ac

310 398 405 419 secum
419 389 558 425 colloquia
578 389 706 417 misceret
723 389 902 425 diceretque:
924 399 934 415 ι
954 389 1013 418 Dixi
1028 390 1102 418 :Cu—

310 435 428 463 stodiam
456 436 516 463 vias
539 442 626 467 meas.
642 438 671 462 ut
696 443 751 462 non
777 435 934 471 delinquant
956 435 983 464 in
1009 436 1100 472 lingua

310 490 382 509 mea.
407 481 490 510 Posui
515 481 555 508 ori
574 489 635 509 meo
661 481 828 513 custodiam,
851 489 913 509 cum
938 482 1102 510 consisteret

308 531 439 563 peccator
456 526 602 554 adversum
620 535 672 558 me.
687 527 811 555 obmutui
827 531 853 554 et
868 527 1028 555 humiliatus
1039 536 1099 555 sum

307 577 335 601 ct
354 573 417 602 silui
432 580 447 598 a
463 572 555 605 bonis,
576 576 603 600 et
619 572 697 600 dolor
714 580 792 600 meus
815 578 964 600 renovatus
980 578 1022 601 est
1034 574 1068 606 ³⁷,
1088 583 1096 599 ι

308 624 336 646 ct
356 622 465 646 ctetcra.
483 617 511 645 In
528 618 628 653 quibus
642 617 719 645 adest
734 622 762 645 et
777 617 844 645 illud
860 627 866 645 :
888 627 897 644 ι
916 619 957 645 Ab
972 619 1099 647 omnibus

308 665 501 700 iniquitatibus
518 665 586 692 meis
602 664 677 699 eripe
692 671 745 696 me,
761 664 940 699 opprobrium
959 665 1098 700 insipienti

307 711 407 740 dedisti
423 719 476 739 me.
492 711 624 739 Obmutui
639 715 667 738 ct
684 718 739 738 non
754 712 850 746 apertti
867 719 899 739 os
913 719 1014 743 meum.
1030 719 1099 747 quo-

307 758 381 786 niam
397 762 425 786 tu
443 757 532 786 fecisti
544 758 586 791 “;
605 767 615 784 ›
631 765 664 785 ac
678 765 796 785 rursus:
814 767 824 784 ι
841 757 942 786 Amore
955 766 969 785 a
987 766 1029 786 me
1045 759 1099 794 pla-

307 812 356 840 gas
373 809 445 833 tuas.
464 804 486 831 A
506 803 667 832 fortitudine
681 811 779 830 manus
793 808 846 831 tute
861 811 912 839 ego
928 803 1015 831 dcl‘cci
1026 804 1060 831 δ’.
1085 813 1095 830 ›

307 851 370 879 llaec
392 856 420 879 et
440 851 542 879 similia
565 855 596 878 ut
614 850 719 878 diceret
741 858 774 878 ac
794 850 851 878 Deo
875 850 944 878 tales
959 850 1097 879 orationes

305 899 451 930 emitteret,
479 899 507 926 in
531 898 577 926 illo
604 898 710 933 psalmo
734 897 929 926 instituebatur
956 897 1095 931 lditlium;

306 946 332 974 ln
349 946 400 974 hoc
418 950 509 974 autem
525 945 653 974 similiter
667 945 755 973 eidem
771 946 832 972 viro
845 949 942 972 auctor
958 949 999 972 est
1012 943 1097 972 David

304 997 334 1019 ut
352 991 489 1028 colloquia
506 999 600 1020 secum
617 992 733 1019 misceat
746 999 778 1018 ac
793 991 885 1018 dicat:
905 1001 913 1017 ι
930 991 1027 1018 Nonne
1042 990 1097 1019 Deo

305 1038 430 1073 subjecta
444 1039 497 1066 erit
514 1038 605 1065 anima
620 1046 680 1065 mea
705 1047 712 1065 :
731 1037 766 1064 ab
793 1038 853 1072 ipso
879 1038 951 1065 enim
977 1037 1096 1065 salutare

303 1092 393 1111 meum
405 1084 417 1111 τι
436 1084 541 1117 rQueis
555 1084 692 1119 signiﬁcat
705 1091 734 1112 se
744 1084 897 1118 vacillasse,
909 1091 941 1111 ac
949 1085 1094 1119 quamdam

303 1129 538 1164 perturbationem
568 1129 666 1156 animae
690 1137 802 1165 passum
826 1137 896 1157 esse.
918 1129 986 1162 Quia
1012 1130 1096 1165 igitur

304 1176 497 1211 ingruentibus
515 1177 698 1205 tentatoribus
722 1176 858 1204 tantillum
882 1176 973 1203 animo
993 1175 1095 1204 fractus

303 1226 354 1252 est.
367 1221 393 1248 id
409 1221 641 1254 animadverteris,
659 1229 713 1249 non
725 1225 755 1248 ut
767 1221 812 1249 ille
825 1221 871 1256 qui
885 1220 1003 1253 dicebat,
1017 1230 1026 1246 ι
1043 1220 1094 1248 Mei

303 1273 394 1296 autem
411 1276 480 1304 pene
495 1269 561 1295 moti
576 1272 641 1296 sunt
656 1268 739 1304 pedes
751 1268 773 1285 “
787 1276 794 1302 ;
817 1278 827 1294 r
847 1268 894 1295 sed
914 1271 944 1294 ut
959 1275 1022 1296 vere
1037 1275 1095 1295 mo-

303 1318 359 1346 tus,
380 1315 537 1342 necessario
554 1315 588 1342 ad
602 1315 660 1342 lucc
682 1314 797 1342 dicenda
813 1314 983 1342 instituitur:
1003 1322 1012 1339 ‹
1034 1313 1093 1341 Non

261 1376 268 1382 .
302 1357 433 1385 movebor
447 1357 564 1392 amplius
577 1365 586 1390 ;
601 1366 610 1383 ι
623 1357 681 1384 sive
693 1356 844 1384 secundum
856 1355 994 1391 Aquilam,
1008 1364 1017 1381 ι
1033 1354 1094 1382 Fal-

303 1402 343 1429 lar
359 1403 495 1436 multum;
526 1412 535 1428 ι
556 1402 708 1430 secundum
723 1402 846 1438 quintam
863 1402 1009 1430 editionem
1023 1402 1093 1430 dici-

302 1452 346 1475 tur
362 1448 456 1478 etiam.
484 1458 493 1473 ι
522 1447 583 1476 Non
608 1448 741 1477 movebor
757 1448 884 1484 amplius.
916 1457 925 1474 ι
954 1448 1094 1476 Consonat

301 1498 392 1522 autem
409 1495 541 1522 doctrina:
567 1495 711 1530 praesentis
729 1494 863 1523 sententia
880 1494 1029 1530 prophetiae
1050 1494 1093 1522 di-

301 1541 373 1568 centi
388 1551 394 1568 :
414 1551 423 1567 ‹
443 1540 490 1569 ναξ
502 1543 548 1577 qui
563 1542 713 1569 detrahunt
727 1546 841 1577 peccata
855 1545 885 1568 ut
901 1540 1022 1569 funiculo
1033 1541 1092 1568 lon-

299 1594 345 1622 go,
360 1592 387 1614 et
400 1588 478 1622 quasi
498 1588 612 1622 plaustri
632 1588 692 1615 loro
707 1587 824 1621 buculm,
843 1587 1002 1623 iniquitates
1016 1587 1055 1619 ";
1079 1596 1088 1613 ι

1163 300 1280 336 Ἰδιθοίιμ
1304 295 1451 336 πειρασμῷ
1479 309 1532 328 τινι
1550 302 1715 334 πεπτωκότι,
1729 302 1801 338 τάχα
1827 312 1881 331 που
1903 306 1949 333 καὶ

1156 347 1328 383 ὁλισθήματι,
1342 347 1515 374 διδασκαλίαν
1540 347 1740 385 θεραπευτικὴν
1756 349 1950 386 παραδεδωκό-

1156 401 1217 420 ναι·
1241 393 1316 425 ὅπως
1341 393 1374 420 ἀν
1390 392 1467 420 λάδοι
1484 393 1598 426 ὲαντδν,
1623 394 1671 421 καὶ
1694 394 1875 431 ἀνακτήσαιτο
1902 395 1948 422 τοῦ

1155 439 1309 474 συμῦάντος
1324 439 1398 474 αὑτῷ
1410 440 1591 475 πταίσματος.
1609 440 1748 468 Ἐδίδασκε
1773 441 1839 475 γοῦν
1864 441 1948 468 αὐτὸν

1154 485 1183 511 ὲν
1198 486 1247 521 μὲν
1261 485 1300 520 τῷ
1314 485 1353 520 λη’
1367 485 1456 521 ἑαυτῷ
1470 488 1621 522 παραινεῖνν
1634 487 1682 513 καὶ
1696 487 1764 524 πρὸς
1779 488 1878 515 ἑαυτὸν
1892 487 1948 515 δια-

1153 532 1279 566 λέγεσθαι
1294 532 1341 559 καὶ
1356 533 1447 567 λέγειν
1457 541 1464 549 ·
1483 542 1492 559 ι
1505 531 1576 560 Εἶπα
1585 541 1592 548 ·
1604 533 1717 567 Φυλάξω
1730 534 1780 566 τάς
1791 535 1870 567 ὁδούς
1885 543 1946 570 μου.

1153 578 1200 605 τοῦ
1219 579 1256 614 μὴ
1269 579 1436 615 ἁμαρτάνειν
1447 580 1476 606 ὲν
1493 579 1604 616 γλώσσῃ
1621 589 1682 615 μου,
1704 579 1822 616 Ἐθέμην
1834 581 1876 617 τῷ
1888 582 1947 610 στότ

1154 626 1220 661 ματί
1234 635 1284 661 μου
1308 626 1430 661 φυλακὴν
1441 646 1448 657 ,
1467 627 1496 652 ἐν
1507 626 1545 662 τῷ
1561 626 1691 662 συστῆναι
1717 627 1762 654 τὸν
1783 628 1947 664 ἁμαρτωλὸν

1153 671 1267 698 ἐνώπιόν
1289 680 1350 706 μου.
1361 671 1535 707 Ἐκωφώοην,
1551 672 1597 698 καὶ
1614 671 1812 708 ὲταπεινώθην,
1824 673 1873 700 καὶ
1891 673 1947 700 ἐσί-

1152 725 1225 753 γησα
1239 717 1269 751 ἐξ
1285 717 1412 752 ἀγαθῶν,
1431 717 1478 744 καὶ
1498 718 1529 744 τὸ
1539 718 1651 754 ἀλγημά
1668 727 1718 754 μου
1733 718 1921 754 ἀνεκαινίσθη,
1933 729 1943 744 ι

1152 763 1199 790 καὶ
1213 763 1247 790 τά
1261 762 1366 795 τούτοις
1373 763 1448 798 ἑξῆς.
1484 763 1530 790 Ἐν
1545 761 1586 796 οἷς
1602 761 1636 799 ἦν
1651 764 1698 790 καὶ
1716 763 1762 796 τὸ,
1778 773 1788 790 ‹
1809 764 1878 792 ’Δπδ
1891 773 1946 792 πα-

1152 808 1207 835 σῶν
1216 809 1271 836 τῶν
1286 809 1406 845 ἀνομιῶν
1420 818 1471 845 μου
1489 809 1569 845 ῥῦσαί
1589 819 1623 846 με
1634 818 1640 825 ·
1659 810 1759 842 ὄνειδος
1773 810 1874 846 ἄφρονι
1885 811 1947 838 ἔδω-

1150 856 1202 888 κάς
1222 865 1266 891 με.
1287 856 1452 892 Ἐκωςρώθην
1472 857 1519 884 καὶ
1539 856 1590 883 οὐκ
1605 856 1699 892 ἠνοιξα
1718 856 1749 884 τὺ
1770 857 1859 893 στόμα
1882 866 1946 895 μου,

1150 902 1190 928 ὅτι
1209 902 1240 928 σὺ
1263 901 1410 937 ἐποίησας·
1431 912 1440 928 ι
1462 902 1509 929 καὶ
1535 901 1635 928 πάλιν-
1664 911 1673 928 ι
1711 903 1876 938 ’Δπόστητον
1898 904 1945 930 ἀπ’

1116 945 1135 972 Β
1149 943 1217 982 ἐμοῦ
1233 947 1282 979 τὰς
1298 946 1433 982 μάστιγάς
1450 955 1507 974 σου.
1528 946 1595 974 Ἀπὸ
1606 947 1656 983 τῆς
1672 947 1763 983 ίσχύος
1779 949 1830 984 τῆς
1853 948 1945 984 χειρός

1151 1002 1197 1020 σου
1206 993 1261 1027 ἐγὼ
1269 992 1402 1025 ἐξέλιπον.
1420 1003 1429 1018 t
1443 992 1536 1020 Ταῦτα
1552 993 1600 1020 καὶ
1610 993 1644 1020 τὰ
1659 993 1771 1021 τοιαῦτα
1787 993 1946 1021 ἑδιδάσκετο

1149 1039 1238 1072 λέγειν
1265 1040 1311 1066 καὶ
1335 1039 1374 1075 τῷ
1399 1039 1460 1074 Θεῷ
1477 1039 1605 1072 τοιαύτας
1627 1040 1710 1075 εὐχὰς
1731 1040 1910 1077 ἀναπέμπειν
1930 1042 1945 1068 ὸ

1155 1085 1270 1120 Ἰδιθουμ
1284 1086 1312 1112 ἐν
1329 1085 1426 1121 ἐκείνῳ
1439 1094 1446 1100 ⁸
1465 1086 1512 1112 καὶ
1526 1086 1554 1112 ἐν
1566 1085 1606 1121 τῷ
1623 1086 1693 1122 μετὰ
1706 1087 1800 1122 χεῖρας
1810 1087 1840 1114 δὲ
1856 1087 1943 1114 ὡσαύ-

1148 1141 1201 1164 τως
1214 1133 1260 1159 τὸν
1274 1133 1356 1159 αὑτὸν
1369 1132 1453 1168 ἄνδρα
1463 1133 1477 1160 ὁ
1489 1131 1571 1160 Δαυῖδ
1581 1132 1700 1160 διδάσκει
1712 1133 1800 1169 ἑαυτῷ
1815 1134 1944 1170 προσδια-

1148 1178 1275 1213 λέγεσθαι
1293 1179 1339 1206 xu".
1356 1179 1460 1212 λέγειν’
1478 1189 1487 1205 ι
1515 1179 1583 1215 οὐχὶ
1603 1179 1642 1214 τῷ
1661 1179 1721 1215 Θεῷ
1737 1179 1943 1216 ὑποταγήσεται

1148 1227 1164 1262 ἡ
1187 1226 1260 1261 ψυχή
1287 1234 1358 1261 μους
1378 1227 1444 1263 παρ’
1461 1225 1542 1253 αὐτοῦ
1570 1225 1624 1262 γάρ
1647 1226 1678 1252 τὸ
1701 1226 1832 1262 σωτήριόν
1852 1234 1915 1261 μου.
1931 1236 1941 1251 ι

1148 1271 1278 1306 Σημαίνει
1303 1271 1481 1298 σεσαλεῦσθαι
1506 1271 1602 1304 αὑτὸν,
1622 1271 1671 1298 καί
1686 1280 1749 1299 τινα
1759 1271 1885 1308 ταραχὴν
1908 1273 1942 1308 τῇ

1146 1316 1218 1352 ψυχῇ
1238 1316 1411 1344 πεπονθέναι.
1444 1317 1520 1344 Ἐπεὶ
1542 1317 1652 1348 τοίνυν,
1674 1317 1729 1344 τῶν
1756 1318 1942 1354 πειραζόντων

1146 1361 1313 1397 ἐπιθεμένων
1335 1362 1409 1397 αὐτῷ
1421 1383 1428 1394 ,
1447 1362 1540 1397 γέγονέ
1558 1372 1600 1395 τις
1616 1363 1691 1399 αὐτῷ
1707 1363 1818 1395 ἀτονία,
1842 1363 1942 1400 ᾔσθετό

1146 1415 1175 1433 τε
1194 1407 1290 1433 ἑαυτοῦ
1312 1408 1343 1434 οὐ
1358 1409 1430 1435 κατὰ
1446 1408 1491 1435 τὸν
1505 1408 1651 1444 εἰρηκότα·
1673 1417 1681 1434 ι
1710 1408 1792 1444 Ἐμοῦ
1815 1408 1847 1436 δὲ
1864 1408 1940 1444 παρᾶ

1148 1452 1245 1488 μικρὸν
1259 1452 1446 1489 ἐσαλεύθησαν
1463 1453 1487 1480 ol
1505 1453 1584 1485 πόδες
1595 1473 1602 1485 ,
1621 1463 1630 1479 ›
1661 1453 1728 1480 ἀλλά
1755 1453 1802 1480 καὶ
1830 1453 1940 1489 ἀληθῶς

1147 1498 1321 1530 σαλευθέντος
1331 1507 1338 1514 δ
1356 1499 1514 1533 ἀναγκαίως
1523 1498 1679 1527 διδάσκεται
1691 1499 1781 1534 λέγειν
1792 1508 1800 1515 ο
1821 1509 1831 1526 ι
1847 1501 1887 1527 οὐ
1901 1501 1939 1537 μῆ

1146 1541 1268 1569 σαλευθῶ
1280 1543 1327 1569 ἐπὶ
1343 1543 1432 1571 πλεῖον
1444 1551 1450 1558 ’
1470 1552 1479 1570 t
1496 1543 1512 1579 ἢ
1531 1544 1602 1571 κατὰ
1618 1544 1662 1571 τὸν
1688 1544 1827 1572 Ἀκύλανι.
1838 1554 1848 1571 ι
1868 1545 1939 1580 Σφα-

1145 1587 1260 1624 λήσομαι
1273 1589 1392 1624 πολλήν·
1410 1599 1418 1615 ι
1434 1590 1481 1616 καὶ
1494 1590 1564 1617 κατὰ
1580 1590 1628 1626 τὴν
1645 1591 1773 1626 πέμπτην
1786 1591 1814 1617 δὲ
1833 1591 1938 1619 ἔκδοσιν

301 1635 384 1666 atque
409 1632 447 1659 illi
462 1641 468 1660 :
488 1641 498 1657 ‹
527 1632 655 1668 Nunquid
672 1632 719 1668 qui
734 1633 818 1665 cadit.
846 1639 900 1659 non
916 1636 1050 1668 resurget.
1066 1636 1092 1659 et

1144 1634 1266 1670 εἴρηται·
1284 1644 1293 1660 ι
1313 1635 1351 1662 Οὐ
1370 1635 1407 1671 μὴ
1425 1635 1546 1662 σαλευθῶ
1564 1638 1611 1663 ἐπὶ
1636 1637 1738 1664 πλεῖον.
1761 1647 1770 1663 t
1786 1637 1937 1673 Σύμφωνος

301 1677 348 1712 qui
363 1678 497 1705 avertitur
513 1685 567 1705 non
581 1678 754 1705 revertetur?
765 1677 856 1711 Quare
867 1678 1000 1706 avertitur
1014 1686 1090 1706 arer-

300 1722 378 1750 sione
402 1722 650 1758 impudenti?dicit
677 1722 808 1750 Dominus
820 1723 854 1750 θ’.
873 1732 882 1748 ι
906 1722 968 1751 Haec
990 1723 1091 1758 quippe

303 1768 395 1796 omnia
411 1768 512 1796 docent
526 1775 589 1796 eum
605 1769 652 1804 qui
672 1769 757 1796 semel
772 1769 865 1804 lapsus
878 1769 924 1802 sit,
940 1773 970 1796 ut
984 1769 1010 1796 in
1025 1776 1089 1804 pec—

299 1820 362 1844 cato
377 1823 431 1843 non
452 1820 574 1850 maneat,
597 1823 685 1851 neque
699 1815 869 1851 despondeat
890 1815 1023 1848 animum,
1042 1823 1090 1843 ne~

299 1870 352 1898 que
380 1861 541 1890 tentationis
568 1861 653 1890 [luxui
683 1869 746 1890 sese
773 1861 928 1890 dedititium
958 1862 1086 1898 praebeat.

298 1908 389 1941 Quare
401 1908 560 1936 necessario
574 1907 707 1936 edocetur
717 1907 835 1935 ldithum
850 1907 883 1935 ad
899 1907 941 1935 sui
954 1907 1086 1936 medelam

298 1955 356 1983 haec
371 1955 513 1991 proferre:
533 1959 615 1991 atque
638 1955 728 1991 primo
752 1954 786 1982 ad
807 1962 935 1990 magnum
960 1953 1088 1982 Servato-

297 2009 355 2029 rem
370 2006 397 2034 et
418 2002 572 2029 animarum
587 2001 724 2029 medicum
750 2000 918 2037 confugere;
935 1999 1088 2036 deindeque

298 2048 417 2074 animam
432 2054 511 2074 suam
528 2055 582 2074 non
598 2047 766 2079 hominibus,
784 2054 873 2082 neque
896 2050 1029 2074 terrorem
1045 2046 1088 2073 in‘

297 2092 464 2120 cutientibus
480 2093 635 2127 subjicere;
653 2093 700 2121 sed
718 2101 803 2120 unum
819 2099 948 2128 magnum
965 2092 1085 2127 judicem

296 2143 324 2168 et
347 2138 431 2166 Deum
455 2139 491 2166 ob
513 2139 608 2166 oculos
629 2146 739 2174 ponere,
764 2139 871 2174 ipsique
895 2138 946 2166 soli
965 2138 1083 2166 animam

297 2185 433 2220 subjicere
447 2192 537 2217 suam,
553 2185 723 2220 liberamque
738 2184 826 2220 ipsam
852 2184 886 2211 ab
900 2184 975 2212 omni
991 2188 1080 2212 extra-

295 2240 347 2260 neo
362 2237 436 2260 metu
454 2236 585 2260 statuere.
607 2231 790 2265 Quamobrem
806 2231 864 2258 ait:
888 2240 898 2257 ‹
917 2231 1013 2259 Nonne
1030 2230 1084 2259 Deo

294 2279 417 2314 subjecta
433 2278 486 2306 erit
515 2278 606 2305 anima
626 2285 686 2306 mea
697 2277 710 2304 ?
725 2287 734 2304 ι
753 2282 780 2305 et
792 2281 899 2305 etclera.
913 2277 963 2304 llic
973 2284 1082 2304 rursum

1141 1679 1163 1707 δ’
1180 1680 1213 1707 ἂν
1236 1680 1279 1716 εἴη
1296 1681 1309 1707 ὁ
1332 1681 1395 1713 νοῦς
1416 1682 1466 1716 τῆς
1493 1683 1678 1718 προκειμένης
1701 1682 1877 1716 διδασκαλίας
1903 1685 1935 1720 τῇ

1141 1727 1282 1762 φασκούσῃ
1309 1729 1476 1764 προφητείᾳ·
1500 1738 1509 1755 ι
1530 1728 1599 1755 Οὐαὶ
1628 1730 1653 1756 οί
1674 1729 1861 1766 ἐπισπώμενοι
1888 1730 1936 1762 τὰς

1141 1771 1277 1807 ἁμαρτίας
1291 1772 1329 1805 ὡς
1346 1774 1456 1810 σχοινίῳ
1485 1775 1594 1811 μακρῷ,
1613 1775 1660 1801 καὶ
1679 1775 1716 1807 ὡς
1732 1774 1817 1810 ζυγοῦ
1845 1776 1935 1813 ἱμάντι

1139 1817 1280 1853 δαμάλεως
1308 1819 1358 1851 τὰς
1379 1820 1493 1855 ἀνομίας
1506 1830 1512 1837 ·
1534 1830 1543 1846 ι
1561 1820 1608 1848 καὶ
1624 1821 1664 1856 τῷ
1680 1841 1686 1852 ,
1708 1830 1717 1846 ι
1741 1821 1788 1857 Μὴ
1802 1821 1934 1848 όπίπτων

1139 1863 1189 1890 οὐκ
1210 1864 1369 1897 ἀνίσταται,
1388 1866 1434 1892 καὶ
1453 1866 1467 1891 ὀ
1482 1866 1664 1902 ἀποστρέφων
1688 1866 1738 1893 οὐκ
1751 1865 1932 1902 ἀναστρέφει;

1142 1909 1201 1936 Ἵνα
1215 1909 1241 1936 τί
1257 1910 1459 1946 ἀποστρέφεται
1476 1912 1652 1948 ἀποστροφὴν
1669 1912 1776 1947 ἀναιδῆ,
1793 1911 1869 1947 λέγει
1879 1912 1934 1940 Κύ-

1140 1964 1217 1992 ριος;
1237 1966 1246 1983 ι
1265 1957 1358 1984 Πάντα
1373 1957 1428 1993 γάρ
1438 1958 1524 1985 ταῦτα
1538 1958 1658 1986 διδάσκει
1679 1959 1725 1988 τὸν
1744 1959 1818 1993 ἇπαξ
1841 1960 1933 1995 ἡμαρ‹

1136 2004 1240 2039 τηκότα
1254 2003 1291 2040 μὴ
1309 2004 1478 2040 παραμένειν
1494 2005 1534 2040 τῷ
1551 2006 1732 2042 ἁμαρτήματι
1745 2025 1753 2038 ,
1780 2006 1850 2042 μηδὲ
1866 2006 1933 2033 ἀπο-

1137 2049 1282 2084 γινώσκειν
1293 2050 1399 2082 ἑαυτὸν,
1417 2051 1482 2086 μηδὲ
1499 2051 1605 2078 ἔκδοτον
1618 2052 1748 2088 παρέχειν
1760 2051 1800 2087 τῷ
1813 2051 1862 2079 τοῦ
1875 2060 1933 2078 1w.-

1139 2094 1267 2130 ρατηρίου
1282 2094 1407 2130 ῥεύματι.
1427 2095 1472 2122 Διὸ
1486 2095 1643 2130 ἀναγκαίως
1665 2096 1822 2124 διδάσκεται
1837 2097 1854 2123 ὸ
1875 2096 1933 2124 Ἰδι-

1137 2140 1207 2177 οοὺμ
1222 2141 1333 2175 ἐπᾴδειν
1351 2141 1450 2176 ἑαυτῷ,
1470 2142 1519 2169 καὶ
1532 2142 1565 2169 τὰ
1580 2142 1750 2179 προκεὶμενα
1762 2142 1854 2178 λέγειν
1865 2151 1873 2159 ”
1887 2142 1932 2170 καὶ

1137 2186 1244 2222 πρῶτον
1263 2186 1311 2222 μὲν
1330 2188 1376 2215 ἐπὶ
1398 2187 1444 2214 τὸν
1465 2187 1551 2223 μέγαν
1565 2189 1679 2224 Σωτῆρα
1696 2188 1744 2216 καὶ
1766 2188 1821 2216 τῶν
1839 2188 1931 2225 ψυχῶν

1138 2233 1228 2269 ἰατρὸν
1247 2233 1446 2268 καταφεύγεινο
1465 2234 1560 2261 ἔπειτα
1578 2235 1739 2263 ὑποτάττειν
1760 2235 1811 2271 τὴν
1833 2234 1928 2262 ἑαυτοῦ

1134 2277 1234 2313 ψυχὴν,
1246 2278 1344 2313 μηκέτι
1360 2278 1523 2314 ἀνθρώποις,
1542 2280 1609 2315 μηδὲ
1622 2276 1676 2313 τοῖς
1692 2280 1872 2316 ὲκφοὸοὗσιν·
1885 2281 1930 2308 ἕνα

293 2326 414 2354 salutare
439 2325 572 2353 llebraica
598 2332 676 2356 voce,
703 2328 730 2352 et
755 2323 902 2359 ipsissimis
927 2323 1080 2355 elementis,

1144 2324 1162 2349 δὲ
1178 2311 1257 2359 μόνον
1268 2311 1320 2360 πρὸ
1333 2311 1479 2360 ὀφθαλμῶν
1493 2311 1606 2361 θέμενον
1620 2311 1673 2354 τὸν
1687 2311 1774 2363 μέγαν
1789 2327 1889 2364 κριτήν
1901 2334 1927 2354 τε

293 2373 371 2407 queis
386 2372 516 2400 salutaris
532 2371 618 2398 nostri
634 2370 700 2399 Jesu
715 2378 814 2398 nomen
830 2369 970 2397 scribitur.

1137 2369 1183 2396 καὶ
1201 2369 1277 2402 Θεὸν,
1294 2370 1369 2406 αὑτῷ
1389 2371 1462 2407 μόνῳ
1482 2372 1530 2408 τὴν
1546 2372 1642 2400 ἑαυτοῦ
1653 2372 1743 2409 ψυχὴν
1757 2373 1926 2404 ὑποτάττειν.

292 2418 451 2454 ἐλευθεροῦν
473 2426 503 2445 τε
528 2417 611 2453 αὐτὴν
636 2417 735 2449 παντὸς
753 2415 894 2452 ἀλλοτρίου
923 2414 1016 2451 φόϐου.
1035 2415 1080 2441 Διό
1100 2423 1181 2450 φησιν
1194 2425 1200 2431 ·
1220 2425 1230 2441 ι
1249 2417 1315 2451 Οὐχὶ
1332 2417 1372 2452 τῷ
1384 2417 1443 2452 Θεῷ
1458 2418 1661 2454 ὑποταγήσεται
1678 2419 1782 2455 ήψυχή
1816 2427 1886 2455 μους
1916 2429 1924 2445 ι

291 2464 339 2490 καὶ
349 2464 383 2490 τά
397 2465 469 2499 ἑξῆς.
480 2464 563 2492 Πάλιν
573 2464 601 2491 δὲ
612 2463 750 2490 κάνταῦθα
759 2463 788 2490 τὸ
802 2463 934 2498 σωτήριον
949 2461 1080 2497 Ἐὃραῖκῇ
1100 2463 1175 2497 φωνῇ
1194 2462 1239 2488 διὰ
1255 2462 1309 2489 τῶν
1329 2463 1418 2490 αὑτων
1436 2465 1586 2500 στοιχείων,
1620 2465 1654 2492 δι’
1689 2462 1727 2493 ὧν
1746 2465 1886 2502 γράφεται
1900 2466 1927 2493 τὸ

291 2509 337 2536 τοῦ
355 2511 489 2547 σωτηρίου
504 2511 582 2547 ἡμῶν
605 2510 692 2546 Ἰησοῦ
705 2510 801 2546 ὄνομα,
816 2510 939 2545 φέρεται.

327 2566 390 2594 llzec
410 2567 503 2602 legens
526 2568 660 2603 quispiam
682 2572 834 2603 opportune
858 2571 983 2602 qumrat:
1005 2565 1077 2600 Quid

290 2620 380 2641 causa
394 2617 436 2640 est
451 2612 523 2648 quod
538 2621 601 2640 cum
622 2613 676 2641 duo
704 2617 810 2641 tantum
838 2613 894 2641 sint
912 2623 921 2639 ι
951 2620 1001 2648 pro
1025 2611 1078 2639 ldi-

290 2660 378 2691 tltum.
398 2669 408 2685 ι
426 2659 469 2686 vel
484 2659 636 2687 secundum
653 2660 790 2695 Aquilam,
819 2669 827 2686 ι
858 2660 893 2688 de
915 2659 1044 2691 lditlium,
1065 2668 1075 2685 ι

290 2705 427 2740 inscripti,
443 2704 461 2731 ii
477 2709 566 2731 tamen
584 2713 636 2732 non
653 2710 862 2740 consequenter,
879 2705 925 2732 sed
943 2705 1023 2739 longo
1036 2704 1078 2731 in-

289 2752 404 2779 tervallo
420 2750 512 2779 dissiti
523 2750 633 2785 jaceant
649 2751 698 2786 (l).
714 2751 802 2786 Hujus
820 2751 859 2779 rei
876 2758 999 2783 causam,
1014 2757 1076 2777 eum

324 2853 346 2868 ¹⁷
367 2852 438 2880 Psal.
456 2860 571 2881 xxxvm.
586 2853 646 2880 2-5.
683 2854 872 2887 "ibid.9,10.
910 2856 932 2872 "
943 2855 1008 2884 ibid.
1024 2857 1067 2884 ll.
1085 2857 1116 2884 12

1165 2564 1292 2599 Εὐλόγως
1311 2565 1339 2592 δέ
1353 2574 1395 2598 τις
1415 2566 1543 2603 ζητήσειε
1560 2567 1666 2600 τούτοις
1682 2568 1877 2604 ἐντυγχάνων·
1897 2570 1926 2597 Ti

1129 2609 1229 2646 δήποτε
1246 2610 1334 2645 μόνων
1351 2610 1397 2638 δύο
1410 2611 1494 2639 ὅντων
1511 2612 1565 2640 τῶν
1581 2623 1590 2638 ι
1603 2613 1675 2650 ὑπὲρ
1690 2613 1738 2641 τοῦ
1751 2614 1897 2651 Ὶδιθοίιμ,ι
1910 2615 1924 2650 ἠ

1132 2667 1141 2683 ι
1155 2658 1219 2693 περὶ
1239 2657 1286 2684 τοῦ
1315 2658 1432 2694 Ἰδιθοὺμ
1447 2669 1456 2686 ι
1471 2659 1543 2686 κατά
1558 2660 1603 2687 τὸν
1623 2660 1739 2687 Ἀκύλαν
1755 2662 1923 2698 εἰρημένων,

1128 2703 1184 2730 οὒτ’
1200 2704 1300 2741 ἐφεξῆς
1315 2705 1441 2740 ἀλλήλοις
1458 2707 1563 2734 κεῖνται
1589 2707 1740 2743 ἀμφότεροι
1750 2728 1758 2739 ,
1777 2709 1886 2745 μακρὰν
1901 2707 1921 2735 δ’

1130 2751 1181 2776 ἀπε
1187 2751 1365 2786 σχοινισμένοι
1376 2752 1552 2787 τυγχάνουσι.
1567 2753 1622 2788 Τὴν
1637 2753 1666 2780 δὲ
1677 2753 1781 2781 τούτων
1793 2755 1883 2782 αἰτίαν
1895 2754 1920 2781 ἐν

1165 2857 1267 2887 “Psat.
1285 2867 1369 2893 Lxxu,
1388 2859 1414 2888 2.
1454 2860 1538 2890 "lsa.
1555 2869 1581 2894 ν,
1601 2861 1643 2888 l8.
1682 2859 1768 2889 "Jer.
1788 2860 1916 2894 rili,l.5.

323 2932 362 2965 (I)
380 2931 441 2960 llree
453 2933 592 2961 enarratio
604 2941 637 2961 ex
654 2933 795 2961 tricesimo
810 2938 908 2962 octavo
921 2935 1026 2971 psalmo
1039 2934 1152 2964 excidit.
