2064 3212
162 231 214 259 589

721 228 968 256 COMMENTARIA
984 228 1015 254 IN
1031 228 1200 256 PSALMOS.

1227 199 1267 235 (⁸1
1730 232 1782 259 59!)

161 293 217 323 τοῖς
241 289 392 327 εἰρημένοις
405 291 469 325 ἡμῖν
482 290 521 322 εἰς
540 289 584 316 τδν
595 289 646 326 λη’,
662 291 866 326 γραμματικαῖς
884 290 945 315 ἁπο-

1000 289 1033 316 de
1045 297 1150 316 nxvm
1164 293 1298 324 ageretur,
1306 288 1494 323 grammaticis
1502 289 1784 318 demonstrationibus

160 337 260 370 δείξεσι
277 337 499 372 παρεστήσαμεν.
519 336 598 363 Ἀλλὰ
615 337 660 362 καὶ
676 337 718 367 τίς
731 333 764 371 ἦν
786 337 800 362 6
820 335 947 370 Ίδιθοὺμ.

160 383 211 418 ἥδη
225 382 355 417 πρότερον
372 383 400 408 ἐν
418 381 491 417 αὐτῷ
507 381 602 417 ἐκείνῳ
613 382 812 417 δεδηλώκαμεν,
832 382 881 416 τὴν
896 382 950 409 ἀπὸ

159 427 214 454 τῶν
232 427 477 463 Παραλειπομένων
496 427 613 463 ἱστορίαν
631 428 828 464 παραθέμενοι·
855 428 887 454 δι’
915 426 949 464 ἧς

161 472 296 500 ἐδείκνυτο
311 471 351 504 εἷς
362 474 414 500 τῶν
429 473 630 508 ὲκλελεγμένων
641 474 679 505 εἰς
690 474 720 500 τὸ
734 475 816 501 αἰνεῖν
828 474 872 500 τον
883 472 949 500 Θεὸν

161 519 292 554 γεγονώς.
316 519 471 555 Γέγραπται
494 519 574 554 γοῦν·
596 529 605 545 ι
630 519 684 546 Καὶ
709 519 867 547 κατέλειπον
891 521 949 546 ἐκεῖ

159 565 281 592 ἐναντίον
288 565 336 600 τῆς
346 565 460 592 κιϐωτοῦ
475 566 524 600 τῆς
534 565 671 601 Διαθήκης
685 567 787 602 Κυρίου
800 566 846 593 τὸν
862 566 947 601 Ἀσὰφ

159 612 205 639 καὶ
220 612 282 643 τοὺς
292 611 421 645 ἀδελφοὺς
433 611 515 638 αὑτοῦ
525 611 697 647 λειτουργοὺς
711 612 829 639 ἐναντίον
840 613 889 648 τῆς
904 621 947 639 κι-

159 656 258 683 6ωτοῦ.
272 666 280 682 ι
291 657 345 683 Καὶ
361 655 423 691 ἑξῆς
439 657 555 692 εἴρηται·
571 666 580 682 ‹
595 657 682 692 Αἱμὰν
695 658 742 684 καὶ
763 657 889 692 Ίόιθοὺμ,
901 658 947 684 καὶ

158 703 184 728 οἱ
196 702 286 728 λοιποὶ
295 701 450 736 ὲκλεγέντες
463 703 505 729 ἐπ’
519 703 649 738 ὀνόματος
666 703 713 731 τοῦ
727 705 810 730 αἰνεῖν
827 704 873 730 τον
889 703 946 730 Κύ-

159 758 236 784 ριον,
261 749 302 775 ὅτι
327 750 366 780 εἰς
387 748 473 776 αἰῶνα
489 748 520 775 τδ
545 748 618 780 ἔλεος
632 749 731 776 αὑτοῦ·
754 759 763 775 ι
785 750 832 776 καὶ
846 751 925 776 πάλιν
938 759 944 765 ·

161 805 170 820 ι
192 795 260 822 Μετ’
271 795 359 821 αὐτῶν
374 795 462 830 Αἱμὰν
479 795 526 821 καὶ
545 795 671 831 Ἰδιθοὺμ,
687 796 836 830 σάλπιγγές
853 805 883 823 τε
898 797 945 823 καὶ

157 840 285 875 κύμὸαλα
302 839 348 866 τοῦ
366 841 514 874 ἀναφωνεῖν
526 860 532 871 ,
546 840 592 866 καὶ
608 840 710 875 ὄργανα
731 841 785 867 τῶν
807 841 883 876 ᾠδῶν
899 841 945 867 τοῦ

157 887 237 919 Θεοῦ,
255 887 308 913 υἱοὶ
326 887 442 922 Ίδιθοὺμ
456 887 494 918 εἰς
504 887 553 922 τὴν
567 886 654 922 πύλην
663 894 670 901 ⁵
685 896 694 912 t
710 887 756 913 καὶ
765 885 841 918 αὖθις
851 896 858 902 ·
870 897 879 912 α
891 888 946 914 Καὶ

157 932 295 968 ἔστησεν)
310 931 436 966 βασιλεὺς
450 931 530 958 Δαυῒδ
547 931 594 958 καὶ
614 933 637 958 οἱ
652 932 781 968 ἄρχοντες
800 933 849 968 τῆς
864 933 944 959 δυνὰ-

1002 335 1091 362 allatis
1104 334 1309 369 descripsimus.
1327 333 1380 360 Sed
1393 335 1474 362 etiam
1488 337 1550 371 quis
1564 343 1637 365 esset
1652 333 1782 368 ldithum.

998 380 1054 415 jam
1074 381 1168 408 eodem
1185 381 1211 408 in
1227 381 1332 416 psalmo
1345 381 1556 416 declaravimus,
1567 383 1648 410 allata
1665 385 1698 411 ad
1713 384 1784 411 hanc

1000 434 1056 453 rem
1083 417 1309 461 Paralipomenon
1337 427 1473 460 historia;
1502 435 1556 462 qua
1581 428 1783 457 demonstratur

999 479 1060 498 eum
1077 479 1093 499 e
1108 479 1223 499 numero
1237 471 1403 498 delectorum
1422 472 1455 498 ad
1470 471 1552 499 Deum
1568 473 1694 502 laudibus
1711 476 1779 502 cele-

1000 516 1135 543 brandum
1153 516 1249 544 fuisse.
1277 516 1415 552 Scriptum
1437 517 1528 552 itaque
1543 522 1607 545 est:
1634 528 1643 544 ‹
1663 519 1696 545 Et
1719 520 1780 547 reli-

998 565 1117 596 querunt
1136 562 1172 589 ibi
1187 569 1278 589 coram
1295 569 1358 589 arca
1382 561 1551 590 Testamenti
1568 563 1671 591 Domini
1691 565 1783 600 Asaph

998 612 1025 634 et
1034 607 1132 636 fratres
1141 607 1210 643 ejus,
1220 612 1248 635 ut
1257 608 1446 636 ministrarent
1455 609 1482 636 in
1492 616 1639 644 conspectu
1650 612 1758 644 arcae";
1770 621 1780 638 ι

998 661 1030 681 ac
1045 654 1175 688 deinceps
1187 654 1288 681 dicitur
1302 663 1308 681 :
1324 663 1333 679 ι
1354 654 1452 682 Eman
1466 659 1493 682 et
1510 655 1626 683 ldithum
1640 660 1667 684 et
1685 657 1782 692 reliqui

997 707 1030 727 ex
1052 699 1162 727 nomine
1175 699 1252 727 electi
1278 699 1312 726 ad
1328 700 1493 727 laudandum
1520 699 1688 728 Dominum:
1716 709 1784 739 quo-

998 746 1069 772 niam
1087 747 1112 772 in
1128 750 1259 774 :cternum
1276 746 1465 774 misericordia
1481 746 1540 781 ejus
1551 746 1606 780 ⁸δ;»
1618 754 1648 774 ac
1657 754 1782 775 rursum:
1810 746 1814 750 ’

1000 801 1009 816 ‹
1028 791 1096 818 Cum
1112 792 1180 827 ipsis
1193 792 1291 820 Eman
1303 796 1330 820 et
1341 791 1467 822 ldithum.
1486 792 1558 819 tubae
1570 798 1596 820 et
1610 793 1733 828 cymbala
1749 794 1783 821 ad

997 837 1172 872 pulsandum,
1195 842 1222 865 et
1239 838 1418 865 instrumenta
1445 837 1615 865 canticorum
1644 838 1711 866 Dei:
1734 840 1783 867 illii

997 882 1112 910 ldithum
1135 883 1162 910 in
1184 887 1260 918 porta
1272 884 1312 916 ⁶⁵;
1329 893 1338 909 ι
1353 891 1384 910 ac
1403 883 1522 910 iterum:
1543 892 1552 908 ι
1572 883 1604 910 Et
1615 885 1710 912 statuit
1735 893 1783 913 rex

999 928 1080 955 David
1103 933 1130 957 et
1152 929 1289 964 principes
1315 929 1451 956 exercitus
1476 930 1509 956 ad
1537 930 1689 957 ministeria
1712 930 1783 959 ﬁlios

159 987 232 1014 μεως
248 979 286 1010 εἰς
303 977 336 1004 τὰ
349 978 418 1014 ἔργα
428 978 490 1010 τοὺς
507 978 580 1008 υἱοὺς
607 978 692 1012 ’Λσὰφ
715 978 762 1004 καὶ
779 979 877 1013 Αὶμὰν,
900 978 945 1004 καὶ

997 975 1086 1009 Asaph
1103 979 1129 1002 et
1151 975 1249 1002 [Eman
1269 979 1296 1002 et
1312 974 1442 1006 ldithum,
1469 976 1651 1004 vociferantes
1676 977 1782 1012 Cinyra,

164 1024 291 1058 Ἰδιθοῦμ,
306 1025 369 1055 τοὺς
385 1023 641 1058 ἀποφθεγγομένους
667 1024 696 1049 ὲν
715 1023 814 1058 κινύρα
846 1024 893 1049 καὶ
918 1024 945 1049 ἐν

998 1022 1087 1049 nablis
1101 1025 1128 1049 et
1149 1022 1281 1057 cymbalis
1293 1023 1326 1048 ".
1349 1032 1358 1047 ι
1377 1021 1430 1048 Pro
1455 1022 1501 1049 illo
1520 1026 1620 1053 autem,
1640 1031 1649 1048 ι
1677 1023 1781 1051 vocife-

157 1070 270 1101 νάϐλαις
294 1070 341 1096 καὶ
365 1070 392 1096 ὲν
420 1070 582 1104 τυμπάνοις.
605 1078 613 1094 ι
644 1069 716 1095 ’Δντὶ
729 1069 757 1095 δὲ
770 1069 834 1101 τοῦ,
861 1078 870 1093 ι
885 1069 945 1100 τοὺς

997 1073 1103 1099 rantes,
1123 1077 1133 1094 ι
1152 1068 1260 1102 Aquila,
1279 1077 1289 1094 ‹
1309 1069 1466 1103 prophetas.
1485 1078 1495 1094 ι
1513 1067 1691 1104 Symmachus
1706 1076 1781 1102 vero,

156 1115 425 1151 ἀποφθεγγομένους,
442 1124 451 1140 ι
473 1116 486 1141 6
507 1115 555 1150 μὲν
578 1115 711 1147 Ἀκύλας,
733 1125 742 1140 ‹
765 1115 818 1141 τῶν
841 1123 943 1150 προφη-

155 1162 222 1192 τῶν,
245 1171 253 1187 ι
272 1163 286 1188 6
307 1161 336 1188 δὲ
351 1161 496 1197 Σύμμαχος
509 1181 516 1192 ,
529 1170 539 1186 ι
559 1160 613 1187 τῶν
634 1160 880 1197 προφητευσάντων
899 1160 944 1187 διὰ

156 1207 251 1243 λύρας,
263 1217 272 1232 ι
288 1206 426 1240 έξέδωκεψ
437 1206 506 1232 ὥστε
520 1207 662 1241 προφήτας
674 1206 725 1242 χρὴ
733 1205 853 1241 νομιζειν
865 1215 944 1241 γεγο-

156 1254 230 1281 νέναι
243 1254 305 1285 τοὺς
311 1252 499 1288 δηλουμένους.
509 1252 563 1279 Καὶ
574 1250 650 1285 αὖθις
659 1253 722 1287 ἑξῆς
732 1252 839 1288 εἴρηται
846 1252 884 1288 τῷ
892 1252 947 1279 Ἰδι-

157 1299 239 1334 θούμ”
250 1307 260 1324 ‹
273 1298 330 1324 Υἱοὶ
344 1297 469 1332 Ἰδιθοὺμ,
484 1297 622 1329 Γοδολείας
634 1298 681 1324 καὶ
690 1298 784 1333 Σουρεὶ
792 1298 946 1330 καὶΑἰείας,

157 1345 205 1371 καὶ
216 1344 334 1375 Σεδεῐας,
344 1343 522 1374 καὶΜατθίας
533 1362 540 1374 ,
555 1343 585 1375 ἒξ
604 1343 672 1378 μετὰ
684 1344 730 1370 τὸν
741 1343 847 1379 πατέρα
859 1344 948 1370 αὐτῶν

164 1389 282 1424 Ὶδιθοὺμ
297 1390 325 1415 ὲν
340 1388 463 1424 κινύραις
477 1389 697 1424 ἀνακρουόμενον..
716 1398 726 1414 ι
752 1389 823 1415 Ἀντὶ
844 1389 872 1415 δὲ
888 1389 945 1420 τοῦ,

160 1444 171 1460 ι
190 1436 220 1462 ὲν
239 1435 363 1471 κινύραις
379 1435 608 1470 ἀνακρουόμενοι,
629 1444 637 1460 ι
667 1434 748 1461 πάλιν
775 1436 788 1461 6
815 1434 945 1473 Ἀκύλας,

160 1491 170 1506 1
187 1481 286 1517 κιθάρᾳ
303 1481 479 1517 προφητεύων
492 1489 498 1495 '
515 1491 523 1506 ι
543 1482 558 1508 6
574 1481 601 1507 δὲ
618 1480 774 1516 Σύμμαχος,
789 1490 798 1506 1
810 1480 854 1506 διὰ
863 1480 947 1516 λύρας

158 1527 204 1553 τοῦ
217 1527 444 1562 προφητεύοντος,
468 1537 476 1552 9
492 1526 631 1560 ἐξέδωκεν.
658 1527 762 1553 Οὐκοῦν
785 1527 832 1553 καὶ
846 1528 861 1553 ὁ
886 1527 946 1553 ἰδι-

158 1572 229 1607 θοίιμ
243 1570 283 1604 εἷς
297 1570 330 1608 ἦν
341 1573 395 1600 τῶν
411 1572 635 1608 προφητευόντων
650 1572 694 1599 διὰ
709 1572 793 1608 λύρας
806 1580 812 1587 ’
839 1572 878 1599 διὸ
899 1572 946 1599 καὶ

157 1617 270 1650 εικότως
293 1617 364 1644 εἴποι
379 1618 411 1644 ἄν
427 1627 478 1650 τις,
501 1618 625 1644 ἐντεῦθεν
647 1618 822 1654 ὁρμώμενος.
844 1618 879 1654 μὴ
899 1618 945 1645 τὸν

157 1664 240 1692 Δαυῖδ
255 1664 382 1696 συντάξαι
401 1664 446 1690 τὸν
457 1664 573 1700 ψαλμὲν,
592 1664 639 1691 καὶ
651 1664 796 1691 δεδωκέναι
821 1664 860 1699 τῷ
883 1665 943 1691 Ἰδι-

157 1709 237 1745 θοὺμ,
256 1710 323 1746 μηδὲ
335 1711 380 1737 τὸν
408 1710 523 1745 Ίδιθοὺμ
537 1710 764 1737 ὑποπεπτωκέναι
785 1710 825 1746 τῷ
847 1719 942 1746 πειρα-

158 1756 229 1792 σμῷ,
247 1757 293 1783 καὶ
309 1756 455 1792 θεραπείας
471 1757 609 1792 δεδεῆσθαι
621 1757 670 1792 τῆς
689 1757 763 1794 παρὰ
781 1757 827 1784 τοῦ
851 1757 941 1784 Δαυῖδ.

157 1801 232 1837 Μηδὲ
243 1801 296 1837 γὰρ
310 1801 357 1836 τὴν
371 1802 481 1837 Γραφὴν
495 1801 616 1828 ὑπαίτιον
633 1810 685 1828 που
699 1802 744 1828 τὸν
758 1802 874 1837 Ἰδιθοὺμ
888 1803 944 1828 εἱσι

157 1848 253 1881 άγειν·
280 1847 336 1873 ἀλλ’
360 1846 477 1882 ἔμπαλιν
500 1846 599 1882 μᾶλλον
631 1847 676 1873 τὸν
702 1846 783 1873 Δαυῖδ
799 1845 944 1882 πειρασμῷ

156 1892 396 1928 περιπεπτωκέναι
410 1893 556 1920 διδάσκειν.
577 1893 622 1920 Διὸ
645 1894 692 1920 καὶ
714 1893 798 1928 φῆσαι
816 1893 850 1920 ἂν
874 1894 944 1920 εἰκό-

155 1947 220 1971 τως,
235 1939 376 1974 προφήτην
387 1938 451 1965 οντα
470 1938 514 1964 τὸν
536 1938 663 1974 Ὶδιθοὺμ,
687 1939 749 1970 τοὺς
768 1939 797 1965 ἐν
826 1939 944 1974 ἀμφοτέ-

157 1993 214 2020 ροις
237 1985 292 2015 τοῖς
311 1984 506 2020 προδηλωοεῖσι
524 1985 641 2020 ψαλμοῖς
668 1985 765 2019 λόγους
791 1984 941 2017 συντάξαι,

156 2029 203 2056 καὶ
225 2028 264 2063 τῷ
288 2027 368 2054 Δαυῖδ
383 2029 611 2064 παραδεδωκέναι,
634 2030 671 2062 ὡς
688 2029 722 2056 ἃν
744 2030 874 2064 ὠφελοῖτο
897 2030 944 2056 καὶ

156 2073 333 2109 θεραπεύοιτο
350 2073 379 2106 ἐξ
393 2074 483 2101 αὐτῶν
506 2075 552 2101 ἐπὶ
575 2076 632 2107 τοῖς
653 2075 727 2111 αὖτῷ
746 2075 942 2111 συμϐεϐηκόσι.

156 2120 235 2147 Δσκεῖ
250 2119 278 2146 δέ
295 2128 353 2152 πως
365 2120 451 2157 ταύτῃ
471 2122 504 2157 τῇ
518 2121 622 2156 διανοίᾳ
649 2121 848 2157 συμϐάλλεσθαι
869 2122 915 2148 καὶ
929 2122 944 2147 6

156 2165 312 2202 Σύμμαχος,
337 2168 385 2204 τὴν
407 2167 568 2203 προγραφὴν
587 2167 680 2194 τοῦτον
706 2167 876 2204 ἑρμηνεύσας
898 2169 943 2195 τὸν

155 2211 271 2246 τρόπον·
292 2220 301 2237 ι
325 2211 470 2243 Ἐπινίκιος
488 2212 532 2238 διὰ
556 2211 671 2247 Ίδιθοὺμ
684 2212 739 2248 ᾠδὴ
754 2213 793 2244 εἰς
819 2212 910 2239 Δαυῖδ.
931 2222 941 2238 ι

155 2257 211 2283 Καὶ
230 2258 335 2292 μήποτε
350 2258 419 2293 μετὰ
431 2258 461 2284 τὺ
474 2258 585 2294 σφάλμα
595 2259 625 2285 τὸ
645 2258 799 2294 ὲπισυμὸὰν
813 2258 851 2293 τῷ
863 2258 945 2285 Δαυῒδ

1001 1123 1009 1139 ι
1031 1114 1224 1148 proplietantes
1240 1114 1308 1149 lyra,
1328 1123 1337 1139 ι
1357 1114 1521 1147 ediderunt;
1541 1115 1575 1141 ita
1589 1118 1617 1142 ut
1639 1115 1781 1143 memorati

997 1160 1048 1187 viri
1075 1161 1212 1195 propheta:
1231 1160 1376 1195 repntandi
1404 1161 1467 1187 sint.
1496 1159 1670 1196 Rursumque
1696 1161 1782 1189 l'ertur

998 1205 1030 1231 de
1049 1204 1165 1231 ldithum
1182 1215 1188 1232 :
1203 1214 1212 1230 ι
1227 1205 1287 1232 Filii
1304 1205 1431 1235 ldithum.
1448 1206 1587 1238 Godolias,
1609 1207 1683 1238 Suri.
1697 1207 1781 1236 Aieas

999 1248 1100 1277 Sedeas
1115 1254 1142 1277 et
1154 1249 1289 1282 l'llattliias,
1308 1258 1355 1278 sex
1368 1254 1429 1285 post
1443 1254 1546 1285 patrem
1562 1260 1641 1279 suum
1654 1253 1780 1285 ldithum,

997 1295 1099 1330 cinyris
1113 1300 1322 1330 concrepantes.
1349 1305 1358 1321 ι
1375 1295 1427 1323 Pro
1453 1296 1500 1323 illo
1521 1301 1621 1331 autem,
1645 1307 1655 1323 ‹
1680 1298 1782 1333 cinyris

997 1346 1204 1377 concrepantes,
1225 1352 1234 1367 ι
1254 1343 1352 1377 Aquila
1368 1350 1488 1376 rursum,
1505 1352 1513 1369 ι
1537 1344 1641 1370 cithara
1664 1345 1782 1379 prophe—

996 1390 1077 1419 taus;
1106 1396 1115 1413 ι
1143 1387 1322 1422 Symmachus
1347 1395 1421 1420 vero,
1442 1397 1452 1413 ‹
1479 1389 1535 1424 lyra
1552 1389 1749 1424 prophetantis,
1768 1399 1777 1416 ι

996 1432 1092 1459 edidit.
1107 1431 1223 1459 ldithum
1246 1440 1312 1467 ergo
1326 1441 1341 1460 e
1356 1441 1470 1460 numero
1489 1434 1706 1468 prophetantium
1723 1435 1780 1471 lyra

997 1478 1067 1511 fuit;
1094 1479 1270 1514 quamobrem
1296 1479 1358 1514 jure
1383 1480 1464 1514 quis,
1494 1480 1558 1507 hinc
1589 1486 1778 1515 argumentum

996 1528 1148 1556 mutuatus,
1166 1524 1276 1556 dixerit,
1291 1525 1420 1553 Davidem
1438 1533 1488 1553 nec
1504 1527 1691 1561 composuisse
1705 1527 1780 1562 psal-

995 1568 1080 1601 mum.
1096 1578 1147 1598 nec
1162 1570 1213 1606 ipsi
1234 1570 1350 1598 ldithum
1369 1571 1534 1599 tradidisse:
1553 1580 1641 1608 neque
1662 1572 1779 1600 ldithum

996 1617 1023 1643 in
1039 1617 1215 1644 tentationem
1232 1617 1384 1652 delapsum,
1400 1622 1430 1645 ut
1446 1619 1577 1646 medelam
1595 1626 1609 1645 a
1621 1618 1721 1645 Davide
1735 1627 1780 1645 ac-

996 1662 1098 1697 ciperet
1135 1670 1203 1697 opus
1237 1663 1377 1691 habuisse.
1405 1663 1498 1699 Neque
1529 1665 1601 1692 enim
1639 1664 1779 1700 Scriptura

997 1708 1102 1742 uspiam
1123 1709 1211 1742 ipsum
1229 1708 1348 1736 ldithum
1366 1717 1442 1736 reum
1469 1709 1592 1744 inducit;
1619 1710 1673 1737 imo
1690 1711 1780 1745 potius

996 1753 1124 1781 Davidem
1151 1754 1178 1781 in
1193 1755 1371 1783 tentationem
1391 1756 1495 1791 lapsum
1511 1764 1572 1784 esse
1586 1756 1674 1784 docet.
1691 1756 1781 1790 Quare

997 1805 1179 1835 congruenter
1194 1802 1312 1833 dicatur.
1330 1803 1417 1837 ipsum
1444 1801 1574 1834 ldithum,
1599 1806 1692 1837 utpote
1716 1811 1780 1838 pro-

996 1846 1115 1881 phetam,
1131 1852 1296 1875 memoratos
1316 1848 1385 1875 duos
1402 1848 1521 1883 psalmos
1537 1849 1734 1882 composuisse.
1753 1854 1780 1876 et

997 1890 1090 1918 Davidi
1105 1892 1261 1923 tradidisse,
1278 1897 1306 1920 ut
1321 1901 1353 1920 ex
1369 1893 1403 1920 iis
1419 1894 1562 1921 utilitatem
1582 1901 1614 1920 ac
1629 1894 1778 1921 remedium

997 1937 1024 1964 in
1043 1938 1231 1966 accidentibus
1247 1939 1325 1966 malis
1342 1939 1504 1974 perciperet.
1521 1938 1589 1966 lluie
1611 1947 1691 1974 porro
1718 1947 1780 1967 sen-

997 1983 1088 2009 tentia:
1107 1983 1232 2010 conferre
1254 1983 1434 2019 Symmachus
1461 1984 1578 2016 videtur.
1605 1985 1651 2020 qui
1671 1986 1778 2012 titulum

997 2029 1047 2056 hac
1061 2029 1166 2056 ratione
1188 2030 1381 2064 interpretatus
1405 2034 1466 2058 est:
1498 2039 1507 2056 ι
1538 2030 1715 2066 Triumphale
1732 2039 1780 2067 per

996 2073 1126 2105 ldithum.
1149 2076 1285 2102 canticum
1312 2076 1497 2107 in.Davidem.
1519 2086 1528 2102 I
1544 2076 1613 2104 Num
1636 2078 1704 2104 forte
1718 2081 1779 2112 post

997 2121 1227 2156 lapsumtDavidis
1241 2129 1304 2157 erga
1329 2121 1400 2150 Uria:
1424 2131 1548 2155 uxorem,
1572 2131 1634 2150 cum
1659 2123 1778 2150 nondum

997 2171 1090 2201 posset
1104 2168 1223 2202 pristino
1239 2175 1315 2195 more
1339 2168 1513 2203 prophetare,
1532 2169 1676 2203 multaeque
1693 2173 1780 2196 tenta-

996 2213 1097 2244 tiones,
1108 2213 1330 2248 calamitatesque
1339 2213 1495 2249 frequentes
1505 2214 1649 2245 instarent,
1663 2213 1779 2240 ldithum

998 2257 1101 2293 Spiritu
1125 2263 1222 2286 sancto
1239 2259 1344 2286 atllatus
1360 2259 1409 2286 hos
1429 2260 1463 2286 ab
1488 2266 1517 2286 se
1532 2259 1697 2294 compositos
1722 2267 1780 2286 ser-

156 2302 201 2328 ὲπὶ
211 2303 244 2337 τῇ
257 2303 304 2328 τοῦ
316 2303 414 2338 Οὐρίου
427 2305 546 2337 γυναικὶ,
560 2304 658 2340 μηκέτι
669 2305 725 2331 οἴου
737 2313 766 2331 τε
780 2304 862 2331 αὑτοῦ
875 2304 945 2331 κατὰ

998 2312 1103 2334 mones.
1118 2304 1196 2339 quasi
1215 2305 1335 2332 remedia
1358 2304 1391 2330 ad
1409 2303 1541 2331 medelam
1560 2304 1656 2330 anima:
1673 2307 1778 2338 parata.

155 2347 187 2374 τὸ
199 2349 312 2375 παλαιὸν
328 2350 517 2385 προφητεύειν,
532 2351 636 2377 πολλῶν
655 2351 683 2377 δὲ
703 2350 863 2387 πειρασμῶν
877 2351 946 2377 ὲπα-

156 2394 326 2429 νισταμένων
343 2394 417 2430 αὐτῷ
429 2395 474 2421 καὶ
489 2395 635 2432 συμφορῶν
654 2395 810 2432 ἐπαλλήλων
821 2416 829 2428 ,
852 2397 866 2422 6
885 2397 947 2429 ζῐδι-

156 2437 237 2474 θοὺμ,
264 2439 403 2475 Πνεύματι
425 2440 493 2475 ἁγίῳ
509 2440 641 2473 συντάξας
661 2441 725 2473 τοὺς
747 2442 943 2477 προκειμένους

156 2483 263 2518 λόγους,
285 2484 378 2521 ὥσπερ
403 2487 464 2512 τινὰ
481 2487 615 2522 φάρμακα
645 2487 734 2522 ψυχῆς
759 2487 945 2524 θεραπευτικὰ

988 2351 1048 2387 ipsi
1061 2351 1184 2380 tradidit.
1200 2354 1229 2377 ut
1243 2358 1338 2377 eorum
1350 2350 1475 2377 doctrina
1490 2349 1617 2377 solatium
1630 2349 1781 2382 acciperet?

997 2395 1070 2424 Sane
1083 2404 1143 2422 cum
1159 2396 1192 2423 ad
1208 2403 1328 2431 przesens
1341 2399 1530 2429 argumentum
1545 2393 1614 2420 duas
1629 2392 1780 2420 sententias

995 2443 1147 2478 legentibus
1163 2442 1334 2470 attuleriiuus
1348 2460 1356 2473 ,
1375 2445 1464 2467 utram
1483 2441 1565 2467 velint
1580 2439 1716 2474 amplecti,
1732 2446 1781 2473 per

995 2495 1046 2515 nos
1065 2488 1166 2514 licebit.

156 2531 310 2558 ἐπιδίδωσιν
334 2532 422 2567 αὐτῷ,
436 2533 475 2563 είς
491 2533 521 2559 τὸ
536 2533 755 2569 παραμυθεῖσθαι
783 2535 815 2561 ἐκ
836 2534 887 2569 τῆς
912 2535 941 2561 ἐν
960 2534 1050 2566 αὐτοῖς
1069 2533 1259 2565 διδασκαλίας;
1279 2533 1334 2559 Καὶ
1354 2531 1386 2568 δὴ
1407 2531 1481 2558 δυσὶν
1511 2530 1635 2566 ἐκδοχαϊς
1668 2529 1781 2557 ἐπιϐάλ-

156 2576 248 2609 λοντες
266 2579 306 2610 εἰς
320 2579 352 2606 τὰ
366 2580 532 2615 προκείμενα
554 2582 610 2612 τοῖς
635 2581 842 2617 ἐντυγχάνουσι,
865 2581 980 2618 θατέρας
991 2581 1080 2609 αὐτῶν
1091 2581 1140 2616 τὴν
1157 2581 1262 2617 αἵρεσιν
1275 2580 1484 2616 καταλείψομεν.

195 2645 205 2662 ‹
212 2636 283 2667 Ἕως
297 2636 361 2663 πότε
370 2637 521 2664 ἐπιτίθεσθε
531 2639 573 2665 ἐπ’
583 2638 735 2674 ἄνθρωπον,
744 2639 870 2674 φονεύετε
879 2639 946 2666 πάν-

154 2689 201 2711 τες
211 2681 291 2716 ὑμεῖς
303 2689 310 2713 ;
321 2681 358 2712 ὡς
366 2682 447 2717 τοίχῳ
457 2684 606 2719 κεκλιμένῳ
616 2685 662 2711 καὶ
673 2684 792 2720 φραγμῷ
803 2684 926 2720 ὡσμένῳ,
934 2694 943 2709 ι

163 2726 305 2761 Ἐμφαίνει
316 2727 359 2753 διὰ
375 2728 475 2755 τούτων
491 2729 527 2764 μὴ
543 2729 591 2757 ἕνα
610 2730 689 2765 μόνον
709 2730 860 2766 πειρασμὸν
881 2731 946 2757 ὑπο-

158 2773 341 2808 μεμενηκέναι
355 2775 368 2800 ὁ
384 2774 474 2807 Δαυϊδ,
491 2776 551 2811 μηδ’
567 2775 662 2812 ὥσπερ
675 2777 738 2811 μίαν
752 2776 860 2812 πληγὴν
877 2776 947 2812 εἱλη‹

156 2817 236 2852 φέναι
256 2818 308 2845 ὑπὸ
321 2819 374 2845 τῶν
387 2820 555 2848 ἀντιπάλων·
573 2822 648 2853 ὡςδὲ
666 2822 711 2848 ἐπὶ
735 2822 832 2857 μακρῷ
858 2822 945 2857 χρόνῳ

157 2864 335 2899 τυπτόμενος,
355 2866 401 2891 καὶ
415 2867 556 2902 καρτερῶς
576 2867 717 2902 ὑπομένων
740 2868 789 2899 τὰς
812 2868 947 2903 ἐπαγομέ-

195 2943 218 2959 ⁶³
237 2942 246 2969 Ι
267 2942 355 2971 Paral.
375 2951 437 2977 xw,
453 2945 498 2972 '57.
536 2944 558 2960 “
578 2945 642 2972 ibid.
660 2945 704 2972 41.

1034 2639 1162 2670 νεηεμι,
1179 2639 1205 2666 5.
1226 2648 1235 2664 ι
1254 2638 1403 2673 Quousque
1416 2638 1520 2665 irruitis
1535 2637 1561 2664 in
1577 2637 1726 2668 hominem,
1741 2637 1783 2663 in-

999 2684 1125 2713 ter-licitis
1145 2686 1264 2712 universi
1286 2693 1335 2712 vos
1349 2705 1356 2716 ,
1374 2689 1503 2720 tanquam
1529 2684 1625 2719 parieti
1651 2684 1783 2711 inclinato

998 2735 1025 2759 et
1044 2731 1169 2758 maceria:
1183 2731 1311 2766 depulsae.
1340 2739 1349 2756 ι
1366 2729 1412 2758 His
1436 2730 1556 2757 declarat
1578 2729 1661 2756 David
1678 2737 1708 2756 se
1727 2736 1781 2756 non

999 2784 1080 2804 unam
1096 2784 1255 2812 perpessum
1282 2777 1469 2806 tentatiouem.
1490 2784 1578 2811 neque
1604 2783 1659 2802 uno
1682 2775 1716 2801 ab
1731 2774 1780 2801 ad-

998 2822 1127 2849 versariis
1151 2823 1225 2850 velut
1239 2825 1352 2850 vulnere
1377 2821 1556 2853 confossum,
1582 2821 1628 2848 sed
1653 2820 1782 2848 diuturno

998 2872 1119 2903 tempore
1136 2875 1296 2903 percussum
1311 2889 1318 2901 ,
1339 2876 1370 2896 ac
1395 2868 1512 2896 inflictas
1537 2868 1629 2902 plagas
1649 2872 1783 2902 patienter

743 2946 764 2961 "
780 2946 844 2972 ibid.
861 2945 905 2972 49.
944 2946 966 2961 ⁸⁸
982 2946 990 2971 1
1009 2945 1096 2972 l'aral.
1116 2954 1176 2976 xxv.
1196 2945 1219 2973 l.
