2041 3215
261 216 307 244 591

607 211 742 243 E'US'EBII
761 209 1001 239 (Z/ESARIENSIS
1020 209 1095 237 OPP.
1119 209 1207 237 PARS
1226 207 1267 236 ΙΙΙ.
1289 223 1322 228 ——
1341 206 1545 234 EXEGETICA.

1827 205 1881 234 592

260 276 408 305 ferentem,
446 274 581 301 credentes
615 272 715 299 talibus
745 270 825 297 dictis
860 269 1040 303 compellare:

1110 276 1142 299 ας
1159 266 1232 301 αὐτῷ
1247 265 1363 300 πληγὰς.
1386 264 1500 298 φάσκειν
1519 264 1574 295 τοῖς
1598 263 1754 289 τύπτουσιν
1772 270 1784 287 1
1807 262 1880 293 Ἕως

261 330 272 346 1
290 320 438 354 Quousque
451 319 557 346 irruitis
570 318 596 345 in
610 317 747 344 horninem
761 317 772 341 ?
788 325 797 341 ι
812 315 878 345 sive.
892 313 1041 341 secundum

259 366 394 401 Aquilam.
414 374 423 390 1
442 353 591 399 Quousque
605 361 790 390 insidiamiui?
802 371 811 386 ι
824 360 876 391 vel,
894 360 1041 387 secundum

259 413 465 449 Symmachum,
484 421 493 437 1
514 410 664 444 Quousque
678 409 705 435 in
719 415 817 434 vamun
832 406 1013 434 laborabitis?
1031 416 1039 431 ι

259 457 361 484 Ιεῖκὶιιόε
379 456 570 484 insidiatorum
594 461 711 489 arguens
736 453 916 488 propositum,
936 451 1018 478 infert
1034 460 1041 477 :

260 514 269 530 1
298 503 456 531 lnterticitis
478 501 599 530 universi
628 509 686 529 vos.
718 511 727 526 ι
756 499 912 531 Homicida,
944 498 1042 533 inquit,

258 551 326 578 estis
342 560 349 578 :
367 558 456 585 neque
474 553 569 576 contra
585 548 713 575 athletam
731 547 809 582 quasi
828 545 977 573 adversarii
989 549 1044 571 sta-

259 594 500 632 tariam‘pugnam
535 595 570 621 ad
598 593 820 621 exercitationem
855 590 1042 622 committitis;

260 642 307 670 sed
327 642 470 670 occidendi
487 640 578 669 studio
595 640 623 667 in
646 647 688 666 me
712 638 828 669 irruitis,
846 642 873 665 et
888 640 917 664 ut
944 635 1046 663 auxilio

261 696 388 721 vacuum,
411 692 440 715 ut
457 694 565 713 murum
589 685 644 720 jam
668 684 826 711 inclinatum
849 686 877 710 et
902 681 1045 709 maceriem

261 737 414 771 depulsam,
429 733 618 770 aggredimini.
631 731 698 758 Nam
715 731 793 766 quasi
806 729 914 757 nemine
928 729 1047 756 circum-

261 783 379 809 vallante
393 787 440 808 aut
463 780 614 811 muniente,
639 778 811 812 animamque
826 783 914 803 meam
929 778 1046 807 tutante,

262 830 299 857 ita
318 830 433 856 irruitis.
451 828 599 862 Quousque
616 825 699 860 igitur
713 824 770 851 haec
781 823 882 851 frustra
896 821 1046 853 tentabitis,

262 883 351 911 neque
363 874 518 905 cessabitis,
537 873 654 901 scientes
670 871 809 898 invenisse
825 877 868 896 me
881 868 1047 903 praesidium,

263 920 405 948 custodem
435 927 467 946 ae
497 917 688 947 servatorem?
713 915 802 949 Quare
832 915 944 942 fidenter
968 913 1047 940 dixi:

267 977 275 991 α
294 966 389 993 Nonne
413 966 467 993 Deo
484 964 609 999 subjecta
632 963 685 990 erit
708 962 799 989 anima
824 960 906 987 mea?
928 960 962 986 ab
990 960 1050 994 ipso

264 1014 336 1039 enim
352 1013 470 1039 salutare
485 1017 587 1038 meum.
603 1008 671 1036 Nam
689 1011 716 1035 et
747 1007 805 1042 ipse
831 1006 904 1034 Deus
928 1013 1005 1033 meus
1025 1008 1052 1032 et

265 1058 391 1084 Salvator
422 1064 520 1088 meus,
550 1057 693 1088 susceptor
720 1060 810 1083 meus,
840 1059 896 1078 non
923 1051 1052 1078 movebor

266 1104 393 1139 amplius.
408 1102 604 1130 Verumtamen
627 1098 745 1134 pretium
760 1105 849 1125 meum
866 1097 1053 1133 cogitaverunt

266 1148 409 1183 repellere,
427 1149 611 1174 cucurrerunt
638 1144 666 1171 in
689 1143 745 1174 siti,
771 1150 819 1170 ore
844 1150 894 1170 suo
910 1142 1055 1169 benedice-

266 1194 349 1226 hant,
379 1197 406 1220 et
429 1191 512 1219 corde
540 1198 591 1218 suo
619 1188 827 1217 maledicebant.
860 1187 1022 1222 Diapsalma.
1043 1198 1051 1213 ο

267 1239 362 1266 Priora
385 1237 496 1273 quidem
512 1236 570 1264 sive
587 1235 672 1261 David
688 1234 746 1261 sive
770 1233 888 1261 ldithum
913 1241 974 1260 sese
988 1233 1056 1260 allo-

268 1292 357 1320 quens
373 1284 458 1316 dixit;
472 1281 592 1310 secunda
607 1279 734 1307 inimicos
746 1279 913 1314 compellans
926 1279 1054 1314 protulit;

268 1331 351 1358 tertia
366 1338 400 1358 ex
414 1327 562 1364 propositis
583 1326 673 1353 verbis
696 1333 747 1352 nos
762 1325 877 1352 edocent
893 1332 947 1359 quo
962 1324 1057 1352 consi-

268 1377 305 1403 lio
330 1373 446 1403 insidias
471 1374 523 1409 ipsi
549 1373 673 1408 pararint
698 1372 897 1405 conjuratores.
922 1370 1056 1403 Quocirca

268 1422 356 1449 dicit:
376 1430 386 1447 1
407 1419 602 1447 Verumtamen
619 1418 738 1454 pretium
761 1425 852 1445 meum
869 1417 1058 1452 cogitaverunt

270 1467 412 1505 repellere.
443 1475 452 1492 ι
472 1466 569 1493 Omnia
587 1465 688 1500 quippe
703 1471 798 1492 eorum
813 1463 963 1494 molimina,
978 1470 1058 1489 omne

271 1513 429 1545 consilium,
456 1519 510 1539 non
535 1511 589 1538 alio
615 1511 785 1546 spectabant,
801 1517 882 1545 quam
906 1513 935 1536 ut
959 1516 1001 1536 me
1024 1508 1059 1535 ab

274 1560 376 1587 honore
396 1566 450 1593 quo
466 1558 538 1593 apud
554 1557 638 1584 Deum
655 1557 804 1592 gaudebam
830 1555 1017 1587 deturbarent,
1033 1559 1059 1582 et

271 1606 388 1640 pristina
407 1612 466 1631 mea
482 1605 568 1639 gloria
583 1604 743 1639 spoliarent.
762 1602 830 1630 llinc
852 1602 967 1629 consilio
992 1602 1058 1629 inito

271 1656 300 1678 ut
313 1651 443 1677 honorem
455 1657 487 1677 ac
500 1650 617 1684 pretium
631 1650 696 1677 mihi
712 1649 861 1681 auferrent,
877 1652 1059 1676 cucurrerunt

273 1698 300 1724 in
316 1697 372 1728 siti,
388 1703 476 1723 meam
491 1702 604 1722 cernere
620 1695 769 1729 perniciem
789 1695 925 1723 sitientes.
944 1694 997 1721 Pro
1013 1694 1060 1721 illo

273 1745 376 1774 autem,
389 1750 397 1767 1
411 1741 438 1768 in
448 1741 505 1773 siti,
519 1750 528 1766 1
543 1741 667 1776 Aquila,1
678 1741 707 1767 in
718 1741 844 1772 fallacia;
858 1750 866 1765 ι
880 1740 1061 1776 Symmachus

270 1787 394 1820 vero,1in
403 1787 561 1820 mendacio;
574 1796 582 1812 ι
595 1787 689 1822 quinta
697 1787 791 1818 editio,
804 1796 812 1812 1
820 1787 846 1813 in
856 1786 941 1818 falso;
954 1795 962 1811 ι
973 1786 1061 1814 etalia

273 1833 338 1860 item
353 1832 446 1864 editio,
458 1841 467 1855 ι
481 1832 507 1859 in
524 1832 598 1865 dolo,
613 1842 622 1858 ι
642 1832 811 1867 interpretati
824 1836 898 1859 sunt.
908 1830 1061 1858 Verisimile

273 1879 364 1914 itaque
380 1884 423 1907 est
437 1879 464 1906 in
478 1884 574 1907 nostra
584 1887 693 1915 quoque
714 1879 830 1906 lectione
842 1878 960 1913 positum
971 1877 1061 1913 primo

274 1925 370 1958 fuisse,
382 1935 390 1951 1
403 1925 430 1952 in
439 1925 590 1955 mendacio.
599 1935 607 1950 ι
621 1925 657 1951 ita
667 1924 866 1956 utdiceretur,1
879 1927 1062 1951 cucurrerunt

274 1973 303 2000 in
318 1972 460 2000 mendacio
474 1982 482 2006 ;
507 1982 516 1998 ι
535 1972 561 1999 id
573 1976 626 2004 est,
638 1971 742 1998 inimici
759 1975 786 1998 et
803 1971 979 1998 insidiatores
997 1971 1060 2002 mei,

273 2026 330 2046 non
345 2018 415 2045 duce
435 2018 561 2051 veritate,
582 2017 631 2045 sed
651 2025 714 2044 cum
736 2024 797 2044 sese
826 2021 897 2044 totos
920 2016 1062 2043 mendacio

274 2063 463 2096 tradidissent,
480 2071 594 2090 cursum
611 2067 638 2090 et
667 2063 787 2090 studiutn
803 2070 883 2090 suum
899 2068 994 2089 contra
1019 2069 1063 2089 me

274 2110 453 2137 direxerunt:
486 2109 535 2136 sed
570 2109 748 2143 sequentibus
781 2109 948 2142 temporibus
985 2108 1062 2143 lapsu

274 2155 416 2191 graphico,
430 2162 478 2190 pro
494 2155 583 2187 illo,tv
594 2154 696 2189 ψεύδει,
706 2154 732 2181 id
756 2159 799 2182 est
816 2163 825 2179 1
842 2155 869 2181 in
885 2154 1035 2187 mendacio,
1051 2163 1060 2179 ι

275 2202 304 2227 tv
317 2199 398 2235 δίψει,
414 2200 441 2227 id
455 2203 497 2227 est
516 2208 524 2225 1
544 2200 571 2226 in
589 2199 635 2227 siti
654 2208 663 2224 ι
678 2200 796 2233 positum
811 2199 905 2226 fuisse.
922 2199 1063 2232 Quomodo

275 2250 365 2273 autem
397 2244 569 2273 insidiatores
604 2244 642 2272 illi
676 2250 819 2271 currerent
851 2245 879 2271 in
905 2245 1058 2277 mendacio,

1097 314 1161 340 πότε
1173 311 1325 338 ἐπιτίθεσθε
1340 310 1382 336 ἐπ’
1395 309 1553 345 ἄνθρωπον;
1576 319 1585 334 ι
1602 309 1618 343 ἦ
1636 309 1705 336 κατὰ
1723 307 1768 335 τὸν
1799 308 1880 334 ’Δκύσ

1096 359 1157 386 λαν·
1171 367 1180 383 1
1196 358 1268 389 Ἕως
1287 356 1358 388 τίνος
1371 355 1557 382 ἐπιϐουλεύετε
1570 363 1578 387 ;
1594 365 1603 380 ι
1625 355 1642 390 ἢ
1654 354 1723 382 κατὰ
1744 354 1790 380 τὸν
1809 353 1881 389 Σύμ-

1098 413 1181 439 μαχον
1193 412 1200 418 ⁸
1213 404 1300 434 ιἚως
1313 401 1385 432 τίνος
1400 400 1629 436 ματαιοπονήσετε
1640 408 1663 432 ;ι
1678 397 1745 426 Εἶτα.
1761 398 1810 434 τὴν
1820 406 1882 434 προ-

1097 451 1202 486 αίρεσιν
1220 448 1273 476 τῶν
1287 446 1513 474 ἐπιϐουλευόντων
1538 445 1612 480 αὐτῷ
1632 444 1775 479 διελέγχων
1794 444 1880 479 φησι·

1099 506 1108 521 1
1125 495 1252 522 ﬁlms-Jac:
1269 493 1369 524 πάντες
1380 492 1468 526 ὑμεῖς.
1487 501 1495 517 ι
1511 491 1639 518 Φονευταὶ
1649 490 1703 526 γάρ
1713 491 1785 522 ἐστε,
1804 488 1880 524 φησί·

1098 542 1144 568 καὶ
1160 542 1209 576 οὑχ
1225 541 1319 577 ὥσπερ
1330 540 1527 574 ἀνταγωνισταὶ
1541 538 1608 573 πρὸς
1619 536 1736 572 ἀθλητὴν
1745 536 1883 572 ἱστάμενα

1100 588 1179 623 μέχρι
1196 587 1345 622 γυμνασίου
1361 586 1494 613 ποιεῖσθαι
1502 585 1552 621 τὴν
1564 583 1679 620 ἆμιλλαν
1688 591 1696 598 ·
1707 582 1775 609 ἀλλὰ
1786 582 1883 617 (povth

1099 634 1259 669 προαιρέσει
1273 632 1425 659 ἐπιτίθεσθε
1439 641 1494 667 μοι,
1510 631 1556 657 καὶ
1573 628 1726 657 ἐπιτίθεσθε
1740 628 1778 660 ὡς
1799 627 1882 664 ἀϐοη-

1099 679 1182 715 θήτῳ,
1201 679 1247 705 καὶ
1258 678 1296 710 ὡς
1313 678 1361 713 ἥδη
1379 677 1530 712 κεκλιμένῳ
1544 675 1625 711 τοίχῳ
1639 674 1685 701 καὶ
1713 672 1834 710 φραγμῷ
1849 672 1884 699 ὼ-

1101 725 1200 760 σμένῳ.
1222 724 1265 756 Ὠς
1276 724 1330 759 γὰρ
1345 723 1456 759 μηδενὸς
1467 722 1696 758 περιφράττοντος
1719 720 1787 756 μηδὲ
1805 728 1884 754 περι-

1101 771 1261 807 τειχίζοντος
1273 771 1320 797 καὶ
1336 770 1384 805 τὴν
1400 768 1468 805 ἐμὴν
1480 766 1662 804 φρουροῦντος
1678 765 1783 802 ψυχὴν,
1798 763 1886 796 οὕτως

1101 817 1264 845 ἐπιτίθεσθε.
1286 817 1358 848 Ἕως
1372 814 1417 842 οὖν
1446 815 1510 841 πότε
1531 814 1617 841 ταῦτα
1643 811 1885 848 ματαιοπονήσετε,

1102 865 1148 891 καὶ
1164 865 1223 899 οὐχὶ
1238 863 1375 890 παύσεσθε
1399 862 1502 893 λοιπὸν,
1532 860 1652 895 γνόντες,
1679 859 1720 886 ᾶτι
1736 854 1815 893 εὖρον
1836 857 1888 892 τὴν

1102 910 1220 946 ἐμαυτοῦ
1237 910 1369 944 φυλακὴν,
1384 909 1431 935 καὶ
1451 908 1496 934 τὸν
1507 906 1626 943 ἐμαυτοῦ
1644 905 1761 942 φρουρὸν
1775 904 1824 931 καὶ
1836 904 1889 930 Σω-

1065 953 1086 981 Β
1100 956 1169 992 τῆρα
1182 965 1189 989 ;
1212 956 1258 982 Διὸ
1272 956 1411 991 ἐϐάρσησα
1434 955 1516 988 φάναι
1530 962 1536 968 ’
1557 962 1566 978 1
1583 952 1650 988 Οὐχὶ
1661 951 1701 987 τῷ
1714 950 1773 986 θεῷ
1788 950 1889 976 ὑποτα-

1102 1002 1214 1037 γήσεται
1230 1002 1246 1036 ὴ
1265 1000 1336 1036 ψυχή
1355 1009 1424 1036 μους
1451 999 1516 1034 παρ’
1540 997 1621 1024 αὑτοῦ
1637 996 1691 1033 γὰρ
1706 996 1737 1023 τὸ
1755 994 1889 1031 σωτήριόν

1104 1056 1165 1083 μου.
1181 1048 1235 1074 Καὶ
1248 1047 1302 1083 γὰρ
1316 1046 1396 1078 αὐτὸς
1409 1045 1476 1077 Θεός
1490 1054 1540 1081 μου
1557 1044 1605 1071 καὶ
1618 1043 1714 1078 Σωτήρ
1729 1050 1792 1077 μου,
1816 1042 1890 1068 ἀντι-

1103 1095 1215 1130 λήπτωρ
1238 1102 1298 1129 μου,
1323 1094 1352 1120 οὐ
1369 1093 1406 1128 μὴ
1435 1091 1557 1119 σαλευθῶ
1574 1091 1620 1117 ἐπὶ
1633 1089 1734 1116 πλεῖον.
1753 1087 1828 1123 Πλὴν
1840 1087 1890 1123 τὴν

1103 1141 1186 1176 τιμήν
1204 1149 1254 1176 μου
1274 1139 1466 1166 ἐϐουλεύσαντο
1487 1137 1663 1169 ἀπώσασθαι,
1676 1136 1792 1172 ἔδραμον
1807 1135 1838 1160 ἐν
1853 1133 1891 1160 δὶ-

1104 1188 1163 1223 ψειο
1182 1187 1221 1222 τῷ
1236 1188 1347 1221 στόματι
1364 1185 1453 1212 αὐτῶν
1465 1184 1601 1218 εὐλόγουν,
1621 1183 1668 1209 καὶ
1681 1183 1715 1217 τῇ
1729 1180 1829 1217 καρδίᾳ
1844 1179 1892 1206 αὑ-

1105 1233 1158 1260 τῶν
1172 1231 1339 1267 κατηρῶντο.
1361 1229 1514 1265 Διάψαλμα.
1537 1239 1545 1255 ι
1565 1228 1605 1255 Τὰ
1630 1228 1679 1263 μὲν
1694 1226 1790 1262 πρῶτα
1810 1224 1892 1257 aint;

1106 1278 1193 1314 ἐαυτῷ
1208 1279 1266 1313 ἦτοι
1279 1276 1397 1311 Δαυῒδ,ἢ
1418 1275 1535 1310 Ἰδιῢοὺμ
1551 1274 1712 1301 διείλεκται·
1735 1272 1771 1299 τὰ
1785 1272 1815 1299 δὲ
1829 1270 1893 1299 δεύ-

1106 1333 1172 1359 τερα
1188 1323 1256 1359 πρὸς
1268 1323 1331 1354 τοὺς
1342 1321 1454 1357 ἐχθροὺς
1469 1319 1642 1346 ἀπετείνατο·
1657 1319 1691 1346 τὰ
1707 1319 1735 1345 δέ
1755 1317 1836 1354 τρίτα
1849 1316 1894 1344 διὰ

1105 1370 1159 1396 τῶν
1174 1368 1360 1405 προκειμένων
1375 1367 1447 1403 ἡμᾶς
1461 1366 1590 1397 διδάσκει,
1601 1365 1692 1392 τίποτε
1707 1363 1894 1399 βουλευόμενοι

1106 1419 1130 1444 οἱ
1139 1415 1367 1446 ἐπιϐουλεύοντες
1380 1413 1454 1449 αὐτῷ
1466 1414 1515 1449 τὴν
1529 1411 1673 1447 ἐπιϐουλὴν
1681 1408 1893 1442 κατεσκεύαζον.

1107 1463 1152 1490 Διό
1168 1470 1248 1498 φησι’
1269 1471 1277 1487 1
1295 1461 1368 1496 Πλὴν
1382 1460 1429 1496 τὴν
1446 1460 1527 1495 τιμήν
1543 1467 1594 1495 μου
1611 1457 1804 1485 ἐϐουλεύσαντο
1819 1455 1895 1482 ἀπώ-

1109 1508 1247 1536 σασθαι..)
1271 1508 1304 1533 'H
1320 1507 1374 1542 γὰρ
1388 1507 1463 1532 πᾶσα
1485 1505 1580 1540 σκέψις
1604 1503 1693 1531 αὐτῶν
1711 1503 1758 1529 καὶ
1778 1503 1795 1538 ἡ
1814 1501 1895 1537 βουλὴ

1108 1555 1183 1583 οὐδὲν
1195 1555 1298 1591 ἕτερον,
1316 1553 1407 1589 φησὶν,
1427 1553 1443 1587 ἢ
1463 1551 1625 1579 καταϐαλεῖν
1641 1559 1674 1585 με
1696 1549 1747 1584 τῆς
1767 1547 1844 1585 παρὰ
1857 1548 1896 1583 τῷ

1109 1601 1169 1636 Θεῷ
1181 1601 1274 1636 τιμῆς,
1287 1600 1334 1626 καὶ
1347 1599 1488 1634 γυμνῶσαι
1500 1598 1549 1633 τῆς
1563 1597 1641 1632 δόξης
1656 1594 1690 1633 ἦς
1708 1594 1779 1631 εἶχον
1797 1595 1897 1630 πρότε-

1112 1655 1156 1682 ρον
1170 1644 1342 1677 ἐσπούδαζον.
1357 1641 1422 1671 Εἶτα
1439 1643 1647 1679 βουλευσάμενοι
1666 1640 1767 1676 ταύτην
1786 1639 1896 1676 μουτὴν

1109 1692 1191 1727 τιμὴν
1215 1691 1358 1726 περιελεῖν,
1386 1690 1502 1726 ἔδραμον
1522 1690 1551 1716 tv
1571 1688 1641 1723 δίψει
1663 1687 1712 1723 τὴν
1733 1687 1804 1722 ἐμὴν
1819 1685 1897 1713 ἀπώ-

1110 1737 1184 1764 λειαν
1204 1736 1352 1764 θεάσασθαι
1370 1735 1510 1770 διψῶντες.
1538 1734 1610 1760 Ἀντὶ
1622 1733 1650 1760 δὲ
1665 1732 1723 1764 τοῦ,
1740 1741 1750 1757 1
1763 1733 1793 1759 tv
1813 1731 1898 1767 δίψει,

1111 1786 1139 1812 ἐν
1155 1784 1347 1819 διαψεύσματι.
1366 1793 1375 1808 ι
1394 1784 1407 1809 ὁ
1430 1781 1558 1813 Ἀκύλας·
1576 1781 1590 1807 ὁ
1612 1780 1640 1807 δὲ
1655 1779 1811 1815 Σύμμαχος,
1838 1787 1848 1804 1
1868 1777 1899 1804 ἐν

1110 1831 1264 1867 ψεύσματι-
1288 1830 1330 1865 νὴ
1346 1829 1375 1856 δὲ
1390 1829 1503 1864 πέμπτη
1518 1826 1634 1858 ἓκδοσις,
1648 1835 1657 1851 1
1670 1826 1698 1851 tv
1709 1824 1818 1860 ψεύδει·
1832 1823 1899 1850 »καὶ

1112 1877 1192 1905 πάλιν
1210 1877 1291 1912 ἑτέρα
1309 1876 1413 1907 ἔκδοσις
1425 1895 1432 1906 ,
1449 1885 1458 1901 1
1473 1876 1502 1901 tv
1517 1874 1594 1909 δόλῳ,
1615 1882 1624 1897 ι
1645 1872 1832 1908 ἡρμήνευσαν.
1851 1870 1898 1896 Εἱ-

1112 1924 1159 1955 κος
1173 1921 1219 1950 οὖν
1234 1923 1281 1950 καὶ
1296 1924 1325 1949 ἐν
1337 1923 1370 1958 τῇ
1383 1921 1443 1948 καθ’
1460 1921 1533 1956 ἡμᾶς
1544 1919 1696 1953 ἀναγνώσει
1715 1917 1822 1944 κεῖσθαι
1849 1915 1899 1952 μὲν

1112 1970 1244 2005 πρότερον
1269 1969 1300 1994 τὸ
1314 1990 1321 2001 ,
1341 1978 1350 1994 1
1370 1969 1399 1994 ὲν
1413 1967 1526 2002 ψεύδει,
1550 1976 1558 1992 ι
1580 1966 1613 1992 ἵν’
1679 1963 1711 1990 τὸ
1734 1963 1897 1999 λεγόμενον·

1115 2026 1124 2042 1
1146 2016 1282 2052 Ἐδραμον
1294 2016 1323 2041 tv
1339 2014 1445 2049 ψεύδει’
1466 2023 1475 2039 ι
1495 2012 1632 2039 τουτέστιν
1643 2012 1667 2038 οἱ
1681 2009 1773 2046 ἐχθροί
1791 2017 1842 2045 μου
1853 2008 1899 2035 καὶ

1112 2062 1137 2088 οἱ
1151 2061 1382 2092 ἐπιϐουλεύοντες,
1400 2060 1431 2086 οὺ
1444 2059 1492 2086 σὺν
1503 2058 1616 2093 ἀληθεία
1629 2058 1674 2084 τὸν
1687 2057 1747 2083 κατ’
1761 2055 1829 2091 ἐμοῦ
1838 2054 1899 2091 δρό-

1115 2117 1163 2144 μον
1178 2108 1225 2134 κα¹ι
1242 2108 1291 2143 τὴν
1308 2107 1369 2133 κατ’
1386 2105 1453 2141 ἐμοῦ
1473 2104 1589 2140 σπουδὴν
1607 2101 1763 2133 ἐποιοῦντο,
1780 2101 1857 2134 ὅλους
1871 2100 1900 2128 δι

1113 2153 1212 2185 αὐτοὺς
1225 2152 1264 2187 τῷ
1280 2151 1370 2187 ψεύδει
1393 2151 1558 2187 παραδόντες
1568 2158 1574 2164 ·
1594 2149 1706 2184 σφάλμα
1724 2148 1754 2175 δὲ
1765 2147 1901 2184 γραφικδν

1114 2198 1254 2233 γεγονέναι
1267 2199 1295 2224 tv
1310 2199 1365 2229 τοῖς
1382 2197 1450 2232 μετὰ
1468 2195 1553 2223 ταῦτα
1571 2194 1669 2230 συνέϐη
1687 2193 1794 2230 χρόνοις
1805 2213 1813 2226 ,
1831 2192 1900 2220 ὥστε

1115 2244 1174 2270 ἀντὶ
1189 2243 1246 2275 τοῦ,
1266 2253 1275 2268 1
1290 2243 1319 2269 tv
1335 2242 1437 2277 ψεύδει,
1454 2243 1482 2268 tv
1507 2241 1578 2277 δίψει
1599 2251 1608 2267 ι
1634 2241 1782 2276 γραφῆναι.
1799 2239 1862 2271 Πῶς
1873 2238 1901 2265 δέ

275 2292 328 2320 sub
345 2292 402 2320 haec
418 2292 536 2327 explicat
553 2290 666 2318 dicens:
693 2300 702 2316 1
722 2291 775 2318 Ore
791 2298 841 2318 suo
866 2291 1055 2318 benedicebanl

1114 2289 1272 2325 ψευδόμενοι
1290 2289 1314 2315 οἱ
1333 2287 1552 2319 ἐπιϐουλεύοντες
1571 2286 1686 2322 ἔδραμον
1699 2305 1707 2318 ,
1729 2283 1901 2321 διερμηνεύει

274 2343 304 2367 et
319 2338 402 2366 corde
424 2346 474 2366 suo
490 2337 698 2365 maledicebant.
723 2346 731 2362 ι
756 2336 823 2364 Cum
848 2336 955 2364 fallacia
971 2337 1063 2364 molli-

276 2385 328 2413 bus
350 2385 500 2412 utebantur
520 2383 612 2416 dictis,
631 2387 660 2410 ut
686 2390 729 2410 me
755 2383 909 2410 incscarent
922 2387 949 2410 et
972 2384 1064 2411 abilla

275 2438 338 2458 cum
356 2430 408 2458 Deo
432 2431 551 2458 statione
575 2430 771 2458 deturbarent:
798 2437 883 2464 quare
905 2429 1065 2457 benedicere

276 2476 440 2503 videbantur
454 2477 481 2503 in
500 2476 579 2507 facie,
603 2484 700 2511 meque
716 2475 827 2503 laudare
850 2479 876 2502 et
891 2474 1042 2510 approbare
1056 2485 1064 2508 ;

277 2522 326 2549 sed
341 2529 419 2549 mens
432 2530 526 2549 eorum
547 2523 621 2550 intus
637 2521 877 2549 maledictionibus
900 2521 1064 2556 rcplebatur,

278 2567 357 2602 queis
371 2575 414 2594 me
431 2567 534 2595 honore
557 2568 694 2603 depellere
715 2572 742 2595 et
766 2568 793 2594 in
808 2567 981 2594 tnaledictum
997 2567 1065 2602 deji-

277 2621 340 2641 cere
354 2614 524 2648 satagebant.
541 2613 589 2642 llis
605 2618 695 2641 autent
712 2613 852 2645 docemur,
868 2618 1001 2649 quotquot
1018 2614 1065 2640 Dci

279 2660 435 2687 hominibus
452 2660 625 2692 insidiantur,
644 2660 711 2687 nihil
728 2660 800 2687 aliud
817 2668 924 2693 curare,
940 2669 1022 2696 quam
1037 2665 1066 2688 ut

279 2706 354 2741 ipsos
370 2713 414 2737 eo,
430 2706 476 2740 qui
492 2706 564 2741 apud
581 2705 665 2733 Deum
679 2711 732 2739 est,
749 2706 852 2734 honore
866 2712 976 2734 exuant.

316 2831 399 2859 Vsus.
415 2831 473 2859 6-9
516 2841 524 2857 1
541 2831 735 2860 Verumtamen
765 2833 819 2860 Deo
847 2834 969 2868 subjecta
995 2838 1064 2868 esto,

279 2879 370 2904 anima
388 2885 458 2908 mea,
477 2878 606 2912 quoniam
622 2878 656 2905 ab
675 2879 735 2914 ipso
756 2879 886 2914 patientia
904 2887 973 2906 mea.
999 2879 1064 2907 Nam

280 2925 339 2960 ipse
352 2923 422 2953 Deus
435 2932 512 2952 meus
528 2929 554 2953 et
571 2923 697 2953 Salvator
707 2933 784 2954 meus
796 2935 803 2953 :
817 2926 959 2962 susceptor
990 2936 1066 2956 meus

1114 2335 1200 2370 λέγων
1212 2335 1277 2370 ἑξῆς
1288 2343 1295 2349 ·
1317 2343 1326 2359 1
1346 2333 1391 2369 Τῷ
1408 2333 1522 2368 στόματι
1537 2332 1626 2359 αὐτῶν
1640 2331 1768 2366 εὐλόγουν
1780 2351 1788 2363 ,
1804 2331 1851 2358 καὶ
1867 2331 1901 2366 τῇ

1115 2379 1214 2421 καρδίᾳ
1228 2378 1317 2406 αὐτῶν
1332 2378 1498 2413 κατηρῶντο.
1519 2386 1528 2402 ι
1552 2376 1722 2407 Ἀπατῶντες
1733 2374 1801 2410 γὰρ,
1814 2373 1901 2408 λόγοις

1114 2425 1242 2460 γλυκέσιν
1257 2423 1375 2460 ἐχρῶντο
1390 2423 1458 2459 πρὸς
1473 2423 1502 2449 τὺ
1513 2421 1678 2449 καθελκῦσαί
1696 2429 1730 2455 με
1747 2420 1796 2447 καὶ
1816 2428 1900 2446 κατα-

1115 2472 1205 2498 ϐαλεῖν
1223 2471 1272 2506 τῆς
1289 2469 1364 2505 παρὰ
1375 2469 1414 2505 τῷ
1426 2469 1486 2504 Θεῷ
1501 2469 1621 2499 στάσεως
1631 2476 1637 2482 ·
1655 2467 1695 2494 διδ
1712 2467 1834 2501 εὐλογεῖν
1844 2466 1902 2493 ἐδό-

1115 2526 1179 2545 κουν
1200 2517 1246 2543 καὶ
1258 2517 1377 2543 ἐπαινεῖν
1389 2515 1489 2551 μεηια)⁴
1504 2514 1682 2549 ἀποδέχεσθαι
1695 2514 1735 2545 είς
1745 2513 1901 2549 πρόσωπον

1115 2563 1149 2589 τὰ
1161 2563 1190 2589 δὲ
1200 2563 1249 2598 τῆς
1265 2561 1384 2593 διανοίας
1395 2560 1484 2587 αύτῶν
1497 2559 1659 2595 πεπλήρωτο
1673 2558 1813 2594 καταρῶν,
1821 2558 1856 2586 δι’
1867 2555 1905 2585 ῶν

1116 2608 1165 2644 τὴν
1177 2607 1259 2642 τιμήν
1275 2615 1325 2642 μου
1340 2605 1534 2632 ἐϐουλεύσαντο
1545 2603 1717 2636 ἀπώσασθαι,
1728 2604 1775 2630 καὶ
1797 2603 1902 2639 κατάρᾳ

1118 2662 1150 2689 με
1174 2653 1329 2680 ὑποϐαλεῖν.
1351 2651 1536 2687 Διδασκόμεθα
1560 2651 1588 2678 δὲ
1616 2650 1661 2678 διὰ
1675 2649 1778 2677 τούτων
1805 2650 1848 2677 ὅτι

1117 2701 1215 2731 πάντες
1225 2700 1249 2726 οἱ
1269 2701 1325 2731 τοῖς
1344 2698 1391 2725 τοῦ
1415 2698 1482 2725 Θεοῦ
1502 2696 1658 2733 ἀνθρώποις
1685 2695 1901 2726 ἐπιϐουλεύοντες

1116 2745 1191 2771 οὐδὲν
1203 2745 1294 2780 ἕτερον
1311 2743 1507 2776 σπουδάζουσιν
1521 2743 1538 2778 ἢ
1550 2742 1599 2777 τῆς
1613 2741 1688 2777 παρὰ
1700 2741 1739 2776 τῷ
1750 2741 1810 2776 Θεῷ
1822 2741 1902 2776 τιμὴς

1118 2790 1258 2825 γυμνῶσαι
1273 2791 1377 2820 αὐτούς.

1157 2846 1165 2860 1
1187 2835 1258 2871 Πλὴν
1275 2835 1314 2870 τῷ
1331 2835 1389 2869 Θεῷ
1408 2835 1568 2871 ὐποτάγηθι,
1583 2836 1598 2870 ἡ
1614 2834 1687 2870 ψυχή
1707 2842 1769 2869 μου,
1783 2834 1825 2860 ὅτι
1840 2832 1903 2868 παρ’

1119 2881 1198 2908 αὐτοῦ
1212 2883 1227 2916 ἡ
1243 2882 1363 2918 ὐπομονή
1382 2890 1443 2916 μου.
1469 2881 1523 2907 Καὶ
1544 2881 1597 2916 γὰρ
1617 2880 1698 2911 αὐτὸς
1715 2879 1782 2911 Θεός
1796 2887 1846 2915 μου
1858 2878 1903 2905 καὶ

1120 2928 1213 2964 Σωτήρ
1228 2936 1279 2964 μου
1288 2948 1296 2960 ,
1313 2927 1484 2963 ἀντιλήπτωρ
1493 2935 1556 2962 μου,
1566 2927 1597 2953 οὗ
1610 2926 1647 2962 μὴ
1661 2925 1877 2961 μεταναστεύσω.
1890 2933 1900 2950 ι
