2041 3215
177 172 232 200 593

748 178 999 207 COMMENTARIA
1019 179 1053 208 ιΝ
1071 179 1241 210 PSALMOS.

1261 148 1299 185 ω
1758 184 1809 212 596

183 233 349 269 Ἀρχόμενος
361 235 411 270 μὲν
425 236 526 270 ἔλεγεν·
542 247 550 262 ι
565 238 632 273 Οὐχὶ
643 238 681 274 τῷ
695 238 755 275 Θεῴ
768 240 963 277 ὑποταγήσεται

1022 249 1076 269 non
1090 242 1239 278 emigrabo.
1260 253 1271 268 r
1286 242 1365 270 Initio
1386 243 1495 278 quidem
1515 251 1548 271 ac
1568 243 1591 272 si
1617 244 1708 273 adhuc
1722 245 1810 273 ambi-

178 278 195 313 ἡ
208 279 283 315 ψυχή
300 289 367 316 μου;
385 291 394 307 ι
408 281 502 319 ὥσπερ
517 284 653 317 ὲνδυάζων
664 285 714 312 ἔτι·
726 286 844 314 ἐνταῦθα
859 288 888 314 δὲ
903 288 970 315 ἀπο-

178 327 312 360 φατικῶς,
335 328 493 363 βεϐαιωθεὶς
512 331 543 356 ἐκ
564 331 618 357 τῶν
640 332 803 367 εἰρημένων,
824 335 856 369 τῇ
873 333 968 360 ἑαυτοῦ

177 372 250 408 ψυχῇ
269 375 425 410 ὲπιθαρσῶν
444 377 674 412 παρακελεύεται·
696 379 736 405 διό
756 389 821 414 φησι
838 381 905 416 πρὸς
922 382 969 408 αὐ-

180 419 237 454 τήν·
260 430 268 445 ι
285 421 358 456 Πλὴν
376 421 416 456 τῷ
430 422 489 457 Θεῷ
508 424 669 460 ὑποτάγηοι,
686 427 703 461 ἡ
719 426 790 462 ψυχή
809 436 870 461 μου,
888 436 897 453 ο
915 428 969 454 Καὶ

176 466 309 502 ἀνωτέρω
334 468 382 502 μὲν
398 467 483 502 ἔλεγε·
504 478 512 493 α
531 469 599 505 Παρ¹
614 470 695 497 αὐτοῦ
717 471 771 507 γὰρ
792 472 822 499 τὸ
838 473 968 508 σωτήριόν

181 521 243 546 μου*
259 522 269 539 ι
282 514 396 540 ἐνταῦθα
405 514 442 540 δέ·
457 525 466 539 ι
480 515 541 542 Ὅτι
553 517 617 552 παρ’
628 517 708 543 αὐτοῦ
722 519 738 553 ὴ
751 519 871 554 ὑπομονή
885 528 944 554 μου.
957 530 966 545 ι

180 559 293 594 ’Ὅμοιον
307 559 329 586 δ’
347 559 379 586 ἂν
392 560 434 595 εἴη
454 560 533 587 τοῦτο
550 561 589 596 τῷ
607 563 732 598 φήσαντι·
754 575 762 589 ι
779 565 870 591 Πάντα
886 565 969 601 ἰσχύω

176 606 209 632 ὲν
228 604 267 640 τῷ
286 606 478 641 ἐνδυναμοῦντί
499 616 542 641 με.
561 618 570 634 ι
593 609 630 635 Οὐ
644 609 697 645 γὰρ
712 611 778 645 παρ’
790 611 910 646 ἐμαυτοῦ
925 612 969 638 κέ-

179 659 284 686 κτημαι
297 650 346 686 τὴν
361 652 448 686 ἰσχὺν,
462 652 531 679 ἀλλὰ
547 653 622 689 παρὰ
635 654 682 680 τοῦ
700 655 910 690 ὲνδυναμοῦντός
924 665 967 691 με⁸

179 697 227 723 καὶ
237 696 364 729 ἐνταῦθα,
379 707 388 722 ι
411 698 441 724 'H
453 698 575 734 ὑπομονὴ
590 708 639 734 μου
656 711 664 725 ι
677 701 727 727 οὐκ
740 701 768 734 ἐξ
781 703 860 737 ἑμῆς,
875 703 966 738 φησὶν,

176 744 280 779 ἀρετῆς
305 744 352 771 καὶ
374 745 514 780 δυνάμεως
539 747 715 782 συνέστηκεν,
737 749 805 779 ἀλλὰ
823 751 898 786 παρὰ
918 750 968 786 τῆς

177 790 261 817 αὐτοῦ
278 790 396 827 χάριτος·
416 801 424 816 ι
444 793 498 818 Καὶ
510 792 565 828 γὰρ
575 794 655 825 αὐτὸς
668 794 733 826 Θεός
748 804 799 830 μου
812 796 859 822 καὶ
873 796 967 832 Σωτήρ

179 845 241 871 μου·
261 847 270 862 ι
287 837 382 873 διόπερ
393 838 434 869 ὡς
450 838 516 869 Θεός
535 848 584 874 μου
602 840 648 866 καὶ
670 841 765 877 Σωτήρ
785 851 834 877 μου
854 844 967 878 παρέχει

179 891 226 918 μοι
241 884 290 919 τὴν
305 884 454 921 ὑπομονήν.
468 883 524 911 Εἶτ’
539 887 667 923 ἀνωτέρω
684 888 733 923 μὲν
750 889 821 923 ἔχεις
833 889 873 921 τὸ,
890 900 898 915 ι
913 891 967 917 Καὶ

1021 292 1096 324 geret
1114 287 1222 316 dicebat
1240 297 1247 315 :
1266 297 1276 314 ι
1297 287 1394 315 Nonne
1413 288 1467 316 Deo
1488 289 1610 324 subjecta
1637 290 1690 317 erit
1717 290 1810 317 anima

1021 334 1103 361 mea?
1119 344 1128 360 ι
1151 333 1200 361 Hic
1214 342 1288 365 vero,
1305 342 1336 361 ex
1362 334 1396 361 iis
1418 343 1478 369 qua:
1500 336 1596 362 anima:
1616 343 1673 363 suae
1689 336 1808 363 revelata

1020 379 1129 406 fuerant
1149 380 1286 411 ﬁrmatus,
1314 380 1438 408 absolute
1461 388 1492 407 ae
1516 381 1629 409 ﬁdenter
1658 382 1805 417 praecipit:

1021 433 1106 459 quare
1119 426 1159 453 sic
1172 433 1232 453 eam
1249 426 1409 461 alloquitur,
1430 436 1438 451 ι
1461 426 1656 455 Verumtamen
1675 428 1730 456 Deo
1743 429 1808 456 sub-

1018 472 1090 506 jecta
1102 475 1172 504 esto,
1182 471 1272 498 anima
1285 480 1356 499 mea.
1375 482 1383 497 ι
1404 472 1442 498 Ac
1463 472 1589 506 superius
1602 473 1706 500 dixerat
1721 483 1726 501 :
1742 483 1750 498 ι
1766 473 1808 500 Ab

1020 517 1080 551 ipso
1099 517 1172 544 enim
1187 518 1306 545 salutare
1322 526 1428 551 meum;
1451 529 1460 544 ι
1480 518 1524 545 hic
1549 526 1623 549 vero,
1641 528 1650 544 ‹
1671 519 1805 552 Quoniam

1020 563 1054 590 ab
1070 563 1130 599 ipso
1146 563 1278 599 patientia
1293 572 1363 592 mea.
1380 575 1389 590 ι
1408 563 1503 592 Simile
1518 557 1617 592 autem.
1631 565 1657 592 id
1673 566 1755 592 fuerit
1765 562 1813 593 di?

1020 614 1064 637 cto
1085 610 1241 646 hujusmodi
1262 621 1268 638 ε
1288 621 1297 637 ι
1321 610 1419 639 Omnia
1448 619 1558 646 possum
1586 612 1612 639 in
1638 620 1671 640 eo
1693 614 1737 647 qui
1763 621 1805 640 me

1019 656 1158 684 confortat
1172 657 1204 683 θ’.
1230 667 1239 683 ι
1266 656 1326 685 Νοιι
1345 659 1416 685 enim
1442 666 1457 684 a
1484 658 1589 693 meipso
1621 654 1829 686 fortitudinem’

1019 703 1146 737 obtineo,
1163 703 1209 731 sed
1235 703 1269 731 ab
1286 711 1319 731 eo
1337 704 1383 739 qui
1402 713 1446 731 me
1465 705 1612 736 confortat,
1630 709 1657 732 et
1682 705 1725 732 hic
1748 706 1805 732 ait:

1022 758 1030 775 ι
1049 750 1179 785 patientis:
1199 758 1259 778 mea
1283 760 1292 777 ι
1310 758 1363 778 non
1376 758 1409 777 ex
1424 751 1523 779 virtute
1546 756 1573 778 et
1592 756 1726 786 potestate
1748 760 1806 778 mea

1018 800 1141 829 constat,
1157 796 1204 823 sed
1222 796 1256 823 ab
1272 796 1332 831 ejus
1353 797 1440 831 gratia
1459 796 1547 831 prodit
1562 807 1568 824 :
1585 806 1597 833 Ι,
1614 796 1681 824 Nam
1697 801 1724 825 et
1750 797 1808 831 ipse

1020 841 1090 870 Deus
1120 850 1197 869 meus
1226 845 1254 868 et
1284 842 1410 869 Salvator
1440 850 1535 876 meus;
1557 852 1566 868 ι
1594 847 1761 878 quapropter
1779 847 1808 869 ut

1020 886 1091 914 Deus
1107 894 1183 915 meus
1198 892 1225 914 et
1241 888 1366 915 Salvator
1381 896 1458 915 meus
1475 888 1632 922 patientiam
1654 889 1724 916 mihi
1742 897 1808 923 sup-

177 929 234 965 γὰρ
243 929 324 962 αὐτὸς
334 930 400 962 Θεός
414 940 464 966 μου
479 932 525 958 καὶ
539 933 633 968 Σωτήρ
644 942 706 969 μου,
719 935 893 971 ἀντιλήπτωρ
905 945 963 972 μου,

1018 931 1130 967 peditat.
1148 931 1322 968 Rursumque
1345 934 1471 967 superius
1501 934 1566 962 illud
1585 934 1669 962 habes
1683 954 1690 966 ,
1712 944 1721 959 ‹
1739 934 1806 961 Nam

175 975 208 1001 οὐ
227 975 263 1010 μὴ
282 977 501 1010 μεταναστεύσω·
519 988 528 1004 ι
547 979 562 1014 ἢ
582 979 652 1006 κατὰ
671 980 716 1007 τὸν
738 981 852 1009 Ἀκύλαν
865 984 911 1009 καὶ
924 984 967 1010 τὸν

177 1021 333 1057 Σύμμαχον,
346 1032 354 1047 ι
373 1023 402 1048 οὐ
418 1024 600 1060 σφαλήσομαι.
615 1035 623 1051 ι
642 1026 730 1062 Πολλὴ
746 1027 774 1053 δὲ
791 1027 905 1063 διαφορὰ
921 1029 966 1055 τοῦ

176 1068 338 1102 φάσκοντος,
353 1079 362 1094 ί
375 1070 405 1095 οὐ
421 1070 457 1106 μὴ
469 1071 590 1098 σαλευθῶ
603 1073 648 1099 ἐπὶ
661 1073 760 1106 πλεῖον,
777 1084 786 1100 ι
804 1075 851 1101 καὶ
862 1075 908 1101 τοῦ
923 1075 951 1101 λέ
960 1091 966 1096 -

176 1122 281 1148 γοντος,
299 1125 307 1140 ι
322 1116 352 1141 οὑ
368 1116 551 1152 σφαλὴσομαι,
564 1128 572 1143 ι
586 1119 641 1151 καὶ,
655 1129 664 1144 σ
675 1120 704 1145 οὐ
721 1121 938 1155 μεταναστεύσω.
955 1132 963 1147 ι

176 1160 214 1186 Τὸ
236 1161 284 1195 μὲν
307 1160 361 1196 γὰρ
383 1161 477 1196 ἐδήλου
502 1164 662 1191 σαλεύεσθαι
690 1166 750 1200 μὲν,
774 1166 831 1192 ἀλλ’
847 1167 897 1193 οὐκ
921 1167 964 1193 ἐπὶ

176 1205 278 1233 πλεῖον·
290 1207 408 1234 ἐνταῦθα
422 1209 449 1234 δὲ
467 1209 581 1245 ἄρνησίς
598 1212 655 1237 ἐστι
674 1212 807 1248 παντελὴς
822 1212 869 1239 τοῦ
888 1214 966 1240 πταί-

175 1260 290 1287 σματος.
308 1263 316 1278 ι
339 1253 401 1279 Ἐπὶ
414 1254 452 1289 τῷ
464 1255 522 1290 Θεῷ
541 1256 571 1282 τὸ
585 1257 718 1292 σωτήριόν
735 1267 785 1293 μου
806 1259 852 1284 καὶ
871 1259 887 1293 ὴ
904 1258 965 1292 δὸξα

177 1306 240 1332 μου,
258 1298 323 1329 Θεὸς
333 1299 381 1333 τῆς
398 1300 521 1334 βοηθείας
538 1310 598 1336 μου,
615 1303 661 1328 καὶ
679 1304 694 1338 ἡ
709 1302 785 1336 ἐλπίς
804 1313 853 1339 μου
871 1305 917 1331 ἐπὶ
927 1305 966 1340 τῷ

173 1343 244 1379 θεῷ.
263 1354 272 1370 ι
298 1345 352 1371 Kal.
376 1347 491 1373 ἐνταῦθα
509 1348 539 1374 τὸ
559 1358 567 1373 ε
589 1349 724 1385 Σωτήρων
744 1360 753 1376 ι
773 1351 787 1377 ὁ
810 1351 912 1387 Ἰησοῦς
931 1354 964 1388 τῇ

181 1390 310 1426 Ἐὃραῖκῇ
328 1394 402 1427 φωνῇ
415 1392 581 1428 ὠνόμασται,
597 1396 643 1421 καὶ
659 1397 715 1427 τοῖς
729 1398 900 1433 χαρακτῆρσι
909 1400 965 1431 τοῖς

173 1437 267 1469 αὐτοῖς
289 1438 484 1473 ἐγγέγραπται.
511 1440 616 1477 Ὥσπερ
636 1442 663 1468 δὲ
687 1444 700 1469 ὁ
716 1443 785 1475 Οείος
805 1445 964 1477 Ἀπόστολος

174 1482 240 1517 περὶ
257 1482 304 1509 τοῦ
322 1484 448 1520 Σωτῆρος
465 1486 543 1520 ἡμῶν
566 1487 652 1521 λέγων
676 1489 791 1525 ἔγραφε
809 1500 818 1516 ‹
839 1491 963 1518 Δικαιούν

175 1536 252 1562 μενοι
264 1528 369 1564 δωρεὰν
382 1531 415 1565 τῇ
428 1531 510 1557 αὐτοῦ
526 1533 615 1568 χάριτι
628 1533 671 1560 διὰ
687 1536 735 1570 τῆς
749 1536 964 1573 ἀπολυτρώσεως

172 1574 224 1620 τῆς
238 1575 267 1600 ἐν
278 1575 387 1610 Χριστῷ
406 1577 501 1612 Ἰησοῦ·
515 1578 545 1604 ὃν
557 1579 687 1614 προέθετο
703 1582 716 1607 ὁ
729 1581 794 1614 θεὸς
810 1582 963 1620 ἱλαστήριον

171 1619 216 1645 διὰ
230 1620 346 1653 πίστεως
364 1622 392 1648 ἐν
408 1622 446 1657 τῷ
463 1624 545 1650 αὐτοῦ
559 1625 664 1660 αἵματι·
685 1636 694 1652 ›
709 1628 755 1653 καὶ
767 1628 857 1655 πάλιν·
872 1640 881 1654 ι
901 1630 964 1657 Ἐάν

171 1673 215 1697 τις
232 1666 354 1703 ἁμάρτῃ,
372 1668 546 1704 παράκλητον
559 1669 658 1705 ἔχομεν
673 1672 740 1707 πρὸς
755 1672 799 1699 τὸν
816 1673 891 1707 Θεὸν,
912 1675 964 1710 Ίη-

172 1711 237 1737 σοῦν
254 1712 371 1747 Χριστὸν
387 1713 500 1741 δίκαιον
519 1716 565 1741 καὶ
581 1716 660 1748 αὐτός
674 1717 747 1743 ἐστιν
767 1718 878 1753 ἱλασμὸς
895 1720 964 1756 ὑπὲρ

170 1757 226 1783 τῶν
237 1758 378 1794 ἁμαρτιῶν
390 1760 476 1795 ἡμῶν·
495 1771 503 1787 ι
520 1761 564 1788 τὸν
580 1762 661 1789 αὑτὸν
674 1763 774 1798 τρόπον
791 1764 837 1791 καὶ
849 1765 963 1792 ἐνταῦθα

172 1802 305 1830 λέλεκται·
332 1805 392 1831 Ἐπὶ
411 1805 450 1841 τῷ
474 1807 533 1842 θεῷ
557 1807 588 1834 τὸ
603 1809 737 1844 σωτήριόν
753 1818 806 1845 μου
816 1811 886 1846 καὶὴ
901 1811 962 1844 δόξα

174 1857 237 1883 μου,
254 1850 301 1876 καὶ
314 1852 329 1885 ή
348 1851 459 1886 βοήθειά
477 1862 527 1887 μου
541 1854 587 1880 καὶ
603 1855 619 1890 ἡ
632 1854 709 1886 ἐλπίς
723 1864 784 1890 μου.
808 1856 852 1888 Ὠς
867 1857 891 1882 εἰ
905 1857 964 1882 λευ-

172 1896 285 1932 κότερον
300 1897 331 1924 τὸ
351 1899 550 1935 σημαινόμενον
565 1901 619 1927 ἀπὸ
635 1902 685 1937 τῆς
706 1902 852 1938 Ἑϐραϊκῆς
872 1904 962 1938 φωνῆς

171 1943 275 1970 τέθειτο
290 1944 319 1988 εν
334 1946 366 1980 τῇ
384 1945 526 1981 ἑρμηνείᾳ,
542 1946 628 1979 οὓτως
645 1947 678 1974 ἂν
693 1950 840 1984 περιεῖχεν·
861 1950 962 1985 Ἰησοῦς

170 1989 201 2015 τὸ
222 1990 353 2025 σωτήριόν
377 1999 426 2026 μου
445 1991 474 2017 ἐν
489 1991 527 2027 τῷ
542 1992 601 2027 Θεῷ
619 1994 771 2028 τυγχάνων,
791 1995 838 2021 καὶ
860 1997 888 2021 ὲν
907 1996 962 2027 τοῖς

171 2034 282 2067 κόλποις
297 2036 345 2062 τοῦ
360 2036 477 2072 Πατρὸς,
501 2037 582 2070 αὑτός
598 2039 672 2066 ἐστιν
694 2041 711 2075 ἡ
732 2040 796 2073 δόξα
817 2049 866 2076 μου
887 2042 933 2068 καὶ
949 2043 963 2068 ὸ

171 2080 259 2115 φύλαξ
275 2091 336 2117 μου,
350 2083 396 2109 καὶ
409 2084 422 2109 ὁ
435 2083 500 2115 Θεὸς
514 2084 563 2119 τῆς
580 2084 704 2120 βοηθείας
722 2094 783 2120 μου,
800 2087 847 2112 καὶ
857 2087 876 2122 ἡ
886 2087 962 2119 ἐλπίς

172 2135 225 2162 μου
239 2128 255 2162 ὴ
274 2128 302 2153 ὲν
318 2128 357 2163 τῷ
374 2128 442 2164 Θεῷ.
460 2129 553 2157 Ταῦτα
569 2130 623 2166 γὰρ
636 2131 724 2157 πάντα
739 2133 753 2158 ὁ
767 2132 812 2159 τοῦ
827 2132 894 2159 Θεοῦ
913 2134 963 2160 Λό-

170 2181 219 2206 γος
232 2174 290 2200 ἐστὶ
309 2176 365 2206 τοῖς
384 2176 423 2206 είς
441 2176 522 2203 αὐτὸν
541 2176 689 2208 ἐλπίζουσι.
710 2178 757 2204 Διὸ
773 2180 820 2206 καὶ
835 2180 905 2206 κατὰ
918 2180 962 2206 τὸν

176 2219 292 2246 Ἀκύλαν
309 2220 424 2256 εἴρηται·
441 2231 450 2246 ι
473 2222 534 2248 Ἐπὶ
546 2222 606 2258 Θεῷ
622 2224 754 2259 σωτήριόν
772 2233 823 2259 μου
841 2226 887 2251 καὶ
898 2225 961 2258 δόξα

1018 982 1045 1006 et
1068 978 1126 1014 ipse
1142 978 1213 1007 Deus
1236 988 1313 1007 meus
1341 985 1368 1007 et
1399 980 1527 1008 Salvator
1551 989 1639 1013 meus,
1664 984 1808 1016 susceptor

1018 1032 1106 1058 meus,
1122 1032 1176 1053 non
1191 1026 1350 1061 emigrabo;
1366 1036 1375 1052 ι
1387 1027 1457 1058 sive.
1473 1027 1622 1054 secundum
1639 1028 1763 1062 Aquilam
1779 1032 1807 1054 et

1019 1071 1223 1107 Symmachum,
1250 1083 1259 1098 ι
1277 1081 1330 1100 non
1358 1073 1445 1100 fallar.
1463 1083 1471 1099 ι
1493 1073 1607 1100 ΜιιΙΙιιιιι
1621 1074 1735 1101 interest
1749 1073 1806 1100 dis-

1018 1118 1141 1145 criminis
1167 1118 1237 1145 inter
1262 1118 1339 1151 illud,
1370 1129 1378 1144 ι
1399 1127 1451 1146 ιιοιι
1478 1120 1607 1146 movebor
1639 1119 1770 1153 amplius.
1789 1128 1798 1144 ι

1017 1168 1042 1191 ct
1065 1164 1142 1197 illud,
1170 1174 1179 1190 ε
1197 1172 1251 1192 non
1268 1165 1356 1197 fallar,
1373 1175 1381 1191 ι
1396 1169 1423 1192 et
1436 1175 1445 1190 ι
1467 1173 1521 1192 non
1539 1166 1689 1200 emigraho.
1709 1175 1718 1191 ι
1735 1164 1803 1192 Nam

1017 1208 1083 1235 illud
1104 1208 1214 1244 quidem
1234 1209 1372 1236 indicabat
1398 1210 1499 1237 moveri
1516 1210 1626 1245 quidem
1642 1211 1742 1245 ipsum,
1759 1211 1805 1238 sed

1017 1263 1071 1281 non
1092 1255 1222 1289 multum;
1251 1260 1278 1282 at
1298 1255 1342 1282 hic
1358 1255 1483 1290 cujusvis
1507 1256 1602 1290 lapsus
1625 1255 1734 1291 negatio
1751 1258 1803 1283 est.

1020 1311 1028 1326 ι
1046 1301 1073 1328 In
1090 1301 1145 1329 Deo
1159 1302 1279 1329 salutare
1300 1309 1390 1329 meum
1408 1306 1436 1329 et
1451 1302 1536 1337 gloria
1550 1310 1620 1336 mea,
1638 1302 1709 1329 Dens
1729 1302 1806 1329 auxi-

1017 1347 1045 1374 lii
1059 1347 1124 1378 mei.
1139 1351 1167 1374 ct
1184 1354 1248 1382 spes
1260 1355 1321 1375 mea
1337 1348 1363 1374 in
1378 1347 1433 1375 Deo
1444 1347 1495 1375 estL
1514 1358 1523 1374 ι
1541 1347 1591 1375 llic
1609 1356 1718 1383 quoque
1735 1357 1745 1374 ‹
1762 1356 1806 1376 sa-

1016 1394 1103 1420 lutare
1123 1402 1132 1418 ›
1152 1392 1285 1420 llebraica
1301 1393 1392 1428 lingua
1411 1393 1492 1421 Iesus
1514 1394 1614 1425 dictus,
1638 1401 1719 1429 atque
1739 1394 1804 1429 ipsis

1016 1439 1220 1467 characteribus
1230 1440 1386 1474 descriptus
1398 1444 1450 1467 est.
1466 1439 1699 1472 Quemadmodum
1713 1444 1804 1467 autem
1850 1441 1858 1450 ‘

1015 1485 1124 1513 divinus
1147 1486 1296 1521 Apostolus
1313 1486 1348 1513 de
1370 1486 1512 1513 Salvatore
1528 1490 1626 1514 nostro
1653 1487 1711 1513 hazc
1735 1487 1804 1513 scri-

1016 1531 1069 1566 psit
1089 1540 1094 1558 :
1115 1541 1124 1557 ι
1143 1530 1288 1559 .Institicali
1315 1532 1401 1566 gratis
1429 1540 1477 1566 per
1499 1532 1613 1567 gratiam
1638 1533 1735 1567 ipsius,
1758 1541 1798 1567 per

1016 1576 1228 1612 redemptionem
1245 1585 1305 1612 qua:
1318 1582 1360 1604 est
1378 1578 1404 1604 in
1418 1578 1529 1606 Christo
1541 1578 1604 1606 Jesu
1620 1589 1627 1606 :
1644 1586 1724 1613 quem
1742 1586 1804 1613 pro-

1016 1622 1107 1657 posuit
1126 1622 1197 1649 Dcus
1215 1623 1434 1658 propitiationem
1452 1632 1499 1659 per
1522 1625 1602 1652 [idem
1624 1625 1651 1651 in
1672 1625 1805 1660 sanguine

1016 1669 1102 1703 ipsius
1119 1668 1152 1702 ⁶⁶;
1172 1678 1181 1694 ι
1199 1676 1231 1696 ac
1254 1677 1362 1697 rursum
1380 1680 1386 1697 :
1406 1679 1415 1695 ι
1435 1670 1464 1697 Si
1481 1670 1544 1706 quis
1568 1671 1731 1706 peccaverit,
1757 1671 1805 1698 ad-

1015 1719 1141 1742 vocatum
1159 1716 1291 1744 habemus
1317 1716 1388 1752 apud
1415 1716 1509 1749 Deum,
1542 1716 1636 1744 Jcsum
1665 1717 1803 1745 Christum

1012 1761 1128 1795 justum,
1157 1766 1182 1788 et
1208 1762 1266 1797 ipse
1290 1767 1332 1790 est
1355 1762 1513 1798 propitiatio
1537 1771 1585 1799 pro
1608 1764 1728 1799 peccatis
1754 1772 1804 1791 no-

1015 1807 1078 1833 stris
1092 1807 1126 1839 ”,
1149 1817 1157 1833 I
1175 1807 1215 1835 sic
1230 1811 1256 1834 et
1273 1807 1325 1834 hoc
1349 1808 1408 1835 loco
1433 1808 1545 1842 dicitur,
1567 1808 1595 1836 In
1618 1808 1673 1836 Deo
1685 1809 1805 1837 salutare

1014 1861 1104 1881 meum
1127 1858 1154 1881 et
1174 1854 1259 1889 gloria
1282 1862 1353 1886 mea,
1378 1858 1413 1890 et.
1427 1855 1558 1882 auxilium
1586 1862 1675 1882 meum
1699 1860 1725 1882 et
1742 1862 1804 1889 spes

1014 1907 1083 1926 mea.
1115 1899 1154 1926 Ita
1176 1904 1204 1926 ιιι
1220 1899 1243 1926 si
1264 1899 1402 1927 Hebraicae
1412 1901 1486 1928 vocis
1502 1900 1685 1935 signiﬁcatum
1701 1901 1804 1929 clarius

1014 1945 1041 1972 in
1066 1945 1289 1980 interpretatione
1316 1947 1434 1981 positum
1462 1946 1569 1978 fuisset,
1598 1947 1638 1974 sic
1666 1947 1801 1974 haberet:

1013 1989 1092 2017 Jesus
1109 1992 1228 2018 salutare
1246 1999 1334 2018 meum
1348 1991 1375 2018 in
1399 1990 1454 2018 Deo
1472 1992 1617 2023 exsistens,
1638 1996 1666 2018 et
1687 1992 1715 2018 in
1740 1991 1801 2018 sinu

1013 2037 1113 2070 Patris.
1136 2039 1195 2073 ipse
1210 2042 1252 2066 est
1269 2038 1354 2073 gloria
1379 2046 1449 2069 mea,
1472 2043 1565 2066 custos
1587 2047 1673 2070 incus.
1689 2043 1715 2065 et
1732 2039 1802 2066 Dens

1014 2085 1107 2112 auxilii
1123 2085 1174 2113 mei
1193 2090 1219 2112 et
1236 2093 1299 2120 spes
1321 2092 1392 2117 mea,
1408 2092 1469 2119 qua:
1484 2085 1510 2111 in
1533 2084 1588 2111 Deo
1605 2089 1656 2112 est.
1672 2084 1739 2112 Nam
1755 2085 1802 2112 Dei

1015 2129 1131 2157 Verbum
1146 2130 1244 2158 horum
1261 2130 1383 2157 omnium
1399 2130 1460 2158 loco
1471 2134 1513 2158 est
1528 2131 1702 2165 sperantibus
1719 2131 1745 2157 in
1761 2139 1801 2158 se.

1013 2176 1103 2209 Quare
1114 2181 1141 2204 et
1159 2177 1309 2204 secundum
1324 2176 1450 2212 Aquilam
1466 2177 1569 2204 dictum
1586 2181 1628 2205 est
1644 2187 1650 2205 ε
1671 2187 1680 2203 ε
1701 2176 1729 2204 ln
1746 2177 1802 2205 Deo

1014 2223 1133 2250 salutare
1154 2230 1255 2253 meum,
1272 2226 1300 2250 et
1319 2222 1406 2257 gloria
1428 2230 1498 2255 mea,
1521 2223 1616 2249 lirnms
1634 2222 1786 2250 fortitudini
1799 2234 1805 2238 -

170 2274 233 2300 μου,
257 2266 366 2301 στερεὸς
385 2267 501 2302 κράτους
523 2277 585 2302 μου,
606 2268 684 2300 ἐλπίς
705 2278 755 2304 μου
769 2270 799 2296 ἐν
813 2270 882 2305 Θεῷ.
903 2271 960 2297 Ἐλ-

1015 2276 1089 2301 meae,
1106 2277 1169 2304 spes
1183 2277 1243 2296 mea
1260 2269 1286 2296 in
1306 2269 1370 2296 Deo.
1389 2269 1504 2304 Sperate
1522 2269 1549 2295 in
1564 2277 1595 2296 eo
1611 2269 1699 2296 otnnis
1720 2277 1802 2304 syna-

171 2310 268 2336 πίσατε
296 2312 339 2337 ἐπ’
360 2312 450 2344 αὑτὸν,
484 2313 557 2339 πᾶσα
575 2314 720 2349 συναγωγὴ
744 2314 825 2342 λαῶν·
847 2316 960 2351 ἑκχέατε

169 2356 285 2383 ἐνώπιον
308 2357 390 2383 αὑτοῦ
411 2358 460 2389 τὰς
482 2359 594 2394 καρδίας
617 2360 703 2395 ὑμῶν.
733 2361 761 2388 '0
780 2361 846 2393 Θεὸς
864 2362 961 2398 βοηθὸς

170 2402 259 2438 ἡμῶν.
288 2403 442 2438 Διάψαλμα.
470 2415 478 2430 ι
509 2407 704 2441 Μνημονεύσας
735 2408 781 2435 τοῦ
811 2409 959 2445 Σωτηρίου,

170 2449 298 2481 συνεῖδεν,
324 2449 365 2476 ὅτι
390 2451 419 2477 οὺ
446 2452 524 2486 μόνον
547 2452 629 2479 αὑτοῦ
653 2454 849 2489 θεραπευτικὸν
872 2455 957 2489 ἔσται,

169 2495 259 2522 κοινὸν
275 2496 304 2522 δὲ
320 2498 464 2532 γενήσεται
484 2499 600 2533 ἀγαθόν·
621 2501 661 2527 διὸ
682 2502 726 2527 ἐπ’
747 2502 812 2528 αὐτὸ
829 2502 959 2537 συγκαλεῖ

167 2542 231 2573 τοὺς
244 2542 358 2574 πάντας,
371 2543 512 2577 φιλαυτίαν
525 2546 573 2580 μὲν
583 2546 792 2581 ἐκτρεπόμενος,
808 2547 958 2583 φιλανθρω-

169 2586 234 2614 πίαν
251 2587 279 2613 δὲ
294 2588 341 2613 καὶ
358 2587 406 2623 τὴν
424 2590 492 2625 πρὸς
507 2591 571 2622 τοὺς
590 2591 674 2623 πέλας
695 2592 805 2628 ἀγάπην
820 2592 955 2619 ἐνδεικνύ-

169 2642 259 2668 μενος.
280 2634 478 2669 Προσκαλεῖται
492 2636 581 2663 τοίνυν
596 2637 631 2669 ὡς
646 2638 692 2664 ἐπὶ
709 2639 840 2674 σωτήριον
859 2639 956 2674 λιμένα

167 2679 290 2713 φάσκων·
317 2689 326 2705 ι
352 2680 493 2707 Ἐλπίσατε
519 2682 563 2708 ἐπ’
592 2683 683 2716 αὑτὸν,
714 2684 788 2710 πᾶσα
811 2684 956 2720 συναγωγὴ

165 2724 249 2750 λαῶν·
268 2734 278 2750 ι
297 2724 313 2760 ἢ
331 2726 400 2752 κατὰ
413 2727 459 2753 τὸν
478 2728 605 2760 Ἀκύλαν,
617 2738 626 2754 ι
648 2730 675 2755 Ἀ
681 2730 829 2765 μεριμνᾶτε
843 2730 872 2756 ὲν
883 2730 956 2766 αὐτῷ

165 2772 193 2796 ὲν
213 2770 296 2797 παντὶ
312 2772 409 2807 καιρῷ,
424 2772 496 2805 λαός.
516 2783 524 2798 ι
546 2774 766 2810 Ἀμεριμνῶντας
780 2776 808 2802 δὲ
832 2777 860 2802 ἐν
882 2777 956 2812 αὑτῷ

166 2817 211 2843 καὶ
236 2816 405 2851 ἐλπίζοντας,
431 2819 561 2852 ἐξαπλοῦν
579 2822 711 2857 προσήκει
728 2822 791 2853 τοὺς
810 2822 956 2857 λογισμοὺς

199 2905 222 2920 ⁶’
245 2904 361 2941 Philipp.
379 2914 416 2940 tv,
433 2908 477 2935 15.
516 2908 537 2924 θ’
557 2908 633 2937 Rern.
654 2917 697 2944 ιιι,
712 2910 745 2938 ⁵24
761 2910 805 2938 2ἶὴ

1011 2322 1078 2350 goga
1103 2315 1264 2349 populorum
1288 2324 1294 2341 ς
1317 2313 1447 2341 effundite
1474 2321 1566 2340 coram
1588 2314 1634 2340 illo
1651 2313 1733 2341 corda
1756 2322 1802 2342 vc-

1012 2364 1078 2387 stra.
1094 2358 1166 2387 Deus
1186 2359 1296 2394 adjutor
1312 2363 1415 2387 noster.
1430 2359 1596 2394 lliapsalnia.
1623 2368 1632 2384 ι
1652 2358 1800 2394 Postquam

1012 2406 1132 2433 salutare
1149 2406 1320 2437 memoravit,
1341 2405 1452 2441 agnovit
1466 2413 1520 2432 non
1535 2405 1623 2432 solum
1641 2406 1692 2432 sibi
1708 2406 1800 2433 mede—
1847 2430 1850 2432 .

1010 2452 1065 2478 iam
1082 2452 1240 2484 allaturum,
1252 2452 1300 2479 sed
1314 2459 1460 2479 commune
1471 2451 1573 2478 bonum
1586 2450 1708 2477 futurum
1720 2459 1798 2479 esse:

1012 2505 1097 2532 quare
1116 2498 1150 2524 ad
1176 2498 1264 2532 ipsum
1285 2505 1380 2525 omnes
1400 2501 1513 2528 evocat.
1539 2504 1689 2531 eversoque
1709 2505 1801 2525 amore

1012 2544 1132 2578 proprio,
1149 2544 1346 2571 humanitatem
1363 2547 1391 2571 et
1415 2543 1601 2578 proximorum
1624 2544 1797 2571 dilectionem

1011 2589 1129 2617 exhibet.
1146 2589 1230 2622 Quasi
1255 2597 1320 2625 ergo
1336 2589 1369 2617 ad
1393 2590 1538 2617 salutarem
1568 2594 1677 2625 portum
1704 2590 1795 2617 invitat

1010 2635 1053 2663 his
1068 2636 1159 2663 verbis
1176 2646 1182 2663 :
1202 2646 1209 2662 ι
1223 2635 1335 2671 Sperate
1353 2636 1380 2662 in
1396 2643 1439 2666 eo,
1454 2636 1543 2664 omnis
1557 2638 1731 2672 congregatio
1747 2645 1791 2671 po-

1009 2682 1146 2716 pulorum,
1165 2692 1174 2708 ι
1191 2683 1258 2715 sive,
1268 2682 1418 2710 secundum
1430 2682 1566 2717 Aquilam,
1584 2692 1593 2708 ι
1610 2682 1711 2710 Set-ure
1728 2683 1796 2718 agite

1010 2729 1038 2756 in
1058 2729 1129 2764 ipso,
1146 2729 1220 2756 omni
1241 2733 1373 2764 tempore,
1403 2730 1529 2764 populus.
1553 2739 1561 2755 ι
1584 2728 1685 2756 Seenre
1717 2736 1798 2763 porro

1010 2781 1120 2811 agentes
1140 2784 1172 2804 ac
1188 2782 1329 2811 sperantes
1346 2777 1373 2803 in
1395 2777 1454 2811 ipso
1480 2785 1526 2812 par
1547 2783 1588 2804 est
1617 2776 1797 2811 cogitationes

1011 2824 1062 2858 ipsi
1078 2823 1194 2859 aperire,
1214 2827 1238 2852 et
1256 2824 1352 2851 aninnr
1365 2825 1475 2852 morbos
1491 2829 1619 2859 tanquam
1635 2822 1741 2850 medico
1753 2830 1795 2857 pa-

846 2912 866 2928 "
882 2911 978 2939 Uouit,
998 2920 1031 2947 ιι,
1049 2913 1092 2942 ιῑ,
