2041 3215
271 170 322 201 5’35

609 164 745 193 EUSEBH
761 160 1003 191 CAESARIENSIS
1017 159 1052 187 Ol

1113 157 1206 186 PARS
1225 158 1269 186 In.
1292 173 1326 177 —
1345 146 1561 183 EXEGE’I‘ICA.‘

1835 147 1886 177 596

269 226 397 254 tefacere.
420 223 604 257 Quamobrem
624 222 764 257 subjungit
784 229 792 248 :
812 230 821 246 ι
850 218 986 247 Etl'undite
1007 225 1052 245 co-

1104 216 1151 243 καὶ
1167 216 1216 252 τῆς
1233 215 1322 251 ψυχῆς
1338 211 1512 248 ἀπογυμνοῦν
1535 210 1609 245 αὐτῷ
1630 209 1726 257 ειπερ
1747 207 1833 257 inept}:
1853 209 1888 257 τὰ

268 279 325 300 ram
343 271 390 298 illo
404 270 487 298 corda
500 274 600 298 vestra.
624 269 695 296 Deus
715 267 823 301 adiutor
845 271 947 293 noster.
968 274 978 290 ι
997 263 1053 291 Ad-

266 317 395 351 jutoretn,
415 315 519 350 inquit,
545 315 676 342 habentes
705 313 772 339 nihil
806 311 976 341 subducatis,
1002 317 1052 336 nec

267 361 407 396 quidpiam
427 362 453 388 in
471 365 561 388 mente
577 360 734 390 occultetis,
750 357 796 385 sed
809 357 937 392 expansis
956 356 1052 382 anima:

268 406 458 441 receptaculis,
478 405 653 433 absconditas
668 404 705 430 ibi
720 403 898 438 cogitationes
915 402 1030 429 revelate
1043 411 1049 428 :

268 452 386 487 ipsique,
403 456 497 487 utpote
516 451 562 486 qui
582 450 674 477 omnia
694 457 790 476 curare
806 448 902 483 possit.
920 455 968 474 vos
986 454 1051 473 con—

268 497 383 525 credite.

307 595 389 624 Vans.
414 595 457 622 10.
487 606 495 621 ι
518 595 709 622 Verumtamen
737 594 799 620 vani
826 594 873 620 ﬁlii
899 593 1051 624 hominum,

268 642 414 669 mendaces
429 641 475 668 lilii
490 641 628 668 hominum
643 640 669 667 in
687 640 806 671 stateris,
823 644 852 666 ut
868 639 994 674 injuriam
1012 638 1051 664 fa-

269 687 343 715 ciant
374 687 425 722 ipsi
447 695 478 714 ex
500 689 619 713 vanitate
645 687 670 713 in
699 686 827 720 idipsuni.
847 694 855 710 ι
883 685 911 712 In
948 692 1051 711 xxxviii

269 738 378 766 quoque
388 730 547 758 dicebatur:
564 739 572 755 ι
589 729 780 757 Verumtamen
796 730 921 757 universa
935 730 1051 761 vanitas,

269 777 359 805 omnis
372 777 453 804 homo
467 777 559 803 vivens
574 777 613 809 ⁷⁰;
635 786 643 802 ι
670 783 701 803 ac
721 779 830 803 rnrsutn
853 785 859 802 :
883 785 892 801 ι
909 774 1051 802 Verumta-

270 829 333 850 men
356 830 425 849 vane
451 822 650 848 conturbantur
664 822 704 854 ⁷¹;
725 830 733 847 ι
751 825 776 849 ct
794 831 798 847 :
829 830 838 846 ι
858 820 1051 848 Verumtamen

269 867 298 894 in
311 867 428 902 imagine
442 867 590 902 pertransit
611 866 691 893 homo
707 867 739 893 ".
761 876 770 891 ι
789 865 837 892 llic
852 873 960 900 quoque
977 865 1052 892 simi-

269 914 306 940 lia
327 914 455 940 dicmtur
481 923 486 940 :

269 967 345 995 spem
361 967 471 994 ponere,
488 959 630 994 ipsumque
646 958 724 985 nobis
739 958 889 992 adjutorem
903 958 1051 989 ascribere.

270 1006 489 1041 quandoquidem
505 1013 599 1032 omnes
614 1004 662 1032 ﬁlii
682 1004 832 1035 hominum,
854 1004 961 1031 etiamsi
978 1004 1053 1039 prin-

270 1052 345 1087 cipes
367 1052 512 1078 videantur
537 1058 608 1082 esse,
625 1050 750 1085 quamvis
768 1050 882 1076 multum
910 1050 938 1077 in
953 1050 1054 1076 mundo

269 1097 386 1128 valeant.
403 1096 466 1123 vani
484 1099 561 1129 sunt;
586 1096 652 1128 sive,
675 1095 825 1122 secundum
849 1095 1052 1130 Symmachum,

273 1151 283 1168 ι
303 1149 399 1177 vapor,
420 1151 429 1168 ι
459 1142 533 1169 brevi
560 1141 643 1168 futuri
665 1150 673 1166 ι
693 1145 819 1175 tanquam
847 1141 947 1174 pulvis,
974 1147 1052 1175 quem

270 1187 379 1222 projicit
398 1191 495 1214 ventus
519 1195 534 1213 a
552 1187 619 1213 facie
646 1190 724 1213 terra:
740 1186 771 1211 ⁷³.
794 1195 803 1211 ι
830 1185 898 1212 llinc
925 1185 1053 1212 Salomon

270 1232 357 1267 patris
372 1239 422 1259 usu
437 1236 464 1259 et
477 1232 609 1266 exemplo,
628 1242 636 1257 ι
658 1231 771 1258 Vanitas
784 1231 945 1262 vanitatum,
963 1231 1053 1258 omnia

270 1276 377 1303 vanitas
389 1275 421 1309 ⁷⁸,
438 1285 447 1301 ι
460 1280 487 1303 et
498 1277 595 1303 similia
606 1276 723 1311 scripsit.
738 1276 880 1303 Mendaccs
894 1284 975 1311 porro
987 1277 1054 1303 duo-

269 1321 323 1351 bus
344 1322 434 1349 modis
460 1326 522 1349 sunt
539 1322 586 1348 lilii
603 1322 758 1355 hominum;
778 1322 866 1352 altero
880 1322 943 1357 quia
960 1322 1053 1356 procul

271 1373 287 1395 ι
301 1367 413 1394 veritate
429 1367 587 1394 aberrantes
613 1367 681 1394 falsa
698 1368 865 1402 loquuntur;
882 1368 968 1394 altero
991 1368 1054 1402 quia

270 1411 413 1440 fraudibus
441 1412 644 1447 mendaciisque
663 1412 789 1440 credulos
810 1412 862 1439 sibi
885 1412 913 1439 in
933 1419 1053 1439 errorem

270 1458 419 1485 deducunt.
433 1457 522 1490 Quare
534 1458 634 1485 talibus
648 1465 709 1485 sese
722 1457 834 1485 credere
852 1466 905 1485 non
923 1458 1030 1493 expedit
1045 1467 1050 1484 :

269 1504 379 1531 mentiri
401 1504 501 1538 quippe
525 1504 623 1535 solent,
641 1512 729 1538 neque
744 1508 786 1531 est
802 1504 829 1531 in
848 1504 915 1538 ipsis
932 1504 1051 1536 veritas;

269 1548 318 1575 sed
333 1549 414 1576 etiam
431 1552 538 1575 staterae
548 1549 645 1576 animae
660 1549 779 1583 ipsorum
801 1548 868 1575 nihil
886 1549 1001 1583 justum,
1014 1556 1052 1575 2e-

269 1593 379 1628 quabile
395 1594 461 1621 nihil
478 1594 592 1625 habent;
607 1594 653 1621 sed
666 1601 726 1620 cum
741 1594 794 1621 alio
806 1594 982 1625 inclinentur,
996 1594 1052 1629 juri

269 1638 406 1664 contraria
426 1642 568 1672 peragunt.
584 1637 632 1664 llis
659 1645 724 1673 ergo
749 1638 851 1673 iniquis
871 1639 980 1666 stateris
995 1639 1053 1666 suis

269 1682 417 1710 vanitatem
434 1682 646 1714 administrant,
670 1684 812 1711 veritatem
834 1684 947 1718 ejusque
968 1684 1051 1712 Deum

270 1728 386 1756 aversati
409 1736 416 1754 :
438 1731 591 1762 quare’non
606 1729 733 1755 convenit
747 1738 776 1756 se
790 1730 856 1764 ipsis
872 1730 1052 1763 concredere;

271 1772 320 1800 sed
344 1777 406 1800 eum
424 1773 523 1806 solum,
554 1774 600 1808 qui
627 1773 752 1801 Salvator
767 1774 879 1806 dicitur,
903 1775 1052 1810 adjutorem

272 1819 421 1848 ascribere.

306 1872 389 1907 Vens.
407 1875 451 1904 ll.
470 1886 480 1902 ι
498 1876 587 1904 Nolite
599 1885 711 1912 sperare
726 1878 753 1905 in
772 1878 924 1913 iniquitate,
943 1883 970 1906 et
982 1880 1054 1914 rapi-

269 1928 334 1951 nam
348 1922 433 1950 nolite
449 1923 643 1958 concupiscere
656 1933 664 1957 ;
680 1923 782 1952 divitiae
797 1925 819 1952 si
834 1925 954 1957 atlluant,
969 1926 1054 1954 nolite

269 1975 319 1996 cor
338 1975 484 2004 apponere.
510 1979 518 1995 ι
551 1969 580 1997 In
605 1978 711 1998 xxxviii
743 1979 851 2007 quoque
884 1972 988 2006 psalmo
1014 1971 1054 1998 al-

270 2013 336 2042 llnia
353 2014 431 2042 hisce
458 2015 587 2043 dicuntur
616 2025 622 2042 :
654 2026 663 2042 ι
680 2015 875 2046 Verumtamen
896 2024 964 2045 vane
987 2025 1054 2044 con--

269 2060 426 2089 turbantur.
458 2061 659 2094 Thesaurizat,
681 2066 709 2090 et
737 2063 844 2098 ignorat
870 2063 914 2090 cui
939 2071 1055 2099 congre-

269 2106 344 2142 gabit
358 2108 431 2134 ea".
453 2116 462 2133 ι
479 2107 548 2140 Quia
569 2108 652 2142 igitur
665 2108 711 2144 qui
725 2108 869 2136 thesauros
886 2109 912 2136 in
922 2113 994 2136 terra
1010 2116 1053 2135 re-

269 2150 374 2183 condit,
389 2154 417 2178 et
431 2153 563 2187 pecunias
580 2152 680 2180 multas
697 2153 812 2188 colligit,
828 2154 854 2180 in
871 2161 971 2181 vanum
987 2161 1054 2180 con-

269 2202 378 2233 gregat;
394 2205 482 2232 neque
504 2197 576 2224 enim
598 2197 632 2225 iis
656 2199 713 2233 ipse
729 2205 842 2233 prorsus
858 2198 974 2231 fruetur,
989 2206 1051 2226 cum

269 2246 488 2275 sternutamento
514 2243 600 2270 citius
623 2251 656 2271 ex
680 2243 732 2271 hac
755 2244 809 2271 vita
827 2244 990 2272 auferendus
1004 2246 1050 2277 sit,
1068 2245 1090 2273 D

260 2295 358 2323 neque
374 2288 459 2323 probe
474 2290 543 2317 sciat
554 2289 601 2324 qui
618 2290 669 2325 ipsi
691 2290 777 2318 haeres
793 2290 900 2318 futurus
914 2291 949 2318 sit
963 2300 968 2317 :
986 2291 1051 2326 quid

267 2340 338 2362 vane
353 2335 535 2363 conturbatur
553 2336 564 2363 ?
579 2335 655 2363 Multi
667 2336 769 2372 itaque,
781 2337 839 2364 sive
850 2337 1051 2372 propemodum

267 2387 375 2413 omnes,
390 2389 451 2409 sese
465 2382 642 2418 deceperunt,
662 2390 724 2412 cum
742 2383 805 2411 tiliis
831 2387 859 2410 et
879 2382 1052 2412 charioribus

269 2425 366 2454 amicis
383 2435 412 2454 se
427 2427 539 2456 divitias
563 2429 709 2457 relicturos
729 2433 888 2464 sperarent;
907 2429 956 2457 sed
978 2429 1051 2464 quod

269 2468 392 2498 futurum
409 2477 481 2500 esset
495 2473 669 2509 ignorabant,
683 2475 902 2510 aberrabantque
917 2482 932 2502 a
957 2482 1050 2509 scopo.

268 2513 289 2545 li
300 2515 423 2551 profecto
434 2525 503 2546 vane
519 2520 666 2547 turbantur
676 2520 741 2548 dum
759 2521 903 2548 thesauros
917 2520 1052 2554 condunt,

268 2561 428 2598 ignorantes
451 2566 514 2600 quis
532 2567 710 2603 congregabit
731 2575 790 2596 eos.
812 2567 903 2602 Quare
924 2569 1054 2596 convenit

268 2616 323 2636 non
339 2615 451 2643 sperare
473 2611 500 2638 in
523 2612 705 2647 iniquitatem,
731 2616 758 2640 et
782 2613 810 2640 in
836 2622 880 2641 res
908 2613 1054 2649 iniquitate

267 2657 380 2691 partas;
396 2662 485 2691 neque
508 2657 532 2684 si
558 2658 660 2686 divitize
682 2658 803 2686 ﬂuminis
827 2659 914 2687 instar
929 2660 1051 2692 allluant,

268 2699 331 2728 ideo
339 2700 419 2736 erigi.
436 2700 514 2734 Quod
531 2703 553 2730 si
570 2705 679 2738 quando
694 2704 728 2732 de
743 2704 846 2734 divitiis
861 2706 960 2733 bonam
976 2715 1051 2741 spem

269 2753 405 2777 sumeres
423 2755 452 2774 re
469 2747 562 2780 fuerit,
589 2749 622 2777 de
647 2750 762 2782 divitiis,
786 2752 909 2786 inquam,
925 2760 958 2779 ex
973 2761 1051 2787 aquo

267 2795 296 2821 ct
309 2793 381 2819 bono
404 2794 489 2827 partis
504 2802 519 2821 a
536 2794 645 2831 Deoquc
660 2797 801 2832 pratbitis;
828 2798 873 2832 iis,
898 2798 983 2826 licus!
1002 2807 1049 2827 vos

302 2874 326 2891 "
345 2875 417 2905 Psal,
437 2882 550 2907 χχιιι-ιιι,
567 2876 592 2903 ti.
634 2876 653 2892 ⁷¹
677 2876 741 2903 ibid.
762 2875 802 2903 l2.
842 2877 862 2891 τε
886 2877 948 2904 ibid.
969 2876 995 2905 7.

1033 2877 1054 2892 ⁷³
1074 2876 1148 2905 Psal.
1166 2883 1188 2909 ι,
1208 2875 1234 2904 «ί.
1273 2876 1295 2891 ⁷⁸
1319 2874 1406 2905 Εοως.
1425 2883 1449 2908 ι,
1471 2875 1499 2905 9..

1103 263 1187 298 πάθη.
1204 262 1249 289 Διὸ
1264 261 1400 295 ἐπιλέγει·
1424 269 1434 285 ι
1457 257 1585 293 Ἐκχέατε
1610 254 1723 283 ἐνώπιον
1740 253 1827 281 αὑτοῦ
1839 254 1888 284 τὰς

1103 309 1215 344 καρδίας
1237 307 1324 342 ὑμῶν,
1360 307 1389 332 Ὀ
1411 305 1476 336 Θεὸς
1505 303 1599 338 βοηθὸς
1620 301 1710 337 ἡμῶν.
1727 309 1736 326 ι
1761 300 1889 333 Ἔχοντες

1102 353 1165 387 γὰρ,
1187 352 1263 386 φησὶ,
1278 351 1383 386 βοηθὸν.
1404 349 1484 384 μηδὲν
1505 346 1710 378 ὑποστέλλεσθε,
1730 344 1797 380 μηδέ
1815 353 1843 370 τι
1862 345 1890 370 ὲν

1102 400 1162 429 ταῖς
1176 398 1306 428 διανοίαις
1321 396 1396 430 ὑμῶν
1414 393 1612 429 ὑποκρύπτετε,
1626 390 1848 419 ἀναπετάσαντες
1861 387 1888 414 δὲ

1102 442 1136 468 τὰ
1148 443 1258 477 ταμιεῖα
1283 441 1332 476 τῆς
1353 440 1450 475 ψυχῆς,
1472 439 1533 470 τοὺς
1551 438 1579 463 ὲν
1595 437 1664 471 αὑτῇ
1684 433 1889 471 κρυπτομένους

1102 487 1247 522 λογισμοὺς
1262 486 1475 518 ἁνακαλύπτετε,
1491 485 1528 515 ὡς
1543 482 1575 510 ἂν
1592 482 1663 518 μόνῳ
1675 479 1771 515 ἀγαθῷ
1782 479 1830 506 καὶ
1846 477 1888 504 δυ-

1103 535 1175 569 νατῷ
1187 534 1221 561 τά
1231 535 1319 561 πάντα
1335 533 1425 560 ἰᾶσθαι
1440 531 1551 562 ἑαυτοὺς
1563 528 1783 565 ὲμπιστεύοντες.

1140 602 1148 617 ι
1170 591 1242 626 Πλὴν
1262 591 1370 625 μάταιοι
1386 590 1410 615 οἱ
1428 589 1480 614 υἱοὶ
1496 588 1549 614 τῶν
1564 585 1725 620 ἀνθρώπων,
1741 583 1850 618 ψευδεῖς
1864 581 1888 608 οἱ

1103 639 1155 664 υἱοὶ
1175 638 1228 664 τῶν
1244 636 1395 672 ἀνθρώπιον
1413 636 1441 661 ὲν
1460 634 1543 669 ζυγῷ,
1561 632 1606 659 τοῦ
1622 631 1750 664 ἀδικῆσαι
1764 629 1843 657 αὐτοὶ
1858 629 1890 655 ἐκ

1105 683 1282 719 ματαιότητος
1298 682 1343 708 ἐπὶ
1365 682 1395 707 τὺ
1417 681 1491 706 αὑτό.
1510 690 1518 705 ι
1542 680 1597 705 Καὶ
1614 679 1642 704 ὲν
1657 677 1696 712 τῷ
1713 677 1754 712 λη’
1769 675 1888 710 ἐλέγετο·

1105 738 1114 754 ι
1131 729 1203 764 Πλὴν
1216 729 1250 754 τὰ
1265 728 1407 762 σύμπαντα
1421 725 1577 761 ματαιότης,
1588 725 1640 755 πᾶς
1650 723 1791 758 ἄνθρωπος
1803 721 1867 754 ζῶν.
1877 730 1888 746 ι

1104 776 1156 801 Καὶ
1172 775 1262 801 πάλιν·
1283 784 1292 799 ι
1305 774 1377 808 Πλὴν
1394 772 1480 807 μάτην
1492 771 1681 806 ταράσσονται·
1694 778 1703 795 ι
1720 768 1777 800 καὶ,
1794 777 1803 793 ι
1820 766 1890 795 Μέν-

1103 829 1175 855 τοιγε
1193 822 1221 846 ὲν
1238 820 1321 846 είκόνι
1335 818 1524 854 διαπορεύεται
1541 816 1692 852 ἄνθρωπος,
1714 824 1723 840 ι
1742 812 1890 841 Κάνταῦθα

1105 865 1256 901 συμφώνως
1279 865 1392 894 ἐκείνοις
1413 863 1535 888 λέλεκται
1558 860 1592 886 τὰ
1610 859 1786 896 προκείμενα·
1804 858 1838 885 δι’
1854 854 1891 885 ὧν

509 914 587 948 queis
612 913 758 940 edocemur
782 913 807 939 in
831 920 885 939 uno
907 911 1051 939 Servatore

1104 896 1284 946 διέασκόμεθά
1302 910 1347 935 ἐπὶ
1363 910 1441 944 μόνον
1456 908 1501 934 τὸν
1517 907 1630 942 Σωτῆρα
1651 904 1781 936 ἐλπίζειν,
1796 904 1890 931 κάκεῖ-

1106 967 1148 984 νον
1167 957 1261 992 βοηὺὸν
1279 954 1485 990 ἐπιγράφεσθαι·
1504 952 1596 987 ἐπειδὴ
1614 952 1713 982 πάντες
1727 951 1750 976 οἱ
1768 950 1822 976 υἱοὶ
1839 948 1891 975 τῶν

1105 1002 1265 1038 ἀνθρώπων,
1291 1002 1341 1028 κᾶν
1365 1001 1493 1036 ἄρχοντες
1516 996 1585 1024 εἶναι
1607 997 1719 1027 δοκοῖεν,
1738 995 1789 1022 κᾶν
1807 993 1891 1020 πολλὰ

1104 1050 1246 1084 δυνάμενοι
1264 1047 1334 1074 κατὰ
1347 1047 1391 1073 τὸν
1411 1046 1477 1080 βίον,
1499 1045 1617 1080 μάταιοι·
1634 1043 1651 1078 ἣ
1668 1042 1738 1069 κατὰ
1755 1041 1800 1068 τὸν
1817 1041 1891 1076 Σύμ-

1107 1104 1202 1130 palm,
1222 1105 1230 1119 ι
1246 1093 1340 1128 ἀτμὸς,
1359 1102 1367 1118 ›
1385 1092 1442 1126 μετ’
1454 1090 1542 1124 ὀλίγον
1559 1090 1681 1124 ἐσόμενοι
1697 1097 1706 1112 ι
1724 1088 1789 1114 ὡσεὶ
1801 1086 1890 1122 χνοῦς,

1104 1143 1133 1168 ὃν
1151 1141 1274 1176 ἐκρίπτει
1296 1139 1393 1173 ἄνεμος
1412 1136 1464 1163 ἀπὸ
1486 1135 1632 1171 προσώπου
1656 1134 1704 1168 τῆς
1721 1133 1781 1168 γῆς.
1799 1141 1808 1158 ι
1834 1132 1891 1159 Ἑν-

1104 1186 1199 1213 τεῦοεν
1214 1186 1228 1212 ὁ
1245 1183 1370 1218 Σολομὼν
1385 1180 1535 1215 ὠφεληθεὶς
1547 1180 1593 1206 τὸν
1610 1178 1726 1214 πατέρα,
1745 1187 1753 1202 ι
1770 1176 1891 1204 Ματαιό-

1105 1241 1154 1266 της
1172 1230 1369 1266 ματαιοτήτων,
1395 1228 1428 1254 τὰ
1452 1227 1540 1253 πάντα
1564 1225 1723 1261 ματαιότης,
1743 1233 1751 1249 ι
1774 1224 1822 1250 καὶ
1842 1224 1890 1250 ὅσα

1104 1277 1214 1303 τοιαῦτα
1231 1276 1342 1311 ἔγραφε.
1360 1274 1474 1304 Ψευδεῖς
1487 1273 1514 1300 δέ
1534 1273 1586 1298 εἱσι
1603 1271 1673 1298 κατὰ
1684 1271 1729 1297 δύο
1739 1271 1857 1306 τρόπους
1867 1270 1891 1296 oi

1104 1323 1157 1348 υίοὶ
1172 1323 1224 1348 τῶν
1240 1322 1287 1348 ἀνθ
1293 1321 1399 1356 ρώπων·
1412 1319 1472 1346 καθ’
1486 1320 1533 1345 ἕνα
1548 1318 1597 1353 μὲν
1607 1316 1833 1351 ψευδολογοῦντες
1846 1315 1891 1342 καὶ

1107 1369 1215 1405 μακρὰν
1237 1369 1286 1403 τῆς
1307 1367 1434 1403 ἀληοείας
1458 1365 1668 1402 ἀπερριμμένοι·
1690 1363 1760 1390 κατὰ
1779 1363 1891 1398 Θάτερον

1104 1416 1132 1441 δὲ
1145 1415 1262 1445 ἀπάταις
1276 1415 1323 1440 καὶ
1339 1412 1526 1447 ψευδολογίαις
1539 1410 1693 1441 πλανῶντες
1703 1410 1767 1441 τοὺς
1782 1408 1892 1435 πιστεύ-

1104 1470 1182 1493 οντας
1201 1462 1300 1492 αὐτοῖς.
1317 1460 1362 1486 Διὸ
1375 1459 1405 1485 οὺ
1418 1459 1549 1494 προσήκει
1564 1459 1619 1489 τοῖς
1631 1455 1760 1487 τοιούτοις
1778 1456 1892 1487 ἑαυτοὺς

1105 1508 1245 1535 ἐκδιδόναι·
1267 1506 1411 1541 ψεύδεσθαι
1426 1505 1480 1539 γὰρ
1498 1504 1618 1535 εἰώθασι,
1640 1503 1685 1529 καὶ
1707 1503 1756 1529 οὐκ
1774 1502 1848 1528 ἔστιν
1863 1503 1893 1528 ὲν

1105 1555 1197 1585 αὐτοῖς
1220 1553 1343 1588 ἀλήθεια·
1368 1551 1437 1578 ἀλλὰ
1459 1551 1505 1577 καὶ
1527 1550 1603 1584 ζυγοὶ
1625 1549 1675 1583 τῆς
1694 1548 1785 1575 αὐτῶν
1802 1547 1892 1583 ψυχῆς

1105 1600 1180 1626 οὐδὲν
1195 1599 1297 1625 δίκαιον
1310 1598 1370 1624 οὐδὲ
1386 1598 1529 1632 ἰσόρροπον
1551 1595 1731 1632 περιέχουσιν·
1753 1593 1891 1629 ἑτεροκλι-

1105 1647 1159 1677 νεῖς
1175 1645 1202 1671 δὲ
1213 1645 1298 1675 ὄντες,
1311 1642 1440 1670 τάναντία
1449 1642 1487 1678 τῷ
1497 1642 1591 1676 δικαίῳ
1607 1631 1764 1676 πράττᾶυσι.
1781 1638 1892 1670 Τούτοις

1103 1689 1149 1717 οὖν
1172 1692 1227 1721 τοῖς
1251 1689 1354 1720 ἀδίκοις
1369 1688 1457 1715 αὐτῶν
1472 1687 1562 1721 ζυγοῖς
1577 1687 1625 1722 τὴν
1642 1685 1808 1721 ματαιὰτητα
1819 1692 1893 1720 περι-

1105 1737 1209 1768 έπουσι,
1225 1736 1274 1771 τὴν
1290 1735 1417 1770 ἀληθειαν
1436 1735 1481 1760 καὶ
1499 1734 1544 1760 τὸν
1565 1733 1665 1768 ταύτης
1678 1733 1744 1759 Θεὸν
1758 1732 1893 1767 ἀποστρε-

1108 1783 1226 1818 φόμενοι·
1244 1782 1284 1808 διὸ
1298 1781 1327 1807 οὺ
1346 1781 1479 1816 προσήκει
1499 1780 1588 1811 αὺτοῖς
1605 1778 1789 1814 ἐμπιστεύειν·
1811 1778 1891 1813 μόνον

1104 1829 1131 1856 δὲ
1147 1829 1192 1855 τὸν
1206 1827 1334 1863 λεχθέντα
1350 1826 1464 1861 Σωτῆρα
1481 1825 1574 1861 βοηθὸν
1592 1825 1801 1860 ἐπιγράφεσθαι.

1142 1894 1150 1910 ι
1167 1884 1212 1919 Μὴ
1234 1883 1358 1915 ἐλπίζετε
1382 1883 1427 1909 ἐπὶ
1447 1882 1563 1914 ἀδικίαν,
1584 1883 1631 1909 καὶ
1644 1881 1691 1907 ἐπὶ
1705 1882 1841 1917 ἅρπαγμα
1854 1879 1892 1916 μὴ

1104 1930 1274 1958 ἐπιποθεῖτε·
1295 1927 1408 1959 πλοῦτος
1425 1927 1472 1953 ἐὰν
1489 1927 1548 1963 ῥέῃ,
1571 1927 1608 1963 μὴ
1627 1925 1804 1961 προστίθεσθε
1823 1934 1891 1961 καρ-

1104 1976 1158 2010 δίᾳ.
1182 1986 1190 2002 ι
1219 1976 1274 2001 Καὶ
1296 1976 1324 2002 ὲν
1349 1974 1388 2010 τῷ
1412 1973 1452 2009 λη’
1478 1972 1614 2007 συγγενῶς
1638 1972 1742 2003 τούτοις
1770 1971 1889 2006 ἐλέγετο·

1107 2030 1116 2046 ι
1136 2021 1208 2056 Πλὴν
1226 2021 1313 2056 μάτην
1330 2020 1521 2055 ταράσσονται.
1540 2017 1716 2054 Θησαυρίζει,
1738 2018 1785 2044 καὶ
1801 2017 1832 2044 οὺ
1846 2026 1891 2052 γι-

1104 2067 1203 2093 νώσκει
1215 2066 1268 2093 τίνι
1283 2065 1390 2098 συνάξει
1407 2065 1485 2093 αὑτά.
1502 2075 1510 2090 ι
1534 2064 1610 2091 Ἐπεὶ
1627 2064 1715 2091 τοίνυν
1730 2066 1744 2091 ὁ
1758 2064 1891 2101 θησαυρί-

1105 2112 1219 2145 ζων·ὲπὶ
1239 2112 1289 2147 τῆς
1308 2112 1369 2147 γῆς,
1390 2112 1437 2138 καὶ
1455 2111 1537 2138 πολλὰ
1553 2110 1680 2146 χρήματα
1696 2109 1830 2144 συνάγων,
1851 2111 1892 2143 εις

1107 2159 1220 2194 μάταιον
1237 2158 1356 2192 συνάγει·
1375 2157 1435 2184 οὔτε
1451 2157 1504 2193 γὰρ
1525 2156 1553 2190 ἐξ
1573 2157 1690 2188 ἅπαντος
1709 2156 1790 2188 αὐτὸς
1802 2155 1891 2184 αὐτῶν

1105 2204 1263 2236 ἀπολαύσει,
1281 2203 1408 2240 πταρμοῦ
1427 2203 1518 2238 τάχιον
1533 2203 1579 2230 τοῦ
1603 2203 1660 2242 βίου
1684 2203 1891 2238 μεθιστάμενος,

1105 2250 1166 2277 οὔτε
1182 2251 1272 2277 ὁποῖον
1289 2250 1344 2283 Eget
1360 2250 1480 2285 διάδοχον
1496 2249 1617 2285 ἀκριῧῶς
1633 2249 1788 2276 πέπεισται·
1805 2250 1832 2276 τί
1846 2250 1892 2280 καὶ

1106 2295 1260 2331 Θορυὸεῖται
1274 2295 1361 2330 μάτην
1371 2303 1378 2327 ;
1392 2294 1486 2321 Πολλοὶ
1498 2295 1562 2329 γοῦν
1572 2295 1588 2330 ἢ
1599 2295 1644 2326 καὶ
1654 2294 1746 2330 σχεδὸν
1756 2295 1780 2321 oi
1793 2295 1891 2326 πάντες

1107 2343 1177 2376 σφᾶς
1193 2342 1292 2373 αὐτοὺς
1306 2343 1460 2377 ἠπάτησαν,
1479 2343 1545 2373 υἱοῖς
1567 2342 1616 2377 μὲν
1632 2342 1678 2368 καὶ
1695 2341 1832 2376 φιλτάτοις
1846 2341 1891 2370 τὸν

1105 2386 1194 2413 αὐτῶν
1217 2387 1331 2413 πλοῦτον
1353 2387 1509 2414 καταλιπεῖν
1531 2388 1774 2423 προσδοκήσαντες,
1790 2388 1890 2424 ἀγνοήη

1106 2441 1202 2464 σαντες
1223 2433 1251 2462 δὲ
1270 2433 1301 2459 τὸ
1320 2433 1414 2468 μέλλον
1430 2435 1477 2460 καὶ
1500 2434 1698 2469 ἀστοχήσαντες
1714 2434 1761 2461 τοῦ
1776 2434 1889 2465 σκοποῦ.

1105 2479 1201 2514 Μάτην
1221 2477 1267 2505 οὖν
1283 2480 1461 2515 ταράττονται
1480 2479 1587 2515 ἀληθῶς
1603 2479 1824 2516 θησαυρίζοντες,
1844 2482 1889 2511 καὶ

1103 2526 1133 2551 οὺ
1149 2524 1328 2558 γινώσκοντες
1346 2526 1387 2557 τίς
1408 2526 1516 2558 συνάξει
1536 2526 1614 2555 αὒτά.
1637 2526 1682 2552 Διὸ
1702 2527 1836 2562 προσήκει
1853 2527 1888 2562 μὴ

1103 2570 1223 2602 ἐλπίζειν
1243 2571 1288 2598 ἐπὶ
1305 2571 1411 2598 ἀδικίαν
1433 2572 1479 2598 καὶ
1493 2571 1527 2598 τὰ
1541 2572 1570 2605 ἔξ
1587 2571 1693 2604 ἀδικίας
1709 2572 1886 2608 ποριζόμενα.

1105 2615 1173 2651 μηδὲ
1186 2615 1299 2647 πλοῦτος
1313 2615 1358 2643 ἐὰν
1375 2616 1422 2651 ῥέῃ
1436 2617 1590 2652 ποταμηὸιλ
1606 2616 1764 2652 φερόμενος,
1776 2617 1884 2653 ἐπαίρε-

1104 2662 1175 2688 σθαι.
1192 2662 1224 2688 Εἰ
1236 2661 1264 2688 δὲ
1280 2662 1412 2697 προσήκει
1426 2663 1474 2689 καὶ
1493 2662 1537 2689 διὰ
1560 2663 1674 2694 πλούτου
1697 2663 1763 2689 ποτε
1785 2663 1887 2698 ἀγαθήν

1103 2716 1164 2734 τινα
1184 2707 1341 2743 πορίζεσθαι
1364 2706 1467 2738 ἐλπίδα.
1489 2708 1584 2743 δικαίῳ
1598 2708 1765 2744 χρησάμενοι
1781 2708 1887 2743 πλούτῳ

1101 2753 1140 2788 τῷ
1152 2754 1183 2779 ἐκ
1197 2754 1264 2779 Θεοῦ
1284 2753 1411 2784 πολλάκις
1427 2754 1613 2789 παρεχομένῳ·
1631 2744 1677 2780 καὶ
1692 2754 1782 2788 ζυγοῖς
1800 2755 1885 2790 ὀρΰοῐε

1103 2798 1150 2825 καὶ
1167 2798 1338 2829 ίσοστασίοις,
1349 2798 1460 2831 δεξιαῖς,
1473 2795 1494 2824 ὧ
1505 2796 1587 2830 οὗτοι,
1605 2799 1743 2834 χρήσασθε
1761 2799 1884 2835 πράξεσι,

1539 2876 1561 2892 ⁷³
1583 2876 1655 2906 Psal,
1673 2882 1792 2910 nutu,
1810 2876 1834 2904 Ἰ.
