2041 3215
281 167 334 196 599
619 166 1008 196 EUSEBIICESARIENSIS
1027 168 1103 197 OPP.
1124 168 1213 197 PARS
1233 168 1278 196 Ill.
1293 184 1329 190 --—
1343 168 1548 198 EXEGETICA.
1856 169 1906 197 600

282 227 414 255 fortitudo
443 226 501 257 Dei,
527 231 554 254 ct
579 226 640 258 tibi,
659 226 784 260 Domine,
808 227 1008 254 misericordia.
1026 226 1088 259 Tu,

1100 243 1104 258 δ
1119 227 1200 260 Θεοῦ,
1218 228 1263 254 καὶ
1275 228 1326 258 σοὶ.
1345 228 1478 259 Δέσποτα,
1493 228 1522 254 τὺ
1534 226 1616 258 ἕλεος,
1635 227 1670 252 Σὺ
1684 226 1712 252 δὲ
1725 226 1825 258 ἀπόδος
1839 227 1906 252 κατὰ

280 281 346 301 vero
356 273 438 301 redde
449 273 564 308 singulis
577 273 644 301 viris
658 273 809 300 secundum
825 280 908 308 opera
923 281 982 301 sua.
1003 285 1013 299 ι

868 280 908 300 :ra
923 281 982 301 sua.
1003 285 1013 299 ι
1119 274 1202 310 ἄνδρα
1219 275 1326 309 ἑκάστῳ
1343 273 1412 301 κατὰ
1428 274 1463 300 τὰ
1479 274 1546 310 ἔργα
1558 273 1650 301 αὐτοῦ.
1666 283 1674 299 1

282 343 308 371 ι.
321 341 484 369 PSALMUS
501 341 715 378 pavrnj_._(:yn
730 341 841 378 essm
858 341 890 368 IN
906 341 1067 369 nesenro

1119 345 1263 372 ΨΔΔΜΟΣ
1287 344 1331 370 TD
1347 343 1454 370 'AATIA
1480 343 1526 369 EN
1545 343 1589 378 Τῼ
1609 343 1700 369 ΕῐΝΛῐ
1727 341 1843 378 ᾼΥΤΟΝ
1865 340 1906 367 ΕΝ

533 377 571 413 (ί)
585 376 719 404 ΠΕΟᾹΞΑΞ
740 376 818 404 LXII.
1251 380 1298 416 Τῌ
1318 379 1435 414 ΕΡΗΜῼ
1453 379 1520 405 ΤΗΣ
1539 376 1696 405 ΙΟΥΔΛΙΔΣ
1714 377 1762 403 ΞΒ¹

316 433 401 462 Vens.
419 433 447 466 2,
462 435 488 461 5.
513 443 522 459 ‹
537 433 610 461 Deus
623 433 695 461 Deus
707 441 796 464 meus.
811 434 845 462 ad
862 438 889 462 te
903 434 936 462 de
955 434 1015 461 luce
1031 435 1069 461 vi-

1157 446 1165 460 ι
1187 437 1216 463 ’0
1229 436 1296 469 Θεὸς
1311 438 1325 463 ὁ
1339 436 1405 468 Θεός
1424 445 1484 471 μου,
1501 435 1569 470 πρὸς
1587 435 1616 460 σὲ
1630 432 1757 470 ὁρθρίζω.
1771 443 1781 459 ι
1797 432 1907 466 Φεύγων

279 476 344 515 gil'o.
363 490 372 506 ι
392 480 460 507 Cum
478 480 585 515 fugeret
600 479 696 512 David,
712 480 831 507 accessit
847 480 880 507 ad
892 480 1066 508 Achimelech

1118 484 1132 509 ὁ
1146 483 1227 510 Δαοῖδ
1239 483 1417 518 παραγίνεται
1434 482 1502 518 πρὸς
1520 481 1664 516 Ἀχιμέλεχ
1676 481 1721 507 τὸν
1735 480 1820 514 ἱερέα·
1835 479 1907 505 ἔνθεν

281 526 451 553 sacerdotem
464 535 471 559 ;
490 525 554 552 hinc
570 525 603 552 ad
614 525 707 553 Aelius
719 532 810 560 regem
825 524 911 559 Geth;
929 525 992 554 inde
1003 533 1068 553 vero

1119 528 1187 564 πρὸς
1203 527 1298 563 Ἀχοῦς
1312 529 1357 555 τὸν
1374 528 1486 563 βασιλέα
1497 527 1558 558 Γὲθ,
1573 526 1699 553 κάκεῖθεν
1715 526 1755 556 εἰς
1770 525 1908 560 Μασσηφα

280 572 308 599 in
322 571 464 607 Massepha
476 571 565 600 Moab.
584 571 641 599 Gad
659 576 751 599 autem
772 572 917 607 propheta,
945 575 991 608 qui
1017 573 1068 600 ad-

1118 574 1167 609 τῆς
1181 574 1278 601 Μωάό.
1293 574 1383 602 Συνὼν
1395 574 1424 600 δὲ
1439 573 1513 608 αὺτῷ
1524 572 1577 599 Γὰδ
1587 574 1601 599 ὁ
1614 573 1768 608 προφήτης,
1782 572 1908 606 παραινεί

280 622 352 649 erat,
371 622 468 645 auctor
484 623 527 646 est
548 618 599 653 ipsi
622 623 651 645 ut
671 626 705 646 nc
725 619 795 646 ultra
821 618 894 653 apud
917 619 1068 654 allophylos

1121 621 1158 656 μὴ
1172 620 1308 647 ποιεῖσθαι
1321 620 1398 656 παρὰ
1407 621 1462 652 τοῖς
1473 619 1632 654 ἀλλοφύλοις
1640 619 1688 650 τὰς
1699 617 1851 653 διατριϐάς.
1866 616 1909 643 Διὸ

281 673 374 692 moras
388 665 487 692 trahat.
500 664 592 698 Quare
603 665 667 692 inde
685 664 838 700 profectus,
856 665 883 692 in
899 665 1009 693 deserto
1023 665 1069 693 Ju-

1122 666 1258 701 μεταστὰς
1274 666 1409 698 ἐντεῦθεν,
1424 666 1474 702 τὴν
1487 665 1605 702 ἐρημίαν
1616 665 1666 700 τῆς
1685 664 1815 695 Ἰουδαίας
1830 664 1907 690 οἰκεῖ·

280 711 345 738 (Ιξοιο
356 710 472 742 habitat,
489 710 523 738 de
537 718 592 745 quo
612 714 736 746 tempore
757 711 814 738 haec
833 711 974 747 Scriptura
989 719 1069 739 enar-

1119 713 1162 739 ὅτε
1188 712 1235 739 καὶ
1261 713 1362 748 ἱστορεῖ
1386 712 1503 746 λέγουσα
1526 713 1543 747 ὴ
1565 712 1677 747 Γραφήσ
1705 719 1714 735 l
1729 710 1784 736 Kal.
1799 709 1910 736 ὲκάθιςε

281 761 326 785 rat
342 767 348 784 ε
368 767 376 782 ι
399 756 432 784 Et
449 757 609 785 morabatur
631 757 717 784 David
743 759 771 785 in
788 757 898 785 deserto
913 757 1068 787 Masscneth

1119 759 1200 786 Δαυῖδ
1218 761 1247 786 ὲν
1266 760 1300 794 τῇ
1322 759 1418 795 ὲρήμῳ
1433 758 1574 785 Μασσενὲθ
1601 759 1630 786 ὲν
1651 759 1708 789 τοῖς
1725 758 1844 788 στενοῖς·
1866 755 1909 782 καὶ

281 804 309 830 in
328 804 463 838 angustis,
489 807 516 831 et
531 803 610 831 sedes
628 803 745 831 habebat
761 803 788 831 in
803 803 913 832 deserto
933 804 961 832 in
976 810 1070 832 monte

1119 805 1238 841 ἐκάθητο
1259 806 1288 832 ὲν
1303 805 1342 841 τῷ
1358 805 1416 842 ὄρει
1431 806 1460 832 ὲν
1481 806 1515 841 τῇ
1532 805 1628 841 ἐρήμῳ
1644 803 1720 838 Ζείφ.
1743 803 1798 830 Καὶ
1821 803 1910 838 ἐζήτει

281 849 361 885 Ziph.
378 849 411 876 Et
428 850 566 884 qumrehat
590 857 653 877 cum
674 849 740 877 Saul
764 851 892 878 omnibus
917 851 1025 882 diebus,
1042 855 1069 878 et

1121 852 1202 879 αὑτὸν
1222 852 1309 879 Σαοὺλ
1330 852 1419 883 πάσας
1434 851 1484 883 τὰς
1502 851 1618 887 ἡμέρας,
1639 850 1688 877 καὶ
1706 849 1736 876 οὒ
1754 848 1912 885 παρέδωκεν

281 904 335 922 non
353 895 466 923 tradidit
485 904 547 923 eum
563 895 696 924 Dominus
722 896 750 923 in
768 904 866 924 manus
881 897 942 931 ejus
956 897 990 924 ⁷⁸.
1009 907 1018 923 ν
1039 897 1068 924 In

1105 933 1106 937 η
1121 899 1201 926 αὑτὸν
1217 899 1320 935 Κύριος
1335 900 1375 931 εἰς
1387 898 1436 930 τὰς
1448 899 1542 935 χεῖρας
1554 897 1648 925 αὐτοῦ.
1662 907 1671 923 ›
1691 897 1735 923 'Ev
1746 895 1852 927 τούτοις
1864 895 1911 927 ὢν,

281 943 333 969 hoc
349 950 441 970 rerum
468 946 552 976 statu,
566 943 641 970 hunc
665 943 801 979 psalmum
817 943 944 975 adornat,
975 948 1070 971 notato

1121 947 1166 973 τὸν
1182 946 1361 982 προκείμενον
1377 945 1484 980 ψαλμὸν
1503 944 1657 975 συντάττει,
1683 943 1728 969 τὸν
1752 941 1848 977 καιρὸν
1871 940 1911 967 διὰ

280 996 328 1022 per
341 988 449 1014 titulum
464 991 598 1023 tempore.
614 988 704 1021 Quare
723 989 826 1016 dictum
841 992 893 1020 est.
913 999 922 1015 ‹
944 988 1070 1017 Psahnus

1120 993 1169 1028 τῆς
1186 992 1348 1028 προγραφῆς
1363 992 1498 1028 σημήνας.
1516 991 1561 1017 Διὸ
1581 991 1697 1026 εἴρηται⁷
1716 998 1727 1014 ο
1742 988 1859 1023 Ψαλμὸς
1876 987 1912 1022 τῷ

280 1033 386 1065 Davidi,
403 1041 465 1061 cum
484 1039 558 1061 esset
571 1034 599 1061 in
614 1034 724 1062 deserto
734 1033 844 1062 Iudam.
869 1045 878 1061 ι
901 1034 923 1061 Ε
939 1043 968 1062 re
978 1039 1070 1063 autem

1121 1039 1213 1071 Δαυῒδ,
1228 1041 1256 1066 ἐν
1268 1039 1307 1075 τῷ
1321 1036 1391 1066 εἶναι
1404 1038 1484 1065 αὐτὸν
1497 1039 1526 1065 ὲν
1537 1039 1568 1073 τῇ
1583 1037 1680 1072 ἐρήμῳ
1690 1036 1739 1071 τῆς
1755 1034 1911 1065 Ἰουδαίας.»

281 1080 364 1107 fuerit
377 1080 422 1107 hic
436 1088 545 1108 rursum
557 1080 716 1114 observare,
733 1088 787 1108 non
803 1088 837 1108 ex
855 1080 929 1109 serie
947 1081 1070 1109 historia:

1122 1086 1238 1121 Εῠλογον
1259 1086 1288 1113 δὲ
1304 1085 1422 1113 ἐνταῦθα
1438 1085 1601 1120 γενομένους
1618 1081 1842 1118 ἐπισημήνασθαι
1864 1079 1913 1106 πά-

279 1131 308 1153 et
336 1130 501 1161 temporum,
529 1126 654 1154 ordinem
680 1127 849 1162 psalmorum
878 1127 1068 1160 constitutum,

1121 1132 1173 1164 λιν,
1188 1132 1228 1158 ὅτι
1241 1131 1278 1167 μὴ
1292 1131 1364 1158 κατὰ
1377 1130 1539 1158 ἀκολουθίαν
1552 1129 1608 1156 τῶν
1620 1129 1669 1164 τῆς
1682 1127 1801 1163 ἱστορίας
1812 1126 1913 1162 χρόνων

281 1172 329 1200 sed
357 1173 435 1200 valde
458 1172 589 1207 permista
607 1176 731 1208 tempora
757 1181 830 1201 esse.
861 1173 929 1201 Nam
955 1174 1071 1202 historia

1122 1179 1139 1215 ἡ
1155 1178 1209 1205 τῶν
1225 1178 1341 1214 ψαλμῶν
1358 1177 1501 1212 σύγκειται
1514 1176 1600 1208 τάξις·
1616 1172 1779 1210 ὲνήλλακται
1792 1173 1821 1199 δὲ
1839 1171 1913 1207 παρὰ

281 1219 370 1253 primo
386 1222 522 1252 recenset,
539 1218 650 1246 Saulem
666 1219 780 1248 nuntios
792 1219 902 1248 misisse
918 1220 945 1248 in
958 1220 1070 1248 domum

1122 1224 1190 1251 πολὺ
1209 1225 1266 1256 τοῖς
1285 1224 1401 1260 χρόνοις.
1421 1222 1526 1249 Αὐτίκα
1539 1221 1604 1256 γοῦν
1618 1222 1634 1256 ἡ
1650 1221 1698 1256 μὲν
1714 1219 1821 1254 ἱστορία
1840 1218 1913 1254 πρώ-

283 1264 378 1296 David.
401 1265 447 1301 qui
472 1264 661 1293 interﬁcerent
676 1273 753 1298 eum,
770 1270 797 1294 et
813 1265 929 1294 Melchol
956 1274 1070 1294 uxorem

1121 1280 1172 1307 την
1196 1271 1319 1306 περιέχει
1341 1269 1390 1305 τὴν
1407 1269 1532 1304 διήγησιν
1547 1267 1608 1294 καθ’
1620 1267 1654 1302 ῆν
1670 1265 1812 1293 ἀπέστειλε
1830 1264 1913 1291 Σαοὺλ

281 1311 342 1345 eius
369 1311 514 1339 ἀθηὶίδίεεθ
540 1319 602 1338 eum
628 1319 676 1347 Per
703 1311 872 1346 Ῑεῐλεειηωῖ
898 1312 1072 1340 Ρετίιηιοτυῐι)
1122 1316 1254 1351 ἀγγέλους
1269 1316 1309 1348 εἰς
1323 1315 1369 1342 τὸν
1388 1311 1462 1341 οἷκον
1479 1313 1571 1345 Δαυῖδ,
1591 1313 1639 1340 τοῦ
1653 1311 1806 1338 θανατῶσαι
1823 1310 1913 1337 αὐτόν’

282 1365 348 1385 vero
365 1358 502 1393 scriptura
519 1365 580 1386 eam
596 1366 653 1386 rem
669 1358 697 1386 in
714 1366 779 1386 Lvm
807 1363 951 1387 memorat.
968 1358 1072 1387 Deinde

1122 1364 1162 1390 ὅτι
1176 1363 1283 1398 Μελχδλ
1293 1363 1310 1398 ἡ
1327 1362 1396 1397 γυνὴ
1410 1361 1492 1388 αὐτοῦ
1510 1360 1629 1396 καθῆκεν
1647 1359 1727 1386 αὑτὸν
1743 1358 1787 1384 διὰ
1801 1357 1852 1392 τῆς
1869 1356 1913 1383 θυ-

281 1403 398 1432 historia
415 1404 565 1440 Scriptum
578 1410 675 1432 narrat
689 1405 801 1433 venisse
814 1405 943 1434 Davidem
957 1406 985 1433 in
996 1405 1073 1433 Noba

1123 1409 1211 1445 ρίδος’
1230 1410 1247 1444 ἡ
1264 1409 1293 1435 δὲ
1313 1408 1367 1434 τῶν
1394 1407 1509 1443 ψαλμῶν
1531 1407 1626 1442 γραφὴ
1650 1406 1679 1432 ὲν
1696 1404 1735 1440 τῷ
1751 1407 1791 1440 νη¹
1813 1403 1915 1438 ταύτης

281 1450 316 1477 ad
335 1451 512 1479 Achimelech
527 1452 719 1485 sacerdotem;
748 1451 796 1479 sed
812 1451 985 1480 Psalmorum
1003 1452 1072 1480 liber

1124 1455 1261 1491 μέμνηται
1277 1454 1327 1489 τῆς
1343 1453 1478 1490 πράξεως.
1494 1451 1551 1480 Εἴθ’
1568 1453 1632 1488 ἑξῆς
1649 1453 1665 1488 ὴ
1685 1451 1735 1487 μὲν
1751 1450 1848 1486 Γραψὴ
1862 1449 1915 1476 τῶν

281 1497 353 1524 hanc
368 1505 426 1524 rem
441 1503 544 1533 gestam
563 1497 690 1525 meminit
710 1497 737 1524 in
760 1505 849 1525 xum
865 1498 979 1531 psalmo.
998 1497 1071 1525 Rur-

1125 1501 1250 1538 ίστοριῶν
1264 1501 1395 1531 διδάσκει,
1418 1500 1456 1532 ὡς
1481 1500 1591 1536 ἔρχεται
1607 1498 1688 1525 Δαυῒδ
1701 1498 1741 1529 είς
1758 1497 1834 1523 Νοεᾶ
1849 1495 1915 1531 πρὸς

282 1551 400 1579 suntque
415 1545 552 1579 scriptura
576 1544 733 1580 Regnorum
746 1543 785 1570 ait
799 1552 806 1570 :
823 1553 831 1569 ε
852 1543 885 1571 Et
901 1544 970 1572 abiit
987 1544 1070 1571 David

1129 1548 1273 1584 Ἀχιμὲλεχ
1286 1547 1330 1574 τὸν
1345 1547 1428 1583 ἱερέα*
1439 1547 1456 1582 ὴ
1470 1546 1498 1573 δὲ
1513 1545 1603 1581 βίϐλος
1613 1545 1667 1571 τῶν
1681 1542 1804 1578 Ψαλμῶν
1814 1542 1916 1577 ταύτης
1927 1548 1929 1550 ‘

283 1589 357 1620 inde.
372 1594 399 1617 et
416 1591 500 1622 venit,
513 1595 540 1618 et
557 1590 680 1618 salvatus
709 1594 751 1617 est
777 1589 804 1616 in
829 1589 960 1624 spelunca
987 1589 1072 1617 Odol-
1086 1612 1089 1630 ι

1126 1595 1263 1630 μέμνηται
1277 1593 1328 1628 τῆς
1343 1592 1469 1628 πράξεως
1486 1593 1514 1618 ὲν
1529 1591 1568 1626 τῷ
1582 1591 1624 1625 λγ¹
1636 1589 1745 1625 ψαλμῷ.
1763 1587 1818 1614 Καὶ
1835 1586 1915 1634 σιτάλιν

283 1636 337 1662 lam
355 1636 393 1667 7°;
414 1645 423 1661 ι
443 1636 513 1664 liber
529 1641 622 1663 autem
637 1635 810 1664 Psalmovum
830 1636 913 1670 hujus
927 1636 1030 1671 negotii
1043 1635 1071 1662 in

1124 1642 1141 1676 ἡ
1159 1641 1208 1676 μὲν
1227 1639 1320 1675 γραφὴ
1336 1638 1390 1666 τῶν
1410 1637 1556 1665 Βασιλειῶν
1573 1645 1652 1672 φησι-
1671 1645 1680 1660 ι
1698 1635 1754 1679 Kal.
1769 1633 1914 1668 ἀπηλλάγη

283 1690 326 1708 LVI
356 1682 522 1709 mentionem
551 1681 626 1709 facit.
649 1681 706 1710 Sub
735 1682 793 1710 haec
814 1682 913 1710 iterum
935 1682 1073 1718 scriptura

1124 1685 1206 1713 Δαυῒδ
1213 1685 1347 1716 ἐντεῦθεν,
1357 1685 1405 1712 καὶ
1419 1684 1542 1719 ἔρχεται,
1557 1683 1605 1709 καὶ⁸
1618 1680 1733 1716 διεσώθη
1751 1681 1791 1712 εἰς
1803 1680 1834 1706 τὸ
1848 1680 1915 1714 σπή-

283 1729 442 1764 Regnorum
460 1728 531 1756 Doec
542 1732 691 1761 memorat,
707 1736 762 1764 quo
774 1733 854 1763 pacto
865 1728 972 1756 scilicet
988 1728 1073 1755 Achi-

1124 1731 1198 1759 λαιον
1214 1730 1245 1758 τὸ
1261 1730 1402 1766 Ὀδολλάμ’
1419 1739 1428 1756 ι
1445 1732 1463 1765 ἡ
1477 1729 1506 1756 δὲ
1523 1728 1612 1764 βίὸλος
1626 1727 1680 1754 τῶν
1694 1726 1817 1762 Ψαλμῶν
1835 1727 1864 1752 ὲν
1879 1724 1915 1760 τῷ

284 1775 389 1803 meleeh
418 1775 589 1802 sacerdotem
606 1775 678 1810 apud
695 1774 804 1802 Saulem
821 1775 1005 1803 calumniatus
1019 1775 1073 1809 sit;

1124 1780 1168 1810 νς¹
1186 1776 1323 1813 μέμνηται
1340 1777 1390 1812 τῆς
1411 1775 1525 1808 τάξεως.
1549 1775 1605 1802 Καὶ
1619 1772 1697 1805 αὖθις
1716 1772 1785 1808 μετὰ
1800 1772 1915 1807 ταῦταή

284 1825 312 1849 at
327 1821 498 1849 Psalmorum
511 1821 580 1849 liber
597 1821 623 1848 in
642 1829 668 1848 LI
679 1821 731 1849 hoc
745 1826 853 1857 tempus
865 1825 1072 1849 commemorat.

1127 1824 1176 1860 μὲν
1193 1823 1286 1859 γραφὴ
1302 1823 1357 1850 τῶν
1379 1822 1526 1849 Βασιλειῶν
1547 1821 1593 1848 τοῦ
1614 1820 1694 1856 Δωὴκ
1715 1820 1864 1855 μέμνηται,
1880 1818 1916 1849 ὡς

283 1869 381 1903 Agnita
394 1876 476 1903 porro
491 1868 575 1896 David
602 1868 689 1904 ipsius
703 1867 775 1896 Doec
797 1867 947 1900 calumnia,
964 1867 1034 1902 fugit
1048 1872 1075 1895 et

1125 1869 1287 1904 διαὸέῦληκε
1303 1869 1343 1904 τῷ
1361 1868 1448 1895 Σαοὺλ
1465 1868 1511 1895 τὸν
1532 1867 1606 1903 ἱερέα
1629 1865 1782 1902 Ἀχιμέλεχ·
1801 1866 1818 1900 ἡ
1833 1865 1862 1891 δὲ
1879 1863 1917 1898 βί-

285 1916 313 1943 in
330 1915 468 1943 desertum
485 1914 585 1943 Iudaea:
604 1923 635 1943 se
650 1915 778 1947 contulit,
793 1923 848 1950 quo
859 1919 984 1950 tempore
1002 1914 1075 1942 hunc

1126 1915 1188 1947 ὅλος
1201 1915 1256 1942 τῶν
1266 1915 1389 1950 Ψαλμῶν
1404 1915 1433 1941 έν
1445 1913 1485 1949 τῷ
1498 1917 1537 1940 va’
1545 1913 1639 1940 τοῦτον
1656 1911 1782 1947 σημαίνει
1797 1911 1844 1936 τὸν
1857 1909 1917 1946 χρό-

283 1969 365 1995 quetn
384 1965 534 1989 tractamus
549 1961 685 1997 psalmum
700 1961 855 1989 adornavit.
880 1961 913 1988 Et
937 1960 1074 1996 scriptura

1126 1970 1180 1989 vov.
1193 1961 1277 1993 Γνοὺς
1290 1960 1319 1987 δὲ
1333 1961 1347 1987 ὁ
1358 1959 1440 1988 Δαυῖδ
1453 1959 1501 1996 τὴν
1513 1959 1560 1986 τοῦ
1575 1958 1656 1994 Δωὴκ
1669 1957 1805 1992 διαϐολὴν,
1823 1956 1917 1991 φεύγει

285 2006 395 2041 quidem
425 2006 583 2041 Regnorum
611 2011 674 2042 post
701 2007 854 2042 praesentis,
887 2007 994 2034 scilicet
1017 2014 1074 2034 LXII

1126 2007 1174 2034 καὶ
1197 2006 1379 2043 παραγίνεται
1399 2006 1439 2038 εἰς
1459 2006 1509 2042 την
1530 2005 1632 2041 ἔρημον
1644 2005 1693 2039 τῆς
1717 2002 1858 2034 Ἰουδαίας,
1875 2003 1917 2028 ὅτε

285 2051 385 2086 psalmi
407 2055 525 2086 tempus,
546 2052 672 2087 quaedam
687 2056 765 2087 gesta
782 2056 992 2084 commemorat,
1005 2059 1032 2078 v.
1046 2059 1073 2086 ε.

1126 2054 1173 2080 καὶ
1195 2053 1336 2080 συντάττει
1354 2052 1402 2079 τὺν
1423 2053 1495 2087 ’μετὰ
1516 2052 1609 2087 χεῖρας
1630 2049 1746 2085 ψαλμόν.
1764 2049 1821 2075 Καὶ
1837 2049 1853 2083 ἡ
1871 2048 1917 2083 μὲν

285 2101 315 2125 ut
331 2097 433 2132 Zipltaai
450 2097 534 2124 David
550 2098 622 2132 apud
635 2097 745 2125 Saulem
762 2097 923 2125 calumniati
942 2101 1025 2130 sunt;
1042 2096 1076 2124 de

1125 2099 1219 2136 γραφὴ
1233 2099 1287 2126 τῶν
1299 2097 1448 2125 Βασιλειῶν
1464 2097 1536 2134 μετὰ
1546 2097 1591 2124 τὸν
1608 2096 1702 2133 χρόνον
1719 2094 1767 2121 τοῦ
1785 2094 1854 2130 μετὰ
1865 2094 1918 2129 χεῖ-

285 2143 386 2179 quibus
403 2142 577 2170 Psalmorum
589 2143 669 2175 liber,
685 2143 712 2170 in
725 2151 784 2176 LIII,
802 2142 968 2171 mentionem
981 2142 1073 2175 habet,

1127 2154 1177 2181 ρας
1191 2144 1309 2181 ψαλμοῦ,
1325 2144 1398 2183 λέγω
1411 2144 1439 2171 δὲ
1455 2144 1502 2171 τοῦ
1519 2143 1569 2177 56',
1581 2141 1707 2179 πράξεών
1720 2150 1802 2168 τινων
1816 2140 1918 2176 μέμνη-

285 2190 365 2224 cujus
383 2189 480 2216 titulus
491 2192 535 2215 est
555 2199 561 2216 :
581 2197 590 2214 ι
609 2188 638 2216 In
664 2188 758 2221 ﬁnem,
776 2190 805 2216 in
820 2189 942 2225 hymnis,
967 2189 1075 2218 intelle-

1126 2198 1182 2222 ται,
1193 2190 1232 2222 ὡς
1245 2191 1273 2217 οι
1284 2190 1389 2225 Ζιφαῖοι
1400 2188 1571 2216 διαϐάλλουσι
1585 2187 1624 2223 τῷ
1637 2186 1723 2213 Σαοὺλ
1735 2186 1782 2212 τὸν
1798 2183 1889 2212 Δαυῖδ·
1903 2185 1919 2219 ἡ

285 2239 347 2262 ctus
361 2234 458 2265 David,
476 2241 539 2261 cum
556 2234 697 2261 venissent
715 2233 828 2268 Ziphati,
845 2238 873 2262 et
887 2234 1024 2263 dixissent
1040 2234 1075 2262 ad

1126 2235 1155 2262 δὲ
1169 2235 1260 2271 βίϐλος
1272 2235 1327 2262 τῶν
1334 2234 1457 2270 Ψαλμῶν
1468 2233 1571 2261 τούτων
1585 2233 1720 2269 μέμνηται
1732 2232 1760 2258 ὲν
1774 2231 1813 2266 τῷ
1828 2233 1878 2264 vf,
1892 2230 1919 2262 ὃς

286 2281 363 2312 Saul,
382 2280 451 2308 Ecce
469 2280 556 2307 David
575 2280 758 2309 absconditus
784 2285 828 2309 est
840 2282 913 2316 apud
930 2289 992 2310 nos.
1013 2292 1023 2308 ι
1040 2281 1074 2309 Et
1091 2277 1092 2304 ἶ

1127 2281 1321 2317 ἐπιγράφεται,
1337 2291 1346 2307 ι
1365 2281 1412 2312 Εἰς
1428 2280 1459 2307 τδ
1476 2279 1551 2311 τέλος
1567 2279 1595 2306 ὲν
1612 2278 1718 2314 ὕμνοις,
1735 2277 1870 2308 συνέσεως
1883 2274 1919 2310 τῷ

285 2336 318 2355 ιν
334 2327 484 2362 inscriptus
503 2331 546 2354 est
560 2336 567 2354 :
585 2335 595 2352 ι
615 2326 731 2359 Quando
747 2331 895 2354 tenuerunt
910 2335 972 2354 eum
995 2328 1072 2355 Allo-

1128 2327 1220 2361 Δαυῒδ,
1243 2329 1272 2355 ὲν
1296 2327 1335 2363 τῷ
1356 2327 1442 2354 ἐλθεῖν
1463 2327 1528 2359 τοὺς
1552 2325 1691 2361 Ζιφαίους,
1712 2325 1760 2351 καὶ
1778 2324 1867 2350 εἰπεῖν
1883 2322 1918 2358 τῷ

283 2374 357 2410 phyli
375 2374 402 2401 in
419 2373 500 2401 Gcth.
516 2383 525 2399 ι
540 2373 608 2400 Illud
620 2378 710 2401 autem
727 2373 884 2408 Regnorum
896 2374 1072 2409 scripturain

1127 2374 1222 2401 Σαούλ”
1246 2374 1310 2401 Ἰδοὺ
1327 2374 1408 2401 Δαυῖδ
1422 2373 1577 2410 κέκρυπται
1592 2373 1655 2408 παρ’
1669 2372 1746 2407 ἡμῖν.
1767 2380 1776 2395 Ι
1792 2370 1848 2396 Καὶ
1861 2370 1875 2396 ὁ
1885 2371 1918 2395 νε⁸

284 2426 424 2457 postrema
440 2421 563 2448 historiae
575 2425 653 2456 parte
678 2420 795 2455 reponit.
808 2419 904 2448 Viden‘
922 2428 978 2456 quo
992 2425 1074 2456 pacto

1128 2421 1340 2457 ἐπιγέγραπται·
1358 2430 1369 2447 ι
1389 2421 1454 2447 Ὅτε
1470 2420 1626 2456 ἐκράτησαν
1639 2417 1720 2445 αὑτὸν
1734 2417 1759 2443 οἱ
1776 2415 1918 2450 ἀλλόφυλοι

285 2468 373 2503 prima
388 2472 538 2502 postrema.
554 2473 581 2495 et
598 2471 737 2503 postrema
750 2468 837 2502 prima
851 2468 1075 2496 constituantur?

1127 2468 1157 2495 ὲν
1166 2467 1242 2494 Γέθ.ι
1258 2466 1343 2494 Τοῦτο
1356 2467 1384 2494 δὲ
1398 2466 1478 2503 ἡτῶν
1486 2464 1635 2492 Βασιλειῶν
1648 2463 1742 2499 γραφὴ
1756 2463 1784 2489 ἐν
1797 2462 1918 2496 ὑστέροις

284 2513 363 2545 Quod
389 2513 412 2539 si
436 2514 588 2541 secundum
611 2518 764 2549 temporum
780 2514 880 2542 seriem
892 2514 990 2550 digesti
1008 2515 1076 2543 fuis-

1127 2512 1220 2549 τίθησι
1232 2513 1283 2548 τῆς
1300 2512 1434 2549 ἱστορίας.
1454 2512 1536 2548 Ὁρᾷς
1556 2512 1629 2542 ὅπως
1643 2509 1678 2537 τὰ
1694 2509 1791 2544 πρῶτα
1807 2507 1919 2543 ὕστερα,

284 2563 356 2589 sent,
370 2558 476 2593 primus
489 2559 651 2587 statuendus
659 2564 718 2588 erat
728 2567 805 2593 Lvm,
821 2561 959 2590 secundus
976 2569 1075 2594 nam,

1128 2561 1176 2588 καὶ
1191 2559 1227 2588 τὰ
1243 2559 1345 2596 ὕστερα
1360 2559 1457 2596 πρῶτα
1471 2559 1601 2586 τέτακται
1612 2567 1618 2591 ;
1631 2557 1669 2589 ὡς
1683 2557 1707 2583 εἰ
1721 2555 1794 2583 κατὰ
1807 2555 1918 2582 ἀκολου-

285 2605 385 2645 tertius
405 2604 505 2633 deinde
523 2613 579 2637 LVI,
609 2611 724 2641 quartus
748 2613 787 2637 ιι.
817 2610 845 2634 et
874 2611 1075 2642 consequenter

1128 2607 1189 2635 θίαν
1202 2607 1256 2634 τῶν
1269 2608 1373 2644 χρόνων
1390 2607 1504 2640 τέθειτο,
1527 2606 1635 2642 πρῶτος
1656 2605 1689 2632 ἂν
1709 2603 1826 2630 τέτακτο
1839 2604 1854 2629 ὁ
1869 2605 1917 2637 vr].

285 2651 398 2685 quintus
415 2659 482 2683 LXII,
494 2657 590 2680 SBXIUS
601 2660 661 2683 LIII.
676 2660 708 2680 ac
721 2657 879 2688 postremus
889 2653 1012 2681 omnium
1030 2662 1073 2681 LV.

1127 2655 1192 2690 ἑξῆς
1209 2654 1296 2690 τούτῳ
1313 2655 1327 2681 ὁ
1340 2654 1391 2688 λγ’,
1408 2654 1456 2681 καὶ
1469 2653 1561 2690 τρίτος
1577 2652 1625 2679 καὶ
1638 2651 1707 2687 μετὰ
1721 2650 1824 2677 τούτων
1838 2650 1852 2676 ὁ
1865 2648 1916 2680 νς¹,

285 2697 351 2725 Post
366 2701 482 2725 mortem
498 2706 564 2725 vero
579 2697 672 2726 Saulis
687 2699 804 2734 primum
825 2699 920 2735 psallit
935 2707 991 2731 LIX,
1010 2708 1073 2728 cum

1127 2700 1174 2727 καὶ
1186 2700 1291 2732 τούτοις
1307 2700 1436 2735 τέταρτος
1447 2700 1462 2726 ὀ
1473 2703 1523 2731 να¹,
1542 2696 1590 2725 εἶτ’
1603 2696 1758 2728 ἀκολούθως
1770 2696 1894 2731 πέμπτος
1906 2695 1918 2720 ὁ

286 2744 423 2778 percussit
437 2743 506 2771 Joab
519 2744 617 2770 vallem
635 2743 802 2776 Salinarum,
821 2745 949 2780 cepitque
973 2745 1074 2773 duode-

1126 2747 1176 2781 ξδ’,
1193 2747 1240 2774 καὶ
1259 2747 1337 2779 ἕκτος
1351 2748 1365 2774 ὁ
1377 2750 1428 2782 vf,
1444 2747 1491 2774 καὶ
1510 2746 1579 2783 μετὰ
1593 2746 1698 2776 πάντας
1713 2744 1827 2775 τούτους
1842 2742 1856 2768 ὁ
1874 2745 1916 2769 νε¹.

285 2790 338 2816 cini
355 2791 439 2817 millia
455 2790 596 2818 hominum
613 2790 812 2824 Moabitarum;
831 2800 840 2817 ι
858 2799 874 2818 ι
887 2799 951 2819 vero
963 2795 1067 2826 postea,

1123 2792 1200 2821 Μετὰ
1220 2793 1249 2820 δὲ
1268 2794 1314 2821 τὸν
1336 2793 1449 2822 θάνατον
1473 2793 1520 2821 τοῦ
1540 2792 1627 2821 Σαοὺλ
1644 2791 1752 2827 πρῶτον
1769 2790 1864 2825 ψάλλει
1875 2787 1917 2816 τὸν

322 2868 345 2882 τκ
365 2867 373 2894 I
390 2867 453 2901 Reg.
474 2876 557 2900 XXIII,
578 2867 668 2895 ILIS.
706 2868 728 2884 ""
750 2869 758 2895 I
776 2868 841 2905 Reg.
859 2870 978 2901 xxn,1.

322 2914 360 2948 (l)
382 2913 467 2942 Cresc.
485 2919 511 2942 ct
524 2914 759 2950 Vulg.'lduym-w.
