2041 3215
156 184 204 213 601

714 180 964 210 COMMENTARIA
983 181 1019 209 IN
1035 179 1204 209 PSALMOS.
1259 154 1321 194 ὧν

1726 172 1781 208 σος

154 243 204 276 νθ¹,
219 243 301 279 ἡνίκα
316 242 451 275 ἐπάταξεν
473 241 551 268 Ἱωὰϐ
565 241 614 277 τὴν
629 241 759 276 φάραγγα
772 240 827 267 τῶν
845 241 939 273 Ἂλῶν,

995 250 1005 268 ι
1022 241 1133 276 quando
1147 240 1222 268 venit
1244 241 1277 267 ad
1295 240 1383 275 ipsum
1410 241 1515 269 Natban
1532 241 1676 277 propheta,
1702 248 1778 276 post.-

154 289 203 317 καὶ
224 288 395 323 ὑποχειρίους
415 285 471 314 εἷλε
495 288 556 319 τοὺς
577 286 665 314 Μωὰὸ
689 285 721 312 ι6¹
742 286 872 322 χιλιάδας.
890 286 941 313 Τδν

154 335 183 362 δὲ
194 338 215 362 *Ι
225 343 232 350 ·
247 334 315 368 μετὰ
329 333 424 367 ταῦτα,
439 334 483 360 ὅτε
495 331 560 368 ἦλθε
575 333 642 369 πρὸς
656 333 736 359 αὑτὸν
749 333 841 359 Ναθὰν
854 333 868 359 ὁ
879 341 943 368 προ-

155 369 348 416 φήτηςίήνίκα
364 379 410 406 καὶ
426 379 534 414 εἰσῆλθε
557 379 625 415 πρὸς
646 378 795 414 Βηθσαῦεέ.
816 376 882 405 Εἶτα
896 378 941 404 τὸν

152 426 245 460 τρίτον
267 424 417 455 συντάττει,
440 424 483 449 ὅτε
502 423 696 459 ἀπεδίδρασκεν
721 423 774 449 ἀπὸ
795 422 940 458 προσώπου

160 469 337 504 Ἀἣεσσαλὼμ
357 468 402 496 τοῦ
420 469 477 495 υἱοῦ
498 468 590 495 αὐτοῦ’
606 469 652 495 καὶ
673 468 743 503 μετὰ
763 469 849 494 ταῦτα
864 468 908 495 τὸν
920 469 941 500 ς’

155 516 226 551 ὑπὲρ
239 516 292 542 τῶν
304 515 390 550 λόγων
406 515 490 541 Χουσὶ
506 515 564 541 υἱοῦ
583 515 702 549 Ὶεμινεί.
719 514 767 546 Τίς
781 512 827 540 οὖν
844 515 893 540 οὐκ
909 515 941 541 ἂν

154 563 203 597 τὴν
216 561 317 588 τούτων
332 561 474 596 ζητήσειεν
491 560 597 593 αὶτίαν;
615 561 652 586 Οὔ
672 560 726 596 γὰρ
743 560 800 595 ἔχει
818 560 896 594 λόγον
910 560 940 586 τὸ

155 609 193 643 μὴ
208 608 253 634 διὰ
265 616 341 639 τινας
358 607 508 641 ἀναγκαίας
522 606 662 638 ὑποθέσεις
679 607 764 633 ταῦτα
779 606 872 633 τοῦτον
887 607 942 633 δια-

152 654 281 689 τετάχθαι
304 653 348 680 τὺν
365 653 476 689 τρόπον.
496 653 592 684 Ἀλλος
609 653 657 688 μὲν
671 650 716 679 οὖν
731 654 792 684 τοὺς
809 653 941 688 ἀριθμοὺς

152 700 252 732 αὐτοὺς
268 700 387 735 οἰήσεται
406 699 476 735 ἔχειν
495 699 555 726 τινὰ
572 699 694 734 δύναμιν·
712 699 752 725 διὸ
768 699 942 734 καταλλήλως

153 746 262 781 ἑκάστῳ
282 745 390 781 ἀριθμῴ
404 745 574 780 ὲφηρμόσθαι
591 745 638 780 τὴν
656 745 773 772 διάνοιαν
787 745 840 771 τῶν
856 746 940 781 ἐμφε-

155 791 276 826 ρομένων
286 790 381 824 λόγων
396 788 451 816 οἷον
463 790 500 821 ὡς
519 790 566 816 ἐπὶ
586 789 806 825 παραδείγματος
820 790 834 816 ὁ
848 794 868 817 ν’
883 791 942 826 ἀρι-

153 837 223 872 θμὸς
241 837 286 863 τὸν
300 836 362 872 περὶ
374 836 495 870 ἀφέσεως
512 835 715 871 ἁμαρτημάτων
731 835 808 869 λόγον
821 836 940 871 περιέχει

152 882 196 909 διὰ
209 884 258 918 τὴν
269 883 298 909 ὲν
311 882 349 917 τῷ
361 882 435 917 νὸμῳ
446 881 598 916 φερομένην
610 882 894 917 πεντηκονταετερίδα,
907 883 940 918 ἦν

160 928 313 964 Ἰωὸηλαῖον
330 928 423 958 παῖδες
446 927 580 962 Ἐϐραίων
597 926 719 957 ἐκάλουν,
737 927 765 952 ἐν
789 924 810 960 ᾧ
830 928 940 962 ἀφέσεις

153 975 201 1001 καὶ
218 975 403 1010 συγχωρήσεις
420 974 543 1008 ἐγένοντο
559 975 614 1005 τοῖς
626 975 845 1009 χρεωφειλέταις,
864 974 939 1000 ἐλευ-

153 1020 233 1055 θερία
247 1029 277 1046 τε
292 1019 421 1051 οἰκέταις,
446 1021 493 1046 καὶ
516 1020 582 1046 ἄλλα
600 1021 659 1047 τινὰ
679 1021 790 1046 τοιαῦτα
811 1021 940 1056 πράττειν

152 1065 356 1100 νενομοθέτητο.
381 1064 482 1092 Τούτου
506 1065 586 1101 χάριν
610 1065 659 1101 τὴν
681 1066 872 1101 ἐξομολόγησιν
895 1066 940 1092 τοῦ

153 1112 388 1147 πλημμελήματος
412 1112 481 1147 ὑπὲρ
511 1113 710 1147 συγχωρήσεως
741 1113 788 1139 καὶ
818 1112 940 1146 ἀφέσεως

154 1157 296 1194 ἁμαρτιῶν
306 1158 345 1193 τῷ
357 1161 377 1184 ν’
387 1158 485 1193 ψαλμῷ
499 1159 663 1194 ἐφήρμοσεν.
679 1158 772 1190 Οὕτως
783 1157 829 1185 οὖν
841 1159 886 1185 καὶ
899 1160 940 1194 ἐφ’

154 1205 262 1240 ἑκάστῳ
277 1204 376 1240 ψαλμῷ
395 1204 465 1230 κατά
486 1213 561 1236 τινας
581 1204 676 1238 λόγους
697 1206 730 1239 τῇ
748 1204 801 1230 τῶν
818 1204 941 1240 ἀριθμῶν

153 1250 267 1285 δυνάμει
283 1250 332 1282 τὰς
350 1251 453 1282 οἰκείας
468 1250 587 1282 διανοίας
610 1251 679 1276 εἴποι
704 1250 736 1277 ἂν
759 1250 939 1286 ἐφηρμόσθαι.

161 1295 230 1322 Ἀλλ’
243 1297 257 1323 ὁ
268 1296 355 1323 ταῦτα
370 1296 455 1331 λέγων
468 1296 497 1323 οὗ
513 1306 557 1332 μοι
570 1297 644 1323 δοκεῖ
658 1297 802 1331 τυγχάνειν
816 1296 862 1323 τοῦ
880 1305 942 1322 σκο-

155 1342 218 1369 ποῦ”
234 1342 342 1378 πρῶτον
365 1343 414 1378 μὲν
433 1343 473 1369 ὅτι
493 1343 553 1369 οὐδὲ
577 1343 644 1375 ὅλως
667 1343 780 1378 ἀριθμός
802 1352 843 1375 τις
865 1344 893 1370 ἐν
907 1345 940 1378 τῇ

161 1385 292 1424 Ἑϐραῖκῇ
312 1389 393 1425 βίϐλῳ
411 1389 463 1415 τῶν
479 1389 601 1425 Ψαλμῶν
617 1390 737 1425 φέρεται·
761 1389 824 1416 ἄνευ
847 1389 875 1415 δὲ
893 1390 942 1424 τῆς

155 1435 201 1461 τοῦ
217 1434 334 1470 ἀριθμοῦ
350 1436 508 1471 προσθήκης
519 1436 722 1471 ἀνεγράφησαν·
737 1434 786 1462 εἷθ’
796 1436 836 1462 ὅτι
850 1435 943 1470 διαφό-

157 1491 212 1517 ρως
226 1482 308 1517 οἱμὲν
321 1483 373 1509 εἰσὶ
388 1483 565 1519 συνημμὲνοι,
583 1485 605 1509 οἱ
617 1483 644 1509 δὲ
657 1483 825 1518 διῃρημένοι,
838 1482 942 1509 Αὐτίκα

156 1527 222 1561 γοῦν
239 1528 253 1554 ὁ
273 1527 378 1563 πρῶτος
398 1529 445 1554 καὶ
462 1529 476 1554 ὁ
497 1528 621 1564 δεύτερος
640 1528 710 1555 κατὰ
725 1528 774 1563 τὴν
789 1528 875 1563 ἀρχὴν
891 1528 941 1563 τῆς

157 1574 248 1609 βίῦλου
261 1574 426 1609 συνημμένοι
438 1575 491 1601 εἰσὶ
506 1575 576 1601 κατὰ
587 1575 616 1601 τὸ
634 1575 785 1610 Ἐϐραῖκόν·
801 1574 849 1601 καὶ
861 1574 940 1601 πάλιν

155 1621 170 1645 ὁ
184 1620 207 1646 θ’
222 1621 393 1656 συνημμένος
409 1621 472 1656 παρ’
486 1621 551 1656 ἡμῖν
568 1622 596 1647 ἐν
609 1620 648 1655 τῷ
668 1620 803 1656 Ἐϐραϊκῴ
814 1621 939 1656 διῄρηται

155 1668 195 1698 εἰς
205 1667 259 1694 δύο.
272 1668 326 1694 Καὶ
339 1669 413 1695 πᾶσα
424 1668 451 1694 δὲ
465 1669 481 1703 ἡ
492 1667 546 1694 τῶν
554 1667 676 1702 Ψαλμῶν
690 1667 777 1701 βίϐλος
790 1668 828 1698 εἰς
841 1667 911 1702 μέρη
921 1670 940 1693 ε’

155 1713 292 1749 διῄρηται,
313 1713 403 1745 καθὼς
426 1714 476 1749 ἤδη
502 1714 633 1748 πρότερον
654 1712 772 1748 εἴρηται.
792 1709 840 1738 Ὧν
855 1712 940 1744 οὕτως

156 1758 283 1793 ἑχόντων,
313 1758 438 1792 σχολάζοι
461 1758 493 1784 ἆν
520 1759 535 1793 ἡ
559 1757 737 1793 προλεχθεῖσα
753 1757 805 1784 τῶν
819 1758 941 1793 ἀριθμῶν

156 1803 267 1839 θεωρία.
285 1804 363 1830 Ποῖον
380 1804 406 1830 δὲ
424 1803 470 1830 καὶ
486 1803 563 1837 λόγον
585 1804 655 1829 εἴποι
672 1803 703 1830 ἄν
720 1812 762 1835 τις
783 1803 865 1837 ἔχειν,
882 1803 941 1838 φέρ’

156 1851 254 1882 εἰπεῖν,
270 1850 316 1876 τοῦ
328 1849 395 1885 μετὰ
410 1851 502 1885 χεῖρας
512 1849 628 1884 ψαλμοῦ,
645 1849 716 1883 λέγω
731 1849 758 1875 δὲ
774 1849 820 1875 τοῦ
834 1849 882 1881 ξ6’,
893 1848 942 1884 τὴν

156 1896 274 1922 διάνοιαν
285 1896 352 1931 πρὸς
363 1895 407 1921 τὸν
418 1896 517 1922 τοιόνδε
530 1894 645 1930 ἀριθμὸν
656 1895 847 1930 ἐφαρμόττειν,
862 1894 879 1929 ἦ
888 1894 942 1920 τῶν

156 1942 199 1976 ἐφ’
213 1941 321 1977 ἑκάστῳ
341 1940 394 1968 τῶν
415 1944 453 1977 ρν¹
477 1940 600 1976 ἀριθμῶν
617 1941 680 1967 ἴδιον
698 1940 867 1975 ἀφοριεῖσθαι
882 1939 942 1966 νοῦν

157 1988 329 2024 προσήκοντα
351 1988 389 2023 τῷ
410 1987 513 2023 τοιῷδε,
531 1988 547 2023 ἢ
565 1987 603 2022 τῷ
617 1987 709 2022 τοιῷδε
727 1986 854 2022 ἀριθμῷ;
875 1985 942 2012 ἀλλὰ

155 2034 243 2061 ταῦτα
271 2034 319 2069 μὲν
345 2035 397 2070 ὅπη
422 2043 464 2066 τις
493 2033 578 2060 ἐθέλοι
600 2033 803 2068 παραδεχέσθω.
829 2032 898 2066 Ἐγὼ
914 2033 943 2059 δὲ

155 2081 277 2116 ἡγοῦμαι
299 2080 348 2115 τῆς
373 2080 426 2106 τῶν
454 2080 686 2115 ἐγγεγραμμένων
711 2079 828 2111 διανοίας
851 2079 944 2106 ἕνεκεν

157 2127 257 2162 ἑφεξῆς
271 2126 392 2162 ἀλλήλων
407 2126 470 2157 τοὺς
484 2126 606 2161 ψαλμοὺς
625 2126 730 2152 κεῖσθαι
745 2125 814 2152 κατὰ
830 2126 860 2152 τὸ
870 2126 944 2152 πλεῖ-

156 2180 230 2205 στον,
242 2172 327 2204 οὕτως
341 2173 369 2199 ὲν
382 2172 489 2202 πολλοῖς
500 2172 668 2207 ἐπιτηρήσας
680 2172 727 2198 καὶ
738 2171 834 2207 εὑρών·
846 2172 886 2197 διὸ
898 2172 944 2198 καὶ

157 2218 293 2253 συνῆφθαι
306 2218 404 2253 αὐτοὺς
415 2218 513 2244 ὡσανεὶ¹
524 2217 683 2251 συγγένειαν
697 2216 806 2251 ἔχοντας
819 2217 866 2243 καὶ
879 2217 944 2243 ἀκο-

992 295 1073 323 quam
1094 288 1238 322 ingressus
1250 288 1340 315 estad
1358 287 1502 316 Bersabee.
1521 298 1531 314 ι
1549 288 1651 316 Deinde
1664 289 1776 316 tertium

992 332 1156 367 composuit,
1187 341 1196 357 ι
1224 340 1285 358 cum
1312 333 1417 366 aufugit
1437 340 1451 358 a
1479 332 1547 360 facie
1572 333 1700 360 Absalom
1730 334 1778 359 lilii

992 379 1034 405 sui
1049 387 1056 410 ;
1076 388 1086 404 ›
1107 379 1159 405 sub
1173 378 1231 405 haec
1249 379 1401 413 septimum
1418 388 1426 403 ι
1453 386 1501 413 pro
1515 379 1606 407 verbis
1626 379 1710 406 Cbusi
1730 379 1777 406 ﬁlii

991 424 1101 452 Jemini.
1119 434 1127 450 ι
1141 424 1209 456 Quis
1225 424 1323 451 borum
1339 431 1451 451 causam
1469 433 1523 451 non
1539 425 1699 459 pcrquirat?
1718 424 1777 451 Non

991 471 1063 497 enim
1082 470 1181 497 rationi
1201 474 1416 497 consentaneum
1429 474 1512 502 esset,
1526 471 1585 497 sine
1602 471 1656 497 ulla
1682 479 1778 498 ncces-

992 516 1064 543 saria
1080 523 1164 543 causa
1177 516 1234 543 haec
1246 516 1295 542 tali
1310 516 1391 542 modo
1402 515 1528 543 ordinata
1540 516 1635 544 fuisse.
1654 517 1711 544 Erit.
1726 517 1779 544 for-

992 566 1066 590 tasse
1077 562 1123 597 qui
1139 570 1268 590 numeros
1280 562 1355 597 ipsos
1372 562 1426 589 vim
1444 563 1564 598 aliquam
1578 563 1678 591 habere
1690 568 1776 598 putet;

992 609 1108 644 ideoque
1126 609 1242 644 singulis
1258 609 1381 636 numeris
1396 613 1594 644 congruentem
1613 610 1701 644 aptari
1717 618 1778 637 ver-

992 654 1088 681 borum
1114 654 1297 686 sententiam;
1323 654 1440 689 exempli
1459 662 1554 687 causa,
1573 655 1777 690 quinquagenm-

991 701 1049 727 rius
1076 708 1207 727 numerus
1234 700 1406 728 remissionis
1438 704 1612 735 peccatorum
1644 702 1776 729 rationem

991 746 1124 777 continet,
1137 745 1172 772 ob
1185 745 1443 780 quinquagesimum
1464 746 1540 773 illum
1560 754 1660 774 annum
1677 747 1704 774 in
1720 747 1779 782 lege

991 795 1186 823 memoratum,
1203 791 1345 826 jubilzeum
1362 791 1396 819 ab
1412 791 1535 820 liebrmis
1544 793 1637 820 vocari
1651 794 1776 826 solitum,

991 846 1044 872 quo
1057 837 1234 865 remissiones
1246 837 1494 872 concessionesque
1503 837 1676 866 debitoribus
1686 844 1776 871 erant,

992 885 1103 911 libertas
1118 883 1240 914 famulis.
1257 887 1284 910 et
1299 883 1398 910 similia
1411 884 1535 918 quaedam
1546 884 1589 919 agi
1605 885 1662 919 lege
1673 885 1778 912 consti,

992 934 1080 956 tutum
1093 933 1163 957 erat.
1181 928 1267 963 Cujus
1288 929 1326 955 rei
1340 928 1426 963 gratia
1442 928 1644 956 confessionem
1665 929 1778 956 sceleris

991 983 1041 1011 pro
1066 975 1145 1002 venia
1173 979 1200 1002 et
1224 975 1387 1002 remissione
1413 979 1590 1009 peccatorum
1612 975 1778 1009 quinquage—

991 1022 1061 1049 simo
1072 1021 1178 1056 psalmo
1194 1020 1340 1054 aptaverit.
1367 1019 1413 1047 Sic
1436 1020 1520 1055 igitur
1544 1020 1588 1047 ille
1604 1020 1720 1054 singulis
1749 1020 1777 1047 in

992 1068 1116 1102 psalmis.
1131 1067 1282 1094 secundum
1296 1066 1429 1101 quasdam
1453 1067 1585 1099 rationes,
1601 1074 1777 1093 numerorum

992 1114 1086 1140 virtuti
1101 1113 1266 1140 sententiam
1291 1113 1429 1148 propriam
1448 1112 1650 1139 accommodari
1666 1112 1775 1140 dixerit.

991 1161 1025 1187 At
1051 1161 1096 1194 qui
1122 1161 1187 1187 talia
1203 1161 1287 1191 dicat,
1309 1168 1364 1187 non
1381 1159 1489 1186 videtur
1507 1158 1573 1185 mibi
1598 1166 1711 1193 scopum
1736 1162 1778 1185 ab-

993 1206 1095 1240 lingere
1112 1216 1118 1233 :
1136 1207 1224 1241 primo
1235 1206 1344 1241 quidem
1360 1205 1432 1240 quod
1448 1205 1541 1232 nullus
1556 1205 1668 1232 omnino
1682 1212 1778 1232 nume-

993 1259 1040 1278 rus
1060 1253 1086 1279 in
1103 1252 1237 1279 llebraico
1263 1252 1435 1279 Psalmorum
1460 1251 1531 1278 libro
1557 1250 1675 1284 feratur;
1693 1251 1740 1278 sed
1760 1250 1779 1278 ii

992 1299 1068 1326 nullo
1081 1299 1175 1326 addito
1191 1306 1306 1326 numero
1319 1298 1526 1325 inscribantur:
1542 1297 1641 1325 deinde
1656 1291 1720 1333 quia
1737 1297 1779 1324 di-

992 1353 1070 1372 verso
1086 1345 1167 1372 modo
1188 1345 1227 1371 illi
1251 1345 1294 1372 vel
1319 1343 1448 1378 disiuncti
1466 1344 1508 1371 vel
1534 1344 1674 1378 conjuncti
1702 1348 1777 1370 sunt.

992 1390 1059 1418 Nam
1073 1391 1114 1419 vel
1128 1391 1162 1418 ab
1175 1389 1234 1425 ipso
1253 1390 1331 1417 initio
1351 1391 1458 1425 primus
1472 1394 1498 1416 ct
1521 1389 1659 1416 secundus
1677 1389 1704 1416 in
1729 1388 1779 1416 He-

993 1436 1088 1463 braico
1098 1435 1248 1469 exemplari
1266 1435 1386 1470 copulati
1403 1438 1467 1462 sunt.
1484 1443 1490 1461 :
1510 1442 1676 1468 rursumque
1688 1441 1778 1461 nonus

992 1481 1039 1516 qui
1060 1481 1224 1516 eonjunclus
1246 1481 1273 1507 in
1290 1484 1398 1513 nostro,
1413 1480 1439 1506 in
1460 1479 1595 1506 Ilebraico
1621 1479 1726 1506 divisus
1750 1479 1779 1506 in

993 1526 1062 1552 duos
1087 1529 1138 1552 est.
1167 1524 1308 1559 Totusque
1324 1523 1497 1552 Psalmorum
1523 1524 1602 1555 liber,
1628 1528 1658 1550 ut
1675 1523 1778 1550 dictum

993 1569 1131 1604 superius,
1157 1570 1183 1596 in
1201 1570 1321 1604 quinque
1337 1574 1429 1604 partes
1445 1569 1609 1596 distributus
1634 1574 1687 1596 est.
1714 1569 1780 1602 Qua:

994 1624 1055 1643 cum
1083 1616 1119 1643 ita
1135 1624 1164 1644 se
1177 1616 1306 1649 habeant,
1323 1620 1401 1643 vacet
1418 1615 1541 1650 profecto
1562 1616 1722 1650 inutilisque
1743 1616 1780 1643 sit

996 1662 1122 1698 praedicta
1138 1670 1315 1689 numerorum
1340 1662 1534 1689 consideratio.
1551 1661 1653 1696 Ecqua,
1671 1662 1778 1693 amabo,

996 1709 1065 1735 ratio
1093 1708 1188 1741 fuerit,
1213 1707 1331 1743 exempli
1358 1715 1454 1740 eausa,
1471 1708 1625 1742 praesentis,
1649 1708 1779 1735 nimirum

995 1762 1050 1780 1.er
1075 1754 1174 1789 psalmi
1199 1754 1376 1787 sententiam,
1403 1761 1465 1781 cum
1483 1754 1640 1788 hujusmodi
1665 1761 1781 1780 ntunero

995 1804 1141 1834 coaptare;
1157 1799 1200 1828 vel
1219 1800 1245 1826 in
1260 1799 1378 1834 singulis
1400 1807 1432 1826 CL
1459 1800 1582 1827 numeris
1598 1799 1737 1834 propriam
1754 1803 1780 1826 et

996 1851 1188 1880 congruentem
1209 1846 1257 1873 tali
1279 1846 1321 1873 vel
1335 1845 1382 1872 tali
1399 1852 1513 1872 numero
1526 1851 1644 1872 tuentem
1656 1846 1780 1880 assigna-

997 1893 1045 1919 re?
1061 1892 1115 1919 Sed
1132 1892 1190 1919 luce
1213 1892 1323 1927 quidem
1344 1891 1459 1918 arbitrio
1479 1899 1530 1918 suo
1544 1891 1635 1925 quivis
1651 1891 1779 1926 accipiat.

996 1939 1052 1974 ligo
1063 1947 1128 1966 vero
1141 1939 1261 1966 arbitror
1282 1946 1332 1973 pro
1350 1938 1492 1965 sententia:
1513 1937 1620 1965 ratione
1642 1941 1669 1964 et
1685 1937 1779 1967 simili-

997 1985 1102 2018 tudine,
1119 1985 1240 2020 psalmos
1255 1988 1286 2011 ιιι
1312 1984 1459 2018 plurimum
1474 1983 1597 2018 digestos
1618 1991 1690 2014 esse,
1716 1983 1781 2018 quia

997 2031 1048 2058 hoc
1072 2031 1101 2057 in
1123 2030 1217 2057 multis
1243 2030 1416 2056 observatum
1433 2028 1555 2063 comperi
1578 2038 1584 2055 :
1603 2028 1721 2063 ideoque
1736 2036 1780 2055 or-

998 2078 1061 2105 dine
1072 2077 1237 2111 conjunctos
1249 2084 1311 2104 esse
1324 2076 1370 2111 qui
1386 2075 1542 2103 aiiinilatem
1558 2080 1584 2102 et
1609 2083 1780 2110 consequen-

997 2124 1061 2149 tiam
1074 2122 1190 2149 invicem
1211 2121 1374 2156 praeferrent
1390 2130 1396 2147 ε
1415 2120 1534 2155 indeque
1551 2127 1605 2147 non
1619 2128 1669 2155 pro
1680 2124 1780 2154 tempo-

996 2168 1034 2196 ris
1047 2168 1164 2199 ratione,
1183 2167 1230 2194 sed
1246 2174 1295 2202 pro
1309 2166 1445 2193 sententia
1461 2166 1488 2192 in
1506 2166 1577 2193 serie
1598 2165 1674 2193 ferri.
1699 2165 1781 2201 quue

994 2213 1050 2247 jam
1072 2212 1204 2247 superius
1222 2215 1469 2240 cornmonstratum
1485 2215 1538 2244 est,
1562 2219 1623 2238 cum
1640 2219 1672 2238 ex
1688 2211 1781 2238 multis

155 2264 266 2292 λουθίαν
280 2265 348 2300 πρὸς
363 2263 502 2299 ἀλλήλους.
521 2263 617 2289 Ἔνθεν
631 2263 666 2298 μὴ
678 2263 747 2288 κατά
758 2263 818 2293 τοὺς
833 2262 941 2297 χρόνους

997 2259 1070 2290 aliiS,
1087 2262 1144 2285 tum
1160 2257 1278 2284 maxime
1293 2265 1308 2284 a
1329 2265 1373 2285 xu
1401 2257 1434 2284 ad
1458 2257 1727 2292 quinquagesimum,
1753 2256 1781 2282 in

156 2309 336 2344 ἐμφέρεσθαι,
350 2309 417 2336 ἀλλὰ
433 2308 503 2335 κατὰ
515 2309 564 2343 τὴν
580 2309 629 2343 τῆς
643 2308 760 2338 διανοίας
772 2307 940 2334 ἀκολουθίαν.

156 2355 298 2382 Δέδεικται
312 2355 341 2381 δὲ
357 2355 435 2382 τοῦτο
451 2355 499 2390 ἤδη
519 2354 649 2390 πρότερον
669 2355 716 2380 καὶ
740 2353 793 2380 ἀπὸ
815 2353 943 2380 πλειόνων

159 2402 207 2437 μὲν
217 2401 331 2437 ἑτέρων,
350 2401 466 2436 μάλιστα
482 2401 509 2427 δὲ
526 2400 579 2427 ἀπὸ
593 2399 639 2426 τοῦ
655 2403 698 2435 μα’
711 2399 791 2435 μέχρι
805 2399 851 2426 τοῦ
867 2403 898 2433 ν’,
915 2401 943 2426 ἐν

156 2445 197 2480 οἷς
221 2447 419 2479 ἀποδεικτικῶς
445 2447 656 2483 παρεστήσαμεν
682 2446 746 2478 τους
776 2446 824 2480 μὲν
851 2446 944 2480 ἐπιγε-

157 2494 333 2529 γραμμένους
350 2494 404 2521 τῶν
419 2493 483 2520 υἱῶν
499 2494 571 2529 Κορὲ
592 2492 692 2528 πολλὴν
715 2491 811 2523 σώζειν
832 2492 944 2518 ἀκολου-

157 2540 218 2567 θίαν
233 2540 302 2575 πρὸς
317 2540 363 2566 τὸν
380 2539 441 2566 νοῦν
456 2540 502 2566 τὸν
515 2539 545 2571 ἐξ
558 2539 648 2566 αὐτῶν
660 2538 833 2574 δηλούμενον·
847 2538 945 2574 ἐφεξῆς

157 2587 186 2613 δὲ
197 2586 304 2617 τούτοις
320 2585 445 2621 κείμενον
461 2585 506 2611 τὸν
520 2585 567 2611 τοῦ
589 2585 675 2620 ’Λσὰφ
688 2585 735 2612 καὶ
748 2585 828 2612 πάλιν
844 2585 944 2611 τούτων

158 2631 336 2667 συνημμένην
348 2631 396 2657 τοῦ
409 2630 490 2657 Δαυῒδ
503 2631 552 2666 τὴν
566 2631 758 2666 ἐξομολόγησιν
769 2631 819 2666 τὴν
833 2631 862 2656 ὲν
872 2629 911 2665 τῷ
923 2629 944 2656 ν’

159 2678 322 2714 φερομένην,
338 2677 466 2703 ἀὸίαστον
482 2677 530 2711 τὴν
552 2676 728 2702 ἀποδοθεῖσαν
746 2677 811 2710 ἡμῖν
828 2675 943 2710 θεωρίαν

161 2724 302 2759 παρέχειν.
315 2723 373 2750 Μία
388 2723 437 2758 μὲν
453 2720 499 2749 οὖν
516 2722 582 2757 αὕτη
599 2723 616 2757 ή
633 2722 716 2753 αίτία,
732 2722 769 2753 ὡς
786 2721 846 2756 ἐμοὶ
861 2721 944 2752 δοκεῖ,

157 2771 208 2805 τῆς
229 2769 389 2800 ἀκολουθίας
408 2769 506 2803 γένοιτ’
522 2769 554 2795 ἂν
567 2768 621 2795 τῶν
636 2768 760 2803 ψαλμῶν·
776 2768 829 2802 ἔχω
848 2767 876 2793 δὲ
900 2768 945 2793 καὶ

159 2816 243 2850 ἄλλην
259 2816 356 2842 εἰπεῖν.
380 2816 417 2850 (ll
435 2815 536 2850 Πολλῆς
552 2814 606 2849 γὰρ
621 2813 842 2849 εἰδωλολατρείας
858 2822 944 2839 κατα-

161 2860 340 2896 κρατησὰοης
356 2860 402 2886 τοῦ
424 2859 556 2886 Ἰουδαίων
574 2859 675 2890 ἔθνους,
691 2859 774 2893 λήθην
789 2858 886 2889 αὐτοὺς
899 2867 945 2884 7::—

202 2920 241 2954 (l)
257 2919 292 2947 lis
309 2919 363 2946 fere
379 2920 478 2946 similia
494 2919 519 2945 in
537 2919 655 2954 prologis
667 2926 749 2954 supra
767 2918 911 2945 habentur.

995 2305 1096 2339 quibus
1108 2304 1182 2331 clare
1194 2303 1445 2338 comprobavimus,
1456 2310 1504 2330 eos
1520 2303 1566 2337 qui
1579 2302 1694 2329 ﬁliorum
1711 2301 1781 2329 Core

997 2351 1119 2385 inscripti
1141 2354 1215 2383 sunt,
1238 2351 1350 2377 nmltam
1376 2350 1476 2377 habere
1488 2349 1561 2384 quod
1580 2348 1613 2375 ad
1628 2356 1737 2376 sensum
1754 2348 1781 2375 in

996 2398 1030 2425 iis
1044 2397 1256 2433 deprehensum,
1274 2398 1346 2424 inter
1365 2405 1395 2424 se
1416 2396 1573 2423 aﬂiuitatem
1591 2405 1598 2422 :
1623 2399 1782 2430 sequentem

996 2452 1061 2471 vero
1077 2445 1123 2479 qui
1138 2444 1239 2479 Asapbi
1255 2448 1306 2475 est,
1329 2448 1357 2470 et
1376 2443 1410 2469 iis
1425 2443 1575 2470 subnexam
1599 2442 1627 2469 in
1645 2441 1783 2476 quinqua—

997 2490 1101 2524 gesimo
1132 2489 1243 2516 Davidis
1269 2488 1484 2520 confessionem,
1514 2487 1636 2521 opinioni
1669 2492 1782 2519 nostra,

997 2536 1069 2570 quod
1084 2535 1186 2562 scilicet
1201 2536 1256 2561 vim
1274 2534 1376 2562 nullam
1393 2535 1475 2561 rebus
1497 2533 1608 2563 inferat.
1625 2534 1779 2568 astipulari.

998 2581 1061 2607 Ilzec
1086 2588 1139 2607 una
1165 2588 1248 2607 causa
1278 2579 1372 2612 fuerit,
1399 2583 1429 2606 ut
1456 2579 1521 2605 mihi
1537 2579 1647 2613 quidem
1662 2579 1783 2612 videtur,

998 2634 1047 2653 cur
1065 2625 1161 2660 psalmi
1189 2632 1222 2652 eo
1248 2625 1343 2652 ordine
1367 2624 1448 2659 positi
1469 2624 1523 2651 sint
1551 2633 1558 2650 :
1585 2624 1666 2650 aliam
1692 2628 1781 2651 tamen

998 2673 1119 2709 proferre
1134 2671 1294 2699 valeo.Cum
1307 2671 1393 2698 multo
1403 2670 1562 2698 idololatriae
1576 2678 1674 2703 genere
1688 2669 1783 2696 Judai—

999 2727 1047 2746 cus
1062 2718 1178 2753 populus
1193 2717 1370 2747 detineretur.
1386 2716 1461 2750 ipsos
1478 2715 1580 2750 patrias
1596 2714 1750 2749 scripturas
1768 2723 1785 2741 e

999 2765 1128 2792 memoria
1140 2765 1302 2792 obliterasse
1315 2768 1409 2790 narrat
1423 2762 1578 2797 Regnorum
1593 2761 1706 2788 l-istoria
1718 2770 1725 2793 ;
1744 2761 1783 2787 ita

1000 2814 1029 2837 ut
1046 2818 1134 2845 neque
1147 2810 1272 2837 Mosaicze
1285 2809 1352 2841 legis
1368 2808 1437 2835 liber
1455 2809 1525 2835 ultra
1539 2808 1716 2842 reperiretur.
1734 2814 1782 2832 nc-

999 2865 1050 2892 que
1067 2861 1186 2892 patenue
1208 2855 1317 2890 pictatis
1333 2855 1462 2883 memoria
1482 2863 1563 2889 [uiues
1577 2853 1639 2881 illos
1658 2859 1780 2880 servare.
