2041 3215
120 178 176 209 vos

695 180 948 209 COMMENTARIA
962 181 997 210 ΙΝ
1016 180 1186 210 ΡΞΔΙΔΙΟΞ.

1201 146 1269 178 ατί

1686 180 1738 209 606

119 234 167 262 καὶ
181 234 264 262 Δαυῗδ
284 236 322 271 τῷ
335 236 394 272 Θεῷ
411 236 486 272 ἔλεγε
497 247 503 253 ”
523 247 531 264 1
553 239 623 274 Πρὸς
639 239 668 266 σὲ
685 240 810 276 ὀρθρίζω.
834 241 900 268 Ἐδί-

954 242 1049 269 eadem
1075 241 1211 269 sententia
1240 241 1323 268 David
1353 240 1407 268 Deo
1434 241 1562 269 dicebat:
1583 251 1592 266 ι
1612 240 1652 268 Ad
1668 246 1692 268 te
1704 241 1736 268 de

117 280 189 315 φησι
204 282 272 317 σοιή
287 281 358 318 ψυχή
375 291 434 317 μου.
458 293 467 308 ι
489 283 560 310 Ὡσεὶ
582 285 628 311 καὶ
648 284 724 321 χώρα
739 294 790 317 τις,
804 287 841 322 μὴ
857 295 902 313 τυ-

117 326 204 361 χοῦσα
229 327 276 354 τοῦ
305 327 436 363 συνήθους
461 329 550 361 ὑετοῦ,
567 330 646 365 διψῇν
664 331 767 365 λέγοιτο
787 331 881 359 τούτου
893 341 899 347 -

115 372 162 398 τὸν
178 372 259 399 αὐτὸν
271 372 299 400 δὲ
309 373 407 409 τρόπον
418 375 526 409 ὲδὶψησέ
544 384 593 407 σοι,
613 376 628 411 ἢ
646 376 779 412 ἰμεὶρεταί
794 385 823 403 σε
835 377 902 413 πρὸς

115 419 149 453 τῇ
168 417 238 453 ψυχῇ
264 426 314 453 μου
335 419 381 445 καὶ
396 419 464 455 αὐτὴ
480 421 496 455 ὴ
511 419 578 456 σάρξ
593 429 654 456 μου,
671 421 849 449 πολυπλασιαν
865 423 904 454 ὡς¹

115 463 230 497 διψῶσα.
253 463 356 500 ’Ὠσπερ
372 464 425 501 γὰρ
446 467 569 500 φυσικοῖς
588 466 676 501 λόγοις
690 467 737 503 τὴν
754 469 805 504 γῆν
818 469 902 503 αὑτήν

115 517 206 544 φαμεν
222 509 300 545 eum
328 509 431 542 ὕδατος,
447 511 517 538 οὕτω
535 512 580 538 καὶ
598 513 613 547 ἡ
634 513 701 549 σάρξ
721 522 770 548 μου
793 514 900 549 ὲδίῂσέ

115 563 167 586 σοι,
181 554 262 590 φησί’
274 554 314 581 διὸ
330 556 468 591 ἐπιφέρει·
487 565 496 581 1
516 556 559 583 Ἐν
572 559 605 593 γῇ
624 559 718 594 ἐρήμῳ
734 560 780 586 καὶ
796 559 900 594 ἀϐάτῳ,

115 600 163 626 καὶ
191 600 307 636 ἀνύδρῳ,
330 611 338 626 ι
359 601 375 637 ἢ
398 601 468 628 κατὰ
488 602 532 629 τὸν
555 603 717 639 Σύμμαχον
735 614 744 630 1
766 605 808 636 Ὠς
823 606 851 632 ὲν
865 607 900 642 γῇ

113 646 202 680 διψάδι
216 647 262 673 καὶ
281 646 388 674 ὲκλύσει
409 648 446 684 μὴ
462 647 629 684 ὑπάρχοντος
645 649 749 681 ὕδατος.
768 650 901 677 »Δύναται

113 692 141 719 δὲ
160 693 208 718 καὶ
224 692 273 728 τὴν
284 692 387 728 ἔρημον
408 694 492 729 αὐτὴν
515 695 659 729 σημαίνειν
678 695 722 721 διὰ
742 695 857 729 τούτων,
873 697 902 723 ἐν

113 735 130 774 ᾖ
145 738 254 773 φεύγων
270 739 315 766 τὸν
331 739 416 766 Σαοὺλ
432 739 481 771 τὰς
497 740 637 777 διατριϐὰς
651 743 776 769 ἐποιεῖτο.
791 743 902 774 Πάντως

113 783 168 819 γάρ
186 791 236 810 που
260 784 289 811 ὲν
304 784 390 821 ταύτῃ
405 785 544 820 τυγχάνων
557 787 605 813 καὶ
619 787 725 822 μακρὰν
741 788 901 823 ἀπῳκισμέ-

113 829 217 865 νοςτῆς
233 829 350 857 κιϐωτοῦ
372 830 420 857 τοῦ
441 830 508 857 Θεοῦ
525 831 572 857 καὶ
593 831 642 867 τῆς
667 831 713 858 τοῦ
733 832 902 867 ἁγιάσματος

114 874 229 909 σκηνῆς,
253 875 282 901 ἐν
341 875 391 907 τὰς
413 875 483 902 κατὰ
507 877 588 912 νόμον
612 876 750 904 ἐποιοῦντο
764 877 899 912 λατρείας,

954 288 1014 315 luce
1030 288 1120 323 vigilo.
1143 286 1234 314 Sitivit
1249 287 1296 314 tibi
1315 287 1404 313 anima
1420 295 1488 314 mea.
1501 297 1510 313 ι
1524 287 1581 314 Ceu
1593 295 1657 322 ager
1670 294 1735 313 con-

953 339 1029 361 sueta
1044 334 1156 361 orbatus
1171 333 1271 368 pluvia,
1286 340 1345 360 eam
1364 333 1438 360 sitire
1458 333 1581 364 dicatur,
1599 333 1639 359 sic
1651 332 1734 360 sitivit

952 380 1012 410 tibi.
1028 380 1069 407 vel
1082 379 1251 414 concupiscit
1269 383 1306 410 te,
1323 386 1384 405 cum
1403 378 1492 405 anima
1509 386 1578 409 mea.
1594 383 1651 405 tum
1677 378 1734 413 ipsa

953 433 1018 453 caro
1040 433 1111 458 mea,
1124 433 1205 460 quam
1223 425 1411 460 multipliciter
1428 425 1535 451 sitiens.
1560 423 1636 450 Sicut
1663 424 1731 450 enim

953 471 1065 506 physice
1079 471 1215 506 loquendo
1233 475 1334 497 terram
1347 470 1464 497 dicimus
1476 470 1551 496 sitire
1567 476 1679 503 aquam,
1697 468 1730 494 ita

951 520 978 544 et
999 523 1063 543 caro
1086 524 1157 548 mea,
1177 515 1275 551 inquit,
1291 515 1377 544 sitivit
1391 515 1440 542 tibi
1454 525 1461 542 :
1476 523 1559 550 quare
1574 514 1664 545 infert.
1678 523 1687 540 1
1704 513 1733 541 ln

952 566 1024 588 terra
1039 561 1159 594 deserta,
1174 565 1201 588 et
1223 561 1306 592 invia.
1322 565 1349 588 et
1367 561 1515 596 inaquosa;
1537 571 1546 586 ι
1564 561 1621 588 sive
1635 568 1734 588 secuti-

952 607 1016 634 dum
1046 606 1239 642 Symmachum
1258 616 1265 634 :
1284 616 1294 632 1
1315 607 1400 640 Quasi
1428 607 1455 634 in
1480 610 1553 633 terra
1584 606 1687 633 sitienti
1706 610 1734 633 et

952 650 1079 686 languida
1104 658 1158 678 non
1187 651 1337 679 exsistcnte
1354 658 1434 687 aqua.
1455 660 1465 676 ι
1486 650 1534 679 His
1558 659 1623 678 vero
1646 652 1734 686 ipsam

952 697 1127 725 solitudinem
1151 698 1305 733 signiﬁcare
1319 701 1420 733 potest,
1436 697 1464 724 in
1478 705 1543 732 qua,
1561 696 1669 725 Saulem
1691 698 1735 725 fu-

951 743 1039 778 giens,
1057 751 1150 771 moras
1167 743 1301 772 trahebat.
1320 741 1460 778 Siquidem
1476 744 1540 770 dum
1556 742 1593 770 ibi
1611 749 1735 770 versare-

952 794 1006 822 tur,
1026 789 1059 816 ab
1074 797 1137 816 arca
1152 788 1200 816 Dci
1220 793 1247 817 et
1265 796 1280 816 a
1295 789 1472 817 tabernaculo
1487 788 1712 817 sanctificationis
1725 807 1733 820 ,

951 835 979 862 in
1008 843 1063 870 quo
1100 835 1212 870 legalem
1243 835 1347 862 cultum
1372 835 1610 870 exsequebantur,
1638 834 1734 870 procul

952 886 1073 910 remotus
1089 886 1157 909 erat.
1176 880 1278 909 llorum
1306 882 1351 910 ille
1377 885 1552 918 conspectum
1578 881 1733 917 exoptabat.

113 920 216 947 τούτων
231 920 323 947 ἐπόθει
342 922 390 957 τὴν
413 921 487 948 θέαν.
504 922 607 958 Ὥσπερ
621 923 649 949 δὲ
663 923 699 958 γῆ
715 922 818 958 διψῶσα
838 922 900 949 ὕδα-

951 928 1186 962 Quemadmodum
1200 932 1291 956 autem
1306 933 1378 956 terra
1396 929 1492 956 sitiens
1507 935 1605 964 aquam
1621 928 1733 963 expetit.

113 975 158 999 τος
174 966 310 1003 ὀρέγεται,
321 967 401 999 οὕτω,
419 968 495 1003 φησὶ,
513 969 558 994 καὶ
574 969 590 1004 ἡ
605 969 658 1004 ἐμὴ
668 968 740 1004 ψυχὴ
755 969 789 995 τὰ
805 969 846 995 σοὶ
861 968 900 1004 τῷ

113 1013 173 1049 Θεῷ
186 1013 288 1050 ἀρεστὰ
301 1013 347 1040 καὶ
358 1013 422 1048 φίλα
433 1013 512 1049 Salis?
529 1015 567 1046 ὡς
581 1015 714 1041 ἐκλείπειν
732 1016 778 1041 καὶ
787 1016 900 1050 ἐκτήκε-

112 1059 187 1092 σθαί,
204 1060 278 1095 εΓμὴ
297 1059 443 1095 μεταλάὸοι
457 1061 506 1096 τῆς
521 1061 596 1097 παρὰ
617 1061 658 1088 σοὶ
673 1061 776 1096 πηγῆς·
791 1062 855 1097 περὶ
867 1059 900 1097 ἧς

113 1104 237 1141 εἴρηται.
257 1114 266 1131 1
288 1106 349 1132 Ὅτι
371 1105 446 1141 παρὰ
474 1106 515 1132 σοὶ
537 1107 611 1142 πηγὴ
627 1106 710 1142 ζωῆς.
728 1107 773 1133 Διὸ
791 1107 899 1142 ἐδίψησέ

114 1160 156 1179 σοι
170 1152 188 1188 ἡ
211 1151 282 1188 ψυχή
298 1160 359 1188 μου.
379 1162 388 1178 ι
411 1152 536 1188 Ἐδίψησε
556 1152 584 1178 δὲ
600 1152 667 1184 πῶς,
689 1154 833 1189 ἐρμηνεύει
855 1153 900 1179 λέ-

113 1205 171 1231 γων
195 1196 276 1233 ἑξῆς·
294 1207 302 1223 1
323 1197 416 1230 Οὕτως
431 1199 459 1238 εν
479 1198 518 1234 τῷ
537 1199 607 1234 ἁγίῳ
629 1198 722 1234 ὤφθην
736 1207 787 1231 σοι,
807 1209 816 1224 ι
834 1199 900 1226 ὡσεὶ

113 1245 192 1279 ελεγι
207 1243 300 1271 τοῦτο·
321 1244 460 1280 Ἐδίψησεν
483 1247 499 1281 ή
520 1245 591 1281 ψυχή
608 1254 658 1281 μου
675 1246 705 1272 τὸ
726 1246 840 1282 ὀφθῆναί
861 1256 900 1274 σοι

112 1292 143 1318 ὲν
155 1290 196 1326 τῷ
209 1290 247 1327 σῷ
259 1290 419 1326 ἀγιάσματι,
434 1301 443 1317 1
461 1291 507 1318 τοῦ
527 1292 589 1318 ἰδεῖν
603 1292 651 1328 τὴν
663 1292 777 1328 δύναμίν
792 1302 837 1320 σου
855 1295 901 1320 καὶ

112 1338 162 1374 τὴν
190 1337 269 1370 δόξαν
293 1345 350 1364 σου.
378 1347 386 1362 ι
414 1337 537 1364 Τοιοῦτον
554 1338 582 1364 δέ
597 1339 660 1372 ἐστι
682 1340 728 1365 καὶ
743 1340 772 1365 τὸ
784 1340 826 1366 διὰ
847 1340 900 1367 τῶν

112 1383 267 1421 ἔμπροσθεν
281 1383 440 1419 εἰρημένον
458 1393 467 1408 1
490 1383 627 1418 Ἐδίψησεν
642 1385 658 1420 ή
677 1384 748 1419 ψυχή
765 1394 815 1420 μου
833 1385 900 1420 πρὸς

113 1431 159 1458 τὸν
168 1429 234 1456 Θεὸν
246 1429 292 1456 τὸν
308 1430 416 1466 ἰσχυρὸν
430 1430 476 1456 τὸν
493 1429 591 1462 ζῶντα,
608 1430 671 1456 πότε
683 1431 740 1466 ἥξω
757 1431 803 1457 καὶ
816 1431 900 1467 ὀφθή-

113 1483 196 1510 σομαι
220 1475 258 1510 τῷ
282 1475 420 1511 προσώπῳ
443 1475 490 1502 τοῦ
513 1476 590 1503 Θεοῦ.
611 1486 620 1502 ›
637 1476 781 1511 Γενόμενος
801 1477 855 1511 γὰρ
871 1478 899 1503 ἐν

112 1520 150 1555 τῷ
176 1521 246 1556 ἁγίῳ
275 1528 333 1552 σου,
356 1521 420 1556 περὶ
447 1517 478 1546 οὗ
503 1521 609 1556 εἴρηται
625 1522 653 1547 ὲν
667 1521 761 1556 ἑτέρῳ,
778 1531 786 1546 1
811 1521 899 1554 ’Ἄπαξ

112 1567 207 1603 ὤμοσα
222 1568 252 1594 εν
267 1567 306 1603 τῷ
318 1567 388 1603 ἁγιῳ
402 1576 462 1603 μου,
485 1577 494 1593 ›
511 1567 617 1602 πρῶτον
632 1567 680 1603 μὲν
696 1567 775 1598 αὐτὸς
785 1567 899 1603 ὀφθήσο-

113 1615 162 1650 μαί
174 1622 226 1647 σοι,
237 1613 498 1650 δοκιμασθησόμενος
517 1615 539 1640 εἰ
554 1614 627 1646 ἄξιος
637 1613 695 1649 εἴην
706 1613 754 1649 τῆς
765 1614 814 1648 σῆς
825 1613 898 1646 θέας.
913 1610 935 1639 C

113 1658 180 1687 Εἶτα
197 1660 272 1694 ἄξιος
293 1659 395 1695 ὀφθεὶς,
413 1660 513 1695 ἃᾴομαι
529 1661 577 1695 τὴν
592 1659 705 1695 δύναμιν
719 1668 766 1686 σου
788 1660 834 1686 καὶ
851 1659 899 1696 τὴν

112 1706 191 1739 δόξαν
204 1714 267 1733 σου·
283 1703 320 1732 ὧν
336 1705 464 1733 ἀδύνατόν
480 1706 552 1732 ἐστιν
570 1706 610 1737 εἰς
624 1705 738 1741 θεωρίαν
751 1705 847 1737 ἐλθεῖν,
861 1706 899 1742 μὴ

112 1751 171 1786 οὐχὶ
200 1751 332 1787 πρότερον
356 1752 385 1777 ἐν
405 1750 444 1786 τῷ
465 1751 534 1786 ἁγίῳ
559 1751 712 1786 γενόμενον,
729 1751 776 1777 καὶ
793 1751 899 1786 πρῶτον

112 1797 228 1832 ὀφθέντα
241 1797 315 1830 ἄξιον
324 1797 378 1823 τῶν
394 1796 440 1823 τοῦ
450 1797 517 1823 Θεοῦ
532 1796 651 1830 ἀγαθῶν.
663 1797 739 1823 Μετὰ
750 1797 803 1832 γὰρ
815 1797 900 1824 ταῦτα

112 1843 207 1879 όψεται
226 1851 278 1875 τις,
294 1843 333 1875 ὡς
353 1843 385 1870 ἂν
402 1843 451 1879 ήδη
468 1842 704 1878 δεδοκιμασμένος,
719 1843 768 1878 τὴν
788 1843 900 1878 δύναμιν

112 1889 159 1916 τοῦ
174 1885 242 1916 Θεόῦ
256 1889 303 1915 καὶ
316 1888 365 1924 τὴν
378 1888 456 1921 δόξαν
470 1888 562 1915 αὑτοῦ.
574 1890 628 1915 Καὶ
643 1889 717 1921 τέλος
724 1888 778 1915 τῶν
790 1889 899 1924 ἀγαθῶν

112 1935 184 1962 τοῦτ’
201 1935 235 1962 ἂν
247 1935 288 1972 εἴη
303 1935 333 1962 τὺ
347 1936 375 1961 ἐν
389 1935 490 1971 θεωρίᾳ
503 1934 603 1961 τούτων
615 1934 754 1969 γενέσθαι·
769 1935 809 1961 διὸ
828 1935 900 1961 λέλε-

112 1990 175 2009 κται
185 1990 192 1996 ·
207 1981 373 2017 [Μακάριοι
386 1982 410 2008 οἱ
423 1981 537 2016 καθαροὶ
547 1982 578 2016 τῇ
589 1981 696 2017 καρδίᾳ,
712 1982 752 2007 ὅτι
767 1981 843 2007 αὐτοὶ
855 1981 900 2008 τὸν

112 2027 180 2054 Θεὸν
211 2026 332 2062 ὄψονται.
363 2037 374 2053 ι
394 2026 478 2053 Τοῦτο
498 2024 543 2053 οὖν
567 2026 690 2062 ὲδίψησεν
715 2028 731 2062 ἡ
757 2026 829 2062 ψυχὴ
852 2027 899 2053 τοῦ

112 2073 210 2101 Δαυῐδ·
227 2073 268 2099 διὸ
289 2073 390 2108 ἔλεγεν·
409 2081 418 2098 1
441 2073 469 2099 '0
490 2073 555 2105 Θεὸς
583 2073 596 2099 ὁ
621 2072 684 2105 Θεός
707 2081 768 2109 μου,
780 2073 847 2108 πρὸς
870 2073 899 2099 σὲ

112 2118 241 2156 όρθρίζω.
263 2118 389 2154 Ἐδίψησὲ
411 2127 451 2145 σοι
465 2119 482 2154 ἡ
499 2119 569 2154 ψυχή
584 2127 646 2153 μου.
662 2129 672 2145 ι

151 2187 161 2204 1
177 2177 238 2204 Ὅτι
254 2178 381 2212 κρεῖσσον
393 2176 423 2203 τὸ
440 2175 513 2207 ἔλεός
533 2184 579 2202 σου
597 2175 665 2211 ὑπὲρ
678 2174 759 2208 ζωὰς,
773 2176 808 2203 τὰ
824 2176 898 2213 χείλη

114 2233 165 2263 μου
187 2223 359 2253 ἐπαινέσουσι
373 2232 412 2252 σε.
435 2234 444 2250 ι
467 2225 496 2250 '0
513 2223 562 2259 τὴν
575 2223 655 2257 φύσιν
665 2223 711 2249 τοῦ
724 2223 821 2258 θνητοῦ
842 2223 899 2258 βίου

951 974 992 1001 sic
1009 974 1099 1000 anima
1113 981 1184 1005 mea,
1203 974 1250 1005 ait,
1268 981 1329 1009 quae
1343 973 1390 1000 tibi
1408 973 1508 1008 placita
1519 977 1546 1001 et
1562 973 1661 1000 dilecta
1671 977 1736 1000 sunt

951 1019 1091 1047 sitibunda
1109 1019 1298 1054 concupiscit;
1315 1020 1352 1046 ita
1367 1023 1397 1046 ut
1419 1021 1442 1047 si
1461 1019 1534 1046 illius
1546 1019 1592 1054 qui
1609 1026 1695 1054 penes
1708 1022 1735 1046 te

950 1070 991 1093 est
1006 1065 1090 1093 fontis
1109 1066 1246 1101 particeps
1259 1073 1314 1092 non
1334 1064 1425 1096 ἀδοξῇ..
1436 1064 1544 1092 deﬁciat
1563 1069 1589 1092 et
1609 1064 1736 1092 contabe-

951 1115 1023 1143 scat;
1044 1112 1077 1138 de
1095 1119 1149 1147 quo
1173 1110 1248 1138 fonte
1276 1111 1379 1138 dictum
1397 1118 1439 1139 est
1455 1120 1461 1139 :
1480 1119 1489 1136 1
1508 1110 1642 1144 Quoniam
1662 1110 1735 1146 apud

950 1161 977 1185 te
1000 1162 1043 1185 est
1073 1156 1135 1185 fous
1158 1157 1220 1185 vita:
1229 1156 1264 1184 ⁸¹.
1286 1167 1294 1183 ι
1313 1157 1403 1190 Quare
1431 1166 1439 1182 1
1455 1156 1540 1184 sitivit
1570 1157 1619 1184 tibi
1644 1156 1735 1184 anima

951 1211 1021 1231 mea.
1041 1213 1050 1229 ι
1070 1202 1130 1237 Quo
1147 1207 1228 1239 pacto
1245 1203 1330 1236 sitiat,
1343 1210 1405 1230 mox
1421 1203 1529 1238 aperit:
1549 1213 1558 1228 1
1575 1202 1620 1230 Sic
1632 1202 1659 1229 in
1674 1209 1736 1230 san-

951 1254 996 1278 cto
1025 1250 1140 1286 apparui
1161 1250 1222 1281 tibi,
1239 1259 1249 1276 ι
1273 1256 1304 1276 ac
1330 1249 1353 1277 si
1380 1249 1505 1277 diceret:
1524 1248 1615 1276 Sitivit
1643 1249 1735 1277 anima

951 1302 1010 1322 mea
1038 1299 1177 1330 aspectum
1204 1298 1281 1322 tuum
1307 1294 1335 1322 in
1360 1294 1517 1322 sanctuario
1544 1298 1601 1326 tuo,
1623 1303 1632 1319 1
1652 1294 1736 1320 utvi-

951 1341 1026 1368 deam
1042 1342 1168 1369 virtutem
1184 1345 1258 1368 tuam
1270 1344 1296 1368 et
1307 1340 1419 1376 gloriam
1437 1344 1521 1367 tuam.
1541 1350 1549 1366 ι
1570 1339 1663 1367 Simile
1671 1339 1736 1366 huic

950 1391 992 1414 est
1004 1387 1069 1414 illud
1084 1387 1212 1422 superius
1228 1386 1332 1413 dictum
1347 1396 1354 1413 :
1369 1395 1378 1411 1
1395 1385 1488 1413 Sitivit
1499 1386 1591 1413 anima
1615 1393 1674 1413 mea
1700 1385 1734 1412 ad

951 1431 1034 1459 Deum
1058 1431 1154 1459 fortem
1175 1432 1279 1466 vivum,
1296 1431 1406 1466 quando
1423 1432 1529 1458 veniam
1551 1434 1578 1458 et
1598 1431 1735 1466 apparebo

950 1483 1014 1506 ante
1041 1478 1138 1506 faciem
1169 1478 1257 1505 Dei“.
1278 1488 1287 1504 ι
1307 1477 1336 1505 In
1353 1483 1449 1506 sancto
1476 1478 1576 1512 quippe
1603 1481 1652 1504 tuo
1668 1484 1734 1503 con-

951 1525 1072 1556 stitutus,
1087 1524 1120 1552 de
1137 1531 1191 1559 quo
1214 1524 1241 1551 in
1267 1524 1320 1551 alio
1336 1525 1442 1559 psalmo
1456 1523 1558 1551 dictum
1571 1526 1632 1550 est:
1652 1531 1661 1548 1
1685 1522 1735 1550 Se-

951 1570 1004 1597 mel
1020 1569 1109 1605 juravi
1122 1569 1149 1597 in
1165 1573 1262 1597 sancto
1279 1577 1340 1597 meo
1352 1569 1386 1601 ⁸⁸,
1403 1579 1412 1595 ι
1426 1569 1513 1604 primo
1525 1568 1660 1603 apparebo
1673 1567 1733 1601 tibi,

952 1621 980 1643 ιι
994 1617 1124 1652 probetur
1139 1624 1204 1644 num
1220 1616 1318 1652 dignus
1330 1621 1479 1651 conspectu
1498 1619 1544 1642 tuo
1555 1615 1616 1642 sim.
1633 1614 1735 1642 Deinde

951 1671 1012 1689 cum
1036 1662 1134 1698 dignus
1155 1662 1320 1697 comperiar,
1335 1661 1432 1689 videbo
1462 1661 1590 1688 virtutem
1618 1664 1692 1687 tuam
1707 1663 1737 1688 et

951 1707 1065 1742 gloriam
1097 1710 1172 1734 tuam
1190 1715 1196 1733 :
1214 1707 1248 1733 ad
1275 1713 1391 1741 quarum
1422 1710 1598 1740 conspectum
1629 1704 1737 1732 admitti

950 1760 1031 1780 nemo
1051 1756 1150 1788 potest,
1158 1752 1231 1788 quin
1249 1753 1326 1787 prius
1351 1752 1378 1779 in
1394 1752 1546 1785 sancto_sit,
1557 1759 1588 1779 ac
1599 1752 1676 1788 prius
1693 1751 1736 1779 di-

950 1800 1022 1827 vinis
1050 1799 1129 1827 bonis
1155 1799 1254 1835 dignus
1276 1805 1416 1835 appareat.
1433 1798 1530 1827 Postea
1545 1799 1617 1827 enim
1633 1798 1734 1834 quivis,

951 1844 1107 1880 utpotejam
1119 1844 1260 1880 probatus,
1272 1845 1398 1872 virtutem
1410 1845 1555 1879 etglorlam
1567 1844 1614 1871 Dci
1623 1844 1733 1872 videbit.

951 1890 1031 1926 lsque
1056 1891 1118 1918 ﬁnis
1134 1891 1267 1919 bonorum
1289 1891 1381 1924 fuerit,
1402 1890 1436 1918 ad
1448 1899 1541 1918 eorum
1567 1891 1735 1925 contempla-

951 1936 1051 1963 tionem
1063 1935 1189 1964 admitti:
1203 1943 1288 1972 quare
1309 1936 1411 1963 dictum
1427 1940 1469 1963 est
1483 1945 1490 1963 :
1509 1945 1518 1961 1
1537 1935 1612 1963 Beati
1631 1935 1734 1963 mundo

951 1983 1046 2014 corde,
1066 1982 1195 2018 quoniam
1218 1982 1270 2018 ipsi
1289 1982 1372 2010 Deum
1386 1981 1556 2009 videbunt".
1572 1992 1582 2008 ι
1600 1981 1657 2009 lloc
1680 1982 1734 2009 ita-

951 2036 1004 2063 que
1018 2028 1128 2056 sitiebat
1141 2027 1252 2056 Davidis
1271 2028 1362 2055 anima
1379 2037 1385 2054 :
1403 2035 1488 2063 quare
1503 2027 1619 2060 dicebat,
1633 2037 1642 2053 1
1662 2027 1735 2056 Deus

951 2073 1023 2101 Deus
1040 2074 1128 2106 meu's,
1141 2073 1175 2100 ad
1188 2078 1214 2101 te
1229 2073 1263 2101 de
1279 2074 1341 2101 luce
1356 2073 1449 2107 vigilo.
1468 2071 1560 2099 Sitivit
1575 2072 1624 2100 tibi
1643 2072 1736 2100 anima

950 2127 1019 2147 mea.
1042 2128 1051 2145 ι
1057 2131 1068 2154 ι

986 2177 1069 2206 Vens.
1098 2177 1155 2206 4-6.
1180 2185 1189 2203 1
1207 2176 1341 2211 Quoniam
1364 2177 1460 2205 melior
1487 2180 1529 2205 est
1549 2175 1736 2204 misericordia

952 2230 997 2253 tua
1022 2233 1104 2260 super
1119 2224 1214 2257 :vitas,
1232 2224 1302 2252 labia
1328 2232 1387 2252 mea
1413 2223 1563 2251 laudabunt
1587 2227 1624 2250 te.
1645 2232 1655 2248 ι
1683 2221 1735 2254 Qui

113 2271 294 2308 κατανοήσας,
313 2271 360 2297 καὶ
381 2271 431 2306 τὴν
445 2270 610 2306 πρόσκαιρον
626 2269 698 2305 ζωὴν
714 2270 763 2305 ὅση
784 2269 825 2301 τίς
842 2270 899 2296 ἐστι

954 2271 1077 2299 mortalis
1094 2271 1156 2299 vitae
1183 2274 1310 2298 naturam
1327 2270 1521 2302 consideravit,
1541 2272 1569 2295 et
1592 2275 1651 2303 quae
1667 2274 1736 2302 qua-

112 2318 159 2345 καὶ
183 2316 264 2344 ὁποία
289 2317 439 2352 ἐξητακὼς,
457 2316 655 2352 ἀποστρέφεται
680 2315 729 2351 μὲν
760 2315 845 2342 ταῦτα
862 2316 900 2347 ὡς

114 2363 202 2399 μικρὰ
214 2363 262 2390 καὶ
273 2363 378 2395 οὐδενὸς
391 2363 469 2397 λόγου
486 2362 548 2396 ἀξια
557 2371 564 2378 σ
579 2362 638 2394 ὅλος
650 2362 678 2388 δὲ
690 2362 739 2397 τῆς
752 2362 808 2389 ἄνω
822 2362 898 2388 ἑλπί-

112 2409 155 2440 δος
177 2409 332 2446 γενόμενος,
358 2409 464 2444 ἐκείνης
487 2409 578 2444 τυχεῖν
605 2408 724 2444 εὔχεται,
740 2408 806 2443 ἐλέῳ
829 2407 897 2435 Θεοῦ

113 2454 329 2493 χορηγουμένης.
354 2454 390 2481 Οὐ
407 2454 461 2490 γὰρ
481 2454 513 2489 δὴ
535 2454 604 2481 κατὰ
627 2453 745 2490 ὀφειλὴν,
762 2453 821 2480 οὐδὲ
839 2454 897 2480 κατ’

114 2499 192 2535 ἀξίαν
200 2500 251 2537 τῆς
264 2500 360 2531 ἑαυτοῦ
372 2500 544 2535 δικαιοσύνης
558 2500 682 2532 τεύξεταί
699 2509 740 2531 τις
753 2500 806 2526 τῶν
817 2500 899 2526 ἐπου-

115 2546 230 2582 ρανίων.
247 2546 346 2582 Διόπερ
361 2546 477 2583 ἀλλαχοῦ
494 2555 544 2577 που
563 2546 684 2582 εἴρηται’
706 2555 715 2571 1
732 2545 764 2572 Τί
776 2546 830 2582 γάρ
855 2554 899 2582 μοι

114 2592 233 2629 ὑπάρχει
255 2593 284 2618 ὲν
297 2592 336 2628 τῷ
353 2592 477 2628 capas/t2);
500 2602 509 2618 ι
527 2592 558 2620 τὸ
571 2593 599 2619 δὲ
618 2592 672 2619 πᾶν
686 2591 754 2627 ἐλέῳ
771 2591 837 2618 Θεοῦ
855 2591 901 2618 καὶ

115 2637 304 2678 φιλανθρωπίᾳ
318 2638 453 2674 δωρεῖται,
473 2640 528 2670 τοῖς
540 2638 642 2674 σμικρὰ
659 2638 851 2674 κατωρθωκόσι
866 2638 900 2665 τὰ

116 2684 221 2719 μεγάλα
238 2684 427 2719 χαριζομένου.
444 2685 476 2711 '0
493 2684 525 2720 δὴ
542 2684 668 2719 σημαίνει
688 2684 702 2710 ὁ
716 2683 810 2719 παρὼν
824 2682 903 2717 λόγος

117 2731 243 2765 φάσκων·
265 2741 274 2756 ι
295 2732 354 2758 Ὅτι
368 2732 492 2766 κρεῖσσον
509 2730 539 2756 τὸ
551 2729 625 2761 ἔλεός
641 2737 687 2755 σου
704 2729 773 2764 ὑπὲρ
790 2728 870 2760 ζωάς.
888 2737 898 2754 ι

116 2775 174 2806 Κᾶν
195 2776 250 2814 γὰρ
269 2776 415 2813 μακρόϐιος
434 2776 481 2807 καὶ
503 2775 696 2815 μακροχρόνιος
713 2775 760 2801 ἐπὶ
778 2774 824 2803 τοῦ
847 2782 900 2801 πα-

954 2317 1022 2345 lisve
1045 2320 1219 2351 temporanea
1241 2315 1296 2343 vita
1325 2315 1372 2348 sit,
1389 2314 1549 2350 exploravit.
1563 2313 1620 2340 haec
1643 2316 1736 2343 utpote

954 2370 1036 2398 parva
1051 2366 1076 2389 ct
1089 2362 1190 2388 nullius
1203 2353 1282 2396 pretii
1297 2364 1440 2390 aversatur
1452 2368 1459 2393 ;
1477 2359 1524 2387 sed
1537 2365 1662 2394 superna:
1676 2357 1735 2392 spei

953 2417 1013 2437 sese
1029 2413 1115 2436 totum
1135 2408 1276 2442 applicans
1289 2414 1348 2434 eam
1372 2405 1558 2434 misericordia
1575 2404 1622 2432 Dei
1637 2411 1735 2431 conse-

952 2456 998 2491 qui
1011 2458 1131 2491 exoptat.
1148 2454 1241 2490 Neque
1253 2454 1324 2482 enim
1341 2453 1476 2489 quispiam
1490 2461 1523 2480 ex
1536 2453 1627 2480 debito
1640 2456 1686 2479 aut
1702 2460 1734 2479 cx

951 2501 1065 2537 justitire
1089 2508 1145 2528 suae
1168 2499 1264 2527 merito
1289 2499 1410 2526 caelestia
1434 2498 1610 2533 adipiscetur.
1634 2498 1736 2532 Quam-

954 2548 1049 2574 obrem
1077 2547 1140 2574 alibi
1166 2546 1265 2573 dicitur
1284 2555 1290 2572 ε
1310 2555 1320 2571 1
1340 2544 1410 2578 Quid
1443 2545 1515 2572 enim
1542 2545 1609 2571 mihi
1638 2548 1680 2572 est
1708 2544 1735 2572 in

953 2591 1068 2620 ccelo”?
1087 2601 1098 2617 ι
1116 2591 1168 2618 Sed
1187 2595 1273 2619 totum
1289 2590 1335 2617 Dei
1352 2589 1539 2617 misericordia
1560 2594 1587 2617 et
1610 2589 1737 2617 humani-

956 2642 1011 2666 tate
1026 2638 1118 2669 datur,
1134 2637 1180 2672 qui
1197 2636 1303 2664 modica
1333 2635 1525 2672 praestantibus
1543 2643 1640 2671 magna
1666 2636 1737 2663 elar-

953 2685 1036 2720 gitur.
1066 2682 1143 2716 Quod
1169 2683 1212 2710 his
1236 2683 1327 2718 verbis
1354 2681 1523 2716 signiﬁcatur
1546 2691 1553 2708 :
1575 2691 1584 2707 ι
1602 2681 1736 2714 Quoniam

954 2730 1051 2757 melior
1079 2733 1121 2758 est
1147 2728 1337 2757 misericordia
1363 2732 1409 2755 tua
1436 2735 1518 2762 super
1541 2729 1620 2755 vitas.
1638 2737 1647 2753 ι
1669 2726 1736 2754 Nam

953 2776 1061 2804 etiamsi
1079 2775 1141 2810 quis
1158 2775 1296 2809 longzevus
1312 2778 1340 2801 et
1364 2781 1486 2801 annosus
1503 2773 1530 2800 in
1550 2773 1601 2800 hac
1616 2773 1670 2800 vita
1689 2773 1735 2805 sit,

152 2893 174 2910 "
195 2891 268 2921 Psal.
287 2900 366 2925 xxxv,
387 2892 427 2920 l0.
465 2892 488 2910 "
508 2890 579 2919 Psal.
596 2898 656 2921 xu.
675 2891 703 2919 3,
740 2890 762 2907 ⁸³
783 2889 853 2918 Psal.
873 2896 900 2917 La

951 2895 1012 2919 nn,
1032 2888 1075 2915 56.
1116 2887 1137 2903 ⁸⁸
1158 2885 1251 2915 Matth.
1271 2895 1296 2919 ν,
1317 2886 1342 2916 8.
1381 2887 1403 2903 ’³³
1424 2885 1492 2914 Psal.
1513 2892 1605 2916 usu,
1623 2882 1657 2910 25
