2041 3215
294 183 347 212 607

633 181 768 210 EUSEBII
782 181 1020 210 CESARIENSIS
1034 181 1110 209 OPP.
1133 181 1223 210 PARS
1238 181 1283 210 Ill.
1299 199 1333 203 -—-
1349 183 1553 211 EXEGETICA.

1873 183 1927 211 608

296 242 332 270 ita
347 245 377 269 ut
393 249 421 268 ιιι
437 241 530 269 multis
543 248 678 269 annorum
695 236 816 276 periodis
828 241 976 268 multorqu
998 241 1082 268 vitam

1139 241 1228 276 ρὸντος
1249 241 1361 277 γένηταί
1376 250 1429 275 τις,
1450 241 1543 277 ὥσπερ
1559 241 1657 273 πολλὰς
1676 240 1747 273 ζωὰς
1765 242 1794 268 ὲν
1816 240 1928 273 πολλαῖς

294 289 419 324 expleat;
435 288 487 316 hoc
504 296 570 316 sane
586 288 653 315 nihil
668 293 722 320 est,
740 288 938 315 misericordim
952 287 998 315 Dei
1010 295 1085 315 com-

295 340 431 370 paratum,
448 343 509 370 qum
523 335 585 361 vita:
599 338 708 361 αξιοι-ηαξ
728 338 755 360 et
776 334 929 361 cmlestium
950 334 1084 361 bonorum

295 387 378 407 causa
390 383 442 407 est.
460 379 551 412 Quare
569 379 764 406 misericordire
781 379 902 406 conﬁsus
917 383 981 411 tum,
1000 383 1084 405 totam

296 424 366 452 hanc
383 425 476 456 vitam,
493 432 542 452 ceu
560 425 682 460 qua‘dam
699 425 819 460 pretiosa
838 425 950 452 donaria
967 429 993 452 et
1015 433 1084 459 opu-

295 471 370 497 lenta
382 470 491 498 cimelia
510 470 558 497 tihi
582 472 772 503 consecraho;
790 471 911 498 membra
937 471 1042 497 scilicet
1057 474 1084 497 et

296 525 396 544 sensus
425 524 500 544 meos
519 516 674 543 ministerio
691 516 816 543 addicam
839 521 897 544 tuo.
912 516 1085 552 Quapropter

296 562 367 590 labia
390 570 449 590 mea
464 563 532 589 nihil
551 563 624 589 aliud
648 563 822 597 eloquentur,
835 563 882 591 sed
902 571 970 598 pura
995 567 1085 590 casta-

295 616 350 642 que
362 608 558 639 servabunlur,
577 613 605 635 ιιι
618 608 672 635 tuis
687 613 784 636 vacent
799 609 907 644 hymnis
931 613 957 636 et
981 616 1085 636 sermo-

297 654 388 681 nibus.
407 654 468 681 Yita
484 658 573 681 alitem
593 663 652 681 mea
669 655 716 682 tibi
731 655 916 682 benedicendo
932 659 1012 682 nocte
1028 654 1082 681 die~

297 708 350 735 que
369 701 626 735 sempcrineumhet
645 711 650 727 :
670 709 768 728 manus
793 701 918 736 corporis
942 702 1005 732 mei,
1021 709 1085 736 ope-

299 754 382 781 raque
394 746 427 773 iis
439 746 521 777 edita,
538 746 565 772 in
584 747 693 773 nomine
705 751 752 773 tuo
776 747 872 773 levabo
901 746 1086 781 cxtollamque

299 791 325 817 in
345 791 440 823 altum.
456 800 539 826 pravo
554 792 652 826 quovis
667 792 790 819 facinore
810 800 893 827 puras
916 792 1037 824 efferam,
1057 795 1086 818 ut

298 836 367 863 dicit
383 837 493 872 quidam
511 847 516 864 :
535 847 543 861 ι
566 836 633 863 Volo
658 837 734 864 viros
761 845 852 869 orare,
867 838 989 864 levantes
1004 845 1086 872 puras

298 891 396 910 manus
411 883 469 910 sine
486 883 525 909 ira
539 887 565 909 et
580 882 780 917 disceptatione
788 883 822 910 “.
843 893 853 908 ι
869 883 914 910 Sic
935 887 1025 909 autem
1046 882 1086 908 la-

1138 287 1206 313 ὲτῶν
1232 287 1365 323 περιόδοις
1389 288 1574 323 κτησάμενος·
1599 287 1656 314 ἀλλ’
1671 287 1745 313 οὐδέν
1765 288 1823 313 ἐστι
1841 287 1929 315 ταῦτα

1138 334 1340 369 συγκρινόμενα.
1357 334 1426 369 πρὸς
1439 335 1470 360 τὺ
1481 334 1552 366 ἕλεος
1567 333 1613 360 τοῦ
1625 333 1742 364 Θεοῦ,τδ
1753 333 1803 369 τῆς
1817 334 1927 360 αἰωνίου

1137 380 1209 416 ξωῆς
1222 381 1269 407 καὶ
1281 380 1334 407 τῶν
1346 381 1513 416 ἐπουρανίων
1525 380 1634 414 ἀγαθῶν
1647 380 1743 406 αἴτιον.
1762 379 1865 415 Διόπερ
1882 379 1929 406 καὶ

1136 427 1174 462 τῷ
1189 427 1228 463 σῷ
1241 427 1307 463 ἐλέῳ
1322 427 1519 464 ἐπιθαρσήσας,
1539 427 1628 454 πᾶσάν
1644 436 1694 462 μου
1715 426 1764 462 τὴν
1785 425 1928 462 παροῦσαν

1136 473 1208 509 ζωήν
1230 482 1270 499 σοι
1298 473 1438 509 ἀναθήσω,
1461 473 1555 509 ὥσπερ
1577 473 1639 499 τινὰ
1657 473 1734 508 τίμια
1753 472 1928 508 ἀναθήματα,

1136 521 1182 546 καὶ
1199 520 1331 555 πολυτελῆ
1346 520 1476 556 κειμήλια
1490 519 1525 546 τὰ
1540 520 1607 555 μέλη
1621 528 1671 555 μου
1688 520 1734 546 καὶ
1747 518 1782 545 τὰ
1798 518 1930 554 αἰσθητή-

1137 575 1183 602 ρια
1199 568 1232 602 τῇ
1250 568 1282 601 σῇ
1295 566 1429 602 ἀφορίσας
1442 566 1605 602 λειτουργίᾳ.
1618 566 1663 592 Διὸ
1672 566 1706 592 τὰ
1722 566 1772 600 μὲν
1784 565 1863 600 χείλη
1879 574 1928 601 μου

1136 612 1212 638 οὐδὲν
1228 612 1320 649 ἕτερον
1339 612 1465 647 λαλήσει,
1486 612 1613 646 ἁγνεύσει
1632 613 1660 639 δὲ
1689 613 1736 640 καὶ
1758 612 1868 648 καθαρὰ
1884 620 1930 646 φυ-

1136 657 1310 692 λαχθήσεται,
1336 658 1376 688 εἰς
1393 657 1422 683 τὺ
1441 657 1580 692 σχολάζειν
1607 658 1662 688 τοῖς
1686 658 1742 688 σοῖς
1762 656 1860 692 ὕμνοις
1883 657 1930 682 καὶ

1136 703 1225 737 λόγοις
1235 711 1241 717 ·
1258 704 1274 738 ἡ
1296 703 1324 729 δὲ
1342 703 1397 739 ζωή
1416 712 1468 738 μου
1481 704 1549 738 αὕτη
1563 712 1595 729 πε
1601 704 1626 738 ρὶ
1638 703 1667 729 τὸ
1683 702 1805 737 εὐλογεῖν
1819 711 1850 729 σε
1863 702 1930 729 πάν-

1135 757 1195 775 τοτε
1221 749 1329 784 νύκτωρ
1355 749 1402 775 καὶ
1425 750 1484 784 μεθ’
1501 750 1607 785 ἡμέραν
1629 749 1863 785 ἁσχοληθήσεται·
1884 749 1930 776 καὶ

1137 794 1186 826 τὰς
1208 796 1301 831 χεῖρας
1320 795 1347 821 δὲ
1373 795 1418 821 τοῦ
1441 794 1566 830 σώματός
1580 804 1643 830 μου.
1657 796 1705 827 τὰς
1719 804 1748 821 τε
1764 795 1810 821 διὰ
1828 795 1930 822 τούτων

1136 841 1349 876 ἐπιτελουμένας
1364 841 1487 877 πράξεις,
1499 843 1528 868 ἐν
1547 842 1585 876 τῷ
1600 842 1712 877 ὀνόματι
1729 850 1775 868 σου
1796 841 1858 877 ἀρῶ
1884 851 1930 878 με·

1137 887 1276 923 τεωρίζων
1291 889 1330 919 εἰς
1343 887 1418 922 ὕψος,
1435 888 1480 914 καὶ
1505 889 1546 914 σοὶ
1567 888 1689 923 καθαρὰς
1705 888 1795 924 πάσης
1815 888 1933 924 παρανό-

298 929 342 956 l‘ia
359 937 419 956 mea
433 934 460 956 et
477 937 574 956 manus
591 937 656 956 meze
673 929 720 956 tibi
736 929 960 960 destinabuntur,
973 932 1002 955 ut
1014 928 1084 955 labia

1140 943 1189 968 μου
1209 934 1334 968 πράξεως
1357 935 1510 966 ἐπιδεικνὺς
1537 934 1620 966 αὑτὰς
1638 935 1707 961 κατά
1727 935 1772 961 τὸν
1796 935 1930 970 φήσαντα”

299 975 408 1010 quidem
431 983 444 1002 a
461 975 636 1011 thymiamate
656 975 721 1002 boui
743 975 836 1002 odoris
858 975 924 1002 nihil
939 974 1084 1006 diﬂ'erant,

298 1029 396 1048 manus
408 1029 472 1048 vero
485 1023 518 1048 ab
528 1022 630 1049 efﬁcaci
647 1026 674 1049 et
690 1030 756 1049 vero
770 1022 906 1049 sacriﬁcio
921 1030 974 1048 non
987 1021 1087 1048 discre-

298 1071 373 1102 pent,
398 1072 426 1094 ut
442 1071 597 1102 opportune
624 1068 713 1094 dicam
740 1067 772 1094 de
795 1067 875 1095 labiis
903 1068 981 1099 meis,
998 1075 1008 1092 ι
1027 1066 1086 1093 Fiat

298 1116 386 1141 oratio
403 1123 461 1141 mea
487 1115 557 1142 sicut
585 1115 728 1142 incensum
747 1114 774 1141 in
790 1119 939 1150 conspectu
955 1119 1002 1142 tuo
1014 1115 1051 1147 “7;
1074 1124 1083 1140 ι

298 1162 332 1188 de
359 1161 489 1195 operibus
519 1166 621 1192 autem,
641 1171 649 1186 ι
669 1160 791 1187 Elevatio
806 1169 935 1187 manuum
964 1169 1086 1188 mearum

298 1207 465 1234 sacriﬁcium
482 1207 668 1241 vespertinum
682 1207 714 1234 ⁸⁸.
732 1216 741 1232 ›
755 1206 843 1241 Atque
854 1207 889 1234 ita
901 1214 966 1233 caro
980 1211 1008 1234 et
1025 1214 1086 1233 cor-

300 1262 351 1288 pus
371 1261 460 1280 meum
476 1254 630 1281 ministerio
647 1260 693 1280 tuo
707 1253 886 1285 addicentur;
905 1254 995 1281 anima
1023 1262 1088 1281 vero

300 1307 358 1327 mea
385 1299 497 1334 majoris
522 1307 637 1327 consors
652 1300 705 1327 erit
718 1299 828 1326 virtutis
846 1309 852 1326 :
869 1308 955 1334 quare
982 1300 1017 1327 de
1042 1300 1087 1326 illa

299 1345 380 1371 dico:
400 1353 409 1370 ι
433 1343 511 1371 Sicut
524 1344 603 1379 adipe
618 1348 645 1371 et
662 1344 826 1380 pinguedine
847 1345 985 1379 repleatur
996 1345 1087 1371 anima

299 1398 369 1417 mea.
391 1399 400 1416 ι
428 1389 521 1424 Neque
534 1391 606 1417 enim
635 1391 693 1425 pari
719 1395 800 1426 atque
828 1399 929 1426 corpus
957 1391 1063 1417 ratione
1079 1411 1087 1423 ,

299 1435 390 1462 anima
408 1435 499 1467 labiis,
516 1441 562 1462 aut
579 1436 718 1468 manibus,
731 1442 778 1463 aut
795 1437 848 1463 alia
866 1437 993 1472 quapiam
1013 1442 1089 1472 parte

299 1481 341 1508 vel
361 1481 503 1515 membro;
520 1482 568 1509 scd
590 1482 649 1517 ipsa
663 1486 721 1509 tota
737 1491 769 1509 ac
787 1491 835 1516 per
859 1491 888 1510 se
912 1484 1089 1518 preestantior

299 1528 373 1554 omni
394 1528 530 1555 sacriﬁcio
553 1529 717 1560 holocausti,
740 1529 871 1564 omni'que
891 1530 1003 1556 animali
1029 1530 1089 1564 pin-

299 1574 345 1608 gui
358 1574 437 1609 adipe
447 1579 478 1601 et
494 1574 662 1609 pinguedine
680 1574 793 1608 referto,
810 1576 858 1602 tibi
878 1576 934 1603 Deo
950 1576 1086 1609 offeretur,

300 1620 499 1655 pretiosiorque
513 1621 610 1652 vitulo,
625 1626 702 1648 tauro
720 1629 752 1648 ac
768 1622 865 1656 quovis
877 1622 957 1649 bruto
973 1623 1088 1649 animali

300 1666 348 1692 abs
364 1669 391 1692 te
404 1665 585 1699 reputabitur.
602 1665 693 1698 Quare
719 1667 790 1694 hanc
811 1667 1019 1702 pinguissimam
1040 1675 1088 1695 ac-

299 1715 460 1746 eeptamque
475 1711 524 1738 tibi
544 1712 673 1744 hostiam,
688 1713 807 1739 animam
828 1714 890 1740 dico
916 1722 1016 1745 meam,
1039 1715 1087 1741 tibi

300 1757 407 1784 dicabo.
423 1757 511 1792 Atque
526 1757 576 1784 hac
589 1757 622 1785 de
635 1766 717 1785 causa
734 1759 849 1793 gratiam
868 1760 915 1786 tibi
935 1759 1087 1794 professus,

301 1804 380 1839 pleno
397 1811 444 1831 ore
468 1803 590 1839 ipsisque
616 1804 697 1832 labiis
719 1805 820 1840 gaudio
843 1805 954 1840 repletis
972 1810 998 1834 te
1015 1808 1086 1834 cele-

300 1849 385 1876 brabo
402 1859 408 1877 :
428 1849 490 1876 ideo
518 1850 557 1878 sic
576 1851 674 1886 loquor
691 1860 697 1878 :
717 1861 725 1877 ι
741 1851 774 1878 Et
791 1851 870 1879 labiis
894 1853 1087 1881 exsultationis

299 1895 421 1923 laudabit
437 1904 468 1923 os
483 1904 572 1924 meum
584 1906 591 1931 ;
604 1907 613 1923 ι
625 1898 693 1930 sive,
712 1899 861 1926 secundum
884 1899 1087 1935 Symmachum,

302 1952 310 1966 ι
328 1941 360 1969 Et
371 1942 450 1970 labiis
463 1943 662 1971 benedictionis
675 1944 824 1972 celebrabit
842 1953 873 1972 os
885 1953 987 1976 meum.
1005 1956 1014 1972 ι

1139 989 1147 1004 ι
1159 980 1292 1015 Βούλομαι
1308 980 1370 1012 τοὺς
1378 980 1476 1016 ἄνδρας
1485 980 1690 1016 ,προσεύχεσθαι
1704 981 1868 1016 ἐπαίροντας
1877 981 1932 1007 ὁσί-

1136 1034 1180 1056 ους
1195 1027 1288 1060 χεῖρας
1301 1025 1384 1060 χωρὶς
1401 1026 1484 1060 ὀργῆς
1494 1025 1540 1051 καὶ
1555 1025 1745 1061 διαλογισμῶν.
1766 1037 1775 1051 ι
1795 1026 1891 1058 Οὕτως
1906 1026 1933 1053 δὲ

1136 1070 1171 1097 τὰ
1180 1071 1256 1105 χείλη
1273 1080 1322 1106 μου
1336 1071 1382 1097 καὶ
1398 1072 1425 1097 αἱ
1436 1072 1525 1106 χεῖρες
1546 1071 1772 1107 ἀφορισθήσονταί
1783 1081 1836 1102 σοι.
1852 1073 1934 1104 ὡςτὰ

1138 1116 1187 1151 μὲν
1209 1117 1284 1152 χείλη
1306 1117 1478 1152 θυμιάματος
1493 1117 1608 1150 εὐώδους
1622 1118 1651 1144 τὸ
1666 1118 1751 1153 μηθὲν
1777 1119 1933 1155 διαφέρειν,

1136 1163 1184 1194 τὰς
1199 1163 1227 1188 δὲ
1244 1164 1339 1198 χεῖρας
1355 1163 1452 1195 ϐυσίας
1475 1163 1602 1198 ἐνεργοῦς
1621 1164 1667 1190 καὶ
1681 1164 1811 1199 ἀληθινῆς
1829 1165 1868 1200 μὴ
1882 1165 1934 1191 λεί-

1138 1209 1253 1236 πεσθαι-
1280 1210 1318 1241 ὼς
1337 1210 1424 1236 εἰπεῖν
1453 1219 1486 1244 με
1513 1210 1650 1245 εὐκαίρως
1667 1210 1731 1245 περὶ
1749 1211 1797 1245 μὲν
1811 1210 1868 1237 τῶν
1884 1219 1934 1246 χει-

1137 1255 1207 1282 λέων
1223 1264 1276 1290 μου
1291 1255 1331 1290 τὸ,
1348 1265 1356 1279 ί
1377 1256 1550 1291 Γενηθήτωὴ
1567 1258 1704 1292 προσευχὴ
1728 1265 1778 1292 μου
1797 1256 1836 1289 ὡς
1853 1256 1933 1292 θυμί-

1138 1311 1195 1338 αμα
1218 1302 1333 1329 ἐνώπιόν
1364 1311 1426 1329 σου·
1458 1313 1466 1328 ι
1485 1304 1548 1340 περὶ
1568 1303 1595 1329 δὲ
1610 1304 1664 1330 τῶν
1687 1303 1811 1339 πράξεών
1827 1313 1879 1340 μου
1893 1305 1933 1334 τὸ.

1141 1357 1149 1373 ι
1168 1348 1303 1383 Ἐπαρσις
1323 1347 1378 1374 τῶν
1395 1348 1494 1383 χειρῶν
1513 1357 1563 1383 μου
1584 1349 1662 1375 θυσία
1678 1349 1818 1385 ἑσπερινή.
1853 1359 1863 1376 ι
1880 1350 1935 1384 Καὶ

1139 1395 1154 1427 ὴ
1174 1393 1223 1429 μὲν
1240 1393 1309 1429 σὰρξ
1330 1395 1377 1422 καὶ
1398 1395 1426 1421 τὸ
1445 1395 1524 1431 σῶμα
1541 1395 1628 1427 οὕτως
1640 1396 1836 1431 ἀνατεθήσεται
1850 1398 1884 1432 τῇ
1901 1398 1934 1432 σῇ

1138 1438 1302 1475 λειτουργίᾳ·
1311 1441 1327 1475 ή
1336 1441 1363 1467 δὲ
1376 1440 1448 1476 ψυχή
1462 1450 1512 1476 μου
1529 1442 1648 1474 πλείονος
1661 1442 1766 1477 μεθέξει
1777 1443 1932 1478 δυνάμεως·

1139 1484 1178 1510 διὸ
1194 1486 1239 1511 καὶ
1255 1486 1319 1522 περὶ
1344 1487 1428 1522 αὐτῆς
1444 1496 1514 1523 φημι
1525 1497 1531 1503 ·
1559 1498 1567 1512 ι
1591 1488 1662 1514 Ὠσεὶ
1684 1489 1795 1520 στέατος
1811 1489 1860 1516 καὶ
1874 1489 1933 1515 πιό-

1140 1539 1221 1567 τητος
1242 1532 1412 1568 ἐμπλησθείη
1428 1534 1529 1569 ήψυχή
1548 1543 1608 1569 μου,
1628 1544 1637 1560 ι
1655 1535 1751 1561 Οὐκέτι
1765 1535 1820 1571 γὰρ
1835 1534 1934 1570 ὁμοίως

1139 1578 1177 1613 τῷ
1193 1579 1298 1614 σώματι
1316 1581 1363 1607 καὶ
1390 1581 1405 1616 ἡ
1424 1580 1496 1616 ψυχὴ
1518 1581 1636 1616 χείλεσιν
1659 1582 1719 1608 οὐδὲ
1746 1582 1854 1617 χερσὶν,
1875 1581 1934 1608 οὐδὲ

1140 1625 1210 1652 κατά
1224 1634 1250 1651 τι
1269 1626 1351 1666 μέρος
1365 1626 1380 1661 ἢ
1400 1627 1479 1661 μέλος
1494 1627 1536 1654 έτε
1542 1636 1597 1663 ρον,
1615 1628 1661 1663 ὅλη
1676 1627 1703 1654 δὲ
1717 1627 1786 1662 αὕτη
1801 1626 1864 1654 καθ’
1875 1627 1935 1654 ἑαυ-

1137 1672 1186 1708 τήν
1213 1673 1284 1709 ὑπὲρ
1306 1675 1394 1700 πᾶσαν
1417 1674 1562 1701 ὁλόκαυτον
1594 1674 1702 1706 Θυσίαν,
1721 1674 1768 1700 καὶ
1794 1673 1866 1710 ὑπὲρ
1883 1675 1935 1700 πᾶν

1139 1719 1208 1752 ζῶον
1229 1720 1362 1755 εὐτραφὲς
1382 1721 1507 1756 πιότητος
1523 1721 1571 1748 καὶ
1599 1721 1710 1752 στέατος
1726 1721 1821 1755 γέμον,
1836 1721 1878 1747 σοὶ
1897 1720 1935 1755 τῷ

1139 1766 1198 1800 Θεῷ
1209 1766 1465 1801 προσενεχθήσεται,
1477 1768 1577 1803 μόσχου
1594 1768 1640 1794 καὶ
1653 1767 1765 1803 ταύρου,
1778 1767 1826 1794 καὶ
1837 1767 1935 1798 παντὸς

1140 1811 1237 1845 ἀλόγου
1253 1811 1323 1843 ξώου
1338 1812 1489 1847 τιμιωτέρα
1515 1812 1591 1848 παρὰ
1618 1813 1659 1839 σοὶ
1685 1812 1875 1848 λελογισμένη.
1892 1812 1936 1838 Διὸ

1141 1857 1187 1883 καὶ
1208 1858 1311 1893 ταύτην
1330 1866 1370 1884 σοι
1388 1859 1517 1894 πιοτάτην
1535 1859 1581 1885 καί
1610 1867 1652 1885 σοι
1673 1859 1810 1894 προσφιλή
1828 1858 1936 1890 θυσίαν,

1141 1902 1212 1936 λέγω
1225 1903 1253 1929 δὲ
1274 1904 1322 1939 τὴν
1339 1904 1460 1940 ἐμαυτοῦ
1476 1904 1575 1939 ψυχὴν,
1592 1905 1729 1940 ἀναθήσω.
1751 1905 1812 1931 Ἐπὶ
1831 1904 1935 1936 τούτοις

1141 1957 1171 1975 τε
1189 1949 1304 1985 χάριτας
1321 1951 1459 1986 ὁμολογῶν
1472 1951 1525 1986 ὅλῳ
1537 1951 1574 1986 τῷ
1589 1952 1703 1986 στόματι
1716 1952 1762 1978 καὶ
1773 1952 1867 1984 αὐτοῖς
1879 1951 1936 1987 χεί-

298 1989 356 2015 λεσι
373 1990 460 2025 χαρᾶς
476 1990 700 2027 πεπληρωμένοις
716 1992 863 2028 ἀνυμνήσω
881 2001 910 2018 σε
921 2001 928 2008 ·
945 1993 985 2020 διό
1001 2002 1088 2028 φημι·
1112 2004 1120 2019 ι
1142 1996 1196 2022 Καὶ
1209 1996 1285 2032 χείλη
1307 1997 1492 2030 ἀγαλλιάσεως
1505 1999 1606 2025 αἰνέσει
1636 1999 1667 2025 τὺ
1682 1999 1768 2034 στόμα
1785 2007 1838 2034 μου
1858 2007 1867 2015 ’
1893 2009 1903 2024 ι
1918 1999 1933 2035 ἢ

299 2037 370 2063 κατὰ
392 2037 438 2063 τὸν
466 2038 626 2073 Σύμμαχον·
646 2048 654 2065 ι
682 2040 736 2065 Καὶ
758 2040 802 2066 διὰ
824 2040 935 2074 χειλέων
951 2041 1091 2077 -εὺςρήμων
1112 2043 1228 2079 ὑμνήσει
1243 2044 1272 2070 τὸ
1290 2045 1377 2079 στόμα
1391 2054 1452 2080 μου.
1469 2055 1478 2072 ι

335 2093 419 2121 Vens.
449 2095 504 2121 7-9.
525 2105 533 2121 ‹
554 2095 582 2122 Si
607 2104 711 2124 memor
738 2097 776 2124 fui
801 2099 839 2124 tui
861 2107 943 2134 super
973 2104 1088 2127 stratum

301 2149 404 2173 meum,
420 2142 448 2168 in
475 2142 618 2170 matutinis
643 2144 796 2171 meditabar
820 2145 846 2171 in
871 2149 908 2177 te.
921 2146 985 2181 quia
1011 2146 1088 2174 fuisti

300 2185 410 2219 adjutor
430 2193 517 2212 meus.
538 2186 569 2213 Et
585 2187 611 2213 in
628 2188 782 2215 velamento
798 2189 902 2217 alarum
916 2195 1024 2217 tuarum
1042 2199 1089 2218 etv

1178 2110 1186 2126 ι
1204 2102 1235 2127 Εἰ
1250 2103 1434 2139 ἐμνημόνευον
1459 2111 1505 2129 σου
1529 2102 1575 2128 ἐπὶ
1595 2102 1646 2138 τῆς
1662 2102 1807 2138 στρωμνῆς
1825 2110 1889 2137 μου,
1907 2103 1936 2128 ὲν

1140 2148 1195 2178 τοῖς
1217 2148 1326 2183 ὄρθροις
1345 2149 1482 2184 ἐμελέτων
1499 2149 1539 2179 εἰς
1565 2147 1606 2178 σὲ,
1620 2148 1662 2174 ὃτι
1684 2147 1818 2183 ὲγενήθης
1840 2146 1935 2183 βοηθός

1142 2202 1202 2228 μου.
1221 2193 1276 2220 Καὶ
1298 2194 1327 2220 ὲν
1350 2196 1383 2229 τῇ
1410 2194 1500 2229 σκέπῃ
1515 2193 1570 2219 τῶν
1583 2193 1725 2229 πτερύγων
1741 2201 1787 2219 σου
1807 2191 1936 2227 ἀγαλλιά-

301 2231 420 2264 sultabo,
440 2231 555 2258 adhasit
573 2232 663 2259 anima
688 2241 746 2259 mea
770 2239 833 2268 post
846 2239 881 2268 te,
907 2243 949 2263 me
967 2237 1086 2272 suscepit

1143 2247 1233 2274 σομαι,
1249 2240 1381 2276 ἐκολλήθη
1402 2241 1418 2275 ὴ
1438 2240 1510 2275 ψυχή
1528 2248 1579 2275 μου
1595 2240 1682 2266 ὀπίσω
1699 2248 1757 2270 σου,
1771 2237 1840 2274 ἐμοῦ
1852 2237 1881 2265 δὲ
1895 2239 1937 2265 ἁν-

300 2277 410 2304 dextera
433 2280 489 2303 tua.
511 2286 519 2302 ›
539 2276 606 2304 Cum
628 2278 656 2305 in
685 2278 794 2306 deserto
813 2280 913 2308 Iudaeae
935 2285 1090 2309 versaretur

301 2322 469 2351 admirabilis
490 2324 535 2351 ille
551 2323 645 2356 David,
663 2332 718 2351 non
736 2326 865 2353 animalia
885 2327 1089 2355 immolaturmn

300 2376 340 2400 se,
356 2377 444 2404 neque
456 2370 600 2397 brutorum
617 2379 759 2406 pecorum.
782 2373 829 2400 sed
852 2379 1020 2403 memoratas
1042 2383 1089 2403 su-

301 2413 393 2448 perius
406 2415 564 2446 verborum,
581 2423 693 2450 operum
709 2421 736 2443 et
750 2416 838 2452 ipsius
854 2419 953 2446 anima:
971 2419 1088 2454 hostias,

300 2460 452 2493 pollicetur.
472 2460 530 2487 Sub
546 2461 604 2488 haec
622 2466 713 2489 autem
729 2470 782 2497 qua
797 2465 991 2499 temperantia,
1006 2473 1088 2501 quam

301 2506 419 2540 perfecta
444 2508 568 2535 castitate
596 2508 725 2543 prteditus
747 2514 840 2542 esset,
869 2510 923 2539 Deo
944 2511 1089 2540 declarat:

299 2560 384 2587 quare
399 2553 454 2579 ait:
468 2563 478 2579 ι
493 2554 520 2580 Si
536 2562 639 2581 memor
655 2554 692 2581 fui
705 2556 744 2582 tui
762 2564 844 2591 super
860 2560 975 2584 stratum
987 2566 1089 2591 meum,

301 2598 327 2624 in
362 2599 506 2626 matutinis
535 2600 687 2627 meditabar
713 2601 740 2628 in
766 2605 808 2635 te;
828 2612 837 2627 ι
858 2602 915 2630 sive
938 2604 1091 2631 secundum

301 2642 515 2678 Symmachum,
546 2654 554 2670 ι
583 2645 753 2674 Recordatus
788 2648 827 2675 tui
856 2656 938 2683 super
973 2654 1088 2677 stratum

301 2697 402 2722 meum,
421 2697 469 2724 per
483 2691 604 2725 singulas
619 2692 762 2720 custodias
780 2693 931 2721 meditabar
950 2699 987 2724 te.
1007 2705 1017 2721 ›
1033 2696 1088 2723 Ne-

301 2743 354 2769 que
366 2734 437 2761 enim
458 2735 512 2762 alio
530 2736 610 2762 modo
624 2741 755 2771 poteram,
770 2738 876 2774 inquit,
891 2740 924 2767 ad
942 2744 969 2768 te
982 2740 1015 2768 de
1028 2741 1089 2769 luce

302 2780 426 2815 vigilare,
442 2789 529 2815 neque
541 2783 677 2816 precando
688 2784 790 2817 dicere,
807 2794 816 2810 ι
833 2785 905 2813 Deus
919 2786 988 2814 Deus
1002 2795 1087 2820 meus,

303 2828 336 2855 ad
352 2832 378 2854 te
395 2827 428 2854 de
442 2828 501 2856 lucc
517 2829 607 2864 vigilo,
628 2840 637 2855 ι
652 2830 704 2857 nisi
723 2838 821 2865 purum
846 2836 962 2859 stratum
978 2832 1086 2862 habuis-

338 2904 361 2920 '“
380 2904 389 2932 Ι
408 2904 478 2931 Tim.
495 2913 526 2938 ιι,
545 2905 561 2932 8
610 2905 630 2921 ⁸⁷
653 2905 723 2935 [‘sal.
743 2914 809 2941 ιλιι,
828 2907 854 2935 2.
896 2908 918 2924 ⁸⁸
938 2910 1003 2937 ibid.

1141 2283 1270 2311 τελάὸετο
1293 2285 1309 2320 ὴ
1331 2285 1405 2318 δεξιά
1428 2295 1485 2313 σου.
1506 2287 1549 2312 Ἐν
1562 2287 1596 2322 τῇ
1613 2286 1708 2320 ἐρήμῳ
1728 2284 1778 2319 τῆς
1807 2283 1938 2315 Ἰουδαίας

1142 2329 1287 2365 διατρίϐων
1300 2331 1313 2357 ὀ
1327 2330 1477 2366 Θαυμάσιος
1494 2332 1584 2363 Δαυῖδ,
1598 2331 1628 2358 οὐ
1643 2331 1700 2363 ζῶα
1714 2330 1787 2357 ούειν
1801 2328 1934 2364 ἐπαγγέλ-

1141 2375 1226 2407 λεται,
1239 2376 1298 2402 οὐδὲ
1314 2376 1362 2409 τὰς
1374 2378 1403 2411 ἐξ
1419 2377 1524 2412 ἀλόγων
1542 2378 1707 2413 θρεμμάτων
1722 2377 1827 2409 θυσίας,
1842 2376 1894 2409 τὰς
1906 2376 1934 2404 δὲ

1142 2421 1335 2456 προλεχθείσας
1360 2423 1404 2450 διὰ
1426 2423 1513 2458 λόγων
1538 2424 1586 2451 καὶ
1615 2423 1752 2459 πράξεων,
1769 2424 1817 2450 καὶ
1845 2422 1933 2459 ψυχῆς

1144 2468 1237 2503 αὐτῆς.
1257 2467 1312 2495 Εἶτ’
1325 2470 1372 2496 ἐπὶ
1385 2470 1489 2502 τούτοις
1503 2470 1542 2505 τῷ
1554 2470 1614 2505 Θεῷ
1629 2470 1764 2497 δείκνυσιν
1781 2470 1858 2501 ὅπως
1873 2468 1933 2496 ἀνέ-

1144 2521 1218 2539 κειτο
1244 2514 1407 2551 σωφροσύνῃ
1426 2515 1474 2541 καὶ
1497 2515 1626 2542 παντελεῖ
1647 2515 1756 2550 ἁγνείαν
1774 2513 1815 2541 διό
1836 2521 1932 2551 φησιν·

1146 2567 1155 2584 ι
1179 2559 1210 2584 Et
1233 2560 1416 2596 ἐμνημόνευον
1435 2569 1481 2587 σου
1506 2562 1553 2588 ἐπὶ
1577 2561 1627 2596 τῆς
1652 2561 1796 2597 στρωμνῆς
1829 2569 1893 2596 μου,
1907 2561 1933 2587 ὲν

1143 2606 1199 2636 τοῖς
1212 2606 1259 2641 6ρο
1265 2615 1319 2641 ροις
1331 2608 1465 2642 ἐμελέτων
1476 2609 1518 2640 εἰς
1527 2608 1567 2635 σέ·
1579 2618 1588 2634 ›
1602 2608 1619 2644 ἦ
1634 2608 1705 2635 κατὰ
1713 2607 1759 2634 τὸν
1771 2606 1931 2643 Σύμμαχον·

1146 2660 1154 2676 ι
1180 2652 1464 2690 ’Δναμιμνησκόμενός
1481 2664 1527 2682 σου
1548 2655 1594 2682 ἐπὶ
1614 2655 1664 2689 τῆς
1694 2654 1842 2689 στρωμνῆς
1871 2660 1930 2688 μου,

1142 2697 1202 2723 καθ’
1221 2698 1338 2734 ἑκάστην
1349 2700 1470 2736 φυλακὴν
1485 2700 1619 2736 ἐμελέτων
1633 2709 1672 2726 σε.
1688 2709 1697 2726 ι
1711 2699 1749 2725 Οὐ
1764 2698 1821 2735 γὰρ
1837 2697 1944 2728 ἄλλα)ςῖ

1143 2744 1235 2778 φησὶν,
1256 2742 1311 2777 οἷός
1333 2754 1361 2772 τε
1383 2747 1456 2782 ἥμην
1470 2747 1538 2783 πρὸς
1563 2747 1593 2774 σὲ
1611 2745 1758 2783 ὸρϐρίξειν,
1771 2745 1834 2772 οὐδὲ
1846 2744 1933 2778 λέγειν

1143 2791 1301 2826 εὐχόμενοςτ
1319 2801 1327 2817 ι
1345 2793 1373 2818 ’0
1388 2793 1455 2825 θεὸς
1467 2795 1480 2820 ὁ
1495 2794 1560 2826 Θεός
1579 2802 1641 2829 μου,
1653 2793 1722 2828 πρὸς
1733 2792 1763 2818 σὲ
1776 2790 1906 2828 όρορίζω.
1920 2799 1929 2815 I

1143 2837 1165 2862 ei
1184 2837 1220 2872 μὴ
1238 2837 1359 2873 καθαρὰν
1380 2840 1536 2875 ἐκεκτήμην
1564 2840 1612 2876 τήν
1640 2839 1801 2875 στρωμνήν.
1822 2835 1929 2873 Ἐγινώ-
