2041 3215
135 193 192 223 809

720 196 973 226 COMMENTARIA
994 198 1026 226 IN
1045 199 1216 229 PSALMOS.

1238 163 1309 196 (δ”υ

1719 212 1773 240 διο

138 261 221 280 σκετο
247 253 276 280 δέ
302 261 352 289 μου
379 254 395 289 ή
422 253 575 290 καθαρότης
595 255 645 282 οὐκ
661 256 771 284 ἄλλοθεν
784 258 801 293 ἦ
816 258 871 285 ἀπὸ
883 259 925 285 τοῦ

981 267 1050 287 sem.
1067 259 1186 296 Mearquc
1203 262 1329 296 puritatis
1346 272 1400 292 non
1418 265 1491 293 aliud
1508 267 1603 295 aderat
1625 276 1773 305 argumcn~

137 298 211 326 κατὰ
223 298 269 325 τὸν
284 298 382 335 ὄρθρον
398 300 431 326 τὰ
445 300 479 327 σὰ
497 301 610 337 μελετᾷν
625 302 711 336 λόγια.
727 304 811 339 Δῆλον
826 305 880 341 γὰρ
896 303 930 341 ἦν

137 345 172 371 ἐκ
187 344 282 371 τούτου
299 344 359 381 μηδ’
373 345 437 372 ἄλλο
453 355 479 374 τι
494 347 622 383 πράττειν
639 358 672 384 με
687 349 735 382 τὰς
746 349 855 382 νύκτας,
871 351 888 386 ῆ
900 351 930 378 σὲ

136 390 184 416 τὸν
196 390 262 417 Θεὸν
279 391 332 427 πρὸ
350 392 495 428 ὀφθαλμῶν
515 394 595 429 ἔχειν.
615 395 692 422 Κατὰ
708 396 736 423 δὲ
755 397 800 423 τὸν
818 397 930 433 Σύμμα-

136 445 184 471 χον
199 435 324 476 λέγοντα.
339 445 348 462 ‹
362 437 421 464 καθ’
436 438 554 474 ἑκάστην
570 440 692 476 φυλακὴν
704 441 839 476 ἐμελέτων
858 451 897 474 σε,
917 452 926 469 ι

136 482 186 508 καὶ
200 481 272 508 κατὰ
281 471 327 508 ’ὧν
346 483 461 510 Ἀκύλαν
477 471 611 520 φήσαντα,
627 494 636 511 ε
654 471 683 513 ἐν
700 471 834 521 φυλακαῖς
847 471 930 522 φθεγ-

135 525 261 561 γομαιὲν
279 526 330 557 σοὶ,
353 536 362 552 ι
381 526 477 562 δηλοῦν
503 528 575 556 ἔοικε
597 530 647 562 τὰς
669 532 832 567 νυκτερινὰς
855 532 929 569 ὦρας

135 569 281 597 ἀσκεῖσθαι
296 572 356 602 ταῖς
377 572 431 599 τῶν
453 572 532 600 θείων
551 575 571 600 Γ
574 575 665 610 ραφῶν
683 577 818 611 μελέταις.
831 578 929 614 Διῄρη-

134 624 182 642 ται
209 616 258 652 μὲν
274 616 329 653 γὰρ
352 619 366 644 ὁ
386 619 440 651 πᾶς
461 620 511 655 τῆς
533 622 629 654 νυκτὸς
643 623 737 658 χρόνος
751 625 791 656 εἰς
806 625 929 659 φυλακὰς

134 661 280 698 διαφόρους
289 672 296 678 ·
311 663 382 690 οὕτω
395 664 457 698 γοῦν
475 666 580 702 εἴρηται
591 668 619 694 ἐν
632 669 801 703 εὐαγγελίοις
812 672 929 709 τετάρτῃ

135 708 245 745 φυλακῇ
268 709 405 745 ἐληλυθὼς
417 712 431 738 ὁ
448 712 542 748 Steti}?
558 714 626 749 πρὸς
645 716 709 747 τοὺς
727 716 860 751 μαθητάς.
874 719 928 745 Καὶ

134 754 253 791 ἀλλαχοῦ
270 756 299 782 δὲ
314 757 394 789 αὐτὸς
408 767 474 793 φησι
484 767 490 773 ·
511 769 520 784 ‹
539 760 712 796 Γρηγορεῖτε,
722 763 763 789 ὅτι
776 763 826 790 οὐκ
839 764 928 790 οἴδατε

135 803 202 838 ποίᾳ
224 803 330 840 φυλακῇ
345 805 359 830 ὁ
376 805 479 840 Κύριος
505 806 582 841 ὑμῶν
603 807 712 843 ἔρχεται
724 817 730 823 '
746 818 756 835 ι
773 810 820 836 καὶ
835 811 925 837 πάλιν·

138 858 147 874 α
160 849 263 876 Ἐκεῖνο
278 850 306 876 δὲ
320 850 480 884 γινώσκετε,
498 852 548 884 Em,
562 854 586 879 εἰ
609 853 666 888 ᾔδει
691 855 706 880 ὁ
735 855 927 892 οἰκοδεσπότης

135 895 202 931 ποίᾳ
216 895 322 931 φυλακῇ
336 897 350 923 ὁ
371 896 490 933 κλέπτης
504 898 624 933 ἔρχεται.
641 910 650 926 ν
669 900 698 926 '0
715 901 744 927 δέ
757 910 788 936 γε
802 902 927 939 θεοφιλὴς

985 310 1052 338 tum,
1069 315 1151 342 quam
1172 308 1245 343 quod
1271 309 1393 339 diluculo
1414 313 1522 348 eloquia
1549 315 1698 345 meditarer
1714 322 1770 346 tua.

984 351 1052 379 llinc
1064 352 1138 380 enim
1153 353 1239 388 palam
1257 359 1328 387 erat,
1344 363 1388 383 me
1403 357 1476 385 aliud
1493 360 1560 387 nihil
1579 365 1662 389 noctn
1679 370 1771 399 agerc,

983 405 1065 433 quam
1080 402 1107 426 te
1124 398 1207 427 Deum
1224 408 1279 435 pra:
1295 402 1383 430 oculis
1400 403 1512 432 habere.
1524 406 1679 435 Secundum
1692 398 1773 445 Sym-

983 445 1110 473 machum
1133 449 1235 480 autcm,
1251 447 1298 482 qui
1317 449 1357 477 sic
1375 449 1472 482 habet.
1490 460 1500 477 ἰ
1520 460 1569 487 per
1582 455 1705 490 singulas
1721 464 1770 483 cu—

983 490 1086 518 stodias
1108 491 1260 520 meditabar
1273 497 1311 525 te.
1332 504 1342 521 ›
1368 499 1395 523 et
1409 497 1560 525 secundum
1583 499 1708 536 Aquilam
1729 502 1771 528 di-
1802 506 1804 508 '

984 541 1102 569 centcm,
1121 547 1130 563 ι
1151 539 1179 566 in
1209 540 1342 568 custodiis
1373 541 1472 577 loquor
1494 544 1520 571 in
1549 549 1589 577 te,
1610 555 1619 571 ι
1649 547 1770 576 indicare

982 582 1127 610 videbatur
1141 591 1171 611 se
1186 587 1332 614 nocturnis
1348 587 1425 615 horis
1437 588 1592 617 divinarum
1613 590 1765 628 Scriptura-

982 635 1043 655 rum
1078 629 1248 658 meditationi
1275 639 1383 661 vacare.
1409 633 1505 663 Noctis
1532 636 1632 672 quippe
1663 641 1770 674 tempus

982 678 1068 701 totum
1094 675 1121 703 in
1141 677 1230 705 varias
1248 679 1389 708 custodias
1407 680 1585 710 distributum
1600 688 1662 712 est:
1680 685 1719 712 sic
1743 687 1769 713 in

982 720 1128 756 Evangelio
1144 722 1272 751 Salvator
1286 729 1384 759 quarta
1400 728 1489 755 noctis
1501 730 1625 756 custodia
1643 731 1676 758 ad
1691 731 1772 759 disci-

982 766 1061 801 pulos
1079 768 1187 796 venisse
1206 769 1317 798 dicitur.
1341 771 1413 799 Alibi
1434 781 1499 801 vero
1514 774 1650 809 ipscdicit
1669 786 1675 803 :
1694 787 1703 802 ε
1722 777 1770 805 Vi-

981 813 1074 847 gilate.
1092 815 1156 849 quia
1170 816 1281 844 nescitis
1303 825 1356 852 qua
1375 819 1500 847 custodia
1523 819 1655 850 Dominus
1679 828 1771 851 vester

981 859 1071 887 veniet
1081 860 1145 900 “3;;
1174 869 1206 889 ac
1233 871 1344 891 rursum
1364 873 1370 891 :
1392 874 1401 890 ι
1422 864 1490 892 ll'lud
1525 870 1615 895 autem
1648 869 1768 902 scitote,

981 904 1044 938 quia
1060 906 1082 932 si
1102 906 1185 934 sciret
1208 908 1406 943 paterfamilias
1420 918 1472 945 qua
1484 912 1610 939 custodia
1635 913 1679 940 fur
1704 923 1769 942 vcn-

136 942 184 968 καὶ
197 942 237 977 τῷ
246 942 306 978 Θεῷ
323 943 517 978 ἀνακείμενος,
531 945 806 982 ἀναμιμνησκόμενος
822 949 867 975 ἐπὶ
881 949 925 985 τῆς

981 955 1060 979 turus
1079 956 1153 979 esset
1162 953 1195 980 ⁹⁰.
1217 963 1227 980 ›
1247 953 1296 981 Vir
1318 962 1401 989 porro
1428 957 1473 985 ille
1497 958 1642 993 religiosus
1665 964 1691 987 ct
1714 960 1769 989 Deo

134 988 234 1015 ἑαυτοῦ
255 990 403 1025 στρωμνῆς
429 990 476 1017 τοῦ
493 991 571 1023 Θεοῦ,
589 992 702 1019 atva
722 1003 752 1020 τε
773 995 857 1031 αὐτὴν
882 997 929 1024 καὶ

134 1035 232 1071 ἁγνὴν,
249 1036 296 1062 καὶ
307 1036 439 1072 ἀμίαντον
459 1037 611 1072 φυλάττων,
630 1039 690 1066 καθ’
711 1041 828 1077 ἑκάστην
845 1042 929 1077 φυλα-

133 1082 186 1117 κὴν
208 1082 258 1117 τῆς
273 1083 371 1115 νυκτὸς
393 1083 590 1119 ἀνιστάμενος,
608 1087 702 1120 εὐχαῖς
726 1089 864 1123 προσεῖχε,
882 1091 928 1117 καὶ

132 1129 191 1160 τοῖς
200 1127 283 1160 θείοις
300 1129 440 1164 ἐνησκεῖτο
455 1130 613 1166 μαθήμασιν
623 1139 629 1146 ·
645 1131 659 1158 ὂ
671 1132 703 1168 δὴ
717 1132 848 1160 διδάσκων
859 1137 928 1162 κατὰ

131 1175 179 1202 τὸν
207 1174 354 1210 Σύμμαχον
384 1174 493 1209 ἔλεγεν⁸
521 1185 530 1201 α
564 1177 852 1213 ’Δναμιμνησκόμενός
870 1189 927 1211 ,σου

132 1220 180 1247 ἐπὶ
205 1220 256 1256 τῆς
290 1221 434 1257 στρωμνῆς
463 1230 524 1256 μου,
565 1222 626 1249 καθ’
656 1223 775 1259 ἑκάστην
805 1225 926 1262 φυλακὴν

130 1267 280 1303 ἐμελέτων.
298 1277 307 1293 ι
322 1267 368 1299 Εἰς
378 1269 407 1294 σὲ
419 1267 473 1304 γὰρ
489 1269 570 1295 αὐτὸν
584 1269 721 1305 ἐμελέτων
735 1271 779 1298 τὸν
793 1271 858 1298 Θεὸν
867 1273 927 1300 ἀντὶ

133 1313 226 1348 πάσης
250 1313 342 1348 βίϐλου
366 1314 412 1340 καὶ
436 1315 554 1350 γραφῆς,
572 1315 628 1342 ἄνω
661 1316 729 1352 πρὸς
755 1317 785 1344 σὲ
807 1317 852 1345 τὸν
866 1319 927 1346 νοῦν

131 1359 290 1394 τεταμένος,
309 1359 427 1395 μελετῶν
446 1369 475 1387 τε
492 1361 538 1387 καὶ
560 1362 837 1399 ἀναμιμνησκόμενος
857 1366 927 1392 ὅσων

131 1405 253 1440 ἠξιώθην
268 1406 320 1432 ὑπὸ
339 1406 386 1432 σοῦ
412 1407 587 1443 εὐεργεσιῶν,
608 1409 655 1435 καὶ
679 1409 717 1440 ὡς
745 1410 859 1445 γέγονάς
875 1420 926 1446 μου

131 1451 248 1479 πάντοτε
261 1452 367 1488 βοηθὸς,
386 1454 433 1480 καὶ
446 1454 479 1480 ἐκ
492 1454 596 1489 μυρίων
611 1463 644 1490 με
660 1456 820 1491 πειρασμῶν
834 1456 927 1484 διέσω-

133 1505 192 1530 σας,
210 1499 258 1525 καὶ
274 1499 312 1530 ὡς
328 1499 470 1531 ὲκσπάσας
495 1509 528 1535 με
551 1501 610 1532 ταῖς
627 1501 725 1528 σαυτοῦ
742 1502 865 1538 πτέρυξι,
879 1503 926 1539 δη-

129 1543 198 1578 λαδὴ
209 1545 269 1576 ταῖς
278 1545 406 1580 δυνάμεσι
420 1545 468 1580 τῆς
492 1546 590 1572 σαυτοῦ
607 1548 749 1581 προνοίας’
765 1548 843 1575 ἅτινα
861 1549 926 1576 ἀνα-

131 1589 343 1625 πεμπαζόμενος
370 1592 403 1649 τζῇ
419 1591 537 1649 ιμνήμῃ,
552 1593 664 1649 ill-apii
692 1592 879 1649 ἐπληρούμην,
907 1594 960 1649 ἦε

128 1636 309 1672 ἀνηυῳήμουν
324 1645 354 1663 σε
365 1637 411 1664 τὸν
419 1637 484 1664 Θεὸν
495 1637 566 1664 κατὰ
575 1638 620 1664 τὸν
631 1638 778 1674 Σύμμαχον
789 1641 923 1676 φήσαντα,

131 1691 143 1707 ι
160 1683 209 1709 καὶ
222 1683 390 1718 σκεπόμενος
406 1685 434 1710 ἐν
450 1685 509 1715 ταῖς
530 1684 642 1721 πτέρυξί
656 1694 701 1711 σου
711 1686 898 1721 ἀνηυφήμουν.
912 1697 921 1712 ι

130 1730 260 1757 Μελετῶν
276 1731 304 1757 δὲ
318 1731 353 1757 τὰ
370 1731 405 1757 σὰ
419 1731 495 1765 λόγια
511 1731 571 1758 καθ’
588 1732 706 1767 ἑκάστην
732 1732 854 1769 φυλακὴν
874 1733 925 1768 τῆς

130 1775 239 1806 νυκτὸς.
255 1775 372 1801 κᾶπειτα
387 1775 508 1807 ἀκούσας
527 1775 574 1802 τοῦ
590 1777 726 1811 φήσαντος
746 1777 818 1803 θείου
829 1777 921 1812 νόμου·

130 1830 142 1846 ς
168 1821 271 1848 Ὀπίσω
285 1822 388 1858 Κυρίου
404 1822 452 1849 τοῦ
467 1822 534 1849 Θεοῦ
553 1832 599 1849 σου
616 1823 747 1860 πορεύσῃ,
769 1833 778 1849 ι
797 1824 924 1859 καὶπρὸς

128 1867 211 1894 αὐτὸν
230 1877 240 1893 ί
269 1868 419 1904 κολληθεὶς,
436 1868 452 1904 ἢ
470 1868 602 1900 διατεθεὶς
618 1869 666 1904 τὴν
680 1869 769 1905 ψυχὴν
786 1869 923 1905 πειθήνιος

129 1914 230 1947 γέγονα
246 1913 285 1949 τῷ
307 1914 392 1950 νόμῳ,
412 1915 472 1946 ὅλος
495 1924 525 1941 τε
546 1915 660 1950 εἰχόμην
676 1915 722 1942 τοῦ
749 1915 921 1952 πράγματος,

129 1959 220 1987 πάντα
240 1968 270 1986 τε
290 1960 473 1995 ἡγησάμενος,
503 1960 603 1996 μᾶλλον
625 1960 652 1987 δὲ
677 1961 862 1996 ἀποστραφεὶς
888 1961 923 1988 τὰ

129 2006 200 2042 μετὰ
221 2006 268 2032 τὸν
292 2006 358 2032 Θεὸν
374 2006 473 2037 πάντα,
487 2006 624 2042 ἀνώτερος
644 2007 690 2032 καί¹
704 2007 869 2042 ὑψηλότερος
884 2007 923 2042 τῷ

129 2051 205 2087 πόθῳ
231 2052 282 2087 τῆς
305 2052 395 2087 ψυχῆς
425 2052 570 2088 κατέστην,
600 2053 648 2079 καὶ
675 2053 717 2079 σοὶ
740 2052 780 2087 τῷ
796 2053 855 2088 Θεῷ
871 2061 922 2088 μου

129 2098 280 2134 συνήφθην,
297 2098 335 2131 ὡς
349 2099 434 2125 εἰπεῖν
451 2099 488 2135 μὴ
506 2099 676 2134 ψευσάμενον
688 2107 694 2114 ·
709 2108 719 2124 1
741 2099 888 2135 Ἐκολλήθη
904 2100 920 2135 ἠ

127 2145 202 2181 ψυχή
222 2155 272 2181 μου
286 2146 374 2172 ὀπίσω
390 2155 448 2172 σου.
470 2155 479 2171 ι
496 2146 543 2177 Εἰς
556 2145 691 2181 τοσαύτην
704 2145 732 2172 δὲ
749 2145 837 2181 ἤλασα
856 2155 923 2181 προ-

127 2191 216 2226 κοπὴν
231 2192 280 2218 καὶ
290 2193 330 2224 εἰς
342 2192 468 2218 τοσοῦτον
481 2192 596 2227 μέγεθος
612 2192 711 2227 ἀρετῆς
723 2191 922 2227 πραῆλθον,οὑκ

127 2237 248 2274 ἐμαυτοῦ
261 2237 375 2274 δυνάμει
389 2238 571 2274 χρησάμενος,
586 2237 654 2264 ἀλλὰ
666 2238 699 2273 τῇ
714 2238 746 2272 σῇ
760 2237 919 2273 δεσποτεία·

127 2285 161 2311 σὺ
173 2283 228 2320 γὰρ
240 2284 322 2316 αὐτὸς
332 2284 371 2320 τῷ
385 2284 424 2319 σῷ
441 2285 507 2320 ἐλέῳ
522 2283 601 2311 τοῦτό
620 2292 665 2319 μοι
679 2284 816 2319 ἐδωρήσω.
834 2283 921 2319 Ὁρῶν
937 2300 959 2326 D

126 2331 182 2366 γάρ
204 2339 254 2366 μου
271 2330 316 2357 τὸν
333 2331 396 2367 περὶ
411 2331 440 2357 σὲ
457 2330 539 2357 πόθον
553 2331 600 2356 καὶ
616 2330 816 2365 ἀποδεξάμενος
828 2329 919 2361 αὑτὸν,

126 2376 300 2412 κατηξίωσας
320 2376 370 2412 τὴν
393 2376 489 2403 σαυτοῦ
505 2376 595 2410 δεξιὰν
607 2377 731 2408 ἐκτείνας
746 2376 920 2404 ἐπιλαϐέσθαι

128 2431 180 2458 μου
206 2423 254 2449 καὶ
276 2422 421 2449 ἁνελκῦσαι
438 2422 495 2450 ἄνω
510 2423 579 2458 πρὸς
591 2423 686 2449 ἑαυτὸν
697 2431 703 2438 ·
717 2423 760 2449 διὰ
771 2423 850 2450 τοῦτο
867 2423 920 2459 γὰρ

124 2468 268 2504 δεδύνηται
285 2468 385 2504 ἡψυχή
403 2478 453 2504 μου
476 2469 528 2495 ὑπὸ
542 2469 587 2495 σοῦ
607 2468 770 2504 βοηθηοείσα
786 2469 919 2505 κολληθῆ-

124 2523 170 2542 ναι
190 2515 279 2542 ὀπίσω
292 2523 338 2541 σου
348 2523 355 2530 θ
373 2515 521 2551 ἐπειδήπερ
538 2525 547 2541 ι
567 2514 633 2550 ἐμοῦ
647 2515 808 2541 ἀντελάϐετο
819 2517 835 2551 ή
845 2515 919 2548 δεξιά

125 2569 184 2588 σου.
208 2570 217 2586 ι
233 2560 271 2587 Οὐ
287 2560 341 2596 γὰρ
363 2560 395 2587 ἃν
424 2560 511 2592 ἄλλως
535 2561 703 2596 ὲφικνούμην
723 2560 770 2587 τοῦ
790 2561 917 2587 τοσούτου

124 2607 220 2642 ὖψους,
245 2608 269 2634 εἰ
287 2608 323 2643 μὴ
344 2607 504 2634 ἀντελάϐετό
523 2616 574 2643 μου
590 2608 606 2643 ἡ
622 2607 697 2639 δεξιὰ
719 2616 776 2634 σου.
792 2608 918 2634 Διδάσκει

122 2653 152 2679 δὲ
173 2654 188 2680 ὸ
202 2653 363 2685 ’Δπόστολος
374 2653 432 2685 πῶς
451 2663 492 2686 τις
509 2654 636 2680 κολλᾶται
648 2653 686 2689 τῷ
699 2654 805 2690 Κυρίῳ,
819 2653 916 2688 λέγων’

126 2708 136 2723 ι
161 2699 191 2726 ’0
207 2699 376 2735 κολλώμενος
389 2700 427 2735 τῷ
442 2701 537 2735 Κυρίῳ
551 2700 580 2726 ἓν
593 2700 702 2735 πνεῦμά
716 2701 803 2726 ἐστιν’
822 2700 859 2731 ὡς
871 2700 917 2726 καὶ

123 2745 138 2770 ὁ
155 2744 326 2781 κολλώμενος
346 2747 380 2782 τῇ
400 2746 488 2782 πόρνῃ
504 2745 532 2772 ἓν
553 2746 632 2781 σῶμά
644 2747 713 2773 ἐστι.
740 2756 748 2772 ο
771 2745 866 2780 Λέγων
889 2746 918 2772 δὲ

980 998 1117 1030 addictus.
1132 998 1178 1027 Dei
1195 1000 1221 1027 in
1239 1005 1325 1028 strato
1346 1009 1397 1029 suo
1414 1004 1585 1035 recordatus,
1606 1005 1767 1034 immacula-

979 1048 1036 1071 tum
1055 1045 1135 1076 illud.
1157 1050 1263 1074 castum
1277 1051 1304 1075 et
1319 1047 1491 1083 impollutuin
1514 1051 1696 1083 custodiebat.
1709 1054 1768 1081 sin~

978 1090 1049 1125 gulis
1064 1090 1154 1118 noctis
1172 1093 1306 1120 custodiis
1319 1095 1492 1129 cxsurgebat,
1502 1096 1629 1131 precibus
1645 1098 1766 1126 animum

979 1135 1149 1168 adhibebat,
1180 1136 1337 1173 divinisque
1365 1139 1520 1174 disciplinis
1553 1142 1765 1171 cxcreitabatur.

979 1179 1056 1213 Quod
1085 1182 1128 1209 his
1147 1183 1303 1219 Symmachi
1322 1185 1412 1212 verbis
1433 1186 1584 1214 edocetur:
1602 1198 1611 1214 ε
1629 1187 1767 1217 Recorda-

978 1231 1023 1255 tus
1042 1228 1080 1255 tui
1097 1236 1180 1264 super
1203 1234 1321 1258 stratum
1338 1239 1438 1263 meum.
1454 1240 1502 1267 per
1526 1234 1647 1269 singulas
1672 1241 1767 1263 custo-

977 1273 1037 1302 dias
1048 1275 1210 1304 meditabar.
1231 1286 1240 1303 ι
1257 1277 1296 1305 Te
1317 1279 1417 1314 quippe
1441 1278 1524 1307 Deum
1539 1282 1745 1317 contemplabar
1759 1304 1765 1315 ,

978 1327 1010 1347 ac
1034 1321 1093 1348 vice
1120 1321 1251 1349 librorum
1276 1327 1303 1350 ct
1331 1325 1547 1360 scripturarum,
1566 1331 1656 1354 mente
1679 1327 1713 1354 ad
1739 1331 1768 1356 te

978 1373 1088 1393 sursum
1113 1367 1195 1399 elata,
1213 1368 1377 1403 meditabar,
1400 1370 1561 1399 recordatus
1587 1373 1697 1407 quantis
1721 1381 1765 1402 me

977 1412 1118 1441 beneﬂciis
1133 1415 1291 1447 ornaveris,
1310 1420 1336 1443 et
1349 1417 1421 1451 quod
1439 1417 1505 1444 mihi
1524 1425 1631 1453 semper
1644 1418 1764 1453 adjutur,

977 1465 993 1484 a
1023 1460 1160 1487 sexcentis
1187 1468 1230 1488 me
1251 1462 1450 1490 tentationibus
1477 1464 1625 1499 eripueris,
1658 1465 1765 1501 alisque

977 1505 1042 1534 tuis.
1059 1505 1187 1532 nimirum
1206 1507 1384 1541 providentia:
1405 1513 1458 1536 tua:
1481 1510 1638 1543 virtutibus.
1657 1513 1763 1540 extule-

977 1552 1015 1578 ris
1030 1560 1037 1578 :
1055 1559 1115 1587 qum
1131 1552 1156 1579 in
1177 1553 1337 1580 memoriam
1355 1559 1490 1589 repetens,
1504 1557 1603 1591 gaudio
1618 1558 1743 1593 replebar
1754 1579 1763 1591 .

977 1600 1057 1632 teque
1085 1597 1169 1625 Deum
1197 1599 1368 1626 celebrabant
1395 1602 1545 1629 secundum
1567 1602 1760 1638 Symmachum

977 1642 1023 1676 qui
1044 1642 1084 1670 sic
1095 1642 1186 1674 habet,
1206 1653 1215 1669 ε
1233 1648 1260 1671 et
1274 1648 1412 1679 prolectus
1425 1646 1476 1673 alis
1491 1647 1545 1674 tuis
1557 1648 1738 1678 celebrabam.
1752 1660 1761 1675 ι

976 1687 1090 1723 Eloquia
1117 1697 1182 1716 vero
1206 1694 1252 1717 tua
1278 1698 1326 1725 per
1359 1692 1482 1728 singulas
1505 1694 1596 1721 noctis
1624 1696 1765 1724 custodias

976 1741 1081 1761 mecum
1104 1739 1246 1770 reputans,
1261 1737 1408 1773 auditaque
1429 1743 1492 1773 post
1513 1740 1570 1767 haec
1594 1739 1689 1768 divina
1705 1742 1765 1775 lege

974 1788 1035 1815 qme
1049 1781 1090 1808 sic
1108 1781 1199 1813 habet,
1216 1790 1226 1807 ι
1242 1781 1307 1810 Post
1326 1782 1470 1811 Dominum
1496 1784 1580 1812 Deum
1604 1790 1679 1814 tuum
1704 1795 1765 1823 gra-

974 1827 1078 1858 dieris;
1099 1836 1109 1853 ι
1127 1827 1178 1862 ipsi
1205 1828 1327 1862 haerens,
1347 1829 1398 1864 ipsi
1426 1830 1568 1864 addictus,
1598 1832 1764 1867 morigerum

974 1878 1018 1898 me
1042 1870 1093 1906 legi
1120 1871 1234 1906 prmbui,
1255 1872 1363 1908 ipsique
1382 1874 1477 1902 inhzesi
1495 1878 1585 1908 totus,
1608 1877 1699 1904 omnia
1716 1886 1765 1912 pro

975 1916 1060 1944 nihilo
1087 1917 1202 1949 habens,
1229 1917 1284 1945 imo
1310 1927 1377 1947 vero
1401 1921 1492 1947 omnia
1515 1929 1576 1956 qua:
1600 1927 1661 1956 post
1679 1922 1763 1950 Deum

974 1966 1039 1990 sunt
1062 1969 1220 1995 aversatus.
1238 1972 1271 1991 ex
1289 1965 1373 1992 animi
1392 1966 1529 1994 desiderio
1555 1968 1699 1995 sublimior
1716 1977 1765 1996 ex-

974 2008 1130 2043 celsiorque
1154 2008 1254 2041 Pactus,
1276 2010 1324 2037 tibi
1345 2009 1400 2037 Deo
1421 2019 1482 2038 meo
1498 2012 1664 2046 conjunctus
1691 2021 1763 2045 sum,

974 2058 1003 2081 ut
1016 2061 1079 2081 vere
1095 2054 1189 2082 dicere
1201 2055 1305 2082 valeam
1322 2065 1328 2083 :
1347 2064 1356 2081 ‹
1375 2055 1498 2085 Adhmsit
1515 2058 1605 2086 anima
1622 2065 1680 2086 mea
1702 2063 1763 2094 post

974 2105 1009 2129 te.
1030 2111 1040 2127 ι
1057 2101 1097 2128 Ad
1113 2105 1220 2129 tantum
1238 2110 1302 2130 vero
1321 2102 1485 2137 profectum,
1504 2104 1538 2131 ad
1554 2108 1660 2132 tantum
1677 2105 1764 2132 virtu-

972 2147 1009 2175 tis
1030 2148 1170 2175 cumulum
1186 2149 1308 2184 perreni,
1324 2157 1379 2177 non
1398 2157 1458 2177 mea
1485 2155 1631 2185 potestate,
1653 2151 1700 2178 sed
1715 2156 1765 2179 tuo

972 2194 1115 2222 dominatu
1133 2203 1139 2220 :
1157 2197 1186 2220 tu
1199 2194 1271 2221 enim
1291 2195 1349 2230 ipse
1365 2196 1555 2224 misericordia
1571 2201 1618 2223 tua
1643 2196 1668 2223 id
1697 2196 1763 2223 mihi

972 2239 1106 2274 elargitus
1135 2247 1175 2267 es.
1203 2239 1291 2267 Meum
1312 2241 1413 2276 quippe
1436 2249 1501 2277 erga
1516 2245 1543 2269 te
1559 2248 1681 2268 amorem
1702 2249 1762 2268 cer-

974 2293 1042 2312 nens
1058 2290 1269 2322 acceptansque.
1286 2292 1398 2315 extensa
1414 2286 1526 2315 dextera
1544 2292 1590 2314 ιιιτι
1611 2294 1654 2314 me
1673 2287 1763 2314 susci-

976 2338 1050 2366 pere,
1065 2339 1230 2367 sursumque
1245 2333 1353 2360 trahere
1368 2332 1495 2368 dignatus
1511 2341 1541 2359 es
1553 2341 1560 2365 ;
1573 2332 1689 2367 ideoque
1701 2333 1761 2359 aui-

975 2384 1018 2404 ma
1036 2385 1106 2411 mea,
1122 2384 1148 2406 te
1165 2379 1329 2414 opitulante,
1347 2378 1488 2418 adhaerere
1503 2379 1551 2405 tibi
1568 2378 1677 2413 potuit:
1692 2386 1762 2412 quo-

974 2423 1047 2450 niam
1067 2434 1076 2449 ε
1097 2433 1141 2451 me
1155 2426 1276 2460 suscepit
1290 2425 1401 2453 dextera
1420 2429 1476 2451 tua.
1495 2434 1505 2450 ι
1527 2423 1586 2451 Non
1604 2423 1676 2451 enim
1699 2427 1761 2450 tan-

973 2472 1028 2497 tam
1051 2470 1248 2497 sublimitatem
1274 2470 1438 2506 attigissem,
1463 2469 1575 2497 nisime
1591 2469 1761 2504 suscepisset

973 2516 1084 2544 dextera
1097 2520 1151 2543 tua.
1168 2516 1251 2543 Docet
1264 2524 1347 2551 porro
1363 2516 1512 2551 Apostolus
1525 2522 1580 2550 quo
1593 2518 1674 2550 pacto
1699 2516 1761 2550 quis

972 2562 1087 2590 Domino
1112 2563 1223 2594 Intereat,
1253 2563 1296 2590 his
1321 2562 1433 2590 verbis:
1454 2572 1462 2588 ι
1484 2561 1535 2595 Qui
1562 2561 1683 2588 adhaeret
1709 2560 1760 2588 Do-

971 2609 1057 2641 mino,
1076 2617 1147 2636 unus
1162 2609 1277 2644 spiritus
1293 2612 1345 2643 est,
1364 2608 1593 2644 quemadmodum
1608 2608 1653 2642 qui
1669 2607 1759 2634 adiur-

971 2659 1013 2682 ret
1029 2655 1178 2688 meretrici,
1193 2663 1276 2682 unum
1293 2663 1395 2690 corpus
1412 2659 1454 2683 est
1463 2655 1498 2682 ".
1517 2663 1527 2680 ι
1546 2654 1614 2682 Cum
1627 2661 1693 2689 ergo
1707 2652 1758 2680 Da-

971 2701 1017 2728 vid
1032 2702 1147 2729 Domino
1160 2702 1273 2733 diceret,
1290 2710 1298 2727 ι
1314 2701 1435 2729 Adhaesit
1446 2702 1537 2728 anima
1548 2708 1607 2728 mea
1625 2703 1729 2735 postte,
1746 2709 1755 2725 ι
1772 2738 1775 2743 Ι

971 2747 1036 2774 hinc
1048 2755 1078 2774 se
1095 2747 1215 2775 castitati
1229 2747 1397 2782 puritatique
1413 2747 1534 2774 deditum
1550 2745 1719 2773 declarabat.
1771 2744 1774 2754 '

124 2792 206 2819 Δαυῖὂ
229 2792 268 2828 τῷ
292 2793 402 2829 Κυρίῳ·
430 2802 440 2819 ι
461 2793 607 2829 Ἐκολλήθη
624 2792 726 2828 ήψυχή
752 2801 802 2828 μου
830 2792 916 2819 ὀπίσω
935 2801 994 2827 σου,
1009 2792 1089 2828 δῆλος
1113 2790 1147 2828 ἦν
1164 2793 1210 2820 καὶ
1226 2793 1258 2819 ἐκ
1277 2792 1371 2819 τούτου
1402 2792 1499 2827 ἁγνείᾳ
1513 2793 1560 2819 καὶ¹
1591 2789 1757 2826 καθαρότητι

125 2839 273 2874 σχολάζων.

165 2894 174 2910 ι
188 2885 270 2912 Αὐτοὶ
285 2885 314 2912 δὲ
331 2886 370 2917 είς
386 2885 474 2921 μάτην
497 2884 632 2921 ἐζήτησαν
650 2884 698 2919 τήν
711 2885 800 2920 ψυχήν
819 2893 867 2920 μοι
900 2894 908 2909 ι

1002 2881 1083 2910 Vnus.
1102 2883 1186 2911 l0-l‘3.
1204 2893 1212 2909 ι
1230 2882 1282 2918 Ipsi
1299 2891 1362 2911 vero
1378 2883 1404 2910 iu
1415 2890 1513 2909 vanum
1524 2881 1687 2918 qtmsierunt
1697 2880 1757 2909 nni-

177 2942 201 2960 ¹⁹
221 2942 318 2970 Matth.
340 2950 426 2975 .xxtv,
443 2942 486 2970 Li.
525 2942 548 2959 ’°
568 2942 633 2969 ibid.
650 2941 695 2969 45.
735 2941 757 2957 ⁹¹
778 2941 788 2967 l
805 2941 869 2968 Cor.
888 2947 934 2973 \‘I,
952 2939 1044 2974 16,17:
