2041 3215
305 182 354 210 6H

643 182 778 211 EUSEBII
793 183 1031 213 CIESARIENSIS
1043 184 1120 214 OPP.
1141 184 1234 214 PARS
1254 184 1300 214 111.
1318 199 1353 205 --
1372 183 1578 213 EXEGETICA.

1883 185 1936 214 619

306 248 379 268 mam
393 247 492 268 meam.
506 249 516 267 ι
536 239 592 276 Ego
606 241 728 276 quidem,
746 241 795 274 ait,
807 241 855 268 tibi
875 240 1014 269 Servatori
1035 249 1088 270 met

1154 241 1225 276 Ἐγὼ
1242 242 1303 277 μὲν,
1318 241 1396 277 φησὶ,
1413 242 1455 268 σοὶ
1465 241 1504 277 τῷ
1519 240 1638 276 ἐμαυτοῦ
1659 240 1765 278 Σωτῆρι
1780 242 1936 277 προσεῖχον,

306 286 453 318 haerebam,
471 291 555 322 atque
577 287 708 322 perfugas
721 292 748 314 et
766 287 794 315 in
815 287 966 316 solitudine
978 287 1091 323 degens,

306 332 355 358 tibi
371 331 492 358 animam
516 332 681 367 copulabam
697 339 796 363 meam,
814 337 841 359 et
858 340 1002 359 sermones
1030 336 1093 360 tuos

306 376 475 405 meditabar:
505 385 595 413 neque
623 378 696 406 enim
715 379 891 413 insequentes
910 385 952 405 me
979 378 1094 413 propul-

306 424 412 455 sabam,
428 432 518 459 neque
535 425 629 456 etiam,
649 424 713 452 dum
732 425 780 452 tibi
806 424 860 452 Deo
876 432 1012 456 vacarem.
1032 432 1093 459 pre-

305 476 352 498 ces
369 469 516 498 fundeham
531 475 627 498 contra
644 471 791 501 inimicos:
808 470 856 498 sed
869 471 917 497 tibi
934 471 993 504 nni,
1010 474 1040 498 ut
1051 471 1094 498 di—

305 520 381 543 ctum
401 519 456 547 est,
473 516 658 544 adhaerebam.
679 515 720 543 llli
746 524 810 544 vero
838 516 942 544 futilem
960 517 1092 545 adversus

305 561 425 588 animam
446 569 535 588 meam
561 562 776 590 sollicitudinem
801 562 943 597 suscipere
962 570 1017 590 non
1045 562 1093 590 de-

305 607 459 635 sistebant:
477 607 504 635 in
523 615 622 634 vanum
638 607 739 642 quippe
754 608 914 643 quaerebant
927 616 999 642 eam,
1020 616 1091 644 qua:.

304 654 435 689 quoniam
467 654 516 681 tibi
536 654 668 686 haerebat,
686 654 721 682 ab
747 654 815 690 ipsis
840 655 954 683 minime
978 655 1093 690 reperiri

305 704 429 737 poterat:
448 708 534 735 quare
560 708 621 735 quae
636 708 665 729 se
685 705 796 728 manent
813 701 866 736 ipsi
888 701 997 736 quidem
1013 702 1092 736 igno-

305 751 378 777 rant.
394 746 441 773 sed
460 746 580 781 Spiritus
592 750 705 774 sanctus
721 746 896 774 vaticinatur.
914 746 1017 775 Deinde
1028 755 1093 775 vero

305 791 362 819 hzec
377 792 536 826 prophetice
547 792 732 820 vociferatur:
752 802 761 818 ι
774 791 969 828 lntroibuntjn
982 793 1093 821 inferio-

305 845 335 864 ra
349 843 454 865 terrae.)
483 837 707 873 Quandoquidem
719 839 793 866 enim
811 843 920 867 terrena
935 840 1091 875 sapiebant,

304 890 331 911 et
344 884 372 911 in
394 885 495 912 infimis
511 886 650 912 constituti
666 889 755 918 erant,
774 886 837 920 jure
853 886 1005 914 facinorum
1023 895 1092 922 prte-

304 930 359 957 mia
381 931 521 966 recipient.
550 931 618 958 Nam
634 934 681 966 qni
702 931 757 959 Deo
778 933 943 967 conjunctus
957 938 984 960 et
999 934 1089 960 anima

305 977 357 1012 ipsi
370 978 575 1013 conglutinatus
586 982 639 1010 est,
655 978 731 1013 regni
743 979 876 1006 ccelorum
891 987 965 1014 spem
982 980 1090 1008 obtine-

303 1023 360 1056 bit;
376 1024 423 1058 qui
449 1031 516 1051 vero
542 1023 711 1051 contrariam
736 1024 886 1052 decurrunt
902 1026 984 1059 viam,
999 1030 1026 1054 et
1048 1027 1089 1054 in-

304 1070 368 1096 ﬁma
392 1070 512 1105 sapiunt,
537 1071 565 1096 in
584 1069 673 1097 lacum
699 1070 767 1097 alias
784 1076 963 1099 memoratum
978 1072 1088 1107 dejecti,

304 1115 458 1142 introibunt
479 1115 506 1141 in
531 1114 663 1142 inferiora
680 1118 770 1141 terraa.
807 1114 874 1142 Dum
899 1117 973 1143 enim
1000 1117 1090 1151 quivis

304 1160 387 1187 homo
418 1160 591 1195 superficiem
618 1164 697 1187 terrm
721 1160 827 1192 incolit,
851 1161 877 1188 in
909 1161 1089 1190 inferioribus

304 1211 410 1234 tantum
436 1208 560 1235 habitare
575 1208 685 1240 dicitur,
712 1211 742 1234 ut
765 1208 833 1235 dicit
856 1209 978 1243 quidam,
998 1219 1007 1235 ‹
1021 1209 1090 1242 Quia

304 1253 377 1281 Deus
393 1254 421 1281 in
436 1254 507 1281 collo
523 1262 644 1286 sursum,
660 1259 688 1282 et
702 1259 732 1282 tu
756 1255 783 1282 in
800 1260 872 1282 terra
896 1254 1026 1283 deorsum
1036 1256 1086 1284 ".3

303 1299 370 1328 Post
389 1302 492 1328 exitum
515 1305 604 1328 autem
625 1310 658 1328 ex
679 1301 731 1329 hac
745 1303 813 1333 vita,
832 1302 953 1337 religiosi
978 1303 1089 1338 quidem

303 1345 430 1374 homines
449 1347 548 1373 cotlum
568 1355 617 1382 pro
642 1348 781 1374 domicilio
804 1348 955 1380 habebunt,
979 1357 1089 1377 sursum

303 1393 378 1424 elati,
394 1401 426 1420 ac
451 1393 574 1428 rapiendi
602 1394 628 1421 in
648 1394 767 1421 nubibus
782 1394 890 1422 obviam
908 1395 1033 1430 Domino,
1058 1404 1090 1424 ac

303 1439 344 1466 sic
355 1447 465 1474 semper
488 1448 550 1466 cum
567 1439 682 1467 Domino
695 1440 794 1473 futuri;
815 1442 889 1476 impii
906 1450 971 1470 vero
986 1448 1014 1471 et
1027 1451 1090 1479 pec-

302 1490 410 1513 catores
431 1486 457 1513 in
481 1486 610 1513 inferiora
636 1491 715 1514 teme
732 1487 916 1517 descendent:
937 1497 998 1524 qua:
1014 1498 1091 1518 com-

301 1540 460 1559 memorans
474 1525 622 1568 Apostolus
637 1534 762 1562 dicehat:
788 1544 797 1560 ‹
811 1535 838 1562 1η
858 1535 1004 1563 inferiores
1026 1545 1089 1572 par-

302 1583 344 1607 tes
362 1584 442 1606 terraa
456 1581 502 1614 qui
517 1580 669 1611 descendit,
689 1581 747 1616 ipse
763 1585 804 1609 est
827 1583 872 1617 qui
895 1583 1019 1611 ascendit
1040 1592 1087 1611 su-

301 1632 350 1659 per
367 1633 462 1652 omnes
478 1626 575 1657 ccclos,
596 1630 626 1652 ut
650 1627 775 1660 impleret
800 1629 951 1655 omnia".i
981 1629 1087 1657 Etenim

303 1670 434 1698 Servator
445 1677 472 1699 et
489 1672 619 1699 Dominus
635 1677 727 1700 noster
745 1682 832 1709 usque
849 1675 882 1701 ad
901 1675 992 1703 infima
1008 1680 1089 1703 terra:

302 1717 455 1749 descendit,
473 1723 504 1745 ut
522 1718 636 1745 salutari
654 1719 754 1747 virtute
771 1720 896 1755 impleret
912 1723 1014 1750 omnia.
1031 1723 1088 1750 Hoc

302 1763 393 1798 ipsum
415 1762 484 1790 Joho
513 1765 651 1799 signiﬁcat
678 1765 722 1792 ille
750 1767 796 1800 qui
821 1766 953 1795 Dominus
975 1773 1088 1796 vocatur

302 1809 422 1837 dicens:
444 1809 571 1838 thnisti
594 1817 683 1839 autem
713 1812 741 1839 in
768 1813 868 1840 fontem
892 1816 986 1847 maris,
1014 1820 1041 1843 et
1059 1816 1087 1843 in

302 1857 425 1892 vestigiis
449 1857 540 1893 abyssi
557 1858 716 1886 ambulasti.
741 1860 911 1894 Aperiuntur
931 1865 1020 1890 autem
1038 1863 1087 1890 tibi

302 1903 401 1932 timore
424 1909 509 1939 portae
531 1905 646 1932 mortis:
668 1905 777 1932 ostiarii
806 1906 904 1934 inferni
922 1908 1045 1936 videntes
1063 1915 1089 1937 te

301 1951 442 1977 conterriti
473 1952 583 1978 sunt".
601 1961 611 1977 ι
631 1951 682 1979 Sed
702 1952 746 1979 ille
770 1953 878 1987 quidem
908 1954 941 1981 ad
967 1963 1014 1982 eos
1042 1957 1086 1991 qui

301 1995 362 2023 istic
391 1997 550 2024 habitabant
578 1998 730 2032 descendit,
758 2005 787 2027 ut
813 2001 919 2028 animas
946 2001 1086 2035 justornm

300 2041 401 2068 ibidem
416 2042 521 2075 jannliu
550 2043 674 2071 detentas
701 2045 827 2073 libertate
852 2046 977 2075 donaret.
1007 2047 1087 2083 lmpii

300 2094 366 2113 vero
383 2087 409 2113 in
428 2087 559 2114 inferiora
579 2093 659 2116 terrae
681 2090 790 2125 deiecti,
816 2092 959 2119 tradentur
983 2094 1009 2120 in
1029 2102 1085 2120 ma-

300 2140 353 2159 nus
370 2132 464 2166 gladii.
489 2133 536 2159 Est
551 2134 622 2161 enim
643 2135 742 2162 ibidem
755 2137 862 2171 gladius
879 2138 989 2172 quidam
1013 2148 1087 2167 mor-

299 2177 347 2209 tis,
364 2185 444 2212 qnvm
468 2177 597 2205 Servator
625 2181 650 2207 in
680 2189 726 2208 xxt
752 2183 857 2216 psalmo
882 2190 1017 2212 memorat
1043 2186 1085 2214 bis

299 2223 407 2250 verbis:
429 2232 437 2248 ι
455 2222 526 2251 Erue
541 2232 554 2249 a
575 2224 687 2256 framea,
707 2225 787 2258 Deus,
806 2227 924 2255 animam
943 2237 1042 2261 meam.
1059 2234 1086 2258 et

1107 906 1172 944 Βκε

1146 288 1192 315 καὶ
1206 288 1246 315 σοὶ
1261 288 1311 324 τὴν
1327 288 1396 324 ἐμὴν
1412 288 1500 323 ψυχὴν
1519 288 1669 323 συνῆπτον,
1687 288 1744 319 τοῖς
1757 295 1788 314 τε
1802 288 1859 320 σοῖς
1873 288 1932 324 εμε-

1144 334 1228 360 λέτων
1245 334 1335 369 λόγοις
1346 353 1354 366 ,
1377 335 1407 360 ὲν
1432 335 1504 370 φυγῇ
1530 334 1682 369 τυγχάνων,
1697 333 1746 361 καὶ
1761 334 1792 361 ὲν
1807 334 1936 370 ἐρημίαις

1144 381 1304 416 ποιούμενος
1324 381 1373 413 τὰς
1395 381 1549 416 διατριϐάς.
1574 381 1612 407 Οὺ
1636 380 1690 416 γὰρ
1709 379 1856 416 ἠμυνόμην
1874 381 1937 413 τοὺς

1143 426 1304 459 ἐλαύνοντας
1317 435 1360 462 με,
1373 427 1429 454 ἀλλ’
1446 426 1506 454 οὐδὲ
1522 426 1563 452 σοὶ
1576 426 1615 461 τῷ
1627 426 1686 461 Θεῷ
1701 425 1840 462 σχολάζων
1855 426 1937 462 εὐχὰς

1144 476 1215 502 κατὰ
1224 476 1277 503 τῶν
1293 476 1397 512 ἐχθρῶν
1408 477 1566 512 ἀνέπεμπον
1577 485 1584 492 ·
1597 476 1639 503 σοὶ
1652 476 1681 502 δὲ
1697 476 1769 511 μόνῳ
1781 477 1937 512 προσεῖχον,

1143 524 1181 555 ὡς
1201 523 1279 558 ἔφην.
1302 523 1333 549 Οί
1348 523 1376 549 δὲ
1395 524 1426 550 οὺ
1447 523 1580 550 διέλειπον
1595 522 1712 558 ματαίαν
1729 522 1847 558 σπουδὴν
1864 522 1936 549 κατὰ

1140 570 1192 605 τῆς
1209 569 1297 605 ψυχῆς
1315 578 1364 605 μου
1381 569 1537 604 ποιούμενοι
1547 577 1554 584 ·
1571 570 1611 600 είς
1627 568 1740 604 μάταιον
1751 568 1808 604 γὰρ
1822 567 1937 603 ἐζήτουν

1142 616 1227 652 αὐτὴν
1238 636 1245 648 ,
1268 616 1412 652 ἀνεύρετον
1437 616 1528 647 αὐτοῖς
1544 613 1626 642 οὖσαν
1642 614 1686 641 διὰ
1706 614 1737 641 τὸ
1754 613 1935 649 κεκολλῆσθαι

1141 663 1229 689 ὀπίσω
1244 671 1290 689 σου
1301 671 1308 678 ’
1323 663 1416 698 διόπερ
1433 663 1468 689 τά
1485 663 1667 698 περιμένοντα
1681 661 1781 693 αὐτοὺς
1794 661 1875 688 αὐτοὶ
1888 661 1936 696 μὲν

1142 709 1192 736 οὐκ
1204 709 1286 741 ἴσασι,
1298 709 1329 736 τὸ
1343 710 1372 736 δὲ
1383 709 1496 744 ΙΙνεῦμα
1510 709 1540 736 τὸ
1555 709 1632 743 ᾶγιον
1646 707 1780 740 θεσπίζει.
1795 706 1856 735 Εἴθ’
1871 707 1935 743 ἑξῆς

1141 757 1246 788 τούτοις
1260 756 1438 792 προφητικῶς
1455 756 1591 790 ἀναφωνεῖ
1608 755 1694 789 λέγων
1706 764 1713 770 ·
1735 764 1745 780 ι
1758 755 1936 782 Εἱσελειῖοον-

1142 812 1187 830 ται
1201 804 1242 835 εἰς
1256 804 1291 830 τὰ
1308 802 1452 830 κατώτατα
1470 802 1518 837 τῆς
1532 802 1594 837 γῆς.
1608 812 1617 828 ι
1640 801 1748 837 Ἐπειδὴ
1764 801 1821 837 γὰρ
1834 801 1871 828 τὰ
1888 802 1935 838 τῆς

1142 851 1193 886 γῆς
1204 851 1333 886 ὲφρόνουν
1346 850 1393 876 καὶ
1407 849 1460 875 τῶν
1473 848 1547 875 κάτω
1560 848 1714 883 γεγόνασιν,
1727 848 1842 879 εἰκότως
1855 848 1935 874 τάπί-

1176 906 1221 933 ιρα
1245 897 1385 923 πείσονται
1414 894 1454 927 οἷς
1474 895 1598 930 ἔδρασαν.
1623 895 1651 921 '0
1675 894 1724 930 μὲν
1739 894 1794 930 γὰρ
1812 894 1854 930 τῷ
1876 893 1935 929 Θεῷ

1144 944 1299 978 συναφθεὶς,
1314 943 1361 970 καὶ
1376 943 1424 978 τὴν
1436 943 1524 977 ψυχὴν
1539 941 1614 977 αὐτῷ
1628 940 1851 977 προσκολληθεὶς,
1861 939 1934 966 ἑλπί-

1143 991 1190 1023 δας
1206 991 1262 1023 ἕξει
1277 989 1414 1025 βασιλείας
1428 988 1551 1025 οὐρανῶν
1561 996 1567 1003 ·
1583 988 1607 1014 οἱ
1622 987 1651 1014 δὲ
1668 986 1716 1023 τὴν
1731 986 1933 1022 ἐναντίαν-δρα-

1145 1038 1241 1073 μόντες
1257 1036 1304 1063 καὶ
1324 1035 1358 1062 τὰ
1379 1035 1454 1062 κάτω
1476 1035 1678 1070 φρονήσαντες,
1699 1034 1739 1064 είς
1755 1033 1801 1059 τὸν
1816 1031 1934 1069 ἀλλαχοῦ

1143 1083 1243 1109 λάκκον
1258 1081 1449 1116 ὠνομασμένον
1465 1079 1656 1115 καταχθέντες,
1672 1079 1701 1105 ἐν
1714 1080 1770 1110 τοῖς
1784 1079 1934 1106 κατωτάτω

1143 1129 1192 1164 τῆς
1215 1129 1266 1164 γῆς
1289 1128 1452 1154 ἐλεύσονται.
1475 1126 1549 1158 Τέως
1568 1125 1616 1161 μὲν
1633 1125 1687 1160 γὰρ
1702 1125 1758 1157 πᾶς
1771 1124 1933 1160 ἄνθρωπος,

1143 1176 1192 1211 τὴν
1206 1175 1366 1210 ἐπιφάνειαν
1379 1174 1460 1200 οἰκῶν
1474 1173 1522 1208 τῆς
1537 1172 1589 1208 γῆς
1599 1192 1606 1204 ,
1626 1171 1660 1199 τὰ
1673 1172 1748 1199 κάτω
1767 1172 1838 1207 μόνα
1849 1172 1934 1198 οίκεῖν

1143 1222 1251 1256 λέγεται
1266 1221 1336 1247 κατὰ
1350 1221 1395 1247 τὸν
1421 1220 1544 1255 φήσαντα
1556 1228 1563 1234 ·
1582 1227 1592 1244 ι
1610 1219 1672 1245 Ὀτι
1683 1218 1698 1245 ὁ
1709 1217 1781 1250 Θεὸς·
1791 1218 1821 1245 ὲν
1835 1217 1877 1253 τῷ
1891 1218 1934 1244 οὐ-

1145 1267 1217 1303 ρανῷ
1238 1267 1294 1294 ἄνω
1308 1287 1315 1297 ,
1338 1267 1384 1293 καὶ
1406 1266 1438 1292 σὺ
1455 1267 1483 1292 ὲν
1497 1266 1530 1301 τῇ
1552 1266 1587 1300 γῇ
1606 1264 1691 1291 κάτω.
1710 1273 1719 1290 ›
1738 1264 1816 1292 Μετὰ
1834 1264 1865 1291 δὲ
1883 1264 1933 1300 τὴν

1143 1313 1247 1340 ἐνθένδε
1265 1312 1433 1347 ἀπαλλαγὴν,
1447 1313 1472 1338 οἱ
1487 1313 1535 1348 μὲν
1552 1311 1685 1346 θεοφιλεῖς
1695 1310 1811 1347 οὐρανὸν
1827 1310 1933 1344 ἕξουσιν

1143 1361 1298 1396 οἰκητήριον
1308 1381 1314 1391 ,
1328 1361 1376 1391 εἰς
1391 1360 1425 1386 τὰ
1438 1359 1559 1395 ἀνώτερα
1578 1358 1803 1394 μετεωρισθέντες
1819 1359 1869 1385 καὶ
1883 1358 1932 1394 ἁρ-

1144 1407 1328 1442 παγησόμενοι
1347 1407 1375 1432 ἐν
1390 1406 1513 1441 νεφέλαις
1531 1406 1570 1437 εἰς
1585 1405 1736 1440 ἀπάντησιν
1752 1403 1800 1431 τοῦ
1816 1403 1932 1440 Κυρίου,

1143 1454 1213 1480 οὕτω
1226 1463 1255 1480 τε
1269 1454 1383 1480 πάντοτε
1404 1453 1451 1479 σὺν
1471 1453 1566 1488 Κυρίῳ
1582 1452 1719 1487 ἐσόμενοι·
1736 1453 1760 1478 ot
1781 1451 1805 1478 δ’
1825 1451 1933 1482 ἀσεὸεἰς

1143 1502 1190 1527 καὶ
1206 1499 1362 1536 ἁμαρτωλοὶ
1375 1500 1414 1531 εἰς
1428 1499 1462 1526 τὰ
1475 1499 1621 1526 κατώτατα
1634 1499 1683 1534 τῆς
1693 1498 1746 1533 γῆς
1761 1497 1933 1534 καταϐήσον-

1143 1556 1203 1574 ται·
1225 1544 1263 1573 ὧν
1279 1545 1452 1582 μεμνημένος
1472 1546 1485 1571 ὁ
1511 1539 1796 1578 ’Λπόστολοςᾞλεγεν-
1813 1552 1824 1570 ι
1838 1544 1887 1575 Εἰς
1899 1543 1932 1570 τὰ

1102 1605 1124 1633 c
1138 1592 1282 1627 κατώτερα
1296 1591 1346 1626 τῆς
1358 1591 1409 1625 γῆς
1421 1591 1435 1617 ὁ
1449 1590 1571 1622 καταϐὰς
1581 1610 1588 1622 ,
1609 1589 1690 1622 αὑτός
1703 1590 1776 1616 ἐστιν
1794 1590 1808 1616 ὁ
1829 1588 1931 1620 ἀναϐὰς

1140 1640 1268 1675 ὑπεράνω
1290 1638 1397 1664 πάντων
1419 1637 1473 1662 τῶν
1493 1636 1632 1672 οὐρανῶν,
1662 1636 1706 1663 ῐνα
1732 1635 1866 1672 πληρώσῃ
1897 1635 1931 1663 τὰ

1141 1686 1238 1713 πάντα.
1257 1694 1265 1710 ι
1291 1684 1346 1711 Καὶ
1370 1683 1449 1718 μέχρι
1467 1682 1520 1718 γὰρ
1540 1682 1594 1709 τῶν
1614 1682 1764 1709 κατωτάτω
1779 1681 1832 1716 τῆς
1846 1681 1899 1717 γῆς
1919 1682 1933 1708 ό

1141 1732 1236 1767 Σωτὴρ
1249 1731 1295 1758 καὶ
1311 1730 1413 1766 Κύριος
1430 1729 1508 1765 ἡμῶν
1525 1728 1722 1764 καταϐέϐηκεν,
1742 1729 1786 1755 ἵνα
1798 1727 1931 1765 πληρώσῃ

1140 1779 1174 1805 τὰ
1195 1779 1284 1804 πάντα
1307 1778 1355 1812 τῆς
1374 1776 1507 1812 σωτηρίου
1523 1775 1672 1811 δυνάμεως.
1689 1775 1773 1802 Τοῦτο
1786 1774 1815 1801 δὲ
1831 1775 1878 1802 καὶ
1893 1774 1932 1810 τῷ

1146 1824 1205 1851 Ἰὼϐ
1229 1823 1355 1860 σημαίνει
1375 1824 1389 1849 ὁ
1411 1821 1587 1858 χρηματίζων
1606 1821 1709 1857 Κύριος
1729 1822 1758 1848 ὲν
1770 1818 1811 1853 οἷς
1830 1828 1929 1855 φησιν’

1143 1881 1152 1896 ι
1167 1869 1268 1902 ’Πλθες
1284 1870 1312 1896 δὲ
1330 1870 1375 1895 ἐπὶ
1392 1869 1462 1903 γῆν¹
1478 1868 1625 1902 θαλάσσης,
1641 1868 1670 1893 ὲν
1685 1867 1714 1894 δὲ
1732 1867 1834 1902 ἴχνεσιν
1847 1865 1931 1893 ἀσύσ-

1139 1925 1184 1943 σου
1209 1916 1422 1951 περιεπάτησας.
1451 1914 1615 1947 Ἀνοίγονται
1635 1913 1663 1939 δέ
1687 1921 1727 1939 σοι
1847 1910 1930 1938 πύλαι

1139 1961 1270 1987 θανάτου·
1303 1960 1422 1995 πυλωροὶ
1443 1958 1470 1985 δὲ
1497 1959 1561 1994 ᾅδου
1586 1959 1685 1990 ἰδόντες
1711 1966 1741 1984 σε
1765 1957 1900 1993 ἔπτηξαν.
1917 1967 1927 1982 ι

1145 2007 1213 2034 Ἀλλ’
1225 2008 1238 2033 ὁ
1255 2007 1302 2042 μὲν
1315 2007 1361 2032 καὶ
1379 2006 1459 2041 μέχρι
1473 2005 1526 2031 τῶν
1543 2006 1601 2031 ἐκεῖ
1615 2003 1811 2039 καταῦέὸηκεν,
1824 2003 1870 2030 ἵνα
1880 2003 1929 2035 τὰς

1138 2054 1221 2080 πάλαι
1236 2053 1290 2079 τῶν
1306 2052 1390 2086 ἁγίων
1408 2051 1500 2078 αὐτόοι
1516 2050 1696 2086 συνεχομένας
1714 2049 1804 2085 ψυχὰς
1822 2048 1930 2076 ἐλευθε-

1140 2100 1199 2135 ρίας
1214 2099 1331 2133 ἀξιώσῃ·
1347 2099 1371 2124 οἱ
1383 2098 1410 2124 δὲ
1420 2097 1538 2128 ἀσεϐεῖς,
1554 2098 1595 2128 είς
1608 2097 1642 2123 τὰ
1654 2096 1798 2123 κατώτατα
1812 2095 1865 2132 τῆς
1875 2095 1928 2130 γῆς

1137 2144 1357 2179 κατενεχθέντες,
1370 2143 1602 2179 παραδοθήσονται
1614 2144 1654 2174 εἰς
1669 2143 1764 2178 χεῖρας
1777 2141 1925 2178 ῥομφαίας.

1139 2191 1216 2216 Ἔστι
1238 2190 1292 2224 γάρ
1315 2198 1356 2221 τις
1383 2190 1441 2215 ὲκεί
1466 2189 1588 2224 ῥομφαία
1604 2188 1735 2220 θανάτου,
1751 2185 1786 2224 ἦς
1799 2189 1813 2214 ὁ
1830 2188 1926 2223 Σωτὴρ

1139 2236 1315 2272 μνημονεύων
1332 2236 1361 2261 ἐν
1378 2239 1419 2262 κα¹
1437 2235 1537 2270 ψαλμῷ
1553 2235 1645 2270 ἔλεγε·
1664 2245 1674 2261 ί
1686 2235 1779 2262 Ῥῦσαι
1791 2234 1847 2261 ἀπὸ
1859 2236 1926 2271 ῥομ-

298 2269 331 2296 dC
347 2277 427 2295 manu
449 2270 526 2297 canis
551 2271 661 2297 unicam
688 2279 784 2300 meam.
815 2272 894 2301 Salva
913 2282 954 2301 me
977 2283 1011 2302 ex
1035 2284 1084 2304 ore

1140 2269 1218 2316 φαίας
1230 2282 1279 2317 τὴν
1295 2282 1383 2317 ψυχήν
1399 2269 1459 2316 μου,
1478 2269 1528 2308 καῖ
1541 2283 1572 2308 ἐκ
1586 2269 1677 2317 χειρὸς
1692 2281 1772 2313 κυνὸς
1782 2281 1834 2318 τὴν
1849 2269 1927 2316 μονο-

298 2315 400 2345 leonis.
434 2320 461 2342 et
494 2324 507 2342 a
536 2317 667 2343 cornibus
691 2318 866 2345 unicornium
901 2320 1084 2349 humilitatem

298 2368 386 2387 meam
396 2361 429 2387 ³⁵.
447 2371 456 2386 ι
478 2361 539 2388 Haec
554 2367 644 2389 autem
660 2363 752 2390 omnia
769 2364 802 2391 de
817 2365 984 2394 adversariis
1008 2373 1085 2402 pote-

297 2407 415 2435 statibus
436 2407 508 2434 dicta
533 2413 607 2435 sunt.
634 2408 694 2436 Non
721 2409 794 2437 enim
824 2411 851 2438 in
881 2419 979 2439 manus
1000 2414 1082 2448 gladii

296 2456 403 2479 tantum
422 2454 544 2487 przedicti
559 2455 685 2482 lioliiines
697 2456 850 2488 tradentur,
869 2458 917 2485 sed
933 2459 1014 2485 etiam
1029 2460 1081 2487 huc

297 2496 361 2523 illuc
381 2497 570 2525 distrahentur
590 2507 605 2526 a
625 2500 704 2527 swvis
719 2502 884 2536 quibusdam
908 2504 1084 2540 versutisque

296 2544 448 2577 spiritibus.
465 2546 512 2579 qui
535 2547 629 2581 vulpes
649 2548 692 2575 hic
717 2555 921 2585 nuncupantur,
946 2553 1010 2587 quia
1041 2553 1084 2580 fo-

297 2597 359 2617 veas
375 2590 503 2622 subeunt.
523 2597 551 2619 et
578 2594 604 2620 in
631 2593 732 2622 infimis
755 2597 941 2630 penetralibus
968 2599 1081 2626 latibula

295 2636 408 2663 habent.
440 2636 486 2664 Ila:
502 2638 594 2673 itaque
615 2641 712 2676 vulpes
727 2642 872 2677 impiorum
892 2645 1081 2673 animasistnc

294 2682 432 2718 delapsas.
451 2688 480 2711 ut
496 2685 614 2713 oblatam
633 2687 763 2722 prmdaml
780 2691 996 2725 comprehensas
1012 2692 1081 2719 diri-

294 2729 372 2761 piunt
394 2734 477 2765 atque
503 2731 573 2759 inter
597 2741 625 2761 se
650 2735 785 2763 dividunt.
824 2736 896 2765 Sane
918 2738 998 2765 talem
1024 2739 1081 2766 fore

294 2774 440 2809 impiorum
460 2776 538 2805 finem
559 2777 677 2813 Spiritus
701 2785 814 2809 sanctus
840 2782 1015 2811 vaticinatur.
1044 2784 1081 2810 De

1138 2327 1204 2361 γενῆ
1230 2336 1295 2362 μου·
1312 2328 1397 2353 σῶσόν
1415 2336 1448 2362 με
1466 2328 1497 2354 ὲκ
1514 2327 1646 2362 στόματος
1664 2327 1770 2359 λέοντος
1781 2347 1788 2359 ,
1808 2327 1856 2354 καὶ
1873 2327 1927 2353 ἀπὸ
1958 2321 1961 2325 ’

1138 2374 1260 2408 κεράτιον
1277 2373 1468 2408 μονοκερώτων
1491 2373 1539 2408 τὴν
1552 2373 1713 2400 ταπείνωσίν
1728 2381 1789 2409 μου.
1806 2382 1816 2399 ι
1834 2372 1926 2400 Ταῦτα

1136 2419 1164 2445 δὲ
1181 2420 1269 2446 πάντα
1292 2420 1354 2454 περὶ
1378 2419 1573 2454 ἀντικειμένων
1586 2419 1727 2454 δυνάμεων
1748 2416 1924 2453 ὲλέγετο.Ὀὺ

1139 2465 1218 2499 μόνον
1243 2465 1271 2491 δὲ
1293 2467 1332 2497 εἰς
1358 2467 1451 2501 χεῖρας
1481 2466 1615 2501 ῥομφαίας
1642 2465 1876 2501 παραδοθήσονται
1901 2465 1926 2492 οἱ

1135 2511 1337 2546 προλεχθέντες,
1349 2511 1415 2538 ἀλλὰ
1427 2513 1474 2538 καὶ
1489 2511 1736 2547 διασπασθήσονται
1749 2508 1801 2538 ὧδε
1813 2512 1925 2539 κάκεῖσε

1134 2558 1340 2593 περιελκόμενοι
1352 2558 1403 2584 ὑπὸ
1415 2558 1509 2585 δεινῶν
1521 2567 1602 2585 τινων
1615 2559 1662 2585 καὶ
1672 2558 1835 2594 πανούργων
1846 2567 1926 2586 πνευ-

1136 2605 1237 2639 μάτων,
1263 2604 1309 2635 οὓς
1325 2604 1469 2637 ἀλώπεκας
1485 2605 1613 2640 ὀνομάζει
1629 2606 1643 2632 ὁ
1660 2605 1755 2641 παρὼν
1768 2606 1848 2640 λόγος
1859 2626 1867 2639 ,
1884 2607 1926 2634 διὰ

1135 2649 1165 2676 τὺ
1183 2650 1391 2676 καταδεδυκέναι
1409 2651 1456 2676 καὶ
1479 2652 1535 2682 τοῖς
1552 2651 1701 2678 κατωτάτω
1722 2653 1818 2688 μυχοῖς
1834 2653 1925 2688 ἐμφω-

1136 2696 1232 2722 λεύειν.
1251 2694 1331 2723 Οὗτοι
1346 2697 1368 2722 δ’
1384 2694 1431 2723 οὖν
1448 2698 1473 2723 οἱ
1490 2697 1631 2730 ἀλώπεκες
1647 2698 1741 2734 ὧσπερ
1757 2698 1864 2735 εὕρεμα
1876 2699 1924 2730 τὰς

1135 2743 1193 2768 ἐκεῖ
1221 2743 1444 2775 καταπιπτοὺσας
1468 2743 1557 2778 ψυχὰς
1584 2745 1638 2771 τῶν
1666 2745 1773 2772 ἁσεῦῶν
1798 2744 1924 2776 λαϐόντες

1134 2787 1346 2822 διαρπάζουσιν,
1368 2789 1408 2820 είς
1429 2790 1542 2822 ἑαυτοὺς
1560 2790 1644 2822 αὑτὰς
1666 2790 1850 2827 μεριζόμενοι.
1868 2790 1923 2819 Καὶ

330 2846 352 2861 ⁹²
372 2846 451 2876 Deut.
469 2857 506 2880 ιν,
524 2849 568 2877 59.
608 2850 630 2866 ³³
649 2850 750 2886 Ephes.
767 2860 804 2895 iv,
823 2853 866 2881 10.
905 2854 927 2870 "
945 2853 997 2883 Job
1014 2864 1086 2884 xxxv

1155 2859 1200 2891 16,
1218 2860 1260 2886 l7.
1299 2860 1323 2876 "
1339 2860 1412 2888 l’sal.
1431 2869 1489 2894 ut,
1502 2861 1549 2894 ει,
1561 2861 1605 2890 22.

329 2905 368 2940 (ι)
384 2905 411 2933 in
425 2906 531 2943 Bibliis,
549 2910 650 2944 πηγήν.
