2041 3215
743 195 992 227 COMMENTARIA
1011 196 1042 223 IN
1062 192 1232 226 PSALMOS.
1245 172 1266 210 (ν
1277 173 1317 191 ν

1732 196 1784 225 614

158 259 214 287 τῶν
231 259 279 295 μὲν
291 259 397 286 ἀσεϐῶν
410 258 528 286 τοιοῦτον
545 258 653 285 ἔσεσθαι
669 258 699 285 τὸ
713 258 788 289 τέλος
795 258 825 284 τὸ
837 256 943 292 Πνεῦμα

998 255 1074 291 justo
1089 260 1191 288 autem,
1209 256 1256 292 qui
1278 264 1361 292 supra
1388 261 1537 284 memorata
1552 255 1682 292 praeclara
1700 263 1783 292 opera

158 305 188 332 τὸ
204 305 281 340 ἅγιον
295 305 426 337 θεσπίζει.
440 305 511 341 Περὶ
527 304 555 332 δὲ
570 305 616 331 τοῦ
643 304 746 331 δικαίου
760 302 807 330 τοῦ
830 302 864 330 τὰ
882 311 948 338 προ-

157 351 287 387 λεχθέντα
300 351 511 387 κατωρθωκότος
528 350 652 387 ἐπιφέρει
666 350 760 385 λέγονο
782 359 792 376 ι
813 350 841 376 '0
858 349 886 376 δὲ
902 349 948 384 βα-

158 398 250 430 σιλεὺς
273 397 488 433 εὐφρανθήσεται
512 397 557 423 ἐπὶ
582 397 620 432 τῷ
641 396 716 431 Θεῷ·
742 395 947 431 ἐπαινεθήσεται

157 445 213 475 πᾶς
225 445 239 471 ό
252 443 358 479 ὀμνύων
373 444 401 470 ἐν
413 443 486 478 αὺτῷ
497 451 503 458 ·
519 443 559 469 ὅτι
584 443 722 478 ὲνεφράγη
738 443 824 477 στόμα
837 441 945 468 λαλούν-

155 499 211 517 των
227 490 317 517 ἄδικα.
334 500 343 515 ι
359 490 464 525 Σφόδρα
481 489 639 524 παραδόξως
659 489 776 515 ἐνταῦθα
791 488 822 514 τὸ
838 487 884 514 τοῦ
901 487 948 522 βα-

157 536 253 567 σιλέως
276 535 399 570 είσῆκται
415 535 513 570 ὅνομα*
529 535 610 561 Δαυῒδ
636 535 683 570 μὲν
699 533 753 569 γὰρ
778 533 886 567 φεύγων
902 533 947 559 τὸν

156 581 253 613 Σαοὺλ,
269 581 316 607 καὶ
332 581 381 616 τὴν
401 581 502 616 ἔρημον
515 581 564 615 τῆς
581 580 711 611 Ἰουδαίας
730 579 811 606 οἰκῶν
825 578 885 605 καθ’
901 578 947 610 οὒς

156 626 243 655 ταῦτα
259 627 334 661 ἔλεγε
350 627 472 663 χρόνους,
489 627 636 658 δείκνυται,
653 626 683 652 ού
703 626 755 662 μὴν
770 626 820 661 ἤδη
836 634 887 652 που
905 625 947 659 βα-

157 673 270 700 σιλεύων
281 682 287 688 ·
299 673 385 700 Σαοὺλ
398 673 436 704 δὲ,
451 672 560 708 κρατῶν
574 671 620 698 τοῦ
633 671 736 703 ἔθνους,
747 671 797 706 τῆς
810 670 947 708 βασιλείας

154 721 259 756 ἡγεῖτο.
282 720 361 751 Ποῖος
386 717 432 745 οὖν
455 704 581 753 βασιλεὺς
603 704 822 753 εὐφρανθήσεται
846 704 892 742 tiu
907 715 946 751 τῷ

154 765 230 800 Θεῷ;
247 765 317 791 Ἀλλ’
334 766 393 800 ἐρεῖ
414 773 455 795 τις
479 764 548 790 κατὰ
570 764 724 799 πρόγνωσιν
739 762 786 789 τοῦ
806 762 946 798 μέλλοντος

155 811 236 838 αὐτὸν
252 810 429 846 σημαίνεσθαι
444 810 486 836 τὸν
503 810 582 836 Δαυΐδ
593 818 599 824 ⁸
617 809 716 845 ἤμελλε
728 809 783 844 γὰρ
794 809 855 835 ὅσον
870 806 947 834 οὔπω

153 856 365 891 τελευτήσαντος
381 855 425 882 τοῦ
444 855 529 882 Σαοὺλ
561 855 711 889 βασιλεύειν
725 854 815 886 αὑτός.
834 854 946 889 ’Έτερος

154 901 184 927 δέ
209 909 275 936 φησι
297 901 344 927 καὶ
363 902 417 927 τότ’
441 901 491 935 ἤδη
520 900 632 935 βασιλέα
650 898 719 926 εἶναι
736 900 833 927 αὐτόν·
852 899 944 934 ἐπειδὴ

154 947 283 982 κέκριστο
299 946 351 973 ὑπὸ
364 947 410 973 τοῦ
428 946 554 982 Σαμουὴλ
567 947 607 977 εἰς
626 946 749 981 βασιλέα,
762 946 808 972 καὶ
822 945 896 980 παρὰ
907 945 945 980 τῷ

153 991 215 1028 Θεῷ
235 991 371 1026 λελόγιστο
388 992 437 1027 ἤδη
458 991 583 1026 βασιλεύς
595 1000 601 1006 ·
618 992 647 1018 οὐ
667 991 720 1027 μὴν
735 990 801 1017 ἀλλὰ
820 992 867 1018 καὶ
882 991 946 1017 ὲῦα-

155 1038 243 1064 σίλευε
262 1038 309 1064 τοῦ
324 1038 448 1069 συνόντος
467 1038 541 1073 αὺτῷ
568 1037 685 1073 πλήθους
697 1057 705 1069 ,
726 1034 756 1064 οὗ
778 1037 912 1072 μέμνηται
929 1037 945 1072 ὴ

155 1083 273 1119 ἱστορία.
291 1083 367 1109 Ἐπεὶ
379 1083 467 1109 τοίνυν
483 1082 513 1109 τὸ
530 1083 605 1114 τέλος
620 1082 674 1108 τῶν
688 1081 852 1108 ἐλαυνόντων
866 1081 946 1108 αὑτὸν

153 1129 325 1164 παρέστησεν
337 1129 351 1155 ὁ
365 1129 452 1162 λόγος,
467 1128 578 1159 εἰκότως
593 1128 640 1154 καὶ
655 1126 736 1154 αὑτοῦ
748 1127 785 1157 ὡς
798 1126 830 1153 ἂν
846 1126 946 1161 πολλὴν

152 1176 342 1211 ἐνδειξαμένου
362 1175 504 1210 προκοπὴν
519 1174 553 1200 τὰ
567 1174 632 1208 τέλη
656 1173 709 1199 τῶν
733 1173 821 1200 πόνων
841 1181 946 1208 προφη-

151 1223 271 1250 τεύεται.
287 1222 331 1248 Διὸ
347 1221 456 1255 λέγεται
466 1230 472 1236 ·
486 1230 494 1246 ι
507 1221 534 1247 ’0
550 1221 577 1246 δὲ
594 1219 720 1255 βασιλεὺς
733 1219 945 1255 εὐφρανθήσεται

152 1270 202 1296 ἐπὶ
213 1269 251 1304 τῷ
263 1268 329 1303 Θεῷ.
340 1278 348 1293 ι
364 1268 408 1299 Ὠς
419 1268 472 1302 γὰρ
484 1268 606 1301 γενναῖος
620 1266 666 1292 τοῦ
677 1265 744 1292 Θεοῦ
759 1265 885 1300 ἀθλητὴς,
898 1274 945 1299 με-

151 1316 252 1350 γάλους
274 1314 381 1349 ἀγῶνας
406 1313 562 1345 διεξελθὼν,
584 1313 719 1348 βραδείων
740 1321 770 1338 τε
794 1312 840 1338 καὶ
866 1311 945 1338 θείων

154 1362 292 1397 στεφάνων
307 1360 523 1396 κατηξιωμένος,
539 1358 708 1395 εὐφροσύνης
725 1358 874 1385 ἀπολαύσει
895 1359 945 1393 τῆς

152 1408 219 1445 παρ’
236 1408 310 1443 αὐτῷ
324 1407 362 1442 τῷ
379 1406 544 1441 ἀγωνοθέτῃ.
561 1406 664 1441 ’Ὠσπερ
680 1405 734 1440 γὰρ
750 1406 774 1431 oi
787 1405 879 1441 ἐχθροὶ
895 1404 943 1430 αύ-

151 1454 200 1481 τοῦ
214 1454 290 1485 τέλος
302 1454 351 1479 οὐκ
366 1453 451 1480 αἴσιον
466 1452 617 1487 εἰλήφασιν,
634 1453 673 1483 εἰς
689 1451 723 1477 τὰ
740 1451 884 1477 κατώτατα
896 1450 945 1485 τῆς

151 1501 204 1536 γῆς
222 1500 402 1532 εἰσελθόντες,
419 1499 466 1525 καὶ
492 1498 691 1534 παραδοθέντες
708 1499 746 1529 εἰς
763 1498 856 1532 χεῖρας
879 1497 945 1531 ῥομ-

152 1547 252 1581 φαίας,
276 1546 383 1581 μερίδες
398 1553 428 1571 τε
455 1544 604 1571 ἀλωπέκων
627 1543 783 1577 γενόμενοι·
807 1542 824 1568 ἂ
846 1541 877 1576 δὴ
899 1541 945 1567 καὶ

152 1592 304 1628 ἐπληροῦτο
323 1592 391 1628 πρός
406 1591 476 1623 λέξιν
498 1590 568 1617 κατὰ
588 1590 635 1625 τὴν
658 1589 792 1624 ἱστορίαν,
810 1588 942 1623 ὁπηνίκα,
958 1607 978 1635 c

153 1637 262 1672 φεύγων
274 1637 287 1663 ὁ
302 1636 387 1663 Σαοὺλ
400 1637 462 1667 τοὺς
478 1635 633 1670 πολεμίους,
647 1634 841 1670 ὲκρυπτὰζετο,
854 1633 941 1668 ζητῶν

152 1692 182 1710 τε
197 1683 272 1719 παρὰ
285 1683 331 1709 τοῦ
348 1683 415 1709 Θεοῦ
433 1682 568 1717 βοήθειαν,
583 1682 631 1715 οὐχ
654 1680 796 1714 εὕρισκεν·
813 1680 869 1706 ἀλλ’
883 1680 942 1706 οὐδὲ

152 1730 326 1765 ἀποκρίσεως
343 1729 417 1761 θείας
431 1728 553 1763 ἠξιοῦτο·
567 1728 604 1759 ὡς
617 1727 661 1753 διὰ
678 1726 749 1753 τοῦτ’
765 1726 849 1753 ἐλθεῖν
861 1726 942 1752 αὑτὸν

152 1777 201 1802 ἐπὶ
213 1775 262 1811 τὴν
273 1774 499 1810 ἐγγαστρίμυθόν,
514 1775 559 1800 καὶ
574 1773 809 1809 πολυπραγμονεῖν
826 1772 858 1798 τὰ
872 1773 942 1807 ἁπη-

151 1822 306 1857 γορευμένα
321 1821 373 1847 ὑπὸ
386 1821 434 1847 τοῦ
451 1821 529 1847 Θεοῦ.
543 1820 609 1846 Τότε
625 1820 690 1853 γοῦν
707 1819 815 1854 ἀληθῶς
834 1819 942 1854 μερίδες

152 1869 302 1896 ἀλωπέκων
321 1868 463 1902 γεγόνασιν
479 1868 559 1899 αὑτός
577 1876 605 1893 τε
628 1866 675 1893 καὶ
694 1867 718 1892 οἱ
732 1866 778 1892 σὺν
795 1865 878 1900 αὐτῷ.
897 1865 941 1891 Διὸ

153 1915 202 1941 καὶ
217 1914 440 1948 καταλειφθέντες
454 1914 506 1940 ὑπὸ
520 1913 566 1939 τοῦ
584 1912 650 1939 Θεοῦ
664 1932 670 1944 ,
686 1914 718 1947 τῇ
732 1912 786 1938 τῶν
806 1911 941 1946 πολεμίων

153 1960 277 1996 ῥομφαίᾳ
287 1960 474 1996 παρεδόθησαν
483 1960 611 1991 πεσόντες
621 1960 650 1985 ἐν
661 1958 700 1994 τῷ
713 1958 777 1985 πολέ
782 1958 940 1993 μῳκὩσπερ

154 2004 199 2033 οὖν
214 2006 300 2032 ταῦτα
317 2006 430 2041 μηδέπω
446 2006 579 2040 γενόμενα
595 2005 665 2031 κατὰ
680 2005 833 2040 πρόγνωσιν
849 2004 941 2038 εἴρητο

155 2051 285 2087 μέλλοντα
306 2052 414 2078 ἔσεσθαι
435 2053 491 2083 τοῖς
514 2052 558 2078 τὸν
581 2051 662 2077 Δαυῒδ
679 2051 850 2077 ἐλαύνουσιν·
870 2050 940 2075 οὕτω

152 2098 199 2124 καὶ
212 2097 286 2132 αὐτῷ
298 2096 332 2124 τὰ
347 2097 421 2123 αἴσια
435 2096 498 2131 τέλη
509 2095 539 2121 τὸ
555 2095 665 2130 Πνεῦμα
676 2094 706 2121 τὸ
721 2094 796 2128 ἅγιον
809 2090 939 2127 ἀνέφώνει

150 2142 230 2177 λέγον
239 2151 246 2157 ·
265 2151 273 2167 ι
285 2142 313 2168 '0
329 2142 357 2168 δὲ
373 2141 497 2176 βασιλεὺς
510 2140 725 2176 εὐφρανθήσεται
742 2140 786 2165 ἐπὶ
799 2139 837 2173 τῷ
846 2138 913 2173 Θεῷ.
927 2148 936 2164 ι

157 2187 288 2219 Ἐλπίσας
304 2187 357 2222 γὰρ
379 2187 426 2213 ἐπὶ
451 2186 495 2212 τὸν
509 2187 574 2213 Θεὸν
585 2207 591 2218 ,
618 2187 664 2213 καὶ
688 2186 736 2220 τὴν
754 2185 834 2211 αὑτοῦ
850 2184 938 2219 ψυχὴν

151 2234 273 2267 συνάψας
287 2234 375 2270 αὐτῷ,
390 2233 427 2265 ὡς
439 2234 524 2259 εἰπεῖν
537 2252 544 2264 ,
565 2243 574 2259 ι
594 2232 738 2267 Ἑκολλήθη
762 2232 778 2266 ή
798 2231 869 2267 ψυχή
887 2240 937 2266 μου

998 303 1094 337 edidit,
1121 302 1179 330 haec
1207 302 1367 338 subjungit:
1404 302 1482 330 «Rex
1509 310 1574 331 vero
1595 302 1730 330 laetabitur
1756 302 1784 329 in

999 346 1075 374 Deo:
1096 347 1280 374 laudabuntur
1296 354 1391 374 omnes
1413 347 1461 382 qui
1479 347 1573 382 jurant
1602 347 1629 374 in
1649 355 1692 379 eo,
1719 347 1784 382 quia

998 393 1169 421 obstructum
1183 396 1225 420 est
1245 400 1277 420 os
1294 392 1463 427 loquentium
1489 393 1609 428 iniqua.»
1635 393 1732 420 Mirum
1755 393 1783 420 in

998 439 1108 466 modum
1127 438 1173 466 hic
1189 439 1261 474 regis
1279 447 1378 466 nomen
1400 439 1542 466 inductum
1559 443 1619 467 est:
1647 439 1782 474 siquidem

998 486 1082 513 David
1099 494 1172 517 cum,
1196 490 1226 513 ut
1238 487 1497 518 demonstravimus,
1517 494 1572 521 quo
1587 490 1709 522 tempore
1727 486 1784 514 haec

998 532 1107 560 dicebat
1129 540 1144 559 a
1165 531 1247 560 Saule
1272 532 1388 568 fugeret.
1407 533 1602 567 desertumque
1623 531 1724 559 Juda'a:
1740 532 1784 559 in-

997 579 1109 612 coleret,
1127 579 1247 606 nondum
1265 587 1312 606 rex
1330 584 1390 607 erat
1403 600 1411 612 ,
1437 578 1485 606 sed
1513 578 1578 606 Saul
1595 579 1668 613 genti
1693 579 1781 613 impe—

997 633 1062 653 rans
1083 633 1196 660 regnum
1213 625 1365 653 obtinebat.
1382 625 1450 658 Quis
1463 632 1528 659 ergo
1544 632 1590 651 rex
1607 624 1743 651 laetabitur
1754 624 1781 650 in

997 669 1070 696 Deo?
1100 669 1152 696 Sed
1177 670 1249 697 dicet
1277 670 1423 704 quispiam,
1449 677 1482 696 ex
1499 669 1671 704 prmscieutia
1697 668 1782 695 futuri

997 718 1085 752 ipsum
1101 717 1229 744 Davidem
1249 717 1388 744 indicare:
1404 717 1480 744 brevi
1496 723 1623 750 namque,
1638 720 1700 751 post
1713 722 1785 742 mor-

996 769 1049 792 tem
1070 763 1170 795 Saulis,
1187 767 1353 798 regnaturus
1366 764 1423 797 ipse
1440 767 1509 790 erat.
1532 762 1610 789 Dicet
1626 762 1708 793 alius,
1724 761 1782 796 jam

997 814 1053 837 tum
1072 809 1200 837 Davidem
1218 810 1303 837 fuisse
1324 817 1427 844 regem,
1447 812 1542 843 utpote
1568 815 1584 834 a
1602 807 1732 834 Samuele
1754 806 1782 834 in

996 865 1086 892 regem
1104 861 1228 889 unctum,
1247 861 1329 890 atque
1342 859 1372 882 ut
1397 856 1478 882 talem
1498 862 1512 880 a
1531 853 1587 882 Deo
1604 857 1781 889 reputatum:

998 903 1052 929 imo
1066 903 1148 929 etiam
1165 906 1230 929 tunc
1249 901 1379 936 temporis
1400 908 1530 936 regnasse
1549 901 1576 927 in
1595 904 1702 935 gentem
1720 906 1782 926 sese

997 949 1184 979 comitantem,
1212 947 1292 981 cujus
1313 946 1438 973 meminit
1462 945 1588 972 historia.
1611 944 1681 977 Quia
1700 944 1782 978 igitur

997 995 1197 1029 insequentium
1213 994 1302 1029 ipsum
1322 993 1401 1019 ﬁnem
1420 999 1511 1019 sermo
1526 990 1693 1023 declaravit,
1710 997 1779 1016 con-

997 1045 1142 1076 sequenter
1164 1041 1251 1075 ipsius
1272 1047 1391 1075 quoque,
1418 1042 1513 1073 utpote
1540 1044 1639 1071 magno
1655 1035 1780 1071 proiectu

997 1087 1081 1116 aucti.
1099 1087 1223 1113 laborum
1246 1085 1326 1112 linem
1343 1084 1519 1111 vaticinatur.
1549 1082 1640 1115 Quare
1659 1081 1778 1108 dicitur:

1000 1143 1008 1158 ι
1024 1133 1081 1159 Rex
1097 1140 1161 1159 vero
1178 1132 1314 1159 laetabitur
1330 1131 1357 1157 in
1383 1129 1465 1157 Deo.»
1492 1128 1558 1155 Nam
1574 1133 1603 1154 ut
1628 1134 1781 1162 generosus

997 1179 1042 1206 Dei
1060 1179 1172 1210 athleta,
1203 1177 1308 1213 magnis
1333 1171 1414 1203 editis
1436 1174 1644 1204 certaminibus,
1662 1172 1782 1208 praemiis

996 1225 1150 1259 divinisque
1171 1224 1281 1251 coronis
1300 1223 1430 1253 donatus,
1447 1229 1489 1251 ea.
1509 1229 1569 1256 quae
1586 1227 1668 1254 penes
1689 1219 1780 1253 ipsum

996 1271 1187 1306 agonothctam
1210 1274 1263 1301 est,
1284 1270 1374 1296 laetitia
1393 1268 1510 1295 fruetur.
1546 1266 1581 1294 Ut
1607 1274 1622 1292 e
1648 1271 1783 1292 converso

996 1318 1098 1344 inimici
1108 1317 1167 1351 ejus
1180 1324 1233 1343 non
1250 1316 1369 1342 faustum
1384 1315 1464 1341 ﬁnem
1480 1314 1669 1342 obtinuerunt,
1682 1311 1782 1346 quippe

995 1364 1042 1398 qui
1056 1363 1083 1389 in
1099 1362 1229 1389 inferiora
1244 1365 1324 1389 terrae
1342 1360 1470 1395 ingressi,
1488 1363 1514 1386 et
1528 1358 1621 1384 traditi
1642 1357 1670 1384 in
1682 1362 1781 1382 manus

995 1411 1088 1447 gladii,
1105 1414 1195 1445 partes
1221 1408 1341 1442 vulpium
1365 1406 1476 1433 fuerint.
1507 1405 1573 1437 Quir.
1595 1403 1628 1430 ad
1658 1402 1780 1428 litteram

996 1457 1105 1491 impleta
1120 1463 1181 1482 esse
1199 1455 1225 1480 in
1249 1453 1364 1480 historia
1390 1455 1529 1480 narratur,
1545 1448 1655 1483 quando
1677 1448 1710 1473 ab
1727 1446 1782 1472 ini-

995 1502 1075 1528 micis
1099 1501 1205 1535 fugiens
1222 1498 1286 1526 Saul
1307 1498 1428 1524 latebras
1443 1495 1593 1530 quaerebat,
1613 1493 1782 1528 petitumque

996 1547 1076 1574 aDeo
1105 1554 1182 1581 opem
1205 1553 1258 1572 non
1273 1544 1403 1574 obtinuit,
1421 1549 1509 1576 neque
1531 1541 1622 1567 divino
1648 1545 1782 1572 responso

996 1594 1125 1627 dignatus
1138 1596 1199 1625 est;
1218 1593 1254 1618 ita
1280 1596 1310 1618 ut
1332 1590 1393 1617 ideo
1419 1586 1663 1623 engastrimytham
1680 1584 1779 1615 adiret,

996 1644 1021 1665 et
1042 1647 1056 1665 a
1073 1638 1125 1665 Deo
1144 1638 1227 1665 vetita
1244 1637 1379 1664 curiosius
1397 1634 1557 1668 inquireret.
1584 1630 1662 1657 Tunc
1683 1635 1778 1655 revera

997 1690 1087 1720 partes
1109 1685 1230 1719 vulpium
1253 1683 1338 1713 fuere,
1356 1688 1417 1708 cum
1434 1680 1490 1710 ille,
1500 1683 1557 1705 tum
1570 1676 1685 1703 comites
1708 1674 1781 1708 ejus.

996 1731 1086 1765 Quare
1098 1732 1145 1758 abs
1164 1730 1218 1757 Deo
1232 1728 1367 1759 derelicti,
1381 1724 1473 1762 gladio
1488 1724 1663 1752 inimicorum
1687 1720 1780 1747 traditi

996 1780 1070 1808 sunt,
1087 1780 1113 1803 et
1130 1776 1157 1802 in
1175 1775 1246 1802 bello
1259 1774 1427 1802 ceciderunt.
1458 1771 1535 1797 Sicut
1555 1769 1637 1803 igitur
1654 1766 1699 1794 illa
1714 1773 1781 1792 non-

995 1822 1060 1848 dum
1079 1822 1162 1852 edita,
1179 1819 1389 1854 insequentibus
1411 1816 1540 1843 Davidem
1561 1815 1723 1844 obventura,
1747 1818 1781 1838 ex

995 1869 1167 1904 przescientia
1181 1866 1428 1896 renuntiabantur,
1445 1864 1482 1890 ita
1493 1866 1519 1889 ct
1536 1861 1588 1895 ipsi
1602 1858 1697 1886 Davidi
1714 1865 1779 1892 pro-

995 1923 1104 1950 sperum
1120 1914 1197 1940 tinem
1217 1911 1337 1947 Spiritus
1348 1914 1459 1937 sanctus
1475 1906 1638 1942 praedicebat
1658 1904 1700 1931 bis
1715 1910 1779 1929 ver-

996 1963 1048 1994 bis,
1068 1971 1077 1987 t
1091 1961 1148 1988 "ex
1163 1967 1229 1987 vero
1240 1958 1375 1985 laetabitur
1391 1957 1418 1982 in
1442 1954 1524 1982 Deo.»
1558 1952 1625 1980 Cum
1650 1949 1722 1977 enim
1749 1948 1778 1975 in

994 2008 1048 2035 Deo
1072 2014 1146 2042 spem
1166 2004 1297 2040 posuerit,
1324 2003 1431 2037 ipsique
1455 2000 1574 2027 animam
1601 1994 1779 2030 coniunxerit

993 2061 1081 2083 suam,
1098 2053 1134 2079 ita
1149 2056 1179 2078 ut
1196 2051 1279 2079 dicat.
1299 2058 1308 2074 ‹
1321 2047 1442 2075 Adhaesit
1459 2046 1548 2072 anima
1563 2050 1622 2070 mea
1640 2044 1700 2077 post
1712 2045 1748 2071 te,
1762 2048 1772 2065 ι

994 2106 1139 2133 supernam
1154 2105 1168 2124 a
1186 2096 1239 2123 Deo
1269 2094 1388 2122 laetitiam
1417 2089 1560 2119 obtinebit.
1590 2088 1629 2114 Ac
1652 2083 1778 2133 quisquis

994 2129 1044 2171 hac
1060 2143 1094 2170 de
1109 2150 1137 2169 re
1150 2141 1262 2176 juravit,
1280 2143 1310 2166 ut
1328 2139 1397 2165 bene
1414 2136 1519 2171 prolato
1542 2134 1698 2169 jurameuto
1719 2129 1777 2156 lau—

993 2189 1122 2221 dabitur;
1158 2188 1227 2219 sive,
1243 2184 1393 2214 secundum
1416 2182 1552 2217 Aquilam,
1586 2189 1595 2204 ι
1609 2176 1778 2205 Gloriabitur

992 2237 1038 2273 qui
1050 2237 1124 2270 jurat
1137 2235 1163 2261 in
1181 2241 1240 2261 ρο.»
1262 2232 1328 2259 Nam
1344 2230 1470 2265 quisquis
1490 2226 1556 2254 nihil
1574 2225 1713 2254 dubitans,
1732 2222 1777 2256 ju-

150 2281 237 2308 ὀπίσω
253 2289 300 2307 σου
311 2300 318 2312 ,
336 2291 345 2306 ι
366 2281 415 2316 τῆς
439 2281 569 2308 ἀνωτάτω
588 2279 711 2310 τεύξεται
737 2277 811 2312 παρὰ
827 2278 866 2313 τῷ
880 2278 938 2313 Θεῴ

994 2270 1115 2309 ramento
1133 2278 1317 2308 aﬂirmaverit.
1344 2282 1434 2310 regem
1451 2282 1464 2299 ιι
1481 2270 1619 2308 proposita
1637 2276 1684 2302 spe
1701 2275 1774 2294 nun-

150 2327 328 2363 εὐφροσύνης.
347 2328 400 2354 Καὶ
415 2329 469 2359 πᾶς
488 2328 515 2353 δὲ
528 2328 542 2353 ὁ
559 2327 604 2352 ἐπὶ
627 2324 730 2355 τούτοις
746 2323 828 2358 ὀμνὺς
850 2324 888 2355 ὡς
909 2324 940 2351 ἂν

150 2373 272 2409 εὐορκῶν
285 2373 510 2408 ἐπαινεθήσεται·
526 2373 542 2407 ἦ
558 2371 628 2399 κατὰ
644 2371 690 2396 τὸν
704 2368 830 2400 Ἀκύλαν,
850 2371 941 2397 ιΚαυ-

150 2420 262 2454 χὴσεται
276 2420 291 2445 ὁ
303 2419 408 2454 ὀμνύων
423 2421 452 2446 ἐν
463 2419 548 2455 αὐτῷ.
566 2429 574 2445 ι
592 2420 621 2445 Ὀ
634 2419 688 2454 γὰρ
702 2419 738 2454 μὴ
753 2417 940 2455 ἀμφιϐάλλων,

150 2466 218 2492 ἀλλὰ
236 2466 284 2492 καὶ
303 2466 383 2501 ὅρκον
396 2466 536 2501 τιθέμενος
557 2466 620 2501 περὶ
637 2466 683 2491 τοῦ
699 2467 801 2501 μήποτε
818 2465 942 2491 ἐκπεσεῖ-

151 2513 212 2541 σθαι
228 2513 273 2540 τὸν
290 2513 400 2548 βασιλέα
420 2513 470 2548 τῆς
484 2512 692 2548 ἐπηγγελμένης
705 2511 826 2544 ἐλπίδος,
843 2509 941 2536 ὡσανεὶ

149 2560 288 2596 εύορκῶν,
310 2560 527 2591 ἐπαινεθήσεται.
547 2558 602 2584 Καὶ
621 2557 706 2584 ταῦτα
723 2557 798 2583 ἔσται
817 2556 880 2591 περὶ
896 2555 941 2581 τὸν

151 2606 262 2641 βασιλέα
270 2607 317 2632 καὶ
328 2606 390 2641 περὶ
403 2605 489 2632 πάντα
497 2605 541 2631 τὸν
555 2604 674 2639 ὀμνύντα
689 2603 752 2639 περὶ
764 2602 857 2631 αὑτοῦ,
865 2611 873 2627 ι
881 2602 940 2627 Ὂτι

150 2653 287 2688 ἐνειρράγη
302 2652 333 2678 τὸ
351 2652 439 2687 στόμα
451 2651 601 2677 λαλούντων
617 2650 708 2676 ἄδικα.
730 2659 739 2674 ›
760 2648 828 2675 Καθ’
844 2647 939 2682 ἑτέραν

149 2698 177 2725 δὲ
189 2698 309 2725 διάνοιαν
328 2698 374 2724 τοῦ
389 2697 492 2724 δικαίου
515 2695 700 2730 τελειουμένον
718 2694 788 2722 κατὰ
807 2694 855 2725 τὰς
872 2693 939 2719 ἀπο-

149 2744 271 2776 δοθείσας
285 2745 314 2771 ἐν
330 2745 412 2780 ἀρετῇ
429 2742 571 2778 προκοπὰς
581 2762 588 2773 ,
603 2742 692 2777 χαίρει
705 2742 751 2767 καὶ
765 2740 939 2775 εὐφραίνεται

150 2791 164 2816 ὁ
181 2790 308 2825 βασιλεὺς
320 2811 326 2822 ,
343 2792 357 2816 ὀ
375 2790 422 2816 τοῦ
445 2788 512 2815 Θεοῦ
527 2788 681 2823 Μονογενὴς
695 2787 758 2817 Υἱὸς
771 2785 939 2821 εὐχαριστῶν

150 2836 187 2871 τῷ
202 2835 299 2862 ἑαυτοῦ
317 2835 414 2870 Πατρὶ,
426 2834 464 2869 τῷ
479 2833 513 2860 τὰ
525 2833 675 2869 τηλικαῦτα
686 2832 843 2867 χαρίσματα
859 2830 939 2856 δεδω-

152 2882 255 2916 ρημένᾳ
277 2882 310 2916 τῇ
329 2881 383 2907 τῶν
402 2880 552 2915 ἀνθρώπων
568 2879 644 2914 φύσα.
665 2878 764 2904 Τοῦτον
782 2877 809 2902 δὲ
831 2875 875 2901 τὸν
890 2875 938 2909 βα-

152 2937 159 2951 ι
169 2927 225 2954 ιλὲα
239 2929 253 2954 ὁ
268 2928 357 2961 γνοὺς,
373 2927 418 2953 καὶ
432 2926 522 2962 ὅρκιον
537 2925 618 2952 αὑτοῦ
636 2924 793 2958 ποιούμενος
807 2921 935 2955 τοῦνομα,

993 2335 1073 2363 quam
1089 2327 1228 2360 lapsurum
1248 2331 1318 2354 esse,
1338 2325 1368 2348 ut
1396 2319 1442 2354 qui
1467 2321 1540 2345 recte
1555 2314 1699 2350 juravcrit.
1717 2313 1776 2339 lau-

991 2359 1122 2400 dabitur:
1135 2371 1167 2398 Et
1182 2371 1240 2397 haec
1261 2368 1418 2401 contingent
1435 2368 1492 2391 tum
1516 2362 1583 2396 regi,
1603 2366 1658 2387 tum
1681 2359 1713 2386 iis
1729 2359 1775 2393 qui

992 2419 1025 2445 de
1044 2419 1103 2453 ipso
1126 2414 1289 2451 juravcrint.
1316 2422 1324 2437 ι
1338 2411 1403 2446 quia
1426 2409 1597 2437 obstructum
1620 2410 1662 2432 est
1685 2413 1715 2431 os
1736 2405 1776 2430 lo-

992 2464 1134 2500 quentium
1151 2462 1254 2496 iniqua.
1268 2468 1277 2484 »
1304 2457 1461 2485 Secundum
1479 2455 1559 2481 aliam
1582 2459 1646 2479 vero
1665 2455 1778 2478 senten-

990 2512 1057 2538 tiam
1075 2509 1235 2542 cumjustus
1247 2506 1379 2532 virtutum
1395 2500 1518 2537 profectu
1532 2502 1629 2525 auctus
1645 2505 1775 2524 consum-

991 2562 1097 2587 matur,
1126 2559 1191 2581 tunc
1213 2552 1312 2587 gaudet
1333 2558 1381 2577 rex
1407 2551 1434 2575 et
1457 2546 1586 2577 exsultat,
1612 2542 1775 2577 Unigenitus

991 2602 1096 2629 scilicet
1112 2600 1159 2627 Dei
1174 2597 1270 2628 Filius,
1297 2595 1370 2622 Patri
1386 2601 1437 2621 suo
1460 2591 1563 2627 gratias
1578 2589 1710 2618 referens,
1729 2587 1774 2621 qui

990 2647 1117 2674 humanae
1135 2648 1239 2671 naturm
1257 2645 1332 2668 tanta
1348 2640 1498 2675 gratiarum
1521 2636 1592 2663 dona
1615 2633 1774 2661 contulerit

991 2693 1070 2720 liunc
1100 2698 1182 2726 porro
1206 2696 1297 2724 regem
1323 2687 1370 2722 qui
1393 2684 1509 2717 noverit,
1527 2683 1642 2717 ejusque
1666 2679 1775 2706 nomine

989 2741 1022 2767 ad
1047 2739 1235 2773 juramentum
1251 2742 1317 2762 usus
1350 2732 1442 2762 fuerit,
1460 2731 1483 2758 is
1507 2737 1572 2757 sane
1598 2727 1671 2755 omni
1694 2724 1774 2751 laude

990 2769 1088 2820 dignus
1107 2782 1258 2812 habeatur;
1279 2782 1373 2814 utpote
1398 2776 1442 2812 qui
1468 2773 1620 2802 edidicerit.
1638 2771 1699 2805 ejus
1717 2769 1771 2795 vir-

989 2816 1046 2856 tute
1061 2829 1164 2863 justum
1179 2828 1413 2855 consummatum,
1430 2825 1456 2849 ct
1470 2828 1500 2848 os
1516 2818 1656 2854 quod'ibet
1673 2816 1773 2863 injust:

990 2859 1074 2899 multa
1092 2870 1234 2906 proferens
1251 2869 1423 2896 obstructum
1439 2865 1534 2892 fuisse.
1562 2860 1675 2888 Etiamsi
1700 2859 1772 2886 enim

991 2921 1133 2953 aliquanto
1153 2920 1279 2951 tempore
1308 2919 1468 2941 concessum
1485 2909 1575 2945 impiis
1592 2908 1653 2939 iuit,
1681 2909 1710 2932 ut
1725 2910 1773 2930 ore
