2041 3215
268 174 323 202 N5

607 172 650 200 EU
656 171 742 199 SEBII
762 170 1001 198 (ZIESAIIIENSIS
1019 170 1059 199 ΟΡ

1117 169 1210 198 PARS
1225 167 1271 196 III.
1295 183 1328 188 -—-
1347 165 1551 194 EXEGETICA.

1844 163 1894 191 616

266 233 370 267 iniusta
387 224 472 259 multa
501 230 666 267 proferrent,
683 234 709 258 et
726 230 886 264 blasphema
900 228 974 256 dicta
989 231 1056 256 co‘n-

1111 227 1207 259 παντδς
1223 226 1321 260 γένοιτ’
1336 225 1369 251 ἂν
1385 225 1496 250 ἐπαίνου
1514 223 1597 255 ἄξιος,
1614 222 1651 254 ὡς
1667 222 1699 248 ἂν
1717 221 1897 257 μεμαθηκὼς·

265 285 306 306 tra
334 278 438 313 justum
465 277 612 313 ipsumque
640 277 725 304 Deam
751 279 924 311 spargerent,
949 279 1054 310 utpote,

265 324 313 359 qui
337 324 410 350 viros
427 323 470 351 sui
496 330 581 349 causa
602 321 695 354 pulsos
713 329 767 347 non
789 321 985 353 ulcisceretur;
1001 319 1056 347 illis

265 378 332 397 sane
349 378 405 397 non
431 370 607 405 permiltetur
621 374 651 394 ut
676 368 709 394 ad
727 368 807 395 linem
828 375 915 402 usque
930 367 994 393 talia
1008 366 1056 393 de-

265 417 419 448 blatereﬁt;
449 415 497 443 sed
523 422 554 442 os
589 414 702 448 impium
737 414 859 448 ipsorum
885 413 1055 445 obstruetur,

265 463 440 497 cessabitque
466 461 511 487 illa
536 464 634 487 contra
659 460 719 494 pios
743 459 868 486 homines
888 459 1054 494 arrogantia,

266 515 328 534 cum
344 509 404 534 illos
418 507 590 534 memoratus
600 505 661 532 linis
681 505 829 540 exceperit.

1106 273 1146 299 ὅτι
1167 272 1200 306 τῇ
1224 269 1306 305 αῦτοῦ
1331 269 1445 304 δυνάμει
1469 269 1515 294 καὶ
1528 270 1542 294 ό
1555 268 1656 298 δίκαιος
1673 266 1816 302 ἐτελειώθη
1827 286 1835 298 ,
1852 266 1899 292 καὶ

1107 318 1162 344 πᾶν
1180 317 1265 352 στόμα
1276 316 1308 342 τὸ
1322 316 1406 342 πολλὰ
1427 315 1523 340 λαλοῦν
1538 314 1617 340 ἄδικα
1630 313 1777 347 ἐνεφράγη.
1795 312 1828 338 Εἰ
1844 311 1899 347 γὰρ

1107 365 1153 391 καὶ
1167 364 1202 390 τὰ
1220 363 1337 399 μάλιστα
1351 361 1438 398 καιρῷ
1455 370 1508 387 τινι
1525 361 1702 395 συνεχωρεῖτο
1716 360 1755 394 τῴ
1767 358 1821 385 τῶν
1834 359 1898 384 ἀσε-

1107 411 1162 438 ϐῶν
1184 411 1298 446 στόματι
1312 409 1401 435 λαλεῖν
1424 408 1504 435 ἄδικα
1522 409 1569 434 καὶ
1593 406 1836 441 καταϐλασφημείν
1853 404 1899 431 τοῦ

1107 457 1223 489 δικαίου,
1237 456 1284 483 καὶ
1304 455 1385 482 αὐτοῦ
1398 454 1444 481 τοῦ
1459 454 1538 486 Θεοῦ,
1563 453 1601 484 ὡς
1617 453 1699 488 μηδὲν
1713 452 1900 488 ἐπαμύνοντος

1111 505 1168 535 τοῖς
1182 502 1215 529 δι’
1227 502 1307 528 αὐτὸν
1318 500 1513 536 ἐλαυνομένοις·
1524 499 1580 526 ἀλλ’
1592 500 1641 525 ούκ
1653 500 1692 530 εἰς
1702 499 1777 530 τέλος
1787 495 1902 524 τοιαῦτα

266 553 355 579 λαλεῖν
373 551 645 588 συγχωρηθήσονται·
661 552 832 587 φραγήσεται
855 551 884 578 δὲ
909 551 999 578 αὐτῶν
1024 550 1055 577 τὸ
1073 550 1170 582 ἀσεϐὲς
1185 549 1282 585 στόμα,
1312 549 1360 574 καὶ
1373 549 1390 583 ἡ
1406 548 1476 574 κατὰ
1491 547 1544 573 τῶν
1577 545 1708 581 θεοφιλῶν
1726 544 1831 580 ἀνδρῶν
1852 553 1901 579 με-

266 599 401 635 γαλαυχία
416 598 599 633 παυθήσεται,
620 598 730 624 ἐπειδὰν
753 597 894 633 καταλάϐῃ
912 597 1011 629 αὐτοὺς
1025 597 1060 623 τὰ
1077 595 1262 633 προλεχθὲντα
1280 595 1356 630 τέλη.

357 656 433 693 I.:IN
448 655 553 683 RINEM
569 655 854 692 PSALMUSLDAV'ID
875 654 965 682 LXIII.

307 714 389 740 Vsus.
407 713 436 745 ‘2,
451 714 480 741 5.
508 723 516 738 ι
531 713 646 745 Exaudi,
676 712 760 745 Deus,
785 712 939 740 orationem
956 719 1056 744 meam,

226 783 228 786 .
267 769 331 788 cum
360 760 510 796 deprecor:
535 768 550 786 a
571 760 670 786 timore
702 759 807 786 inimici
832 759 908 794 eripe
936 759 1057 785 animam

269 814 383 833 meum.»
415 806 538 833 Praesens
555 813 664 841 quoque
679 805 802 841 psalmus
818 805 845 832 in
862 805 943 832 linem
962 805 1057 832 remit-

269 853 313 883 tit,
330 861 384 887 quo
399 853 492 879 bravia
508 860 634 888 superme
651 852 819 880 vocationis.
833 856 860 879 et
876 851 992 886 justitiae
1011 859 1058 878 co-

270 907 362 930 ronas,
378 899 423 934 qui
440 899 540 925 bonum
564 903 704 926 certamen
727 902 912 929 certaverunt,
928 906 943 925 a
959 905 1059 933 magno

269 944 317 971 illo
332 944 494 979 agonotheta
510 943 648 978 accepturi
670 948 743 970 sunt.
770 943 861 975 Quare
876 943 904 969 in
923 942 1056 977 principio

271 989 378 1024 psalmi,
406 988 509 1015 inimici
527 994 554 1015 et
576 988 663 1023 iniqui
680 987 806 1015 homines
834 992 931 1014 contra
950 987 1056 1022 justum

271 1037 443 1070 insurgentes
457 1034 642 1067 inducuntur;
661 1034 687 1061 in
705 1033 758 1061 line
774 1038 865 1061 autem
889 1034 975 1061 totius
997 1041 1056 1061 ser-

270 1082 360 1109 monis
378 1090 453 1116 spem
468 1082 565 1109 bonam
582 1081 709 1116 obsignat
732 1081 774 1108 his
791 1081 893 1112 verbis,
920 1089 930 1106 ι
943 1079 1058 1108 Laetabi-

270 1129 418 1163 turjustus
433 1129 461 1154 in
478 1127 604 1159 Domino,
619 1131 647 1154 et
663 1127 785 1162 sperabit
807 1127 834 1154 in
850 1134 894 1158 eo,
917 1131 944 1154 et
963 1127 1058 1154 lauda-

271 1174 375 1201 buntur
395 1182 492 1201 omnes
515 1174 584 1201 recti
601 1173 711 1200 corde.’
734 1173 828 1200 Talem
858 1173 980 1200 futurum
996 1180 1058 1200 esse

272 1221 353 1247 linem
369 1220 449 1247 docet
463 1227 558 1246 eorum
575 1220 621 1254 qui
646 1227 696 1254 pro
720 1219 828 1254 justitia
853 1222 1057 1246 concertarunt.

270 1265 427 1300 Religiosus
446 1273 511 1293 vero
533 1266 645 1298 athleta,
665 1273 679 1292 a
696 1265 835 1293 sexcentis
855 1265 984 1292 hostibus
1006 1265 1059 1292 ini-

270 1312 405 1346 micisque
428 1312 535 1342 animai,
551 1319 606 1338 non
621 1311 709 1339 solum
723 1310 888 1343 visibilibus,
912 1310 960 1338 sed
977 1310 1058 1338 etiam

270 1357 386 1384 occultis
403 1357 560 1392 impetibus,
586 1357 620 1383 ad
637 1364 720 1383 unum
738 1355 821 1388 Deum
836 1355 970 1391 confugit,
986 1355 1059 1390 ejus-

271 1411 324 1438 que
338 1403 469 1430 auxilium
484 1403 615 1437 postulat,
629 1403 686 1429 hmc
701 1405 806 1429 tantum
827 1410 882 1429 non
900 1402 1058 1436 proferens:

273 1460 283 1476 ε
294 1450 324 1477 Si
339 1449 411 1477 Deus
426 1457 474 1485 pro
489 1449 578 1480 nobis,
592 1450 654 1484 quis
672 1454 767 1476 contra
790 1457 840 1476 nos
848 1449 888 1476 ἐἴ
901 1459 909 1474 ι
923 1449 1061 1482 Quamob-

271 1504 328 1523 rem
348 1496 476 1531 precibus
505 1496 551 1522 dat
571 1503 690 1531 operam,
718 1496 802 1523 Deum
827 1495 960 1523 invocans
976 1499 1002 1522 et
1018 1495 1061 1521 di—

271 1551 355 1570 cens:
374 1542 509 1575 «Exaudi,
533 1542 615 1576 Deus,
630 1542 782 1570 orationem
804 1549 904 1574 meam,
927 1549 990 1568 cum
1012 1541 1060 1568 de-

272 1597 379 1624 precor.
396 1599 405 1614 ι
423 1589 475 1622 Qui
492 1597 556 1616 vero
570 1589 727 1624 hujusmodi
741 1597 794 1616 non
810 1592 863 1621 est,
886 1588 934 1616 sed
958 1588 1059 1616 divinis

272 1636 415 1669 praeceptis
439 1643 493 1661 non
519 1635 698 1669 obtemperat,
719 1638 795 1661 tanta
821 1635 920 1662 liducia
945 1634 983 1661 uti
1006 1642 1059 1661 non

273 1682 362 1707 valet:
383 1688 435 1715 qua
463 1688 592 1707 mensura
610 1681 683 1707 enim
704 1681 843 1710 metimur,
859 1681 954 1708 eadem
972 1677 1061 1708 reme?

273 1726 356 1753 tietur
372 1726 460 1753 nobis.
484 1725 657 1760 Quapropter
676 1725 703 1752 in
726 1725 880 1753 Proverbiis
903 1726 960 1753 hare
983 1725 1062 1752 inob-

273 1773 452 1807 sequentibus
474 1771 520 1798 Dei
546 1771 684 1807 Sapientia
707 1772 810 1799 edicit:
839 1771 931 1804 «Quia
954 1771 1060 1804 vocavi,

272 1822 300 1845 et
314 1826 368 1845 non
391 1817 537 1849 obcdistis,
560 1817 669 1844 extendi
692 1824 846 1849 sermones,
862 1821 889 1844 et
904 1824 959 1843 non
973 1820 1062 1843 atten-

272 1866 368 1898 distis;
389 1864 436 1892 sed
453 1865 531 1891 irrita
556 1864 661 1891 fecistis
686 1863 800 1891 consilia
822 1871 891 1896 mea,
919 1863 1062 1898 praeceptis

272 1916 362 1939 autem
378 1912 446 1939 meis
464 1919 517 1938 non
535 1910 755 1946 obtemperastis.
775 1909 869 1945 Itaque
885 1918 937 1945 ego
951 1917 1062 1945 quoque

272 1958 299 1984 in
317 1958 429 1985 interitu
447 1962 538 1985 vestro
552 1957 702 1984 ridebo".r
725 1956 782 1984 Erit
797 1957 868 1984 enim
886 1960 992 1991 tempus
1007 1964 1062 1991 quo

273 2005 439 2031 invocamus
455 2012 508 2036 me,
535 2009 560 2030 et
580 2011 630 2038 ego
652 2011 708 2030 non
735 2003 892 2030 exaudiam.
921 2003 950 2030 Si
979 2003 1062 2038 igitur

272 2050 398 2077 exaudiri
416 2051 545 2077 volumus
563 2057 625 2076 cum
650 2049 810 2077 invocamus
828 2049 924 2081 Deum,
941 2049 1060 2084 idipsum

273 2104 324 2124 nos
355 2096 458 2123 divinis
495 2097 638 2131 praeceptis
667 2097 889 2131 obtemperantes
915 2096 1060 2122 faciamus.

273 2141 351 2168 Tunc
368 2142 442 2168 enim
458 2143 543 2168 multa
558 2149 620 2168 cum
639 2141 738 2168 ﬁducia
760 2149 811 2169 nos
826 2149 934 2176 quoque
948 2141 1004 2169 Deo
1018 2141 1061 2169 di—

273 2195 335 2214 cere
352 2187 503 2222 poterimus
517 2195 524 2214 :
544 2195 553 2212 ι
569 2185 683 2218 Exaudi,
701 2185 784 2219 Deus,
800 2187 954 2214 orationem
972 2195 1062 2214 meam

271 2240 334 2260 cum
350 2233 493 2267 deprecor.
508 2241 516 2257 ι
527 2231 598 2264 Quid
612 2235 702 2258 autem
717 2233 813 2259 beatus
827 2231 912 2258 David
928 2233 1061 2267 precaba-

1174 654 1227 680 ΕΙΣ
1245 654 1289 679 ΤΟ
1308 653 1417 680 ΤΕΛΟΣ
1435 652 1580 679 ΨΑΛΜΟΣ
1599 651 1644 686 Τῼ
1661 650 1759 677 ΔᾹΥΙΔ
1779 649 1838 676 EI".

1148 720 1158 736 ι
1173 710 1337 737 Εἰσάκουσον
1348 730 1355 742 ,
1377 710 1391 736 ό
1405 709 1488 742 Θεὸς,
1503 708 1656 744 προσευχῆς
1673 716 1723 742 μου
1751 708 1780 733 ὲν
1804 706 1844 742 τῷ
1859 706 1904 732 δέ·-

1110 758 1188 785 έσθαί
1204 766 1237 793 με
1247 778 1254 789 ,
1268 757 1322 784 ἀπὸ
1336 757 1418 791 φόϐου
1432 755 1530 792 ἐχθροῦ
1542 755 1631 789 ἐξέλου
1645 755 1693 790 τὴν
1703 754 1792 789 ψυχήν
1809 762 1872 788 μου.
1891 763 1900 778 ι

1111 804 1166 831 Καὶ
1180 805 1194 830 ό
1212 803 1307 839 παρὼν
1319 803 1426 838 suum;
1443 803 1484 834 εἰς
1499 802 1530 828 τὸ
1543 801 1619 832 τέλος
1639 800 1813 835 ἀναπέμπει·
1832 800 1861 825 ἐν
1881 795 1904 832 ᾧ

1110 850 1145 877 τὰ
1167 850 1280 886 βραϐεῖα
1293 850 1342 885 τῆς
1359 850 1414 876 ἅνω
1430 849 1554 885 κλήσεως
1566 867 1574 880 ,
1593 848 1638 875 καὶ
1653 848 1716 878 τοὺς
1737 847 1785 882 τῆς
1798 845 1904 872 δικαιο-

1111 896 1194 932 σύνης
1210 896 1356 930 στεφάνους
1367 897 1390 922 οἱ
1401 896 1447 922 τὸν
1463 895 1556 929 ἀγῶνα
1569 894 1614 920 τὸν
1628 893 1709 920 καλὸν
1720 892 1904 928 διηγωνισμέ-

1109 951 1150 969 νοι
1180 942 1256 978 παρὰ
1270 941 1317 968 τοῦ
1333 941 1450 977 μεγάλου
1465 940 1596 975 λήψονται
1609 939 1788 974 ἀγωνοθέτου.
1806 939 1853 964 Διὺ
1869 938 1903 965 τὰ

1110 988 1160 1024 μὲν
1184 988 1280 1024 πρῶτα
1301 987 1347 1014 τοῦ
1369 987 1476 1023 ψαλμοῦ
1498 987 1613 1023 ἐχθροὺς
1628 987 1732 1021 εἰσάγει
1754 987 1802 1013 καὶ
1820 994 1904 1021 πονη-

1111 1033 1274 1069 ρευομένους
1288 1032 1520 1067 ἐπανισταμένους
1535 1031 1574 1067 τῷ
1586 1032 1683 1066 δικαίῳ
1694 1040 1700 1046 ·
1715 1032 1743 1057 ὲν
1759 1032 1788 1058 δὲ
1803 1031 1843 1066 τῷ
1859 1031 1905 1058 τέ-

1108 1079 1149 1106 λει
1165 1079 1213 1106 τοῦ
1227 1079 1328 1110 παντὸς
1341 1078 1421 1114 λόγου
1435 1078 1558 1113 χρηστὰς
1572 1077 1682 1109 ἐλπίδας
1702 1077 1901 1113 ἐπισφραγίξε-

1109 1134 1154 1151 ται
1169 1125 1272 1159 λέγων·
1289 1134 1298 1150 ι
1317 1124 1542 1159 Εὐφρανθήσεται
1570 1123 1673 1155 δίκαιος
1692 1124 1720 1149 ἐν
1734 1124 1773 1158 τῷ
1789 1125 1903 1160 Κυρίῳ,

1110 1171 1157 1197 καὶ
1180 1171 1270 1197 ὲλπιεῖ
1290 1171 1332 1196 ἐπ’
1345 1170 1426 1197 αὐτόν
1436 1178 1442 1184 ·
1459 1169 1506 1195 καὶ
1522 1169 1745 1204 ἐπαινεθήσονται
1763 1169 1865 1200 πάντες
1880 1170 1905 1195 οἱ

1109 1216 1197 1248 εὐθεῖς
1212 1217 1245 1252 τῇ
1262 1216 1369 1251 καρδίᾳ.
1387 1226 1396 1240 ι
1411 1215 1531 1242 Τοιαῦτα
1549 1215 1583 1241 τὰ
1597 1215 1661 1250 τέλη
1676 1215 1730 1241 τῶν
1744 1216 1815 1251 ὑπὲρ
1828 1216 1907 1241 εύσεα

1110 1262 1393 1297 ϐειαςὴγωνισμένων
1405 1260 1475 1289 εἷναι
1491 1261 1622 1289 διδάσκει.
1638 1262 1668 1288 Ὁ
1682 1262 1714 1296 γέ
1729 1270 1768 1288 τοι
1780 1262 1831 1297 τῆς
1844 1261 1905 1288 θεοη

1111 1309 1217 1341 σεϐεἱας
1224 1309 1353 1345 ἀθλητὴς,
1364 1309 1476 1344 μυρίους
1490 1309 1560 1344 ἔχων
1571 1308 1684 1344 ἐχθροὺς
1695 1309 1743 1335 καὶ
1755 1308 1906 1343 πολεμίους

1110 1356 1161 1391 τῆς
1179 1355 1262 1382 αὑτοῦ
1274 1355 1373 1390 ψυχῆς,
1389 1355 1440 1390 οὺχ
1450 1355 1565 1390 ὁρατοὺς
1585 1355 1675 1390 μόνον,
1691 1354 1759 1381 ἀλλὰ
1773 1355 1822 1380 καὶ
1835 1355 1906 1389 ἀφα-

1111 1404 1183 1434 νεῖς,
1210 1402 1283 1438 μόνῳ
1299 1401 1467 1437 προσφεύγει
1488 1401 1527 1436 τῷ
1545 1401 1604 1436 θεῷ
1620 1401 1667 1427 καὶ
1678 1402 1727 1436 τὴν
1742 1401 1807 1436 παρ’
1821 1401 1906 1427 αὑτοῦ

1113 1448 1237 1484 βοήθειαν
1251 1449 1322 1476 αἰτεῖ
1333 1468 1340 1480 ,
1357 1447 1498 1483 μονονουχὶ
1514 1447 1600 1481 λέγων
1611 1456 1617 1461 ·
1638 1457 1647 1473 ι
1663 1447 1695 1473 Εἰ
1715 1448 1729 1473 ὁ
1746 1447 1812 1478 Θεὸς
1835 1447 1907 1482 ὑπὲρ

1112 1495 1206 1531 ἡμῶν,
1229 1496 1272 1527 τίς
1299 1495 1360 1522 καθ’
1377 1495 1455 1531 ἡμῶν
1469 1503 1476 1527 ;
1493 1505 1501 1520 ι
1519 1495 1565 1521 Διὸ
1581 1496 1643 1526 ταῖς
1659 1495 1754 1530 εὐχαῖς
1779 1494 1906 1530 σχολάζει

1111 1541 1156 1567 τὸν
1172 1541 1239 1568 Θεὸν
1253 1540 1473 1575 ἀνακαλούμενος
1489 1540 1535 1566 καὶ
1549 1540 1650 1574 λέγων·
1671 1549 1681 1565 ι
1697 1539 1876 1570 Εἰσάκουσον,
1891 1541 1907 1566 ὸ

1111 1586 1194 1618 Θεὸς.
1217 1586 1372 1621 προσευχῆς
1387 1594 1438 1620 μου
1452 1587 1480 1612 ὲν
1503 1585 1542 1620 τῷ
1557 1585 1664 1612 δέεσθαι
1683 1594 1726 1620 με.
1748 1596 1757 1611 ι
1780 1586 1809 1612 '0
1825 1585 1853 1611 δὲ
1870 1585 1907 1620 μὴ

1111 1633 1231 1665 τοιοῦτος
1242 1653 1249 1664 ,
1264 1632 1428 1668 παρακούων
1444 1632 1473 1658 δὲ
1488 1631 1542 1658 τῶν
1557 1632 1604 1658 τοῦ
1626 1632 1694 1658 Θεοῦ
1710 1632 1905 1667 παραγγελμα-

1111 1687 1175 1711 των,
1188 1679 1238 1705 οὐκ
1254 1679 1286 1705 ἂν
1300 1678 1409 1704 δύναιτο
1429 1676 1548 1713 χρῆσθαι
1562 1678 1595 1712 τῇ
1611 1676 1729 1711 τοσαύτῃ
1746 1678 1904 1712 παρρησία·

1110 1721 1132 1757 ᾧ
1143 1724 1198 1759 γὰρ
1212 1723 1302 1759 μέτρῳ
1319 1722 1472 1759 μετροῦμεν
1489 1722 1695 1758 ἁντιμετρεῖται
1711 1723 1787 1757 ἡμῖν.
1806 1718 1908 1757 Διόπερ

1111 1771 1140 1797 ὲν
1154 1769 1318 1804 Παροιμίαις
1338 1770 1355 1804 ἡ
1369 1768 1416 1795 τοῦ
1434 1768 1501 1795 Θεοῦ
1521 1768 1601 1803 σοφία
1617 1768 1684 1804 πρὸς
1705 1769 1766 1800 τοὺς
1783 1769 1906 1800 ἀπειθεῖς

1112 1815 1283 1843 ἀποτείνεται
1306 1815 1439 1849 λέγουσα·
1461 1824 1470 1840 ι
1492 1814 1562 1840 Ἀνθ’
1584 1811 1622 1841 ὧν
1640 1814 1764 1845 ἐκάλουν,
1791 1815 1840 1841 καὶ
1858 1816 1906 1849 οὐχ

1112 1861 1295 1896 ὑπηκούσατε,
1310 1861 1356 1888 καὶ
1371 1860 1504 1894 ὲξέτεινον
1515 1860 1622 1895 λόγους,
1634 1861 1681 1888 καὶ
1694 1861 1723 1886 οὺ
1736 1861 1904 1896 προσείχετε·

1112 1907 1170 1934 ἀλλ’
1191 1907 1311 1943 ἀκύρους
1337 1908 1455 1933 ἐποιεῖτε
1476 1907 1528 1938 τὰς
1551 1907 1621 1942 ἐμὰς
1646 1906 1763 1942 βουλὰς,
1793 1909 1854 1939 ταῖς
1879 1907 1906 1933 δὲ

1113 1955 1192 1990 ὲμαῖς
1212 1954 1331 1986 ἐντολαῖς
1350 1954 1379 1980 οὺ
1405 1954 1575 1990 προσείχετε.
1597 1954 1748 1989 Τοιγαροῦν
1769 1954 1848 1988 κάγὼ
1873 1956 1906 1990 τῇ

1112 2000 1234 2036 ὑμετέρᾳ
1257 2000 1380 2035 ἀπωλείᾳ
1399 2000 1606 2036 ὲπιγελάσομαι.
1628 2010 1637 2026 ι
1663 2001 1760 2027 Ἔσται
1786 2000 1841 2035 γὰρ
1863 2001 1905 2026 ὅτε

1112 2047 1307 2075 ἐπικαλέσεσθὲ
1320 2056 1364 2083 με,
1377 2047 1432 2082 ἐγὼ
1448 2048 1476 2074 δὲ
1489 2049 1538 2074 οὐκ
1551 2047 1755 2082 εἰσακούσομαι.
1769 2048 1801 2074 Εἰ
1816 2048 1905 2074 τοίνυν

1113 2086 1302 2120 εἰσακούεσθαι
1318 2093 1467 2130 βουλόμεθα
1484 2095 1513 2124 ὲν
1529 2091 1569 2126 οἷς
1584 2094 1699 2129 δεόμεθα
1709 2093 1756 2120 τοῦ
1769 2094 1850 2127 Θεοῦ,
1860 2095 1905 2121 καὶ

1115 2141 1191 2167 αὐτοὶ
1207 2140 1286 2167 τοῦτο
1299 2141 1463 2176 πράττωμεν
1478 2142 1533 2172 τοῖς
1550 2141 1596 2167 τοῦ
1607 2140 1674 2167 Θεοῦ
1690 2141 1906 2177 παραγγέλμασι

1113 2187 1291 2219 καταπειθεῖς
1304 2187 1470 2223 γιγνόμενοι.
1488 2187 1554 2214 Τότε
1569 2187 1624 2224 γὰρ
1638 2188 1685 2214 σὺν
1700 2188 1784 2223 πολλῇ
1803 2189 1905 2224 παρρη-

1115 2235 1160 2270 σίᾳ
1173 2235 1220 2261 καὶ
1235 2234 1310 2261 αὐτοὶ
1327 2234 1410 2268 φάναι
1423 2234 1595 2270 δυνησόμεθα
1608 2233 1647 2269 τῷ
1658 2233 1717 2269 Θεῷ
1730 2243 1736 2249 ·
1752 2244 1760 2260 ι
1775 2235 1904 2262 Εἰσάκου-

272 2283 317 2306 tur
342 2279 434 2314 (illius
465 2285 592 2313 namque,
617 2281 647 2304 ut
667 2278 785 2308 aestimo,
811 2278 894 2305 verba
924 2283 1008 2312 sunt,
1025 2287 1059 2307 eo

1113 2290 1174 2312 σον.
1186 2283 1200 2307 ό
1211 2281 1277 2313 Θεὸς
1288 2301 1294 2312 ,
1309 2281 1358 2316 τῆς
1376 2281 1530 2316 προσευχῆς
1545 2289 1595 2316 μου
1614 2281 1643 2306 ὲν
1656 2281 1694 2315 τῷ
1710 2281 1817 2308 ὀέεσθαί
1833 2291 1876 2317 με.
1893 2292 1902 2307 ν

273 2329 394 2360 tempore
411 2324 518 2359 prolata
534 2331 589 2358 quo
610 2331 623 2350 a
641 2322 724 2350 Saule
738 2328 765 2351 et
782 2324 930 2352 comitibus
944 2325 1005 2358 ejus
1021 2325 1061 2352 l'u-

273 2371 394 2406 giebat),
427 2374 458 2397 ut
473 2370 565 2397 anima
594 2370 681 2405 ipsius
698 2377 712 2396 a
731 2370 829 2397 timore
846 2370 949 2397 inimici
972 2372 1061 2406 eripe-

273 2423 358 2448 retur,
376 2425 430 2444 non
447 2421 538 2444 autem
551 2421 581 2443 ut
598 2417 726 2443 inimicos
750 2424 805 2443 non
822 2416 945 2447 haberet,
965 2421 1012 2443 aut
1031 2421 1060 2444 ut

273 2464 388 2490 consilia
411 2471 507 2490 eorum
529 2462 756 2496 elilninarenlur;
785 2463 833 2490 sed
857 2463 953 2500 anima.
973 2463 1061 2497 ipsius

273 2510 460 2544 imperterrita
475 2514 501 2536 et
517 2509 653 2544 intrepida
665 2513 807 2542 maneret;
826 2513 856 2536 ut
880 2509 1062 2544 imperturba-

273 2561 330 2583 tum
359 2562 458 2590 gerens
483 2555 617 2586 animum,
639 2555 698 2589 ipse
712 2554 827 2589 perinde
855 2559 936 2590 atque
958 2554 1060 2582 Paulus

273 2603 394 2630 diceret:
417 2610 426 2626 ι
440 2600 468 2627 In
493 2601 622 2628 omnibus
639 2600 844 2628 tribulationem
863 2601 994 2636 patimur,
1013 2601 1062 2628 sed

272 2657 327 2676 non
345 2648 551 2683 augustiamur;
568 2647 785 2681 persecutionem
800 2647 929 2682 patimur,
943 2647 990 2676 sed
1007 2656 1064 2675 non

273 2695 509 2730 derelinquimur;
531 2694 687 2728 dejicimur.
714 2693 762 2721 sed
792 2699 847 2721 non
876 2694 998 2729 perimus
1009 2694 1060 2721 ⁸⁸.)

273 2742 337 2769 Ihec
352 2749 416 2768 eum
433 2739 487 2767 Deo
502 2739 606 2767 diceret
629 2739 724 2771 David,
749 2747 804 2767 non
828 2744 888 2767 erat
915 2740 1063 2767 beneﬁcio-

272 2795 345 2818 rum,
361 2794 422 2821 qua:
441 2785 492 2813 sibi
517 2785 621 2820 pridem
638 2786 737 2813 collata
763 2785 882 2817 fuerant,
905 2785 1059 2813 immemor.

273 2836 362 2867 Quare
381 2835 414 2861 de
436 2833 581 2869 praateritis
605 2834 707 2868 gratias
731 2841 824 2868 agens,
850 2833 952 2860 infert:
973 2842 981 2857 ι
995 2832 1059 2859 Pro-

306 2913 331 2931 "
346 2912 424 2940 Rom.
443 2920 504 2944 vin,
516 2912 560 2939 3i.
599 2913 620 2928 ’⁷
636 2911 717 2939 Prov.
734 2920 754 2944 l,
767 2911 864 2938 ιιι-εις.

1114 2327 1146 2353 Τί
1165 2327 1193 2353 δὲ
1211 2327 1295 2353 ἐδεῖτο
1317 2328 1331 2353 ὁ
1355 2327 1488 2362 μακάριος
1502 2327 1600 2358 Δαυῖδ;
1618 2326 1710 2360 (αὑτοῦ
1726 2327 1780 2362 γάρ
1795 2328 1864 2354 εἰσιν
1881 2329 1903 2353 οἱ

1113 2372 1200 2407 λόγοι,
1219 2373 1257 2404 ὡς
1274 2372 1366 2408 οἶμαι,
1380 2372 1451 2399 κατὰ
1466 2373 1529 2404 τοὺς
1543 2372 1655 2408 χρόνους
1669 2373 1829 2408 εἰρημένοι,
1845 2373 1905 2400 καθ’

1114 2418 1159 2450 οὓς
1178 2419 1223 2446 τὸν
1243 2419 1328 2445 Σαοὺλ
1341 2418 1439 2453 ἔφευγε
1457 2419 1503 2445 καὶ
1525 2419 1587 2450 τοὺς
1602 2418 1651 2444 σὺν
1665 2419 1740 2454 αὺτῷ
1753 2428 1760 2434 ο
1771 2419 1779 2452 )
1791 2419 1841 2454 τὴν
1855 2419 1904 2454 ψυ-

1115 2464 1167 2500 χὴν
1182 2465 1265 2490 αὐτοῦ
1287 2465 1418 2500 ῥυσθῆναι
1433 2465 1490 2491 ἀπὸ
1501 2465 1584 2500 φόϐου
1598 2465 1696 2500 ἐχθροῦ
1707 2485 1714 2496 ,
1728 2466 1778 2491 οὐκ
1793 2465 1905 2501 ἐχθροὺς

1117 2510 1154 2546 μὴ
1167 2510 1238 2545 ἔχειν
1248 2531 1254 2542 ,
1274 2510 1333 2536 οὐδὲ
1346 2510 1394 2541 τὰς
1410 2511 1523 2537 ἐκείνων
1538 2511 1758 2546 ἀποκρουσθῆναι
1776 2511 1904 2547 προαιρὲ-

1116 2564 1187 2587 σεις’
1201 2556 1250 2592 τὴν
1260 2556 1288 2582 δὲ
1303 2556 1384 2583 αὑτοῦ
1401 2556 1491 2592 ψυχὴν
1506 2557 1623 2592 ἄτρομον
1634 2557 1681 2584 καὶ
1700 2557 1848 2593 ἁπτόητον,
1859 2558 1905 2583 καὶ

1113 2601 1214 2636 ἄφοϐον
1229 2602 1425 2638 διατηρεῖσθαι,
1437 2604 1521 2635 ὅπως,
1535 2604 1564 2629 ἐν
1579 2603 1632 2635 ἕξει
1646 2603 1790 2637 γενόμενος
1805 2604 1903 2638 ἀταρα-

1115 2648 1183 2680 ξίας,
1198 2649 1265 2686 λέγῃ
1278 2650 1324 2676 καὶ
1340 2649 1419 2680 αὐτος
1435 2650 1536 2684 ὁμοίως
1550 2649 1648 2684 Παύλῳ
1659 2658 1666 2664 ·
1675 2659 1683 2674 ι
1696 2649 1740 2676 Ἑν
1759 2650 1840 2676 παντὶ
1850 2649 1901 2675 θλι-

1113 2695 1222 2730 ϐόμενοι
1235 2717 1242 2727 ,
1257 2696 1313 2722 ἀλλ’
1329 2696 1360 2722 οὐ
1376 2695 1641 2731 στενοχωρούμενοι·
1659 2695 1829 2732 διωκόμενοι,
1848 2696 1898 2722 ἀλλ’

1116 2742 1166 2768 οὐκ
1186 2742 1463 2777 ἐγκαταλειπόμενοι*
1490 2742 1740 2777 καταϐαλλόμενοι,
1773 2742 1831 2769 ἀλλ’
1856 2742 1902 2768 οὐ).

1114 2787 1304 2823 ἀπολλύμενοι.
1313 2798 1321 2812 ι
1333 2788 1425 2821 Λέγων
1434 2788 1461 2814 δὲ
1475 2789 1560 2814 ταῦτα
1569 2788 1637 2823 πρὸς
1644 2788 1689 2814 τὸν
1702 2788 1769 2814 θεὸν
1787 2789 1801 2814 ό
1814 2787 1900 2819 Δαυῖδ,

1111 2833 1160 2859 οὐκ
1191 2834 1340 2869 ἠμνημόνει
1372 2834 1427 2860 τῶν
1453 2834 1505 2869 ἥδη
1527 2834 1659 2869 πρότερον
1687 2835 1727 2866 εἰς
1753 2834 1836 2860 αὐτὸν
1857 2841 1897 2868 γε·

920 2912 942 2928 ”
957 2911 978 2937 ll
995 2911 1056 2939 Cor.
1070 2920 1106 2944 Iv,
1122 2912 1149 2945 8,
1168 2913 1194 2939 9.
