2041 3215
158 189 210 219 Ol'l

760 195 1012 225 COMMENTARIA
1032 199 1066 226 IN
1086 200 1255 230 PSALHOS.

1288 166 1348 206 5'5

1735 214 1787 240 MS

157 248 278 284 νομένων
289 247 463 285 ευεργεσιῶν.
482 248 528 276 Διὸ
547 248 717 285 εὐχαριστῶν
731 252 778 279 ἐπὶ
797 255 853 285 τοῖς
876 262 947 290 παρ-

999 257 1089 284 texisti
1115 265 1158 286 me
1186 266 1201 285 a
1223 265 1360 289 conventu
1379 265 1599 299 maziguantium,
1627 275 1641 293 a
1665 270 1789 298 multitu-

156 295 303 330 (μχηκόσιν.
318 294 448 329 ἐπιλέγειο
465 304 473 320 ι
486 295 655 328 Ἐσκέπασάς
674 306 707 332 με
722 299 776 325 ἀπὸ
793 300 947 336 συστροφῆς

156 340 392 376 πονηρευομένων,
405 340 459 366 ἀπὸ
476 340 594 376 πλήθους
609 342 799 378 ἐργαζομένων
813 345 943 372 ἀδικίαν.ι

158 384 227 420 Ἤδη
249 384 304 420 γὰρ
324 387 421 421 πεῖραν
435 385 553 420 εἰληφὼς
570 386 625 413 τῶν
644 387 805 422 φθασάντων
821 391 861 422 είς
879 390 945 426 ἐμὲ.

155 429 254 457 οὔποτε
269 430 356 466 λήθην
369 431 458 457 αὐτῶν
481 432 647 467 ποιήσασθαι
662 432 795 470 δύναμαι·
812 436 903 472 φέρων
918 437 946 462 δὲ

155 475 226 502 αὐτὰ
242 475 287 502 διὰ
301 475 401 507 παντὸς
418 476 447 503 ὲν
463 476 558 512 μνήμῃ
568 496 577 509 ,
599 478 759 514 εὐχάριστος
773 482 860 509 εἰσαεὶ
880 490 946 517 τυγ-

153 521 239 557 χάνω.
257 522 351 557 Ὅμως
371 522 399 548 δὲ
419 522 466 549 καὶ
492 521 539 549 νῦν
554 523 605 558 τῆς
621 524 707 560 αὐτῆς
721 525 789 558 ἀξιῶ
805 527 882 563 παρὰ
898 528 945 554 σοῦ

155 567 281 603 βοηθείας
297 569 399 603 τυχεῖν.
420 568 498 595 Κατὰ
511 568 539 594 δὲ
555 570 618 601 τοὺς
633 570 743 603 λοιποὺς
759 573 944 608 ἑρμηνευτὰς,

155 614 206 649 μία
221 614 269 640 καὶ
283 615 298 649 ἠ
315 614 383 650 αὺτή
398 614 569 649 πεφύλακται
581 615 628 642 τοῦ
642 616 720 650 λόγου
738 614 867 653 ἐγκλησις
877 639 885 651 ,
899 620 946 646 καὶ

155 659 205 695 μία
227 660 328 686 διάνοια
344 659 398 686 τῶν
419 660 587 696 εἰρημένων·
605 661 644 688 διὸ
660 661 783 689 λέλεκται
805 664 876 690 κατὰ
900 663 946 690 τὸν

154 705 319 740 Σύμμαχον·
338 715 347 730 ι
363 705 545 738 Είσάκουσον,
571 707 585 733 ό
607 706 689 739 Θεὸς,
710 708 761 743 τῆς
778 708 870 744 φωνῆς
894 717 945 744 μου

153 749 384 786 προσλαλοῦντος,
401 751 455 777 ἀπὸ
471 750 627 786 ἐκπλήξεως
647 753 744 789 ἐχθροῦ
767 754 946 789 πριφράεεις

152 795 202 832 τήν
217 795 290 831 ζωήν
302 805 354 831 μου
365 805 371 811 ·
389 796 503 832 κρύψεις
521 806 554 832 με
578 798 632 824 ἀπὸ
652 799 812 833 συσκέψεων
826 800 944 836 κακούρ-

150 850 218 876 γων,
238 842 292 878 ἀπὸ
307 842 451 877 κυκήσεως
465 842 657 878 ἐργαζομένων
672 844 789 872 ἀδικίαν.
805 854 814 870 ι
833 845 870 872 Οὐ
891 845 945 881 γὰρ

150 886 190 920 ὡς
205 889 269 924 περὶ
285 889 489 924 παρῳχηκότων
499 909 506 920 ,
524 889 582 915 ἀλλ’
599 890 637 921 ὡς
653 890 717 926 περὶ
741 891 892 926 μελλόντων
910 891 944 918 τὰ

150 933 201 961 ὅλα
226 933 351 969 είρηται,
375 935 422 962 καὶ
447 934 517 961 κατὰ
541 936 604 966 τοὺς
632 935 742 967 λοιποὺς
772 935 944 972 ἑρμηνευτὰς
960 936 980 964 Β

149 977 261 1013 ὁμοίως.

189 1045 199 1061 ι
212 1035 318 1068 Οῖτινες
331 1037 469 1072 ἠκόνησαν
484 1038 522 1070 ὼς
535 1037 673 1074 ῥομφαίας
687 1037 737 1070 τὰς
753 1037 877 1072 γλώσσας
893 1038 943 1066 αὺ-

148 1081 215 1113 τῶν,
229 1083 363 1113 ἐνέτειναν
376 1084 452 1117 τόξον
472 1085 588 1121 πρᾶγμα
599 1085 708 1120 πικρὸν,
721 1084 767 1111 τοῦ
779 1085 943 1118 κατατοξεῦ-

150 1135 196 1154 σαι
212 1128 242 1154 ἐν
257 1128 427 1164 ἁποκρύφοις
444 1130 568 1165 ἄμωμον.
589 1130 720 1162 Ἐξάπινα
731 1130 943 1164 κατατοξεύσαν-

149 1180 193 1199 σιν
205 1173 296 1206 αὐτὸν,
306 1174 353 1200 κα)⁵
364 1174 395 1201 οὐ
408 1175 620 1210 φοϐηθήσονται.
639 1185 648 1201 ι
661 1176 692 1202 Εἰ
710 1176 757 1202 καὶ
772 1176 875 1211 προῆγε
887 1178 943 1208 τοῖς

147 1218 256 1253 χρόνοις
270 1219 310 1250 είς
319 1219 369 1254 τὴν
388 1221 521 1255 σωτήριον
535 1221 681 1256 ἐπιδημίαν
693 1222 707 1248 ὁ
721 1221 812 1253 Δαυῒδ,
824 1221 881 1248 ἀλλ’
892 1222 942 1248 οὐκ

147 1264 240 1299 ἠγνόει
254 1265 286 1291 τὰ
300 1265 464 1300 εὐαγγελικὰ
480 1266 630 1302 μαθήματα
650 1267 716 1303 θείῳ
733 1267 873 1303 Πνεύματι
896 1276 943 1302 με-

149 1311 369 1348 μαθητευμένος·
384 1313 442 1348 ᾔδει
460 1313 488 1340 δὲ
509 1311 538 1339 εὖ
564 1313 637 1349 μάλα
649 1313 680 1339 τὸ
697 1314 831 1349 σωτήριον
852 1313 942 1348 λόγιον

146 1356 179 1382 τὸ
188 1357 278 1392 φῆσαν
287 1366 293 1371 ·
310 1367 319 1383 ι
333 1358 378 1394 Μὴ
390 1358 526 1394 φοὸηθῆτε
539 1359 593 1386 ἀπὸ
609 1359 664 1385 τῶν
681 1359 896 1386 ἀποκτεινόντων
910 1360 941 1386 τὸ

148 1402 239 1438 σῶμα,
253 1403 303 1437 τὴν
315 1403 344 1430 δὲ
360 1403 449 1439 ψυχὴν
465 1404 502 1439 μὴ
515 1404 674 1439 δυναμένων
687 1405 849 1431 ἀποκτεῖναι
859 1412 867 1420 ·
876 1416 885 1430 ι
899 1405 941 1432 διὸ

146 1448 198 1474 οὐκ
212 1448 316 1482 ἠγωνία
333 1449 533 1484 στρατιωτικῆς
555 1449 735 1485 παρατάξεως
749 1449 864 1484 πληθὺν,
882 1450 941 1477 οὐδὲ

147 1493 211 1525 τοὺς
223 1494 399 1529 παντευχίαις
412 1495 460 1521 καὶ
472 1495 566 1530 δόρασι
584 1495 842 1531 παραταπομένσυς
854 1504 859 1509 “
872 1495 942 1522 ἀλλὰ

145 1539 249 1567 τούτων
265 1540 314 1575 μὲν
329 1540 506 1576 κατεφρόνει.
521 1540 558 1571 ὡς
578 1540 611 1567 ἂν
624 1540 671 1567 τὸν
692 1540 819 1567 τοσοῦτον
844 1540 940 1567 Γολιὰδ

146 1586 253 1622 ἀκμητὶ
268 1586 315 1613 καὶ
329 1586 456 1621 ἀνιδρωτὶ
468 1585 630 1613 καταϐαλών
641 1594 647 1600 ·
664 1586 785 1618 ἐκείνους
795 1585 824 1613 δὲ
834 1586 939 1622 ἠγωνία
952 1606 973 1635 C

144 1631 192 1664 οὓς
207 1632 329 1667 ᾐνίττετο
342 1631 387 1658 διὰ
403 1631 458 1658 τῶν
473 1631 663 1667 προκειμένων
681 1631 768 1665 λέγων
778 1639 784 1646 ·
805 1641 816 1656 ι
833 1631 938 1662 Οίτινες

143 1677 282 1714 ἠκόνησαν
295 1678 333 1709 ὡς
345 1677 482 1714 ῥομφαίαν
491 1678 542 1709 τὰς
552 1676 677 1711 γλώσσας
690 1677 791 1709 αὐτῶν,
803 1676 937 1707 ἐνέτειναν

144 1723 222 1756 τόξον
246 1724 362 1759 πρᾶγμα
387 1723 495 1758 πικρόν.
521 1732 531 1749 ι
561 1723 642 1759 Ὁρᾷς
664 1723 762 1750 ὁποίαν
790 1722 938 1758 διαγράφει

145 1768 298 1796 πανοπλίαν
316 1768 438 1804 ὲχθρῶν;
456 1768 510 1796 Καὶ
533 1769 562 1795 ὲν
577 1769 634 1800 τοῖς
657 1768 811 1803 ἔμπροσθεν
833 1767 862 1794 δὲ
882 1768 940 1794 ἑλέ-

144 1822 225 1848 γετο·
248 1824 258 1841 ι
277 1815 338 1841 Υἱοὶ
356 1814 522 1850 ἀνθρώπων,
553 1815 578 1841 οἱ
605 1814 711 1846 ὀδόντες
738 1813 830 1840 αὐτῶν
856 1814 938 1841 ὅπλον

144 1861 192 1886 καὶ
217 1860 292 1896 βέλη,
321 1861 368 1887 καὶ
392 1862 408 1896 ἡ
434 1860 545 1894 γλῶσσα
571 1859 661 1887 αὐτῶν
683 1860 806 1895 μάχαιρα
826 1859 910 1892 ὀξεῖα.
926 1869 935 1886 ι

143 1905 237 1932 Ταῦτα
254 1905 283 1932 δὲ
298 1906 506 1941 ἀναγέγραπται
523 1905 654 1941 εἰρηκὼς,
673 1915 682 1931 ι
697 1906 779 1932 ὁπότε
793 1905 938 1941 ἀπεδίδρα-

146 1960 210 1978 σκεν
230 1952 283 1978 ἀπὸ
306 1952 453 1988 προσώπου
471 1951 556 1979 Σαοὺλ
578 1952 617 1983 εἰς
633 1952 663 1978 τὺ
682 1951 826 1987 σπήλαιον.
845 1961 854 1977 ι
872 1951 938 1978 Ἀπὸ

143 1997 198 2023 τῶν
221 1997 321 2032 ὁμοίων
350 1997 494 2033 τοιγαροῦν
516 1996 603 2031 λόγων
628 1991 752 2032 φαίνεται
766 1997 779 2023 ὁ
799 1996 880 2029 αὐτὸς
900 1996 939 2024 ὢν

143 2043 249 2079 χρόνος,
263 2043 323 2071 καθ’
340 2043 370 2070 ὅν
387 2043 434 2070 καὶ
445 2043 480 2070 τὰ
494 2043 563 2078 μετὰ
576 2045 670 2078 χεῖρας
683 2043 746 2078 περὶ
764 2043 854 2070 αὐτῶν
867 2043 939 2069 ὲκεί-

144 2098 196 2115 νων
206 2089 317 2117 καὶτῶν
328 2090 443 2121 ἐκείνοις
455 2090 653 2126 παραπλησίων
663 2089 783 2117 λέλεκτο.
800 2089 880 2116 Ἀλλὰ
891 2089 939 2116 καὶ

146 2144 155 2160 ε
173 2135 218 2162 ὅτε
226 2135 369 2162 ἀπέστειλε
390 2135 485 2167 Σαοὺλ,
506 2135 554 2162 καὶ
568 2135 684 2169 ἐφύλαξε
700 2135 745 2162 τὸν
762 2132 836 2161 οἷκον
853 2134 937 2161 αὑτοῦ

142 2180 189 2207 τοῦ
215 2180 370 2208 θανατῶσαι
391 2181 485 2212 αὐτὸν,
502 2191 511 2206 ι
532 2181 667 2216 περὶτῶν
687 2181 776 2208 αὐτῶν
797 2180 876 2207 πάλιν
888 2181 938 2213 τὰς

142 2225 239 2261 ὁμοίας
256 2227 331 2261 ἠφίει
356 2226 448 2261 φωνὰς
470 2227 574 2260 λέγων·
596 2235 605 2252 ι
637 2226 702 2253 Ἰδοὺ
720 2226 937 2260 ἁποφθέγξονται

142 2271 171 2298 ιν
190 2272 231 2306 τῷ
257 2273 372 2310 στόματι
395 2272 496 2304 αὐτῶν,
525 2273 572 2299 καὶ
596 2272 718 2308 ῥομφαία
739 2273 767 2298 ὲν
792 2273 848 2303 τοῖς
876 2272 936 2298 στό-
952 2288 973 2315 D

142 2325 226 2353 μασιν
253 2317 353 2344 αὐτῶν.
380 2328 389 2344 ι
421 2318 489 2344 Ἀλλ’
518 2319 546 2344 ἐν
572 2317 686 2350 ἐκείνοις
705 2317 754 2353 μὲν
775 2317 850 2343 ταῦτ’
878 2317 935 2344 ἐλέ-

140 2370 220 2397 γετο·
249 2363 280 2390 ὲν
304 2363 332 2389 δὲ
358 2365 414 2395 τοῖς
427 2363 497 2399 μετὰ
511 2365 604 2398 χεῖρας
626 2362 689 2394 τοὺς
706 2362 820 2398 ἐχθροὺς
839 2362 933 2395 αὑτοῦ,

139 2404 178 2434 ὧν
189 2408 244 2436 ἀπὸ
260 2408 341 2443 φόϐου
361 2408 491 2445 ῥωσθῆναι
503 2408 613 2444 ηὔχετο,
626 2408 790 2444 ἠκονηκὲναι
804 2409 871 2444 φησὶ
884 2408 933 2440 τὰς

139 2453 267 2488 γλώσσας
281 2454 372 2481 αὐτῶν
379 2454 455 2490 δίκην
469 2455 606 2490 ῥομφαίας
615 2463 622 2470 ο
637 2454 734 2490 ἦκατὰ
743 2455 807 2486 τοὺς
822 2454 931 2487 λοιποὺς

139 2498 320 2534 ὲρμηνευτὰις,
340 2508 350 2525 ι
369 2499 407 2531 ὡς
436 2500 591 2535 μάχαιραν·
611 2509 621 2525 ι
640 2499 708 2527 ἀλλὰ
733 2500 779 2526 καὶ
797 2500 931 2526 ἐνέτειναν

138 2546 171 2573 τὸ
179 2545 257 2578 τόξον
281 2545 382 2578 αὐτῶν,
401 2545 472 2575 κατὰ
483 2547 532 2582 μὲν
548 2547 611 2579 τοὺς
628 2546 830 2582 Ἐὃδομήκοντα
845 2547 932 2581 ἑρμη-

137 2591 260 2625 νευτὰς,ι
276 2593 305 2619 ἐν
313 2593 456 2628 πράγματι
468 2592 568 2629 πικρῷ·
583 2602 593 2619 ι
603 2592 649 2620 διὰ
661 2592 719 2627 γὰρ,
732 2592 830 2628 πικροῦ
855 2592 928 2628 πρά-

137 2647 244 2674 γματος
262 2639 451 2672 κατατοξεύειν
464 2639 613 2676 ἐπειρῶντο
625 2640 671 2666 τὸν
681 2640 785 2667 δίκαιον
797 2647 810 2658 ·-
820 2637 889 2666 κατὰ
901 2638 930 2664 δὲ

136 2685 182 2710 τὸν
197 2684 354 2720 Σύμμαχον,
379 2694 388 2710 ί
413 2685 601 2721 Ἐπλήρωσαν,
618 2686 696 2721 φησὶ,
708 2685 738 2712 τὸ
753 2684 828 2716 τόξον
841 2683 930 2710 αὐτῶν

136 2729 209 2764 λόγῳ
227 2729 340 2765 νλπικρῷ.
366 2740 374 2756 ι
394 2728 484 2757 Ἦσαν
511 2731 565 2767 γὰρ
590 2731 697 2767 ἀληθῶς
722 2731 824 2767 πικροὶ,
853 2730 931 2757 οὐδὲν

134 2774 221 2808 γλυκὺ
238 2775 421 2810 περιέχοντες,
436 2777 460 2802 οἱ
482 2777 527 2803 τὸν
552 2776 634 2804 Δαυῖδ
653 2776 841 2807 διαϐάλλοντες
862 2775 930 2810 πρὸς

134 2819 178 2846 τὸν
207 2820 312 2846 Σαούλ·
331 2817 385 2852 οἶος
412 2818 445 2857 ἦν
460 2822 474 2848 ό
492 2821 582 2856 Δωὴκ,
601 2821 646 2848 καὶ
666 2822 691 2848 ot
713 2821 826 2856 Ζιφαίοι,
842 2820 887 2847 καὶ
903 2821 939 2847 oi.

168 2899 191 2915 ’³
207 2897 304 2925 Matth.
323 2906 351 2929 ι,
367 2898 413 2926 28.

294 2944 430 2974 ΡΑτιιοι..
454 2945 513 2976 Gn.
537 2946 655 2976 XXIII.

998 303 1063 329 dine
1077 304 1248 338 operantium
1265 306 1464 342 iniquitatem.»
1481 310 1549 339 Cum
1562 312 1618 347 jam
1630 314 1703 342 enim
1718 324 1787 351 pra:-

999 350 1144 377 Ieritorum
1174 353 1393 387 experimentum
1422 357 1558 391 ceperim,
1586 350 1726 397 nunquam
1754 372 1787 391 ea

998 396 1123 425 oblivisci
1148 399 1267 433 possim;
1296 403 1343 428 sed
1373 408 1482 436 semper
1510 406 1641 434 memoria
1677 411 1784 441 tenens.

997 447 1076 477 grato
1098 450 1206 479 semper
1225 445 1317 472 animo
1335 453 1407 473 sum.
1436 446 1490 475 Sed
1516 452 1607 477 tamen
1632 452 1687 487 jam
1710 453 1786 481 idem

997 488 1048 515 abs
1072 493 1100 517 te
1123 489 1256 531 auxilium
1272 493 1391 526 postulo.
1419 493 1576 522 Secundum
1592 497 1714 533 reliquos
1735 507 1785 526 au-

997 537 1053 561 tem
1073 535 1238 571 interpretes
1253 543 1308 564 una
1323 537 1474 574 eademque
1500 546 1626 569 servatur
1640 544 1716 572 verbi
1739 553 1788 573 ex-

997 581 1156 616 pastulatio,
1175 590 1284 618 unaque
1302 585 1439 614 sermonis
1457 588 1610 615 sententia:
1634 597 1697 617 nam
1714 592 1787 626 apud

998 625 1193 661 Symmachum
1209 627 1330 656 dicitur:
1347 638 1355 654 ι
1368 629 1486 663 Exaudi,
1503 631 1587 666 Deus,
1611 642 1706 663 vocem
1731 625 1786 665 mei

997 671 1164 704 invocantis.
1193 680 1209 700 a
1227 677 1332 702 terrore
1349 675 1454 703 inimici
1469 677 1687 709 circumrhunies
1702 681 1786 710 vitam

997 725 1103 746 meam:
1126 719 1281 748 abscondes
1298 728 1342 748 me
1354 728 1369 748 a
1386 723 1575 753 moliminibus
1589 727 1785 762 malignorum.

996 770 1011 790 a
1023 764 1227 799 perturbatione
1237 767 1408 800 operantium
1421 767 1604 803 iniquitatem.
1617 781 1626 798 ι
1642 772 1701 800 Non
1711 774 1785 801 enim

995 810 1074 844 quasi
1099 810 1133 838 de
1158 812 1315 846 praeteritis,
1332 812 1381 839 sed
1405 815 1484 848 quasi
1508 815 1542 843 de
1565 816 1676 851 futuris,
1693 820 1785 847 omnia

996 855 1069 882 dicta
1085 861 1160 889 sunt,
1186 864 1218 884 ac
1241 858 1370 886 similiter
1393 860 1544 888 secundum
1560 863 1682 898 reliquos
1698 865 1785 893 inter—

996 905 1096 936 pretes.

1030 1030 1113 1060 Vsus.
1132 1033 1192 1060 4-7.
1214 1043 1223 1059 ‹
1236 1033 1286 1067 Qui
1299 1039 1469 1063 exacuerunt
1494 1040 1522 1064 ut
1543 1037 1784 1075 gladiumlinguas

994 1086 1070 1110 suas.
1087 1079 1264 1108 intenderunt
1287 1088 1393 1114 arcum,
1410 1091 1465 1110 rem
1492 1091 1630 1118 amaram;
1653 1089 1683 1112 ut
1699 1087 1784 1122 sagit-

994 1127 1052 1151 tent
1067 1124 1094 1151 in
1120 1125 1237 1153 occultis
1259 1125 1476 1155 immaculatum.
1498 1127 1596 1157 Subito
1612 1131 1785 1166 sagittabunt

993 1177 1067 1202 eum,
1080 1174 1108 1197 ct
1131 1178 1186 1198 non
1203 1171 1366 1199 timebunt.»
1393 1172 1508 1201 Etiamsi
1532 1173 1618 1202 David
1635 1176 1784 1204 salutarent

994 1214 1141 1243 adventum
1155 1221 1279 1251 tempore
1297 1218 1477 1252 prteverterit,
1501 1220 1674 1255 evangelicas
1694 1225 1784 1249 tamen

993 1261 1166 1296 disciplinas,
1181 1263 1313 1298 magistro
1335 1262 1439 1297 Spiritu
1466 1264 1570 1297 divino,
1588 1273 1643 1292 non
1676 1267 1786 1301 ignora-

993 1307 1056 1340 bat;
1070 1307 1118 1334 sed
1133 1308 1255 1335 salutare
1276 1307 1344 1335 illud
1373 1309 1512 1344 eloquium
1529 1311 1615 1345 probe
1649 1317 1782 1340 noverat:

997 1361 1006 1378 ι
1020 1351 1110 1380 Nolite
1126 1353 1222 1381 timere
1244 1353 1278 1381 ab
1304 1355 1338 1382 iis
1363 1356 1409 1391 qui
1437 1356 1567 1384 occidunt
1594 1364 1707 1391 corpus.
1723 1359 1784 1385 ani-

993 1405 1064 1425 mam
1081 1403 1172 1426 autem
1195 1407 1249 1426 non
1265 1404 1381 1435 possunt
1398 1401 1570 1428 occidere”:
1598 1411 1607 1427 ι
1631 1409 1715 1436 quare
1733 1402 1784 1429 mi-

993 1441 1081 1470 litaris
1104 1444 1172 1470 aciei
1190 1444 1406 1478 multitudinem,
1431 1453 1462 1473 ac
1479 1447 1554 1473 omni
1570 1454 1670 1482 genere
1691 1454 1784 1475 armu-

992 1495 1053 1515 rum
1073 1489 1216 1525 hastisque
1231 1490 1382 1519 instructos
1399 1491 1526 1519 homines
1542 1499 1596 1519 non
1619 1492 1783 1520 reformida-

991 1534 1055 1567 bat;
1069 1534 1117 1562 sed
1142 1535 1204 1563 illos
1223 1536 1345 1571 quidem,
1371 1541 1466 1572 utpote
1489 1538 1535 1572 qui
1554 1538 1614 1565 sine
1635 1537 1738 1566 sudore
1754 1543 1782 1566 et

992 1580 1084 1608 labore
1106 1582 1253 1609 immanem
1283 1582 1360 1610 illum
1383 1582 1493 1610 Goliath
1509 1585 1715 1618 prostravisset,
1733 1586 1782 1612 dc-

991 1626 1141 1661 spiciebat;
1169 1634 1217 1655 eos
1241 1633 1332 1655 autem
1363 1629 1584 1663 pertimescebat.
1609 1637 1678 1665 quos
1704 1630 1781 1659 hisce

989 1672 1081 1700 verbis
1098 1677 1179 1699 antea
1206 1673 1392 1701 subindicavit
1418 1684 1425 1701 :
1445 1683 1454 1699 ι
1477 1674 1530 1707 Qui
1554 1681 1723 1703 exacuerunt
1751 1681 1781 1704 ut

989 1718 1109 1753 gladium
1123 1718 1230 1755 linguas
1243 1727 1319 1751 suas,
1333 1719 1510 1748 intenderunt
1521 1728 1626 1754 arcum.
1641 1729 1700 1750 rem
1709 1729 1782 1750 ama-

990 1771 1059 1791 ram.
1067 1774 1076 1790 ι
1086 1763 1184 1792 Viden’
1191 1773 1251 1800 qua:
1260 1765 1398 1794 describat
1407 1766 1581 1795 inimicorum
1590 1767 1781 1804 arma?Supra

989 1817 1053 1838 vero
1061 1810 1202 1838 dicebatur
1212 1820 1233 1840 ;ι
1244 1811 1305 1839 Filii
1313 1812 1452 1840 hominum
1461 1813 1556 1841 dentes
1564 1821 1659 1841 eorum
1667 1822 1744 1842 arma
1754 1819 1782 1842 et

989 1857 1105 1891 sagittae,
1121 1861 1149 1884 et
1166 1857 1258 1893 lingua
1284 1865 1379 1885 eorum
1402 1859 1509 1894 gladius
1527 1864 1624 1887 acutus
1641 1861 1660 1886 ι.
1678 1869 1688 1886 ι
1717 1860 1781 1888 Haec

989 1906 1081 1930 autem
1095 1902 1199 1931 dixisse
1213 1904 1357 1936 scribitur,
1379 1914 1388 1929 ι
1404 1912 1467 1932 cum
1486 1904 1589 1940 fugeret
1601 1913 1616 1932 a
1631 1905 1700 1933 facie
1714 1907 1780 1934 Sau~

989 1948 1024 1976 lis
1037 1949 1064 1976 in
1080 1949 1240 1984 speluncam
1258 1950 1278 1977 '.
1300 1959 1309 1975 ι
1325 1950 1346 1976 Λ
1362 1950 1510 1977 verborum
1522 1958 1588 1978 sane
1599 1951 1780 1979 similitudine

989 1994 1118 2022 videntur
1128 1995 1174 2021 illa
1185 1995 1281 2022 eodem
1297 1998 1419 2030 tempore
1433 1996 1535 2031 scripta
1548 2003 1621 2029 esse,
1639 2003 1694 2031 quo
1710 1997 1779 2029 haec,

989 2047 1050 2075 quae
1059 2039 1116 2075 jam
1127 2045 1288 2072 tractamus,
1308 2040 1341 2067 de
1356 2040 1390 2067 iis
1409 2044 1436 2068 et
1452 2041 1589 2068 similibus
1602 2041 1673 2070 dicta
1692 2041 1778 2070 fuere.

990 2084 1043 2113 Sed
1066 2086 1147 2113 etiam
1168 2095 1177 2111 ‹
1198 2086 1309 2122 quando
1330 2087 1406 2114 misit
1431 2087 1508 2119 Saul,
1524 2090 1551 2114 et
1568 2087 1717 2117 custodivit
1730 2087 1781 2114 do-

989 2139 1064 2158 mum
1077 2131 1148 2166 ejus,
1162 2136 1191 2158 ut
1206 2132 1444 2160 euminterticeret
1452 2132 1473 2165 ³,
1491 2142 1500 2158 ι
1515 2132 1548 2160 de
1564 2133 1662 2160 iisdem
1680 2133 1779 2160 iterum

989 2178 1092 2205 similes
1107 2177 1261 2212 proferebat
1278 2186 1360 2207 voces
1382 2179 1475 2206 dicens
1495 2186 1501 2204 :
1520 2187 1528 2203 I
1549 2177 1619 2206 Ecce
1633 2179 1779 2213 loquentur

989 2223 1016 2250 in
1032 2232 1079 2251 ore
1091 2231 1152 2256 suo,
1168 2228 1195 2252 et
1205 2224 1313 2259 gladius
1327 2224 1354 2251 in
1366 2224 1461 2252 oribus
1475 2232 1570 2252 eorum
1587 2225 1608 2252 ⁸.
1628 2234 1638 2251 ι
1653 2224 1705 2252 Sed
1721 2225 1778 2252 haec

988 2270 1098 2305 quidem
1115 2270 1167 2304 ibi;
1188 2270 1215 2297 in
1230 2271 1273 2297 his
1287 2278 1349 2298 vero
1366 2270 1399 2298 de
1410 2271 1511 2306 quibus
1524 2278 1598 2298 nunc
1607 2278 1708 2301 sermo.
1725 2271 1777 2297 ini-

990 2316 1076 2343 micos
1091 2323 1167 2348 suos,
1186 2323 1201 2343 a
1216 2324 1332 2351 quorum
1348 2320 1422 2344 metu
1436 2317 1504 2351 eripi
1519 2316 1694 2351 precabatur,
1709 2324 1776 2344 exa-

988 2361 1080 2389 cuisse
1095 2361 1134 2388 ait
1145 2366 1175 2388 ut
1187 2362 1306 2396 gladium
1333 2361 1441 2397 linguas
1457 2368 1533 2394 suas,
1551 2363 1608 2389 sive
1624 2361 1776 2388 secundum

987 2407 1106 2442 reliquos
1123 2408 1297 2442 interpretes,
1313 2417 1322 2432 ι
1340 2408 1412 2435 sicut
1439 2408 1619 2441 machaeram;
1636 2418 1646 2433 ›
1663 2408 1718 2435 imo
1734 2408 1777 2435 in—

985 2454 1133 2482 tenderunt
1149 2462 1243 2482 arcum
1253 2462 1344 2486 suum,
1358 2455 1508 2482 secundum
1520 2454 1589 2482 LXX
1599 2454 1776 2490 Inlerpretes,

985 2499 1013 2527 in
1026 2507 1056 2527 re
1069 2492 1162 2527 amara
1176 2510 1182 2527 :
1197 2508 1245 2535 per
1263 2507 1321 2527 rem
1337 2500 1438 2536 quippe
1464 2508 1584 2528 amaram
1598 2500 1703 2535 justum
1732 2509 1777 2528 sa-

986 2545 1061 2581 gittis
1096 2545 1245 2573 confodere
1274 2546 1435 2579 tentabant;
1467 2546 1617 2574 secundum
1648 2546 1776 2581 Symma-

982 2591 1063 2618 cbum
1080 2595 1182 2622 autem,
1200 2601 1209 2617 ‹
1224 2592 1417 2627 impleverunt,
1436 2591 1525 2625 inquit
1539 2611 1547 2622 .
1566 2598 1662 2618 arcum
1690 2597 1774 2618 suum

983 2636 1065 2664 verbo
1076 2644 1180 2664 amaro.
1201 2646 1210 2662 ι
1226 2636 1292 2664 Nam
1308 2638 1354 2672 qui
1373 2636 1501 2664 Davidem
1512 2636 1582 2672 apud
1599 2636 1708 2664 Saulem
1722 2638 1765 2664 cri

984 2683 1170 2717 minabantur,
1194 2691 1257 2710 vere
1282 2683 1366 2710 amari
1393 2687 1483 2713 erant.
1511 2682 1655 2710 dulcedine
1683 2681 1774 2709 aﬂ'ecti

985 2728 1059 2755 nulla
1074 2737 1080 2755 ι
1093 2728 1182 2763 qualis
1195 2732 1254 2755 erat
1269 2727 1352 2760 Doec,
1368 2729 1465 2764 quales
1483 2727 1587 2763 Ziphazi
1611 2727 1683 2755 etiis
1696 2727 1774 2754 sinu-

984 2775 1032 2802 les.
1051 2774 1122 2807 Quin
1135 2778 1161 2801 et
1172 2775 1262 2809 quivis
1273 2782 1362 2802 sermo
1379 2775 1491 2809 impius,
1509 2781 1633 2807 amarus;
1650 2777 1680 2800 ut
1690 2776 1717 2800 et
1730 2773 1774 2799 di-

983 2821 1073 2852 vinus,
1091 2820 1178 2847 dulcis
1193 2824 1220 2847 et
1233 2821 1326 2848 suavis
1351 2820 1443 2848 Interit.
1459 2821 1551 2853 Quare
1578 2819 1681 2846 dictum
1707 2822 1771 2846 est:

453 2900 461 2915 ¹
482 2898 554 2927 Psal.
568 2907 622 2928 LVI.
634 2900 661 2926 5.
700 2900 710 2915 ²
725 2899 791 2927 ibid.
811 2899 837 2926 I.
876 2899 885 2914 ³
900 2897 973 2926 PsaI.
991 2905 1070 2927 Lvut.
1089 2898 1115 2926 I.
1153 2898 1163 2914 ‘
1178 2898 1243 2926 ibid.
1260 2899 1286 2926 8.

1531 2944 1572 2974 ‘20
