2041 3215
291 224 344 251 6‘15

634 222 770 251 EUSEBII
789 220 1030 251 CLSIIRIENSIS
1049 221 1124 249 OPP.
1146 221 1236 250 PARS
1254 223 1298 251 IlI.
1318 239 1352 244 —
1370 224 1574 252 EXEGETICA.

1877 227 1926 257 624

293 281 387 317 eisque
398 280 497 309 anima:
507 281 541 309 ab
558 280 670 308 homine
683 280 731 309 Dei
749 281 910 313 confutatis.
927 288 974 308 eos
991 280 1036 316 qui
1054 280 1079 306 in

1134 280 1204 314 μίων
1225 281 1447 317 ἀπελεγχθέντων
1478 281 1530 309 ὑπὸ
1556 282 1604 309 τοῦ
1626 281 1768 318 ἀνθρώπου
1785 283 1832 310 τοῦ
1850 284 1926 312 Θεοῦ-

292 327 426 362 sapientia
443 326 525 361 hujus
535 327 629 355 saeculi
647 334 701 354 non
717 327 754 355 ita
767 327 908 362 conspicui
923 330 1002 354 erant
1017 333 1084 353 con-

292 373 409 400 turbari.
429 371 496 399 Nam
523 380 587 400 cum
616 373 654 400 illi
667 381 780 408 quoque
796 373 824 399 in
848 380 963 399 numero
988 379 1082 399 eorum

292 417 339 452 qui
368 417 433 445 victi
454 417 562 445 fuerant
587 422 823 452 eomputareutur.
849 423 876 446 et
905 417 956 452 ipsi
975 425 1084 452 quoque

292 463 364 491 athei
382 468 409 491 et
424 463 500 498 impii
514 467 625 496 essent;
643 468 772 491 caeterum
789 467 882 498 utpote
898 464 999 491 malitia
1015 463 1083 498 ipsis

292 508 412 544 impares
429 529 437 540 ,
474 508 602 537 fortiores
631 509 731 544 seipsis
763 509 884 537 devictos
915 513 1082 540 cernentes,

291 555 504 583 conturbantur.
541 554 631 588 Quare
664 555 768 582 dictum
789 559 830 582 est
855 564 860 581 :
886 564 894 580 ι
921 554 1084 582 Conturbati

292 604 357 628 sunt
383 608 481 628 omnes
507 600 552 636 qui
585 600 714 627 videbant
736 608 796 628 eos.
817 610 825 625 ι
853 600 887 626 At
916 599 962 628 Dei
989 600 1081 632 homo.

291 649 319 674 et
345 653 442 673 omnes
471 646 532 680 ejus
557 646 650 678 amici,
679 646 725 680 qui
752 653 800 679 per
825 653 910 672 unum
938 646 1082 672 victoriam

292 691 325 719 de
335 691 455 719 inimicis
470 692 633 724 retulerunt,
648 691 732 720 Deum
743 695 808 718 tunc
821 692 908 726 magis
921 691 1082 723 timuerunt,

295 745 304 761 ε
323 740 351 764 et
367 737 601 775 annuntiaverunt
616 744 700 771 opera
717 737 775 770 Dei,
792 747 800 763 ι
819 742 847 765 et
870 737 1082 771 iustiﬁcationes

291 781 352 816 ejus
367 781 570 809 intellexerunt.
585 780 699 808 Etiamsi
712 783 787 809 enim
799 783 882 809 homo
895 782 1043 815 videretur,
1055 786 1082 810 et

292 827 347 855 alto
359 826 443 855 corde
454 831 600 863 putaretur
611 827 739 854 inimicos
751 827 920 860 debellasse;
936 834 950 854 a
963 827 1083 862 pruden-

292 872 366 900 tibus
379 877 469 900 tamen
493 876 522 898 ut
538 871 610 900 Deus
635 877 733 900 auctor
748 873 869 900 victoria:
896 872 1082 908 cognosceba-

291 921 347 945 tur.
364 917 455 951 Quare
469 918 487 945 ii
504 925 586 953 opera
605 917 652 946 Dei
673 919 886 952 annuntiabant,
909 924 935 946 et
949 918 1081 953 praeclara

1134 324 1197 355 τοὺς
1224 323 1261 360 μὴ
1287 325 1358 352 οὕτω
1372 326 1476 358 δεινοὺς
1498 327 1526 352 ἐν
1550 326 1631 362 σοφίᾳ
1653 327 1700 353 τοῦ
1721 328 1818 360 αἰῶνος
1835 329 1927 357 τούτου

1134 371 1325 406 ταράττεσθαι.
1344 372 1399 407 Τῆς
1415 372 1470 408 γὰρ
1482 372 1589 407 μερίδος
1600 373 1675 404 ὅντες
1690 373 1743 399 τῶν
1754 373 1927 409 ἡττωμένων,

1134 415 1207 442 ἄθεοι
1223 416 1270 443 καὶ
1281 416 1358 443 αὐτοὶ
1369 417 1416 443 καὶ
1426 416 1565 449 δυσσεϐεῖς
1578 426 1584 431 ·
1607 417 1677 453 πλὴν
1691 418 1729 449 ὡς
1740 418 1769 444 ὲν
1783 419 1869 454 κακίᾳ
1880 420 1928 455 τῆς

1133 462 1246 489 ἐκείνων
1264 462 1415 498 δεινότητος
1437 463 1574 495 ἐλάττους,
1595 463 1713 498 ὁρῶντες
1736 465 1928 499 νενικημένους

1133 507 1196 539 τοὺς
1225 507 1329 534 ἑαυτῶν
1353 507 1481 543 βελτίους,
1500 509 1690 544 ταράττονται.
1715 510 1761 536 Διὸ
1784 510 1926 538 λέλεκται·

1136 562 1144 578 ι
1170 553 1375 590 Ἐταράχθησαν
1390 554 1491 586 πάντες
1505 555 1530 581 ot
1544 554 1710 590 θεωροῦντες
1733 556 1845 588 αὐτούς.
1870 566 1879 582 ι
1894 558 1927 583 '0

1133 607 1164 633 γε
1182 599 1235 634 μὴν
1249 598 1296 625 τοῦ
1311 599 1379 626 Θεοῦ
1400 599 1544 636 ἄνθρωπος
1565 600 1611 628 καὶ
1629 601 1729 632 πάντες
1747 603 1771 628 οἱ
1788 602 1877 638 τούτῳ
1890 603 1928 638 φί-

1133 643 1183 674 λοι.
1203 643 1248 670 διὰ
1258 643 1306 670 τοῦ
1321 644 1381 675 ἐνὸς
1400 644 1435 671 τὰ
1457 645 1517 671 κατ’
1532 644 1636 680 ἐχθρῶν
1653 645 1767 681 βραδεῖα
1782 647 1927 682 ἀράμενοι.

1135 689 1266 724 μειζόνως
1279 689 1325 716 τὸν
1339 689 1406 716 Θεὸν
1424 689 1607 726 ἐφοϐήθησαν,
1621 700 1632 716 τ
1647 691 1693 717 καὶ
1714 691 1881 727 ἁνήγγειλαν
1896 693 1929 719 τὰ

1133 733 1201 768 ἔργα
1214 733 1261 760 τοῦ
1276 733 1355 766 Θεοῦ,
1375 744 1384 760 ο
1397 734 1444 761 καὶ
1459 735 1492 761 τὰ
1509 734 1682 770 δικαιώματα
1700 734 1782 762 αὑτοῦ
1797 737 1926 771 συνῆκαν.

1134 779 1164 805 El
1180 779 1234 814 γὰρ
1250 779 1297 806 καὶ
1310 779 1343 806 τὰ
1355 779 1473 815 μάλιστα
1489 781 1632 816 ἄνθρωπος
1646 781 1744 813 ἐδόκει,
1764 783 1812 808 καὶ
1831 783 1928 818 καρδίᾳ

1134 824 1230 860 βαθείᾳ
1253 825 1302 861 τὴν
1324 825 1379 852 τῶν
1401 826 1538 861 πολεμίων
1561 827 1718 862 ἀνατροπὴν
1744 828 1927 863 πεποιῆσθαι,

1133 871 1202 898 ἀλλὰ
1227 873 1284 902 τοῖς
1307 874 1428 904 owner;
1456 873 1630 907 ὲγνωρίζετο.
1649 872 1779 904 αὑτὸ;ὣν
1796 875 1811 900 ὸ
1832 874 1899 906 Θεὸς
1914 876 1928 901 ό

1133 917 1182 952 τῆς
1196 917 1274 952 νίκης
1291 917 1385 950 αἴτιος.
1402 919 1448 944 Διὸ
1467 919 1502 944 τὰ
1513 918 1581 954 ἔργα
1593 918 1640 945 τοῦ
1657 919 1726 946 Θεοῦ
1744 920 1926 955 ἀπήγγελλον,

291 963 351 998 ejus
361 964 388 991 in
405 964 545 992 hominum
562 964 679 999 gratiam
706 970 784 1000 gesta
811 964 934 992 facinora
953 964 1079 992 celebra-

1131 962 1278 998 ὑμνοῦντες
1304 963 1388 990 αὑτοῦ
1420 964 1454 991 τὰ
1481 964 1513 990 δι’
1535 963 1687 1000 ἀνθρώπων
1715 965 1926 1001 κατορθώματα.

291 1010 366 1036 bant.
388 1008 420 1036 Hi
436 1010 539 1044 itaque,
556 1013 587 1036 ut
601 1013 781 1044 spectatores,
795 1010 829 1039 de
853 1010 967 1037 victoria
983 1009 1081 1037 trium—

291 1054 414 1090 phatoris
430 1054 514 1082 Deum
529 1054 658 1082 laudibus
672 1055 830 1082 eti'erebant.
846 1055 906 1089 Ipse
921 1059 1013 1082 autem
1038 1055 1082 1082 vi-

290 1104 350 1127 etor
371 1109 379 1125 ι
394 1100 531 1128 lmtabitur
549 1100 577 1127 ia
604 1099 731 1133 Domino,
755 1105 782 1129 et
806 1101 928 1136 sperabit
953 1101 980 1128 in
1007 1108 1050 1128 eo.
1068 1110 1078 1126 ι

290 1143 384 1179 Neque
397 1146 469 1172 enim
489 1145 523 1172 de
542 1145 634 1180 seipso
650 1153 779 1180 magnum
806 1147 915 1179 sentiet,
943 1154 1032 1182 neque
1048 1147 1082 1175 de

290 1189 407 1216 victoria
420 1189 549 1217 eﬂ‘eretur
561 1209 568 1222 .
594 1190 641 1217 sed
659 1191 753 1218 divino
768 1191 868 1226 gaudio
882 1196 909 1219 et
921 1192 1014 1219 laetitia
1038 1200 1082 1220 re-

291 1235 419 1269 plebitur,
443 1239 538 1270 utpote
563 1236 610 1270 qui
624 1237 738 1264 victoris
754 1236 801 1264 Dei
831 1237 957 1264 minister
986 1236 1079 1265 fuerit.

292 1280 348 1308 Hoc
365 1288 447 1315 porro
459 1281 577 1313 laetante.
595 1289 691 1309 omnes
703 1283 771 1310 recti
786 1283 870 1310 corde
883 1283 1081 1316 laudabuntur,

291 1327 344 1362 ipsi
360 1334 469 1362 quoque
482 1327 564 1354 unius
579 1335 662 1362 opera
676 1335 727 1356 ceu
743 1328 862 1356 victores
887 1328 987 1356 eﬂ'ecti.
1012 1328 1081 1356 Nam

290 1377 364 1401 totus
391 1373 459 1401 ordo
489 1369 632 1408 totumque
665 1381 767 1409 corpus
792 1379 952 1402 sanctorum
973 1375 1081 1402 laudem

290 1423 484 1454 consequetur.
499 1418 583 1454 quia,
606 1419 758 1446 secundum
773 1419 802 1447 S.
821 1420 994 1454 Apostolum.
1026 1428 1081 1448 uno

291 1465 413 1492 membro
423 1465 536 1500 gloriam
548 1464 694 1497 referente,
709 1465 803 1493 omnia
814 1465 937 1493 membra
949 1466 975 1493 in
987 1466 1081 1501 gloriae

291 1515 395 1545 partem
413 1511 537 1538 veniunt.

309 1565 342 1593 IN
363 1566 479 1600 FINEM,
499 1567 662 1595 PSALMUS
680 1566 820 1596 CANTICI
842 1567 946 1596 DAVID
967 1567 1059 1596 LXIV.

1132 1004 1211 1034 Οὗτοι
1228 1008 1276 1043 μὲν
1290 1006 1346 1039 οὖν,
1370 1008 1465 1043 ὥσπερ
1492 1008 1597 1040 Θεαταὶ,
1612 1009 1657 1034 τὸν
1680 1008 1747 1035 Θεὸν
1770 1008 1927 1041 δοξάζοντες

1132 1053 1178 1079 ἐπὶ
1203 1055 1235 1088 τῇ
1261 1053 1324 1090 νίκῃ
1345 1054 1392 1080 τοῦ
1405 1054 1578 1088 νενικηκότος
1599 1054 1747 1082 διετέλουν,
1764 1055 1851 1087 Αὐτὸς
1871 1055 1898 1082 δὲ
1913 1056 1927 1082 ὁ

1132 1099 1244 1134 νικητὴς
1261 1108 1270 1125 ι
1290 1099 1504 1135 εῠῳρανθήσεται
1532 1100 1578 1126 ἐπὶ
1595 1099 1634 1134 τῷ
1651 1100 1757 1136 Κυρίῳ,
1773 1101 1820 1127 καὶ
1840 1101 1927 1128 ὲλπιεῐ

1133 1145 1175 1170 ἐπ’
1193 1144 1283 1171 αὐτόν.
1302 1154 1312 1170 ι
1327 1145 1365 1172 Οὐ
1391 1145 1446 1181 γὰρ
1461 1146 1502 1180 ἐφ’
1519 1145 1607 1180 ἑαυτῷ
1624 1146 1694 1180 μέγα
1712 1147 1853 1181 φρονήσει,
1874 1146 1925 1173 οὐδ’

1131 1190 1178 1216 ἐπὶ
1190 1191 1225 1225 τῇ
1239 1190 1301 1227 νίκῃ
1316 1190 1501 1225 ἐπαρθήσεται
1514 1199 1520 1204 ο
1536 1191 1622 1225 χαρᾶς
1639 1190 1667 1216 δὲ
1682 1190 1757 1222 θείας
1772 1191 1820 1217 καὶ
1830 1192 1927 1227 εὐφρο-

1133 1235 1216 1270 σύνης
1240 1235 1460 1271 πληρωθήσεται,
1475 1236 1512 1267 ὡς
1528 1237 1662 1272 ὑπουργὸς
1680 1237 1727 1263 καὶ
1741 1237 1864 1269 διάκονος
1880 1236 1924 1263 τοῦ

1132 1279 1270 1306 νικοποιοῦ
1297 1279 1366 1306 Θεοῦ
1382 1279 1512 1314 γεγονώς.
1536 1280 1638 1307 Τούτου
1655 1281 1684 1307 δὲ
1699 1281 1924 1316 εὐφραινομένου.

1133 1326 1231 1357 πάντες
1247 1326 1271 1352 οἱ
1290 1326 1380 1357 εὐθεῖς
1395 1327 1428 1361 τῇ
1446 1326 1546 1362 καρδίᾳ
1563 1326 1800 1362 ἐπαινεθήσονται,
1815 1327 1866 1354 διὰ
1879 1326 1924 1354 τοῦ

1132 1371 1191 1403 ἑνὸς
1207 1371 1254 1398 καὶ
1273 1372 1348 1398 αὐτοὶ
1363 1371 1458 1408 ὥσπερ
1483 1372 1589 1407 δικηταὶ
1606 1373 1822 1408 ἀποδειχθέντες.
1847 1372 1940 1404 Ὄλον,

1131 1417 1187 1452 γὰρ
1198 1416 1228 1443 τὸ
1242 1417 1335 1453 τάγμα
1349 1418 1395 1444 καὶ
1409 1418 1440 1444 τὸ
1461 1418 1540 1453 σῶμα
1567 1417 1621 1444 τῶν
1634 1418 1720 1452 ἁγίων
1736 1419 1850 1445 ἐπαίνου
1862 1418 1926 1445 τεῦ-

1133 1460 1226 1494 ξεται·
1245 1462 1350 1498 ἐπειδὴ,
1373 1463 1554 1498 δοξαζομένου
1587 1463 1683 1499 μέλους
1705 1464 1773 1496 ἑνὸς,
1799 1463 1924 1496 συνδοξα-

1132 1507 1208 1539 ζεται
1229 1509 1316 1535 πάντα
1332 1508 1366 1535 τὰ
1384 1509 1463 1544 μέλη,
1480 1510 1550 1536 κατὰ
1567 1509 1612 1536 τὸν
1631 1510 1701 1546 ἱερὸν
1719 1510 1888 1538 Ἀπὸπολον.

1132 1563 1186 1592 ΕΙΣ
1199 1565 1244 1591 ΤΟ
1261 1564 1384 1596 ΤΕΔΟΣ,
1404 1565 1549 1592 ‘I'AAMOE
1565 1565 1610 1600 Τῼ
1623 1565 1724 1593 ΔΛΥΙΔ
1746 1566 1848 1602 ῼΔΗΣ.
1866 1566 1922 1597 ΞΔ’,

326 1621 410 1650 Vens.
429 1622 498 1655 2,3.
515 1633 523 1648 ι
538 1622 578 1651 Te
597 1623 676 1651 decet
691 1624 820 1658 hymnus,
846 1624 928 1656 Deus,
945 1626 974 1652 in
999 1623 1078 1658 Sion,

1169 1632 1178 1648 ι
1198 1622 1244 1649 Σοὶ
1261 1623 1360 1658 πρέπει
1376 1622 1470 1657 ὕμνος,
1485 1623 1498 1648 ὁ
1514 1621 1590 1655 Θεὸς,
1604 1623 1633 1649 ὲν
1645 1622 1725 1656 Σιὼν,
1739 1623 1786 1650 καὶ
1804 1624 1847 1650 σοὶ
1856 1624 1922 1651 ἀπο-

290 1671 318 1695 et
333 1668 381 1696 tibi
398 1668 527 1696 reddetur
539 1672 631 1696 votum
646 1669 675 1696 in
689 1669 852 1698 Jerusalem.
876 1679 886 1696 ι
904 1668 1079 1706 Prophetiam

290 1716 482 1750 complectitur
498 1723 593 1743 corum
612 1724 672 1751 qua:
693 1717 721 1744 in
738 1717 818 1744 tinem
835 1722 965 1744 eventura
982 1721 1078 1751 erant;

290 1765 457 1796 quapropter
472 1761 633 1788 inscribitur
652 1771 661 1787 ‹
691 1761 720 1789 In
744 1762 836 1789 tinem.
853 1771 861 1788 ι
881 1762 1011 1795 Quaenam
1029 1770 1079 1790 au-

291 1809 344 1834 tem
366 1806 411 1833 illa
428 1811 530 1839 essent,
559 1806 658 1834 deinde
675 1807 762 1842 aperit
779 1806 825 1834 his
846 1807 958 1834 verbis:
974 1817 983 1833 ι
1000 1807 1041 1835 Ad
1053 1811 1080 1836 te

289 1853 379 1880 omnis
398 1860 462 1881 caro
483 1852 582 1880 veniet.
605 1862 614 1879 ι
632 1852 691 1880 Non
705 1852 762 1888 jam
786 1852 874 1880 solum
888 1851 1020 1881 Iudaicus
1031 1861 1079 1889 po-

289 1899 381 1934 pulus.
400 1899 446 1926 sed
462 1900 552 1927 omnis
566 1906 641 1929 caro.
654 1898 684 1926 id
694 1902 746 1930 est,
764 1902 851 1926 totum
872 1898 1014 1926 hominum
1034 1907 1081 1935 ge-

289 1951 351 1972 nus.
368 1944 414 1972 Sic
430 1945 503 1972 enim
518 1945 587 1972 solet
605 1943 749 1980 Scriptura
761 1944 888 1972 homines
903 1951 1000 1972 omnes
1008 1944 1080 1972 indi-

288 1997 363 2023 care,
381 1990 428 2026 qui
440 1991 505 2018 olim
528 1991 653 2018 carnales
669 1991 828 2026 terrenique
843 1994 932 2018 erant.
948 1990 1038 2024 Quare
1052 1990 1079 2018 in

289 2036 347 2071 lege
360 2036 477 2063 dicitur:
495 2045 504 2061 ι
522 2035 652 2072 Corrupit
663 2037 753 2064 omnis
767 2044 832 2065 caro
843 2037 914 2063 viam
929 2044 1008 2064 suam
1023 2038 1052 2069 ’ς
1067 2046 1076 2062 ι

289 2088 321 2107 ac
344 2089 475 2108 rursum:
500 2090 509 2106 ι
528 2081 588 2109 Non
611 2083 783 2117 permanebit
806 2084 920 2118 spiritus
946 2091 1024 2111 meus
1051 2083 1078 2110 in

289 2125 445 2153 hominibus
473 2125 526 2157 his,
549 2126 614 2160 quia
643 2134 742 2155 carnes
766 2131 830 2155 sunt
847 2128 880 2154 ¹⁰.
905 2137 914 2153 ι
933 2126 990 2155 Sed
1011 2131 1079 2154 tunc

289 2171 399 2206 quidem
426 2171 516 2199 omnis
538 2179 602 2199 caro
634 2171 829 2206 incusabatur;
847 2180 921 2200 nunc
948 2180 1014 2200 vero
1044 2172 1078 2200 ad

289 2218 372 2246 Deum
388 2222 502 2246 ventura
519 2217 630 2244 dicitur.
655 2217 838 2250 Quamobrem
867 2219 914 2253 qui
935 2222 998 2254 post
1025 2218 1079 2245 Da-

287 2265 376 2293 videm
398 2264 522 2292 l'uitJoel
552 2264 701 2300 propheta,
732 2264 806 2292 omni
839 2265 915 2291 carni
949 2265 1078 2300 pulcher-

286 2310 357 2337 rima
384 2310 550 2338 vaticinatur
573 2310 668 2343 dicens
693 2320 699 2337 :
725 2309 890 2339 «Ellundam
917 2310 950 2338 de
977 2311 1076 2346 spiritu

287 2362 348 2384 meo
369 2363 452 2391 super
472 2363 581 2383 omnem
603 2362 731 2385 carnem,
747 2359 772 2382 et
797 2355 1043 2390 prophetabunt”.
1065 2364 1074 2381 ι

287 2401 406 2437 Idipsum
429 2394 538 2437 q'uoque
564 2401 685 2429 declarat
711 2401 796 2428 Isaias
821 2401 915 2428 dicens
937 2410 944 2427 :
970 2410 979 2426 ‹
994 2400 1076 2428 Vide-

286 2447 326 2474 bit
349 2448 439 2475 omnis
463 2455 528 2475 caro
551 2448 672 2475 salutare
694 2446 740 2474 Dei
764 2448 796 2474 ".
820 2457 829 2473 ι
857 2446 983 2474 Salulare
1010 2454 1076 2482 por-

286 2499 319 2519 ro
348 2491 395 2519 Dei
422 2493 456 2520 ab
476 2493 550 2521 omni
566 2501 649 2520 carne
669 2493 890 2528 cognoscendum
908 2493 974 2528 quid
1001 2493 1076 2520 aliud

286 2537 379 2569 fuerit,
398 2545 480 2572 quam
497 2537 624 2566 Christus
649 2537 707 2569 Dei,
723 2543 752 2565 ut
773 2539 935 2573 plerumque
961 2537 1075 2566 demon-

286 2582 523 2611 stravimus‘lﬂoc
539 2583 632 2619 itaque
658 2583 779 2611 salutare
804 2583 932 2611 omnibus
950 2584 1073 2611 homini-

285 2629 347 2660 bus.
359 2629 406 2664 qui
417 2629 482 2656 olim
493 2629 618 2657 carnales
630 2633 719 2662 erant,
741 2629 890 2657 revelatum
914 2630 948 2656 iri
963 2630 990 2657 in
1004 2631 1074 2657 vati-

286 2673 361 2701 ciuio
388 2673 557 2702 enuntiatur.
585 2673 652 2701 lure
682 2681 747 2709 ergo
775 2682 895 2709 prmsens
927 2675 1049 2709 psalmus
1067 2695 1074 2706 .

285 2719 404 2756 idipsum
433 2719 609 2754 signiﬁcans,
627 2720 837 2754 promissionem
861 2720 988 2755 obsignat
1011 2728 1073 2748 cum

286 2766 344 2792 ait:
364 2775 372 2791 ι
392 2765 432 2792 Ad
444 2769 470 2792 te
485 2765 576 2792 omnis
592 2772 656 2793 caro
682 2767 783 2793 veniet.
803 2775 812 2791 ι
842 2765 900 2794 Sub
914 2767 971 2793 haec
983 2770 1074 2794 autem

285 2811 386 2839 clarius
403 2810 567 2838 sententiam
580 2809 656 2837 effert
671 2817 733 2837 eum
749 2811 824 2838 addit
843 2821 849 2837 :
865 2820 874 2836 ι
891 2810 995 2838 Exaudi
1011 2819 1074 2843 nos,

285 2856 367 2889 Deus,
388 2856 518 2884 satntaris
528 2859 632 2888 noster,
650 2863 714 2891 spes
723 2857 844 2884 omnium
867 2857 961 2884 ﬁnium
979 2861 1071 2889 teme,

323 2936 333 2951 '
344 2936 411 2964 Gen.
426 2943 463 2967 vi.
479 2935 521 2963 I2.

1131 1669 1272 1704 δοθήσεται
1286 1668 1352 1703 εὐχὴ
1366 1669 1395 1694 ἐν
1414 1667 1601 1703 Ἰερουσαλήμ.
1621 1678 1630 1694 ι
1646 1669 1820 1704 Προφήτείαν
1833 1669 1923 1704 περιέ-

1131 1723 1172 1750 χει
1190 1713 1339 1749 μελλόντων
1351 1715 1390 1745 είς
1398 1713 1428 1740 τὸ
1440 1713 1516 1746 τέλος
1528 1712 1731 1749 ἀπαντήσεσθαι
1742 1716 1920 1750 πραγμάτωψ

1130 1760 1170 1786 διὸ
1178 1759 1389 1795 ὲπιγέγραπται”
1401 1768 1410 1783 ι
1424 1759 1470 1790 Εἰς
1487 1758 1516 1785 τὸ
1531 1759 1615 1790 τέλος.
1631 1768 1640 1784 ι
1652 1759 1719 1786 Τίνα
1734 1759 1764 1786 δὲ
1775 1760 1871 1792 ταῦτα,
1886 1760 1922 1787 δι-

1130 1807 1224 1834 δάσκει
1255 1806 1320 1842 ἑξῆς
1343 1806 1442 1840 λέγων,
1462 1815 1472 1831 ι
1492 1806 1565 1842 Πρὸς
1592 1807 1623 1833 σὲ
1645 1807 1723 1834 πᾶσα
1739 1806 1808 1842 σὰρξ
1824 1807 1896 1842 ἣξει,
1910 1816 1919 1832 ι

1131 1851 1228 1878 οὐκέτι
1241 1852 1296 1886 γὰρ
1309 1851 1387 1886 μόνον
1403 1850 1434 1878 τὸ
1455 1851 1587 1877 Ἰουδαίων
1604 1851 1692 1883 ἔθνος,
1705 1851 1772 1878 ἀλλὰ
1784 1853 1832 1879 καὶ
1848 1853 1922 1879 πᾶσα

1132 1895 1209 1932 σὰρξ,
1236 1895 1359 1922 τουτέστι
1385 1896 1439 1922 πᾶν
1463 1896 1541 1930 γένος
1562 1896 1724 1933 ἀνθρώπων.
1746 1897 1841 1929 Οὕτως
1871 1898 1922 1933 γὰρ

1131 1941 1226 1968 εἴωθεν
1242 1942 1256 1967 ὁ
1273 1941 1359 1975 Λόγος
1388 1941 1493 1974 πάντας
1520 1942 1681 1978 ἀνθρώπους
1708 1942 1852 1977 σημαίνειν
1861 1943 1922 1974 τοὺς

1131 1987 1215 2014 πάλαι
1240 1988 1384 2023 σαρκίνους
1403 1988 1450 2014 καὶ
1477 1987 1598 2022 γεώδεις.
1613 1988 1658 2014 Διὸ
1675 1989 1721 2015 καὶ
1742 1989 1773 2014 ἐν
1793 1988 1834 2024 τῷ
1850 1989 1922 2024 νόμῳ

1130 2034 1270 2061 λέλεκται”
1289 2043 1297 2059 ι
1312 2034 1453 2070 Διέφθειρε
1477 2034 1551 2060 πᾶσα
1576 2033 1645 2069 σὰρξ
1663 2033 1713 2070 τὴν
1724 2034 1785 2060 ὁδὸν
1795 2033 1893 2061 αὐτοῦ·
1910 2043 1919 2060 ι

1130 2081 1177 2106 καὶ
1199 2079 1278 2106 πάλιν
1292 2088 1298 2094 ·
1325 2087 1334 2104 ι
1355 2080 1392 2106 (It)
1413 2079 1450 2115 μὴ
1469 2080 1622 2116 καταμείνῃ
1644 2080 1674 2106 τὸ
1701 2079 1812 2115 πνεῦμά
1827 2089 1878 2115 μου
1894 2081 1921 2106 ὲν

1129 2127 1184 2157 τοῖς
1200 2125 1353 2161 ἀνθρώποις
1362 2125 1478 2157 τούτοις,
1489 2125 1533 2152 διὰ
1544 2125 1575 2152 τὸ
1592 2123 1663 2152 εἶναι
1677 2126 1774 2158 αὐτοὺς
1790 2127 1919 2161 σάρκας.»

1136 2161 1216 2198 Ἀλλὰ
1241 2171 1302 2198 τότε
1326 2171 1375 2206 μὲν
1402 2172 1476 2198 πᾶσα
1503 2170 1572 2206 σὰρξ
1599 2172 1794 2206 κατηγορεῖτοο
1817 2170 1865 2198 νῦν
1894 2171 1920 2198 δὲ

1128 2216 1204 2252 ἥξειν
1226 2218 1295 2254 πρὸς
1306 2216 1351 2243 τὸν
1367 2217 1434 2243 Θεὸν
1455 2216 1572 2249 λέγεται.
1588 2216 1634 2242 Διὸ
1646 2217 1692 2242 καὶ
1705 2216 1774 2250 μετὰ
1786 2216 1832 2243 τὸν
1843 2217 1920 2243 Δαυῒδ

1135 2263 1222 2298 Ἶωὴλ,
1253 2263 1397 2297 προφήτης
1429 2262 1583 2296 γενόμενος,
1613 2261 1648 2288 τὰ.
1673 2260 1804 2287 κάλλιστα
1833 2261 1920 2296 πάσης

1132 2308 1230 2343 σαρκὸς
1245 2307 1367 2340 θεσπίζει
1387 2307 1491 2342 λέγων·
1508 2317 1518 2332 ι
1540 2306 1643 2342 Ἐκχεῶ
1665 2307 1720 2334 ἀπὸ
1737 2306 1784 2333 τοῦ
1801 2307 1919 2342 πνεύμα-

1131 2356 1175 2386 τός
1196 2364 1245 2390 μου
1268 2356 1313 2382 ἐπὶ
1336 2356 1426 2382 πᾶσαν
1449 2354 1548 2389 σάρκα,
1570 2355 1616 2380 καὶ
1641 2353 1888 2389 προφητεύσουσιν.
1908 2363 1916 2379 ι

1136 2401 1216 2427 Ἀλλὰ
1245 2402 1293 2427 καὶ
1318 2403 1332 2427 ὁ
1359 2401 1471 2432 Ἡσαΐας
1500 2400 1600 2427 ταύτὸν
1621 2400 1787 2436 παρίστησιν
1818 2400 1916 2427 εἰπών·

1132 2455 1142 2471 ι
1161 2446 1274 2480 “Oderat
1299 2446 1374 2472 πᾶσα
1393 2446 1463 2481 σὰρξ
1481 2445 1512 2472 τὸ
1529 2446 1661 2481 σωτήριον
1674 2444 1721 2471 τοῦ
1742 2445 1821 2472 Θεοῦ.
1841 2455 1851 2471 ι
1866 2446 1919 2472 Σω-

1128 2494 1221 2526 τήριον
1243 2491 1271 2517 δὲ
1291 2491 1359 2518 Θεοῦ
1379 2491 1453 2527 πάσῃ
1471 2491 1554 2527 σαρκὶ
1573 2491 1797 2527 γνωσθησόμενον
1814 2492 1842 2519 τί
1857 2500 1918 2530 ποτε

1127 2535 1160 2573 ἦν
1173 2537 1237 2572 ἆρα,
1257 2537 1274 2572 ἡ
1289 2538 1302 2563 ὁ
1312 2537 1428 2572 Χριστὸς
1449 2536 1498 2563 τοῦ
1510 2537 1588 2569 Θεοῦ,
1602 2536 1693 2569 καθὼς
1703 2536 1837 2569 πολλάκις
1851 2531 1917 2565 ἀλκι-

1126 2583 1269 2618 δείξαμεν;
1293 2583 1378 2609 Τοῦτο
1400 2581 1447 2609 οὗν
1466 2582 1496 2609 τὸ
1517 2583 1650 2618 σωτήριον
1662 2583 1746 2609 πᾶσιν
1765 2582 1916 2619 avom

1125 2631 1181 2661 τοῖς
1208 2629 1289 2655 πάλαι
1325 2630 1463 2664 σαρκίνοις
1489 2629 1768 2665 ἀποκαλυφθήσεσθαι
1798 2630 1914 2666 προεφή-

1125 2675 1228 2701 τεύετο.
1240 2675 1360 2706 Εἰκότως
1373 2672 1419 2700 οὖν
1433 2675 1480 2701 καὶ
1492 2675 1506 2700 ὁ
1519 2674 1588 2710 μετὰ
1601 2676 1696 2711 χεῖρας
1705 2673 1826 2710 ψαλμὸς,
1839 2674 1913 2701 uim

1126 2720 1193 2747 αὐτὸ
1209 2721 1361 2756 σημαίνων,
1381 2719 1610 2756 ὲπισφραγίζεται
1623 2720 1674 2755 τὴν
1693 2719 1863 2754 ἐπαγγελίαν
1873 2718 1914 2746 διὰ

1127 2765 1173 2792 τοῦ
1186 2766 1268 2800 φάναι
1280 2774 1286 2780 ·
1310 2775 1319 2791 ι
1335 2765 1405 2802 Πρὸς
1427 2766 1456 2792 σὲ
1473 2766 1546 2792 πᾶσα
1564 2764 1632 2801 σὰρξ
1647 2765 1718 2801 ἡξει.
1737 2775 1746 2792 ι
1764 2766 1912 2793 ’Υποκατα-

1127 2811 1176 2844 σὰς
1190 2812 1229 2845 δὲ,
1243 2812 1408 2847 σαφέστερον
1419 2811 1568 2847 ἐρμηνεύει
1582 2811 1630 2848 τήν
1641 2812 1761 2838 διάνοιαν
1771 2812 1910 2846 ἐπιλέγων·

1129 2866 1138 2882 ι
1165 2857 1331 2885 Ἐπάκουσον
1345 2857 1434 2893 ήμῶν,
1453 2858 1467 2884 ὁ
1486 2857 1553 2888 Θεὸς
1566 2859 1580 2884 6
1600 2857 1690 2894 σωτὴρ
1705 2858 1822 2894 ήμῶν,ή
1839 2856 1911 2888 ἐλπὶς

562 2935 583 2951 ’⁸
596 2934 663 2963 Ibid.
681 2935 707 2962 5.
748 2935 768 2950 ”
781 2934 850 2962 Joel.
871 2942 901 2967 ιι,
915 2933 961 2962 ‘28.
1003 2934 1087 2965 "Isa.
1106 2942 1154 2967 ιιι,
1172 2935 1216 2963 It).
