2041 3215
151 171 206 199 625

718 171 972 202 eorumnum
991 172 1025 200 IN
1045 171 1214 200 PSALMOS.
1235 146 1255 170 ν

1265 131 1292 179 καὶ

1731 173 1784 202 628

150 228 261 255 πάντων
276 236 331 254 των
348 228 473 267 περάτων
487 229 534 264 τῆς
554 229 607 264 γῆς
631 230 678 256 καὶ
695 229 750 256 τῶν
772 230 802 256 δν
821 229 943 265 θαλάσσῃ

995 233 1022 256 et
1039 236 1134 256 eorum
1160 229 1206 264 qui
1224 228 1251 255 in
1275 229 1343 256 mari
1360 231 1424 256 sunt
1438 228 1518 265 longe
1535 238 1542 257 :
1563 240 1572 256 I
1588 230 1643 258 imo
1661 221 1783 266 apertius

150 273 276 310 μακράν·
297 283 306 299 ι
328 274 374 300 καὶ
391 274 431 300 ἑτι
453 275 620 310 σαφέστερον
641 275 763 309 ιπιλέγιι
775 284 781 291 ·
801 285 811 301 ί
830 276 884 303 Καὶ
897 284 944 310 φο-

149 320 315 355 δηθήσονται
338 321 365 346 oi
384 320 573 352 κατοικοῦντες
584 321 619 347 τὰ
636 321 741 356 πέρατα
761 321 814 347 ἀπὸ
829 322 882 347 τῶν
894 330 943 357 ση-

149 365 236 400 μείων
257 373 315 391 σου.
336 374 344 390 ι
360 365 396 391 Τὸ
416 365 471 400 γὰρ
487 365 639 400 φοϐηθῆναι
654 367 757 398 πάντας
774 367 835 398 τοὺς
851 375 944 393 κατοι-

147 409 265 441 κοῦντας
282 409 317 436 τὰ
328 409 433 445 πέρατα
442 410 496 436 ἀπὸ
517 410 569 436 τῶν
585 411 705 445 σημείων
725 410 772 437 τοῦ
786 410 853 438 Θεοῦ
875 412 943 446 ἀγα-

146 454 202 482 θῶν
217 452 253 490 ἦν
269 456 316 482 καὶ
331 455 426 490 σοφίας
438 457 508 492 ἀρχή
520 465 526 470 ·
543 457 658 491 ἐπείπερ
677 466 685 482 ‹
703 457 774 492 ἁρχὴ
787 458 883 492 copia;
896 458 942 492 φό-

146 501 195 534 ϐος
211 502 325 537 Κυρίου.
346 511 356 527 ι
373 503 422 529 Διά
435 503 467 538 δὴ
483 503 567 529 ταῦτα
583 513 592 529 ‹
606 504 653 535 Εἰς
672 505 702 530 τὸ
716 504 792 536 τέλος
811 515 820 531 ι
842 506 941 541 προγέ-

146 555 270 584 γραπται
281 549 296 574 6
310 547 416 584 ψαλμός
427 557 433 564 ·
452 550 498 575 καὶ
514 549 585 575 ἐστιν
595 549 667 584 ᾠδῆς
681 550 797 585 ψαλμὸς,
811 552 940 578 ἐπινίκιον

147 592 233 628 ὕμνον
247 594 287 625 εἰς
304 594 349 620 τὸν
365 595 478 630 Σωτῆρα
491 594 544 620 τῶν
557 594 642 621 ἐθνῶν
657 596 802 631 περιέχων,
829 597 886 631 Ἐφ’
901 595 940 628 οἷς

147 638 178 665 τὸ
194 638 307 674 Πνεῦμα
328 640 359 666 τὸ
385 640 463 673 ἅγιον
488 641 534 667 τὸν
559 641 605 666 ἐπὶ
619 641 727 667 πάντων
747 641 813 667 Θεὸν
828 642 941 677 ἀνυμνεί

147 683 268 717 φάσκον·
289 685 354 711 «Eat
366 684 464 720 πρέπει
479 685 572 720 ὕμνος,
590 687 604 712 ὁ
618 686 694 718 Θεδς,
713 688 742 713 ἐν
760 688 856 715 Σιών.»
874 688 940 715 Τίνα

146 729 202 765 γὰρ
219 730 303 765 ιχρῆν
314 730 393 757 ἄλλον
406 731 455 758 ἐπὶ
468 733 500 766 τῇ
516 732 624 758 πάντων
644 732 794 768 ἀνθρώπων
819 733 940 770 σωτηρίᾳ

147 774 291 810 ὑμνεῖσθαι
317 776 333 810 ἢ
349 776 395 802 τὸν
416 777 517 808 παντὸς
529 777 615 803 αἴτιον
629 778 749 812 ἀγαθοῦ;
765 778 890 806 Διδάσκει
911 780 939 806 δὲ

146 819 176 846 τὸ
190 820 256 846 αὐτὸ
273 820 386 856 Πνεῦμα
412 823 474 853 τοὺς
494 823 655 857 προσιόντας
670 822 699 856 ἐξ
715 824 799 850 ἐθνῶν
814 825 887 860 μόνῳ
901 825 939 860 τῷ

144 864 206 900 Θεῷ
220 865 326 899 λέγειν*
347 875 356 891 ι
376 867 421 893 Σοὶ
439 868 538 902 πρέπει
557 868 639 903 ὓμνος
651 877 657 883 ·
679 879 687 894 ι
700 869 737 901 ὡς
752 870 784 896 ἂν
801 879 938 905 κατεγνω-

994 273 1136 309 subjungit
1152 281 1159 300 :
1183 283 1194 299 ο
1211 274 1244 301 Et
1261 273 1396 301 timebunt
1411 274 1457 309 qui
1472 274 1608 303 habitant
1621 276 1753 305 terminos
1767 286 1782 305 ι

994 320 1080 355 signis
1091 320 1157 347 luis.
1180 329 1188 345 ι
1205 320 1274 346 Nam
1288 319 1360 354 quod
1374 327 1471 347 omnes
1485 321 1530 355 qui
1551 321 1711 350 habitabant
1726 327 1783 351 ter-

993 366 1084 393 minos
1098 370 1178 393 terra:
1189 365 1317 392 timerent
1345 372 1360 391 a
1381 366 1468 400 signis
1483 365 1541 398 Dei,
1565 367 1591 395 id
1606 367 1740 396 bonorum
1755 372 1781 396 et

993 412 1248 446 sapientiminitium
1257 415 1316 438 erat
1330 419 1335 435 2
1347 411 1481 445 siquidem
1495 421 1504 436 ί
1520 412 1628 440 initium
1643 414 1782 449 sapientiae

994 458 1076 485 timor
1089 457 1197 485 Domini
1211 457 1243 484 ".
1260 467 1269 483 ι
1286 457 1334 485 Ilis
1356 456 1389 484 de
1414 457 1506 485 causis
1521 467 1530 483 ι
1546 457 1575 485 1η
1591 459 1670 487 ﬁnem
1685 470 1693 486 ι
1709 461 1780 496 psal-

993 512 1054 531 mus
1069 504 1233 531 inscribitur
1245 512 1251 529 :
1265 507 1362 539 estque
1373 504 1495 539 psalmus
1508 506 1618 537 cantici,
1634 506 1782 542 triumpha-

993 550 1045 577 lem
1052 550 1184 586 hymnum
1194 551 1221 577 in
1232 549 1405 578 Servatorem
1415 551 1536 586 gentium
1546 552 1739 587 complectens.
1750 552 1782 580 Et

992 595 1027 622 ob
1036 603 1094 622 eam
1107 603 1164 622 rem
1178 595 1298 630 Spiritus
1306 600 1419 624 sanctus
1429 596 1525 629 Deum,
1540 597 1586 632 qui
1601 604 1682 632 supra
1690 599 1781 626 omnia

992 645 1034 668 est
1045 661 1052 672 ,
1070 641 1190 668 celebrat
1208 641 1304 669 dicens
1320 651 1325 668 :
1348 652 1357 667 ι
1369 641 1407 670 Te
1423 642 1501 670 decet
1517 643 1644 678 hymnus,
1652 643 1734 676 Deus,
1754 645 1781 671 in

993 685 1069 713 Sion.
1084 695 1092 712 ι
1105 686 1191 719 Quem
1201 687 1273 714 enim
1281 687 1364 714 alium
1375 696 1424 723 pro
1434 689 1555 715 omnium
1564 689 1704 716 hominum
1711 690 1783 717 salu-

991 735 1018 758 te
1024 732 1157 759 celebrari
1165 732 1297 767 oportuit,
1305 733 1358 760 nisi
1368 734 1458 761 omnis
1466 734 1529 761 horti
1539 734 1784 762 auctoretn‘lDocet

991 782 1080 803 autem
1091 777 1161 804 idem
1172 777 1292 813 Spiritus
1299 786 1347 805 eos
1354 778 1399 813 qui
1407 787 1439 806 ex
1453 780 1579 815 gentibus
1587 780 1719 808 accedunt
1732 781 1782 809 soli

991 822 1045 850 Deo
1051 822 1141 850 dicere
1147 822 1246 850 debere
1254 833 1260 850 :
1267 833 1275 849 ι
1282 823 1318 850 Te
1326 824 1402 852 decet
1410 824 1536 859 hymnus,
1545 825 1702 860 iqnasisese
1708 826 1783 853 dam-

992 872 1100 900 nantes,
1118 868 1192 903 quod
1204 869 1354 896 multorum
1388 870 1534 897 numinum
1550 871 1637 898 errori
1652 871 1782 899 indecen-

146 910 229 941 κύσας
239 911 355 943 ἑαυτῶν,
372 913 415 939 ὅτε
439 913 476 948 μὴ
492 914 646 949 πρέποντας
661 916 763 951 ὕμνους
781 917 939 952 ἀνέπεμπον

992 918 1034 940 ter
1049 913 1165 949 hymnos
1179 915 1346 942 emisissent.
1364 914 1446 942 Deum
1460 920 1549 942 autem
1566 915 1684 951 hymnus
1695 915 1782 948 decet.

146 957 178 991 τῇ
197 956 320 993 ωλυθέῳ
334 958 434 994 πλάνῃ.
450 959 553 995 Πρέπει
568 960 595 986 δὲ
614 960 698 995 ὕμνος
710 961 749 996 τῷ
760 961 818 996 Θεῷ
833 963 862 989 οὐ
876 964 939 995 πᾶς,

145 1001 203 1029 ἀλλ’
218 1002 274 1029 ἁὲν
292 1002 362 1029 Σιὼν
384 1004 624 1040 ἀναπεμπόμενος.
644 1005 744 1041 δηλαδὴ
759 1007 773 1032 6
786 1008 814 1033 ὲν
829 1009 861 1043 τῇ
879 1009 941 1035 Ἐκ-

145 1046 246 1082 κλησίᾳ
260 1047 354 1075 αὑτοῦ.
369 1047 438 1075 Σιὼν
459 1050 508 1084 μὲν
522 1051 576 1085 γάρ
596 1051 670 1078 ἔστιν
689 1051 802 1088 ἀληθινὴ
823 1054 838 1088 ή
857 1054 939 1080 ἐπου-

147 1092 240 1127 ράνιος
258 1093 442 1130 Ἰερουσαλὴμ,
456 1096 502 1121 καὶ
516 1096 545 1122 τὸ
553 1096 713 1131 ἐπουράνιον
724 1097 786 1132 ὅρος
800 1098 846 1125 τοῦ
854 1098 921 1125 Θεοῦ
931 1108 937 1114 ·

146 1138 211 1173 περὶ
228 1136 259 1166 οὗ
274 1139 408 1166 διδάσκων
429 1142 443 1167 6
464 1141 624 1174 Ἀπόστολος
635 1143 709 1177 ἔλεγε
722 1152 728 1158 ⁸
749 1153 757 1168 α
772 1144 940 1180 Προσεληλύ-

145 1183 212 1210 θατε
224 1183 293 1210 Σιὼν
306 1184 374 1220 ὄρει,
396 1186 443 1212 καὶ
460 1186 535 1213 πόλει
550 1187 617 1214 Θεοῦ
634 1188 743 1220 ζῶντος,
767 1189 940 1226 Ἰερουσαλὴμ.

145 1229 311 1264 ὲπουρανιῳ,
340 1231 386 1256 καὶ
408 1232 537 1266 μυριάσιν
564 1234 689 1267 ἀγγέλων
713 1235 875 1270 πανηγύρει,
894 1236 940 1262 καὶ

153 1273 300 1311 Ἐκκλησία
331 1278 510 1312 πρωτοτόκων
535 1279 790 1315 ἀπογεγραμμένων
811 1283 839 1307 ὲν
858 1283 941 1317 οὐρα-

145 1320 203 1352 νοῐς
214 1328 222 1335 ·
242 1329 252 1346 ι
266 1322 313 1347 καὶ
343 1323 438 1349 πάλιν·
454 1333 462 1348 ε
491 1324 521 1350 ’Π
552 1324 579 1350 δὲ
594 1325 650 1351 ἄνω
673 1327 848 1362 Ἰερουσαλὴμ
863 1327 940 1354 ἐλευ-

145 1364 216 1400 θέρα
234 1366 319 1396 ἐστὶν,
341 1367 402 1402 ἥτις
422 1368 480 1394 ἐστὶ
499 1370 590 1405 μήτηρ
602 1370 692 1405 ἡμῶν.
716 1380 724 1396 ι
758 1371 830 1407 Αὕτη
848 1371 880 1398 ἂν
897 1372 939 1407 εῐη

145 1411 163 1446 ὴ
181 1410 285 1446 ἀληθὴς
310 1412 497 1449 Ἰερουσαλὴμ,
515 1416 561 1441 καὶ
587 1417 603 1450 ὴ
627 1416 728 1451 κυρίως
753 1416 941 1452 ἀναδειχθείσα

146 1455 227 1489 Σιὼν,
241 1458 283 1491 ἐφ’
301 1455 334 1493 ἧς
350 1459 397 1485 καὶ
422 1459 574 1494 βασιλεύειν
600 1461 723 1488 λέλεκται
745 1464 759 1489 6
783 1463 879 1498 Σωτὴρ
895 1463 940 1489 καὶ

146 1501 249 1538 Κύριος
269 1503 360 1538 ἡμῶν,
378 1504 474 1540 ὥσπερ
499 1504 545 1532 οὖν
562 1506 681 1533 διδάσκει
703 1507 790 1541 λέγων
804 1508 884 1539 αὐτὸς
911 1508 940 1534 ὲν

145 1547 169 1574 6’
184 1547 302 1584 ψαλμῷ·
319 1558 328 1575 ι
350 1550 421 1584 Ἐγὼ
438 1551 465 1577 δὲ
478 1552 649 1587 κατεστάοην
670 1552 796 1587 βασιλεὺς
810 1554 856 1579 ἐπὶ
871 1553 939 1579 Σιὼν

143 1593 244 1629 δροςτὸ
261 1594 337 1629 ἅγιον
351 1595 443 1622 αὑτοῦ.
452 1606 460 1621 ι
471 1597 502 1623 ’Π
516 1597 584 1632 αὑτὴ
594 1598 615 1624 δ’
630 1597 662 1624 ἂν
673 1599 714 1634 εἴη
725 1600 740 1634 ἡ
751 1598 941 1632 καταγγελλο-

146 1639 216 1676 μένη
245 1642 302 1673 τοῖς
315 1642 346 1667 τὸ
372 1642 536 1676 Εὐαγγέλιον
559 1644 791 1679 παραδεχομένοις
819 1645 939 1680 βασιλεία

143 1686 277 1721 οὐρανῶν.
306 1687 396 1714 Εῑκὼν
426 1688 447 1715 δ’
473 1690 579 1725 ἐκείνης
605 1691 621 1725 ἠ
646 1690 692 1716 ἐπὶ
710 1691 761 1726 γῆς
785 1691 882 1725 γένοιτ’
907 1692 940 1718 ἂν

150 1729 299 1767 Ἐκκλησία
309 1741 315 1746 ·
331 1732 484 1768 ὁμωνύμως
499 1735 546 1760 καὶ
562 1734 631 1770 αὑτὴ
645 1734 799 1770 καλουμένη
814 1735 877 1761 ποτὲ
892 1735 939 1769 μὲν

143 1776 234 1809 Σιὼν,
260 1777 326 1804 ποτὲ
349 1777 377 1806 δὲ
405 1778 601 1814 Ἰερουσαλὴμ,
632 1781 679 1806 καὶ
702 1780 794 1806 ἄλλοτε
818 1780 939 1816 θυγάτηρ

144 1821 224 1854 Σιὼν,
249 1822 264 1857 ἢ
288 1822 411 1859 Θυγάτηρ
432 1824 618 1861 Ἰερουσαλήμ.
638 1826 715 1852 Οὕτω
732 1826 797 1860 γοῦν
812 1827 897 1862 αὐτὴν
915 1828 938 1853 οἱ

144 1867 283 1903 προφῆται
315 1868 489 1901 Θεσπίζοντες
512 1871 686 1906 ἀνηγόρευον.
711 1872 739 1898 Ὀ
753 1871 843 1898 τοίνυν
855 1871 939 1907 ὕμνος

143 1914 158 1940 6
172 1914 203 1940 ἐν
218 1915 252 1950 τῇ
271 1913 350 1947 Σιὼν,
371 1916 430 1951 ἦτοι
455 1917 488 1951 τῇ
509 1917 672 1952 ἐπουρανίῳ,
689 1917 704 1952 ἥ
719 1919 765 1944 καὶ
780 1919 811 1953 τῇ
826 1918 872 1945 ἐπὶ
887 1918 939 1954 γῆς

151 1959 301 1996 Ἐκκλησία
315 1960 362 1987 τοῦ
380 1961 448 1987 Θεοῦ
477 1962 615 1997 ᾁδόμενος,
635 1963 734 1998 πρέποι
750 1963 782 1990 ἂν
802 1965 880 1998 μόνος
902 1964 939 1999 τῷ

146 2005 310 2041 ὓμνουμένῳ
319 2005 387 2041 Θεῷ.
400 2007 478 2033 Πᾶσα
489 2007 517 2034 δὲ
530 2009 546 2043 ἡ
559 2009 637 2040 ὲκτὺς
647 2009 696 2043 τῆς
719 2009 879 2044 Ἐκκλησίας
892 2010 938 2036 τοῦ

144 2052 212 2079 θεοῦ
240 2052 373 2089 λεγομένη
405 2054 538 2088 θεολογία,
566 2055 619 2081 εἴτε
636 2055 711 2090 παρὰ
731 2058 786 2087 τοῖς
807 2055 939 2091 Ἐλλήνων

145 2100 248 2134 σοφοῖς,
274 2100 327 2127 εἴτε
346 2099 419 2135 παρὰ
440 2102 495 2132 τοῖς
511 2101 601 2133 ἀθέοις
622 2101 795 2136 ἐτεροδύξοις,
812 2101 939 2137 ἀπρεπὴς

145 2145 179 2172 ἂν
201 2145 254 2180 εἰη.
286 2145 346 2171 Τῶν
372 2145 426 2181 γὰρ
453 2147 518 2183 παρ⁴
535 2146 647 2182 Ἕλλησι
676 2147 766 2181 σοφῶν
783 2148 807 2173 οἰ
828 2148 876 2182 μὲν
899 2148 938 2179 είς

145 2189 280 2226 ἀθεότητα
299 2190 418 2225 παντελῆ
437 2191 696 2223 καταπεπτὼκασιν,
710 2193 734 2218 οι
751 2192 778 2218 δὲ
795 2193 845 2227 τὴν
858 2192 939 2218 πολύ-

144 2235 206 2263 θιον
232 2236 337 2271 πλάνην
358 2236 517 2271 ἐσέμνυναν,
537 2237 597 2263 Τῶν
613 2237 641 2263 δὲ
658 2237 745 2264 ἀθέων
768 2237 936 2273 αἰρεσιωτῶν
955 2252 976 2279 D

144 2281 170 2309 οῑ
182 2280 232 2317 μὲν
249 2281 376 2313 πλείστας
394 2282 440 2308 καὶ
453 2282 577 2313 ἐναντίας
591 2282 677 2318 ἀρχὰς
693 2283 890 2318 ὑπεστήσαντο,
912 2284 936 2309 ιι

143 2327 172 2355 δὲ
187 2329 320 2364 πονηραῖς
337 2327 383 2354 καὶ
406 2327 522 2362 φαύλαις
538 2328 668 2363 δυνάμεσι
693 2328 741 2363 τὴν
764 2328 810 2355 τοῦ
837 2328 937 2360 παντὸς

143 2373 276 2409 διοίκησιν
286 2373 502 2401 ἀνατεθείκασιν.
514 2374 584 2408 ’Πᾶη
596 2374 624 2400 δὲ
639 2375 686 2401 καὶ
696 2374 785 2400 αὐτῶν
803 2374 937 2401 Ἰουδαίων

145 2418 250 2450 παῖδες,
269 2419 502 2455 ἀνθρωπόμορφον
520 2420 565 2446 καὶ
580 2419 782 2455 ἀνθρωποπαθῆ
798 2419 843 2446 τὸν
860 2419 936 2451 Θεὸν,

143 2463 183 2499 τῷ
200 2465 238 2500 μὴ
252 2466 322 2491 νοεῖν
340 2465 389 2496 τὰς
401 2464 524 2500 Γραφὰς,
542 2465 696 2499 εἰσάγοντες
710 2473 716 2480 ⁸
735 2465 802 2492 ἀλλὰ
817 2465 863 2491 καὶ
889 2474 939 2500 μυ-

146 2508 191 2544 ρία
203 2508 306 2535 ἓκτοπσ.
315 2510 362 2536 καὶ
377 2510 491 2536 ταπεινὰ
511 2510 732 2545 μυθολογοῦντες.
748 2510 854 2546 μακρὰν
872 2510 939 2536 ἁπο-

144 2553 305 2580 πεπτώκασι
327 2554 374 2581 τοῦ
394 2555 545 2590 πρέποντος
562 2554 656 2590 ὕμνου.
675 2554 758 2582 Μόνοι
773 2555 800 2581 δὲ
810 2556 834 2581 οι
852 2556 880 2581 ἑν
904 2556 936 2590 τῇ

150 2599 299 2636 Ἐκκλησία
313 2600 359 2627 τοῦ
377 2600 444 2628 Θεοῦ
462 2602 507 2628 τὸν
523 2602 661 2636 πρέποντα
676 2600 759 2636 ὕμνον
778 2601 842 2636 παρ’
855 2601 937 2628 αὑτοῦ

142 2644 329 2681 δεδιδαγμένοι
352 2646 399 2672 τοῦ
416 2646 543 2683 Σωτῆρος
559 2647 684 2680 ἐπαξίως.
695 2646 738 2672 τὸν
753 2646 861 2682 Πατέρα
880 2646 938 2674 θεο-

142 2690 267 2725 λογοῦσιν
278 2700 284 2706 ³
299 2691 314 2718 ὃ
326 2691 357 2727 δὴ
368 2693 515 2728 παρίστησι
525 2692 568 2719 διὰ
581 2693 630 2728 τῆς
643 2691 710 2727 μετὰ
722 2693 815 2729 χεῖρας
826 2693 938 2726 φάσκων

142 2736 224 2773 ὼδῆς·
241 2747 250 2763 ι
265 2737 310 2764 Σοὶ
323 2738 422 2773 πρέπει
436 2739 528 2774 ὕμνος,
547 2740 560 2766 ὁ
576 2739 651 2770 Θεὸς,
667 2739 696 2765 ὲν
713 2737 792 2764 Σιών.
811 2747 820 2763 ›
842 2738 939 2774 Ἀπρε-

144 2780 198 2817 πῆς
210 2781 238 2808 δὲ
251 2781 336 2817 ὕμνος
346 2782 456 2818 ’λεχθείη
470 2783 503 2810 ἂν
513 2784 526 2809 6
542 2783 650 2818 δαίμοσι
665 2784 791 2818 πονηροῖς
805 2783 850 2808 καὶ
862 2782 938 2808 πνεύ-

180 2870 202 2888 ¹³
217 2870 292 2899 Psal.
307 2879 350 2902 ul,
367 2871 409 2898 10.

954 1578 974 1605 C

992 967 1046 986 non
1059 960 1159 994 quivis,
1175 960 1222 987 sed
1235 960 1317 994 quiin
1329 960 1406 992 Sion,
1423 961 1549 988 videlicet
1560 961 1606 996 qui
1624 961 1651 988 in
1661 960 1782 989 Ecclesia

991 1005 1051 1039 ejus
1078 1005 1222 1033 emittitur.
1243 1005 1310 1033 Nam
1326 1013 1389 1033 vera
1420 1005 1485 1033 Sion
1503 1010 1546 1033 est
1571 1006 1690 1034 (-mlestts
1705 1005 1783 1034 Jeru-

992 1050 1088 1082 salem,
1116 1055 1142 1078 et
1171 1051 1294 1078 ccclcstis
1322 1059 1401 1078 mons
1420 1050 1488 1078 Dei:
1521 1051 1554 1078 de
1569 1059 1623 1085 quo
1637 1051 1783 1087 Apostolus

991 1095 1050 1122 haec
1068 1095 1165 1122 docuit
1182 1105 1188 1122 :
1208 1105 1217 1121 ι
1237 1094 1403 1122 Accessistis
1417 1095 1450 1122 ad
1476 1094 1542 1122 Sion
1557 1087 1686 1128 montem,
1706 1100 1734 1123 et
1744 1095 1783 1123 ci-

991 1140 1101 1167 vitatem
1114 1140 1162 1168 Dei
1174 1141 1303 1172 viventis,
1328 1140 1480 1169 Jerusalem
1506 1141 1656 1172 cwlestcm,
1674 1145 1700 1168 et.
1712 1141 1783 1168 mul-

991 1189 1080 1213 torum
1100 1187 1216 1214 millium
1244 1187 1401 1222 angelorum
1430 1186 1621 1220 frequentiam,
1638 1191 1665 1213 οι
1692 1186 1784 1214 Eccle-

991 1231 1059 1259 siam
1076 1233 1286 1267 primitivorum,
1302 1233 1348 1268 qui
1365 1233 1514 1267 conscripti
1523 1237 1586 1260 sunt
1600 1232 1627 1259 in
1641 1232 1780 1266 cmlis";i

992 1284 1023 1305 ac
1038 1286 1165 1306 rursum:
1186 1289 1194 1304 ι
1213 1280 1260 1306 Illa
1283 1285 1374 1307 autem
1393 1288 1453 1315 qua:
1470 1288 1581 1308 sursum
1606 1284 1648 1307 est
1671 1278 1783 1307 Jerusa-

992 1324 1054 1356 lem,
1072 1323 1157 1351 libera
1186 1328 1238 1355 est,
1262 1332 1323 1358 qua!
1350 1328 1392 1351 est
1416 1329 1505 1352 mater
1530 1329 1623 1352 nostra
1644 1326 1674 1350 ".
1692 1334 1701 1350 ι
1720 1323 1782 1351 ΙΙωο

992 1377 1058 1397 sane
1071 1370 1153 1397 fuerit
1172 1377 1236 1398 vera
1252 1369 1416 1403 Jerusalem,
1444 1376 1471 1398 et
1504 1380 1564 1406 qua:
1579 1371 1688 1406 proprie
1717 1371 1781 1398 Sion

991 1415 1172 1449 comprobata
1183 1419 1235 1445 est.
1255 1416 1281 1442 in
1295 1422 1347 1450 qua
1363 1423 1479 1451 regnare
1496 1416 1597 1443 dicitur
1615 1415 1742 1443 Salvator
1756 1419 1783 1443 et

991 1461 1123 1489 Dominus
1140 1466 1244 1494 noster,
1261 1466 1288 1488 ut
1306 1461 1364 1496 ipse
1375 1461 1455 1489 docet
1472 1462 1499 1488 in
1520 1461 1642 1489 secundo
1658 1462 1780 1496 psalmo:

994 1517 1003 1532 ι
1022 1506 1078 1542 Ego
1109 1511 1200 1534 autem
1234 1507 1403 1534 constitutus
1438 1515 1499 1534 sum
1531 1515 1577 1534 rex
1608 1515 1690 1542 super
1715 1506 1781 1535 Sion

992 1557 1111 1580 montem
1125 1556 1251 1580 sanctum
1265 1552 1326 1586 ejus
1348 1553 1380 1579 η.
1404 1562 1412 1578 ι
1431 1551 1459 1580 Id
1487 1552 1576 1587 ipsum
1592 1556 1683 1581 autem
1700 1552 1782 1580 fuerit

993 1606 1106 1633 regnum
1122 1598 1267 1629 ccelorum,
1280 1598 1353 1632 quod
1380 1598 1581 1632 accipientibus
1603 1597 1778 1632 Evangelium

991 1645 1181 1671 annuntiatnr.
1199 1644 1290 1678 Imago
1301 1643 1473 1670 autemillius
1489 1643 1571 1670 fuerit
1582 1643 1704 1671 Ecclesia
1722 1651 1782 1679 qua:

992 1693 1019 1717 in
1038 1695 1109 1717 terra
1126 1692 1167 1721 est
1187 1697 1193 1715 :
1212 1696 1271 1723 qua
1290 1689 1348 1723 pari
1364 1688 1475 1715 nomine
1498 1687 1580 1715 modo
1596 1687 1674 1718 Sion,
1699 1686 1781 1715 modo

991 1736 1154 1767 Jerusalem,
1173 1735 1321 1769 aliquando
1338 1734 1393 1761 ﬁlia
1410 1733 1488 1764 Sion,
1503 1733 1650 1768 aliquando
1667 1732 1721 1760 ﬁlia
1738 1732 1781 1760 Je-

991 1782 1111 1810 rusalem
1123 1781 1269 1808 vocitatur.
1291 1779 1337 1807 Sic
1350 1780 1441 1815 itaque
1458 1779 1531 1806 illam
1551 1778 1690 1814 prophetae
1706 1778 1783 1805 vati-

991 1828 1115 1856 cinantes
1137 1825 1319 1862 appellabant.
1337 1825 1460 1860 Hymnus
1485 1824 1567 1859 igitur
1592 1825 1638 1858 qui
1658 1825 1685 1851 in
1703 1823 1780 1856 Sion.

990 1874 1036 1901 illa
1056 1872 1161 1899 scilicet
1184 1872 1301 1902 caelesti,
1327 1870 1384 1898 sive
1408 1870 1434 1896 in
1456 1869 1578 1896 Ecclesia
1596 1868 1643 1895 Dei
1668 1875 1729 1903 qua;
1753 1869 1780 1895 in

991 1922 1063 1945 terra
1076 1922 1128 1948 est.
1142 1917 1263 1948 canitur,
1280 1915 1355 1943 solus
1369 1908 1535 1941 celebrando
1556 1912 1610 1940 Deo
1625 1912 1778 1940 conveniat.

992 1962 1087 1990 Onmis
1096 1970 1162 1989 vero
1188 1969 1250 1996 quae
1267 1965 1343 1988 extra
1356 1959 1507 1986 Ecclesiam
1527 1958 1574 1985 Dei
1586 1958 1722 1993 theologia
1738 1957 1780 1985 di-

991 2008 1073 2039 citur,
1099 2006 1156 2034 sive
1184 2005 1256 2041 apud
1278 2004 1436 2032 Graecorum
1451 2003 1601 2038 sapientes,
1627 2002 1685 2029 sive
1709 2001 1779 2037 apud
1829 2026 1837 2032 _

992 2053 1090 2087 impios
1113 2052 1295 2079 heterodoxos
1312 2071 1319 2082 .
1347 2049 1477 2077 indecens
1501 2048 1554 2076 dici
1585 2048 1682 2083 possit.
1712 2046 1780 2074 Nam

991 2098 1079 2126 Grmci
1097 2099 1245 2133 sapientes,
1259 2097 1304 2124 alii
1318 2097 1345 2123 in
1360 2096 1463 2123 nullius
1482 2094 1529 2122 Dei
1544 2095 1647 2122 cultum
1671 2093 1781 2129 penitus

991 2145 1059 2180 lapsi
1077 2148 1156 2176 sunt;
1176 2143 1220 2170 alii
1236 2143 1385 2169 multorum
1412 2140 1556 2168 numinum
1573 2147 1694 2168 errorem
1709 2139 1782 2166 cele-

991 2189 1116 2216 brarunt.
1134 2187 1210 2222 lmpii
1224 2190 1314 2213 autem
1331 2185 1452 2212 han-elici
1466 2205 1473 2217 ,
1490 2185 1535 2212 alii
1548 2185 1666 2221 plurima
1674 2187 1701 2211 et
1715 2192 1781 2212 con-

992 2233 1076 2259 traria
1092 2232 1227 2268 principia
1242 2230 1464 2263 constituerunt;
1481 2230 1527 2256 alii
1542 2229 1632 2265 pravis
1647 2223 1781 2263 malisque

993 2277 1141 2305 virtutibus
1173 2277 1295 2304 universi
1319 2275 1585 2304 administrationem
1616 2274 1779 2309 ascripsere.

991 2323 1050 2350 Jam
1082 2331 1147 2350 vero
1179 2323 1231 2358 ipsi
1253 2321 1351 2353 Judaei,
1379 2322 1527 2348 humanam
1548 2320 1662 2346 formam
1683 2320 1781 2346 huma-

992 2377 1097 2404 nosque
1114 2369 1238 2400 atl'ectus,
1265 2367 1338 2403 quod
1357 2367 1514 2401 Scripturas
1543 2373 1596 2392 non
1615 2365 1780 2400 intelligunt,

993 2415 1049 2442 Deo
1071 2415 1205 2450 attingunt
1223 2423 1228 2440 :
1247 2414 1301 2440 imo
1317 2420 1382 2440 vero
1395 2412 1500 2439 inﬁnita
1528 2410 1648 2438 absurda
1659 2410 1781 2445 abjecta-

990 2468 1044 2495 que
1070 2460 1235 2490 fabulantes.
1256 2458 1290 2485 ab
1318 2458 1420 2493 hymno
1436 2457 1483 2492 qui
1501 2456 1596 2483 deceat
1619 2456 1700 2491 longe
1719 2463 1783 2491 pro-

989 2506 1057 2540 lapsi
1067 2510 1142 2533 sunt.
1154 2506 1175 2532 Ii
1191 2512 1254 2531 vero
1275 2503 1325 2531 soli
1342 2503 1388 2537 qui
1403 2505 1429 2530 in
1440 2502 1562 2529 Ecclesia
1578 2501 1625 2529 Dei
1639 2502 1781 2529 decentem

990 2552 1120 2587 hymnum
1135 2552 1169 2578 ab
1186 2552 1245 2585 ipso
1260 2549 1406 2576 Scrvatore
1420 2548 1511 2575 edocti
1528 2552 1602 2580 sunt,
1619 2547 1781 2582 condignam

993 2597 1169 2632 divinumque
1182 2596 1215 2623 de
1231 2595 1312 2623 Patre
1330 2595 1483 2622 doctrinam
1499 2593 1635 2626 etTerunl',
1654 2592 1727 2627 quod
1754 2593 1781 2619 in

992 2643 1119 2678 pra-senti
1144 2642 1252 2669 cantico
1270 2641 1425 2669 declaratur
1438 2640 1480 2667 his
1496 2640 1607 2667 verbis:
1625 2649 1634 2664 ι
1656 2638 1694 2666 Te
1705 2638 1782 2666 decet

992 2690 1122 2725 hymnus.
1140 2689 1220 2721 Deus,
1234 2690 1262 2716 in
1283 2688 1358 2716 Sion.
1374 2698 1383 2714 ›
1404 2687 1535 2715 Indecens
1552 2693 1635 2723 porro
1663 2686 1782 2723 hymnus

992 2735 1111 2767 dicatur,
1124 2735 1170 2770 qui
1189 2735 1316 2770 malignis
1332 2733 1504 2762 dannonibus
1515 2732 1684 2769 impurisque
1697 2731 1781 2766 spiri-

992 2782 1065 2809 tibus
1080 2781 1228 2809 emittitur:
1241 2781 1371 2808 indecens
1388 2780 1450 2808 item
1460 2780 1504 2816 qui
1519 2780 1581 2812 soli,
1602 2779 1683 2811 lunzc,
1699 2777 1781 2805 astri:

469 2870 587 2899 ίδ-Ποιπ.
610 2879 660 2905 xu,
680 2871 721 2899 .2.
762 2871 783 2887 ”
800 2870 888 2898 Calat.
908 2878 946 2903 tv,
962 2870 1008 2899 26.
1049 2870 1071 2886 "
1087 2869 1160 2898 Psal.
1178 2877 1210 2901 ιι,
1226 2868 1254 2896 6.
