2041 3215
285 174 335 202 ὕῖιΙ

624 175 757 204 EUSEBII
774 177 1013 207 C/ESARIENSIS
1029 180 1105 208 ()PP.
1123 180 1214 208 PARS
1235 181 1278 210 111.
1298 197 1334 204 —-
1353 181 1558 212 EXEGETICA.

1863 188 1912 216 632

285 235 328 258 est
346 231 452 258 beatum
468 231 614 266 prtedicat;
635 237 728 269 utpote
741 236 788 270 qui
812 243 827 263 a
850 236 905 264 Deo
916 243 1057 273 assumptu

1128 240 1202 276 παρὰ
1220 240 1257 275 τῷ
1268 241 1365 277 Πατρί.
1382 252 1391 267 ι
1419 243 1448 270 Ὀ
1465 243 1553 270 τοίνυν
1569 243 1598 276 ἐξ
1611 244 1695 271 ἐθνῶν
1709 246 1791 273 πάλαι
1808 247 1857 282 μὲν
1877 248 1911 275 ὢν

284 282 313 304 et
337 277 365 305 in
391 278 459 305 atria
484 278 607 306 caelestis
630 279 781 309 Jerusalem
807 283 958 311 translatus
981 284 1072 312 fuerit.

287 331 297 348 ι
313 322 487 357 Replebimur
510 326 538 353 in
562 325 642 353 bonis
670 326 768 355 domus
792 331 864 355 tuae:
881 333 1006 356 sanctum
1032 335 1073 358 est

285 369 414 403 templum
443 373 533 403 tuum,
558 371 684 398 mirabile
707 373 735 398 in
748 372 867 406 justitia.
886 384 895 400 ι
913 374 964 407 Qui
989 383 1073 410 supra

280 412 426 441 memorati
442 420 516 448 sunt,
535 416 607 443 bona
623 417 757 450 calestia,
779 419 858 453 queis
873 420 1021 453 praedictus
1031 421 1072 448 vir

285 460 380 488 beatus
402 460 502 496 dignus
527 462 637 490 habitus
655 467 708 495 est,
735 466 866 500 consequi
884 471 1070 501 peroptantes,

282 506 358 533 aiunt
372 516 378 534 :
395 516 404 532 α
419 507 595 542 Replebimur
611 508 637 535 in
655 509 734 536 bonis
749 509 848 537 domus
867 515 927 538 tuae.
954 521 963 536 ι
982 512 1072 540 (ΖωΙοο

281 555 351 578 stem
371 552 444 578 enim
460 553 535 579 illam
549 552 596 580 Dei
613 553 737 586 domum,
757 555 837 589 cujus
854 555 880 582 in
897 557 975 584 atriis
987 557 1011 583 is
1023 558 1070 592 qui

278 596 335 630 jam
359 597 463 625 electus
485 597 537 625 fuit
567 600 732 627 constitutus
763 605 815 632 est,
845 602 929 635 probe
957 609 1068 631 norunt.

280 642 464 674 Quamobrem
481 648 638 678 precantur,
652 653 683 672 se
694 653 805 680 quoque
821 651 978 681 opportuno
998 654 1069 676 tem-

280 695 346 722 pore
367 689 490 717 cmlestia
514 690 559 716 illa
580 690 651 717 bona
673 692 817 727 consequi.
831 692 911 725 Quod
931 693 954 720 si
971 694 1070 722 domus

280 732 328 760 Dei
343 733 465 762 Ecclesia
480 735 540 769 ejus
555 736 590 763 sit
606 737 758 764 secundum
770 737 944 773 Apastolum,
957 741 1002 774 qui
1014 740 1066 766 ait:

281 789 290 804 ι
309 779 343 806 Ut
362 781 435 807 scias
452 781 590 816 quomodo
604 788 729 816 oporteat
751 787 776 810 te
795 785 822 810 in
837 785 920 812 domo
937 785 982 812 Dei
1007 793 1069 813 con-

277 826 394 858 versari,
409 834 469 861 quae
485 830 527 854 est
545 826 667 854 Ecclesia
686 827 732 856 Dei
755 829 821 861 vivi,
840 831 968 858 columna
983 834 1010 859 et
1024 831 1068 858 lir-

278 874 447 897 mamentum
470 871 595 899 veritatis
608 873 648 905 ";
666 882 675 898 ι
688 873 751 908 jure
773 874 887 902 dicunt:
905 875 1004 904 Beatus
1022 877 1067 904 ille

1127 285 1206 320 σὰρξ,
1226 286 1385 321 μεταϐαλὼν
1400 288 1428 314 δὲ
1449 290 1494 315 καὶ
1514 290 1659 325 γενόμενος
1678 291 1745 318 Θεοῦ
1760 292 1910 327 ἅνθρωπος,

1127 332 1272 367 μακαρίζει
1295 332 1340 359 τὸν
1363 333 1502 369 ἐξαίρετον
1526 335 1573 361 καὶ
1596 336 1645 371 ήδη
1665 337 1808 364 ἐκλεκτόν·
1829 339 1867 371 ὡς
1882 340 1911 366 ἂν

1125 377 1331 412 προσληφθέντα
1351 379 1403 405 ὑπὸ
1425 380 1472 406 τοῦ
1489 380 1556 406 Θεοῦ
1576 382 1622 407 καὶ
1645 383 1858 418 παραληφθέντα
1876 387 1912 419 εἰς

1123 421 1173 453 τὰς
1196 423 1280 455 αὐλὰς
1297 424 1347 459 τῆς
1367 426 1529 460 ἐπουρανίου
1551 427 1736 464 Ἰερουσαλήμ.
1758 439 1766 454 ι
1788 430 1912 467 Πλησθη-

1124 467 1227 501 σόμεθα
1244 469 1273 495 ἑν
1284 471 1339 501 τοῖς
1356 469 1469 504 ἀγαθοῖς
1488 471 1536 497 τοῦ
1552 471 1626 498 οῐκου
1642 481 1688 499 σου
1699 483 1705 488 ·
1732 474 1809 508 ἅγιος
1825 477 1838 503 ὀ
1853 478 1912 509 ναός

1124 519 1189 543 σου,
1216 513 1371 548 θαυμαστὸς
1393 515 1422 540 ὲν
1441 515 1631 552 δικαιοσύνῃ.»
1655 518 1686 544 Οἱ
1709 520 1909 556 πωλεχθέντες,

1122 559 1213 591 τυχεῖν
1229 559 1371 594 εὐχόμενοι
1388 559 1434 586 καὶ
1446 560 1523 587 αὐτοὶ
1544 562 1596 588 τῶν
1611 563 1780 599 ἐπουρανίων
1794 566 1910 600 ἀγαθῶν,

1122 600 1161 630 ὧν
1178 603 1291 638 ἠξίωται
1309 606 1323 631 6
1337 607 1536 641 προειρημένος
1552 609 1696 643 μακάριος,
1711 611 1810 644 φασίν·
1831 613 1912 648 «Πλη-

1122 648 1278 683 σθησόμεθα
1295 649 1324 674 ὲν
1338 651 1393 682 τοῖς
1411 650 1524 685 ἀγαθοῖς
1538 652 1585 679 τοῦ
1599 653 1675 680 οἴκου
1694 663 1750 681 σου.
1771 665 1780 681 ι
1809 657 1911 690 Ἔγνω-

1122 701 1171 719 σαν
1187 693 1242 728 γὰρ
1266 694 1312 720 τὸν
1333 692 1408 721 οἶκον
1428 696 1475 722 τοῦ
1490 696 1557 723 Θεοῦ
1583 697 1628 724 τὸν
1647 699 1817 734 ἐπουράνιον,
1835 699 1865 728 οὗ
1884 703 1911 728 ὲν

1120 739 1180 769 ταῖς
1197 739 1293 770 αὐλαῖς
1311 739 1326 764 6
1348 740 1398 775 ἤδη
1414 741 1543 774 ἐκλεκτὸς
1563 744 1771 771 κατατέτακται.
1795 747 1841 773 Διὸ
1860 749 1911 774 ἱκε-

1119 781 1228 808 τεύουσι
1255 783 1344 818 καιρῷ
1362 791 1428 810 ποτε
1451 785 1499 812 καὶ
1514 786 1591 813 αὐτοὶ
1611 790 1700 822 τυχεῖν
1721 789 1776 817 τῶν
1796 792 1910 828 ἐπουρα-

1120 827 1185 853 νίων
1215 827 1335 861 ἀγαθῶν.
1364 829 1397 855 Εί
1422 829 1450 855 δὲ
1477 830 1524 856 καὶ
1546 829 1618 864 οἶκος
1637 832 1705 859 Θεοῦ
1731 835 1746 869 ἡ
1766 835 1910 872 Ἐκκλησία

1119 872 1202 899 αὐτοῦ
1226 875 1283 900 ἐστι
1310 873 1380 900 κατὰ
1402 875 1447 901 τὸν
1475 877 1634 905 ’Λπόστολον
1658 879 1799 914 φήσαντα’
1825 891 1836 908 ι
1854 883 1910 911 Ἵνα

275 916 331 950 jam
357 921 431 945 tuam
454 924 621 947 consecutus
646 925 689 948 est
710 922 889 955 electionem;
913 931 962 950 nos
989 929 1059 956 vero,

1117 918 1174 953 ἴδῃς
1190 919 1247 950 πῶς
1266 919 1306 945 δεῖ
1320 921 1348 946 ὲν
1365 921 1432 956 οἴκῳ
1440 921 1506 948 Θεοῦ
1521 924 1748 960 ἀναστρέφεσθαι,
1765 927 1826 963 ἥτις
1839 929 1910 956 ἐστὶν

276 963 322 996 qui
339 964 459 991 nondum
473 965 541 993 tales
552 973 659 997 sumus.
676 967 723 994 sed
739 967 828 995 adhuc
843 969 930 995 induti
946 969 1064 1006 [carne],

275 1009 425 1042 gaudemus
442 1011 520 1045 'quod
543 1012 599 1046 jam
619 1012 665 1040 hic
688 1013 841 1045 constituti,
868 1015 947 1042 bonis
967 1016 1065 1045 domus

275 1057 328 1082 tum
343 1054 478 1089 fruamur,
501 1057 602 1085 divinis
617 1059 723 1086 scilicet
745 1060 930 1094 sermonibus,
955 1063 1064 1097 sapien-

275 1100 319 1128 tia:
339 1101 504 1137 disciplinis,
528 1109 555 1130 et
573 1104 663 1131 sancti
689 1104 808 1140 Spiritus
836 1107 1062 1140 charismalibus,

273 1146 353 1179 queis
368 1147 468 1175 domus
483 1148 531 1176 Dei
546 1154 695 1177 exornatur
711 1161 716 1177 :
736 1160 745 1176 ι
764 1151 815 1179 Alii
829 1154 901 1180 enim
914 1162 961 1188 per
977 1154 1063 1190 Spiri-

273 1197 331 1219 tum
354 1193 434 1221 datur
455 1202 548 1222 sermo
572 1196 724 1230 sapientiae,
753 1197 798 1225 alii
822 1206 915 1226 sermo
931 1200 1062 1233 scientiae,

273 1239 320 1266 alii
336 1239 402 1267 ﬁdes
423 1240 449 1267 in
470 1241 566 1268 eodem
582 1241 697 1277 Spiritu,
720 1244 766 1271 alii
784 1244 856 1272 dona
875 1247 1061 1281 curationum,

273 1285 318 1312 alii
334 1293 433 1319 genera
446 1287 601 1322 linguarum
613 1288 648 1321 ",
668 1298 677 1315 I
691 1294 718 1316 et
734 1289 786 1316 alia
798 1299 858 1326 qua:
870 1292 979 1322 divinus
990 1295 1062 1328 Apo-

271 1330 360 1358 stolus
385 1334 568 1360 enumeravit.
597 1332 655 1361 Hoc
682 1343 712 1363 se
737 1336 837 1371 itaque
859 1345 992 1373 apparatu
1020 1340 1062 1368 in-

271 1379 383 1403 struunt
397 1377 444 1411 qui
461 1378 576 1405 meliora
588 1381 798 1415 concupiscunt.
814 1380 916 1410 Deinde
932 1385 995 1419 quia
1012 1385 1061 1413 do-

270 1429 333 1450 mus
351 1422 398 1450 Dei
420 1424 586 1451 mentionem
609 1425 745 1458 fecerunt,
770 1434 974 1464 consequenter
999 1431 1063 1459 edo-

270 1472 334 1494 cent
346 1476 471 1502 quaanam
485 1470 531 1497 illa
549 1471 586 1498 sit
600 1471 723 1500 dicentes
737 1482 744 1501 :
760 1482 771 1500 ι
787 1473 918 1502 Sanctum
935 1481 977 1504 est
990 1481 1060 1504 lem-

269 1513 344 1548 plum
367 1518 456 1548 tuum,
479 1515 607 1544 mirabile
628 1517 655 1544 in
673 1518 791 1552 justitia.
809 1530 818 1546 ι
838 1519 899 1548 Haec
913 1523 984 1550 enim
1011 1524 1060 1551 do-

269 1566 331 1585 mus
356 1558 405 1586 Dei
429 1563 498 1592 erat,
520 1565 646 1589 sanctum
665 1564 796 1599 templum
819 1566 891 1600 ejus.
915 1566 1058 1603 Templum

1127 963 1275 999 Ἐκκλησία
1297 964 1364 992 Θεοῦ
1385 966 1494 999 ζῶντος,
1518 968 1612 1001 στῦλος
1632 971 1679 997 καὶ
1702 972 1843 1008 ἑδραίωμα
1862 973 1910 1010 τῆς

1119 1009 1287 1044 ἁληθιίας·›
1316 1011 1429 1044 εἰκότως
1452 1016 1548 1048 φασὶν,
1578 1016 1618 1042 ὅτι
1651 1017 1680 1044 '0
1703 1018 1751 1053 μὲν
1776 1009 1910 1058 μακάριος
1950 1054 1954 1059 ν

1119 1055 1169 1090 ἥδη
1198 1056 1249 1091 τῆς
1273 1058 1349 1093 παρά
1376 1059 1417 1085 σοὶ
1443 1061 1593 1096 τετύχηκεν
1618 1063 1750 1099 ὲκλογῆς’
1776 1055 1860 1101 ἡμεῖς

1118 1102 1143 1127 oi
1157 1102 1270 1137 μηδέπω
1283 1104 1409 1136 τοιοῦτοι,
1425 1105 1464 1132 ἔτι
1479 1107 1506 1133 δὲ
1522 1108 1746 1144 περιϐεϐλημένοι
1759 1110 1909 1148 ἀγαπῶμεν

1118 1147 1243 1175 ὶντεῦθεν
1268 1150 1317 1185 ἤδη
1333 1152 1388 1177 τῶν
1409 1152 1438 1178 ὲν
1460 1152 1500 1187 τῷ
1519 1154 1586 1189 οῐκῳ
1605 1163 1652 1180 σου
1667 1155 1776 1189 ἀγαθῶν
1790 1147 1908 1185 ἀπολαύ-

1117 1202 1209 1226 οντες,
1237 1195 1325 1229 λόγων
1355 1197 1455 1233 δηλαδὴ
1480 1198 1560 1225 θείων
1585 1200 1630 1226 καὶ
1646 1200 1712 1228 .τῶν
1733 1203 1782 1237 τῆς
1814 1203 1908 1238 σοφίας

1119 1239 1289 1275 μαθημάτων
1308 1250 1337 1267 τε
1354 1243 1400 1268 καὶ
1422 1244 1599 1278 χαρισμάτων
1619 1245 1666 1271 τοῦ
1688 1246 1764 1280 ἁγίου
1781 1247 1908 1284 Πνεῦμαρ

1116 1293 1161 1315 τος
1171 1305 1178 1316 ,
1196 1282 1236 1316 οἷς
1249 1287 1420 1322 κεκόσμηται
1441 1289 1456 1314 6
1470 1286 1543 1320 οἶκος
1561 1289 1608 1315 τοῦ
1623 1289 1706 1317 Θεοῦ·
1725 1290 1776 1327 ιτῼ
1791 1292 1843 1327 μὲν
1853 1282 1907 1330 γὰρ

1115 1330 1160 1356 διὰ
1180 1330 1227 1357 τοῦ
1252 1332 1421 1367 Πνεύματος
1435 1333 1534 1360 δίδοται
1557 1335 1635 1369 λόγος
1663 1337 1769 1371 σοφίας,
1784 1337 1858 1374 ἄλλῳ
1879 1339 1906 1366 δὲ

1116 1375 1193 1410 λόγος
1213 1377 1356 1410 γνώσεως,
1376 1379 1462 1415 ἑτέρῳ
1475 1380 1503 1406 δὲ
1521 1381 1612 1413 πίστις
1631 1383 1659 1408 ὲν
1674 1382 1712 1417 τῷ
1727 1383 1801 1419 αὐτῷ
1822 1384 1909 1411 ﬂucti-

1117 1431 1198 1458 ματι’
1230 1423 1302 1459 ἄλλῳ
1326 1425 1482 1460 χαρίσματα
1513 1427 1651 1461 ἰαμάτων.
1677 1428 1762 1464 ἑτέρῳ
1785 1429 1814 1456 δὲ
1840 1431 1904 1466 γένη

1114 1469 1256 1502 γλωσσῶν,
1273 1480 1282 1495 ι
1297 1471 1343 1497 καὶ
1358 1472 1407 1498 ὅσα
1420 1471 1487 1498 ἄλλα
1504 1473 1646 1506 κατέλεξεν
1658 1475 1672 1500 6
1688 1475 1758 1506 θεῖος
1778 1476 1906 1504 ’Δπόστοο

1114 1514 1168 1545 λος.
1201 1514 1244 1540 Ἐν
1269 1515 1372 1548 τούτοις
1398 1514 1444 1543 οὖν
1467 1518 1580 1550 ἑαυτοὺς
1602 1520 1855 1554 παρασκευάζωσιν
1870 1518 1904 1549 ὀί

1113 1560 1166 1587 τῶν
1192 1562 1352 1596 κρειττόνων
1376 1563 1524 1598 ἐξιέμενοι.
1552 1564 1609 1591 Εἶτ’
1632 1565 1724 1601 ἐπειδὴ
1747 1567 1904 1602 περΐοξκου

269 1606 361 1629 autem
386 1609 511 1632 sanctum
531 1605 578 1634 Dei
604 1607 752 1644 intelligas,
781 1617 835 1637 non
860 1619 1001 1639 murorum
1018 1618 1059 1641 te-

1113 1604 1177 1631 Θεοῦ
1191 1607 1397 1641 ἐμνημόνευσαν
1407 1627 1414 1639 ,
1430 1608 1583 1640 ἀκολούθως
1602 1610 1693 1642 ὁποῖος
1711 1601 1789 1643 οὗτος
1804 1613 1904 1648 tuna.—

269 1651 434 1684 ctorumque
450 1650 594 1684 fabricam,
613 1653 661 1680 sed
677 1654 744 1682 illud
758 1655 832 1690 quod
843 1657 901 1690 jam
919 1665 952 1685 ex
964 1659 1059 1688 electis

269 1695 415 1723 animabus
438 1698 626 1725 constituitur.
652 1698 757 1732 Sancti,
782 1700 887 1740 lapides
908 1703 961 1731 vivi
979 1709 1057 1737 sunt;

268 1742 434 1777 domumque
448 1742 621 1777 spiritualem
637 1743 670 1771 ad
685 1751 811 1774 sanctum
828 1748 993 1776 sacriﬁcium
1008 1751 1054 1777 de.

268 1787 412 1820 stinatam,
427 1792 530 1815 emtum
545 1789 737 1826 religiosorum
752 1792 894 1820 hominum
907 1802 969 1823 esse
981 1803 1059 1823 sacer

267 1833 415 1867 Apostolus
440 1833 535 1861 docuit
553 1834 596 1862 his
619 1836 728 1864 verbis:
745 1846 754 1863 ι
775 1837 829 1865 Vos
851 1843 941 1867 autem
963 1847 1058 1868 omnes

267 1878 366 1905 domus
383 1877 429 1906 Dei
447 1879 526 1911 estis,
548 1885 574 1908 et
597 1880 718 1916 Spiritus
736 1881 784 1910 Dei
800 1883 906 1912 habitat
926 1885 953 1912 in
967 1886 1055 1914 vobis.

267 1922 297 1950 Si
316 1922 378 1957 quis
405 1923 535 1958 templum
561 1923 608 1952 Dei
632 1925 786 1960 violaverit,
815 1928 955 1966 disperdet
980 1931 1057 1958 illum

265 1967 348 1996 Deus.
364 1967 506 2004 Templum
528 1971 601 1999 enim
618 1970 665 1998 Dci
687 1977 813 2000 sanctum
828 1979 881 2006 est,
897 1975 973 2011 quod
991 1977 1057 2004 estis

265 2021 315 2040 vos
328 2013 361 2039 “.
379 2023 389 2039 ι
408 2013 472 2042 Ηωα
487 2019 579 2042 autem
604 2024 665 2043 cum
685 2017 765 2050 dixit,
782 2019 872 2047 omnia
886 2021 995 2049 locutus
1015 2027 1056 2049 cst

265 2057 348 2085 (lictis
364 2059 543 2092 praesentibus
562 2070 567 2086 :
583 2069 592 2086 ι
608 2060 739 2090 Sanctum
755 2067 799 2091 est
819 2066 950 2100 templum
967 2071 1055 2099 tuum,

265 2103 390 2130 mirabile
408 2104 562 2139 injustitia.
580 2116 588 2132 ι
608 2106 684 2135 Sicut
698 2109 771 2136 enim
795 2111 968 2140 sensibilium
988 2118 1056 2140 teme

264 2149 372 2183 pluruxn
400 2153 540 2177 structura
567 2152 593 2178 in
617 2153 798 2183 admiratione
820 2156 979 2192 plerumque
997 2163 1053 2191 est,

263 2194 336 2229 quod
354 2202 387 2222 ea
400 2196 523 2224 studiosa
541 2197 670 2225 varietate
691 2200 860 2228 exaediﬁcata
878 2203 949 2236 sint;
972 2211 1059 2235 aurea

262 2241 362 2276 quippe
378 2246 452 2269 tecta
475 2247 502 2269 et
517 2243 679 2278 anaglyphis
695 2250 795 2273 ornata
812 2249 978 2276 concinnant
999 2250 1054 2277 ele-

261 2289 360 2322 gantia
378 2289 531 2321 studentes,
545 2289 681 2317 columnis
694 2296 777 2326 atque
787 2295 971 2323 marmoribus
985 2296 1051 2323 tedi-

261 2334 322 2361 ticia
350 2336 616 2363 exornantzeodem
644 2337 725 2365 modo
747 2339 877 2373 templum
906 2340 953 2368 Dei
979 2342 1052 2376 quod

262 2386 389 2408 sanctum
410 2386 453 2409 est
469 2381 506 2417 (et
533 2382 585 2410 hoc
605 2390 672 2412 sane
693 2384 744 2420 ipsi
759 2385 879 2419 primum
901 2391 928 2413 et
942 2388 1052 2422 quidem

260 2426 476 2460 pulcherrimmn
492 2428 595 2455 bonum
617 2428 720 2464 adest).
737 2434 853 2458 externo
877 2436 975 2459 ornatu
997 2433 1052 2460 cir-

260 2471 431 2507 cumfulgct,
457 2472 584 2501 videlicet
614 2475 747 2508 sapientia
773 2476 819 2502 illa
846 2475 891 2504 Dei
919 2478 1051 2506 varietate

259 2517 402 2549 distincta,
422 2517 530 2551 justitia
554 2523 582 2547 et
610 2520 724 2554 reliquis
752 2521 909 2554 virtutibus,
933 2522 1052 2558 Spiritus

259 2563 324 2594 item
348 2564 437 2590 sancti
452 2564 533 2591 donis
545 2566 621 2594 varie
638 2566 817 2600 illustratum,
843 2569 879 2597 ita
904 2573 933 2596 ut
948 2570 975 2596 in
992 2575 1051 2597 svu-

259 2617 353 2643 porem
381 2613 408 2635 et
435 2609 643 2638 admirationem
671 2619 701 2639 ae
724 2614 941 2648 contemplantes
966 2616 1051 2649 conji-

259 2654 324 2682 ciat.
346 2653 529 2687 Quamobrem
545 2655 591 2690 qui
612 2662 640 2683 ut
663 2657 689 2684 in
705 2666 738 2684 eo
758 2659 839 2686 sedes
860 2659 991 2688 baberent
1007 2661 1048 2688 di-

258 2701 303 2735 ειιί
319 2700 404 2727 habiti
428 2704 502 2731 sunt,
520 2700 572 2728 laeti
589 2702 682 2730 dicunt
698 2713 704 2730 :
723 2714 732 2729 ι
750 2703 927 2740 Replebimur
951 2707 979 2734 in
1002 2707 1049 2734 ho-

260 2746 303 2774 nis
330 2745 428 2773 domus
458 2750 511 2773 tua!
534 2756 540 2772 :
565 2752 690 2775 sanctum
723 2754 764 2776 est
789 2751 920 2785 templum
951 2757 1046 2785 tuum,

259 2791 382 2820 mirabile
406 2791 432 2818 in
457 2791 575 2826 iustitia.
594 2803 602 2818 ι
621 2792 756 2822 Observes
779 2804 859 2830 porro
887 2797 966 2823 velim
991 2798 1048 2824 lucc

295 2870 316 2888 "
336 2869 425 2900 lTint.
444 2879 484 2903 lli,
504 2871 543 2899 l3.
584 2873 604 2890 ³³
623 2872 632 2900 ι
649 2873 713 2899 αυτ.
727 2881 774 2904 xu,
791 2874 816 2906 8,
833 2873 858 2901 9.

1111 1659 1150 1677 νει
1170 1651 1324 1678 διδάσκουσι
1342 1653 1485 1687 λέγοντες·
1507 1664 1516 1680 ι
1533 1655 1628 1689 ’Ἄγιος
1647 1657 1662 1681 6
1680 1657 1743 1689 ναός
1758 1666 1816 1690 σου,
1837 1657 1902 1685 θαυ-

1112 1698 1213 1731 μαστὸς
1231 1698 1260 1724 ἐν
1284 1698 1472 1735 δικαιοσύνῃ.»
1501 1698 1585 1732 Οὗτος
1604 1701 1659 1737 γὰρ
1680 1701 1714 1738 ἦν
1734 1705 1748 1730 6
1761 1701 1838 1735 οἶκος
1856 1705 1903 1732 τοῦ

1110 1743 1188 1774 Θεοῦ,
1209 1744 1223 1770 6
1238 1743 1315 1778 ἅγιος
1339 1745 1421 1772 αὑτοῦ
1443 1746 1522 1778 νεώςη
1540 1748 1617 1775 Νεὼν
1635 1749 1662 1775 δὲ
1677 1749 1759 1777 ἄκουε
1773 1750 1821 1777 τοῦ
1835 1751 1902 1778 Θεοῦ

1109 1788 1186 1822 ἅγιον
1207 1790 1237 1816 οὐ
1253 1789 1350 1824 τοίχων
1364 1791 1411 1817 καὶ
1428 1792 1532 1826 ὀρόφων
1550 1794 1761 1830 οἰκοδομήματα,
1776 1796 1844 1824 ἀλλὰ
1858 1797 1902 1824 τὸν

1109 1835 1141 1860 ὲκ
1170 1835 1263 1870 ψυχῶν
1283 1835 1419 1863 ἐκλεκτῶν
1444 1838 1598 1866 συνεστῶτα
1617 1840 1678 1875 ἢδη.
1706 1841 1782 1868 Λίθοι
1802 1842 1901 1875 ζῶντες

1108 1881 1132 1906 οἱ
1148 1880 1231 1914 ἆγιοι,
1245 1882 1292 1908 καὶ
1309 1880 1382 1914 οἶκος
1396 1886 1580 1919 πνευματικδς
1597 1887 1637 1918 είς
1660 1887 1810 1923 ἱεράτευμα
1823 1889 1901 1923 ἅγιον

1106 1926 1137 1952 τὸ
1152 1926 1278 1962 σύστημα
1297 1928 1350 1955 τῶν
1367 1929 1500 1956 θεοσεὸῶν
1517 1929 1585 1958 εἶναι
1607 1934 1621 1959 ό
1644 1933 1716 1969 ἱερὸς
1740 1934 1901 1968 ’Δπόστολος

1107 1971 1226 2004 ἐδίδαξεν
1244 1973 1343 2000 είπώνθ
1363 1985 1372 2000 ι
1391 1975 1484 2011 Ὑμεῖς
1500 1977 1528 2003 δὲ
1543 1978 1641 2011 πάντες
1657 1977 1730 2012 οἶκος
1744 1980 1812 2008 Θεοῦ
1827 1983 1899 2015 ἐστε,

1107 2018 1152 2043 καὶ
1173 2018 1203 2044 τὺ
1217 2019 1330 2054 Πνεῦμα
1352 2020 1399 2047 τοῦ
1419 2021 1486 2048 Θεοῦ
1509 2023 1579 2050 οίκεῖ
1600 2025 1628 2050 ὲν
1647 2026 1720 2060 ὑμῖν·
1744 2026 1771 2052 εἴ
1788 2036 1831 2059 τις
1854 2027 1899 2054 τὸν

1106 2062 1169 2092 ναὸν
1188 2064 1235 2090 τοῦ
1253 2065 1320 2091 Θεοῦ
1335 2067 1450 2102 φθείρει,
1468 2068 1562 2103 φθερεῖ
1579 2069 1673 2096 τοῦτον
1688 2071 1703 2097 ὁ
1717 2071 1783 2103 Θεὸς
1793 2079 1801 2088 ·
1820 2074 1834 2099 6
1846 2073 1900 2110 γὰρ

1106 2108 1169 2139 ναὸς
1191 2109 1239 2135 τοῦ
1261 2109 1329 2137 Θεοῦ
1358 2111 1434 2145 ἅγιός
1462 2114 1545 2145 ἐστιν,
1569 2115 1668 2146 οἵτινές
1691 2116 1752 2142 ἔστε
1776 2117 1864 2151 ὑμεῖς.
1886 2108 1896 2143 ὶ

1106 2153 1191 2180 Τοῦτο
1209 2154 1237 2184 δὲ
1259 2155 1355 2188 εἰπὼν,
1381 2157 1486 2193 συνῳδὰ
1510 2159 1548 2194 τῷ
1567 2159 1636 2194 μετὰ
1658 2163 1752 2196 χεῖρας
1775 2161 1898 2190 ἐδίδασκε

1105 2198 1175 2233 λόγῳ
1201 2199 1346 2234 φάσκοντι·
1365 2212 1375 2228 ι
1393 2203 1486 2237 Ἀγιος
1510 2206 1524 2232 6
1541 2206 1604 2237 ναός
1616 2214 1675 2238 σου,
1696 2207 1853 2242 θαυμαστὸς
1869 2209 1898 2236 ιν

1106 2244 1273 2282 δικαιοσύνῃ.
1294 2257 1302 2272 ι
1329 2248 1373 2279 Ὠς
1387 2249 1441 2285 γὰρ
1452 2250 1506 2276 τῶν
1521 2251 1657 2287 αἰσθητῶν
1670 2253 1741 2280 ναῶν
1761 2253 1896 2290 θαυμάζει-

1106 2298 1150 2316 ται
1167 2292 1296 2325 πολλάκις
1312 2294 1328 2328 ἡ
1342 2295 1496 2331 κατασκευὴ
1510 2297 1553 2323 διὰ
1566 2297 1709 2331 φιλοκάλου
1724 2300 1897 2334 πολυτελείας

1106 2339 1238 2375 γενομένη
1247 2348 1254 2354 ·
1268 2342 1424 2376 χρυσόροφα
1437 2343 1501 2376 γοῦν
1513 2345 1558 2370 καὶ
1571 2344 1705 2380 διάγλυφα
1715 2347 1896 2380 tanaim.

1109 2385 1328 2419 φιλοκαλοῦντες,
1352 2388 1402 2424 mn
1424 2396 1452 2415 τε
1476 2390 1572 2417 κιόνων
1597 2391 1643 2421 καὶ
1670 2392 1828 2428 μαρμάρων
1847 2401 1902 2420 κα·-

1104 2431 1272 2467 τακοσμοῦσι
1293 2433 1343 2465 τὰς
1365 2435 1525 2470 οἰκοδομάς⁸
1549 2437 1595 2462 τὸν
1609 2437 1690 2464 αὐτὸν
1704 2438 1804 2473 τρόπον
1821 2439 1836 2466 6
1848 2438 1897 2466 τοῦ

1104 2477 1171 2503 Θεοῦ
1193 2477 1261 2509 νεὼς
1285 2478 1362 2513 ἅγιος
1379 2479 1427 2511 ῶν,
1454 2482 1502 2507 καὶ
1525 2481 1603 2508 τοῦτο
1627 2482 1735 2518 πρῶτον
1752 2483 1897 2513 κάλλιστον

1105 2522 1206 2556 ἀγαθὸν
1217 2524 1395 2559 κεκτημένος,
1408 2525 1452 2551 τὸν
1463 2526 1562 2557 ἔξωθεν
1575 2527 1768 2562 περιϐἐὸληται
1781 2528 1895 2563 κόσμον,

1104 2568 1287 2605 πολυποικίὶῳ
1310 2571 1391 2606 σοφίᾳ
1416 2571 1500 2603 Θεοῦ,
1528 2573 1684 2609 δικαιοσύνῃ
1709 2582 1738 2600 τε
1764 2573 1813 2600 καὶ
1834 2575 1894 2606 ταῖς

1102 2613 1208 2645 λοιπαῖς
1233 2615 1354 2650 ἀρεταῖς,
1374 2617 1430 2647 τοῖς
1452 2625 1480 2642 τε
1500 2617 1546 2643 τοῦ
1567 2617 1644 2651 ἁγίου
1669 2618 1827 2654 Πνεύματος
1844 2627 1893 2654 χι·-

1104 2661 1216 2696 ρίσμασι
1238 2661 1465 2697 πεποικιλμένος,
1494 2665 1531 2695 ὠς
1546 2664 1675 2699 ἔκπληξιν
1700 2666 1824 2700 ἐμποιεῖν
1845 2665 1889 2692 καὶ

1102 2707 1194 2743 Θαῦμα
1210 2709 1338 2743 παρέχειν
1353 2710 1408 2740 τοῖς
1420 2709 1529 2744 ὁρῶσιν.
1549 2710 1629 2736 Ὅθεν
1645 2711 1669 2736 οἱ
1684 2710 1890 2746 καταξιώμινοι

1101 2752 1152 2787 τῆς
1164 2753 1193 2779 ἐν
1208 2754 1282 2788 αὑτῷ
1295 2754 1437 2790 διατριϐῆς
1455 2755 1595 2789 χαίροντές
1610 2764 1690 2789 φασι·
1711 2766 1718 2781 ι
1734 2755 1882 2791 Πλησθησί-

1104 2799 1173 2833 μεθα
1197 2800 1225 2825 ἐν
1247 2801 1302 2831 τοῖς
1328 2800 1439 2834 ἀγαθοῖς
1460 2800 1506 2828 τοῦ
1526 2801 1600 2828 οἴκου
1623 2810 1683 2828 σου·
1703 2802 1778 2836 ἅγιος
1797 2803 1812 2828 6
1827 2801 1889 2832 ναός

900 2878 921 2891 ²⁸
939 2875 946 2902 l
961 2876 1024 2904 Cur.
1047 2872 1089 2908 in,
1112 2876 1156 2909 l0,
1174 2876 1213 2905 l'i.
