2041 3215
145 172 196 202 ειι

717 160 972 202 contemnam
990 172 1025 200 tN
1045 172 1217 202 μελικοῦ.

1235 128 1282 172 ι’(
1736 175 1796 204 θη

148 229 241 270 πῖηξῆς
257 230 514 263 ἀνασλυσταίνοντα,
532 231 588 262 τοῖς
608 230 655 259 ἐπὶ
671 230 724 265 γῆς
739 229 843 257 οἰκοῦσι
858 230 946 266 δωρη-

1000 229 1196 265 sapientia-que
1230 229 1366 257 imbribus
1394 230 1546 264 inebrians,
1569 239 1580 256 ι
1604 231 1795 267 multiplicasti

148 278 277 314 σάμενος,
294 277 345 314 τὴν
355 277 468 313 λογικὴν
480 277 537 304 καὶ
561 276 657 313 νοερὰν
678 276 768 304 αὐτῶν
786 276 877 312 χώραν
891 277 944 312 γῆν

147 325 360 360 ὀνομαζομένην,
376 323 465 359 πολλῷ
479 323 518 359 τῷ
531 324 647 359 ῥεύματι
660 324 843 355 κατακλύσας,
860 324 944 359 μεθύ-

149 380 199 402 σας
213 371 271 402 τοῖς
284 370 333 405 τῆς
347 370 443 404 σοφίας
454 369 641 405 ὀμϐρήμασιν,
658 379 667 395 1
686 369 839 405 ὲπλήθυνάς
853 378 882 395 τε
896 369 943 396 τοῦ

147 416 291 443 πλουτίσαι
305 415 390 450 αὐτὴν
413 424 421 441 1
436 416 493 446 τοῖς
509 415 556 441 τοῦ
573 415 651 449 ἁγίου
674 415 831 450 Πνεύματος
852 415 945 450 διαφό-

147 470 205 498 ροις
223 461 384 497 χαρίσμασι.
407 460 509 487 Τούτου
525 461 553 487 δὲ
569 470 577 486 ‹
594 460 640 487 τοῦ
659 460 781 496 ποταμοῦ
804 461 838 487 τὰ
859 461 945 496 ὁρμή-

149 516 223 543 ματα
238 507 412 543 εὐφραίνουσι
423 507 473 541 τὴν
486 507 562 532 πόλιν
576 506 623 533 τοῦ
638 506 715 533 Θεοῦ.
735 516 743 532 1
758 507 812 532 Kal
825 508 838 533 ὁ
850 506 945 541 Σωτὴρ

147 555 176 582 δὲ
193 555 256 590 περὶ
274 553 320 580 τοῦ
337 552 418 580 αὺτοῦ
440 554 560 580 ἐδίδασκε
577 554 680 587 λέγων·
702 563 711 578 1
732 554 779 584 ’ος
800 553 832 580 ἂν
851 553 898 588 πίῃ
914 553 945 579 ὲκ

147 599 195 626 τοῦ
210 600 316 631 ὕδατος,
330 596 361 626 οὗ
378 599 433 633 ἐγὼ
456 599 534 626 δώσω
554 599 637 634 αὐτῷ,
655 599 771 634 ποταμοὶ
782 599 814 625 ὲκ
826 600 876 634 τῆς
890 607 945 625 κοι-

146 646 208 678 λίας
229 645 311 673 αὺτοῦ
335 645 476 680 ῥεύσουσιν
498 644 592 677 ὓδατος
615 645 726 677 ζῶντος,
742 644 888 679 ἁλλομένου
906 645 946 675 είς

148 690 221 726 ζωὴν
238 689 354 717 αἰώνιον.
369 690 455 717 Τοῦτο
464 690 491 717 δὲ
504 690 580 724 ἔλεγε
595 690 658 725 περὶ
672 690 719 716 τοῦ
732 689 902 724 Πνεύματος.
915 686 945 715 οῦ

147 736 266 772 ἧμελλον
286 736 435 772 λαμῆάνειν
459 736 484 761 οἱ
510 736 683 766 πιστεύοντες
698 736 738 767 είς
753 735 844 761 αὑτόν.
866 746 874 760 1
894 730 946 761 Οὖ-

146 791 193 814 τος
205 780 251 809 οὖν
264 783 278 809 ὀ
297 782 418 816 ποταμὸς
438 781 484 808 τοῦ
499 781 566 807 Θεοῦ
585 781 731 816 ἐπληρώθη
746 781 863 807 ὑδάτων
881 780 946 807 ὥστ’

148 827 182 855 ἂν
199 829 302 854 είπεϊν·
324 837 332 852 1
359 827 406 853 Ἐκ
423 827 469 853 τοῦ
488 826 671 862 πληρώματος
688 826 769 853 αὑτοῦ
784 827 863 862 ἡμεῖς
879 826 946 853 πάν-

147 882 195 906 τες
207 873 349 909 ἐλάϐομεν.
367 883 375 899 1
389 873 498 899 Πολλῶν
509 873 536 899 δὲ
551 873 653 900 ὑδάτων
673 875 686 898 ὸ
706 874 828 908 ποταμὸς
844 871 946 907 ἐπεπλή-

149 927 244 954 ρωται,
261 918 304 945 διὰ
325 919 356 945 το
377 919 413 954 μὴ
435 918 545 954 ὁμοίους
564 917 633 945 εἶναι
653 920 715 950 τοὺς
730 919 758 951 ἐξ
773 919 856 945 αὑτοῦ
872 927 947 944 ποτι-

149 964 288 1001 ζομένους.
316 965 456 1000 Διαφὸρων
479 965 506 990 δὲ
521 964 609 991 ’ὄντων
627 966 774 1000 ταγμάτων
790 965 843 991 τῶν
862 974 945 1000 μετα-

147 1010 341 1046 λαμϐανόντων
367 1009 461 1041 αὑτοῦ,
489 1010 601 1041 εἰκότως
625 1011 733 1045 ἑκάστῳ
760 1011 887 1045 παρέχων
914 1012 947 1037 τὰ

148 1056 304 1092 πρόσφορα,
319 1055 422 1082 πολλῶν
442 1056 547 1082 ὑδάτων
565 1055 760 1091 πεπληρῶσθαι
774 1055 881 1089 λέγεται
892 1065 897 1070 ·
910 1053 947 1082 ὧν

149 1101 339 1137 μιταλαόοῦσα
362 1101 378 1136 ὴ
404 1101 499 1136 λογικὴ
517 1100 603 1136 χώρα,
627 1100 675 1132 τὰς
696 1101 865 1135 ἐπιτηδείους
884 1102 947 1128 ἑκά-

149 1156 206 1182 στῳ
221 1147 312 1174 δίδωσι
326 1146 438 1182 τροφὰς,
455 1147 503 1173 καὶ
519 1147 581 1178 τοὺς
599 1146 728 1178 ἐπαξίως
752 1146 799 1172 τοῦ
819 1147 946 1173 τοσούτου

149 1192 273 1227 ποταμοῦ
293 1192 423 1227 καρπούς.
449 1192 493 1218 Διὸ
514 1192 657 1218 λέλεκται·
677 1202 685 1217 1
713 1192 878 1227 Ἰίτοίμασας
899 1193 947 1228 τὴν

149 1239 255 1275 τροφὴν
272 1239 377 1270 αὐτῶν,
401 1239 442 1265 ὅτι
469 1239 588 1274 οὖτωςὴ
615 1239 766 1274 ὲτοιμασὶα.
794 1250 802 1264 1
818 1240 895 1266 Κατὰ
919 1240 947 1266 δὲ

150 1283 197 1310 τδν
231 1284 388 1319 Σύμμαχον·
408 1293 416 1309 1
435 1284 659 1319 Τελεσφορήσεις,
684 1284 759 1318 φησὶ,
782 1284 831 1318 τὴν
862 1292 947 1319 σπερ-

152 1330 254 1366 ματίαν
265 1330 360 1365 αὐτῆς,
375 1329 414 1356 ὅτι
435 1329 521 1361 οὕτως
542 1329 663 1364 ἥδρασας
688 1329 783 1364 αὐτὴν,
800 1339 808 1354 1
827 1330 948 1364 δηλονότι

150 1374 201 1411 τὴν
222 1375 292 1410 γῆν,
318 1384 327 1400 1
355 1376 401 1401 καὶ
417 1374 553 1409 ὲμέθυσας
579 1375 682 1409 αὐτὴν,
713 1374 865 1409 ὲπλήθυνας
901 1374 947 1401 τοῦ

152 1421 294 1449 πλουτίσαι
313 1421 407 1456 αὐτήν.
428 1430 437 1446 1
458 1420 502 1456 Τῷ
522 1418 568 1446 οὖν
581 1421 695 1455 ποταμῷ
710 1421 747 1455 τῷ
765 1421 803 1455 σῷ
820 1421 947 1454 τελεσφο-

153 1466 247 1502 ρήσεις
259 1466 308 1502 τὴν
319 1466 492 1502 σπερματίαν
505 1466 600 1501 αὐτῆς,
616 1466 737 1492 τουτέστι
751 1466 785 1492 τὰ
805 1466 948 1501 σπέρματα

151 1513 181 1539 ἑν
198 1513 267 1547 αὐτῇ
282 1511 487 1546 καταϐληθέντι
512 1512 543 1538 σὺ
565 1512 645 1544 αὐτὸς
660 1512 703 1538 διὰ
721 1511 767 1538 τοῦ
786 1512 884 1538 σαυτοῦ
903 1521 949 1538 πο-

150 1557 241 1594 ταμοῦ
254 1557 484 1593 τεὴσφορηθῆναι
502 1559 634 1594 ποιήσεις,
651 1558 687 1590 ὡς
704 1558 821 1590 τελείους
835 1558 950 1584 ἀποδοῦ-

151 1612 197 1631 ναι
221 1604 284 1635 τοὺς
302 1604 412 1638 στάχυς.
433 1604 511 1630 Οὕτω
525 1604 590 1637 γοῦν
609 1604 678 1630 κατὰ
692 1604 723 1629 τὺ
741 1603 946 1638 Εὑαγγέλιον,ή

153 1649 204 1684 μὲν
217 1649 325 1684 ποιήσει
339 1648 370 1681 λ’,
384 1650 399 1684 ἡ
417 1649 444 1675 δὲ
460 1649 491 1681 ξ’,
509 1650 525 1684 ἡ
541 1649 568 1676 δὲ
586 1650 688 1684 ρ¹,,τῆς
706 1648 880 1685 ἀνθρωπίνης
899 1650 949 1684 ψυ-

151 1694 203 1730 χῆς
217 1696 269 1730 γῆς
289 1694 503 1730 ὀνομαζομένης.
521 1695 567 1721 καὶ
584 1695 655 1721 κατὰ
677 1695 726 1730 τὴν
749 1695 880 1730 σωτήριον
897 1702 950 1720 πα-

153 1739 285 1776 ραεολήν·
307 1749 316 1766 1
339 1741 410 1771 Τοὺς
433 1740 553 1772 αὔλακας
581 1741 665 1775 αὐτῆς
694 1740 824 1775 μέθυσον-
849 1740 948 1775 πλήθο-

151 1793 198 1811 νον
213 1784 247 1811 τὰ
261 1785 417 1821 γεννήματα
444 1786 545 1821 αὐτῆς·
575 1787 603 1811 ὲν
630 1787 689 1816 ταῖς
714 1786 841 1819 σταγόσιν
864 1785 949 1820 αὐτῆς

152 1830 369 1866 εὺφμνθήσεται
382 1831 575 1858 ἀνατέλλουσα.
597 1841 605 1856 1
620 1830 767 1862 Διεξελθὼν
780 1833 794 1857 ὁ
814 1840 949 1867 προφητι-

151 1876 201 1908 κδς
217 1876 294 1912 λόγος
315 1877 349 1904 τὰ
369 1879 467 1913 σημεῖα
484 1877 532 1912 τῆς
555 1876 600 1903 τοῦ
620 1875 745 1912 Σωτῆρος
771 1877 882 1913 ἀρετῆς,
904 1877 950 1903 καὶ

151 1923 186 1958 τῇ
207 1922 255 1950 τοῦ
277 1923 434 1958 Πνεύματος
458 1922 611 1958 προγνώσει
633 1923 667 1949 τὰ
691 1923 817 1957 ἐσόμενα,
840 1923 877 1954 ὡς
899 1923 950 1957 ήδη

151 1969 187 1996 δι’
204 1969 293 2006 ἔργων
320 1970 498 2006 κεχωρηκότα
521 1969 697 2004 τεθεαμένος·
726 1970 801 2001 ὃπως
828 1969 877 2004 μὲν
897 1969 950 1995 τῶν

153 2015 348 2051 ἀντικειμένων
364 2015 518 2052 ἀνατροπὴν
535 2015 692 2050 είργάσατο,
706 2015 780 2046 ὅπως
797 2015 824 2041 δὲ
836 2015 950 2041 ἐπεσκέ-

149 2062 223 2101 ,ψατο
238 2062 288 2097 τὴν
307 2062 358 2097 γῆν
373 2062 418 2088 καὶ
431 2061 563 2097 ὲμέθυσεν
584 2061 677 2096 αὐτὴν,
698 2061 745 2087 καὶ
762 2061 798 2092 ὡς
815 2060 949 2096 ἐπλήθυνε

152 2108 201 2136 τοῦ
221 2108 362 2135 πλουτίσαι
382 2107 477 2143 αὐτὴν,
501 2107 691 2142 πληρωθέντος
708 2107 811 2133 ὑδάτων
836 2107 882 2133 τοῦ
900 2116 949 2133 πο-

152 2154 242 2190 ταμοῦ
261 2154 308 2180 τοῦ
322 2153 400 2180 Θεοῦ.
423 2152 514 2179 Ταῦτα
537 2153 678 2185 θεσπίσας,
697 2153 744 2179 καὶ
769 2153 807 2184 ὡς
830 2153 878 2188 ἤδη
898 2154 950 2188 πρὸ

153 2200 300 2236 ὀφθαλμῶν
313 2199 440 2236 ὁρώμενα
457 2199 633 2234 θεασάμενος,
649 2199 691 2224 ἐπ’
708 2197 790 2234 εὐχὴν
809 2198 947 2234 τρέπεται,

154 2247 203 2274 καὶ
217 2246 264 2273 τὸν
278 2245 344 2273 Θεὺν
357 2244 472 2272 ἱκετεύει
490 2245 592 2278 λέγων·
614 2254 622 2269 1
642 2244 711 2274 Τοὺς
728 2244 848 2274 αὔλακας
865 2244 950 2278 αὐτῆς

157 2291 282 2327 μέθυσον,
299 2292 347 2319 καὶ
365 2290 500 2327 πλήθυνον
521 2290 556 2317 τὰ
577 2291 734 2325 γεννήματα
754 2289 848 2324 αὐτῆς.
870 2300 878 2315 1
895 2289 949 2315 A5-

154 2337 237 2369 λακες
249 2337 277 2363 δὲ
292 2336 380 2372 ψυχῆς
395 2334 449 2362 εἶεν
473 2335 505 2362 ἂν
524 2336 548 2362 oi
573 2335 643 2362 κατὰ
665 2335 763 2370 βάθους
778 2334 862 2369 αὐτῆς
878 2334 949 2369 λογι-

156 2383 230 2419 σμοὶ,
246 2383 293 2409 καὶ
306 2383 354 2418 τῆς
369 2381 546 2417 συνειδήσεως
561 2381 646 2416 αὐτῆς
666 2381 682 2416 ἡ
698 2380 811 2416 κρύφιος
826 2381 872 2406 καὶ
887 2382 949 2412 τοὺς

155 2428 270 2460 πολλοὺς
290 2428 457 2455 λανθᾶνουσα
479 2428 602 2463 δύναμις,
621 2427 653 2461 ἣν
675 2428 689 2453 ὁ
712 2427 759 2452 τοῦ
783 2426 851 2452 Θεοῦ
872 2426 949 2460 λόγος

156 2475 271 2511 ἀρότρου
299 2475 376 2511 δίκην
403 2475 560 2510 ἀνατέμνων
586 2474 632 2500 καὶ
662 2473 851 2509 μεταϐάλλων,
880 2473 950 2499 λεῖον

155 2522 353 2559 ἀπεργάζεται·
384 2520 516 2557 περιελών
541 2528 570 2546 τε
594 2519 642 2551 τὰς
667 2519 803 2550 ἀκάνθας,
830 2519 877 2545 καὶ
901 2519 950 2554 τὴν

156 2569 288 2605 περιττὴν
300 2567 376 2603 ὓλην,
397 2566 516 2601 ἐντίθησι
535 2565 568 2592 τὰ
588 2564 684 2592 ἑαυτοῦ
709 2565 853 2599 σπέρματα
868 2572 875 2578 ·
893 2561 951 2589 εἶτα

156 2617 212 2648 τοῖς
227 2615 346 2649 λογικοῖς
358 2613 476 2648 νάμασιν
489 2611 621 2647 ἀρδεύων,
640 2609 770 2645 μεθύσκει
788 2609 881 2644 αὑτήν.
906 2608 951 2634 Διὸ

156 2660 297 2687 λέλεκται·
318 2670 326 2685 1
347 2659 417 2691 Τοὺς
431 2657 550 2688 αὔλακας
565 2656 650 2690 αὐτῆς
670 2655 797 2691 μέθυσον,
816 2654 862 2680 καὶ
883 2654 951 2688 πλή-

157 2707 237 2734 θυνον
258 2705 292 2732 τὰ
319 2705 476 2740 γεννήματα
497 2703 590 2738 αὐτῆς.
611 2712 619 2727 1
634 2699 701 2727 Εἶτα
724 2701 783 2727 ἀντὶ
799 2700 857 2727 τοῦ·
872 2709 881 2725 ‹
907 2700 950 2726 Ἐν

157 2753 216 2783 ταῖς
233 2750 360 2784 σταγόσιν
378 2748 464 2783 αὐτῆς
485 2746 697 2783 εὐφρανθήσεται
716 2745 914 2772 ἀνατέλλουσα·
937 2754 945 2769 1

158 2797 229 2823 κατὰ
242 2796 286 2822 τὸν
304 2795 486 2830 Σύμμαχον-,ι
507 2793 572 2824 Ταῖς
594 2791 709 2826 ψεκάσιν
736 2790 820 2824 αὐτῆς
844 2789 948 2825 χαυνω-

195 2885 218 2900 ³·
230 2884 308 2911 Joan.
323 2890 373 2917 vn,
385 2882 430 2915 38,
445 2881 489 2909 ὅθ.
529 2879 647 2908 "-Joan.
663 2887 683 2910 ι,
700 2877 745 2906 iG.

999 274 1166 310 locupletare
1181 282 1241 302 eam
1258 284 1268 301 1
1286 275 1372 303 variis
1393 276 1514 311 Spiritus
1536 277 1625 303 sancti
1645 277 1795 304 charisma-

999 320 1082 348 tibus.
1113 318 1200 354 Hujus
1225 327 1307 354 porro
1330 330 1338 345 1
1358 320 1480 347 ﬂuminis
1505 321 1627 356 impettts
1656 321 1794 350 lmtiﬁeant

1000 365 1139 392 civitatem
1164 365 1222 393 Dei.
1241 375 1250 391 1
1265 365 1393 392 Salvator
1415 366 1478 393 item
1507 366 1541 394 de
1565 368 1658 394 eadem
1686 368 1742 402 ipsa
1764 376 1794 395 re

1000 412 1059 439 htec
1081 411 1177 439 docuit
1196 420 1201 436 :
1221 420 1230 436 1
1251 411 1279 438 Si
1296 412 1358 446 quis
1370 412 1471 439 biberit
1485 420 1518 439 ex
1541 420 1622 447 aqua.
1638 401 1718 448 quam
1736 401 1797 448 ’σεο

1000 457 1070 484 dabo
1085 457 1120 487 eiI
1134 456 1245 483 ﬂumina
1268 456 1302 483 de
1317 461 1411 484 ventre
1428 457 1487 492 ejus
1513 457 1597 485 ﬂtteut
1620 467 1697 493 aquae
1714 460 1791 491 vivae,

1000 502 1125 529 salientis
1141 501 1168 528 in
1189 503 1271 528 vitam
1291 505 1430 529 aeternam.
1451 502 1509 529 Hoc
1532 507 1621 529 autent
1636 504 1743 531 dicebat
1759 505 1795 532 de

1001 547 1115 582 Spiritu,
1126 555 1206 582 quem
1223 549 1362 583 accepturi
1377 551 1455 575 erant
1470 548 1612 575 credentes
1622 549 1648 575 in
1663 557 1724 576 eum
1733 551 1784 577 ".1

1000 592 1057 620 Hoc
1071 593 1163 628 itaque
1181 592 1280 620 ﬂutnen
1307 593 1354 620 Dei
1375 594 1508 629 repletum
1533 598 1575 622 est
1601 595 1696 629 aquis;
1711 596 1746 621 ita
1763 600 1793 622 ut

1000 638 1093 665 dicant
1112 646 1118 664 :
1137 648 1145 663 1
1168 638 1205 664 Ex
1224 638 1394 673 plenitudine
1416 639 1476 673 ejus
1502 647 1553 666 nos
1576 647 1672 666 omnes
1687 640 1796 675 accepi-

1002 691 1063 711 mus
1076 683 1109 710 ”.
1132 693 1140 709 1
1161 683 1253 710 Multis
1269 687 1358 710 autem
1374 684 1453 719 aquis
1471 685 1604 719 repletqu
1623 684 1723 712 ﬂumen
1734 689 1794 718 est,

1000 729 1130 763 quoniam
1145 729 1191 763 qui
1210 737 1244 755 eo
1258 733 1398 763 putantur,
1415 729 1485 756 inter
1497 737 1526 756 se
1550 729 1699 756 dissimiles
1719 735 1792 756 sunt.

1000 774 1068 801 Cum
1085 774 1187 801 diversi
1210 782 1293 809 porro
1316 775 1371 801 sint
1395 775 1506 802 ordines
1533 782 1639 807 eorum,
1658 775 1705 810 qui
1732 776 1793 810 ejus

1001 825 1144 848 consortes
1157 824 1232 849 sunt.
1243 821 1305 854 jure
1322 821 1440 856 singulis
1460 822 1639 855 congruentia
1656 823 1794 856 praebens,

1001 867 1097 893 multis
1119 867 1199 901 aquis
1217 867 1349 900 repletum
1368 874 1429 894 esse
1453 866 1555 893 dicitur
1572 875 1578 892 :
1598 875 1714 901 quarum
1731 876 1794 902 par-

966 916 984 942 lt
1000 912 1086 946 ticeps
1110 912 1283 939 rationabilis
1300 918 1378 945 ager,
1395 915 1579 946 congruentes
1594 911 1710 947 singulis
1723 920 1794 946 prae-

999 958 1044 984 bet
1060 965 1149 989 escas,
1167 962 1249 992 atque
1265 957 1418 991 condignas
1436 957 1502 984 tanti
1525 956 1647 983 ﬂuminis
1673 956 1794 985 fructus.

998 1004 1090 1036 Quare
1108 1004 1211 1030 dictum
1237 1007 1279 1030 est
1298 1011 1303 1028 :
1324 1012 1332 1027 1
1354 1003 1458 1029 Parasti
1474 1003 1565 1030 cibum
1588 1003 1708 1034 illorum,
1724 1011 1793 1038 quo-

999 1048 1071 1075 niam
1085 1049 1121 1075 ila
1136 1053 1178 1075 est
1192 1049 1363 1083 prtcparatio.
1386 1058 1394 1073 1
1413 1048 1568 1075 Secundum
1598 1048 1792 1084 Symmachum

999 1101 1063 1120 vero
1081 1103 1087 1121 :
1108 1103 1117 1119 1
1136 1093 1313 1121 [“ruetiﬂeare
1326 1093 1410 1120 iacies
1421 1101 1513 1120 semen
1525 1093 1595 1128 ejus.
1611 1094 1740 1128 quoniam
1754 1093 1794 1120 ita

999 1138 1119 1166 fundasti
1132 1147 1203 1171 eam,
1221 1149 1229 1165 1
1243 1138 1372 1166 videlicet
1384 1142 1497 1171 terram,
1511 1148 1519 1163 1
1533 1134 1707 1166 etinebriasti
1719 1146 1794 1169 eam,

1002 1185 1189 1219 multiplicasti
1222 1185 1390 1219 locupletare
1419 1190 1493 1210 eam.
1515 1194 1524 1210 1
1552 1184 1678 1211 Flumine
1701 1185 1795 1219 itaque

999 1234 1046 1258 tuo
1062 1231 1179 1257 frttctutu
1196 1238 1290 1266 parere
1311 1231 1396 1257 facies
1425 1230 1523 1258 semini
1541 1231 1611 1265 ejus,
1625 1230 1651 1257 id
1668 1234 1721 1262 est,
1749 1238 1794 1258 se-

1000 1277 1073 1303 mina
1096 1277 1166 1303 istuc
1188 1276 1324 1310 conjecta,
1343 1280 1372 1302 tu
1403 1276 1472 1310 ipse,
1491 1279 1594 1310 tuoque
1612 1275 1724 1302 ﬂutuine
1736 1275 1797 1302 iruo

999 1326 1072 1348 ctum
1085 1329 1179 1356 parere
1198 1321 1290 1353 facies,
1311 1322 1347 1348 ita
1360 1325 1390 1347 ut
1401 1321 1538 1355 perfectas
1554 1321 1644 1355 spicas
1658 1321 1789 1355 pratbeat.

1001 1368 1046 1395 Sic
1064 1367 1215 1395 scentulum
1245 1367 1423 1401 Evangelium
1448 1367 1499 1393 alia
1522 1371 1595 1393 terra
1611 1367 1792 1398 tricesimum,
1819 1400 1821 1403 Ι

1000 1414 1053 1440 alia
1069 1413 1283 1448 sexagesimum,
1299 1412 1481 1439 centesimum
1507 1411 1559 1438 alia
1572 1411 1713 1446 proferet:
1730 1419 1794 1438 nam

1001 1460 1028 1487 in
1043 1459 1194 1486 Salvatoris
1207 1458 1337 1493 parabola
1358 1458 1449 1484 anima
1474 1457 1593 1483 hominis
1621 1462 1692 1484 terra
1710 1463 1792 1483 voca-

1002 1510 1055 1532 tur.
1080 1514 1089 1530 1
1109 1504 1194 1531 Rivos
1233 1503 1293 1537 ejus
1324 1503 1446 1534 inebria.
1479 1502 1630 1536 multiplica
1655 1502 1792 1537 genimina

1001 1550 1061 1584 ejus
1088 1560 1093 1577 :
1117 1550 1145 1576 in
1173 1548 1322 1576 stillicidiis
1347 1548 1408 1581 ejus
1437 1547 1574 1573 lzetabitur
1602 1547 1791 1581 germinans.1

1000 1596 1150 1631 Postquam
1164 1595 1342 1630 propheticus
1358 1601 1449 1620 sermo
1474 1593 1550 1627 signa
1570 1592 1678 1619 virtutis
1695 1591 1795 1618 Serva-

1003 1643 1070 1669 toris
1083 1641 1233 1671 recensuit.
1250 1643 1322 1667 etes
1346 1638 1519 1673 pra-scientia
1544 1636 1663 1672 Spiritus
1689 1637 1795 1668 futura,

1002 1691 1031 1713 ut
1043 1687 1100 1721 jam
1117 1693 1199 1720 opere
1214 1684 1361 1718 completa,
1380 1682 1520 1717 prtevidit;
1534 1682 1672 1716 quomodo
1687 1681 1794 1708 scilicet

1002 1732 1176 1759 adversarios
1192 1729 1384 1766 prostraverit,
1397 1727 1535 1762 quomodo
1550 1732 1651 1754 terram
1666 1726 1796 1754 visitave-

1001 1780 1037 1806 rit
1050 1784 1077 1806 et
1090 1777 1276 1808 inebriaverit,
1296 1783 1351 1810 quo
1367 1778 1447 1810 pacto
1472 1770 1698 1808 multiplicaverit
1716 1772 1794 1799 locu-

1002 1826 1105 1860 pletare
1114 1832 1184 1855 eam,
1201 1823 1313 1850 ﬂumine
1328 1821 1376 1848 Dei
1398 1820 1478 1855 aquis
1494 1819 1607 1854 repleto.
1624 1818 1687 1845 Haac
1698 1817 1797 1845 vatici-

1002 1875 1093 1901 natus.
1107 1874 1133 1896 et
1148 1869 1228 1905 quasi
1245 1875 1301 1903 pm
1324 1867 1412 1894 oculis
1439 1865 1552 1892 haberet
1579 1863 1793 1898 contemplatus.

1002 1917 1035 1943 atl
1052 1923 1148 1950 preces
1162 1914 1290 1944 vertitur,
1309 1913 1419 1946 Deoque
1447 1911 1585 1946 supplicat
1611 1909 1655 1936 bis
1676 1908 1769 1935 verbis
1784 1917 1795 1935 :

1005 1972 1013 1987 1
1033 1962 1116 1988 [lives
1131 1961 1193 1995 ejus
1212 1959 1331 1990 iuebria,
1353 1958 1504 1992 multiplica
1526 1955 1666 1991 genimina
1689 1953 1760 1988 ejus.
1781 1963 1792 1980 1

1002 2007 1061 2034 llivi
1078 2006 1176 2032 animae
1190 2004 1314 2039 ejusdem
1329 2002 1471 2038 profunda:
1482 2000 1662 2036 cogitationes
1680 1998 1794 2031 fuerint,

1001 2059 1027 2081 et
1051 2052 1214 2080 abscondita
1239 2051 1389 2084 multisque
1415 2049 1503 2075 latens
1539 2045 1717 2074 conscientia:
1741 2045 1794 2076 vis,

1001 2107 1083 2135 quam
1112 2099 1161 2126 Dei
1183 2097 1296 2125 verbum
1320 2103 1370 2123 ceu
1394 2099 1516 2122 aratrum
1536 2093 1647 2120 sulcans
1658 2095 1684 2118 et
1694 2091 1795 2117 immu-

1002 2155 1074 2180 tans,
1086 2148 1196 2183 planam
1209 2145 1292 2174 eﬂicit
1308 2154 1314 2172 :
1331 2144 1473 2180 spinisque
1484 2150 1515 2169 ac
1528 2139 1666 2176 superﬂua
1681 2138 1795 2166 materia

1003 2195 1111 2226 amotis,
1130 2192 1235 2220 semina
1261 2198 1310 2218 sua
1339 2190 1435 2218 inserit
1450 2196 1457 2214 :
1474 2187 1628 2221 dcindcque
1643 2184 1794 2211 rationabi—

1004 2240 1074 2266 libus
1091 2237 1201 2264 ﬂuentis
1225 2237 1355 2271 irrigans,
1380 2234 1467 2269 ipsam
1496 2231 1623 2259 inebriat.
1645 2228 1735 2261 Quare
1751 2227 1794 2254 di-

1004 2289 1077 2312 ctllrt
1097 2288 1139 2311 est
1160 2292 1166 2309 :
1187 2291 1196 2307 1
1216 2281 1301 2309 Rivos
1323 2281 1383 2315 ejus
1410 2278 1526 2307 iuehria.
1542 2274 1693 2309 multiplica
1717 2272 1795 2307 geni-

1004 2331 1078 2358 mina
1095 2329 1166 2364 ejus.
1186 2338 1195 2354 1
1215 2327 1314 2355 Postea
1332 2333 1396 2352 vero
1412 2324 1485 2351 illius
1499 2322 1560 2349 loco
1578 2330 1584 2347 :
1606 2329 1614 2344 1
1635 2318 1662 2345 In
1687 2317 1794 2345 stillici-

1003 2376 1057 2403 diis
1087 2363 1148 2410 ejus
1176 2373 1311 2400 laetabitur
1332 2369 1500 2405 germinans,
1521 2376 1529 2392 1
1553 2363 1734 2400 Symmachus
1753 2363 1793 2389 sic

1003 2422 1085 2449 habet
1096 2409 1124 2448 :71
1139 2419 1227 2447 Stillis
1235 2418 1294 2452 ejus
1307 2416 1431 2444 emollies
1441 2415 1527 2449 ipsam
1539 2417 1565 2439 et
1574 2417 1684 2446 germen
1692 2409 1763 2443 ejus.
1781 2418 1790 2434 1

1004 2467 1037 2494 Et
1063 2468 1120 2494 htec
1145 2465 1237 2492 omnia
1260 2461 1399 2491 visilautis
1425 2457 1577 2486 Ecclesiam
1608 2463 1686 2483 suam
1715 2454 1792 2490 signa

1003 2517 1068 2541 sunt
1088 2523 1093 2539 :
1111 2520 1171 2546 quae
1188 2517 1254 2537 sane
1276 2508 1341 2535 olim
1372 2503 1564 2542 prmnuntiata,
1576 2508 1631 2528 non
1644 2499 1698 2527 alio
1712 2499 1792 2527 modo

1003 2565 1084 2593 quam
1110 2545 1158 2592 per
1174 2553 1329 2582 Servatoris
1356 2550 1444 2579 nostri
1487 2548 1633 2576 adventum
1657 2545 1792 2580 completa

1003 2592 1067 2631 sunt
1085 2613 1091 2629 ι
1110 2610 1157 2637 per
1169 2608 1250 2636 quem
1272 2599 1318 2634 qui
1332 2599 1393 2632 ejus
1415 2595 1503 2632 gratia
1522 2592 1627 2628 dignati
1647 2594 1721 2637 sunt,
1738 2597 1793 2616 caa-

1002 2650 1080 2677 lestia
1093 2635 1198 2675 semina
1213 2646 1240 2673 in
1256 2644 1400 2672 animabus
1418 2641 1476 2669 suis
1502 2638 1680 2673 excipientes,
1695 2635 1791 2662 uberes

1003 2696 1110 2723 fructus
1133 2693 1296 2729 proferunt;
1323 2689 1368 2716 alii
1402 2694 1499 2722 nempe
1525 2684 1717 2712 centesimum,
1747 2679 1792 2730 alii

1004 2728 1217 2776 sexagesimum,
1235 2738 1279 2765 alii
1308 2736 1488 2762 tricesituum.
1516 2728 1646 2776 Quisquis
1671 2732 1735 2753 vero

1004 2787 1051 2815 Dei
1066 2769 1189 2814 [Ecclesia
1212 2769 1338 2811 diversos
1363 2786 1459 2808 eorum
1483 2776 1530 2813 qui
1544 2772 1693 2803 inClu-isto
1710 2769 1793 2805 proli-
