2041 3215
109 193 163 221 6ιὸ

682 190 937 220 (ῙΟΜΜΕΝΤΑΒΙᾹ
957 192 989 219 IN
1009 191 1191 227 PSALMOS.‘

1194 154 1246 197 ιιι

1702 192 1755 220 646

108 248 271 277 ἐνδύσασθαι
296 248 459 285 ἀφθαρσίαν·
475 259 483 275 i
501 249 547 276 καὶ
559 249 649 276 πάλιν·
662 259 671 276 ι
687 250 744 285 Ἐφ’
756 246 779 285 ᾧ
790 251 820 276 οὺ
834 250 901 277 θέλο-

963 254 993 277 υι
1004 249 1185 277 absmbeatur
1195 248 1267 284 quod
1278 245 1393 277 mortale
1401 247 1442 278 é'st
1450 248 1571 278 avita".
1586 261 1595 276 ι
1604 248 1755 277 lndueutur

111 304 160 331 μεν
166 295 331 322 ἓνδύσασθαι
347 295 386 331 (Ι)
395 296 467 328 ,ἀλλ’
478 296 687 330 ἐπενδύσασθαι,
701 297 745 324 ἵνα
759 297 902 333 καταποθῇ

109 342 139 367 τὸ
154 341 251 376 θνητὸν
282 341 334 368 ὑπὸ
355 341 405 376 τῆς
436 342 517 378 ζωῆς.
535 352 544 368 ι
578 343 747 370 Ἐνδὺσονται
773 344 864 370 τοίνυν
878 345 903 370 οἱ

109 386 181 422 κριοὶ
191 387 222 413 τὸ
236 387 377 422 ἑμπρέπον
389 388 479 420 αὐτοῖς
498 388 556 414 ἐνδυ
561 397 609 424 μα,
622 389 667 415 τοῦ
681 389 800 425 φθαρτοῦ
815 390 904 425 σώμα-

108 439 154 462 τος
170 430 263 462 αὐτοῖς
287 431 500 466 μεταϐάλλοντος
523 434 562 464 εἰς
584 433 751 469 ἀφθαρσίαν,
782 435 829 462 καὶ
856 435 902 461 τοῦ

109 475 208 511 θνητοῦ
222 477 262 508 εἰς
279 476 436 504 ἀθανασίαν.
468 478 546 505 Οὕτω
574 479 637 513 γοῦν
662 480 733 507 κατὰ
757 481 788 507 τὸ
812 482 898 516 παρά-

108 522 210 558 δειγμα
220 523 267 549 καὶ
282 523 306 549 ol
317 524 389 558 κριοὶ
403 523 508 550 οἴκοθεν
522 526 670 559 ἐπάγονται
682 526 713 552 τὸ
727 526 839 562 ἔνδυμα,
855 528 903 554 τοῦ

110 567 236 603 σώματος
267 569 358 601 αὐτοῖς
386 571 620 606 καρποφοροῦντος
647 572 693 598 τὸν
711 572 804 599 πόκον.
824 573 903 599 Ἀλλὰ

108 612 156 639 καὶ
170 613 253 639 αὐτὸν
267 613 421 640 ἐνδύσονται
437 615 482 641 τὸν
499 615 599 652 Κύριον
611 617 688 652 ἡμῶν
712 618 815 653 Ἰησοῦν
834 619 900 653 Χρι-

109 658 182 692 στὸν,
194 659 225 685 τὸ
240 659 378 696 ἐξαίρετον
392 660 494 695 ἔνδυμα
508 662 538 687 τὸ
553 662 609 696 φῶς
619 663 668 697 τῆς
679 663 804 699 θεότητος
821 665 903 691 αὑτοῦ

108 705 344 740 περιϐαλούμενοι.
363 706 422 732 Ἔτι
447 707 495 741 μὲν
522 708 568 733 καὶ
588 717 597 732 ε
618 709 645 735 αἱ
667 709 789 741 κοιλάδες
806 719 815 735 ι
842 710 902 736 τότε

110 760 119 776 ι
143 750 309 786 πληθυνοῦσι
333 752 414 778 σῖτον,
428 761 437 777 ι
457 753 529 778 Ἔδει
543 753 597 789 γὰρ
614 754 680 788 μηδὲ
696 754 748 780 τῶν
774 755 903 782 κοιλάδων

107 797 311 833 ἀμνημονῆσαι·
329 798 457 833 ἀνωτέρω
471 798 519 833 μὲν
536 799 589 835 γὰρ
603 799 727 831 πεδιάδες
743 800 904 836 ὠνομάσθη-

108 851 159 870 σαν
173 843 220 870 καὶ
229 843 294 878 ὄρεα
310 843 415 878 ἐρήμου
431 844 478 870 καὶ
493 844 592 878 βουνοί.
620 846 728 881 Ἐπειδὴ
746 846 774 872 δέ
789 847 841 872 εἰσι
857 847 904 872 καὶ

108 888 185 923 παρὰ
195 887 231 914 τὰ
241 887 371 922 λεχθέντα
386 888 514 924 τάγματα
532 889 605 915 ἄλλοι
621 891 692 921 τινὲς
705 891 902 926 ταπεινότεροι,

955 298 1046 333 itaque
1059 297 1159 324 arietes
1169 297 1330 332 congruenti
1343 296 1394 324 sibi
1405 297 1577 328 vestimento.
1585 300 1690 324 mutato
1697 304 1746 324 cor

955 343 1076 379 ruptibili
1090 350 1206 378 corpore
1216 342 1242 369 in
1255 342 1499 377 incorruptionem,
1509 347 1536 370 et
1548 343 1656 370 mortali
1669 343 1695 369 in
1706 344 1753 370 im-

954 387 1208 417 niortalitatem.Sic
1217 387 1307 422 itaque
1318 387 1468 414 secundum
1478 389 1593 423 exempli
1605 388 1751 421 rationem,

955 434 1054 461 arietes
1068 434 1260 461 vestimentum
1270 432 1320 459 sibi
1331 432 1494 466 producunt,
1507 440 1621 467 corpore
1633 434 1692 468 ipso
1701 434 1751 461 vel-

955 480 998 506 lus
1008 479 1159 506 emittente.
1174 479 1231 506 lmo
1241 485 1306 505 vero
1321 478 1410 513 ipsum
1423 477 1565 504 Dominum
1573 484 1696 505 nostrum
1705 478 1751 505 Je-

955 533 1014 552 smn
1024 524 1164 551 Christum
1181 524 1295 551 induent
1308 523 1535 559 praestantissimo
1549 523 1596 551 illo
1607 524 1752 552 indumen-

955 576 992 603 to,
1008 571 1068 598 luce
1077 579 1175 606 nempe
1183 571 1292 598 deitatis
1303 571 1447 598 vestiendi.
1460 571 1500 597 Ad
1513 570 1570 598 hac
1587 575 1676 598 autem
1687 576 1751 599 tunc

958 627 966 643 ι
980 618 1065 644 valles
1076 617 1254 644 abundabunt
1266 616 1412 644 frumento.
1425 626 1434 642 ι
1447 615 1499 642 Par
1514 617 1614 651 quippe
1629 617 1679 644 fuit
1692 618 1750 643 val-

955 663 994 690 les
1005 670 1059 689 non
1071 662 1180 690 silentio
1188 662 1342 696 praeterire;
1354 669 1415 689 nam
1427 661 1552 696 superius
1563 662 1663 697 campi.
1673 670 1752 688 mon-

955 712 996 735 tes
1004 708 1115 739 deserti,
1123 711 1150 734 et
1157 707 1240 734 colles
1258 707 1388 734 nominati
1396 710 1467 734 sunt.
1480 707 1548 739 Quia
1560 715 1625 734 vero
1633 708 1678 734 alii
1687 711 1752 735 sunt

958 754 1118 780 memoratis
1131 753 1274 780 ordinibus
1290 752 1410 785 viliores,
1424 761 1511 787 neque
1522 758 1613 780 tamen
1624 761 1655 780 ex
1667 761 1751 788 regno

955 799 1091 833 ejiciendi,
1108 798 1172 825 licet
1186 798 1322 833 praedictis
1331 798 1750 833 comparati,parvi,pusilli,ac,

956 850 986 871 ut
1008 845 1045 870 ita
1060 844 1159 875 dicam,
1176 845 1307 879 postremi
1324 844 1476 871 habeantur
1490 852 1497 875 ;
1527 852 1640 871 necesse
1657 844 1706 871 fuit
1720 850 1750 872 ut

959 897 1047 924 neque
1067 897 1163 916 eorum
1179 889 1281 916 mentio
1295 889 1495 923 prmteriretur;
1514 890 1562 917 sed
1576 898 1624 917 cos
1638 899 1749 926 quoque

107 933 156 961 καὶ
173 935 223 962 οὐκ
234 934 381 970 ἀπόϐλητοι
397 935 445 970 μὲν
455 935 504 970 τῆς
517 935 664 969 βασιλείας,
681 936 749 971 πλὴν
759 937 796 968 ὡς
809 938 837 963 ὲν
851 946 901 964 πα-

954 941 1149 969 congruentem
1172 934 1291 959 iruclmn
1314 933 1418 959 laturos
1439 940 1500 960 esse
1524 933 1682 960 declaratur
1706 934 1749 960 his

108 979 220 1015 ραθέσει
246 980 300 1007 τῶν
331 980 533 1016 προλεχθὲντων
564 983 676 1017 σμικροὶ
701 982 748 1008 καὶ
774 982 901 1018 βραχεῖς,

107 1026 218 1053 πάντων
227 1035 258 1053 τε
267 1026 305 1058 ὡς
322 1026 354 1053 ἂν
365 1026 436 1053 εἴποι
451 1035 502 1058 τις,
530 1026 648 1062 ἔσχατοι·
673 1027 830 1061 ἀναγκαίως
845 1029 903 1055 οὺέὲ

106 1071 210 1099 τούτων
226 1072 348 1108 παρῆλθε
363 1072 412 1107 τὴν
434 1073 544 1108 μνήμην
566 1074 580 1099 ὁ
606 1073 693 1107 λόγος·
709 1073 777 1100 ἀλλὰ
790 1074 837 1100 καὶ
856 1075 905 1100 αῦ-

105 1119 170 1150 τοὺς
187 1118 292 1154 καρπὸν
305 1118 388 1145 οῐσειν
404 1118 450 1145 τὸν
466 1119 645 1145 ἐπιϐάλλοντα
659 1119 779 1145 διδάσκει
807 1119 902 1153 λέγων·

108 1173 117 1188 ι
131 1163 188 1190 Καὶ
203 1164 231 1189 αἱ
245 1163 366 1195 κοιλάδες
378 1163 543 1198 πληθυνοῦσι
557 1165 628 1190 σῖτον
642 1173 650 1189 ι
667 1164 864 1199 προφέρουσαι,
874 1164 902 1199 ἦ,

108 1218 117 1233 ς
132 1209 185 1244 τὴν
195 1208 326 1244 τροφὴν,»
341 1209 411 1236 κατὰ
423 1209 469 1235 τὸν
486 1209 643 1244 Σύμμαχον.
663 1219 671 1235 ί
687 1209 900 1244 Κεκράξονται.»

105 1254 138 1280 τι
148 1254 178 1281 δὲ
190 1254 380 1289 κεκράξονται,
397 1255 542 1290 ἑρμηνεύει
557 1256 620 1291 ἑξῆς
649 1256 744 1290 λέγων·
758 1267 765 1281 ι
781 1257 835 1283 Καὶ
850 1257 903 1292 γὰρ

105 1297 301 1335 ὑμνῆσουσινη
325 1300 390 1326 ὡσεὶ
409 1301 574 1336 σαφέστερον
603 1303 717 1337 εἰρήκει“
734 1303 764 1329 Et
778 1304 831 1338 γὰρ
848 1312 903 1329 κοι-

105 1345 186 1377 λάδες
202 1346 391 1380 τυγχάνουσιν,
408 1347 483 1382 ὅμως
510 1347 532 1373 δ’
549 1345 595 1374 οῦν
618 1348 769 1383 ὑμνήσουσι
795 1349 839 1374 τὸν
858 1349 903 1375 καὶ

105 1390 199 1422 αὐτοῖς
215 1391 269 1417 τῶν
280 1391 390 1425 ἀγαθῶν
403 1392 532 1428 πάροχον.
555 1393 703 1427 ’Υμνοῦσαι
719 1393 746 1419 δὲ
758 1394 902 1429 κεκράξον-

105 1443 162 1466 ται,
179 1435 320 1471 παρρησίᾳ
333 1436 472 1472 χρώμεναι
487 1437 535 1463 καὶ
556 1437 603 1472 βοῇ
621 1438 735 1473 μεγάλῃ.
750 1438 854 1464 Βοῶσαι
875 1439 902 1464 δὲ

106 1482 214 1516 κραυγῇ
231 1481 279 1507 καὶ
295 1481 427 1516 ὑμνοῦσαι
444 1481 522 1512 ποίας
539 1482 703 1517 προήσονται
716 1482 817 1516 φωνὰς,
829 1482 902 1517 ἢτὰς

106 1526 136 1551 ὲν
151 1526 223 1560 ἀρχῇ
250 1527 350 1558 παντὸς
374 1526 481 1562 ψαλμοῦ
513 1527 677 1561 φερομένας’
708 1527 775 1553 «Σοὶ
802 1528 901 1562 πρέπει

107 1571 202 1606 ὕμνος,
216 1573 230 1598 ὁ
245 1572 320 1606 Θεὸς,
335 1573 364 1599 ὲν
389 1572 486 1604 Σιὼν,›
511 1573 640 1606 λέγουσαι
654 1582 660 1605 ;
679 1574 847 1607 ’Δναγχαίως
874 1574 901 1600 δὲ
917 1600 935 1608 ,η

916 1601 936 1627 C
954 1616 1071 1643 doceri:
1092 1615 1202 1642 tametsi
1232 1615 1361 1650 prtedicta
1393 1614 1475 1640 verba
1505 1614 1539 1640 de
1568 1613 1745 1640 sensibilibus

107 1616 250 1652 πρόκειται
262 1617 294 1643 τό
311 1624 318 1632 ·
335 1627 346 1642 ι
359 1617 556 1653 Κεκράξονται,
580 1618 628 1643 καὶ
653 1619 707 1652 γάρ
722 1619 896 1653 ὑμνήσουσι.»

106 1663 171 1699 περὶ
184 1663 238 1690 τῶν
249 1665 391 1696 κοιλάδων,
409 1665 425 1699 ἢ
456 1665 502 1691 καὶ
520 1666 583 1700 περὶ
615 1665 668 1692 τῶν
698 1665 901 1701 προλεχθὲντων

106 1710 246 1741 ἁπάντων,
261 1710 298 1742 ὡς
312 1711 345 1737 ἂν
359 1711 502 1746 μάθοιμεν,
524 1712 563 1737 ὄτι
577 1711 614 1746 μὴ
630 1712 693 1746 περὶ
707 1712 841 1747 αἰσθητῶν
855 1713 902 1738 καὶ

106 1755 272 1787 σωματικῶν
295 1756 385 1783 τόπων
409 1758 424 1783 ὁ
449 1756 526 1790 λόγος
555 1756 640 1783 ταῦτα
661 1757 789 1783 διδάσκει·
813 1758 901 1783 καίτοι

104 1802 154 1829 καὶ
169 1802 234 1837 περὶ
247 1801 349 1828 τούτων
375 1802 447 1834 εἰκὸς
463 1800 496 1837 ἦν
513 1802 546 1828 τὰ
570 1802 754 1837 προλεχθέντα
773 1803 901 1836 λέγεσθαι

104 1846 227 1883 νομίζειν
240 1848 287 1874 ἐπὶ
300 1849 355 1880 τοῖς
368 1847 505 1883 αἰσθητοῖς
517 1847 564 1873 τοῦ
573 1848 640 1874 Θεοῦ
651 1848 823 1884 δωρήμασιν,
837 1849 900 1875 ὥστ’

104 1891 175 1920 εἶναι
190 1893 395 1928 εὐχαριστήριον
413 1893 506 1928 ὕμνον,
529 1892 567 1923 ὡς
582 1893 649 1929 πρδς
666 1894 714 1927 τὴν
730 1893 811 1926 λέξιν,
831 1895 901 1928 ὑπὲρ

103 1939 158 1966 τῶν
174 1940 235 1966 κατ’
251 1939 309 1970 ἔτος
322 1938 476 1974 ἀνθρώποις
491 1939 701 1974 χορηγουμένων
717 1939 762 1965 τὸν
780 1940 901 1974 παρόντα

103 1985 194 2019 λόγον.
209 1984 277 2011 Καθ’
297 1984 411 2012 ἕκαστον
445 1984 510 2019 γοῦν
527 1985 649 2011 ἐνιαυτὸν
674 1986 688 2011 ὁ
711 1985 901 2020 φιλάνθρωπος

103 2031 151 2057 καὶ
166 2031 267 2062 παντὸς
277 2030 379 2064 ἀγαθοῦ
397 2030 479 2066 δοτὴρ
494 2031 569 2062 Θεὸς,
594 2031 827 2065 ἐπισκεπτόμενος
852 2031 900 2066 τὴν

103 2077 168 2111 γῆν,
188 2076 316 2112 μεθύσκει
333 2076 427 2111 αὐτὴν,
446 2076 533 2112 ἄρδων
549 2077 605 2108 τοῖς
622 2076 764 2112 συνήθεσιν
777 2076 898 2112 ὖμϐροις,

103 2122 205 2159 πληροῖ
223 2131 252 2149 τε
269 2123 353 2157 αὐτῆς
367 2123 429 2154 τοὺς
443 2122 565 2154 αὔλακας
580 2123 638 2153 ταῖς
653 2122 707 2148 τῶν
720 2123 804 2148 ὑετῶν
820 2131 900 2157 χορη-

104 2168 189 2203 γίαις.
204 2167 245 2195 Τά
257 2177 287 2194 τε
300 2169 458 2204 γεννήματα
475 2168 558 2203 αὐτῆς
578 2168 719 2203 πληθύνων
744 2168 894 2203 εὐλογήσει.

110 2213 143 2240 ’Π
170 2213 404 2250 δὶεῦφραινεται,
433 2212 659 2249 νεαροποιηθεῖσά
689 2221 719 2238 τε
745 2213 894 2239 ἀνατέλλει.

105 2259 232 2286 Κᾶπειτα
247 2258 420 2294 πληρουμένη
447 2258 580 2284 παντοίων
608 2257 730 2293 καρπῶν,
758 2256 898 2292 σπορίμων
916 2275 938 2302 D

104 2311 133 2330 τε
150 2303 198 2330 καὶ
228 2303 385 2339 ἀκροδρύων
409 2303 599 2338 στεφανοῦται,
624 2303 661 2334 ὡς
684 2303 720 2337 μὴ
738 2303 770 2329 ἂν
785 2302 899 2336 ὀκνῆσαι

105 2349 176 2376 κατὰ
191 2349 237 2376 τὸν
247 2349 294 2376 τοῦ
305 2350 384 2386 ἔαρος
400 2349 494 2384 καιρὸν
514 2349 718 2383 ἑστειξανῶσθαι
739 2348 828 2382 λέγειν
848 2349 897 2374 αὐ-

104 2395 164 2429 τὴν,
179 2395 215 2421 τά
228 2404 258 2421 τε
277 2395 356 2422 mat;
371 2395 538 2431 πληθύεσοαι
564 2396 700 2429 πιότητος·
718 2395 764 2421 καὶ
783 2395 835 2429 μὴν
852 2395 898 2420 καὶ

105 2440 142 2467 τὰν
153 2440 220 2476 ὄρεα
235 2441 283 2476 τῆς
298 2442 401 2477 ἐρήμου
418 2441 519 2472 ἀνθεῖν,
535 2442 582 2468 καὶ
605 2442 667 2472 τοὺς
687 2441 796 2476 βουνοὺς
812 2441 897 2474 ἀγαλ-

104 2487 194 2514 λίασιν
214 2486 440 2523 περιζώννυσθαι·
473 2487 540 2514 ἀλλὰ
564 2488 610 2513 καὶ
643 2488 705 2518 τοὺς
726 2486 819 2521 κριοὺς
844 2487 897 2512 τῶν

105 2532 250 2568 προϐάτων
261 2533 318 2564 τοῖς
331 2532 435 2559 ἑαυτῶν
459 2533 553 2564 πόκοις
585 2531 795 2563 ἐνδιδύσκεσθαι,
815 2532 899 2563 αὐτάς

104 2584 134 2602 τε
149 2575 199 2607 τὰς
213 2575 339 2607 κοιλάδας
355 2575 445 2612 χώρας
471 2576 600 2607 πολλάκις
623 2575 792 2611 πληροῦσθαι
814 2576 897 2607 σίτου,

105 2622 152 2648 καὶ
168 2622 310 2657 μονονουχὶ
323 2622 362 2657 τῷ
374 2622 447 2658 ἔργῳ
478 2622 541 2658 βοᾷν
555 2623 602 2649 καὶ
618 2623 662 2649 τὸν
687 2622 753 2648 Θεὸν
763 2621 896 2655 δοξάζειν.

105 2667 199 2694 Ταῦτα
209 2667 237 2694 δὲ
249 2668 273 2694 ει
284 2668 332 2694 καὶ
342 2668 383 2694 ὅτι
394 2668 511 2703 μάλιστα
521 2668 657 2703 αἰσθητῶς
674 2668 824 2703 πληροῦται
837 2668 898 2694 καθ’

105 2714 220 2741 ἕκαστον
230 2713 299 2745 ἔτος,
317 2713 373 2740 ἀλλ’
386 2714 402 2749 η
419 2714 574 2750 σύμφρασις
584 2714 634 2748 τῆς
641 2714 688 2740 τοῦ
703 2714 802 2745 παντὸς
819 2713 897 2747 λόγου

106 2759 267 2791 ἀκολουθίας
278 2759 324 2785 ἐπὶ
339 2759 388 2794 τὴν
405 2759 521 2795 θεωρίαν
536 2760 609 2795 ἡμᾶς
621 2759 821 2794 ἀναπέμπουσα
838 2759 900 2786 ἁποο

105 2803 250 2831 δέδεικται.
271 2804 355 2840 Ὁμοῦ
366 2805 398 2840 δὴ
413 2803 460 2832 οὖν
478 2805 512 2832 τὰ
524 2804 708 2841 προλεχθέντα
716 2805 814 2837 πάντα,
828 2805 900 2839 λέγω

140 2871 164 2887 ⁸³
180 2872 200 2899 ll
218 2873 283 2901 Cor.
299 2881 325 2904 ν,
339 2879 367 2900 4.

141 2920 178 2956 (.l)
198 2920 280 2951 Forte
296 2920 470 2948 ἐκδύσασθαι.

956 980 1046 1007 verbis
1065 988 1071 1004 :
1091 989 1100 1004 ι
1120 979 1151 1005 Ει
1167 979 1251 1006 valles
1273 979 1452 1006 abundabunt
1475 978 1623 1009 frumento,
1644 988 1653 1003 ι
1674 978 1748 1012 quod

955 1027 1104 1061 profereut,
1118 1026 1176 1053 sive
1195 1035 1203 1050 ι
1224 1032 1326 1055 escam,
1346 1035 1354 1050 I
1375 1025 1524 1052 secundum
1541 1024 1747 1059 Symmachum.

957 1082 965 1097 ι
987 1071 1161 1099 Clamabunt.
1179 1081 1187 1097 ι
1205 1071 1274 1103 Quid
1303 1076 1392 1098 autem
1421 1070 1589 1100 clamabunt,
1618 1070 1670 1097 sub
1690 1069 1749 1097 haec

954 1118 1073 1153 explicat
1093 1117 1190 1144 dicens
1208 1126 1214 1144 :
1231 1126 1239 1142 ι
1261 1117 1367 1144 Etenim
1388 1117 1519 1151 hymnum
1535 1116 1644 1149 dicent;
1678 1124 1687 1141 ι
1716 1123 1748 1142 ac

955 1164 976 1191 si
994 1164 1115 1198 apertius
1132 1163 1249 1190 dixisset
1273 1172 1278 1189 :
1304 1162 1417 1189 Etiamsi
1434 1162 1519 1188 valles
1535 1161 1599 1194 sint,
1627 1165 1747 1188 attamen

955 1211 1048 1236 talitnn
1065 1210 1116 1236 sibi
1133 1210 1267 1235 bonorum
1279 1208 1384 1235 auctori
1400 1208 1529 1243 hymnum
1545 1207 1646 1234 dicent.
1664 1207 1747 1242 llymo

954 1263 1018 1281 num
1032 1262 1097 1282 vero
1115 1255 1238 1281 dicentes
1256 1253 1425 1285 clamabunt,
1448 1253 1547 1279 ﬁducia
1573 1253 1748 1287 clamoreque

955 1308 1053 1334 magno
1082 1305 1199 1327 utentes.
1227 1299 1385 1326 Clamautes
1412 1301 1502 1325 autem
1523 1305 1590 1325 voce
1608 1305 1705 1332 magna
1720 1302 1747 1324 et

956 1346 1085 1380 hymnum
1112 1345 1234 1372 dicentes
1254 1352 1323 1379 quas
1347 1351 1429 1371 voces
1455 1344 1592 1375 cmittent,
1623 1343 1676 1370 nisi
1699 1350 1746 1370 eas

954 1399 1014 1426 qua:
1029 1391 1202 1417 initiotolius
1219 1391 1316 1425 psalmi
1330 1389 1455 1417 feruntur
1473 1398 1480 1416 τ
1499 1398 1508 1413 ι
1525 1388 1563 1415 Te
1578 1388 1656 1415 decet
1668 1388 1749 1423 hym—

955 1446 1017 1467 nus,
1029 1436 1112 1467 Deus,
1128 1436 1154 1462 in
1170 1435 1258 1462 Sion?
1274 1444 1282 1461 ι
1297 1434 1461 1462 Necessario
1470 1438 1560 1460 autem
1570 1432 1648 1463 illud,
1667 1443 1676 1458 ι
1693 1433 1747 1459 cla-

954 1483 1078 1514 mabunt,
1098 1481 1197 1507 ctenim
1216 1482 1345 1515 hymnum
1362 1480 1465 1510 dicent,
1484 1488 1493 1504 ι
1513 1479 1670 1505 enuntiatur
1689 1483 1746 1504 tam

953 1527 986 1554 de
1001 1527 1116 1553 vallibus
1136 1533 1217 1560 quam
1240 1524 1274 1551 de
1292 1524 1450 1551 inemoralis
1473 1523 1613 1556 omnibus,
1633 1526 1662 1549 ul.
1686 1522 1746 1551 edi-

954 1578 1073 1602 scamus.
1092 1571 1148 1597 haec
1165 1578 1218 1597 non
1234 1569 1267 1596 de
1283 1568 1461 1596 sensibilibus
1480 1572 1506 1594 et
1522 1568 1661 1602 corporeis
1678 1567 1745 1594 locis

952 1669 1060 1695 quoque
1079 1661 1124 1688 Dei
1143 1660 1223 1687 donis
1241 1660 1314 1686 dicta
1339 1663 1436 1694 putare
1457 1666 1504 1693 par
1525 1662 1578 1689 est,
1604 1663 1641 1684 ita
1657 1661 1686 1684 ut
1709 1658 1746 1684 sit

954 1707 1070 1742 hymnus
1101 1706 1127 1732 in
1149 1706 1298 1741 gratiarum
1322 1705 1459 1742 actionem
1484 1711 1533 1737 pro
1550 1704 1594 1734 iis,
1620 1703 1642 1730 si
1662 1702 1745 1729 verba

951 1740 1120 1787 spectentur,
1137 1760 1198 1786 qua:
1214 1740 1361 1786 quotannis
1385 1758 1400 1776 a
1426 1749 1480 1776 Deo
1505 1749 1663 1776 hominibus
1680 1748 1746 1775 sub—

952 1799 1155 1825 ministrantur.
1174 1797 1296 1832 Singulis
1323 1797 1416 1830 itaque
1431 1796 1512 1823 annis
1537 1795 1677 1822 hominum
1701 1794 1746 1821 illo

952 1848 1057 1870 amator
1080 1843 1247 1878 largitorquc
1267 1841 1400 1868 bonorum
1417 1840 1540 1867 omnium
1568 1840 1648 1870 Deus,
1677 1838 1739 1865 visi-

951 1893 1013 1916 tans
1028 1893 1140 1919 terram,
1158 1888 1275 1914 inebriat
1295 1893 1355 1912 eam
1369 1885 1514 1919 solitisqnc
1529 1884 1664 1911 imbribus
1682 1883 1745 1910 irri-

951 1939 1006 1970 gat,
1024 1935 1097 1961 rivos
1115 1934 1174 1967 ejus
1195 1933 1294 1967 pluviis
1317 1936 1422 1958 lumerc
1448 1934 1589 1965 procurat,
1606 1929 1743 1964 genimina

951 1980 1010 2014 ejus
1030 1978 1215 2012 multiplicans
1231 1976 1378 2003 hem-dicit.
1401 1976 1447 2002 llla
1462 1983 1526 2002 vero
1542 1975 1602 2001 lteta
1619 1978 1645 2001 et
1663 1981 1744 2000 rcno-

951 2029 1013 2051 vata
1034 2024 1131 2050 iterum
1148 2022 1304 2049 cillorescit.
1319 2020 1421 2048 Deinde
1437 2020 1572 2048 fructibus
1592 2020 1683 2047 omnis
1697 2026 1744 2054 ge-

951 2070 1024 2096 neris
1038 2069 1150 2100 rei'erta,
1169 2068 1306 2103 segetibus
1324 2070 1350 2094 et
1371 2066 1459 2101 pomis
1479 2069 1637 2096 coronatur,
1661 2069 1690 2091 ut
1709 2071 1744 2091 ne

951 2117 1041 2150 pigeat
1068 2122 1127 2141 eam
1162 2121 1247 2141 verno
1275 2119 1398 2148 tempore
1426 2116 1585 2139 coronatam
1621 2111 1743 2138 dicere:

951 2161 1040 2196 campi
1060 2161 1200 2195 replentur
1222 2160 1365 2191 ubertate;
1387 2158 1455 2193 quin
1482 2157 1564 2184 etiam
1589 2161 1615 2183 ct
1637 2160 1743 2183 montes

951 2207 1051 2234 deserti
1063 2207 1248 2237 eﬂlorescnnt,
1263 2210 1289 2232 et
1306 2205 1390 2231 colles
1402 2203 1585 2230 exsultatione
1595 2202 1745 2236 accingun-

952 2257 997 2279 tur
1015 2262 1021 2279 :
1035 2253 1136 2280 arietes
1152 2252 1245 2279 oviqu
1262 2251 1408 2278 velleribus
1424 2250 1483 2277 suis
1498 2249 1665 2280 vestiuntur;
1678 2248 1744 2282 ipsa:

952 2299 1091 2326 convalles
1115 2299 1275 2334 plerumque
1296 2297 1433 2324 frumento
1454 2295 1606 2325 abundant,
1629 2298 1654 2320 et
1675 2293 1743 2327 ipsis

952 2344 1083 2378 operibus
1095 2348 1200 2371 tantum
1215 2351 1267 2370 non
1281 2343 1399 2369 clamant
1412 2342 1552 2374 Deumque
1567 2339 1692 2366 laudibus
1707 2339 1744 2365 cf-

952 2395 1052 2422 ferunt.
1070 2392 1132 2419 llaec
1145 2398 1226 2426 porro
1240 2389 1347 2416 etiamsi
1359 2387 1507 2422 quotannis
1523 2385 1646 2413 sensibili
1662 2385 1743 2412 modo

952 2438 1116 2473 impleantur
1124 2455 1131 2467 ,
1141 2443 1173 2462 ex
1186 2434 1256 2462 serie
1267 2437 1356 2459 tamen
1368 2431 1534 2458 narrationis
1543 2435 1743 2457 commonstra-

951 2489 1009 2510 tum
1034 2487 1087 2514 est.
1102 2481 1197 2509 eadem
1213 2487 1264 2506 nos
1280 2478 1314 2505 ad
1339 2477 1598 2512 contemplationem
1616 2483 1741 2503 evocare.

951 2528 1135 2556 Nihilominus
1165 2528 1313 2553 memorata
1340 2523 1442 2555 omnia,
1473 2523 1602 2549 nimirtun
1641 2522 1742 2556 campi,

952 2579 1058 2602 montes
1072 2572 1185 2603 deserli,
1200 2571 1285 2598 colles
1298 2574 1326 2597 et
1342 2569 1442 2596 arietes
1457 2568 1558 2599 ovium,
1573 2571 1654 2602 atque
1671 2567 1744 2594 insu-

951 2629 999 2655 per
1011 2621 1088 2655 prius
1101 2618 1242 2653 explicatae
1259 2615 1408 2645 convalles,
1419 2618 1476 2640 tum
1487 2613 1637 2640 secundum
1650 2612 1742 2638 datam

952 2664 1214 2700 interpretationem,
1229 2665 1287 2688 tum
1309 2660 1389 2687 obvio
1417 2667 1499 2687 sensu
1523 2662 1645 2692 accepta,
1660 2665 1742 2683 uuam

952 2720 1058 2743 vocem.
1077 2709 1276 2743 melodiamque
1290 2714 1440 2734 consonam
1457 2706 1513 2733 Deo
1528 2706 1662 2733 emissuru
1682 2710 1743 2730 esse

954 2759 1092 2786 dicuntur.
1107 2756 1197 2788 Quare
1213 2754 1239 2780 in
1258 2754 1385 2780 omnibus
1402 2752 1459 2780 haec
1478 2752 1614 2787 intelligas
1630 2759 1637 2778 :
1654 2759 1663 2776 ι
1681 2748 1738 2776 Cla-

954 2803 1067 2831 mabunt
1083 2805 1110 2830 et
1126 2801 1257 2836 hymnum
1278 2798 1380 2826 dicent.
1398 2807 1408 2824 ι
