2041 3215
134 180 189 210 619

698 179 950 210 COMMENTARIA
969 179 1003 208 IN
1023 178 1194 209 PSALKOS.

1226 129 1276 176 ες

1707 180 1761 209 650

133 239 309 275 ἀλληγορίας,
326 239 357 267 τό
374 238 453 276 σῶμα
464 239 495 267 τὸ
505 239 683 276 ἀνθρώπειον,
699 240 793 276 ὥσπερ
809 241 923 276 ὄργανον

978 241 1065 271 homo.
1082 240 1203 268 membra
1217 242 1245 266 et
1259 246 1357 267 sensus
1367 246 1427 273 ejus
1436 238 1505 267 scite
1517 238 1571 275 legi
1585 238 1634 268 Dei
1645 239 1762 274 psallere

132 287 168 322 τῇ
183 285 256 321 ψυχῇ
271 285 423 321 δεδομένον,
448 285 597 322 ψαλτήριον
622 285 716 313 εῐωθεν
733 286 922 322 ὀνομάζεσθαι·

133 332 168 359 δι’
181 327 212 358 οὗ
228 333 243 358 ό
255 331 320 358 εἵσω
333 331 486 367 ἄνθρωπος,
496 331 722 366 ἀνακρουόμενος,
737 332 925 367 ἐπιστημόνως

132 380 168 407 τὰ
181 379 252 415 μέλη
269 380 315 406 καὶ
326 379 359 406 τὰ
376 379 541 415 αἰσθητήρια
554 380 593 415 τῷ
603 380 677 415 νόμῳ
687 379 733 405 τοῦ
743 379 810 406 Θεοῦ
827 379 924 413 λέγοιτ¹

132 426 166 453 ἂν
180 426 293 457 ε’ἰκότως
304 425 425 460 ψάλλειν.
443 425 484 452 Τὰ
495 425 544 461 μὲν
560 424 606 452 οὖν
622 426 669 461 τῆς
681 424 807 460 γνώσεως
824 426 869 452 καὶ
882 426 926 452 διὰ

133 471 180 498 τοῦ
197 472 354 507 ἀλαλαγμοῦ
370 473 439 508 αὑτὴ
454 472 515 499 καθ’
533 472 631 507 ἑαυτὴν
647 473 662 508 ἡ
773 472 924 508 κατώρθουν

132 518 172 545 διὸ
188 518 264 553 αὑτῷ
278 518 316 553 τῷ
332 518 392 553 Θεῷ
407 519 534 554 ἠλάλαξε·
546 518 580 545 τὰ
594 519 621 545 δὲ
632 518 680 545 τοῦ
694 518 805 554 ψάλλειν
819 519 863 545 διὰ
878 519 926 554 τῆς

133 565 181 592 τοῦ
198 565 324 600 σώματος
336 565 434 600 ἠθικῆς
443 566 488 591 καὶ
500 565 653 600 πρακτικῆς
665 565 797 600 κινήσεως
811 565 925 600 ἐνεργεῖ·

133 612 174 639 διὸ
187 612 322 638 λέλεκται·
340 620 349 637 ι
424 611 535 646 ὀνόματι
561 611 654 637 αὑτοῦ.
676 621 684 636 ι
705 610 847 646 Εὐφημιαν
873 611 927 647 γὰρ

133 658 173 694 τῷ
188 658 236 684 τοῦ
250 657 318 684 Θεοῦ
329 657 441 692 ὀνόματι
459 657 536 692 φέροι
562 657 596 683 ἂν
622 658 638 692 ἠ
659 656 704 683 διὰ
733 657 787 683 τῶν
802 657 927 693 πράξεων

133 706 191 736 τοῖς
208 704 315 735 πολλοῖς
331 703 506 739 θεωρουμένη
520 702 698 738 κατόρθωσις.
718 703 772 729 Καὶ
784 703 875 739 τρίτον
888 703 926 735 δὲ,

134 750 300 787 πρόσταγμα
312 750 393 776 πᾶσιν
410 750 475 785 ἡμῖν
488 750 544 781 τοῖς
567 749 596 782 ἐξ
612 748 696 775 ὲθνῶν
713 749 758 775 τὸν
775 748 840 775 Θεὸν
865 750 929 775 έπε-

133 797 252 832 γνωκόσι
280 796 477 832 παρήγγελται,
495 796 525 822 τὸ
549 795 658 822 κελεῦον
678 796 778 822 διδόναι
804 795 883 827 δόξαν
897 796 927 821 οὺ

133 843 173 879 τῷ
185 843 257 878 Θεῷ,
273 843 392 878 ἀπήρκει
408 842 462 878 γὰρ
476 841 619 874 ἀλαλάζειν
641 841 724 876 αὐτῷ·
744 841 799 868 ἀλλ’
814 842 873 867 οὐδὲ
890 841 928 876 τῷ

95 909 100 914 .
133 889 247 925 ὀνόματι
262 888 356 920 αὐτοῦ,
368 888 455 922 τούτῳ
480 887 535 923 γὰρ
551 887 662 922 ψάλλειν
682 887 872 923 ὲκελευόμεθα·
893 888 926 922 τῇ

135 935 163 962 δὲ
176 935 279 962 αἰνέσει
294 934 386 962 αὑτοῦ.
399 934 545 966 Λινοῦντας
561 934 614 969 γὰρ
624 966 629 973 .
641 934 721 961 αὑτὸν
743 933 876 969 προσήκει
891 933 927 968 μὴ

134 981 282 1013 ταπεινῶς,
299 981 366 1016 μηδὲ
381 979 482 1012 ἀδόξως
498 981 593 1011 αἰνεῖν,
618 980 666 1006 σὺν
698 980 781 1015 πολλῇ
806 980 834 1006 δὲ
862 980 927 1015 τιμῇ

134 1027 184 1054 καὶ
196 1027 269 1063 δόξῃ.
288 1026 360 1062 Πρὸς
374 1026 428 1061 γὰρ
442 1027 475 1061 τῇ
493 1025 562 1052 κατὰ
576 1025 695 1052 διάνοιαν
710 1025 855 1061 ὲρρωμένῃ
865 1025 929 1060 περὶ

134 1074 204 1102 Θεοῦ
220 1073 319 1108 γνώσει
336 1073 370 1100 δι’
386 1072 503 1108 ὀργάνου
519 1072 725 1108 κατορθουμένῃ
738 1072 870 1107 προσήκει
883 1072 929 1098 καὶ

133 1119 180 1147 διὰ
191 1118 279 1153 λόγων
290 1118 369 1145 θείων
384 1119 474 1149 αῐνους
489 1118 536 1144 καὶ
557 1117 657 1153 ὕμνους
672 1117 735 1149 τοὺς
752 1117 792 1148 εις
807 1117 853 1143 τὸν
863 1117 929 1143 Θεὸν

135 1166 317 1202 περιεχόντων
344 1166 393 1192 σὺν
410 1165 539 1201 εὐλαϐείᾳ
564 1165 612 1191 καὶ
642 1163 783 1199 σεδασμίῳ
809 1164 875 1199 τιμῇ
899 1164 929 1190 τὸ

135 1211 245 1248 πρῶτον
258 1211 434 1247 ἀποπληροῦν
452 1212 626 1247 πρόσταγμα.
639 1210 685 1236 Διὸ
698 1210 831 1236 λέλεκταγ
845 1219 854 1235 ε
866 1210 929 1236 Δότε

133 1258 214 1291 δόξαν
222 1257 324 1284 αἰνέσει
334 1256 427 1283 αὑτοῦ·
449 1266 458 1283 ι
471 1256 487 1291 ἢ
500 1256 569 1284 κατὰ
580 1256 625 1282 τὸν
639 1255 768 1288 Ἀκύλαν,
786 1264 795 1281 ι
809 1255 873 1282 Δότε
888 1255 930 1281 δό-

135 1304 186 1338 ξαν
204 1304 320 1340 ὑμνήσει
335 1303 471 1338 αὑτοῦ·ιῆ
487 1302 557 1329 κατὰ
571 1302 616 1329 τὸν
630 1302 788 1337 Σύμμαχον,
806 1311 815 1327 ι
826 1301 929 1333 Τάξατε

136 1351 178 1382 εἰς
192 1349 275 1385 τιμὴν
291 1349 336 1376 τὸν
353 1349 438 1384 ὕμνον
461 1348 572 1375 αὐτοῦ.»
598 1348 659 1375 Ἔτι
689 1348 758 1383 πρὸς
780 1347 885 1378 τούτοις
901 1348 930 1374 τὸ

136 1396 250 1432 Πνεῦμα
266 1395 297 1422 τὸ
312 1394 481 1431 προφητικὸν
511 1393 727 1430 παρακελεύεται
754 1394 838 1420 πᾶσιν
865 1394 930 1428 ἡμῖν

136 1442 350 1478 τιθεωρημὲνως
364 1440 525 1473 ὲνατενίζειν
552 1442 608 1472 τοῖς
624 1440 714 1476 ἔργοις
730 1439 777 1466 τοῦ
789 1439 867 1471 Θεοῦ,
884 1440 931 1466 καὶ

136 1489 183 1516 τὸν
194 1489 257 1515 νοῦν
271 1489 394 1524 ἐφιστᾷν,
408 1488 482 1519 ὅπως
506 1487 588 1522 φόϐου
618 1487 664 1513 καὶ
687 1486 844 1522 ἐκπλήξεως
858 1486 931 1522 γέμῃ

137 1535 172 1562 ιὰ
187 1535 236 1570 τῆς
262 1535 358 1569 σοφίας
383 1534 465 1561 αὑτοῦ
484 1533 739 1569 μεγαλουργήματα.
761 1541 770 1558 ι
791 1533 837 1558 Ἐκ
851 1532 931 1567 μεγέ-

136 1580 201 1613 (tu;
215 1580 269 1616 γὰρ
293 1579 339 1606 καὶ
367 1579 499 1613 καλλονῆς
524 1579 679 1614 κτισμάτων
709 1577 845 1612 ἀναλόγως
858 1578 872 1603 ό
889 1585 930 1612 γε-

137 1626 293 1663 νεσιουργδς
306 1626 457 1661 θεωρεῖται’
480 1635 488 1651 ι
501 1625 562 1652 καί’
576 1635 584 1650 ι
601 1624 640 1651 Τὰ
654 1624 756 1660 ἀόρατα
771 1623 853 1650 αὑτοῦ
876 1624 929 1650 ἀπὸ

137 1673 253 1704 misso);
269 1672 370 1707 κόσμου
386 1672 442 1703 τοῖς
467 1672 599 1707 ποιήμασι
618 1670 750 1705 νοούμενα
769 1670 927 1705 καθορᾶται·

135 1718 156 1754 ἦ
169 1726 199 1745 τε
213 1717 296 1749 ἀΐδιος
314 1716 395 1743 αὑτοῦ
417 1716 532 1751 δύναμις
555 1716 602 1742 καὶ
631 1716 748 1751 Θειότης,
761 1726 769 1742 ι
785 1716 868 1742 Ταῦτ’
882 1714 929 1742 οὖν

137 1762 321 1799 Θεωροῦντας,
341 1762 612 1802 ὑπερεκπλήττεσθαι
640 1762 690 1795 δεῖ,
719 1762 765 1789 καὶ
784 1762 873 1797 λέγειν
890 1762 929 1797 τῷ

228 1819 238 1836 ί
256 1810 299 1842 Ὠς
314 1809 418 1846 φοϐερὰ
435 1810 469 1836 τὰ
482 1809 550 1845 ἔργα
561 1817 635 1835 σου.»
652 1808 794 1844 Ἀλλ“ἡμῖν
813 1808 862 1844 μὲν
873 1810 929 1841 τοῖς

137 1856 191 1883 ὑπὸ
205 1855 253 1883 σοῦ
273 1855 489 1891 πεφωτισμένοις
503 1855 636 1889 ἔγνωσται
646 1855 693 1882 καὶ
704 1855 882 1890 κατείληπται
895 1854 929 1881 τὰ

137 1902 206 1938 ἔργα
223 1910 270 1928 σου
285 1901 348 1928 όντα
363 1900 475 1936 φοϐερά·
494 1901 517 1927 οζ
532 1900 559 1927 δὲ
572 1900 665 1937 ἐχθροί
680 1909 727 1926 σου
739 1901 767 1927 ὲν
778 1900 865 1936 σκότῳ
880 1908 930 1927 κα-

137 1948 317 1984 λινδούμενοι,
335 1948 386 1975 κᾶν
403 1948 516 1974 ἐθέλωσι
534 1957 599 1974 ποτε
616 1948 678 1983 περὶ
689 1947 743 1974 τῶν
760 1948 814 1974 σῶν
841 1948 928 1984 ἔργων

136 1995 275 2028 διεξιέναι,
292 1995 338 2021 καὶ
350 1995 446 2029 λόγους
458 1994 495 2025 ὡς
510 1992 564 2020 οἷόν
579 2002 609 2020 τε
623 1995 751 2028 φυσικοὺς
765 1993 927 2026 ἀποδιδόναι,

138 2041 248 2078 μακρὰν
267 2041 450 2068 ἁποπίπτουσι
460 2040 507 2066 τοῦ
520 2040 637 2075 πλήθους
647 2040 697 2075 τῆς
715 2040 764 2075 σῆς
777 2040 926 2075 δυνάμεως,

137 2088 214 2115 οὐδὲν
230 2088 307 2122 ὑγιὲς
323 2087 382 2114 οὐδὲ
400 2087 499 2122 ἀληθὲς
514 2086 620 2121 ἔχοντες
644 2087 741 2121 λέγειν.
758 2087 804 2113 Διό
828 2095 925 2122 φαμεν·

140 2142 151 2159 ι
161 2134 206 2160 Ἑν
222 2133 262 2169 τῷ
276 2133 374 2168 πλήθει
389 2133 438 2169 τῆς
452 2132 592 2168 δυνάμεώς
622 2141 668 2159 σου
691 2132 835 2167 ψεύσονται
858 2141 888 2158 σε
903 2133 928 2159 οἱ

137 2180 231 2215 ἐχθροί
248 2188 306 2206 σου.
326 2180 404 2206 Πᾶσα
429 2179 446 2214 ἠ
463 2179 500 2214 γῆ
531 2179 798 2215 προσκυνησάτωσαν
824 2187 865 2205 σοι
882 2179 928 2205 καὶ

135 2225 301 2261 ψαλάτωσάν
319 2234 370 2257 σοι,
387 2225 550 2260 ψαλάτωσαν
567 2225 604 2260 τῷ
616 2224 728 2259 ὀνόματί
743 2233 799 2250 σου.
812 2225 928 2259 Διάψαλ-

972 288 1035 322 jure
1050 286 1188 314 dicantur.
1201 283 1268 318 Qua
1282 284 1365 320 igitur
1379 284 1412 311 ad
1426 285 1607 321 cognitionem
1624 286 1762 321 pertinent

976 333 1066 360 anima
1092 333 1119 359 in
1148 332 1236 367 scipsa
1260 338 1308 366 per
1333 331 1521 366 jubilationem
1550 333 1761 367 exsequebatur,

976 377 1154 413 quamobrem
1170 376 1223 411 ipsi
1239 375 1293 403 Deo
1305 375 1454 410 jubilabat;
1471 383 1518 410 per
1535 382 1698 405 consuetum
1713 387 1762 405 au-

976 427 1030 451 tem
1042 424 1151 459 corpori
1164 422 1261 458 agendi
1275 427 1378 449 motum
1392 421 1524 456 psallendi
1540 423 1623 450 ritum
1634 431 1764 459 exseque-

977 471 1078 497 batur:
1095 477 1179 504 quare
1193 469 1293 496 dicitur
1320 477 1327 496 :
1354 477 1364 493 ι
1393 467 1500 495 Nomini
1522 469 1591 502 ejus.
1616 480 1625 495 ι
1645 469 1763 497 Laudem

977 517 1079 551 quippe
1101 515 1205 543 nomini
1233 514 1280 542 Dei
1296 515 1444 542 conciliant
1469 520 1542 542 recte
1566 516 1647 549 facta,
1670 525 1731 552 quae
1748 525 1763 544 a

979 561 1071 588 multis
1086 560 1304 595 conspiciuntur.
1321 559 1424 591 Tertio,
1438 560 1595 588 mandatum
1612 562 1690 590 nobis
1704 570 1765 589 om-

979 606 1071 638 nibus,
1089 605 1136 640 qui
1151 613 1183 632 ex
1200 604 1328 640 gentibus
1344 604 1378 631 ad
1396 604 1442 632 Dei
1463 605 1646 640 cognitionem
1671 613 1765 634 acces-

979 653 1082 684 simus,
1103 652 1231 678 traditum
1257 655 1310 682 est.
1335 658 1389 686 quo
1411 651 1539 685 jubemur
1559 651 1673 686 gloriam
1689 653 1765 683 dare,

979 704 1034 723 non
1052 696 1107 724 Deo
1118 716 1124 728 ,
1138 696 1204 723 satis
1220 696 1291 723 enim
1307 698 1366 722 erat
1378 695 1497 730 jubilare
1508 696 1576 731 ipsi;
1590 705 1643 723 non
1661 699 1765 724 nomini

979 743 1050 776 ejus,
1065 742 1127 769 huic
1145 743 1216 770 enim
1238 742 1354 776 psallere
1375 742 1519 776 jubemur,
1534 742 1581 769 sed
1609 743 1682 770 laudi
1694 745 1765 778 ejus.

980 787 1134 815 Laudantes
1154 788 1226 814 enim
1243 788 1331 822 ipsum
1350 795 1398 822 par
1412 791 1455 815 est
1472 795 1524 815 non
1550 788 1700 821 humiliter,
1717 798 1768 817 nec

980 834 1039 861 sine
1052 833 1137 868 gloria
1152 832 1178 860 id
1195 840 1284 867 agere.
1300 832 1348 860 sed
1361 840 1459 867 magno
1477 840 1538 860 cum
1555 833 1659 861 honore
1673 839 1699 861 et
1710 835 1768 869 glo-

981 888 1032 906 ria.
1053 879 1192 914 Siquidem
1221 884 1318 915 praeter
1343 879 1527 914 cognitionem
1551 879 1598 908 Dei
1624 881 1652 907 in
1678 887 1768 908 mente

945 922 964 948 Β
979 926 1106 956 deﬁxam,
1120 933 1181 960 qua:
1196 933 1244 960 per
1259 926 1472 953 instrumentum
1484 926 1648 958 celebratur,
1665 935 1714 962 par
1725 931 1767 955 est

979 972 1060 999 etiam
1091 971 1193 999 divinis
1216 972 1389 999 sermonibus
1408 971 1502 1000 laudes
1528 977 1555 1000 et
1581 973 1696 1008 hymnos
1721 973 1766 1000 Dei

979 1018 1222 1053 eomplectentihus
1237 1025 1298 1045 cum
1310 1018 1409 1052 pietate
1419 1026 1450 1045 ac
1459 1018 1633 1046 veneratione
1650 1019 1766 1054 primum

980 1069 1145 1099 praeceptum
1158 1063 1279 1098 implere.
1294 1063 1384 1097 Quare
1400 1064 1502 1091 dictum
1517 1068 1559 1092 est
1577 1074 1582 1091 :
1599 1073 1608 1089 (
1630 1064 1695 1092 Date
1707 1065 1766 1100 glo-

981 1110 1048 1136 riam
1062 1110 1135 1137 laudi
1150 1110 1226 1145 ejus;
1249 1120 1258 1136 ›
1280 1111 1333 1143 vel,
1347 1110 1497 1138 secundum
1511 1110 1635 1146 Aquilam
1648 1120 1655 1138 :
1678 1121 1687 1137 ι
1701 1110 1767 1138 Date

980 1155 1093 1190 gloriam
1104 1155 1212 1191 hymnis
1219 1155 1279 1190 ejus
1290 1165 1297 1189 ί
1311 1165 1319 1181 ι
1331 1156 1384 1188 vel,
1396 1155 1546 1184 secundum
1555 1155 1765 1192 Symmachum:

983 1211 992 1227 ι
1008 1202 1173 1229 Constituite
1190 1202 1216 1229 in
1233 1203 1364 1229 honorem
1379 1202 1510 1238 hymnum
1528 1202 1599 1237 ejus.
1621 1212 1630 1229 ι
1646 1203 1686 1230 Ad
1709 1203 1766 1230 haec

980 1255 1044 1275 vero
1058 1248 1179 1283 Spiritus
1192 1248 1368 1283 propheticus
1382 1249 1460 1283 jubet
1477 1256 1528 1276 nos
1544 1256 1640 1277 omnes
1663 1252 1766 1277 attento

981 1295 1072 1322 animo
1086 1302 1168 1330 opera
1185 1295 1232 1323 Dei
1249 1295 1434 1327 considerare,
1450 1299 1531 1330 atque
1545 1299 1636 1323 mente
1651 1303 1766 1331 perpen-

980 1341 1054 1372 dere,
1070 1348 1126 1376 quo
1143 1345 1222 1376 pacto
1238 1348 1334 1377 magna
1346 1341 1488 1376 sapientize
1502 1342 1575 1370 illius
1587 1349 1669 1378 opera
1688 1343 1761 1370 timo

982 1393 1037 1412 rem
1055 1391 1248 1420 stuporemque
1264 1385 1392 1413 inferant.
1414 1395 1423 1411 ι
1439 1386 1506 1413 Nam
1527 1394 1559 1414 ex
1582 1387 1766 1422 magnitudine

980 1438 1006 1459 et
1027 1432 1231 1467 pulchritudine
1250 1436 1441 1459 creaturarum
1461 1434 1637 1468 proportione
1649 1434 1765 1468 quadam

981 1477 1070 1512 opifex
1092 1478 1254 1513 intelligitur
1272 1478 1313 1511 ⁸⁶;
1334 1488 1344 1504 ι
1362 1482 1410 1506 et:
1431 1488 1441 1505 ι
1466 1478 1615 1507 lnvisibilia
1638 1481 1725 1515 ipsius
1751 1489 1766 1507 a

981 1527 1108 1550 creatura
1130 1524 1236 1555 mundi,
1258 1531 1307 1559 per
1321 1532 1353 1552 ea
1367 1532 1427 1559 qua:
1439 1524 1511 1552 facta
1526 1530 1600 1558 sunt,
1616 1526 1765 1559 intellecta,

982 1570 1199 1604 conspiciuntur,
1227 1571 1393 1605 sempiterna
1417 1579 1526 1607 quoque
1554 1571 1615 1607 ejus
1636 1572 1724 1600 virtus
1740 1577 1766 1600 et

981 1615 1111 1643 divinitas
1121 1616 1154 1644 ¹⁵⁷,
1173 1625 1182 1642 ι
1201 1615 1262 1643 Ηωίε
1274 1618 1500 1652 contemplantes,
1512 1622 1624 1653 stupore
1636 1619 1705 1646 allici
1718 1627 1765 1654 par

979 1665 1031 1694 est,
1051 1669 1083 1689 ac
1096 1662 1186 1689 dicere
1201 1662 1256 1689 Deo
1272 1670 1279 1688 :
1294 1671 1303 1688 ‹
1323 1663 1410 1696 Quam
1425 1664 1558 1692 terribilia
1572 1672 1654 1699 opera
1670 1665 1732 1691 tua!
1754 1674 1765 1691 ι

982 1706 1034 1735 Sed
1050 1715 1065 1734 a
1081 1708 1159 1736 nobis
1175 1708 1285 1744 quidem
1302 1710 1351 1737 abs
1368 1713 1394 1737 te
1414 1710 1574 1738 illuminatis
1589 1711 1767 1746 cognoscitur

979 1759 1006 1782 et
1020 1754 1261 1789 comprehenditur
1271 1763 1354 1791 opera
1366 1760 1412 1783 tua
1427 1757 1559 1784 terribilia
1577 1764 1647 1785 esse.
1661 1756 1766 1785 Inimici

980 1808 1045 1828 vero
1060 1801 1098 1828 tui
1117 1801 1144 1828 in
1162 1802 1282 1830 tenebris
1296 1803 1422 1835 volutati,
1441 1803 1549 1831 etiamsi
1570 1811 1765 1839 nonnunquam

979 1847 1063 1875 velint
1077 1847 1111 1875 de
1130 1848 1260 1883 operibus
1282 1849 1339 1876 tuis
1356 1849 1436 1876 verba
1452 1849 1552 1882 facere,
1573 1850 1766 1885 naturalesque

979 1900 1120 1922 sermones
1138 1901 1189 1929 pro
1205 1894 1336 1922 facultate
1363 1899 1464 1927 texere,
1490 1895 1569 1930 longe
1594 1896 1723 1923 aberrant
1751 1903 1765 1923 ο

979 1939 1166 1975 magnitudine
1180 1940 1292 1968 virtutis
1317 1945 1379 1973 tute,
1402 1941 1524 1976 nihilque
1545 1949 1652 1974 sanum.
1671 1950 1763 1970 verum

978 1986 1046 2013 nihil
1060 1986 1156 2015 ell‘erre
1175 1987 1274 2014 valent.
1295 1986 1387 2020 Quare
1407 1987 1524 2016 dicimus
1542 1997 1549 2015 :
1567 1997 1577 2013 ι
1596 1987 1624 2015 In
1640 1988 1762 2026 multitu-

978 2032 1042 2060 dine
1056 2033 1165 2070 virtutis
1177 2037 1232 2060 tua:
1247 2034 1413 2061 mentientur
1423 2034 1473 2061 tibi
1490 2034 1593 2061 inimici
1608 2035 1657 2062 tui.
1671 2034 1763 2062 Omnis

978 2082 1050 2106 terra
1063 2078 1157 2106 adoret
1168 2084 1204 2112 te,
1216 2083 1243 2106 et
1254 2080 1353 2115 psallat
1362 2080 1421 2113 tibi,
1434 2080 1569 2116 psalmum
1578 2080 1651 2108 dicat
1662 2081 1766 2111 nomini
1798 2077 1802 2081 ’

978 2130 1035 2153 tuo.
1063 2125 1226 2160 Diapsalma.
1243 2135 1252 2151 ι
1280 2126 1375 2154 Priora
1403 2127 1513 2162 quidem
1534 2130 1669 2163 praecepta
1693 2128 1767 2154 omni

979 2175 1067 2202 terrae,
1084 2171 1209 2198 videlicet
1230 2173 1359 2200 omnibus
1376 2174 1513 2208 gentibus,
1539 2174 1697 2209 prophetice
1712 2178 1768 2201 tra—

976 2217 1034 2244 dita
1051 2217 1167 2244 fuerant.
1179 2217 1249 2250 Quia
1265 2226 1340 2251 vero,
1352 2223 1381 2246 ut
1395 2219 1453 2247 haec
1467 2227 1550 2255 opere
1560 2219 1691 2254 compleri
1703 2227 1767 2254 pos—

138 2280 204 2307 μα.»
226 2271 267 2298 Τὰ
279 2271 327 2307 μὲν
342 2271 437 2306 πρῶτα
452 2270 669 2306 παραγγέλματα
683 2268 718 2305 ἦν
745 2269 820 2306 πάσῃ
830 2271 862 2304 τῇ
880 2271 926 2305 γῇ,

979 2267 1049 2294 sent,
1058 2263 1182 2291 oratione
1190 2272 1260 2299 opus
1271 2269 1338 2296 erat,
1352 2265 1470 2300 Spiritus
1481 2265 1590 2293 divinus
1602 2268 1663 2300 post
1675 2265 1765 2299 priora

136 2318 238 2354 δηλαδὴ
251 2319 319 2345 πᾶσι
332 2319 389 2349 τοίς
405 2317 504 2348 ἔθνεσι,
514 2315 689 2352 προφητικῶς
705 2315 926 2352 παρηγγελμένα·

136 2364 199 2391 ἐπεὶ
213 2364 242 2391 δὲ
252 2364 335 2399 εὐχῆς
362 2361 397 2399 ἦν
426 2363 506 2399 χρεία
523 2364 562 2394 εἰς
576 2363 606 2389 τὸ
628 2362 773 2398 δυνηθῆναι
788 2362 821 2389 δι’
841 2362 928 2398 ἔργων

135 2409 223 2436 ταῦτα
238 2409 372 2445 χωρῆσαι,
388 2409 545 2443 ἀναγκαίως
558 2408 588 2435 τὸ
605 2408 675 2434 θεῖον
689 2407 800 2442 Πνεῦμα
815 2408 884 2443 μετὰ
894 2408 928 2435 τὰ

136 2455 234 2490 πρῶτα
249 2454 317 2490 πρὸς
333 2455 413 2481 αὐτὸν
428 2454 585 2490 ἐπιστρέφει
602 2454 646 2480 τὸν
671 2454 746 2486 Θεὸν,
763 2453 844 2489 εὐχὴν
858 2454 928 2489 ὑπὲρ

136 2500 229 2536 πάσης
237 2499 288 2536 τῆς
302 2500 354 2535 γῆς
379 2500 549 2535 ἁναπέμπον.
576 2500 621 2526 Διό
647 2507 723 2534 φησι·
743 2510 752 2525 ι
768 2500 875 2535 Πᾶς·αή
892 2501 928 2535 γῆ

136 2546 405 2583 προσκυνησάτωσαν
422 2555 463 2573 σοι
479 2546 526 2573 καὶ
552 2545 715 2580 ψαλάτωσὰν
735 2554 786 2576 σοι,
804 2545 929 2580 eamm—

137 2601 188 2620 σαν
202 2592 243 2627 τῷ
254 2592 364 2628 ὀνόματί
376 2600 450 2619 σου.)
475 2591 547 2618 ’Δντὶ
562 2591 591 2617 δὲ
622 2591 678 2618 τοῦο
696 2601 704 2615 ι
726 2591 803 2617 Πᾶσα
821 2591 836 2625 ἡ
853 2591 898 2625 γῆ,
917 2600 925 2615 ι

136 2640 151 2666 ό
167 2636 316 2674 Σύμμαχος
333 2639 498 2673 σαφέστερον
513 2638 683 2673 ὴρμήνευσεν
694 2637 787 2664 εἰπών·
804 2646 812 2662 ι
826 2637 928 2668 Πάντες

137 2686 161 2711 ot
179 2684 225 2710 ἐπὶ
237 2683 316 2719 γῆς-ι
335 2683 494 2718 λευκότερον
517 2682 652 2718 δηλώσας,
674 2683 714 2709 ὃτι
735 2683 771 2718 μὴ
792 2682 927 2713 Ἰουδαίοις

136 2730 167 2759 τὸ
179 2729 364 2766 παράγγελμα
379 2729 477 2760 δέδοτο,
507 2728 575 2755 ἀλλὰ
596 2730 661 2755 πᾶσι
675 2730 732 2760 τοῖς
751 2728 796 2754 ἐπὶ
813 2728 863 2762 γῆς
879 2728 926 2753 ἁν-

137 2775 266 2811 θρώποις.
283 2774 421 2808 Μεγίστης
431 2773 485 2809 γὰρ
495 2773 599 2800 ἐδέοντο
611 2773 703 2809 εὐχῆς,
715 2774 753 2804 ὡς
764 2772 796 2799 ἂν
815 2772 927 2807 δυνάμει

137 2820 203 2848 Θεοῦ
218 2819 369 2855 παράδοξος
384 2818 488 2854 γένοιτό
505 2827 546 2850 τις
560 2819 588 2844 ὲν
601 2818 691 2850 αὺτοῖς
709 2817 842 2854 μεταΰολὴ
858 2816 927 2852 πρὸς

173 2912 196 2930 ⁸⁸
209 2912 273 2948 Sap.
292 2920 352 2944 xm,
367 2912 393 2938 5.
432 2912 453 2927 ⁸⁷
466 2911 544 2939 Rom.
563 2919 582 2943 ι,
599 2911 644 2938 20.

297 2962 432 2993 ΡΑτιιοι..
448 2961 507 2992 Gn.
518 2959 643 2991 -ΧΧΙΠ,

980 2309 1041 2340 illa,
1066 2310 1224 2337 necessario
1250 2310 1283 2336 ad
1307 2310 1392 2337 Deum
1412 2311 1536 2342 vertitur,
1559 2310 1766 2344 orationemque

979 2362 1028 2390 pro
1042 2355 1168 2382 universa
1187 2361 1258 2383 terra
1273 2356 1382 2383 emittit.
1397 2356 1579 2389 Quamobrem
1597 2356 1635 2382 ait
1651 2366 1657 2382 :
1676 2364 1685 2381 ‹
1705 2355 1767 2383 0m-

979 2401 1021 2428 nis
1038 2404 1109 2428 terra
1126 2401 1221 2428 adoret
1237 2406 1273 2433 te,
1290 2405 1317 2428 et
1332 2402 1430 2436 psallat
1455 2402 1516 2433 tibi,
1534 2402 1669 2436 psalmum
1692 2401 1766 2429 dicat

979 2447 1081 2473 nomini
1099 2451 1156 2474 tuo.
1170 2457 1179 2473 »
1191 2447 1244 2474 Pro
1260 2448 1306 2475 illo
1319 2452 1408 2475 autem
1421 2458 1426 2475 :
1449 2457 1458 2474 ι
1475 2448 1571 2476 Omnis
1583 2452 1667 2480 terra,
1686 2459 1696 2474 ι
1710 2449 1766 2476 cla-

978 2493 1036 2520 rius
1048 2492 1228 2528 Symmachus
1241 2494 1435 2528 interpretatur
1446 2494 1540 2522 dicens
1557 2505 1563 2522 :
1580 2504 1589 2520 ‹
1604 2495 1705 2524 Omnes
1718 2497 1765 2531 qui

979 2537 1005 2564 in
1023 2542 1095 2565 terra
1112 2542 1186 2570 sunt,
1199 2548 1209 2564 ι
1224 2539 1344 2574 apertius
1358 2540 1513 2573 declarans,
1527 2548 1581 2567 non
1596 2540 1699 2569 ludatis
1712 2546 1765 2569 tra-

977 2582 1063 2610 ditum
1085 2587 1249 2618 praeceptqu
1272 2592 1343 2616 esse,
1363 2584 1410 2612 sed
1435 2585 1562 2613 omnibus
1578 2586 1623 2621 qui
1649 2586 1676 2613 in
1693 2591 1765 2615 terra

978 2633 1041 2655 sunt
1061 2628 1227 2657 hominibus.
1255 2629 1387 2658 Precibus
1407 2638 1525 2666 namque
1551 2632 1668 2659 maxime
1695 2640 1764 2667 opus

977 2682 1046 2708 erat,
1065 2680 1094 2703 ut
1115 2684 1148 2703 ex
1173 2675 1222 2703 Dei
1249 2680 1394 2711 potestate,
1424 2678 1610 2711 inexspectata
1639 2677 1763 2712 quaedam

977 2722 1093 2749 mutatio
1105 2722 1172 2757 ipsis
1187 2722 1338 2753 accederet,
1360 2726 1389 2748 ut
1413 2730 1446 2750 ne
1462 2722 1531 2749 ultra
1548 2723 1695 2750 multorum
1718 2730 1764 2750 nu-

976 2769 1081 2797 minum
1097 2770 1182 2797 errori
1197 2770 1289 2796 animo
1302 2769 1487 2802 adhaererent;
1502 2769 1549 2797 sed
1562 2777 1645 2797 unum
1666 2769 1761 2801 Deum,

977 2816 1064 2844 solum
1080 2815 1248 2844 adorandum
1271 2823 1366 2845 reaose
1377 2817 1498 2845 colerent
1515 2820 1542 2844 et
1552 2816 1707 2845 adorarent.
1722 2818 1763 2842 at-

1583 2948 1623 2983 21
