2041 3215
300 165 379 196 εει-

663 167 798 196 EUSEBII
819 168 1057 196 CAESARIENSIS
1077 170 1152 198 ΟΡΡ.
1173 170 1261 197 PARS
1279 170 1324 198 III.
1344 185 1377 190 —
1397 170 1597 198 EXEGETiCA.

1867 170 1917 196 65‘!

299 231 352 258 quc
369 227 533 258 prmceptum
556 223 713 258 hujusmodi
728 223 906 251 observarent
922 233 927 251 :
950 234 957 250 ι
979 225 1079 251 Psalliu

1139 226 1168 252 τὸ
1181 226 1278 261 μηκέτι
1295 226 1343 261 μὲν
1368 227 1400 261 τῇ
1421 226 1542 261 πολυθέῳ
1558 226 1700 262 προσέχειν
1725 225 1823 262 πλάνῃ,
1842 227 1920 261 μόνον

300 270 404 299 nomini
423 270 493 304 eius.
515 279 523 296 ι
546 269 581 296 Ut
600 270 694 304 itaque
719 269 776 296 haec
797 270 934 301 eveniant,
965 269 1082 304 Spiritus

299 324 410 345 sanctus
426 317 461 344 ita
479 319 626 351 precatur:
641 324 651 340 ι
672 313 766 343 Omnis
786 319 858 342 terra
883 315 978 343 adoret
1004 319 1031 344 te
1057 320 1083 343 et

300 364 396 398 psallat
412 363 472 394 tibi,
490 362 625 397 psalmum
640 361 711 388 dicat
730 361 834 388 nomini
852 365 909 389 tuo.
931 371 940 387 ›

1136 271 1162 297 δὲ
1180 271 1268 298 σέϐειν
1278 271 1307 297 ὃν
1323 271 1422 298 δεῖκαὶ
1451 273 1620 306 προσκυνεῖν,
1647 271 1692 298 τὸν
1705 271 1753 298 ἕνα
1773 271 1820 298 καὶ
1843 272 1922 307 μόνον

1136 317 1182 344 καὶ
1200 317 1384 352 προσκυνητδν
1416 318 1491 349 Θεὸν,
1507 317 1638 343 ἐπιτελεῖν
1654 325 1684 344 τε
1709 317 1740 344 τὺ
1758 317 1922 353 πρόσταγμα

1135 362 1168 388 δι’
1179 360 1208 389 οὗ
1224 362 1339 396 ἐλέγετο·
1356 373 1364 387 ι
1378 363 1488 389 Ψάλατε
1497 362 1532 398 ’δὴ
1544 362 1582 397 τῷ
1603 363 1713 398 ὀνόματι
1729 363 1822 390 αὑτοῦ.
1844 373 1852 389 ι
1874 364 1921 390 'lv‘

298 409 344 437 οὖν
365 411 450 437 ταῦτα
479 410 603 445 γένηται,
635 408 742 444 εὔχεται
758 409 788 435 τὺ
818 409 929 445 Πνεῦμα
954 409 984 435 τὸ
1009 409 1084 443 ἅγιον
1103 409 1196 444 λέγοψ
1221 420 1229 434 ‹
1247 411 1354 445 Πᾶσαή
1378 409 1414 445 γῆ
1440 410 1704 446 προσκυνησάτωσαν
1721 419 1762 437 σοι
1792 411 1840 437 καὶ
1867 410 1919 445 ψα-

297 456 419 483 λάτωσάν
434 464 484 487 σοι,
497 455 658 490 ψαλάτωσαν
672 454 711 489 τῷ
724 454 835 490 ὀνόματί
846 463 902 481 σου.
918 465 927 480 ι

292 520 293 523 ‘
333 516 417 544 Vens.
431 517 457 547 5,
476 515 502 543 6.
525 525 533 540 ι
548 514 644 542 Venite
659 519 686 541 et
700 514 788 542 videte
799 522 881 548 opera
901 513 959 545 Dei.
976 514 1085 542 terribi~

298 564 331 591 lis
342 564 369 590 in
381 561 504 590 consiliis
517 568 599 596 super
611 560 681 588 tilios
696 559 846 586 hominum.
864 569 872 585 ι
889 558 923 586 Ut
937 559 1015 594 longe
1029 559 1084 586 dis-

299 610 360 637 sitis
385 609 418 635 iis
437 609 482 642 qui
500 607 629 634 invocant
643 613 741 633 nomen
758 605 814 636 Dei.
831 611 860 632 ut
876 607 988 640 propius
1004 613 1084 633 acce-

298 656 364 683 dant
378 655 499 689 prmcipit
514 653 626 680 dicens:
639 662 648 678 ι
665 651 770 679 Venite.
789 662 797 676 ι
814 651 893 685 Quod
908 652 999 687 ipsum
1014 652 1083 679 divi—

298 709 350 729 nus
371 700 518 734 Apostolus
543 699 691 726 declaravit
708 699 751 726 his
762 699 873 726 verbis:
890 708 898 723 ι
917 699 948 724 lit
968 699 1080 726 veniens

298 745 473 774 annuntiavit
494 753 587 780 pacem
612 745 689 772 vobis
709 745 756 780 qui
775 745 854 780 longe
871 744 971 775 fuistis.
990 748 1016 771 et
1032 752 1080 779 pa-

297 800 357 819 cem
382 791 416 819 iis
437 791 484 826 qui
510 798 593 825 prope
604 790 637 816 ".
655 799 663 814 ι
687 789 789 817 Omnes
814 797 896 824 porro
917 797 964 824 per
985 789 1079 816 orbem

297 841 392 872 gentes
421 836 453 863 ad
477 835 523 863 Dei
550 835 687 868 notitiam,
713 839 741 862 et
765 835 798 862 ad
823 834 1079 869 contemplationem

298 893 409 921 operum
427 885 487 920 ejus
510 892 600 913 sermo
615 890 719 912 evocat.
735 884 801 911 Nam
819 884 913 919 procul
929 883 984 911 Deo
1005 884 1079 918 νοεὶν
1098 903 1117 930 Β

297 937 340 963 tae,
363 940 451 966 neque
474 931 612 963 videbant,
635 939 723 966 neque
739 934 882 959 noverant.
897 929 1080 962 Quamobrem

298 979 353 1005 ait:
369 987 378 1004 ι
396 977 491 1005 Venite
507 981 535 1004 et
550 976 639 1004 videte
655 984 737 1012 opera
755 977 801 1003 Dei
816 985 822 1002 :
842 986 850 1001 ι
871 976 904 1003 de
920 975 1020 1011 quibus
1035 983 1081 1003 su-

297 1032 345 1059 pra
357 1024 460 1051 dictum
474 1027 517 1051 est
530 1033 536 1050 :
552 1032 561 1047 σ
580 1022 668 1050 Dicite
686 1023 740 1050 Deo
753 1032 758 1048 :
771 1022 859 1055 Quam
875 1022 1007 1050 terribilia
1019 1028 1081 1050 sunt

297 1076 378 1097 ooera
394 1069 457 1095 tua!
473 1078 481 1094 ι
496 1067 550 1095 Sed
565 1068 630 1095 olim
645 1067 754 1102 quidem
773 1067 946 1102 praecipiebat
965 1067 1058 1095 dicere
1073 1077 1078 1094 :

300 1123 309 1139 ι
325 1114 410 1146 Quam
428 1113 560 1140 terribilia
577 1117 641 1140 sunt
663 1120 743 1147 opera
770 1114 830 1140 tua!
849 1123 858 1139 ι
875 1112 1009 1145 Quoniam
1032 1121 1081 1140 au—

299 1164 351 1187 tem
366 1159 513 1187 verisimile
526 1163 586 1186 erat
601 1166 659 1189 eos,
678 1159 771 1193 procul
788 1160 903 1194 positos,
920 1167 979 1194 quae
988 1163 1081 1187 essent

299 1213 380 1240 opera
403 1205 449 1232 Dei
471 1205 608 1240 ignorare,
626 1204 670 1231 hic
689 1208 890 1239 consequenter
911 1205 1021 1232 eosdem
1041 1205 1080 1233 sic

299 1251 464 1285 alloquitur:
480 1259 488 1275 ι
505 1249 600 1277 Venite
614 1254 641 1277 et
655 1250 743 1277 videte
759 1257 841 1284 opera
855 1249 914 1277 Dei.
930 1259 939 1276 ι
956 1249 1025 1277 Cum
1037 1257 1081 1277 au-

300 1299 354 1321 tem
371 1301 402 1320 ea
420 1293 554 1323 videritis.
569 1292 708 1323 ediscetis.
730 1300 792 1320 eum
809 1292 959 1320 terribilem
975 1300 1036 1321 esse
1052 1293 1080 1320 in

299 1339 421 1366 consiliis
433 1346 483 1374 pro
500 1338 561 1365 [iliis
581 1337 730 1365 hominum.
744 1337 846 1365 Horum
861 1338 1023 1366 sententiam
1041 1339 1081 1366 sic

298 1385 400 1412 clarius
417 1385 610 1419 interpretatur
628 1383 808 1419 Symmachus
821 1383 918 1410 dicens
938 1393 945 1411 :
960 1393 969 1409 ι
985 1383 1081 1411 Venite

298 1435 326 1459 et
344 1431 434 1458 videte
456 1438 537 1465 opera
555 1430 612 1461 Dei,
637 1430 774 1458 terribiles
796 1430 1012 1458 machinationes
1032 1438 1081 1465 pro

301 1478 362 1505 liliis
377 1477 527 1504 hominum.
545 1485 555 1502 ι
574 1476 670 1504 Omnia
683 1477 784 1512 quippe
800 1484 849 1512 pro
862 1477 950 1504 salute
964 1477 1079 1503 liliorum

300 1523 438 1550 hominum
462 1523 633 1550 machinatus
649 1527 701 1550 est.
725 1522 782 1550 Sub
799 1523 855 1550 haec
882 1523 962 1550 docet
978 1527 1079 1557 quanta

1171 522 1180 539 ι
1201 512 1282 539 Δεῦτε
1299 512 1346 538 καὶ
1366 511 1433 538 ῐδετε
1459 510 1494 537 τὰ
1510 510 1576 546 ἔργα
1596 509 1643 537 τοῦ
1661 509 1739 542 Θεοῦ,
1755 508 1870 545 φοὸερός
1893 511 1920 537 ὲν

1134 559 1240 595 βουλαῖς
1255 557 1330 594 παρὰ
1347 558 1410 589 τοῦς
1424 557 1498 588 υἱοὺς
1514 556 1568 583 τῶν
1592 555 1753 591 ἀνθρώπων.
1767 566 1776 581 ι
1804 555 1849 587 Ὠς
1870 564 1920 590 μακ-

1133 605 1201 641 κρὰν
1227 604 1393 639 ἀφεστηκόσι
1417 605 1472 634 τοῖς
1496 602 1672 637 καλουμένοις
1688 602 1717 628 τὸ
1743 601 1814 628 θεῖον
1837 602 1920 637 ὖνομα

1133 651 1244 686 πλησίον
1256 650 1384 686 ἔρχεσθαι
1398 650 1559 685 προστάττει
1575 649 1652 683 λέγον
1662 657 1668 663 ·
1691 658 1699 674 ι
1709 648 1800 675 Δεῦτε.
1814 657 1823 673 ι
1837 648 1920 675 Τοῦτο

1131 697 1160 724 δὲ
1179 698 1192 723 ὸ
1209 696 1278 728 θεῖος
1302 695 1461 727 Ἀπόστολος
1475 695 1592 730 παρίστη
1614 693 1715 721 εἰπών⁸
1739 703 1748 719 ι
1764 694 1820 720 Καὶ
1836 694 1920 720 ἐλθὼν

1133 742 1326 777 εὐηγγελίσατο
1340 742 1453 778 είρήνην
1469 741 1532 776 ὑμῖν
1545 742 1600 772 τοῖς
1619 739 1736 776 μακρὰν,
1751 741 1798 766 καὶ
1809 741 1920 776 εἰρήνην

1132 790 1187 820 τοῖς
1211 788 1304 822 ὲγγύς.
1326 798 1335 813 ι
1362 786 1447 814 Καλεῖ
1463 787 1492 813 δὲ
1513 788 1527 813 ὁ
1552 786 1629 820 λόγος
1648 786 1683 813 τὰ
1701 786 1760 812 καθ’
1783 785 1849 822 ὅλης
1873 787 1920 821 τῆς

1133 834 1294 869 οἰκουμένης
1315 833 1378 868 ἔθνη
1403 833 1450 859 ἐπὶ
1464 833 1513 868 τὴν
1536 831 1582 858 τοῦ
1600 831 1668 858 Θεοῦ
1685 831 1803 866 γνῶσιν,
1822 832 1869 858 ἐπί
1888 841 1919 860 ,τε

1133 880 1182 916 τὴν
1199 879 1315 915 θεωρίαν
1339 879 1393 905 τῶν
1420 878 1506 912 ἔργων
1522 877 1615 904 αὐτοῦ.
1642 877 1758 912 Μακρὰν
1772 877 1827 913 γὰρ
1852 878 1919 911 de:—

1132 925 1220 952 στῶτα
1232 925 1280 952 τοῦ
1290 925 1356 951 Θεοῦ
1371 924 1432 951 οὔτε
1448 923 1530 959 ἐώρα,
1545 923 1607 950 οῦτε
1621 923 1761 958 ἐγίνωσκε.
1776 924 1822 949 Διό
1836 931 1917 958 φησι·

1133 980 1142 996 ι
1161 970 1242 997 Δεῦτε
1261 971 1307 996 καὶ
1327 969 1396 996 ῑδετε
1423 969 1458 995 τὰ
1483 969 1551 1004 ἔργα
1575 968 1622 995 τοῦ
1648 967 1733 994 Θεοῦ·
1753 978 1762 994 ι
1791 968 1856 1004 περὶ
1883 965 1918 995 ὧν

1130 1017 1258 1051 ἀνωτέρω
1273 1015 1395 1049 ἐλέγετο·
1421 1024 1430 1040 ι
1444 1015 1546 1041 Εἴπατε
1567 1013 1605 1049 τῷ
1621 1013 1694 1050 Θεῷ·
1705 1014 1746 1046 Ὡς
1761 1013 1867 1049 φοϐερὰ
1885 1014 1918 1040 τὰ

1130 1062 1198 1096 ἔργα
1214 1062 1277 1088 sou!
1297 1070 1306 1087 ι
1338 1060 1418 1087 Ἀλλὰ
1445 1060 1527 1087 πάλαι
1549 1059 1598 1096 μὲν
1622 1060 1787 1095 προσέταττε
1810 1059 1917 1095 λέγειν’

1133 1117 1141 1133 ι
1165 1108 1209 1139 Ὠς
1234 1106 1337 1142 φοϐερὰ
1358 1106 1391 1132 τὰ
1413 1105 1481 1141 ἔργα
1505 1107 1566 1132 σουί
1588 1106 1715 1141 »Ἐπειδὴ
1737 1105 1765 1132 δὲ
1787 1106 1860 1138 εἰκὸς
1885 1104 1918 1142 ἦν

1129 1153 1235 1187 ἀγνοεῖν
1249 1153 1311 1184 τοὺς
1332 1152 1438 1187 μακρὰν
1450 1151 1610 1186 ἀφεστῶτας
1618 1150 1679 1177 τίνα
1690 1148 1725 1186 ἦν
1737 1151 1772 1177 τὰ
1787 1151 1857 1187 ἔργα
1871 1151 1917 1178 τοῦ

1129 1197 1208 1228 Θεοῦ,
1224 1197 1377 1228 ἀκολούθως
1390 1196 1507 1224 ἐνταῦθα
1523 1196 1590 1232 πρὸς
1609 1197 1673 1228 τοὺς
1688 1196 1785 1227 αὐτοὺς
1802 1196 1916 1231 φάσκεν

1133 1255 1141 1270 ι
1158 1243 1239 1271 Δεῦτε
1255 1245 1303 1271 καὶ¹
1324 1244 1392 1270 ἴδετε
1415 1243 1449 1270 τὰ
1472 1243 1541 1279 ἔργα
1561 1242 1609 1269 τοῦ
1636 1242 1718 1269 Θεοῦ’
1739 1252 1748 1268 ι
1769 1243 1870 1274 ἰδόντες
1890 1243 1917 1270 δι

1129 1290 1215 1318 ταῦτα
1232 1290 1396 1326 μαθήσεσθε,
1411 1291 1452 1317 ὅτι
1467 1290 1580 1324 φοϐερός
1598 1290 1670 1316 ἐστιν
1684 1290 1712 1315 ἐν
1727 1289 1833 1324 βουλαῖς
1849 1290 1917 1326 ὑπὲρ

1129 1339 1191 1369 τοὺς
1199 1337 1273 1369 υἱοὺς
1289 1337 1342 1363 τῶν
1355 1335 1516 1372 ἀνθρώπων.
1536 1336 1712 1372 Τρανώτερον
1729 1336 1778 1371 τὴν
1796 1335 1917 1362 διάνοιαν

1130 1384 1269 1411 ἀπέδωκεν
1286 1385 1300 1410 ὁ
1324 1383 1471 1418 Σύμμαχος
1496 1382 1599 1409 εἰπών·
1623 1392 1631 1407 ι
1652 1382 1762 1409 Ἐλθετε
1779 1383 1827 1409 καὶ
1850 1383 1916 1409 ἰδετε

1130 1429 1243 1465 πράξεις
1267 1429 1313 1456 τοῦ
1334 1429 1412 1460 Θεοῦ,
1436 1428 1539 1464 φοϐερὰ
1554 1430 1736 1465 μηχανήματα
1761 1429 1832 1465 ὑπὲρ
1853 1431 1916 1456 υἱῶν

1130 1475 1289 1511 ἀνθρώπων.
1304 1486 1312 1500 ι
1331 1475 1423 1502 Πάντα
1443 1474 1497 1510 γὰρ
1524 1475 1593 1510 ὑπὲρ
1614 1476 1750 1510 σωτηρίας
1771 1475 1826 1502 τῶν
1853 1476 1916 1502 υἱῶν

1129 1522 1183 1549 τῶν
1216 1521 1366 1556 ἀνθρώπιον
1395 1522 1595 1557 ἐμηχανήσατο.
1625 1520 1692 1548 Εἶτα
1720 1522 1841 1549 διδάσκει
1868 1523 1915 1549 ὅσα

298 1568 368 1603 apud
384 1568 511 1602 antiquos
525 1568 586 1596 illos
603 1569 673 1596 Deus
687 1568 786 1595 fecisse
799 1573 934 1596 narretur.
949 1567 1077 1601 Quaenam

1132 1568 1263 1604 πρότερον
1274 1568 1348 1603 παρὰ
1358 1568 1413 1598 τοῖς
1427 1567 1548 1599 παλαιοῖς
1561 1567 1718 1603 πεποιηκὼς
1733 1568 1747 1594 ὸ
1761 1568 1829 1600 Θεὸς
1846 1569 1915 1595 ἱστο-

298 1622 362 1641 'vero
382 1614 427 1641 illa
456 1615 528 1646 sint,
558 1618 651 1649 postea
684 1614 825 1641 declarat:
841 1623 850 1639 ι
865 1614 918 1647 Qui
944 1614 1081 1642 convertit

298 1666 372 1686 mare
388 1659 415 1686 in
439 1659 560 1692 aridam;
577 1659 604 1687 in
620 1659 730 1687 ﬂumine
753 1660 956 1695 pertransibunt
973 1659 1041 1695 pede
1067 1669 1077 1685 ι

299 1705 453 1733 Secundum
466 1705 657 1740 Symmachum
671 1711 777 1732 autem:
790 1715 799 1730 ‹
814 1705 966 1737 Convertit,
979 1706 1078 1740 inquit.

298 1761 373 1780 mare
399 1753 425 1779 in
453 1752 573 1785 aridam;
599 1752 710 1780 ﬂuvium
736 1753 953 1788 pertransierunt
975 1753 1050 1787 pede.
1068 1763 1077 1778 ι

298 1800 360 1828 Haec
384 1807 466 1834 porro
490 1799 518 1826 in
539 1799 652 1827 historia
679 1798 826 1834 Scriptum
854 1799 979 1826 feruntur
998 1809 1004 1826 :
1020 1807 1080 1834 qua:

290 1842 433 1881 'geutibus,
447 1848 540 1880 utpote
554 1844 753 1880 ignorantibus,
775 1845 932 1872 necessario
945 1851 1079 1871 enarran-

297 1896 352 1922 tur.
375 1896 403 1918 ut
419 1891 554 1922 ediscant,
568 1899 630 1918 eum
651 1891 697 1926 qui
723 1890 787 1918 olim
810 1891 924 1926 populus
941 1890 989 1917 Dei
1008 1895 1077 1922 erat,

297 1938 323 1964 in
339 1938 468 1964 servitute
483 1936 672 1972 {Egyptiorum
689 1936 835 1971 aliquando
846 1937 940 1969 fuisse,
958 1942 985 1964 et
996 1936 1079 1972 Egy-

296 1984 391 2018 ptiacae
407 1983 567 2010 idololatria
592 1982 763 2017 subjectum;
781 1982 829 2010 sed
853 1982 936 2010 Deum
959 1990 1009 2016 pro
1024 1983 1078 2010 illis

296 2036 392 2062 magna
410 2032 437 2055 et
458 2028 591 2056 terribilia
607 2029 735 2060 edidisse.
752 2029 885 2057 divinitus
904 2029 1010 2056 scilicet
1027 2029 1078 2056 im-

297 2075 389 2101 missis
410 2074 495 2109 plagis
509 2073 652 2109 Egyptios
675 2075 845 2107 verberasse,
868 2075 1012 2110 ipsumque
1029 2082 1077 2109 po-

297 2120 389 2152 pulum
406 2126 421 2146 a
434 2119 493 2146 dira
506 2121 636 2147 servitute
648 2120 789 2148 liberasse.
806 2120 866 2148 Hazc
883 2123 982 2156 quippe
999 2125 1077 2148 erant

296 2164 430 2192 terribilia
447 2164 493 2191 Dei
505 2171 601 2200 opera“
618 2173 706 2200 neque
721 2170 825 2192 tantum
841 2173 872 2193 ea
884 2165 920 2192 ibi
933 2160 1016 2197 edita;
1029 2167 1076 2193 sed

1133 1614 1227 1648 ρείται.
1241 1612 1306 1639 Τίνα
1318 1612 1346 1639 δὲ
1356 1613 1450 1644 ταῦτα,
1465 1612 1584 1646 ἐπιλέγει
1597 1613 1659 1648 ἑξῆς
1669 1621 1676 1628 ·
1693 1623 1702 1638 ι
1722 1613 1751 1640 '0
1764 1615 1913 1650 μεταστρὲ-

1131 1667 1188 1692 φων
1211 1658 1260 1693 τὴν
1285 1658 1423 1685 θάλασσαν
1445 1659 1484 1690 εἰς
1506 1658 1590 1694 ξηρὰν
1603 1667 1609 1672 ·
1627 1659 1656 1685 ἐν
1674 1659 1788 1695 ποταμῷ
1814 1660 1913 1687 διελεύ-

1132 1712 1221 1731 σονται
1238 1704 1309 1731 ποδί.
1327 1714 1336 1730 ι
1364 1705 1443 1731 Κατὰ
1463 1705 1491 1731 δὲ
1504 1705 1549 1730 τὸν
1563 1705 1718 1740 Σύμμαχοψ
1742 1715 1751 1730 ι
1765 1706 1913 1738 Μετέεαλε,

1130 1751 1207 1785 φησὶ,
1231 1751 1279 1786 τὴν
1303 1750 1438 1778 θάλασσαν
1459 1752 1498 1783 είς
1527 1751 1626 1788 ξηράν·
1649 1751 1770 1787 ποταμὸν
1789 1752 1913 1788 διέϐησαν

1130 1797 1200 1824 ποδί.
1212 1807 1222 1822 ι
1241 1796 1332 1823 Ταῦτα
1343 1797 1371 1823 δὲ
1388 1797 1498 1832 φέρεται
1512 1798 1540 1824 ὲν
1556 1799 1590 1833 τῇ
1606 1797 1654 1833 τῆς
1669 1798 1789 1834 ἱστορίας
1803 1801 1896 1835 γραφῇ
1907 1808 1913 1814 ·

1129 1843 1146 1870 ἃ
1163 1843 1194 1879 δὴ
1207 1843 1363 1877 ἀναγκαίως
1378 1844 1416 1875 ὡς
1436 1843 1473 1879 μὴ
1484 1844 1566 1870 εἰδόσι
1585 1845 1640 1876 τοῖς
1659 1843 1762 1871 ἔθνεσιν
1777 1845 1912 1880 ἀπαγγέλ-

1129 1889 1214 1920 λεται,
1229 1889 1266 1920 ὡς
1277 1890 1309 1915 ἂν
1325 1889 1447 1925 μάθοιεν,
1458 1890 1498 1916 ὅτι
1514 1889 1561 1916 καὶ
1571 1891 1585 1917 ὁ
1598 1890 1681 1917 πάλαι
1705 1889 1753 1917 τοῦ
1770 1890 1839 1917 Θεοῦ
1853 1890 1912 1923 λαὸς

1128 1933 1162 1971 ἦν
1177 1944 1241 1962 ποτε
1259 1936 1415 1970 Αἰγυπτίοις
1427 1935 1634 1972 δεδουλωμένος,
1645 1936 1693 1963 καὶ
1710 1937 1743 1972 τῇ
1761 1936 1849 1972 πλάνῃ
1865 1937 1911 1972 τῆς

1128 1981 1316 2015 Αἰγυπτιακῆς
1328 1981 1547 2017 είδωλολατρείας
1561 1982 1716 2017 ὑπηγμένος
1725 1990 1731 1996 ·
1747 1981 1805 2007 ἀλλ’
1820 1982 1910 2017 εἰργα-

1129 2035 1190 2053 σται
1201 2026 1271 2061 ὑπὲρ
1287 2026 1375 2053 αὐτῶν
1386 2028 1400 2053 ὁ
1411 2026 1476 2058 Θεὸς
1492 2026 1597 2061 μεγάλα
1611 2027 1657 2053 καὶ
1671 2026 1784 2062 φοσερὰ,
1798 2026 1911 2062 πληγαῖς

1131 2073 1180 2108 μὲν
1194 2074 1257 2104 τοὺς
1271 2074 1435 2107 Αἰγυπτίους
1449 2073 1590 2109 θεηλάτοις
1607 2073 1748 2109 μαστίξας,
1771 2073 1871 2105 αὐτοὺς
1886 2073 1913 2099 δὲ

1125 2119 1176 2153 τῆς
1201 2120 1301 2155 πικρᾶς
1327 2119 1447 2152 δουλείας
1473 2119 1664 2156 ἐλευθερώσας.
1689 2119 1782 2147 Ταῦτα
1805 2121 1861 2156 γὰρ
1880 2119 1913 2157 ἦν

1125 2165 1159 2191 τὰ
1175 2165 1278 2200 φοϐερὰ
1294 2165 1339 2191 τοῦ
1350 2165 1418 2192 Θεοῦ
1434 2165 1511 2202 ἔργα,
1523 2166 1554 2192 οὐ
1566 2166 1644 2201 μόνα,
1657 2166 1724 2192 ἀλλὰ
1736 2167 1783 2193 καὶ
1803 2167 1851 2193 ὲπὶ
1866 2167 1912 2202 τῆς

296 2210 377 2235 etiam
395 2209 422 2236 in
437 2209 506 2236 mari
523 2208 616 2237 Rubro
629 2219 635 2237 :
649 2217 702 2244 quo
718 2209 745 2236 in
762 2210 865 2237 aridam
880 2215 994 2241 mutato.
1010 2219 1075 2239 suos

1129 2211 1263 2246 θαλάσσης
1275 2211 1325 2246 τῆς
1351 2211 1499 2248 Ἐρυθρᾶς·
1519 2213 1550 2248 ἣν
1567 2213 1606 2244 εἰς
1630 2212 1715 2248 ξηρὰν
1741 2213 1912 2248 μεταϐαλὼν,

295 2255 404 2290 quidem
421 2255 530 2290 eripuit.
553 2255 651 2291 impios
668 2263 732 2283 vero
752 2256 778 2283 in
803 2256 966 2290 profundum
983 2258 1074 2291 perui-

1129 2257 1237 2284 διὲσωσε
1262 2257 1311 2292 μὲν
1326 2248 1399 2289 τοὺς
1415 2258 1530 2290 οἰκείους
1542 2278 1549 2290 ,
1566 2259 1629 2290 τοὺς
1653 2259 1680 2286 δὲ
1708 2247 1817 2291 ἀσεϐεῖς
1840 2259 1912 2296 βυθῷ

295 2301 346 2328 ciei
362 2302 489 2336 coniecit.
510 2300 573 2330 Haec
589 2301 690 2333 edocti.
703 2301 785 2329 heus!
801 2309 859 2334 vos.
879 2302 977 2337 inquit,
993 2303 1077 2330 conti-

294 2347 359 2379 dite.
381 2355 413 2375 ac
436 2347 539 2375 credite
560 2355 622 2375 eum
644 2348 692 2383 qui
717 2348 781 2375 talia
810 2355 859 2383 pro
882 2348 1002 2384 antiquis
1023 2349 1076 2377 illis

293 2398 420 2428 operatus
435 2397 488 2424 est,
504 2401 558 2420 non
579 2395 709 2428 imparem
726 2393 847 2420 futurum
863 2393 896 2421 ad
912 2394 1012 2422 similia
1027 2402 1076 2429 pro

294 2439 371 2464 vobis
387 2439 500 2474 agenda.
515 2437 606 2471 Quare
623 2449 632 2464 ι
648 2439 737 2466 venite
749 2443 777 2466 et
791 2439 880 2467 videte
893 2447 975 2474 opera
991 2439 1048 2472 Dei,
1064 2450 1073 2466 ι

294 2491 375 2517 quam
403 2485 533 2512 terribilis
559 2485 595 2512 sit
612 2494 620 2510 I
636 2485 664 2512 in
690 2485 813 2513 consiliis
833 2493 881 2520 pro
906 2486 968 2513 ﬁliis
989 2486 1076 2513 homi-

294 2535 370 2555 num.
387 2538 396 2551 ι
413 2528 552 2557 Convertit
567 2530 649 2565 igitur
667 2538 741 2558 mare
755 2531 783 2558 in
798 2530 900 2558 aridam
914 2541 921 2564 ς
936 2536 962 2559 et
977 2533 1004 2558 in
1015 2530 1076 2557 Jor-

294 2574 363 2601 dane
384 2573 467 2601 ﬂuvio
483 2575 535 2602 alia
555 2576 678 2610 quaedam
695 2576 826 2604 terribilia
845 2584 929 2612 opera
950 2577 1075 2612 designa-

294 2619 343 2649 vit.
368 2619 477 2654 quando
499 2620 618 2648 demisso
643 2621 754 2649 ﬂumine
775 2623 891 2657 pedibus
911 2623 1076 2658 perlransie-

294 2669 369 2696 runt,
384 2665 430 2700 qui
444 2673 477 2692 ex
497 2666 606 2694 deserto
619 2667 653 2694 ad
671 2667 750 2695 istam
765 2672 867 2696 terram
891 2673 1073 2696 accesserant.

293 2712 362 2744 ipsis
386 2711 469 2746 igitur
483 2711 633 2746 iisdemque
655 2714 848 2741 calceamentis
873 2715 926 2746 usi,
947 2714 1074 2742 conﬁdite

294 2757 381 2790 ipsum
398 2756 480 2784 Deum
497 2757 652 2792 spirituales
665 2758 818 2795 Aegyptios,
830 2761 967 2788 drrmones
977 2768 1074 2796 nempe

292 2803 435 2838 malignos,
462 2804 508 2839 qui
531 2803 607 2840 olim_
621 2805 727 2834 azimas
747 2810 852 2834 vestras
870 2809 896 2834 in
915 2807 1072 2835 servitutem

326 2891 348 2906 "
362 2890 459 2927 Ephes.
475 2900 504 2925 ιι,
522 2892 565 2921 l7.

1126 2305 1282 2340 παρέδωκεν
1309 2306 1457 2338 ἀπωλείας.
1488 2307 1580 2334 Ταῦτα
1602 2307 1630 2334 δὲ
1664 2308 1868 2343 μανθάνοντες,
1890 2305 1911 2334 ὧ

1125 2348 1207 2385 οῦτοι,
1223 2353 1299 2388 φησι,
1313 2352 1448 2388 θαρσεῖτε,
1466 2354 1646 2386 πιστεύοντες,
1663 2354 1704 2380 ὁτι
1717 2355 1730 2381 ὁ
1743 2354 1778 2381 τὰ
1795 2355 1912 2382 τοσαῦτα

1125 2398 1312 2432 ἐργασάμενος
1331 2398 1378 2424 ἐπὶ
1396 2398 1450 2425 τῶν
1473 2398 1594 2425 παλαιῶν
1620 2399 1670 2425 οὐκ
1695 2399 1857 2435 ἀδυνατήσει
1878 2400 1911 2427 τὰ

1125 2443 1205 2478 ὃμοια
1220 2445 1268 2470 καὶ
1284 2445 1325 2478 ἐφ’
1343 2444 1420 2480 ὑμῶν
1436 2444 1669 2481 καταπράξασθαι.
1680 2445 1724 2471 Διὸ
1743 2454 1752 2470 ι
1769 2445 1848 2472 δεῦτε
1866 2455 1911 2472 και

1126 2487 1193 2514 ἴδετε
1209 2488 1242 2514 τὰ
1257 2489 1324 2524 ἔργα
1335 2489 1382 2516 τοῦ
1394 2489 1473 2522 Θεοῦ,
1487 2499 1496 2515 ι
1512 2490 1550 2521 ὡς
1565 2490 1678 2525 φοὸερός
1689 2490 1762 2516 ἐστιν
1781 2499 1790 2516 ι
1804 2491 1833 2516 ὲν
1850 2490 1910 2525 βου-

1125 2533 1184 2566 λαῖς
1201 2534 1271 2569 ὑπὲρ
1284 2534 1348 2565 τοὺς
1364 2535 1438 2566 υἱοὺς
1467 2534 1520 2561 τῶν
1536 2534 1696 2570 ἀνθρώπων.
1710 2544 1719 2560 ι
1736 2534 1908 2570 Marem-pst}:

1125 2579 1189 2614 γοῦν
1207 2579 1256 2615 τὴν
1273 2580 1409 2607 θάλασσαν
1425 2582 1464 2612 εἰς
1475 2581 1576 2616 ξηράν·
1591 2582 1638 2608 καὶ
1649 2581 1694 2608 ἐπὶ
1706 2581 1753 2608 τοῦ
1777 2581 1908 2616 Ἰορδάνου

1124 2627 1152 2653 δὲ
1167 2626 1288 2662 ποταμοῦ
1308 2626 1376 2654 ἄλλα
1395 2627 1456 2653 τινὰ
1483 2626 1585 2662 φοϐερὰ
1605 2626 1730 2661 θαύματα
1750 2626 1906 2661 εἰργάσατο,

1124 2675 1168 2701 ὅτε
1184 2674 1290 2710 διῆλθον
1307 2675 1363 2706 τοῖς
1382 2674 1474 2707 ποσὶν,
1492 2674 1688 2706 ὑωσταλέντος
1703 2673 1751 2700 τοῦ
1773 2673 1904 2709 ποταμοῦ,

1123 2721 1148 2746 oi
1165 2719 1218 2746 ἀπὸ
1241 2720 1291 2755 τῆς
1315 2720 1417 2756 ἐρήμου
1443 2719 1587 2755 παριόντες
1609 2719 1655 2746 ἐπὶ
1675 2719 1752 2754 τήνδε
1778 2719 1827 2754 τὴν
1845 2719 1903 2753 γῆν.

1125 2765 1234 2796 Τούτοις
1250 2763 1282 2800 δὴ
1305 2762 1351 2791 οῦν
1368 2764 1459 2796 αὐτοῖς
1476 2763 1627 2799 ὑποδήμασι
1647 2764 1828 2799 χρησάμενοι,
1843 2763 1904 2798 οαρη

1125 2811 1206 2843 σεῐτε,
1222 2809 1260 2841 ὡς
1282 2811 1328 2837 καὶ
1352 2811 1412 2843 τοὺς
1436 2811 1584 2846 ὑμετέρους
1607 2811 1717 2845 νοητοὺς
1730 2810 1901 2844 Αἰγυπτίους,
