2041 3215
154 194 208 222 833
234 206 238 208 ·

718 193 969 223 COMMENTARIA
988 192 1022 221 IN
1041 191 1210 221 PSALMOS.

1228 163 1248 194 ὣ
1257 145 1277 186 ζ
1713 189 1764 217 654

154 250 284 286 δαίμονας
300 251 435 287 πονηροὺς
447 271 454 284 ,
469 251 533 283 τοὺς
557 251 637 279 πάλαι
664 251 938 284 καταδυναστεὺοντας

996 251 1165 286 redigebant,
1182 250 1369 286 expulsurum.
1389 249 1502 278 Etiamsi
1519 257 1593 278 mare
1609 249 1677 277 illud
1692 250 1779 278 homi-

154 296 208 324 τῶν
230 296 370 333 ὑμετέρων
384 296 488 332 ψυχῶν,
503 296 634 324 ἁπελάσει
652 298 667 323 6
682 297 763 329 αὐτὸς
785 297 861 329 Θεὸς.
884 296 943 324 Κᾶν

153 342 274 380 κυμαίνῃ
293 342 321 369 δὲ
339 343 355 378 ἡ
376 342 430 369 τῶν
452 342 605 377 ἀνθρώπων
622 342 759 375 θάλασσα,
783 343 835 370 κᾶν
851 345 865 370 6
889 342 943 369 τῶν

151 387 241 416 ἀθέων
271 389 319 415 καὶ
345 389 451 416 ἀσεϐῶν
480 389 535 424 βίος
564 389 700 422 κλύδωνας
729 390 776 416 καὶ
805 390 943 421 κινδύνους

152 435 247 471 ἐγείρῃ
264 435 324 461 καθ’
342 435 418 470 ὑμῶν
431 443 438 450 ·
456 435 580 471 Θαρσεῖτε
600 436 688 471 ὑμεῖς,
707 436 819 472 ἐναργὲς
836 436 942 471 ἔχοντες

151 481 307 516 ὑπόδειγμα
316 480 365 517 τὴν
376 481 459 508 πάλαι
471 483 635 517 στραφεῖσαν
651 482 787 510 Θάλασσαν
795 484 834 514 εὶς
846 483 940 519 ξηράν.

150 526 245 558 Ούτως
266 527 320 563 γὰρ
334 528 380 554 καὶ
409 528 472 563 ὑμῖν
488 529 575 564 ὁμαλή
590 537 630 560 τις
654 528 730 555 ἔσται
740 549 747 561 ,
772 529 819 555 καὶ
835 529 943 564 ἀπαρα-

151 571 305 607 πόδιστοςὴ
323 573 376 598 ἀπὸ
393 573 442 608 τῆς
465 573 568 608 πλάνης
584 574 651 609 πρὸς
666 573 714 609 τὴν
736 573 863 609 ἀλήθειαν
883 574 941 601 διά-

150 617 239 650 ϐασις.
256 619 288 645 Εἰ
308 619 337 645 δὲ
354 619 401 646 καὶ
418 619 539 655 ποταμόν
554 628 618 645 ποτε
638 619 684 646 τὸν
702 619 837 656 Ἰορδάνην
852 628 941 656 παρα-

151 664 233 698 δόξως
252 665 358 701 διῆλθον
374 666 400 691 οἱ
427 665 546 697 παλαιοὶ,
563 665 629 692 ἀλλὰ
646 666 694 693 καὶ
716 667 794 702 ὑμεῖς
817 666 941 694 ἐντεῦθεν

150 711 199 747 ἤδη
216 710 438 746 εὐαγγελίζεσθε,
457 711 647 747 γινώσκοντες,
666 713 708 740 ὅτι
725 714 806 749 ἡμεῖς
824 714 901 740 αὐτοὶ
916 716 939 740 oi

151 756 236 784 ταῦτα
250 757 374 791 λέγοντες
389 758 436 784 καὶ
448 759 526 794 ὑμεῖς
537 759 562 784 οἱ
573 758 717 791 ἀκούοντες
734 769 742 785 ι
757 760 814 786 ἐκεῖ
824 760 940 796 εὐφραν-

150 802 289 838 θησόμεθα
305 804 335 830 ὲν
349 803 433 839 αὐτῷ.
462 815 471 829 ι
490 805 572 835 Ἐκεῖ,
583 805 683 840 δηλαδὴ
699 805 727 833 ὲν
737 805 777 840 τῷ
795 806 939 841 μνησθέντι

151 848 274 884 ποταμῷ.
297 849 394 875 Ἔσται
413 849 477 885 γὰρ,
493 849 570 876 ἔσται
585 850 689 886 καιρὸς,
708 850 770 877 καθ’
788 850 828 882 ὃν,
846 850 939 887 ὥσπερ

151 895 190 926 εις
205 895 354 930 συμπόσιον
376 895 662 932 παρασκευαζόμενοι,
681 897 727 923 ἐπὶ
749 897 862 933 λουτροῦ
888 907 939 925 πα-

150 941 320 975 λιγγενεσίας
336 942 536 978 ἀπαντήσουσιν
559 943 598 974 εἰς
624 943 673 978 τὴν
699 943 728 969 ὲν
751 943 789 978 τῷ
822 944 939 981 Ἰορδάνῃ

150 986 266 1023 ποταμῷ
280 988 414 1023 μυστικὴν
430 988 617 1024 ἀποκάθαρσιν
637 990 661 1015 οἱ
679 989 728 1024 τῆς
750 990 940 1026 Αἰγυπτιακῆς

149 1033 371 1070 ελευθερούμενοι
394 1034 506 1069 πλάνης.
535 1035 665 1070 Σημαίνει
688 1035 717 1062 δὲ
741 1036 786 1062 διὰ
807 1036 908 1063 τούτων
925 1037 939 1062 6

149 1079 226 1114 λόγος
237 1079 268 1106 τὺ
283 1079 395 1117 λουτρὸν
410 1081 458 1116 τῆς
475 1081 695 1115 παλιγγενεσίας,
718 1081 870 1117 ἀρξάμενον
886 1083 940 1109 ἀπὸ

151 1126 194 1154 τοῦ
209 1126 339 1162 Ἰορδάνου
350 1127 482 1163 ποταμοῦ,
495 1127 614 1163 ὁπηνίκα
625 1129 638 1154 ὀ
649 1128 802 1166 Βαπτιστῂς
815 1129 939 1165 Ἰωάννης

148 1174 176 1200 ὲν
194 1175 227 1209 τῇ
245 1174 341 1209 ἐρήμῳ
361 1174 409 1209 τῆς
438 1174 566 1206 Ἰουδαίας
587 1174 705 1210 παρῄει,
722 1175 866 1210 κηρύσσων
890 1175 938 1210 βά-

149 1227 252 1254 πτισμα
269 1220 423 1255 μετανοίας,
439 1221 566 1255 προσίετό
579 1230 609 1247 τε
623 1220 726 1251 πάντας
742 1220 875 1256 ’Έλληνας
892 1221 939 1248 καὶ

153 1265 297 1296 Ἰουδαίους
305 1266 353 1301 ἐπὶΙ
366 1266 414 1301 τὴν
426 1266 618 1302 ἐξομολόγησιν
628 1266 681 1293 τῶν
690 1267 921 1302 παραπτωμάτων
930 1275 936 1281 ’

149 1311 192 1337 ςτε
208 1311 255 1337 καὶ
281 1311 388 1342 αὑτδςὸ
413 1312 508 1347 Σωτὴρ
531 1312 579 1338 καὶ
600 1312 702 1348 Κύριος
725 1312 802 1347 ἡμῶν
825 1313 939 1344 ἐπιστὰς

150 1356 193 1383 τὸν
208 1357 289 1383 αὑτὸν
307 1357 458 1393 κατηξίωσε
471 1358 592 1394 ποταμὸν
607 1358 656 1394 τῆς
669 1358 762 1393 θεῖκῆς
775 1358 857 1385 αὑτοῦ
876 1359 937 1385 ἐπι-

148 1403 265 1435 ϐάσεως.
287 1404 333 1430 Διὸ
349 1406 378 1431 ὲν
397 1407 453 1436 τοῖς
475 1405 664 1441 προκειμένοις
677 1405 817 1432 λέλεκται·
836 1414 845 1431 ι
866 1405 938 1432 Ἐκεῖ

148 1450 391 1486 εὐφρανθησόμεθα
408 1452 437 1478 ἐν
453 1451 537 1487 αὐτῷ.
563 1461 572 1477 ι
592 1451 687 1478 Ἔνθεν
701 1451 813 1483 εἰκότως
826 1451 856 1478 τὸ
872 1452 938 1478 αὐτὸ

150 1496 317 1532 προφητικὸν
332 1498 439 1533 πνεῦμα
457 1497 502 1524 διὰ
518 1498 628 1524 Ἡσαΐου
642 1498 691 1533 τὴν
705 1498 807 1533 ἔρημον
824 1498 937 1532 εὐαγγε-

147 1542 288 1578 Λιζόμενον
300 1543 346 1569 καὶ
360 1543 442 1570 αὐτοῦ
460 1544 570 1579 μνήμην
582 1544 726 1579 πεποίηται
740 1543 788 1570 τοῦ
805 1544 936 1579 Ἰορδάνου

995 305 1060 325 num
1077 295 1205 324 ﬂuctibus
1217 296 1392 328 intumescat,
1404 295 1512 324 etiamsi
1529 296 1671 324 atheorum
1686 301 1713 324 et
1729 296 1781 324 im-

994 342 1102 377 piorum
1128 349 1214 377 genus
1233 341 1332 369 ﬂuctus
1357 345 1383 369 et
1408 342 1529 377 pericula
1545 342 1622 370 vobis
1648 343 1778 374 suscitet;

994 387 1122 414 conﬁdite
1137 391 1239 419 tamen,
1263 394 1324 414 cum
1341 388 1493 422 exemplum
1509 386 1586 415 vobis
1600 388 1779 422 conspicuum

993 434 1134 467 otl'eratur,
1150 440 1226 461 mare
1238 433 1344 461 scilicet
1357 434 1420 460 olim
1439 441 1547 461 versum
1561 434 1588 460 in
1607 434 1719 462 aridam.
1733 434 1779 461 Sic

994 482 1092 517 quippe
1106 481 1184 508 vobis
1197 481 1351 516 expeditus.
1371 488 1402 507 ac
1426 481 1501 508 nullo
1517 481 1595 508 obice
1614 481 1779 509 interclusus

992 527 1044 554 erit
1055 528 1089 554 ab
1106 534 1199 555 errore
1219 525 1252 553 ad
1271 526 1412 554 veritatem
1428 527 1571 554 transitus.
1587 526 1665 560 Quod
1682 529 1704 555 si
1719 526 1780 554 Jor-

992 573 1089 601 danem
1100 573 1212 601 ﬂuvium
1226 573 1331 607 antiqui
1348 573 1385 599 illi
1398 573 1585 608 inexspectato
1597 573 1676 600 modo
1688 578 1779 600 traus-
1805 588 1808 591 -

992 620 1099 652 ierunt;
1128 623 1155 646 at
1175 627 1224 646 vos
1250 626 1359 654 quoque
1384 618 1435 646 h‘oc
1457 619 1582 654 exemplo
1604 618 1777 654 Evangelium

991 666 1120 701 excipite,
1137 665 1256 693 scientes
1270 665 1342 700 quod
1358 669 1415 692 tum
1437 672 1488 692 nos
1506 664 1558 699 ipsi
1577 664 1624 699 qui
1640 664 1697 691 haec
1710 663 1775 691 dicit

992 719 1063 744 mus,
1078 715 1135 738 tum
1152 719 1201 739 vos
1211 712 1257 746 qui
1271 710 1383 742 auditis,
1403 720 1411 736 ι
1425 710 1467 737 ibi
1479 710 1633 738 laetabimur
1647 709 1674 736 in
1684 710 1754 744 ipso.
1766 717 1776 735 ›

992 757 1041 788 lbi,
1062 757 1167 785 scilicet
1188 757 1215 784 in
1232 760 1383 784 memorato
1397 755 1491 783 ﬂuvio.
1510 756 1568 783 Erit
1582 759 1701 790 tempus,
1714 757 1777 786 erit,

992 803 1114 837 inquam,
1134 810 1189 837 quo
1203 810 1252 829 ceu
1268 802 1302 829 ad
1325 801 1479 828 convivium
1502 804 1665 836 apparantes
1688 808 1728 832 se,
1745 800 1778 827 ad

991 850 1128 877 lavacrum
1145 848 1359 884 regenerationis
1379 847 1519 878 accedent,
1539 847 1571 874 ad
1593 847 1735 882 mysticam
1750 847 1779 874 in

990 894 1109 922 Jordane
1130 893 1212 921 ﬂuvio
1232 892 1414 929 peragendam
1431 892 1554 920 sordium
1577 893 1776 927 purgationem,

991 940 1037 975 qui
1052 940 1086 967 ab
1107 939 1267 974 Egyptiaco
1283 945 1378 966 errore
1399 937 1505 965 liberati
1529 941 1603 965 sunt.
1627 936 1675 965 His
1692 944 1775 972 porro

991 986 1161 1022 signiﬁcatur
1175 986 1316 1012 lavacrum
1336 983 1561 1019 regenerationis,
1580 983 1652 1019 quod
1667 984 1702 1011 ab
1715 983 1777 1010 Jor-

990 1034 1060 1061 dane
1084 1032 1165 1060 ﬂuvio
1199 1033 1309 1067 incepit,
1340 1038 1402 1058 eum
1428 1029 1547 1057 Joannes
1578 1030 1699 1065 Baptista
1729 1029 1779 1057 Ju-

989 1080 1074 1107 daaam
1091 1083 1273 1115 percurreret,
1289 1078 1440 1113 praadicans
1460 1077 1625 1111 baptismum
1641 1076 1776 1111 paeniten-

990 1126 1043 1157 tiae,
1061 1133 1211 1160 omnesque
1225 1132 1287 1152 cum
1303 1123 1414 1151 Graecos
1431 1127 1488 1150 tum
1503 1122 1612 1150 Judaeos
1623 1122 1777 1149 admitteret

989 1173 1023 1200 ad
1049 1172 1251 1200 confessionem
1281 1171 1540 1199 delictorum:cum
1564 1171 1623 1204 ipse
1649 1168 1778 1196 ἄγνοιαν

989 1223 1016 1246 et
1032 1218 1162 1246 Dominus
1173 1221 1266 1245 noster
1278 1220 1382 1249 astans,
1395 1216 1484 1251 ipsum
1499 1215 1611 1243 ﬂuvium
1623 1214 1716 1242 divino
1727 1223 1778 1243 suo

989 1264 1063 1292 aditu
1087 1264 1217 1299 dignatus
1230 1266 1283 1290 est.
1305 1261 1478 1297 Quapropter
1492 1268 1575 1296 supra
1586 1260 1690 1288 dictum
1710 1264 1752 1288 est
1767 1269 1775 1287 ε

991 1320 1000 1336 ‹
1016 1310 1054 1337 lbi
1074 1309 1227 1337 lmtabimur
1244 1309 1271 1336 in
1296 1309 1364 1343 ipso.
1382 1316 1391 1334 ›
1410 1306 1487 1335 Unde
1508 1310 1535 1334 et
1553 1306 1651 1334 merito
1668 1306 1776 1341 quidem

990 1357 1059 1384 idem
1080 1355 1256 1391 propheticus
1275 1354 1400 1389 spiritus,
1424 1353 1470 1380 ubi
1492 1352 1601 1380 deserto
1616 1359 1664 1387 per
1679 1351 1776 1379 Isaiam

989 1402 1077 1430 fausta
1096 1401 1249 1431 denuntiat.
1267 1400 1354 1435 ipsius
1377 1398 1506 1427 Jordanis
1523 1398 1687 1426 mentionem
1711 1396 1776 1424 facit

988 1449 1100 1476 dicens:
1116 1457 1125 1473 ι
1141 1447 1255 1478 Laetare,
1271 1446 1410 1474 desertum
1431 1446 1546 1479 sitiens;
1562 1443 1610 1472 sed
1627 1443 1710 1471 etiam
1724 1450 1772 1470 ex-

987 1495 1069 1521 sultet
1093 1494 1222 1525 solitudo,
1239 1496 1267 1520 et
1286 1492 1381 1520 ﬂoreat
1401 1492 1481 1526 quasi
1506 1491 1593 1517 lilium
1608 1498 1614 1516 :
1631 1493 1658 1517 et
1670 1488 1775 1516 eﬂlore-

988 1545 1065 1568 scent
1076 1544 1103 1568 et
1115 1539 1291 1567 exsultabunt
1300 1538 1408 1566 deserta
1420 1536 1557 1564 Iordanis.
1566 1534 1776 1566 Confortamini,

148 1589 226 1623 λέγον
236 1597 243 1603 ·
262 1597 271 1613 ι
287 1589 472 1626 Εὐφράνθητι,
487 1589 589 1625 ἕρημος
608 1589 722 1624 διψῶσιν
735 1589 792 1616 ἀλλ’
809 1589 938 1624 ἀγαλλιά-

990 1595 1087 1615 manus
1110 1587 1231 1613 remissa:
1252 1589 1278 1613 et
1305 1592 1393 1620 genua
1409 1583 1561 1615 dissoluta;
1584 1581 1776 1613 consolamini,

148 1634 204 1661 σθω
217 1634 328 1671 ἔρημος,
337 1635 382 1662 καὶ
394 1636 553 1667 ἁνθείτωώς
567 1636 667 1672 κρίνον·
684 1636 729 1662 καὶ
741 1635 882 1671 ἐξανθήσει
892 1636 939 1662 καὶ

147 1682 340 1716 ἀγαλλιάσεται
349 1682 383 1709 τὰ
391 1682 481 1718 ἔρημα
488 1682 534 1709 τοῦ
542 1683 683 1719 Ἰορδάνου.
694 1682 841 1717 Ἰσχύσατε,
850 1684 940 1718 χεῖρες

147 1728 297 1763 ἀνειμέναι,
314 1729 360 1756 καὶ
371 1730 470 1763 γόνατα
490 1729 713 1764 παραλελυμένα·
730 1729 938 1765 παρακαλέσατε

147 1775 171 1802 οἱ
180 1775 334 1810 ὀλιγόψυχοι
344 1776 376 1810 τῇ
385 1775 498 1810 διανοίᾳ.
508 1773 655 1810 Ὶσχύσατε,
667 1775 703 1810 μὴ
711 1775 844 1810 φοϐεῖσθε.
855 1776 918 1802 Ἰδοὺ
925 1776 939 1801 ὁ

146 1820 213 1852 Θεὸς
222 1820 299 1856 ἡμῶν
309 1821 398 1856 κρίσιν
407 1821 635 1848 ἀνταποδέδωκεψ
647 1822 727 1853 αὐτὸς
736 1821 795 1857 ἥξει
804 1822 850 1848 καὶ
857 1821 938 1850 σώσει

147 1869 232 1903 ἡμᾶς.
247 1867 313 1894 Τότε
327 1867 531 1903 ἀναχθήσονται
544 1867 677 1903 ὀφθαλμοὶ
694 1867 811 1902 τυφλῶν,
824 1868 870 1894 καὶ
882 1865 938 1894 ὦτα

147 1912 248 1947 κωφῶν
261 1913 431 1940 ἀκούσονται.
448 1913 513 1939 Τότε
529 1913 631 1940 ὰλεῖται
643 1913 680 1945 ὼς
695 1913 791 1948 ἔλαφος
814 1914 828 1940 ὁ
841 1914 935 1949 χωλὸς,

147 1961 196 1987 καὶ
209 1959 295 1995 τρανῆ
312 1959 387 1986 ἔσται
405 1959 515 1993 γλῶσσα
535 1958 686 1995 μογιλάλων
699 1967 705 1974 ·
722 1959 762 1986 ὅτι
779 1960 884 1995 ἐρράγη
908 1960 936 1985 ὲν

146 2007 180 2042 τῇ
195 2007 289 2042 ἐρήμῳ
301 2006 373 2040 ὕδωρ
383 2026 390 2037 ,
407 2007 453 2032 καὶ
468 2005 576 2042 φάραγξ
590 2006 618 2031 ὲν
630 2007 666 2041 γῇ
680 2005 793 2042 διψώσῃ.
808 2016 816 2031 ι
829 2006 936 2041 Ταύτην

146 2053 315 2080 διαλέλεκται
338 2054 383 2080 ἐπὶ
399 2053 445 2079 τοῦ
467 2053 613 2088 παρόντος·
635 2062 644 2078 ι
664 2053 737 2079 Ἐκεῖ
752 2052 936 2088 εὐφρανθησό-

148 2100 220 2136 μεθα
236 2101 264 2127 ὲν
279 2099 369 2135 αὐτῷ’
388 2110 397 2126 ι
414 2099 431 2126 ἃ.
446 2100 478 2134 δὴ
494 2099 645 2134 ἐπληροῦτο
662 2098 732 2125 κατὰ
748 2099 796 2133 τὴν
814 2098 861 2125 τοῦ
882 2098 937 2124 Σω-

147 2147 231 2183 τῆρος
247 2145 325 2182 ἡμῶν
342 2147 381 2178 εἰς
392 2145 550 2181 ἀνθρώπους
566 2145 733 2179 θεοφάνειαν.
752 2144 847 2171 Ἔνθεν
866 2144 936 2170 εἰκό-

146 2200 203 2223 τως
214 2192 230 2218 6
248 2191 343 2227 παρὼν
359 2191 466 2226 ψαλμὸς
484 2190 569 2217 ἅπασι
584 2191 643 2221 τοῖς
659 2189 747 2216 ἔθνεσι
768 2188 935 2224 προσφωνῶν

147 2240 242 2274 ἔλεγεν
263 2249 272 2264 ι
287 2238 368 2265 Δεῦτε
395 2238 441 2264 καὶ
463 2237 530 2263 ἴδετε
546 2236 580 2263 τὰ
606 2237 673 2272 ἔργα
697 2235 744 2262 τοῦ
759 2235 842 2262 Θεοῦ·
860 2245 869 2260 ι
889 2236 936 2261 καὶ⁹

994 1634 1039 1669 qui
1059 1638 1147 1660 mente
1161 1631 1349 1667 pusillanimes
1367 1630 1446 1658 estis.
1466 1627 1678 1661 Confortamini,
1694 1627 1777 1654 nolite

995 1681 1100 1708 timere.
1121 1678 1192 1706 Ecce
1212 1677 1284 1705 Deus
1300 1680 1393 1704 noster
1410 1675 1545 1710 judicium
1561 1673 1706 1701 retribuit:
1721 1673 1777 1707 ipse

993 1727 1083 1755 veniet
1098 1729 1125 1753 et
1139 1724 1254 1752 salvabit
1268 1731 1328 1751 nos.
1347 1722 1425 1750 Tunc
1439 1721 1595 1756 aperientur
1607 1719 1680 1747 oculi
1693 1727 1777 1746 caeco-

993 1780 1064 1805 rum,
1082 1775 1109 1800 et
1125 1778 1206 1798 aures
1216 1769 1362 1797 surdorum
1378 1767 1498 1795 audient.
1518 1765 1595 1793 Tunc
1609 1765 1688 1793 saliet
1698 1764 1777 1800 quasi

992 1824 1089 1844 cervus
1103 1815 1227 1845 claudus.
1244 1818 1271 1841 et
1288 1814 1379 1848 lingua
1396 1811 1603 1839 balbutientium
1619 1810 1693 1837 clara
1705 1810 1776 1836 erit:

991 1863 1055 1898 quia
1073 1865 1169 1896 erupta
1185 1866 1227 1888 est
1247 1860 1274 1887 in
1285 1859 1393 1887 deserto
1405 1865 1485 1892 aqua,
1501 1861 1528 1884 et
1543 1860 1650 1883 torrens
1664 1856 1690 1882 in
1704 1860 1777 1881 terra

992 1908 1094 1936 sitienti
1107 1907 1140 1933 θ’.
1161 1917 1170 1932 ι
1187 1906 1224 1933 De
1239 1906 1290 1932 hoc
1305 1905 1425 1939 loquitur
1442 1903 1469 1929 in
1486 1901 1611 1937 praesenti
1625 1908 1632 1927 :
1649 1910 1657 1926 ι
1674 1900 1713 1928 lbi
1731 1902 1776 1927 la:-

991 1954 1109 1981 tabimur
1125 1953 1152 1979 in
1168 1952 1237 1986 ipso.
1256 1960 1264 1976 I
1284 1950 1350 1983 Quae
1367 1950 1393 1976 in
1411 1948 1504 1975 divino
1520 1946 1674 1974 Servatoris
1687 1946 1773 1973 nostri

991 2000 1024 2026 ad
1046 1998 1170 2026 homines
1196 1997 1313 2023 adventu
1342 1994 1453 2030 impleta
1477 1996 1551 2021 sunt.
1569 1991 1647 2019 Unde
1673 1991 1775 2019 merito

991 2053 1110 2081 praesens
1124 2044 1246 2079 psalmus
1256 2049 1350 2070 omnes
1361 2044 1455 2076 gentes
1466 2039 1636 2074 compellans
1648 2037 1753 2066 dicebat
1767 2046 1774 2065 :

992 2101 1001 2117 ί
1018 2091 1113 2119 Venite
1132 2094 1159 2118 et
1177 2089 1267 2117 videte
1289 2095 1372 2123 opera
1389 2086 1452 2119 Dei;
1470 2095 1479 2111 ι
1496 2093 1528 2112 ac
1553 2092 1663 2112 rursum
1678 2093 1684 2111 :
1704 2093 1713 2109 ι
1728 2083 1776 2110 1)ι-

990 2140 1044 2166 cite
1068 2137 1122 2165 Deo
1143 2136 1252 2169 :Quam
1278 2133 1408 2162 terribilia
1432 2136 1498 2160 sunt
1522 2138 1606 2167 opera
1634 2131 1695 2158 tual
1713 2139 1722 2157 ι
1745 2130 1776 2157 Et

990 2184 1067 2212 valde
1084 2186 1283 2218 consequenter
1298 2185 1442 2216 postquam
1456 2179 1579 2206 dixerat:
1598 2186 1607 2203 ι
1624 2177 1663 2205 lbi
1679 2177 1777 2204 laetabi-

989 2239 1052 2258 mur
1072 2231 1099 2258 in
1117 2231 1188 2265 ipso,
1204 2239 1213 2255 ι
1232 2228 1334 2256 infert:
1353 2236 1363 2253 ι
1380 2226 1432 2260 Qui
1447 2225 1604 2254 dominatur
1628 2225 1656 2251 in
1679 2224 1778 2250 virtme

149 2269 245 2313 πάλιν·
262 2295 271 2311 ι
287 2284 388 2312 Εἴπατε
400 2284 438 2319 τῷ
453 2284 525 2318 Θεῷ·
548 2284 591 2315 Ὠς
605 2269 707 2318 φοϐερὰ
721 2282 756 2308 τὰ
768 2281 835 2317 ἔργα
848 2283 910 2308 ceu!
925 2291 933 2307 ι

990 2278 1097 2306 saeculo.
1115 2286 1124 2301 ι
1152 2275 1180 2302 ld
1200 2282 1309 2310 quoque
1335 2280 1417 2308 porro
1432 2271 1579 2306 intelligas,
1604 2269 1776 2297 Servatorcm

148 2333 257 2368 Σφόδρα
267 2332 295 2358 δὲ
308 2329 460 2361 ἀκολούθως
471 2329 553 2356 είπών
563 2338 569 2343 ·
585 2339 594 2354 ι
613 2329 686 2355 Ἐκεῖ
696 2326 936 2364 εὑφρανθησόμεθα

148 2381 179 2407 ὲν
197 2378 280 2413 αὐτῷ,
295 2388 304 2403 ι
325 2377 466 2412 ἐπιφέρει·
480 2386 488 2401 ι
505 2375 545 2411 Τᾷ
576 2374 732 2406 δεσπόζοντι
757 2374 786 2399 ὲν
810 2374 842 2408 τῇ
859 2373 937 2399 δυνα-

150 2426 229 2461 στείᾳ.
258 2423 341 2452 αὑτοῦ
358 2423 404 2450 τοῦ
430 2422 537 2454 αἰῶνος.
561 2431 570 2447 ι
590 2421 705 2456 Νοήσεις
732 2420 759 2446 δὲ
787 2420 833 2446 καὶ
861 2418 938 2445 τοῦτο

150 2471 235 2499 αὐτοῦ
251 2470 374 2505 λέγοντος
389 2469 495 2496 ἁκούων
514 2467 561 2494 τοῦ
585 2467 723 2502 Σωτῆρος·
741 2476 750 2491 ι
772 2465 865 2499 Ἐδόθη
894 2473 938 2499 μοι

149 2518 226 2547 πᾶσα.
237 2516 344 2549 ἐξουσία
357 2516 385 2542 ὲν
397 2513 502 2550 οὐρανῷ
513 2514 561 2540 καὶ
573 2513 619 2539 ἐπὶ
632 2513 681 2547 τῆς
693 2512 743 2547 γῆς
754 2520 759 2526 -
778 2510 938 2545 πορεύοντες

152 2563 340 2599 μαθητεύσατε
355 2562 444 2589 πάντα
459 2561 493 2588 τὰ
521 2561 583 2595 ἔθνη
605 2561 633 2586 ἐν
653 2559 692 2594 τῷ
716 2557 828 2593 ὀνόματί
849 2565 908 2592 μου.
926 2566 935 2582 ι

151 2609 199 2636 Διὸ
214 2608 289 2636 κατὰ,
298 2609 346 2644 μὲν
356 2608 401 2635 τὸν
409 2607 524 2634 Ἀκύλαν
538 2606 644 2641 εἴρηται
655 2613 662 2620 ο
678 2615 687 2630 ι
700 2604 744 2639 Τῷ
758 2601 938 2635 ὲξουσιάζοντι

152 2656 182 2682 ὲν
194 2657 228 2691 τῇ
245 2655 387 2689 δυναστείᾳ
412 2653 493 2680 αὐτοῦ
514 2653 546 2679 δι’
563 2652 670 2684 αἰῶνος.
695 2661 704 2677 ›
729 2651 783 2677 Καὶ
802 2649 888 2681 ἄλλως
910 2648 939 2675 δὲ

152 2700 396 2737 ιὺφρανθησόμεθα
418 2701 446 2726 ὲν
462 2698 536 2734 αὐτῷ
561 2698 614 2725 τῶν
635 2695 840 2733 προειρημένων
856 2703 939 2721 κατα-

154 2748 305 2781 ξανθέντες.
321 2747 389 2774 Πότε
403 2746 431 2773 δὲ
452 2743 693 2781 εὐφρανθησὸμεθα
703 2763 710 2775 ,
727 2742 782 2769 ἀλλ’
801 2740 909 2768 ἐπειδὰν
925 2741 940 2766 6

155 2795 261 2833 μέλλων
285 2795 383 2829 ἐπιστῇ
409 2793 495 2824 αἰὼν,
519 2789 550 2819 οῦ
573 2791 621 2826 τὴν
635 2789 799 2816 δεσποτείαν
818 2788 866 2815 καὶ
891 2787 939 2822 τὴν

155 2842 278 2877 ἐξουσίαν
293 2841 346 2868 οὐδ’
361 2841 454 2876 ἔτερος
467 2839 532 2872 ἕξει,
545 2838 561 2873 ἦ
579 2837 657 2873 μόνος
670 2836 750 2866 αὐτὸς
767 2836 781 2861 6
798 2835 847 2867 τὴν
862 2834 940 2860 δυνα-

192 2931 279 2959 "isa.
294 2938 376 2961 xxxv,
392 2929 402 2956 l
422 2929 449 2956 6.
488 2928 510 2944 '°
525 2926 616 2954 Matth.
636 2933 731 2956 xxvm,
754 2924 794 2955 l8,
813 2924 843 2949 l9

990 2322 1102 2350 audiens
1115 2321 1250 2349 dicentem
1266 2329 1272 2346 :
1293 2327 1302 2344 ι
1318 2318 1385 2344 Data
1406 2321 1448 2344 est
1466 2315 1533 2342 mihi
1548 2314 1639 2341 omnis
1654 2317 1788 2348 potestas,

989 2370 1016 2397 in
1031 2367 1101 2396 coelo
1115 2372 1143 2395 et
1156 2367 1183 2394 in
1199 2370 1282 2394 terra.
1297 2364 1400 2391 Euntes
1415 2362 1509 2389 docete
1530 2367 1626 2387 omnes
1641 2362 1735 2394 gentes
1749 2359 1775 2384 iu

989 2415 1100 2443 nomine
1122 2421 1184 2441 meo
1196 2413 1229 2439 ⁸⁸.
1247 2422 1256 2438 ι
1274 2411 1365 2444 Quare
1390 2408 1540 2437 secundum
1563 2405 1689 2441 Aquilam
1705 2404 1774 2431 dici-

989 2466 1052 2489 tur:
1068 2471 1076 2486 ι
1093 2460 1145 2493 Qui
1163 2462 1321 2494 potestatem
1337 2456 1419 2483 habet
1439 2454 1466 2481 in
1478 2454 1579 2480 virtute
1594 2459 1644 2479 sua
1660 2458 1707 2486 per
1723 2458 1775 2478 sm.-

989 2509 1092 2536 culum.
1107 2517 1116 2532 »
1138 2507 1213 2533 Alias
1229 2511 1337 2539 quoque
1351 2501 1504 2529 laetabimur
1524 2500 1550 2526 in
1568 2499 1637 2534 ipso,
1653 2497 1708 2532 jam
1725 2505 1775 2524 me

990 2554 1102 2581 moratis
1127 2552 1208 2580 bonis
1231 2549 1335 2578 donati.
1360 2547 1540 2581 Quandonam
1564 2544 1775 2574 exsultabimus,

989 2598 1042 2625 nisi
1055 2605 1116 2625 cum
1134 2596 1252 2624 l'uturum
1274 2593 1404 2621 saculum
1421 2590 1572 2621 advenerit,
1596 2589 1677 2624 cujus
1692 2589 1777 2616 domi-

991 2648 1084 2671 natum
1111 2647 1138 2670 et
1162 2645 1322 2678 potestatem
1348 2639 1439 2667 nullus
1462 2638 1532 2665 alius
1559 2636 1702 2669 obtinebit,
1721 2636 1774 2662 nisi

990 2692 1035 2719 ille
1047 2690 1094 2726 qui
1109 2690 1278 2717 dominatum
1291 2687 1400 2722 aPatre
1418 2685 1541 2720 accepit?
1563 2684 1642 2711 Nunc
1660 2682 1732 2711 enim
1748 2682 1775 2709 iu

990 2738 1115 2773 prmsenti
1134 2736 1235 2765 Saeculo
1252 2734 1422 2771 principatus
1435 2736 1499 2761 sunt
1518 2731 1608 2762 multi,
1626 2733 1776 2765 potestates

990 2789 1017 2812 et
1039 2783 1251 2815 dominationes,
1276 2780 1429 2817 spiritualia
1452 2778 1580 2814 nequitia
1604 2780 1631 2804 et
1654 2779 1775 2803 rectores

992 2829 1094 2856 mundi.
1118 2827 1195 2854 Tunc
1225 2835 1301 2859 vero,
1323 2830 1469 2862 postquam
1495 2822 1640 2851 sustulerit
1667 2827 1776 2848 omnem
