2041 3215
285 178 338 206 655

638 175 773 204 EUSEBII
793 175 1031 205 CAESARIENSIS
1051 176 1125 206 OPP.
1147 176 1236 205 PARS
1257 177 1301 204 lll.
1316 191 1351 198 ——
1364 176 1568 205 EXEGETICA.

1863 178 1914 207 656

287 235 478 271 principatum,
503 238 665 270 potestatem
692 239 719 262 et
740 235 880 268 virtutem,
908 235 967 271 ipse
995 235 1070 264 solus

1128 236 1213 263 ςτείαν
1237 236 1311 272 παρὰ
1327 236 1373 263 τοῦ
1389 236 1495 272 Πατρὺς
1520 235 1655 271 είληφώςς
1675 236 1732 263 Νυν
1747 236 1797 272 μὲν
1811 235 1866 272 γὰρ
1887 237 1915 263 ἐν
1924 246 1939 272 ί·

287 282 428 317 imperium
448 280 583 308 obtinebit
608 281 635 307 in
661 281 791 308 saeculum
813 281 891 314 illud,
908 282 935 309 in
952 289 1007 317 quo
1029 281 1073 309 la:-

287 328 373 355 titiam
391 326 471 354 nobis
483 327 527 354 bic
545 334 635 354 sermo
652 327 808 362 pollicetur.

1128 282 1166 318 τῷ
1183 284 1297 319 παρόντι
1317 283 1396 310 αἰῶνι
1419 283 1501 318 ἀρχαὶ
1520 282 1633 315 πολλαὶ,
1656 283 1702 309 καὶ
1728 282 1848 316 ἐξουσίαι
1871 280 1927 310 καῖ’

1128 329 1305 365 κυριότητες,
1329 330 1376 356 καὶ
1392 328 1566 365 πνευματικὰ
1591 329 1722 364 πονηρίας
1745 328 1794 355 καὶ
1815 337 1916 364 κοσμο-

286 375 433 412 κράτορες·
452 375 512 402 τότε
523 375 561 407 δὲ,
577 375 622 401 ὅτε
654 375 817 411 καταργήσῃ
834 375 924 402 πᾶσαν
941 375 1028 411 ἀρχὴν
1059 376 1107 403 καί
1126 376 1250 409 ἐξουσίαν
1277 377 1325 404 καὶ
1349 376 1479 413 δύναμιν,
1504 377 1583 412 μόνος
1609 377 1690 409 αὐτὸς
1706 376 1853 413 ὲξουσιάσῃ
1870 377 1915 403 τοῦ

286 423 393 456 αἰῶνος,
408 424 438 450 ὲν
452 419 474 458 ᾧ
493 423 690 457 ἐπαγγέλλεται
710 425 774 459 ἡμῖν
791 425 805 450 ό
819 423 912 459 παρὼν
929 423 1007 458 λόγος
1027 424 1076 460 τὴν
1096 425 1274 461 εὐφροσύνην.

321 481 406 509 Vens.
422 481 480 510 7:9.
503 490 513 507 ι
529 480 607 509 Oculi
621 481 682 516 ejus
699 489 783 516 super
796 486 890 518 gemes
906 482 1073 518 respiciunt:

287 528 334 563 qui
357 532 519 563 exasperant
538 535 593 554 non
607 528 763 555 exaltentur
782 528 809 555 in
827 529 993 563 semetipsis.
1015 528 1077 556 Dia-

287 575 403 610 psalma.
417 584 426 600 ι
441 575 509 602 Cum
526 575 653 610 superius
664 575 786 610 gentium
800 575 968 603 vocationem
986 575 1079 603 adum—

286 620 388 651 braret,
411 620 567 647 universam
590 625 690 648 terram
713 621 865 648 evocabat:
880 629 967 656 neque
986 626 1077 649 tamen

286 670 381 702 gentes
399 667 501 694 diserte
521 667 701 695 memoravit:
716 675 790 695 nunc
814 675 879 695 vero
906 668 1078 703 apertissime

286 713 414 745 easdem.
448 720 553 741 necnon
583 713 630 741 Dei
656 714 909 742 reconciliationem
939 715 1073 743 meminit.

287 758 354 786 Nam
369 758 403 786 de
418 759 608 794 peccatoribus
619 759 728 794 quidem
747 759 850 787 dictqu
865 764 907 788 est
924 769 932 788 :
954 769 963 785 ι
978 759 1077 788 Averte

287 805 383 833 faciem
411 810 486 833 tuam
514 813 529 833 a
560 806 680 841 peccatis
707 807 775 834 meis
785 807 827 839 ⁵¹;
847 816 856 832 ι
884 814 916 834 ac
944 814 1074 834 rursum:

288 861 298 878 ί
316 852 407 885 Quare
434 852 530 880 faciem
557 857 643 884 tuam,
678 857 705 880 et
729 853 869 880 dexteram
896 856 971 884 tuam
999 860 1077 880 aver-

286 899 373 927 tis"?
388 909 397 925 ι
417 904 441 926 el
461 899 579 926 iterum:
596 908 605 925 ι
621 899 752 926 Avertisti
772 903 863 926 autem
881 899 979 926 faciem
999 902 1074 925 tuam

287 953 301 972 a
318 953 370 977 me,
393 949 421 973 et
441 944 529 972 factus
554 952 614 972 sum
637 944 821 972 conturbatus
832 944 866 972 ⁵³.
885 954 894 971 ι
912 944 950 971 De
961 945 995 972 iis
1011 952 1076 972 vero

286 992 333 1026 qui
350 992 420 1019 bona
447 998 496 1026 spe
520 990 648 1018 instructi
677 995 741 1018 sunt
764 990 869 1018 dictum
895 994 957 1018 est:
974 1000 982 1016 ι
998 990 1076 1018 Oculi

288 1037 393 1064 Domini
416 1044 499 1072 super
512 1035 614 1071 iustos,
637 1040 664 1063 et
685 1043 766 1063 aures
789 1036 850 1070 ejus
869 1035 895 1062 in
916 1043 1011 1071 preces
1033 1043 1079 1063 eo-

288 1091 347 1110 rum
357 1082 398 1117 ";
417 1092 426 1109 ι
443 1086 471 1110 et
493 1089 625 1110 rursum:
643 1091 652 1106 ι
669 1081 748 1109 Oculi
772 1081 811 1108 tui
829 1081 939 1109 videant
960 1082 1076 1116 aequita-

287 1134 328 1156 tcs
338 1129 380 1162 ";
396 1138 406 1155 ι
430 1132 458 1156 et
480 1128 580 1155 iterum
602 1136 609 1154 :
633 1136 642 1152 ι
658 1127 788 1163 Siguetur
810 1135 894 1162 super
916 1135 968 1154 nos
986 1127 1077 1154 lumen

288 1174 378 1202 vultus
395 1174 446 1206 tui,
468 1172 583 1201 Domine
593 1172 625 1199 ⁵⁸.
644 1182 653 1199 ι
674 1172 776 1208 Magna;
801 1173 884 1208 igitur
904 1173 1076 1208 pollicitatio-

288 1227 336 1247 nes
352 1219 479 1255 gentibus
497 1219 524 1246 in
539 1219 668 1254 praesenti
682 1219 752 1246 data:
769 1223 842 1246 sunt.
858 1218 917 1249 1am
929 1219 1001 1246 oculi
1017 1219 1077 1254 ejus

288 1274 370 1301 super
391 1269 486 1301 gentes
508 1265 670 1300 respiciunt.
693 1265 781 1300 Atque
804 1265 1006 1292 animadvertas
1031 1273 1077 1292 vc-

287 1310 335 1337 lim
362 1310 390 1337 in
409 1309 484 1337 hisce
501 1317 636 1345 nusquam
654 1308 810 1338 Judteorum
837 1310 1002 1338 mentionem
1027 1310 1076 1337 ha-

288 1356 362 1390 beri;
388 1356 436 1384 sed
453 1364 500 1392 per
516 1361 602 1383 totum
628 1357 764 1391 psalmum
788 1357 859 1383 bona
882 1356 1010 1391 gentibus
1028 1364 1077 1384 an-

287 1403 420 1430 nuutiari.
444 1402 635 1431 Perhumauus
654 1411 721 1438 ergo
735 1403 780 1430 ille
797 1403 919 1438 gentium
947 1402 1077 1430 Servator

287 1448 383 1476 oculos
405 1455 481 1481 suos.
500 1448 606 1476 scilicet
623 1447 787 1484 inspiciendi
804 1448 929 1480 virtutes,
947 1449 1077 1483 expandit

288 1495 316 1522 in
330 1502 426 1523 omnes
440 1498 547 1531 gentes.
563 1494 646 1522 Lucis
667 1499 758 1522 autem
774 1493 843 1522 radii
859 1502 893 1522 ex
915 1494 1003 1522 oculis
1016 1494 1076 1529 ejus

286 1540 392 1573 emissi,
415 1541 522 1568 animas
553 1540 595 1568 sui
624 1547 740 1576 capaces
767 1539 917 1568 illustrant.
941 1539 1075 1573 Quoniam

1162 494 1172 510 ι
1192 485 1223 511 Ol
1238 484 1373 520 ὀφθαλμοὶ
1391 484 1474 512 αὑτοῦ
1489 484 1536 512 ἐπὶ
1551 484 1585 511 τὰ
1597 483 1661 520 ἔθνη
1677 484 1880 515 ἐπιϐλέπουσιν.
1891 484 1915 511 οε

1125 538 1163 556 πα
1166 531 1390 567 ραπικραίνοντες
1399 531 1437 566 μὴ
1443 530 1509 565 ὐψού
1514 531 1619 558 σθωσαν
1630 532 1659 558 ὲν
1672 532 1788 563 ἑαυτοῖς.
1798 532 1916 567 Attii-a1-

1128 581 1175 612 μα.
1188 576 1250 603 »Διὰ
1263 577 1317 604 τῶν
1326 577 1480 613 ἔμπροσθεν
1488 577 1709 613 ὲπεσκιασμένως
1715 578 1764 613 τὴν
1770 578 1825 604 τῶν
1832 578 1916 605 ἐθνῶν

1127 622 1220 658 κλῆσιν
1237 622 1426 659 αἰνιξάμενος,
1443 623 1534 650 πᾶσαν
1548 623 1595 659 τὴν
1610 623 1662 659 γῆν
1681 624 1788 651 ἐκάλει·
1803 624 1835 650 οὺ
1863 624 1915 660 μὴν

1127 669 1221 703 σαφῶς
1235 669 1270 696 τὰ
1280 669 1343 703 έθνη
1355 678 1360 684 ·
1376 670 1434 696 νυνὶ
1444 670 1473 696 δὲ
1484 670 1633 697 λευκότατα
1645 669 1699 696 τῶν
1711 670 1795 697 ἐθνῶν
1813 671 1916 706 μέμνη-

1123 722 1168 741 ται
1181 715 1229 741 καὶ
1247 714 1296 749 τῆς
1316 714 1363 741 τοῦ
1374 713 1441 741 Θεοῦ
1452 714 1607 750 διαλλαγῆς.
1629 714 1690 741 Ἐπὶ
1703 714 1752 749 μὲν
1777 714 1833 749 γὰρ
1861 714 1914 740 τῶν

1125 760 1333 796 ἁμαρτανόντων
1347 760 1469 795 εἴρηται·
1487 768 1497 785 ‹
1517 759 1698 795 Ἀπόστρεψον
1719 759 1750 785 τὸ
1769 759 1916 795 πρόσωπόν

1126 815 1172 833 σου
1196 806 1251 833 ἀπὸ
1265 807 1319 833 τῶν
1336 806 1479 842 ἁμαρτιῶν
1496 813 1560 842 μου*
1577 815 1587 831 ι
1605 806 1652 832 καὶ
1667 805 1762 832 πάλιν·
1789 814 1799 831 ι
1817 805 1877 832 Ίνα
1891 805 1916 832 τί

1125 852 1307 888 ἀποστρέφεις
1321 852 1351 878 τὸ
1365 852 1510 888 πρόσωπόν
1528 860 1575 878 σου
1595 851 1643 878 καὶ
1656 851 1706 887 τὴν
1722 850 1812 883 δεξιάν
1826 859 1890 882 σου;
1904 861 1913 876 ι

1127 899 1174 925 καὶ
1186 898 1265 925 πάλιν
1275 906 1282 913 ο
1299 907 1309 923 ι
1331 897 1515 934 ’Δπέστρεψας
1529 897 1558 924 δὲ
1573 897 1603 924 τὸ
1618 897 1763 932 πρόσωπόν
1786 904 1833 922 σου
1843 917 1851 929 ,
1870 897 1916 923 καὶ

1128 945 1259 981 ἐγενήθην
1274 944 1485 980 τεταραγμένος.
1497 954 1506 969 ι
1530 943 1592 970 Ἐπὶ
1608 943 1636 970 δὲ
1654 943 1709 970 τῶν
1723 942 1827 978 ἀγαθὰς
1840 943 1916 970 ὲλπῐι

1127 992 1174 1023 δας
1198 992 1315 1027 ἐχόντων
1343 990 1486 1018 λέλεκται·
1514 1000 1523 1016 ι
1549 990 1697 1026 Ὀφθαλμοὶ
1728 990 1830 1026 Κυρίου
1871 991 1915 1016 ἐπὶ

1127 1034 1258 1067 δικαίους,
1288 1035 1335 1062 καὶ
1360 1032 1417 1062 ὦτα
1441 1035 1524 1062 αὑτοῦ
1549 1035 1589 1067 είς
1609 1035 1702 1070 δέησιν
1717 1034 1824 1061 αὐτῶν·
1841 1044 1850 1060 ι
1870 1034 1916 1061 καὶ

1127 1081 1222 1108 πάλιν·
1238 1091 1246 1107 ι
1259 1082 1292 1108 Οἱ
1301 1081 1435 1117 ὀφθαλμοί
1453 1090 1499 1108 σου
1514 1081 1642 1108 ίδέτωσαν
1661 1080 1811 1116 εὑθὺτητας
1821 1089 1828 1095 ”
1845 1090 1855 1106 ι
1870 1080 1916 1107 καὶ

1127 1125 1221 1158 αὖθις·
1239 1135 1248 1151 ι
1264 1127 1450 1162 Σημειωθήτω
1469 1127 1512 1162 ἐφ’
1534 1127 1608 1162 ἡμᾶς
1628 1125 1658 1153 τὸ
1680 1126 1738 1161 φῶς
1758 1125 1804 1152 τοῦ
1830 1134 1915 1161 προσ-

1126 1171 1201 1199 ώπου
1224 1181 1281 1206 σου,
1297 1172 1394 1208 Κύριε.
1407 1183 1416 1198 ι
1436 1172 1561 1207 Μεγάλαι
1582 1173 1672 1199 τοίνυν
1696 1173 1856 1207 ἐπαγγελίαι
1872 1173 1916 1199 διὰ

1126 1219 1180 1247 τῶν
1198 1219 1384 1255 προκειμένων
1401 1221 1455 1252 τοῖς
1469 1220 1557 1247 ἔθνεσι
1572 1220 1705 1247 δέδονται·
1720 1220 1771 1256 ἤδη
1782 1219 1917 1255 ὀφθαλμοὶ

1127 1265 1209 1293 αὐτοῦ
1222 1267 1268 1293 ἐπὶ
1284 1267 1317 1293 τὰ
1334 1266 1398 1302 ἔθνη
1413 1266 1598 1294 ὲπιόλέπουσι.
1616 1267 1670 1293 Καὶ
1686 1266 1734 1293 θέα
1748 1267 1823 1298 ὅπως
1837 1266 1915 1293 οὐδα-

1129 1312 1180 1348 μοῦ
1201 1311 1256 1339 τῶν
1271 1312 1458 1348 προκειμένων
1477 1312 1612 1339 Ἰουδαίων
1635 1312 1787 1348 μέμνηται,
1802 1311 1837 1338 δι’
1855 1311 1915 1338 ὅλου

1126 1356 1155 1383 δὲ
1168 1358 1223 1389 τοῖς
1238 1357 1326 1384 ἔθνεσι
1341 1357 1374 1384 τὰ
1389 1357 1495 1393 χρηστὰ
1509 1356 1724 1392 εὐαγγελίζεται.
1746 1357 1775 1383 '0
1798 1356 1848 1391 μὲν
1869 1353 1915 1383 οὖν

1128 1403 1317 1439 φιλάνθρωπος
1329 1403 1383 1429 τῶν
1398 1403 1483 1430 ἐθνῶν
1502 1403 1598 1439 Σωτὴρ
1613 1404 1675 1435 τοὺς
1690 1403 1846 1438 ὀφθαλμοὺς
1866 1404 1915 1430 αὒ-

1127 1447 1173 1474 τοῦ
1183 1468 1190 1481 ,
1209 1448 1258 1480 τὰς
1272 1449 1453 1480 ἐπισκοπικὰς
1475 1449 1574 1485 δηλαδὴ
1595 1449 1723 1484 δυνάμεις
1735 1469 1742 1480 ,
1758 1449 1916 1485 ὲξήπλωσεν

1128 1494 1174 1520 ὲπὶ
1188 1494 1277 1521 πάντα
1293 1494 1327 1521 τὰ
1341 1494 1415 1530 ἔθνη.
1427 1495 1516 1527 Φωτὸς
1529 1495 1558 1522 δὲ
1579 1496 1688 1527 ἀκτῖνες
1702 1496 1734 1523 ἐκ
1747 1495 1801 1522 τῶν
1817 1496 1916 1531 ὀφθαλ-

1129 1538 1187 1574 μῶν
1202 1539 1284 1565 οιὺτοῦ
1301 1540 1474 1575 πεμπόμεναι
1491 1540 1540 1572 τὰς
1552 1540 1708 1576 χωρητικὰς
1723 1541 1815 1568 αὐτῶν
1826 1541 1916 1577 ψυχὰς

288 1594 354 1613 vero
370 1586 492 1613 futurum
515 1589 573 1612 erat
592 1590 622 1612 ut
643 1592 698 1612 non
722 1592 818 1612 omnes
834 1585 949 1620 gratiam
972 1586 1076 1620 recipe-

1128 1585 1361 1620 καταλάμπουσιν.
1371 1586 1446 1612 Ἐπεὶ
1456 1586 1484 1612 δὲ
1495 1586 1610 1622 ἤμελλον
1622 1586 1659 1622 μὴ
1669 1587 1768 1619 πάντες
1776 1588 1826 1623 τὴν
1839 1589 1917 1623 χάριν

288 1636 360 1664 rent,
375 1632 422 1660 sed
438 1636 541 1659 tantam
563 1631 623 1666 ejus
634 1638 698 1666 erga
712 1630 837 1658 homines
851 1631 1024 1659 clementiam
1040 1631 1075 1658 ir-

287 1678 404 1705 ritarent
418 1682 444 1704 et
456 1680 661 1712 exasperarent,
677 1677 749 1712 quod
764 1677 865 1704 donum
880 1685 936 1704 non
950 1677 1077 1705 admitte-

288 1726 367 1755 rent;
382 1722 444 1757 jure
460 1722 590 1749 additur:
606 1731 616 1747 ‹
632 1721 684 1754 Qui
700 1726 862 1756 exasperant
883 1730 938 1750 non
956 1723 1078 1750 exalten-

290 1773 336 1796 tur
348 1769 376 1796 in
393 1767 559 1803 semetipsis.
577 1778 586 1795 ι
608 1768 656 1797 His
667 1776 750 1804 porro
763 1768 901 1804 signiﬁcat
912 1776 959 1796 eos
971 1776 1004 1796 ex
1016 1777 1078 1804 gen-

288 1815 373 1847 tibus,
394 1814 441 1850 qui
464 1814 631 1850 immorigeri
655 1818 683 1843 et
703 1814 916 1850 inobsequentes
930 1813 1078 1850 Evangelia

288 1867 362 1889 sunt.
389 1861 481 1895 Quare
509 1861 581 1897 apud
609 1861 804 1898 Symmachum
831 1861 955 1889 dicitur:
972 1861 1076 1889 «Oculi

288 1910 350 1945 ejus
364 1913 459 1945 gentes
483 1909 651 1944 inspiciunt;
676 1909 886 1944 inobsequentes
905 1916 941 1937 ne
957 1909 1078 1937 exaltent

288 1956 462 1991 semetipsos.
484 1965 492 1981 ι
512 1955 572 1983 Alio
589 1955 652 1983 item
681 1963 763 1983 sensu
778 1955 881 1983 indicat
900 1963 948 1985 eos
973 1963 1005 1984 ex
1029 1956 1079 1983 eir-

289 2000 468 2032 cumcisione.
483 2001 528 2035 qui
545 2000 662 2035 gratiam
676 2004 912 2036 contempserunt,
937 2005 965 2028 et
984 2001 1078 2029 Serva-

290 2046 359 2073 turis
382 2046 553 2073 vocationem
574 2046 652 2073 nihili
682 2045 817 2074 fecerunt.
838 2047 929 2080 Quare
959 2047 1077 2082 Spiritus

291 2095 404 2119 sanctus
435 2098 483 2126 per
509 2091 606 2119 Isaiam
634 2092 668 2119 ad
694 2100 743 2119 eos
775 2092 925 2128 respiciens
949 2093 1076 2120 dicebat;

293 2145 302 2160 ι
317 2135 389 2163 Aure
409 2136 539 2168 audiatis,
557 2140 584 2163 et
605 2143 640 2163 ne
654 2137 831 2172 intelligetis;
858 2141 885 2164 et
900 2137 1022 2166 videntes
1038 2138 1078 2165 vi-

291 2181 390 2212 deatis.
409 2186 483 2212 etne
501 2182 595 2210 sciatis
606 2182 640 2209 ".
657 2191 667 2209 ι
684 2182 779 2210 Merito
799 2183 882 2218 igitur
898 2183 970 2211 viros
986 2184 1074 2211 incre-

292 2235 360 2263 pans
374 2234 495 2263 praesens
518 2234 620 2260 sermo,
638 2231 733 2263 utpote
755 2228 814 2255 sine
829 2236 913 2255 causa
935 2228 969 2256 de
989 2233 1079 2256 atavo-

292 2280 352 2300 rum
369 2273 499 2308 dignitate
520 2272 640 2306 inﬂatos,
668 2277 695 2301 et
720 2273 754 2302 de
775 2274 977 2310 progenitorum
991 2275 1078 2310 gloria
1095 2291 1117 2319 ι)

290 2319 374 2347 altum
391 2320 539 2354 sapientes,
550 2319 638 2348 dicit:
654 2329 663 2345 ι
679 2319 733 2354 Qui
752 2325 915 2356 exasperant
929 2328 984 2349 non
1006 2321 1078 2348 exal-

290 2370 383 2394 tentur
399 2366 426 2393 in
443 2366 606 2401 semetipsis.
623 2376 632 2392 ι
643 2365 733 2394 Heus!
751 2374 809 2399 vos,
828 2367 926 2401 inquit,
943 2368 1077 2402 superbiat

290 2416 318 2439 et
333 2420 403 2440 vano
418 2413 519 2441 tumori
542 2417 635 2441 vestro
649 2412 729 2440 ﬁnem
753 2413 826 2447 date,
854 2414 973 2441 scientes
992 2413 1077 2441 Deum

292 2466 346 2485 non
367 2459 465 2494 magis,
481 2467 564 2495 quam
584 2459 699 2495 reliquis
713 2459 852 2495 gentibus,
874 2459 952 2487 vobis
969 2461 1077 2496 prospi-

292 2510 364 2531 cere.
381 2503 458 2531 Oculi
473 2513 540 2540 ergo
559 2505 633 2533 illius
651 2506 785 2533 lustrandi
799 2506 825 2533 vi
838 2505 956 2540 praediti,
975 2507 1080 2534 univer-

293 2557 386 2576 sorum
400 2549 540 2579 hominum
558 2552 756 2587 providentiam
770 2557 906 2588 gerentes,
922 2559 1004 2588 super
1017 2560 1080 2588 geu-

293 2600 335 2623 tes
351 2596 511 2631 respiciunt.
529 2597 600 2630 Quid
622 2598 706 2634 igitur
723 2606 782 2630 vos,
803 2605 836 2626 ac
849 2598 873 2626 si
889 2599 1079 2633 praestantiora

293 2642 450 2674 obtineatis,
458 2643 615 2671 exaltamiui
625 2645 652 2672 in
661 2644 875 2680 vobismetipsis,
885 2652 947 2673 cum
960 2646 1077 2673 maxime

292 2687 345 2715 viri
366 2692 561 2723 exasperantes
584 2690 664 2717 sitis?
681 2690 759 2724 Quod
784 2696 876 2718 autem
895 2691 970 2726 ipsos
986 2699 1078 2719 sermo

294 2734 457 2768 subindicet,
472 2739 566 2770 aperte
580 2735 700 2764 declarat
716 2737 835 2772 Spiritus
848 2745 896 2773 per
909 2737 1077 2766 Ezechielem

293 2780 409 2808 dicens:
425 2789 434 2806 ι
450 2779 501 2807 Fili
524 2780 651 2814 hominis,
671 2782 777 2810 mittam
794 2786 821 2811 te
836 2791 887 2818 ego
909 2783 943 2810 ad
965 2783 1076 2810 domum

1128 1630 1317 1666 ὑποδέχεσθαι,
1337 1632 1511 1668 παροργίζειν
1525 1633 1554 1659 δὲ
1574 1632 1605 1659 τὸ
1624 1633 1685 1659 ὅσον
1700 1634 1742 1660 ἐπ’
1763 1633 1856 1665 αὐτοῖς
1872 1635 1917 1661 καὶ

1128 1679 1359 1714 παραπικραίνειν
1372 1678 1421 1714 τὴν
1442 1678 1575 1715 τοσαύτην
1597 1679 1810 1715 φιλανθρωπίαν,
1830 1680 1874 1707 διὰ
1887 1681 1917 1707 τὸ

1130 1723 1167 1759 μὴ
1193 1724 1392 1759 παραδέχεσθαι
1417 1725 1447 1752 τὸ
1460 1725 1560 1761 δῶρον,
1586 1727 1697 1758 εἰκότως
1726 1727 1915 1755 ὲπιλέλεκται·

1131 1778 1140 1794 ι
1155 1769 1186 1796 Οἱ
1200 1770 1465 1806 παραπικραίνοντες
1484 1771 1520 1807 μὴ
1533 1771 1710 1806 ὑψούσθωσαν
1725 1773 1754 1799 ὲν
1773 1773 1891 1805 ἑαυτοῖς.
1905 1783 1914 1800 ι

1128 1814 1258 1850 Σημαίνει
1277 1815 1305 1841 δὲ
1328 1816 1372 1843 διὰ
1398 1816 1500 1843 τούτων
1524 1818 1570 1844 καὶ
1591 1818 1653 1850 τοὺς
1677 1819 1705 1845 ἐν
1734 1819 1790 1850 τοῖς
1812 1818 1918 1846 ἔθνεσιν

1129 1860 1251 1892 ἀπειθεῖς
1265 1860 1312 1888 καὶ
1323 1861 1525 1894 ἁνυποτάκτους
1539 1863 1577 1898 τῷ
1595 1863 1765 1899 εὐαγγελικῷ
1777 1864 1859 1900 λόγῳ.
1873 1865 1918 1891 Διὸ

1128 1906 1250 1933 λέλεκται
1271 1907 1346 1943 παρὰ
1367 1907 1406 1943 τῷ
1426 1909 1567 1944 Συμμάχῳ
1579 1917 1586 1924 ο
1608 1917 1619 1935 ι
1636 1910 1668 1936 Οἱ
1685 1909 1820 1946 ὀφθαλμοὶ
1835 1911 1917 1938 αὑτοῦ

1128 1953 1162 1980 τὰ
1188 1953 1251 1989 ἔθνη
1286 1954 1511 1981 ὲπισκοπεύουσι·
1535 1955 1559 1981 οἱ
1586 1955 1708 1988 ἀπειθεῖς
1733 1956 1771 1992 μὴ
1794 1957 1918 1993 ὑψούτω-

1129 2008 1178 2026 σαν
1203 1999 1324 2031 ἑαυτούς.
1336 2009 1345 2026 ι
1368 2000 1498 2036 Σημαίνει
1517 2001 1545 2027 δὲ
1563 2002 1611 2028 καὶ
1632 2001 1718 2034 ἄλλως
1734 2002 1798 2034 τοὺς
1820 2004 1853 2029 ὲκ
1870 2012 1917 2030 πε-

1130 2046 1242 2082 ριτομῆς
1258 2046 1444 2082 ἁθετήσαντας
1457 2047 1506 2082 τὴν
1517 2047 1596 2083 χάριν
1607 2048 1653 2074 καὶ
1665 2048 1716 2083 τὴν
1731 2048 1779 2075 τοῦ
1791 2049 1919 2086 Σωτῆρος

1128 2090 1224 2125 κλῆσιν
1235 2091 1495 2127 ὑπερφρονήσαντας
1504 2099 1511 2106 ·
1523 2091 1563 2118 διὸ
1575 2092 1643 2128 πρὸς
1654 2093 1753 2125 αὐτοὺς
1764 2093 1795 2120 τὺ
1806 2094 1919 2129 Πνεῦμα

1127 2137 1158 2164 τὸ
1175 2137 1251 2171 ἅγιον
1267 2137 1313 2163 καὶ
1326 2137 1370 2164 διὰ
1392 2138 1500 2165 Ἡσαΐου
1517 2139 1672 2166 ἀπετείνετο
1688 2139 1777 2175 φῆσαν
1788 2149 1795 2155 ·
1812 2150 1821 2166 ι
1838 2141 1918 2176 Ἀκυῇ

1128 2183 1273 2219 ἀκούσητε,
1289 2184 1337 2211 καὶ
1348 2183 1379 2210 οὐ
1394 2184 1430 2220 μὴ
1447 2185 1555 2220 συνῆτε,
1573 2186 1619 2213 καὶ
1631 2185 1773 2220 βλέποντες
1790 2187 1918 2223 βλέψητε,

1130 2229 1177 2255 καὶ
1189 2229 1219 2256 οὐ
1239 2229 1276 2265 μὴ
1292 2229 1377 2264 ἴδητε.
1395 2239 1405 2256 ›
1423 2230 1543 2262 Εἰκότως
1566 2231 1710 2266 τοιγαροῦν
1728 2232 1919 2268 ὲπιρῥαπίζων

1129 2275 1226 2307 αὐτοὺς
1242 2277 1256 2303 ό
1271 2276 1367 2311 παρὼν
1387 2276 1477 2311 λόγος,
1491 2277 1552 2313 εἰκῆ
1575 2277 1772 2313 φυσιουμένους
1794 2279 1843 2305 ἐπὶ
1864 2281 1919 2311 τοῖς

1130 2322 1284 2358 προγόνοις,
1301 2315 1349 2349 καὶ
1363 2323 1434 2359 μέγα
1448 2323 1613 2358 φρονοῦντας
1631 2324 1677 2351 ἐπὶ
1691 2326 1724 2360 τῇ
1740 2324 1795 2352 τῶν
1811 2334 1919 2361 προπα-

1129 2368 1215 2404 τόρων
1229 2368 1419 2404 εὐδοκιμήσει,
1446 2369 1546 2405 φησίν·
1570 2379 1579 2396 ι
1599 2371 1630 2397 Oi
1654 2371 1920 2407 παραπικραίνοντες

1132 2414 1169 2450 μὴ
1188 2414 1363 2449 ὑψούσθωσαν
1380 2416 1409 2442 ὲν
1435 2416 1551 2448 ἑαυτοῖς.
1567 2426 1577 2442 ι
1594 2416 1739 2444 Παύσασθε
1755 2417 1826 2453 γὰρ,
1842 2417 1919 2453 φησι,

1132 2459 1336 2495 βρενθυνόμενοι
1350 2460 1396 2487 καὶ¹
1412 2461 1471 2497 εἰκῆ
1487 2458 1692 2497 τυφούμενοι,⁷ὥ
1703 2458 1785 2493 οὗτοι.
1797 2463 1918 2496 γνόντες,

1129 2506 1171 2532 ὅτι
1193 2506 1224 2532 οὺ
1243 2506 1343 2542 μᾶλλον
1359 2506 1423 2542 ὑμῖν
1448 2507 1588 2534 ὲπιὸλέπει
1601 2510 1616 2535 ό
1633 2508 1698 2540 Θεὸς
1714 2508 1729 2544 ἢ
1746 2509 1803 2540 τοῖς
1816 2509 1919 2542 λοιποῖς

1130 2551 1244 2579 ἔθνεσιν.
1265 2553 1297 2579 Οἱ
1318 2552 1383 2588 γοῦν
1400 2553 1448 2588 τῆς
1465 2554 1645 2590 ὲπισκοπικῆς
1669 2555 1752 2582 αὑτοῦ
1777 2555 1918 2590 δυνάμεως

1131 2598 1264 2634 ὀφθαλμοὶ
1276 2618 1284 2629 .
1308 2599 1417 2626 πάντων
1433 2599 1583 2635 ἀνθρώπων
1600 2600 1728 2636 πρόνοιαν
1745 2600 1916 2636 ποιούμενοι,

1132 2645 1179 2671 ἐπὶ
1205 2645 1239 2672 τὰ
1266 2645 1329 2681 ἔθνη
1349 2645 1536 2673 ὲπιϐλέπουσι.
1557 2646 1589 2673 Τί
1605 2644 1651 2674 οὖν
1669 2648 1762 2683 ὑμεῖς,
1776 2647 1872 2684 ὥσπερ
1892 2656 1917 2673 τι

1131 2691 1270 2727 ἐξαίρετον
1285 2692 1457 2727 κεκτημένοι,
1470 2692 1587 2727 ὑψοῦσθε
1603 2694 1631 2719 ὲν
1646 2694 1760 2727 ἑαυτοῖς,
1775 2694 1916 2721 καὶταῦτα

1131 2737 1226 2774 ἄνδρες
1242 2738 1318 2770 ὅντες
1346 2738 1389 2765 ἀεὶ
1403 2739 1685 2774 παραπικραίνοντες;
1702 2740 1762 2766 Ὅτι
1774 2740 1802 2767 δὲ
1820 2740 1915 2771 αὐτοὺς

1131 2784 1302 2811 αἰνίττεταιό
1318 2784 1406 2819 λόγος,
1425 2784 1519 2820 σαφῶς
1538 2786 1686 2822 παρίστησι
1698 2786 1728 2813 τὸ
1742 2786 1854 2823 Πνεῦμα
1874 2786 1916 2813 διὰ

330 2858 350 2897 ξ·
369 2857 537 2897 Ρεθ1.ι.,11.
575 2859 598 2877 ⁸⁸
609 2859 822 2895 Ρεειί.ηιιι,⁶24.
863 2863 886 2880 δ’
901 2862 973 2890 Psal.
991 2872 1064 2894 xxii,

1140 2863 1161 2878 5‘
1178 2862 1250 2891 P511.
1270 2871 1366 2894 sum,
1379 2863 1420 2890 16,
1455 2863 1478 2879 ⁵⁵
1493 2863 1565 2891 Psal.
1584 2871 1638 2896 XVI,
1650 2864 1675 2891 2.
1717 2867 1739 2882 ³⁶
1753 2867 1823 2894 Psui.
1840 2877 1876 2897 ιν.
1890 2868 1904 2895 7

265 2930 269 2933 .
294 2893 317 2910 ’⁷
331 2893 381 2922 lsa.
398 2904 434 2927 νι,
449 2894 474 2922 9.
