2041 3215
143 200 197 230 657

695 208 947 237 COMMENTARIA
968 209 1002 237 IN
1020 209 1189 238 PSALMOS.

1207 158 1256 206 ιζ

1713 212 1765 240 658

149 259 281 297 Ἱεζεκιὴλ
293 261 386 306 λέγον·
400 272 409 289 ι
423 263 471 291 re
482 264 636 301 ἀνθρώπου,
649 266 819 301 ἐξαποστελῶ
834 277 863 296 σε
876 268 931 304 ἐγὼ

983 269 1077 300 Israel.
1090 269 1123 297 ad
1136 273 1341 305 exasperantes,
1353 270 1399 305 qui
1414 275 1644 306 exasperaverunt
1657 278 1700 298 me
1714 270 1765 305 ipsi

143 306 213 341 πρὸς
236 306 282 334 τὸν
307 305 381 335 οἷκον
411 309 534 346 Ἰσραὴλ,
559 312 623 344 τοὺς
646 314 930 350 παραπικραίνοντας,

143 352 242 385 οἵτινες
257 354 466 390 παρεπίκρανάν
478 366 511 393 με
526 358 602 385 αὐτοὶ
619 360 666 385 καὶ
679 360 703 387 οί
716 359 832 396 πατέρες
842 360 931 388 αὐτῶν

143 397 196 430 ἕως
218 399 268 435 τῆς
289 402 408 437 σήμερον
430 403 552 439 ἡμέρας·
576 414 585 430 ι
606 405 652 432 καὶ
670 405 747 441 ἑξῆς·
770 416 779 432 ι
797 407 858 434 Ἐὰν
878 407 931 443 ἄρα

142 444 311 479 ἀκούσωσιν,
328 447 345 482 ἢ
363 448 532 484 πτοηθῶσιν,
557 450 623 477 διότι
644 450 716 484 οἶκος
744 462 930 489 παραπικραι-

142 491 242 518 νόντων
255 493 330 519 ἐστί’
348 505 356 519 ι
373 495 419 521 καὶ
436 495 531 522 πάλινο
547 506 555 523 ι
569 498 624 524 Καὶ
639 498 748 534 λαλήσω
758 500 822 531 τοὺς
836 499 930 533 λόγους

144 546 196 573 μου
212 539 280 574 πρὸς
295 540 403 573 αὐτοὺς,
422 541 468 568 ἐὰν
484 542 537 577 ἄρα
551 543 717 577 ἀκούσωσιν,
733 545 749 580 ἢ
767 545 928 580 πτοηθῶσιν,

140 584 183 611 ὄντι
205 582 278 617 οἶκος
296 588 570 623 παραπικραινόντων
594 590 662 617 ἐστί,
688 600 696 615 ι
722 591 776 617 Καὶ
793 592 822 617 ἐν
847 594 882 627 ρε¹
902 591 930 618 δέ

140 630 242 666 ψαλμῷ
266 631 402 659 λέλεκταιε
427 643 436 659 ι
454 634 514 661 Ὀτι
535 636 742 672 παρεπίκραναν
765 637 794 663 τὺ
822 637 929 673 πνεῦμα

143 677 241 703 αὑτοῦ·
258 687 267 703 ι
288 678 335 704 καὶ
358 679 438 706 πάλιν
449 689 455 695 ·
475 690 484 706 ι
500 681 647 713 Πλεονάκις
664 683 797 718 ἐρρύσατο
814 683 926 715 αὐτούς·

143 723 220 750 αὐτοὶ
236 723 264 750 δὲ
281 726 486 761 παρεπίκραναν
508 727 588 754 αὐτὸν
603 728 631 755 ὲν
647 730 680 764 τῇ
700 729 780 764 βουλῇ
801 729 900 756 αὐτῶν.
917 739 926 754 ι

142 770 196 796 Ναὶ
217 770 270 806 μὴν
293 771 339 797 καὶ
353 772 472 808 Μωῡσῆς
487 773 534 808 τὴν
548 775 657 809 πικρίαν
674 775 764 802 αὐτῶν
783 775 928 812 παρίστησι

142 815 244 850 λέγων·
275 826 284 842 ε
303 817 349 843 Ἐκ
374 817 428 854 γὰρ
464 819 586 854 ἀμπέλου
609 820 732 856 Σοδόμων
761 822 777 856 ἡ
809 821 929 856 ἄμπελος

141 862 242 895 αὐτῶν,
261 863 308 890 καὶ
324 865 340 899 ἡ
355 864 489 899 κληματίς
504 866 594 892 αὐτῶν
612 867 645 893 ἐκ
659 867 800 903 Γομόρρας
810 876 816 882 '
835 869 851 903 ή
866 876 929 894 στα-

140 907 211 943 φυλῆ
227 908 315 935 αὐτῶν
333 909 454 945 σταφυλὴ
471 910 562 945 χολῆς,
577 911 673 947 βότρυς
686 913 797 947 πικρίας
810 911 926 939 αὐτῶν.»

141 955 196 981 Καὶ
221 956 249 981 ἐν
266 955 304 991 τῷ
330 956 450 992 Ἱερεμίᾳ
472 956 501 983 δὲ
518 957 624 993 εἴρηται
644 958 712 993 πρὸς
735 959 798 990 τοὺς
817 958 928 990 αὐτούς·
948 954 968 981 Β

142 1010 152 1025 ‹
166 1000 228 1032 [Ιῶς
242 1001 365 1037 ἐστράφη
378 1003 418 1035 είς
431 1003 543 1039 πικρίαν
558 1004 574 1039 ἡ
592 1003 712 1039 ἄμπελος
727 1005 743 1039 ἡ
759 1004 887 1039 ἀλλοτρία
900 1012 906 1037 ;
919 1013 927 1029 ι

141 1048 261 1079 Είκότως
278 1048 366 1075 τοίνυν
382 1050 428 1076 καὶ
446 1049 563 1077 ἐνταῦθα
584 1050 848 1086 παραπικραίνοντες
864 1050 931 1077 ὠνο-

141 1094 295 1129 μάσθησαν.
323 1095 369 1121 Ἐκ
397 1095 569 1131 παραλλήλου
596 1096 623 1122 δὲ
659 1096 847 1132 μνημονεύσας
878 1095 931 1122 τῶν

139 1139 226 1167 ἐθνῶν
240 1140 287 1167 καὶΙ
302 1141 351 1176 τῆς
369 1141 471 1168 τούτων
487 1142 622 1177 σωτηρίας
639 1143 653 1169 ὁ
680 1142 766 1177 λόγος,
783 1141 932 1178 παράθεσιν

140 1185 194 1211 τῶν
213 1185 245 1212 ἐκ
260 1186 411 1222 περιτομῆς
434 1187 581 1222 πεποίηται
599 1186 699 1214 εἰπών·
721 1197 729 1212 ι
751 1187 781 1213 Oi
797 1186 931 1222 ὀφθαλμώ¹

140 1231 223 1258 αὐτοῦ
233 1231 280 1258 ἐπὶ
291 1231 324 1258 τὰ
337 1231 400 1268 ἔθνη
413 1232 604 1259 ὲπιῦλέπουσιν
614 1255 620 1264 ,
631 1233 655 1259 οἰ
667 1233 931 1268 παραπικραίνοντες

141 1278 180 1313 μὴ
196 1277 371 1313 ὑψούσθωσαν
384 1279 413 1304 ἐν
424 1278 540 1310 ἑαυτοῖς.
555 1279 707 1313 Εὑλογείτε,
721 1279 796 1314 ἔθνη,
809 1279 854 1305 τὸν
866 1278 931 1305 θεὸν

141 1323 232 1358 ἡμῶν,
249 1324 295 1350 καὶ
315 1324 475 1351 ἀκουτίσατε
495 1324 543 1359 τὴν
560 1324 649 1360 φωνὴν
665 1325 716 1360 τῆς
731 1324 860 1356 αἰνέσεως
884 1324 932 1351 αὺ-

141 1369 201 1397 τοῦ.
218 1379 227 1395 ›
247 1370 430 1404 Εὐαγγελικῦν
450 1368 519 1397 εἶναι
534 1371 579 1397 τὸν
597 1371 701 1407 ψαλμὸν
716 1371 762 1398 καὶ
785 1371 931 1406 ἀρχόμενοι

140 1415 188 1443 τοῦ
202 1416 282 1450 λόγου
296 1418 486 1453 τετηρήκαμεν
498 1426 503 1432 ·
520 1417 534 1443 ὂ
546 1417 591 1444 καὶ
605 1418 638 1444 δι’
649 1417 710 1444 ὅλου
724 1417 771 1444 τοῦ
785 1417 870 1452 ὕφους
884 1417 932 1453 τῆς

142 1463 312 1498 προφητείας
338 1463 514 1499 παρίσταται,
544 1463 650 1490 Ἐκάλει
669 1464 717 1499 μὲν
738 1463 791 1499 γὰρ
816 1464 844 1489 ἐν
860 1463 930 1499 ἀρχῇ

142 1509 234 1535 πᾶσαν
247 1509 296 1544 τὴν
309 1508 360 1543 γῆν
372 1517 378 1523 ·
394 1507 452 1535 εἷτα
465 1510 494 1535 ἐν
509 1509 547 1545 τῷ
570 1508 669 1545 μεταξὺ
690 1509 799 1535 πλείονα
813 1508 930 1541 διδάξας,

142 1554 310 1591 σαφέστερον
326 1555 388 1589 περὶ
405 1555 458 1582 τῶν
475 1554 558 1581 ἐθνῶν
574 1557 689 1581 ποιεῖται
705 1554 870 1590 προφητείαν
886 1555 929 1581 λέ-

140 1609 197 1635 γων
206 1609 213 1615 ·
229 1610 238 1626 ι
250 1602 282 1627 Ol
291 1600 426 1636 ὀφθαλμοὶ
439 1601 520 1627 αὑτοῦ
535 1602 580 1627 ἐπὶ
591 1601 624 1628 τὰ
638 1601 700 1636 ἔθνη
712 1600 928 1627 ἐπιϐλέπουσιν.»

140 1647 220 1674 Μετὰ
234 1647 265 1684 δὴ
276 1645 322 1674 οὖν
336 1635 386 1683 τὴν
395 1647 498 1674 τούτων
512 1648 684 1674 διδασκαλίαν
695 1635 851 1679 ἀκολούθως
864 1648 930 1674 πᾶσι
946 1635 966 1664 c

139 1694 198 1724 τοῖς
212 1692 333 1725 ἔθνεσιν,
352 1692 390 1724 ὡς
412 1691 444 1719 ἂν
460 1692 645 1728 ὡφελημένοις
669 1693 702 1719 ἐκ
718 1692 764 1719 τοῦ
789 1701 931 1728 προμεμα-

140 1738 256 1774 θηκέναι
279 1739 313 1765 τὰ
336 1738 519 1775 προλεχθέντα
534 1759 540 1771 ,
572 1738 692 1773 εὐλογεῖν
716 1738 769 1765 τῶν
796 1737 932 1766 τοσούτων

141 1785 291 1821 Θαυμάτων
304 1786 357 1812 τῶν
371 1794 401 1812 τε
424 1785 548 1821 φοϐερῶν
564 1785 652 1821 ἔργων
672 1785 785 1820 ποιητὴν
808 1793 929 1820 παρακε-

140 1831 250 1858 λεύεται
260 1831 347 1866 λέγων
357 1841 363 1846 ·
381 1842 390 1858 ι
404 1832 557 1866 Εὐλογεῖτε,
573 1831 635 1867 ἔθνη
647 1851 653 1863 ,
671 1831 716 1858 τὸν
733 1831 798 1857 Θεὸν
812 1831 898 1866 ἡμῶν.
920 1841 928 1856 1

141 1879 189 1914 Μὴ
203 1878 258 1915 γὰρ
272 1879 336 1910 τοὺς
351 1879 510 1914 ὑμετέρους,
526 1879 602 1914 φησὶ,
618 1878 681 1909 τοὺς
698 1878 782 1905 πάλαι
793 1877 931 1912 πεπλανηα

140 1924 232 1960 μένως
244 1924 437 1960 νομιζομένους
451 1924 527 1956 θεοὺς
536 1945 542 1954 ,
558 1923 625 1950 ἀλλὰ
637 1923 681 1950 τὸν
698 1923 840 1959 ἡμέτερον,
857 1924 887 1949 ὂν
901 1924 933 1949 ἐκ

140 1971 268 2006 πατέρων
291 1972 370 2006 ἡμεῖς
384 1971 610 2007 ὲπεγραψάμεθα,
626 1970 720 1997 τοῦτον
737 1970 844 2004 γνόντες
863 1966 932 1995 εἶναι

140 2016 187 2043 τὸν
211 2016 337 2052 ἀληθινὸν
353 2016 428 2044 Θεόν.
453 2017 510 2043 Νῦν
522 2017 598 2051 γοῦν,
613 2017 638 2043 εί
661 2017 708 2043 καὶ
731 2015 768 2051 μὴ
790 2016 931 2051 πρότερον,

141 2063 191 2090 καὶ
216 2063 295 2099 ὑμεῖς
321 2063 467 2098 εὐλογεῖτε.
494 2062 687 2099 Εὐφημοῦντες
711 2062 738 2088 δέ
763 2063 855 2094 αὑτὸν,
887 2062 932 2088 καὶ

140 2108 318 2144 εὐλογοῦντες
336 2109 374 2142 ὡς
395 2110 473 2145 μόνον
491 2109 615 2145 ἀληθινὸν
638 2109 685 2135 κα)⁸
703 2108 791 2135 κοινὸν
806 2109 933 2135 ἁπάντων

141 2153 222 2189 ἡμῶν
238 2163 267 2180 τε
289 2154 335 2181 καὶ
348 2155 425 2190 ὑμῶν
441 2154 507 2181 Θεὺν
521 2175 527 2187 ,
547 2154 583 2190 μὴ
608 2153 821 2188 σεσιωπημένως
833 2174 840 2185 ,
867 2153 934 2188 μηδὲ

141 2199 251 2236 ήρεμέᾳ
266 2200 325 2235 (sic)
347 2202 380 2236 τῇ
397 2202 471 2236 φωνῇ
499 2200 578 2227 τοῦτο
604 2199 755 2235 πράττετε·
775 2199 823 2225 σὺν
848 2198 932 2234 πολλῇ

141 2246 170 2272 δὲ
186 2246 330 2282 παρρησίᾳ
356 2247 401 2273 καὶ
421 2247 537 2283 Θάρσει,
557 2248 657 2282 φωναῖς
676 2254 706 2272 τε
730 2245 859 2279 γεγωνοῖς
886 2244 933 2271 καὶ

143 2293 220 2328 βοαῖς
240 2293 378 2329 χρήσασθε
403 2294 550 2329 μεγάλαις·
578 2293 616 2324 ὡς
637 2293 683 2319 καὶ
704 2292 760 2323 τοῖς
783 2291 931 2326 ἀλλοτρίοις

142 2339 291 2366 ἀκούεσθαι
318 2339 367 2375 τὴν
392 2339 624 2375 ἀναπεμπομένην
654 2339 692 2370 εἰς
709 2338 774 2365 Θεὸν
791 2338 834 2372 ὑφ’
856 2337 932 2372 ὑμῶν

142 2385 260 2412 αἴνεσιν·
275 2385 289 2412 ὖ
301 2385 333 2422 δὴ
353 2386 398 2412 καὶ
410 2386 424 2412 ὁ
440 2386 534 2421 Σωτὴρ
554 2385 647 2420 ἐδήλου
669 2384 770 2419 λέγων·
787 2393 796 2409 ι
819 2384 851 2410 Ὃ
862 2383 933 2417 λέγω

141 2433 207 2468 ὑμῖν
220 2432 250 2458 ὲν
259 2433 292 2467 τῇ
300 2424 400 2468 σκοτίᾳ
412 2431 506 2459 εἴπατε
518 2433 547 2458 ἐν
558 2432 596 2467 τῷ
609 2432 688 2467 φωτὶ,
703 2431 750 2458 καὶ
763 2430 777 2457 ὃ
792 2431 831 2462 εἰς
846 2429 876 2456 τὸ
887 2427 932 2461 οὖς

142 2478 268 2511 ἀκούετε,
282 2478 434 2514 κηρύσσετε
446 2478 557 2505 ἐπὶτῶν
574 2479 716 2514 δωμάτων.
735 2487 743 2503 ι
763 2477 871 2512 Ταύτης
885 2474 932 2502 οὖν

140 2522 233 2558 ἔχεται
250 2525 298 2559 τῆς
314 2523 434 2555 διανοίας
448 2524 478 2550 τὸ
498 2524 601 2558 φάσκον
625 2523 729 2557 λόγιον·
755 2533 764 2548 ι
781 2523 837 2549 Καὶ
850 2523 929 2549 ἀκου-

141 2569 235 2595 τίσατε
251 2569 300 2604 τὴν
317 2568 408 2604 φωνὴν
420 2569 469 2604 τῆς
482 2569 611 2600 αἰνέσεως
626 2568 723 2595 αὑτοῦ⁸
744 2578 753 2593 ›
771 2568 787 2603 ἢ
805 2568 876 2594 κατὰ
888 2567 932 2592 τὸν

142 2615 300 2650 Σύμμαχοψ
313 2624 322 2640 1
335 2614 510 2647 Ἐξάκουστον
522 2616 622 2641 ποιεῖτε
630 2614 679 2650 τὴν
687 2614 778 2649 φωνὴν
790 2614 837 2640 τοῦ
849 2613 933 2648 ὕμνου

143 2661 236 2687 αὑτοῦ.
251 2671 259 2687 ι
277 2660 421 2697 Θαυμάσαι
433 2661 462 2687 δὲ
477 2660 533 2687 ἐστι
550 2660 597 2687 τοῦ
611 2660 690 2695 λόγου
705 2661 734 2687 τὺ
749 2660 933 2694 ἀποτέλεσμα,

143 2707 186 2734 ὅτε
211 2707 272 2734 καθ’
285 2707 349 2743 ὅλης
374 2708 424 2743 τῆς
439 2706 589 2742 ἀνθρώπων
602 2707 774 2742 οἰκουμένης,
792 2707 820 2732 ἐν
839 2706 936 2741 μέσαις

143 2756 204 2787 ταῖς
225 2754 329 2786 πόλεσι,
347 2754 376 2781 έν
396 2763 425 2780 τε
451 2754 558 2789 κώμαις
578 2753 624 2780 καὶ
640 2752 743 2789 χώραις
758 2752 829 2779 κατὰ
847 2752 937 2783 πάσας

143 2801 192 2833 τὰς
204 2801 367 2836 Ἑκκλησίας
378 2800 424 2828 τοῦ
432 2800 511 2833 Θεοῦ,
521 2801 546 2826 οί
556 2799 602 2826 τοῦ
611 2799 729 2835 Χριστοῦ
738 2799 797 2826 λαοὶ
810 2798 838 2832 ἐξ
850 2799 938 2825 ἁπάν-

179 2893 203 2909 ¹⁸
214 2892 313 2920 Ezech.
330 2900 362 2923 ll,
375 2892 403 2920 5.
439 2892 462 2908 "
478 2890 543 2918 Ibid.
565 2890 591 2918 5.

149 2936 179 2956 ll.
193 2929 238 2956 ‘21.
278 2928 300 2944 "
316 2927 409 2955 Matth.
428 2936 454 2961 ιι,
465 2927 508 2953 27.

631 2891 652 2906 ‘°
666 2890 733 2918 Ibid.
759 2889 783 2915 7.
823 2890 843 2905 θ’
858 2889 929 2917 Psal.
957 2897 999 2921 cv,
1018 2889 1063 2915 35.

981 319 1008 344 et
1024 321 1114 351 patres
1128 316 1250 352 ipsorum
1272 323 1360 351 usque
1374 317 1406 343 ad
1432 321 1591 352 praesentem
1609 317 1679 345 diem
1689 317 1713 333 "
1728 326 1735 344 :
1753 326 1762 343 ι

979 365 1007 389 et
1028 367 1141 397 postea:
1156 372 1165 388 ι
1181 361 1209 390 Si
1222 362 1293 390 forte
1314 363 1426 390 audiam
1437 367 1466 391 et
1485 363 1685 394 deterreantur.
1701 364 1766 398 quia

980 407 1078 435 domus
1097 409 1318 443 exasperantimn
1333 413 1375 436 est
1386 409 1427 441 ‘9;
1446 419 1454 434 ι
1471 413 1498 436 et
1518 411 1615 436 iterum
1630 419 1635 436 :
1653 419 1662 434 I
1678 409 1710 436 Et
1726 409 1766 436 lo-

980 462 1050 489 quar
1073 462 1214 482 sermones
1231 463 1307 484 meos
1329 455 1362 482 ad
1382 455 1454 488 illos,
1475 456 1498 483 si
1523 456 1591 483 forte
1613 456 1725 483 audiant
1740 459 1768 482 et

980 499 1179 533 deterreantur,
1205 500 1269 535 quia
1289 500 1386 528 domus
1414 501 1632 535 exasperantium
1655 500 1765 528 est‘°.»

980 545 1012 572 Et
1028 545 1054 572 in
1071 553 1103 573 cv
1114 547 1219 582 psalmo
1235 546 1339 574 dictum
1354 551 1416 574 est:
1431 556 1440 572 ι
1456 546 1525 579 Quia
1536 547 1767 574 exacerbaverunt

981 591 1107 626 spiritum
1131 591 1242 627 ejus“;
1259 601 1268 618 ι
1299 599 1331 619 ac
1357 599 1468 619 rursum
1487 601 1494 618 :
1516 601 1525 617 ι
1543 590 1620 626 Sa'pe
1643 591 1768 618 liberavit

979 645 1036 666 eos.
1061 637 1114 673 ipsi
1143 642 1235 665 autem
1260 637 1494 666 exacerbaveruut
1522 645 1584 664 eum
1605 637 1632 663 in
1653 636 1769 664 consilio

980 690 1030 710 suo
1046 683 1080 711 ".
1096 693 1105 708 ι
1129 683 1186 710 1ωο
1201 683 1283 711 etiam
1296 682 1404 718 Moyses
1421 683 1597 711 acerbitatem
1613 690 1708 710 eorum
1721 682 1770 709 de-

980 729 1066 756 clarat
1087 729 1130 757 bis
1151 730 1260 758 verbis:
1277 739 1286 755 ε
1302 729 1370 756 Nam
1382 738 1414 757 ex
1431 730 1511 757 vinea
1529 728 1709 756 Sodomorum
1732 729 1770 756 vi-

980 784 1031 803 nea
1055 784 1161 809 eorum,
1188 780 1215 804 et
1232 777 1336 811 palmes
1356 784 1449 803 eorum
1471 784 1505 803 ex
1527 775 1689 803 Gomorrlia.
1712 774 1769 803 Uva

979 830 1073 849 eorum
1091 830 1143 850 uva
1159 822 1242 854 fellis,
1260 823 1357 850 botrus
1376 822 1535 850 acerbitatis
1552 830 1646 850 eorum
1659 821 1692 849 ⁸³.
1713 831 1722 848 ι
1739 823 1769 849 In

979 868 1097 896 Jeremia
1112 872 1203 896 autem
1220 870 1254 895 ad
1266 868 1375 896 eosdem
1390 868 1492 895 dicitur
1506 878 1511 895 :
1528 877 1537 893 ε
1553 867 1696 901 Quomodo
1707 876 1771 896 con-

979 923 1058 943 versa
1085 919 1127 942 est
1143 915 1170 941 in
1196 914 1407 941 amaritudinem
1428 914 1492 941 vitis
1516 914 1604 941 aliena
1617 913 1660 940 “?
1676 923 1684 939 ι
1704 912 1770 941 Jure

982 961 1064 996 igitur
1099 960 1145 988 hic
1179 968 1289 995 quoque
1313 963 1509 995 exasperantes
1533 963 1675 987 vocantur.
1700 958 1769 986 Dum

982 1010 1074 1033 autem
1083 1014 1114 1034 ex
1129 1006 1243 1034 adverso
1255 1006 1375 1041 gentium
1387 1009 1415 1032 et
1430 1005 1527 1033 salutis
1542 1012 1636 1032 eorum
1651 1005 1769 1032 mentio—

982 1060 1043 1079 nem
1061 1060 1151 1079 sermo
1166 1051 1242 1084 facit,
1260 1051 1489 1085 comparationem
1514 1050 1629 1080 inducit.
1649 1058 1710 1077 cum
1736 1050 1770 1077 iis

981 1098 1028 1133 qui
1040 1105 1073 1124 ex
1088 1097 1298 1124 circumcisione
1314 1099 1390 1129 sunt,
1405 1095 1499 1123 dicens
1513 1104 1520 1123 :
1535 1105 1544 1121 I
1560 1095 1636 1123 Oculi
1645 1096 1705 1130 ejus
1722 1103 1769 1123 su-

982 1151 1030 1178 per
1044 1146 1138 1178 gentes
1154 1143 1314 1178 respiciunt,
1330 1142 1376 1178 qui
1391 1147 1555 1178 exasperant
1569 1149 1624 1169 non
1644 1142 1766 1170 exalten-

982 1194 1028 1216 tur
1052 1189 1079 1216 in
1104 1189 1269 1223 semetipsis.
1293 1188 1462 1221 Benedicite,
1486 1192 1591 1223 gentes.
1620 1187 1703 1216 Deum
1723 1183 1771 1216 no-

982 1239 1082 1268 strum,
1096 1238 1123 1262 et
1134 1234 1253 1262 auditam
1270 1234 1351 1262 facite
1362 1241 1456 1261 vocem
1469 1234 1557 1262 laudis
1569 1235 1639 1269 ejus.
1657 1244 1666 1260 ι
1681 1233 1770 1261 Evan-

982 1281 1098 1315 gelicum
1115 1287 1176 1308 esse
1192 1279 1326 1315 psalmum
1341 1279 1396 1313 jam
1422 1279 1474 1307 sub
1493 1279 1600 1306 initium
1613 1279 1769 1306 observavi-

982 1334 1061 1355 mus:
1075 1326 1148 1361 quod
1163 1327 1245 1354 etiam
1260 1333 1293 1353 ex
1310 1329 1367 1352 tota
1387 1325 1537 1361 prophetiae
1558 1326 1628 1353 serie
1641 1333 1769 1359 compro-

982 1374 1072 1401 batur.
1098 1372 1165 1400 Nam
1192 1372 1270 1399 initio
1294 1379 1403 1399 omnem
1434 1376 1535 1399 terram
1561 1372 1767 1407 compellabat:

982 1420 1134 1455 deindeque
1148 1419 1226 1455 plura
1249 1419 1362 1451 docens,
1381 1418 1484 1446 clarius
1501 1418 1534 1446 de
1549 1418 1674 1454 gentibus
1699 1418 1769 1445 vati-

982 1467 1091 1494 cinatur
1114 1465 1230 1493 dicens:
1251 1474 1259 1490 ε
1276 1464 1354 1492 Oculi
1374 1465 1434 1500 ejus
1458 1473 1540 1500 super
1566 1468 1660 1499 gentes
1681 1464 1769 1498 respi-

982 1514 1069 1541 ciunt.
1087 1522 1096 1539 ι
1115 1512 1181 1540 Post
1203 1511 1361 1546 hujusmodi
1390 1511 1482 1546 itaque
1505 1510 1656 1538 doctrinam
1676 1517 1770 1537 conse-

982 1563 1098 1595 quenter
1117 1558 1246 1586 omnihus
1271 1558 1410 1594 gentibus,
1428 1560 1522 1591 utpote
1534 1563 1594 1591 qua:
1611 1562 1693 1590 supra
1713 1562 1770 1582 me-

984 1611 1088 1633 morata
1107 1604 1291 1633 edidicerunt.
1306 1607 1333 1630 et
1350 1602 1414 1629 hinc
1436 1602 1580 1629 utilitatem
1595 1604 1682 1628 nactae
1694 1606 1769 1634 sunt,

984 1652 1105 1687 praecipit
1119 1655 1148 1678 ut
1160 1654 1199 1677 tot
1213 1649 1407 1676 miraculorum
1422 1647 1640 1682 terribiliumque
1656 1654 1769 1682 operum

984 1698 1115 1724 artiﬁcem
1135 1696 1306 1724 benedicant.
1339 1704 1348 1720 ι
1365 1694 1530 1727 Benedicile,
1555 1693 1654 1729 inquit.
1676 1698 1771 1729 gentes

984 1743 1068 1771 Deutn
1087 1745 1221 1770 nostrum.
1240 1752 1249 1768 ι
1266 1740 1325 1768 Non
1341 1740 1483 1775 pristinos,
1499 1740 1547 1771 ait,
1563 1743 1682 1772 vestros,
1701 1747 1771 1774 quos

983 1789 1049 1816 deos
1063 1795 1125 1815 esse
1137 1791 1262 1814 errantes
1278 1786 1435 1822 putabatis;
1459 1784 1506 1813 sed
1529 1788 1667 1817 nostrum,
1687 1793 1769 1819 quem

984 1836 1018 1862 ab
1032 1834 1089 1862 avis
1107 1841 1194 1869 usque
1214 1834 1316 1862 nostris
1331 1832 1416 1860 Deum
1442 1831 1632 1865 ascripsimus,
1651 1831 1771 1858 scientes

984 1881 1058 1908 hunc
1079 1887 1172 1908 verum
1194 1887 1255 1907 esse
1279 1878 1374 1905 Deum.
1401 1877 1478 1904 Nunc
1492 1877 1584 1911 igitur,
1614 1876 1721 1903 etiamsi
1744 1876 1771 1903 id

984 1927 1061 1962 prius
1073 1934 1128 1954 non
1144 1925 1275 1956 feceritis,
1290 1932 1338 1952 vos
1349 1931 1458 1958 quoque
1475 1922 1637 1951 benedicite.
1653 1921 1770 1949 Benedi-

984 1977 1077 2000 centes
1093 1975 1182 1999 autem
1195 1974 1222 1999 et
1240 1970 1384 1998 laudantes
1400 1970 1475 1997 illtlm
1492 1973 1521 1996 ut
1535 1969 1624 1996 solum
1636 1975 1728 1995 verum
1744 1973 1771 1995 et

984 2024 1157 2045 communem
1182 2018 1305 2043 omnium
1327 2019 1382 2041 tam
1405 2018 1530 2041 nostrum
1546 2020 1628 2048 quam
1650 2014 1770 2040 νοεῑτυω

985 2063 1080 2095 Deum.
1105 2070 1140 2090 ne
1162 2061 1257 2094 tacite,
1279 2068 1332 2088 neu
1347 2060 1467 2088 demissa
1487 2066 1555 2086 voce
1573 2058 1600 2086 id
1621 2058 1707 2093 agite;
1723 2057 1771 2085 sed

985 2117 1046 2136 cum
1072 2108 1157 2135 multa
1181 2107 1279 2134 ﬁducia
1302 2110 1329 2133 et
1353 2105 1528 2135 conﬁdentia.
1551 2104 1605 2130 alta
1622 2110 1689 2131 voce
1712 2109 1772 2129 ma-

984 2154 1099 2190 gnisque
1124 2152 1290 2179 clamoribus
1321 2150 1450 2183 utimini,
1477 2154 1507 2177 ut
1536 2149 1631 2176 laudes
1656 2155 1670 2175 a
1696 2147 1773 2175 vobis

985 2199 1041 2226 Deo
1065 2198 1173 2226 emissa).
1198 2197 1280 2225 etiam
1299 2196 1333 2224 ab
1357 2196 1495 2223 extraneis
1518 2194 1675 2226 audiantur,
1697 2192 1771 2228 quod

985 2245 1066 2272 etiam
1098 2243 1226 2271 Servator
1259 2242 1302 2269 his
1331 2242 1422 2269 verbis
1455 2240 1631 2268 declarabat:
1667 2238 1772 2272 «Quod

984 2291 1047 2318 dico
1070 2289 1148 2317 vobis
1168 2289 1195 2316 in
1209 2288 1341 2322 tenebris,
1363 2287 1445 2314 dicite
1465 2287 1492 2313 iu
1512 2286 1626 2317 lumine,
1650 2289 1677 2312 et
1699 2285 1772 2319 quod

987 2337 1013 2364 in
1033 2344 1098 2363 aure
1123 2336 1233 2365 auditis,
1261 2333 1405 2370 praadicate
1428 2340 1510 2367 super
1531 2335 1603 2358 tecta
1614 2331 1646 2357 σε.
1663 2340 1672 2356 ι
1704 2329 1772 2357 Huic

987 2384 1070 2419 igitur
1098 2382 1242 2410 sentential
1274 2380 1352 2407 ailine
1380 2379 1433 2405 hoc
1463 2378 1566 2405 dictum
1602 2380 1645 2404 est
1672 2385 1679 2403 :
1709 2386 1718 2402 ε
1739 2375 1772 2402 Et

987 2429 1106 2456 auditam
1133 2428 1214 2455 facite
1238 2434 1330 2454 vocem
1348 2425 1437 2452 laudis
1452 2425 1530 2459 ejus;
1552 2433 1561 2448 ι
1584 2424 1651 2455 sive,
1670 2430 1771 2450 secun-

986 2476 1050 2503 dum
1068 2473 1261 2509 Symmachum
1281 2482 1287 2499 :
1307 2481 1316 2497 ε
1331 2471 1457 2498 Auditum
1473 2470 1555 2497 facite
1569 2477 1662 2496 vocem
1678 2468 1773 2504 hymni

985 2522 1054 2557 ejus.
1076 2530 1085 2546 ι
1107 2520 1197 2547 Mirari
1215 2526 1298 2554 porro
1310 2518 1385 2545 subit
1401 2517 1447 2552 qui
1473 2516 1601 2551 impletus
1617 2515 1662 2542 hic
1681 2523 1773 2543 sermo

987 2565 1079 2596 fuerit,
1093 2563 1201 2599 quando
1216 2571 1264 2598 per
1281 2564 1439 2590 universum
1455 2562 1560 2593 orbem,
1575 2561 1601 2588 in
1612 2561 1709 2588 mediis
1725 2569 1773 2588 ur—

989 2612 1078 2642 bibus,
1097 2611 1124 2637 in
1137 2610 1220 2643 vicis,
1237 2609 1264 2636 in
1286 2609 1359 2644 agris
1383 2616 1431 2643 per
1454 2607 1596 2635 universas
1618 2607 1664 2634 Dei
1679 2606 1774 2634 Eccle-

991 2658 1057 2690 sias,
1073 2656 1177 2684 Christi
1192 2655 1286 2691 populi
1307 2663 1341 2682 ex
1362 2654 1500 2682 universis
1517 2654 1642 2689 gentibus
1663 2652 1772 2685 delecti,

991 2704 1107 2739 hymnos
1118 2708 1145 2729 et
1163 2701 1293 2736 psalmos,
1311 2708 1365 2727 non
1378 2700 1475 2735 patriis
1492 2700 1546 2728 diis
1557 2719 1565 2731 ,
1587 2707 1640 2726 non
1659 2697 1706 2725 Dei
1721 2697 1776 2724 ini-

991 2749 1069 2777 micis
1080 2748 1268 2781 dzemonibus;
1284 2747 1332 2775 sed
1345 2747 1392 2773 uni
1412 2745 1467 2774 Deo
1490 2754 1506 2773 a
1523 2744 1661 2781 prophetis
1679 2743 1776 2779 praedi-

992 2800 1064 2829 cato,
1079 2796 1134 2822 alta
1150 2795 1278 2823 emittunt
1293 2801 1369 2826 voce,
1384 2793 1421 2820 ita
1441 2797 1471 2820 ut
1484 2792 1657 2828 psallentium
1667 2798 1718 2818 vox
1732 2799 1775 2833 vel

1101 2887 1122 2903 "
1140 2886 1207 2914 Ibid.
1236 2885 1279 2913 45.
1319 2886 1340 2901 ⁸³
1355 2885 1433 2912 Deut.
1455 2882 1597 2915 xxxn,32.
1637 2882 1658 2897 θ’
1674 2880 1777 2908 Ιοτθιιι-
1815 2898 1823 2911 ς
