2041 3215
289 179 339 207 659

289 239 322 268 ab
343 239 378 267 iis
397 239 444 274 qui
467 238 533 266 foris
552 239 707 267 consistunt
731 240 877 273 audiatur;
895 244 923 266 ut
951 248 1069 275 prmsens

289 293 377 314 sermo
401 293 482 320 opere
507 285 698 320 compleatur:
720 295 727 309 ι
748 285 923 318 Benedicite,
953 291 1046 321 gentes
1061 307 1068 318 ,

288 331 372 359 Deum
393 335 537 363 nostrum,
559 335 586 358 et
605 330 725 358 auditam
757 331 838 359 facite
865 339 959 359 vocem
984 332 1071 360 laudis

288 377 355 412 ejus.
376 386 385 403 ι
401 377 518 404 Additur
529 380 623 412 postea
639 386 644 404 :
663 385 671 402 ι
687 376 738 409 Qui
748 377 838 411 posuit
854 377 971 403 animam
985 385 1072 404 meam

288 422 318 449 ad
348 423 450 454 vitam,
468 425 496 449 et
521 430 575 449 non
599 421 673 449 dedit
700 422 727 449 in
754 422 963 450 commotionem
989 422 1072 457 pedes

287 475 370 495 meos.
395 478 403 493 ι
424 467 478 494 Pro
495 467 542 497 illo
556 471 660 498 autem,
679 477 688 492 ‹
708 467 829 494 animam
841 475 940 500 meam,
953 468 1070 495 animam

288 518 421 546 nostram,
444 523 453 539 ι
478 513 575 547 reliqui
607 521 702 541 omnes
727 513 889 548 interpretes
907 513 1070 542 ediderunt:

288 565 319 585 ac
335 565 444 586 rursum
460 566 509 593 pro
522 558 577 592 illo,
596 567 605 583 ι
627 558 709 593 pedes
725 566 812 591 meos,
836 559 920 594 pedes
930 564 1040 587 nostros
1060 570 1070 586 ι

288 605 351 631 item
365 611 460 631 omnes
477 605 646 639 interpretati
664 609 737 632 sunt.
753 604 813 632 Non
829 609 950 637 tantum,
968 605 1071 640 inquit,

289 656 338 683 pro
352 649 474 683 antiquis
491 649 545 677 illis
567 649 613 676 Dei
639 650 779 684 operibus,
795 658 856 685 qum
879 658 962 686 supra
979 651 1072 680 decla-

290 699 348 722 rata
366 700 441 727 sunt,
460 696 590 731 hymnum
611 696 663 730 ipsi
681 700 706 723 et
723 697 818 725 laudes
832 698 963 731 emittite;
980 698 1027 726 sed
1038 699 1073 726 ob

288 740 419 768 beneﬁcia
445 741 525 769 nobis
548 741 624 776 ipsis,
641 742 687 777 qui
709 742 775 769 talia
798 743 946 778 loquimur,
964 745 1071 772 collata.

288 786 511 822 Quandoquidem
531 788 603 816 enim
620 788 702 823 pedes
720 793 839 821 nostros,
859 790 937 817 valde
959 799 1073 818 curren-

288 835 341 864 tes.
367 837 459 868 ulpote
476 833 522 868 qui
544 834 622 861 vobis
649 835 777 863 omnibus
801 836 927 871 gentibus
953 837 1073 865 salutare

289 877 463 914 Evangelium
492 879 684 914 praedicemus,
713 881 888 915 cunfortavit,
907 887 934 910 et
957 883 985 910 in
1011 884 1073 911 vitae,

655 179 792 207 hUSEBli
809 179 1050 207 CESARIENSIS
1067 180 1139 208 OPP.
1161 181 1251 208 PARS
1272 181 1315 207 ΙΙΙ.
1335 194 1370 200 -
1385 178 1591 207 EXEGE’I'ICA.

1859 180 1906 206 660

1084 249 1172 284 Ava
1205 241 1258 267 τῶν
1290 239 1374 267 ἐθνῶν
1404 238 1615 273 συνειλεγμένοι,
1643 237 1705 268 τοὺς
1732 237 1833 272 ὒμνους
1864 240 1906 264 καὶ

1123 287 1171 318 τὰς
1198 286 1366 322 ψαλμῳδίας,
1381 286 1430 312 οὐκ
1452 286 1498 311 ἐπὶ
1512 286 1566 316 τοῖς
1592 283 1728 319 πατρῴοις
1751 283 1832 316 θεοῖς,
1851 284 1907 311 οὑδὲ

1123 335 1178 365 τοῖς
1206 333 1349 368 θεομάχοις
1374 331 1492 367 δαίμοσι,
1509 331 1582 366 μόνῳ
1591 330 1619 357 δὲ
1630 329 1668 365 τῷ
1682 329 1756 365 παρὰ
1772 330 1829 362 τοῖς
1847 338 1907 364 προ-

1123 381 1222 415 φήταις
1252 378 1452 413 θεολογουμένῳ
1478 377 1548 414 μετὰ
1572 376 1692 412 μεγάλης
1720 375 1907 411 ἀναπέμπουσι

1124 427 1198 461 βοῆς,
1210 426 1248 457 ὼς
1263 426 1311 452 καὶ
1322 427 1377 458 τοῖς
1390 425 1467 456 ἐκτὸς
1480 424 1592 450 ἑστῶσιν
1605 423 1766 456 ἐξάκουστον
1777 419 1848 448 εἶναι
1857 420 1910 448 τῶν

1122 472 1276 506 ψαλλόντων
1300 471 1348 507 τὴν
1374 471 1480 506 φωνήν·
1498 470 1571 506 ἔργῳ
1586 469 1773 504 πληρουμένου
1799 468 1846 495 τοῦ
1861 468 1912 503 φά-

1124 527 1233 548 σκοντος
1249 517 1366 544 ἐνταῦθα
1382 517 1486 551 λογίου·
1505 527 1512 542 ι
1530 516 1684 550 Εὑλογείτε,
1699 514 1773 550 ἔθνη,
1785 515 1832 542 τὸν
1846 515 1912 542 Θεὸν

1106 576 1110 580 ~
1124 563 1212 599 ἡμῶν,
1229 563 1275 590 καὶ
1291 563 1450 589 ἀκουτὶσατε
1472 562 1521 598 τὴν
1546 561 1637 595 φωνὴν
1654 560 1703 595 τῆς
1723 560 1851 590 αἰνέσεως
1865 559 1913 587 αὺ-

1123 609 1180 635 τοῦ.
1197 619 1205 634 ι
1226 606 1282 635 Εἴθ’
1297 608 1360 644 ἑξῆς
1374 608 1519 643 συνῆπται·
1542 616 1550 632 ι
1566 605 1619 633 Τοῦ
1635 605 1748 640 θεμένου
1762 605 1811 640 τὴν
1825 605 1913 641 ψυχην

1126 663 1176 689 μου
1197 655 1237 686 εἰς
1262 653 1345 689 ζωὴν,
1359 654 1406 680 καὶ
1425 653 1462 689 μὴ
1475 653 1565 684 δόντος
1586 653 1625 684 εις
1645 651 1724 678 σάλον
1746 652 1808 683 τοὺς
1831 651 1913 683 πόδας

1126 709 1201 735 μου.»
1213 700 1284 726 Ἀντὶ
1295 699 1323 726 δὲ
1335 699 1392 732 τοῦ,
1405 709 1413 725 ε
1423 699 1473 734 τὴν
1479 699 1568 734 ψυχήν
1578 697 1695 734 μου,τὴν
1706 697 1794 733 ψυχὴν
1806 697 1911 732 ἡμῶν.»

1123 745 1147 770 οἱ
1161 745 1248 771 λοιποὶ
1265 745 1364 775 πάντες
1380 744 1544 780 έρμηνευταὶ
1561 742 1739 770 ὲκδεδώκασι⁴
1769 742 1816 769 καὶ
1833 742 1914 770 πὰδξν

1124 791 1193 822 ἀντὶ,
1213 801 1222 816 ι
1232 791 1295 822 τοὺς
1306 790 1387 821 πόδας
1397 799 1457 826 μου,
1474 790 1536 821 τοὺς
1551 789 1633 820 πόδας
1650 789 1666 824 ἡ
1671 789 1738 824 μῶν,
1749 797 1758 814 ι
1778 788 1880 824 ὁμοίως
1890 789 1914 815 οἱ

1125 838 1224 869 πάντες
1242 838 1429 873 ἡρμήνευσαν.
1447 836 1492 872 Μὴ
1506 835 1560 871 γὰρ
1577 836 1622 862 ἐπὶ
1635 837 1691 867 τοῖς
1708 835 1845 867 παλαιοῖς,
1861 843 1914 870 φη-

1126 885 1162 916 σὶ,
1180 884 1269 919 μόνοις
1286 883 1377 919 ἔργοις
1390 882 1437 909 τοῦ
1452 881 1529 913 Θεοῦ,
1544 881 1561 908 ἃ
1571 881 1614 908 διὰ
1623 881 1678 907 τῶν
1689 880 1843 917 ἔμπροσθεν
1855 881 1915 916 san.

288 923 406 957 deﬂuxu,
435 925 529 953 obices
551 933 692 959 amovens,
721 928 840 954 servavit
869 929 1072 963 inconcussas;

1124 930 1212 961 λοῡτο,
1232 930 1277 956 τὸν
1292 929 1375 965 ὕμνον
1386 928 1460 964 αὐτῷ
1473 928 1520 954 καὶ
1534 927 1583 959 τὰς
1598 927 1713 959 αἰνέσεις
1728 927 1914 962 ἀναπέμπη-

288 970 435 1005 multisque
454 971 554 999 anima
580 977 682 1000 nostra:
704 974 909 1008 insidiantibus,
931 976 990 1010 ipse
1013 977 1073 1010 ejus

289 1019 414 1043 servator
430 1020 458 1044 et
468 1023 562 1047 custos
579 1017 630 1045 fuit
645 1027 652 1045 :
670 1026 766 1046 eorum
792 1019 884 1055 itaque
901 1021 987 1055 gratia
1004 1030 1013 1045 σ
1028 1021 1074 1049 be-

287 1061 414 1094 nedicite,
426 1067 532 1097 gentes,
548 1063 634 1091 Deum
648 1069 786 1100 nostrum,
800 1070 827 1094 et
846 1067 967 1095 auditam
992 1067 1074 1102 facite

287 1114 380 1135 vocem
395 1108 482 1137 laudis
498 1109 569 1144 ejus.
589 1119 598 1136 ›
616 1109 678 1138 Haec
694 1119 777 1146 porro
792 1120 824 1140 ex
839 1121 958 1148 persona
971 1122 1074 1149 praeco-

287 1162 352 1184 num
379 1155 516 1191 Evangelii
539 1157 685 1185 manifeste
708 1159 837 1193 praedicta
855 1165 929 1193 sunt,
955 1169 1072 1196 quorum

289 1210 397 1230 cursum
411 1203 564 1238 pedumque
581 1203 708 1232 virtutem
727 1205 822 1238 Isaias,
835 1206 891 1234 imo
902 1208 992 1242 potius
1011 1207 1072 1243 Spi-

289 1248 358 1275 ritus
384 1253 496 1276 sanctus
524 1257 572 1284 per
597 1249 686 1284 ipsum
710 1251 865 1283 declarans,
896 1253 1074 1281 mirabundus

289 1293 457 1321 acclamabat
476 1304 482 1322 :
501 1304 510 1320 I
529 1294 616 1327 Quam
639 1296 754 1331 speciosi
782 1297 865 1332 pedes
886 1299 1074 1334 evangelizan-

289 1339 354 1366 tium
379 1339 460 1372 bona,
474 1341 720 1375 evangelizantium
737 1350 832 1378 pacem
844 1344 866 1359 ⁶⁶
880 1345 886 1370 !
904 1354 912 1370 ι
939 1343 1073 1378 Quoniam

288 1385 371 1420 igitur
392 1386 486 1414 multis
513 1386 653 1415 laboribus
666 1388 811 1423 perfuncti,
826 1393 853 1417 et
873 1390 907 1417 ab
926 1391 1074 1419 incredulis

288 1431 414 1466 gentibus
435 1433 607 1461 vexationem
621 1453 629 1465 .
653 1435 772 1467 vincula,
796 1443 922 1464 carceres
946 1442 973 1464 et
995 1445 1075 1465 omne

288 1477 449 1504 insidiarum
471 1487 557 1513 genus
578 1481 711 1515 perpessi,
740 1481 925 1511 innuutabiles
948 1491 1074 1518 perman-

288 1530 362 1554 sere;
378 1523 441 1558 jure
455 1532 517 1551 eum
533 1525 579 1559 qui
600 1526 668 1560 ipsis
688 1526 761 1554 vires
781 1527 934 1560 addiderat,
952 1529 998 1564 qui
1016 1530 1075 1556 ani-

288 1576 359 1595 mam
373 1569 494 1603 ipsorum
509 1570 542 1597 ad
557 1571 640 1598 vitam
661 1574 840 1605 custodierat,
857 1579 886 1601 ut
901 1583 935 1602 ne
959 1575 985 1602 in
1011 1583 1074 1609 pec-

288 1615 341 1641 cati
358 1619 473 1642 mortem
489 1616 643 1651 laberetur;
661 1618 706 1653 qui
723 1619 806 1653 pedes
819 1620 912 1648 ﬁrmos
923 1624 1072 1652 statuerat,

290 1669 323 1688 ne
337 1662 558 1695 commotionem,
575 1671 627 1690 neu
643 1664 749 1699 lapsum
773 1665 814 1692 vel
831 1665 937 1693 ruinam
952 1671 1078 1701 pateren-

290 1711 345 1738 tur,
361 1714 456 1735 omnes
481 1712 576 1743 gentes
596 1709 757 1737 benedicere
772 1710 881 1745 jubent,
905 1715 932 1739 et
955 1712 1076 1740 auditam

291 1752 380 1780 facere
398 1760 491 1780 vocem
513 1754 601 1782 laudis
616 1755 696 1789 ejus;
713 1763 767 1783 non
783 1760 887 1784 tantum
905 1765 954 1793 pro
967 1758 1076 1785 mirabi-

291 1798 363 1826 libus
393 1799 617 1836 terribilibltsque
642 1801 696 1830 illis
720 1802 842 1838 antiquis
865 1804 1012 1840 operibus;
1028 1804 1075 1832 sed

289 1846 371 1873 etiam
386 1854 435 1881 pro
452 1848 609 1876 recentibus
624 1848 763 1877 beneﬁciis
773 1870 780 1882 ,
799 1850 877 1885 queis
896 1850 1015 1877 animam
1029 1858 1076 1878 eo-

291 1901 350 1920 rum
364 1894 410 1929 qui
424 1895 487 1922 talia
503 1895 682 1930 loquerentur
703 1896 736 1923 ad
756 1897 840 1924 vitam
860 1897 969 1932 posuit,
988 1905 1076 1932 neque

289 1939 361 1967 dedit
372 1939 398 1966 in
415 1941 624 1969 commotionem
638 1942 722 1977 pedes
733 1942 864 1977 ipsorum.
876 1941 966 1976 Quare
977 1950 1076 1970 secun-

289 1984 353 2011 dum
368 1983 561 2019 Symmachum
576 1986 717 2020 pluraliter
730 1986 832 2014 dicitur
845 1997 852 2015 :
872 1997 880 2013 ι
893 1987 945 2021 Qui
962 1988 1074 2016 ordina-

290 2031 329 2056 vit
350 2031 467 2059 animam
486 2037 609 2060 nostram
632 2033 666 2060 ad
693 2033 789 2067 vitam,
816 2039 843 2062 et
863 2042 918 2062 non
931 2034 1006 2062 dedit
1022 2035 1075 2062 labi

290 2076 373 2110 pedes
390 2085 437 2105 nos
442 2081 508 2106 tros.
531 2088 540 2104 ι

1124 976 1190 1003 ἀλλὰ
1208 977 1253 1002 καὶ
1268 976 1312 1002 διὰ
1326 976 1374 1007 τὰς
1390 976 1429 1007 εἰς
1445 975 1520 1010 ἡμᾶς
1537 974 1634 1006 αὐτοὺς
1649 975 1710 1005 τοὺς
1724 973 1811 1000 ταῦτα
1821 973 1915 1008 λέγον-

1123 1031 1172 1053 τας
1188 1021 1356 1056 εὐεργεσίας.
1367 1019 1475 1055 Ἐπειδὴ
1497 1019 1551 1054 γὰρ
1566 1019 1628 1051 τοὺς
1643 1018 1793 1054 ἡμετέρους
1820 1018 1914 1050 πόδας,

1123 1067 1208 1094 πολλὰ
1224 1067 1387 1103 δραμόντας,
1404 1066 1473 1093 ὥστε
1487 1067 1568 1093 πᾶσιν
1578 1066 1642 1100 ὑμῖν
1657 1066 1713 1096 τοῖς
1728 1064 1816 1091 ἔθνεσι
1830 1063 1915 1100 κηρύ-

1124 1112 1167 1145 ξαι
1180 1112 1210 1139 τὸ
1225 1112 1356 1147 σωτήριον
1373 1111 1547 1145 Εὑαγγέλιον,
1560 1110 1743 1145 ὲδυνάμωσεν,
1755 1108 1875 1144 ὲφύλαξέ
1886 1117 1915 1136 τε

1124 1157 1319 1193 ἁδιατρέπτους
1336 1158 1365 1183 ὲν
1379 1158 1434 1188 τοῖς
1456 1156 1503 1183 τοῦ
1522 1156 1579 1192 βίου
1597 1155 1715 1192 ῥεύμασι
1738 1155 1773 1182 τὰ
1789 1153 1916 1191 ἐμποδὼν

1124 1203 1272 1239 κωλύματα
1292 1202 1438 1238 περιελών·
1462 1202 1567 1229 πολλῶν
1588 1210 1617 1228 τε
1633 1203 1664 1237 τῇ
1678 1201 1750 1237 ψυχῇ
1763 1201 1845 1237 ἡμῶν
1859 1203 1915 1228 ἐπι-

1124 1249 1314 1281 ϐουλευόντων,
1326 1249 1406 1280 αὐτὸς
1417 1248 1519 1284 ταύτης
1534 1247 1625 1284 σωτὴρ
1640 1248 1686 1274 καὶ
1698 1247 1784 1282 φύλαξ
1796 1247 1914 1282 ἐγένετο·

1125 1295 1280 1322 καὶτούτων
1305 1294 1392 1320 αὐτῶν
1411 1295 1491 1320 ἕνεκα
1511 1303 1519 1319 ι
1545 1293 1690 1327 εὐλογεῖτε,
1708 1293 1836 1328 ἔθνη,τὺν
1850 1293 1914 1320 Θεδν

1124 1343 1139 1377 ἡ
1145 1341 1212 1377 μῶν,
1227 1341 1274 1367 καὶ
1298 1340 1458 1367 ἀκουτίσατε
1479 1340 1528 1376 τὴν
1553 1339 1645 1374 φωνὴν
1661 1339 1711 1374 τῆς
1724 1339 1856 1370 αἰνέσεως
1871 1339 1912 1366 αὖ·

1125 1387 1180 1414 τοῦ.
1199 1397 1208 1412 ›
1225 1386 1316 1413 Ταῦτα
1330 1386 1357 1412 δὲ
1371 1386 1498 1422 ἄντικρυς
1510 1387 1542 1412 ὲκ
1556 1385 1704 1421 προσώπου
1717 1385 1770 1411 τῶν
1785 1384 1912 1420 κηρύκων.

1124 1434 1170 1460 τοῦ
1186 1433 1351 1468 Εὑαγγελίου
1375 1433 1601 1468 προανεφωνεῖτο,
1614 1428 1651 1458 ῶν
1675 1430 1722 1457 τδν
1747 1430 1849 1466 δρόμον
1869 1431 1912 1458 καὶ

1124 1480 1177 1506 τῶν
1192 1479 1279 1506 ποδῶν
1289 1479 1338 1514 τὴν
1349 1479 1450 1514 ἀρετὴν
1470 1478 1596 1509 Ἡσαΐας,
1612 1477 1711 1513 μᾶλλον
1722 1477 1750 1504 δὲ
1760 1477 1791 1503 τὸ
1803 1477 1911 1512 Πνεῦμα

1125 1527 1154 1552 τὸ
1169 1525 1246 1560 ἅγιον
1259 1525 1292 1551 δι’
1304 1525 1385 1551 αὐτοῦ
1402 1524 1596 1560 ἁποθαυμάζον
1608 1523 1672 1550 ὲὸόα
1681 1532 1688 1538 ·
1703 1532 1711 1548 ι
1724 1523 1767 1554 Ὦς
1779 1522 1876 1558 ὡραῖοι
1890 1523 1912 1548 οἶ

1127 1573 1206 1603 πόδες
1223 1572 1277 1599 τῶν
1296 1570 1546 1606 εὐαγγελιζομένων
1560 1569 1660 1604 ἀγαθὰ,
1678 1568 1731 1595 τῶν
1744 1566 1906 1602 εὐαγγελιξο

1128 1619 1213 1654 μένων
1231 1619 1358 1655 εἰρήνηνῐ
1380 1628 1388 1644 ι
1408 1619 1484 1644 Ἐπει
1507 1616 1607 1647 τοίνυν,
1625 1615 1709 1642 πολλὰ
1731 1614 1911 1650 κεκμηκότες.

1127 1667 1173 1692 καὶ
1193 1666 1254 1698 τοὺς
1272 1667 1303 1692 ὲκ
1327 1665 1382 1692 τῶν
1397 1665 1519 1691 ἀπίστων
1536 1662 1620 1690 ἐθνῶν
1640 1661 1776 1697 διωγμοὺς
1801 1660 1907 1696 ὑπομει

1125 1721 1228 1744 ναντες,
1240 1712 1327 1747 δεσμά
1342 1720 1372 1738 τε
1392 1712 1439 1738 καὶ
1459 1710 1582 1745 φυλακὰς
1595 1709 1642 1736 καὶ
1655 1708 1785 1739 παντοίας
1803 1707 1904 1734 ὲπιῦου

1125 1758 1182 1789 λὰς,
1200 1757 1372 1793 ἀδιάτρεπτοι
1387 1756 1570 1792 μεμενήκασιν
1582 1764 1589 1770 ·
1603 1754 1716 1785 εἰκότως
1728 1753 1775 1780 τὸν
1790 1751 1911 1788 δυναμώ-

1127 1812 1210 1830 σαντα
1220 1803 1327 1834 αὐτοὺς,
1338 1803 1385 1829 καὶ
1396 1802 1445 1838 τὴν
1460 1802 1508 1837 μὲν
1518 1801 1606 1838 ψυχὴν
1619 1803 1657 1834 εἰς
1668 1801 1739 1836 ζωὴν
1749 1800 1912 1835 φυλάξαντα,

1125 1849 1162 1880 ὡς
1188 1848 1224 1883 μὴ
1249 1848 1374 1874 ἐκπεσεῖν
1397 1846 1483 1882 αὐτὴν
1497 1847 1537 1878 εἰς
1552 1846 1598 1873 τὸν
1618 1846 1666 1882 τῆς
1681 1846 1819 1882 ἁμαρτίας
1834 1845 1911 1872 θάνα-

1124 1903 1179 1926 τον,
1198 1894 1261 1925 τοὺς
1277 1894 1305 1920 δὲ
1321 1894 1404 1925 πόδας
1423 1893 1512 1920 αὐτῶν
1535 1893 1664 1928 στερροὺς
1687 1891 1912 1928 ἀπεργασάμενοι

1126 1941 1192 1975 πρὸς
1207 1940 1237 1966 τὸ
1254 1939 1290 1974 μὴ
1304 1939 1383 1966 σάλον
1398 1939 1552 1974 ὑπομεῖναι,
1573 1939 1639 1974 μηδὲ
1661 1938 1766 1965 ὄλισθον
1780 1938 1829 1964 καὶ
1844 1937 1913 1964 πτῶ-

1126 1995 1177 2018 σιν,
1190 1985 1308 2020 εὐλογεῖν
1326 1987 1393 2012 πᾶσι
1409 1987 1465 2017 τοῖς
1485 1986 1573 2012 ἔθνεσι
1596 1984 1841 2020 παρακελεύονται,
1855 1983 1913 2017 tad-

1125 2033 1236 2059 κουστόν
1256 2041 1287 2066 γε
1313 2033 1399 2058 ποιεῖν
1424 2031 1471 2067 τὴν
1497 2032 1589 2067 φωνὴν
1605 2031 1655 2066 τῆς
1672 2031 1802 2062 αἰνέσεως
1822 2029 1914 2062 αὑτοῦ,

1124 2080 1173 2105 οὐκ
1195 2078 1241 2105 ἐπὶ
1267 2079 1356 2113 μόνοις
1381 2079 1436 2110 τοῖς
1461 2077 1586 2108 παλαιοῖς
1598 2077 1680 2104 αὐτοῦ
1694 2076 1856 2112 παραδόξοις
1870 2077 1918 2104 καὶ

290 2126 414 2162 φοϐεροῖς
426 2126 524 2162 ἔργοις,
542 2126 609 2153 ἀλλὰ
621 2128 667 2154 καὶ
684 2127 729 2154 ἐπὶ
744 2128 800 2159 τοῖς
814 2127 883 2158 νέοις
896 2127 1018 2162 ἀγαθοῖς,
1033 2127 1076 2162 ἐφ’
1095 2124 1134 2158 οἷς
1166 2126 1214 2161 τὴν
1231 2125 1318 2160 ψυχὴν
1350 2125 1404 2152 τῶν
1420 2124 1507 2151 ταῦτα
1519 2124 1650 2159 λεγόντων
1672 2124 1749 2151 ἔθετο
1770 2125 1810 2156 είς
1832 2124 1916 2160 ζωὴν,

291 2175 328 2210 μὴ
349 2174 409 2206 δοὺς
435 2175 474 2206 εις
499 2175 577 2202 σάλον
609 2175 672 2207 τοὺς
704 2175 787 2207 πόδας
801 2175 900 2202 αὐτῶν.
918 2175 963 2202 Διδ
979 2175 1049 2202 κατὰ
1062 2175 1107 2201 τὸν
1127 2174 1272 2209 Σύμμαχον
1287 2172 1475 2208 πληθυντικῶς
1492 2172 1609 2208 εἴρηται·
1632 2181 1642 2197 ‹
1656 2171 1709 2198 Τοῦ
1724 2170 1857 2205 τάξαντος
1868 2171 1917 2207 τὴν

289 2220 376 2257 ψυχὴν
392 2222 408 2255 ὴ
413 2221 470 2256 μῶν
484 2221 524 2252 εἰς
538 2219 619 2256 ζωὴν,
633 2222 680 2248 καὶ
695 2221 732 2257 μὴ
748 2221 838 2253 δόντος
862 2221 995 2257 σφαλῆναι
1009 2222 1072 2253 τοὺς
1093 2221 1175 2252 πόδας
1189 2220 1275 2255 ἡμῶν.

325 2277 407 2306 Vens.
425 2278 520 2305 10-15.
538 2287 547 2303 ‹
563 2278 696 2311 Quoniam
711 2279 831 2314 probasti
846 2287 905 2313 nos,
920 2279 1000 2313 Deus,
1013 2281 1072 2314 igne

1164 2289 1171 2303 ι
1180 2278 1240 2304 Ὅτι
1252 2277 1413 2311 ἐδοκίμασας
1422 2275 1506 2310 ἡμᾶς,
1517 2275 1530 2301 ὁ
1541 2274 1616 2306 Θεὸς,
1625 2274 1771 2309 ὲπύρωσας
1782 2272 1869 2309 ἡμᾶς,
1879 2273 1915 2304 ὡς

289 2332 340 2352 nos
363 2325 525 2352 examinasti
539 2345 546 2355 .
563 2325 635 2352 sicut
652 2325 824 2352 examinatur
838 2329 991 2360 argentum.
1012 2335 1021 2352 ι
1041 2325 1073 2352 Et

289 2371 347 2398 haec
361 2375 561 2406 consequenter
575 2371 607 2398 ad
623 2371 766 2406 superiora
781 2371 853 2398 dicta
869 2376 943 2399 sunt.
960 2371 1073 2406 Oporte-

289 2418 335 2444 bat
347 2418 419 2445 enim
434 2417 543 2446 edoceri
560 2425 612 2444 nos
627 2425 681 2452 quo
702 2423 781 2453 pacto
808 2417 880 2446 Deus
899 2418 1021 2453 posuerit
1039 2419 1072 2445 ad

289 2463 370 2490 vitam
386 2464 503 2491 animam
516 2471 610 2492 eorum
626 2464 672 2498 qui
685 2464 741 2491 haec
752 2463 885 2497 dicerent,
899 2468 925 2491 et
937 2463 1073 2499 quomodo

290 2509 371 2545 pedes
386 2517 479 2537 eorum
506 2518 560 2537 non
585 2509 691 2538 dederit
713 2511 741 2537 in
766 2510 986 2538 commotionem.
1004 2509 1071 2537 Nam

289 2555 354 2590 quid
371 2555 549 2588 admiserant,
566 2561 597 2583 ut
614 2565 668 2584 non
684 2564 809 2591 corpore,
829 2557 877 2585 sed
893 2557 983 2584 anima
998 2557 1072 2592 peri-

289 2602 342 2629 turi
357 2607 463 2634 essent,
476 2606 503 2629 et
518 2610 571 2637 qua
588 2602 622 2630 de
638 2610 722 2630 causa
736 2603 763 2630 in
778 2607 883 2630 tantum
901 2603 1012 2638 periculi
1026 2603 1073 2629 de-

289 2652 428 2680 venerant,
451 2653 481 2676 ut
501 2649 584 2683 pedes
603 2657 697 2677 eorum
719 2649 908 2677 commovendi
925 2653 1028 2679 essent,
1046 2649 1072 2675 id

288 2695 445 2731 singulatim
468 2700 609 2728 enarrant,
632 2704 685 2724 una
707 2695 761 2724 Deo
782 2697 885 2732 gratias
899 2700 1020 2731 agentes.
1044 2700 1070 2722 et

288 2749 380 2768 eorum
400 2749 460 2776 quae
479 2741 554 2776 passi
577 2741 684 2769 fuerant
700 2742 824 2769 notitiam
838 2742 989 2777 praebentes
1011 2740 1070 2767 Pri-

288 2794 331 2812 mo
344 2787 427 2822 igitur
441 2787 527 2820 aiunt,
542 2797 551 2813 ι
564 2787 687 2815 Probasti
701 2796 761 2820 nos,
778 2787 858 2816 Deus.
872 2797 882 2814 ι
896 2786 1072 2823 thuomodo

290 2833 433 2866 probasti?
452 2832 480 2859 ld
495 2834 632 2868 explicant
648 2835 768 2861 dicentes
786 2844 791 2862 :
812 2844 821 2860 ι
841 2834 903 2871 Igne
933 2841 984 2862 nos
1009 2841 1072 2862 exa-

326 2911 347 2927 ‘5
361 2911 411 2940 lsa.
429 2919 478 2940 ιιι.
496 2911 524 2941 7.

1128 2324 1260 2360 πυροῦται
1274 2323 1303 2349 τὸ
1321 2322 1461 2358 ἀργύριον.
1479 2332 1487 2347 ι
1506 2322 1560 2348 Καὶ
1576 2321 1662 2348 ταῦτα
1675 2319 1831 2352 ἀκολούθως
1842 2320 1915 2356 εἴρη-

1126 2380 1170 2398 ται
1182 2372 1236 2402 τοῖς
1246 2369 1408 2405 ἔμπροσθεν.
1418 2368 1515 2404 Ἐχρῆν
1528 2367 1581 2403 γὰρ
1594 2368 1667 2403 ἡμᾶς
1677 2366 1845 2402 διδαχθῆναι,
1857 2365 1914 2398 πῶς

1124 2419 1137 2444 ό
1151 2417 1216 2447 Θεὸς
1230 2416 1279 2451 τὴν
1295 2415 1383 2450 ψυχὴν
1399 2414 1474 2441 ἔθετο
1485 2415 1525 2445 εις
1537 2413 1609 2450 ζωὴν
1627 2413 1680 2440 τῶν
1694 2412 1781 2440 ταῦτα
1797 2412 1914 2447 φασκόν-

1125 2473 1187 2495 των,
1204 2464 1250 2490 καὶ
1264 2463 1320 2494 πῶς
1330 2463 1392 2494 τοὺς
1404 2461 1486 2493 πόδας
1498 2461 1587 2488 αὐτῶν
1601 2461 1631 2487 ού
1648 2460 1805 2496 παρέδωκεν
1820 2460 1861 2491 εἰς
1873 2459 1913 2486 σά·

1126 2511 1181 2538 λυν.
1198 2511 1229 2537 Τί
1242 2510 1296 2545 γὰρ
1311 2510 1442 2541 παθόντες
1460 2509 1575 2544 ἦμελλον
1589 2509 1620 2535 οὐ
1635 2509 1667 2535 τὸ
1687 2508 1777 2544 σῶμα,
1790 2507 1851 2535 ἀλλ’
1865 2508 1911 2534 ai:-

1126 2558 1173 2593 τὴν
1187 2557 1235 2592 τὴν
1251 2556 1338 2591 ψυχὴν
1351 2555 1508 2586 ἀπολλύναι,
1524 2555 1596 2586 τίνος
1613 2555 1641 2581 δὲ
1656 2554 1804 2590 γενομένου
1815 2556 1857 2587 εἰς
1869 2563 1910 2581 το-

1125 2605 1217 2631 σοῦτον
1234 2604 1337 2639 ἤλασαν
1352 2602 1485 2633 κινδύνου,
1499 2601 1536 2633 ὡς
1559 2602 1620 2632 τοὺς
1638 2600 1720 2632 πόδας
1745 2601 1855 2636 μέλλειν
1868 2609 1909 2627 σα-

1122 2649 1258 2679 λεύεσθαι.
1284 2648 1353 2675 κατὰ
1377 2647 1458 2683 μέρος
1481 2647 1672 2682 διεξέρχονται,
1688 2646 1908 2682 εὐχαριστοῦντες

1124 2696 1183 2731 ἅμα.
1196 2694 1234 2721 τῶ
1251 2693 1319 2728 Θεῷ,
1334 2693 1380 2720 καὶ
1396 2691 1567 2719 διδασκαλίαν
1584 2691 1741 2727 ποιούμενοι
1755 2689 1794 2719 ὢν
1807 2692 1907 2727 ὑπομε-

1127 2743 1268 2776 μενὴκααι.
1286 2736 1449 2775 Πρῶτονοῦν
1465 2746 1560 2773 φασιν·
1579 2747 1588 2764 ι
1599 2738 1780 2774 Ἐδοκιμασας
1798 2738 1881 2774 ὑμᾶς,
1893 2737 1907 2763 ὁ

1126 2787 1200 2818 Θεός.
1221 2796 1229 2809 ι
1247 2786 1302 2813 Καὶ
1327 2785 1384 2817 πῶς
1403 2784 1581 2820 ὲδοκίμασαςς
1602 2783 1796 2820 Ἑρμηνεύουσι
1817 2783 1905 2818 λέγον-

1125 2842 1168 2866 τες
1179 2842 1185 2849 ι
1204 2842 1212 2859 ι
1225 2832 1289 2859 ‘Emi
1296 2840 1383 2868 ρωσας
1397 2832 1480 2867 ἡμᾶς,
1495 2831 1532 2863 ὼς
1548 2830 1678 2866 πυροῦται
1693 2830 1723 2858 τὺ
1738 2830 1876 2867 ἀργύριον.
1893 2837 1902 2854 t
