2041 3215
160 207 210 236 65!

158 307 206 333 καί
228 306 429 341 εὐαγγελιστῶν
449 307 611 342 τυγχάνουσι
637 307 683 333 τοῦ
710 308 843 343 Σωτῆρος,
857 305 892 334 ὧν
909 309 947 340 εἰς

158 354 250 380 πᾶσαν
264 354 314 389 τὴν
329 354 380 389 γῆν
394 353 504 389 ἐξῆλθεν
518 354 532 379 ό
546 353 672 387 φθόγγος,
686 354 733 380 καὶ
747 356 787 385 είς
797 354 830 381 τὰ
843 354 948 390 πέρατα

158 400 207 434 τῆς
223 399 383 435 οἰκουμένης
397 399 431 426 τὰ
445 400 564 435 ῥήματα.
582 398 643 426 Εἶεν
656 400 678 427 δ’
691 400 723 426 ἂν
736 401 847 427 καὶτῶν
862 400 946 434 ἁγίων

157 446 204 472 τοῦ
222 445 290 472 Θεοῦ
309 445 463 481 μαρτύρων,
481 445 505 471 οἳ
528 446 598 473 κατὰ
620 446 735 482 μίμησιν
756 446 810 473 τῶν
833 446 947 482 πρώτων

157 491 204 518 τοῦ
221 492 345 527 Σωτῆρος
369 491 447 527 ἡμῶν
462 491 589 527 κηρύκων
601 492 635 518 τὰ
656 492 701 519 ἴσα
722 492 902 519 πεπόνθασιν·
919 494 947 518 ὲν

156 534 197 568 οἷς
220 537 283 569 τοὺς
306 537 376 572 ὑπὲρ
392 536 545 568 θεοσεϐείας
562 537 658 569 ἄθλους
670 539 848 573 ἠγωνίσαντο.
864 539 947 564 Φασὶν

156 580 204 609 οὖν
218 582 413 618 ἑρμηνεύοντες
430 583 477 609 κα)⁸
489 583 693 617 διασαφοῦντες,
711 585 784 616 ὅπως
797 583 845 619 τὴν
860 584 947 618 ψυχὴν

157 627 248 655 αὐτῶν
265 628 341 655 ἔθετο
356 629 396 660 εἰς
410 628 491 664 ζωὴν,
505 629 553 655 καὶ
568 629 642 660 ὅπως
664 630 726 661 τοὺς
751 630 834 661 πόδας
859 630 947 656 αὐτῶν

156 674 207 701 οὐκ
232 674 331 700 ἔδωκεν
354 675 394 706 είς
419 675 512 701 σάλοψ
537 675 613 702 (Ὅτι
638 676 803 711 ἐδοκίμασας
827 677 911 711 ἡμᾶς,
934 678 947 703 ὁ

155 720 231 752 Θεὸς,
247 720 285 752 ὡς
297 720 466 756 πυροῢταιτὺ
479 721 618 756 ἀργύριον.
632 731 640 746 ι
651 722 759 757 Ἐπειδὴ
766 723 819 757 γὰρ
833 722 948 758 ἀπείρα-

157 773 220 798 στος
234 766 304 801 ἀνὴρ
324 766 463 801 ἀδόκιμος,
479 767 589 799 εἰκότως
604 767 782 803 ὲγγυμνάζων
807 769 863 799 τοῖς
886 777 947 794 πει-

156 812 272 846 ρασμοῖς
294 811 460 847 παραδίδωσι
486 813 547 844 τοὺς
572 813 687 844 οἰκείους
702 814 716 839 ό
731 812 812 844 Θεός·
833 813 881 848 οὐχ
905 813 947 839 ἴνα

154 857 239 888 αὐτὸς
253 856 309 892 γνῷ
323 857 408 883 ὁποῖοί
424 857 496 889 τινές
512 858 589 889 είσιν,
608 858 664 884 ἀλλ’
681 859 734 890 ἵνα,
752 859 830 885 αὐτοὶ
856 868 947 895 πυρω-

155 902 248 934 θέντες
262 902 445 939 λαμπρότεροι
458 904 504 930 καὶ
516 904 703 941 καθαρώτεροι
717 905 944 931 ἀποτελεσθῶσιν.

704 202 953 230 COMMENTARJA
975 202 1007 230 IN
1026 200 1195 229 PSALMOS.
1224 200 1227 201 ⁷
1677 233 1681 239 ι

158 260 248 287 Φωναὶ
270 259 298 286 δὶ
316 256 407 292 αὗται,
420 260 458 293 ὼς
473 259 552 294 ιφην,
570 260 725 288 ἀποστόλων
750 262 796 289 καὶ
818 261 941 297 μαθητῶν

998 261 1109 289 minasti
1136 260 1206 288 sicut
1232 259 1406 287 examinatur
1435 261 1616 293 argentum.)
1643 255 1691 284 Hae
1719 257 1784 292 ipsa:

1252 153 1272 171 κ

1219 158 1263 201 ι’)
1731 196 1785 225 οδε

998 311 1073 339 sunt,
1087 311 1116 335 ut
1136 307 1192 342 jam
1218 306 1286 337 dixi,
1311 306 1507 341 apostolorum,
1538 304 1736 340 discipulorum
1757 309 1784 330 rt

996 354 1226 389 evangelistarum
1242 353 1392 380 Salvatoris
1405 360 1498 384 voces,
1512 359 1629 387 quorum
1646 359 1731 380 sonus
1756 352 1782 378 iu

996 408 1104 428 omnem
1121 404 1223 428 terram
1239 400 1332 431 exivit,
1349 403 1375 426 et
1387 399 1415 426 in
1438 398 1506 426 ﬁnes
1517 398 1593 426 orbis
1606 402 1685 426 terra;
1701 398 1782 426 verba

997 453 1101 473 eorum.
1120 443 1233 472 Fuerint
1252 452 1361 479 quoque
1378 448 1535 470 sanctorum
1555 443 1602 470 Dei
1620 448 1780 479 martyrum,

996 492 1043 527 qui
1060 492 1092 518 ad
1110 491 1287 518 imitationem
1306 491 1426 526 priorum
1442 490 1594 517 Servatoris
1610 497 1780 524 praeconum,

997 538 1072 573 paria
1093 537 1214 572 perpessi
1231 541 1305 569 sunt,
1323 544 1385 564 cum
1400 543 1449 570 pro
1465 536 1555 563 divina
1573 536 1703 571 religione
1723 544 1782 563 cer-

997 584 1101 610 tamina
1116 583 1269 611 subierunt.
1288 582 1372 609 Aiunt
1386 582 1486 617 itaque.
1504 583 1671 617 explicantes
1685 590 1716 610 ae
1732 583 1781 610 de-

997 630 1134 656 elarantes
1149 636 1205 664 quo
1226 632 1306 663 pacto
1320 628 1438 655 animam
1464 636 1542 656 suam
1561 629 1682 663 posuerit
1695 629 1729 656 ad
1744 630 1781 655 vi-

998 680 1063 707 tam,
1075 675 1245 711 etquomodo
1255 683 1310 703 non
1323 675 1428 702 dederit
1443 675 1471 702 in
1484 674 1693 702 commotionem
1701 675 1784 710 pedes

998 730 1062 751 suos
1080 732 1085 749 :
1105 731 1115 748 ε
1134 722 1268 754 Quoniam
1283 721 1406 757 probasti
1427 728 1488 753 nos,
1506 720 1588 754 Deus,
1599 724 1629 748 ut
1644 721 1705 756 igne
1718 728 1783 747 exa—

997 770 1116 796 minatur
1133 772 1287 803 argentum.
1306 777 1315 793 ι
1335 767 1404 801 Quia
1420 767 1493 794 enim
1511 767 1636 802 quisquis
1650 774 1704 793 non
1719 773 1783 801 pro-

998 815 1078 842 batur
1092 814 1226 850 inglorius
1242 817 1296 846 est,
1308 814 1369 849 jure
1383 813 1454 841 Deus
1467 812 1614 841 familiares
1628 820 1694 840 suos
1703 820 1782 840 exer-

998 868 1074 892 cens,
1102 860 1299 887 tentationibus
1315 859 1419 891 tradit;
1435 866 1488 885 non
1507 862 1536 885 ut
1555 862 1703 893 cognoscat
1725 858 1783 893 ipse

998 906 1109 941 quinam
1128 906 1166 933 illi
1181 905 1246 937 sint,
1262 905 1310 933 sed
1323 909 1352 932 ut
1368 906 1418 940 ipsi
1431 905 1491 940 igne
1505 905 1653 932 examinati
1664 924 1672 938 ,
1689 905 1782 939 splen—

155 948 261 984 Ὠσπερ
277 948 332 984 γὰρ
346 949 375 975 ὲν
390 949 502 985 ἀργύρῳ
515 949 644 982 πολλάκις
660 951 814 987 εὑρίσκεται
825 951 889 983 ὕλης
899 951 941 978 ἀλ.

996 953 1117 980 didiores
1134 960 1164 979 ac
1178 951 1308 987 puriores
1317 952 1441 979 evadant.
1458 950 1691 985 Quemadmodum
1707 951 1780 978 enim

154 995 263 1031 λοτρίας
278 995 377 1030 μίγμα,
389 995 403 1021 ὅ
413 996 481 1028 τέως
495 996 543 1031 μὲν
556 996 682 1023 λανθάνει
697 997 750 1033 πρὸ
761 997 810 1032 τῆς
820 997 943 1032 χωνείας,

153 1040 183 1067 ὲν
193 1041 222 1067 δὲ
238 1042 271 1076 τῇ
285 1040 405 1076 πυρώσει
421 1041 589 1077 διελέγχεται
606 1044 652 1070 καὶ
668 1043 851 1079 διακρίνεται·
871 1043 945 1078 μένει

153 1094 184 1113 τε
209 1086 301 1122 λοιπὸν
324 1087 405 1118 αὐτὸς
432 1088 551 1123 καθαρὸς
572 1089 585 1114 ὁ
605 1089 734 1124 ἄργυρος,
752 1089 881 1124 κρείττων
898 1090 945 1115 καὶ

153 1132 343 1168 λαμπρότερος
357 1133 476 1167 γεγονὼς
495 1135 526 1160 ὲκ
547 1135 597 1170 τῆς
615 1135 774 1171 καθάρσεως
784 1143 791 1150 ·
805 1135 850 1161 τὸν
865 1135 943 1161 αὐτὸν

153 1178 254 1213 τρόπον
270 1179 317 1212 καλ⁷
329 1179 354 1204 oi.
368 1178 413 1205 τοῦ
429 1179 495 1205 Θεοῦ
511 1180 616 1215 ἄνδρες,
629 1180 691 1207 ὅσον
704 1180 842 1215 ἀλλότριον
862 1181 890 1206 ἐν
911 1182 943 1215 τῇ

152 1223 260 1250 ἑαυτῶν
282 1224 354 1259 ψυχῇ
379 1225 410 1250 ἐκ
433 1224 482 1259 τῆς
510 1226 574 1261 περὶ
598 1226 647 1261 τὴν
673 1227 761 1261 σάρκα
786 1225 944 1261 συμπλοκῆς

152 1269 358 1304 ἰφειλκύσαντο,
371 1270 449 1296 τοῦτο
463 1272 517 1298 πᾶν
531 1272 560 1297 ὲν
575 1273 631 1304 τοῖς
646 1273 818 1307 πειρασμοῖς,
832 1272 944 1303 καὶτοῖς

153 1316 213 1342 κατ’
232 1315 322 1342 αὐτῶν
339 1316 564 1352 ὲπανισταμένοις
587 1317 716 1353 διωγμοῖς
733 1317 942 1353 ἀπορύπτονται,

153 1359 217 1395 (sic)
233 1360 400 1396 πυρούμενοι
423 1362 468 1388 καὶ
491 1362 681 1398 καθαιρόμενοι
703 1363 746 1389 διὰ
769 1363 820 1398 τῆς
839 1363 943 1390 τοιᾶσδε

152 1406 277 1440 χωνείας,
294 1406 331 1438 ὡς
346 1408 436 1434 πᾶσαν
452 1408 599 1435 ἀποϐαλεῖν
621 1409 758 1445 ἁμαρτίας
772 1409 877 1444 κηλίδα,
897 1409 944 1444 ῆνο

152 1451 213 1477 τινά
234 1460 309 1484 ποτε,
324 1452 362 1484 ὡς
378 1452 525 1488 ἄνθρωποι,
541 1453 570 1480 ἕν
588 1462 659 1480 τισιν
676 1454 848 1490 ἐλαττώμασι
869 1455 944 1489 γενό-

154 1504 230 1531 μενοι
253 1499 483 1534 προσεκτήσαντο.
494 1500 554 1526 Ἐπὶ
570 1500 673 1533 τούτοις
694 1498 741 1527 οὖν
755 1501 944 1537 εὐχαριστοῦν-

151 1551 207 1575 τες,
221 1544 316 1577 φασιν·
336 1546 412 1573 «Ὅτι
432 1546 596 1582 ἐδοκίμασας
611 1547 695 1582 ἡμᾶς,
713 1548 727 1573 ὁ
748 1547 823 1579 Θεὸς,
838 1547 944 1582 ἑπύρω-

153 1598 203 1622 σας
217 1591 290 1626 ἡμᾶς
303 1591 340 1623 ὡς
356 1592 489 1628 πυροῦται
503 1592 533 1619 τὸ
547 1592 687 1628 ἀργύριον.
705 1603 713 1618 ι
726 1593 763 1618 Οὐ
776 1592 829 1628 γὰρ
843 1593 880 1623 ὡς
894 1602 943 1619 κα-

151 1636 252 1672 λάμην,
278 1637 332 1663 οὐδ’
350 1638 386 1669 ὡς
411 1639 515 1674 χόρτον,
537 1639 590 1665 οὐδ’
603 1639 641 1670 ὡς
665 1638 759 1674 ἑτέραν
780 1638 942 1675 εὔθραυστον

152 1682 220 1717 ὕλην
236 1683 380 1719 ὲπύρωσας
396 1685 478 1720 ἡμᾶς,
496 1685 552 1712 ἀλλ’
567 1685 604 1717 ὡς
617 1684 757 1721 ἀργύριον,
775 1685 805 1711 τὺ
821 1685 874 1711 ἀπὸ
893 1686 942 1720 τῆς

152 1728 303 1764 πυρώσεως
318 1729 510 1765 καθαρώτερον
526 1731 695 1766 γιγνόμενον.
718 1731 780 1763 Πῶς
793 1731 821 1758 δὲ
834 1731 941 1768 ἐπυρώ-

151 1775 238 1810 θησαν
261 1775 428 1811 ὑφηγοῦνται
454 1777 597 1810 λέγοντες
614 1786 622 1802 ι
643 1778 795 1813 Εζσήγαγες
815 1779 889 1813 ἡμᾶς
903 1779 942 1810 είς

151 1815 199 1856 τὴν
220 1820 331 1855 παγίδα’
355 1830 364 1847 ι
390 1822 459 1848 κατὰ
483 1822 510 1848 δὲ
533 1823 578 1849 τὸν
597 1822 731 1855 Ἀκύλαν,
761 1833 769 1848 t
789 1824 941 1859 Εἰσήγαγες

150 1866 237 1902 ἡμᾶς,
254 1867 347 1901 φασὶν,
363 1867 392 1893 ὲν
405 1867 580 1903 ὀχυρώματι-
597 1879 606 1895 ›
625 1869 696 1895 κατὰ
718 1869 745 1895 δὲ
766 1870 811 1896 τὸν
829 1869 942 1904 Σύμμαη

152 1918 216 1944 χον,
236 1919 245 1935 t
261 1910 413 1946 Είσήγαγες
428 1912 501 1946 ἡμᾶς
518 1912 592 1945 ὲντὺς
607 1913 779 1949 πολιορκίας’
802 1924 811 1939 ι
830 1914 900 1941 κατὰ
914 1914 941 1940 δὲ

152 1955 202 1990 τὴν
225 1955 354 1992 πέμπτην
375 1956 495 1984 ἔκδοσιν·
512 1968 521 1983 t
538 1959 692 1995 Εὶσήγαγες
709 1961 783 1996 ἡμᾶς
801 1961 840 1992 εὶς
853 1969 941 1995 περιθ-

151 2001 213 2036 χήν.
229 2010 239 2027 ι
257 2001 336 2037 Δηλοϊ
346 2002 372 2028 δὲ
387 2002 431 2029 διὰ
443 2004 544 2030 τούτων
559 2006 573 2031 ὁ
584 2005 660 2040 λόγος
674 2006 785 2042 εἱρκτὰς
801 2008 847 2033 καὶ
860 2008 941 2041 φυλα-

151 2047 201 2079 κὰς
225 2048 273 2075 καὶ
296 2048 480 2085 δεσμωτήρια,
496 2051 524 2076 ὲν
540 2048 580 2083 οἷς
597 2052 649 2087 πρὸ
662 2052 708 2078 τοῦ
725 2052 839 2079 θανάτου
855 2054 938 2080 κατά-

151 2093 269 2120 κλειστοι
286 2094 423 2129 γίγνονται
439 2097 463 2122 οἱ
485 2097 531 2123 τοῦ
551 2097 617 2125 Θεοῦ
636 2098 786 2134 μάρτυρες·
802 2099 820 2126 ἃ
842 2099 873 2135 δὴ
888 2109 940 2127 πα-

150 2139 205 2170 γίδι
220 2139 317 2174 ἔοικεν,
331 2142 395 2168 εεσω
405 2142 490 2178 αὐτῆς
504 2144 676 2180 ἀπολαϐούσῃ
688 2145 718 2171 τὸ
729 2145 936 2181 τεθηρευμένον.

151 2185 260 2221 Ταύτης
275 2185 304 2213 δὲ
317 2188 366 2223 τῆς
380 2189 491 2223 παγίδος
505 2189 655 2224 μέμνηνται
665 2191 711 2216 καὶ
723 2191 840 2226 ἀλλαχοῦ
854 2192 878 2218 οἱ
889 2193 937 2218 αὺ-

150 2232 191 2258 τοὶ
212 2232 375 2266 φάσκοντες·
396 2243 404 2259 ι
417 2235 448 2261 'H
463 2234 536 2270 ψυχὴ
550 2235 628 2270 ἡμῶν
648 2236 685 2267 ὡς
701 2236 839 2271 στρουθίον
859 2238 938 2273 epeo-

997 998 1023 1025 in
1046 1002 1158 1033 argento
1183 998 1278 1025 alienae
1301 997 1423 1024 materia:
1445 997 1605 1032 plerumque
1627 997 1782 1024 commistio

996 1046 1140 1080 reperitur,
1155 1052 1216 1080 qum
1230 1052 1296 1072 sane
1316 1044 1381 1071 latet
1395 1047 1541 1079 antequam
1557 1043 1584 1070 in
1601 1043 1780 1070 conﬂaturam

995 1095 1162 1126 reponatur;
1177 1090 1242 1117 dum
1259 1094 1348 1118 autem
1363 1090 1425 1125 igne
1440 1089 1584 1121 conﬂatur,
1600 1093 1665 1116 tunc
1679 1089 1782 1116 discer-

995 1139 1070 1165 nitur
1086 1141 1113 1165 et
1126 1137 1274 1172 probatur;
1294 1136 1439 1172 ipsumque
1454 1140 1597 1171 argentum
1611 1136 1719 1163 tandem
1732 1144 1779 1171 pu-

994 1184 1065 1217 rius,
1082 1184 1256 1219 prmstantius
1271 1190 1302 1210 ac
1322 1183 1491 1218 splendidius
1510 1191 1542 1211 ex
1559 1183 1721 1218 purgatione
1735 1191 1780 1210 re-

995 1235 1086 1258 manet
1107 1239 1113 1257 :
1131 1230 1170 1258 sic
1185 1235 1211 1257 et
1227 1230 1278 1256 viri
1296 1229 1342 1257 Dei
1355 1249 1363 1262 ,
1380 1230 1403 1257 si
1418 1230 1481 1264 quid
1499 1230 1617 1256 alienum
1643 1230 1670 1255 in
1690 1229 1779 1255 anima

995 1283 1044 1303 sua
1073 1284 1106 1304 ex
1132 1277 1224 1303 carnis
1249 1275 1442 1303 commistione
1474 1275 1678 1305 contraxerint.
1712 1274 1780 1302 illud

995 1330 1074 1350 omne
1093 1323 1120 1349 in
1132 1323 1330 1350 tentationibus
1349 1327 1376 1350 ct
1397 1322 1563 1350 instantibus
1581 1322 1780 1357 persecutioni-

994 1369 1045 1395 bus
1057 1369 1226 1404 abstergunt,
1243 1369 1304 1404 igne
1317 1369 1464 1396 examinati
1479 1372 1507 1396 et
1521 1376 1570 1404 per
1585 1369 1666 1396 talem
1678 1366 1780 1395 conﬂa-

995 1418 1083 1442 turam
1103 1416 1220 1451 purgati,
1237 1416 1274 1442 ita
1291 1419 1320 1442 ut
1340 1422 1447 1443 omnem
1473 1414 1576 1449 peccati
1591 1414 1678 1441 labem
1694 1413 1778 1448 depo-

995 1465 1072 1491 nant.
1085 1469 1166 1496 quam
1180 1461 1338 1496 aliquando,
1354 1466 1447 1496 utpote
1460 1461 1595 1491 homines,
1613 1460 1640 1487 in
1655 1460 1778 1494 quaedam

995 1507 1062 1542 lapsi
1084 1507 1192 1538 delicta.
1214 1507 1393 1534 admiserant.
1420 1506 1456 1534 De
1487 1506 1529 1533 his
1557 1506 1648 1540 itaque
1675 1505 1779 1540 gratias

995 1558 1116 1588 agentes,
1132 1553 1226 1580 dicunt
1243 1562 1249 1580 :
1272 1563 1280 1578 ι
1299 1552 1434 1586 Quoniam
1451 1552 1574 1587 probasti
1589 1559 1640 1578 nos
1654 1571 1661 1582 ,
1686 1551 1777 1582 Deus;

996 1599 1057 1633 igne
1074 1605 1125 1625 nos
1137 1598 1297 1626 examinasti
1312 1598 1382 1625 sicut
1402 1597 1574 1625 examinatur
1589 1603 1740 1633 argentum.
1767 1607 1776 1622 ι

995 1642 1053 1669 Non
1065 1643 1138 1670 enim
1154 1646 1183 1669 ut
1199 1642 1302 1677 paleam
1313 1647 1339 1669 et
1353 1641 1463 1672 fenum.»
1474 1649 1562 1675 neque
1577 1645 1606 1668 ut
1622 1642 1702 1667 aliam
1721 1641 1777 1668 fra-

994 1689 1075 1724 gilem
1092 1689 1234 1717 materiam
1258 1696 1309 1717 nos
1332 1689 1394 1723 igne
1406 1688 1568 1716 examinasti
1583 1697 1590 1720 ;
1604 1687 1652 1716 sed
1682 1693 1710 1714 ut
1734 1695 1778 1714 ar-

994 1738 1116 1770 gentum,
1132 1735 1204 1770 quod
1221 1736 1255 1763 ab
1268 1735 1329 1771 igne
1345 1736 1440 1770 purius
1456 1735 1557 1762 evadit.
1571 1734 1713 1769 Quomodo
1730 1742 1778 1761 au-

993 1786 1047 1810 tem
1072 1783 1134 1817 igne
1159 1782 1307 1810 examinati
1326 1782 1438 1813 fuerint,
1455 1783 1498 1809 his
1518 1782 1609 1810 verbis
1625 1786 1776 1810 enarrant:

996 1838 1004 1853 ι
1024 1827 1158 1856 lnduxisti
1173 1836 1223 1856 nos
1241 1829 1267 1855 in
1284 1829 1411 1864 laqueum
1425 1837 1432 1861 ;
1457 1839 1466 1854 ι
1485 1828 1635 1856 secundum
1649 1828 1776 1863 Aquilam

993 1882 1056 1903 vero
1074 1884 1079 1901 :
1098 1885 1107 1901 ‹
1125 1874 1258 1902 lnduxisti
1279 1883 1342 1907 nos,
1365 1875 1452 1907 aiunt,
1472 1875 1500 1902 in
1522 1875 1742 1907 munimentum;
1765 1883 1775 1900 ι

992 1921 1141 1948 secundum
1154 1928 1219 1948 vero
1235 1921 1427 1956 Symmachum
1444 1930 1450 1948 :
1470 1931 1479 1946 ε
1494 1920 1629 1948 lnduxisti
1644 1927 1694 1948 nos
1705 1920 1776 1947 intra

991 1966 1181 2000 obsidionem;
1198 1976 1206 1992 ι
1225 1966 1374 1994 secundum
1388 1967 1511 2001 quintam
1520 1966 1686 1993 editionem:
1704 1975 1715 1991 ι
1732 1964 1777 1992 In-

991 2012 1094 2039 duxisti
1110 2020 1161 2040 nos
1177 2013 1204 2039 in
1219 2013 1410 2040 munitionem.
1428 2022 1437 2038 I
1455 2011 1504 2039 His
1516 2019 1598 2047 porro
1614 2012 1776 2047 signiﬁcans

991 2063 1035 2085 tur
1049 2059 1201 2094 ergastula,
1217 2059 1363 2089 custodite.
1377 2066 1503 2086 carceres
1528 2059 1555 2085 in
1576 2058 1677 2090 quibus
1700 2061 1776 2084 ante-

990 2112 1071 2138 quam
1090 2105 1170 2132 morti
1185 2105 1338 2135 tradautur,
1354 2104 1478 2131 conclusi
1495 2104 1598 2139 degunt
1613 2103 1660 2131 Dei
1672 2108 1776 2138 marty-

991 2158 1033 2177 res
1051 2160 1057 2176 :
1075 2158 1135 2185 quae
1149 2157 1215 2178 sane
1229 2150 1318 2185 laquei
1336 2151 1434 2178 similia
1452 2154 1528 2183 sunt,
1552 2158 1607 2185 quo
1631 2150 1776 2177 venatione

989 2199 1067 2230 capta
1079 2195 1245 2224 detinentur.
1260 2196 1380 2232 Hujusce
1398 2197 1486 2232 laquei
1510 2197 1674 2224 mentionem
1695 2196 1775 2223 iidem

989 2243 1052 2269 alibi
1069 2243 1172 2270 iaciunt
1183 2243 1306 2271 dicentes
1323 2253 1328 2270 :
1349 2253 1357 2268 ι
1376 2244 1473 2270 Anima
1487 2248 1581 2271 nostra
1596 2243 1668 2270 sicut
1682 2249 1775 2277 passer

151 2279 202 2315 σθη
218 2287 250 2306 εκ
263 2280 312 2315 τῆς
328 2281 441 2315 παγίδος
455 2281 508 2308 τῶν
523 2282 691 2317 θηρευόντων
701 2291 708 2297 ·
733 2283 748 2318 ή
774 2284 857 2317 παγίς
880 2292 938 2310 συν-

993 2292 1082 2322 erepta
1096 2292 1138 2316 est
1151 2288 1185 2316 de
1200 2289 1297 2324 laqueo
1312 2290 1469 2317 venantium
1488 2299 1494 2317 :
1513 2290 1626 2323 laqueus
1640 2289 1775 2315 contritus

149 2325 244 2362 ετρίϐη
259 2327 306 2353 καὶ
321 2327 401 2362 ἡμεῖς
415 2327 597 2363 ὲρῤύσθημεν.
616 2337 625 2354 ι
644 2327 754 2363 Πρῶτον
769 2329 816 2363 μὲν
842 2327 888 2355 οὖν
899 2330 938 2360 εἰς

148 2371 198 2407 τὴν
212 2372 315 2406 παγίδα
330 2374 354 2399 οἱ
370 2373 535 2409 πυρούμενοι
550 2373 715 2407 εἰσάγονται,
730 2373 745 2410 ἦ
760 2375 799 2406 εἰς
820 2375 851 2401 τὸ
874 2375 937 2410 ὀχύ-

152 2426 242 2453 ρωμα,
254 2417 271 2454 ἢ
283 2418 324 2450 είς
334 2419 381 2455 τὴν
396 2419 537 2455 περιοχὴν,
552 2420 568 2454 ἢ
585 2421 624 2451 είς
634 2420 683 2455 τὴν
696 2421 852 2456 πολιορκίαν
861 2430 867 2436 ·
878 2419 937 2448 εἶτα

150 2461 275 2499 δεύτερον
287 2462 368 2490 ἆθλον
383 2464 570 2498 ἀγωνίζονται,
586 2464 615 2491 ὃν
622 2464 782 2500 διασαφοῦσι
796 2466 934 2501 λέγοντες·

152 2508 251 2535 «Ἔθου
268 2509 371 2544 θλίψεις
392 2511 438 2537 ἐπὶ
458 2511 503 2538 τὸν
523 2510 605 2538 νῶτον
622 2512 709 2546 ἡμῶν.
726 2522 735 2537 ι
756 2513 832 2540 Κατὰ
847 2513 876 2540 δὲ
891 2513 936 2539 τὸν

154 2553 271 2581 Ἀκύλαν
279 2556 359 2589 φασίν
368 2564 374 2571 ·
387 2565 396 2581 ί
403 2556 523 2592 Ἔθηκας
533 2558 647 2593 τρισμὺν
658 2559 685 2584 ὲν
697 2558 735 2593 τῷ
745 2559 821 2594 νώτῳ
828 2560 915 2595 ἡμῶν·
924 2571 932 2584 ι

150 2599 220 2625 κατά
236 2599 265 2625 δὲ
278 2601 322 2627 τὸν
338 2601 495 2636 Σύμμαχον·
514 2603 651 2638 (Ἔθηκας
665 2603 799 2630 κύκλωσιν
811 2606 842 2640 τῇ
855 2606 935 2640 ὀσφύϊ

148 2645 238 2679 ἡμῶν.
255 2655 264 2672 ι
280 2646 393 2682 Δηλοῦσι
405 2647 434 2673 δὲ
445 2648 488 2674 διὰ
501 2648 601 2675 τούτων
611 2649 660 2680 τὰς
671 2650 740 2676 κατὰ
749 2650 796 2677 τοῦ
810 2650 934 2686 σώματος

151 2690 267 2726 πληγὰς,
283 2692 316 2724 ἃς
332 2693 424 2729 ἐδήλου
441 2694 605 2730 σαφέστερον
623 2695 637 2720 ὁ
656 2696 814 2728 Ἀπόστολος
828 2697 913 2732 λέγων
926 2707 932 2713 ·

152 2745 162 2761 ι
177 2736 245 2772 Τρὶς
265 2738 454 2773 ὲρῤαὸδισθην,
469 2739 541 2772 ἅπαξ
561 2740 714 2777 ἐλιθάσθην,
733 2743 784 2768 ὑπὸ
801 2743 934 2770 Ἰουδαίων

148 2783 353 2819 τεσσαράκοντα
367 2785 443 2820 παρὰ
455 2786 520 2821 μίαν
534 2786 638 2813 ἔλαϐον.
655 2797 663 2812 ι
680 2788 756 2814 Μετὰ
774 2788 802 2815 δὲ
820 2789 868 2821 τὰς
883 2791 935 2825 εἱρ-

148 2828 217 2860 κτὰς
232 2829 279 2856 καὶ
294 2830 344 2861 τὰς
365 2830 434 2857 κατὰ
459 2832 511 2858 τῶν
535 2832 625 2858 νώτων
640 2833 656 2867 ἢ
674 2833 744 2860 κατὰ
758 2835 812 2861 τῶν
828 2835 934 2868 ὀσφύων

199 2919 220 2934 ⁸⁷
235 2918 307 2948 Psal.
325 2929 419 2954 cxxttt,
435 2923 459 2950 7.
498 2922 519 2938 “
541 2923 560 2950 ll
577 2924 640 2952 Cor.
657 2933 694 2957 χι,
713 2926 758 2953 25.

990 2338 1042 2365 est,
1059 2337 1086 2360 et
1100 2341 1151 2361 nos
1166 2331 1273 2361 liberati
1290 2342 1385 2362 sumus
1398 2335 1431 2362 ⁸⁷.
1455 2344 1463 2360 ι
1481 2326 1574 2361 Ρτὶιῖῖὸ
1590 2334 1698 2368 quidem
1727 2335 1774 2368 qui

990 2379 1051 2414 igne
1066 2380 1269 2412 examinantur,
1291 2381 1319 2407 in
1344 2380 1470 2415 laqueum
1490 2379 1656 2407 inducuntur
1673 2380 1731 2407 sive
1746 2381 1774 2407 in

988 2425 1156 2460 praesidium.
1183 2427 1210 2453 in
1235 2426 1416 2454 munitionem
1444 2431 1491 2453 aut
1521 2426 1548 2453 in
1579 2426 1771 2459 obsidionem;

988 2472 1109 2499 secundo
1124 2477 1261 2500 certamen
1275 2474 1393 2507 obeunt;
1408 2474 1480 2509 quod
1495 2473 1649 2508 signiﬁcant
1664 2474 1706 2501 his
1719 2481 1774 2501 ver-

987 2517 1030 2544 bis
1049 2527 1055 2544 :
1075 2527 1084 2543 ‹
1103 2518 1223 2546 Posuisti
1250 2519 1441 2546 tribulationes
1464 2520 1491 2546 in
1517 2519 1600 2546 dorso
1632 2525 1746 2553 nostro;
1762 2531 1771 2546 ι

987 2564 1138 2591 secundum
1155 2564 1279 2599 Aquilam
1296 2572 1362 2592 vero
1376 2565 1488 2592 dicunt:
1507 2575 1516 2591 ι
1533 2565 1651 2593 Posuisti
1668 2567 1772 2593 contri-

987 2610 1088 2637 tionem
1103 2611 1131 2638 in
1147 2611 1229 2639 dorso
1239 2616 1352 2644 nostro;
1368 2621 1377 2637 ι
1396 2612 1546 2639 secundum
1558 2612 1751 2647 Symmachum
1764 2624 1770 2640 :

989 2666 998 2682 ε
1015 2655 1137 2684 Posuisti
1153 2657 1286 2684 circulum
1304 2657 1405 2684 lumbis
1425 2658 1538 2685 nostris.
1558 2668 1567 2683 ι
1587 2657 1635 2686 His
1647 2666 1712 2685 vero
1727 2658 1774 2685 de-

986 2702 1093 2729 clarant
1107 2702 1224 2730 inﬂictas
1243 2703 1349 2738 corpori
1363 2703 1466 2737 plagas,
1477 2712 1546 2738 quas
1561 2704 1683 2739 apertius
1691 2711 1773 2730 enar-

987 2749 1057 2775 ravit
1082 2748 1230 2784 Apostolus
1253 2749 1348 2777 dicens
1364 2759 1369 2776 :
1390 2759 1398 2775 ι
1415 2750 1469 2777 Ter
1483 2750 1569 2785 virgis
1586 2757 1674 2777 cresus
1698 2757 1769 2780 sum,

987 2795 1221 2829 semeliapidatus
1237 2803 1309 2826 sum,
1333 2803 1347 2822 a
1370 2795 1470 2823 Iudaeis
1499 2796 1688 2831 quadragenas
1720 2803 1772 2822 uua

986 2841 1078 2869 minus
1095 2842 1228 2870 accepi“.
1248 2851 1257 2868 ι
1276 2841 1340 2870 Post
1351 2850 1486 2875 carceres,
1502 2847 1562 2877 post
1578 2843 1670 2877 plagas
1691 2842 1778 2869 dorso-
