2041 3215
291 190 346 221 065

651 192 788 223 EUSEBII
805 195 1047 224 CESARIENSIS
1062 197 1138 226 OPP.
1159 197 1249 226 PARS
1268 198 1350 226 lll.—
1367 191 1573 227 EXECEm.

1860 200 1910 229 664

291 260 339 282 aut
370 254 469 282 lumbis
494 253 620 282 incussas
647 254 705 282 haec
739 254 844 282 addunt
863 265 869 282 :
888 265 898 281 ι
919 255 1073 292 Imposuisti

1128 258 1243 294 πληγάς·
1262 268 1271 284 ι
1283 258 1462 290 Ἐπεὸίὸασας
1477 257 1635 294 ἀνθρώπους
1651 257 1696 285 ἐπὶ
1725 259 1773 290 τὰς
1794 259 1912 294 κεφαλὰς

292 301 416 328 homines
434 308 517 335 super
527 301 616 335 capita
628 305 732 328 nostra.
753 310 762 326 ι
787 300 850 328 Haec
872 305 962 328 autem
975 302 1076 329 intelli-

289 355 347 381 ges,
364 353 425 373 cum
442 346 536 373 videas
550 346 645 374 atbeos
660 351 687 374 et
702 346 803 382 impios
815 347 890 374 viros
908 349 1077 382 persecutio.

289 401 354 420 num
373 397 496 427 tempore
510 393 683 428 insurgentes
696 400 728 420 ac
749 398 846 420 contra
857 393 957 420 divinae
969 394 1075 429 religio-

288 439 332 466 nis
347 439 463 467 athletas
476 446 537 467 scse
549 439 728 472 extollentes;
745 440 797 467 hos
815 447 880 467 vero
905 440 1028 475 abjectos
1044 448 1076 468 ac

287 485 365 512 vultu
392 485 513 512 demisso
535 485 570 512 ob
589 485 748 520 blasphema
770 485 843 513 dicta
868 489 895 513 et
913 485 1074 520 iactantiam

289 531 442 558 atheorum.
458 529 490 557 Et
504 538 570 558 vero
585 531 747 566 plerumque
771 532 813 559 vel
835 531 955 566 pupillas
978 533 1075 560 oculo-

287 583 348 602 rum
365 575 555 607 verberabant,
568 576 633 602 dum
651 575 739 611 capita
753 576 917 603 athletarum
929 576 976 604 Dei
987 577 1074 613 plagis

287 621 433 648 cederent.
447 620 500 648 Sed
516 621 574 649 haec
590 622 682 649 omnia
692 642 698 653 ,
714 622 792 649 aiunt
813 621 860 649 Dei
884 626 1028 658 martyres,
1044 627 1073 650 tu

287 667 377 698 nobis,
394 666 476 699 Deus,
495 667 628 695 induxisti
646 677 652 695 :
669 675 719 695 nec
740 671 832 696 tamen
849 672 875 696 te
890 668 996 696 volente
1009 669 1075 704 quid

288 713 378 748 simile
390 713 418 740 in
435 721 487 741 nos
501 713 645 742 admittere
661 714 720 742 ausi
738 718 813 747 sunt,
831 715 877 742 sed
891 715 1074 750 permittente.

288 758 379 791 Quare
398 759 438 786 sic
457 766 518 786 eum
535 759 732 794 alloquuntur:
751 769 760 785 ι
776 759 909 788 lnduxisti
926 768 977 788 nos
992 760 1020 787 in
1035 761 1075 787 la-

287 812 397 839 queum.
420 814 429 831 )
445 804 486 832 Tu
504 806 576 832 enim
602 813 653 833 nos
676 813 786 834 carcere
806 806 923 834 detineri
944 807 1073 838 curabas,

287 852 351 886 quia
367 850 393 877 id
418 850 473 878 fieri
490 851 679 886 permittebas.
699 851 740 879 Tu
755 859 865 887 quoque
889 852 1010 887 ponebas
1026 853 1074 879 tri-

287 896 441 924 bulationes
458 896 486 924 in
502 896 586 924 dorso
601 901 707 925 nostro.
725 897 818 933 Neque
838 899 911 925 enim
934 898 961 926 id
978 899 1075 926 adver-

286 950 346 970 sum
364 950 415 970 nos
435 942 496 970 ausi
517 947 621 975 essent,
644 943 667 970 si
693 951 744 970 nos
762 950 844 970 manu
865 947 1010 978 protegens
1027 949 1074 972 tua

285 988 474 1016 custodiisses.
500 988 542 1015 Tu
565 996 631 1016 vero
651 989 747 1017 atheos
767 989 893 1017 homines
917 990 1073 1025 imposuisti

285 1039 368 1066 super
386 1033 476 1068 capita
499 1037 606 1061 nostra.
619 1033 659 1060 Ad
674 1034 732 1061 haec
753 1038 844 1061 autem
869 1035 896 1062 in
921 1040 1073 1063 extremum

286 1077 422 1104 malorum
438 1078 618 1112 devenimus;
636 1086 700 1105 nam
715 1079 760 1106 alii
776 1079 886 1115 quidem
909 1080 964 1115 igni
979 1081 1074 1108 traditi

285 1127 400 1150 mortem
424 1124 632 1157 sustinuerunt;
651 1124 697 1151 alii
723 1125 749 1151 in
764 1133 834 1161 aqua
848 1127 976 1154 exstincti
998 1131 1071 1155 sunt.

285 1167 399 1196 Ferrum
420 1169 531 1204 quippe,
546 1173 573 1197 et
595 1169 667 1198 ferro
689 1171 764 1198 illata
789 1173 934 1207 supplicia,
965 1174 1074 1209 aliaque

285 1215 383 1242 nmrtis
397 1222 506 1250 genera,
519 1223 579 1250 qua
589 1217 706 1243 maxima
719 1225 783 1252 pars
795 1222 918 1246 nostrum
931 1220 1072 1252 sustinuit,

286 1267 335 1294 pro
353 1260 439 1289 nihilo
451 1265 613 1296 reputantur
625 1270 658 1290 ex
671 1262 838 1291 deteriorum
853 1266 1071 1300 comparatione.

285 1306 467 1338 Quamobrem
482 1307 538 1335 haec
553 1308 664 1343 quidem
682 1313 813 1338 tacemus.
834 1310 904 1344 Quia
919 1319 985 1339 vero
1002 1312 1073 1340 inter

286 1353 401 1385 atr0cia,
427 1353 495 1380 nihil
513 1353 654 1382 crudelius
671 1363 739 1383 nece
758 1363 805 1391 per
828 1357 918 1392 ignem
933 1361 960 1385 et
974 1365 1073 1393 aquam

286 1399 360 1424 illata
371 1399 555 1431 existimatur,
569 1400 627 1428 haec
646 1408 696 1428 nos
711 1409 857 1437 perpessos
868 1402 995 1431 dicimus.
1005 1402 1072 1431 Nam

286 1445 330 1472 alii
347 1450 472 1474 nostrum
489 1447 517 1474 in
530 1448 598 1474 mari
611 1451 638 1475 et
652 1448 679 1476 in
692 1447 850 1477 ﬂuminibus
858 1449 977 1478 demersi
987 1455 1051 1478 sunt
1064 1460 1071 1485 ;

286 1492 332 1518 alii
347 1491 420 1527 ignis
434 1493 600 1528 supplicium
611 1493 732 1522 luerunt.
754 1494 803 1522 His
820 1496 905 1523 tantis
931 1496 1072 1531 suppliciis

285 1538 408 1573 probasti
425 1547 486 1572 nos,
499 1539 583 1573 Deus,
598 1540 642 1568 his
655 1541 786 1569 omnibus
807 1542 869 1578 igne
889 1550 939 1571 nos
970 1544 1073 1571 exami-

286 1585 357 1612 nain
373 1585 445 1614 sicut
460 1586 635 1614 examinatur
653 1592 805 1623 argentum.

323 1671 376 1700 Sed
397 1680 459 1700 cum
481 1673 540 1701 hmo
561 1675 652 1702 omnia
665 1676 692 1702 in
710 1683 760 1704 nas
775 1677 942 1710 induxisses,
964 1683 992 1706 tu
1014 1679 1073 1713 ipse

287 1726 396 1745 rursum
412 1719 532 1746 eduxisti
547 1727 597 1746 nos
616 1720 642 1746 in
654 1719 839 1755 refrigerium.
859 1721 917 1749 Non
935 1723 1007 1750 enim
1023 1730 1072 1750 no-

287 1768 374 1793 strum
391 1769 449 1792 erat
463 1765 528 1791 talia
543 1765 680 1793 sustinere
690 1770 717 1793 et
731 1766 797 1793 talia
816 1766 944 1802 effugere,
968 1767 1015 1795 sed
1032 1769 1072 1795 tui

287 1810 377 1846 magni
394 1810 565 1844 Servatoris;
580 1811 652 1839 sicut
667 1812 740 1839 enim
757 1812 889 1840 induxisti
908 1820 959 1840 nos
979 1813 1007 1839 in
1032 1813 1073 1840 la-

286 1864 398 1892 queum,
414 1857 454 1884 sic
469 1856 587 1885 eduxisti
605 1858 632 1884 in
647 1858 831 1892 refrigerium.
844 1857 1071 1894 Quandoquidem

286 1910 341 1930 non
354 1902 503 1937 permisisti
517 1906 546 1930 ut
557 1902 648 1930 tristia
658 1903 703 1930 illa
713 1903 759 1930 diu
771 1907 971 1939 permanerent,
985 1911 1073 1939 neque

286 1949 314 1975 in
338 1948 475 1976 infinitum
496 1949 699 1976 tribulationem
715 1950 885 1984 protraxisti,
899 1957 987 1985 neque
1011 1957 1073 1985 per-

286 1995 387 2022 misisti
403 1999 432 2022 ut
446 1995 577 2022 diuturno
589 2001 712 2031 tempore
734 1996 860 2024 homines
876 1996 1012 2031 capitibus
1031 1997 1074 2023 in-

286 2046 392 2069 starent
421 2042 544 2075 nostris;
559 2049 648 2076 neque
667 2042 695 2069 in
718 2042 806 2077 ignem
830 2043 948 2077 conjecti
967 2043 1014 2071 diu
1035 2042 1072 2070 ibi

287 2086 399 2118 versati,
417 2094 506 2121 neque
520 2087 547 2113 in
559 2094 658 2121 aquam
678 2087 776 2122 dejecti
800 2088 924 2123 absorpti
946 2088 1071 2122 fuimus;

288 2131 336 2158 sed
351 2138 410 2158 eam
425 2132 653 2167 portransivimus
668 2141 675 2159 :
689 2140 774 2167 quare
788 2133 891 2160 dicitur
907 2145 912 2160 :
935 2143 944 2158 ‹
960 2133 1074 2161 Transi-

288 2176 377 2203 vimus
393 2183 442 2211 per
459 2175 560 2211 ignem,
577 2181 605 2204 et
614 2175 781 2212 profundum
802 2185 935 2212 aquarum
963 2183 1074 2213 praeter-

287 2222 374 2257 gressi
386 2229 502 2255 sumus;
522 2231 531 2247 ι
550 2222 612 2250 ideo
631 2222 749 2254 dicitur,
770 2233 778 2248 ι
799 2231 847 2258 per
862 2231 971 2258 aquam.
996 2233 1005 2249 I
1025 2223 1073 2252 His

1128 303 1214 338 ἡμῶν.
1231 313 1240 330 ›
1256 305 1310 331 Καὶ
1321 303 1401 330 τοῦτο
1423 304 1451 330 δὲ
1478 304 1594 339 νοήσεις,
1608 304 1678 340 ὁρῶν
1694 305 1763 332 κατὰ
1782 306 1845 337 τοὺς
1860 307 1912 334 τῶν

1127 348 1253 384 διωγμῶν
1265 349 1377 384 καιροὺς
1391 349 1606 384 ὲπεμδαίνοντας
1618 350 1680 381 τοὺς
1692 349 1788 381 ἀθέους
1799 351 1847 377 καὶ
1856 352 1913 378 ἀσε-

1127 394 1184 426 ϐεῖς
1195 395 1293 430 ἄνδρας
1307 395 1354 421 καὶ
1371 394 1621 430 κατεπαιρομένους
1632 396 1685 422 τῶν
1696 396 1745 431 τῆς
1759 396 1912 430 θεοσεόείας

1126 439 1260 475 ἀθλητῶν,
1278 440 1341 471 τοὺς
1362 439 1391 466 δὲ
1415 440 1642 475 ταπεινουμένους
1661 441 1707 467 καὶ
1723 440 1758 467 τὰ
1780 441 1912 476 πρόσωπα

1126 485 1357 520 συνεσταλμένους
1373 485 1420 512 ἐπὶ
1441 487 1500 517 ταῖς
1515 485 1570 512 τῶν
1584 485 1671 512 ἀθέων
1687 486 1871 522 βλασφημίαις
1884 496 1911 514 τε

1126 529 1172 556 καὶ
1190 530 1470 565 μεγαλαυχίαις.Ί-1δη
1487 531 1515 557 δέ
1532 530 1661 563 πολλάκις
1682 532 1728 558 καὶ
1747 532 1818 560 κατὰ
1831 533 1911 568 κόρης

1126 575 1227 609 ἐτυψαν
1241 575 1365 608 παίοντες
1389 576 1506 612 πληγαῖς
1517 577 1567 608 τὰς
1581 576 1634 603 τῶν
1646 577 1770 613 ἀθλητῶν
1783 578 1831 605 τοῦ
1846 578 1910 605 Θεοῦ

1125 622 1255 656 κεφαλάς.
1265 622 1345 649 Ἀλλὰ
1359 622 1445 649 ταῦτα
1455 623 1553 655 πάντα,
1565 623 1647 658 φασὶν
1663 624 1687 650 oi
1701 623 1749 651 τοῦ
1764 624 1832 651 Θεοῦ
1847 624 1912 660 μάρ-

1125 675 1216 703 τυρες,
1234 668 1266 694 σὺ
1279 668 1345 703 ἡμῖν
1359 669 1508 703 ἐπήγαγες,
1522 670 1536 695 ὁ
1549 669 1625 700 Θεός.
1639 669 1684 705 Μὴ
1698 669 1752 704 γάρ
1766 678 1813 696 σου
1827 670 1913 705 βουλο-

1128 712 1219 747 μένου,
1232 713 1283 739 οὐκ
1295 713 1328 740 άν
1347 722 1373 740 τι
1385 714 1504 742 τοιοῦτον
1520 715 1579 743 καθ’
1590 714 1668 750 ἡμῶν
1681 715 1812 750 ἐτολμᾶτο
1824 725 1831 731 ·
1848 725 1912 751 συγ-

1126 758 1276 794 χωροῦντος
1299 759 1328 786 δέ
1351 767 1409 791 σου,
1424 760 1499 787 ταῦτ’
1515 760 1627 795 ἐγίνετο.
1643 761 1689 788 Διό
1704 769 1770 795 φασι
1783 762 1853 797 πρὸς
1868 763 1914 789 αὐ-

1125 804 1170 831 τόν
1180 813 1186 818 ·
1200 814 1208 830 ι
1222 805 1376 840 Είσήγαγες
1390 805 1464 840 ἡμᾶς
1475 807 1515 837 είς
1525 806 1575 841 τὴν
1588 806 1698 841 παγίδα.
1708 816 1718 833 ι
1732 807 1768 833 Σὺ
1777 807 1831 843 γὰρ
1843 806 1913 843 ἦσθα

1125 850 1139 875 ὁ
1150 849 1360 881 κατακλείστους
1372 851 1445 886 ἡμᾶς
1461 851 1555 884 ποιῶν,
1571 852 1720 888 συγχωρῶν
1732 852 1760 880 δέ
1774 853 1863 880 ταῦτα
1873 854 1913 889 7i-

1126 893 1230 920 νεσθαι.
1248 894 1303 920 Καὶ
1321 895 1353 920 σὺ
1367 894 1429 921 ἔθου
1445 895 1548 930 θλίψεις
1562 896 1608 923 ἐπὶ
1623 896 1669 924 τὸν
1681 896 1765 924 νῶτον
1777 898 1913 933 ήμῶν.οὑ

1125 939 1179 975 γὰρ
1189 939 1222 966 ἂν
1232 939 1318 966 ταῦτα
1328 939 1387 966 καθ’
1399 940 1477 976 ἡμῶν
1490 940 1632 976 ἐτολμᾶτο,
1644 941 1668 967 εἰ
1679 942 1711 976 τῇ
1727 941 1826 968 σαυτοῦ
1841 942 1913 978 χειρὶ

1126 985 1265 1016 σκεπάσας
1280 984 1439 1019 ἐφύλαττες.
1452 985 1487 1011 Σὺ
1507 985 1535 1012 δὲ
1550 985 1597 1012 καὶ
1614 985 1678 1017 τοὺς
1692 985 1789 1018 ἀθέους
1809 986 1914 1023 ἀνθρώ-

1126 1036 1191 1059 πους
1201 1028 1367 1060 ἐπεῦίόασας
1381 1029 1426 1055 ἐπὶ
1435 1029 1484 1061 τὰς
1497 1029 1618 1064 κεφαλὰς
1628 1029 1791 1066 ἡμῶν.Ἥδη
1803 1031 1832 1057 δὲ
1846 1031 1912 1067 πρὸς

1124 1073 1229 1105 τούτοις
1252 1075 1291 1105 εἰς
1317 1073 1418 1109 ἔσχατα
1444 1075 1537 1101 κακῶν
1552 1075 1680 1111 ἤλθομεν,
1695 1077 1720 1103 οἱ
1738 1076 1787 1112 μὲν
1809 1076 1856 1104 τὸν
1870 1076 1912 1105 διὰ

1125 1119 1210 1154 πυρὸς
1235 1120 1431 1155 ὑπομείναντες
1453 1120 1577 1153 θάνατον,
1592 1123 1615 1148 οἱ
1639 1121 1668 1148 δὲ
1688 1122 1734 1149 τὸν
1754 1117 1788 1150 δι’
1807 1121 1912 1156 ὓδατος.

1124 1165 1236 1201 Σίδηρος
1256 1167 1305 1202 μὲν
1321 1167 1375 1202 γὰρ
1391 1167 1438 1194 καὶ
1453 1168 1481 1193 αἱ
1503 1167 1547 1194 διὰ
1570 1167 1679 1204 σιδήρου
1695 1168 1831 1201 κολάσεις,
1847 1169 1912 1197 οῑτι

1124 1211 1196 1238 ἄλλοι
1215 1211 1335 1243 θάνατοι,
1351 1212 1397 1243 οὓς
1412 1213 1437 1239 οἱ
1450 1212 1558 1244 πλείους
1574 1212 1652 1248 ἡμῶν
1675 1214 1911 1251 ὑπομεμενήκασι,

1123 1260 1153 1285 τὸ
1171 1258 1254 1294 μηθὲν
1268 1258 1450 1294 ἐνομίσθησαν
1469 1258 1619 1294 παραθέσει
1642 1259 1696 1286 τῶν
1715 1259 1855 1296 χειρόνων.
1868 1259 1913 1287 Διὸ

1123 1305 1214 1331 ἐκεῖνα
1230 1304 1280 1339 μὲν
1295 1305 1506 1340 σεσιωπήκαμεν
1516 1313 1522 1320 ·
1536 1305 1597 1332 ἐπεὶ
1607 1305 1647 1337 δέ,
1660 1305 1698 1337 ὡς
1712 1306 1741 1331 ἐν
1751 1305 1860 1337 δεινοῖς,
1871 1305 1912 1332 αὐ-

1123 1351 1167 1377 δέν
1182 1351 1272 1386 χεῖρον
1286 1350 1333 1376 τοῦ
1354 1350 1399 1377 διὰ
1418 1351 1503 1386 πυρὸς
1518 1350 1633 1378 θανάτου
1646 1351 1693 1378 καὶ
1705 1350 1752 1378 τοῦ
1771 1350 1805 1378 δι’
1818 1350 1912 1383 ὓδατος

1123 1397 1294 1433 νενόμισται,
1310 1396 1395 1424 ταῦτα
1417 1397 1445 1424 δὲ
1470 1397 1539 1424 αὑτά
1559 1406 1647 1433 φαμεν
1662 1397 1910 1433 ὑπομεμενηκέναι.

1124 1443 1203 1474 Τινὲς
1222 1443 1270 1478 μὲν
1285 1442 1340 1479 γὰρ
1354 1442 1432 1478 ήμῶν
1449 1442 1609 1478 ὑποϐρύχιοι
1624 1442 1742 1478 θαλάττῃ
1766 1443 1811 1469 καὶ
1830 1451 1912 1469 πυτα-

1124 1491 1183 1524 μοζς
1195 1489 1381 1525 παρεδόθησαν
1391 1497 1397 1503 ·
1412 1490 1437 1516 οι
1449 1489 1477 1517 δὲ
1488 1490 1538 1524 τὴν
1546 1489 1590 1517 διὰ
1603 1490 1687 1526 πυρὸς
1698 1488 1911 1525 τιμωρίανρπέ-

1124 1542 1233 1570 στησαν.
1248 1534 1298 1561 Διὰ
1308 1534 1441 1561 τοσούτων
1454 1532 1500 1561 οὖν
1523 1534 1687 1570 ἐδοκίμασας
1701 1535 1784 1570 ἡμᾶς,
1801 1535 1816 1560 ό
1832 1533 1908 1566 Θεὸς,

1123 1581 1170 1607 καὶ
1186 1580 1230 1607 διὰ
1245 1580 1346 1607 τούτων
1363 1580 1489 1610 ἁπάντων
1506 1580 1650 1616 ὲπύρωσας
1667 1581 1749 1616 ἡμᾶς,
1759 1579 1797 1612 ὼς
1811 1578 1911 1615 πυροῦ-

1124 1635 1168 1652 ται
1180 1626 1210 1652 τὸ
1224 1626 1295 1661 ἀργύ
1300 1634 1365 1661 ριον.

1165 1671 1244 1699 Ἀλλὰ
1257 1671 1344 1698 ταῦτα
1356 1672 1444 1698 πάντα
1457 1671 1604 1706 ἐπαγαγὼν
1620 1672 1695 1708 ἡμῖν,
1711 1671 1791 1698 πάλιν
1809 1671 1842 1698 σὺ
1863 1671 1911 1698 αὑ-

1123 1717 1167 1749 τὸς
1179 1716 1312 1752 ἐξήγαγες
1327 1717 1400 1753 ἡμᾶς
1410 1719 1449 1749 είς
1461 1717 1610 1753 ἀναψυχήν.
1626 1718 1662 1744 Οὐ
1676 1717 1729 1752 γὰρ
1746 1717 1824 1753 ἡμῶν
1837 1715 1872 1753 ἦν
1883 1716 1912 1743 τὸ

1125 1765 1268 1800 ὑπομεῖναι
1291 1766 1338 1792 καὶ
1353 1765 1494 1799 διαφυγεῖν
1511 1764 1544 1792 τὰ
1560 1763 1688 1796 τοσαῦτα,
1705 1763 1772 1790 ἀλλὰ
1797 1763 1844 1790 σοῦ
1867 1762 1911 1790 τοῦ

1125 1811 1242 1846 μεγάλου
1260 1811 1384 1846 Σωτῆρος
1393 1819 1400 1827 ·
1415 1810 1452 1842 ὡς
1463 1810 1517 1846 γὰρ
1529 1810 1674 1845 εἰσήγαγες
1685 1810 1724 1841 είς
1739 1809 1788 1844 τὴν
1801 1808 1911 1843 παγίδα,

1123 1857 1194 1884 οὕτω
1216 1857 1263 1884 καὶ
1280 1857 1414 1892 ἐξήγαγες
1435 1857 1474 1887 εἰς
1487 1855 1636 1891 ἀναψυχήν.
1646 1854 1753 1890 Ἐπειδὴ
1769 1854 1807 1890 μὴ
1821 1854 1912 1889 παρά-

1125 1912 1193 1939 μονα
1219 1903 1312 1935 εἴασας
1336 1903 1414 1938 ἡμῶν
1432 1902 1467 1928 τὰ
1482 1900 1641 1937 σκυθρωπὰ,
1656 1900 1722 1936 μηδὲ
1744 1901 1783 1931 είς
1799 1900 1912 1936 ἄπειρον

1123 1949 1285 1985 παρέτεινας
1299 1949 1347 1984 τὴν
1365 1948 1463 1983 θλίψιν,
1481 1947 1547 1983 μηδέ
1563 1948 1603 1979 εἰς
1619 1946 1722 1982 μακρὸν
1739 1946 1833 1982 χρόνον
1849 1954 1911 1972 συν-

1123 1995 1264 2031 εχώρησας
1276 1995 1402 2030 ἐπιϐῆναι
1413 1994 1461 2021 ἀνθ
1466 1993 1571 2029 ρώπους
1583 1993 1628 2020 ἐπὶ
1637 1993 1686 2024 τὰς
1694 1991 1813 2027 κεφαλὰς
1823 1991 1911 2028 ήμῶν·

1124 2041 1180 2067 ἀλλ’
1193 2040 1254 2067 οὐδὲ
1275 2041 1304 2067 ἐν
1318 2040 1357 2075 τῷ
1378 2040 1444 2075 πυρὶ
1459 2039 1600 2074 γενόμενοι
1615 2038 1841 2073 ἐνυπεμείναμεν,
1853 2036 1913 2063 οὑδέ

1124 2088 1153 2115 ἐν
1168 2086 1207 2122 τῷ
1220 2086 1296 2114 ὕδατι
1309 2086 1488 2123 ἐμϐληθέντες
1501 2085 1705 2120 κατεπόθημεψ
1724 2085 1771 2110 καὶ
1794 2083 1874 2110 τοῦτο
1884 2083 1913 2110 δὲ

1123 2133 1282 2168 διήλθομεν⁸
1300 2132 1340 2159 διὸ
1355 2132 1495 2161 λέλεκται·
1514 2141 1523 2156 ι
1540 2130 1687 2166 Διήλθομεν
1703 2130 1747 2156 διὰ
1758 2130 1854 2166 πυρὸς,
1866 2130 1914 2156 καὶ

1124 2178 1170 2205 τὸν
1193 2178 1272 2214 βυθὸν
1293 2178 1347 2205 τῶν
1368 2178 1470 2206 ὑδάτων
1494 2177 1682 2214 διεξήλθομεν·
1699 2186 1708 2203 ι
1725 2177 1766 2203 διὸ
1779 2177 1837 2208 καὶ,
1857 2186 1866 2203 ι
1880 2177 1913 2203 δι’

1126 2224 1230 2257 ὓδατος,
1248 2234 1257 2251 ι
1283 2225 1398 2260 εἴρηται.
1420 2225 1474 2251 Καὶ
1489 2224 1521 2259 δὴ
1534 2224 1580 2250 ἐπὶ
1591 2223 1696 2255 τούτοις
1712 2223 1813 2250 ἅπασιν
1829 2223 1915 2257 ἐγγυ-

287 2270 415 2297 omnibus
429 2277 480 2297 nos
498 2269 630 2305 probasti,
651 2274 813 2305 sumptoque
825 2270 961 2305 patientiae
973 2274 1001 2298 et
1013 2278 1073 2306 per-

1130 2272 1234 2308 μνάσας
1250 2273 1324 2307 ἡμᾶς
1339 2272 1385 2298 καὶ
1399 2272 1448 2306 τῆς
1460 2271 1597 2307 ὑπομονῆς
1609 2272 1625 2306 ἡ
1630 2270 1687 2306 μῶν
1698 2270 1745 2297 καὶ
1755 2270 1804 2305 τῆς
1817 2278 1916 2306 καρτε-

287 2316 448 2343 severantia:
464 2321 566 2343 nostra:
578 2315 775 2350 experimento,
791 2317 912 2344 eduxisti
929 2325 979 2345 nos
989 2318 1018 2345 in
1030 2325 1073 2345 re-

287 2361 447 2398 frigerium;
463 2361 530 2394 sive,
544 2361 695 2389 secundum
708 2361 913 2397 Symmachum,
934 2373 943 2389 ‹
965 2364 992 2391 in
1010 2365 1072 2391 lati-

287 2409 419 2436 tudinem.
443 2418 452 2434 ι
471 2407 529 2435 Hoc
542 2413 631 2436 autem
645 2407 756 2436 diverso
768 2408 849 2436 modo
865 2408 1004 2444 impletum
1019 2414 1071 2438 est.

287 2453 353 2480 Nam
366 2461 428 2481 cum
442 2461 527 2481 unum
542 2453 578 2481 sit
592 2453 784 2489 religiosorum
799 2454 942 2485 hominum
956 2462 1072 2491 corpus;

286 2503 314 2526 et
327 2499 372 2526 alii
385 2499 496 2534 quidem
510 2499 568 2527 haec
581 2500 655 2534 passi
676 2500 743 2533 sint,
762 2500 808 2528 alii
824 2501 990 2536 supplicium
1015 2501 1070 2530 lue-

288 2547 351 2578 rint,
369 2546 415 2573 alii
430 2547 518 2573 solum
533 2547 635 2574 mulcta
646 2547 779 2574 bonorum
797 2549 939 2576 exercitati
953 2548 1072 2582 fuerint;

287 2592 331 2619 alii
351 2592 413 2627 fuga
441 2596 468 2619 et
495 2600 606 2620 secessu
624 2592 799 2620 familiarium
828 2595 933 2629 probati
961 2595 1071 2628 fuerint,

287 2646 341 2665 non
361 2638 407 2666 diu
423 2642 516 2672 postea
532 2638 655 2666 omnium
676 2639 738 2667 ﬁnis
759 2640 886 2667 omnibus
906 2640 1012 2669 faustus
1026 2649 1072 2668 oc-

286 2683 384 2711 currit.
400 2682 468 2710 Nam
481 2683 528 2710 Dei
556 2689 690 2720 martyres
710 2689 798 2712 morte
819 2686 1011 2717 consummati,
1027 2693 1073 2713 ve-

286 2738 348 2757 rum
376 2729 546 2765 refrigerium
573 2729 755 2762 invenerunt.
779 2735 808 2761 ut
830 2731 920 2759 dicere
946 2731 1072 2760 valeant:

290 2785 299 2801 ι
316 2776 490 2808 Convertere,
502 2775 592 2802 anima
602 2783 672 2808 mea,
682 2777 708 2803 in
718 2777 839 2811 requiem
849 2781 934 2810 tuam,
947 2777 1009 2812 quia
1021 2777 1074 2805 Do-

286 2823 378 2850 minus
389 2821 524 2849 benefecit
536 2821 595 2852 tibi,
604 2822 732 2856 quoniam
746 2823 845 2857 eripuit
856 2823 972 2850 animam
986 2831 1073 2852 meam

286 2867 321 2895 de
339 2873 426 2894 morte
438 2866 471 2898 ε’,
497 2875 506 2891 ›
527 2870 580 2892 etc.
597 2866 659 2894 Haec
672 2867 771 2902 quippe
784 2867 871 2895 afIinia
895 2869 1073 2905 praesentibus

323 2925 345 2943 "
359 2924 431 2955 Psal.
449 2932 521 2953 cxtv.
536 2924 559 2952 'l.
577 2924 605 2953 8.

1130 2318 1189 2354 ρίας
1201 2318 1250 2353 τὴν
1262 2317 1375 2353 δοκιμὴν
1384 2317 1474 2344 λαϐὼν
1484 2317 1616 2352 ἐξήγαγες
1627 2316 1700 2351 ἡμᾶς
1711 2316 1750 2347 είς
1760 2314 1912 2350 ἀναψυχήν·

1128 2364 1143 2398 ἢ
1162 2364 1234 2390 κατὰ
1244 2363 1289 2390 τὸν
1304 2363 1461 2399 Σύμμαχον,
1479 2372 1488 2389 ι
1501 2363 1540 2394 εἰς
1553 2361 1734 2397 εὐρυχωρίαν.
1745 2370 1754 2386 ›
1767 2361 1822 2387 Καὶ
1837 2360 1916 2387 τοῦτο

1127 2410 1155 2436 δὲ
1172 2409 1322 2445 ἐπληροῦτο
1332 2409 1468 2445 διαφόρως
1477 2417 1484 2424 ·
1501 2408 1559 2440 ὲνὺς
1573 2408 1628 2443 γὰρ
1642 2408 1717 2438 ὖντος
1728 2406 1775 2434 τοῦ
1790 2406 1845 2433 τῶν
1861 2407 1915 2433 θεο-

1128 2455 1213 2482 σεὸὦν
1234 2455 1368 2491 σώματος,
1383 2456 1431 2483 καὶ
1446 2455 1500 2482 τῶν
1515 2455 1564 2490 μὲν
1581 2454 1645 2484 τάδε
1664 2452 1847 2484 πεπονθότων,
1862 2452 1914 2479 τῶν

1127 2503 1155 2529 δὲ
1169 2501 1373 2537 ὑπομεινάντων
1387 2501 1532 2537 τιμωρίαν,
1549 2500 1604 2526 τῶν
1620 2499 1647 2526 δὲ
1660 2500 1694 2536 τῇ
1708 2499 1762 2525 τῶν
1775 2498 1913 2535 ὑπαρχόν-

1127 2557 1181 2575 των
1199 2547 1285 2584 ζημίᾳ
1308 2547 1376 2584 μόνῃ
1400 2546 1627 2582 δοκιμασθέντων.
1641 2545 1695 2572 τῶν
1717 2546 1745 2572 δὲ
1766 2545 1809 2573 διὰ
1826 2546 1915 2581 φυγῆς

1128 2588 1174 2620 καὶ
1187 2593 1237 2628 τῆς
1253 2593 1307 2620 τῶν
1320 2593 1427 2620 οἰκείων
1445 2592 1642 2628 ἀναχωρήσεως
1662 2591 1913 2627 ἐΠυμνασθέντων,

1127 2640 1177 2666 οὐκ
1199 2641 1239 2672 εἰς
1261 2640 1365 2676 μακρὸν
1386 2639 1418 2666 τὸ
1439 2639 1546 2668 πάντων
1564 2638 1640 2670 τέλος
1656 2639 1713 2670 τοῖς
1729 2639 1812 2666 πᾶσιν
1829 2638 1915 2664 αἴσιον

1128 2687 1245 2721 ἀπήντα.
1261 2687 1292 2712 Οἱ
1309 2686 1358 2722 μὲν
1371 2685 1425 2721 γὰρ
1440 2685 1488 2712 τοῦ
1505 2684 1573 2711 Θεοῦ
1592 2684 1729 2720 μάρτυρες
1745 2683 1789 2710 διὰ
1804 2684 1852 2711 τοῦ
1867 2683 1914 2710 θα-

1127 2732 1207 2758 νάτου
1225 2732 1421 2764 τελειωθέντες,
1436 2731 1485 2767 τὴν
1499 2730 1606 2766 ἀληθῶς
1626 2730 1767 2765 ἀναψυχὴν
1787 2729 1911 2765 εὕραντο,

1127 2779 1165 2810 ὡς
1184 2778 1314 2805 δύνασθαι
1332 2778 1429 2813 φάναι·
1447 2788 1456 2803 ι
1468 2776 1656 2812 Ἐπίστρεψον,
1674 2776 1691 2810 ἡ
1706 2775 1779 2810 ψυχή
1797 2783 1859 2810 μου,
1874 2774 1912 2804 εἰς

1127 2824 1176 2860 τὴν
1201 2823 1352 2851 ἀνάπαυσιν
1378 2831 1436 2855 σου,
1451 2823 1492 2849 δτι
1513 2822 1614 2858 Κύριος
1633 2820 1802 2857 εὐηργέτησὲ
1813 2829 1859 2847 σε·
1872 2821 1911 2847 ὅτι

1127 2870 1247 2906 ἐξείλατο
1270 2870 1317 2897 τήν
1339 2869 1426 2905 ψυχήν
1450 2878 1499 2904 μου
1520 2870 1551 2896 ἐκ
1568 2869 1691 2899 θανάτου,
1708 2877 1717 2894 ι
1733 2868 1779 2897 καὶ
1790 2867 1824 2894 τὰ
1839 2865 1908 2902 ἑξῆς.
