2041 3215
166 195 220 225 665

716 197 968 227 (ΞΟΜΠΕΝΤΛΒΙΑ
986 198 1021 226 ΙΝ
1039 197 1209 226 PSALMOS.

1243 144 1309 192 ιζ’

1737 201 1790 230 666

171 254 287 290 ’Δδελφα
303 264 357 292 γαρ
375 262 408 283 αν
424 256 467 292 εἴη
488 256 574 284 ταῦτα
586 255 641 283 των
652 256 696 283 διὰ
707 256 762 284 τῶν
778 257 848 292 μετὰ
860 259 939 295 χεῖρα

1006 260 1087 284 sunt:
1101 265 1110 283 1
1128 255 1180 289 Qui
1198 258 1291 291 posuit
1303 255 1421 283 animam
1434 263 1523 284 meam
1538 256 1571 285 ad
1584 256 1680 288 vitam,
1694 260 1721 284 et
1735 264 1789 284 non

164 302 323 336 φασκόντων
333 310 340 318 ·
357 311 367 328 1
382 302 435 328 Τοῦ
450 302 563 338 θεμένου
577 302 626 338 τὴν
639 303 728 338 ψυχήν
746 312 797 339 μου
814 304 853 336 είς
869 303 952 340 ζωὴν,

164 346 212 372 καὶ
229 346 267 382 μὴ
287 346 376 379 δόντος
394 347 433 378 είς
451 347 530 374 σάλον
554 348 616 379 τοὺς
632 347 713 378 πόδας
727 356 776 382 μου
787 356 793 362 ·
815 357 823 373 ι
840 347 886 374 καὶ
901 348 954 374 πά-

163 392 205 419 λιν
215 401 222 408 ·
238 401 248 418 1
263 393 318 420 Καὶ
334 392 466 428 ἐξήγαγες
481 393 555 427 ἡμᾶς
570 394 608 424 είς
621 393 770 428 ἀναψυχήν.
784 394 814 420 Οἱ
828 393 857 420 δέ
873 394 902 420 ἐν
914 393 952 428 τῷ

163 439 215 474 βίῳ
240 439 441 474 πεφυλαγμένοι
467 440 513 466 καὶ
537 439 586 476 τὴν
607 439 653 466 τοῦ
675 439 794 474 διωγμοῦ
816 439 952 474 πυρκαῐὰν

162 484 379 512 ἀποσσεσθεϊσαν
398 485 568 519 τεθεαμένοι,
585 485 613 511 ἐν
635 485 730 520 εἰρήνῃ
755 484 854 519 φαιδρᾷ
868 492 952 510 κατα-

163 532 286 564 στάντες,
299 531 350 566 τῆς
368 531 508 566 ἀναψυχῆς
529 530 635 565 ἔτυχον,
648 531 694 556 καὶ
706 531 745 562 είς
759 529 844 556 εὖδιον
856 529 950 564 λιμένα

162 578 392 613 καταντήσαντες,
408 577 454 603 καὶ
472 577 520 611 τῆς
539 577 607 612 μετὰ
623 576 670 603 τοῦ
681 576 800 611 διωγμοῦ
815 575 948 611 εὐφροσύ-

161 631 210 658 νης
225 622 435 654 ἀπολαύσαντες.
453 623 568 657 Νοήσεις
583 623 611 649 δὲ
626 623 698 654 ὅπως
713 623 817 658 εἴρηται
834 621 948 649 ἐνταῦθα

162 670 200 696 τό·
210 678 219 695 1
232 669 414 701 Ἐπεΰίϐασας
424 669 582 704 ἀνθρώπους
594 670 640 696 ἐπὶ
652 669 700 700 τὰς
712 669 831 702 κεφαλὰς
841 670 857 704 ἡ
862 668 929 703 μῶν,
937 679 945 693 ι

161 715 294 751 παραθεὶς
311 716 340 742 τὺ
355 716 384 741 ἐν
401 715 486 751 ἐτέρῳ
502 715 658 750 εἰρημένον·
683 725 691 741 1
707 715 762 741 Καὶ
785 714 832 741 νῦν
857 714 947 749 ὕψωσε

160 761 282 797 κεφαλήν
300 769 350 796 μου
368 761 414 787 ἐπὶ
434 761 547 796 ἐχθρούς
565 760 793 796 μου.Ἐκύκλωσα
806 761 853 787 καὶ
866 760 947 786 ἔθυσα

159 808 188 833 ἐν
201 808 234 842 τῇ
247 809 332 843 σκηνῇ
349 815 395 834 σου
413 807 508 834 θυσίαν
521 807 690 842 ἀλαλαγμοῦ.
706 807 825 842 »Ὥσπερ
835 806 888 842 γὰρ
902 816 948 833 κα-

157 853 192 880 τὰ
214 853 277 884 τοὺς
300 852 353 879 τῶν
378 853 505 888 διωγμῶν
526 853 638 889 καιροὺς
654 853 828 888 ἐπανίστησιν
852 853 865 878 ὁ
881 853 946 885 Θεὺς

156 900 318 936 ἀνθρώπους
331 900 376 927 ἐπὶ
385 900 434 933 τὰς
445 900 564 936 κεφαλὰς
574 900 662 935 ἡμῶν,
674 899 744 926 οὓτω
762 899 831 934 μετά
850 899 944 930 ταῦτα,

1004 303 1079 331 dedit
1108 303 1136 330 in
1166 302 1379 330 commotionem
1408 302 1492 338 pedes
1523 310 1600 332 meos
1620 312 1629 337 ;
1650 313 1660 329 ι
1682 310 1715 330 ac
1728 311 1789 330 rur-

1004 356 1063 376 sum
1084 358 1090 376 :
1112 358 1121 374 1
1139 348 1172 374 Et
1185 348 1303 375 eduxisti
1318 355 1369 375 nos
1385 348 1411 375 in
1429 348 1612 384 refrigerium.
1634 359 1643 375 ι
1665 349 1716 382 Qui
1740 357 1789 375 au-

1002 399 1056 422 tem
1076 395 1240 429 superstites
1252 394 1352 421 servati
1373 398 1447 426 sunt,
1463 395 1680 430 restinctumque
1695 403 1789 430 perse-

1002 441 1121 468 cutionis
1136 440 1293 467 incendium
1306 440 1443 471 viderunt,
1458 441 1483 466 in
1498 441 1618 475 jucunda
1634 449 1700 476 pace
1721 450 1788 469 con-

1001 486 1102 519 stituti,
1125 485 1299 520 refrigerium
1323 485 1397 512 nacti
1416 490 1491 517 sunt,
1511 491 1537 513 et
1561 486 1588 513 iu
1609 488 1786 522 tranquillum

1000 536 1110 567 portum
1132 532 1260 566 ingressi,
1274 535 1335 567 post
1355 531 1573 566 persecutionem
1601 532 1691 559 laetitia
1714 532 1787 559 frue-

1000 578 1110 605 bantur.
1132 577 1204 605 Saue
1226 578 1362 613 intelligas
1392 586 1444 613 qua
1472 578 1578 604 ratione
1599 578 1643 604 hic
1659 578 1783 606 dicatur:

1002 632 1011 648 1
1029 623 1185 658 imposuisti
1204 623 1327 651 homines
1342 631 1425 658 super
1437 623 1527 658 capita
1544 627 1649 655 nostra,
1667 633 1676 649 ι
1692 623 1713 650 si
1729 624 1786 651 haec

998 669 1125 697 conferas
1142 677 1205 697 cum
1220 670 1271 697 hoc
1287 670 1401 697 alterius
1417 670 1514 705 psalmi
1532 669 1606 697 dicto
1622 679 1628 696 :
1647 678 1656 694 1
1670 668 1702 695 Et
1713 677 1786 696 nunc

997 715 1128 743 exaltavit
1138 720 1219 750 caput
1234 724 1323 743 meum
1337 723 1419 750 super
1430 716 1557 742 inimicos
1572 714 1785 743 meos.Circuivi

997 765 1023 787 et
1039 760 1176 788 immolavi
1204 761 1232 787 iu
1257 761 1435 788 tabernaculo
1451 765 1498 788 tuo
1514 760 1632 788 hostiam
1646 760 1786 795 jubilatio-

998 803 1082 831 nis".
1103 813 1112 830 ι
1139 804 1374 836 Quemadmodum
1397 805 1468 832 enim
1493 805 1693 840 persecutionis
1714 809 1784 832 tem-

997 857 1062 885 pore
1075 851 1190 885 imponit
1206 850 1277 878 Deus
1291 851 1416 879 homines
1431 859 1514 886 super
1526 852 1615 887 capita
1627 855 1730 884 nostra,
1747 851 1785 878 ita

999 901 1142 932 postquam
1156 897 1250 924 eduxit
1265 905 1315 925 nos
1332 898 1358 924 in
1375 897 1562 932 refrigerium,
1579 898 1682 925 exaltat
1695 898 1784 932 capita

156 947 201 973 ὅτε
215 946 349 983 ἐξήγαγεν
363 947 436 981 ἡμᾶς
457 947 497 977 είς
518 945 668 980 ἀναψυχὴν,
685 945 747 980 ὑψοῖ
761 944 810 976 τὰς
828 944 939 978 κεφαλὰς

997 947 1091 969 nostra
1117 950 1200 977 super
1225 943 1351 970 inimicos
1374 947 1494 971 nostros.
1520 941 1603 978 quue
1626 943 1785 979 prophetice

155 993 234 1028 ἡμῶν
245 993 292 1019 ἐπὶ
306 992 367 1024 τοὺς
382 992 495 1028 ἐχθροὺς
506 992 595 1027 ἡμῶν.
608 992 663 1018 Καὶ
679 991 757 1018 τοῦτο
772 991 946 1027 προφητικῶς

154 1039 250 1075 ἐδήλου
263 1040 390 1075 όφήσας’
412 1049 421 1065 1
435 1039 490 1066 Καὶ
504 1039 550 1066 νῦν
567 1038 658 1074 ὖψωσε
682 1039 802 1074 κεφαλήν
827 1047 877 1073 μου
899 1038 945 1064 ἐπὶ

154 1086 268 1122 ἐχθρούς
285 1094 346 1121 μου.
363 1085 560 1120 Είσελεύσομαι
576 1086 616 1116 είς
628 1085 674 1111 τὸν
691 1082 764 1111 οἶκόν
782 1093 828 1111 σου
841 1085 870 1111 ἐν
887 1084 945 1111 ὁλο-

153 1131 343 1167 καυτώμασιν.
363 1142 372 1157 ›
391 1132 421 1157 υἱ
441 1131 490 1167 μὲν
504 1131 558 1166 γὰρ
574 1131 646 1165 ἆγιοι
657 1131 703 1157 τοῦ
719 1130 785 1157 Θεοῦ
809 1131 945 1166 μάρτυρες

154 1177 225 1213 μετὰ
239 1177 303 1209 τοὺς
317 1177 449 1213 μεγάλους
464 1176 569 1208 ἄθλους,
585 1176 631 1208 οὓς
644 1177 880 1212 ὑπομεμενήκασι,
901 1176 944 1203 διὰ

153 1222 241 1258 πυρὸς
266 1223 313 1249 καὶ
335 1222 429 1254 ὓδατος
441 1221 599 1253 διελθόντες,
613 1222 652 1253 είς
665 1221 803 1256 ἀναψυχὴν
822 1221 942 1257 παρελή-

153 1268 270 1303 φθησαν.
289 1265 355 1294 Εἶτα
370 1267 415 1294 τδν
427 1267 585 1302 ἐπουράνιον
600 1266 646 1292 τοῦ
660 1266 727 1293 Θεοῦ
739 1263 811 1292 οἷκον
822 1265 867 1291 τὸν
881 1265 944 1301 ἁλη-

153 1311 226 1339 θινδν
247 1312 437 1344 ἀπολαϐόντες,
462 1312 562 1346 φασίν·
592 1321 601 1337 1
620 1311 814 1346 Είσελεύσομαι
838 1310 877 1342 είς
897 1311 942 1336 τὸν

151 1355 227 1384 οἶκόν
242 1366 288 1385 σου
309 1359 338 1385 ἐν
360 1358 576 1393 όλοκαυτώμασι.
591 1367 600 1383 ι
610 1358 654 1389 Ὠς
666 1357 720 1392 γὰρ
734 1356 778 1383 διὰ
795 1356 879 1392 πυρὸς
895 1356 942 1383 καὶ

152 1403 248 1436 ὕδατος
265 1404 421 1437 διελθόντες,
435 1404 469 1431 τὰ
491 1404 593 1430 ἐαυτῶν
615 1403 835 1437 ὁλοκαυτώματα,
853 1404 881 1428 ἐν
901 1401 941 1434 οἷς

151 1450 355 1486 ἐμαρτύρησαν,
370 1450 446 1486 δίκην
465 1449 559 1481 θυσίας
580 1449 618 1484 τῷ
641 1448 744 1475 ἑαυτῶν
757 1448 940 1483 προσφέρουσι

150 1495 220 1530 Θεῷ,
240 1495 323 1531 πολλῇ
339 1495 480 1531 παρρησία
495 1495 631 1531 χρώμενοι
650 1495 690 1529 ἐφ’
703 1491 746 1525 αίς
762 1493 878 1529 ηὔξαντο
896 1494 940 1520 εὺ-

152 1539 353 1574 χαῖς.Ηῦξαντο
366 1540 394 1566 δὲ
409 1539 603 1574 ἀγωνίσασθαι,
611 1539 657 1565 καὶ
667 1539 768 1574 ταύτην
779 1539 939 1574 ἐποιήσαντο

150 1585 199 1621 τὴν
221 1586 398 1620 ἐπαγγελίαν,
413 1586 444 1613 τδ
463 1586 544 1621 μέχρι
569 1585 684 1612 θανάτου
710 1585 780 1621 ὺπέρ
799 1584 938 1616 εὐσεϐείας

148 1633 273 1669 ἀθλῆσαι.
288 1635 331 1666 Ὠς
340 1632 386 1660 οὗν
399 1633 609 1670 κατωρθωκότες
626 1632 696 1668 ἆπερ
709 1631 836 1666 ηὔξαντο,
846 1631 936 1666 φασίν·
952 1629 973 1657 C

185 1698 195 1715 1
207 1689 351 1717 ’Δποδώσω
363 1690 458 1722 σοιτάς
467 1690 548 1724 εὐχάς
562 1698 622 1724 μου,
636 1689 668 1720 ἃς
676 1688 804 1714 διέστειλε
816 1688 850 1714 τὰ
861 1688 936 1723 χείλη

149 1744 218 1772 μουο
236 1737 282 1763 καὶ
299 1736 411 1772 ἐλάλησε
428 1736 458 1763 τὸ
475 1737 561 1771 στόμα
579 1744 630 1771 μου
648 1737 676 1762 ἐν
691 1736 724 1770 τῇ
742 1734 830 1769 θλίψει
850 1743 909 1769 μου.
925 1744 934 1759 ι

147 1782 217 1808 Κατ’
234 1781 318 1813 αὐτὰς
333 1781 387 1817 γὰρ
402 1781 451 1811 τὰς
467 1781 570 1815 θλίψεις
580 1801 586 1812 ,
604 1781 669 1816 περὶ
683 1777 719 1807 ὧν
737 1780 864 1815 ἀνωτέρω
881 1779 937 1806 ἔλε-

146 1834 194 1860 γον
204 1835 212 1842 ·
231 1836 240 1853 1
253 1827 335 1854 Ἔθου
350 1827 452 1862 θλίψεις
467 1827 513 1853 ἐπὶ
530 1827 575 1853 τὸν
586 1826 669 1853 νῶτον
680 1825 768 1861 ἡμῶν,
782 1836 790 1851 ι
808 1826 857 1861 τὴν
870 1825 937 1861 πρὸς

146 1872 191 1899 τὸν
200 1872 267 1900 Θεὸν
278 1873 387 1908 ἀγάπην
398 1873 501 1899 τελείαν
513 1873 559 1900 καὶ
570 1873 715 1908 ὁλόκληρον
726 1872 935 1907 ἐνδεικνύμενοι,

147 1919 228 1954 εὗχάς
241 1919 358 1946 ἐτίθεντο
373 1919 419 1946 καὶ
433 1919 597 1953 ἐπαγγελίας
609 1918 748 1945 ἐποιοῦντο
763 1919 842 1954 μέχρι
853 1918 935 1945 θανά-

146 1974 191 1992 του
207 1965 335 2000 ἐνστῆναι
346 1985 352 1997 ,
370 1966 509 2000 μονονουχὶ
524 1965 624 2000 ὁμοίως
637 1965 676 2000 τῷ
688 1964 785 1999 Παύλῳ
794 1965 917 1999 λέγοντες
927 1973 933 1979 ”

148 2022 157 2038 1
168 2011 216 2044 Τίς
235 2012 308 2047 ἡμᾶς
322 2013 433 2048 χωρίσει
450 2013 503 2039 ἀπὸ
517 2013 566 2048 τῆς
583 2013 692 2048 ἀγάπης
706 2012 752 2038 τοῦ
769 2011 855 2042 Θεοῦ;
878 2011 934 2037 θλί-

145 2058 200 2093 ψις,
215 2058 233 2093 ἢ
250 2058 423 2093 στενοχωρία,
441 2059 456 2094 ἢ
475 2059 603 2093 διωγμὸς,
620 2059 636 2093 ἢ
652 2058 740 2093 λιμὸς,
755 2058 771 2093 ἢ
787 2058 933 2093 γυμνότης,

145 2104 161 2140 ἢ
177 2104 324 2137 κίνδυνος»
338 2105 393 2131 καί·
407 2105 574 2140 ιΠέπεισμαι
589 2105 653 2140 γὰρ.
669 2105 709 2131 ὅτι
734 2104 796 2131 οὔτε
810 2104 933 2135 θάνατος,

144 2150 206 2178 οὔτε
219 2150 286 2186 ζωὴ,
303 2150 363 2177 οὗτε
381 2151 514 2177 ἐνεστῶτα
525 2172 531 2183 ,
549 2151 610 2177 οὗτε
627 2151 755 2186 μέλλοντα
768 2171 774 2182 ,
792 2151 933 2185 δυνήσεται

144 2197 217 2233 ἡμᾶς
230 2196 344 2233 χωρίσαι
360 2197 413 2223 ἀπὸ
429 2197 478 2232 τῆς
494 2197 604 2232 ἀγάπης
620 2196 667 2223 τοῦ
683 2197 750 2223 Θεοῦ
763 2197 812 2230 τῆς
824 2197 852 2223 ἐν
867 2196 932 2231 Χρι-

144 2242 198 2277 στῷ
218 2241 315 2277 Ἰησοῦ.
331 2251 340 2267 ι
352 2242 459 2274 Ταύτας
474 2241 520 2269 οὖν
530 2251 595 2278 φησι
608 2242 657 2274 τὰς
670 2243 750 2277 εὐχὰς
763 2242 931 2268 ἀποδεδωκέ-

143 2295 186 2314 ναι
201 2286 240 2322 τῷ
248 2286 318 2322 Θεῷ,
331 2287 364 2320 ἂς
378 2287 506 2314 διέστειλε
516 2287 549 2314 τὰ
559 2287 633 2323 χείλη
646 2287 744 2319 αὐτῶν,
760 2287 807 2313 καὶ
817 2286 931 2322 ἐλάλησε

996 987 1152 1014 declarabat
1175 987 1221 1022 qui
1245 987 1314 1014 dixit
1333 997 1339 1014 :
1360 996 1369 1013 1
1391 988 1423 1014 Et
1446 995 1519 1014 nunc
1546 988 1677 1014 cxaltavit
1702 992 1784 1023 caput

997 1040 1086 1060 meum
1114 1041 1196 1068 super
1220 1034 1347 1061 inimicos
1371 1042 1458 1062 meos.
1484 1033 1605 1061 lntroiho
1624 1035 1651 1061 iu
1672 1034 1783 1061 domum

996 1083 1069 1105 tuam
1094 1079 1121 1105 in
1143 1079 1321 1107 holocaustis.
1341 1090 1349 1105 ι
1369 1078 1437 1106 Nam
1468 1080 1556 1106 sancti
1579 1079 1625 1107 Dei
1649 1084 1783 1114 martyres

996 1128 1057 1159 post
1083 1132 1192 1160 magna,
1220 1133 1281 1160 qua:
1309 1126 1512 1158 sustinuerunt,
1541 1125 1707 1156 certamina.
1734 1133 1783 1160 per
1837 1143 1839 1147 ι

994 1172 1084 1207 ignem
1107 1175 1134 1199 et
1160 1179 1259 1207 aquam
1284 1174 1468 1208 transgressi,
1493 1174 1521 1200 in
1544 1172 1717 1208 refrigerium
1738 1179 1782 1199 re-

993 1218 1065 1252 cepti
1087 1222 1162 1245 sunt.
1179 1217 1281 1246 Deinde
1302 1219 1386 1254 petita
1409 1219 1580 1247 illa'cmlesti
1600 1226 1631 1246 ac
1648 1227 1711 1247 vera
1733 1218 1781 1246 Dei

993 1263 1085 1296 domo,
1102 1265 1179 1304 aiunt
1196 1274 1202 1291 ε
1223 1274 1232 1290 ι
1249 1265 1406 1292 lntroiboin
1424 1265 1534 1292 domum
1553 1269 1628 1292 tuam
1650 1265 1678 1292 in
1702 1265 1781 1292 holo-

992 1310 1105 1337 caustis.
1127 1319 1136 1336 ι
1166 1309 1263 1345 Utpote
1288 1311 1360 1338 enim
1383 1311 1429 1346 qui
1455 1319 1503 1347 per
1531 1312 1620 1346 ignem
1636 1314 1663 1338 et
1682 1318 1780 1346 aquam

992 1354 1164 1387 transierint,
1180 1354 1340 1383 holocausta
1357 1363 1418 1388 sua,
1431 1356 1509 1391 queis
1527 1356 1688 1391 martyrium
1704 1356 1779 1391 passi

991 1403 1056 1427 sunt
1081 1400 1166 1427 instar
1186 1400 1281 1428 hostia:
1303 1402 1358 1429 Deo
1373 1410 1424 1430 suo
1434 1402 1563 1434 oll'cruut,
1580 1402 1666 1429 multa
1690 1402 1731 1429 usi
1751 1402 1780 1428 in

991 1445 1118 1480 precibus
1133 1445 1282 1474 fundendis
1299 1447 1407 1475 ﬁducia.
1424 1447 1547 1475 Orabant
1565 1448 1665 1483 quippe
1678 1452 1707 1475 ut
1718 1456 1779 1475 cer-

991 1490 1092 1517 tamina
1111 1491 1221 1524 inirent,
1236 1491 1287 1519 hac
1307 1492 1370 1519 data
1383 1493 1578 1527 promissione,
1600 1501 1630 1521 se
1643 1501 1729 1528 usque
1744 1494 1779 1520 ad

990 1541 1104 1563 mortem
1123 1545 1172 1572 pro
1187 1538 1287 1572 pietate
1303 1542 1467 1567 certaturos.
1485 1538 1585 1574 Utpote
1598 1547 1664 1567 vero
1673 1547 1703 1567 re
1711 1540 1780 1567 bene

989 1587 1065 1617 gesta
1081 1590 1129 1618 pro
1145 1591 1198 1619 qua
1212 1585 1314 1619 precati
1330 1584 1449 1618 fuerant,
1463 1585 1574 1612 dicunt:

1025 1685 1108 1715 Vens.
1127 1686 1170 1719 14,
1193 1687 1235 1714 i5.
1251 1696 1261 1713 1
1279 1686 1400 1714 Reddam
1416 1687 1466 1714 tibi
1482 1691 1544 1714 vota
1556 1695 1625 1720 mea,
1641 1696 1702 1723 qua:
1718 1689 1777 1717 dis-

988 1732 1128 1759 tinxerunt
1148 1733 1221 1759 labia
1243 1741 1320 1760 mea:
1337 1737 1363 1761 et
1383 1732 1506 1760 locutum
1521 1737 1564 1761 est
1589 1741 1620 1761 os
1645 1742 1736 1761 meum
1748 1735 1777 1761 in

989 1778 1164 1805 tribulatione
1189 1786 1276 1806 mea.»
1298 1778 1326 1806 In
1354 1779 1422 1814 ipsis
1451 1786 1570 1813 namque
1595 1779 1778 1806 tribulationi-

988 1822 1050 1854 bus.
1068 1823 1101 1850 de
1112 1823 1212 1858 quibus
1228 1831 1311 1858 supra
1329 1824 1458 1851 dicebant
1472 1834 1478 1851 :
1498 1833 1507 1849 1
1523 1823 1644 1852 Posuisti
1661 1825 1778 1852 tribula-

988 1869 1077 1896 tiones
1104 1870 1130 1896 in
1159 1870 1243 1897 dorso
1269 1874 1393 1901 nostro,»
1422 1870 1571 1905 perfectam
1587 1876 1615 1898 et
1639 1871 1774 1906 integram

986 1924 1049 1950 erga
1067 1915 1150 1943 Deum
1165 1916 1327 1943 charitatem
1345 1916 1517 1949 exhibentes,
1535 1924 1630 1951 preces
1653 1917 1776 1945 effunde-

987 1966 1052 1992 bant
1071 1972 1097 1992 et
1112 1965 1248 2000 promissa
1263 1965 1376 1995 dabant,
1394 1973 1423 1992 se
1438 1964 1472 1991 ad
1487 1968 1600 1991 mortem
1617 1972 1703 1999 usque
1719 1972 1777 2000 per-

986 2015 1174 2044 severaturos,
1199 2016 1305 2039 tantum
1340 2020 1394 2039 non
1420 2013 1543 2040 dicentes
1577 2020 1640 2039 cum
1671 2012 1774 2040 Paulo:

989 2067 997 2083 1
1010 2057 1078 2091 Quis
1089 2065 1140 2085 nos
1157 2058 1295 2093 separabit
1311 2066 1325 2085 a
1341 2058 1476 2086 charitate
1494 2058 1560 2086 Dei?
1571 2058 1723 2091 tribulatio,
1740 2066 1776 2085 an

986 2104 1124 2139 angustia,
1139 2112 1172 2130 an
1188 2105 1354 2138 persecutio,
1373 2113 1408 2131 an
1432 2104 1530 2137 fames,
1548 2112 1582 2131 an
1600 2104 1722 2136 nuditas,
1740 2112 1774 2131 an

986 2150 1137 2185 periculum
1149 2150 1192 2176 '”?
1206 2160 1215 2175 ι
1234 2154 1278 2177 et:
1295 2159 1303 2175 1
1316 2150 1413 2178 Certus
1430 2159 1490 2178 sum
1503 2151 1586 2183 enim,
1604 2150 1676 2185 quod
1687 2158 1775 2185 neque

985 2203 1070 2227 mors,
1091 2202 1181 2231 neque
1195 2196 1262 2227 vita,
1279 2204 1368 2230 neque
1391 2197 1546 2231 praesentia,
1566 2204 1655 2231 neque
1680 2195 1774 2222 futura

985 2244 1113 2274 poterunt
1127 2249 1177 2269 nos
1192 2249 1321 2276 separare
1336 2249 1350 2268 a
1367 2241 1501 2269 charitate
1515 2241 1574 2273 Dei,
1598 2249 1659 2276 quae
1681 2244 1723 2268 est
1745 2240 1773 2267 in

983 2287 1094 2314 Christo
1108 2287 1237 2315 Jesu“.n
1258 2287 1320 2315 Haec
1337 2296 1366 2316 se
1378 2292 1439 2315 vota
1458 2288 1512 2315 Deo
1538 2287 1692 2314 reddidisse
1720 2287 1770 2319 ait,

142 2333 172 2359 τὸ
187 2332 274 2368 στόμα
289 2333 379 2360 αὐτῶν
395 2334 424 2359 ἐν
438 2334 471 2368 τῇ
487 2333 573 2368 θλίψει
590 2333 688 2360 αὐτῶν.
706 2333 759 2360 Καὶ
773 2332 884 2359 τοιαῦτά
899 2341 931 2366 γε

991 2341 1046 2368 qua:
1061 2333 1248 2360 distinxerunt
1263 2334 1334 2361 labia
1354 2341 1415 2365 sua,
1432 2337 1459 2360 et
1482 2334 1602 2360 locutum
1617 2337 1660 2360 est
1675 2339 1706 2359 os
1720 2339 1769 2358 eo-

141 2376 175 2414 ἦν
189 2388 198 2404 1
209 2378 244 2405 τὰ
255 2378 469 2414 ὁλοκαυτώματα
479 2389 487 2404 ι
502 2379 591 2405 αὐτῶν
604 2388 613 2404 1
627 2378 828 2414 μεμυαλωμένα
839 2388 848 2403 ι
866 2378 929 2412 ἁλη-

142 2424 206 2456 θῶς.
236 2424 270 2450 Αἰ
294 2424 359 2458 γοῦν
382 2424 467 2459 ψυχαὶ
488 2424 577 2450 αὐτῶν
589 2444 596 2455 ,
615 2424 745 2459 φέρουσαι
762 2423 792 2449 τὸ
808 2424 867 2449 πῖον
884 2423 930 2449 καὶ

140 2470 252 2497 δυνατὸν
278 2471 326 2505 τῆς
352 2470 469 2502 πίστεως
482 2490 489 2502 ,
515 2468 590 2496 εἷπον
613 2470 645 2496 ἂν
666 2470 696 2496 τὸ
715 2471 744 2495 ἐν
760 2469 844 2504 ἑτέρῳ
858 2469 930 2495 λελε-

140 2516 241 2552 γμένον
252 2524 258 2530 ·
277 2526 286 2542 1
301 2517 373 2543 Ὡσεὶ
390 2516 500 2548 στέατος
527 2517 573 2543 καὶ
588 2516 712 2551 πιότητος
727 2515 896 2551 ἐμπλησθείη
914 2516 930 2549 ἡ

140 2562 213 2598 ψυχή
236 2571 285 2597 μου
296 2582 302 2594 ,
320 2563 367 2589 καὶ
386 2562 462 2598 χείλη
480 2562 665 2597 ἀγαλλιάσεως
679 2562 781 2588 αίνέσει
798 2562 828 2588 τδ
843 2563 929 2597 στόμα

142 2614 203 2642 μου.
218 2616 227 2632 ι
241 2606 319 2633 Οὕτω
333 2606 398 2640 γοῦν
415 2616 423 2632 ι
437 2607 638 2643 μεμυαλωμὲνα
649 2618 658 2634 ›
672 2608 779 2641 λέγεται
791 2607 824 2634 τὰ
837 2608 932 2643 εὐτρα-

141 2651 178 2686 φῆ
194 2652 241 2678 καὶ
254 2652 333 2679 πίονα
345 2654 391 2679 καὶ
404 2653 517 2689 λιπαρά.
527 2653 656 2680 Τοιαῦται
667 2654 695 2679 δὲ
707 2653 886 2688 τυγχάνουσιν
901 2654 928 2679 αἱ

140 2697 195 2724 τῶν
210 2698 333 2733 ἀθλητῶν
348 2699 395 2725 τοῦ
411 2699 478 2726 Θεοῦ
494 2700 592 2735 ψυχαὶ,
607 2701 640 2726 ἐκ
655 2700 709 2726 τῶν
727 2700 805 2726 θείων
822 2700 867 2726 καὶ
887 2700 929 2726 λο-

140 2742 226 2776 γικῶν
239 2743 346 2778 τροφῶν
364 2754 373 2770 1
387 2745 598 2780 μιμυαλωμέναι
609 2766 615 2775 ,
630 2755 638 2771 ›
658 2746 704 2772 καὶ
718 2745 799 2780 μηδὲν
816 2745 928 2771 ὑποχεί-

142 2797 222 2825 μενον
235 2789 354 2826 ἔχουσαι,
369 2791 435 2827 μηδὲ
448 2791 567 2823 ἀσθενές·
583 2792 623 2819 διό
638 2801 727 2827 φασιν·
743 2802 752 2817 1
764 2791 929 2819 Ὀλοκαυτώ-

145 2843 218 2870 ματα
245 2836 447 2872 μεμυαλωμένα
463 2837 562 2863 ἀνοίσω
573 2846 614 2864 σοι
632 2837 700 2873 μετὰ
717 2837 897 2873 θυμιάματος.
917 2847 925 2862 ι

983 2386 1044 2405 rum
1064 2380 1090 2405 in
1107 2379 1284 2406 tribulatione
1301 2380 1434 2414 ipsorum.
1456 2379 1488 2405 Et
1505 2380 1562 2406 haec
1585 2387 1649 2407 vere
1675 2387 1770 2407 eorum

988 2434 996 2450 1
1017 2425 1177 2452 holocausta
1204 2425 1362 2452 medullata.
1380 2434 1389 2450 ι
1412 2425 1516 2451 Anima
1533 2425 1625 2459 itaque
1648 2424 1771 2460 ipsorum

985 2470 1093 2504 adipem
1116 2478 1148 2497 ac
1173 2470 1303 2497 virtutem
1329 2470 1390 2497 fidei
1410 2469 1539 2503 ferentes,
1563 2469 1630 2497 illud
1649 2469 1770 2498 dixerint

986 2517 1040 2544 alio
1060 2519 1087 2544 in
1107 2517 1212 2552 psalmo
1235 2518 1371 2552 positum:
1391 2516 1485 2544 1Sicul
1510 2516 1589 2551 adipe
1605 2520 1632 2544 et
1656 2517 1770 2552 pingue-

982 2562 1046 2589 dine
1070 2563 1210 2597 repleatur
1226 2563 1318 2589 anima
1334 2570 1403 2594 mea,
1430 2567 1458 2590 et
1482 2562 1562 2590 labiis
1578 2563 1770 2591 exsultationis

982 2607 1102 2634 laudabit
1124 2615 1155 2634 os
1170 2608 1315 2637 meuni’h
1340 2608 1386 2636 Sic
1399 2616 1464 2644 ergo
1479 2608 1674 2641 crassitudine.
1689 2609 1769 2643 adipe

981 2659 1007 2680 et
1027 2653 1192 2688 pinguedine
1213 2654 1324 2687 referta,
1350 2663 1359 2680 1
1371 2655 1518 2681 medullata
1531 2664 1540 2680 ι
1558 2655 1697 2682 dicuntur.
1715 2654 1768 2682 Ta-

981 2700 1020 2726 les
1047 2707 1128 2734 porro
1153 2704 1217 2727 Sunt
1241 2701 1407 2728 athletarum
1425 2700 1470 2728 Dei
1495 2700 1603 2733 animae,
1626 2700 1726 2728 divinis
1739 2704 1767 2727 et

979 2746 1189 2774 rationabilibus
1212 2747 1281 2774 cibis
1299 2757 1308 2772 1
1322 2747 1486 2780 medullalze,
1505 2756 1515 2773 ι
1535 2747 1602 2774 nihil
1617 2747 1764 2782 abjectum,

978 2792 1117 2819 infirmum
1143 2792 1211 2820 nihil
1232 2793 1364 2821 habentes
1385 2803 1391 2820 :
1418 2801 1505 2828 quare
1533 2793 1646 2820 dicunt:
1660 2791 1765 2819 «11010-

980 2843 1076 2866 causta
1094 2839 1240 2867 medullala
1267 2840 1378 2868 oderam
1402 2840 1453 2867 tibi
1469 2840 1687 2868 cuminccnso.»
1716 2837 1763 2868 ln~

176 2913 201 2930 "‘
214 2913 288 2943 Psal.
308 2921 382 2948 xxvr,
396 2914 422 2943 6.
460 2915 481 2930 “
497 2912 577 2944 Hom.
593 2922 652 2949 Vill,
668 2914 711 2944 55.
751 2916 773 2932 "
789 2915 858 2944 ibid.
877 2915 921 2945 38.

995 2914 1066 2943 Psal.
1081 2922 1150 2948 Lm,
1162 2915 1189 2943 6.
