2041 3215
300 188 354 218 631

644 192 779 221 EUSEBH
794 189 1036 221 CESARIENSIS
1055 192 1130 222 OPP.
1147 194 1237 222 PARS
1250 194 1294 224 Ill.
1318 210 1353 215 —
1367 194 1569 223 EXEGETICA.

1876 197 1924 224 668

302 262 345 282 cer
355 261 415 283 sum
435 261 501 281 vero
516 253 582 281 illud
604 242 741 289 intelligas
769 260 803 280 ex
820 252 873 280 hoc
888 253 981 281 dicto:
1005 262 1015 279 ι
1029 252 1081 280 Fial

1138 254 1255 288 Νοήσεις
1265 253 1293 280 δὲ.
1305 253 1352 281 καὶ
1367 253 1398 280 τὸ
1413 253 1538 289 θυμίαμα
1549 252 1603 279 ἀπὸ
1615 252 1664 288 τῆς
1676 252 1808 289 λεγούσης
1819 254 1908 289 φωνῆς
1916 263 1923 271 ο

302 300 391 326 oratio
416 306 476 326 mea
502 299 576 327 sicut
598 299 743 326 incensum
768 297 797 325 in
816 303 964 333 conspectu
981 298 1085 326 tuo".i

303 345 349 372 lla:
364 346 448 380 igitur
462 345 570 376 animat.
597 343 734 379 spirituali
758 344 820 378 igne
850 347 982 378 purgatae,
1011 344 1088 371 holo-

301 395 397 418 causta
426 390 522 418 fuere:
549 390 606 417 sive
630 389 805 416 sacerdotum
826 388 914 416 instar
939 389 1005 424 ipsa:
1025 397 1087 416 cor-

301 446 367 474 pora
384 445 445 469 sua,
471 440 564 472 utpote
580 436 642 470 igne
655 438 858 465 consummata,
875 435 903 461 in
927 434 1086 463 holocausta

300 485 469 512 obtulerunt.
497 483 642 510 Orationes
657 485 748 508 autem
765 481 887 515 ipsarum
905 481 1085 516 thymiamata

302 530 416 558 fuerint.
445 528 581 562 Quoniam
610 536 676 554 vero
701 527 812 558 arietes,
839 527 922 554 boves
942 533 970 554 et
995 528 1086 554 hircos

299 575 441 602 oblaturas
461 582 491 601 se
508 573 683 608 pollicentur,
698 577 787 599 tecum
806 576 915 607 reputes
931 572 1012 600 velim
1025 573 1082 600 haec

299 620 358 654 ipsa
392 626 424 646 ex
455 619 642 653 apostolorum
674 617 828 644 Servatoris
865 624 983 652 persona
1012 618 1086 645 dicta

298 665 393 697 fuisse,
412 671 516 700 perque
534 664 637 696 hircos,
654 664 738 690 boves
772 667 800 690 et
831 664 931 691 arietes
950 671 1008 694 eos.
1037 665 1084 699 qui

297 719 349 739 suo
375 711 562 746 apostolorum
591 710 674 737 ductu
697 709 817 742 fuerunt,
844 709 991 744 intelligas.
1017 709 1084 736 Nam

297 758 387 792 primo
401 757 454 792 ipsi
472 761 607 792 martyres
634 756 682 783 Dei
705 756 800 789 fuere;
829 756 927 783 deinde
944 756 1015 784 alios
1042 757 1084 784 sui

297 800 421 827 inlinitos
450 800 604 827 imitatores
629 803 656 827 et
682 800 796 827 aemulos
821 800 989 834 excitarunt,
1015 808 1084 836 quos

297 847 376 882 quasi
392 848 527 874 culturam
541 855 618 874 suam
634 847 690 874 Deo
705 847 833 875 oﬂ‘eruut.
850 848 958 875 Arietes
969 848 1083 881 dixeris,

298 892 436 927 principes
458 892 656 923 Ecclesiarum.
678 893 712 920 de
738 893 839 928 quibus
862 892 890 919 in
919 892 1084 928 prazccdenti

298 939 402 973 psalmo
412 938 569 965 dicebatur:
590 948 598 963 ι
615 938 702 965 lnduti
720 942 784 966 sunt
803 939 904 966 arietes
921 939 1081 966 ovium":i
1101 935 1121 962 B

296 992 365 1018 quos
383 984 455 1011 velut
472 991 584 1018 gregum
600 983 685 1010 duces
700 984 750 1018 ipsi
764 984 984 1017 constituerunt;
1002 984 1085 1012 limes

296 1034 397 1061 autem,
420 1030 527 1057 animas
548 1030 575 1056 in
596 1030 727 1056 armentis
744 1029 875 1057 Ecclesim
896 1031 1083 1064 constitutas;

295 1076 397 1103 etenim
414 1085 423 1100 ι
437 1075 477 1102 An
495 1075 528 1103 de
553 1076 650 1107 bobus,
670 1072 767 1110 inquit,
795 1083 861 1103 cura
886 1079 928 1103 est
944 1075 998 1103 Deo
1020 1077 1082 1103 ⁷⁸2»

295 1122 344 1149 sed
363 1122 396 1149 de
413 1122 494 1149 nobis
519 1130 633 1157 prorsus
654 1122 784 1157 loquitur.
810 1121 885 1149 Hirci
905 1130 969 1150 vero
983 1122 1084 1150 fuerint

296 1168 313 1195 ii
336 1168 382 1204 qui
397 1176 491 1196 recens
507 1169 575 1200 nati,
587 1172 614 1196 et
632 1169 761 1203 procella:
782 1176 905 1203 tempore
934 1169 988 1196 orti
1015 1170 1082 1197 sint.

296 1214 387 1246 Quare
401 1215 552 1242 secundum
566 1215 688 1249 reliquos
700 1215 876 1249 interpretes,
892 1224 901 1240 ‹
913 1219 940 1242 et
953 1216 1080 1248 deserti,»

297 1264 390 1295 utpote
413 1261 460 1296 qui
486 1262 707 1296 persecutionem
742 1261 899 1295 eﬂ'ugeriut,
913 1292 920 1298 .
937 1267 1080 1289 vocantur.

297 1306 330 1333 Et
344 1307 394 1335 hos
417 1308 509 1343 itaque
526 1307 605 1343 quasi
620 1308 742 1335 novellos
757 1312 784 1335 et
807 1307 841 1334 ab
865 1315 894 1334 se
914 1308 1013 1335 ductos
1029 1308 1083 1335 Deo

295 1352 423 1386 oﬂ‘crunt,
440 1345 590 1387 gloriantes
607 1354 707 1388 singuli
721 1353 754 1380 de
770 1353 803 1380 iis
813 1360 884 1388 quos
895 1354 1079 1381 adduxerunt.

295 1399 357 1426 “me
375 1400 466 1434 itaque
482 1407 497 1427 a
512 1400 593 1427 nobis
609 1400 691 1427 modo
710 1400 860 1434 spirituali,
881 1404 908 1427 et
925 1399 1080 1426 divinarum

295 1444 502 1480 Scripturarum
526 1446 670 1480 promissis
693 1449 890 1478 consentaneo,
907 1446 1081 1473 considerata

294 1495 370 1517 smlt.
400 1489 433 1516 Et
458 1498 524 1518 sane
549 1498 596 1525 par
617 1494 659 1518 est
689 1491 747 1518 haec
767 1498 828 1526 quae
850 1490 908 1525 jam
929 1495 1081 1517 tractamus

294 1537 374 1563 verba
398 1537 438 1563 sic
453 1536 615 1572 intelligere,
633 1537 724 1572 potius
739 1544 820 1570 quam
842 1535 1003 1563 Iudaeorum
1022 1537 1081 1563 ine-

294 1589 354 1619 ptas
375 1584 437 1612 illas
452 1584 559 1611 fabulas
575 1585 764 1616 admittamus,
780 1584 865 1611 Deum
882 1584 988 1611 scilicet
1003 1583 1080 1610 holo-

294 1630 409 1662 caustis,
438 1630 625 1665 thymiamatis
663 1638 773 1658 sensum
812 1630 996 1661 moventibus,
1034 1633 1081 1655 aut

294 1675 423 1705 arietum,
452 1675 534 1702 boum
561 1679 588 1702 et
615 1675 755 1703 hircorum
780 1676 914 1711 sanguine
940 1676 1080 1703 delectari.

294 1720 360 1752 Qua:
375 1727 441 1747 sane
458 1720 550 1746 omnia
574 1728 622 1755 per
646 1722 807 1756 prophetam
834 1723 893 1757 ipse
915 1723 986 1751 Deus
999 1731 1081 1758 repu~

294 1766 349 1792 sliat
364 1766 406 1792 his
432 1766 542 1794 verbis:
562 1776 571 1792 ι
584 1766 654 1799 Quid
671 1768 736 1794 mihi
755 1768 957 1796 multitudinem
975 1770 1081 1797 sacriti-

293 1813 399 1839 ciorum
412 1816 576 1845 vestrorum,
591 1813 656 1840 dicit
674 1813 824 1842 Dominus:
841 1815 939 1849 plenus
953 1823 1013 1843 sum
1031 1816 1082 1842 ho-

293 1857 424 1885 locaustis
444 1858 574 1890 arietum,
599 1863 626 1885 et
655 1859 764 1894 adipem
792 1867 936 1894 agnorum.
969 1862 1081 1896 sangui-

292 1911 407 1939 nemque
432 1909 573 1932 taurorum
597 1909 624 1932 et
646 1904 788 1933 hircorum
813 1906 886 1933 nolo.
917 1906 985 1939 Quis
1007 1908 1080 1934 enim

294 1952 351 1979 haec
371 1953 514 1987 requisivit
539 1952 573 1980 de
598 1954 725 1981 manibus
753 1956 854 1982 vestris
866 1955 887 1970 ⁷⁷
902 1955 912 1981 .7
926 1965 934 1980 ι
962 1955 995 1982 Et
1012 1957 1081 1984 alias

294 1998 352 2025 haec
368 2000 508 2025 contraria
529 2000 632 2026 fuerint
654 2000 687 2027 iis
706 2008 767 2035 quae
789 2002 866 2035 prius
888 2002 993 2036 psalmo
1018 2010 1082 2028 xux

292 2045 365 2070 dicta
387 2048 461 2075 sunt,
480 2046 526 2072 ubi
552 2053 585 2072 ex
604 2054 722 2081 persona
750 2046 794 2073 Dei
828 2047 930 2074 fertur:
954 2056 964 2072 ‹
978 2047 1037 2074 Non
1053 2048 1080 2074 in

293 2090 437 2117 sacriﬁciis
452 2091 507 2118 tuis
523 2099 635 2126 arguam
652 2096 679 2120 te
691 2093 713 2108 ⁷⁸
727 2102 734 2123 ;
751 2102 760 2118 ι
780 2096 823 2120 et:
844 2103 853 2118 (
870 2093 928 2120 Non
949 2094 1081 2128 accipiam

292 2134 326 2160 de
342 2134 423 2161 domo
439 2139 485 2162 tua
503 2136 614 2168 vitulos,
638 2145 727 2172 neque
743 2138 776 2164 de
796 2139 925 2173 gregibus
946 2140 1000 2166 tuis
1022 2139 1080 2165 hir-

293 2188 350 2207 cos.
372 2180 505 2213 Quoniam
519 2190 585 2209 mete
598 2188 662 2209 sunt
678 2191 773 2210 omnes
789 2184 852 2211 fera).
876 2185 1019 2215 silvarum.
1035 2185 1080 2219 ju-

293 2230 384 2253 menta
402 2226 429 2253 iu
446 2227 587 2255 montibus
613 2233 639 2254 et
655 2229 785 2262 boves";
804 2238 813 2254 ι
833 2229 884 2256 sub
901 2229 958 2256 haec
972 2234 1078 2257 autem:

1142 309 1152 325 ι
1165 299 1331 336 Γενηθήτωή
1341 301 1479 336 προσευχὴ
1493 308 1544 336 μου
1553 300 1591 332 ὡς
1598 299 1721 335 θυμίαμα
1729 298 1846 327 ἐνώπιόν
1853 308 1907 327 σου.
1914 310 1923 325 ι

1138 335 1223 373 Αὒταιι
1235 346 1284 381 μὲν
1295 344 1341 372 οὖν
1352 335 1380 373 αἱ
1395 335 1542 382 ψυχαὶίτῷ
1555 345 1731 381 πνευματικῷ
1742 346 1810 382 πυρὶ
1823 346 1924 382 καθαρ-

1139 392 1227 418 θεῖσαι
1240 411 1247 423 ,
1272 391 1484 428 ὁλοκαυτώματα
1505 392 1666 426 γεγόνασιν,
1689 392 1706 428 ἢ
1727 392 1805 428 δίκην
1823 392 1924 428 ἱερείων

1138 434 1217 463 αὗται
1226 436 1259 463 τὰ
1268 437 1371 463 ἑαυτῶν
1383 437 1502 472 ὀνόματα
1510 437 1532 472 (1
1540 438 1559 472 ),
1572 437 1610 469 ὡς
1621 437 1653 464 ἂν
1663 436 1706 464 διὰ
1721 436 1807 473 πυρὸς
1819 436 1924 464 τελειω-

1138 483 1228 515 θέντα,
1241 483 1453 518 ὁλοκαυτώματα
1468 483 1698 518 προσηνέγκαντο.
1720 483 1752 510 Αἱ
1767 483 1795 510 δὲ
1809 491 1924 519 προσευ-

1137 529 1183 564 χαὶ
1197 529 1286 556 αὐτῶν
1300 528 1354 556 εἶεν
1368 529 1401 556 ἂν
1413 529 1446 556 τὰ
1457 529 1626 565 θυμιάματα.
1650 530 1726 556 Ἐπεὶ
1736 530 1765 557 δὲ
1775 531 1870 566 κριοὺς
1879 531 1925 558 καὶ

1138 575 1201 610 βόας
1220 575 1289 610 μετὰ
1308 576 1432 612 χιμάρων
1451 576 1566 602 ἀνοίσειν
1577 576 1797 611 ἐπαγγέλλονται,
1814 577 1926 613 ἐπιστή-

1138 630 1194 652 σεις
1213 622 1287 653 ὅπως
1303 622 1410 657 εἴρηται
1427 622 1473 648 καὶ
1486 622 1571 648 ταῦτα
1583 623 1615 648 ὲκ
1633 621 1778 657 προσώπου
1793 623 1848 650 τῶν
1859 623 1923 650 ἀπο-

1137 665 1237 691 στόλων
1250 665 1296 691 τοῦ
1319 666 1443 702 Σωτῆρος
1457 687 1464 698 ,
1487 666 1549 697 τοὺς
1570 666 1616 692 ὑπ’
1629 666 1717 693 αὐτῶν
1735 667 1924 703 προηγμένους

1136 712 1269 747 χιμάρους
1286 713 1333 739 καὶ
1356 712 1421 747 βόας
1438 714 1484 739 καὶ
1505 714 1597 748 κριοὺς
1619 714 1728 749 νοήσας.
1753 713 1863 750 Πρῶτοι
1878 714 1925 750 μὲν

1135 760 1189 794 γὰρ
1206 759 1342 795 μάρτυρες
1357 760 1433 786 αὐτοὶ
1451 760 1496 786 τοῦ
1511 759 1579 786 Θεοῦ
1595 761 1754 795 γεγόνασιν·
1767 759 1829 787 εἶτα
1842 769 1925 797 μιμη-

1134 806 1184 837 τὰς
1200 806 1304 832 ἑαυτῶν
1316 806 1362 832 καὶ
1374 806 1496 841 ζηλωτὰς
1511 807 1622 842 μυρίους
1636 807 1730 838 ἄλλους
1745 808 1927 843 κατεστήσαν-

1134 860 1165 877 το
1175 872 1182 883 ,
1199 851 1245 883 οὒς
1259 851 1353 887 ὥσπερ
1369 853 1455 878 οἰκεῖα
1469 852 1588 888 γεώργια
1602 852 1641 888 τῷ
1656 852 1715 888 Θεῷ
1730 853 1924 889 προσφέρωσι.

1135 898 1236 932 Κριοὺς
1251 897 1299 932 μὲν
1315 898 1377 928 τοὺς
1394 897 1527 932 ἄρχοντας
1542 897 1596 923 τῶν
1610 896 1787 933 Ἐκκλησιιῖιν,
1809 898 1876 933 περὶ
1889 894 1925 924 ὧν

1136 943 1181 970 καὶ
1196 944 1224 969 ὲν
1236 943 1275 978 τῷ
1292 943 1344 978 πρὸ
1362 943 1456 969 τούτου
1473 942 1572 978 ψαλμῴ
1588 943 1696 977 ἐλέγετο
1706 952 1714 959 ·
1733 953 1742 969 ι
1753 943 1925 970 Ἐνεδύσαντο

1136 990 1159 1015 οί
1172 989 1244 1024 κριοὶ
1251 988 1304 1015 τῶν
1314 989 1456 1024 προϐάτων
1466 998 1471 1003 ·
1483 999 1493 1016 ›
1504 988 1550 1021 οὒς
1561 989 1654 1025 ὥσπερ
1665 990 1797 1025 ποιμνίων
1805 990 1924 1025 ἡγουμέ-

1135 1044 1195 1067 νους
1210 1035 1286 1062 αὐτοὶ
1300 1035 1469 1070 κατέστησαν
1483 1044 1490 1051 ’
1518 1036 1582 1071 βόας
1595 1036 1622 1062 δὲ
1644 1035 1692 1067 τὰς
1714 1036 1742 1062 ἐν
1759 1038 1791 1072 τῇ
1812 1035 1912 1072 Ἐκκλη

1135 1082 1180 1116 σία
1193 1081 1394 1117 ἁγελαζομένας
1404 1082 1491 1117 ψυχάς
1501 1090 1508 1097 ·
1526 1091 1534 1107 ι
1545 1082 1589 1118 Μὴ
1603 1082 1656 1119 γὰρ
1678 1083 1732 1110 τῶν
1750 1083 1835 1118 βοῶν,
1849 1083 1923 1118 φησι,

1136 1127 1210 1162 μέλει
1234 1127 1273 1162 τῷ
1294 1127 1371 1162 Θεῷ;
1389 1137 1398 1152 ι
1417 1128 1433 1163 ἢ
1451 1128 1483 1154 δι’
1500 1129 1573 1163 ἡμᾶς
1587 1129 1695 1160 πάντως
1709 1129 1799 1163 λέγει·
1814 1129 1926 1171 χίμαροι

1133 1172 1161 1198 δὲ
1178 1173 1201 1198 οἱ
1216 1173 1368 1208 ἀρτιγενεῖς
1383 1174 1429 1199 καὶ
1446 1173 1483 1208 τῷ
1499 1173 1586 1209 καιρῷ
1599 1173 1646 1200 τοῦ
1661 1174 1794 1210 χειμῶνος
1809 1183 1923 1210 γεγενη-

1135 1218 1208 1253 μένοι
1234 1217 1288 1245 εἴεν
1311 1219 1343 1245 ἄν
1394 1220 1439 1245 Διὸ
1454 1220 1524 1246 κατὰ
1539 1221 1602 1252 τοὺς
1617 1220 1727 1252 λοιποὺς
1743 1221 1923 1256 ἐρμηνευτὰς,

1136 1273 1145 1289 ι
1158 1265 1204 1291 καὶ
1212 1264 1260 1300 ἕρη
1266 1273 1310 1300 μοι
1320 1285 1326 1297 ,
1340 1275 1348 1291 ι
1361 1265 1399 1297 ὠς
1409 1265 1453 1292 τὸν
1462 1266 1509 1292 τοῦ
1518 1266 1636 1301 διωγμοῦ
1646 1266 1739 1302 καιρὸν
1747 1267 1923 1301 ἐκφυγόντες,

1132 1311 1340 1347 ὠνομάσθησαν.
1357 1313 1413 1338 Καὶ
1426 1312 1536 1344 τούτους
1548 1312 1691 1348 τοιγαροῦν
1704 1313 1742 1345 ὡς
1754 1313 1788 1340 ἂν
1799 1312 1922 1348 νεογνοὺς

1132 1357 1178 1383 καὶ
1202 1357 1247 1383 ὑπ’
1264 1357 1353 1385 αὐτῶν
1366 1358 1556 1394 προηγμένους
1579 1357 1617 1392 τῷ
1639 1358 1698 1394 Θεῷ
1724 1358 1908 1394 προσάγουσιν

1131 1403 1246 1435 ἕκαστος
1267 1404 1309 1438 ἐφ’
1327 1401 1367 1436 οἷς
1389 1404 1561 1440 προηγάγετο
1586 1404 1793 1440 σεμνυνόμενος.
1832 1404 1923 1432 Ταῦτα

1133 1450 1182 1485 μὲν
1196 1448 1242 1476 οὖν
1254 1450 1445 1485 πνευματικῶς
1458 1451 1504 1477 καὶ
1516 1451 1674 1486 πρεπόντως
1685 1452 1717 1486 τῇ
1731 1450 1786 1477 τῶν
1797 1450 1923 1478 θεοπνεύ-

1132 1505 1201 1522 στων
1208 1496 1321 1531 Γραφῶν
1333 1496 1484 1532 ἐπαγγελίᾳ
1495 1496 1661 1532 τεθεώρηται
1673 1498 1748 1532 ἡμῖν.
1759 1498 1815 1524 Καὶ
1824 1498 1923 1534 πρέπει

1131 1551 1162 1576 γε
1177 1543 1260 1574 ὅντως
1276 1542 1384 1569 ἀκούειν
1398 1543 1451 1569 τῶν
1466 1543 1663 1578 προκειμένων,
1677 1543 1693 1579 ἦ
1708 1543 1778 1570 κατὰ
1791 1543 1841 1574 τὰς
1859 1544 1923 1570 Ἰου-

1132 1588 1213 1614 δαίων
1224 1588 1353 1619 ταπεινὰς
1370 1589 1531 1623 μυθολογίας
1542 1588 1748 1624 ὁλοκαυτώμασι
1761 1590 1868 1625 χαίρειν
1878 1590 1921 1616 τὸν

1132 1635 1208 1666 Θεὸν,
1225 1635 1241 1670 ἢ
1258 1634 1425 1670 θυμιάμασιν
1441 1635 1588 1670 αἰσθητοῖς,
1604 1636 1620 1671 ἢ
1638 1636 1722 1671 κριῶν
1735 1636 1781 1662 καὶ
1795 1635 1866 1671 βοῶν
1877 1636 1922 1663 καὶ

1132 1679 1257 1714 χιμάρων
1273 1679 1386 1714 αἷμασιν
1404 1680 1597 1706 ὑπονοούντων.
1620 1681 1652 1705 *Α
1665 1680 1697 1715 δὴ
1713 1680 1802 1707 πάντα
1818 1680 1864 1708 διὰ
1875 1680 1922 1708 τοῦ

1132 1725 1272 1759 προφήτου
1288 1724 1369 1756 αὐτὸς
1384 1725 1398 1750 ὁ
1412 1724 1477 1756 Θεὸς
1495 1725 1668 1758 παραιτεῖται
1685 1724 1770 1759 λέγων
1780 1732 1787 1739 ·
1813 1734 1824 1751 σ
1834 1724 1867 1751 Τί
1879 1734 1923 1760 μοι

1133 1769 1234 1804 πλῆθος
1244 1769 1297 1796 τῶν
1314 1770 1415 1797 θυσιῶν
1427 1771 1502 1806 ὑμῶν
1513 1779 1519 1803 ;
1537 1771 1609 1805 λέγει
1619 1771 1734 1807 Κύριος·
1749 1770 1858 1807 πλήρης
1867 1772 1923 1807 είμὶ

1132 1815 1364 1851 ὁλοκαυτωμάτων
1379 1817 1477 1851 κριῶν,
1494 1819 1539 1844 καὶ
1557 1818 1639 1854 στέαρ
1654 1818 1743 1854 ἀρνῶν
1755 1818 1802 1845 καὶ
1818 1818 1924 1853 αἵματα

1132 1862 1239 1897 ταύρων
1254 1863 1301 1889 καὶ
1314 1863 1422 1899 τράγων
1433 1864 1463 1889 οὐ
1480 1863 1619 1899 βούλομαι.
1645 1863 1692 1895 Τίς
1701 1863 1760 1900 ,γὰρ
1775 1862 1923 1899 ὲξεζήτησε

1132 1909 1216 1935 ταῦτα
1224 1910 1256 1936 ὲκ
1266 1910 1319 1936 τῶν
1330 1910 1430 1945 χειρῶν
1442 1910 1518 1945 ὑμῶν
1528 1919 1551 1943 ;›
1561 1911 1616 1938 Καὶ
1628 1910 1715 1942 ἄλλως
1726 1912 1751 1945 γ’
1759 1910 1792 1937 ἂν
1805 1911 1849 1946 εἴη
1858 1910 1925 1938 ταῦ-

1131 1964 1164 1981 τα
1180 1955 1289 1982 ἐναντία
1303 1957 1359 1987 τοῖς
1375 1956 1530 1991 ἔμπροσθεν
1546 1957 1617 1983 κατὰ
1630 1957 1674 1983 τὸν
1693 1956 1740 1992 μθ¹
1756 1957 1864 1993 ψαλμὸν
1880 1957 1923 1984 λε-

1132 2000 1281 2034 λεγμένοις,
1293 2002 1321 2027 ὲν
1333 1998 1372 2032 οἷς
1383 2001 1415 2027 ἐκ
1425 2001 1570 2036 προσώπου
1583 2002 1628 2029 τοῦ
1638 2002 1706 2029 Θεοῦ
1717 2002 1840 2037 ἐλέγετο·
1850 2004 1922 2031 «οὐκ

1132 2046 1177 2072 ἐπὶ
1191 2047 1250 2077 ταῖς
1267 2046 1372 2077 θυσίαις
1384 2055 1430 2074 σου
1447 2047 1548 2082 ἐλέγξω
1561 2056 1606 2074 σε·
1621 2057 1630 2073 ι
1647 2048 1710 2075 καί·
1727 2058 1736 2074 t
1748 2049 1786 2075 οὐ
1802 2048 1923 2085 λήψομαι

1131 2093 1163 2118 ὲκ
1178 2092 1224 2117 τοῦ
1240 2092 1314 2119 οίκου
1327 2101 1373 2119 σου
1387 2094 1519 2128 μόσχους,
1536 2094 1596 2121 οὐδὲ
1609 2094 1642 2121 ἐκ
1658 2095 1711 2121 τῶν
1723 2094 1856 2130 ποιμνίων
1876 2104 1922 2122 σου

1132 2137 1278 2173 χιμάρους·
1295 2139 1335 2165 ὅτι
1352 2139 1406 2174 ἐμά
1419 2140 1477 2165 ἐστι
1494 2140 1582 2167 πάντα
1600 2140 1634 2167 τὰ
1650 2140 1732 2175 θηρία
1743 2140 1791 2167 τοῦ
1805 2140 1921 2177 δρυμοῦ,

1133 2184 1217 2219 κτήνη
1233 2185 1261 2210 ὲν
1274 2185 1329 2216 τοῖς
1344 2185 1419 2220 δρεσι
1435 2186 1483 2212 καὶ
1498 2186 1557 2221 βόες
1567 2195 1573 2201 ·
1585 2196 1593 2211 ι
1622 2186 1669 2212 καὶ
1684 2186 1747 2222 ἑξῆς
1759 2194 1766 2201 '
1786 2195 1796 2212 ι
1806 2187 1854 2222 Μὴ
1872 2186 1923 2221 φά-

1131 2238 1214 2264 γομαι
1228 2230 1296 2266 κρέα
1307 2231 1423 2266 ταύρων,
1435 2232 1452 2267 ἣ
1465 2231 1532 2267 αἷμα
1544 2232 1628 2268 κριῶν
1641 2233 1754 2268 πίομαι;
1767 2243 1775 2259 ν
1792 2233 1856 2265 Πῶς
1867 2233 1921 2269 γὰρ

296 2282 304 2298 ι
324 2272 450 2308 Nunquid
466 2273 637 2300 manducabn
652 2282 750 2301 carnes
767 2279 920 2306 taurorum,
947 2280 994 2302 aut
1016 2284 1080 2303 san-

1133 2275 1245 2307 ὲκεῐνοις
1260 2276 1391 2311 σύμφωνα
1410 2277 1443 2303 ἂν
1458 2278 1501 2312 εἴη
1514 2279 1547 2304 τά
1560 2278 1597 2310 ὡς
1612 2279 1675 2314 περὶ
1688 2279 1922 2315 ὁλοκαυτωμάτων

291 2317 399 2352 guinem
413 2317 551 2344 hircorum
561 2319 659 2353 potabo
667 2319 709 2344 5°?
721 2329 730 2344 ι
746 2319 796 2352 Qui
812 2319 885 2346 enim
909 2320 963 2348 illis
980 2328 1079 2348 conso~

291 2367 357 2390 nent
376 2371 438 2399 quae
452 2364 486 2391 de
498 2364 677 2396 holocaustis,
693 2366 834 2395 arietibus.
850 2366 938 2394 bobus
950 2370 977 2393 et
992 2366 1077 2394 hircis

291 2407 336 2435 hic
358 2409 525 2436 traduntur?
544 2408 577 2436 Et
592 2417 658 2437 sane
682 2410 739 2445 ipse
758 2410 841 2437 David
866 2412 993 2445 superius
1008 2421 1073 2439 conv

292 2455 392 2480 titcmlo
407 2455 532 2483 dixerat:
551 2465 560 2480 ‹
573 2456 708 2489 Quoniam
721 2457 743 2483 si
756 2458 890 2485 voluisses
901 2458 1077 2489 sacriﬁcium,

291 2499 428 2526 dedissem
443 2502 549 2536 utique,
564 2502 732 2530 holocaustis
754 2511 808 2530 non
821 2503 1031 2531 delectaberis“
1046 2514 1052 2537 ;
1067 2515 1074 2530 ›

291 2550 318 2572 et
334 2545 362 2572 in
377 2546 430 2573 alio
451 2548 568 2575 iterum:
589 2557 598 2573 ‹
613 2548 786 2576 Sacriﬁcium
802 2555 829 2577 et
845 2551 1014 2578 oblationem
1032 2560 1078 2578 no-

291 2590 378 2621 luisti,
396 2598 496 2626 corpus
511 2597 602 2620 autem
629 2595 730 2629 aptasti
755 2595 833 2629 mihi.
861 2595 1026 2624 Holocausta
1050 2602 1076 2625 et

291 2644 341 2670 pro
356 2641 469 2671 peccato
493 2646 547 2665 non
563 2644 638 2673 grata
656 2640 775 2668 habuisti
788 2642 837 2667 θ’.)

326 2681 410 2709 Vsus.
423 2682 515 2710 16-20.
529 2693 545 2709 ιι
561 2684 667 2718 Venite,
688 2687 781 2714 audite
794 2692 821 2714 et
837 2689 965 2720 narrabo,
981 2697 1077 2717 omnes

290 2728 337 2762 qui
354 2729 455 2756 timetis
471 2728 565 2762 Deum,
579 2736 681 2765 quanta
695 2732 758 2769 fecit
771 2733 867 2761 animae
884 2743 975 2762 meas.»
993 2734 1074 2762 Iidem

291 2774 421 2810 superius
453 2774 594 2802 dicebant:
617 2787 625 2802 ‹
639 2776 733 2805 Venite
757 2783 784 2806 et
813 2780 901 2809 videte
920 2788 1002 2815 opera
1016 2780 1074 2812 Dei,

1132 2321 1178 2346 καὶ
1192 2321 1276 2356 κριῶν
1289 2322 1335 2347 καὶ
1348 2322 1416 2357 βοῶν
1432 2325 1478 2350 καὶ
1489 2324 1613 2359 χιμάρων
1622 2324 1739 2352 ἐνταῦθα
1752 2325 1916 2361 λελεγμένας

1131 2367 1185 2392 Καὶ
1203 2367 1255 2402 μὴν
1272 2368 1351 2399 αὐτὸς
1371 2369 1384 2395 ὁ
1398 2369 1479 2396 Δαυῖδ
1493 2370 1535 2396 διά
1556 2370 1609 2396 τῶν
1627 2370 1781 2406 ἔμπροσθεν
1794 2371 1919 2407 ἐξομολο-

1130 2413 1176 2447 γού
1182 2421 1260 2447 μενος
1274 2413 1365 2447 ἔλεγεν
1377 2423 1383 2429 ·
1405 2424 1415 2441 ι
1428 2416 1498 2447 Ὅτι,
1514 2418 1538 2443 εἰ
1553 2417 1687 2453 ἠθέλησας
1701 2418 1795 2444 θυσίαν
1808 2438 1815 2450 ,
1833 2418 1920 2445 ἔδωκα

1132 2459 1165 2486 ἂν
1175 2480 1181 2490 .
1199 2460 1412 2497 ὁλοκαυτώματα
1433 2463 1483 2489 οὐκ
1505 2463 1671 2499 εὐδοκήσεις.
1687 2473 1695 2489 ι
1725 2464 1779 2491 Καὶ
1794 2463 1876 2491 πάλιν
1892 2466 1920 2491 ἐν

1132 2507 1217 2542 ἑτέρῳ
1227 2516 1233 2522 ·
1251 2518 1259 2533 ‹
1271 2508 1370 2534 Θυσίαν
1381 2509 1427 2535 καὶ
1441 2509 1598 2544 προσφορὰν
1612 2510 1661 2536 οὐκ
1674 2509 1820 2544 ἑθέλησας,
1841 2510 1917 2546 σῶμα

1131 2554 1158 2579 δὲ
1172 2555 1326 2590 κατηρτίσω
1342 2564 1395 2590 μοι.
1419 2555 1643 2591 Ὁλοκαυτώματα
1652 2555 1699 2581 καὶ
1709 2555 1772 2591 περ).
1781 2556 1918 2592 ἁμαρτίας

1131 2601 1180 2626 οὐκ
1196 2600 1358 2636 ηὐδόκησας.
1381 2611 1390 2626 ι

1168 2688 1273 2718 «Δεῦτε,
1285 2688 1429 2722 ἀκούσατε,
1438 2689 1666 2724 καὶδιηγήσομαι,
1675 2689 1775 2720 πάντες
1785 2689 1810 2715 ot
1821 2687 1915 2723 φοϐού-

1132 2742 1206 2768 μενοι
1216 2735 1261 2761 τὸν
1275 2735 1351 2766 Θεὸν,
1368 2735 1418 2761 ὅσα
1435 2735 1546 2770 ἐποίησε
1562 2736 1595 2770 τῇ
1607 2735 1679 2770 ψυχῇ
1693 2743 1754 2770 μου.
1768 2744 1777 2759 ι
1794 2734 1826 2761 οι
1841 2733 1914 2761 αὐτοὶ

1131 2780 1177 2806 καὶ
1192 2781 1220 2806 ὲν
1233 2782 1288 2813 τοῖς
1305 2781 1458 2817 ἔμπροσθεν
1473 2781 1564 2816 ἔλεγον
1574 2790 1580 2796 ·
1613 2791 1622 2807 ι
1637 2781 1718 2807 Δεῦτε
1734 2780 1781 2807 καὶ
1797 2780 1866 2807 ἴδετε
1881 2779 1912 2806 τὰ

326 2842 449 2890 tigni.”
457 2851 522 2890 σεξτ
537 2845 610 2890 :11"
624 2845 699 2890 Psal‘.‘
710 2847 846 2890 thv.n'l&_.
882 2848 905 2863 ⁷⁵
917 2847 926 2875 l
940 2848 1004 2890 Cor.
1018 2857 1056 2882 Ix,
1072 2849 1098 2877 9.
1138 2850 1160 2867 "
1174 2850 1225 2879 lsa.
1244 2860 1265 2885 ι,
1279 2852 1321 2885 H,
1341 2853 1383 2880 l2.
1420 2852 1442 2868 ⁷⁸
1457 2851 1528 2881 Psal.
1546 2859 1607 2879 λιιι
1618 2872 1625 2884 ,
1645 2851 1672 2879 8.
1708 2851 1731 2867 ⁷⁷
1749 2850 1816 2890 ibid,
1828 2849 1909 2883 9,10.

292 2878 316 2895 ⁸⁸
336 2879 400 2906 ibid.
418 2880 460 2907 l5.
499 2880 521 2896 ⁸⁸
537 2880 607 2908 Psal.
624 2889 650 2913 1,,
667 2881 709 2909 18.
746 2882 851 2911 "Psal.
873 2891 965 2917 uxu,
983 2883 998 2910 7

330 2926 367 2967 (Ι)
377 2926 535 2964 chcndum
553 2926 675 2965 σώματα.
