  <div class='ocr_page' id='page_1' title='image "/cluster/home/n/w/nwhite01/storage/ocr_20150623/23/njp.32101077772505/342.png"; bbox 0 0 2041 3215; ppageno 0'>
   <div class='ocr_carea' id='block_1_1' title="bbox 157 183 212 213">
    <p class='ocr_par' dir='ltr' id='par_1_1' title="bbox 157 183 212 213">
     <span class='ocr_line' id='line_1_1' title="bbox 157 183 212 213; baseline 0.018 -1"><span class='ocrx_word' id='word_1_1' title='bbox 157 183 212 213; x_wconf 74' lang='lat'><strong>669</strong></span> 
     </span>
    </p>
   </div>
   <div class='ocr_carea' id='block_1_2' title="bbox 706 183 1198 214">
    <p class='ocr_par' dir='ltr' id='par_1_2' title="bbox 706 183 1198 214">
     <span class='ocr_line' id='line_1_2' title="bbox 706 183 1198 214; baseline 0.004 -3"><span class='ocrx_word' id='word_1_2' title='bbox 706 183 957 212; x_wconf 72' lang='lat' dir='ltr'><strong>COMMENTARIA</strong></span> <span class='ocrx_word' id='word_1_3' title='bbox 976 183 1012 212; x_wconf 79' lang='lat' dir='ltr'><strong>IN</strong></span> <span class='ocrx_word' id='word_1_4' title='bbox 1031 184 1198 214; x_wconf 82' lang='lat' dir='ltr'><strong>PSALMOS.</strong></span> 
     </span>
    </p>
   </div>
   <div class='ocr_carea' id='block_1_3' title="bbox 1231 129 1295 181">
    <p class='ocr_par' dir='ltr' id='par_1_3' title="bbox 1231 129 1295 181">
     <span class='ocr_line' id='line_1_3' title="bbox 1231 129 1295 181; baseline 0 -6"><span class='ocrx_word' id='word_1_5' title='bbox 1231 129 1295 181; x_wconf 53' lang='grc' dir='ltr'>οἵ</span> 
     </span>
    </p>
   </div>
   <div class='ocr_carea' id='block_1_4' title="bbox 1731 189 1782 217">
    <p class='ocr_par' dir='ltr' id='par_1_4' title="bbox 1731 189 1782 217">
     <span class='ocr_line' id='line_1_4' title="bbox 1731 189 1782 217; baseline -0.039 0"><span class='ocrx_word' id='word_1_6' title='bbox 1731 189 1782 217; x_wconf 79' lang='grc'><strong>670</strong></span> 
     </span>
    </p>
   </div>
   <div class='ocr_carea' id='block_1_5' title="bbox 155 225 949 282">
    <p class='ocr_par' dir='ltr' id='par_1_5' title="bbox 155 225 949 282">
     <span class='ocr_line' id='line_1_5' title="bbox 155 225 949 282; baseline -0.004 -10"><span class='ocrx_word' id='word_1_7' title='bbox 155 245 224 282; x_wconf 76' lang='grc' dir='ltr'>ζργα</span> <span class='ocrx_word' id='word_1_8' title='bbox 239 243 287 271; x_wconf 89' lang='grc' dir='ltr'><strong>τοῦ</strong></span> <span class='ocrx_word' id='word_1_9' title='bbox 300 243 368 271; x_wconf 86' lang='grc' dir='ltr'>Θεοῦ</span> <span class='ocrx_word' id='word_1_10' title='bbox 378 264 386 276; x_wconf 87' lang='grc'><strong>,</strong></span> <span class='ocrx_word' id='word_1_11' title='bbox 412 242 527 280; x_wconf 65' lang='grc' dir='ltr'>φοϐερδς</span> <span class='ocrx_word' id='word_1_12' title='bbox 543 243 572 270; x_wconf 75' lang='grc' dir='ltr'>ὲν</span> <span class='ocrx_word' id='word_1_13' title='bbox 589 225 696 278; x_wconf 81' lang='grc' dir='ltr'>βουλαῖς</span> <span class='ocrx_word' id='word_1_14' title='bbox 713 242 784 278; x_wconf 79' lang='grc' dir='ltr'>ὑπὲρ</span> <span class='ocrx_word' id='word_1_15' title='bbox 797 242 861 274; x_wconf 80' lang='grc' dir='ltr'>τοὺς</span> <span class='ocrx_word' id='word_1_16' title='bbox 876 241 949 274; x_wconf 85' lang='grc' dir='ltr'>υῑοὺς</span> 
     </span>
    </p>
   </div>
   <div class='ocr_carea' id='block_1_6' title="bbox 1000 225 1783 282">
    <p class='ocr_par' dir='ltr' id='par_1_6' title="bbox 1002 242 1783 279">
     <span class='ocr_line' id='line_1_6' title="bbox 1002 242 1783 279; baseline 0.003 -10"><span class='ocrx_word' id='word_1_17' title='bbox 1002 242 1135 270; x_wconf 80' lang='lat' dir='ltr'><strong>terribilis</strong></span> <span class='ocrx_word' id='word_1_18' title='bbox 1153 243 1180 270; x_wconf 93' lang='lat' dir='ltr'><strong>in</strong></span> <span class='ocrx_word' id='word_1_19' title='bbox 1205 243 1331 271; x_wconf 71' lang='lat' dir='ltr'><strong>consiliis</strong></span> <span class='ocrx_word' id='word_1_20' title='bbox 1358 249 1442 279; x_wconf 79' lang='lat' dir='ltr'><strong>super</strong></span> <span class='ocrx_word' id='word_1_21' title='bbox 1463 242 1533 271; x_wconf 77' lang='lat' dir='ltr'><strong>ﬁlios</strong></span> <span class='ocrx_word' id='word_1_22' title='bbox 1552 243 1720 271; x_wconf 65' lang='lat' dir='ltr'><strong>hominum.»</strong></span> <span class='ocrx_word' id='word_1_23' title='bbox 1750 244 1783 272; x_wconf 74' lang='lat' dir='ltr'><strong>El</strong></span> 
     </span>
    </p>
   </div>
   <div class='ocr_carea' id='block_1_7' title="bbox 155 288 943 327">
    <p class='ocr_par' dir='ltr' id='par_1_7' title="bbox 155 288 943 327">
     <span class='ocr_line' id='line_1_7' title="bbox 155 288 943 327; baseline -0.006 -8"><span class='ocrx_word' id='word_1_24' title='bbox 155 292 209 319; x_wconf 84' lang='grc' dir='ltr'><strong>τῶν</strong></span> <span class='ocrx_word' id='word_1_25' title='bbox 217 290 368 327; x_wconf 79' lang='grc' dir='ltr'>ἀνθρώπων</span> <span class='ocrx_word' id='word_1_26' title='bbox 376 298 383 305; x_wconf 93' lang='grc'><strong>·</strong></span> <span class='ocrx_word' id='word_1_27' title='bbox 390 299 399 316; x_wconf 76' lang='grc' dir='ltr'><strong>ι</strong></span> <span class='ocrx_word' id='word_1_28' title='bbox 409 290 457 317; x_wconf 76' lang='grc' dir='ltr'>καὶ</span> <span class='ocrx_word' id='word_1_29' title='bbox 468 289 655 324; x_wconf 56' lang='grc' dir='ltr'>ταῦτα-ελεγον</span> <span class='ocrx_word' id='word_1_30' title='bbox 662 290 718 321; x_wconf 79' lang='grc' dir='ltr'>τοῖς</span> <span class='ocrx_word' id='word_1_31' title='bbox 726 289 824 315; x_wconf 71' lang='grc' dir='ltr'>ἔθνεσι.</span> <span class='ocrx_word' id='word_1_32' title='bbox 834 289 889 316; x_wconf 77' lang='grc' dir='ltr'>Καὶ</span> <span class='ocrx_word' id='word_1_33' title='bbox 895 288 943 315; x_wconf 89' lang='grc' dir='ltr'><strong>νῦν</strong></span> 
     </span>
    </p>
   </div>
   <div class='ocr_carea' id='block_1_8' title="bbox 155 334 954 371">
    <p class='ocr_par' dir='ltr' id='par_1_8' title="bbox 155 334 954 371">
     <span class='ocr_line' id='line_1_8' title="bbox 155 334 954 371; baseline -0.006 -6"><span class='ocrx_word' id='word_1_34' title='bbox 155 336 202 365; x_wconf 81' lang='grc' dir='ltr'><strong>οὖν</strong></span> <span class='ocrx_word' id='word_1_35' title='bbox 209 337 322 365; x_wconf 58' lang='lat' dir='ltr'><strong>nam:</strong></span> <span class='ocrx_word' id='word_1_36' title='bbox 329 337 407 364; x_wconf 75' lang='grc' dir='ltr'>αὐτοὶ</span> <span class='ocrx_word' id='word_1_37' title='bbox 414 337 506 368; x_wconf 74' lang='grc' dir='ltr'>αὐτοῖς</span> <span class='ocrx_word' id='word_1_38' title='bbox 513 336 569 367; x_wconf 84' lang='grc' dir='ltr'>τοῖς</span> <span class='ocrx_word' id='word_1_39' title='bbox 583 334 771 371; x_wconf 82' lang='grc' dir='ltr'>προσφωνοῦσι</span> <span class='ocrx_word' id='word_1_40' title='bbox 779 335 927 369; x_wconf 82' lang='grc' dir='ltr'><strong>φάσκοντες</strong></span> <span class='ocrx_word' id='word_1_41' title='bbox 935 342 943 350; x_wconf 69' lang='grc'><strong><em>⁸</em></strong></span> <span class='ocrx_word' id='word_1_42' title='bbox 950 340 954 343; x_wconf 86' lang='grc'><strong>’</strong></span> 
     </span>
    </p>
   </div>
   <div class='ocr_carea' id='block_1_9' title="bbox 159 381 943 417">
    <p class='ocr_par' dir='ltr' id='par_1_9' title="bbox 159 381 943 417">
     <span class='ocr_line' id='line_1_9' title="bbox 159 381 943 417; baseline -0.003 -8"><span class='ocrx_word' id='word_1_43' title='bbox 159 393 168 409; x_wconf 78' lang='grc' dir='ltr'><strong>ι</strong></span> <span class='ocrx_word' id='word_1_44' title='bbox 177 383 259 410; x_wconf 81' lang='grc' dir='ltr'>Δεῦτε</span> <span class='ocrx_word' id='word_1_45' title='bbox 276 383 323 410; x_wconf 81' lang='grc' dir='ltr'>καὶ</span> <span class='ocrx_word' id='word_1_46' title='bbox 336 382 481 411; x_wconf 78' lang='grc' dir='ltr'>ἀκούσατε.</span> <span class='ocrx_word' id='word_1_47' title='bbox 492 382 538 408; x_wconf 68' lang='grc' dir='ltr'><strong>καὶ⁴</strong></span> <span class='ocrx_word' id='word_1_48' title='bbox 551 381 726 417; x_wconf 81' lang='grc' dir='ltr'>διηγήσομαι.</span> <span class='ocrx_word' id='word_1_49' title='bbox 741 392 749 407; x_wconf 78' lang='grc' dir='ltr'><strong>ι</strong></span> <span class='ocrx_word' id='word_1_50' title='bbox 761 382 838 412; x_wconf 89' lang='grc' dir='ltr'>Τίνες</span> <span class='ocrx_word' id='word_1_51' title='bbox 845 381 873 407; x_wconf 81' lang='grc' dir='ltr'>δὲ</span> <span class='ocrx_word' id='word_1_52' title='bbox 883 381 943 407; x_wconf 90' lang='grc' dir='ltr'>δεῦ-</span> 
     </span>
    </p>
   </div>
   <div class='ocr_carea' id='block_1_10' title="bbox 155 427 941 464">
    <p class='ocr_par' dir='ltr' id='par_1_10' title="bbox 155 427 941 464">
     <span class='ocr_line' id='line_1_10' title="bbox 155 427 941 464; baseline -0.005 -7"><span class='ocrx_word' id='word_1_53' title='bbox 155 439 202 463; x_wconf 85' lang='grc' dir='ltr'>τε;</span> <span class='ocrx_word' id='word_1_54' title='bbox 220 430 340 463; x_wconf 84' lang='grc' dir='ltr'>ἐπιλέγει</span> <span class='ocrx_word' id='word_1_55' title='bbox 355 428 429 464; x_wconf 62' lang='grc' dir='ltr'>ἑξῆς</span> <span class='ocrx_word' id='word_1_56' title='bbox 445 438 454 454; x_wconf 78' lang='grc' dir='ltr'><strong>ι</strong></span> <span class='ocrx_word' id='word_1_57' title='bbox 467 429 569 459; x_wconf 81' lang='grc' dir='ltr'><strong>Πάντες</strong></span> <span class='ocrx_word' id='word_1_58' title='bbox 583 430 607 455; x_wconf 89' lang='grc' dir='ltr'><strong>οι</strong></span> <span class='ocrx_word' id='word_1_59' title='bbox 619 428 777 463; x_wconf 77' lang='grc' dir='ltr'>φοϐούμενοι</span> <span class='ocrx_word' id='word_1_60' title='bbox 790 427 834 454; x_wconf 86' lang='grc' dir='ltr'><strong>τὺν</strong></span> <span class='ocrx_word' id='word_1_61' title='bbox 844 427 941 454; x_wconf 73' lang='grc' dir='ltr'>Θεὸν-ι</span> 
     </span>
    </p>
   </div>
   <div class='ocr_carea' id='block_1_11' title="bbox 156 473 944 512">
    <p class='ocr_par' dir='ltr' id='par_1_11' title="bbox 156 473 944 512">
     <span class='ocr_line' id='line_1_11' title="bbox 156 473 944 512; baseline -0.005 -8"><span class='ocrx_word' id='word_1_62' title='bbox 156 476 202 509; x_wconf 83' lang='grc' dir='ltr'>οὒς</span> <span class='ocrx_word' id='word_1_63' title='bbox 216 476 344 512; x_wconf 82' lang='grc' dir='ltr'><strong>ἀνωτέρω</strong></span> <span class='ocrx_word' id='word_1_64' title='bbox 358 475 422 502; x_wconf 74' lang='grc' dir='ltr'>ποτὲ</span> <span class='ocrx_word' id='word_1_65' title='bbox 436 474 485 510; x_wconf 80' lang='grc' dir='ltr'><strong>μὲν</strong></span> <span class='ocrx_word' id='word_1_66' title='bbox 495 474 585 501; x_wconf 79' lang='grc' dir='ltr'>πᾶσαν</span> <span class='ocrx_word' id='word_1_67' title='bbox 597 474 644 509; x_wconf 81' lang='grc' dir='ltr'><strong>τὴν</strong></span> <span class='ocrx_word' id='word_1_68' title='bbox 656 474 707 509; x_wconf 78' lang='grc' dir='ltr'>γῆν</span> <span class='ocrx_word' id='word_1_69' title='bbox 718 473 866 509; x_wconf 75' lang='grc' dir='ltr'><strong>ὠνόμαζον,</strong></span> <span class='ocrx_word' id='word_1_70' title='bbox 880 473 944 499; x_wconf 80' lang='grc' dir='ltr'>ποτὲ</span> 
     </span>
    </p>
   </div>
   <div class='ocr_carea' id='block_1_12' title="bbox 156 520 943 557">
    <p class='ocr_par' dir='ltr' id='par_1_12' title="bbox 156 520 943 557">
     <span class='ocr_line' id='line_1_12' title="bbox 156 520 943 557; baseline -0.006 -6"><span class='ocrx_word' id='word_1_71' title='bbox 156 525 184 551; x_wconf 83' lang='grc' dir='ltr'><strong>δέ</strong></span> <span class='ocrx_word' id='word_1_72' title='bbox 208 523 345 550; x_wconf 81' lang='grc' dir='ltr'>πάντατὰ</span> <span class='ocrx_word' id='word_1_73' title='bbox 360 522 423 557; x_wconf 75' lang='grc' dir='ltr'>ἔθνη</span> <span class='ocrx_word' id='word_1_74' title='bbox 455 522 522 554; x_wconf 82' lang='grc' dir='ltr'>Τοὺς</span> <span class='ocrx_word' id='word_1_75' title='bbox 553 521 649 553; x_wconf 69' lang='grc' dir='ltr'>αὐτοὺς</span> <span class='ocrx_word' id='word_1_76' title='bbox 673 520 726 557; x_wconf 81' lang='grc' dir='ltr'>γὰρ</span> <span class='ocrx_word' id='word_1_77' title='bbox 743 521 789 546; x_wconf 77' lang='grc' dir='ltr'>καὶ</span> <span class='ocrx_word' id='word_1_78' title='bbox 821 520 866 546; x_wconf 79' lang='grc' dir='ltr'><strong>ἐπὶ</strong></span> <span class='ocrx_word' id='word_1_79' title='bbox 897 520 943 546; x_wconf 86' lang='grc' dir='ltr'><strong>τοῦ</strong></span> 
     </span>
    </p>
   </div>
   <div class='ocr_carea' id='block_1_13' title="bbox 156 566 942 606">
    <p class='ocr_par' dir='ltr' id='par_1_13' title="bbox 156 566 942 606">
     <span class='ocr_line' id='line_1_13' title="bbox 156 566 942 606; baseline -0.006 -9"><span class='ocrx_word' id='word_1_80' title='bbox 156 570 288 606; x_wconf 74' lang='grc' dir='ltr'>παρόντος</span> <span class='ocrx_word' id='word_1_81' title='bbox 306 568 414 605; x_wconf 87' lang='grc' dir='ltr'>δηλοῦσι</span> <span class='ocrx_word' id='word_1_82' title='bbox 422 568 602 603; x_wconf 64' lang='grc' dir='ltr'>φοϐουμένους</span> <span class='ocrx_word' id='word_1_83' title='bbox 610 568 654 593; x_wconf 86' lang='grc' dir='ltr'><strong>τὸν</strong></span> <span class='ocrx_word' id='word_1_84' title='bbox 662 567 727 593; x_wconf 81' lang='grc' dir='ltr'>Θεὸν</span> <span class='ocrx_word' id='word_1_85' title='bbox 735 566 942 598; x_wconf 75' lang='grc' dir='ltr'><strong>ἀποκαλοῦντες.</strong></span> 
     </span>
    </p>
   </div>
   <div class='ocr_carea' id='block_1_14' title="bbox 157 611 945 649">
    <p class='ocr_par' dir='ltr' id='par_1_14' title="bbox 157 611 945 649">
     <span class='ocr_line' id='line_1_14' title="bbox 157 611 945 649; baseline -0.008 -6"><span class='ocrx_word' id='word_1_86' title='bbox 157 616 289 647; x_wconf 80' lang='grc' dir='ltr'><strong>Πολλάκις</strong></span> <span class='ocrx_word' id='word_1_87' title='bbox 302 615 331 641; x_wconf 84' lang='grc' dir='ltr'>δὲ</span> <span class='ocrx_word' id='word_1_88' title='bbox 345 615 391 641; x_wconf 77' lang='grc' dir='ltr'>καὶ</span> <span class='ocrx_word' id='word_1_89' title='bbox 405 615 434 640; x_wconf 79' lang='grc' dir='ltr'><strong>ἐν</strong></span> <span class='ocrx_word' id='word_1_90' title='bbox 450 614 552 649; x_wconf 76' lang='grc' dir='ltr'>ἑτέροις</span> <span class='ocrx_word' id='word_1_91' title='bbox 569 613 747 648; x_wconf 75' lang='grc' dir='ltr'><strong>ἀπεδείξαμεν</strong></span> <span class='ocrx_word' id='word_1_92' title='bbox 760 632 767 644; x_wconf 89' lang='grc'><strong>,</strong></span> <span class='ocrx_word' id='word_1_93' title='bbox 783 613 819 644; x_wconf 79' lang='grc' dir='ltr'>ὡς</span> <span class='ocrx_word' id='word_1_94' title='bbox 835 613 898 643; x_wconf 78' lang='grc' dir='ltr'>τοὺς</span> <span class='ocrx_word' id='word_1_95' title='bbox 915 611 945 644; x_wconf 82' lang='grc' dir='ltr'><strong>ἐξ</strong></span> 
     </span>
    </p>
   </div>
   <div class='ocr_carea' id='block_1_15' title="bbox 156 657 943 693">
    <p class='ocr_par' dir='ltr' id='par_1_15' title="bbox 156 657 943 693">
     <span class='ocr_line' id='line_1_15' title="bbox 156 657 943 693; baseline -0.008 -4"><span class='ocrx_word' id='word_1_96' title='bbox 156 658 242 689; x_wconf 85' lang='grc' dir='ltr'>ἐθνῶν</span> <span class='ocrx_word' id='word_1_97' title='bbox 265 660 457 691; x_wconf 79' lang='grc' dir='ltr'>θεοσεϐοῦντας</span> <span class='ocrx_word' id='word_1_98' title='bbox 480 659 662 693; x_wconf 73' lang='grc' dir='ltr'>φοὸουμένους</span> <span class='ocrx_word' id='word_1_99' title='bbox 677 658 722 684; x_wconf 87' lang='grc' dir='ltr'><strong>τὸν</strong></span> <span class='ocrx_word' id='word_1_100' title='bbox 737 657 838 693; x_wconf 83' lang='grc' dir='ltr'><strong>Κύριον</strong></span> <span class='ocrx_word' id='word_1_101' title='bbox 853 657 943 684; x_wconf 86' lang='grc' dir='ltr'>καλεῖν</span> 
     </span>
    </p>
   </div>
   <div class='ocr_carea' id='block_1_16' title="bbox 157 704 944 740">
    <p class='ocr_par' dir='ltr' id='par_1_16' title="bbox 157 704 944 740">
     <span class='ocr_line' id='line_1_16' title="bbox 157 704 944 740; baseline -0.006 -6"><span class='ocrx_word' id='word_1_102' title='bbox 157 707 251 734; x_wconf 72' lang='grc' dir='ltr'>εἷωθεν</span> <span class='ocrx_word' id='word_1_103' title='bbox 261 708 275 734; x_wconf 78' lang='grc' dir='ltr'><strong><em>ὁ</em></strong></span> <span class='ocrx_word' id='word_1_104' title='bbox 285 706 379 740; x_wconf 79' lang='grc' dir='ltr'>Λόγος.</span> <span class='ocrx_word' id='word_1_105' title='bbox 390 706 465 732; x_wconf 76' lang='grc' dir='ltr'>Ἐπεὶ</span> <span class='ocrx_word' id='word_1_106' title='bbox 476 706 564 732; x_wconf 78' lang='grc' dir='ltr'>τοίνυν</span> <span class='ocrx_word' id='word_1_107' title='bbox 577 705 671 740; x_wconf 80' lang='grc' dir='ltr'>μνείας</span> <span class='ocrx_word' id='word_1_108' title='bbox 680 704 763 731; x_wconf 86' lang='grc' dir='ltr'>δεῖται</span> <span class='ocrx_word' id='word_1_109' title='bbox 773 704 803 730; x_wconf 78' lang='grc' dir='ltr'>τὸ</span> <span class='ocrx_word' id='word_1_110' title='bbox 816 704 944 739; x_wconf 85' lang='grc' dir='ltr'>κήρυγμα</span> 
     </span>
    </p>
   </div>
   <div class='ocr_carea' id='block_1_17' title="bbox 157 748 944 785">
    <p class='ocr_par' dir='ltr' id='par_1_17' title="bbox 157 748 944 785">
     <span class='ocr_line' id='line_1_17' title="bbox 157 748 944 785; baseline -0.008 -5"><span class='ocrx_word' id='word_1_111' title='bbox 157 754 186 780; x_wconf 84' lang='grc' dir='ltr'>τὺ</span> <span class='ocrx_word' id='word_1_112' title='bbox 199 751 387 784; x_wconf 77' lang='grc' dir='ltr'>ἁποστολικδν,</span> <span class='ocrx_word' id='word_1_113' title='bbox 405 750 560 785; x_wconf 79' lang='grc' dir='ltr'><strong>ἀναγκαίως</strong></span> <span class='ocrx_word' id='word_1_114' title='bbox 574 749 784 784; x_wconf 77' lang='grc' dir='ltr'>ἐπαγγέλλονται</span> <span class='ocrx_word' id='word_1_115' title='bbox 798 748 846 784; x_wconf 87' lang='grc' dir='ltr'>τὴν</span> <span class='ocrx_word' id='word_1_116' title='bbox 859 748 944 783; x_wconf 78' lang='grc' dir='ltr'>ἑρμη-</span> 
     </span>
    </p>
   </div>
   <div class='ocr_carea' id='block_1_18' title="bbox 156 794 945 834">
    <p class='ocr_par' dir='ltr' id='par_1_18' title="bbox 156 794 945 834">
     <span class='ocr_line' id='line_1_18' title="bbox 156 794 945 834; baseline -0.008 -9"><span class='ocrx_word' id='word_1_117' title='bbox 156 798 230 825; x_wconf 84' lang='grc' dir='ltr'>νείαν</span> <span class='ocrx_word' id='word_1_118' title='bbox 241 797 410 834; x_wconf 80' lang='grc' dir='ltr'>παραδώσειν</span> <span class='ocrx_word' id='word_1_119' title='bbox 420 798 475 828; x_wconf 85' lang='grc' dir='ltr'>τοῖς</span> <span class='ocrx_word' id='word_1_120' title='bbox 484 796 572 822; x_wconf 75' lang='grc' dir='ltr'>ἔθνεσι</span> <span class='ocrx_word' id='word_1_121' title='bbox 582 796 705 830; x_wconf 86' lang='grc' dir='ltr'>λέγοντες</span> <span class='ocrx_word' id='word_1_122' title='bbox 714 803 720 810; x_wconf 91' lang='grc'><strong>·</strong></span> <span class='ocrx_word' id='word_1_123' title='bbox 736 804 745 820; x_wconf 78' lang='grc' dir='ltr'><strong>ι</strong></span> <span class='ocrx_word' id='word_1_124' title='bbox 757 794 838 821; x_wconf 86' lang='grc' dir='ltr'>Δεῦτε</span> <span class='ocrx_word' id='word_1_125' title='bbox 848 814 855 825; x_wconf 90' lang='grc'><strong>,</strong></span> <span class='ocrx_word' id='word_1_126' title='bbox 867 794 945 821; x_wconf 77' lang='grc' dir='ltr'><strong>ἁκού-</strong></span> 
     </span>
    </p>
   </div>
   <div class='ocr_carea' id='block_1_19' title="bbox 158 840 945 879">
    <p class='ocr_par' dir='ltr' id='par_1_19' title="bbox 158 840 945 879">
     <span class='ocr_line' id='line_1_19' title="bbox 158 840 945 879; baseline -0.005 -9"><span class='ocrx_word' id='word_1_127' title='bbox 158 852 234 875; x_wconf 83' lang='grc' dir='ltr'>σατε,</span> <span class='ocrx_word' id='word_1_128' title='bbox 249 844 296 870; x_wconf 77' lang='grc' dir='ltr'><strong>καὶ</strong></span> <span class='ocrx_word' id='word_1_129' title='bbox 309 843 472 879; x_wconf 81' lang='grc' dir='ltr'>διηγήσομαι</span> <span class='ocrx_word' id='word_1_130' title='bbox 483 851 490 857; x_wconf 86' lang='grc'><strong>·</strong></span> <span class='ocrx_word' id='word_1_131' title='bbox 504 852 513 867; x_wconf 75' lang='grc' dir='ltr'><strong>ι</strong></span> <span class='ocrx_word' id='word_1_132' title='bbox 528 841 643 876; x_wconf 79' lang='grc' dir='ltr'><strong>Λέγουσι</strong></span> <span class='ocrx_word' id='word_1_133' title='bbox 656 841 684 867; x_wconf 82' lang='grc' dir='ltr'><strong>δὲ</strong></span> <span class='ocrx_word' id='word_1_134' title='bbox 698 841 781 867; x_wconf 84' lang='grc' dir='ltr'>ταῦτα</span> <span class='ocrx_word' id='word_1_135' title='bbox 794 840 831 872; x_wconf 88' lang='grc' dir='ltr'>ὡς</span> <span class='ocrx_word' id='word_1_136' title='bbox 844 840 872 872; x_wconf 71' lang='grc' dir='ltr'>ἐξ</span> <span class='ocrx_word' id='word_1_137' title='bbox 886 840 945 872; x_wconf 77' lang='grc' dir='ltr'>ἑνὸς</span> 
     </span>
    </p>
   </div>
   <div class='ocr_carea' id='block_1_20' title="bbox 157 885 945 923">
    <p class='ocr_par' dir='ltr' id='par_1_20' title="bbox 157 885 945 923">
     <span class='ocr_line' id='line_1_20' title="bbox 157 885 945 923; baseline -0.003 -9"><span class='ocrx_word' id='word_1_138' title='bbox 157 887 290 923; x_wconf 78' lang='grc' dir='ltr'>στόματος</span> <span class='ocrx_word' id='word_1_139' title='bbox 308 886 352 914; x_wconf 80' lang='grc' dir='ltr'>διὰ</span> <span class='ocrx_word' id='word_1_140' title='bbox 367 887 417 923; x_wconf 84' lang='grc' dir='ltr'><strong>τὴν</strong></span> <span class='ocrx_word' id='word_1_141' title='bbox 430 886 569 913; x_wconf 83' lang='grc' dir='ltr'>τελείωσιν</span> <span class='ocrx_word' id='word_1_142' title='bbox 581 895 587 901; x_wconf 94' lang='grc'><strong>·</strong></span> <span class='ocrx_word' id='word_1_143' title='bbox 604 887 628 913; x_wconf 89' lang='grc' dir='ltr'>οἱ</span> <span class='ocrx_word' id='word_1_144' title='bbox 643 886 696 921; x_wconf 81' lang='grc' dir='ltr'>γὰρ</span> <span class='ocrx_word' id='word_1_145' title='bbox 712 886 810 918; x_wconf 80' lang='grc' dir='ltr'>πάντες</span> <span class='ocrx_word' id='word_1_146' title='bbox 822 885 852 912; x_wconf 78' lang='grc' dir='ltr'>ἓν</span> <span class='ocrx_word' id='word_1_147' title='bbox 867 886 945 920; x_wconf 79' lang='grc' dir='ltr'>γεγό-</span> 
     </span>
    </p>
   </div>
   <div class='ocr_carea' id='block_1_21' title="bbox 157 927 983 968">
    <p class='ocr_par' dir='ltr' id='par_1_21' title="bbox 157 927 983 968">
     <span class='ocr_line' id='line_1_21' title="bbox 157 927 983 968; baseline -0.005 -7"><span class='ocrx_word' id='word_1_148' title='bbox 157 943 219 962; x_wconf 79' lang='grc' dir='ltr'>νασι</span> <span class='ocrx_word' id='word_1_149' title='bbox 236 933 422 965; x_wconf 82' lang='grc' dir='ltr'>τελειωθέντες</span> <span class='ocrx_word' id='word_1_150' title='bbox 437 934 466 960; x_wconf 88' lang='grc' dir='ltr'><strong>ἐν</strong></span> <span class='ocrx_word' id='word_1_151' title='bbox 481 932 584 968; x_wconf 88' lang='grc' dir='ltr'>Κυρίῳ.</span> <span class='ocrx_word' id='word_1_152' title='bbox 607 933 662 959; x_wconf 75' lang='grc' dir='ltr'>Καὶ</span> <span class='ocrx_word' id='word_1_153' title='bbox 678 932 763 958; x_wconf 84' lang='grc' dir='ltr'>ταῦτα</span> <span class='ocrx_word' id='word_1_154' title='bbox 779 931 901 963; x_wconf 80' lang='grc' dir='ltr'>θεσπίζει</span> <span class='ocrx_word' id='word_1_155' title='bbox 916 932 946 958; x_wconf 87' lang='grc' dir='ltr'><strong>τὸ</strong></span> <span class='ocrx_word' id='word_1_156' title='bbox 961 927 983 955; x_wconf 79' lang='grc' dir='ltr'><strong>Β</strong></span> 
     </span>
    </p>
   </div>
   <div class='ocr_carea' id='block_1_22' title="bbox 158 976 945 1015">
    <p class='ocr_par' dir='ltr' id='par_1_22' title="bbox 158 976 945 1015">
     <span class='ocr_line' id='line_1_22' title="bbox 158 976 945 1015; baseline -0.004 -9"><span class='ocrx_word' id='word_1_157' title='bbox 158 977 270 1015; x_wconf 77' lang='grc' dir='ltr'>Πνεῦμα</span> <span class='ocrx_word' id='word_1_158' title='bbox 279 979 308 1006; x_wconf 72' lang='grc' dir='ltr'>τὸ</span> <span class='ocrx_word' id='word_1_159' title='bbox 318 979 394 1013; x_wconf 73' lang='grc' dir='ltr'>ἅγιον</span> <span class='ocrx_word' id='word_1_160' title='bbox 402 979 440 1010; x_wconf 89' lang='grc' dir='ltr'><strong>ώς</strong></span> <span class='ocrx_word' id='word_1_161' title='bbox 450 977 479 1010; x_wconf 80' lang='grc' dir='ltr'><strong>ἐξ</strong></span> <span class='ocrx_word' id='word_1_162' title='bbox 489 978 546 1009; x_wconf 83' lang='grc' dir='ltr'>ἐνὸς</span> <span class='ocrx_word' id='word_1_163' title='bbox 555 977 635 1013; x_wconf 86' lang='grc' dir='ltr'>χοροῦ</span> <span class='ocrx_word' id='word_1_164' title='bbox 646 977 691 1003; x_wconf 88' lang='grc' dir='ltr'><strong>τοῦ</strong></span> <span class='ocrx_word' id='word_1_165' title='bbox 704 976 880 1003; x_wconf 79' lang='grc' dir='ltr'>ἀποστολικοῦ</span> <span class='ocrx_word' id='word_1_166' title='bbox 889 978 945 1008; x_wconf 88' lang='grc' dir='ltr'>τοῖς</span> 
     </span>
    </p>
   </div>
   <div class='ocr_carea' id='block_1_23' title="bbox 157 1022 944 1061">
    <p class='ocr_par' dir='ltr' id='par_1_23' title="bbox 157 1022 944 1061">
     <span class='ocr_line' id='line_1_23' title="bbox 157 1022 944 1061; baseline -0.006 -8"><span class='ocrx_word' id='word_1_167' title='bbox 157 1028 246 1053; x_wconf 76' lang='grc' dir='ltr'>ἔθνεσι</span> <span class='ocrx_word' id='word_1_168' title='bbox 261 1024 449 1061; x_wconf 83' lang='grc' dir='ltr'>προσφωνοῦν,</span> <span class='ocrx_word' id='word_1_169' title='bbox 466 1023 696 1058; x_wconf 80' lang='grc' dir='ltr'>ἐπαγγελλόμενόν</span> <span class='ocrx_word' id='word_1_170' title='bbox 708 1031 737 1049; x_wconf 86' lang='grc' dir='ltr'><strong>τε</strong></span> <span class='ocrx_word' id='word_1_171' title='bbox 748 1022 944 1058; x_wconf 82' lang='grc' dir='ltr'>διερμηνεύειν,</span> 
     </span>
    </p>
   </div>
   <div class='ocr_carea' id='block_1_24' title="bbox 157 1067 946 1107">
    <p class='ocr_par' dir='ltr' id='par_1_24' title="bbox 157 1067 946 1107">
     <span class='ocr_line' id='line_1_24' title="bbox 157 1067 946 1107; baseline -0.005 -8"><span class='ocrx_word' id='word_1_172' title='bbox 157 1073 207 1099; x_wconf 80' lang='grc' dir='ltr'>ὅσα</span> <span class='ocrx_word' id='word_1_173' title='bbox 221 1072 348 1107; x_wconf 79' lang='grc' dir='ltr'>ἐποίησεν</span> <span class='ocrx_word' id='word_1_174' title='bbox 361 1071 375 1097; x_wconf 81' lang='grc' dir='ltr'><strong><em>ὁ</em></strong></span> <span class='ocrx_word' id='word_1_175' title='bbox 392 1070 458 1102; x_wconf 83' lang='grc' dir='ltr'>Θεὸς</span> <span class='ocrx_word' id='word_1_176' title='bbox 472 1071 505 1106; x_wconf 84' lang='grc' dir='ltr'>τῇ</span> <span class='ocrx_word' id='word_1_177' title='bbox 520 1070 592 1105; x_wconf 78' lang='grc' dir='ltr'>ψυχῇ</span> <span class='ocrx_word' id='word_1_178' title='bbox 607 1069 705 1096; x_wconf 81' lang='grc' dir='ltr'>αὐτῶν.</span> <span class='ocrx_word' id='word_1_179' title='bbox 734 1069 821 1095; x_wconf 82' lang='grc' dir='ltr'>Πάλαι</span> <span class='ocrx_word' id='word_1_180' title='bbox 839 1069 888 1104; x_wconf 81' lang='grc' dir='ltr'><strong>μὲν</strong></span> <span class='ocrx_word' id='word_1_181' title='bbox 900 1067 946 1095; x_wconf 79' lang='grc' dir='ltr'><strong>οὖν</strong></span> 
     </span>
    </p>
   </div>
   <div class='ocr_carea' id='block_1_25' title="bbox 157 1113 945 1152">
    <p class='ocr_par' dir='ltr' id='par_1_25' title="bbox 157 1113 945 1152">
     <span class='ocr_line' id='line_1_25' title="bbox 157 1113 945 1152; baseline -0.008 -8"><span class='ocrx_word' id='word_1_182' title='bbox 157 1117 250 1152; x_wconf 78' lang='grc' dir='ltr'>ἔλεγον</span> <span class='ocrx_word' id='word_1_183' title='bbox 260 1125 266 1132; x_wconf 91' lang='grc'><strong>·</strong></span> <span class='ocrx_word' id='word_1_184' title='bbox 286 1127 294 1141; x_wconf 80' lang='grc' dir='ltr'><strong><em>σ</em></strong></span> <span class='ocrx_word' id='word_1_185' title='bbox 308 1116 387 1142; x_wconf 84' lang='grc' dir='ltr'>Δεῦτε</span> <span class='ocrx_word' id='word_1_186' title='bbox 401 1116 447 1142; x_wconf 77' lang='grc' dir='ltr'><strong>καὶ</strong></span> <span class='ocrx_word' id='word_1_187' title='bbox 462 1115 529 1142; x_wconf 78' lang='grc' dir='ltr'>ἴδετε</span> <span class='ocrx_word' id='word_1_188' title='bbox 541 1115 574 1141; x_wconf 79' lang='grc' dir='ltr'>τὰ</span> <span class='ocrx_word' id='word_1_189' title='bbox 588 1114 654 1150; x_wconf 73' lang='grc' dir='ltr'>ἔργα</span> <span class='ocrx_word' id='word_1_190' title='bbox 668 1113 714 1140; x_wconf 86' lang='grc' dir='ltr'><strong>τοῦ</strong></span> <span class='ocrx_word' id='word_1_191' title='bbox 728 1114 805 1145; x_wconf 83' lang='grc' dir='ltr'><strong>Θεοῦ,</strong></span> <span class='ocrx_word' id='word_1_192' title='bbox 819 1114 856 1145; x_wconf 85' lang='grc' dir='ltr'>ὡς</span> <span class='ocrx_word' id='word_1_193' title='bbox 869 1114 945 1149; x_wconf 81' lang='grc' dir='ltr'>μετέ-</span> 
     </span>
    </p>
   </div>
   <div class='ocr_carea' id='block_1_26' title="bbox 158 1160 946 1199">
    <p class='ocr_par' dir='ltr' id='par_1_26' title="bbox 158 1160 946 1199">
     <span class='ocr_line' id='line_1_26' title="bbox 158 1160 946 1199; baseline -0.006 -8"><span class='ocrx_word' id='word_1_194' title='bbox 158 1163 258 1199; x_wconf 81' lang='grc' dir='ltr'>στρεψέ</span> <span class='ocrx_word' id='word_1_195' title='bbox 273 1171 338 1189; x_wconf 81' lang='grc' dir='ltr'>ποτε</span> <span class='ocrx_word' id='word_1_196' title='bbox 349 1162 397 1198; x_wconf 87' lang='grc' dir='ltr'><strong>τὴν</strong></span> <span class='ocrx_word' id='word_1_197' title='bbox 409 1161 544 1189; x_wconf 76' lang='grc' dir='ltr'>θάλασσαν</span> <span class='ocrx_word' id='word_1_198' title='bbox 556 1162 594 1192; x_wconf 86' lang='grc' dir='ltr'><strong>είς</strong></span> <span class='ocrx_word' id='word_1_199' title='bbox 608 1160 701 1196; x_wconf 74' lang='grc' dir='ltr'>ξηρὰν,</span> <span class='ocrx_word' id='word_1_200' title='bbox 715 1160 762 1187; x_wconf 72' lang='grc' dir='ltr'>καὶ</span> <span class='ocrx_word' id='word_1_201' title='bbox 774 1161 810 1192; x_wconf 84' lang='grc' dir='ltr'>ὡς</span> <span class='ocrx_word' id='word_1_202' title='bbox 823 1162 850 1187; x_wconf 87' lang='grc' dir='ltr'><strong>ἐν</strong></span> <span class='ocrx_word' id='word_1_203' title='bbox 866 1170 946 1187; x_wconf 84' lang='grc' dir='ltr'>ποτα-</span> 
     </span>
    </p>
   </div>
   <div class='ocr_carea' id='block_1_27' title="bbox 160 1206 947 1246">
    <p class='ocr_par' dir='ltr' id='par_1_27' title="bbox 160 1206 947 1246">
     <span class='ocr_line' id='line_1_27' title="bbox 160 1206 947 1246; baseline -0.005 -10"><span class='ocrx_word' id='word_1_204' title='bbox 160 1209 203 1246; x_wconf 79' lang='grc' dir='ltr'>μῷ</span> <span class='ocrx_word' id='word_1_205' title='bbox 215 1209 320 1244; x_wconf 83' lang='grc' dir='ltr'>διῆλθον</span> <span class='ocrx_word' id='word_1_206' title='bbox 336 1207 405 1234; x_wconf 80' lang='grc' dir='ltr'>ποδί.</span> <span class='ocrx_word' id='word_1_207' title='bbox 414 1217 423 1233; x_wconf 72' lang='grc' dir='ltr'><strong>ι</strong></span> <span class='ocrx_word' id='word_1_208' title='bbox 443 1207 510 1233; x_wconf 86' lang='lat' dir='ltr'><strong>Nuvl.</strong></span> <span class='ocrx_word' id='word_1_209' title='bbox 517 1207 544 1233; x_wconf 80' lang='grc' dir='ltr'>δὲ</span> <span class='ocrx_word' id='word_1_210' title='bbox 557 1206 646 1233; x_wconf 81' lang='grc' dir='ltr'>οὐκέτι</span> <span class='ocrx_word' id='word_1_211' title='bbox 658 1206 692 1232; x_wconf 82' lang='grc' dir='ltr'>τὰ</span> <span class='ocrx_word' id='word_1_212' title='bbox 707 1206 822 1236; x_wconf 79' lang='grc' dir='ltr'>παλαιὰ,</span> <span class='ocrx_word' id='word_1_213' title='bbox 835 1206 901 1232; x_wconf 75' lang='grc' dir='ltr'>ἀλλὰ</span> <span class='ocrx_word' id='word_1_214' title='bbox 913 1206 947 1232; x_wconf 76' lang='grc' dir='ltr'>τὰ</span> 
     </span>
    </p>
   </div>
   <div class='ocr_carea' id='block_1_28' title="bbox 157 1252 947 1292">
    <p class='ocr_par' dir='ltr' id='par_1_28' title="bbox 157 1252 947 1292">
     <span class='ocr_line' id='line_1_28' title="bbox 157 1252 947 1292; baseline -0.006 -9"><span class='ocrx_word' id='word_1_215' title='bbox 157 1257 207 1292; x_wconf 85' lang='grc' dir='ltr'>τῆς</span> <span class='ocrx_word' id='word_1_216' title='bbox 223 1256 286 1287; x_wconf 86' lang='grc' dir='ltr'>νέας</span> <span class='ocrx_word' id='word_1_217' title='bbox 300 1256 346 1282; x_wconf 79' lang='grc' dir='ltr'><strong>καὶ</strong></span> <span class='ocrx_word' id='word_1_218' title='bbox 357 1255 452 1289; x_wconf 83' lang='grc' dir='ltr'>καινῆς</span> <span class='ocrx_word' id='word_1_219' title='bbox 467 1254 586 1290; x_wconf 74' lang='grc' dir='ltr'>ἱστορίας</span> <span class='ocrx_word' id='word_1_220' title='bbox 598 1252 814 1289; x_wconf 80' lang='grc' dir='ltr'>παραδεδώκασι,</span> <span class='ocrx_word' id='word_1_221' title='bbox 828 1254 875 1284; x_wconf 78' lang='grc' dir='ltr'><strong>τὰς</strong></span> <span class='ocrx_word' id='word_1_222' title='bbox 886 1253 947 1279; x_wconf 78' lang='grc' dir='ltr'>ἐαυ-</span> 
     </span>
    </p>
   </div>
   <div class='ocr_carea' id='block_1_29' title="bbox 158 1299 948 1338">
    <p class='ocr_par' dir='ltr' id='par_1_29' title="bbox 158 1299 948 1338">
     <span class='ocr_line' id='line_1_29' title="bbox 158 1299 948 1338; baseline -0.005 -9"><span class='ocrx_word' id='word_1_223' title='bbox 158 1302 212 1329; x_wconf 85' lang='grc' dir='ltr'><strong>τών</strong></span> <span class='ocrx_word' id='word_1_224' title='bbox 238 1301 351 1338; x_wconf 84' lang='grc' dir='ltr'>πράξεις</span> <span class='ocrx_word' id='word_1_225' title='bbox 373 1300 574 1336; x_wconf 79' lang='grc' dir='ltr'>ὑφηγούμενοι,</span> <span class='ocrx_word' id='word_1_226' title='bbox 601 1300 648 1326; x_wconf 71' lang='grc' dir='ltr'>καὶ</span> <span class='ocrx_word' id='word_1_227' title='bbox 663 1300 712 1331; x_wconf 76' lang='grc' dir='ltr'><strong>τὰς</strong></span> <span class='ocrx_word' id='word_1_228' title='bbox 726 1301 765 1330; x_wconf 90' lang='grc' dir='ltr'><strong>είς</strong></span> <span class='ocrx_word' id='word_1_229' title='bbox 781 1300 879 1330; x_wconf 76' lang='grc' dir='ltr'>αὐτοὺς</span> <span class='ocrx_word' id='word_1_230' title='bbox 896 1299 948 1325; x_wconf 79' lang='grc' dir='ltr'><strong>ὑπὸ</strong></span> 
     </span>
    </p>
   </div>
   <div class='ocr_carea' id='block_1_30' title="bbox 158 1346 947 1383">
    <p class='ocr_par' dir='ltr' id='par_1_30' title="bbox 158 1346 947 1383">
     <span class='ocr_line' id='line_1_30' title="bbox 158 1346 947 1383; baseline -0.004 -8"><span class='ocrx_word' id='word_1_231' title='bbox 158 1348 206 1375; x_wconf 87' lang='grc' dir='ltr'><strong>τοῦ</strong></span> <span class='ocrx_word' id='word_1_232' title='bbox 221 1347 288 1375; x_wconf 87' lang='grc' dir='ltr'>Θεοῦ</span> <span class='ocrx_word' id='word_1_233' title='bbox 302 1347 449 1383; x_wconf 82' lang='grc' dir='ltr'>γενομένας</span> <span class='ocrx_word' id='word_1_234' title='bbox 464 1346 631 1382; x_wconf 77' lang='grc' dir='ltr'>εὐεργεσίας.</span> <span class='ocrx_word' id='word_1_235' title='bbox 658 1346 703 1372; x_wconf 83' lang='grc' dir='ltr'><strong>Διό</strong></span> <span class='ocrx_word' id='word_1_236' title='bbox 721 1354 801 1380; x_wconf 72' lang='grc' dir='ltr'>φασιν</span> <span class='ocrx_word' id='word_1_237' title='bbox 813 1354 819 1360; x_wconf 87' lang='grc'><strong>·</strong></span> <span class='ocrx_word' id='word_1_238' title='bbox 855 1355 863 1371; x_wconf 80' lang='grc' dir='ltr'><strong>ι</strong></span> <span class='ocrx_word' id='word_1_239' title='bbox 878 1346 947 1372; x_wconf 81' lang='grc' dir='ltr'>Ὂσα</span> 
     </span>
    </p>
   </div>
   <div class='ocr_carea' id='block_1_31' title="bbox 158 1390 947 1430">
    <p class='ocr_par' dir='ltr' id='par_1_31' title="bbox 158 1390 947 1430">
     <span class='ocr_line' id='line_1_31' title="bbox 158 1390 947 1430; baseline -0.006 -8"><span class='ocrx_word' id='word_1_240' title='bbox 158 1396 272 1430; x_wconf 80' lang='grc' dir='ltr'>ἐποίησε</span> <span class='ocrx_word' id='word_1_241' title='bbox 289 1395 322 1430; x_wconf 85' lang='grc' dir='ltr'>τῇ</span> <span class='ocrx_word' id='word_1_242' title='bbox 336 1394 408 1429; x_wconf 83' lang='grc' dir='ltr'>ψυχῇ</span> <span class='ocrx_word' id='word_1_243' title='bbox 425 1402 506 1428; x_wconf 74' lang='grc' dir='ltr'>μου-ι</span> <span class='ocrx_word' id='word_1_244' title='bbox 523 1390 582 1419; x_wconf 86' lang='grc' dir='ltr'>εἶτα</span> <span class='ocrx_word' id='word_1_245' title='bbox 599 1392 752 1428; x_wconf 79' lang='grc' dir='ltr'>διηγοῦνται</span> <span class='ocrx_word' id='word_1_246' title='bbox 765 1392 813 1426; x_wconf 83' lang='grc' dir='ltr'><strong>τὴν</strong></span> <span class='ocrx_word' id='word_1_247' title='bbox 828 1392 947 1426; x_wconf 76' lang='grc' dir='ltr'>ἐπαγγε-</span> 
     </span>
    </p>
   </div>
   <div class='ocr_carea' id='block_1_32' title="bbox 159 1438 947 1476">
    <p class='ocr_par' dir='ltr' id='par_1_32' title="bbox 159 1438 947 1476">
     <span class='ocr_line' id='line_1_32' title="bbox 159 1438 947 1476; baseline -0.006 -8"><span class='ocrx_word' id='word_1_248' title='bbox 159 1441 219 1469; x_wconf 84' lang='grc' dir='ltr'>λίαν</span> <span class='ocrx_word' id='word_1_249' title='bbox 233 1440 408 1476; x_wconf 80' lang='grc' dir='ltr'>πληροῦντες.</span> <span class='ocrx_word' id='word_1_250' title='bbox 433 1440 485 1471; x_wconf 58' lang='grc' dir='ltr'>Τίς,</span> <span class='ocrx_word' id='word_1_251' title='bbox 496 1439 523 1465; x_wconf 78' lang='grc' dir='ltr'>δὲ</span> <span class='ocrx_word' id='word_1_252' title='bbox 540 1440 555 1473; x_wconf 81' lang='grc' dir='ltr'><strong>ἡ</strong></span> <span class='ocrx_word' id='word_1_253' title='bbox 572 1439 709 1474; x_wconf 85' lang='grc' dir='ltr'>διήγησις;</span> <span class='ocrx_word' id='word_1_254' title='bbox 737 1448 746 1463; x_wconf 76' lang='grc' dir='ltr'><strong>ι</strong></span> <span class='ocrx_word' id='word_1_255' title='bbox 768 1438 840 1473; x_wconf 82' lang='grc' dir='ltr'>Πρὸς</span> <span class='ocrx_word' id='word_1_256' title='bbox 857 1438 947 1468; x_wconf 79' lang='grc' dir='ltr'>αὐτὸν,</span> 
     </span>
    </p>
   </div>
   <div class='ocr_carea' id='block_1_33' title="bbox 159 1483 948 1523">
    <p class='ocr_par' dir='ltr' id='par_1_33' title="bbox 159 1483 948 1523">
     <span class='ocr_line' id='line_1_33' title="bbox 159 1483 948 1523; baseline -0.005 -10"><span class='ocrx_word' id='word_1_257' title='bbox 159 1487 247 1523; x_wconf 73' lang='grc' dir='ltr'>φησὶ,</span> <span class='ocrx_word' id='word_1_258' title='bbox 268 1485 307 1521; x_wconf 85' lang='grc' dir='ltr'>τῷ</span> <span class='ocrx_word' id='word_1_259' title='bbox 327 1485 438 1521; x_wconf 79' lang='grc' dir='ltr'>στόματί</span> <span class='ocrx_word' id='word_1_260' title='bbox 466 1493 515 1520; x_wconf 88' lang='grc' dir='ltr'><strong>μου</strong></span> <span class='ocrx_word' id='word_1_261' title='bbox 543 1484 695 1519; x_wconf 79' lang='grc' dir='ltr'>ἐκέκραξα,</span> <span class='ocrx_word' id='word_1_262' title='bbox 726 1484 773 1510; x_wconf 78' lang='grc' dir='ltr'>καὶ</span> <span class='ocrx_word' id='word_1_263' title='bbox 789 1483 883 1518; x_wconf 68' lang='grc' dir='ltr'>ὓψωσα</span> <span class='ocrx_word' id='word_1_264' title='bbox 897 1483 948 1509; x_wconf 78' lang='grc' dir='ltr'>ὑπὸ</span> 
     </span>
    </p>
   </div>
   <div class='ocr_carea' id='block_1_34' title="bbox 160 1530 948 1569">
    <p class='ocr_par' dir='ltr' id='par_1_34' title="bbox 160 1530 948 1569">
     <span class='ocr_line' id='line_1_34' title="bbox 160 1530 948 1569; baseline -0.006 -9"><span class='ocrx_word' id='word_1_265' title='bbox 160 1534 209 1569; x_wconf 71' lang='grc' dir='ltr'>τὴν</span> <span class='ocrx_word' id='word_1_266' title='bbox 220 1532 346 1567; x_wconf 83' lang='grc' dir='ltr'>γλῶσσάν</span> <span class='ocrx_word' id='word_1_267' title='bbox 359 1540 419 1567; x_wconf 83' lang='grc' dir='ltr'>μου.</span> <span class='ocrx_word' id='word_1_268' title='bbox 434 1541 442 1556; x_wconf 80' lang='grc' dir='ltr'><strong>ι</strong></span> <span class='ocrx_word' id='word_1_269' title='bbox 467 1530 575 1565; x_wconf 79' lang='grc' dir='ltr'>Ἐπειδὴ</span> <span class='ocrx_word' id='word_1_270' title='bbox 587 1530 640 1565; x_wconf 78' lang='grc' dir='ltr'>γὰρ</span> <span class='ocrx_word' id='word_1_271' title='bbox 653 1530 701 1561; x_wconf 75' lang='grc' dir='ltr'>τὰς</span> <span class='ocrx_word' id='word_1_272' title='bbox 712 1531 750 1561; x_wconf 82' lang='grc' dir='ltr'>εἰς</span> <span class='ocrx_word' id='word_1_273' title='bbox 765 1530 862 1560; x_wconf 78' lang='grc' dir='ltr'>αὐτοὺς</span> <span class='ocrx_word' id='word_1_274' title='bbox 872 1530 948 1565; x_wconf 82' lang='grc' dir='ltr'>εὐερ-</span> 
     </span>
    </p>
   </div>
   <div class='ocr_carea' id='block_1_35' title="bbox 160 1575 982 1625">
    <p class='ocr_par' dir='ltr' id='par_1_35' title="bbox 160 1575 982 1625">
     <span class='ocr_line' id='line_1_35' title="bbox 160 1575 982 1625; baseline -0.007 -19"><span class='ocrx_word' id='word_1_275' title='bbox 160 1579 254 1614; x_wconf 76' lang='grc' dir='ltr'>γεσίας</span> <span class='ocrx_word' id='word_1_276' title='bbox 276 1577 321 1605; x_wconf 85' lang='grc' dir='ltr'><strong>τοῦ</strong></span> <span class='ocrx_word' id='word_1_277' title='bbox 338 1577 406 1604; x_wconf 79' lang='grc' dir='ltr'>Θεοῦ</span> <span class='ocrx_word' id='word_1_278' title='bbox 422 1577 659 1612; x_wconf 81' lang='grc' dir='ltr'>κατηριθμήσαντο</span> <span class='ocrx_word' id='word_1_279' title='bbox 672 1598 678 1608; x_wconf 85' lang='lat'><strong>,</strong></span> <span class='ocrx_word' id='word_1_280' title='bbox 696 1576 733 1607; x_wconf 84' lang='grc' dir='ltr'>ὼς</span> <span class='ocrx_word' id='word_1_281' title='bbox 755 1575 945 1610; x_wconf 73' lang='grc' dir='ltr'>ἐπωρώθησαν,</span> <span class='ocrx_word' id='word_1_282' title='bbox 961 1597 982 1625; x_wconf 75' lang='lat' dir='ltr'>C</span> 
     </span>
    </p>
   </div>
   <div class='ocr_carea' id='block_1_36' title="bbox 160 1621 948 1660">
    <p class='ocr_par' dir='ltr' id='par_1_36' title="bbox 160 1621 948 1660">
     <span class='ocr_line' id='line_1_36' title="bbox 160 1621 948 1660; baseline -0.008 -8"><span class='ocrx_word' id='word_1_283' title='bbox 160 1625 198 1657; x_wconf 84' lang='grc' dir='ltr'>ὼς</span> <span class='ocrx_word' id='word_1_284' title='bbox 211 1624 427 1660; x_wconf 82' lang='grc' dir='ltr'>ἐδοκιμάσθησαν</span> <span class='ocrx_word' id='word_1_285' title='bbox 438 1643 445 1653; x_wconf 87' lang='grc'><strong>,</strong></span> <span class='ocrx_word' id='word_1_286' title='bbox 461 1623 499 1654; x_wconf 79' lang='grc' dir='ltr'>ὡς</span> <span class='ocrx_word' id='word_1_287' title='bbox 512 1621 633 1657; x_wconf 82' lang='grc' dir='ltr'>εἰσῆλθον</span> <span class='ocrx_word' id='word_1_288' title='bbox 646 1622 684 1653; x_wconf 87' lang='grc' dir='ltr'><strong>είς</strong></span> <span class='ocrx_word' id='word_1_289' title='bbox 701 1621 750 1653; x_wconf 83' lang='grc' dir='ltr'><strong>τὰς</strong></span> <span class='ocrx_word' id='word_1_290' title='bbox 767 1621 870 1656; x_wconf 76' lang='grc' dir='ltr'>Θλίψεις</span> <span class='ocrx_word' id='word_1_291' title='bbox 879 1641 886 1652; x_wconf 86' lang='grc'><strong>,</strong></span> <span class='ocrx_word' id='word_1_292' title='bbox 911 1621 948 1652; x_wconf 82' lang='grc' dir='ltr'>ὡς</span> 
     </span>
    </p>
   </div>
   <div class='ocr_carea' id='block_1_37' title="bbox 161 1666 950 1707">
    <p class='ocr_par' dir='ltr' id='par_1_37' title="bbox 161 1666 950 1707">
     <span class='ocr_line' id='line_1_37' title="bbox 161 1666 950 1707; baseline -0.006 -9"><span class='ocrx_word' id='word_1_293' title='bbox 161 1671 321 1707; x_wconf 80' lang='grc' dir='ltr'>ὑπέμειναν,</span> <span class='ocrx_word' id='word_1_294' title='bbox 333 1670 371 1701; x_wconf 83' lang='grc' dir='ltr'>ὡς</span> <span class='ocrx_word' id='word_1_295' title='bbox 381 1669 487 1705; x_wconf 80' lang='grc' dir='ltr'>διῆλθον</span> <span class='ocrx_word' id='word_1_296' title='bbox 498 1668 541 1695; x_wconf 79' lang='grc' dir='ltr'><strong>διὰ</strong></span> <span class='ocrx_word' id='word_1_297' title='bbox 554 1668 638 1703; x_wconf 83' lang='grc' dir='ltr'>πυρὸς</span> <span class='ocrx_word' id='word_1_298' title='bbox 649 1668 695 1695; x_wconf 78' lang='grc' dir='ltr'>καὶ</span> <span class='ocrx_word' id='word_1_299' title='bbox 707 1667 812 1699; x_wconf 74' lang='grc' dir='ltr'>ὕδατος,</span> <span class='ocrx_word' id='word_1_300' title='bbox 823 1667 860 1698; x_wconf 86' lang='grc' dir='ltr'>ὡς</span> <span class='ocrx_word' id='word_1_301' title='bbox 873 1666 950 1702; x_wconf 78' lang='grc' dir='ltr'>ἐξῆλ-</span> 
     </span>
    </p>
   </div>
   <div class='ocr_carea' id='block_1_38' title="bbox 161 1715 948 1752">
    <p class='ocr_par' dir='ltr' id='par_1_38' title="bbox 161 1715 948 1752">
     <span class='ocr_line' id='line_1_38' title="bbox 161 1715 948 1752; baseline -0.006 -7"><span class='ocrx_word' id='word_1_302' title='bbox 161 1719 207 1746; x_wconf 77' lang='grc' dir='ltr'><strong>θον</strong></span> <span class='ocrx_word' id='word_1_303' title='bbox 218 1719 258 1750; x_wconf 85' lang='grc' dir='ltr'><strong>είς</strong></span> <span class='ocrx_word' id='word_1_304' title='bbox 270 1717 408 1752; x_wconf 66' lang='grc' dir='ltr'>ἀναψυχήν</span> <span class='ocrx_word' id='word_1_305' title='bbox 419 1725 424 1731; x_wconf 92' lang='grc'><strong>·</strong></span> <span class='ocrx_word' id='word_1_306' title='bbox 439 1717 479 1743; x_wconf 83' lang='grc' dir='ltr'>ὃτι</span> <span class='ocrx_word' id='word_1_307' title='bbox 495 1716 531 1750; x_wconf 83' lang='grc' dir='ltr'>μὴ</span> <span class='ocrx_word' id='word_1_308' title='bbox 546 1715 638 1750; x_wconf 76' lang='grc' dir='ltr'>ἀργῶς</span> <span class='ocrx_word' id='word_1_309' title='bbox 650 1715 734 1742; x_wconf 84' lang='grc' dir='ltr'>ταῦτα</span> <span class='ocrx_word' id='word_1_310' title='bbox 747 1715 836 1746; x_wconf 75' lang='grc' dir='ltr'>αὐτοῖς</span> <span class='ocrx_word' id='word_1_311' title='bbox 850 1715 948 1745; x_wconf 76' lang='grc' dir='ltr'>πάντα,</span> 
     </span>
    </p>
   </div>
   <div class='ocr_carea' id='block_1_39' title="bbox 162 1760 950 1801">
    <p class='ocr_par' dir='ltr' id='par_1_39' title="bbox 162 1760 950 1801">
     <span class='ocr_line' id='line_1_39' title="bbox 162 1760 950 1801; baseline -0.006 -10"><span class='ocrx_word' id='word_1_312' title='bbox 162 1766 178 1801; x_wconf 87' lang='grc' dir='ltr'>ἡ</span> <span class='ocrx_word' id='word_1_313' title='bbox 194 1765 254 1791; x_wconf 84' lang='grc' dir='ltr'>θεία</span> <span class='ocrx_word' id='word_1_314' title='bbox 265 1764 413 1799; x_wconf 82' lang='grc' dir='ltr'>δεδώρηται</span> <span class='ocrx_word' id='word_1_315' title='bbox 428 1764 506 1798; x_wconf 81' lang='grc' dir='ltr'>χάρις</span> <span class='ocrx_word' id='word_1_316' title='bbox 519 1771 525 1777; x_wconf 84' lang='grc'><em>’</em></span> <span class='ocrx_word' id='word_1_317' title='bbox 543 1762 610 1788; x_wconf 76' lang='grc' dir='ltr'>ἀλλὰ</span> <span class='ocrx_word' id='word_1_318' title='bbox 626 1761 679 1797; x_wconf 84' lang='grc' dir='ltr'>γὰρ</span> <span class='ocrx_word' id='word_1_319' title='bbox 692 1761 780 1788; x_wconf 83' lang='grc' dir='ltr'>αὐτῶν</span> <span class='ocrx_word' id='word_1_320' title='bbox 795 1760 828 1791; x_wconf 76' lang='grc' dir='ltr'>τὰ</span> <span class='ocrx_word' id='word_1_321' title='bbox 846 1760 950 1795; x_wconf 75' lang='grc' dir='ltr'>μεγάλα</span> 
     </span>
    </p>
   </div>
   <div class='ocr_carea' id='block_1_40' title="bbox 163 1806 950 1846">
    <p class='ocr_par' dir='ltr' id='par_1_40' title="bbox 163 1806 950 1846">
     <span class='ocr_line' id='line_1_40' title="bbox 163 1806 950 1846; baseline -0.006 -9"><span class='ocrx_word' id='word_1_322' title='bbox 163 1810 389 1846; x_wconf 78' lang='grc' dir='ltr'>συμϐαλλομένων</span> <span class='ocrx_word' id='word_1_323' title='bbox 398 1810 437 1840; x_wconf 89' lang='grc' dir='ltr'><strong>είς</strong></span> <span class='ocrx_word' id='word_1_324' title='bbox 445 1809 474 1835; x_wconf 78' lang='grc' dir='ltr'><strong>τὸ</strong></span> <span class='ocrx_word' id='word_1_325' title='bbox 485 1808 631 1844; x_wconf 87' lang='grc' dir='ltr'>μαρτύριον</span> <span class='ocrx_word' id='word_1_326' title='bbox 642 1807 810 1834; x_wconf 73' lang='grc' dir='ltr'>διδάσκουσιν</span> <span class='ocrx_word' id='word_1_327' title='bbox 820 1806 950 1840; x_wconf 77' lang='grc' dir='ltr'>ἀναγκαί-</span> 
     </span>
    </p>
   </div>
   <div class='ocr_carea' id='block_1_41' title="bbox 163 1851 949 1892">
    <p class='ocr_par' dir='ltr' id='par_1_41' title="bbox 163 1851 949 1892">
     <span class='ocr_line' id='line_1_41' title="bbox 163 1851 949 1892; baseline -0.009 -8"><span class='ocrx_word' id='word_1_328' title='bbox 163 1866 210 1889; x_wconf 73' lang='grc' dir='ltr'>ως.</span> <span class='ocrx_word' id='word_1_329' title='bbox 224 1856 335 1892; x_wconf 82' lang='grc' dir='ltr'>Πρῶτον</span> <span class='ocrx_word' id='word_1_330' title='bbox 355 1855 405 1891; x_wconf 78' lang='grc' dir='ltr'><strong>μὲν</strong></span> <span class='ocrx_word' id='word_1_331' title='bbox 420 1855 490 1890; x_wconf 77' lang='grc' dir='ltr'>γὰρ,</span> <span class='ocrx_word' id='word_1_332' title='bbox 509 1854 601 1888; x_wconf 70' lang='grc' dir='ltr'>φασὶν,</span> <span class='ocrx_word' id='word_1_333' title='bbox 618 1853 744 1879; x_wconf 80' lang='grc' dir='ltr'>οὐδέποτε</span> <span class='ocrx_word' id='word_1_334' title='bbox 760 1851 949 1887; x_wconf 76' lang='grc' dir='ltr'>ἀνεχωροῦμεν</span> 
     </span>
    </p>
   </div>
   <div class='ocr_carea' id='block_1_42' title="bbox 163 1898 948 1938">
    <p class='ocr_par' dir='ltr' id='par_1_42' title="bbox 163 1898 948 1938">
     <span class='ocr_line' id='line_1_42' title="bbox 163 1898 948 1938; baseline -0.008 -8"><span class='ocrx_word' id='word_1_335' title='bbox 163 1903 305 1938; x_wconf 74' lang='grc' dir='ltr'>εὐχόμενοι</span> <span class='ocrx_word' id='word_1_336' title='bbox 323 1902 369 1928; x_wconf 78' lang='grc' dir='ltr'>καὶ</span> <span class='ocrx_word' id='word_1_337' title='bbox 387 1901 502 1936; x_wconf 82' lang='grc' dir='ltr'>βοῶντες</span> <span class='ocrx_word' id='word_1_338' title='bbox 516 1900 583 1936; x_wconf 79' lang='grc' dir='ltr'>πρὸς</span> <span class='ocrx_word' id='word_1_339' title='bbox 597 1899 687 1926; x_wconf 80' lang='grc' dir='ltr'>αὐτόν.</span> <span class='ocrx_word' id='word_1_340' title='bbox 723 1899 859 1933; x_wconf 74' lang='grc' dir='ltr'>Ἐδοώμεν</span> <span class='ocrx_word' id='word_1_341' title='bbox 875 1899 903 1925; x_wconf 85' lang='grc' dir='ltr'>δὲ</span> <span class='ocrx_word' id='word_1_342' title='bbox 919 1898 948 1924; x_wconf 80' lang='grc' dir='ltr'><strong>οὺ</strong></span> 
     </span>
    </p>
   </div>
   <div class='ocr_carea' id='block_1_43' title="bbox 164 1944 947 1985">
    <p class='ocr_par' dir='ltr' id='par_1_43' title="bbox 164 1944 947 1985">
     <span class='ocr_line' id='line_1_43' title="bbox 164 1944 947 1985; baseline -0.009 -9"><span class='ocrx_word' id='word_1_343' title='bbox 164 1950 271 1985; x_wconf 80' lang='grc' dir='ltr'>κραυγῇ</span> <span class='ocrx_word' id='word_1_344' title='bbox 286 1948 333 1974; x_wconf 73' lang='grc' dir='ltr'><strong>καὶ</strong></span> <span class='ocrx_word' id='word_1_345' title='bbox 346 1949 420 1982; x_wconf 80' lang='grc' dir='ltr'>φωνῇ</span> <span class='ocrx_word' id='word_1_346' title='bbox 437 1945 559 1981; x_wconf 77' lang='grc' dir='ltr'>γεγωνῷ,</span> <span class='ocrx_word' id='word_1_347' title='bbox 578 1945 634 1972; x_wconf 82' lang='grc' dir='ltr'>ἀλλ’</span> <span class='ocrx_word' id='word_1_348' title='bbox 651 1955 660 1971; x_wconf 74' lang='grc' dir='ltr'><strong>ι</strong></span> <span class='ocrx_word' id='word_1_349' title='bbox 674 1945 725 1971; x_wconf 69' lang='grc' dir='ltr'><strong>ὑπο</strong></span> <span class='ocrx_word' id='word_1_350' title='bbox 739 1944 786 1980; x_wconf 82' lang='grc' dir='ltr'>τὴν</span> <span class='ocrx_word' id='word_1_351' title='bbox 801 1944 926 1978; x_wconf 84' lang='grc' dir='ltr'>γλῶσσαν</span> <span class='ocrx_word' id='word_1_352' title='bbox 939 1953 947 1969; x_wconf 87' lang='grc'><strong>›</strong></span> 
     </span>
    </p>
   </div>
   <div class='ocr_carea' id='block_1_44' title="bbox 164 1990 951 2028">
    <p class='ocr_par' dir='ltr' id='par_1_44' title="bbox 164 1990 951 2028">
     <span class='ocr_line' id='line_1_44' title="bbox 164 1990 951 2028; baseline -0.008 -7"><span class='ocrx_word' id='word_1_353' title='bbox 164 1994 230 2021; x_wconf 72' lang='grc' dir='ltr'>εἵσω</span> <span class='ocrx_word' id='word_1_354' title='bbox 242 1993 397 2028; x_wconf 84' lang='grc' dir='ltr'>συνέχοντες</span> <span class='ocrx_word' id='word_1_355' title='bbox 408 1991 496 2018; x_wconf 82' lang='grc' dir='ltr'>αὐτῶν</span> <span class='ocrx_word' id='word_1_356' title='bbox 508 1991 555 2023; x_wconf 74' lang='grc' dir='ltr'>τὰς</span> <span class='ocrx_word' id='word_1_357' title='bbox 571 1991 644 2026; x_wconf 75' lang='grc' dir='ltr'>βοάς·</span> <span class='ocrx_word' id='word_1_358' title='bbox 658 1990 768 2026; x_wconf 79' lang='grc' dir='ltr'>ᾔδειμεν</span> <span class='ocrx_word' id='word_1_359' title='bbox 777 1990 840 2026; x_wconf 80' lang='grc' dir='ltr'>γὰρ,</span> <span class='ocrx_word' id='word_1_360' title='bbox 853 1991 894 2016; x_wconf 77' lang='grc' dir='ltr'><strong>ὅτι</strong></span> <span class='ocrx_word' id='word_1_361' title='bbox 905 1990 951 2016; x_wconf 72' lang='grc' dir='ltr'>καὶ</span> 
     </span>
    </p>
   </div>
   <div class='ocr_carea' id='block_1_45' title="bbox 165 2035 949 2071">
    <p class='ocr_par' dir='ltr' id='par_1_45' title="bbox 165 2035 949 2071">
     <span class='ocr_line' id='line_1_45' title="bbox 165 2035 949 2071; baseline -0.004 -7"><span class='ocrx_word' id='word_1_362' title='bbox 165 2038 329 2065; x_wconf 80' lang='grc' dir='ltr'>σιωπώντων</span> <span class='ocrx_word' id='word_1_363' title='bbox 343 2036 435 2063; x_wconf 85' lang='grc' dir='ltr'>ἀκούει</span> <span class='ocrx_word' id='word_1_364' title='bbox 449 2037 463 2062; x_wconf 81' lang='grc' dir='ltr'>ὁ</span> <span class='ocrx_word' id='word_1_365' title='bbox 475 2036 552 2068; x_wconf 80' lang='grc' dir='ltr'>Θεὸς,</span> <span class='ocrx_word' id='word_1_366' title='bbox 565 2035 609 2062; x_wconf 77' lang='grc' dir='ltr'><strong>καί</strong></span> <span class='ocrx_word' id='word_1_367' title='bbox 624 2037 675 2062; x_wconf 81' lang='grc' dir='ltr'>εισι</span> <span class='ocrx_word' id='word_1_368' title='bbox 689 2036 809 2071; x_wconf 74' lang='grc' dir='ltr'>κραυγαὶ</span> <span class='ocrx_word' id='word_1_369' title='bbox 822 2035 910 2070; x_wconf 74' lang='grc' dir='ltr'>ψυχῆς</span> <span class='ocrx_word' id='word_1_370' title='bbox 921 2035 949 2061; x_wconf 76' lang='grc' dir='ltr'>οὐ</span> 
     </span>
    </p>
   </div>
   <div class='ocr_carea' id='block_1_46' title="bbox 166 2082 952 2120">
    <p class='ocr_par' dir='ltr' id='par_1_46' title="bbox 166 2082 952 2120">
     <span class='ocr_line' id='line_1_46' title="bbox 166 2082 952 2120; baseline -0.005 -8"><span class='ocrx_word' id='word_1_371' title='bbox 166 2085 208 2113; x_wconf 65' lang='grc' dir='ltr'>διὰ</span> <span class='ocrx_word' id='word_1_372' title='bbox 223 2084 344 2120; x_wconf 82' lang='grc' dir='ltr'>γλώττης</span> <span class='ocrx_word' id='word_1_373' title='bbox 360 2083 562 2120; x_wconf 76' lang='grc' dir='ltr'>προφερόμεναι</span> <span class='ocrx_word' id='word_1_374' title='bbox 572 2103 578 2114; x_wconf 92' lang='grc'><strong>,</strong></span> <span class='ocrx_word' id='word_1_375' title='bbox 595 2083 705 2118; x_wconf 67' lang='grc' dir='ltr'>ἀρρήτῳ</span> <span class='ocrx_word' id='word_1_376' title='bbox 717 2083 745 2109; x_wconf 76' lang='grc' dir='ltr'>δὲ</span> <span class='ocrx_word' id='word_1_377' title='bbox 759 2082 871 2117; x_wconf 85' lang='grc' dir='ltr'>δυνάμει</span> <span class='ocrx_word' id='word_1_378' title='bbox 885 2082 952 2117; x_wconf 81' lang='grc' dir='ltr'>πρὸς</span> 
     </span>
    </p>
   </div>
   <div class='ocr_carea' id='block_1_47' title="bbox 167 2128 951 2165">
    <p class='ocr_par' dir='ltr' id='par_1_47' title="bbox 167 2128 951 2165">
     <span class='ocr_line' id='line_1_47' title="bbox 167 2128 951 2165; baseline -0.005 -7"><span class='ocrx_word' id='word_1_379' title='bbox 167 2131 210 2159; x_wconf 76' lang='grc' dir='ltr'>τὸν</span> <span class='ocrx_word' id='word_1_380' title='bbox 220 2131 286 2158; x_wconf 83' lang='grc' dir='ltr'>Θεὸν</span> <span class='ocrx_word' id='word_1_381' title='bbox 300 2130 537 2165; x_wconf 81' lang='grc' dir='ltr'>ὰναπεμπόμεναι.</span> <span class='ocrx_word' id='word_1_382' title='bbox 557 2129 611 2155; x_wconf 80' lang='grc' dir='ltr'>Καὶ</span> <span class='ocrx_word' id='word_1_383' title='bbox 624 2128 702 2155; x_wconf 86' lang='grc' dir='ltr'>τοῦτό</span> <span class='ocrx_word' id='word_1_384' title='bbox 717 2130 788 2155; x_wconf 82' lang='grc' dir='ltr'>ἐστιν</span> <span class='ocrx_word' id='word_1_385' title='bbox 803 2128 817 2155; x_wconf 81' lang='grc' dir='ltr'><strong>ὃ</strong></span> <span class='ocrx_word' id='word_1_386' title='bbox 834 2128 951 2160; x_wconf 81' lang='grc' dir='ltr'>ἐδίδαξεν</span> 
     </span>
    </p>
   </div>
   <div class='ocr_carea' id='block_1_48' title="bbox 167 2174 952 2214">
    <p class='ocr_par' dir='ltr' id='par_1_48' title="bbox 167 2174 952 2214">
     <span class='ocr_line' id='line_1_48' title="bbox 167 2174 952 2214; baseline -0.006 -9"><span class='ocrx_word' id='word_1_387' title='bbox 167 2179 180 2205; x_wconf 63' lang='grc' dir='ltr'><strong>ἃ</strong></span> <span class='ocrx_word' id='word_1_388' title='bbox 188 2177 282 2214; x_wconf 85' lang='grc' dir='ltr'>Σωτὴρ</span> <span class='ocrx_word' id='word_1_389' title='bbox 293 2176 376 2203; x_wconf 85' lang='grc' dir='ltr'>είπών</span> <span class='ocrx_word' id='word_1_390' title='bbox 385 2186 391 2192; x_wconf 87' lang='grc'>·</span> <span class='ocrx_word' id='word_1_391' title='bbox 405 2175 528 2202; x_wconf 80' lang='grc' dir='ltr'>ιΕῖσελθε</span> <span class='ocrx_word' id='word_1_392' title='bbox 543 2175 582 2206; x_wconf 80' lang='grc' dir='ltr'><strong>εἰς</strong></span> <span class='ocrx_word' id='word_1_393' title='bbox 590 2175 619 2200; x_wconf 81' lang='grc' dir='ltr'><strong>τὸ</strong></span> <span class='ocrx_word' id='word_1_394' title='bbox 628 2175 749 2210; x_wconf 86' lang='grc' dir='ltr'>ταμιεῖόν</span> <span class='ocrx_word' id='word_1_395' title='bbox 759 2183 815 2205; x_wconf 88' lang='grc' dir='ltr'>σου,</span> <span class='ocrx_word' id='word_1_396' title='bbox 825 2174 871 2201; x_wconf 76' lang='grc' dir='ltr'><strong>καὶ</strong></span> <span class='ocrx_word' id='word_1_397' title='bbox 881 2174 952 2200; x_wconf 86' lang='grc' dir='ltr'>κλεῖ-</span> 
     </span>
    </p>
   </div>
   <div class='ocr_carea' id='block_1_49' title="bbox 167 2219 951 2259">
    <p class='ocr_par' dir='ltr' id='par_1_49' title="bbox 167 2219 951 2259">
     <span class='ocr_line' id='line_1_49' title="bbox 167 2219 951 2259; baseline -0.006 -9"><span class='ocrx_word' id='word_1_398' title='bbox 167 2231 212 2250; x_wconf 71' lang='grc' dir='ltr'><strong>σον</strong></span> <span class='ocrx_word' id='word_1_399' title='bbox 222 2223 272 2259; x_wconf 87' lang='grc' dir='ltr'><strong>τὴν</strong></span> <span class='ocrx_word' id='word_1_400' title='bbox 286 2222 371 2257; x_wconf 82' lang='grc' dir='ltr'>θύραν</span> <span class='ocrx_word' id='word_1_401' title='bbox 386 2230 432 2247; x_wconf 86' lang='grc' dir='ltr'><strong>σου</strong></span> <span class='ocrx_word' id='word_1_402' title='bbox 442 2241 449 2253; x_wconf 91' lang='grc'><strong>,</strong></span> <span class='ocrx_word' id='word_1_403' title='bbox 465 2220 512 2247; x_wconf 71' lang='grc' dir='ltr'><strong>καὶ</strong></span> <span class='ocrx_word' id='word_1_404' title='bbox 529 2219 675 2255; x_wconf 82' lang='grc' dir='ltr'>πρόσευξαι</span> <span class='ocrx_word' id='word_1_405' title='bbox 688 2227 695 2234; x_wconf 66' lang='grc'><strong><em>⁵</em></strong></span> <span class='ocrx_word' id='word_1_406' title='bbox 709 2219 755 2246; x_wconf 73' lang='grc' dir='ltr'><strong>καὶ</strong></span> <span class='ocrx_word' id='word_1_407' title='bbox 771 2220 785 2245; x_wconf 87' lang='grc' dir='ltr'>ὁ</span> <span class='ocrx_word' id='word_1_408' title='bbox 798 2220 892 2255; x_wconf 87' lang='grc' dir='ltr'>Πατήρ</span> <span class='ocrx_word' id='word_1_409' title='bbox 905 2228 951 2246; x_wconf 88' lang='grc' dir='ltr'><strong>σου</strong></span> 
     </span>
    </p>
   </div>
   <div class='ocr_carea' id='block_1_50' title="bbox 999 286 1781 324">
    <p class='ocr_par' dir='ltr' id='par_1_50' title="bbox 999 286 1781 324">
     <span class='ocr_line' id='line_1_50' title="bbox 999 286 1781 324; baseline 0.003 -10"><span class='ocrx_word' id='word_1_410' title='bbox 999 286 1043 315; x_wconf 90' lang='lat' dir='ltr'><strong>his</strong></span> <span class='ocrx_word' id='word_1_411' title='bbox 1056 292 1153 323; x_wconf 71' lang='lat' dir='ltr'><strong>gentes</strong></span> <span class='ocrx_word' id='word_1_412' title='bbox 1170 287 1387 323; x_wconf 85' lang='lat' dir='ltr'><strong>alloquebantur.</strong></span> <span class='ocrx_word' id='word_1_413' title='bbox 1411 287 1490 315; x_wconf 83' lang='lat' dir='ltr'><strong>Nune</strong></span> <span class='ocrx_word' id='word_1_414' title='bbox 1505 287 1589 324; x_wconf 75' lang='lat' dir='ltr'><strong>igitur</strong></span> <span class='ocrx_word' id='word_1_415' title='bbox 1604 289 1656 323; x_wconf 87' lang='lat' dir='ltr'><strong>ipsi</strong></span> <span class='ocrx_word' id='word_1_416' title='bbox 1672 288 1781 317; x_wconf 72' lang='lat' dir='ltr'><strong>eosdem</strong></span> 
     </span>
    </p>
   </div>
   <div class='ocr_carea' id='block_1_51' title="bbox 999 332 1782 368">
    <p class='ocr_par' dir='ltr' id='par_1_51' title="bbox 999 332 1782 368">
     <span class='ocr_line' id='line_1_51' title="bbox 999 332 1782 368; baseline 0.004 -8"><span class='ocrx_word' id='word_1_417' title='bbox 999 333 1164 368; x_wconf 78' lang='lat' dir='ltr'><strong>compellant</strong></span> <span class='ocrx_word' id='word_1_418' title='bbox 1180 333 1223 362; x_wconf 85' lang='lat' dir='ltr'><strong>his</strong></span> <span class='ocrx_word' id='word_1_419' title='bbox 1235 333 1323 362; x_wconf 78' lang='lat' dir='ltr'><strong>verbis</strong></span> <span class='ocrx_word' id='word_1_420' title='bbox 1339 343 1345 360; x_wconf 96' lang='lat'>:</span> <span class='ocrx_word' id='word_1_421' title='bbox 1364 344 1374 360; x_wconf 76' lang='grc' dir='ltr'><strong>ι</strong></span> <span class='ocrx_word' id='word_1_422' title='bbox 1385 332 1493 366; x_wconf 80' lang='lat' dir='ltr'><strong>Venite,</strong></span> <span class='ocrx_word' id='word_1_423' title='bbox 1502 337 1530 362; x_wconf 91' lang='lat' dir='ltr'><strong>et</strong></span> <span class='ocrx_word' id='word_1_424' title='bbox 1540 352 1545 355; x_wconf 90' lang='lat'><strong><em>-</em></strong></span> <span class='ocrx_word' id='word_1_425' title='bbox 1555 333 1657 367; x_wconf 88' lang='lat' dir='ltr'><strong>audite,</strong></span> <span class='ocrx_word' id='word_1_426' title='bbox 1674 340 1701 362; x_wconf 90' lang='lat' dir='ltr'><strong>et</strong></span> <span class='ocrx_word' id='word_1_427' title='bbox 1718 343 1782 363; x_wconf 89' lang='lat' dir='ltr'><strong>nar-</strong></span> 
     </span>
    </p>
   </div>
   <div class='ocr_carea' id='block_1_52' title="bbox 1000 379 1782 412">
    <p class='ocr_par' dir='ltr' id='par_1_52' title="bbox 1000 379 1782 412">
     <span class='ocr_line' id='line_1_52' title="bbox 1000 379 1782 412; baseline 0.005 -8"><span class='ocrx_word' id='word_1_428' title='bbox 1000 379 1075 406; x_wconf 84' lang='lat' dir='ltr'><strong>rabo.</strong></span> <span class='ocrx_word' id='word_1_429' title='bbox 1093 389 1103 405; x_wconf 66' lang='lat'><em>»</em></span> <span class='ocrx_word' id='word_1_430' title='bbox 1126 379 1252 412; x_wconf 81' lang='lat' dir='ltr'><strong>Quinam,</strong></span> <span class='ocrx_word' id='word_1_431' title='bbox 1270 380 1378 407; x_wconf 83' lang='lat' dir='ltr'><strong>venite?</strong></span> <span class='ocrx_word' id='word_1_432' title='bbox 1405 380 1502 408; x_wconf 89' lang='lat' dir='ltr'><strong>deinde</strong></span> <span class='ocrx_word' id='word_1_433' title='bbox 1536 381 1616 408; x_wconf 82' lang='lat' dir='ltr'><strong>infert</strong></span> <span class='ocrx_word' id='word_1_434' title='bbox 1633 390 1640 408; x_wconf 89' lang='lat'>:</span> <span class='ocrx_word' id='word_1_435' title='bbox 1658 390 1667 406; x_wconf 77' lang='grc' dir='ltr'><strong>ι</strong></span> <span class='ocrx_word' id='word_1_436' title='bbox 1680 380 1782 408; x_wconf 85' lang='lat' dir='ltr'><strong>Omnes</strong></span> 
     </span>
    </p>
   </div>
   <div class='ocr_carea' id='block_1_53' title="bbox 998 424 1782 461">
    <p class='ocr_par' dir='ltr' id='par_1_53' title="bbox 998 424 1782 461">
     <span class='ocr_line' id='line_1_53' title="bbox 998 424 1782 461; baseline 0.006 -11"><span class='ocrx_word' id='word_1_437' title='bbox 998 424 1047 460; x_wconf 89' lang='lat' dir='ltr'><strong>qui</strong></span> <span class='ocrx_word' id='word_1_438' title='bbox 1063 425 1165 452; x_wconf 91' lang='lat' dir='ltr'><strong>timetis</strong></span> <span class='ocrx_word' id='word_1_439' title='bbox 1179 425 1278 453; x_wconf 84' lang='lat' dir='ltr'><strong>Deum:</strong></span> <span class='ocrx_word' id='word_1_440' title='bbox 1295 436 1305 452; x_wconf 86' lang='grc'><strong>›</strong></span> <span class='ocrx_word' id='word_1_441' title='bbox 1322 434 1392 461; x_wconf 89' lang='lat' dir='ltr'><strong>quos</strong></span> <span class='ocrx_word' id='word_1_442' title='bbox 1408 434 1491 461; x_wconf 83' lang='lat' dir='ltr'><strong>supra</strong></span> <span class='ocrx_word' id='word_1_443' title='bbox 1505 426 1585 453; x_wconf 89' lang='lat' dir='ltr'><strong>modo</strong></span> <span class='ocrx_word' id='word_1_444' title='bbox 1602 435 1708 454; x_wconf 87' lang='lat' dir='ltr'><strong>omnem</strong></span> <span class='ocrx_word' id='word_1_445' title='bbox 1725 433 1782 455; x_wconf 87' lang='lat' dir='ltr'><strong>ter-</strong></span> 
     </span>
    </p>
   </div>
   <div class='ocr_carea' id='block_1_54' title="bbox 1000 473 1818 508">
    <p class='ocr_par' dir='ltr' id='par_1_54' title="bbox 1000 473 1818 508">
     <span class='ocr_line' id='line_1_54' title="bbox 1000 473 1818 508; baseline 0.005 -11"><span class='ocrx_word' id='word_1_446' title='bbox 1000 478 1058 497; x_wconf 89' lang='lat' dir='ltr'><strong>ram</strong></span> <span class='ocrx_word' id='word_1_447' title='bbox 1077 477 1312 506; x_wconf 88' lang='lat' dir='ltr'><strong>nuncupaverant,</strong></span> <span class='ocrx_word' id='word_1_448' title='bbox 1328 473 1410 499; x_wconf 87' lang='lat' dir='ltr'><strong>modo</strong></span> <span class='ocrx_word' id='word_1_449' title='bbox 1423 480 1518 500; x_wconf 84' lang='lat' dir='ltr'><strong>omnes</strong></span> <span class='ocrx_word' id='word_1_450' title='bbox 1534 477 1638 508; x_wconf 74' lang='lat' dir='ltr'><strong>gentes.</strong></span> <span class='ocrx_word' id='word_1_451' title='bbox 1664 473 1781 501; x_wconf 83' lang='lat' dir='ltr'><strong>Eosdem</strong></span> <span class='ocrx_word' id='word_1_452' title='bbox 1815 500 1818 503; x_wconf 79' lang='grc'><strong>,</strong></span> 
     </span>
    </p>
   </div>
   <div class='ocr_carea' id='block_1_55' title="bbox 999 517 1781 553">
    <p class='ocr_par' dir='ltr' id='par_1_55' title="bbox 999 517 1781 553">
     <span class='ocr_line' id='line_1_55' title="bbox 999 517 1781 553; baseline 0.005 -10"><span class='ocrx_word' id='word_1_453' title='bbox 999 517 1071 544; x_wconf 91' lang='lat' dir='ltr'><strong>enim</strong></span> <span class='ocrx_word' id='word_1_454' title='bbox 1098 517 1124 544; x_wconf 91' lang='lat' dir='ltr'><strong>in</strong></span> <span class='ocrx_word' id='word_1_455' title='bbox 1150 519 1277 553; x_wconf 51' lang='lat' dir='ltr'><strong>praesenti</strong></span> <span class='ocrx_word' id='word_1_456' title='bbox 1293 518 1444 549; x_wconf 86' lang='lat' dir='ltr'><strong>declarant.</strong></span> <span class='ocrx_word' id='word_1_457' title='bbox 1469 527 1531 546; x_wconf 89' lang='lat' dir='ltr'><strong>cum</strong></span> <span class='ocrx_word' id='word_1_458' title='bbox 1550 519 1675 547; x_wconf 89' lang='lat' dir='ltr'><strong>timentes</strong></span> <span class='ocrx_word' id='word_1_459' title='bbox 1698 520 1781 547; x_wconf 87' lang='lat' dir='ltr'><strong>Deum</strong></span> 
     </span>
    </p>
   </div>
   <div class='ocr_carea' id='block_1_56' title="bbox 1000 563 1779 600">
    <p class='ocr_par' dir='ltr' id='par_1_56' title="bbox 1000 563 1779 600">
     <span class='ocr_line' id='line_1_56' title="bbox 1000 563 1779 600; baseline 0.004 -10"><span class='ocrx_word' id='word_1_460' title='bbox 1000 564 1171 598; x_wconf 84' lang='lat' dir='ltr'><strong>compellant.</strong></span> <span class='ocrx_word' id='word_1_461' title='bbox 1198 563 1361 600; x_wconf 86' lang='lat' dir='ltr'><strong>Plerumque</strong></span> <span class='ocrx_word' id='word_1_462' title='bbox 1379 565 1408 592; x_wconf 91' lang='lat' dir='ltr'><strong>in</strong></span> <span class='ocrx_word' id='word_1_463' title='bbox 1424 565 1484 592; x_wconf 88' lang='lat' dir='ltr'><strong>aliis</strong></span> <span class='ocrx_word' id='word_1_464' title='bbox 1495 567 1779 599; x_wconf 86' lang='lat' dir='ltr'><strong>commonstravimus,</strong></span> 
     </span>
    </p>
   </div>
   <div class='ocr_carea' id='block_1_57' title="bbox 998 610 1780 647">
    <p class='ocr_par' dir='ltr' id='par_1_57' title="bbox 998 610 1780 647">
     <span class='ocr_line' id='line_1_57' title="bbox 998 610 1780 647; baseline 0.005 -12"><span class='ocrx_word' id='word_1_465' title='bbox 998 617 1045 636; x_wconf 84' lang='lat' dir='ltr'><strong>eos</strong></span> <span class='ocrx_word' id='word_1_466' title='bbox 1057 618 1089 636; x_wconf 87' lang='lat' dir='ltr'><strong>ex</strong></span> <span class='ocrx_word' id='word_1_467' title='bbox 1105 610 1231 644; x_wconf 75' lang='lat' dir='ltr'><strong>gentibus</strong></span> <span class='ocrx_word' id='word_1_468' title='bbox 1242 611 1288 645; x_wconf 90' lang='lat' dir='ltr'><strong>qui</strong></span> <span class='ocrx_word' id='word_1_469' title='bbox 1303 612 1374 645; x_wconf 84' lang='lat' dir='ltr'><strong>piam</strong></span> <span class='ocrx_word' id='word_1_470' title='bbox 1389 611 1483 639; x_wconf 84' lang='lat' dir='ltr'><strong>colunt</strong></span> <span class='ocrx_word' id='word_1_471' title='bbox 1498 612 1666 647; x_wconf 79' lang='lat' dir='ltr'><strong>religionem.</strong></span> <span class='ocrx_word' id='word_1_472' title='bbox 1684 613 1780 640; x_wconf 87' lang='lat' dir='ltr'><strong>timcn-</strong></span> 
     </span>
    </p>
   </div>
   <div class='ocr_carea' id='block_1_58' title="bbox 998 655 1780 693">
    <p class='ocr_par' dir='ltr' id='par_1_58' title="bbox 998 655 1780 693">
     <span class='ocr_line' id='line_1_58' title="bbox 998 655 1780 693; baseline 0.004 -11"><span class='ocrx_word' id='word_1_473' title='bbox 998 659 1040 684; x_wconf 88' lang='lat' dir='ltr'><strong>tes</strong></span> <span class='ocrx_word' id='word_1_474' title='bbox 1057 655 1201 683; x_wconf 88' lang='lat' dir='ltr'><strong>Dominum</strong></span> <span class='ocrx_word' id='word_1_475' title='bbox 1230 657 1397 693; x_wconf 89' lang='lat' dir='ltr'><strong>Scripturam</strong></span> <span class='ocrx_word' id='word_1_476' title='bbox 1424 658 1560 693; x_wconf 87' lang='lat' dir='ltr'><strong>appellare</strong></span> <span class='ocrx_word' id='word_1_477' title='bbox 1588 659 1685 686; x_wconf 88' lang='lat' dir='ltr'><strong>solere.</strong></span> <span class='ocrx_word' id='word_1_478' title='bbox 1713 658 1780 692; x_wconf 83' lang='lat' dir='ltr'><strong>Quo-</strong></span> 
     </span>
    </p>
   </div>
   <div class='ocr_carea' id='block_1_59' title="bbox 999 701 1781 739">
    <p class='ocr_par' dir='ltr' id='par_1_59' title="bbox 999 701 1781 739">
     <span class='ocr_line' id='line_1_59' title="bbox 999 701 1781 739; baseline 0.004 -11"><span class='ocrx_word' id='word_1_479' title='bbox 999 703 1072 729; x_wconf 90' lang='lat' dir='ltr'><strong>niam</strong></span> <span class='ocrx_word' id='word_1_480' title='bbox 1104 701 1188 738; x_wconf 79' lang='lat' dir='ltr'><strong>igitur</strong></span> <span class='ocrx_word' id='word_1_481' title='bbox 1219 704 1377 738; x_wconf 67' lang='lat' dir='ltr'><strong>prazdicatio</strong></span> <span class='ocrx_word' id='word_1_482' title='bbox 1403 704 1559 739; x_wconf 79' lang='lat' dir='ltr'><strong>evangelica</strong></span> <span class='ocrx_word' id='word_1_483' title='bbox 1584 705 1781 732; x_wconf 89' lang='lat' dir='ltr'><strong>commentario</strong></span> 
     </span>
    </p>
   </div>
   <div class='ocr_carea' id='block_1_60' title="bbox 998 748 1779 784">
    <p class='ocr_par' dir='ltr' id='par_1_60' title="bbox 998 748 1779 784">
     <span class='ocr_line' id='line_1_60' title="bbox 998 748 1779 784; baseline 0.004 -10"><span class='ocrx_word' id='word_1_484' title='bbox 998 752 1068 782; x_wconf 81' lang='lat' dir='ltr'><strong>eget,</strong></span> <span class='ocrx_word' id='word_1_485' title='bbox 1092 755 1121 775; x_wconf 88' lang='lat' dir='ltr'><strong>se</strong></span> <span class='ocrx_word' id='word_1_486' title='bbox 1139 748 1198 783; x_wconf 80' lang='lat' dir='ltr'><strong>ejus</strong></span> <span class='ocrx_word' id='word_1_487' title='bbox 1216 749 1470 784; x_wconf 84' lang='lat' dir='ltr'><strong>interpretationem</strong></span> <span class='ocrx_word' id='word_1_488' title='bbox 1495 749 1644 777; x_wconf 84' lang='lat' dir='ltr'><strong>tradituros</strong></span> <span class='ocrx_word' id='word_1_489' title='bbox 1657 757 1779 777; x_wconf 87' lang='lat' dir='ltr'><strong>necessa-</strong></span> 
     </span>
    </p>
   </div>
   <div class='ocr_carea' id='block_1_61' title="bbox 998 794 1779 831">
    <p class='ocr_par' dir='ltr' id='par_1_61' title="bbox 998 794 1779 831">
     <span class='ocr_line' id='line_1_61' title="bbox 998 794 1779 831; baseline 0.003 -10"><span class='ocrx_word' id='word_1_490' title='bbox 998 794 1040 821; x_wconf 89' lang='lat' dir='ltr'><strong>rio</strong></span> <span class='ocrx_word' id='word_1_491' title='bbox 1065 795 1192 830; x_wconf 80' lang='lat' dir='ltr'><strong>gentibus</strong></span> <span class='ocrx_word' id='word_1_492' title='bbox 1220 796 1393 831; x_wconf 90' lang='lat' dir='ltr'><strong>pollicentur,</strong></span> <span class='ocrx_word' id='word_1_493' title='bbox 1412 796 1535 824; x_wconf 84' lang='lat' dir='ltr'><strong>dicentes</strong></span> <span class='ocrx_word' id='word_1_494' title='bbox 1552 806 1559 824; x_wconf 87' lang='lat'><strong>:</strong></span> <span class='ocrx_word' id='word_1_495' title='bbox 1576 805 1585 821; x_wconf 77' lang='grc' dir='ltr'><strong>ι</strong></span> <span class='ocrx_word' id='word_1_496' title='bbox 1601 795 1704 828; x_wconf 81' lang='lat' dir='ltr'><strong>Venite,</strong></span> <span class='ocrx_word' id='word_1_497' title='bbox 1729 804 1779 823; x_wconf 88' lang='lat' dir='ltr'><strong>au-</strong></span> 
     </span>
    </p>
   </div>
   <div class='ocr_carea' id='block_1_62' title="bbox 998 841 1782 877">
    <p class='ocr_par' dir='ltr' id='par_1_62' title="bbox 998 841 1782 877">
     <span class='ocr_line' id='line_1_62' title="bbox 998 841 1782 877; baseline 0.003 -10"><span class='ocrx_word' id='word_1_498' title='bbox 998 841 1063 871; x_wconf 88' lang='lat' dir='ltr'><strong>dite,</strong></span> <span class='ocrx_word' id='word_1_499' title='bbox 1082 845 1108 868; x_wconf 88' lang='lat' dir='ltr'><strong>et</strong></span> <span class='ocrx_word' id='word_1_500' title='bbox 1132 842 1278 869; x_wconf 68' lang='lat' dir='ltr'><strong>narrabo.»</strong></span> <span class='ocrx_word' id='word_1_501' title='bbox 1300 841 1362 869; x_wconf 62' lang='lat' dir='ltr'><strong>Haec</strong></span> <span class='ocrx_word' id='word_1_502' title='bbox 1375 850 1457 876; x_wconf 89' lang='lat' dir='ltr'><strong>porro</strong></span> <span class='ocrx_word' id='word_1_503' title='bbox 1485 842 1564 877; x_wconf 87' lang='lat' dir='ltr'><strong>quasi</strong></span> <span class='ocrx_word' id='word_1_504' title='bbox 1591 850 1625 869; x_wconf 83' lang='lat' dir='ltr'><strong>ex</strong></span> <span class='ocrx_word' id='word_1_505' title='bbox 1649 850 1704 869; x_wconf 92' lang='lat' dir='ltr'><strong>uno</strong></span> <span class='ocrx_word' id='word_1_506' title='bbox 1733 850 1782 870; x_wconf 85' lang='lat' dir='ltr'><strong>ore</strong></span> 
     </span>
    </p>
   </div>
   <div class='ocr_carea' id='block_1_63' title="bbox 998 887 1782 924">
    <p class='ocr_par' dir='ltr' id='par_1_63' title="bbox 998 887 1782 924">
     <span class='ocr_line' id='line_1_63' title="bbox 998 887 1782 924; baseline 0.003 -10"><span class='ocrx_word' id='word_1_507' title='bbox 998 887 1141 922; x_wconf 78' lang='lat' dir='ltr'><strong>proferunt</strong></span> <span class='ocrx_word' id='word_1_508' title='bbox 1154 892 1265 923; x_wconf 87' lang='lat' dir='ltr'><strong>propter</strong></span> <span class='ocrx_word' id='word_1_509' title='bbox 1273 888 1535 916; x_wconf 86' lang='lat' dir='ltr'><strong>consummationem</strong></span> <span class='ocrx_word' id='word_1_510' title='bbox 1547 898 1553 915; x_wconf 91' lang='lat'>:</span> <span class='ocrx_word' id='word_1_511' title='bbox 1569 896 1665 916; x_wconf 88' lang='lat' dir='ltr'><strong>omnes</strong></span> <span class='ocrx_word' id='word_1_512' title='bbox 1679 888 1782 924; x_wconf 85' lang='lat' dir='ltr'><strong>quippe</strong></span> 
     </span>
    </p>
   </div>
   <div class='ocr_carea' id='block_1_64' title="bbox 997 933 1781 961">
    <p class='ocr_par' dir='ltr' id='par_1_64' title="bbox 997 933 1781 961">
     <span class='ocr_line' id='line_1_64' title="bbox 997 933 1781 961; baseline 0.003 -2"><span class='ocrx_word' id='word_1_513' title='bbox 997 933 1024 959; x_wconf 94' lang='lat' dir='ltr'><strong>in</strong></span> <span class='ocrx_word' id='word_1_514' title='bbox 1038 933 1150 960; x_wconf 88' lang='lat' dir='ltr'><strong>Christo</strong></span> <span class='ocrx_word' id='word_1_515' title='bbox 1164 934 1347 961; x_wconf 87' lang='lat' dir='ltr'><strong>consummati</strong></span> <span class='ocrx_word' id='word_1_516' title='bbox 1363 941 1446 961; x_wconf 90' lang='lat' dir='ltr'><strong>unum</strong></span> <span class='ocrx_word' id='word_1_517' title='bbox 1471 933 1560 961; x_wconf 73' lang='lat' dir='ltr'><strong>effecti</strong></span> <span class='ocrx_word' id='word_1_518' title='bbox 1577 938 1652 961; x_wconf 89' lang='lat' dir='ltr'><strong>sunt.</strong></span> <span class='ocrx_word' id='word_1_519' title='bbox 1681 933 1714 960; x_wconf 86' lang='lat' dir='ltr'><strong>Et</strong></span> <span class='ocrx_word' id='word_1_520' title='bbox 1728 934 1781 961; x_wconf 91' lang='lat' dir='ltr'><strong>hoc</strong></span> 
     </span>
    </p>
   </div>
   <div class='ocr_carea' id='block_1_65' title="bbox 998 978 1781 1015">
    <p class='ocr_par' dir='ltr' id='par_1_65' title="bbox 998 978 1781 1015">
     <span class='ocr_line' id='line_1_65' title="bbox 998 978 1781 1015; baseline 0.001 -9"><span class='ocrx_word' id='word_1_521' title='bbox 998 978 1117 1014; x_wconf 89' lang='lat' dir='ltr'><strong>Spiritus</strong></span> <span class='ocrx_word' id='word_1_522' title='bbox 1144 983 1256 1007; x_wconf 90' lang='lat' dir='ltr'><strong>sanctus</strong></span> <span class='ocrx_word' id='word_1_523' title='bbox 1274 980 1354 1015; x_wconf 89' lang='lat' dir='ltr'><strong>quasi</strong></span> <span class='ocrx_word' id='word_1_524' title='bbox 1378 987 1411 1007; x_wconf 75' lang='lat' dir='ltr'><strong>ex</strong></span> <span class='ocrx_word' id='word_1_525' title='bbox 1439 988 1494 1007; x_wconf 92' lang='lat' dir='ltr'><strong>uno</strong></span> <span class='ocrx_word' id='word_1_526' title='bbox 1517 980 1670 1015; x_wconf 89' lang='lat' dir='ltr'><strong>apostolico</strong></span> <span class='ocrx_word' id='word_1_527' title='bbox 1695 981 1781 1007; x_wconf 89' lang='lat' dir='ltr'><strong>choro</strong></span> 
     </span>
    </p>
   </div>
   <div class='ocr_carea' id='block_1_66' title="bbox 997 1025 1782 1065">
    <p class='ocr_par' dir='ltr' id='par_1_66' title="bbox 997 1025 1782 1065">
     <span class='ocr_line' id='line_1_66' title="bbox 997 1025 1782 1065; baseline 0.003 -14"><span class='ocrx_word' id='word_1_528' title='bbox 997 1025 1123 1065; x_wconf 82' lang='lat' dir='ltr'><strong>gentibus</strong></span> <span class='ocrx_word' id='word_1_529' title='bbox 1136 1025 1251 1061; x_wconf 91' lang='lat' dir='ltr'><strong>loquens</strong></span> <span class='ocrx_word' id='word_1_530' title='bbox 1266 1025 1453 1059; x_wconf 78' lang='lat' dir='ltr'><strong>vaticinatur;</strong></span> <span class='ocrx_word' id='word_1_531' title='bbox 1478 1033 1509 1052; x_wconf 88' lang='lat' dir='ltr'><strong>ac</strong></span> <span class='ocrx_word' id='word_1_532' title='bbox 1525 1026 1669 1061; x_wconf 87' lang='lat' dir='ltr'><strong>pollicetur</strong></span> <span class='ocrx_word' id='word_1_533' title='bbox 1684 1034 1714 1054; x_wconf 88' lang='lat' dir='ltr'><strong>se</strong></span> <span class='ocrx_word' id='word_1_534' title='bbox 1733 1025 1782 1053; x_wconf 89' lang='lat' dir='ltr'><strong>de-</strong></span> 
     </span>
    </p>
   </div>
   <div class='ocr_carea' id='block_1_67' title="bbox 998 1071 1779 1107">
    <p class='ocr_par' dir='ltr' id='par_1_67' title="bbox 998 1071 1779 1107">
     <span class='ocr_line' id='line_1_67' title="bbox 998 1071 1779 1107; baseline 0.001 -10"><span class='ocrx_word' id='word_1_535' title='bbox 998 1071 1165 1098; x_wconf 78' lang='lat' dir='ltr'><strong>claraturam</strong></span> <span class='ocrx_word' id='word_1_536' title='bbox 1190 1075 1293 1107; x_wconf 87' lang='lat' dir='ltr'><strong>quanta</strong></span> <span class='ocrx_word' id='word_1_537' title='bbox 1321 1072 1416 1099; x_wconf 82' lang='lat' dir='ltr'><strong>fecerit</strong></span> <span class='ocrx_word' id='word_1_538' title='bbox 1437 1071 1509 1099; x_wconf 69' lang='lat' dir='ltr'><strong>Deus</strong></span> <span class='ocrx_word' id='word_1_539' title='bbox 1529 1072 1627 1099; x_wconf 77' lang='lat' dir='ltr'><strong>animae</strong></span> <span class='ocrx_word' id='word_1_540' title='bbox 1647 1072 1779 1107; x_wconf 88' lang='lat' dir='ltr'><strong>ipsorum.</strong></span> 
     </span>
    </p>
   </div>
   <div class='ocr_carea' id='block_1_68' title="bbox 997 1115 1781 1152">
    <p class='ocr_par' dir='ltr' id='par_1_68' title="bbox 997 1115 1781 1152">
     <span class='ocr_line' id='line_1_68' title="bbox 997 1115 1781 1152; baseline 0.001 -9"><span class='ocrx_word' id='word_1_541' title='bbox 997 1115 1066 1143; x_wconf 91' lang='lat' dir='ltr'><strong>Olim</strong></span> <span class='ocrx_word' id='word_1_542' title='bbox 1082 1116 1194 1151; x_wconf 85' lang='lat' dir='ltr'><strong>quidem</strong></span> <span class='ocrx_word' id='word_1_543' title='bbox 1209 1125 1215 1142; x_wconf 90' lang='lat'>:</span> <span class='ocrx_word' id='word_1_544' title='bbox 1233 1116 1371 1148; x_wconf 85' lang='lat' dir='ltr'><strong>dicebant,</strong></span> <span class='ocrx_word' id='word_1_545' title='bbox 1392 1126 1401 1142; x_wconf 87' lang='grc'><strong>‹</strong></span> <span class='ocrx_word' id='word_1_546' title='bbox 1414 1116 1510 1144; x_wconf 76' lang='lat' dir='ltr'><strong>Venite</strong></span> <span class='ocrx_word' id='word_1_547' title='bbox 1527 1121 1554 1144; x_wconf 91' lang='lat' dir='ltr'><strong>et</strong></span> <span class='ocrx_word' id='word_1_548' title='bbox 1581 1117 1671 1144; x_wconf 81' lang='lat' dir='ltr'><strong>videte</strong></span> <span class='ocrx_word' id='word_1_549' title='bbox 1699 1125 1781 1152; x_wconf 89' lang='lat' dir='ltr'><strong>opera</strong></span> 
     </span>
    </p>
   </div>
   <div class='ocr_carea' id='block_1_69' title="bbox 999 1163 1782 1198">
    <p class='ocr_par' dir='ltr' id='par_1_69' title="bbox 999 1163 1782 1198">
     <span class='ocr_line' id='line_1_69' title="bbox 999 1163 1782 1198; baseline 0.001 -10"><span class='ocrx_word' id='word_1_550' title='bbox 999 1163 1055 1194; x_wconf 88' lang='lat' dir='ltr'><strong>Dei,</strong></span> <span class='ocrx_word' id='word_1_551' title='bbox 1071 1163 1117 1197; x_wconf 88' lang='lat' dir='ltr'><strong>qui</strong></span> <span class='ocrx_word' id='word_1_552' title='bbox 1138 1163 1285 1198; x_wconf 83' lang='lat' dir='ltr'><strong>aliquando</strong></span> <span class='ocrx_word' id='word_1_553' title='bbox 1311 1164 1444 1191; x_wconf 88' lang='lat' dir='ltr'><strong>convertit</strong></span> <span class='ocrx_word' id='word_1_554' title='bbox 1465 1172 1540 1191; x_wconf 79' lang='lat' dir='ltr'><strong>mare</strong></span> <span class='ocrx_word' id='word_1_555' title='bbox 1559 1163 1587 1190; x_wconf 93' lang='lat' dir='ltr'><strong>in</strong></span> <span class='ocrx_word' id='word_1_556' title='bbox 1610 1164 1726 1195; x_wconf 80' lang='lat' dir='ltr'><strong>aridam.</strong></span> <span class='ocrx_word' id='word_1_557' title='bbox 1754 1167 1782 1191; x_wconf 91' lang='lat' dir='ltr'><strong>et</strong></span> 
     </span>
    </p>
   </div>
   <div class='ocr_carea' id='block_1_70' title="bbox 998 1210 1782 1246">
    <p class='ocr_par' dir='ltr' id='par_1_70' title="bbox 998 1210 1782 1246">
     <span class='ocr_line' id='line_1_70' title="bbox 998 1210 1782 1246; baseline 0.001 -10"><span class='ocrx_word' id='word_1_558' title='bbox 998 1210 1025 1237; x_wconf 88' lang='lat' dir='ltr'><strong>in</strong></span> <span class='ocrx_word' id='word_1_559' title='bbox 1041 1210 1151 1238; x_wconf 87' lang='lat' dir='ltr'><strong>ﬂumine</strong></span> <span class='ocrx_word' id='word_1_560' title='bbox 1167 1211 1386 1245; x_wconf 84' lang='lat' dir='ltr'><strong>pertransicrunt</strong></span> <span class='ocrx_word' id='word_1_561' title='bbox 1397 1211 1474 1246; x_wconf 87' lang='lat' dir='ltr'><strong>pede.</strong></span> <span class='ocrx_word' id='word_1_562' title='bbox 1501 1221 1510 1238; x_wconf 77' lang='grc' dir='ltr'><strong>ι</strong></span> <span class='ocrx_word' id='word_1_563' title='bbox 1524 1210 1602 1238; x_wconf 84' lang='lat' dir='ltr'><strong>Nunc</strong></span> <span class='ocrx_word' id='word_1_564' title='bbox 1620 1215 1709 1238; x_wconf 90' lang='lat' dir='ltr'><strong>autem</strong></span> <span class='ocrx_word' id='word_1_565' title='bbox 1728 1217 1782 1237; x_wconf 82' lang='lat' dir='ltr'><strong>non</strong></span> 
     </span>
    </p>
   </div>
   <div class='ocr_carea' id='block_1_71' title="bbox 999 1256 1782 1292">
    <p class='ocr_par' dir='ltr' id='par_1_71' title="bbox 999 1256 1782 1292">
     <span class='ocr_line' id='line_1_71' title="bbox 999 1256 1782 1292; baseline 0 -9"><span class='ocrx_word' id='word_1_566' title='bbox 999 1260 1088 1283; x_wconf 83' lang='lat' dir='ltr'><strong>vetera</strong></span> <span class='ocrx_word' id='word_1_567' title='bbox 1101 1256 1227 1289; x_wconf 90' lang='lat' dir='ltr'><strong>ulterius,</strong></span> <span class='ocrx_word' id='word_1_568' title='bbox 1244 1257 1291 1285; x_wconf 86' lang='lat' dir='ltr'><strong>sed</strong></span> <span class='ocrx_word' id='word_1_569' title='bbox 1313 1265 1345 1285; x_wconf 89' lang='lat' dir='ltr'><strong>ea</strong></span> <span class='ocrx_word' id='word_1_570' title='bbox 1360 1265 1420 1292; x_wconf 75' lang='lat' dir='ltr'><strong>quae</strong></span> <span class='ocrx_word' id='word_1_571' title='bbox 1435 1264 1532 1284; x_wconf 91' lang='lat' dir='ltr'><strong>novam</strong></span> <span class='ocrx_word' id='word_1_572' title='bbox 1551 1261 1676 1291; x_wconf 87' lang='lat' dir='ltr'><strong>spectant</strong></span> <span class='ocrx_word' id='word_1_573' title='bbox 1696 1256 1782 1284; x_wconf 90' lang='lat' dir='ltr'><strong>histo-</strong></span> 
     </span>
    </p>
   </div>
   <div class='ocr_carea' id='block_1_72' title="bbox 998 1301 1784 1338">
    <p class='ocr_par' dir='ltr' id='par_1_72' title="bbox 998 1301 1784 1338">
     <span class='ocr_line' id='line_1_72' title="bbox 998 1301 1784 1338; baseline 0 -9"><span class='ocrx_word' id='word_1_574' title='bbox 998 1303 1067 1329; x_wconf 86' lang='lat' dir='ltr'><strong>riam</strong></span> <span class='ocrx_word' id='word_1_575' title='bbox 1091 1303 1213 1335; x_wconf 81' lang='lat' dir='ltr'><strong>tradunt.</strong></span> <span class='ocrx_word' id='word_1_576' title='bbox 1234 1308 1310 1338; x_wconf 80' lang='lat' dir='ltr'><strong>gesta</strong></span> <span class='ocrx_word' id='word_1_577' title='bbox 1327 1311 1387 1335; x_wconf 86' lang='lat' dir='ltr'><strong>sua,</strong></span> <span class='ocrx_word' id='word_1_578' title='bbox 1413 1310 1521 1330; x_wconf 89' lang='lat' dir='ltr'><strong>necnon</strong></span> <span class='ocrx_word' id='word_1_579' title='bbox 1542 1309 1557 1329; x_wconf 91' lang='lat' dir='ltr'><strong>a</strong></span> <span class='ocrx_word' id='word_1_580' title='bbox 1574 1301 1629 1330; x_wconf 88' lang='lat' dir='ltr'><strong>Deo</strong></span> <span class='ocrx_word' id='word_1_581' title='bbox 1655 1302 1707 1330; x_wconf 82' lang='lat' dir='ltr'><strong>sibi</strong></span> <span class='ocrx_word' id='word_1_582' title='bbox 1726 1302 1784 1329; x_wconf 84' lang='lat' dir='ltr'><strong>eol-</strong></span> 
     </span>
    </p>
   </div>
   <div class='ocr_carea' id='block_1_73' title="bbox 999 1346 1784 1381">
    <p class='ocr_par' dir='ltr' id='par_1_73' title="bbox 999 1346 1784 1381">
     <span class='ocr_line' id='line_1_73' title="bbox 999 1346 1784 1381; baseline -0.001 -7"><span class='ocrx_word' id='word_1_583' title='bbox 999 1348 1052 1374; x_wconf 89' lang='lat' dir='ltr'><strong>lata</strong></span> <span class='ocrx_word' id='word_1_584' title='bbox 1084 1347 1215 1375; x_wconf 83' lang='lat' dir='ltr'><strong>beneﬁcia</strong></span> <span class='ocrx_word' id='word_1_585' title='bbox 1234 1352 1388 1375; x_wconf 84' lang='lat' dir='ltr'><strong>narrantes.</strong></span> <span class='ocrx_word' id='word_1_586' title='bbox 1402 1347 1492 1381; x_wconf 85' lang='lat' dir='ltr'><strong>Quare</strong></span> <span class='ocrx_word' id='word_1_587' title='bbox 1509 1347 1604 1374; x_wconf 90' lang='lat' dir='ltr'><strong>dicunt</strong></span> <span class='ocrx_word' id='word_1_588' title='bbox 1620 1356 1627 1374; x_wconf 92' lang='lat'>:</span> <span class='ocrx_word' id='word_1_589' title='bbox 1651 1356 1660 1372; x_wconf 80' lang='lat' dir='ltr'>l</span> <span class='ocrx_word' id='word_1_590' title='bbox 1676 1346 1784 1380; x_wconf 85' lang='lat' dir='ltr'><strong>Quanta</strong></span> 
     </span>
    </p>
   </div>
   <div class='ocr_carea' id='block_1_74' title="bbox 999 1393 1783 1428">
    <p class='ocr_par' dir='ltr' id='par_1_74' title="bbox 999 1393 1783 1428">
     <span class='ocr_line' id='line_1_74' title="bbox 999 1393 1783 1428; baseline 0 -9"><span class='ocrx_word' id='word_1_591' title='bbox 999 1393 1063 1420; x_wconf 86' lang='lat' dir='ltr'><strong>fecit</strong></span> <span class='ocrx_word' id='word_1_592' title='bbox 1078 1393 1175 1420; x_wconf 73' lang='lat' dir='ltr'><strong>animae</strong></span> <span class='ocrx_word' id='word_1_593' title='bbox 1193 1400 1274 1426; x_wconf 65' lang='lat' dir='ltr'><strong>meae;</strong></span> <span class='ocrx_word' id='word_1_594' title='bbox 1287 1403 1296 1420; x_wconf 83' lang='grc'><strong>›</strong></span> <span class='ocrx_word' id='word_1_595' title='bbox 1314 1393 1412 1421; x_wconf 83' lang='lat' dir='ltr'><strong>deinde</strong></span> <span class='ocrx_word' id='word_1_596' title='bbox 1429 1394 1572 1428; x_wconf 84' lang='lat' dir='ltr'><strong>promissis</strong></span> <span class='ocrx_word' id='word_1_597' title='bbox 1599 1397 1702 1421; x_wconf 84' lang='lat' dir='ltr'><strong>stantes</strong></span> <span class='ocrx_word' id='word_1_598' title='bbox 1721 1399 1783 1420; x_wconf 84' lang='lat' dir='ltr'><strong>nar-</strong></span> 
     </span>
    </p>
   </div>
   <div class='ocr_carea' id='block_1_75' title="bbox 998 1439 1782 1475">
    <p class='ocr_par' dir='ltr' id='par_1_75' title="bbox 998 1439 1782 1475">
     <span class='ocr_line' id='line_1_75' title="bbox 998 1439 1782 1475; baseline -0.001 -8"><span class='ocrx_word' id='word_1_599' title='bbox 998 1440 1130 1467; x_wconf 84' lang='lat' dir='ltr'><strong>rationem</strong></span> <span class='ocrx_word' id='word_1_600' title='bbox 1142 1439 1296 1468; x_wconf 89' lang='lat' dir='ltr'><strong>ordiuntur.</strong></span> <span class='ocrx_word' id='word_1_601' title='bbox 1308 1440 1374 1473; x_wconf 62' lang='lat' dir='ltr'><strong>Qua’,</strong></span> <span class='ocrx_word' id='word_1_602' title='bbox 1387 1441 1508 1468; x_wconf 83' lang='lat' dir='ltr'><strong>narratio</strong></span> <span class='ocrx_word' id='word_1_603' title='bbox 1524 1440 1587 1467; x_wconf 80' lang='lat' dir='ltr'><strong>illa?</strong></span> <span class='ocrx_word' id='word_1_604' title='bbox 1608 1450 1617 1465; x_wconf 72' lang='grc' dir='ltr'><strong>ε</strong></span> <span class='ocrx_word' id='word_1_605' title='bbox 1628 1440 1667 1466; x_wconf 82' lang='lat' dir='ltr'><strong>Ad</strong></span> <span class='ocrx_word' id='word_1_606' title='bbox 1683 1440 1782 1475; x_wconf 88' lang='lat' dir='ltr'><strong>ipsum,</strong></span> 
     </span>
    </p>
   </div>
   <div class='ocr_carea' id='block_1_76' title="bbox 1000 1485 1784 1520">
    <p class='ocr_par' dir='ltr' id='par_1_76' title="bbox 1000 1485 1784 1520">
     <span class='ocr_line' id='line_1_76' title="bbox 1000 1485 1784 1520; baseline 0.001 -9"><span class='ocrx_word' id='word_1_607' title='bbox 1000 1485 1097 1519; x_wconf 89' lang='lat' dir='ltr'><strong>inquit,</strong></span> <span class='ocrx_word' id='word_1_608' title='bbox 1132 1493 1179 1512; x_wconf 91' lang='lat' dir='ltr'><strong>ore</strong></span> <span class='ocrx_word' id='word_1_609' title='bbox 1193 1493 1253 1512; x_wconf 85' lang='lat' dir='ltr'><strong>meo</strong></span> <span class='ocrx_word' id='word_1_610' title='bbox 1269 1485 1394 1517; x_wconf 88' lang='lat' dir='ltr'><strong>clamavi,</strong></span> <span class='ocrx_word' id='word_1_611' title='bbox 1414 1490 1442 1513; x_wconf 92' lang='lat' dir='ltr'><strong>et</strong></span> <span class='ocrx_word' id='word_1_612' title='bbox 1472 1486 1587 1512; x_wconf 87' lang='lat' dir='ltr'><strong>exaltavi</strong></span> <span class='ocrx_word' id='word_1_613' title='bbox 1616 1485 1668 1512; x_wconf 89' lang='lat' dir='ltr'><strong>sub</strong></span> <span class='ocrx_word' id='word_1_614' title='bbox 1693 1486 1784 1520; x_wconf 82' lang='lat' dir='ltr'><strong>lingua</strong></span> 
     </span>
    </p>
   </div>
   <div class='ocr_carea' id='block_1_77' title="bbox 1000 1529 1784 1565">
    <p class='ocr_par' dir='ltr' id='par_1_77' title="bbox 1000 1529 1784 1565">
     <span class='ocr_line' id='line_1_77' title="bbox 1000 1529 1784 1565; baseline 0.001 -8"><span class='ocrx_word' id='word_1_615' title='bbox 1000 1538 1086 1557; x_wconf 65' lang='lat' dir='ltr'><strong>mea.)</strong></span> <span class='ocrx_word' id='word_1_616' title='bbox 1109 1529 1175 1556; x_wconf 80' lang='lat' dir='ltr'><strong>Nam</strong></span> <span class='ocrx_word' id='word_1_617' title='bbox 1194 1530 1259 1565; x_wconf 87' lang='lat' dir='ltr'><strong>quia</strong></span> <span class='ocrx_word' id='word_1_618' title='bbox 1280 1530 1326 1558; x_wconf 86' lang='lat' dir='ltr'><strong>Dei</strong></span> <span class='ocrx_word' id='word_1_619' title='bbox 1342 1538 1407 1565; x_wconf 75' lang='lat' dir='ltr'><strong>erga</strong></span> <span class='ocrx_word' id='word_1_620' title='bbox 1430 1538 1459 1557; x_wconf 88' lang='lat' dir='ltr'><strong>se</strong></span> <span class='ocrx_word' id='word_1_621' title='bbox 1480 1530 1611 1557; x_wconf 77' lang='lat' dir='ltr'><strong>beneficia</strong></span> <span class='ocrx_word' id='word_1_622' title='bbox 1639 1538 1784 1558; x_wconf 84' lang='lat' dir='ltr'><strong>recensue-</strong></span> 
     </span>
    </p>
   </div>
   <div class='ocr_carea' id='block_1_78' title="bbox 1000 1576 1784 1611">
    <p class='ocr_par' dir='ltr' id='par_1_78' title="bbox 1000 1576 1784 1611">
     <span class='ocr_line' id='line_1_78' title="bbox 1000 1576 1784 1611; baseline 0 -9"><span class='ocrx_word' id='word_1_623' title='bbox 1000 1581 1072 1607; x_wconf 87' lang='lat' dir='ltr'><strong>runt,</strong></span> <span class='ocrx_word' id='word_1_624' title='bbox 1099 1576 1238 1611; x_wconf 87' lang='lat' dir='ltr'><strong>quomodo</strong></span> <span class='ocrx_word' id='word_1_625' title='bbox 1259 1576 1365 1603; x_wconf 90' lang='lat' dir='ltr'><strong>scilicet</strong></span> <span class='ocrx_word' id='word_1_626' title='bbox 1390 1576 1450 1611; x_wconf 78' lang='lat' dir='ltr'><strong>igne</strong></span> <span class='ocrx_word' id='word_1_627' title='bbox 1465 1576 1611 1602; x_wconf 79' lang='lat' dir='ltr'><strong>examinati</strong></span> <span class='ocrx_word' id='word_1_628' title='bbox 1633 1580 1660 1603; x_wconf 87' lang='lat' dir='ltr'><strong>et</strong></span> <span class='ocrx_word' id='word_1_629' title='bbox 1677 1576 1784 1610; x_wconf 85' lang='lat' dir='ltr'><strong>probati</strong></span> 
     </span>
    </p>
   </div>
   <div class='ocr_carea' id='block_1_79' title="bbox 1001 1621 1784 1657">
    <p class='ocr_par' dir='ltr' id='par_1_79' title="bbox 1001 1621 1784 1657">
     <span class='ocr_line' id='line_1_79' title="bbox 1001 1621 1784 1657; baseline -0.001 -8"><span class='ocrx_word' id='word_1_630' title='bbox 1001 1623 1065 1653; x_wconf 89' lang='lat' dir='ltr'><strong>sint,</strong></span> <span class='ocrx_word' id='word_1_631' title='bbox 1081 1623 1217 1657; x_wconf 83' lang='lat' dir='ltr'><strong>quomodo</strong></span> <span class='ocrx_word' id='word_1_632' title='bbox 1231 1623 1256 1650; x_wconf 91' lang='lat' dir='ltr'><strong>in</strong></span> <span class='ocrx_word' id='word_1_633' title='bbox 1272 1622 1403 1649; x_wconf 78' lang='lat' dir='ltr'><strong>atrunmis</strong></span> <span class='ocrx_word' id='word_1_634' title='bbox 1428 1622 1509 1657; x_wconf 89' lang='lat' dir='ltr'><strong>positi</strong></span> <span class='ocrx_word' id='word_1_635' title='bbox 1530 1629 1577 1649; x_wconf 85' lang='lat' dir='ltr'><strong>eas</strong></span> <span class='ocrx_word' id='word_1_636' title='bbox 1592 1621 1784 1654; x_wconf 83' lang='lat' dir='ltr'><strong>sustinuerint,</strong></span> 
     </span>
    </p>
   </div>
   <div class='ocr_carea' id='block_1_80' title="bbox 999 1668 1785 1704">
    <p class='ocr_par' dir='ltr' id='par_1_80' title="bbox 999 1668 1785 1704">
     <span class='ocr_line' id='line_1_80' title="bbox 999 1668 1785 1704; baseline -0.003 -8"><span class='ocrx_word' id='word_1_637' title='bbox 999 1678 1053 1704; x_wconf 84' lang='lat' dir='ltr'><strong>quo</strong></span> <span class='ocrx_word' id='word_1_638' title='bbox 1070 1673 1148 1704; x_wconf 87' lang='lat' dir='ltr'><strong>pacto</strong></span> <span class='ocrx_word' id='word_1_639' title='bbox 1164 1669 1327 1697; x_wconf 86' lang='lat' dir='ltr'><strong>transierint</strong></span> <span class='ocrx_word' id='word_1_640' title='bbox 1339 1677 1387 1704; x_wconf 88' lang='lat' dir='ltr'><strong>per</strong></span> <span class='ocrx_word' id='word_1_641' title='bbox 1411 1669 1499 1704; x_wconf 79' lang='lat' dir='ltr'><strong>ignem</strong></span> <span class='ocrx_word' id='word_1_642' title='bbox 1516 1673 1543 1695; x_wconf 89' lang='lat' dir='ltr'><strong>et</strong></span> <span class='ocrx_word' id='word_1_643' title='bbox 1566 1676 1675 1703; x_wconf 85' lang='lat' dir='ltr'><strong>aquam,</strong></span> <span class='ocrx_word' id='word_1_644' title='bbox 1699 1673 1726 1695; x_wconf 88' lang='lat' dir='ltr'><strong>et</strong></span> <span class='ocrx_word' id='word_1_645' title='bbox 1742 1668 1785 1694; x_wconf 89' lang='lat' dir='ltr'><strong>in—</strong></span> 
     </span>
    </p>
   </div>
   <div class='ocr_carea' id='block_1_81' title="bbox 999 1713 1785 1751">
    <p class='ocr_par' dir='ltr' id='par_1_81' title="bbox 999 1713 1785 1751">
     <span class='ocr_line' id='line_1_81' title="bbox 999 1713 1785 1751; baseline -0.003 -9"><span class='ocrx_word' id='word_1_646' title='bbox 999 1717 1087 1751; x_wconf 72' lang='lat' dir='ltr'><strong>gressi</strong></span> <span class='ocrx_word' id='word_1_647' title='bbox 1105 1716 1160 1743; x_wconf 90' lang='lat' dir='ltr'><strong>sint</strong></span> <span class='ocrx_word' id='word_1_648' title='bbox 1176 1716 1204 1743; x_wconf 94' lang='lat' dir='ltr'><strong>in</strong></span> <span class='ocrx_word' id='word_1_649' title='bbox 1233 1715 1425 1750; x_wconf 79' lang='lat' dir='ltr'><strong>refrigerium;</strong></span> <span class='ocrx_word' id='word_1_650' title='bbox 1442 1714 1515 1749; x_wconf 87' lang='lat' dir='ltr'><strong>quod</strong></span> <span class='ocrx_word' id='word_1_651' title='bbox 1532 1721 1586 1741; x_wconf 89' lang='lat' dir='ltr'><strong>non</strong></span> <span class='ocrx_word' id='word_1_652' title='bbox 1613 1714 1669 1740; x_wconf 70' lang='lat' dir='ltr'><strong>haec</strong></span> <span class='ocrx_word' id='word_1_653' title='bbox 1692 1713 1785 1740; x_wconf 81' lang='lat' dir='ltr'><strong>omnia</strong></span> 
     </span>
    </p>
   </div>
   <div class='ocr_carea' id='block_1_82' title="bbox 999 1759 1786 1796">
    <p class='ocr_par' dir='ltr' id='par_1_82' title="bbox 999 1759 1786 1796">
     <span class='ocr_line' id='line_1_82' title="bbox 999 1759 1786 1796; baseline -0.003 -7"><span class='ocrx_word' id='word_1_654' title='bbox 999 1763 1052 1790; x_wconf 84' lang='lat' dir='ltr'><strong>sibi</strong></span> <span class='ocrx_word' id='word_1_655' title='bbox 1072 1762 1173 1789; x_wconf 76' lang='lat' dir='ltr'><strong>frustra</strong></span> <span class='ocrx_word' id='word_1_656' title='bbox 1202 1760 1293 1788; x_wconf 86' lang='lat' dir='ltr'><strong>divina</strong></span> <span class='ocrx_word' id='word_1_657' title='bbox 1312 1761 1399 1796; x_wconf 80' lang='lat' dir='ltr'><strong>gratia</strong></span> <span class='ocrx_word' id='word_1_658' title='bbox 1423 1760 1587 1793; x_wconf 84' lang='lat' dir='ltr'><strong>contulerit;</strong></span> <span class='ocrx_word' id='word_1_659' title='bbox 1616 1760 1663 1787; x_wconf 84' lang='lat' dir='ltr'><strong>sed</strong></span> <span class='ocrx_word' id='word_1_660' title='bbox 1690 1759 1786 1788; x_wconf 77' lang='lat' dir='ltr'><strong>ist.th</strong></span> 
     </span>
    </p>
   </div>
   <div class='ocr_carea' id='block_1_83' title="bbox 1000 1806 1787 1843">
    <p class='ocr_par' dir='ltr' id='par_1_83' title="bbox 1000 1806 1787 1843">
     <span class='ocr_line' id='line_1_83' title="bbox 1000 1806 1787 1843; baseline -0.001 -9"><span class='ocrx_word' id='word_1_661' title='bbox 1000 1808 1051 1835; x_wconf 88' lang='lat' dir='ltr'><strong>sibi</strong></span> <span class='ocrx_word' id='word_1_662' title='bbox 1072 1808 1188 1835; x_wconf 85' lang='lat' dir='ltr'><strong>maxime</strong></span> <span class='ocrx_word' id='word_1_663' title='bbox 1203 1808 1236 1835; x_wconf 88' lang='lat' dir='ltr'><strong>ad</strong></span> <span class='ocrx_word' id='word_1_664' title='bbox 1260 1808 1419 1843; x_wconf 86' lang='lat' dir='ltr'><strong>martyrium</strong></span> <span class='ocrx_word' id='word_1_665' title='bbox 1446 1806 1610 1842; x_wconf 82' lang='lat' dir='ltr'><strong>profuerint,</strong></span> <span class='ocrx_word' id='word_1_666' title='bbox 1631 1807 1787 1834; x_wconf 82' lang='lat' dir='ltr'><strong>necessario</strong></span> 
     </span>
    </p>
   </div>
   <div class='ocr_carea' id='block_1_84' title="bbox 999 1852 1788 1888">
    <p class='ocr_par' dir='ltr' id='par_1_84' title="bbox 999 1852 1788 1888">
     <span class='ocr_line' id='line_1_84' title="bbox 999 1852 1788 1888; baseline -0.004 -7"><span class='ocrx_word' id='word_1_667' title='bbox 999 1854 1124 1882; x_wconf 87' lang='lat' dir='ltr'><strong>edocent.</strong></span> <span class='ocrx_word' id='word_1_668' title='bbox 1145 1853 1238 1881; x_wconf 88' lang='lat' dir='ltr'><strong>Primo</strong></span> <span class='ocrx_word' id='word_1_669' title='bbox 1268 1853 1389 1888; x_wconf 86' lang='lat' dir='ltr'><strong>quidem,</strong></span> <span class='ocrx_word' id='word_1_670' title='bbox 1418 1853 1505 1883; x_wconf 80' lang='lat' dir='ltr'><strong>aiunt,</strong></span> <span class='ocrx_word' id='word_1_671' title='bbox 1535 1859 1675 1886; x_wconf 83' lang='lat' dir='ltr'><strong>nunquam</strong></span> <span class='ocrx_word' id='word_1_672' title='bbox 1704 1852 1788 1881; x_wconf 87' lang='lat' dir='ltr'><strong>ﬁnem</strong></span> 
     </span>
    </p>
   </div>
   <div class='ocr_carea' id='block_1_85' title="bbox 1000 1897 1789 1935">
    <p class='ocr_par' dir='ltr' id='par_1_85' title="bbox 1000 1897 1789 1935">
     <span class='ocr_line' id='line_1_85' title="bbox 1000 1897 1789 1935; baseline -0.004 -8"><span class='ocrx_word' id='word_1_673' title='bbox 1000 1900 1128 1935; x_wconf 83' lang='lat' dir='ltr'><strong>precandi</strong></span> <span class='ocrx_word' id='word_1_674' title='bbox 1146 1901 1236 1934; x_wconf 91' lang='lat' dir='ltr'><strong>ipsum</strong></span> <span class='ocrx_word' id='word_1_675' title='bbox 1252 1904 1278 1926; x_wconf 88' lang='lat' dir='ltr'><strong>et</strong></span> <span class='ocrx_word' id='word_1_676' title='bbox 1290 1898 1427 1926; x_wconf 88' lang='lat' dir='ltr'><strong>clamandi</strong></span> <span class='ocrx_word' id='word_1_677' title='bbox 1442 1898 1566 1925; x_wconf 85' lang='lat' dir='ltr'><strong>fecimus.</strong></span> <span class='ocrx_word' id='word_1_678' title='bbox 1585 1897 1676 1932; x_wconf 86' lang='lat' dir='ltr'><strong>Neque</strong></span> <span class='ocrx_word' id='word_1_679' title='bbox 1695 1902 1789 1924; x_wconf 86' lang='lat' dir='ltr'><strong>tamen</strong></span> 
     </span>
    </p>
   </div>
   <div class='ocr_carea' id='block_1_86' title="bbox 1000 1942 1787 1977">
    <p class='ocr_par' dir='ltr' id='par_1_86' title="bbox 1000 1942 1787 1977">
     <span class='ocr_line' id='line_1_86' title="bbox 1000 1942 1787 1977; baseline -0.005 -6"><span class='ocrx_word' id='word_1_680' title='bbox 1000 1945 1055 1971; x_wconf 88' lang='lat' dir='ltr'><strong>alta</strong></span> <span class='ocrx_word' id='word_1_681' title='bbox 1071 1948 1097 1971; x_wconf 92' lang='lat' dir='ltr'><strong>et</strong></span> <span class='ocrx_word' id='word_1_682' title='bbox 1112 1951 1212 1971; x_wconf 89' lang='lat' dir='ltr'><strong>sonora</strong></span> <span class='ocrx_word' id='word_1_683' title='bbox 1222 1950 1289 1971; x_wconf 88' lang='lat' dir='ltr'><strong>voce</strong></span> <span class='ocrx_word' id='word_1_684' title='bbox 1300 1943 1497 1974; x_wconf 85' lang='lat' dir='ltr'><strong>clamabamus,</strong></span> <span class='ocrx_word' id='word_1_685' title='bbox 1508 1943 1554 1970; x_wconf 90' lang='lat' dir='ltr'><strong>sed</strong></span> <span class='ocrx_word' id='word_1_686' title='bbox 1575 1951 1584 1967; x_wconf 81' lang='grc' dir='ltr'><strong>ι</strong></span> <span class='ocrx_word' id='word_1_687' title='bbox 1599 1943 1649 1969; x_wconf 87' lang='lat' dir='ltr'><strong>sub</strong></span> <span class='ocrx_word' id='word_1_688' title='bbox 1663 1942 1787 1977; x_wconf 45' lang='lat' dir='ltr'><strong>lingua”.</strong></span> 
     </span>
    </p>
   </div>
   <div class='ocr_carea' id='block_1_87' title="bbox 1000 1989 1786 2026">
    <p class='ocr_par' dir='ltr' id='par_1_87' title="bbox 1000 1989 1786 2026">
     <span class='ocr_line' id='line_1_87' title="bbox 1000 1989 1786 2026; baseline -0.005 -6"><span class='ocrx_word' id='word_1_689' title='bbox 1000 1994 1075 2020; x_wconf 84' lang='lat' dir='ltr'><strong>intus</strong></span> <span class='ocrx_word' id='word_1_690' title='bbox 1097 1994 1231 2021; x_wconf 86' lang='lat' dir='ltr'><strong>clamores</strong></span> <span class='ocrx_word' id='word_1_691' title='bbox 1248 1997 1359 2019; x_wconf 87' lang='lat' dir='ltr'><strong>nostros</strong></span> <span class='ocrx_word' id='word_1_692' title='bbox 1375 1991 1596 2026; x_wconf 85' lang='lat' dir='ltr'><strong>comprimentes.</strong></span> <span class='ocrx_word' id='word_1_693' title='bbox 1616 1989 1786 2017; x_wconf 87' lang='lat' dir='ltr'><strong>Noveramus</strong></span> 
     </span>
    </p>
   </div>
   <div class='ocr_carea' id='block_1_88' title="bbox 1001 2037 1787 2075">
    <p class='ocr_par' dir='ltr' id='par_1_88' title="bbox 1001 2037 1787 2075">
     <span class='ocr_line' id='line_1_88' title="bbox 1001 2037 1787 2075; baseline -0.006 -8"><span class='ocrx_word' id='word_1_694' title='bbox 1001 2041 1103 2075; x_wconf 78' lang='lat' dir='ltr'><strong>quippe</strong></span> <span class='ocrx_word' id='word_1_695' title='bbox 1119 2039 1202 2067; x_wconf 82' lang='lat' dir='ltr'><strong>Deum</strong></span> <span class='ocrx_word' id='word_1_696' title='bbox 1219 2040 1261 2067; x_wconf 87' lang='lat' dir='ltr'><strong>vel</strong></span> <span class='ocrx_word' id='word_1_697' title='bbox 1289 2042 1412 2065; x_wconf 81' lang='lat' dir='ltr'><strong>tacentes</strong></span> <span class='ocrx_word' id='word_1_698' title='bbox 1438 2037 1544 2069; x_wconf 88' lang='lat' dir='ltr'><strong>audire,</strong></span> <span class='ocrx_word' id='word_1_699' title='bbox 1559 2043 1675 2072; x_wconf 80' lang='lat' dir='ltr'><strong>esseque</strong></span> <span class='ocrx_word' id='word_1_700' title='bbox 1687 2037 1787 2063; x_wconf 85' lang='lat' dir='ltr'><strong>clamo-</strong></span> 
     </span>
    </p>
   </div>
   <div class='ocr_carea' id='block_1_89' title="bbox 1001 2084 1787 2122">
    <p class='ocr_par' dir='ltr' id='par_1_89' title="bbox 1001 2084 1787 2122">
     <span class='ocr_line' id='line_1_89' title="bbox 1001 2084 1787 2122; baseline -0.006 -7"><span class='ocrx_word' id='word_1_701' title='bbox 1001 2096 1046 2115; x_wconf 86' lang='lat' dir='ltr'><strong>res</strong></span> <span class='ocrx_word' id='word_1_702' title='bbox 1063 2095 1117 2114; x_wconf 87' lang='lat' dir='ltr'><strong>non</strong></span> <span class='ocrx_word' id='word_1_703' title='bbox 1143 2087 1236 2122; x_wconf 75' lang='lat' dir='ltr'><strong>lingua</strong></span> <span class='ocrx_word' id='word_1_704' title='bbox 1260 2086 1309 2115; x_wconf 89' lang='lat' dir='ltr'><strong>sed</strong></span> <span class='ocrx_word' id='word_1_705' title='bbox 1334 2091 1426 2113; x_wconf 90' lang='lat' dir='ltr'><strong>mente</strong></span> <span class='ocrx_word' id='word_1_706' title='bbox 1454 2085 1587 2120; x_wconf 87' lang='lat' dir='ltr'><strong>prolatos,</strong></span> <span class='ocrx_word' id='word_1_707' title='bbox 1607 2092 1639 2111; x_wconf 86' lang='lat' dir='ltr'><strong>ac</strong></span> <span class='ocrx_word' id='word_1_708' title='bbox 1657 2084 1787 2112; x_wconf 71' lang='lat' dir='ltr'><strong>inell‘abili</strong></span> 
     </span>
    </p>
   </div>
   <div class='ocr_carea' id='block_1_90' title="bbox 1003 2130 1788 2166">
    <p class='ocr_par' dir='ltr' id='par_1_90' title="bbox 1003 2130 1788 2166">
     <span class='ocr_line' id='line_1_90' title="bbox 1003 2130 1788 2166; baseline -0.006 -5"><span class='ocrx_word' id='word_1_709' title='bbox 1003 2134 1106 2162; x_wconf 87' lang='lat' dir='ltr'><strong>virtute</strong></span> <span class='ocrx_word' id='word_1_710' title='bbox 1131 2134 1165 2161; x_wconf 88' lang='lat' dir='ltr'><strong>ad</strong></span> <span class='ocrx_word' id='word_1_711' title='bbox 1190 2133 1274 2161; x_wconf 89' lang='lat' dir='ltr'><strong>Deum</strong></span> <span class='ocrx_word' id='word_1_712' title='bbox 1300 2133 1427 2161; x_wconf 84' lang='lat' dir='ltr'><strong>emissos.</strong></span> <span class='ocrx_word' id='word_1_713' title='bbox 1459 2132 1664 2166; x_wconf 86' lang='lat' dir='ltr'><strong>Idipsurnquea</strong></span> <span class='ocrx_word' id='word_1_714' title='bbox 1689 2130 1788 2159; x_wconf 82' lang='lat' dir='ltr'><strong>Serva-</strong></span> 
     </span>
    </p>
   </div>
   <div class='ocr_carea' id='block_1_91' title="bbox 1002 2176 1789 2209">
    <p class='ocr_par' dir='ltr' id='par_1_91' title="bbox 1002 2176 1789 2209">
     <span class='ocr_line' id='line_1_91' title="bbox 1002 2176 1789 2209; baseline -0.008 0"><span class='ocrx_word' id='word_1_715' title='bbox 1002 2186 1061 2209; x_wconf 91' lang='lat' dir='ltr'><strong>tore</strong></span> <span class='ocrx_word' id='word_1_716' title='bbox 1097 2182 1210 2209; x_wconf 88' lang='lat' dir='ltr'><strong>docetur</strong></span> <span class='ocrx_word' id='word_1_717' title='bbox 1235 2181 1279 2208; x_wconf 87' lang='lat' dir='ltr'><strong>his</strong></span> <span class='ocrx_word' id='word_1_718' title='bbox 1308 2179 1420 2207; x_wconf 84' lang='lat' dir='ltr'><strong>verbis:</strong></span> <span class='ocrx_word' id='word_1_719' title='bbox 1448 2178 1543 2205; x_wconf 74' lang='lat' dir='ltr'><strong>«Intra</strong></span> <span class='ocrx_word' id='word_1_720' title='bbox 1575 2177 1603 2204; x_wconf 94' lang='lat' dir='ltr'><strong>in</strong></span> <span class='ocrx_word' id='word_1_721' title='bbox 1631 2176 1789 2204; x_wconf 88' lang='lat' dir='ltr'><strong>cubiculum</strong></span> 
     </span>
    </p>
   </div>
   <div class='ocr_carea' id='block_1_92' title="bbox 1003 2222 1788 2263">
    <p class='ocr_par' dir='ltr' id='par_1_92' title="bbox 1003 2222 1788 2263">
     <span class='ocr_line' id='line_1_92' title="bbox 1003 2222 1788 2263; baseline -0.009 -8"><span class='ocrx_word' id='word_1_722' title='bbox 1003 2232 1093 2263; x_wconf 81' lang='lat' dir='ltr'><strong>tuum,</strong></span> <span class='ocrx_word' id='word_1_723' title='bbox 1109 2232 1136 2255; x_wconf 90' lang='lat' dir='ltr'><strong>et</strong></span> <span class='ocrx_word' id='word_1_724' title='bbox 1153 2228 1247 2254; x_wconf 87' lang='lat' dir='ltr'><strong>clauso</strong></span> <span class='ocrx_word' id='word_1_725' title='bbox 1269 2226 1341 2254; x_wconf 88' lang='lat' dir='ltr'><strong>ostio</strong></span> <span class='ocrx_word' id='word_1_726' title='bbox 1356 2232 1420 2252; x_wconf 87' lang='lat' dir='ltr'><strong>ora:</strong></span> <span class='ocrx_word' id='word_1_727' title='bbox 1439 2227 1467 2252; x_wconf 93' lang='lat' dir='ltr'><strong>et</strong></span> <span class='ocrx_word' id='word_1_728' title='bbox 1481 2223 1562 2251; x_wconf 86' lang='lat' dir='ltr'><strong>Pater</strong></span> <span class='ocrx_word' id='word_1_729' title='bbox 1576 2226 1641 2250; x_wconf 91' lang='lat' dir='ltr'><strong>tuus</strong></span> <span class='ocrx_word' id='word_1_730' title='bbox 1654 2222 1700 2256; x_wconf 85' lang='lat' dir='ltr'><strong>qui</strong></span> <span class='ocrx_word' id='word_1_731' title='bbox 1715 2222 1788 2249; x_wconf 88' lang='lat' dir='ltr'><strong>videt</strong></span> 
     </span>
    </p>
   </div>
   <div class='ocr_carea' id='block_1_93' title="bbox 168 2263 949 2305">
    <p class='ocr_par' dir='ltr' id='par_1_93' title="bbox 168 2263 949 2304">
     <span class='ocr_line' id='line_1_93' title="bbox 168 2263 949 2304; baseline -0.005 -9"><span class='ocrx_word' id='word_1_732' title='bbox 168 2270 179 2295; x_wconf 76' lang='grc'><strong>5</strong></span> <span class='ocrx_word' id='word_1_733' title='bbox 195 2268 300 2304; x_wconf 83' lang='grc' dir='ltr'>βλέπων</span> <span class='ocrx_word' id='word_1_734' title='bbox 314 2269 343 2294; x_wconf 89' lang='grc' dir='ltr'><strong>ἐν</strong></span> <span class='ocrx_word' id='word_1_735' title='bbox 358 2267 397 2303; x_wconf 82' lang='grc' dir='ltr'>τῷ</span> <span class='ocrx_word' id='word_1_736' title='bbox 410 2265 522 2302; x_wconf 83' lang='grc' dir='ltr'>κρυπτῷ</span> <span class='ocrx_word' id='word_1_737' title='bbox 539 2265 671 2292; x_wconf 82' lang='grc' dir='ltr'>ἀποδώσει</span> <span class='ocrx_word' id='word_1_738' title='bbox 685 2274 735 2291; x_wconf 88' lang='grc' dir='ltr'>σοι.</span> <span class='ocrx_word' id='word_1_739' title='bbox 751 2275 760 2290; x_wconf 82' lang='grc'><strong>›</strong></span> <span class='ocrx_word' id='word_1_740' title='bbox 799 2265 890 2296; x_wconf 80' lang='grc' dir='ltr'>Οῦτως</span> <span class='ocrx_word' id='word_1_741' title='bbox 904 2263 949 2291; x_wconf 77' lang='grc' dir='ltr'>οὖν</span> 
     </span>
    </p>
   </div>
   <div class='ocr_carea' id='block_1_94' title="bbox 1000 2263 1788 2305">
    <p class='ocr_par' dir='ltr' id='par_1_94' title="bbox 1001 2269 1788 2305">
     <span class='ocr_line' id='line_1_94' title="bbox 1001 2269 1788 2305; baseline -0.009 -4"><span class='ocrx_word' id='word_1_742' title='bbox 1001 2275 1028 2302; x_wconf 91' lang='lat' dir='ltr'><strong>in</strong></span> <span class='ocrx_word' id='word_1_743' title='bbox 1042 2273 1212 2305; x_wconf 82' lang='lat' dir='ltr'><strong>abscondito,</strong></span> <span class='ocrx_word' id='word_1_744' title='bbox 1232 2273 1327 2300; x_wconf 88' lang='lat' dir='ltr'><strong>reddet</strong></span> <span class='ocrx_word' id='word_1_745' title='bbox 1340 2271 1388 2299; x_wconf 85' lang='lat' dir='ltr'><strong>tibi</strong></span> <span class='ocrx_word' id='word_1_746' title='bbox 1396 2271 1429 2298; x_wconf 73' lang='grc'><strong>⁸³.</strong></span> <span class='ocrx_word' id='word_1_747' title='bbox 1446 2280 1454 2296; x_wconf 76' lang='grc' dir='ltr'><strong>ι</strong></span> <span class='ocrx_word' id='word_1_748' title='bbox 1470 2269 1605 2304; x_wconf 78' lang='lat' dir='ltr'><strong>Sicigitur</strong></span> <span class='ocrx_word' id='word_1_749' title='bbox 1619 2269 1664 2295; x_wconf 88' lang='lat' dir='ltr'><strong>hic</strong></span> <span class='ocrx_word' id='word_1_750' title='bbox 1673 2269 1788 2302; x_wconf 89' lang='lat' dir='ltr'><strong>loquun-</strong></span> 
     </span>
    </p>
   </div>
   <div class='ocr_carea' id='block_1_95' title="bbox 168 2310 951 2347">
    <p class='ocr_par' dir='ltr' id='par_1_95' title="bbox 168 2310 951 2347">
     <span class='ocr_line' id='line_1_95' title="bbox 168 2310 951 2347; baseline -0.005 -6"><span class='ocrx_word' id='word_1_751' title='bbox 168 2315 213 2341; x_wconf 78' lang='grc' dir='ltr'>καὶ</span> <span class='ocrx_word' id='word_1_752' title='bbox 228 2313 343 2340; x_wconf 78' lang='grc' dir='ltr'>ἐνταῦθά</span> <span class='ocrx_word' id='word_1_753' title='bbox 355 2321 452 2347; x_wconf 82' lang='grc' dir='ltr'>φασιν,</span> <span class='ocrx_word' id='word_1_754' title='bbox 465 2313 505 2339; x_wconf 84' lang='grc' dir='ltr'>ὄτι</span> <span class='ocrx_word' id='word_1_755' title='bbox 523 2322 531 2337; x_wconf 78' lang='grc' dir='ltr'><strong>ι</strong></span> <span class='ocrx_word' id='word_1_756' title='bbox 542 2312 613 2346; x_wconf 77' lang='grc' dir='ltr'>Πρὸς</span> <span class='ocrx_word' id='word_1_757' title='bbox 627 2311 706 2338; x_wconf 73' lang='grc' dir='ltr'>αὑτὸν</span> <span class='ocrx_word' id='word_1_758' title='bbox 719 2310 757 2346; x_wconf 88' lang='grc' dir='ltr'>τῷ</span> <span class='ocrx_word' id='word_1_759' title='bbox 772 2311 884 2346; x_wconf 84' lang='grc' dir='ltr'>στόματί</span> <span class='ocrx_word' id='word_1_760' title='bbox 902 2320 951 2346; x_wconf 77' lang='grc' dir='ltr'><strong>μου</strong></span> 
     </span>
    </p>
   </div>
   <div class='ocr_carea' id='block_1_96' title="bbox 168 2357 952 2396">
    <p class='ocr_par' dir='ltr' id='par_1_96' title="bbox 168 2357 952 2396">
     <span class='ocr_line' id='line_1_96' title="bbox 168 2357 952 2396; baseline -0.005 -9"><span class='ocrx_word' id='word_1_761' title='bbox 168 2360 303 2396; x_wconf 69' lang='grc' dir='ltr'>ἐκέκραξα</span> <span class='ocrx_word' id='word_1_762' title='bbox 316 2360 363 2386; x_wconf 72' lang='grc' dir='ltr'>καὶ</span> <span class='ocrx_word' id='word_1_763' title='bbox 377 2359 471 2394; x_wconf 78' lang='grc' dir='ltr'>ῦψωσα</span> <span class='ocrx_word' id='word_1_764' title='bbox 487 2358 538 2385; x_wconf 76' lang='grc' dir='ltr'>ὑπὸ</span> <span class='ocrx_word' id='word_1_765' title='bbox 550 2358 598 2393; x_wconf 80' lang='grc' dir='ltr'>τὴν</span> <span class='ocrx_word' id='word_1_766' title='bbox 609 2357 733 2392; x_wconf 85' lang='grc' dir='ltr'>γλῶσσάν</span> <span class='ocrx_word' id='word_1_767' title='bbox 746 2366 807 2392; x_wconf 84' lang='grc' dir='ltr'>μου·</span> <span class='ocrx_word' id='word_1_768' title='bbox 821 2367 830 2383; x_wconf 68' lang='grc' dir='ltr'><strong>ι</strong></span> <span class='ocrx_word' id='word_1_769' title='bbox 845 2358 914 2384; x_wconf 70' lang='grc' dir='ltr'>κατὰ</span> <span class='ocrx_word' id='word_1_770' title='bbox 925 2358 952 2384; x_wconf 80' lang='grc' dir='ltr'>δὲ</span> 
     </span>
    </p>
   </div>
   <div class='ocr_carea' id='block_1_97' title="bbox 168 2403 952 2441">
    <p class='ocr_par' dir='ltr' id='par_1_97' title="bbox 168 2403 952 2441">
     <span class='ocr_line' id='line_1_97' title="bbox 168 2403 952 2441; baseline -0.004 -9"><span class='ocrx_word' id='word_1_771' title='bbox 168 2406 212 2432; x_wconf 76' lang='grc' dir='ltr'>τὸν</span> <span class='ocrx_word' id='word_1_772' title='bbox 228 2405 383 2441; x_wconf 81' lang='grc' dir='ltr'>Σύμμαχον,</span> <span class='ocrx_word' id='word_1_773' title='bbox 399 2415 408 2431; x_wconf 78' lang='grc' dir='ltr'><strong>ι</strong></span> <span class='ocrx_word' id='word_1_774' title='bbox 419 2405 503 2431; x_wconf 80' lang='grc' dir='ltr'>Αὑτὸν</span> <span class='ocrx_word' id='word_1_775' title='bbox 513 2406 601 2439; x_wconf 68' lang='grc' dir='ltr'>,ςφασὶ</span> <span class='ocrx_word' id='word_1_776' title='bbox 611 2425 618 2435; x_wconf 84' lang='grc'><strong>,</strong></span> <span class='ocrx_word' id='word_1_777' title='bbox 638 2404 676 2438; x_wconf 90' lang='grc' dir='ltr'><strong>τῷ</strong></span> <span class='ocrx_word' id='word_1_778' title='bbox 692 2403 804 2439; x_wconf 79' lang='grc' dir='ltr'>στόματί</span> <span class='ocrx_word' id='word_1_779' title='bbox 823 2412 872 2438; x_wconf 89' lang='grc' dir='ltr'><strong>μου</strong></span> <span class='ocrx_word' id='word_1_780' title='bbox 888 2405 952 2429; x_wconf 79' lang='grc' dir='ltr'>επε-</span> 
     </span>
    </p>
   </div>
   <div class='ocr_carea' id='block_1_98' title="bbox 168 2450 950 2488">
    <p class='ocr_par' dir='ltr' id='par_1_98' title="bbox 168 2450 950 2488">
     <span class='ocr_line' id='line_1_98' title="bbox 168 2450 950 2488; baseline -0.004 -9"><span class='ocrx_word' id='word_1_781' title='bbox 168 2452 334 2488; x_wconf 83' lang='grc' dir='ltr'>καλεσάμην,</span> <span class='ocrx_word' id='word_1_782' title='bbox 360 2452 406 2478; x_wconf 72' lang='grc' dir='ltr'>καὶ</span> <span class='ocrx_word' id='word_1_783' title='bbox 420 2451 512 2487; x_wconf 64' lang='grc' dir='ltr'>ὑψώθη</span> <span class='ocrx_word' id='word_1_784' title='bbox 529 2451 697 2486; x_wconf 80' lang='grc' dir='ltr'>παραχρῆμα</span> <span class='ocrx_word' id='word_1_785' title='bbox 714 2451 730 2485; x_wconf 90' lang='grc' dir='ltr'>ἡ</span> <span class='ocrx_word' id='word_1_786' title='bbox 748 2450 857 2484; x_wconf 78' lang='grc' dir='ltr'>γλῶσσα</span> <span class='ocrx_word' id='word_1_787' title='bbox 873 2459 950 2485; x_wconf 79' lang='grc' dir='ltr'>μου.»</span> 
     </span>
    </p>
   </div>
   <div class='ocr_carea' id='block_1_99' title="bbox 173 2496 953 2533">
    <p class='ocr_par' dir='ltr' id='par_1_99' title="bbox 173 2496 953 2533">
     <span class='ocr_line' id='line_1_99' title="bbox 173 2496 953 2533; baseline -0.004 -8"><span class='ocrx_word' id='word_1_788' title='bbox 173 2498 242 2525; x_wconf 77' lang='grc' dir='ltr'>Ἀλλ’</span> <span class='ocrx_word' id='word_1_789' title='bbox 253 2499 283 2525; x_wconf 84' lang='grc' dir='ltr'><strong>οὺ</strong></span> <span class='ocrx_word' id='word_1_790' title='bbox 298 2499 376 2533; x_wconf 81' lang='grc' dir='ltr'>μόνον</span> <span class='ocrx_word' id='word_1_791' title='bbox 390 2499 450 2529; x_wconf 87' lang='grc' dir='ltr'>ταῖς</span> <span class='ocrx_word' id='word_1_792' title='bbox 459 2498 550 2533; x_wconf 77' lang='grc' dir='ltr'>εὐχαῖς</span> <span class='ocrx_word' id='word_1_793' title='bbox 563 2497 742 2532; x_wconf 71' lang='grc' dir='ltr'>ἐσχολάζομεν</span> <span class='ocrx_word' id='word_1_794' title='bbox 753 2497 799 2523; x_wconf 82' lang='grc' dir='ltr'><strong>καὶ</strong></span> <span class='ocrx_word' id='word_1_795' title='bbox 812 2498 871 2528; x_wconf 84' lang='grc' dir='ltr'>ταῖς</span> <span class='ocrx_word' id='word_1_796' title='bbox 887 2496 953 2532; x_wconf 83' lang='grc' dir='ltr'>πρὸς</span> 
     </span>
    </p>
   </div>
   <div class='ocr_carea' id='block_1_100' title="bbox 168 2544 954 2581">
    <p class='ocr_par' dir='ltr' id='par_1_100' title="bbox 168 2544 954 2581">
     <span class='ocr_line' id='line_1_100' title="bbox 168 2544 954 2581; baseline -0.004 -9"><span class='ocrx_word' id='word_1_797' title='bbox 168 2546 212 2572; x_wconf 79' lang='grc' dir='ltr'><strong>τὸν</strong></span> <span class='ocrx_word' id='word_1_798' title='bbox 226 2545 291 2572; x_wconf 78' lang='grc' dir='ltr'>Θεὸν</span> <span class='ocrx_word' id='word_1_799' title='bbox 305 2545 413 2581; x_wconf 86' lang='grc' dir='ltr'>δεήσεσι</span> <span class='ocrx_word' id='word_1_800' title='bbox 429 2545 475 2571; x_wconf 81' lang='grc' dir='ltr'>καὶ</span> <span class='ocrx_word' id='word_1_801' title='bbox 492 2544 656 2580; x_wconf 74' lang='grc' dir='ltr'>ἱκετηρίαις·</span> <span class='ocrx_word' id='word_1_802' title='bbox 670 2544 736 2570; x_wconf 79' lang='grc' dir='ltr'>ἀλλὰ</span> <span class='ocrx_word' id='word_1_803' title='bbox 750 2544 796 2571; x_wconf 79' lang='grc' dir='ltr'><strong>καὶ</strong></span> <span class='ocrx_word' id='word_1_804' title='bbox 808 2544 897 2579; x_wconf 77' lang='grc' dir='ltr'>ἔργοις</span> <span class='ocrx_word' id='word_1_805' title='bbox 908 2544 954 2569; x_wconf 87' lang='grc' dir='ltr'><strong>αὺ-</strong></span> 
     </span>
    </p>
   </div>
   <div class='ocr_carea' id='block_1_101' title="bbox 168 2590 955 2627">
    <p class='ocr_par' dir='ltr' id='par_1_101' title="bbox 168 2590 955 2627">
     <span class='ocr_line' id='line_1_101' title="bbox 168 2590 955 2627; baseline -0.004 -9"><span class='ocrx_word' id='word_1_806' title='bbox 168 2594 222 2624; x_wconf 78' lang='grc' dir='ltr'>τοῖς</span> <span class='ocrx_word' id='word_1_807' title='bbox 236 2591 463 2627; x_wconf 79' lang='grc' dir='ltr'>ἀπεστρεφόμεθα</span> <span class='ocrx_word' id='word_1_808' title='bbox 480 2591 528 2626; x_wconf 78' lang='grc' dir='ltr'><strong>μὲν</strong></span> <span class='ocrx_word' id='word_1_809' title='bbox 542 2592 631 2617; x_wconf 85' lang='grc' dir='ltr'>πᾶσαν</span> <span class='ocrx_word' id='word_1_810' title='bbox 645 2590 761 2622; x_wconf 81' lang='grc' dir='ltr'>ἀδικίαν,</span> <span class='ocrx_word' id='word_1_811' title='bbox 773 2590 810 2621; x_wconf 84' lang='grc' dir='ltr'>ὡς</span> <span class='ocrx_word' id='word_1_812' title='bbox 824 2590 890 2625; x_wconf 86' lang='grc' dir='ltr'><strong>μηδέ</strong></span> <span class='ocrx_word' id='word_1_813' title='bbox 906 2590 955 2624; x_wconf 84' lang='grc' dir='ltr'>ἐμ-</span> 
     </span>
    </p>
   </div>
   <div class='ocr_carea' id='block_1_102' title="bbox 168 2635 955 2672">
    <p class='ocr_par' dir='ltr' id='par_1_102' title="bbox 168 2635 955 2672">
     <span class='ocr_line' id='line_1_102' title="bbox 168 2635 955 2672; baseline -0.001 -10"><span class='ocrx_word' id='word_1_814' title='bbox 168 2637 277 2663; x_wconf 75' lang='grc' dir='ltr'>ϐλέπειν</span> <span class='ocrx_word' id='word_1_815' title='bbox 289 2638 356 2672; x_wconf 86' lang='grc' dir='ltr'>αὐτῇ</span> <span class='ocrx_word' id='word_1_816' title='bbox 366 2637 477 2668; x_wconf 81' lang='grc' dir='ltr'>ἐθέλειν,</span> <span class='ocrx_word' id='word_1_817' title='bbox 489 2637 505 2672; x_wconf 85' lang='grc' dir='ltr'><strong>ἢ</strong></span> <span class='ocrx_word' id='word_1_818' title='bbox 517 2636 563 2664; x_wconf 74' lang='grc' dir='ltr'>καὶ</span> <span class='ocrx_word' id='word_1_819' title='bbox 574 2636 611 2672; x_wconf 84' lang='grc' dir='ltr'><strong>τῷ</strong></span> <span class='ocrx_word' id='word_1_820' title='bbox 623 2636 660 2672; x_wconf 85' lang='grc' dir='ltr'>νῷ</span> <span class='ocrx_word' id='word_1_821' title='bbox 673 2635 846 2671; x_wconf 72' lang='grc' dir='ltr'>ἐνθυμεῖσθαί</span> <span class='ocrx_word' id='word_1_822' title='bbox 859 2644 884 2661; x_wconf 85' lang='grc' dir='ltr'><strong>τι</strong></span> <span class='ocrx_word' id='word_1_823' title='bbox 899 2635 955 2662; x_wconf 83' lang='grc' dir='ltr'>ἄδι-</span> 
     </span>
    </p>
   </div>
   <div class='ocr_carea' id='block_1_103' title="bbox 168 2680 955 2719">
    <p class='ocr_par' dir='ltr' id='par_1_103' title="bbox 168 2680 955 2719">
     <span class='ocr_line' id='line_1_103' title="bbox 168 2680 955 2719; baseline -0.003 -11"><span class='ocrx_word' id='word_1_824' title='bbox 168 2691 225 2709; x_wconf 83' lang='grc' dir='ltr'>κον.</span> <span class='ocrx_word' id='word_1_825' title='bbox 242 2683 274 2709; x_wconf 85' lang='grc' dir='ltr'><strong>Εἰ</strong></span> <span class='ocrx_word' id='word_1_826' title='bbox 285 2683 337 2719; x_wconf 78' lang='grc' dir='ltr'>γάρ</span> <span class='ocrx_word' id='word_1_827' title='bbox 351 2691 376 2708; x_wconf 84' lang='grc' dir='ltr'><strong>τι</strong></span> <span class='ocrx_word' id='word_1_828' title='bbox 386 2682 504 2709; x_wconf 85' lang='grc' dir='ltr'>τοιοῦτον</span> <span class='ocrx_word' id='word_1_829' title='bbox 518 2682 685 2717; x_wconf 81' lang='grc' dir='ltr'>ἐνενοοῦμεν,</span> <span class='ocrx_word' id='word_1_830' title='bbox 700 2681 754 2708; x_wconf 81' lang='grc' dir='ltr'>οὐδ’</span> <span class='ocrx_word' id='word_1_831' title='bbox 767 2680 955 2707; x_wconf 76' lang='grc' dir='ltr'>είσακούεσθαι</span> 
     </span>
    </p>
   </div>
   <div class='ocr_carea' id='block_1_104' title="bbox 168 2725 956 2763">
    <p class='ocr_par' dir='ltr' id='par_1_104' title="bbox 168 2725 956 2763">
     <span class='ocr_line' id='line_1_104' title="bbox 168 2725 956 2763; baseline -0.003 -9"><span class='ocrx_word' id='word_1_832' title='bbox 168 2727 237 2759; x_wconf 74' lang='grc' dir='ltr'>ἄξιοι</span> <span class='ocrx_word' id='word_1_833' title='bbox 251 2727 283 2754; x_wconf 86' lang='grc' dir='ltr'><strong>ἂν</strong></span> <span class='ocrx_word' id='word_1_834' title='bbox 299 2725 379 2763; x_wconf 82' lang='grc' dir='ltr'>ἦμεν·</span> <span class='ocrx_word' id='word_1_835' title='bbox 395 2727 435 2754; x_wconf 87' lang='grc' dir='ltr'>διό</span> <span class='ocrx_word' id='word_1_836' title='bbox 448 2736 544 2762; x_wconf 83' lang='grc' dir='ltr'>φασιν·</span> <span class='ocrx_word' id='word_1_837' title='bbox 577 2737 585 2753; x_wconf 81' lang='grc' dir='ltr'><strong>ι</strong></span> <span class='ocrx_word' id='word_1_838' title='bbox 604 2727 721 2754; x_wconf 84' lang='grc' dir='ltr'>Ἀδικίαν</span> <span class='ocrx_word' id='word_1_839' title='bbox 736 2728 759 2753; x_wconf 83' lang='grc' dir='ltr'>εἰ</span> <span class='ocrx_word' id='word_1_840' title='bbox 777 2726 911 2761; x_wconf 85' lang='grc' dir='ltr'>ἐθεώρουν</span> <span class='ocrx_word' id='word_1_841' title='bbox 927 2726 956 2752; x_wconf 82' lang='grc' dir='ltr'><strong>ἐν</strong></span> 
     </span>
    </p>
   </div>
   <div class='ocr_carea' id='block_1_105' title="bbox 169 2771 956 2809">
    <p class='ocr_par' dir='ltr' id='par_1_105' title="bbox 169 2771 956 2809">
     <span class='ocr_line' id='line_1_105' title="bbox 169 2771 956 2809; baseline -0.003 -9"><span class='ocrx_word' id='word_1_842' title='bbox 169 2773 267 2809; x_wconf 79' lang='grc' dir='ltr'>καρδίᾳ</span> <span class='ocrx_word' id='word_1_843' title='bbox 281 2782 348 2808; x_wconf 83' lang='grc' dir='ltr'>μου,</span> <span class='ocrx_word' id='word_1_844' title='bbox 367 2773 404 2809; x_wconf 82' lang='grc' dir='ltr'><strong>μὴ</strong></span> <span class='ocrx_word' id='word_1_845' title='bbox 419 2773 602 2801; x_wconf 80' lang='grc' dir='ltr'>εἰσακουσάτω</span> <span class='ocrx_word' id='word_1_846' title='bbox 618 2773 727 2808; x_wconf 81' lang='grc' dir='ltr'>Κύριος.</span> <span class='ocrx_word' id='word_1_847' title='bbox 742 2782 750 2798; x_wconf 77' lang='grc' dir='ltr'><strong>ι</strong></span> <span class='ocrx_word' id='word_1_848' title='bbox 776 2772 851 2799; x_wconf 79' lang='grc' dir='ltr'>Ἐπεὶ</span> <span class='ocrx_word' id='word_1_849' title='bbox 868 2771 956 2798; x_wconf 85' lang='grc' dir='ltr'>τοίνυν</span> 
     </span>
    </p>
   </div>
   <div class='ocr_carea' id='block_1_106' title="bbox 170 2818 954 2856">
    <p class='ocr_par' dir='ltr' id='par_1_106' title="bbox 170 2818 954 2856">
     <span class='ocr_line' id='line_1_106' title="bbox 170 2818 954 2856; baseline -0.003 -9"><span class='ocrx_word' id='word_1_850' title='bbox 170 2820 217 2847; x_wconf 78' lang='grc' dir='ltr'>καὶ</span> <span class='ocrx_word' id='word_1_851' title='bbox 230 2819 280 2855; x_wconf 86' lang='grc' dir='ltr'>τὴν</span> <span class='ocrx_word' id='word_1_852' title='bbox 293 2820 412 2847; x_wconf 81' lang='grc' dir='ltr'>διάνοιαν</span> <span class='ocrx_word' id='word_1_853' title='bbox 427 2820 554 2856; x_wconf 83' lang='grc' dir='ltr'>τοιαύτην</span> <span class='ocrx_word' id='word_1_854' title='bbox 569 2818 623 2856; x_wconf 88' lang='grc' dir='ltr'>εἶχε</span> <span class='ocrx_word' id='word_1_855' title='bbox 637 2821 682 2847; x_wconf 76' lang='grc' dir='ltr'>καὶ</span> <span class='ocrx_word' id='word_1_856' title='bbox 705 2819 754 2851; x_wconf 76' lang='grc' dir='ltr'>τὰς</span> <span class='ocrx_word' id='word_1_857' title='bbox 771 2819 852 2855; x_wconf 72' lang='grc' dir='ltr'>εὐχὰς</span> <span class='ocrx_word' id='word_1_858' title='bbox 864 2820 954 2846; x_wconf 76' lang='grc' dir='ltr'>τοιαύ-</span> 
     </span>
    </p>
   </div>
   <div class='ocr_carea' id='block_1_107' title="bbox 206 2910 434 2944">
    <p class='ocr_par' dir='ltr' id='par_1_107' title="bbox 206 2910 434 2944">
     <span class='ocr_line' id='line_1_107' title="bbox 206 2910 434 2944; baseline -0.004 -5"><span class='ocrx_word' id='word_1_859' title='bbox 206 2911 231 2933; x_wconf 82' lang='grc' dir='ltr'><strong>ι³</strong></span> <span class='ocrx_word' id='word_1_860' title='bbox 247 2910 341 2939; x_wconf 78' lang='lat' dir='ltr'><strong>Matth.</strong></span> <span class='ocrx_word' id='word_1_861' title='bbox 359 2920 395 2944; x_wconf 77' lang='lat' dir='ltr'><strong>w,</strong></span> <span class='ocrx_word' id='word_1_862' title='bbox 409 2911 434 2939; x_wconf 86' lang='lat'><strong>6.</strong></span> 
     </span>
    </p>
   </div>
   <div class='ocr_carea' id='block_1_108' title="bbox 1006 2314 1789 2355">
    <p class='ocr_par' dir='ltr' id='par_1_108' title="bbox 1006 2314 1789 2355">
     <span class='ocr_line' id='line_1_108' title="bbox 1006 2314 1789 2355; baseline -0.009 -7"><span class='ocrx_word' id='word_1_863' title='bbox 1006 2326 1049 2348; x_wconf 91' lang='lat' dir='ltr'><strong>tur</strong></span> <span class='ocrx_word' id='word_1_864' title='bbox 1070 2330 1076 2348; x_wconf 86' lang='lat'>:</span> <span class='ocrx_word' id='word_1_865' title='bbox 1104 2329 1113 2346; x_wconf 75' lang='grc' dir='ltr'><strong>ι</strong></span> <span class='ocrx_word' id='word_1_866' title='bbox 1126 2320 1165 2347; x_wconf 78' lang='lat' dir='ltr'><strong>Ad</strong></span> <span class='ocrx_word' id='word_1_867' title='bbox 1184 2321 1271 2355; x_wconf 89' lang='lat' dir='ltr'><strong>ipsum</strong></span> <span class='ocrx_word' id='word_1_868' title='bbox 1287 2326 1333 2346; x_wconf 92' lang='lat' dir='ltr'><strong>ore</strong></span> <span class='ocrx_word' id='word_1_869' title='bbox 1355 2325 1415 2345; x_wconf 91' lang='lat' dir='ltr'><strong>meo</strong></span> <span class='ocrx_word' id='word_1_870' title='bbox 1439 2316 1552 2344; x_wconf 83' lang='lat' dir='ltr'><strong>clamavi</strong></span> <span class='ocrx_word' id='word_1_871' title='bbox 1567 2318 1593 2342; x_wconf 89' lang='lat' dir='ltr'><strong>et</strong></span> <span class='ocrx_word' id='word_1_872' title='bbox 1606 2314 1722 2342; x_wconf 82' lang='lat' dir='ltr'><strong>exaltavi</strong></span> <span class='ocrx_word' id='word_1_873' title='bbox 1737 2314 1789 2342; x_wconf 90' lang='lat' dir='ltr'><strong>sub</strong></span> 
     </span>
    </p>
   </div>
   <div class='ocr_carea' id='block_1_109' title="bbox 1004 2359 1788 2402">
    <p class='ocr_par' dir='ltr' id='par_1_109' title="bbox 1004 2359 1788 2402">
     <span class='ocr_line' id='line_1_109' title="bbox 1004 2359 1788 2402; baseline -0.013 -7"><span class='ocrx_word' id='word_1_874' title='bbox 1004 2368 1095 2402; x_wconf 85' lang='lat' dir='ltr'><strong>lingua</strong></span> <span class='ocrx_word' id='word_1_875' title='bbox 1117 2374 1194 2399; x_wconf 80' lang='lat' dir='ltr'><strong>mea;</strong></span> <span class='ocrx_word' id='word_1_876' title='bbox 1221 2376 1230 2392; x_wconf 84' lang='grc'><strong>›</strong></span> <span class='ocrx_word' id='word_1_877' title='bbox 1244 2365 1392 2393; x_wconf 90' lang='lat' dir='ltr'><strong>secundum</strong></span> <span class='ocrx_word' id='word_1_878' title='bbox 1411 2361 1603 2398; x_wconf 84' lang='lat' dir='ltr'><strong>Symmachum</strong></span> <span class='ocrx_word' id='word_1_879' title='bbox 1615 2368 1680 2387; x_wconf 91' lang='lat' dir='ltr'><strong>vero</strong></span> <span class='ocrx_word' id='word_1_880' title='bbox 1696 2370 1702 2387; x_wconf 88' lang='lat'><strong>:</strong></span> <span class='ocrx_word' id='word_1_881' title='bbox 1723 2369 1731 2385; x_wconf 79' lang='grc' dir='ltr'><strong>ι</strong></span> <span class='ocrx_word' id='word_1_882' title='bbox 1746 2359 1788 2395; x_wconf 88' lang='lat' dir='ltr'><strong>lp-</strong></span> 
     </span>
    </p>
   </div>
   <div class='ocr_carea' id='block_1_110' title="bbox 1005 2406 1789 2445">
    <p class='ocr_par' dir='ltr' id='par_1_110' title="bbox 1005 2406 1789 2445">
     <span class='ocr_line' id='line_1_110' title="bbox 1005 2406 1789 2445; baseline -0.014 -3"><span class='ocrx_word' id='word_1_883' title='bbox 1005 2422 1076 2445; x_wconf 85' lang='lat' dir='ltr'><strong>sum.</strong></span> <span class='ocrx_word' id='word_1_884' title='bbox 1103 2414 1195 2445; x_wconf 85' lang='lat' dir='ltr'><strong>aiunt,</strong></span> <span class='ocrx_word' id='word_1_885' title='bbox 1218 2420 1266 2439; x_wconf 89' lang='lat' dir='ltr'><strong>ore</strong></span> <span class='ocrx_word' id='word_1_886' title='bbox 1293 2417 1354 2437; x_wconf 88' lang='lat' dir='ltr'><strong>meo</strong></span> <span class='ocrx_word' id='word_1_887' title='bbox 1381 2408 1521 2439; x_wconf 86' lang='lat' dir='ltr'><strong>invocavi,</strong></span> <span class='ocrx_word' id='word_1_888' title='bbox 1544 2411 1570 2434; x_wconf 89' lang='lat' dir='ltr'><strong>et</strong></span> <span class='ocrx_word' id='word_1_889' title='bbox 1605 2406 1723 2434; x_wconf 81' lang='lat' dir='ltr'><strong>exaltata</strong></span> <span class='ocrx_word' id='word_1_890' title='bbox 1746 2410 1789 2432; x_wconf 82' lang='lat' dir='ltr'><strong>est</strong></span> 
     </span>
    </p>
   </div>
   <div class='ocr_carea' id='block_1_111' title="bbox 1006 2453 1789 2487">
    <p class='ocr_par' dir='ltr' id='par_1_111' title="bbox 1006 2453 1789 2487">
     <span class='ocr_line' id='line_1_111' title="bbox 1006 2453 1789 2487; baseline -0.013 0"><span class='ocrx_word' id='word_1_891' title='bbox 1006 2459 1150 2487; x_wconf 89' lang='lat' dir='ltr'><strong>confestim</strong></span> <span class='ocrx_word' id='word_1_892' title='bbox 1171 2459 1262 2485; x_wconf 90' lang='lat' dir='ltr'><strong>anima</strong></span> <span class='ocrx_word' id='word_1_893' title='bbox 1288 2464 1376 2484; x_wconf 70' lang='lat' dir='ltr'><strong>mea.»</strong></span> <span class='ocrx_word' id='word_1_894' title='bbox 1405 2454 1460 2482; x_wconf 86' lang='lat' dir='ltr'><strong>Sed</strong></span> <span class='ocrx_word' id='word_1_895' title='bbox 1484 2461 1539 2481; x_wconf 91' lang='lat' dir='ltr'><strong>non</strong></span> <span class='ocrx_word' id='word_1_896' title='bbox 1557 2456 1662 2480; x_wconf 75' lang='lat' dir='ltr'><strong>talltum</strong></span> <span class='ocrx_word' id='word_1_897' title='bbox 1686 2453 1789 2479; x_wconf 87' lang='lat' dir='ltr'><strong>oratio-</strong></span> 
     </span>
    </p>
   </div>
   <div class='ocr_carea' id='block_1_112' title="bbox 1006 2496 1788 2540">
    <p class='ocr_par' dir='ltr' id='par_1_112' title="bbox 1006 2496 1788 2540">
     <span class='ocr_line' id='line_1_112' title="bbox 1006 2496 1788 2540; baseline -0.013 -7"><span class='ocrx_word' id='word_1_898' title='bbox 1006 2506 1098 2536; x_wconf 82' lang='lat' dir='ltr'><strong>nibus,</strong></span> <span class='ocrx_word' id='word_1_899' title='bbox 1139 2503 1267 2540; x_wconf 89' lang='lat' dir='ltr'><strong>precibus</strong></span> <span class='ocrx_word' id='word_1_900' title='bbox 1296 2505 1323 2529; x_wconf 87' lang='lat' dir='ltr'><strong>et</strong></span> <span class='ocrx_word' id='word_1_901' title='bbox 1353 2499 1600 2535; x_wconf 86' lang='lat' dir='ltr'><strong>supplicationibus</strong></span> <span class='ocrx_word' id='word_1_902' title='bbox 1638 2497 1673 2524; x_wconf 89' lang='lat' dir='ltr'><strong>ad</strong></span> <span class='ocrx_word' id='word_1_903' title='bbox 1702 2496 1788 2524; x_wconf 89' lang='lat' dir='ltr'><strong>Deum</strong></span> 
     </span>
    </p>
   </div>
   <div class='ocr_carea' id='block_1_113' title="bbox 1005 2542 1789 2581">
    <p class='ocr_par' dir='ltr' id='par_1_113' title="bbox 1005 2542 1789 2581">
     <span class='ocr_line' id='line_1_113' title="bbox 1005 2542 1789 2581; baseline -0.013 -3"><span class='ocrx_word' id='word_1_904' title='bbox 1005 2551 1113 2579; x_wconf 87' lang='lat' dir='ltr'><strong>emissis</strong></span> <span class='ocrx_word' id='word_1_905' title='bbox 1126 2549 1297 2580; x_wconf 84' lang='lat' dir='ltr'><strong>vacavimus;</strong></span> <span class='ocrx_word' id='word_1_906' title='bbox 1314 2546 1363 2574; x_wconf 81' lang='lat' dir='ltr'><strong>sed</strong></span> <span class='ocrx_word' id='word_1_907' title='bbox 1378 2545 1445 2581; x_wconf 86' lang='lat' dir='ltr'><strong>ipsis</strong></span> <span class='ocrx_word' id='word_1_908' title='bbox 1468 2544 1599 2579; x_wconf 87' lang='lat' dir='ltr'><strong>operibus</strong></span> <span class='ocrx_word' id='word_1_909' title='bbox 1618 2542 1789 2577; x_wconf 84' lang='lat' dir='ltr'><strong>iniquitatem</strong></span> 
     </span>
    </p>
   </div>
   <div class='ocr_carea' id='block_1_114' title="bbox 1006 2587 1788 2625">
    <p class='ocr_par' dir='ltr' id='par_1_114' title="bbox 1006 2587 1788 2625">
     <span class='ocr_line' id='line_1_114' title="bbox 1006 2587 1788 2625; baseline -0.014 -1"><span class='ocrx_word' id='word_1_910' title='bbox 1006 2604 1112 2624; x_wconf 90' lang='lat' dir='ltr'><strong>omnem</strong></span> <span class='ocrx_word' id='word_1_911' title='bbox 1129 2594 1251 2622; x_wconf 84' lang='lat' dir='ltr'><strong>aversati.</strong></span> <span class='ocrx_word' id='word_1_912' title='bbox 1262 2600 1374 2625; x_wconf 87' lang='lat' dir='ltr'><strong>sumus;</strong></span> <span class='ocrx_word' id='word_1_913' title='bbox 1396 2592 1432 2618; x_wconf 86' lang='lat' dir='ltr'><strong>ita</strong></span> <span class='ocrx_word' id='word_1_914' title='bbox 1460 2594 1490 2617; x_wconf 92' lang='lat' dir='ltr'><strong>ut</strong></span> <span class='ocrx_word' id='word_1_915' title='bbox 1512 2597 1546 2617; x_wconf 88' lang='lat' dir='ltr'><strong>ne</strong></span> <span class='ocrx_word' id='word_1_916' title='bbox 1569 2588 1678 2624; x_wconf 88' lang='lat' dir='ltr'><strong>quidem</strong></span> <span class='ocrx_word' id='word_1_917' title='bbox 1700 2587 1788 2621; x_wconf 85' lang='lat' dir='ltr'><strong>respi—</strong></span> 
     </span>
    </p>
   </div>
   <div class='ocr_carea' id='block_1_115' title="bbox 1006 2634 1815 2671">
    <p class='ocr_par' dir='ltr' id='par_1_115' title="bbox 1006 2634 1815 2671">
     <span class='ocr_line' id='line_1_115' title="bbox 1006 2634 1815 2671; baseline -0.012 -1"><span class='ocrx_word' id='word_1_918' title='bbox 1006 2650 1068 2670; x_wconf 84' lang='lat' dir='ltr'><strong>cere</strong></span> <span class='ocrx_word' id='word_1_919' title='bbox 1093 2642 1167 2669; x_wconf 85' lang='lat' dir='ltr'><strong>illam</strong></span> <span class='ocrx_word' id='word_1_920' title='bbox 1188 2640 1367 2670; x_wconf 86' lang='lat' dir='ltr'><strong>voluerimus,</strong></span> <span class='ocrx_word' id='word_1_921' title='bbox 1384 2641 1431 2665; x_wconf 90' lang='lat' dir='ltr'><strong>aut</strong></span> <span class='ocrx_word' id='word_1_922' title='bbox 1453 2636 1592 2671; x_wconf 87' lang='lat' dir='ltr'><strong>quidpiam</strong></span> <span class='ocrx_word' id='word_1_923' title='bbox 1609 2635 1732 2669; x_wconf 81' lang='lat' dir='ltr'><strong>iniquum</strong></span> <span class='ocrx_word' id='word_1_924' title='bbox 1747 2634 1789 2661; x_wconf 84' lang='lat' dir='ltr'><strong>vel</strong></span> <span class='ocrx_word' id='word_1_925' title='bbox 1812 2655 1815 2659; x_wconf 76' lang='lat'><em>.</em></span> 
     </span>
    </p>
   </div>
   <div class='ocr_carea' id='block_1_116' title="bbox 1007 2682 1788 2722">
    <p class='ocr_par' dir='ltr' id='par_1_116' title="bbox 1007 2682 1788 2722">
     <span class='ocr_line' id='line_1_116' title="bbox 1007 2682 1788 2722; baseline -0.013 -6"><span class='ocrx_word' id='word_1_926' title='bbox 1007 2690 1099 2717; x_wconf 86' lang='lat' dir='ltr'><strong>animo</strong></span> <span class='ocrx_word' id='word_1_927' title='bbox 1113 2688 1244 2722; x_wconf 84' lang='lat' dir='ltr'><strong>cogitare.</strong></span> <span class='ocrx_word' id='word_1_928' title='bbox 1264 2685 1331 2712; x_wconf 88' lang='lat' dir='ltr'><strong>Nam</strong></span> <span class='ocrx_word' id='word_1_929' title='bbox 1350 2685 1372 2712; x_wconf 90' lang='lat' dir='ltr'><strong>si</strong></span> <span class='ocrx_word' id='word_1_930' title='bbox 1387 2684 1454 2719; x_wconf 90' lang='lat' dir='ltr'><strong>quid</strong></span> <span class='ocrx_word' id='word_1_931' title='bbox 1470 2683 1559 2711; x_wconf 85' lang='lat' dir='ltr'><strong>simile</strong></span> <span class='ocrx_word' id='word_1_932' title='bbox 1579 2682 1788 2717; x_wconf 77' lang='lat' dir='ltr'><strong>cogitassemus.</strong></span> 
     </span>
    </p>
   </div>
   <div class='ocr_carea' id='block_1_117' title="bbox 1009 2726 1789 2770">
    <p class='ocr_par' dir='ltr' id='par_1_117' title="bbox 1009 2726 1789 2770">
     <span class='ocr_line' id='line_1_117' title="bbox 1009 2726 1789 2770; baseline -0.014 -7"><span class='ocrx_word' id='word_1_933' title='bbox 1009 2744 1064 2764; x_wconf 87' lang='lat' dir='ltr'><strong>non</strong></span> <span class='ocrx_word' id='word_1_934' title='bbox 1081 2734 1154 2770; x_wconf 79' lang='lat' dir='ltr'><strong>digiti</strong></span> <span class='ocrx_word' id='word_1_935' title='bbox 1176 2740 1286 2761; x_wconf 87' lang='lat' dir='ltr'><strong>eramus</strong></span> <span class='ocrx_word' id='word_1_936' title='bbox 1309 2732 1355 2767; x_wconf 90' lang='lat' dir='ltr'><strong>qui</strong></span> <span class='ocrx_word' id='word_1_937' title='bbox 1378 2730 1583 2759; x_wconf 78' lang='lat' dir='ltr'><strong>exaudiremur.</strong></span> <span class='ocrx_word' id='word_1_938' title='bbox 1609 2726 1789 2761; x_wconf 85' lang='lat' dir='ltr'><strong>Quamobrem</strong></span> 
     </span>
    </p>
   </div>
   <div class='ocr_carea' id='block_1_118' title="bbox 1008 2775 1792 2815">
    <p class='ocr_par' dir='ltr' id='par_1_118' title="bbox 1008 2775 1792 2815">
     <span class='ocr_line' id='line_1_118' title="bbox 1008 2775 1792 2815; baseline -0.014 -6"><span class='ocrx_word' id='word_1_939' title='bbox 1008 2783 1104 2809; x_wconf 86' lang='lat' dir='ltr'><strong>aiunt:</strong></span> <span class='ocrx_word' id='word_1_940' title='bbox 1124 2791 1133 2807; x_wconf 87' lang='grc'><strong><em>‹</em></strong></span> <span class='ocrx_word' id='word_1_941' title='bbox 1147 2780 1318 2815; x_wconf 84' lang='lat' dir='ltr'><strong>luiquitatem</strong></span> <span class='ocrx_word' id='word_1_942' title='bbox 1335 2780 1359 2806; x_wconf 89' lang='lat' dir='ltr'><strong>si</strong></span> <span class='ocrx_word' id='word_1_943' title='bbox 1381 2778 1474 2814; x_wconf 81' lang='lat' dir='ltr'><strong>aspexi</strong></span> <span class='ocrx_word' id='word_1_944' title='bbox 1492 2778 1519 2805; x_wconf 89' lang='lat' dir='ltr'><strong>in</strong></span> <span class='ocrx_word' id='word_1_945' title='bbox 1543 2775 1624 2804; x_wconf 90' lang='lat' dir='ltr'><strong>corde</strong></span> <span class='ocrx_word' id='word_1_946' title='bbox 1645 2781 1716 2804; x_wconf 74' lang='lat' dir='ltr'><strong>mea,</strong></span> <span class='ocrx_word' id='word_1_947' title='bbox 1734 2779 1792 2812; x_wconf 69' lang='lat' dir='ltr'><strong>non</strong></span> 
     </span>
    </p>
   </div>
   <div class='ocr_carea' id='block_1_119' title="bbox 1008 2807 1789 2861">
    <p class='ocr_par' dir='ltr' id='par_1_119' title="bbox 1008 2807 1789 2861">
     <span class='ocr_line' id='line_1_119' title="bbox 1008 2807 1789 2861; baseline -0.018 -4"><span class='ocrx_word' id='word_1_948' title='bbox 1008 2829 1136 2857; x_wconf 77' lang='lat' dir='ltr'><strong>exaudiat</strong></span> <span class='ocrx_word' id='word_1_949' title='bbox 1151 2807 1311 2858; x_wconf 65' lang='lat' dir='ltr'><strong>Dominus:</strong></span> <span class='ocrx_word' id='word_1_950' title='bbox 1341 2807 1493 2861; x_wconf 54' lang='lat' dir='ltr'><strong>Quia-ergo</strong></span> <span class='ocrx_word' id='word_1_951' title='bbox 1515 2823 1562 2851; x_wconf 87' lang='lat' dir='ltr'><strong>tali</strong></span> <span class='ocrx_word' id='word_1_952' title='bbox 1580 2823 1669 2849; x_wconf 84' lang='lat' dir='ltr'><strong>mente</strong></span> <span class='ocrx_word' id='word_1_953' title='bbox 1690 2807 1789 2854; x_wconf 53' lang='lat' dir='ltr'><strong>praedi-</strong></span> 
     </span>
    </p>
   </div>
  </div>
