2041 3215
302 187 351 215 8⁸11

630 185 765 213 EUSEBII
785 184 1026 214 CESAIilENSIS
1047 184 1126 214 OPP.
1148 185 1240 214 PARS
1260 185 1303 213 Ill.
1319 201 1352 206 —
1373 183 1576 212 EXEGETICA.

1868 182 1917 208 67!

303 250 348 274 tus
362 245 430 273 tales
447 244 588 272 orationes
606 244 746 278 fundebat,
762 245 824 280 jure
849 245 914 272 dicit
930 255 940 270 ι
955 245 1068 280 Propter

1134 254 1183 277 τας
1200 245 1370 281 ἀνέπεμπεν,
1398 244 1508 276 εἰκότως
1524 243 1602 279 φησι·
1621 252 1631 268 ι
1643 241 1692 269 Διὰ
1704 241 1784 268 τοῦτο
1795 241 1918 276 εἰσήκου-

303 300 333 320 ea
352 291 489 320 exaudivit
514 290 597 323 Deus,
620 295 647 319 et
670 291 787 319 attendit
802 291 862 318 voci
881 291 1083 326 deprecationis

302 346 394 365 meae.»
424 337 456 364 Et
475 337 531 364 haec
556 337 584 364 in
601 345 684 365 causa
702 341 779 365 erant
805 344 854 364 cur
880 337 952 365 Deus
967 340 1029 372 post
1043 341 1084 364 tot

301 383 477 415 tentationes,
493 382 620 410 eduxerit
634 390 685 410 nos
703 384 730 410 in
747 382 930 418 refrigerium.
948 381 1003 409 Pro
1021 382 1083 417 qui-

301 430 350 456 bus
365 428 492 456 omnibus
507 428 628 456 debitum
644 429 793 463 gratiarum
819 428 938 456 actionis
951 428 1083 464 hymnum

301 473 357 500 Deo
372 473 542 505 emittentes,
562 476 648 500 totum
673 481 828 501 sermonem
851 474 903 500 hoc
926 481 976 501 ceu
994 473 1084 508 sigillo

299 519 488 548 concludunt:
515 529 525 545 ι
539 519 704 548 Benedictus
727 519 808 551 Deus,
835 520 883 555 qui
903 527 958 547 non
981 519 1083 546 amovit

298 567 452 594 orationem
471 574 557 594 meam
573 569 600 594 et
630 567 847 594 misericordiam
872 574 950 595 suam
970 573 985 593 a
1010 573 1080 594 me.)

299 613 362 642 Haec
375 620 458 648 porro
480 613 572 640 omnia
584 613 685 640 chorus
699 613 867 648 apostolicus
881 620 915 641 ex
929 613 1010 640 unius
1022 620 1084 647 per-

297 667 377 692 sona,
391 659 622 691 benedictionem,
644 658 753 686 laudem
780 662 808 686 et
836 659 985 694 gratiarum
999 658 1084 686 actio-

298 712 358 732 nem
375 711 424 739 pro
447 703 576 731 omnibus
599 711 682 739 supra
706 704 865 731 memoratis
883 703 938 731 Deo
954 703 1082 737 oﬂerens,

293 754 360 786 post
375 755 415 778 tot
429 751 551 785 prolatos
566 757 708 778 sermones
722 750 890 786 obsignavit.

298 807 324 834 ί.
349 807 383 834 IN
404 806 513 834 FINEM
538 806 571 833 IN
590 806 724 870 HYileglel
751 806 914 835 PSALMUS
929 805 1078 834 CANTICI.

331 899 414 927 Vitas.
429 899 456 929 2,
473 899 500 927 ’5.
521 909 530 925 ι
541 899 613 927 Deus
629 899 793 927 misereatur
801 899 888 926 nostri
900 903 927 926 et
939 898 1082 926 benedicat

1135 299 1180 317 σεν
1193 291 1207 317 6
1222 289 1287 322 Θεὸς
1301 291 1348 317 καὶ
1364 289 1498 326 προσέσχε
1508 289 1541 324 τῇ
1556 289 1630 323 φωνῇ
1644 287 1693 323 τῆς
1704 286 1824 322 δεήσεώς
1837 295 1895 321 μου.
1906 295 1915 312 ι

1137 337 1193 364 Καὶ
1201 336 1287 364 ταῦτα
1301 334 1335 372 ἦν
1351 335 1385 363 τὰ
1401 335 1476 362 αἴτια
1490 335 1523 362 δι’
1535 335 1553 362 ἀ
1565 333 1698 369 ἐξήγαγεν
1713 333 1788 368 ἡμᾶς
1803 334 1844 364 εἰς
1855 333 1918 359 ἀνα-

1133 383 1220 419 ψυχὴν
1232 383 1300 418 μετά
1309 383 1371 414 τοὺς
1380 381 1522 413 τοσούτους
1533 379 1710 416 πειρασμούς.
1730 379 1788 414 Ἐφ’
1797 377 1839 411 οἷς
1850 379 1919 406 amp

1134 438 1161 456 σι
1175 429 1220 456 τὸν
1235 428 1405 464 ὀφειλόμενον
1419 428 1626 464 εὐχαριστήριον
1648 426 1730 462 ὕμνον
1744 425 1917 461 ἀναπέμπον-

1133 484 1178 507 τες
1193 475 1232 510 τῷ
1247 474 1315 510 Θεῷ,
1330 474 1538 510 ἐπισφράγισμα
1552 472 1599 499 τοῦ
1614 472 1712 504 παντὸς
1725 471 1867 498 ποιοῦνται
1878 471 1918 497 λό-

1134 529 1182 556 γου
1198 521 1347 556 φάσκοντες
1357 529 1364 536 ν
1379 529 1388 547 ι
1399 519 1551 556 Εὐλογητὸς
1563 520 1576 546 6
1591 519 1667 551 Θεὸς,
1682 518 1711 550 ὃς
1723 518 1774 544 οὐκ
1786 518 1918 553 ἀπέστρε-

1133 568 1167 602 ψε
1178 567 1227 603 τὴν
1239 567 1392 603 προσευχήν
1405 575 1466 602 μου,
1491 566 1537 593 καὶ
1548 566 1578 592 τὸ
1588 565 1661 597 ἔλεος
1673 564 1755 592 αὐτοῦ
1765 565 1813 591 ἀπ’
1824 564 1915 599 ἐμοῦ.»

1132 613 1223 641 Ταῦτα
1236 613 1268 640 δὲκ
1276 613 1364 640 πάντα
1379 614 1393 639 ὁ
1407 613 1486 649 χορὸς
1500 613 1515 639 6
1531 611 1707 644 ἀποστολικὸς
1717 611 1747 644 ἐξ
1759 611 1819 643 ἐνὸς
1835 619 1917 646 προσ-

1133 660 1207 687 ώπου
1229 659 1298 696 μετά
1316 659 1419 691 πάντας
1443 659 1506 691 τοὺς
1531 658 1727 694 προλεχθέντας
1751 657 1848 692 λόγους
1871 657 1918 683 ἔπι

1132 707 1326 742 εσφραγίσατο,
1341 705 1464 740 εὐλογίαν
1477 705 1523 732 καὶ
1533 704 1684 738 δοξολογίαν
1692 704 1738 730 καὶ
1746 703 1919 740 εὐχαριστίαν

1133 753 1181 779 ἐπὶ
1197 753 1263 779 πᾶσι
1283 753 1339 783 τοῖς
1355 750 1540 787 προλεχθεῖσιν
1557 750 1727 785 ἀναπέμπων
1742 749 1781 785 τῷ
1793 749 1866 784 Θεῷ.

1133 808 1158 835 ί.
1179 806 1233 834 ΕΙΣ
1249 807 1293 834 ΤΟ
1307 806 1418 834 ΤΕΛΟΣ
1438 806 1484 833 ΕΝ
1495 804 1633 874 ἔέξΝΟΙΣ
1653 803 1799 831 ΨΔΛΜΟΣ
1818 803 1917 838 DARE.

1170 909 1179 926 ι
1191 900 1219 927 ’0
1230 900 1295 931 Θεὸς
1305 899 1471 935 οἰκτειρήσω
1481 899 1553 934 ἡμᾶς
1560 897 1606 925 καὶ
1616 898 1761 933 εὐλογῆσαι
1768 898 1784 932 ὴ
1788 897 1853 932 μᾶς,
1861 898 1918 923 ἑπι-

296 946 385 977 nobis,
395 946 528 973 illuminet
535 946 638 973 vultum
645 953 722 973 suum
730 953 879 980 supernos,
886 949 913 973 et
920 945 1077 972 misereatur

1133 945 1214 980 φάναι
1225 946 1255 971 τὸ
1265 934 1409 981 πρόσωπον
1418 943 1499 970 αὐτοῦ
1509 944 1550 978 ἐφ’
1557 944 1632 979 ἡμᾶς
1639 943 1686 970 καὶ
1694 942 1803 978 ἐλεῆσαι
1816 942 1899 977 ἡμᾶς.
1906 951 1915 966 ι

295 991 409 1018 nostri.»
431 990 555 1018 Praesens
570 999 678 1026 quoque
687 991 818 1025 psalmus,
831 990 1004 1025 evangelicus
1017 997 1079 1017 cum

293 1037 341 1069 sit,
367 1036 455 1064 eidem
478 1044 511 1064 ac
534 1037 692 1073 praecedens
710 1037 794 1064 haeret
818 1036 1080 1071 sententiae;’quare

296 1083 355 1110 uad
382 1083 461 1111 linem
477 1093 486 1109 ι
505 1087 533 1109 et
558 1083 616 1118 ipse
645 1083 776 1116 remittit,
806 1086 888 1118 atque
920 1082 1080 1109 «canticum

294 1127 392 1162 psalmi
403 1137 412 1153 ι
429 1127 607 1162 inscribitur;
623 1128 687 1163 quia
702 1128 748 1155 ille
759 1135 868 1163 quoque
881 1128 1003 1163 psalmus
1017 1134 1081 1154 can-

293 1173 342 1200 tici
357 1181 419 1201 esse
433 1173 587 1201 dicebatur.
608 1173 739 1202 Fortasse
752 1181 818 1201 vero
839 1173 900 1201 ideo
921 1178 1017 1201 neuter
1031 1180 1079 1201 eo-

294 1226 356 1246 rum
370 1219 450 1253 cujus
478 1220 534 1247 sint
560 1227 702 1248 sermones
720 1220 746 1246 in
764 1220 843 1247 titulo
859 1219 990 1251 declarat,
1005 1218 1079 1254 quod

294 1263 472 1293 manifestum
498 1266 534 1292 sit
556 1272 681 1300 quamam
698 1273 822 1300 personae
846 1265 873 1292 in
901 1269 1017 1300 utroque
1039 1265 1081 1291 lo-

294 1315 410 1346 quentes
425 1310 600 1338 inducantur.
613 1311 719 1338 Etenim
730 1311 851 1346 gentium
864 1318 1014 1346 pnecones,
1023 1310 1080 1338 sive

292 1357 410 1391 apostoli
437 1355 592 1385 Servatoris
612 1357 712 1389 nostri,
744 1357 773 1384 in
794 1361 910 1392 utroque
933 1365 1080 1385 assumun-

296 1406 353 1428 tur.
383 1401 435 1434 Qui
451 1403 544 1429 statim
560 1402 594 1430 ab
605 1402 718 1430 exordio
733 1403 761 1430 in
775 1403 900 1438 praesenti
914 1403 1020 1437 psalmo
1030 1410 1080 1430 nec

292 1448 402 1475 occulte
418 1448 571 1475 acclamant
586 1448 613 1476 in
628 1453 699 1476 terra
715 1452 742 1476 et
763 1448 790 1476 in
814 1448 941 1476 omnibus
953 1448 1079 1484 gentibus

291 1493 412 1521 salutare
441 1493 501 1527 Dei,
529 1498 557 1521 et
590 1495 663 1521 viam
693 1494 754 1529 ejus
778 1495 907 1530 cognosci
924 1498 1078 1529 precantes,

291 1537 389 1565 deinde
400 1538 494 1566 aiunt:
513 1548 523 1564 ι
534 1538 723 1566 Conﬁteantur
736 1539 786 1566 tibi
798 1539 903 1574 populi,
918 1538 1000 1570 Deus.
1014 1546 1080 1566 con-

292 1582 421 1611 ﬁteantur
434 1584 484 1610 tibi
512 1584 603 1619 populi
618 1591 726 1612 omnes.
749 1583 888 1612 Laztentur
899 1589 926 1612 et
941 1585 1079 1613 exsultent

292 1633 415 1664 gentes.»
436 1629 523 1662 Quem
539 1637 693 1658 sermonem
709 1629 830 1657 secundo
846 1630 880 1657 ad
896 1630 1018 1657 vaticinii
1032 1631 1078 1657 lir-
1091 1617 1112 1646 θ

291 1675 414 1704 mitatem
441 1679 580 1710 repetunt.
601 1675 710 1704 Chorus
725 1676 807 1712 igitur
826 1677 1005 1712 apostolicus,
1030 1677 1077 1712 qui

292 1722 369 1757 prius
382 1721 502 1749 dixerat:
516 1731 525 1747 ι
548 1721 665 1750 .lubilate
687 1722 752 1754 Deo,
771 1723 861 1750 omnis
883 1723 1003 1756 terra“;
1017 1732 1026 1749 ›
1051 1727 1078 1751 et

295 1775 422 1795 rursum:
444 1777 453 1794 ‹
467 1767 563 1796 Omnis
578 1772 651 1796 terra
667 1768 762 1796 adoret
784 1769 858 1803 te";
871 1778 880 1795 ι
900 1767 1074 1805 iterumque:

295 1823 305 1839 ι
318 1813 485 1847 Benedicite,
502 1820 607 1850 gentes,
624 1814 708 1842 Deum
733 1819 859 1842 nostrum
869 1815 908 1850 “;
922 1825 931 1841 ι
953 1816 981 1842 in
1003 1823 1075 1851 prae-

290 1860 362 1888 senti
386 1860 492 1895 psalmo
509 1861 647 1893 similiter,
668 1861 888 1889 animadvertens
905 1869 1004 1898 magno
1023 1862 1076 1889 sibi

288 1913 360 1941 opus
382 1914 445 1934 esse
474 1906 508 1934 ad
538 1906 659 1935 faustum
685 1907 849 1943 evangelicae
873 1908 1076 1944 praedicationis

288 1952 391 1979 exitum
409 1951 456 1979 Dei
473 1952 585 1985 auxilio,
604 1952 683 1988 quasi
703 1953 757 1980 sibi
781 1953 932 1981 accinendo
954 1953 994 1982 sic
1011 1961 1075 1988 pre-

289 2001 382 2025 catur:
402 2007 412 2023 ι
424 1998 495 2025 Deus
509 1999 670 2026 misereatur
687 1999 774 2026 nostri
790 2003 817 2027 et
827 1999 969 2028 benedicat
983 1999 1075 2032 nobis,

288 2043 426 2071 illuminet
442 2044 548 2071 vultum
568 2052 648 2072 suum
666 2053 749 2080 super
769 2053 831 2077 nos,
860 2049 887 2074 et
911 2046 1075 2074 misereatur

266 2088 406 2125 __.nostri.»
445 2089 501 2116 Nos
523 2090 624 2126 quippe
653 2091 722 2118 nihil
751 2091 870 2118 dicimus
899 2098 972 2123 esse,
1005 2090 1074 2118 nihil

289 2141 372 2168 posse
386 2133 512 2167 fatemur,
530 2143 593 2162 cum
610 2136 678 2163 viles
690 2136 828 2169 homines,
849 2136 997 2172 simplices,
1011 2144 1076 2171 pau-

289 2187 368 2216 peres
381 2181 557 2209 ethominum
571 2182 702 2217 postremi
718 2183 815 2210 simus.
831 2182 891 2217 Ipse
905 2190 970 2210 vero
986 2182 1070 2215 Deus,

288 2228 335 2264 qui
353 2236 403 2255 nos
418 2228 445 2255 in
461 2228 557 2256 salutis
572 2228 692 2263 gentium
707 2228 847 2257 ministros
863 2228 974 2264 adlegit,
987 2229 1074 2264 primo

1130 991 1185 1018 Kal.
1200 992 1214 1018 6
1229 990 1323 1026 παρὼν
1335 990 1439 1025 ψαλμὸς
1453 989 1628 1024 εὐαγγελικὸς
1640 987 1688 1021 ὢν,
1704 988 1752 1023 τῆς
1765 987 1851 1022 αὐτῆς
1862 987 1918 1022 ἐχε-

1130 1046 1173 1064 ται
1189 1035 1228 1072 τῷ
1242 1035 1295 1072 πρὸ
1309 1035 1390 1062 αὐτοῦ
1407 1034 1525 1066 διανοίας
1535 1043 1542 1049 ·
1563 1034 1657 1069 διόπερ
1683 1043 1692 1059 ι
1704 1034 1743 1065 είς
1763 1032 1794 1059 τὸ
1820 1033 1896 1064 τέλος
1906 1041 1915 1057 ι

1129 1082 1307 1117 παραπέμπει
1321 1080 1368 1107 καὶ
1381 1079 1461 1111 αὐτὸς
1474 1100 1481 1112 ,
1499 1079 1572 1115 «ᾠδή
1587 1088 1596 1105 ι
1615 1087 1645 1105 τε
1661 1088 1669 1104 ι
1681 1077 1804 1114 ψαλμοῦ»
1826 1078 1919 1112 ἐπιγέ-

1129 1136 1251 1163 γραπται
1264 1133 1271 1141 ·
1287 1126 1348 1153 ἐπεὶ
1362 1127 1485 1157 κάκεῖνος
1497 1125 1603 1161 ψαλμὸς
1616 1125 1686 1160 ᾠδῆς
1707 1125 1817 1159 ἐλέγετο
1839 1122 1917 1151 εἶναι.

1128 1173 1242 1209 Μήποτε
1260 1173 1289 1199 δὲ
1306 1173 1336 1200 τὸ
1352 1173 1425 1204 τινος
1440 1170 1494 1199 εἷεν
1505 1172 1578 1206 λόγοι
1590 1171 1730 1208 οὐδέτερος
1741 1171 1831 1198 αὐτῶν
1842 1172 1872 1198 ὲν
1885 1172 1917 1207 τῇ

1129 1220 1274 1255 προγραφῇ
1290 1219 1436 1254 παρίστησι
1449 1218 1492 1245 διὰ
1505 1218 1535 1244 τὸ
1550 1217 1664 1254 ἐναργὲς
1677 1217 1730 1244 τῶν
1741 1216 1917 1252 προφητικῧς

1128 1266 1298 1301 εἰσηγμένων
1323 1266 1352 1292 ὲν
1368 1265 1459 1296 αὐτοῖς
1475 1263 1635 1300 προσώπων.
1668 1264 1700 1291 Οἱ
1716 1264 1838 1300 κήρυκες
1854 1263 1917 1298 γοῦν

1127 1311 1182 1338 τῶν
1195 1311 1295 1344 ὲθνῶν,
1312 1311 1336 1338 οἱ
1350 1311 1493 1338 ἀπόστολοι
1506 1311 1605 1346 δηλαδὴ
1622 1311 1668 1337 τοῦ
1686 1310 1812 1346 Σωτῆρος
1827 1310 1916 1345 ἡμῶν,

1128 1358 1157 1385 ὲν
1174 1358 1296 1394 ἑκατέρῳ
1312 1357 1532 1394 παρελήφθησαν.
1548 1357 1651 1384 Αὐτίκα
1666 1356 1731 1391 γοῦν
1747 1357 1793 1382 καὶ
1808 1356 1852 1382 διά
1864 1356 1917 1383 τῶν

1129 1404 1315 1441 προκειμένων
1329 1404 1492 1436 ἀκαλύπτως
1509 1403 1657 1430 ἀναϐοῶσιν
1676 1404 1705 1429 ὲν
1720 1404 1753 1438 τῇ
1770 1404 1806 1438 γῇ
1825 1403 1874 1430 καὶ
1889 1403 1917 1429 ὲν

1129 1451 1196 1477 πᾶσι
1205 1451 1261 1482 τοῖς
1272 1450 1360 1477 ἔθνεσι
1369 1450 1399 1477 τό
1408 1459 1438 1477 τε
1450 1450 1581 1486 σωτήριον
1592 1449 1638 1476 τοῦ
1646 1449 1712 1476 Θεοῦ
1723 1469 1730 1481 ,
1741 1449 1788 1476 καὶ
1798 1449 1850 1485 τὴν
1858 1448 1916 1475 ὁδὸν

1129 1495 1210 1523 αὑτοῦ
1224 1495 1377 1532 γνωσθῆναι
1388 1495 1526 1531 εὐχόμενοι
1536 1503 1544 1512 ⁴
1556 1493 1605 1522 εἴθ’
1616 1495 1694 1530 ἑξῆς·
1714 1504 1723 1521 ι
1741 1495 1917 1530 Ἑξομολογη-

1129 1542 1271 1569 σάσθωσάν
1285 1551 1325 1569 σοι
1340 1543 1415 1575 λαοὶ,
1439 1543 1453 1569 ό
1468 1542 1550 1574 Θεὸς,
1568 1541 1862 1578 ἑξομολογησάσθωσάν
1877 1550 1916 1568 σοι

1128 1588 1188 1616 λαοὶ
1214 1589 1322 1621 πάντες.
1361 1588 1598 1625 Εὐφρανθήτωσαν
1622 1589 1669 1615 καὶ
1694 1588 1916 1622 ἀγαλλιάσθωσαν

1128 1635 1218 1670 ἔθνη.)
1235 1634 1290 1661 Καὶ
1303 1632 1379 1666 αὖθις
1395 1633 1551 1670 δευτεροῦσι
1565 1634 1611 1660 τὸν
1625 1633 1704 1667 λόγον
1718 1634 1758 1665 είς
1773 1633 1916 1668 βεῦαίωσιν

1127 1680 1180 1707 τῶν
1195 1679 1408 1715 θεσπιξομένων.
1431 1680 1460 1706 '0
1474 1679 1554 1715 χορὸς
1569 1679 1657 1706 τοίνυν
1674 1679 1688 1705 6
1702 1678 1890 1710 ἀποστολικὸς,
1905 1678 1916 1705 5

1127 1726 1170 1752 διὰ
1180 1725 1234 1752 τῶν
1243 1725 1397 1761 ἔμπροσθεν
1405 1724 1532 1761 εἰρηκώς-
1544 1734 1553 1750 ι
1565 1723 1727 1756 Ἀλαλάξατε
1735 1722 1774 1758 τῷ
1782 1723 1853 1758 Θεῷ,
1866 1724 1917 1750 πᾶς

1127 1772 1184 1807 σαὴ
1193 1771 1228 1806 γῆ
1237 1780 1243 1787 ·
1251 1781 1260 1797 ι
1275 1771 1322 1798 καὶ
1332 1769 1409 1803 αὖθις
1417 1779 1424 1786 ⁸
1437 1780 1446 1796 ι
1458 1771 1559 1805 Πᾶσαὴ
1570 1769 1606 1805 γῆ
1615 1770 1913 1806 προσκυνησάτωσανοι

1127 1817 1173 1844 καὶ
1186 1817 1275 1844 πάλιν·
1291 1827 1299 1842 ι
1312 1816 1467 1851 Εὐλογεῖτε,
1478 1815 1552 1852 ἔθνη,
1562 1816 1607 1842 τὸν
1619 1815 1684 1842 Θεὸν
1697 1816 1713 1850 ἡ
1718 1814 1775 1851 μῶν
1786 1824 1792 1830 ·
1807 1825 1816 1841 ι
1829 1816 1877 1842 καὶ
1888 1816 1916 1842 ὲν

1126 1862 1164 1898 τῷ
1179 1863 1248 1898 μετά
1262 1864 1354 1898 χεῖρας
1368 1862 1477 1898 ὁμοίως,
1490 1861 1570 1897 ὁρῶν,
1579 1862 1619 1888 ὅτι
1634 1860 1734 1895 πολλῆς
1749 1860 1834 1887 δεῖται
1854 1869 1918 1887 συν-

1126 1909 1219 1946 εργίας
1233 1909 1300 1936 Θεοῦ
1317 1910 1357 1941 είς
1377 1908 1544 1944 κατόρθωσιν
1564 1907 1610 1934 τοῦ
1635 1907 1811 1942 εὐαγγελικοῦ
1830 1908 1916 1943 κηρύ-

1126 1963 1240 1989 γματος,
1249 1954 1343 1991 ὥσπερ
1354 1954 1511 1990 κατεπᾴδων
1522 1953 1609 1989 ἑαυτῷ
1619 1953 1651 1980 δι’
1663 1953 1744 1988 εὐχῆς
1756 1961 1838 1988 φησιν
1846 1962 1852 1967 -
1867 1963 1876 1979 ι
1888 1953 1916 1980 '0

1125 2001 1190 2032 Θεὸς
1200 2001 1369 2036 οίκτειρὴσαι
1380 2001 1453 2035 ἡμᾶς
1464 2000 1510 2026 καὶ
1524 1999 1667 2035 εὐλογῆσαι
1682 2000 1771 2034 ἡμᾶς,
1785 1999 1916 2034 ἐπιφᾶναι

1125 2045 1155 2072 τὸ
1171 2045 1317 2080 πρόσωπον
1330 2045 1412 2072 αὐτοῦ
1434 2046 1477 2080 ἐφ’
1493 2045 1566 2080 ἡμᾶς
1578 2065 1586 2077 ,
1602 2045 1649 2071 καὶ
1672 2044 1781 2080 ὲλεήσαι
1808 2045 1892 2080 ἡμᾶς.
1904 2054 1913 2070 ι

1131 2090 1225 2126 Ἡμεῖς
1242 2090 1291 2126 μὲν
1308 2090 1361 2126 γὰρ
1376 2091 1487 2122 ἑαυτοὺς
1507 2091 1538 2116 τὸ
1556 2090 1639 2127 μηθὲν
1659 2088 1728 2117 εἶναι
1744 2099 1851 2126 φαμεν,
1869 2091 1917 2117 καὶ

1124 2137 1155 2163 τὸ
1174 2137 1256 2173 μηδὲν
1268 2136 1395 2164 δύνασθαι
1408 2136 1608 2172 ὁμολογοῦμεν,
1625 2137 1741 2169 εὐτελεῖς
1767 2137 1844 2169 ὄντες
1868 2138 1916 2164 καὶ

1127 2183 1230 2210 ῑδιῶται
1241 2203 1249 2216 ,
1264 2183 1380 2219 πένητές
1393 2192 1423 2210 τε
1440 2183 1487 2210 καὶ
1503 2183 1611 2210 πάντων
1625 2183 1733 2219 ἔσχατοι
1746 2183 1897 2219 ἀνθρώπων
1906 2192 1913 2199 ·

1125 2229 1205 2261 αὐτὸς
1214 2229 1242 2255 δὲ
1251 2229 1265 2255 6
1273 2229 1338 2261 Θεὸς
1348 2228 1489 2264 βουληθεὶς
1500 2230 1574 2265 ἡμᾶς
1582 2229 1720 2265 ὑπηρέτας
1729 2229 1856 2264 γενέσθαι
1867 2231 1915 2265 τῆς

287 2274 397 2309 quidem
423 2273 587 2301 misereatur
603 2273 701 2304 nostri,
721 2278 821 2301 nostra
836 2274 942 2302 scilicet
957 2274 1072 2301 infirmi-

1127 2275 1178 2301 τῶν
1187 2275 1271 2302 ἐθνῶν
1283 2275 1428 2312 σωτηρίας,
1441 2275 1549 2311 πρῶτον
1563 2275 1612 2311 μὲν
1623 2276 1819 2311 οἰκτειρήσειεν
1830 2277 1914 2311 ἡμᾶς,

287 2320 352 2347 tatis
379 2319 620 2347 commiseratione
645 2323 807 2354 moveatur;
833 2319 932 2347 deinde
966 2319 1070 2355 aliquid

288 2366 399 2400 adjiciat
413 2365 485 2402 quod
500 2365 658 2394 confortare
679 2366 781 2399 valeat;
802 2365 829 2394 id
845 2369 897 2397 est,
920 2370 948 2394 ut
964 2366 1072 2394 benedi-

287 2416 332 2438 cat
345 2412 435 2444 nobis,
452 2412 643 2440 benedictione
658 2419 724 2440 sane
746 2411 898 2447 spirituali;
925 2419 980 2447 quo
998 2411 1071 2440 illius

288 2458 374 2493 gratia
399 2458 426 2485 in
439 2465 490 2485 nos
504 2458 660 2494 impleatur,
676 2461 706 2485 ut
720 2465 769 2493 par
783 2461 836 2490 est,
852 2457 1009 2492 hujusmodi
1024 2457 1071 2486 be-

287 2503 424 2534 nedictio:
458 2513 468 2529 ι
479 2504 610 2537 Crescite,
628 2509 655 2532 et
671 2504 904 2539 multiplicamini,
927 2508 954 2531 et
971 2504 1072 2539 replete

287 2553 399 2581 terram,
411 2553 439 2577 et
450 2549 627 2577 dominamini
642 2551 716 2579 illius
724 2551 773 2578 ⁸⁷.»
796 2549 858 2578 limo
871 2550 944 2577 enim
959 2557 974 2577 a
991 2550 1070 2585 prin—

287 2595 358 2630 cipio
374 2595 401 2622 in
415 2595 509 2622 mundi
530 2601 625 2624 exortu
643 2597 716 2624 dicta
740 2601 821 2625 sunt:
837 2604 898 2632 quae
913 2595 999 2624 Judaei
1015 2604 1069 2624 non

242 2653 247 2657 ν
287 2642 341 2669 alio
359 2649 442 2677 quam
471 2648 604 2677 corporeo
627 2651 714 2676 more,
741 2650 790 2679 per
813 2642 1068 2678 multiplicationem

285 2687 397 2723 impleta
421 2691 529 2723 putant.
547 2687 604 2716 Nos
626 2692 716 2716 autem
741 2689 818 2724 gnari
844 2689 942 2716 anima:
961 2695 1070 2724 quoque

286 2735 391 2770 prolem
408 2741 471 2762 esse
508 2737 590 2768 atque
613 2734 764 2770 discipulos
788 2743 850 2763 esse
875 2734 1069 2770 magistrorum

287 2780 368 2811 filios,
389 2779 545 2814 huiusmodi
566 2779 784 2807 benedictionem
809 2781 941 2815 consequi
971 2786 1069 2815 preca-

290 2833 362 2858 mur,
377 2830 406 2853 ut
426 2833 583 2854 crescamus
609 2831 636 2854 et
663 2826 876 2862 multiplicemur
895 2825 1070 2854 multitudine

321 2914 429 2944 “Psal.
443 2924 504 2947 va.
519 2915 544 2944 l.
581 2917 604 2934 "
616 2916 681 2945 ibid.
699 2917 726 2944 Δ..

1124 2317 1214 2346 οἶκτον
1227 2319 1305 2355 ἡμῶν
1319 2319 1408 2346 λαϐὼν
1421 2320 1470 2356 τῆς
1484 2319 1625 2353 ἀσθενείας
1636 2329 1642 2336 ·
1669 2319 1728 2347 εἶτα
1743 2321 1874 2357 προσθείη
1888 2330 1914 2348 τι

1124 2364 1155 2391 τὸ
1167 2364 1315 2401 δυνάμενον
1328 2365 1401 2400 ἡμᾶς
1411 2365 1568 2401 δυναμῶσαι
1581 2374 1587 2381 ·
1611 2365 1691 2393 τοῦτο
1705 2367 1733 2393 δὲ
1744 2365 1777 2402 ἦν
1791 2367 1822 2393 τὸ
1837 2367 1914 2394 εὐλο-

1124 2411 1206 2445 γῆσαι
1222 2412 1311 2446 ἡμᾶς·
1337 2411 1447 2447 εὐλογίᾳ
1460 2411 1492 2447 δὴ
1507 2414 1676 2448 πνευματικῇ
1690 2432 1697 2445 ,
1715 2413 1753 2445 ὡς
1766 2413 1798 2440 ἂν
1813 2414 1862 2440 καὶ
1876 2415 1914 2446 εις

1126 2457 1200 2492 ἡμᾶς
1217 2457 1374 2493 πληρωθείη
1400 2458 1561 2493 πρεπόντως
1575 2460 1607 2494 τῇ
1624 2459 1706 2486 αὐτοῦ
1722 2459 1813 2494 χάριτι
1828 2461 1846 2495 ὴ
1865 2460 1913 2494 φά⁴

1126 2510 1228 2529 ο-κουσα
1254 2503 1362 2537 εὐλογία
1375 2509 1381 2517 ⁸
1408 2513 1418 2529 ι
1432 2503 1582 2535 Αὐξάνεσθε
1594 2505 1641 2531 καὶ
1663 2504 1848 2540 πληθύνεσθε,
1869 2505 1913 2532 καὶ

1125 2548 1285 2585 πληρώσατε
1295 2549 1343 2585 τὴν
1355 2549 1417 2585 γῆν,
1429 2549 1476 2576 καὶ
1488 2551 1719 2586 κατακυριεύσατε
1731 2551 1826 2587 αὐτῆς.
1834 2551 1913 2578 »Ταῦ-

1122 2603 1156 2621 τα
1172 2595 1222 2630 μὲν
1232 2595 1285 2632 γὰρ
1298 2596 1344 2622 καὶ
1355 2596 1438 2623 πάλαι
1449 2596 1507 2622 κατ’
1520 2596 1607 2632 ἀρχὰς
1617 2597 1664 2623 ἐπὶ
1675 2597 1723 2632 τῆς
1735 2597 1912 2632 κοσμοποιίας

1122 2640 1231 2676 εἴρητο⁹
1249 2641 1379 2678 ἐνομίσθη
1396 2651 1425 2669 τε
1445 2642 1581 2675 Ἰουδαίοις
1593 2643 1642 2669 οὐκ
1658 2642 1746 2674 ἄλλως
1759 2642 1776 2678 ἢ
1791 2651 1911 2678 σωματι-

1123 2687 1178 2718 κῶς
1193 2687 1280 2722 μόνως
1292 2688 1336 2715 διά
1351 2688 1401 2724 τῆς
1413 2688 1587 2721 πολυτελείας
1602 2688 1781 2724 πληροῦσθαι.
1817 2688 1910 2724 Ἡμεῖς

1121 2731 1162 2764 δὲ,
1178 2732 1288 2766 ειδότες,
1300 2733 1338 2766 ὡς
1347 2734 1405 2762 ἐστι
1418 2735 1465 2761 καὶ
1478 2734 1567 2770 ψυχῆς
1579 2735 1688 2769 ἔκγονα,
1701 2733 1869 2761 διδασκάλων
1880 2741 1908 2759 κ

1123 2778 1216 2810 παῖδες
1235 2780 1258 2805 οἱ
1277 2780 1489 2815 μαθητευόμενοι
1501 2800 1509 2813 ,
1529 2780 1655 2816 τοιαύτης
1678 2780 1805 2816 ἀξιοῦμεν
1819 2779 1907 2814 τυχεῖν

1123 2824 1246 2859 εὐλογίας
1256 2845 1263 2858 ,
1271 2825 1309 2858 ὡς
1321 2826 1354 2854 ἂν
1364 2826 1492 2864 αὐξηθείη
1497 2836 1546 2864 μεν
1557 2826 1604 2854 καὶ
1616 2826 1779 2863 πληθυνθείη
1783 2834 1833 2862 μεν
1841 2825 1905 2860 ultr

805 2917 826 2932 "
841 2915 905 2943 ibid.
918 2915 945 2944 8.
983 2915 1007 2935 ⁸⁷
1020 2915 1089 2944 Gen.
1105 2923 1125 2949 ι,
1142 2915 1189 2943 ‘28.
