2041 3215
140 170 193 198 673

1216 139 1264 172 U-

690 167 943 197 LOMMENTABIA
964 167 998 196 IN
1016 167 1187 196 PSALIOS.
1217 167 1247 172 ”
1712 169 1763 198 678

140 229 182 257 θει
192 227 247 256 τῶν
258 231 484 264 μαθητευομενων
493 247 501 261 ,
513 226 627 263 μυριάσι
637 236 667 254 τε
677 227 731 255 τῶν
741 228 774 255 δι’
785 228 864 265 ἡμῶν
877 236 922 256 σω-

980 228 1189 261 discipulorum.
1196 231 1279 262 atque
1286 225 1393 255 inﬁnito
1401 234 1496 255 eorum
1505 227 1552 263 qui
1564 233 1613 263 per
1627 234 1678 255 nos
1690 227 1765 255 salu-

138 274 260 310 ζομὲνων
270 293 277 305 ,
292 273 330 305 ὼς
341 273 374 300 ἂν
391 273 494 299 εἰπεῖν·
517 281 526 298 ι
538 272 691 308 Εὐλογητὸς
709 274 724 300 ὸ
736 273 803 305 Θεὸς
818 274 833 300 ό
851 273 926 300 εὐλο-

138 320 227 355 γήσας
238 320 310 355 ὴμᾶς
320 319 348 344 ὲν
357 318 430 353 πάσῃ
445 317 553 353 εὐλογίᾳ
560 319 730 353 πνευματικῇ
742 318 769 343 ὲν
777 319 832 350 τοῖς
847 319 927 344 ἐπου-

139 365 241 401 ρανίοις
257 366 286 392 ὲν
302 363 421 400 Χριστῷ.
439 372 448 388 ι
463 363 555 395 Οὕτως
576 361 622 390 οὖν
642 364 656 389 ὁ
671 363 737 395 Θεὸς
759 365 926 400 οίκτειρήσαι

138 413 212 447 ἡμᾶς
233 411 376 447 πρότερον,
396 409 445 438 εἴτ’
467 411 640 446 οἱκτειρήσας
667 411 814 446 εὐλογήσαι
840 412 924 446 ἡμᾶς.

138 456 224 483 Τοῦτο
239 456 267 484 δὲ
283 457 332 483 οὐκ
348 456 433 488 ἄλλως
445 456 530 488 ἔσται,
545 457 568 482 εἱ
586 457 623 492 μὴ
636 456 765 490 ὲπιφάναι
791 457 821 482 τὸ
844 457 926 493 πρόσ-

141 511 213 530 ιυπον
229 502 310 529 αὑτοῦ
322 503 363 538 ἐφ’
379 503 462 538 ἡμᾶς.
475 502 543 528 ὥστε
559 503 605 528 καὶ
619 503 691 538 ἡμᾶς
704 504 790 529 εἰπεῖν
800 511 806 517 ·
828 513 836 528 ι
850 504 926 538 Ἐση-

142 548 243 584 μειώθη
257 550 299 584 ἐφ’
307 550 379 585 ἡμᾶς
390 549 420 575 τὸ
435 548 491 583 φῶς
507 548 553 574 τοῦ
567 548 712 585 προσώπου
729 557 787 581 σου,
803 548 898 585 Κύριε.
913 558 922 574 i

142 595 175 622 Γὺ
197 595 226 621 δὲ
248 595 438 628 ἐπιλεγόμενον
457 593 529 626 ἑξῆς,
547 603 555 617 ι
571 594 616 620 καὶ
635 594 744 629 ἐλεῆσαι
765 595 848 629 ἡμᾶς,
863 604 871 620 ι
888 593 925 630 μὴ

140 641 263 676 ιείμενον
286 642 352 676 μήτε
373 641 401 667 ὲν
423 640 462 675 τῷ
485 641 630 676 Ἐϐραῑκῷ,
655 641 723 676 μήτε
748 641 777 667 ὲν
798 642 853 672 τοῖς
871 640 925 667 λοι-

141 688 199 719 ποῖς
224 688 415 723 ὲρμηνευταῖς,
445 688 602 722 ἀναγκαίως
629 687 781 714 ὼϐέλισται.
810 687 869 714 Τῶν
896 687 924 714 δὲ

139 733 340 769 πφλεχθὲντων
364 733 497 769 εὐχόμεθα
516 735 616 769 τυχεῖν,
639 734 680 760 ἵνα
701 733 858 769 δυνηθῶμεν
876 734 924 768 τὴν

139 779 196 806 Βδὺν
217 779 300 806 αὐτοῦ
314 780 437 815 γνωστὴν
453 780 565 814 ποιῆσαι
579 781 607 806 ἐν
622 780 695 815 πάσῃ
714 781 746 815 τῇ
761 782 806 816 γῇ.
823 780 867 806 Διὸ
882 780 924 806 λέ-

137 827 245 852 temur
265 835 274 851 ι
291 826 344 852 Τοῦ
363 826 463 860 γνῶναι
479 828 508 853 ὲν
527 827 560 862 τῇ
579 827 614 861 γῇ
629 826 678 862 τὴν
692 826 751 853 ὁδόν
768 835 825 853 σου.
845 836 853 852 ι
877 827 923 858 Τίς

137 872 163 900 δὲ
184 873 201 908 ἡ
218 873 253 908 γῆ
267 873 314 900 καὶ
328 873 368 905 τίς
384 874 400 909 ὴ
418 874 477 906 ὁδὸς
491 873 537 900 τοῦ
554 872 639 905 Θεοῦ;
656 873 691 908 Γῆ
717 873 766 908 μὲν
779 873 880 905 πάντες
898 874 923 899 οἱ

979 277 1032 300 tem
1048 273 1211 300 obtinebunt
1225 279 1351 304 numero,
1362 276 1392 299 ut
1404 272 1527 300 dicamus
1541 283 1547 300 :
1574 282 1584 298 ι
1599 272 1764 301 Benedictus

978 319 1049 346 Deus
1055 318 1246 354 qui.benedixit
1255 326 1305 346 nos
1315 319 1341 345 in
1351 319 1424 346 omni
1434 318 1622 346 benedictione
1629 319 1763 354 spirituali

977 365 1005 392 in
1018 365 1176 392 coelestibus
1193 364 1222 392 in
1243 364 1410 392 Christo“.»
1425 364 1470 392 Sic
1484 373 1548 400 ergo
1557 365 1628 393 Deus
1645 365 1763 401 primum

976 412 1139 439 misereatur
1147 412 1243 445 nostri,
1255 410 1352 438 deinde
1366 411 1494 438 misertus
1510 412 1654 438 benedicat
1670 412 1761 439 nobis.

976 457 1004 484 Id
1019 465 1101 493 porro
1115 465 1287 492 nequaquam
1302 457 1419 490 eveniet,
1440 457 1493 484 nisi
1510 458 1643 485 illuminet
1656 458 1762 485 vultum

976 510 1055 531 suum
1069 511 1151 539 super
1166 511 1235 531 nos:
1254 503 1290 530 ita
1306 507 1375 530 utet
1398 511 1449 531 nos
1464 503 1588 530 dicamus
1604 512 1610 530 :
1632 512 1641 528 ι
1663 503 1755 538 Signu-

976 554 1031 577 tum
1047 554 1089 578 est
1105 558 1187 585 super
1211 558 1262 577 nos
1285 550 1378 578 lumen
1403 550 1493 577 vultus
1507 550 1556 581 tui.
1580 549 1733 577 Domine”.
1750 560 1759 575 ι

976 594 1053 627 Quod
1082 595 1207 630 sequitur
1233 603 1330 630 porro,
1350 604 1359 620 ι
1382 599 1408 623 et
1435 596 1598 622 misereatur
1621 600 1722 627 nostri,
1749 605 1759 621 ›

975 649 1036 668 cum
1050 648 1137 676 neque
1150 642 1177 668 in
1190 640 1334 673 llebraico,
1350 649 1438 676 neque
1459 641 1486 668 in
1506 641 1617 676 reliquis
1631 641 1754 676 interpre-

975 687 1047 714 tibus
1062 687 1175 722 legatur,
1185 686 1274 719 obelo,
1290 691 1320 714 ut
1333 691 1545 714 consentaneum
1560 690 1761 719 erat,notatum

974 735 1025 759 est.
1042 732 1105 759 ldeo
1118 737 1207 760 autem
1218 732 1275 767 jam
1294 736 1442 759 memorata
1456 732 1565 767 assequi
1582 739 1721 767 rogamus,
1735 736 1761 759 ut

975 779 1044 805 viam
1056 779 1115 813 ejus
1132 780 1158 805 in
1172 779 1298 806 universa
1316 782 1389 806 terra
1403 785 1493 806 notam
1511 779 1600 807 facere
1613 779 1760 806 valeamus.

974 823 1064 857 Quare
1087 825 1208 852 dicitur:
1230 834 1239 850 ι
1263 824 1299 852 Ut
1316 832 1514 860 cognoscamus
1540 825 1568 852 in
1594 830 1667 853 terra
1691 826 1761 852 viam

974 876 1058 897 tuam.
1075 880 1085 896 ι
1105 871 1233 904 Quaenam
1250 874 1323 898 terra
1339 871 1410 897 illa?
1436 878 1495 905 quae
1522 871 1563 898 via
1587 870 1653 898 Dei?
1678 870 1760 902 Terre,

138 918 184 953 τὴν
198 917 252 953 γῆν
264 918 400 950 οἰκοῦντες
414 919 551 954 ἄνθρωποι
566 918 613 945 καὶ
630 918 718 945 πάντα
733 918 768 944 τὰ
785 918 845 944 καθ’
860 918 922 954 ὅλης

976 917 1104 944 nimirum
1130 921 1194 944 sunt
1213 924 1308 945 omnes
1326 917 1450 945 homines
1466 921 1566 944 terram
1591 917 1742 944 incolentes

138 964 185 999 τῆς
199 964 361 999 οἰκουμένης
379 964 442 999 ἔθνη
454 973 461 980 ·
482 964 541 996 ὁδὸς
559 965 587 991 δὲ
604 964 651 991 τοῦ
673 963 739 990 Θεοῦ
759 964 773 990 ὁ
797 964 923 999 θεοσεϐὴς

135 1009 209 1044 βίος·
227 1007 258 1036 οὗ
271 1010 301 1036 τὸ
315 1009 391 1042 τέλος
404 1010 472 1045 πρὸς
491 1010 572 1037 αὑτὸν
587 1011 648 1044 ἄγει
669 1009 714 1036 τὸν
727 1009 804 1041 Θεὸν,
822 1009 859 1041 ὡς
878 1010 924 1036 ἐπὶ

135 1055 302 1091 μητρόπολιν
316 1056 435 1090 ἀγαθῶν.
453 1057 508 1084 Καὶ
524 1057 604 1089 αὐτὸς
619 1056 648 1083 δὲ
669 1057 683 1083 ὁ
701 1057 832 1091 σωτήριος
847 1056 924 1090 λόγος

134 1100 177 1135 εῑη
193 1100 226 1127 ἃν
243 1100 301 1132 ὁδὸς
318 1100 364 1134 τοῦ
381 1100 458 1127 Θεοῦ.
481 1100 526 1127 Διὸ
547 1101 610 1136 ἑξῆς
627 1101 722 1135 ὥσπερ
740 1100 923 1136 διερμηνεύων

134 1145 182 1181 τὴν
198 1145 319 1173 διάνοιαν
332 1146 453 1180 ἐπιλέγει
464 1154 471 1162 ·
492 1155 501 1172 ι
524 1147 568 1173 Ἐν
580 1147 646 1173 πᾶσι
659 1148 713 1178 τοῖς
728 1146 816 1172 ἔθνεσι
833 1146 863 1173 τὸ
876 1155 924 1172 σω-

133 1191 226 1227 τήριόν
246 1199 303 1219 σου.
321 1201 330 1217 ι
347 1192 439 1224 Ὅπως
463 1189 509 1218 οὖν
528 1192 684 1227 δυνηθῶμεν
700 1193 728 1218 ὲν
745 1192 818 1228 πάσῃ
833 1194 866 1228 τῇ
887 1193 921 1227 γῇ

133 1238 181 1264 καὶ
197 1238 228 1264 ἐν
248 1238 313 1265 πᾶσι
338 1239 393 1270 τοῖς
417 1238 505 1265 ἔθνεσι
528 1240 583 1270 τοῖς
606 1239 656 1274 τὴν
680 1239 730 1274 γῆν
746 1238 851 1265 οἰκοῦσι
874 1239 922 1274 τὴν

132 1284 193 1311 ὁδόν
210 1293 257 1311 σου
270 1285 316 1311 κα)⁴
328 1284 359 1311 τὸ
372 1285 505 1320 σωτήριόν
519 1293 576 1317 σου,
592 1285 690 1311 ταύτὸν
702 1285 756 1320 γάρ
768 1286 836 1317 ἐστι,
853 1294 923 1319 γνω-

133 1330 197 1356 στὸν
211 1331 332 1366 ποιῆσαι,
346 1330 518 1366 οίκτείρησον
531 1331 616 1366 ἡμᾶς,
627 1332 641 1357 ὁ
657 1331 733 1363 Θεὸς,
748 1331 794 1357 καὶ
809 1331 921 1366 εὐλόγη-

132 1383 181 1402 σον
197 1377 280 1412 ἡμᾶς,
304 1377 350 1403 καὶ
369 1377 400 1403 τὸ
414 1377 558 1412 πρόσωπόν
573 1385 619 1403 σου
636 1377 765 1411 ἐπίφανον
783 1377 825 1411 ἐφ’
838 1378 921 1412 ἡμᾶς,

133 1421 178 1448 ῐνα
195 1422 383 1458 πληρωθέντες
398 1423 485 1457 φωτὸς
499 1424 530 1449 ὲκ
545 1423 592 1449 τοῦ
606 1422 750 1458 προσώπου
764 1431 822 1454 σου,
839 1431 923 1449 κατα-

132 1467 283 1503 λάμψωμεν
299 1468 403 1500 πάντας
417 1468 586 1504 ἀνθρώπους.
601 1469 631 1494 El
646 1468 700 1503 γὰρ
713 1469 750 1504 μὴ
766 1468 841 1494 ταῦθ’
858 1469 922 1503 ἡμῖν

133 1513 290 1550 ὑπάρξειεν,
306 1514 380 1541 οὐδέν
392 1516 473 1550 ἐσμεν
488 1516 568 1550 ἡμεῖς
584 1515 652 1551 πρὸς
666 1515 715 1550 τὴν
733 1514 780 1541 τοῦ
794 1514 922 1550 τηλικού-

132 1568 179 1586 του
198 1560 358 1596 πράγματος
373 1561 551 1597 κατόρθωσιν.

975 966 1001 989 et
1013 966 1108 997 gentes
1123 962 1280 989 universum
1297 962 1391 989 orbem
1408 966 1589 997 occupantes;
1606 962 1650 988 via
1671 966 1760 990 autem

974 1007 1032 1040 Dei,
1044 1013 1085 1035 est
1100 1008 1227 1043 religiosa
1240 1008 1306 1040 vita,
1319 1008 1398 1043 cujus
1424 1008 1486 1035 linis
1503 1008 1536 1035 ad
1549 1008 1639 1042 ipsum
1658 1007 1759 1040 Deum,

973 1064 1023 1083 ceu
1047 1056 1081 1083 ad
1107 1055 1252 1090 quamdam
1280 1055 1414 1083 bonorum
1444 1054 1614 1089 metropolim
1641 1054 1760 1082 deducit.

973 1101 1087 1137 Ipseque
1102 1101 1230 1129 salutaris
1243 1109 1334 1128 sermo
1345 1101 1388 1128 via
1403 1100 1450 1128 Dei
1465 1101 1557 1128 fuerit.
1579 1099 1760 1134 Quamobrem

973 1148 1025 1175 sub
1047 1147 1105 1174 haec
1130 1148 1203 1174 velut
1223 1148 1385 1174 sententiam
1411 1147 1550 1182 explicans
1565 1146 1681 1181 adjicit:
1702 1155 1711 1172 ι
1732 1146 1761 1173 la

973 1194 1101 1221 omnibus
1123 1193 1249 1228 gentibus
1273 1193 1393 1220 salutare
1408 1197 1495 1220 tuum.
1513 1202 1522 1219 ι
1551 1191 1586 1220 Ut
1607 1192 1698 1227 itaque
1715 1201 1759 1220 va-

973 1240 1077 1267 leamus
1088 1240 1116 1266 in
1131 1240 1204 1266 omni
1218 1243 1290 1266 terra
1303 1239 1367 1266 etin
1382 1239 1508 1266 omnibus
1521 1238 1648 1274 gentibus
1662 1243 1761 1267 terram

973 1286 1157 1313 incolentibus
1170 1286 1241 1312 viam
1254 1289 1329 1312 tuam
1341 1289 1367 1313 et
1379 1285 1499 1313 salutare
1512 1289 1599 1317 tuum,
1615 1292 1676 1312 nam
1691 1285 1762 1312 ident
1785 1296 1787 1298 ·

973 1332 1061 1367 ipsum
1082 1335 1135 1364 est,
1152 1336 1247 1358 notum
1266 1331 1366 1362 facere.
1384 1332 1514 1359 miserere
1527 1330 1717 1363 nostri,Deus,
1735 1335 1762 1358 et

973 1379 1087 1407 benedic
1113 1378 1210 1410 nobis,
1233 1378 1390 1413 vultumque
1418 1382 1494 1405 tuum
1527 1378 1649 1404 illumina
1679 1381 1762 1412 super

972 1433 1038 1458 nos;
1056 1430 1085 1452 ut
1103 1426 1206 1453 lumine
1222 1425 1313 1453 vultus
1333 1425 1372 1452 tui
1388 1425 1503 1460 repleti,
1528 1432 1624 1452 omnes
1638 1424 1762 1452 homines

972 1472 1152 1499 illustremus.
1168 1472 1276 1499 Atenim
1298 1472 1350 1499 nisi
1366 1472 1423 1499 haec
1440 1472 1519 1499 nobis
1535 1471 1761 1503 adfuerint,nihil

973 1518 1005 1545 ad
1019 1522 1122 1545 tantam
1137 1526 1195 1546 rem
1209 1518 1401 1553 perﬁciendam
1419 1526 1523 1546 sumus.

171 1626 181 1642 ε
204 1614 510 1653 Ἐξομολογησάσθωσάν
534 1626 574 1644 σοι
590 1617 659 1649 λαοὶ,
677 1617 691 1643 ὁ
707 1616 782 1648 Θεὸς,
795 1616 920 1652 ἐξομολο-

1006 1619 1089 1647 Vsns.
1101 1619 1156 1646 4-8.
1172 1628 1182 1645 ι
1201 1620 1388 1647 Conliteantur
1403 1619 1451 1646 tibi
1463 1618 1566 1653 populi.
1580 1617 1663 1649 Deus.
1676 1617 1762 1645 couti-

131 1663 313 1699 γησάσθωσάν
333 1672 372 1690 σοι
387 1664 446 1690 λαοὶ
463 1665 573 1696 πάντες.
590 1663 835 1699 Εὑφρανθήτωσαν.
852 1673 861 1688 ι
881 1663 921 1689 Τὰ

134 1710 185 1745 μὲν
199 1709 294 1746 πρῶτα
309 1711 411 1742 ἑαυτοῖς
423 1710 575 1746 ὲπηύξαντο
585 1711 609 1736 ot
623 1709 677 1735 τῶν
691 1709 774 1735 ἐθνῶν
786 1710 918 1744 κήρυκες·

131 1755 168 1782 τὰ
180 1756 208 1782 δὲ
225 1756 392 1791 προκείμενα
405 1758 461 1788 τοῖς
476 1756 505 1782 τὸ
520 1756 553 1782 δι’
570 1755 659 1782 αὐτῶν
679 1755 809 1790 κήρυγμα
831 1763 921 1790 παρα-

132 1800 299 1837 δεξαμένοις.
322 1802 377 1828 Καὶ
390 1802 422 1837 δὴ
438 1803 484 1829 καὶ
500 1801 606 1837 πρῶτον
624 1801 673 1836 μὲν
693 1801 783 1832 αὐτοῖς
798 1800 922 1835 ἐξομολο-

133 1848 239 1883 γήσεως
253 1848 392 1883 ὲνδοθῆναι
407 1848 499 1885 χώραν
512 1848 648 1884 εὔχονται,
664 1848 738 1879 ὅπως
753 1846 787 1873 τὰ
802 1847 922 1882 πρότερα.

134 1893 239 1920 ἑαυτῶν
262 1894 487 1930 πλημμελήματα
511 1895 559 1921 καὶ
582 1894 631 1925 τὰς
661 1894 690 1920 ὲν
716 1892 921 1929 εἰδωλολατρείᾳ

132 1938 292 1971 ὕδσσεὸείας
313 1940 524 1975 ἀπορῤύψωνται
547 1939 591 1966 διὰ
613 1939 661 1974 τῆς
687 1938 919 1975 ὲξομολογήσεως-

132 1985 259 2022 δεύτερον
273 1986 459 2022 καθαρθέντας
474 1987 572 2018 αὐτοὺς
586 1988 677 2021 τυχεῖν
695 1987 863 2022 εὐφροσύνης
876 1987 922 2013 καὶ

134 2031 319 2066 ἀγαλλιάσεως
332 2032 382 2067 τῆς
399 2032 474 2068 παρὰ
488 2032 526 2068 τῷ
541 2032 600 2067 Θεῷ
619 2032 778 2059 ἱκετεύουσι.
790 2033 835 2058 Διὸ
847 2032 922 2068 πρῶ-

133 2085 178 2104 τον
190 2077 271 2112 φασίν
280 2086 288 2093 ·
307 2087 317 2103 ‹
338 2077 646 2113 Ἐξομολογησάσθωσάν
658 2086 699 2103 σοι
714 2077 783 2110 λαοὶ,
795 2079 808 2104 ὁ
821 2078 896 2109 Θεός.
911 2087 919 2103 ι

140 2124 210 2150 Ἀλλ’
226 2124 287 2150 ἐπεὶ
304 2124 443 2151 συνὲὃαινε
460 2125 542 2159 μήπω
555 2125 674 2150 συνεῖναι
686 2125 760 2159 ἡμᾶς
777 2124 869 2156 ποίους
883 2125 922 2150 ει-

134 2171 236 2206 ρήκασι
258 2170 356 2202 λαούς·
381 2171 442 2196 ἐπεὶ
459 2170 507 2196 καὶ
525 2170 555 2196 τὸ
577 2170 711 2196 Ἰουδαίων
734 2169 809 2200 ἔθνος
830 2169 922 2205 ἀθροί-

133 2224 226 2252 σματα
241 2216 289 2242 καὶ
305 2216 386 2247 λαοὺς
409 2215 555 2250 ἐκέκτητο·
573 2215 737 2249 ἀναγκαίως,
755 2215 797 2241 ἴνα
819 2215 922 2249 νοήσω-

972 1666 1080 1690 teantur
1088 1663 1136 1691 tibi
1147 1664 1237 1699 populi
1248 1672 1352 1691 omnes.
1364 1663 1509 1690 Lactentur.
1527 1673 1536 1688 ι
1548 1662 1642 1690 Priora
1651 1663 1762 1697 quidem

971 1710 1022 1737 sibi
1032 1717 1170 1744 praecones
1186 1711 1306 1746 gentium
1317 1711 1506 1745 postularunt;
1518 1709 1574 1736 hzec
1585 1717 1649 1737 vero
1665 1709 1699 1736 iis
1714 1708 1761 1743 qui

972 1755 1192 1789 praedicationem
1206 1763 1283 1782 suam
1296 1759 1472 1790 exceperunt.
1482 1754 1514 1781 Et
1521 1756 1608 1790 primo
1617 1755 1685 1790 ipsis
1696 1762 1763 1781 con-

971 1801 1099 1830 fessionis
1115 1802 1203 1829 locum
1214 1802 1271 1829 dari
1283 1806 1439 1837 precantur,
1456 1805 1485 1829 ut
1501 1810 1548 1837 per
1562 1802 1762 1829 confessionem

972 1848 1086 1882 pristina
1111 1847 1208 1875 delicta
1230 1853 1257 1876 et
1277 1848 1435 1875 idololatria:
1463 1848 1627 1882 impietatem
1657 1847 1764 1875 abster-

971 1897 1045 1929 gant.
1067 1892 1193 1920 Secundo
1208 1897 1304 1929 rogant
1319 1898 1348 1920 ut
1363 1894 1468 1928 purgati
1486 1893 1605 1921 lauitiam
1624 1898 1650 1920 et
1670 1894 1763 1921 exsul-

972 1939 1102 1967 tationem
1122 1946 1137 1965 a
1160 1938 1215 1966 Deo
1246 1943 1460 1974 consequantur.
1486 1939 1576 1972 Quare
1605 1940 1693 1974 primo
1720 1940 1763 1966 dl-

972 1990 1037 2013 cunt
1064 1995 1071 2012 :
1094 1995 1103 2011 ι
1122 1985 1310 2012 Conﬁteantur
1342 1985 1390 2012 tibi
1423 1986 1531 2021 populi,
1567 1985 1647 2013 Deus.
1674 1995 1683 2011 ι
1708 1985 1762 2014 Sed

971 2032 1034 2066 quia
1053 2032 1173 2059 nondum
1191 2032 1270 2059 nobis
1282 2035 1378 2058 notum
1394 2037 1463 2063 erat,
1478 2032 1525 2067 qui
1541 2032 1635 2066 populi
1656 2031 1760 2059 indica—

973 2082 1087 2111 reutur;
1109 2086 1171 2105 nam
1197 2078 1255 2114 ipsa
1272 2085 1382 2113 quoque
1405 2077 1517 2105 Judaica
1534 2085 1600 2113 gens
1625 2082 1713 2105 cattus
1735 2081 1762 2105 et

972 2124 1086 2159 populos
1099 2123 1211 2156 habuit;
1228 2126 1257 2149 ut
1274 2123 1394 2150 sciamus
1407 2122 1507 2157 quibus
1521 2122 1554 2149 de
1571 2123 1680 2157 populis
1698 2130 1764 2157 aga-

972 2174 1028 2200 tur,
1043 2169 1201 2196 necessario
1216 2172 1353 2203 repetunt,
1370 2172 1542 2202 mentemque
1569 2176 1646 2195 suam
1672 2168 1764 2196 decla-

973 2220 1034 2242 rant
1052 2216 1095 2243 his
1106 2215 1197 2242 verbis
1210 2224 1216 2241 :
1241 2224 1250 2240 ι
1269 2214 1515 2241 Conﬁteanturtibi
1529 2214 1620 2249 populi
1634 2222 1739 2242 omnes.
1751 2225 1761 2241 ι

135 2270 185 2296 μεν
198 2261 282 2288 ποίων
288 2262 356 2297 ἑμνη
361 2261 439 2297 μόνευ
444 2270 491 2287 σαν
506 2261 577 2287 λαῶν
582 2281 588 2292 ,
601 2260 675 2287 δευτε
680 2260 725 2296 ροῦ
730 2269 755 2286 σι
764 2260 922 2296 τρανοῦντες

975 2261 1044 2288 Num
1063 2261 1132 2288 forte
1159 2269 1206 2296 per
1222 2261 1326 2296 priores
1354 2260 1435 2292 illos,
1467 2259 1623 2287 Judworum
1648 2261 1764 2295 populos

132 2307 181 2341 τὴν
205 2307 323 2334 διάνοιαν
343 2308 371 2334 ὲν
392 2307 431 2342 τῷ
451 2307 556 2341 λέγειν·
577 2316 586 2332 ι
615 2306 922 2341 Ἐξομολογησάσθωσάν

135 2361 176 2379 σοι
186 2353 246 2379 λαοὶ
254 2353 364 2385 πάντες.
384 2363 394 2379 ι
412 2354 522 2388 Μήποτε
537 2353 566 2379 δὲ
581 2353 624 2380 διὰ
640 2353 692 2379 τῶν
707 2352 846 2388 προτέρων
860 2352 922 2383 τοὺς

135 2398 211 2434 παρὰ
232 2398 368 2430 Ἰουδαίοις
382 2398 462 2430 λαοὺς
476 2399 648 2431 αἰνίττονται,
662 2398 732 2433 ὑπὲρ
746 2397 835 2424 αὐτῶν
850 2397 922 2433 πρῶ-

135 2451 180 2471 τον
195 2444 245 2480 τὴν
265 2444 347 2480 εὐχὴν
367 2445 587 2480 ἀναπέμψαντες,
608 2445 651 2471 διὰ
670 2444 698 2471 δὲ
719 2444 773 2471 τῶν
789 2444 921 2480 δευτέρων

135 2488 199 2520 τοὺς
214 2489 244 2523 EE
266 2488 350 2516 ὲθνῶν
370 2489 467 2522 ).αούς;
482 2491 570 2525 Ὅπερ
591 2490 634 2517 ἴνα
654 2489 792 2525 γνώριμον
810 2489 922 2523 γένηται

135 2535 192 2566 τοῖς
208 2535 411 2570 ἐντυγχάνουσι,
429 2536 555 2570 διασαφεῖ
570 2535 680 2570 φάσκων
695 2536 709 2562 ὁ
724 2535 803 2569 λόγος
814 2543 821 2549 ·
841 2544 850 2559 ‹
869 2534 922 2560 Εὑ-

139 2579 335 2615 ερρανθήτωσαν
349 2581 396 2607 καὶ
409 2581 633 2615 ἀγαλλιάσθωσαν
649 2581 722 2616 ἑθνη.
743 2591 752 2607 ι
771 2580 878 2615 Ἐπειδὴ
893 2579 922 2606 δὲ

139 2624 178 2657 δὶς
201 2625 241 2658 τὸ,
269 2635 278 2651 ι
305 2626 597 2662 ὲξομολογησάσοωσάν
623 2635 673 2659 σοι,
701 2636 710 2652 ι
738 2627 854 2662 εἴρηται,
874 2626 924 2660 ὅρα

139 2671 245 2707 μήποτε
261 2672 292 2699 τὺ
308 2673 356 2708 μὲν
372 2672 480 2708 πρῶτον
495 2673 587 2708 ἐδήλου
607 2673 661 2700 τῶν
678 2672 817 2708 προτέρων
833 2673 924 2707 ἁμαρ-

138 2716 267 2751 τημάτων
285 2717 335 2752 τὴν
347 2717 501 2753 ὁμολογίαν,
517 2718 548 2744 τὸ
567 2718 594 2744 δὲ
608 2718 742 2754 δεύτερον,
764 2718 812 2753 τὴν
826 2717 868 2751 ἐφ’
884 2715 925 2749 οἷς

138 2762 232 2798 ἔτυχον
246 2763 357 2798 ἀγαθοῖς
373 2765 557 2800 εὐχαριστίαν.
576 2765 749 2801 Λαμϐάνεται
766 2765 820 2800 γὰρ
837 2766 852 2800 ἠ
868 2764 924 2798 ἐξο-

140 2809 284 2844 μολόγησις
303 2810 349 2837 καὶ⁸
363 2811 409 2836 ἐπὶ
424 2811 607 2846 εὐχαριστίας.
627 2811 704 2837 Οὕτω
719 2811 783 2845 γοῦν
800 2812 814 2837 ὁ
830 2811 923 2846 Σωτὴρ

179 2888 199 2905 ⁵³
210 2886 308 2924 Ephes.
326 2898 344 2921 ι,
355 2890 382 2918 5.
420 2889 526 2918 "Psal.
541 2898 578 2922 iv,
593 2891 618 2917 7.
674 2891 697 2907 νο
707 2889 802 2917 Matth.
818 2897 857 2921 ιι,
875 2890 920 2917 9.5.

976 2307 1158 2338 subiudicant,
1188 2313 1238 2341 pro
1262 2306 1370 2341 illisque
1395 2306 1547 2334 orationem
1571 2305 1659 2340 primo
1685 2306 1765 2333 emit-

975 2357 1052 2385 tunt;
1072 2361 1119 2387 per
1134 2352 1270 2380 secundos
1284 2356 1385 2383 autem,
1399 2351 1519 2386 gentium
1539 2350 1671 2386 populos?
1686 2350 1763 2383 Quod

975 2402 1004 2424 ut
1021 2397 1171 2432 legentibus
1198 2397 1308 2430 planum
1334 2395 1389 2427 fiat,
1410 2395 1452 2421 his
1475 2394 1564 2421 verbis
1582 2393 1763 2421 declaratur:

978 2453 987 2468 ι
1012 2443 1149 2470 Laetentur
1164 2446 1191 2470 et
1203 2442 1339 2469 exsultent
1349 2445 1454 2476 gentes.
1474 2449 1482 2466 ι
1497 2439 1631 2473 Quoniam
1646 2447 1710 2466 vero
1722 2440 1765 2467 bis

976 2489 1053 2521 illud,
1071 2498 1081 2514 ι
1104 2488 1286 2516 confiteantur
1300 2487 1367 2519 tibi,
1387 2497 1397 2513 ι
1417 2487 1519 2513 dictum
1542 2490 1598 2518 est;
1627 2483 1764 2520 perpende

976 2542 1041 2562 num
1062 2535 1178 2570 primum
1194 2534 1371 2569 pristinorum
1386 2532 1546 2560 delictorum
1561 2531 1764 2559 confessionem

976 2579 1125 2615 significet;
1146 2579 1295 2606 secundum
1313 2586 1386 2608 vero,
1405 2578 1555 2612 gratiarum
1584 2585 1634 2612 pro
1656 2577 1764 2604 collatis

976 2626 1056 2654 bonis
1072 2626 1216 2653 actionem.
1227 2624 1294 2652 Nam
1307 2624 1444 2652 confessio
1459 2623 1540 2650 etiam
1555 2631 1603 2658 pro
1613 2623 1763 2658 gratiarum

977 2673 1085 2700 actione
1108 2675 1267 2707 usurpatur.
1285 2671 1331 2697 Sic
1345 2671 1416 2698 enim
1437 2670 1565 2698 Servator
1579 2670 1683 2705 gratias
1708 2669 1763 2703 agit

978 2720 1095 2747 dicens:
1117 2729 1126 2745 ι
1151 2718 1290 2746 Confiteor
1317 2717 1385 2750 tibi,
1408 2716 1499 2748 Pater,
1523 2716 1636 2744 Domine
1657 2715 1717 2743 coeli
1735 2718 1763 2741 et

976 2770 1056 2793 terra:
1070 2766 1103 2792 νο.
1125 2776 1134 2792 ›
1151 2764 1217 2792 Post
1231 2765 1344 2799 primam
1362 2771 1427 2791 vero
1451 2768 1477 2790 et
1492 2763 1639 2790 secundam
1656 2760 1764 2789 confes-

978 2811 1093 2842 sionem,
1109 2810 1164 2844 jam
1177 2810 1257 2837 tertio
1273 2817 1321 2844 pro
1341 2809 1467 2838 acntibus
1486 2808 1539 2835 illis
1554 2807 1686 2836 confessis
1702 2813 1765 2842 pre-
