2041 3215
306 164 359 191 615

651 163 784 192 EUSEBD
803 164 1043 194 CAESARIENSIS
1063 165 1137 193 (lPP.
1158 165 1248 193 PARS
1263 164 1308 193 Ill.
1327 182 1361 187 —
1376 166 1581 194 EXEGETICA.

1881 166 1929 194 διδ

304 231 410 254 cantur.
440 218 545 259 Quibus
575 226 684 253 verbis!
708 236 717 252 ι
747 225 885 254 Latentur
911 228 938 254 et
959 227 1088 255 exsultem

1145 228 1305 263 ηὐχαρίστει
1318 226 1404 261 λέγων
1414 235 1420 242 ·
1440 237 1449 252 ι
1461 226 1689 262 Ἐξομολογοῦμαί
1700 234 1751 258 σοι,
1766 226 1868 261 Πάτερ,
1881 226 1929 253 Κύ-

303 276 408 309 gentes.
429 282 439 298 ι
455 271 514 305 Qua
531 279 594 300 vero
616 272 650 300 de
668 279 751 299 causa
764 293 772 305 ,
788 272 886 301 deinde
900 273 980 300 docet
1000 275 1041 301 sic
1057 273 1097 300 lo-

304 327 410 355 quens:
430 328 439 344 ι
459 319 591 352 Quoniam
606 319 741 354 judicabis
751 320 866 355 populos
877 321 904 347 in
922 321 1068 355 aequitate;
1086 331 1094 346 ι

304 364 420 400 populos
449 367 539 390 autem
555 371 609 391 non
634 364 758 400 aliquos,
791 365 851 392 aliis
882 365 1024 397 dimissis;
1048 366 1095 393 Sed

304 418 411 441 omnes,
428 414 456 436 ut
471 409 689 437 demonstratum
713 411 838 446 superius
861 415 923 439 est:
945 412 992 446 qui
1019 414 1095 447 gnari

304 456 417 490 insuper
433 463 463 482 se
478 455 526 483 abs
545 460 572 482 te
585 456 696 483 ductum
713 457 764 489 iri,
791 463 818 484 ut
831 458 903 484 viain
917 458 967 485 sibi
983 466 997 484 a
1017 460 1096 486 nobis

304 501 451 528 indicatam
469 502 672 537 perambulent.
687 503 748 536 jure
765 503 857 529 ltetitia
870 508 897 529 et
913 504 1096 532 exsultatione

304 547 491 581 replebuntur.
511 545 564 572 Pro
579 547 623 572 illo
639 552 740 577 autem.
756 556 765 571 ι
782 551 808 573 et
820 547 967 579 exsultent,
988 557 997 572 ι
1010 548 1095 582 Aqui-

304 590 339 621 la,
356 598 365 613 ι
381 591 408 615 et
423 587 595 622 laudabunt;
614 599 622 614 ι
642 588 820 624 Symmachus
836 597 910 621 vero,
926 600 934 615 ι
964 595 991 618 et
1015 590 1096 617 bene-

303 634 404 665 dicant,
420 644 429 660 ι
449 635 618 670 interpretati
647 640 722 663 sunt.
746 644 754 661 ι
774 636 960 663 Conﬁteantur
973 637 1022 664 tibi
1048 645 1095 672 po-

304 681 370 715 puli,
385 680 466 713 Deus.
483 683 667 709 conﬁteantur
683 682 729 708 tibi
760 683 852 717 populi
881 690 976 710 omnes
998 692 1004 709 ε
1022 687 1095 710 terra

302 727 376 754 dedit
390 727 508 755 fructum
522 736 611 755 suum.
630 738 638 753 ι
659 728 695 755 De
718 729 797 756 bonis
814 729 956 763 promissis
972 729 1026 756 tuis
1049 729 1094 756 la:-

302 773 440 801 tabundus
454 774 570 809 Spiritus
591 780 713 806 sanctus,
729 775 824 802 iisdem
846 775 959 802 vocibus
983 775 1093 807 insistit,

302 820 380 853 quasi
396 820 429 847 de
455 822 591 847 commttni
622 821 810 848 universorutn
841 821 980 849 hominum
1007 823 1095 849 salute

302 864 463 892 delectatus.
479 865 567 897 Quare
592 866 633 893 bis
652 871 725 893 terve
754 868 886 899 resumit,
903 875 990 902 neque
1006 868 1064 894 vult
1079 876 1094 894 a

302 910 415 936 salutari
439 916 465 938 et
488 913 644 946 erangelico
672 912 780 939 cantico
808 913 944 940 secedere.
975 913 1093 941 Rursum

302 955 393 990 itaqtte
405 957 442 982 ait
458 965 464 982 :
482 967 490 981 ε
502 956 691 985 Coniileantur
705 959 753 986 tibi
769 959 870 993 populi.
888 959 968 987 Deus.
989 969 1002 985 ι
1014 959 1091 993 Quod

300 1009 366 1028 sane
383 1002 530 1029 maximum
545 1007 604 1031 erat
623 1005 796 1036 miraculum,
807 1006 870 1040 quia
881 1004 966 1033 Judaei
983 1007 1091 1041 quidem

301 1046 491 1075 universorum
508 1048 554 1075 Dei
573 1049 676 1076 cultum
692 1057 706 1076 a
722 1051 845 1085 patribus
857 1052 955 1083 edocti.
970 1052 996 1079 in
1009 1052 1093 1079 idolo-

300 1092 387 1120 latriae
408 1101 530 1121 errorem
548 1095 706 1130 frequenter
728 1098 904 1131 proruebant.
925 1097 1021 1134 Populi
1042 1107 1091 1125 au-

299 1142 354 1165 tem
373 1147 420 1173 per
441 1141 535 1168 orbem
551 1142 684 1174 universi,
697 1143 743 1178 qui
759 1151 774 1170 a
787 1144 880 1171 multis
891 1149 965 1172 retro
985 1147 1092 1173 sazculis

299 1185 386 1211 errori
400 1185 484 1212 dediti
500 1190 589 1217 erant,
605 1195 727 1223 eousque
752 1196 842 1216 mores
858 1189 1050 1224 immutabuut,
1064 1196 1092 1218 ut

300 1237 354 1257 non
372 1231 459 1258 solum
473 1236 499 1260 te
510 1234 631 1260 omnium
649 1234 731 1261 Deum
751 1239 914 1270 agnoscant;
942 1236 988 1264 sed
1010 1238 1090 1263 etiam

299 1276 424 1304 ediscant
441 1279 491 1305 tibi
507 1280 609 1314 duplici
633 1280 688 1316 jam
715 1281 816 1309 tradito
840 1290 915 1310 more
942 1284 1089 1312 conﬁteri:

299 1323 371 1357 (llud
389 1327 418 1350 ut
439 1327 546 1352 eveniat
562 1327 618 1360 jam
634 1327 794 1354 vaticinium
821 1333 944 1362 matura;
966 1334 995 1356 ut
1013 1334 1091 1357 aster-

299 1374 397 1394 narum
429 1371 642 1404 promissionum
667 1372 766 1400 oculati
795 1376 879 1401 testes
904 1374 999 1402 simus.
1030 1374 1091 1402 Haec

298 1420 382 1447 porro
394 1414 434 1440 sic
450 1415 608 1450 accipienda
625 1420 700 1448 sunt,
713 1421 743 1443 ut
762 1419 869 1452 possint
889 1425 921 1446 ex
945 1421 1090 1455 propheta-

298 1467 360 1485 rum
379 1467 494 1494 persona
507 1461 560 1487 dici
575 1470 582 1494 ;
601 1462 635 1487 ita
651 1465 679 1488 ut
692 1470 752 1496 qum
767 1466 831 1491 anle
847 1463 998 1499 diapsalmu
1014 1469 1088 1497 sunt,

298 1505 483 1538 apostolorum
498 1514 621 1541 personat
635 1508 818 1541 conveniant;
835 1516 895 1543 quae
914 1517 977 1536 vero
993 1518 1090 1537 secun-

297 1550 362 1576 dum
380 1551 530 1586 diapsalma
547 1557 697 1587 ponuntur,
718 1554 911 1588 prophetarum
929 1555 1025 1586 choro,
1042 1557 1088 1590 qui

297 1604 329 1624 ea
343 1605 401 1632 quae
413 1605 463 1624 nos
484 1598 617 1631 videmus,
641 1599 692 1634 ipsi
707 1607 815 1635 quoque
831 1601 990 1635 conspicere
1014 1601 1089 1637 flagi—

297 1643 403 1672 tabant.
417 1647 443 1670 et
459 1648 549 1670 tamen
564 1652 618 1671 non
633 1645 760 1672 viderunt
772 1647 922 1674 secundum
941 1647 1089 1675 Salvatoris

297 1693 392 1713 vocent
409 1687 442 1713 υ.
471 1687 572 1714 Deinde
606 1688 724 1715 dicitur:
749 1699 758 1715 ι
780 1689 863 1717 Terra
879 1691 953 1719 dedit
972 1692 1088 1720 fructum

296 1739 394 1764 suum;
410 1742 419 1757 ι
434 1733 501 1764 sive,
517 1734 667 1761 secundum
681 1735 874 1770 Symmachum
888 1746 895 1764 :
915 1746 924 1762 ι
941 1737 1025 1765 Terra
1041 1739 1089 1766 da-

297 1776 336 1803 bit
353 1783 512 1811 proventum
537 1785 627 1806 suum.
658 1790 666 1805 I
686 1779 755 1808 Vere
784 1789 901 1816 namque
922 1783 1027 1812 fructus
1046 1793 1089 1813 se-

296 1822 417 1849 cundum
445 1827 525 1850 terra:
549 1828 673 1851 naturam
698 1829 760 1857 est.
792 1835 873 1856 “0556
899 1830 1087 1857 llanBl’SOl’lllll

296 1867 392 1900 Deum,
405 1876 507 1904 eosque
522 1872 599 1905 queis
620 1872 645 1898 in
664 1872 708 1899 illa
723 1872 846 1901 habitare
859 1882 1020 1904 concessum
1035 1881 1087 1908 est.

295 1914 401 1943 debitas
432 1916 485 1951 ipsi
509 1918 698 1946 confessiones
728 1925 754 1946 et
787 1921 936 1955 gratiarum
968 1922 1088 1949 actiones

294 1962 430 1990 emittere.
448 1962 515 1990 Nam
532 1972 563 1991 ea
579 1965 612 1992 de
626 1973 711 1992 causa
721 1970 801 1994 terra;
819 1967 982 1995 elementum
993 1969 1088 1995 condi-

294 2017 351 2039 tum
364 2017 416 2045 est,
431 2018 460 2040 ut
472 2015 518 2049 qui
534 2015 560 2041 in
580 2015 624 2042 illa
641 2021 817 2044 versarentur
829 2040 836 2050 ,
856 2019 964 2053 pietatis
983 2019 1088 2046 fructus

294 2059 463 2094 proferrent;
487 2060 533 2087 sed
549 2061 584 2086 oh
600 2062 679 2095 primi
703 2062 822 2090 hominis
836 2065 1086 2097 praevaricationem

294 2104 397 2132 dictum
417 2109 479 2132 est:
502 2115 510 2131 l
531 2105 670 2134 Maledicta
690 2112 762 2135 terra
782 2109 810 2135 in
830 2110 960 2144 operibus
977 2111 1040 2137 litis.
1058 2111 1085 2137 in

295 2150 389 2177 dolore
401 2150 527 2178 comedcs
551 2151 635 2185 ipsam
664 2154 790 2181 omnibus
807 2154 904 2181 diebus
934 2156 994 2182 vitae
1023 2161 1084 2182 tum.

294 2194 394 2230 Spinas
410 2200 437 2223 et
452 2196 569 2224 tribulos
584 2199 747 2232 germinabit
759 2200 806 2226 tibi
825 2201 859 2226 ".
879 2210 887 2225 ι
908 2202 942 2227 At
958 2209 1010 2227 non
1028 2206 1086 2228 emt

1110 909 1130 935 Β

1149 281 1191 309 ριε
1202 273 1249 300 τοῦ
1265 273 1379 309 οὐρανοῦ
1393 273 1440 299 καὶ
1455 273 1504 308 τῆς
1519 273 1579 308 γῆς.
1597 281 1606 298 ι
1626 271 1703 299 Μετὰ
1717 271 1746 299 δὲ
1758 272 1808 308 τὴν
1822 271 1930 308 πρώτην

1148 320 1194 345 καὶ
1218 319 1345 354 δευτέραν
1371 319 1562 354 ἐξομολόγησιν
1584 318 1745 354 ὲπεύχονται
1765 319 1823 350 τοῖς
1847 317 1930 346 ἔθνεσι

1147 367 1202 397 τοῖς
1225 365 1502 400 ὲξομολογησαμένοις
1524 364 1559 391 τὰ
1582 364 1671 400 τρίτα.
1689 364 1756 391 Τίνα
1776 364 1806 391 δὲ
1829 363 1930 398 tam;

1150 423 1158 437 ι
1182 411 1417 447 Εὑφρανθήτωσαν
1434 412 1479 438 καὶ
1503 411 1728 445 ἀγαλλιὰσθωσαν
1750 410 1823 446 ἔθνη.
1847 420 1858 437 ι
1878 411 1929 437 Kal

1145 457 1189 484 διὰ
1212 457 1292 483 ποίαν
1312 457 1410 488 αἰτίαν,
1425 457 1488 492 ἑξῆς
1504 457 1623 483 διδάσκει
1642 456 1740 491 λέγων·
1759 465 1768 482 t
1786 457 1850 483 Ὅτι
1872 465 1930 492 κρι-

1146 504 1200 535 νεῖς
1216 503 1297 534 λαοὺς
1319 504 1347 529 ὲν
1372 503 1507 538 εὐθύτητι,
1529 512 1537 528 ι
1561 503 1608 530 καὶ
1631 503 1672 529 ὅτι
1691 502 1782 534 λαοὺς,
1803 502 1836 529 οὐ
1858 503 1931 535 τινὲς

1148 547 1206 582 μὲν,
1224 547 1298 579 τινὰς
1312 547 1340 574 δὲ
1359 547 1389 573 οὐ
1400 556 1406 562 ·
1429 547 1495 574 ἀλλὰ
1519 548 1623 580 πάντας
1637 548 1707 575 κατὰ
1722 547 1755 574 τὰ
1778 547 1931 583 ἔμπροσθεν

1145 593 1324 628 δεδηλωμένα.
1345 594 1405 619 Ἐτι
1429 593 1457 620 δὲ
1471 593 1579 627 γνόντα,
1601 593 1641 620 ὅτι
1660 593 1857 629 όδηγηθήσεται
1880 593 1930 620 ὺπὺ

1147 638 1193 665 σοῦ
1214 639 1282 674 πρὸς
1304 639 1333 666 τὸ
1356 639 1462 674 βαδίσαι
1476 640 1524 675 τὴν
1545 639 1602 666 ὁδὸν
1620 640 1670 675 τὴν
1683 639 1728 675 ὑφ’
1744 639 1824 675 ἡμῶν
1840 640 1928 672 αὐτοῖς

1146 685 1361 722 γνωριζομένην,
1376 686 1486 717 εἰκότως
1500 686 1668 722 εὐφροσύνης
1683 687 1729 713 καὶ
1745 686 1929 720 ἀγαλλιάσεως

1146 729 1338 765 πλησθήσεται.
1362 731 1432 757 Ἀντὶ
1454 731 1481 757 δὲ
1507 731 1564 762 τοῦ,
1581 741 1589 756 ι
1609 732 1655 758 καὶ
1670 731 1906 766 ἀγαλλιάσθωσαν.
1918 743 1926 759 ι

1148 785 1156 800 ‹
1171 776 1214 802 καὶ
1231 777 1380 803 αἰνέσουσιν
1401 787 1409 802 ι
1428 778 1441 802 ό
1465 777 1578 808 Ἀκύλας
1589 785 1595 792 ·
1613 778 1626 803 ὁ
1641 777 1669 803 δὲ
1685 777 1844 813 Σύμμαχος,
1859 788 1870 804 ι
1886 778 1931 806 καὶ

1146 821 1363 857 εὐφημείτωσαν,
1377 832 1386 847 ι
1405 823 1588 858 ήρμήνευσαν.
1603 832 1612 848 ι
1625 822 1930 858 Ἐξομολογησάσθωσάν

1146 877 1187 894 σοι
1204 868 1272 899 λαοὶ,
1290 869 1304 894 ὁ
1320 869 1395 900 Θεὸς,
1415 868 1709 904 ὲξομολογησάσθωσάν
1729 879 1771 896 σοι
1790 869 1851 897 λαοὶ
1865 871 1931 899 πάν-

1144 923 1198 946 τες·
1221 914 1256 948 γῆ
1279 914 1362 940 ἔδωκε
1377 915 1423 941 τὸν
1438 915 1542 950 καρπὸν
1563 915 1658 951 αὐτῆς.
1675 925 1684 941 ι
1705 917 1765 943 Ἐπὶ
1787 918 1849 949 ταῖς
1865 926 1930 953 χρηο

1145 961 1219 992 σταῖς
1246 960 1292 986 καὶ
1317 960 1432 994 ἀγαθαῖς
1455 961 1633 995 ἐπαγγελίαις
1659 962 1874 998 εὐφραινόμενον
1902 963 1930 991 τδ

1144 1006 1255 1041 Πνεῦμα
1275 1006 1305 1032 τὸ
1328 1006 1414 1040 ἅγιον,
1438 1009 1496 1038 ταῖς
1518 1008 1613 1039 αὑταῖς
1629 1008 1790 1044 ἐνδιατρίϐει
1817 1010 1930 1044 φωναῖς,

1142 1052 1236 1088 ὣσπερ
1253 1053 1392 1089 ἐντρυφῶν
1406 1054 1439 1089 τῇ
1457 1055 1532 1089 κοινῇ
1551 1054 1658 1081 πάντων
1674 1054 1827 1091 ἀνθρώπων
1843 1063 1931 1091 σωτη-

1144 1099 1199 1135 ρίᾳ.
1216 1099 1261 1125 Διὸ
1279 1099 1499 1134 ὲπαναλαμϐἁνει
1515 1100 1640 1136 δεύτερον
1657 1101 1703 1127 καὶ
1719 1101 1821 1137 τρίτον,
1839 1101 1889 1128 καὶ
1901 1102 1930 1129 οὐ

1143 1145 1266 1180 βούλεται
1290 1145 1440 1181 ἀναχωρεῖν
1456 1146 1503 1173 τοῦ
1528 1147 1663 1183 σωτηρίου
1687 1147 1735 1174 καὶ
1752 1146 1930 1182 εὐαγγελιιιοῦ

1142 1190 1270 1226 ᾄσματος.
1294 1191 1377 1218 Πάλιν
1400 1189 1445 1218 οὖν
1471 1200 1561 1228 φησιν·
1590 1201 1599 1217 α
1624 1192 1931 1228 Ἑξομολογησάσθωσάν

1143 1245 1183 1263 σοι
1202 1237 1270 1270 λαοὶ,
1291 1239 1304 1264 ό
1327 1239 1402 1270 Θεός.
1423 1248 1432 1264 ι
1455 1240 1488 1264 Ὃ
1509 1239 1540 1274 δὴ
1563 1239 1690 1274 μέγιστον
1710 1236 1743 1274 ἦν
1760 1238 1869 1274 θαῦμα,
1890 1239 1929 1266 ὅτι

1148 1282 1266 1310 Ἰουδαῖοι
1281 1284 1340 1319 μὲν,
1361 1285 1392 1310 ἐκ
1406 1284 1531 1320 πατέρων
1547 1285 1592 1311 τὸν
1606 1284 1660 1311 τῶν
1674 1285 1741 1311 ὅλων
1755 1285 1823 1311 Θεὸν
1839 1285 1926 1312 σέϐειν

1140 1328 1332 1364 δεδιδαγμένοι,
1349 1331 1468 1365 συνεχῶς
1484 1330 1722 1367 ὲξετραχηλίζοντο
1736 1331 1783 1358 ἐπὶ
1798 1331 1850 1368 τὴν
1864 1332 1929 1358 πλά-

1140 1384 1188 1410 νην
1204 1376 1253 1411 τῆς
1265 1376 1484 1412 εἰδωλολατρείας
1495 1386 1502 1393 ο
1519 1377 1577 1404 λαοὶ
1589 1378 1617 1405 δὲ
1634 1378 1732 1410 πάντες
1745 1378 1769 1405 oi.
1790 1378 1853 1405 καθ’
1866 1378 1928 1414 ὅλης

1140 1423 1189 1459 τῆς
1207 1423 1366 1458 οἰκουμένης
1380 1424 1411 1449 ὲκ
1427 1423 1474 1450 τοῦ
1493 1424 1600 1460 μακροῦ
1614 1424 1711 1456 αἰῶνος
1726 1424 1926 1461 πεπλανημένοι

1140 1470 1180 1500 είς
1201 1468 1336 1504 τοσαύτην
1355 1469 1449 1503 ἥξουσι
1473 1470 1633 1506 μεταϐολὴν,
1653 1470 1691 1502 ὡς
1709 1470 1746 1506 μὴ
1765 1471 1847 1506 μόνον
1867 1472 1926 1498 Em.

1141 1515 1240 1549 γνῶναί
1254 1524 1282 1541 σε
1296 1515 1341 1542 τὸν
1357 1516 1403 1542 ἐπὶ
1420 1516 1527 1542 πάντων
1539 1517 1615 1548 Θεὸν,
1630 1516 1698 1544 ἀλλὰ
1712 1518 1759 1544 καὶ
1771 1518 1926 1554 ἐπιστήμην

1141 1560 1282 1586 ἀναλαϐεῖν
1301 1560 1347 1586 τοῦ
1372 1560 1589 1596 ἐξομολογεῖσθαι
1612 1571 1652 1589 σοι
1676 1562 1746 1590 κατὰ
1766 1563 1813 1590 τὸν
1831 1563 1926 1591 ἀτωδο-

1141 1605 1220 1632 Θέντα
1241 1598 1329 1633 διττὸν
1347 1607 1462 1640 τρόπον·
1487 1608 1555 1643 ὅπερ
1582 1608 1624 1635 ἵνα
1649 1608 1759 1643 γένηται
1778 1609 1830 1644 ἠδη
1850 1609 1923 1641 ποτὶ,

1140 1651 1252 1686 τάχυνον
1264 1652 1298 1678 τὰ
1312 1652 1363 1688 τῆς
1378 1654 1555 1689 προφητείας.
1570 1654 1613 1681 ἴνα
1637 1655 1768 1682 αὐτόπται
1789 1655 1845 1681 τῶν
1862 1656 1927 1683 αἰω-

1140 1698 1203 1723 νίων
1219 1699 1388 1732 ἐπαγγελιῶν
1404 1700 1560 1735 γενοίμεθα.
1585 1701 1741 1728 Ἀκουστέον
1756 1701 1784 1728 δὲ
1797 1701 1853 1728 τῶν
1864 1710 1926 1737 προ-

1139 1743 1272 1778 κειμένων
1288 1744 1326 1775 ὠς
1345 1745 1501 1780 δυναμένων
1514 1747 1560 1773 καὶ
1578 1747 1609 1773 ὲκ
1628 1746 1772 1782 προσώπου
1794 1746 1849 1773 τῶν
1861 1755 1926 1783 προ-

1140 1789 1231 1824 φητῶν
1244 1790 1383 1824 λέγεσθαι·
1401 1791 1464 1818 ὥστ’
1486 1790 1555 1819 εἶναι
1569 1793 1602 1819 τὰ
1618 1792 1667 1828 μὲν
1678 1793 1729 1828 πρὸ
1747 1792 1794 1819 τοῦ
1814 1793 1926 1828 διαψάλ-

1141 1844 1233 1870 ματος,
1252 1837 1405 1872 ἁρμόζοντα
1426 1838 1465 1873 τῷ
1480 1838 1617 1875 προσώπῳ
1633 1839 1687 1866 τῶν
1709 1839 1875 1872 ἀποστόλων,
1893 1839 1925 1865 τὰ

1138 1883 1166 1909 δὲ
1183 1883 1250 1918 μετὰ
1263 1884 1293 1910 τὸ
1306 1884 1454 1920 διάψαλμα,
1468 1885 1507 1919 τῷ
1522 1885 1594 1921 χορῴ
1611 1886 1664 1913 τῶν
1679 1887 1837 1922 προφητῶν,
1856 1887 1925 1913 021.-

1138 1939 1182 1961 νες
1194 1931 1347 1966 ἐπεθύμουν
1365 1932 1428 1958 ἰδεῖν
1440 1932 1457 1958 ἃ
1472 1933 1551 1968 ἡμεῖς
1570 1933 1715 1968 βλέπομεν,
1729 1933 1776 1960 καὶ
1791 1934 1842 1960 οὐκ
1856 1934 1925 1962 εἶδον

1138 1976 1208 2003 κατὰ
1225 1976 1273 2012 τὴν
1295 1979 1426 2013 σωτήριον
1452 1979 1552 2014 φωνήν.
1574 1978 1652 2014 Ἑξῆς
1670 1979 1775 2011 τούτοις
1797 1980 1923 2016 εἴρηται·

1140 2033 1148 2047 ι
1166 2023 1202 2058 Γῆ
1217 2023 1299 2050 ἔδωκε
1312 2024 1357 2050 τὸν
1372 2024 1475 2059 καρπὸν
1489 2025 1572 2060 αὐτῆς
1582 2034 1589 2040 ο
1607 2035 1615 2051 ι
1635 2025 1651 2060 ἢ
1668 2025 1739 2052 κατὰ
1752 2026 1800 2052 τὸν
1813 2026 1926 2063 Σύμμα-

1137 2078 1200 2098 γον·
1222 2080 1231 2095 ι
1256 2069 1294 2104 Γῆ
1312 2069 1390 2096 δώσει
1408 2070 1457 2105 τὴν
1477 2070 1562 2106 φορὰν
1588 2071 1681 2105 αὐτῆς.
1699 2081 1709 2096 ι
1734 2071 1850 2107 Καρπὺς
1870 2072 1926 2108 γὰρ

1137 2114 1174 2145 ὡς
1190 2114 1296 2149 ἀληθῶς
1311 2116 1324 2141 ό
1341 2116 1411 2142 κατὰ
1434 2116 1513 2150 φύσιν
1526 2116 1576 2151 τῆς
1596 2116 1648 2151 γῆς
1665 2118 1722 2144 ἐστι
1736 2117 1767 2144 τὸ
1779 2118 1924 2153 γνωρίζειν

1136 2159 1181 2185 τὸν
1196 2160 1242 2185 ἐπὶ
1255 2160 1363 2186 πάντων
1374 2160 1450 2193 Θεὸν,
1466 2161 1572 2193 καὶτὰς
1588 2162 1765 2198 ὀφειλομένας
1777 2163 1854 2199 αὐτῷ
1867 2164 1925 2197 ἑξο-

1139 2205 1297 2241 μολογήσεις
1320 2207 1365 2233 καὶ
1382 2207 1554 2243 εὐχαριστίας
1578 2208 1748 2244 ἀναπέμπειν
1760 2210 1824 2241 τοὺς
1841 2210 1923 2237 οἰκεῖν

293 2240 338 2268 hic
355 2241 460 2268 fructus
471 2245 549 2269 terra:
561 2243 712 2270 secundum
727 2250 851 2272 naturam
863 2255 870 2277 ;
886 2246 933 2273 sed
943 2247 1083 2281 prazdictio

1140 2251 1221 2287 αὐτὴν
1236 2253 1444 2288 ὲπιτραπέντας.
1464 2254 1523 2280 Ἐπὶ
1537 2254 1615 2281 τοῦτο
1630 2255 1679 2290 μὲν
1691 2255 1745 2291 γὰρ
1756 2257 1923 2284 κατεσκεύα-

293 2287 404 2314 malitiae
439 2295 499 2322 qua:
524 2293 622 2323 praeter
652 2294 776 2317 naturam
806 2292 834 2318 in
862 2300 893 2319 ea
915 2293 1083 2327 pullulatura

291 2336 361 2360 erat.
390 2332 456 2360 Natu
478 2340 576 2369 praeter
593 2341 717 2362 naturam
738 2336 823 2372 spime
845 2342 872 2365 et
888 2339 979 2366 tribuli
997 2340 1084 2367 oborti

292 2383 357 2406 sunt
370 2384 483 2414 propter
499 2381 750 2415 praevaricationem
768 2391 823 2410 non
837 2384 926 2411 solum
938 2385 1017 2419 primi
1036 2386 1084 2412 lio-

292 2424 382 2451 minis.
396 2426 442 2452 sed
457 2426 538 2453 etiam
549 2435 643 2454 eorum
661 2428 707 2463 qui
726 2434 787 2463 post
802 2430 876 2456 illum
904 2431 930 2457 in
956 2431 1082 2465 impieta-

292 2477 346 2501 tem
362 2476 479 2511 prolapsi
497 2482 572 2505 sunt.
587 2478 654 2511 Quia
684 2480 710 2506 in
738 2481 872 2516 principio
889 2482 998 2516 quando
1016 2482 1084 2510 dixit

294 2519 365 2547 Deus
378 2530 384 2546 :
405 2530 414 2546 ι
433 2522 572 2550 Germinet
586 2528 658 2551 terra
674 2525 785 2552 herbam
799 2526 851 2553 feni
864 2547 870 2557 .
900 2528 1081 2555 seminantem

292 2568 562 2596 semcuysecundum
578 2577 664 2604 genus
677 2575 702 2596 et
717 2571 934 2603 similitudinem,
944 2576 969 2600 ct
980 2573 1080 2608 lignum

293 2610 462 2638 fructiferum
493 2613 582 2641 ferens
609 2615 736 2647 fructum,
754 2617 833 2651 cujus
850 2626 943 2645 semen
970 2619 995 2645 in
1024 2619 1082 2654 ipso

291 2658 327 2684 sit
343 2657 493 2685 secundum
516 2668 601 2694 genus
625 2669 707 2696 super
723 2668 822 2691 terram
840 2664 876 2697 ⁹³;
909 2673 918 2690 ι
947 2673 1080 2699 nusquam

291 2704 394 2730 mentio
411 2704 550 2738 spinarum
575 2714 607 2734 ac
627 2708 789 2736 tribulorum
804 2714 861 2740 est:
892 2718 980 2745 neque
1008 2714 1080 2738 terra

292 2752 385 2780 isthare
403 2754 591 2789 produxisset.
610 2757 662 2784 nisi
688 2758 844 2786 hominibus
867 2759 1080 2794 inobsequentize

291 2800 438 2834 subsecuta
451 2808 517 2835 ultio
532 2814 614 2837 esset.
629 2809 657 2837 In
674 2811 784 2838 malitiae
795 2820 870 2847 ergo,
883 2820 943 2847 quae
957 2812 1078 2839 homini-

327 2894 424 2922 “Luc.
445 2904 470 2928 ι,
491 2897 535 2924 24.
574 2898 675 2927 "Gen.
694 2908 734 2933 ιιι,
753 2900 795 2928 17.
854 2900 877 2916 ⁹³
889 2899 957 2928 Gen.
983 2909 1003 2934 ι,
1031 2902 1076 2931 Η.

1138 2306 1198 2324 σται
1219 2298 1249 2324 τὸ
1265 2300 1314 2334 τῆς
1329 2300 1380 2334 γῆς
1398 2302 1535 2336 στοιχεῖον,
1558 2301 1604 2328 ἐπὶ
1619 2301 1649 2328 τὸ
1664 2303 1726 2334 τοὺς
1745 2303 1774 2329 ὲν
1789 2303 1859 2340 αὑτῇ
1873 2304 1923 2336 τὰς

1136 2342 1277 2377 διατριϐὰς
1301 2346 1476 2380 ποιουμένους
1500 2347 1638 2379 εὐσεϐείας
1662 2349 1826 2385 προσφέρειν
1854 2359 1922 2386 καρ-

1137 2389 1220 2420 πούς·
1235 2389 1279 2415 διὰ
1291 2390 1318 2416 δὲ
1337 2391 1385 2427 τὴν
1400 2391 1446 2418 τοῦ
1463 2393 1570 2428 πρώτου
1587 2394 1681 2428 ἀνδρὸς
1693 2395 1849 2431 παράϐασιν
1863 2396 1921 2423 ὲλέ-

1136 2434 1187 2470 χοη
1201 2443 1206 2448 ·
1226 2444 1235 2461 ι
1256 2436 1470 2473 Ἐπικατάρατος
1485 2439 1501 2474 ὴ
1517 2439 1553 2474 γῆ
1570 2440 1598 2465 ἐν
1614 2441 1668 2472 τοῖς
1687 2440 1777 2476 ἔργοις
1797 2449 1856 2470 σου.
1878 2442 1921 2470 Ἐν

1135 2480 1232 2513 λύπαις
1258 2482 1331 2519 φάγῃ
1357 2484 1441 2519 αὐτὴν
1466 2485 1556 2517 πάσας
1573 2486 1622 2517 τὰς
1647 2486 1752 2521 ἡμέρας
1771 2487 1823 2522 τῆς
1848 2487 1921 2525 ζωῆς

1136 2534 1182 2552 σου
1192 2535 1198 2541 ·
1215 2527 1334 2560 ἀκάνθας
1347 2530 1393 2555 καὶ
1405 2530 1546 2565 τριϐόλους
1558 2532 1679 2558 ἁνατελεί
1693 2540 1743 2560 σοι.
1760 2542 1770 2558 ι
1787 2533 1858 2560 Ἀλλ’
1871 2535 1919 2561 οὐκ

1133 2569 1166 2606 ἦν
1180 2571 1256 2604 οὗτος
1270 2575 1283 2600 ό
1306 2575 1375 2601 κατὰ
1398 2576 1478 2609 φύσιν
1494 2578 1598 2614 καρπὸς
1618 2578 1668 2613 τῆς
1683 2579 1750 2614 γῆς·
1767 2579 1918 2616 πρόρρησις

1133 2618 1161 2644 δὲ
1176 2619 1225 2654 τῆς
1243 2620 1391 2656 μελλούσης
1406 2622 1483 2656 φύειν
1497 2624 1525 2649 ὲν
1540 2624 1607 2660 αὐτῇ
1625 2625 1700 2660 παρὰ
1716 2625 1796 2659 φύσιν
1809 2626 1915 2658 κακίας.

1133 2665 1211 2700 Παρὰ
1227 2666 1306 2700 φύσιν
1319 2667 1372 2703 γὰρ
1388 2669 1415 2695 αἱ
1429 2669 1545 2696 ἄκανθαι
1561 2672 1607 2697 καὶ
1623 2671 1739 2706 τρίϐολοι
1749 2671 1793 2699 διὰ
1804 2672 1854 2708 τὴν
1864 2681 1914 2700 πα-

1133 2711 1246 2747 ράϐασιν
1263 2714 1413 2741 ὑποστᾶσαι
1427 2716 1457 2741 οὐ
1476 2717 1555 2751 μόνον
1576 2718 1622 2744 τοῦ
1638 2718 1746 2754 πρώτου
1762 2719 1913 2756 ἀνθρώπου,

1132 2758 1198 2785 ἀλλὰ
1214 2761 1260 2786 καὶ
1272 2761 1327 2801 τῷν
1344 2763 1402 2796 μετ’
1416 2762 1495 2789 αὐτὸν
1510 2764 1684 2799 ἠσεϐηκότων
1693 2773 1700 2780 ·
1718 2765 1779 2792 ἐπεὶ
1792 2766 1852 2792 κατ’
1866 2766 1914 2801 ἀρ-

1131 2804 1190 2839 χὰς,
1208 2805 1250 2831 ὅτε
1275 2799 1350 2833 εἶπεν
1366 2809 1379 2834 ὁ
1402 2808 1480 2840 Θεός·
1497 2819 1506 2834 ι
1525 2809 1731 2847 Βλαστησάτωὴ
1745 2811 1781 2847 γῆ
1802 2799 1913 2847 poch
