2041 3215
134 173 189 201 67⁸1

698 169 949 200 COMMENTARIA
971 171 1002 198 IN
1024 170 1192 200 PSALMOS.

1222 115 1317 164 ιίοἿ
1732 147 1733 151 η

1710 173 1764 201 678

134 231 245 267 χόρτου·
261 229 372 266 σπεῖρον
389 228 500 265 σπέρμα
513 227 585 255 κατὰ
600 227 678 263 γένος
695 228 742 256 καὶ
757 228 818 256 καθ’
835 229 925 264 ὁμοιό-

977 228 1027 256 bus
1048 232 1142 264 postea
1167 228 1276 257 inhaesit
1291 247 1299 261 ,
1325 229 1491 265 imaginem,
1510 229 1596 265 spina
1619 233 1646 258 et
1670 230 1764 258 tribuli

132 285 213 313 τητα,
233 275 281 303 καὶ
305 275 383 308 ξύλον
414 275 554 311 κάρπιμον
578 274 672 302 ποιοῦν
697 274 813 311 καρπὸν,
837 271 867 302 οὗ
890 274 921 301 τὸ

134 323 247 358 σπέρμα
263 321 345 348 αύτοῦ
364 322 394 348 ὲν
415 320 491 356 αὑτῷ
506 320 577 347 κατὰ
597 320 675 354 γένος
690 320 737 347 ἐπὶ
751 320 803 354 τῆς
819 320 889 355 γῆς·
910 329 919 346 ι

132 367 238 402 οὐδαμῆ
256 367 348 402 μνήμη
365 366 475 400 γέγονεν
491 365 616 392 ἀκανθῶν
629 365 689 391 οὐδὲ
704 365 836 400 τριδόλων
849 373 855 379 ³
867 365 921 391 οὐδ’

135 412 168 439 ἂν
185 412 267 446 ἔφυσε
282 411 367 438 ταῦτα
381 411 398 446 ἠ
409 410 456 445 γῆ,
471 411 495 437 εἰ
510 410 546 445 μὴ
560 410 593 437 τὰ
604 410 653 445 τῆς
671 410 813 446 παρακοῆς
826 411 923 445 ἐπηκο-

134 457 265 493 λούθησεν
279 456 424 492 ἀνθρώπῳ.
440 456 495 491 Τῆς
517 456 582 490 γοῦν
599 455 710 490 ὕστερον
732 455 922 491 ἐπισυμϐάσης

135 503 288 539 ἀνθρώποις
302 502 399 533 κακίας
421 502 523 533 εἰκόνες
537 500 658 536 ἐφύησαν
672 501 787 528 ἄκανθαι
802 501 848 527 καὶ
863 500 922 535 τρί-

135 548 219 574 δολοι.
235 546 316 574 Ὅθεν
332 546 376 573 ἶνα
396 546 481 573 ταῦτα
505 546 648 581 ἀπόληται,
672 546 727 582 πῦρ
742 544 807 581 ἦλθε
834 545 922 580 βαλεῖν

135 592 183 618 ἐπὶ
203 590 252 626 τὴν
266 590 318 624 γῆν
338 590 352 616 6
371 590 475 625 Σωτήρ.
500 590 555 616 Καὶ
570 590 602 625 δὴ
622 590 668 616 τοῦ
691 591 826 626 σωτηρίου
843 590 922 624 λόγου

134 638 213 673 δίκην
227 637 311 672 πυρὸς
331 637 380 668 τὰς
392 636 512 669 ἀκάνθας
529 637 575 663 καὶ
593 638 655 669 τοὺς
670 637 809 673 τριϐόλους
827 637 924 671 ἀφανί-

134 684 236 716 ζοντος,
250 682 377 710 νεωθείσα
392 683 440 718 τῆς
453 683 579 718 κακίαςὴ
594 682 678 718 ψυχὴ,
692 682 737 708 τὸν
752 683 923 718 προσήκοντα

133 730 203 765 αὐτῇ
218 729 266 756 καὶ
277 729 443 764 κατάλληλον
459 728 564 763 καρπὸν
583 728 736 755 ἀποδίδωσι.
756 728 853 764 Διόπερ
864 728 923 755 λαοὶ

135 777 186 812 μὲν
211 776 311 807 πάντες
337 775 578 811 ὲξομολογοῦνται·
601 775 664 811 ἔθνη
688 775 716 801 δὲ
740 775 787 801 ἐπὶ
801 775 850 810 τῆς
873 775 922 809 γῆς

133 822 303 858 όδηγοῦνται.
321 823 432 853 Τούτοις
447 830 476 848 τε
497 821 661 853 ἀκολούθως,
677 821 854 856 ὲπενήνεκται
874 821 904 846 τό
915 829 922 835 ο

137 878 146 894 ι
162 869 201 904 Γῆ
217 868 300 896 ἔδωκε
321 869 367 895 τὸν
386 868 492 904 καρπὸν
513 868 608 903 αὐτῆς.
639 867 792 902 Εὑλογήσαι
815 867 889 902 ἡμᾶς
909 868 924 893 6

133 914 210 947 Θεδς,
235 915 250 941 6
265 914 330 946 Θεὸς
350 914 440 950 ἡμῶν,
462 914 610 949 εὐλογήσαι
629 914 703 949 ἡμᾶς
726 914 740 940 ό
764 913 840 945 Θεός.
866 913 922 940 Καὶ
940 907 959 934 Β

134 960 331 996 φοόηθήτωσαν
356 961 437 986 αὑτὸν
462 960 550 987 πάντα
572 960 607 986 τὰ
630 960 737 996 πέρατα
758 960 808 995 τῆς
824 959 884 994 γῆς.
910 968 919 985 ι

135 1007 197 1033 Εἴτε
209 1007 235 1032 οἱ
250 1006 393 1033 ἀπόστολοι
408 1006 454 1032 τοῦ
467 1006 592 1042 Σωτῆρος
607 1005 696 1041 ἡμῶν,
707 1007 761 1033 εἴτε
775 1006 798 1032 οἱ
815 1005 924 1032 παλαιοὶ

133 1052 181 1079 τοῦ
196 1052 263 1079 Θεοῦ
293 1052 430 1088 προφῆται
445 1051 578 1088 (ἑκατέρῳ
597 1052 652 1087 γὰρ
667 1051 786 1087 τάγματι
803 1051 925 1087 ἐφαρμό-

133 1099 174 1130 ζει
187 1098 222 1125 τὰ
238 1097 400 1133 λεγόμενα),
417 1097 541 1139 εὔχονται
563 1098 612 1133 τῆς
628 1098 706 1133 παρὰ
729 1097 775 1124 τοῦ
791 1097 858 1124 Θεοῦ
876 1097 923 1123 εὐ-

133 1143 226 1178 λογίας
245 1145 347 1178 τυχεῖν,
367 1141 400 1179 ἦς
416 1144 462 1170 καὶ
479 1143 608 1178 άνωτέρω
629 1143 679 1178 τὴν
696 1143 814 1170 διάνοιαν
838 1151 923 1179 παρε-

133 1190 284 1225 στήσαμεν,
311 1189 465 1221 δεικνύντες
492 1190 565 1221 ὅπως
587 1190 627 1221 τὸ,
660 1199 668 1214 ι
698 1189 850 1221 Αὺξάνεσθε
877 1190 924 1216 καὶ

133 1236 302 1272 πληθύνεσθε
319 1237 367 1263 καὶ
389 1235 552 1272 πληρώσατε
574 1236 624 1270 τὴν
649 1235 712 1270 γῆν,
735 1236 782 1262 καὶ
802 1244 924 1262 κατακυ-

139 1283 263 1319 ριεύτατε
283 1283 379 1318 αὐτῆς,
398 1292 407 1308 ›
427 1283 473 1309 ἐπὶ
488 1282 589 1309 τούτων
606 1281 758 1317 ἐπληροῦτο
774 1290 924 1317 πνευματι-

139 1329 206 1361 κλῶς.
221 1330 339 1362 Πάρεστι
355 1329 419 1364 γοῦν
436 1329 508 1365 ἔργῳ
522 1329 699 1364 παραλαϐεῖν,
712 1328 749 1360 ὡς
763 1330 779 1363 ἡ
796 1328 926 1364 σύμπασα

138 1376 174 1411 γῆ
191 1376 240 1410 τῆς
257 1375 367 1402 ἐκείνων
387 1375 510 1409 διαδοχῆς
527 1373 682 1410 ἐπληρώθη.
700 1375 734 1400 Δῖ
746 1383 775 1400 τε
790 1374 851 1400 καθ’
863 1374 926 1409 ὅλης

134 1421 184 1456 τῆς
199 1421 360 1456 οἰκουμένης
374 1420 521 1455 ἱδρυθεῖσαι
533 1420 580 1446 τοῦ
594 1421 718 1455 Σωτῆρος
727 1422 742 1455 ὴ
747 1420 803 1456 μῶν
812 1420 923 1455 Ἐκκλη-

136 1467 203 1499 σίαι,
217 1468 266 1494 καὶ
280 1468 305 1494 οι
322 1467 382 1494 καθ’
399 1468 517 1502 ἑκάστην
536 1467 696 1503 μυρίανδροι
708 1467 768 1493 λαοὶ
783 1467 832 1501 τῆς
849 1467 925 1493 εὐλο-

134 1514 198 1548 γίας
222 1514 313 1540 αὐτῶν
336 1514 498 1549 ἐμφαίνουσι
514 1514 548 1540 τὰ
564 1513 783 1548 ἀποτελέσματα.
803 1512 925 1548 Πρεπόν-

134 1569 188 1592 τως
205 1561 234 1587 δὲ
251 1561 342 1592 αὐτοῖς
354 1561 394 1592 τὸ,
412 1569 421 1586 ι
445 1561 474 1586 '0
485 1560 551 1592 Θεὸς
569 1560 658 1595 ἡμῶν,
678 1570 687 1586 ›
707 1560 736 1585 ὲν
749 1559 798 1594 τῷ,
817 1568 825 1584 ι
844 1559 926 1585 Εύλο-
938 1578 958 1606 c

134 1609 218 1643 γήσαι
235 1608 309 1643 ἡμᾶς
325 1608 339 1633 6
359 1607 435 1639 Θεὸς,
451 1608 465 1634 6
481 1607 546 1639 Θεὸς
561 1607 654 1642 ἡμῶν·
675 1616 683 1632 δ
700 1606 736 1637 ὡς
758 1605 789 1632 ἃν
809 1606 923 1640 πάτριον

135 1653 299 1689 κεκτημένοι
310 1653 395 1680 τὺτοῦ
412 1652 479 1679 Θεοῦ
496 1652 585 1679 αὐτῶν
600 1652 752 1688 γνώρισμα.
774 1651 842 1677 Ἀλλ’
862 1650 924 1686 ἑξῆς

135 1699 364 1726 ἐπισυνάπτουσιν
383 1699 516 1735 ἀορίστως
533 1699 659 1732 λέγοντες
679 1698 719 1727 τὸ,
739 1707 747 1722 ι
771 1697 924 1732 Εὑλογήσαι

136 1745 210 1778 ἡμᾶς
225 1744 239 1770 6
253 1744 320 1775 Θεός
330 1752 336 1758 ·
357 1753 366 1769 ›
389 1743 425 1775 ὡς
445 1743 543 1779 μηκέτι
558 1743 646 1778 μόνων
664 1741 753 1768 αὐτῶν
763 1762 770 1772 ,
794 1740 863 1768 ἀλλὰ
877 1741 926 1767 καὶ

136 1789 248 1815 πάντων
267 1788 321 1815 τῶν
337 1788 370 1815 δι’
386 1789 475 1815 αὐτῶν
488 1787 684 1824 σωθησομένων
697 1787 762 1813 Θεὸν
776 1786 850 1813 ὅντα.
870 1786 926 1812 Καὶ

137 1832 208 1868 μετὰ
230 1833 319 1860 πάντα
339 1834 370 1860 τὸ
394 1834 579 1870 συμπέρασμα
599 1833 650 1868 τῆς
674 1833 737 1868 ὅλης
759 1831 926 1868 προφητείας

136 1879 382 1915 ἐπισφραγίζονται
397 1880 536 1914 λέγοντες·
563 1890 572 1905 ι
593 1881 647 1907 Καὶ
668 1879 863 1915 φοϐηθήτωσαν
880 1879 927 1904 αύ-

136 1925 183 1952 τὺν
198 1925 287 1952 πάντα
299 1926 333 1952 τά
349 1926 454 1960 πέρατα
470 1927 518 1959 τῆς
531 1926 594 1961 γῆς.
613 1936 621 1952 ι
643 1925 752 1960 Ἐπειδὴ
767 1925 820 1961 γὰρ
838 1934 846 1950 ι
856 1925 927 1960 ἀρχὴ

138 1974 236 2007 σοφίας
259 1972 340 2007 φόϐος
361 1973 474 2008 Κυρίου,
501 1983 510 1998 ι
532 1972 686 2007 ἀναγκαίως
704 1972 798 2007 ὥσπερ
813 1972 928 2005 εἰσαγω-

138 2018 189 2054 γὴν
204 2019 254 2054 τῆς
272 2019 426 2051 θεοσεϐείας
448 2019 493 2045 τὸν
518 2019 598 2053 φόϐον
617 2019 664 2045 τοῦ
685 2018 753 2045 Θεοῦ
770 2017 927 2052 ἐγγενέσθαι

138 2065 223 2091 πᾶσιν
236 2064 389 2100 ἀνθρώποις
412 2066 469 2097 τοῖς
490 2066 537 2092 καὶ
563 2065 643 2101 μέχρι
659 2064 712 2091 τῶν
736 2064 859 2099 ἐσχάτων
878 2063 928 2098 τῆς

140 2111 192 2147 γῆς
211 2111 330 2138 οἰκοῦσιν
351 2111 513 2147 ὲπεύχονται
525 2121 531 2126 ·
548 2111 562 2137 ὃ
582 2111 613 2146 δὴ
635 2111 682 2138 καὶ
696 2110 846 2146 ἐπληροῦτο
862 2109 930 2144 μετὰ

972 275 1078 302 suborti
1104 278 1181 304 sunt.
1210 275 1391 309 Quamobrem
1405 296 1413 309 ,
1440 279 1470 302 ιιι
1495 275 1553 304 haec
1586 276 1763 311 dispeream,

972 319 1061 353 ignem
1081 318 1109 346 in
1123 323 1226 347 terram
1250 318 1365 347 missum
1384 319 1512 347 Senator
1533 320 1617 347 venit.
1641 319 1675 347 Et
1698 327 1765 348 salte

973 365 1085 393 salutari
1107 365 1192 392 verbo
1207 365 1279 400 ignis
1296 366 1383 392 instar
1397 366 1490 399 spinas
1508 370 1535 393 et
1550 367 1667 394 tribulos
1682 367 1764 394 absu-

973 415 1062 437 mente
1073 430 1080 440 .
1106 415 1237 438 renovata
1253 412 1343 438 anima
1358 411 1489 437 malitiam
1515 419 1619 440 exuens
1631 432 1639 444 ,
1664 419 1765 440 conve-

973 460 1090 483 nientem
1104 457 1156 484 sibi
1168 461 1194 484 et
1208 462 1422 484 consentaneum
1435 456 1554 484 fructum
1563 457 1676 492 prol'ert.
1691 458 1763 491 Qua-

973 506 1084 537 propter
1104 503 1197 538 populi
1220 510 1316 530 omnes
1333 502 1517 536 conﬁtentur;
1535 508 1629 538 gentes
1645 512 1710 531 vero
1735 504 1763 532 in

974 555 1044 577 terra
1056 549 1222 585 diriguntur.
1239 549 1279 576 Ad
1293 549 1349 576 haec
1364 553 1454 576 autem
1468 555 1666 584 consequenter
1679 550 1764 578 infer-

973 595 1116 622 turilIud:
1139 604 1148 621 ι
1170 595 1255 622 Terra
1271 594 1345 622 dedit
1370 594 1487 621 fructum
1511 603 1601 622 suum.
1618 595 1763 623 Benedicat

973 649 1024 668 nos
1038 641 1121 673 Deus,
1141 641 1213 668 Deus
1227 646 1331 672 noster,
1347 640 1490 668 benedicat
1504 648 1555 668 nos
1572 640 1653 672 Deus,
1668 645 1695 667 et
1708 648 1764 668 me-

973 691 1051 715 tuant
1062 695 1124 715 eum
1139 695 1235 715 omnes
1250 688 1317 716 lines
1335 691 1425 715 terrae.
1447 697 1456 713 ι
1475 687 1539 715 Sive
1559 687 1673 722 apostoli
1698 687 1765 714 Ser-

974 734 1077 761 vatoris
1092 734 1194 765 nostri,
1211 734 1267 761 sive
1289 733 1372 769 prisci
1400 730 1438 760 illi
1457 732 1504 760 Dei
1529 733 1666 768 propheta:
1691 733 1766 767 (nam

974 781 1084 815 utrique
1111 781 1201 808 ordini
1227 781 1289 821 haec.
1310 780 1383 807 dicta
1409 780 1588 815 competunt).
1616 779 1661 807 Dei
1683 779 1766 807 bene-

974 825 1121 853 dictionem
1140 827 1272 861 consequi
1299 830 1461 862 precantur,
1487 826 1566 860 cujus
1583 831 1699 853 mentem
1718 833 1767 853 su-

974 879 1023 906 pra
1036 872 1247 905 declaravimus,
1264 880 1327 900 cum
1346 872 1424 904 illud,
1444 882 1453 898 ι
1474 871 1600 900 Crsecite
1619 876 1646 899 et
1672 871 1766 899 multi-

974 918 1113 953 plicamini
1124 922 1150 946 et
1162 919 1262 954 replete
1275 924 1386 951 terram,
1395 923 1422 945 et
1432 918 1610 945 dominamini
1625 918 1699 946 illius
1706 917 1739 949 ".
1752 927 1763 944 ι

975 964 1002 990 in
1030 964 1097 999 ipsis
1116 965 1296 999 spiritualiter
1311 964 1475 999 completum
1494 972 1556 991 esse
1576 963 1763 999 probaremus.

975 1011 1051 1039 Licet
1071 1010 1155 1045 igitur
1174 1011 1216 1038 vel
1231 1018 1265 1038 ex
1280 1010 1365 1046 gestis
1378 1009 1459 1037 rebus
1476 1009 1638 1043 intelligere,
1654 1008 1765 1035 univer-

976 1066 1034 1087 sam
1048 1062 1149 1086 terram
1164 1064 1260 1085 eorum
1281 1056 1457 1084 successione
1478 1055 1609 1090 repletam
1627 1062 1698 1082 esse.
1715 1054 1766 1081 Ec-

975 1105 1066 1133 clesia:
1091 1109 1211 1138 namque
1244 1102 1400 1130 Servatoris
1428 1101 1514 1129 nostri
1545 1108 1593 1136 per
1612 1101 1766 1128 universam

976 1153 1077 1179 terr’am
1094 1150 1222 1183 fundatae,
1237 1153 1263 1177 et
1281 1148 1417 1176 innumeri
1445 1156 1494 1183 per
1520 1147 1643 1182 singulas
1671 1153 1766 1174 earum

976 1197 1086 1232 populi,
1110 1195 1325 1223 benedictionem
1353 1194 1474 1228 ipsorum
1499 1192 1661 1227 completam
1687 1191 1766 1219 exhi-

977 1244 1052 1270 bent.
1069 1242 1139 1278 ipsis
1152 1249 1234 1277 porro
1253 1241 1380 1269 convenit
1393 1238 1469 1270 illud.
1487 1249 1496 1264 ‹
1510 1238 1583 1266 Deus
1594 1242 1698 1269 noster,
1714 1247 1723 1263 ι
1739 1237 1767 1265 in

977 1290 1028 1317 hoc
1042 1290 1116 1316 dicto
1130 1294 1300 1324 expressum.
1320 1296 1329 1312 ι
1347 1285 1493 1313 Benedicat
1517 1292 1568 1312 nos
1590 1283 1679 1315 Dens,
1696 1282 1768 1311 Deus

978 1336 1085 1364 noster;
1106 1341 1115 1357 ι
1130 1334 1223 1365 utpote
1233 1329 1280 1365 qui
1302 1333 1441 1364 paternam
1458 1326 1504 1354 Dei
1522 1326 1565 1354 sui
1584 1326 1768 1362 cognitionem

977 1377 1127 1404 obtineant.
1144 1374 1243 1402 Verum
1268 1373 1366 1400 deinde
1388 1372 1455 1400 illud
1483 1371 1635 1407 adjiciunt:
1655 1379 1663 1396 ι
1684 1370 1769 1397 Bene-

977 1424 1051 1450 dicat
1065 1430 1114 1449 nos
1126 1421 1217 1453 Deus;
1234 1429 1243 1446 ι
1262 1425 1353 1454 utpote
1369 1419 1415 1454 qui
1430 1426 1485 1445 non
1502 1418 1623 1453 ipsorum
1644 1419 1767 1449 tantum,

978 1468 1024 1497 sed
1038 1468 1119 1495 etiam
1131 1474 1225 1494 eorum
1239 1466 1372 1497 omnium,
1389 1465 1436 1499 qui
1463 1472 1510 1499 per
1523 1471 1571 1491 eos
1590 1462 1705 1490 salutem
1718 1469 1768 1488 na-

978 1514 1047 1542 cturi
1063 1518 1137 1544 sunt,
1152 1512 1223 1539 Deus
1249 1511 1294 1538 sit.
1312 1510 1377 1538 Post
1392 1511 1449 1537 haec
1464 1509 1556 1536 omnia
1579 1514 1669 1536 autem
1684 1507 1769 1535 totius

980 1559 1125 1595 prophetia:
1154 1558 1383 1592 complementum
1412 1556 1559 1590 obsignant
1585 1555 1628 1582 his
1656 1554 1768 1582 verbis:

978 1616 986 1631 ι
1010 1605 1041 1632 Et
1056 1608 1178 1632 metuant
1189 1611 1250 1631 eum
1265 1610 1360 1630 omnes
1373 1602 1441 1629 lines
1457 1607 1544 1629 terrae.
1566 1611 1575 1627 ι
1589 1599 1767 1635 Quandoqui-

975 1653 1036 1679 dem
1056 1651 1127 1679 enim
1151 1659 1160 1676 ι
1180 1650 1287 1677 initium
1307 1648 1447 1683 sapientia:
1466 1648 1548 1674 timor
1562 1646 1670 1674 Domini
1696 1646 1731 1678 ",
1756 1656 1766 1671 ι

978 1698 1133 1726 necessario
1147 1699 1305 1732 precantur,
1324 1699 1354 1722 ut
1369 1695 1468 1726 timor,
1499 1693 1578 1728 quasi
1600 1693 1719 1720 initiatio
1736 1692 1770 1719 ad

977 1745 1048 1779 piam
1061 1743 1231 1778 religionem,
1254 1741 1382 1769 omnibus
1398 1740 1567 1772 hominibus,
1580 1739 1662 1767 etiam
1678 1743 1769 1766 extre-

978 1799 1021 1818 ma
1033 1795 1113 1818 terra:
1130 1789 1330 1820 incolentibus,
1356 1788 1505 1822 ingeratur.
1522 1786 1601 1819 Quod
1623 1788 1684 1821 post
1701 1784 1771 1811 divi-

980 1845 1044 1864 num
1074 1835 1225 1863 Salvatoris
1251 1834 1337 1861 nostri
1365 1833 1511 1860 adventum
1543 1832 1683 1866 impletum
1704 1834 1770 1858 est:

982 1889 1043 1919 post
1058 1883 1133 1910 illum
1149 1882 1221 1909 enim
1234 1881 1261 1908 in
1270 1888 1378 1908 omnem
1394 1884 1494 1906 terram
1508 1878 1592 1905 exivit
1605 1885 1690 1905 sonus
1706 1885 1769 1911 apo-

981 1929 1115 1957 stolorum
1132 1928 1202 1963 ejus,
1219 1931 1246 1955 et
1261 1927 1288 1954 in
1303 1927 1369 1953 ﬁnes
1384 1925 1459 1952 orbis
1470 1928 1549 1951 terra;
1562 1923 1642 1950 verba
1664 1930 1770 1950 eormn.

982 1975 1019 2002 De
1047 1974 1090 2002 his
1116 1981 1225 2009 quoque
1248 1977 1328 1999 terra
1344 1971 1443 1998 ﬁnibus
1462 1969 1590 2005 superius
1607 1968 1770 1995 dicebatur:

984 2031 992 2047 ‹
1015 2020 1119 2048 Exaudi
1136 2027 1196 2051 nos,
1210 2018 1282 2046 Deus
1297 2018 1423 2045 Salvator
1440 2020 1543 2048 noster,
1562 2023 1625 2050 spes
1648 2014 1771 2042 omnium

982 2067 1078 2094 ﬁnium
1094 2070 1172 2094 terra:
1185 2086 1192 2099 ,
1208 2069 1234 2093 et
1244 2072 1338 2092 eorum
1351 2065 1397 2099 qui
1410 2064 1437 2090 in
1451 2063 1518 2090 mari
1531 2066 1595 2089 sum
1615 2062 1693 2096 longe
1706 2060 1739 2086 '°.
1759 2069 1770 2086 ι

138 2158 189 2194 τὴν
210 2158 258 2185 τοῦ
275 2159 400 2194 Σωτῆρος
430 2159 508 2194 ἡμῶν
526 2159 696 2192 θεοφάνειαν,
712 2157 771 2193 μεθ’
794 2158 827 2191 ἣν
849 2157 888 2188 είς
907 2157 994 2183 πᾶσαν
1014 2157 1063 2191 τὴν
1094 2156 1146 2190 γῆν
1178 2154 1289 2190 ἐξῆλθεν
1306 2154 1320 2180 6
1337 2153 1452 2188 φθόγγος
1469 2152 1523 2178 τῶν
1544 2149 1699 2178 ἀποστόλων
1726 2147 1775 2174 αύ-

139 2193 199 2235 τοῦ,
219 2204 266 2231 καὶ
287 2205 326 2235 εἰς
346 2193 380 2230 τὰ
396 2193 502 2240 πέρατι
517 2203 566 2238 τῆς
585 2202 747 2238 οἰκουμένης
765 2202 802 2228 τὰ
817 2202 926 2237 ῥήματα
946 2201 1044 2227 αὐτῶν.
1059 2201 1126 2236 Περὶ
1135 2199 1236 2226 τούτων
1249 2199 1277 2226 δὲ
1293 2199 1347 2225 τῶν
1361 2198 1486 2234 περάτων
1505 2197 1555 2232 τῆς
1577 2196 1627 2231 γῆς
1654 2194 1701 2221 καὶ
1731 2193 1776 2219 διὰ

139 2251 194 2277 τῶν
206 2247 360 2284 ἔμπροσθεν
374 2237 482 2283 ἐλέγετο
494 2257 501 2263 '
522 2258 530 2274 ι
546 2237 724 2274 νἘπάκουσον
739 2246 829 2283 ἡμῶν,
845 2247 859 2272 6
871 2245 937 2277 Θεὸς
956 2246 969 2271 6
988 2246 1088 2282 -Σωτὴρ
1110 2245 1199 2280 ἡμῶν,
1221 2245 1238 2279 ἡ
1271 2244 1347 2275 ἐλπὶς
1372 2243 1480 2269 πάντων
1494 2241 1549 2268 τῶν
1572 2240 1697 2275 περάτων
1726 2237 1775 2272 τῆς

139 2296 191 2331 γῆς
205 2296 253 2322 καὶ
266 2294 320 2321 τῶν
333 2296 360 2320 ὲν
383 2294 505 2330 θαλάσσῃ
521 2294 639 2328 μακράν.

166 2341 222 2368 ΕΙΣ
233 2341 276 2368 Τυ
288 2340 398 2367 ΤΕΛΟΣ
410 2340 453 2376 Τῼ
464 2340 562 2366 ΔΑΙἸΔ
578 2338 723 2365 ΨΑΛΜΟΣ
738 2337 825 2373 ῼΔΗΣ
840 2336 900 2363 ΞΖ”.

177 2409 188 2424 ι
211 2399 366 2433 Ἀναστήτω
389 2399 403 2424 ὁ
425 2397 508 2429 Θεὸς,
526 2397 572 2423 καὶ
587 2395 876 2431 διασκορπισθήτωσαν
904 2395 928 2420 οἱ

141 2445 233 2481 ἐχθροὶ
254 2444 347 2478 αὑτοῦ,
367 2444 415 2471 καὶ
429 2444 590 2479 φυγέτωσαν
612 2442 666 2470 ἀπὸ
684 2441 829 2477 προσώπου
847 2439 929 2467 αὑτοῦ

140 2492 167 2519 οἱ
184 2490 326 2527 μισοῦντες
341 2491 429 2517 αὐτόν.
453 2500 462 2516 ι
487 2491 518 2516 Οί
542 2489 590 2525 μὲν
607 2489 660 2525 πρὸ
681 2488 727 2515 τοῦ
751 2487 819 2524 μετὰ
838 2488 930 2522 χεῖρας

141 2538 216 2573 τρεῖς
226 2536 324 2572 ἐφεξῆς
341 2536 390 2572 τὴν
403 2536 498 2571 κλῆσιν
509 2535 563 2562 τῶν
583 2535 666 2562 ἐθνῶν
684 2533 856 2570 προεφώνουν
868 2541 875 2548 °
893 2529 931 2559 ὧν

142 2586 156 2611 6
168 2585 217 2620 μὲν
233 2583 269 2616 ξδ’
281 2593 290 2609 ι
305 2584 417 2619 Ψαλμὸς
429 2582 500 2618 ᾠδῆς
518 2592 527 2607 ι
543 2582 732 2616 ἐπεγέγραπτο
747 2590 756 2606 ι
767 2579 812 2615 Τῷ
823 2579 911 2606 Δαυῖδ·
921 2588 929 2604 ι

141 2632 156 2658 6
171 2630 193 2657 δ’
209 2630 341 2665 ἑπόμενος
357 2639 366 2655 ‹
392 2629 452 2664 ’ῼδὴ
474 2627 596 2664 ψαλμοῦ’
623 2638 632 2653 ι
648 2627 662 2653 ὁ
686 2627 714 2653 δὲ
743 2626 833 2662 τρίτος
858 2634 866 2650 ι
890 2625 933 2650 Ἑν

142 2676 239 2713 ὕμνοις
259 2676 365 2711 ψαλμδς
388 2676 468 2711 ᾠδῆς.
496 2685 506 2701 ι
536 2674 654 2706 Εἰκότως
678 2672 820 2709 τοιγαροῦν
846 2672 893 2698 καὶ
920 2672 933 2697 ὁ

144 2723 215 2759 μετὰ
230 2724 335 2758 χεῖρας,
351 2721 525 2756 εὖαγγελικδς
538 2721 576 2748 ὣν
590 2722 636 2747 καὶ
649 2720 739 2751 αὐτὸς.
760 2719 805 2746 καὶ
823 2719 853 2744 οὐ
869 2718 932 2753 περὶ

143 2771 194 2806 τῆς
216 2769 340 2805 κλήσεως
356 2769 408 2795 τῶν
429 2768 513 2794 ὲθνῶν
537 2767 627 2802 μόνον,
647 2766 714 2793 ἀλλὰ
735 2765 782 2791 καὶ
801 2764 865 2800 περὶ
885 2763 931 2789 τοῦ

145 2815 273 2851 Σωτῆρος
286 2814 368 2841 αὑτοῦ
383 2812 551 2849 προφητείαν
567 2812 710 2847 περιέχων,
729 2820 738 2836 ‹
757 2811 796 2842 είς
812 2810 843 2835 τὸ
858 2808 933 2840 τέλος

183 2894 208 2911 ’⁸
218 2893 286 2922 Gen.
308 2901 328 2923 ι.
351 2894 397 2921 28.
434 2892 458 2909 ⁸⁸
471 2892 543 2920 Psal.
559 2900 604 2924 cx,
625 2892 668 2919 to.

721 2890 743 2907 "
755 2888 828 2918 Psal.
850 2895 924 2920 μιν,
940 2887 966 2914 6.

942 2336 966 2365 ι)
981 2333 1002 2360 .I
1022 2331 1054 2359 IN
1068 2330 1173 2358 FINEM
1184 2328 1309 2361 DAVIDI,
1332 2326 1492 2355 PSALMUS
1506 2325 1651 2354 CANTICI.
1669 2324 1774 2352 LXVII.

1018 2387 1101 2416 Vens.
1113 2387 1172 2414 2-4.
1183 2396 1192 2412 ι
1209 2386 1344 2420 Exsurgat
1354 2384 1435 2415 Dens,
1448 2389 1475 2410 et
1489 2383 1655 2417 dissipentur
1672 2382 1778 2421 inimici

985 2436 1057 2471 ejus,
1074 2438 1101 2462 ct
1116 2434 1220 2469 fugiant
1233 2433 1278 2467 qui
1293 2431 1406 2458 oderunt
1420 2438 1481 2458 eum
1492 2437 1507 2456 a
1518 2429 1587 2456 facie
1600 2429 1669 2463 ejus.
1683 2439 1692 2455 ι
1707 2429 1777 2457 Tres

985 2482 1081 2517 psalmi
1097 2484 1160 2507 ante
1171 2483 1331 2514 praesentem
1340 2480 1540 2511 consequenter
1552 2475 1645 2510 positi.
1655 2475 1778 2508 vocatio-g

985 2536 1045 2555 nem
1054 2527 1173 2562 gentium
1186 2524 1404 2560 praanuntiabant
1413 2532 1419 2549 :
1427 2522 1548 2557 equibus
1560 2529 1620 2548 thv
1630 2529 1638 2545 ι
1651 2519 1777 2548 Psalmus

986 2574 1086 2601 cantici
1101 2573 1198 2600 Davidi
1214 2582 1224 2598 ›
1236 2572 1382 2606 inscriptus
1397 2573 1470 2602 erat;
1482 2575 1599 2603 sequens
1609 2575 1684 2600 vero,
1694 2567 1778 2594 tCan-

985 2623 1066 2648 ticum
1077 2620 1191 2655 psalmi;
1210 2618 1325 2645 ntertius
1335 2626 1343 2642 ι
1358 2614 1629 2651 lnhymnispsalmus
1640 2613 1750 2640 cantici.
1765 2622 1774 2638 ι

983 2668 1047 2695 Jure
1055 2668 1145 2701 itaque
1154 2672 1273 2701 przesens
1284 2663 1405 2699 psalmus
1411 2669 1472 2689 cum
1478 2660 1650 2695 evangelicus
1659 2659 1722 2686 item
1729 2658 1776 2689 sit,

986 2723 1016 2740 ac
1026 2720 1080 2740 non
1097 2712 1184 2740 solum
1192 2711 1225 2738 de
1233 2709 1374 2737 vocatione
1382 2707 1514 2742 gentium,
1530 2705 1577 2733 sed
1588 2705 1670 2732 etiam
1677 2704 1711 2731 de
1718 2704 1778 2738 ipso

987 2760 1130 2787 Sc'rvatore
1145 2756 1312 2793 prophetiam
1323 2755 1470 2785 contineat.
1485 2763 1495 2778 ι
1512 2752 1539 2779 in
1552 2753 1632 2778 linem
1646 2749 1750 2780 Davidi.
1765 2759 1775 2774 ι

987 2814 1067 2842 utque
1086 2815 1095 2831 ι
1115 2804 1235 2840 psalmus
1256 2801 1384 2834 cantici”
1403 2799 1516 2836 perinde
1547 2803 1629 2834 atque
1653 2796 1765 2832 superio
