2041 3215
305 158 360 187 679

665 154 800 184 EUSEBII
819 155 1059 185 CESABJENSIS
1076 156 1151 184 OPP.
1172 157 1264 185 PARS
1280 157 1316 186 ll.
1332 172 1366 179 -—
1386 157 1591 186 EXEGETILA.

1875 159 1921 188 680

303 226 359 251 res.
372 218 520 253 inscriptus
529 221 582 246 est.
593 216 645 245 Par
651 221 711 245 erat
722 217 796 244 enim
804 224 944 245 sermones
956 217 1086 245 bonorum

1141 217 1180 253 τῷ
1192 218 1274 245 Δαυτδ
1285 228 1294 243 ι
1306 218 1516 254 ἐπιγέγραπται,
1528 217 1575 245 καὶ
1588 226 1597 243 ι
1609 216 1715 253 ψαλμδς
1727 217 1814 253 ᾠδῆς»
1829 218 1922 253 ὁμοίως

303 267 438 302 promissa
451 266 662 300 complectentes
674 284 682 297 ,
708 272 764 292 non
781 264 863 291 modo
890 264 1026 299 psalmos,
1042 263 1090 292 sed

304 320 360 341 una
373 312 493 348 psalmos
503 311 615 343 cantici,
626 315 654 338 et
665 311 772 339 cantica
784 310 883 346 psalmi
893 311 997 342 vocari,
1009 314 1091 345 atque

306 367 317 385 ι
337 359 365 386 in
383 358 462 386 ﬁnem
478 368 488 384 ι
504 358 657 390 remittere;
674 357 737 392 quia
748 364 781 384 ea
795 364 856 392 quae
877 357 906 384 in
930 356 1029 383 horum
1042 364 1090 384 va-

304 406 407 433 ticiniis
426 404 562 434 feruntur,
575 404 713 430 diuturnis
725 408 785 438 post
801 403 969 438 temporibus
985 403 1012 429 in
1024 410 1090 430 con-

304 451 485 478 summatione
500 450 592 477 szeculi
607 448 769 483 perﬁcienda
794 452 881 475 erant.
911 448 960 475 llic
982 456 1090 483 quoque

304 496 424 531 psalmus
440 503 454 522 a
470 493 572 529 Spiritu
591 493 750 529 prophetico
769 500 801 519 ex
819 500 934 527 persona
947 493 1088 527 apostolo-

304 550 363 569 rum
381 540 572 576 pronuntiatus
587 543 639 567 est.
658 539 733 566 Sicut
752 546 817 573 ergo
833 539 858 565 in
874 538 1089 573 praecedentibus

302 588 428 618 orabant,
444 586 527 613 Deum
539 585 591 612 sibi
607 585 639 612 ad
665 584 847 619 evangelicam
867 583 1088 618 prmdicationem

303 634 454 668 adjutorem
468 635 634 664 evocantes;
651 631 743 657 eodem
757 638 864 664 quoque
881 630 961 657 modo
977 630 1004 657 in
1021 638 1089 665 prae-

303 678 374 706 senti
393 678 506 705 ulterius
531 675 666 712 progressi
687 675 804 703 dicunt:
827 685 835 700 ι
859 676 1021 704 Benedictus
1038 675 1089 703 Do-

303 724 394 751 minus
412 723 532 758 quotidie
550 731 557 755 ;
577 729 736 756 prosperum
758 722 810 748 iter
822 721 903 749 faciet
920 722 998 750 nobis
1018 722 1089 749 Deus

302 769 462 796 salutarium
476 773 629 795 nostrorum
644 777 649 793 :
671 777 679 792 ι
693 771 719 794 et
729 769 827 794 iterum
841 777 847 794 :
864 776 873 792 ι
888 767 1086 801 Mauda,Dcus.

305 814 397 841 virtuti
408 819 470 846 tuae,
485 814 615 841 conﬁrma
633 814 695 845 hoc,
711 812 800 845 Deus,
825 813 898 848 quod
916 818 1043 848 operatus
1059 821 1088 840 es

304 859 330 886 in
348 861 436 887 nobis.
461 869 470 885 ι
498 859 579 886 Vides
607 859 679 887 enim
705 858 841 893 quomodo
868 864 1030 894 precentur,
1058 863 1087 885 ut

303 906 374 934 Deus
386 907 436 934 sibi
449 914 606 941 prosperum
622 907 673 934 iter
687 911 773 941 paret.
787 914 870 941 seque
893 906 1044 939 conﬁrmet,
1058 911 1087 933 ut
1105 895 1124 921 Β

303 952 439 988 Evangelii
453 960 564 979 cursum
589 953 648 980 sine
663 953 742 980 obice
767 952 917 987 perﬁciant.
945 952 1088 988 Evangeli‘

301 999 440 1025 camitem
456 998 674 1033 praedicationem
699 1002 791 1032 aperte
814 1001 968 1024 memorant
994 998 1089 1026 dicen-

301 1049 361 1073 tes:
379 1053 388 1070 ι
406 1044 537 1071 Dominus
554 1043 628 1070 dabit
639 1043 751 1070 verbum
775 1043 1024 1078 evangelizantibus
1037 1045 1089 1071 vir-

302 1095 361 1118 tute
376 1091 470 1117 multa.
489 1099 498 1115 ι
518 1089 574 1117 lmo
586 1090 750 1124 quibusnam
766 1090 941 1126 Evangelium
958 1090 1088 1124 praedica-

301 1137 356 1164 turi
368 1140 459 1163 essent
470 1136 655 1162 vaticinantur
669 1136 712 1163 his
725 1136 816 1163 verbis
830 1145 837 1163 :
852 1145 860 1161 ι
879 1135 993 1163 Venient
1008 1136 1088 1170 legati

300 1190 335 1209 ex
354 1181 481 1216 IEgypto,
494 1181 632 1216 Ethiopia
646 1182 764 1216 porriget
776 1189 885 1208 manum
902 1189 979 1209 suam
999 1181 1062 1209 Deo.
1076 1191 1086 1207 ι

301 1228 381 1255 Clare
398 1227 470 1254 enim
488 1227 563 1255 hisce
580 1227 669 1254 verbis
688 1226 824 1262 Egyptiis
842 1227 1017 1262 Evangelium
1040 1235 1088 1254 an-

303 1273 447 1304 nuntiant,
474 1272 633 1300 idololatras
665 1273 887 1300 subindicantcs:
912 1282 945 1300 ex
973 1273 1088 1308 JEg-ypto

303 1327 419 1354 namque
433 1318 587 1345 idololatria
598 1322 688 1344 ortum
697 1319 812 1353 accepit.
821 1318 974 1351 Quinetiam
982 1318 1088 1345 ,λι-Μήθ-

302 1365 373 1400 piam
388 1364 442 1391 Deo
456 1371 564 1392 manum
580 1363 717 1399 porrigere
739 1371 817 1391 suam
839 1364 950 1395 dicunt,
968 1368 1086 1391 extrema

301 1416 381 1439 terra:
395 1410 589 1446 signiﬁcantes.
606 1410 708 1438 Deinde
724 1417 787 1437 vero
803 1410 895 1437 omnia
911 1417 994 1445 regna
1009 1414 1087 1436 terra:

301 1456 444 1485 confertim
461 1456 603 1487 advocant,
627 1456 732 1490 hocque
758 1456 811 1482 ritu
828 1456 971 1483 universas
995 1459 1088 1491 gentes

301 1504 464 1538 signiﬁcant.
481 1503 515 1530 Ut
535 1507 625 1530 autem
646 1511 678 1530 ea
693 1511 753 1538 quae
774 1503 802 1530 in
817 1503 946 1530 vaticinio
960 1502 1087 1530 fereban-

1139 264 1196 293 τοῖς
1212 264 1265 300 πρὸ
1285 264 1377 291 αὐτοῦ.
1395 264 1468 291 Ἔδει
1482 263 1537 300 γὰρ
1552 263 1616 295 τοὺς
1640 263 1694 291 τῶν
1708 263 1819 298 ἀγαθῶν
1842 265 1921 299 ἑπαγ-

1140 310 1280 344 γελτικοὺς
1302 310 1397 345 λόγους
1421 310 1459 346 μὴ
1476 311 1556 346 μόνον
1572 309 1706 345 ψαλμοὺς,
1726 310 1782 337 ἀλλ’
1796 311 1865 345 ὁμοῦ
1881 312 1921 338 καὶ

1140 355 1210 381 κατὰ
1225 354 1254 381 τὸ
1267 355 1333 382 αὐτὸ
1346 354 1470 390 ψαλμοὺς
1484 355 1560 390 ᾠδῶν
1582 355 1629 382 καὶ
1649 355 1722 391 ᾠδὰς
1736 354 1852 391 ψαλμῶν
1870 357 1922 383 ὀνο-

1142 400 1273 435 μάζεσθαι
1284 402 1330 427 καὶ
1340 411 1349 426 ι
1361 402 1400 432 είς
1420 401 1450 427 τὺ
1466 401 1539 433 τέλος
1551 411 1560 427 ι
1572 402 1742 436 ἀναπέμπειν
1751 410 1757 416 ·
1775 401 1814 432 ὡς
1831 401 1865 428 ἂν
1877 411 1921 437 μα·

1140 448 1215 482 κροῖς
1235 446 1346 482 ὕστερον
1359 447 1465 482 χρόνοις
1480 447 1525 473 ἐπὶ
1542 447 1680 481 συντελείᾳ
1693 446 1740 473 τοῦ
1755 447 1852 479 αἰῶνος
1865 448 1922 482 μελ-

1140 492 1238 518 λόντων
1254 491 1421 527 πληροῦσθαι
1431 491 1485 518 τῶν
1500 492 1528 517 ἐν
1541 492 1632 523 αὐτοῖς
1648 491 1862 526 θεσπιζομένων.
1875 492 1921 518 Λέ-

1140 538 1233 564 λεκται
1247 537 1275 564 δὲ
1293 539 1339 564 καὶ
1358 539 1437 570 αὐτὸς
1458 539 1508 565 ὑπὸ
1526 538 1572 564 τοῦ
1588 538 1756 574 προφητικοῦ
1769 538 1921 573 Πνεύματος

1140 586 1171 611 ὲκ
1196 586 1342 621 προσώπου
1365 586 1418 612 τῶν
1442 585 1607 612 ἀποστόλων.
1625 585 1729 620 Ὠσπερ
1743 583 1789 612 οὖν
1808 585 1853 612 διὰ
1872 585 1922 611 τῶν

1139 632 1292 668 ἔμπροσθεν
1318 632 1468 667 ἐπηύχοντό
1495 632 1601 663 ἑαυτοῖς
1626 631 1840 667 ἀνακαλούμενοι
1861 631 1923 658 Θεὸν

1141 678 1268 714 συνεργὸν
1281 678 1320 709 εἰς
1333 678 1363 704 τὸ
1375 678 1548 712 εὐαγγελικὺν
1565 678 1599 713 κή
1605 686 1706 713 ρυγμα,
1718 677 1764 704 τὸν
1777 677 1859 704 αὺτδν
1869 677 1923 713 τρό-

1139 733 1188 750 πον
1202 724 1247 752 καὶ
1261 724 1288 750 ὲν
1305 725 1360 755 τοῖς
1374 723 1565 758 προκειμένοις
1577 724 1601 750 οἱ
1617 724 1694 750 αὐτοὶ
1710 723 1861 759 προϊόντες,
1876 732 1923 758 φα-

1140 770 1195 796 σίν⁸
1212 780 1220 795 ι
1234 769 1383 804 Εὐλογητὸς
1403 769 1503 804 Κύριος
1520 769 1625 804 ἡμέραν
1638 768 1698 795 καθ’
1713 769 1819 804 ἡμέραν
1830 777 1838 783 ·
1857 777 1923 796 κατ-

1138 815 1262 842 ευοδώσει
1278 817 1342 851 ἡμῖν
1367 816 1380 841 ό
1408 816 1473 847 Θεὸς
1495 814 1548 840 τῶν
1575 814 1714 850 σωτηρίων
1734 814 1831 849 ἡμῶν·
1850 823 1860 840 ι
1880 815 1923 841 καὶ

1139 861 1218 888 πάλιν
1228 870 1234 875 ·
1251 871 1259 887 ι
1279 861 1426 893 Ἕντειλαι,
1441 862 1454 887 ό
1467 860 1543 892 Θεὸς,
1562 861 1612 896 τὴν
1626 860 1740 895 δύναμίν
1761 869 1807 886 σου
1820 868 1827 875 ·
1847 860 1923 887 δυνά-

1140 916 1239 942 μωσον,
1259 908 1273 934 ὁ
1296 906 1370 938 Θεὸς,
1388 907 1466 933 τοῦτο
1488 906 1501 932 ὃ
1522 906 1694 942 κατειργάσω
1715 907 1791 942 ἡμῖν.
1811 916 1820 932 ι
1845 906 1922 943 Ὁρᾷς

1139 953 1192 988 γὰρ
1207 953 1280 984 ὅπως
1297 953 1512 987 κατευοδωθῆναι
1527 952 1579 979 ὑπὸ
1594 952 1639 978 τοῦ
1655 951 1721 979 Θεοῦ
1740 953 1786 978 καὶ
1799 952 1922 988 δυναμω-

1139 998 1216 1034 θῆναι
1237 1000 1277 1030 εἰς
1292 999 1321 1025 τὺ
1342 998 1487 1029 ἀκωλύτως
1502 998 1547 1024 τὸν
1569 998 1668 1034 δρόμον
1690 998 1736 1024 τοῦ
1757 998 1922 1033 Εὑαγγελίου

1138 1044 1277 1071 τελειῶσαι
1299 1044 1431 1079 εὔχονται.
1457 1044 1619 1079 Μέμνηνται
1640 1044 1669 1070 δὲ
1691 1043 1785 1079 σαφῶς
1806 1045 1856 1070 καὶ
1877 1044 1922 1071 τοῦ

1139 1091 1314 1125 εὐαγγελικοῦ
1336 1090 1513 1125 κηρύγματος
1529 1090 1674 1124 ολέγοντεςι
1701 1100 1710 1115 ι
1724 1089 1826 1126 Κύριος
1845 1090 1922 1117 δώσει

1140 1137 1214 1172 ῥῆμα
1232 1138 1288 1168 τοῖς
1308 1127 1559 1171 εὐαγγελιζομένοις
1573 1136 1686 1171 δυνάμει
1703 1135 1786 1171 Ιπτολ)ιῆ
1800 1145 1807 1151 ·
1827 1146 1837 1162 ι
1859 1136 1922 1163 ἀλλὰ

1139 1183 1185 1209 καὶ
1198 1182 1267 1208 τίσιν
1282 1182 1396 1217 ἡμελλον
1409 1182 1552 1217 κηρύττειν
1563 1182 1593 1208 τὸ
1606 1182 1771 1217 Εὐαγγέλιον
1782 1181 1922 1214 θεσπίζου-

1140 1236 1180 1254 σιν
1194 1228 1222 1254 ὲν
1238 1225 1278 1259 οἷς
1298 1236 1380 1262 φασιν
1390 1237 1396 1243 ·
1416 1237 1425 1254 ι
1446 1227 1558 1259 Ἤξουσι
1573 1227 1701 1263 πρέσϐεις
1722 1228 1752 1260 ἐξ
1766 1227 1921 1262 Αἰγύπτου·

1138 1273 1264 1300 Αἰθιοπία
1285 1274 1436 1309 προφθάσει
1450 1275 1528 1309 χεῖρα
1549 1274 1633 1308 αὐτῆς
1645 1274 1685 1309 τῷ
1705 1274 1775 1309 Θεῷ.
1794 1283 1804 1300 ι
1828 1274 1921 1309 Σαφῶς

1138 1320 1191 1355 γὰρ
1205 1320 1248 1346 διὰ
1270 1319 1371 1346 τούτων
1393 1321 1531 1353 Αἴγυπτον
1547 1319 1779 1354 εὐαγγελίζονται,
1803 1320 1868 1352 τοὺς
1883 1321 1921 1347 εἰ-

1137 1366 1306 1401 δωλολάτρας
1323 1366 1502 1400 αἰνιττόμενοι
1514 1374 1521 1381 ο
1540 1365 1600 1392 ἐπεὶ
1620 1365 1649 1399 ἐξ
1666 1366 1804 1400 Αἰγύπτου
1825 1367 1922 1402 κατήρ-

1139 1411 1201 1444 ξατο
1219 1413 1235 1448 ἡ
1251 1412 1463 1448 εἰδωλολατρεία.
1484 1411 1561 1438 Ἀλλὰ
1577 1412 1622 1439 καὶ
1631 1412 1679 1448 τὴν
1699 1412 1841 1440 Αἰθιοπίαν
1858 1422 1922 1450 προ-

1139 1458 1238 1492 φθάσαι
1260 1460 1337 1494 χεῖρα
1357 1459 1441 1492 αὐτῆς
1462 1458 1500 1493 τῷ
1523 1458 1582 1493 Θεῷ
1604 1467 1679 1493 φασι,
1703 1459 1737 1485 τὰ
1757 1459 1860 1494 ἔσχατα
1873 1460 1922 1494 τῆς

1138 1502 1297 1538 οἰκουμένης
1316 1503 1467 1538 δηλοῦντες.
1490 1503 1546 1530 Εἴθ’
1567 1504 1631 1539 ἑξῆς
1648 1504 1696 1536 τὰς
1715 1503 1854 1539 βασιλείας
1874 1505 1922 1540 τῆς

299 1554 356 1582 tur,
373 1558 446 1577 nunc
458 1550 568 1577 tandem
585 1557 665 1584 opere
676 1549 880 1582 perﬁcerentur,
891 1549 918 1575 in
935 1549 994 1583 ipso
1011 1549 1085 1583 prin-

1138 1548 1188 1582 γῆς
1204 1548 1292 1580 πάσας
1313 1549 1418 1584 ἀθρόως
1433 1550 1607 1584 συγκαλοῦσι,
1626 1550 1679 1576 τῶν
1694 1550 1778 1577 ἐθνῶν
1795 1550 1921 1578 ἁπάντων

298 1597 372 1632 cipio
387 1596 505 1631 Spiritus
520 1601 632 1623 sanctus
653 1603 700 1630 per
725 1595 851 1623 Davidem
873 1603 966 1630 preces
988 1596 1087 1623 emittit

300 1642 412 1669 dicens:
424 1651 433 1667 ‹
448 1641 582 1677 Exsurgat
593 1642 664 1669 Deus
675 1645 701 1669 et
711 1642 879 1676 dissipentur
888 1642 990 1668 inimici
998 1642 1066 1676 ejus.
1076 1652 1084 1667 ι

300 1687 448 1721 Pergraves
459 1687 530 1714 enim
544 1687 645 1713 inimici
657 1686 703 1714 Dei
713 1687 769 1720 jam
783 1687 847 1713 olim
863 1686 890 1713 in
905 1694 1001 1713 omnes
1009 1692 1087 1714 terrm

301 1733 467 1760 habitatores
478 1733 649 1768 tyrannidem
668 1733 841 1765 exercebant,
859 1733 969 1768 maligni
993 1733 1087 1760 videli-

299 1784 344 1805 cet
358 1778 494 1805 daemones
506 1798 514 1810 ,
535 1779 581 1812 qui
604 1778 783 1812 multiplicum
807 1777 949 1804 numinum
966 1785 1085 1804 errorem

299 1825 328 1851 in
346 1826 502 1852 universum
518 1825 610 1852 orbem
635 1824 807 1851 induxerant.
823 1823 907 1850 Nemo
926 1831 1007 1858 porro
1028 1829 1086 1850 erat

299 1871 347 1906 qui
363 1870 432 1897 mala
444 1871 618 1906 propelleret,
640 1878 695 1897 non
711 1870 754 1899 vir
776 1870 895 1904 sapiens,
915 1878 967 1896 non
981 1869 1084 1904 justus,

299 1925 354 1944 non
369 1917 509 1952 propheta,
522 1917 576 1943 imo
593 1924 644 1944 nec
660 1916 796 1952 quispiam
812 1924 844 1943 ex
859 1916 963 1950 angelis
981 1921 1007 1943 et
1023 1924 1085 1943 san-

299 1964 352 1991 ctis
367 1963 520 1998 spiritibus,
538 1963 596 1990 sive
609 1971 643 1989 ex
659 1962 818 1990 cmlestibus
835 1962 988 1997 divinisque
999 1962 1085 1988 virtu-

300 2010 384 2037 tibus.
415 2010 586 2044 Quapropter
600 2009 682 2037 Deum
699 2013 775 2044 rogat
801 2015 830 2036 ut
853 2013 993 2044 exsurgat,
1010 2012 1037 2036 et
1053 2016 1085 2036 ex

299 2056 375 2090 regio
390 2056 488 2082 throno
513 2063 563 2083 suo
586 2056 728 2082 excitetur.
757 2054 824 2081 Nam
847 2055 893 2082 Dci
916 2056 1084 2090 providentia

301 2104 368 2128 tunc
386 2108 505 2132 cessare,
524 2108 620 2128 vacare
636 2104 663 2127 et
675 2108 724 2128 ceu
736 2101 876 2135 quiescere
893 2100 1003 2131 dicitur,
1022 2108 1083 2127 cum

300 2154 332 2174 ex
348 2146 451 2174 divitiis
464 2146 604 2177 bonitatis,
627 2150 654 2173 et
669 2154 702 2173 ex
723 2146 853 2180 patientia
869 2145 1080 2180 longanimitate-

300 2200 354 2227 qne
366 2200 415 2219 sua
431 2196 576 2227 peccantes
586 2195 613 2219 et
626 2199 690 2227 erga
704 2199 733 2218 se
747 2192 828 2226 impie
844 2195 954 2225 agentes
971 2192 1083 2223 tolerat;

1137 1593 1229 1620 τοῦτον
1247 1595 1451 1629 σημαινομένων
1467 1596 1510 1622 τὸν
1524 1596 1633 1632 τρόπον.
1651 1597 1709 1623 Ἴνα
1722 1597 1750 1623 δὲ
1766 1597 1799 1624 τὰ
1812 1597 1858 1624 διὰ
1868 1597 1922 1624 τῶν

1137 1639 1221 1671 λόγων
1243 1641 1465 1676 προφητευόμενα
1485 1642 1535 1677 ἡδη
1557 1644 1622 1669 ποτὲ
1645 1643 1691 1669 καὶ
1713 1643 1745 1670 δι’
1762 1643 1850 1678 ἔργων
1870 1653 1922 1679 χω-

1138 1686 1217 1721 ρήσῃ,
1234 1686 1381 1721 ἀρχόμενον
1398 1687 1428 1713 τὸ
1444 1688 1554 1723 Πνεῦμα
1569 1689 1599 1715 τὺ
1619 1690 1796 1725 προφητικὸν,
1811 1690 1857 1716 διὰ
1874 1689 1920 1716 τοῦ

1136 1731 1216 1757 Δαυῒδ
1229 1732 1309 1767 εὐχὴν
1324 1733 1564 1768 ἀναπέμπειλέγον
1576 1744 1582 1749 ·
1595 1745 1604 1760 ι
1620 1736 1772 1773 Ἀναστήπτω
1781 1736 1796 1762 δ
1807 1735 1921 1772 Κύριος,

1136 1778 1182 1803 καὶ
1192 1778 1476 1814 διασκορπισθὴτωσαν
1487 1781 1512 1806 οί
1526 1781 1618 1816 ἐχθροὶ
1634 1780 1725 1808 αὑτοῦ.
1747 1790 1757 1806 ι
1769 1781 1857 1809 Δεινοὶ
1867 1781 1922 1817 γὰρ

1136 1824 1227 1859 ἐχθροὶ
1245 1824 1291 1850 τοῦ
1307 1824 1373 1850 Θεοῦ
1389 1826 1602 1860 κατετυρὰννουν
1621 1826 1704 1853 πάλαι
1719 1826 1852 1863 πρότερον
1867 1827 1922 1854 τῶν

1136 1870 1181 1895 ἐπὶ
1192 1870 1241 1905 γῆς
1249 1870 1385 1902 ἁπάντων,
1397 1871 1420 1896 οἰ
1430 1870 1476 1906 τὴν
1486 1871 1614 1898 πολύθεον
1622 1872 1724 1908 πλάνην
1732 1872 1794 1899 καθ’
1801 1873 1922 1910 δληςτῆς

1135 1915 1294 1950 οἰκουμένης
1316 1917 1513 1951 συστησάμενοι
1539 1918 1652 1953 πονηροὶ
1670 1918 1806 1953 δαίμονες.
1828 1919 1923 1951 οὐδείς

1135 1969 1164 1986 τε
1182 1958 1214 1997 ἦν
1228 1961 1373 1997 ἐπαμύνων
1388 1964 1443 1994 τοῖς
1460 1964 1564 1994 κακοῖς,
1589 1964 1619 1989 οὺ
1643 1964 1723 1998 σοφὸς
1739 1965 1819 2001 ἀνὴρ,
1835 1965 1867 1992 οὺ
1883 1965 1924 1992 δί-

1135 2015 1221 2039 καιος,
1245 2007 1275 2034 οὐ
1292 2009 1443 2044 προφήτης·
1466 2009 1522 2035 ἀλλ’
1537 2009 1597 2036 οὐδὲ
1618 2009 1740 2044 ἀγγέλων
1755 2019 1796 2042 τις
1810 2011 1828 2046 ἡ
1841 2020 1924 2039 πνευ-

1136 2052 1227 2086 μάτων
1247 2052 1342 2086 ἁγίων,
1361 2054 1377 2089 ἡ
1394 2054 1448 2079 τῶν
1465 2055 1524 2080 κατ’
1542 2055 1655 2090 οὐρανὸν
1672 2055 1752 2082 θείων
1767 2055 1921 2092 δυνάμεων.

1135 2098 1179 2124 Διὸ
1193 2098 1223 2133 δὴ
1239 2099 1319 2125 αὑτὸν
1334 2099 1480 2134 ἀναστῆναι
1496 2100 1542 2127 τὸν
1560 2100 1636 2133 Θεὸν,
1657 2102 1702 2127 καὶ
1718 2101 1765 2128 τοῦ
1782 2102 1923 2136 βασιλικοῦ

1133 2143 1303 2178 διεγερθῆναι
1330 2145 1424 2180 θρόνου
1455 2146 1617 2180 παρακαλεῖ.
1646 2147 1773 2182 Ἡρεμεῖν
1801 2148 1851 2183 μὲν
1876 2149 1924 2176 καὶ

1134 2190 1277 2224 ἡσυχάζειν
1292 2191 1338 2218 καὶ
1353 2191 1447 2227 ὥσπερ
1462 2192 1672 2220 διαναπαύεσθαι
1685 2195 1719 2220 τὰ
1731 2195 1782 2230 τῆς
1794 2195 1842 2222 τοῦ
1854 2195 1923 2223 Θεοῦ

302 2237 404 2264 moveri
424 2240 514 2263 autem
530 2240 557 2262 et
573 2236 685 2263 excitari
710 2235 819 2267 dicitur,
841 2244 903 2262 cum
925 2240 1080 2271 peccatores

1136 2237 1256 2271 προνοίας
1273 2237 1390 2271 λέγεται,
1408 2239 1518 2266 ἐπειδὰν
1533 2239 1572 2274 τῷ
1586 2239 1691 2275 πλούτῳ
1707 2240 1756 2275 τῆς
1772 2242 1923 2278 χρηστότη-

300 2290 445 2318 aggressus
460 2282 608 2309 ulciscitur.
633 2281 668 2309 Ut
684 2282 766 2317 igitur
782 2282 923 2309 memorati
941 2282 1034 2309 hostes
1051 2282 1080 2308 li-

302 2337 361 2356 nem
382 2328 501 2356 facerent
516 2327 674 2355 dominandi
690 2327 861 2360 hominibus,
878 2327 932 2355 Deo
948 2328 1082 2362 supplicat

302 2377 332 2400 ut
344 2378 473 2409 exsurgat
495 2380 611 2408 seseque
625 2373 744 2400 concitet
760 2372 794 2399 ad
819 2372 962 2405 ultionem,
989 2376 1018 2399 ut
1035 2372 1081 2407 qui

301 2420 366 2447 olim
380 2420 406 2446 in
424 2427 507 2447 unum
529 2419 686 2454 congregati
710 2422 799 2449 erant,
814 2422 841 2445 et
856 2418 1006 2453 improbam
1024 2426 1082 2444 mu-

300 2468 349 2492 tuo
364 2465 538 2492 concordiam
556 2465 684 2497 inierant,
700 2472 760 2491 eam
776 2463 880 2492 scilicet
893 2472 954 2499 qua:
968 2463 1082 2491 diaboli—

303 2516 363 2535 cam
382 2509 562 2536 idololatriam
580 2509 738 2544 spectabat,
765 2508 962 2543 dissiparentur
987 2510 1082 2544 procul

301 2554 429 2589 dispersi.
456 2555 477 2582 li
499 2563 563 2582 vero
589 2555 691 2582 inimici
709 2554 756 2582 Dei
775 2559 863 2586 erant.
889 2563 1006 2590 eumque
1018 2555 1079 2584 ode-

303 2603 374 2630 rant.
390 2602 436 2635 qui
451 2607 539 2627 aerem
553 2605 631 2628 terra:
641 2601 804 2628 eminentem
822 2601 971 2636 replebant,
992 2606 1018 2629 et
1033 2602 1082 2629 im-

303 2646 466 2680 probitatem
484 2646 555 2673 illam
571 2648 730 2682 multiplicis
741 2648 842 2675 erroris
854 2647 991 2679 fovebant,
1007 2648 1081 2683 impii

304 2699 401 2726 nempe
415 2691 525 2726 quidam
542 2696 568 2718 et
580 2693 653 2720 athei
669 2693 815 2720 daemones.
832 2693 882 2725 Qui
896 2692 950 2720 Deo
962 2694 1003 2720 vel
1021 2697 1081 2720 tan—

303 2738 360 2762 tum
376 2741 563 2764 commovente
578 2745 616 2769 se,
632 2742 658 2765 et
671 2738 704 2764 ad
714 2738 865 2765 facinorum
880 2739 1007 2765 ultionem
1024 2746 1083 2765 sese

303 2782 448 2815 excitante,
460 2782 547 2814 primo
562 2783 668 2817 quidem
683 2783 807 2818 dissipati
818 2787 845 2811 et
857 2784 902 2811 alii
913 2784 1006 2818 procul
1022 2784 1082 2811 aliis

303 2825 429 2859 dispersi,
445 2826 542 2854 deinde
557 2827 584 2854 in
594 2827 683 2862 fugam
696 2829 766 2855 versi
780 2833 860 2861 sunt,
878 2837 908 2856 ac
920 2833 1012 2864 postea
1029 2830 1082 2857 sie-

305 2875 332 2897 ut
347 2871 438 2898 deﬁcit
457 2872 548 2900 fumus
564 2873 736 2905 defecerunt,
749 2878 776 2901 et
794 2874 866 2902 sicut
880 2875 1006 2903 liauescit
1020 2884 1081 2903 cera

1131 2291 1174 2313 τος
1188 2283 1269 2309 αὑτοῦ
1285 2284 1329 2309 καὶ
1347 2286 1379 2319 τῇ
1399 2285 1573 2321 μακροθυμίᾳ
1589 2286 1659 2322 φέρῃ
1675 2287 1738 2318 τοὺς
1750 2287 1924 2322 ἁμαρτάνον-

1131 2337 1178 2359 τας
1201 2329 1247 2355 καὶ
1267 2330 1306 2360 εἰς
1322 2330 1400 2356 αὑτὸν
1415 2331 1589 2363 ἁσεὸοὖντας·
1608 2332 1638 2358 τὸ
1662 2332 1691 2358 δὲ
1716 2333 1850 2360 κινεῖσθαι
1867 2334 1924 2360 sui.

1130 2373 1324 2406 διανίστασθαι,
1348 2376 1455 2402 ἐπειδὰν
1474 2376 1523 2408 τὰς
1552 2377 1705 2412 ὲκδικὴσεις
1718 2378 1832 2413 ποιῆσαι
1842 2378 1924 2410 ἐπεξ-

1133 2418 1179 2444 ιὼν
1201 2419 1256 2450 τοῖς
1273 2419 1484 2455 ἁμαρτάνουσιν.
1512 2422 1560 2448 Ἵν⁹
1577 2420 1622 2448 οὖν
1640 2422 1690 2458 ἡδη
1706 2422 1772 2449 ποτὲ
1795 2423 1924 2450 παύσων-

1130 2471 1174 2490 ται
1198 2465 1256 2496 ταῖς
1271 2466 1341 2492 κατὰ
1361 2467 1415 2493 τῶν
1440 2467 1590 2503 ἀνθρώπων
1616 2468 1785 2500 δυναστείαις
1806 2469 1833 2495 οἰ
1856 2477 1923 2505 προ-

1131 2510 1268 2545 λεχθέντες
1285 2512 1388 2548 ἐχθροὶ,
1405 2514 1578 2549 διαναστῆναι
1598 2515 1642 2541 τὸν
1667 2515 1733 2541 Θεὸν
1756 2514 1804 2542 καὶ
1824 2515 1918 2548 διεγεῖ-

1132 2565 1176 2592 ραι
1199 2552 1294 2585 έαυτὸν
1319 2559 1359 2590 εἰς
1383 2559 1520 2595 ἐκδίκησιν
1541 2560 1666 2593 ἱκετεύει,
1685 2561 1759 2592 ὅπως
1786 2561 1812 2587 οἱ
1837 2560 1922 2587 πάλαι

1132 2602 1202 2628 κατὰ
1214 2603 1245 2629 τὸ
1257 2603 1322 2630 αὐτὸ
1338 2605 1500 2640 συνηγμένοι
1514 2606 1559 2632 καὶ
1572 2605 1658 2642 κακὴν
1675 2606 1835 2641 συμφωνίαν
1852 2605 1919 2642 πρὸς

1132 2646 1260 2682 ἀλλήλους
1287 2648 1411 2684 θέμενοι,
1448 2650 1496 2686 τὴν
1521 2651 1570 2686 τῆς
1595 2651 1754 2686 δαιμονικῆς
1777 2650 1912 2678 εἰδωλολα-

1131 2693 1223 2727 τρείας
1235 2714 1242 2725 ,
1263 2694 1475 2723 διασκεδασθιῦσι
1503 2697 1611 2732 μακρὰν
1629 2697 1749 2732 ἀλλήλων
1765 2695 1916 2732 γενόμ-ενοι.

1139 2739 1244 2774 Ἐχθροὶ
1258 2739 1286 2766 δὲ
1311 2740 1357 2767 τοῦ
1384 2742 1451 2768 Θεοῦ
1474 2743 1522 2769 καὶ
1536 2743 1677 2778 μισοῦντες
1700 2743 1780 2770 αὑτδν
1794 2740 1875 2778 ἦσαν.
1890 2740 1915 2766 οἵ

1132 2784 1176 2810 τὸν
1193 2786 1262 2821 ὑπὲρ
1287 2786 1338 2821 γῆς
1356 2787 1423 2823 ἀέρα
1446 2788 1613 2824 πληροῦντες
1636 2789 1682 2816 καὶ
1698 2790 1747 2824 τὴν
1763 2789 1792 2815 ὲν
1815 2786 1904 2823 ἀνθρώ

1133 2839 1193 2862 ποις
1208 2832 1360 2868 πολυπλανῆ
1382 2834 1479 2861 κακίαν
1502 2835 1674 2869 ἐνεργοῦντες
1696 2835 1834 2866 δυσσεὸεἳς
1843 2841 1910 2860 τινες

1134 2878 1179 2903 καὶ
1201 2878 1273 2904 ἄθεοι
1295 2879 1427 2914 δαίμονες⁸
1447 2881 1481 2912 οἳ,
1502 2881 1655 2916 κινηθέντος
1669 2881 1751 2909 αὑτοῦ
1777 2882 1853 2917 μόνον
1866 2876 1907 2905 τοῖ
