2041 3215
167 166 216 198 681
725 171 946 202 COMMENTAR‘

998 173 1032 201 IN
1049 172 1222 202 I'SALSIOS.
1273 120 1294 161 θ
1305 122 1332 161 Ἷ
1741 180 1798 209 682

165 228 245 262 Θεοῦ,
261 229 309 257 καὶ
321 230 368 257 ἐπὶ
382 230 432 266 τὴν
450 230 503 258 τῶν
523 231 717 268 πραττομένων
744 233 883 270 ἐκδίκησιν
896 234 946 261 tam

1010 242 1025 262 ιι
1042 234 1111 262 facie
1125 235 1206 270 ignis.
1229 235 1270 263 sic
1286 241 1313 263 et
1335 237 1373 264 illi
1397 238 1511 272 perituri
1539 243 1628 268 erant.
1655 239 1798 273 Quomodo

164 276 210 302 τὸν
227 275 419 312 διεγείραντος,
441 276 549 312 πρῶτον
571 277 620 313 μὲν
640 279 831 314 ἐσκορπίζωτη
849 281 946 315 μακραί

1007 286 1099 309 autem
1112 282 1183 309 sicut
1193 281 1286 309 deﬁcit
1296 282 1387 311 fumus
1398 284 1548 313 defecerint
1561 286 1711 314 adversarii
1724 288 1796 322 ejus.

165 319 288 357 ἀλλήλων
309 321 573 357 διασκεδαννύμενοι,
599 321 647 350 εἴτ’
672 324 791 359 ἐχρῶντο
807 327 891 361 φυγῇ·
911 335 946 352 κα

1009 327 1156 363 intelliges,
1173 328 1196 355 si
1225 327 1428 356 animadvertas
1452 337 1505 364 qua
1529 331 1634 359 ratione
1649 333 1714 360 olim
1739 319 1799 369 ipse

166 367 235 401 μετὰ
258 365 344 394 ταῦτα
372 367 409 399 ὡς
436 367 557 394 ἐκλείπει
578 370 682 401 καπνὸς
700 370 831 402 ἐξέλιπον,
849 371 896 397 καὶ
920 371 946 396 ὡκ

1008 374 1135 402 diabolus
1154 378 1182 401 et
1201 375 1320 402 ministri
1339 375 1400 410 ejus
1419 378 1683 407 transl'ormarentur
1702 380 1729 408 in
1750 365 1800 408 an-

151 414 278 461 l‘c'hxsrat
290 412 373 448 κηρὸς
389 412 443 439 ἀπὸ
458 413 604 449 προσώπου
628 415 721 450 πυρὸς,
737 415 824 447 οὕτως
841 416 946 451 ἧμελλο·

1008 420 1083 455 gelos
1103 419 1184 451 lucis,
1206 420 1358 447 secundum
1378 422 1549 456 Apustolum,
1570 425 1616 459 qui
1635 425 1695 452 ait:
1718 425 1800 461 tlpse

165 458 343 486 ἀπόλλυσθαι.
367 459 482 495 Νοήσεις
509 460 536 486 δὲ
561 460 636 492 ὅπως
654 461 692 493 ὡς
712 461 833 488 ἐκλείπει
855 462 957 493 rami);

163 503 288 537 ἐξέλιπον
302 505 429 541 οἰεχθροὶ
444 505 536 537 αὐτοῦ,
555 507 704 542 ἐπιστήσας
727 507 765 539 ὡς
785 508 816 534 τὸ
833 507 883 542 μὲν
904 516 956 534 πα-

163 551 238 578 λαιδν
264 552 528 588 μετεσχηματίζοντο
548 554 588 585 εἰς
614 553 747 587 ἀγγέλους
763 553 860 588 φωτὸς,
875 554 956 585 αὐτὸς

162 597 191 624 δὲ
205 597 355 629 ὁδιάδολος
378 598 424 624 καὶ
447 599 470 624 οἱ
492 598 608 625 διάκονοι
620 598 702 625 αὑτοῦ
726 599 794 626 κατὰ
810 600 856 626 τὸν
880 600 956 626 Ἀπό-

162 642 266 674 στολον,
291 642 320 674 ὃς
339 651 429 678 φησιν·
450 653 459 668 ι
475 643 559 675 Αὐτὸς
582 644 636 679 γὰρ
652 644 666 669 ὁ
682 644 804 675 Σατανᾶς
819 652 955 679 μετασχη-

162 688 307 723 ματίζεται
320 690 361 720 είς
376 689 489 724 ἄγγελον
506 689 602 723 φωτός.
621 700 629 715 ι
644 691 681 716 Οὐ
699 690 770 725 μέγα
790 688 837 717 οὖν
860 691 884 717 εί
907 691 954 717 καὶ

157 733 188 761 οἱ
202 733 320 761 διάκονοι
338 735 420 762 αὑτοῦ
449 736 730 772 μετασχηματίζονται
759 737 798 768 είς
823 736 954 770 ἀγγέλους

159 780 343 815 δικαιοσύνης,
358 781 572 816 ὲχρησμοδὸτουν
592 789 623 808 τε
639 782 698 807 τότε
716 781 787 808 κατὰ
804 782 891 808 πάντα
907 781 953 807 τό-

159 834 222 858 πον,
235 826 364 861 μαντείας
378 827 423 853 καὶ
436 826 583 863 Θεραπείας
594 827 836 862 ἐπαγγελλόμενοι,
845 828 882 859 ὡς
891 828 954 860 τοὺς

157 870 358 906 δεισιδαίμονας
382 871 455 898 θύειν
480 872 571 903 αὐτοῖς
594 872 653 898 καθ’
677 872 830 908 ὑπερϐολὴν
855 873 953 908 μανίας

160 914 207 947 καὶ
230 914 266 942 τὰ
289 915 392 942 ἑαυτῶν
408 916 533 950 φίλτατα.
558 915 626 942 Νυνὶ
650 915 678 941 δὲ

155 962 312 998 ἁφανισμδς
324 962 372 989 καὶ
390 963 492 998 ἐρημία
505 962 626 996 γέγονεν,
637 962 675 994 ὡς
691 962 758 998 μηδὲ
774 962 884 997 μνήμην
902 962 951 988 αὐ-

154 1005 213 1033 τῶν
242 1006 424 1033 ὲπιλιπὲσθαι’
441 1007 564 1040 ἐξέλιπον
589 1007 616 1034 δὲ
642 1007 681 1039 ὡς
707 1007 827 1034 ἐκλείπει
850 1007 953 1039 καπνὸς

155 1051 374 1084 ἀποσϐεσθέντας
388 1053 477 1079 αὐτῶν
493 1052 540 1079 τοῦ
555 1053 652 1089 πυρός·
669 1053 709 1079 διὸ
724 1053 770 1079 καὶ
783 1052 899 1087 ἀλλαχοῦ
915 1052 954 1079 εἴ-

155 1107 250 1135 ρηται·
280 1108 291 1125 t
314 1099 410 1135 ’Δνέὁη
434 1100 536 1131 καπνὸς
561 1100 590 1125 ἐν
605 1099 674 1134 ὀργῇ
695 1099 787 1126 αὐτοῦ.
807 1109 816 1125 δ
852 1100 883 1126 Ἡ
898 1099 952 1135 γὰρ

157 1145 205 1172 τοῦ
221 1144 290 1172 Θεοῦ
305 1145 375 1181 ὀργὴ
388 1144 492 1176 τούτοις
507 1145 598 1176 αὐτοῖς
614 1145 776 1177 ἐπελθοῦσα,
791 1145 822 1171 τὸ
838 1145 893 1181 πῦρ
908 1146 953 1172 αὐ-

157 1188 257 1225 τῶν
273 1190 439 1226 κατέφλεγον
457 1190 506 1222 τὰς
525 1190 578 1217 τῶν
597 1190 747 1226 ἀνθρώπιον
769 1191 859 1230 ψμχὰς
884 1199 950 1217 κατ-

156 1237 278 1264 έσϐεσενι
288 1234 318 1264 οῦ
330 1237 498 1269 σόεσθέντος,
508 1237 593 1272 ἀνέὗη
605 1239 716 1269 καπνός.
726 1237 806 1265 Ἀλλὰ
815 1239 862 1265 καὶ
874 1235 950 1270 οὗτος

152 1282 171 1308 ὁ
179 1283 283 1315 καπνὸς
294 1283 390 1319 μηκέθ’
398 1283 605 1318 ὑποκαιόμενος,
618 1283 684 1319 μηδὲ
694 1283 763 1318 ἔχων
773 1284 869 1312 ὁπόθεν
889 1285 951 1311 ὑπο-

156 1331 220 1366 στῆ,
231 1330 359 1357 ἐκλείπει.
370 1331 454 1364 Ἐπεὶ,
467 1331 495 1358 δὲ
506 1331 519 1357 ὁ
530 1331 596 1363 Θεὸς
608 1331 666 1366 φῶς
680 1332 748 1363 ἐστι,
759 1332 806 1359 καὶ
817 1333 909 1359 σκοτία
920 1334 949 1360 ἐν

155 1375 232 1412 αὐτῷ
243 1377 294 1403 οὐκ
311 1376 383 1403 ἔστιν
396 1377 520 1412 οὐδεμία,
536 1377 614 1404 τοῦτο
627 1377 657 1404 τὸ
671 1377 729 1412 φῶς
743 1379 800 1410 τοῖς
818 1378 891 1413 αὐτῷ
907 1378 950 1413 φί-

151 1422 212 1455 λοις
229 1422 325 1458 σοφίας
343 1423 390 1450 καὶ
408 1423 544 1458 γνώσεως,
558 1424 605 1450 καὶ
625 1424 753 1460 ἀληθείας
765 1425 949 1460 μαρμαρυγὰς

152 1469 305 1504 ἐκπέμπει,
317 1469 354 1501 ὡς
364 1470 445 1505 φάναι
459 1470 567 1502 αὐτοὺς,
581 1480 590 1496 t
602 1471 771 1507 Ἐσημειώθη
782 1471 823 1506 ἐφ’
836 1472 907 1507 ἡμᾶς
920 1472 950 1498 τὸ

155 1515 213 1549 φῶς
227 1515 274 1542 τοῦ
291 1515 436 1551 προσώπου
451 1524 508 1547 σου,
526 1515 621 1551 Κύριε.
641 1525 650 1541 ν
669 1516 731 1548 Τοῖς
748 1516 776 1542 δὲ
794 1516 949 1552 προλεχθεῖ-

153 1568 197 1587 σιν
214 1560 322 1596 ἐχθροῖς
336 1561 416 1587 αὐτοῦ
432 1560 488 1596 πῦρ
508 1561 677 1594 καταφλέγον
693 1561 826 1595 γίγνεται.
849 1561 894 1587 Διὸ
906 1560 949 1587 λέ-

153 1606 247 1633 λεκται
256 1608 286 1633 ὲν
298 1606 410 1642 ἑτέροις·
431 1616 440 1631 t
454 1606 514 1642 Πῦρ
530 1606 645 1633 ἐνώπιον
666 1606 746 1633 αὐτοῦ
764 1606 942 1642 καυθήσεται,
960 1600 981 1627 C

153 1652 300 1687 καὶκύκλῳ
309 1652 391 1679 αὐτοῦ
400 1652 526 1686 καταιγὶς
541 1652 651 1687 σφοδρά·
660 1661 669 1677 ›
680 1652 816 1688 καὶ,ιΠῦρ
824 1653 943 1679 ἐναντίον

153 1698 236 1726 αὐτοῦ
253 1699 429 1735 καυθήσεται,
448 1699 495 1725 καὶ
508 1698 614 1733 φλογιεῖ
630 1699 733 1730 πάντας
751 1699 814 1730 τοὺς
829 1698 943 1734 ἐχθροὺς

153 1745 246 1772 αὑτοῦ.
265 1755 273 1771 ι
297 1745 352 1772 Καὶ
371 1746 400 1772 ἐν
415 1745 454 1780 τῷ
472 1745 540 1781 μετὰ
554 1747 648 1780 χεῖρας
664 1746 689 1771 οἱ
707 1744 798 1780 ἐχθροὶ
812 1745 842 1771 οὐ
864 1745 942 1780 μόνον

151 1791 289 1818 ἐκλείπειν
302 1791 339 1822 ὡς
351 1791 462 1823 καπνὸς,
477 1791 544 1818 ἀλλὰ
558 1792 605 1817 καὶ
617 1791 656 1823 ὡς
667 1792 779 1827 τήκεται
795 1792 879 1827 κηρὸς
890 1791 943 1818 ἀπὸ

152 1835 299 1873 προσώπου
313 1836 409 1873 πυρὸς,
421 1837 506 1869 οὕτως
526 1837 688 1873 ὲκτήκεσθαι
705 1837 844 1873 εἴρηνται·
867 1838 942 1864 ἐπει-

150 1884 239 1919 δήπερ
253 1882 330 1909 αὺτοὶ
351 1883 464 1915 ἑαυτοὺς
479 1883 592 1919 ἐχθροὺς
605 1883 651 1910 τοῦ
669 1883 736 1909 Θεοῦ
750 1884 940 1919 πεποιήκασιν.

154 1930 186 1956 ‘0
207 1929 262 1965 γὰρ
281 1928 347 1961 Θεὸς
363 1930 459 1964 ἀγαπᾷ
474 1929 507 1956 τὰ
525 1930 589 1956 ὄντα
606 1929 705 1962 πάντα,
728 1930 775 1956 καὶ
791 1929 866 1956 οὐδὲν
884 1929 942 1965 βδε-

148 1976 280 2003 λύσσεται
293 1972 330 2002 ὧν
343 1976 479 2011 ἐποίησεν·
494 1976 553 2002 οὐδὲ
564 1977 618 2012 γὰρ
634 1976 720 2012 μισῶν
734 1985 761 2002 τι
773 1976 941 2003 κατεσκεύα-

149 2021 192 2055 Cr
210 2021 251 2049 διὸ
270 2022 374 2055 οὐδενὸς
388 2023 484 2059 ἐχθρὸς
496 2023 586 2054 αὑτός.
599 2024 630 2049 Οἱ
643 2023 671 2049 δὲ
683 2023 867 2058 μαχρύνοντες
879 2024 941 2050 ἑαυ-

147 2069 212 2101 τοὺς
228 2069 275 2095 ἀπ’
292 2069 386 2101 αὑτοῦ,
406 2070 453 2096 καὶ
477 2070 700 2106 ὲχθροποιοῦντες
721 2070 850 2102 ἑαυτοὺς,
879 2070 939 2096 ὲπι-

149 2115 271 2143 σπῶνται
289 2116 338 2152 τὴν
351 2116 500 2144 ἀπώλειανο
521 2117 559 2148 ὡς
578 2116 715 2151 λέγεσθαι·
741 2126 751 2142 ι
769 2118 828 2143 Ὀτι
848 2117 901 2144 ίδοὺ
914 2119 939 2143 οἱ

149 2163 334 2199 μακρύνοντες
347 2163 459 2195 ἑαυτοὺς
471 2163 525 2190 ἀπδ
535 2163 581 2189 σοῦ
594 2162 766 2189 ἀπολοῦνται.
783 2172 791 2188 ι
815 2163 892 2190 Οὕτω
910 2162 938 2189 δὲ

147 2208 196 2238 καὶ
212 2208 319 2244 μισοῦσι
341 2208 387 2234 τὸν
408 2208 474 2234 Θεδν
494 2209 518 2234 οἱ
542 2207 576 2234 τὰ
593 2208 639 2234 ὑπ’
663 2207 744 2234 αὑτοῦ
764 2208 938 2243 μεμισημένα

149 2248 325 2289 πράττοντες.
340 2252 432 2279 Ταῦτα
454 2253 502 2288 μὲν
517 2250 564 2279 οὖν
583 2252 644 2278 καθ’
662 2253 710 2278 ἕνα
729 2251 847 2287 λελέχθω
874 2253 937 2288 τρό-

147 2307 209 2326 πον.
233 2299 310 2326 Ἐπεὶ
334 2298 362 2325 δὲ
386 2300 402 2334 ἠ
423 2299 498 2325 πᾶσα
520 2299 672 2335 προφητεία
688 2299 852 2335 εὐαγγελικὴ
875 2307 939 2334 τυγ-
954 2300 976 2327 II

146 2345 234 2381 χάνοι,
251 2344 300 2372 θέα
320 2346 423 2381 μήποτε
437 2345 524 2372 ταῦτα
541 2346 580 2377 εἰς
599 2345 644 2372 τὸν
657 2345 722 2372 Θεὸν
738 2346 824 2380 Λόγον
837 2346 937 2381 ἀναφέ-

146 2399 235 2427 ρεται,
249 2391 279 2423 ὃς
294 2389 328 2427 ἦν
344 2391 393 2426 μὲν
417 2391 500 2418 πάλαι
521 2392 550 2418 ἐν
568 2392 624 2422 τοῖς
639 2391 749 2423 κόλποις
764 2392 938 2427 ἀναπαυόμε-

146 2445 191 2469 νος
204 2437 251 2464 τοῦ
261 2437 378 2474 Πατρός
399 2447 408 2462 ‹
427 2437 472 2464 Ἐν
488 2438 574 2473 ἀρχῇι
590 2438 643 2472 γὰρ
661 2435 708 2473 (ἦν
720 2439 734 2464 ὁ
749 2438 845 2473 Λόγος·
861 2438 908 2465 καὶ
924 2439 939 2464 ὁ

144 2483 232 2517 Λόγος
246 2481 280 2518 ἦν
295 2483 362 2519 πρὸς
377 2483 421 2510 τὸν
439 2483 515 2514 Θεὸν,
530 2484 576 2510 καὶ
590 2483 655 2515 Θεὸς
669 2481 703 2519 ἦν
718 2485 732 2510 ὀ
747 2484 858 2518 Λόγος.»
873 2485 935 2511 Καί·

147 2524 248 2561 «οὗτος
259 2526 293 2565 ἦν
307 2529 336 2555 ὲν
350 2529 419 2564 ἀρχῇ
439 2529 507 2565 πρὸς
517 2528 562 2555 τὸν
578 2529 654 2561 Θεὸν,
673 2539 683 2556 ›
704 2529 785 2561 αὐτὸς
801 2528 835 2566 ἦν
849 2531 863 2557 ὁ
878 2531 935 2558 Μο-

144 2571 258 2608 νογενὴς
279 2573 326 2599 τοῦ
347 2573 415 2600 Θεοῦ
434 2574 449 2599 ὁ
465 2573 503 2599 ὢν
517 2574 556 2605 είς
574 2574 620 2600 τὸν
640 2573 738 2601 κόλπον
753 2574 800 2601 τοῦ
818 2576 934 2611 Πατρός.

149 2618 226 2645 Ἐπεὶ
242 2618 271 2645 δὲ
286 2619 392 2655 μορφὴν
405 2619 498 2645 δούλου
510 2618 610 2650 λαϐὼν,
624 2620 670 2646 καὶ
683 2621 801 2657 σχήματι
814 2621 936 2658 εὑρεθεὶς

144 2666 181 2697 ὡς
197 2664 350 2701 ἄνθρωπος,
362 2665 543 2692 ὲταπίνωσεν
554 2666 650 2692 ἑαυτὸν
668 2667 748 2703 μέχρι
766 2667 892 2698 θανάτου,
906 2668 936 2694 τδ

144 2712 256 2748 Πνεῦμα
271 2713 302 2739 τὺ
321 2714 398 2747 ἅγιον
417 2713 528 2745 simtu;
544 2713 592 2748 τὴν
613 2713 760 2741 ἀνάστασιν
783 2714 865 2741 αὐτοῦ
892 2715 936 2741 ϐε-

143 2758 234 2791 σπίςει
248 2759 336 2794 λέγον·
346 2768 356 2785 ‹
368 2760 522 2795 ’Δναστήτω
535 2761 550 2786 ὸ
566 2760 643 2792 Θεὸς,
661 2760 708 2787 καὶ
722 2760 935 2797 διασκορπισθή-

177 2850 199 2866 ⁹¹¹
212 2849 233 2876 ll
252 2849 316 2885 Cor.
330 2857 371 2883 ιι,
389 2850 433 2878 Ν.
472 2851 494 2866 ’⁸³
507 2850 580 2879 Psal.
597 2859 665 2884 x‘vn,
686 2851 712 2879 9.
751 2851 858 2880 "Psal.
882 2860 918 2885 ιγ,
936 2853 946 2879 1

1001 2852 1094 2880 ‘Psal.
1119 2862 1193 2885 ηις,
1212 2854 1238 2882 5.

142 2885 186 2913 ΞἹ.
224 2886 235 2901 ⁸
250 2884 330 2912 Joan.
347 2894 366 2918 ι,
381 2886 405 2913 l.
445 2888 456 2903 ⁵
469 2886 534 2913 ibid.
550 2887 578 2913 2.

302 2933 435 2964 Ρλτιιοι..
466 2934 525 2965 Gn.
553 2933 672 2964 XXlll.

1004 467 1079 494 enim
1100 466 1217 493 Satanas
1236 466 1450 495 transformatur
1468 469 1496 496 in
1511 471 1635 505 angelum
1654 471 1724 499 lucis
1739 472 1772 498 '7.
1786 482 1796 498 ι

1006 510 1066 538 Non
1081 519 1208 546 magnum
1220 510 1314 547 itaque
1325 512 1464 547 quidpiam
1476 513 1499 541 si
1511 514 1628 542 ministri
1639 515 1698 550 ejus
1709 520 1799 544 trans-

1007 556 1193 584 formarentur
1209 557 1234 584 in
1251 558 1363 593 angelos
1380 558 1504 592 justitiaa,
1520 567 1570 587 nec
1583 561 1607 587 si
1622 565 1689 588 tunc
1708 562 1798 590 omni-

1007 603 1058 630 bus
1071 602 1100 630 in
1115 604 1183 630 locis
1197 605 1308 630 oracula
1327 604 1459 638 ederent,
1481 606 1610 633 vaticinia
1635 611 1662 634 et
1678 605 1800 636 ctiratio-

1006 658 1055 679 nes
1080 651 1259 686 pollicentes;
1281 651 1318 678 ita
1342 656 1371 678 ut
1400 644 1585 688 superstitiosi
1606 653 1731 682 homines
1750 663 1799 689 per

1005 703 1140 722 summam
1156 697 1293 724 insaniam
1310 697 1353 724 vel
1368 697 1420 725 sibi
1437 698 1601 726 charissima
1617 700 1685 734 ipsis
1699 700 1782 727 immo

1005 742 1103 769 lareut.
1119 741 1198 770 Nunc
1210 749 1275 770 vero
1295 749 1390 770 eorum
1406 743 1529 771 omnium
1543 744 1624 771 ruina
1640 749 1667 772 et
1679 745 1798 773 desertio

1004 789 1137 825 contigit,
1162 789 1200 817 ita
1225 792 1255 816 ut
1278 795 1313 817 ne
1332 790 1374 817 vel
1388 798 1484 818 eorum
1501 791 1631 818 memoria
1646 792 1767 828 supersit
1789 802 1796 820 :

1001 835 1197 870 exstinctaque
1216 835 1338 870 ipsorum
1362 836 1424 872 igne
1440 836 1600 865 defecerunt
1619 838 1690 866 sicut
1707 838 1799 866 deﬁcit

1005 881 1107 909 fumus.
1130 881 1221 915 Quare
1232 882 1290 909 alio
1309 882 1337 909 in
1357 883 1418 909 loco
1436 882 1536 910 dicitur
1553 893 1560 911 :
1579 891 1589 909 ι
1605 884 1736 912 Ascendit
1755 885 1798 913 fu-

708 916 819 942 ὲκείνων
842 915 946 942 πάντων

1002 935 1063 954 mus
1081 927 1108 954 in
1129 927 1168 954 ira
1189 927 1248 962 ejus
1263 928 1297 955 ⁸⁸.
1317 938 1326 953 ι
1348 927 1415 955 Nam
1431 929 1472 955 ira
1492 928 1539 955 Dei
1556 929 1689 959 invadens
1709 931 1795 966 ipsos.

1003 972 1093 1008 ignem
1109 974 1241 1009 ipsorum,
1254 982 1309 1009 quo
1324 974 1430 1003 animas
1445 975 1587 1004 hominum
1602 976 1795 1009 incendebant.

1002 1020 1130 1047 restinxit
1145 1030 1152 1047 :
1167 1027 1222 1055 quo
1237 1020 1381 1053 restincto,
1402 1021 1526 1049 ascendit
1547 1022 1649 1051 fumus.
1669 1023 1722 1051 Sed
1736 1024 1796 1060 ipse

1003 1065 1095 1093 fumus
1122 1074 1184 1092 cum
1210 1066 1280 1100 ignis
1301 1074 1356 1093 non
1382 1067 1482 1099 subsit,
1503 1075 1554 1096 nec
1574 1068 1674 1097 habeat
1693 1070 1721 1097 in
1741 1078 1795 1106 quo

1003 1111 1147 1145 subsistat,
1168 1112 1270 1140 deﬁcit.
1302 1112 1372 1146 Quia
1395 1121 1460 1141 vero
1480 1113 1552 1142 Deus
1569 1115 1615 1142 lux
1629 1120 1681 1149 est,
1707 1120 1735 1144 et
1754 1120 1795 1144 te-

1002 1157 1094 1185 nebrae
1113 1158 1187 1185 ineo
1202 1165 1258 1186 non
1278 1162 1343 1186 sunt
1365 1158 1437 1191 ullae.
1456 1159 1514 1187 haec
1539 1160 1586 1187 lux
1611 1161 1707 1189 amicis
1736 1162 1795 1190 suis

1003 1204 1154 1238 sapientiae,
1182 1203 1303 1231 scientia:
1328 1208 1355 1232 et
1376 1205 1500 1233 veritatis
1518 1206 1615 1234 radios
1629 1207 1739 1240 emittit,
1758 1209 1793 1235 ita

1001 1254 1031 1276 ut
1044 1250 1136 1277 dicant
1151 1259 1158 1277 :
1179 1259 1188 1275 ‹
1203 1250 1348 1286 Signatum
1370 1257 1412 1279 est
1434 1258 1517 1286 super
1532 1260 1583 1280 nos
1596 1253 1688 1282 lumen
1703 1255 1795 1283 vultus

1001 1295 1051 1327 tui,
1070 1295 1185 1323 Domine
1196 1296 1237 1329 ”;
1254 1306 1263 1322 ι
1280 1296 1401 1325 inimicis
1417 1302 1507 1324 autem
1525 1298 1584 1326 suis
1595 1304 1677 1334 supra
1689 1303 1795 1328 memo—

1001 1343 1068 1370 ratis
1083 1342 1153 1378 ignis
1169 1350 1334 1371 consumens
1346 1348 1398 1371 est.
1425 1343 1516 1377 Quare
1528 1344 1591 1372 alibi
1606 1345 1709 1373 dictum
1726 1352 1768 1374 est
1785 1357 1792 1374 :

1001 1398 1012 1414 ι
1032 1388 1104 1423 lgnis
1118 1389 1145 1415 in
1157 1393 1308 1423 conspectu
1328 1389 1389 1424 ejus
1406 1390 1576 1423 exardescet,
1590 1395 1617 1418 et
1633 1392 1660 1418 in
1675 1393 1793 1419 circuitu

999 1434 1059 1469 ejus
1080 1438 1227 1469 tempestas
1242 1434 1331 1462 valida
1345 1435 1371 1467 ¹;
1396 1445 1405 1461 ι
1423 1439 1450 1462 et
1464 1445 1472 1462 :
1489 1445 1498 1461 ι
1514 1435 1586 1471 Ignis
1605 1437 1632 1463 in
1644 1441 1793 1472 conspectu

999 1481 1060 1515 ejus
1089 1480 1260 1514 exardescet,
1278 1486 1304 1508 et
1330 1481 1509 1509 inﬂammabit
1538 1489 1633 1509 omnes
1663 1483 1790 1510 inimicos

1000 1525 1060 1558 ejus
1070 1525 1108 1552 ⁸.»
1130 1525 1159 1552 ln
1180 1526 1307 1560 praesenti
1322 1533 1430 1561 quoque
1443 1526 1546 1553 inimici
1564 1527 1624 1562 ejus
1637 1535 1691 1555 non
1712 1528 1792 1555 modo

1001 1575 1031 1597 ut
1045 1570 1136 1599 fumus
1150 1571 1277 1603 deﬁcere,
1291 1571 1338 1599 scd
1354 1571 1426 1599 sicut
1438 1571 1497 1599 ﬂuit
1511 1578 1575 1599 cera
1590 1581 1606 1600 a
1624 1573 1692 1601 facie
1709 1574 1790 1609 ignis.

998 1617 1036 1643 ita
1050 1621 1077 1644 et
1099 1617 1151 1652 ipsi
1174 1617 1329 1652 liquescere
1344 1618 1484 1645 dicuntur.
1511 1618 1648 1651 Quoniam
1665 1620 1715 1654 ipsi
1731 1628 1792 1660 sese

998 1662 1124 1690 inimicos
1138 1662 1185 1690 Dei
1201 1664 1413 1691 constituerunt.
1448 1662 1520 1691 Deus
1535 1665 1608 1691 enim
1625 1666 1716 1692 omnia
1730 1673 1791 1701 qua

997 1712 1061 1735 sunt
1080 1713 1170 1742 amat,
1192 1713 1220 1737 et
1243 1710 1310 1737 nihil
1331 1709 1388 1737 odit
1411 1717 1507 1737 eorum
1520 1717 1583 1746 qua!
1602 1709 1666 1738 Recit
1681 1721 1687 1738 :
1703 1715 1791 1747 neque

995 1755 1069 1782 enim
1090 1755 1194 1790 aliquid
1217 1755 1340 1783 condidit
1357 1755 1431 1791 quod
1445 1756 1548 1784 odisset
1562 1766 1569 1790 ;
1586 1764 1673 1791 quare
1688 1758 1791 1786 nullius

997 1800 1127 1827 inimicus
1144 1800 1202 1834 ipse
1215 1804 1268 1827 est.
1306 1800 1358 1833 Qui
1373 1808 1437 1828 vero
1451 1808 1511 1828 sese
1527 1800 1561 1827 ab
1576 1801 1635 1836 ipso
1654 1802 1733 1837 longe
1746 1808 1790 1829 re-

996 1851 1115 1879 movent,
1138 1847 1280 1882 ipsiusque
1296 1854 1326 1873 se
1345 1847 1472 1874 inimicos
1486 1846 1616 1879 elﬁciunt,
1639 1848 1788 1883 perniciem

996 1892 1048 1919 sibi
1060 1892 1212 1924 attrahunt,
1230 1892 1267 1919 ita
1283 1897 1313 1919 ut
1326 1892 1434 1919 dicatur
1452 1900 1459 1919 :
1479 1891 1638 1925 «Quiaecce
1653 1894 1698 1928 qui
1712 1894 1789 1921 ‘elon-

994 1943 1059 1973 gant
1075 1945 1104 1965 se
1123 1945 1138 1964 a
1159 1941 1197 1969 te,
1214 1938 1341 1973 peribunt
1351 1938 1372 1963 '.
1388 1947 1397 1963 ι
1414 1938 1460 1964 Sic
1475 1941 1565 1964 autem
1578 1943 1607 1965 et
1623 1938 1706 1965 Deum
1719 1938 1788 1967 ode-

994 1988 1069 2016 runt,
1095 1983 1142 2018 qui
1164 1986 1265 2018 perosa
1286 1984 1337 2018 ipsi
1353 1987 1523 2018 perpetrant.
1550 1983 1613 2011 Haec
1633 1984 1716 2020 igitur
1730 1992 1787 2012 unc

993 2031 1075 2057 modo
1101 2030 1174 2057 dicta
1200 2030 1311 2058 iuerint.
1341 2031 1411 2058 Cum
1436 2038 1519 2066 porro
1532 2030 1624 2058 omnis
1645 2031 1787 2066 prophetia

992 2076 1150 2111 evangelica
1162 2077 1210 2110 sit,
1231 2077 1392 2105 consideres
1404 2077 1487 2105 velim
1501 2084 1566 2104 nam
1583 2077 1640 2104 haec
1655 2077 1688 2104 ad
1699 2076 1788 2104 Deum

993 2121 1112 2149 Verbum
1128 2121 1293 2154 referantur,
1312 2122 1388 2158 quod
1408 2122 1518 2158 quidem
1541 2122 1605 2149 olim
1629 2122 1657 2149 in
1674 2127 1789 2157 palm-no

993 2168 1055 2196 sinu
1078 2168 1268 2204 requiescebat
1293 2178 1300 2195 :
1327 2177 1336 2194 ‹
1351 2168 1380 2196 1η
1406 2169 1542 2204 principio
1560 2178 1571 2196 ι
1597 2170 1670 2197 enim
1698 2178 1709 2195 ι
1727 2169 1797 2196 'erat'

995 2213 1123 2245 Verbum,
1141 2217 1168 2241 et
1183 2213 1302 2241 Verbum
1316 2218 1376 2242 erat
1400 2214 1473 2249 apud
1489 2214 1585 2247 Deum,
1601 2215 1628 2241 et
1643 2213 1714 2241 Deus
1728 2204 1793 2241 (ξι-ιε’.Ι

992 2258 1113 2286 Verbum
1128 2260 1149 2285 ⁵.
1170 2268 1180 2284 ι
1201 2258 1233 2286 Et
1259 2269 1265 2287 :
1292 2269 1302 2285 ‹
1317 2259 1468 2287 Hoc'erat
1493 2260 1521 2287 in
1548 2260 1684 2295 principio
1714 2260 1786 2294 apud

992 2304 1076 2332 Deum
1089 2304 1110 2337 ⁸,
1122 2314 1132 2329 ι
1148 2305 1237 2340 ipsum
1251 2310 1310 2332 erat
1322 2304 1483 2341 Unigenitus
1497 2305 1555 2337 Dei,
1568 2305 1614 2340 qui
1626 2308 1668 2332 est
1681 2304 1710 2331 in
1722 2305 1786 2332 sinu

991 2350 1091 2378 Patris.
1124 2350 1194 2384 Quia
1213 2358 1278 2379 vero
1295 2351 1410 2378 formam
1427 2352 1500 2379 servi
1515 2351 1673 2386 acciplens.
1690 2354 1717 2378 et
1734 2350 1786 2378 ba-

992 2397 1050 2424 bitu
1065 2397 1192 2425 inventus
1201 2401 1231 2425 ut
1244 2398 1336 2429 homo,
1344 2398 1498 2425 humiliavit
1506 2397 1682 2432 semetipsum
1698 2399 1786 2432 usque

992 2443 1025 2470 ad
1039 2447 1171 2476 mortem;
1187 2443 1249 2477 jure
1264 2443 1384 2480 Spiritus
1399 2446 1512 2471 sanatus
1527 2443 1588 2478 ejus
1602 2443 1785 2470 resurrectio~

991 2497 1053 2517 nem
1078 2489 1243 2516 vaticinatur
1267 2489 1373 2521 dicens,
1395 2498 1405 2514 ι
1425 2489 1561 2524 Exsurgat
1574 2489 1646 2517 Deus
1661 2493 1690 2516 et
1701 2488 1785 2517 dissi-

990 2536 1090 2567 pentur
1113 2532 1216 2559 inimici
1234 2541 1241 2558 :
1263 2541 1272 2558 ι
1294 2533 1338 2560 ubi
1362 2541 1412 2568 per
1434 2533 1520 2566 illud,
1548 2543 1558 2560 ι
1575 2532 1666 2566 Deus.
1683 2543 1692 2559 I
1711 2533 1783 2561 Deus

990 2577 1109 2605 Verbum
1125 2578 1295 2614 intelligitur.
1319 2579 1373 2606 Aut
1394 2579 1484 2606 oratio
1503 2579 1549 2607 illa
1560 2579 1594 2608 de
1608 2579 1719 2607 Christo
1729 2579 1783 2606 bac

991 2624 1104 2659 profert,
1134 2633 1143 2649 σ
1163 2624 1317 2661 Exsurgat,
1333 2635 1342 2651 ι
1361 2631 1388 2654 et
1417 2626 1451 2654 ad
1476 2626 1668 2654 universorum
1696 2625 1782 2652 Deum

989 2670 1139 2704 emittitur;
1166 2671 1203 2697 ita
1230 2676 1261 2698 ut
1285 2672 1351 2699 illud
1363 2693 1369 2704 ,
1391 2682 1402 2698 ‹
1416 2673 1500 2706 Deus,
1518 2682 1528 2699 ι
1546 2673 1590 2700 sic
1606 2671 1756 2707 accipiatur
1771 2680 1780 2698 :

989 2715 1011 2743 0
1029 2716 1111 2745 Deus.
1129 2722 1260 2752 exsurgat
1274 2717 1402 2747 Christus
1414 2722 1490 2752 tuus,
1506 2725 1534 2747 et
1544 2719 1712 2753 dissipentur
1726 2717 1781 2744 ini-

989 2763 1136 2798 miciejus.
1165 2763 1331 2800 Gongregati
1358 2770 1475 2801 namque
1499 2769 1567 2794 sunt
1593 2764 1697 2792 inimici
1719 2764 1781 2799 ejus

1291 2857 1300 2871 ⁷
1316 2855 1388 2882 Psal.
1416 2864 1489 2888 xcvi,
1514 2857 1540 2883 5.
1579 2855 1778 2887 'Psal.1.nu,

1523 2934 1561 2954 φ)

1522 2956 1562 2964 u—
