2041 3215
264 148 317 177 685

554 139 560 147 |
604 151 742 181 EUSEBH
762 150 1007 180 CESARIENSIS
1025 150 1103 179 OPP.
1122 150 1214 179 PARS
1232 151 1276 179 111.
1295 166 1331 174 -—
1349 151 1557 180 EXEGETlCA.

1845 155 1895 183 684

265 213 387 244 tempore
412 208 549 244 passionis
576 208 680 244 ipsius,
708 208 819 244 quando
852 218 862 234 ‹
883 208 1044 237 fremuerunt

1104 216 1195 235 τωσαν
1206 208 1231 235 οι
1245 207 1337 244 ἐχθροὶ
1349 207 1441 235 αὐτοῦ·
1449 218 1459 234 ι
1475 207 1542 235 Θεοῦ
1554 214 1700 244 νοουμενου
1709 209 1760 237 eoi
1766 210 1834 237 Θεοῦ
1846 212 1895 239 Δό-

263 258 368 289 ιςθιιιεε,
391 259 419 282 ct
441 255 533 290 populi
549 255 672 282 meditati
689 259 753 282 sunt
772 255 873 282 inania.
900 255 1052 282 Astiterunt

263 307 350 333 reges,
368 303 395 326 et
420 300 558 335 principes
572 304 759 327 convenerunt
775 300 802 327 in
817 308 902 327 unum
920 301 1052 328 adversus

262 343 405 371 Dominum
415 348 442 372 et
451 345 583 372 adversus
594 345 735 373 Christum
751 345 810 379 ejus
818 345 838 372 ⁵.
847 354 855 370 ι
867 344 956 371 Hoscc
970 352 1052 379 porro

261 397 356 417 omnes
374 390 541 417 resurrectio
563 389 666 417 Christi
691 397 725 416 ex
751 390 866 416 mortuis
881 389 1024 425 dissipavit
1043 399 1050 416 :

261 440 380 470 tuncque
404 434 564 462 defecerunt
581 440 611 461 ut
627 435 718 462 delicit
734 434 836 466 fumus,
853 438 880 461 et
896 435 966 461 sicut
993 434 1052 461 (luit

261 488 324 507 cera
341 488 356 508 a
375 480 444 508 facie
469 481 549 516 ignis.
585 480 663 508 llunc
680 489 747 508 sane
758 481 897 508 Christum
918 480 963 508 Dei
988 480 1051 507 odio

261 525 426 557 habuerunt,
453 533 484 552 ac
506 525 655 552 etiamnum
680 526 807 556 oderunt,
825 526 870 560 qui
895 525 1052 560 frequenter

261 573 343 608 impia
358 572 442 604 dicta,
453 573 577 600 convicia
592 578 618 600 et
629 572 785 607 blasphcma
801 573 883 599 verba
898 572 1051 607 proferunt,

259 619 320 653 ejus
333 617 483 646 Ecclesium
498 624 656 654 oppugnant
671 627 702 646 ac
718 619 870 646 doctrinam
883 620 1053 647 calumnian-

261 668 316 692 tur.
331 663 398 691 Nam
414 665 482 692 alias
495 665 584 693 nullos
603 665 724 700 reperire
740 669 782 692 est
795 665 841 700 qui
860 665 1051 693 universorum

261 709 346 737 Deum
361 710 488 744 oderint;
504 718 593 745 neque
609 711 680 738 enim
698 710 749 746 ipsi
766 711 838 738 athei
853 715 880 738 et
893 711 985 746 impii,
1002 719 1050 739 ne-

260 763 314 790 que
330 756 440 791 maligni
453 757 600 788 daemones,
622 764 711 791 neque
726 757 826 792 impuri
842 757 955 792 spiritus
971 758 997 784 id
1011 757 1052 784 di-

259 801 359 828 xerint.
377 802 411 827 At
424 801 562 829 Christum
579 802 626 829 Dei
641 810 670 829 se
682 802 745 829 odio
761 802 862 829 habere
877 807 969 837 aperte
986 811 1050 838 pro-

261 846 383 878 fitentur,
409 847 497 882 primo
523 847 541 874 ii
567 848 600 875 de
617 848 718 882 quibus
731 849 788 883 ipse
807 857 854 884 per
880 850 1050 885 prophetiam

259 893 297 919 ita
313 893 385 920 fatur
406 903 412 920 :

258 939 332 969 losa,
349 943 375 965 ct
390 938 562 965 sermonibus
576 936 632 964 odii
646 937 883 967 circumdederunt
898 943 987 971 me,ct
1002 947 1046 967 ex-

258 987 446 1018 pugnaverunt
460 992 502 1011 me
514 984 609 1019 gratis.
626 984 678 1012 Pro
690 993 722 1012 eo
735 989 764 1012 ut
775 993 818 1013 me
829 985 983 1021 diligerent,
999 985 1049 1013 de-

257 1030 402 1057 trahebant
424 1030 501 1057 mihi.
533 1030 564 1057 Et
590 1037 740 1066 posuerunt
757 1032 900 1059 adversum
919 1040 961 1059 ulc
978 1033 1049 1060 mala

256 1083 307 1111 pro
320 1076 411 1107 bonis,
432 1080 460 1103 et
474 1077 566 1104 odium
581 1086 630 1113 pro
646 1078 791 1105 dilectione
807 1079 904 1112 mca’;
925 1088 933 1103 ι
951 1079 1049 1107 deinde

256 1121 303 1156 qui
320 1125 381 1156 post
396 1121 458 1149 illos
473 1123 555 1149 etiam
573 1131 646 1150 nunc
664 1123 691 1151 in
713 1124 802 1159 ipsum
823 1124 980 1160 hlasphema
1003 1125 1047 1152 di-

256 1171 302 1194 cta
325 1167 478 1202 proferunt.
508 1168 641 1196 Caeterum
665 1177 760 1196 onmes
787 1170 889 1196 inimici
916 1171 992 1205 ejus,
1020 1175 1047 1199 et

255 1212 303 1247 qui
333 1213 450 1241 oderunt
480 1221 542 1240 eum
572 1215 698 1249 dissipati
728 1219 792 1242 sunt
825 1219 853 1242 et
883 1216 1010 1251 fugerunt
1030 1225 1046 1245 a

256 1259 328 1287 facie
351 1260 462 1288 virtutis
476 1261 547 1296 ejus,
571 1261 783 1296 defeceruntque
808 1262 878 1289 sicut
894 1262 985 1290 delicit
1001 1264 1045 1290 [υς

255 1313 336 1338 mus,
353 1310 380 1334 et
401 1307 473 1334 sicut
491 1307 550 1335 ﬂuit
565 1315 628 1335 cera
651 1315 666 1334 a
691 1307 760 1335 facie
777 1308 859 1343 ignis.
886 1308 973 1336 Nemo
994 1310 1045 1345 igi-

255 1357 301 1380 tur
313 1361 345 1380 ex
362 1354 518 1382 odieutibus
533 1363 594 1382 eum
613 1355 724 1390 impune
738 1364 860 1391 unquam
876 1361 909 1384 ex
926 1357 975 1384 hac
988 1358 1044 1384 vita

254 1398 391 1434 migravit.
405 1399 457 1428 Sed
474 1401 556 1428 etiam
573 1402 710 1436 principes
728 1403 912 1435 sacerdotum,
929 1403 1042 1437 Scriba,

253 1445 386 1474 Phariszei
402 1451 430 1474 et
445 1447 599 1480 Sadducaei.
616 1449 662 1483 qui
676 1448 791 1476 insidias
810 1449 875 1476 olim
893 1450 946 1484 ipsi
962 1458 1042 1485 para-

254 1495 329 1524 runt,
347 1492 384 1518 ita
398 1491 568 1524 defecerunt,
582 1497 611 1519 ut
629 1501 719 1528 neque
744 1494 876 1521 memoria
894 1502 990 1522 eorum
1007 1496 1041 1523 ad

253 1537 402 1573 hocusque
415 1541 533 1572 tempus,
552 1547 641 1574 neque
656 1547 756 1566 nomen
767 1540 840 1574 apud
857 1539 966 1568 Judmos
980 1549 1039 1569 ser-

252 1586 341 1610 vetur.
361 1583 438 1611 Tunc
453 1588 509 1611 tota
524 1592 619 1612 eorum
643 1586 718 1612 natio
741 1586 769 1613 in
786 1594 881 1614 omnes
898 1592 990 1622 gentes
1005 1588 1043 1614 di-

254 1637 349 1664 spersa
366 1630 556 1665 dissipataque
575 1635 627 1658 est.
645 1631 856 1667 insequentibus
885 1641 950 1661 vero
973 1637 1042 1661 tem-

252 1676 366 1710 poribus
378 1680 513 1711 quotquot
529 1676 682 1704 Ecclesiam
705 1678 766 1712 ejus
784 1683 988 1714 oppugnarunt,
1005 1680 1042 1707 si-

253 1720 355 1748 militer
365 1725 392 1748 et
409 1721 460 1756 ipsi
476 1722 635 1750 defecerunt
647 1723 718 1750 sicut
730 1723 820 1751 deﬁcit
832 1725 932 1756 fumus.
946 1729 973 1752 et
991 1726 1043 1752 sic-

253 1771 283 1793 ut
299 1766 358 1793 ﬂuit
373 1775 436 1794 cera
457 1775 472 1795 a
500 1767 570 1796 facie
586 1769 667 1803 ignis.
687 1769 792 1797 Inimici
813 1778 879 1806 ergo
894 1770 997 1799 Christi
1014 1776 1041 1799 et

251 1811 300 1847 qui
317 1812 434 1839 oderunt
446 1821 509 1840 cum
523 1814 587 1841 talia
602 1814 676 1849 passi
702 1818 783 1847 sunt;
811 1815 983 1850 maximeque
998 1817 1041 1843 in-

251 1858 374 1886 visibiles
389 1863 416 1886 et
429 1859 530 1886 occulti
549 1859 664 1891 inimici,
689 1860 802 1896 maligni
817 1868 914 1896 nempe
938 1862 1040 1889 daemo-

251 1912 300 1932 nes
312 1909 338 1932 et
352 1905 466 1940 spiritus
479 1913 608 1941 nequam.
623 1906 670 1941 qui
687 1906 752 1933 olim
773 1907 923 1934 multorum
947 1908 1040 1935 numi-

250 1958 317 1978 num
333 1952 437 1979 erroris
448 1956 577 1979 auctores
594 1956 673 1979 erant
690 1961 696 1979 :
713 1952 760 1987 qui
777 1958 839 1988 post
857 1953 1040 1981 resurrectio-

251 2004 312 2024 nem
331 2004 364 2024 ex
388 1998 504 2024 mortuis
520 1991 643 2032 penitus'
657 1999 783 2034 dissipati
809 2003 884 2027 sunt.
902 1999 1040 2035 lidemque

250 2042 302 2076 ipsi
315 2042 499 2076 liquescentes
513 2044 586 2071 sicut
600 2052 663 2072 cera
673 2052 687 2071 a
699 2044 768 2072 facie
783 2045 866 2080 ignis,
882 2046 1039 2073 clamabant

250 2089 374 2116 dicentes
393 2098 400 2116 :
430 2098 439 2113 ε
456 2088 532 2121 Sine,
546 2091 612 2125 quid
631 2091 711 2119 nobis
728 2095 755 2119 et
769 2092 829 2123 tibi,
842 2091 893 2118 Fili
911 2092 976 2120 Dei?
991 2101 1039 2120 ve-

249 2133 316 2161 nisti
329 2138 391 2161 ante
405 2137 513 2169 tempus
527 2139 656 2170 torquere
671 2144 722 2164 nos
731 2138 752 2166 ⁸.
769 2146 778 2162 ι
796 2136 864 2164 Nam
876 2137 986 2165 deitatis
998 2139 1039 2173 ip-

250 2180 308 2208 sius
329 2180 482 2208 invisibiles
497 2186 525 2209 et
542 2182 643 2209 occulti
659 2182 740 2214 radii,
760 2187 897 2210 tormenta
913 2184 1038 2212 dolores-

1105 263 1163 288 γου.
1175 254 1210 280 Ἣ
1224 255 1274 290 τῆς
1288 255 1371 290 εὐχῆς
1390 255 1453 290 περὶ
1468 255 1517 290 μὲν
1530 255 1577 281 τοῦ
1591 255 1708 290 Χριστοῦ
1720 256 1895 292 λεγούσηςὼ,

1108 310 1115 325 ι
1129 301 1281 336 ’Λναστήτω
1291 321 1298 332 ,
1310 310 1319 325 ι
1331 301 1397 336 πρὸς
1403 301 1431 327 δὲ
1439 301 1484 327 τὸν
1493 300 1559 327 Θεὸν
1567 300 1619 327 τῶν
1629 300 1696 328 ὅλων
1702 302 1788 328 ἀναπε
1793 302 1896 341 μπομέ-

1104 356 1162 381 νης·
1173 341 1275 383 ἵν’ᾕτὸ,
1283 357 1292 372 ι
1303 347 1317 372 ὁ
1326 347 1401 378 Θεὸς,
1410 357 1418 371 ι
1429 347 1550 379 ἀντὶτοῦ,
1561 344 1651 378 ὧΘεέ,
1660 347 1822 383 ἀναστήτωὸ
1830 348 1895 384 Χρι-

1106 393 1166 424 στός
1172 401 1230 424 σου,
1237 394 1284 420 καὶ
1291 393 1579 429 διασκορπισθήτωσαν
1593 394 1618 419 οἱ
1626 393 1718 429 ἐχθροὶ
1725 393 1820 420 αὐτοῦ.
1833 394 1896 421 Συν-

1103 439 1225 475 ήχθησαν
1245 440 1292 475 μὲν
1300 439 1354 475 γὰρ
1369 441 1393 466 οἱ
1404 439 1496 474 ἐχθροὶ
1504 439 1586 466 αὑτοῦ
1602 439 1672 466 κατά
1679 440 1722 466 τὸν
1731 439 1778 466 τοῦ
1796 440 1896 473 πάθους

1103 482 1186 508 αὐτοῦ
1196 483 1300 517 καιρὸν,
1316 483 1434 518 ὁπηνίκα
1443 493 1452 508 ί
1467 482 1605 518 ἐφρύαξαν
1622 483 1696 519 ἔθνη,
1705 484 1753 511 καὶ
1766 484 1826 511 λαοὶ
1835 485 1896 520 εμε-

1103 526 1219 562 λέτησαν
1233 527 1307 554 κενά.
1319 527 1496 562 Παρέστησαν
1504 529 1528 554 οἱ
1543 527 1661 563 βασιλεῖς
1674 530 1721 556 καὶ
1729 531 1754 556 οί
1767 530 1895 566 ἄρχοντες

1104 572 1275 608 συνήχθησαν
1283 573 1329 600 ἐπὶ
1339 574 1369 600 τὸ
1382 574 1447 600 αὐτὸ
1457 574 1527 601 κατὰ
1541 574 1588 601 τοῦ
1598 575 1702 610 Κυρίου
1714 578 1761 602 καὶ
1768 576 1840 603 κατά
1849 576 1894 603 τοῦ

1103 619 1221 654 Χριστοῦ
1230 619 1322 646 αὑτοῦ.
1331 629 1340 644 ι
1351 620 1462 646 Πάντων
1471 621 1499 647 δὲ
1506 620 1608 648 τούτων
1617 621 1832 657 διασκορπισμὺν
1839 623 1856 658 ἡ
1864 623 1895 649 ἐκ

1103 665 1206 700 νεκρῶν
1215 666 1361 697 ἀνάστασις
1369 666 1414 692 τοῦ
1422 666 1540 702 Χριστοῦ
1554 668 1764 703 κατειργάσατο⁶
1773 668 1895 701 ὲξέλιπᾶν

1102 720 1131 738 τε
1137 712 1173 744 ὡς
1179 712 1299 738 ἐκλείπει
1307 713 1419 744 καπνὸς,
1427 713 1473 739 καὶ
1481 713 1519 745 ὡς
1528 714 1642 749 τήκεται
1653 723 1686 749 κη
1692 714 1737 749 ρδς
1748 714 1803 741 ἀπὸ
1811 715 1904 751 προσ-’

1103 757 1177 785 ώπου
1196 759 1291 794 πυρός.
1308 760 1363 786 Καὶ
1384 759 1477 786 τοῦτον
1494 768 1525 794 γε
1548 761 1595 787 τὸν
1625 760 1742 795 Χριστὸν
1762 760 1810 788 τοῦ
1826 761 1894 789 Θεοῦ

1103 805 1246 840 ἐμίσησαν,
1263 805 1372 840 μισοῦσί
1390 815 1419 832 τε
1437 806 1520 832 εἰσέτι
1534 807 1581 833 καὶ
1595 806 1654 839 νῦν,
1669 807 1693 833 οἱ
1710 807 1831 843 συνεχῶς
1844 809 1893 836 αῦ-

1103 851 1146 877 τὸν
1165 850 1253 883 ἀθέοις
1269 851 1357 885 λόγοις
1375 852 1421 878 καὶ
1440 851 1583 888 λοιδορίαις
1599 852 1833 888 βλασφημοῦντες,
1846 855 1894 891 τήν

441 903 450 919 ι
477 892 570 921 Loculi
593 900 657 921 sunt
675 895 818 922 adversum
833 904 876 924 me
895 897 986 931 lingua
1001 895 1044 923 do-

1101 904 1130 922 τε
1152 896 1314 932 Ἐκκλησίαν
1330 897 1411 924 αὑτοῦ
1429 898 1620 933 πολεμοῦντες,
1643 900 1689 926 καὶ
1704 899 1753 935 τὴν
1768 900 1894 928 διδασκα-

1101 941 1160 968 λίαν
1171 942 1367 975 διαϐάλλοντες.
1394 944 1498 976 ’Ἄλλως
1514 937 1571 980 γὰρ’
1582 945 1628 971 τὸν
1644 946 1690 972 ἐπὶ
1702 945 1811 973 πάντων
1827 946 1892 973 Θεὸν

1100 986 1150 1012 οὑκ
1174 985 1207 1012 ἃν
1237 987 1311 1022 εὖροι
1337 988 1483 1022 μισοῦντάς
1505 997 1592 1021 τινας·
1614 990 1674 1017 οὐδὲ
1693 991 1747 1027 γὰρ
1769 992 1848 1019 αὑτοὶ
1868 993 1894 1019 οἱ

1100 1032 1173 1058 ἄθεοι
1190 1034 1237 1059 καὶ
1253 1034 1402 1066 δυσσεϐεῖς·
1428 1035 1485 1061 ἀλλ’
1509 1036 1570 1062 οὑδέ
1583 1037 1609 1062 οἱ
1624 1037 1736 1073 πονηροὶ
1754 1038 1892 1073 δαίμονες,

1099 1077 1158 1103 οὺδέ
1171 1077 1204 1104 τὰ
1220 1078 1364 1114 ἀκάθαρτα
1379 1079 1521 1114 πνεύματα
1535 1080 1607 1106 τοῦτ’
1622 1080 1655 1108 ἂν
1670 1082 1781 1108 εἴποιεν.
1797 1082 1851 1108 Τὸν
1863 1082 1892 1110 δὲ

1098 1123 1214 1159 Χριστὸν
1229 1123 1275 1150 τοῦ
1296 1124 1363 1150 Θεοῦ
1383 1124 1608 1160 ὁμολογουμένως
1621 1126 1765 1162 ἐμίσησαν·
1789 1127 1892 1162 πρῶτοι

1100 1169 1148 1204 μὲν
1175 1170 1283 1201 ἐκεῖνοι,
1296 1171 1361 1206 περὶ
1375 1166 1412 1196 ὧν
1425 1171 1505 1202 αὐτὸς
1519 1171 1563 1197 διά
1577 1171 1627 1207 τῆς
1641 1172 1810 1208 προφητείας
1823 1172 1890 1208 ἔφα-

1099 1223 1171 1241 σκεν·
1199 1225 1208 1241 ι
1233 1215 1381 1251 Ἐλάλησαν
1398 1217 1457 1243 κατ’
1475 1217 1542 1252 ἐμοῦ
1557 1217 1667 1254 γλώσσῃ
1684 1218 1769 1254 δολία,
1785 1214 1833 1245 καὶ
1853 1218 1893 1245 λό-

1097 1270 1155 1295 γοις
1166 1261 1261 1296 μίσους
1269 1261 1426 1289 ἐκύκλωσάν
1437 1271 1481 1298 με,
1491 1263 1538 1289 καὶ
1547 1263 1719 1299 ὲπολέμησάν
1728 1272 1762 1299 με
1773 1263 1889 1300 δωρεάν.

1104 1307 1174 1334 Ἀντὶ
1187 1307 1233 1333 τοῦ
1251 1308 1361 1343 ἀγαπᾷν
1371 1317 1403 1344 με
1418 1309 1585 1336 ὲνδιέὸαλλόν
1603 1318 1646 1345 με.
1663 1309 1815 1337 Καὶέθεντο
1829 1312 1889 1338 κατ’

1096 1353 1162 1388 ἐμοῦ
1171 1353 1242 1380 κακά
1256 1354 1316 1380 ἀντὶ⁸
1323 1354 1442 1388 ἀγαθῶν,
1453 1356 1499 1381 καὶ
1508 1357 1584 1390 μῖσος
1591 1355 1651 1382 ἀντὶ
1663 1356 1712 1391 τῆς
1722 1356 1890 1392 ἀγαπήσεὼς

1097 1408 1157 1434 μουν
1173 1410 1181 1425 ι
1205 1400 1299 1427 ἔπειτα
1322 1400 1369 1427 καὶ
1389 1401 1414 1427 οἱ
1431 1402 1490 1436 μετ’
1505 1402 1625 1433 ἐκείνους
1645 1403 1728 1429 εἰσέτι
1743 1402 1791 1429 νῦν
1808 1403 1889 1430 αὑτὸν

1095 1445 1326 1481 βλασφημοῦντες.
1351 1446 1423 1482 Πλὴν
1449 1447 1549 1479 πάντες
1570 1448 1594 1473 οἱ
1613 1447 1704 1483 ἐχθροὶ
1727 1447 1822 1480 αὑτοῦ,
1843 1449 1889 1476 καὶ

1096 1494 1121 1519 οἱ
1138 1492 1280 1528 μισοῦντες
1296 1493 1376 1520 αὐτὸν
1391 1493 1637 1529 διεσκορπίσθησαν
1656 1494 1703 1520 καὶ
1719 1493 1888 1529 πεφεύγασιν

1094 1539 1149 1565 ἀπὸ
1164 1539 1310 1575 προσώπου
1334 1539 1384 1574 τῆς
1405 1539 1546 1574 δυνάμεως
1571 1539 1663 1566 αὐτοῦ.
1697 1539 1836 1573 Ἐξέλιπόν
1857 1548 1887 1567 τε

1092 1585 1131 1616 ὡς
1151 1585 1268 1612 ἐκλείπει
1285 1585 1387 1617 καπνὸς
1402 1586 1447 1612 καὶ
1458 1585 1496 1616 ὡς
1515 1586 1626 1621 τήκεται
1642 1586 1725 1622 κηρὸς
1736 1585 1791 1613 ἀπὸ
1802 1594 1886 1622 προσ-

1093 1631 1168 1658 ώπου
1193 1632 1290 1667 πυρός.
1320 1632 1424 1658 Αὐτίκα
1446 1632 1510 1667 γοῦν
1542 1632 1628 1663 οὐδεὶς
1646 1631 1754 1659 πώποτε
1767 1632 1823 1660 τῶν
1840 1641 1888 1669 με-

1095 1679 1247 1714 μισηκότων
1261 1680 1342 1706 αὑτὸν
1355 1679 1527 1716 ἀτιμώρητος
1543 1679 1664 1715 διεξῆλθε
1680 1680 1726 1707 τὸν
1739 1680 1806 1716 βίον·
1819 1681 1888 1708 ἀλλὰ

1093 1724 1140 1750 καὶ
1156 1725 1180 1750 οἱ
1199 1725 1281 1751 πάλαι
1309 1726 1360 1761 τὴν
1378 1726 1523 1761 ἐπιϐουλὴν
1548 1725 1624 1761 αὐτῷ
1639 1725 1822 1760 τυρεύσαντες
1835 1727 1886 1763 ἀρ-

1092 1771 1193 1805 χιερεῖς
1206 1772 1253 1797 καὶ
1269 1774 1452 1807 γραμματεῖς,
1470 1773 1612 1808 Φαρισαῖοι
1640 1772 1688 1798 καὶ
1712 1772 1888 1800 Σαδδουκαῖοι

1091 1816 1177 1848 οὓτως
1190 1818 1320 1850 ἐξέλιπον,
1346 1818 1384 1850 ὡς
1403 1819 1470 1854 μηδὲ
1489 1819 1599 1853 μνήμην
1615 1817 1706 1844 αὐτῶν
1732 1818 1817 1846 εἰσέτι
1838 1818 1888 1846 νῦν

1093 1862 1153 1897 μηδ’
1163 1862 1247 1898 ὄνομα
1259 1863 1334 1900 παρά
1350 1864 1487 1895 Ἰουδαίοις
1502 1863 1646 1895 σώζεσθαι.
1663 1864 1729 1890 Τότε
1744 1865 1801 1892 πᾶν
1810 1864 1888 1898 ἔθνος

1091 1909 1180 1935 αὐτῶν
1214 1909 1411 1946 διασκεδασμδν
1439 1911 1486 1937 καὶ
1512 1911 1727 1947 διασκορπισμὸν
1754 1910 1887 1947 ὑπέμεινε

1090 1956 1130 1986 εἰς
1144 1955 1232 1983 πάντα
1243 1956 1276 1982 τὰ
1286 1956 1361 1992 ἐθνηθ
1375 1957 1422 1983 καὶ
1438 1958 1466 1983 ἐν
1483 1958 1539 1989 τοῖς
1549 1957 1618 1992 μετά
1632 1956 1717 1984 ταῦτα
1731 1957 1759 1984 δὲ
1777 1957 1886 1994 χρόνοις

1091 2001 1191 2034 πάντες
1206 2003 1263 2029 ὅσοι
1279 2003 1327 2038 τὴν
1351 2003 1515 2039 Ἐκκλησίαν
1540 2003 1623 2031 αὑτοῦ
1647 2003 1886 2040 πεπολεμήκασιν,

1089 2048 1189 2083 ὁμοίως
1201 2048 1323 2081 ἐξέλιπον
1340 2050 1386 2076 καὶ
1403 2050 1481 2076 αὐτοὶ
1504 2050 1542 2082 ὡς
1562 2050 1682 2076 ἐκλείπει
1709 2050 1813 2083 καπνὸς
1837 2050 1886 2078 καὶ

1090 2094 1128 2126 ὡς
1140 2095 1251 2129 τήκεται
1283 2095 1368 2131 κηρὸς
1384 2095 1438 2122 ἀπὸ
1453 2095 1598 2132 προσώπου
1615 2096 1710 2132 πυρός.
1724 2096 1756 2123 Οἱ
1773 2096 1824 2132 μὲν
1838 2094 1886 2124 οὖν

1090 2140 1181 2176 ἐχθροὶ
1195 2140 1241 2167 τοῦ
1252 2141 1371 2177 Χριστοῦ
1395 2142 1445 2168 καὶ
1471 2143 1496 2168 οἱ
1523 2141 1664 2177 μισοῦντες
1675 2142 1755 2169 αὐτὸν
1768 2141 1885 2169 τοιαῦτα

1090 2185 1251 2218 πεπόνθασι,
1266 2186 1314 2213 καὶ
1326 2186 1367 2212 ἔτι
1386 2186 1486 2221 μᾶλλον
1497 2187 1521 2213 ot
1532 2186 1644 2222 ἀόρατοι
1655 2188 1703 2214 καὶ
1715 2187 1831 2221 ἀφανεῖς
1842 2188 1886 2223 ἐχ-

247 2234 301 2261 que
328 2226 394 2254 talia
427 2227 584 2254 dicentibus
615 2228 787 2256 invexerunt.
819 2228 920 2256 Dexter
956 2237 1039 2265 porro

1096 2232 1159 2268 3901,
1172 2234 1284 2268 πονηροὶ
1296 2233 1422 2269 δαίμονες
1432 2234 1478 2260 καὶ
1493 2233 1618 2270 μοχθηρὰ
1634 2234 1791 2270 πνεύματα,
1800 2233 1836 2261 δι’
1845 2231 1884 2262 ὧν

248 2273 399 2300 amicorum
414 2272 462 2300 Dei
474 2274 542 2301 ordo
557 2274 658 2309 quibus
673 2275 700 2302 in
713 2274 869 2302 Servatoris
887 2277 973 2303 nostri
991 2284 1035 2303 re-

248 2320 421 2348 surrectione
437 2320 576 2348 frueretur
595 2321 685 2352 bouis,
711 2321 841 2356 deinceps
865 2322 943 2349 docct
971 2330 1036 2357 pro-

247 2365 340 2400 phetia
351 2374 411 2399 qua:
426 2366 464 2392 ait
482 2375 489 2393 :
509 2375 518 2392 (
536 2365 645 2400 Etjusti
663 2366 789 2394 lmtentur
805 2371 831 2393 et
851 2367 988 2394 exsultent
1008 2367 1036 2394 in

247 2417 395 2446 conspectu
420 2412 477 2444 Dei,
493 2412 662 2441 delectentur
678 2414 704 2440 in
720 2413 824 2440 laetitia.
848 2423 857 2439 ι
875 2413 945 2446 Quid
968 2413 1035 2440 illud

246 2457 294 2489 sit,
307 2466 362 2485 non
378 2459 543 2494 simpliciter
558 2460 645 2486 laetari
659 2463 686 2487 et
700 2460 851 2491 exsultare,
866 2460 914 2487 sed
927 2460 953 2486 in
968 2467 1035 2487 con-

246 2507 342 2538 spectu
370 2504 416 2531 Dei
444 2510 472 2532 et
496 2506 567 2540 apud
593 2505 677 2533 Deum
697 2507 739 2534 his
750 2506 865 2541 perfrui,
887 2507 1035 2542 divinaque

244 2551 384 2585 voluptate
403 2551 539 2585 gaudere,
562 2560 617 2580 non
632 2555 731 2588 [potest
758 2561 808 2588 pro
831 2553 928 2580 merito
953 2561 1034 2581 enar-

243 2604 312 2625 rari.

1090 2278 1124 2304 τὰ
1141 2279 1191 2314 τῆς
1205 2279 1335 2306 πολυθέου
1353 2280 1456 2316 πλάνης
1470 2281 1611 2316 ἐνηργεῖτο
1621 2281 1715 2308 πάλαι*
1735 2277 1774 2307 ὧν
1786 2289 1884 2308 παντε-

1090 2324 1138 2360 λὴς
1151 2325 1365 2361 διασκορπισμὸς
1381 2326 1450 2361 μετὰ
1476 2327 1524 2362 τὴν
1548 2328 1581 2354 ἐκ
1604 2327 1709 2364 νεκρῶν
1733 2328 1884 2356 ἀνάστασιν

1090 2371 1220 2405 γέγονεν·
1256 2372 1280 2398 ot
1307 2372 1329 2398 δ’
1358 2373 1448 2405 αὐτοὶ,
1478 2373 1622 2409 τηκόμενοι
1655 2374 1694 2406 ὡς
1718 2374 1804 2410 κηρὸς
1827 2374 1883 2402 ἀπὸ

1090 2417 1237 2452 προσώπου
1270 2418 1365 2453 πυρὸς,
1387 2419 1472 2445 ἐϐόων
1500 2419 1634 2453 λέγοντες
1650 2429 1660 2445 ι
1679 2420 1740 2447 Ἔα·
1758 2420 1786 2447 τί
1813 2421 1882 2456 ἡμῖν

1091 2464 1136 2489 καὶ
1154 2464 1206 2495 σοὶ,
1240 2464 1287 2491 Υἱὲ
1311 2465 1393 2498 Θεοῦ;
1422 2463 1524 2498 Ἦλθες
1561 2465 1614 2502 πρὸ
1641 2466 1737 2502 καιροῦ
1769 2466 1882 2502 βασανί-

1091 2518 1134 2536 σαι
1150 2510 1249 2545 ἡμᾶς.»
1268 2511 1301 2537 Αἱ
1317 2512 1372 2547 γὰρ
1385 2511 1434 2547 τῆς
1457 2511 1582 2547 θεότητος
1605 2512 1687 2540 αὐτοῦ
1702 2512 1816 2547 ἀόρατοι
1833 2511 1881 2539 καὶ

1089 2555 1200 2589 ἀφανεῖς
1217 2557 1334 2589 ἀκτῖνες,
1351 2557 1482 2592 βασάνους
1495 2559 1541 2584 καὶ
1554 2557 1703 2593 ἀλγηδόνας
1723 2559 1782 2590 τοῖς
1792 2558 1880 2586 ταῦτα

1089 2601 1197 2636 λέγουσι
1211 2605 1349 2639 παρεῖχον.
1381 2603 1417 2630 Τό
1433 2603 1460 2630 δέ
1478 2613 1509 2638 γε
1534 2604 1620 2636 δεξιὸν
1642 2604 1696 2630 τῶν
1720 2604 1806 2639 φίλων
1830 2603 1880 2631 τοῦ

244 2645 311 2671 Θεοῦ
323 2644 415 2681 τάγμα
426 2645 526 2672 ὁποίων
538 2646 672 2673 ἀπέλαυεν
703 2647 814 2682 ἀγαθῶν
828 2649 857 2674 ἐν
887 2649 919 2684 τῇ
936 2648 982 2675 τοῦ
1007 2649 1134 2684 Σωτῆρος
1165 2651 1243 2685 ἡμῶν
1268 2652 1425 2684 ἀναστάσει,
1457 2652 1520 2687 ἑξῆς
1535 2652 1654 2679 διδάσκει
1675 2653 1692 2688 ή
1723 2651 1878 2688 προφητεία

244 2692 369 2727 λέγουσαο
390 2703 400 2718 ι
424 2693 479 2719 Καὶ
497 2694 521 2719 οἰ
538 2694 636 2721 δίκαιοι
660 2695 901 2731 εὐφρανθήτωσαν,
927 2696 1151 2730 ἁγαλλιάσοωσαν
1182 2698 1296 2726 ἐνώπιον
1326 2699 1373 2726 τοῦ
1396 2700 1474 2733 Θεοῦ,
1499 2701 1693 2736 τερφθήτωσαν
1716 2701 1747 2727 ἐν
1775 2700 1877 2736 εὐφρο-

243 2741 338 2777 σύνῃ.»
358 2741 464 2768 Ὀποίον
478 2741 506 2767 δέ
526 2742 583 2768 ἐστι
599 2742 630 2768 τὸ
657 2743 694 2778 μὴ
723 2743 816 2775 ἁπλῶς
841 2743 1036 2779 εὐφραίνεσθαι
1055 2745 1102 2771 καὶ
1134 2746 1275 2782 ἀγαλλιᾷν,
1292 2747 1350 2774 ἀλλ’
1367 2747 1482 2775 ἐνώπιον
1510 2748 1556 2775 τοῦ
1575 2739 1643 2776 Θεοῦ
1661 2749 1709 2776 καὶ
1737 2747 1814 2785 παρὰ
1834 2746 1877 2784 τῷ

243 2789 302 2825 Θεῷ
315 2789 415 2817 τούτων
425 2789 580 2821 ἀπολαύειν,
600 2791 680 2827 ἡδονῇ
693 2800 721 2817 τε
735 2791 794 2827 θείᾳ
811 2793 955 2828 ὲντρυφᾷν,
977 2793 1027 2818 οὐκ
1046 2793 1117 2820 ἔστιν
1130 2794 1248 2828 ἐπαξίως
1260 2795 1330 2831 λόγῳ
1345 2796 1536 2831 διηγήσασθαι.

284 2878 372 2908 ‘Psal.
382 2887 412 2915 ιι,
428 2881 455 2913 1,
470 2881 498 2909 ‘2.
536 2883 545 2898 ⁷
559 2881 632 2911 Psal.
646 2889 722 2915 cvm,
732 2882 791 2911 3.5.
828 2885 839 2901 ³
852 2884 946 2912 Matth.
959 2893 1020 2920 rm,
1033 2885 1080 2915 ‘29.
