2041 3215
1238 131 1294 172 ΓΙ

137 189 204 220 685.
696 186 951 217 COMMENTABIA
970 187 1004 216 lN
1023 188 1197 219 PSALMOS.
1343 203 1347 207 -
1716 193 1769 222 686

177 257 187 274 σ
204 247 304 284 ’ᾼσατε
322 246 360 282 τῷ
388 247 457 282 Θεῷ,
471 247 573 282 ψάλατε
585 247 624 282 τῷ
640 248 750 282 ὀνόματι
768 247 860 274 αὑτοῦ·
876 247 931 274 ὁδο-

1021 246 1103 274 Vsns.
1117 247 1144 280 5,
1164 247 1192 275 (ἶ.
1215 256 1224 272 ‹
1246 247 1360 276 Cantate
1383 248 1448 283 Deo,
1467 249 1604 284 psalmum
1620 249 1704 277 dicite
1724 258 1772 277 uuv

143 295 271 330 ποιήσατε
288 293 326 329 τῷ
337 293 512 329 ὲπιϐεϐηκότι
523 294 569 320 ἐπὶ
588 293 723 329 δυσμῶν.»
740 294 791 321 Τὸν
807 295 855 330 μὲν
869 295 932 330 περὶ

142 340 194 367 τῶν
208 340 313 376 ἐχθρῶν
330 340 376 367 καὶ
405 341 556 376 μισούντων
572 341 617 367 τὸν
633 340 699 367 Θεὸν
718 340 796 375 λόγον
809 341 853 367 διὰ
868 340 932 376 βρα-

141 387 208 422 χέων
226 386 398 422 ὲπετέμετοὴ
408 386 568 422 προφητεία·
583 386 628 413 τὸν
640 386 667 412 δὲ
682 386 809 421 περὶτῶν
821 386 933 413 δικαίων

141 432 262 465 ἐξαπλοῖ,
277 433 482 468 ἐνδιατρίϐουσα
494 434 527 468 τῇ
543 432 608 468 περὶ
633 432 723 459 αὐτῶν
742 433 845 469 μνήμῃ.
876 433 932 459 Καὶ

140 478 171 514 δὴ
188 479 220 505 τὸ
244 477 357 513 Πνεῦμα
372 478 402 505 τὸ
414 478 490 512 ἆγιον
506 478 722 514 παρακελεύεται
746 480 802 509 τοῖς
818 477 933 509 δικαίοις

139 525 214 560 ᾅδειν
229 525 276 552 καὶ
291 525 401 560 ψάλλειν
417 524 455 560 τῷ
471 524 541 560 Θεῷ,
570 526 608 556 ὡς
630 525 667 558 ἂν,
679 525 723 551 διὰ
738 524 840 550 τούτων
870 523 932 559 μέλ-

140 572 232 598 λουσιν
243 571 388 598 ἀπολαύειν
401 571 451 606 τῆς
468 571 543 603 θείας
558 571 726 606 εὐφροσύνης
741 572 787 597 καὶ
801 571 849 606 τῆς
866 579 932 606 προ-

140 617 284 653 λεχθείσης
299 617 441 654 τερπωλῆς
454 618 500 645 καὶ
528 617 723 652 ἀγαλλιάσεως.
740 617 794 643 Καὶ
816 617 931 653 ἐπείπερ

141 663 196 691 τῶν
208 663 256 691 δύο
273 664 385 696 τούτων,
414 664 485 698 λέγω
509 664 538 690 δὲ
554 664 600 690 τοῦ
618 664 691 700 ᾄδειν
706 663 752 690 καὶ
767 663 888 698 ψάλλειν,
902 663 932 689 τὸ

143 709 193 744 μὲν
209 710 333 744 κρεῖττον
348 706 382 743 ἦν
397 708 427 734 τὸ
455 708 538 744 ᾄδειν,
561 708 591 733 τὸ
610 708 638 734 δὲ
657 708 827 744 ὑποϐεϐηκδς
843 708 873 735 τὸ
898 708 931 734 δι’

140 754 258 791 ὀργάνου
276 753 486 790 ἀνακρούεσθαι,
510 754 622 786 εἰκότως
636 754 666 780 τὸ
683 754 733 789 μὲν
750 756 872 790 κρεῖττον
888 755 932 781 ἁν-

141 801 225 836 έθηκε
237 800 276 836 τῷ
289 800 357 836 Θεῷ,
374 800 439 826 τὸδὲ
454 800 498 828 διά
511 800 558 827 τοῦ
568 801 684 836 ὀργάνου
694 801 815 837 ἐνεργεῖν
829 801 867 836 τῷ
875 802 932 828 ὀνό-

143 856 209 883 ματι
227 847 320 875 αὑτοῦ.
345 858 354 874 1
369 848 468 884 ’ᾼσατε
483 857 491 873 ι
522 848 587 884 γὰρ,
606 848 683 884 φησὶ,
717 857 726 874 ι
745 848 783 884 τῷ
797 848 867 884 Θεῷ,
884 849 932 875 καὶ

140 893 245 928 ψάλατε
262 893 300 929 τῷ
321 893 432 929 ὀνόματι
457 894 567 921 αὑτοῦ.»
588 894 662 930 ’ᾊδει
687 895 715 921 δὲ
736 894 774 930 τῷ
801 894 860 930 Θεῷ
873 895 931 922 ὁδί

139 940 227 975 ὖγιῶν
243 940 384 975 δογμάτων
399 941 448 976 τὴν
464 940 551 976 ψυχὴν
573 942 788 978 πεπαιδευμένος
816 942 864 968 καὶ
885 942 934 974 τὰς

141 987 300 1023 πρεπούσας
312 987 386 1022 αὐτῷ
399 987 538 1022 θεολογίας
546 989 581 1026 ἐκ
595 988 714 1021 διανοίας
726 987 934 1024 κεκαθαρμένης

138 1032 320 1068 ἀναπέμπων·
342 1031 436 1067 ψάλλει
453 1033 481 1059 δὲ
497 1032 535 1068 τῷ
554 1033 666 1068 ὀνόματι
684 1033 778 1066 αὺτοῦ,
795 1034 809 1060 ὁ
824 1033 867 1060 διὰ
880 1034 934 1060 τῶν

136 1078 187 1105 τοῦ
212 1079 336 1114 σώματος
353 1080 486 1115 κινήσεων
500 1080 547 1106 καὶ
561 1079 605 1106 διὰ
623 1080 673 1114 τῆς
683 1079 738 1106 τῶν
748 1079 934 1116 αἰσθητηρίων

138 1124 283 1159 ἐνεργείας
292 1123 404 1151 τοιαῦτα
417 1125 553 1161 πράττων,
569 1125 607 1156 ὡς
621 1124 778 1158 δοξάζεσθαι
801 1125 836 1151 δι’
851 1125 933 1151 αὐτοῦ

139 1169 217 1205 παρά
226 1171 283 1202 τοῖς
293 1170 375 1206 ὁρῶσι
389 1170 418 1196 τὸ
428 1170 513 1206 ὄνομα
526 1171 571 1198 τοῦ
585 1171 663 1198 Θεοῦ.
695 1171 787 1198 Ταῦτα
815 1172 863 1207 μὲν
887 1170 934 1199 οὖν

138 1215 238 1251 πρῶτα
254 1216 471 1252 παρακελεύεται
494 1216 532 1252 τῷ
555 1217 609 1244 τῶν
632 1217 745 1244 δικαίων
760 1218 833 1254 χορῷ
848 1218 934 1254 πράτ-

137 1270 196 1289 τειν
207 1262 221 1288 ὁ
236 1261 324 1296 λόγος·
345 1262 409 1298 ἑξῆς
424 1263 452 1289 δὲ
462 1263 577 1299 πρᾶγμά
591 1272 618 1290 τι
630 1265 716 1290 ποιεῖν
726 1264 830 1300 ἑτέροις
842 1265 934 1300 χρήσι-

140 1317 191 1342 μον
206 1309 380 1345 προστάττει.
396 1310 453 1336 Ἵνα
481 1311 535 1346 γὰρ
563 1310 644 1346 ἐπιϐῇ
658 1311 672 1337 ὁ
686 1311 752 1342 Θεὸς
762 1311 801 1345 τῷ
814 1302 868 1337 τῶν
885 1311 932 1337 ἀν-

137 1352 257 1388 θρώπων
275 1353 335 1389 βίῳ,
353 1354 401 1380 καὶ
410 1354 484 1386 ὅπως
501 1355 715 1391 ὲμπεριπατήσῃ
735 1356 792 1386 τοῖς
810 1356 856 1381 ἐπὶ
870 1355 931 1391 γῆς,

137 1400 188 1436 τὴν
202 1400 259 1427 ὁδὸν
276 1400 350 1436 αὒτῴ
366 1400 440 1427 λείαν
463 1402 509 1428 καὶ
531 1401 634 1437 ὁμαλὴν
658 1401 862 1438 ἀπεργάζεσθαι
875 1402 933 1428 δια-

137 1446 280 1473 κελεύεται
291 1447 413 1481 φάσκωνυ
432 1457 440 1473 ι
453 1448 655 1483 Ὀδοποιήσατε·
664 1458 672 1474 ι
690 1448 706 1483 ἢ
721 1448 792 1475 κατὰ
805 1448 851 1475 τὸν
859 1447 932 1483 Σύμ-

137 1501 237 1528 μαχον,
272 1503 281 1518 ε
298 1493 526 1530 Καταπρώσατε’
541 1504 550 1520 ι
576 1495 647 1521 κατὰ
673 1495 701 1521 δὲ
729 1494 774 1521 τὸν
806 1494 930 1525 Ἀκύλαν,

139 1549 150 1564 ί
169 1539 444 1572 Ἀποσκολοπίσατε,›
462 1541 584 1568 τουτέστι
611 1542 665 1567 πᾶν
680 1541 785 1568 σκολιὸν
806 1541 930 1575 ἀφέλετε,

137 1586 186 1612 καὶ
202 1587 255 1612 πᾶν
270 1587 356 1622 τραχὺ
374 1587 596 1624 καταστρώσατε,
611 1588 648 1619 ὡς
657 1587 689 1614 ἂν
703 1587 807 1621 γένοιτο
817 1587 877 1614 λεία
884 1587 930 1614 καὶ
944 1603 966 1631 C

134 1632 227 1668 ὁμαλὴ
242 1632 289 1659 τοῦ
306 1633 372 1659 Θεοῦ
388 1635 404 1669 ἡ
431 1634 470 1665 είς
492 1633 652 1669 ἀνθρώπους
681 1634 788 1670 πορεία.
805 1634 889 1660 Τοῦτο
902 1634 931 1661 δὲ

135 1678 186 1705 καὶ
204 1678 319 1710 Ἡσαΐας
343 1679 437 1715 ἐδήλου
458 1680 554 1713 λέγων·
583 1689 592 1705 ι
611 1680 788 1715 Ἑτοιμάσατε
813 1680 862 1715 τὴν
875 1680 933 1706 ὁδὸν

137 1725 253 1761 Κυρίου,
272 1726 379 1758 εὐθείας
405 1728 506 1753 ποιεῖτε
534 1727 582 1758 τὰς
599 1726 708 1762 τρίϐους
733 1726 826 1754 αὑτοῦ.
854 1727 933 1754 Πᾶσα.

136 1772 248 1808 φάραγξ
276 1772 495 1809 πληρωθήσεται,
519 1774 566 1799 καὶ
596 1774 650 1800 πᾶν
672 1773 734 1809 ὅρος
766 1774 812 1800 καὶ
839 1773 933 1809 βουνὸς

136 1819 384 1855 ταπεινωθήσεται.
414 1820 470 1846 Καὶ
489 1819 565 1847 ἔσται
582 1820 616 1847 τὰ
639 1820 733 1847 σκολιὰ
755 1821 794 1852 εἰς
814 1821 931 1854 εὐθεῖαν,

136 1866 186 1892 καὶ
202 1866 219 1901 ἡ
244 1868 358 1902 τραχεῖα
390 1867 430 1898 είς
458 1866 534 1898 ὁδοὺς
561 1867 645 1898 λείας,
668 1867 714 1893 καὶ
738 1867 832 1902 ὄψεται
858 1869 932 1895 πᾶσα

138 1912 208 1947 σὰρξ
221 1912 253 1939 τὸ
270 1914 403 1950 σωτήριον
417 1913 464 1940 τοῦ
479 1913 573 1940 Θεοῦ.)
596 1913 726 1940 Ἐνταῦθα
737 1913 766 1940 δὲ
788 1914 817 1941 οὺ
834 1914 931 1950 πρότε-

139 1965 186 1991 ρον
201 1956 332 1984 ὄδοποιεῐν
358 1957 463 1984 κελεύει
495 1958 512 1994 ἢ
541 1958 648 1994 πρῶτον
673 1959 773 1991 αὐτοὺς
796 1959 932 1995 μαθόντας

136 2004 212 2035 ὅπως
228 2003 281 2039 χρὴ
295 2003 366 2039 ᾄδειν
385 2004 423 2039 τῷ
448 2004 507 2040 Θεῷ
523 2005 570 2031 καὶ
598 2005 672 2037 ὅπως
689 2005 800 2040 ψάλλειν
821 2006 860 2041 τῷ
872 2006 931 2032 ὀνό-

138 2058 205 2085 ματι
215 2050 306 2078 αὐτοῦ.
320 2050 412 2078 Ταῦτα
427 2050 481 2087 γὰρ
496 2051 685 2087 προμαθόντας
706 2053 752 2079 καὶ
769 2052 860 2088 ἔργοις
872 2054 932 2079 ὲπι-

137 2096 309 2129 τελέσαντας,
335 2097 397 2132 ἑξῆς
420 2097 544 2132 βούλεται
567 2098 708 2130 ὁδοποιεῖν,
736 2099 859 2126 τουτέστι
882 2099 932 2131 τὰς

137 2142 216 2178 παρὰ
231 2143 285 2170 τῶν
300 2143 451 2179 ἀνθρώπων
460 2144 548 2179 ψυχὰς
564 2145 794 2180 παρασκευάζειν,
807 2146 931 2182 καθαράς

135 2197 167 2216 τε
184 2188 232 2216 καὶ
247 2189 373 2224 ἑτοίμους
389 2190 474 2221 αὐτὰς
496 2190 699 2226 ἀπεργάζεσθαι
714 2192 754 2222 είς
774 2191 824 2226 τὴν
839 2192 932 2227 ἐπιδη-

139 2235 204 2271 μίαν
220 2235 266 2262 τοῦ
278 2235 495 2271 προδηλωοέντος
509 2235 587 2262 Θεοῦ.
602 2236 647 2262 Διό
658 2245 748 2271 φησιν*
765 2245 774 2262 ι
793 2237 932 2272 Ὀδοποιή-

987 292 1054 319 mini
1076 293 1147 327 ejus,
1162 293 1214 320 iter
1228 292 1309 320 facile
1323 294 1359 325 ei,
1376 294 1422 329 qui
1445 295 1570 322 ascendit
1595 303 1677 330 super
1692 302 1772 322 occa-

987 346 1058 366 sum.
1079 348 1088 364 »
1105 338 1264 367 Sermonem
1277 339 1312 366 de
1324 339 1442 367 inimicis
1454 345 1480 367 et
1494 342 1622 369 osoribus
1639 341 1685 369 Dei
1706 340 1774 368 Ver-

986 385 1013 412 bi
1039 385 1202 419 compendio
1217 384 1334 412 absolvit
1345 385 1506 424 prophetia;
1523 386 1559 413 de
1572 386 1656 421 justis
1681 390 1773 413 autem

986 431 1075 458 fusius
1086 431 1152 466 agit,
1167 439 1317 467 eorumque
1330 432 1588 459 commemorationi
1604 433 1718 461 insistit.
1741 433 1774 459 Et

986 484 1052 504 sane
1064 476 1184 511 Spiritus
1195 481 1310 506 sanctus
1321 477 1399 512 jubet
1412 478 1504 512 justos
1517 484 1629 505 cantare
1646 484 1673 506 et
1696 479 1772 514 psal-

986 522 1042 549 lere
1058 521 1129 555 Deo;
1140 526 1236 557 utpote
1249 523 1296 558 qui
1306 522 1349 550 his
1360 528 1501 556 vacantes,
1516 523 1635 551 divinam
1650 524 1772 552 laetitiam

984 572 1220 604 memoratamque
1231 569 1442 597 delectationem
1457 574 1484 597 et
1502 571 1712 599 exsultationem
1723 579 1773 599 na-

986 614 1057 641 cturi
1071 615 1137 641 sint.
1156 614 1225 647 Quia
1242 623 1306 643 vero
1325 623 1358 643 ex
1381 616 1425 643 his
1449 616 1569 649 duobus,
1594 618 1724 645 nimirum
1739 626 1773 645 ex

986 665 1069 688 cantu
1085 665 1112 688 et
1136 669 1170 689 ex
1196 662 1359 698 psalmodia,
1388 663 1572 698 praestabilior
1588 670 1685 692 cantus
1702 669 1773 696 erat,

986 710 1068 742 atque
1082 706 1198 734 inferior
1215 707 1267 743 ipsi
1278 711 1338 735 erat
1353 707 1531 736 instrumenti
1557 710 1693 744 pulsatio;
1711 710 1775 745 jure

985 754 1058 789 quod
1075 755 1253 789 praestantius
1283 760 1342 783 erat
1370 755 1426 784 Deo
1453 756 1569 789 addixit,
1598 757 1774 785 instrumenti

986 807 1051 827 vero
1066 800 1201 828 actionem
1219 802 1324 829 nomini
1339 802 1410 837 ejus.
1427 802 1498 830 Nam
1516 803 1616 839 inquit,
1634 812 1643 829 ι
1665 808 1774 831 cantate

986 844 1052 878 Deo,
1067 850 1094 873 et
1108 847 1243 881 psalmum
1258 847 1342 875 dicite
1362 849 1467 875 nomini
1483 849 1554 884 ejus.
1583 859 1592 875 ι
1614 849 1669 877 Deo
1682 854 1774 878 autem

985 896 1087 924 cantat,
1103 892 1183 926 cujus
1199 893 1290 920 anima
1306 902 1373 921 sana
1389 894 1514 922 doctrina
1529 896 1656 923 instituta
1676 900 1729 928 est,
1746 901 1776 923 et

985 939 1164 973 congruentia
1186 938 1332 976 divinaque
1358 940 1442 968 verba
1466 949 1499 968 ex
1519 949 1588 976 pura
1603 942 1774 969 conscientia

986 985 1038 1019 ipsi
1050 985 1230 1021 transmittit;
1249 986 1342 1021 psallit
1356 994 1422 1013 vero
1435 987 1540 1014 nomini
1551 987 1623 1022 ejus.
1648 988 1695 1024 qui
1709 995 1774 1022 cor—

985 1030 1076 1064 poreis
1092 1030 1212 1059 motibus
1232 1036 1259 1058 et
1284 1032 1407 1059 sensibili
1440 1033 1548 1060 actione
1568 1034 1633 1060 talia
1648 1034 1773 1068 exhibet,

984 1084 1045 1112 qua:
1061 1081 1230 1112 spectatores
1242 1077 1275 1104 ad
1288 1086 1387 1106 nomen
1404 1078 1451 1106 Dei
1472 1079 1560 1114 gloria
1577 1080 1773 1108 celebrandum

985 1123 1126 1150 inducant.
1139 1123 1203 1151 Haec
1217 1123 1300 1159 igitur
1313 1125 1401 1159 primo
1412 1124 1527 1160 jubetur
1546 1125 1685 1161 justorum
1706 1127 1774 1154 cho-

985 1177 1032 1197 rus
1046 1177 1175 1205 peragere
1185 1178 1194 1203 ;
1210 1170 1311 1198 deinde
1322 1179 1386 1198 vero
1397 1171 1484 1198 eidem
1494 1172 1652 1207 praecipitur
1664 1176 1694 1199 ut
1705 1180 1785 1208 opus,

984 1214 1045 1242 aliis
1058 1215 1124 1242 utile
1140 1215 1275 1250 perﬁciat.
1294 1215 1362 1244 Nam
1378 1220 1407 1243 ut
1430 1217 1502 1245 Deus
1519 1217 1552 1244 ad
1566 1217 1709 1246 hominum
1728 1227 1775 1255 θος

984 1269 1037 1289 nu-s
1048 1262 1173 1293 accedat.
1188 1266 1287 1290 etcum
1307 1263 1453 1298 terrigenis
1470 1263 1653 1299 perambulet,
1676 1266 1773 1300 praeci-

984 1308 1023 1343 pit
1039 1312 1069 1335 ut
1083 1309 1156 1336 viam
1174 1309 1281 1336 l'acilem
1295 1313 1376 1344 atque
1393 1310 1501 1345 planam
1519 1310 1571 1346 ipsi
1586 1311 1720 1343 muniant,
1733 1311 1774 1343 di-

983 1362 1048 1382 cens
1066 1363 1073 1382 :
1093 1363 1102 1378 ι
1124 1354 1178 1382 lter
1190 1355 1287 1387 facite;
1304 1364 1314 1381 ι
1332 1356 1390 1383 sive
1405 1355 1557 1384 secundum
1568 1356 1772 1392 Symmachum,

985 1409 994 1425 ι
1011 1399 1148 1434 Sternite;
1163 1411 1171 1427 ›
1190 1400 1342 1428 secundum
1356 1401 1484 1437 Aqui-lam
1498 1410 1572 1435 vero,
1588 1412 1598 1429 ι
1615 1402 1639 1430 Α
1653 1404 1774 1431 surculis

983 1447 1125 1479 inundate,
1141 1458 1150 1473 ι
1169 1447 1196 1475 id
1207 1451 1260 1480 est,
1276 1455 1356 1475 omne
1371 1452 1525 1475 tortuosum
1538 1447 1690 1482 a.uferle,et
1702 1449 1774 1484 quod

983 1501 1110 1528 asperum
1126 1496 1179 1526 est,
1198 1494 1322 1525 sternite,
1338 1497 1368 1520 ut
1384 1493 1436 1521 iter
1454 1493 1502 1521 Dei
1518 1494 1551 1521 ad
1566 1493 1692 1522 homines
1717 1495 1775 1530 pla-

983 1547 1048 1566 num
1063 1539 1198 1574 facileque
1224 1540 1331 1568 evadat.
1354 1539 1475 1575 ldipsum
1493 1540 1534 1568 sic
1549 1539 1634 1569 Isaias
1651 1540 1775 1568 declara-

983 1586 1040 1612 vit’
1057 1595 1063 1613 :
1082 1595 1091 1611 ‹
1112 1585 1210 1613 Paratc
1225 1586 1298 1614 viam
1312 1585 1432 1619 Domini,
1450 1589 1541 1614 rectas
1554 1586 1635 1615 facile
1661 1588 1774 1615 semitas

983 1632 1052 1667 ejus.
1072 1631 1168 1660 Omnis
1180 1633 1260 1660 vallis
1281 1632 1449 1667 implebitur,
1472 1637 1499 1660 et
1521 1633 1612 1660 omnis
1640 1641 1719 1661 mons
1748 1639 1777 1661 et

983 1679 1062 1706 collis
1085 1679 1286 1707 humiliabitur.
1307 1679 1340 1707 Et
1358 1684 1439 1707 erunt
1455 1683 1584 1708 tortuosa‘
1601 1680 1629 1706 in
1643 1680 1716 1708 viam
1731 1689 1775 1708 re—

983 1730 1068 1757 clam,
1083 1729 1110 1754 et
1124 1734 1220 1761 aspera
1235 1726 1263 1753 in
1274 1727 1334 1754 vias
1357 1727 1464 1761 planas.
1498 1727 1531 1755 Et
1556 1727 1661 1756 videbit
1685 1728 1775 1755 omnis

983 1779 1048 1799 caro
1062 1773 1183 1800 salutare
1197 1773 1254 1800 Dei.
1273 1783 1282 1799 ι
1303 1772 1353 1800 llic
1362 1781 1427 1801 vero
1441 1782 1496 1801 non
1510 1775 1587 1809 prius
1612 1776 1665 1802 iter
1685 1775 1776 1802 facere

980 1818 1070 1852 jubet,
1099 1827 1182 1854 quam
1208 1819 1372 1847 edidicerint
1401 1819 1449 1854 qui
1477 1820 1631 1848 canendum
1649 1825 1775 1856 oporteat

984 1863 1039 1892 Deo
1069 1868 1095 1892 et
1123 1865 1296 1900 psallendum
1320 1865 1426 1892 nomini
1455 1865 1526 1899 ejus.
1555 1865 1604 1894 llis
1622 1866 1773 1896 institutos.

983 1915 1129 1947 postquam
1145 1911 1172 1939 id
1187 1912 1276 1946 reipsa
1294 1911 1482 1947 praestiterint,
1502 1911 1554 1939 iter
1570 1911 1668 1940 deinde
1684 1912 1774 1940 facere

983 1958 1116 1993 pracipit.
1137 1957 1164 1984 id
1181 1962 1234 1989 est,
1250 1958 1386 1984 humanas
1403 1958 1509 1985 animas
1534 1966 1700 1993 prmparare,
1723 1967 1774 1994 pu-

983 2011 1082 2039 rasque
1097 2003 1158 2030 illas
1175 2007 1202 2031 et
1217 2003 1250 2030 ad
1263 2003 1350 2038 ipsius
1366 2002 1413 2030 Dei
1428 2003 1574 2031 adventum
1592 2007 1701 2039 paratas
1717 2004 1772 2032 ειη--

982 2058 1055 2077 cere.
1070 2049 1253 2083 Quamobrem
1269 2049 1309 2076 ait
1327 2059 1333 2076 ε
1353 2058 1363 2074 ι
1384 2049 1437 2077 lter
1450 2049 1531 2077 facite
1546 2050 1572 2077 ei
1582 2050 1629 2085 qui
1648 2050 1771 2078 ascendit

983 2104 1067 2131 super
1079 2103 1220 2127 occasum,
1238 2094 1372 2123 Dominus
1384 2103 1484 2123 nomen
1503 2095 1552 2122 illi.
1579 2106 1587 2121 ι
1614 2095 1663 2123 Hie
1690 2104 1773 2131 porro

983 2140 1127 2167 Dominum
1146 2148 1215 2168 nova
1239 2148 1307 2168 voce
1331 2140 1483 2168 secundum
1500 2140 1662 2168 Hebraieam
1678 2141 1774 2168 lectio-

982 2194 1043 2214 nem
1058 2187 1195 2221 expressit
1227 2195 1235 2214 :
1267 2187 1357 2221 ipsum
1373 2187 1484 2222 quippe,
1514 2187 1551 2220 ia,
1576 2188 1771 2222 nuncupavit:

981 2240 1066 2267 quare
1083 2232 1276 2268 Symmachus,
1295 2241 1305 2258 ‹
1326 2232 1377 2260 Per
1393 2234 1421 2260 ia
1434 2234 1597 2261 vocabulum
1612 2233 1683 2268 ejus.
1705 2243 1715 2259 ι
1731 2234 1772 2260 in-

138 2289 204 2307 σατε
231 2279 270 2315 τῷ
289 2280 464 2316 ὲπιϐεϐηκὸτι
490 2280 538 2306 ἐπὶ.
566 2280 686 2315 δυσμῶν,
719 2280 820 2316 Κύριος
843 2281 929 2316 ὄνομα

983 2282 1149 2313 terprctatus
1164 2283 1206 2306 est
1225 2288 1231 2305 :
1250 2279 1345 2314 quinta
1361 2286 1426 2305 vero
1442 2279 1537 2311 editio,
1556 2288 1566 2304 ι
1581 2278 1610 2305 In
1628 2279 1655 2306 ia
1671 2286 1770 2306 nomen

137 2326 240 2362 αὐτῷ.»
258 2327 383 2363 Κέκληκε
410 2327 438 2354 δὲ
457 2327 502 2353 τὸν
529 2327 630 2363 Κύριον
655 2327 770 2354 ἐνταῦθα
784 2328 929 2363 καινοτέρᾳ.

137 2374 214 2409 φωνῇ
244 2373 315 2401 κατά
348 2374 397 2411 τὴν
425 2374 572 2410 Ἐϐραῖχὴν
602 2374 683 2406 λέξινθ
710 2375 740 2401 ἴα
766 2374 821 2410 γὰρ
849 2375 929 2401 αὐτὸν

135 2420 289 2455 ὠνόμασεν·
304 2421 365 2448 ὅθεν
375 2423 389 2448 ὁ
403 2421 560 2457 Σύμμαχος,
590 2430 599 2445 ι
613 2421 662 2448 Διὰ
678 2421 724 2447 τοῦ
743 2422 773 2448 ἴα
796 2422 812 2456 ἡ
832 2422 929 2455 ὀνομα-

138 2466 184 2492 σία
198 2466 307 2499 αΰτοῦ,ι
324 2467 504 2503 ήρμήνευσεν·
521 2467 576 2503 ἠδὲ
593 2467 707 2502 πέμπτη
723 2467 838 2499 ἕκδοσις,
855 2476 863 2492 ι
885 2468 928 2493 Ἐν

135 2513 220 2548 τῷια
232 2513 264 2539 τὸ
288 2514 374 2549 ὄνομα
402 2514 511 2540 αὐτοῦ.)
530 2514 653 2549 ᾘνίξατο
675 2514 703 2540 δὲ
724 2513 754 2540 τὸ
780 2513 865 2548 ὄνομα
880 2513 927 2539 τοῦ

137 2559 264 2595 Σωτῆρος
283 2560 370 2595 Ἰησοῦ
389 2560 432 2586 διὰ
445 2560 495 2596 τῆς
513 2560 625 2597 πρώτης
642 2560 786 2595 συλλαϐῆς.
800 2560 854 2586 Καὶ
868 2559 929 2586 τοῦ-

134 2613 182 2632 τον
196 2605 366 2642 τὸν-Κύριον,
384 2602 415 2633 οὗ
428 2607 459 2633 τὺ
472 2607 558 2642 ὄνομά
568 2615 649 2641 φησιν
664 2604 733 2633 εἶναι
749 2606 793 2633 διὰ
812 2606 859 2632 τοῦ
887 2606 927 2637 ἴα,

136 2650 153 2685 ἢ
180 2651 209 2676 ὲν
231 2650 271 2686 τῷ
298 2651 338 2683 la,
364 2652 556 2688 ἐπιϐεϐηκέναι
585 2652 631 2679 ἐπὶ
657 2651 766 2687 δυσμῶν
797 2652 926 2679 διδάσκει·

138 2697 267 2732 σημαίνει
283 2697 311 2723 δὲ
336 2698 385 2734 τὴν
400 2700 440 2730 είς
453 2698 612 2734 ἀνθρώπους
639 2699 721 2725 αὐτοῦ
750 2698 867 2733 πάροδον
882 2700 928 2725 καὶ

135 2743 185 2779 τὴν
195 2744 328 2779 ἔνσαρκον
342 2744 498 2779 ἐπιδημίαν.
515 2745 551 2771 Οὐ
578 2744 633 2781 γὰρ
649 2744 695 2771 τὸν
713 2746 741 2771 ἐν
756 2747 845 2781 μορφῇ
861 2745 928 2772 Θεοῦ

136 2790 203 2817 Θεὸν
211 2790 298 2824 Λόγον
313 2791 416 2826 γυμνὸν
427 2791 562 2823 ἐπιδείξας
577 2791 673 2825 φώτων
683 2791 760 2827 δίκην
774 2792 927 2827 ἐξήστρειῲε

137 2837 181 2865 τὸν
192 2837 246 2865 τῶν
262 2837 412 2874 ἀνθρώπων
430 2838 495 2873 βίον,
513 2839 619 2874 μορφὴν
630 2838 658 2865 δὲ
671 2839 765 2866 δούλου
778 2839 867 2867 λαϐὼν
882 2840 929 2867 καὶ

159 2917 244 2955 _’lsa.
262 2925 305 2950 ιι,
327 2916 384 2945 5~5.
425 2918 446 2934 ¹⁰
460 2917 560 2953 Ephes.
578 2926 613 2950 νς,
630 2917 674 2946 i2.

982 2325 1053 2359 ejus.
1074 2334 1084 2350 ι
1104 2324 1157 2352 Per
1167 2322 1284 2360 primam
1303 2329 1393 2351 autem
1407 2325 1539 2360 syllabam
1551 2332 1652 2352 nomen
1669 2324 1770 2351 Serva-

983 2372 1050 2399 toris
1063 2371 1128 2399 Iesu
1148 2371 1343 2399 subindicavit.
1367 2371 1400 2398 Et
1417 2371 1462 2398 hic
1477 2375 1519 2398 est
1532 2369 1665 2398 Dominus
1692 2371 1772 2405 cujus

981 2425 1080 2445 nomen
1094 2426 1142 2453 per
1159 2418 1197 2450 ia,
1223 2418 1265 2445 vel
1286 2418 1314 2445 in
1329 2418 1357 2444 ia
1372 2417 1439 2444 dicit
1455 2424 1517 2444 esse
1542 2426 1548 2443 :
1570 2420 1597 2444 et
1613 2416 1773 2445 ascendisse

981 2471 1041 2493 eum
1057 2464 1092 2490 ad
1108 2470 1240 2490 occasum
1256 2462 1348 2493 docet,
1364 2461 1555 2497 signiﬁcatque
1565 2462 1626 2497 ejus
1644 2463 1671 2489 in
1688 2470 1771 2490 carne

980 2510 1127 2536 transitum
1144 2509 1178 2535 ad
1196 2509 1331 2537 homines.
1351 2509 1445 2544 Neque
1467 2510 1541 2536 enim
1572 2516 1645 2541 cum,
1672 2509 1719 2544 qui
1743 2510 1773 2536 in

980 2555 1067 2582 forma
1085 2554 1133 2581 Dei
1145 2558 1216 2586 erat,
1233 2554 1318 2582 Deum
1335 2554 1453 2582 Verbum
1467 2554 1572 2581 nudum
1588 2554 1722 2582 exhibens
1733 2555 1773 2582 lu-

980 2601 1020 2628 cis
1038 2600 1136 2633 instar,
1152 2601 1303 2628 humanum
1323 2608 1410 2636 genus
1436 2600 1600 2633 illustravit;
1619 2600 1667 2628 sed
1682 2599 1770 2628 forma

981 2648 1053 2674 servi
1069 2651 1192 2682 accepta,
1211 2647 1353 2681 radiisque
1367 2646 1478 2674 deitatis
1491 2654 1548 2675 suae
1564 2647 1724 2678 contractis,
1742 2652 1770 2674 et

981 2693 1006 2719 in
1018 2700 1135 2728 corpore
1146 2692 1226 2727 quasi
1239 2692 1394 2724 demersus,
1411 2700 1475 2720 cum
1490 2692 1524 2720 ad
1538 2699 1667 2720 occasum
1683 2700 1771 2727 usque

981 2740 1104 2767 mortalis
1120 2739 1183 2767 vita:
1203 2739 1360 2767 devenisset
1374 2742 1465 2775 (quam
1484 2740 1568 2767 vitam
1578 2740 1688 2768 divinus
1696 2739 1770 2775 Apo-

981 2791 1068 2818 stolus
1083 2790 1208 2818 tenebras
1221 2794 1310 2822 vocat,
1324 2790 1419 2818 dicens
1446 2800 1452 2817 :
1488 2799 1496 2815 ι
1519 2790 1658 2818 Adversus
1675 2790 1770 2818 mundi

980 2843 1102 2866 reclores
1116 2838 1291 2866 tenebrarum
1308 2837 1439 2865 harum”
1456 2837 1478 2873 ))
1491 2846 1498 2871 ;
1513 2838 1570 2865 sive
1599 2838 1681 2865 etiam
1707 2845 1770 2865 cum
