2041 3215
160 171 219 198 ,688

733 169 987 198 COMMENTABIA
1007 169 1040 198 IN
1059 170 1231 201 PSALMOS.

1262 142 1283 175 ί’
1296 138 1323 177 7
1733 172 1802 216 [seu

164 231 207 259 δτι
219 226 279 262 ταῖς
296 230 345 266 μὲν
359 229 566 266 προλεχθειααις
581 229 698 263 δυσμαῖς
712 228 757 255 διά
771 237 846 261 τινας
856 229 958 256 οἰκονο-

1010 229 1112 256 docens
1122 236 1185 255 eum
1195 227 1228 255 ad
1243 228 1401 263 praedictum
1415 236 1544 257 occasum
1559 237 1608 264 per
1621 228 1801 259 oeconomiam

168 278 232 314 μίας
244 276 311 312 πρὸς
330 275 431 312 βραχὺν
448 274 582 302 ἐπιϐαίνει
598 274 702 310 χρόνον·
719 275 749 301 τό
766 283 798 309 γε
819 276 871 311 μὴν
885 276 961 311 οἰκη-

165 323 260 358 τήριον
279 320 362 348 αὑτοῦ
377 323 424 348 καὶ
443 322 460 357 ή
471 321 614 357 πρέπουσα
639 320 713 355 αὐτῴ
727 320 852 357 διατριϐὴ
866 321 916 348 οὐκ
931 321 960 347 ἐν

165 367 282 403 δυσμαῖς
310 367 395 399 ἐστιν,
425 376 434 393 1
449 366 506 393 ἀλλ’
519 367 548 393 ὲν
579 367 654 402 τόπῳ
665 367 746 402 ἁγίῳ·
766 377 774 391 ι
799 367 901 403 ἢκατά
914 368 959 394 τὸν

172 410 299 444 Ἀκύλαν,
316 412 364 438 «ὲν
381 411 532 447 οὶκητηρίῳ
550 412 710 447 ήγιασμένῳ
728 412 838 439 αὺτοῦ-ι
854 413 871 449 ἢ
890 411 961 440 κατὰ

164 456 211 484 τὸν
227 456 387 493 Σύμμαχον.
417 467 426 483 1
444 458 472 484 ὲν
496 458 642 493 βασιλείοις
655 458 744 493 ἁγίοις
754 459 863 486 αὑτοῦ.»
882 459 960 485 Ἔστι

167 503 217 540 μὲν
230 504 286 539 γὰρ
301 503 374 539 αὐτῷ
393 504 473 536 τόπος
484 505 636 541 ἐμπρέπων
656 505 704 532 καὶ
721 506 848 541 ἁρμόζων
862 507 895 543 τῇ
910 506 960 532 αὒ-

163 549 212 576 τοῦ
227 549 344 584 θεότητι·
353 550 428 585 ὅμως
440 550 462 577 δ’
471 547 527 583 οὖν,
537 551 727 587 φιλάνθρωπος
738 552 786 583 ὢν,
804 551 850 578 τοῦ
861 551 959 578 οἰκείου

167 595 299 631 μεγέθους
325 596 549 631 ὑποκαταϐαίνει,
579 598 790 632 συγκαταϐαίνει
808 606 837 624 τε
859 599 915 630 τοῖς
932 599 960 625 ὲν

162 641 280 677 δυσμαῖς
293 641 412 669 οἰκοῦσιν
427 643 553 678 ὀρφανοῖς
579 643 631 681 καὶ.
653 644 762 680 χήραις.
784 643 829 670 Διὸ
845 644 892 670 καὶ
918 643 962 669 ἀλ-

162 687 247 722 λαχοῦ
269 687 387 724 εἴρηται·
419 697 428 714 1
452 689 513 716 Ὅτι
540 689 594 716 ἰδοὺ
625 689 726 725 Κύριος
751 689 854 725 Κύριος
880 689 962 715 ἐκπο-

165 732 275 768 ρεύεται
290 733 337 759 καὶ
350 733 535 769 καταδήσεται
550 735 582 760 ὲκ
596 734 642 760 τοῦ
653 734 737 761 τόπου
753 733 846 761 αὑτοῦ.
860 744 868 759 ι
888 734 961 760 Κατ-

164 777 213 806 ιὼν
228 778 257 806 δὲ
285 778 390 806 ἐνθένδε
420 779 467 806 καὶ
496 778 644 806 ἐπιϐαίνων
665 779 712 806 ἐπὶ
736 779 851 815 δυσμὰς,
879 779 959 805 ὁποῖα

162 825 359 861 διαπράττεται
382 825 552 862 θεασώμεθα.
587 826 776 858 «Κατοιχίζει,
807 826 884 861 φησὶ,
915 834 961 861 μο-

163 874 314 910 νοτρόπους
325 874 354 900 ἐν
363 873 456 908 οἴκῳ.»
474 873 552 900 Κατὰ
570 873 598 899 δὲ
620 873 665 899 τὸν
683 873 840 908 Σύμμαχον,
857 882 866 897 1
879 872 962 898 Δίδω-

166 928 209 947 σιν
222 921 308 947 οἰκεῖν
321 920 448 955 μοναχοῖς
463 920 578 945 οἰκίαν-ι
611 919 658 945 καὶ
672 918 742 946 κατὰ
760 919 804 945 τὸν
836 917 960 948 Ἀκύλαν,

167 964 301 997 «Καθὶζει
315 967 470 1001 μονογενεῖς
485 964 615 991 οἶκονδεπ
634 965 703 992 κατὰ
718 965 747 992 δὲ
761 965 811 1001 τὴν
827 964 957 1000 πέμπτην

162 1012 280 1045 ἔκδοσιν,
317 1022 325 1038 1
339 1012 496 1043 Κατοικὶζει
518 1011 685 1047 μοωζώνους
715 1012 743 1039 ὲν
765 1013 842 1048 οἴκῳ.
865 1021 874 1038 ι
904 1012 958 1039 Καὶ

161 1058 235 1086 τοῦτ’
253 1056 288 1095 ἦν
302 1058 332 1085 τὸ
347 1059 455 1094 πρῶτον
466 1058 548 1085 αὑτοῦ
575 1058 749 1094 κατόρθωμα·
764 1058 778 1085 ὃ
798 1058 830 1094 δὴ
848 1059 894 1085 καὶ
909 1059 957 1093 μέ-

162 1113 257 1140 γιστον
272 1105 327 1132 τῶν
341 1104 423 1132 αὐτοῦ
451 1105 671 1141 κατορθωμάτων
688 1105 726 1141 τῷ
740 1105 794 1132 τῶν
806 1104 958 1142 ἀνθρώπων

160 1149 314 1187 δεδώρηται
334 1150 418 1186 γένει.
449 1149 485 1176 Τδ
512 1150 576 1184 γοῦν
607 1150 713 1186 πρῶτον
733 1150 825 1186 τάγμα
851 1151 904 1178 τῶν
929 1152 957 1177 ὲν

162 1196 276 1234 Χριστῷ
290 1196 500 1233 προκοπτόντων
525 1197 555 1224 τὸ
586 1197 642 1223 τῶν
670 1198 794 1233 μοναχῶν
817 1198 955 1233 τυγχάνει.

161 1242 276 1270 Σπάνιοι
292 1242 322 1269 δέ
342 1243 411 1268 εἰσιν
426 1240 507 1270 οὗτοι·
542 1242 583 1269 διὸ
608 1243 679 1270 κατὰ
706 1244 752 1270 τὸν
780 1244 894 1270 Ἀκύλαν
911 1252 958 1279 μο-

161 1289 282 1322 νογενεῖς
313 1288 511 1323 ὠνομάσθησαν
525 1288 736 1324 ἀφωμοιωμένοι
760 1289 798 1324 τῷ
820 1291 958 1324 μονογενεῖ

163 1333 222 1370 Υἱῷ
236 1333 284 1360 τοῦ
301 1333 380 1360 Θεοῦ.
400 1333 478 1366 Κατὰ
491 1333 520 1360 δὲ
534 1334 597 1365 τοὺς
617 1334 817 1370 Ἐϋδομήκοντα
830 1335 957 1370 μονότρο-

164 1389 223 1417 ποιῄ
239 1381 430 1416 τυγχάνουσιν,
456 1380 513 1406 ἀλλ’
529 1380 559 1406 οὐ
583 1380 757 1417 πολύτροποι,
783 1381 842 1408 οὐδὲ
864 1380 957 1408 ἄλλοτε

162 1415 251 1458 ἄλλως
262 1415 309 1453 τὸν
326 1425 430 1453 ἑαυτῶν
443 1426 656 1462 μεταϐάλλοντες
670 1415 782 1462 τρόπον,
808 1426 856 1455 ἓνα
870 1426 897 1453 δὲ
915 1427 959 1462 μό-

162 1481 208 1499 νον
220 1472 429 1508 κατορθοῦντες,
446 1473 491 1499 τὸν
506 1474 546 1504 εἰς
562 1473 645 1509 άκρον
660 1474 760 1508 ἥκοντα
774 1475 883 1509 ἀρετῆς.
902 1475 958 1501 Μο-

163 1519 296 1552 νοζώνους
309 1519 338 1546 δὲ
357 1520 454 1551 αὐτοὺς
466 1520 482 1554 ή
498 1519 611 1555 πέμπτη
625 1519 730 1552 Ξκδοσις
756 1520 908 1556 ὠνόμασεν,
920 1522 957 1553 ὡς

163 1564 196 1592 ἂν
212 1564 343 1600 μονήρεις
353 1564 400 1591 καὶ
410 1564 470 1592 καθ’
478 1565 590 1596 ἑαυτοὺς
605 1565 819 1604 ἀνεζωσμένους.
835 1565 957 1592 Τοιοῦτοι

161 1611 191 1638 δὲ
204 1599 307 1644 πάντες
324 1611 393 1638 εἰσὶν
407 1611 432 1637 οὶ
448 1611 494 1638 τδν
513 1612 618 1648 μονήρη
630 1599 677 1638 καὶ
699 1599 781 1645 άγνὸν
796 1611 955 1647 κατορθοῦν·
972 1599 993 1627 C

163 1664 209 1689 τες
223 1655 292 1692 βίον,
306 1651 343 1683 ὧν
361 1656 464 1692 πρῶτοι
480 1656 624 1691 γεγόνασιν
641 1657 666 1682 oi
679 1656 725 1682 τοῦ
742 1657 868 1692 Σωτῆρος
882 1657 959 1692 ήμῶν

164 1702 296 1739 μαθηταὶ,
310 1700 351 1735 οἷς
383 1703 484 1739 εἴρητο·
507 1713 515 1728 1
536 1703 582 1739 Μὴ
600 1703 737 1739 κτήσησθε
766 1703 876 1739 χρυσὸν,
894 1704 960 1739 μηδὲ

164 1749 283 1785 ἄργυρον
298 1749 338 1781 εἰς
358 1749 409 1781 τὰς
438 1748 526 1781 ζώνας
543 1749 630 1785 ὑμῶν,
666 1750 703 1785 μὴ
726 1750 815 1786 πήραν
834 1751 873 1781 εἰς
889 1749 958 1783 ὁδὸν,

165 1794 233 1830 μηδὲ
248 1794 421 1830 ὑποδήματα,
434 1795 502 1831 μηδὲ
519 1795 644 1831 ράὁδον.»
669 1796 712 1823 Ἐν
729 1795 783 1832 γάρ
808 1797 847 1831 τῷ
871 1796 960 1830 λέγειν

165 1840 203 1876 μὴ
214 1840 271 1867 δεῖν
282 1840 435 1877 κτήσασθαι
446 1841 544 1877 χρυσὸν
560 1841 627 1876 μηδὲ
639 1841 757 1877 ἄργυρον
766 1842 805 1872 εις
813 1841 862 1873 τὰς
873 1841 960 1874 ζώνας

152 1881 370 1922 λάνεζωσμένους
398 1887 496 1919 αὐτοὺς
526 1887 642 1921 εἰσάγει.
660 1886 739 1914 Οὕτω
767 1887 795 1914 δὲ
812 1888 859 1915 καὶ
877 1889 960 1915 πᾶσιν

164 1932 231 1968 ἡμῖν
259 1931 274 1962 ό
295 1932 456 1969 Ἀπόστολος
484 1932 700 1969 παρακελεύεται
732 1933 828 1967 λέγων’
854 1934 960 1969 «Στῆτε

164 1976 211 2006 οὖν
223 1978 443 2015 περιζωσάμενοι
458 1980 508 2015 τὴν
520 1980 605 2014 ὀσφὺν
619 1980 695 2015 ὑμῶν
710 1981 738 2007 ὲν
756 1980 895 2016 ἀληθεία.»
906 1982 961 2007 Καὶ

164 2025 189 2052 οι
207 2024 240 2052 τὸ
253 2023 352 2061 Πάσχα
366 2025 396 2052 δὲ
410 2025 546 2058 ἐσθίοντες
559 2026 715 2053 ἐκελεύοντο
728 2026 777 2058 τὰς
791 2026 877 2061 ὀσφῦς
888 2026 960 2062 ἔχειν

165 2068 399 2108 περιεζωσμένας.
417 2072 502 2099 Τοῦτο
518 2072 550 2108 δὴ
566 2070 613 2099 οὖν
629 2073 738 2109 πρῶτον
762 2073 890 2109 κατορθοῖ
905 2075 960 2105 τοῖς

164 2118 194 2144 ιν
219 2117 336 2153 δυσμαῖς
361 2117 480 2145 οἰκοῦσιν
508 2119 681 2155 ἐπιδημήσας
709 2121 723 2146 ὁ
755 2120 957 2155 θεσπιζόμενος.

171 2163 237 2191 Ἀπὸ
246 2164 302 2200 γὰρ
314 2164 368 2192 τῶν
385 2164 586 2201 προλεχθέντων
606 2166 732 2201 ὀρφανῶν
744 2167 790 2193 καὶ
806 2167 859 2193 τῶν
875 2167 960 2203 δηλω-

166 2208 262 2237 θεισῶν
283 2210 376 2245 χηρῶν
391 2210 541 2246 ξάφορίσας,
574 2211 712 2247 ἐξαίρετον
737 2213 784 2238 καὶ
796 2211 960 2251 τιμιώτατον

166 2255 254 2292 ἑαυτῷ
270 2256 364 2292 τάγμα
377 2256 408 2283 τὸ
425 2257 478 2285 τῶν
497 2258 673 2293 μονοτρόπων
690 2258 839 2290 κατοικίζει
859 2259 957 2290 αὐτοὺς
973 2277 996 2307 D

166 2302 194 2329 ὲν
208 2302 287 2338 οῐκῳ,
303 2302 403 2339 δηλαδὴ
413 2304 442 2329 ὲν
458 2305 491 2339 τῇ
510 2304 658 2343 Ἐκκλησία
675 2303 768 2336 αὐτοῦ,
788 2305 956 2340 παραμένειν

167 2349 212 2376 καὶ
223 2351 361 2382 κατοικεῖν
392 2351 421 2379 ἐν
450 2351 518 2386 αὐτῇ
536 2351 670 2384 καταξιῶν
688 2351 797 2383 αὐτούς.
824 2351 902 2378 Μετὰ
929 2352 958 2379 δὲ

166 2394 275 2428 τούτους
292 2395 418 2433 δεύτερον
442 2397 522 2433 ἔργον
539 2398 703 2433 κοινωφελὲς
719 2399 765 2424 καὶ
787 2400 826 2429 εὶς
842 2398 959 2429 πολλοῦς

166 2438 301 2468 διαϐαῖνον
322 2441 459 2478 κατορθοῖ,
480 2452 489 2468 1
505 2442 609 2477 ἐξάγων
635 2442 839 2478 πεπεδημένους
857 2444 885 2469 ὲν
910 2444 957 2469 ἀν-

166 2483 268 2523 δρείᾳ-ι
289 2487 322 2522 τῇ
334 2486 388 2522 γάρ
402 2487 500 2514 ἑαυτοῦ
514 2487 625 2523 ἀνδρείᾳ
637 2488 730 2522 ἐξάγει
751 2490 815 2520 τοὺς
827 2489 957 2524 πρότερον

168 2532 271 2567 σειραῖς
289 2532 431 2568 ἁμαρτιῶν
446 2533 661 2569 πεπεδημένους.
695 2534 768 2561 Ἀντὶ
781 2534 809 2561 δὲ
823 2535 880 2566 τοῦ,
899 2544 908 2560 1
928 2535 958 2562 ὲν

166 2577 287 2614 ἀνδρείᾳ,
299 2579 338 2610 εἰς
350 2579 508 2612 ἀπόλυσιν,ι
531 2581 701 2616 ήρμήνευσεν
716 2582 730 2607 ὁ
747 2580 904 2616 Σύμμαχος,
920 2582 958 2607 εἱ-

167 2622 234 2651 πών·
255 2633 265 2650 1
286 2623 393 2659 Ἑξάγει
412 2625 570 2664 δεδεμένους
592 2627 631 2658 εἰς
663 2626 820 2653 ἀπόλυσιν.»
844 2627 958 2661 Νοήσεις

166 2668 196 2696 δι
209 2670 256 2699 καὶ
268 2670 347 2698 τοῦτο
358 2673 390 2698 ὲκ
402 2672 450 2707 τῆς
464 2672 597 2708 λεγούσης
618 2674 647 2700 ἐν
676 2674 774 2709 Ἡσαΐᾳ
789 2673 957 2709 προφητείας

167 2716 207 2748 εἰς
217 2715 300 2743 αὑτοῦ
314 2717 460 2753 πρόσωπον
485 2718 533 2745 τοῦ
553 2718 667 2755 Κυρίου·
692 2728 701 2745 1
719 2719 785 2746 Ἰδοὺ
803 2719 906 2746 δέδωκά
928 2727 958 2745 σε

169 2761 208 2794 τις
221 2762 354 2799 διαθήκην
365 2764 470 2798 γένους,
488 2766 527 2797 εις
555 2765 613 2800 φῶς
630 2765 724 2797 ἐθνῶν,
738 2765 842 2798 ἀνοῖξαι
857 2766 957 2800 ὀφθαλ-

168 2807 237 2841 μοὺς
255 2808 372 2843 τυφλῶν,
388 2809 494 2844 ἐξάγειν
512 2811 544 2838 ἐκ
560 2810 667 2845 δεσμῶν
680 2811 849 2847 δεδεμένους,
868 2813 914 2838 καὶ
930 2811 959 2844 ἐξ

208 2908 335 2938 “Matth.
361 2917 386 2943 Χ,
403 2910 430 2943 9,
451 2910 503 2937 1ορ
536 2910 669 2948 "_Ephes.
683 2919 719 2945 γι,
737 2912 778 2939 tt.

1014 274 1048 302 ad
1067 275 1150 302 breve
1173 278 1280 309 tempus
1303 274 1472 302 ascendisse.
1500 273 1674 303 Domicilium
1703 276 1803 313 quippe

1012 321 1072 356 ejus
1088 324 1116 349 et
1129 320 1265 356 condigna
1277 320 1363 355 ipsius
1380 320 1513 349 habitatio
1525 329 1582 349 non
1599 322 1628 349 in
1640 329 1740 350 occasu
1748 328 1801 357 est;

1013 367 1059 396 sed
1081 376 1092 393 1
1112 367 1216 394 inloco
1240 369 1352 400 sancto;
1380 375 1389 393 ι
1420 366 1477 394 sive
1495 367 1645 398 secundum
1663 368 1801 403 Aquilam,

1015 422 1024 439 1
1048 411 1249 440 inhabitaculo
1267 411 1439 440 sanctiﬁcato
1454 419 1522 446 suo;
1543 421 1552 438 ι
1575 418 1622 440 aut
1650 415 1801 443 secundum

1014 458 1220 495 Symmachum,
1234 467 1243 483 1
1257 458 1285 485 in
1300 458 1374 494 regia
1389 462 1483 485 sancta
1501 466 1560 486 sua.
1578 469 1586 485 ι
1605 459 1653 487 Est
1666 461 1738 488 enim
1748 461 1801 496 ipsi

1013 506 1093 533 locus
1104 504 1270 537 condecens,
1291 508 1317 532 et
1334 504 1430 532 deitati
1447 504 1508 539 ejus
1524 507 1740 539 consentaneus;
1752 507 1800 535 scd

1011 554 1103 579 tamen
1121 551 1260 579 humanus
1275 558 1339 578 cum
1366 551 1414 584 sit,
1438 558 1453 577 a
1478 551 1590 586 propria
1614 552 1802 587 magnitudine

1012 597 1165 629 descendit,
1181 597 1369 634 orphanisque
1385 602 1413 625 et
1431 597 1524 625 viduis
1543 597 1571 624 in
1597 605 1698 626 occasu
1724 599 1802 627 babi-
1854 631 1862 636 _

1013 643 1135 671 tantibus
1161 650 1221 670 sese
1253 646 1426 678 attemperat.
1457 643 1547 677 Quare
1575 644 1640 671 alibi
1665 644 1765 672 dicitur
1793 656 1799 673 :

1016 699 1026 714 1
1043 689 1114 721 Quia
1124 696 1189 716 ecce
1200 688 1333 716 Dominus
1350 688 1481 717 Dominus
1499 690 1640 725 egreditur
1651 694 1677 717 et
1691 691 1803 719 descen-

1014 734 1059 762 det
1077 735 1111 762 de
1124 734 1185 762 loco
1203 742 1264 768 suo.
1288 744 1297 761 i
1313 734 1382 763 Cum
1394 738 1484 763 autem
1502 736 1565 764 inde
1579 736 1764 770 descenderit,
1775 742 1803 765 et

1013 781 1170 809 ascenderit
1199 788 1283 816 super
1305 788 1447 814 occasum,
1471 789 1532 816 quae
1547 787 1685 817 operetur.
1707 782 1802 810 videa-

1014 835 1086 855 mus.
1108 836 1117 852 1
1139 825 1296 855 Inhabitare
1325 826 1401 859 facit,
1425 827 1525 863 inquit,
1548 829 1632 856 unius
1663 829 1749 857 moris
1773 829 1803 856 in

1014 873 1105 908 domo.
1127 881 1136 898 ι
1153 871 1312 900 Secundum
1326 867 1522 908 Symmachum
1545 878 1647 908 autem,
1667 884 1676 901 1
1695 875 1746 903 Dat
1758 875 1801 903 in-

979 915 997 942 B
1014 918 1189 946 habitandam
1202 917 1345 946 monachis
1358 918 1484 953 domum;
1510 928 1520 945 ι
1539 921 1689 948 secundum
1716 921 1802 957 Aqui-

1013 965 1077 997 lam,
1108 974 1117 989 1
1137 963 1238 992 Sedere
1254 964 1320 991 facit
1342 965 1498 1000 unigenitos
1516 965 1605 1000 domi;
1625 976 1634 993 ι
1650 967 1800 995 secundum

1012 1010 1136 1045 quintam
1161 1010 1322 1041 editionem,
1348 1019 1357 1035 1
1382 1011 1537 1039 lnhabitare
1562 1011 1628 1040 facit
1652 1021 1706 1040 una
1732 1021 1801 1041 zona

1013 1056 1178 1091 praecinctos
1193 1055 1279 1083 domi.
1301 1065 1311 1082 ι
1328 1055 1361 1083 Ει
1377 1057 1444 1084 illud
1458 1061 1518 1085 erat
1530 1058 1650 1093 primum
1664 1059 1724 1094 ejus
1737 1068 1803 1095 pra:-

1012 1103 1116 1129 clarum
1134 1110 1215 1137 opus,
1231 1102 1305 1138 quod
1324 1103 1473 1130 maximum
1488 1104 1550 1139 ejus
1575 1103 1683 1133 facinus
1706 1109 1750 1135 est
1772 1107 1800 1134 in

1011 1150 1128 1184 gratiam
1158 1149 1271 1177 humani
1299 1150 1409 1185 generis
1430 1150 1544 1178 editum.
1573 1150 1682 1179 Primus
1709 1152 1802 1188 itaque

1012 1196 1079 1222 crdo
1093 1202 1189 1223 eorum
1200 1196 1247 1230 qui
1260 1196 1288 1223 in
1301 1195 1411 1223 Christo
1425 1195 1582 1231 proﬁciunt,
1597 1200 1639 1223 est
1651 1197 1801 1224 monacho-

1012 1250 1084 1269 rum.
1098 1242 1150 1270 Sed
1165 1243 1219 1270 rari
1233 1247 1297 1270 sunt
1311 1243 1370 1277 illi;
1387 1251 1473 1278 quare
1496 1243 1648 1271 secundum
1672 1245 1800 1280 Aquilam
1817 1250 1820 1253 ‘

1012 1290 1148 1324 uuigeniti
1167 1289 1255 1317 vocati
1272 1293 1345 1322 sunt,
1365 1290 1471 1319 similes
1490 1290 1555 1318 facti
1577 1290 1717 1326 unigenito
1733 1290 1802 1319 Filio

1012 1336 1070 1364 Dei.
1087 1335 1243 1364 Secundum
1258 1336 1329 1363 LXX
1340 1341 1442 1369 autem,
1453 1337 1545 1369 unius,
1558 1344 1612 1364 non
1627 1337 1730 1365 diversi
1743 1345 1802 1366 mo-

1012 1383 1052 1410 ris
1066 1388 1140 1416 sunt,
1154 1391 1244 1418 neque
1258 1383 1375 1412 subinde
1390 1391 1494 1411 morem
1512 1385 1630 1417 variant,
1653 1383 1701 1412 sed
1716 1391 1801 1412 unum

1012 1429 1106 1456 colunt
1121 1429 1169 1464 qui
1183 1429 1218 1456 ad
1234 1429 1345 1457 virtutis
1361 1437 1493 1457 cacumen
1511 1430 1631 1457 advenit.
1644 1429 1719 1465 Ipsos
1737 1437 1801 1458 vero

1012 1476 1094 1503 unius
1107 1483 1184 1503 zonae
1202 1475 1298 1510 quinta
1312 1476 1398 1503 editio
1412 1477 1533 1508 vocavit,
1553 1479 1647 1511 utpote
1668 1475 1714 1511 qui
1732 1477 1800 1504 soli-

1012 1521 1085 1553 tarii,
1104 1525 1131 1548 et
1147 1529 1195 1556 per
1220 1522 1325 1555 seipsos
1352 1521 1491 1557 praecincti
1508 1522 1573 1550 sint.
1603 1521 1685 1549 Tales
1709 1525 1800 1549 autem

1012 1571 1086 1599 sunt,
1098 1570 1233 1602 quotquot
1245 1567 1425 1594 monasticam
1435 1570 1596 1602 castamque
1609 1568 1692 1594 vitam
1704 1571 1800 1602 agunt,

1010 1621 1126 1648 quorum
1154 1613 1235 1648 primi
1261 1612 1338 1641 fuere
1364 1612 1515 1641 Salvatoris
1543 1614 1631 1641 nostri
1661 1613 1799 1649 discipuli,

1011 1660 1111 1695 quibus
1126 1660 1229 1687 dictum
1245 1664 1287 1688 est
1304 1670 1311 1688 :
1332 1670 1341 1686 1
1363 1659 1451 1688 Nolite
1477 1660 1619 1695 possidere
1638 1668 1736 1688 aurum
1752 1668 1801 1689 ne-

1010 1714 1063 1741 que
1087 1711 1230 1742 argentum
1260 1707 1287 1733 in
1315 1706 1391 1734 sonis
1414 1707 1524 1738 vestris,
1546 1714 1635 1742 neque
1653 1714 1746 1742 peram
1772 1707 1799 1734 in

1011 1751 1095 1784 viam,
1110 1759 1200 1787 neque
1213 1751 1412 1783 calceamenta,
1428 1759 1517 1786 neque
1534 1752 1638 1787 virgam
1648 1752 1681 1780 “.
1704 1762 1713 1778 ι
1731 1751 1800 1779 Cum

1011 1797 1113 1824 dicitur
1126 1798 1210 1829 enim,
1226 1804 1280 1824 non
1297 1802 1424 1832 oportere
1439 1797 1581 1832 possidere
1601 1805 1698 1824 aurum
1713 1805 1802 1832 neque

1011 1848 1154 1879 argentum
1164 1844 1192 1870 in
1208 1845 1298 1874 zonis,
1317 1843 1393 1878 ipsos
1410 1844 1488 1870 zonis
1501 1843 1666 1877 praecinctos
1684 1843 1800 1872 indicat.

1012 1890 1058 1917 Sic
1073 1893 1164 1917 autem
1182 1889 1311 1917 omnibus
1339 1890 1419 1917 nobis
1442 1889 1590 1924 Apostolus
1614 1890 1740 1924 praecipit
1759 1890 1801 1917 di-

1011 1943 1095 1963 cens:
1116 1944 1125 1960 1
1153 1935 1229 1962 State
1254 1935 1338 1970 igitur
1363 1935 1504 1970 pra'cincti
1525 1936 1633 1964 lumbos
1647 1940 1755 1964 vestros
1772 1937 1800 1963 in

1011 1981 1126 2008 veritate
1139 1981 1171 2007 “.
1188 1990 1197 2006 ι
1213 1979 1335 2015 Itemque
1347 1981 1394 2016 qui
1407 1981 1508 2016 pascha
1520 1981 1711 2015 comedebant,
1729 1982 1802 2009 Ium-

1012 2026 1061 2053 bos
1078 2026 1242 2062 praecinctos
1260 2026 1360 2053 habere
1373 2026 1550 2060 jubebantur.
1577 2026 1605 2054 Id
1633 2027 1718 2062 igitur
1741 2027 1800 2062 pri-

1011 2079 1085 2098 mum
1095 2070 1361 2106 opushabitantihus
1374 2071 1401 2097 in
1414 2078 1516 2098 oceasu
1531 2071 1683 2099 adventans
1691 2070 1800 2098 exhibet

1011 2119 1036 2147 is
1049 2118 1096 2153 qui
1111 2118 1138 2145 in
1153 2117 1283 2145 vaticinio
1307 2117 1403 2145 fertur.
1427 2116 1494 2144 Nam
1517 2126 1552 2145 ex
1580 2118 1740 2145 memoratis
1755 2125 1800 2145 or-

1012 2166 1111 2201 phanis
1120 2168 1148 2193 et
1164 2164 1254 2192 viduis
1268 2163 1403 2192 adlectum
1419 2164 1472 2192 sibi
1487 2169 1663 2200 praestantem
1679 2164 1754 2191 illum
1773 2167 1800 2191 et

1012 2211 1241 2247 pretiosissimum
1267 2211 1349 2238 utrius
1374 2211 1459 2238 moris
1483 2211 1619 2243 ordinem,
1646 2210 1801 2238 inhabitare

1013 2258 1077 2285 facit
1092 2257 1120 2284 in
1132 2257 1225 2289 domo,
1242 2256 1347 2285 scilicet
1362 2257 1389 2283 in
1419 2256 1542 2284 Ecclesia
1561 2264 1622 2286 sua,
1646 2255 1799 2290 dignosque

1009 2312 1057 2333 eos
1073 2304 1170 2331 habuit
1182 2304 1229 2339 qui
1246 2304 1274 2330 in
1285 2311 1317 2330 ea
1331 2306 1473 2330 rnanerent
1487 2306 1513 2329 et
1531 2301 1696 2329 habitarent.
1718 2299 1798 2328 Post-

1008 2359 1089 2386 quam
1102 2351 1177 2386 ipsos
1190 2350 1300 2385 delegit,
1318 2349 1392 2376 aliud
1416 2356 1486 2383 opus
1500 2351 1622 2383 praestat,
1644 2347 1672 2374 in
1697 2347 1799 2374 multo—

1009 2405 1068 2424 rum
1084 2398 1230 2424 utilitatem
1247 2400 1274 2423 et
1292 2396 1518 2426 emolumentum.
1550 2403 1560 2421 1
1591 2393 1712 2422 educens
1737 2393 1799 2420 vin-

1009 2448 1069 2471 ctos
1083 2444 1110 2471 in
1131 2443 1294 2470 fortitudine
1316 2451 1323 2470 :
1355 2451 1365 2467 ι
1394 2449 1458 2469 nam
1476 2441 1580 2468 virtute
1607 2447 1658 2467 sua
1684 2446 1733 2467 eos
1751 2441 1799 2474 qui

1008 2490 1112 2526 pridem
1125 2493 1301 2524 peccatorum
1317 2487 1435 2516 vinculis
1449 2486 1720 2521 constringebantur,
1730 2485 1800 2512 edu-

1009 2537 1055 2563 cit.
1068 2536 1121 2563 Pro
1136 2537 1183 2563 illo
1203 2540 1305 2567 autem,
1326 2544 1335 2561 1
1355 2535 1383 2561 in
1399 2533 1570 2565 fortitudine,
1592 2543 1600 2558 I
1617 2531 1799 2568 Symmachus

1012 2592 1020 2608 1
1037 2583 1064 2610 in
1077 2583 1265 2610 dimissionem
1285 2591 1295 2608 ι
1316 2582 1512 2616 interpretatus
1524 2583 1567 2608 est
1577 2580 1672 2608 dicens
1686 2588 1713 2606 :1
1726 2578 1800 2605 Edu~

1009 2630 1046 2657 cit
1061 2630 1166 2657 vinctos
1180 2629 1209 2656 in
1224 2628 1422 2656 dimissionem.
1445 2638 1454 2653 ρ
1472 2626 1535 2654 Haec
1557 2634 1639 2662 porro
1662 2626 1798 2660 intelligas

1008 2684 1041 2703 ex
1059 2674 1200 2711 prophetia
1213 2674 1301 2706 Isaiae,
1316 2681 1377 2709 quae
1394 2681 1427 2701 ex
1442 2673 1528 2708 ipsius
1550 2672 1658 2700 Domini
1678 2678 1797 2707 persona

1009 2722 1050 2749 sic
1060 2721 1182 2756 loquitur
1196 2729 1203 2748 :
1224 2730 1233 2746 1
1254 2719 1324 2746 Ecce
1338 2718 1399 2746 dedi
1417 2722 1444 2745 te
1464 2719 1492 2745 in
1507 2722 1699 2745 testamentum
1715 2723 1798 2751 gena-

1010 2769 1059 2801 ris,
1079 2768 1106 2795 in
1120 2769 1209 2795 lucem
1230 2767 1363 2803 gentium,
1387 2766 1420 2793 ad
1436 2765 1614 2801 aperiendum
1637 2763 1732 2790 oculos
1748 2770 1798 2790 ca:-

1010 2823 1118 2848 corum,
1137 2814 1169 2842 ad
1191 2812 1362 2842 educendum
1388 2820 1421 2840 ex
1443 2811 1561 2839 vinculis
1588 2810 1697 2844 ligatos,
1716 2812 1744 2836 et
1759 2816 1793 2835 ex
