2041 3215
250 183 306 215 084

594 185 729 214 Ευειιιιιι
747 185 988 214 οιεελιιιιλκειε
1008 185 1035 213 01

1104 184 1194 213 PARS
1215 185 1259 212 Ill.
1280 200 1315 205 -—-
1332 184 1538 214 EXEGETICA.

1834 186 1892 214 σοι

256 244 338 273 domo
352 247 485 274 custodia
497 246 626 275 sedentes
642 247 669 274 in
687 247 810 276 tenebris
824 248 857 274 ’³.
878 258 886 274 ι
907 247 960 276 Eos
975 247 1035 275 enin

1098 246 1173 273 οἴκου
1194 247 1319 282 φυλακῆς
1332 247 1506 283 καθημένους
1520 249 1552 274 ἐν
1562 247 1679 275 σκότει.)
1694 248 1764 280 Τοὺς
1777 247 1832 284 γάρ
1843 248 1892 275 πάν

256 292 302 326 qui
318 291 383 318 olim
399 291 545 322 diabolicis
559 293 679 320 vinculis
701 293 972 329 constringebantur.
987 294 1045 321 dia-

255 337 345 365 lmlico
359 338 508 366 multorum
525 339 669 366 numinum
697 341 785 367 errori
811 340 929 373 deditos,
947 341 1046 369 solutis

254 383 373 412 vinculis
389 384 495 417 eduxit,
513 391 646 412 concessa
662 389 840 420 peccatorum
870 386 1044 414 remissione.

254 428 311 456 imo
327 431 412 458 etiam
432 438 480 458 eos
497 431 544 466 qui
575 439 590 458 a
621 432 722 459 stmulo
752 432 778 459 in
809 437 897 460 morte
924 433 1044 468 colligati

253 479 333 503 erant
362 484 456 504 secum
473 477 660 509 resuscitavil,
678 485 740 505 cum
757 479 855 505 acerba
869 479 967 507 mortis
984 480 1045 506 vin-

254 520 317 548 cula
334 522 474 550 solvisset.
493 521 551 549 Hoc
563 527 653 550 autem
670 523 733 550 fecit
749 533 758 548 ε
779 524 806 551 ίιι
821 525 937 557 virtute;
958 535 966 552 ι
980 533 1044 553 nam

254 570 366 602 accepta
385 567 506 596 hominis
519 567 607 596 forma
620 577 722 604 perque
733 569 883 598 humanum
896 579 997 607 corpus
1006 572 1044 599 vi-

254 613 341 640 riliter
354 621 450 649 agens,
466 615 574 643 vinctos
589 617 716 651 superius
739 622 905 644 memoratos
927 625 960 645 ex
982 619 1043 645 vin-

253 659 326 686 culis
340 659 445 687 eduxit.
464 659 526 688 Haec
539 666 616 688 erant
634 663 765 697 prmclara
782 661 828 690 Dei
846 662 928 690 Verbi
947 664 980 691 ad
994 664 1043 691 ho-

253 705 342 733 mines
355 705 530 734 adventantis
547 707 680 738 facinora,
696 708 797 743 quibus
814 709 914 736 dcinde
926 710 1043 744 subjun-

252 747 326 780 ggitur
345 758 351 774 ι
373 757 382 774 ι
404 747 538 776 Similiter
561 757 609 777 eos
630 750 677 784 qui
694 756 870 786 exasperant,
893 752 940 787 qui
963 751 1042 779 habi-

253 793 350 821 tantiu
365 795 510 833 sepulcris.
534 805 543 820 ι
566 794 644 829 Quod
674 795 855 832 Symmachus
879 797 933 825 hoc
962 802 1042 832 pacto

250 840 353 867 «larius
369 846 394 868 et
414 842 535 876 apertius
551 841 720 877 explicavit:
742 852 750 867 ι
770 842 984 878 lnobsequentes
993 852 1042 871 au-

249 890 306 914 tem
322 886 515 914 inhabitabunt
529 891 614 915 :estus
630 888 801 923 siccitatem;
824 899 833 915 ι
847 889 946 925 Aquila
963 898 1040 922 vero,

1097 293 1140 320 λαι
1155 293 1265 328 δεσμοῖς
1281 292 1446 326 διαϐολικοῖς
1471 295 1714 330 κατεσφιγμένους,
1739 295 1785 321 καὶ
1797 295 1831 330 τῇ
1843 303 1892 322 πο-

1096 339 1184 375 λυθὲῳ
1199 339 1246 366 καὶ
1276 339 1420 375 δαιμονικῇ
1443 339 1530 376 πλάνῃ
1552 341 1781 376 προστετηκότας,
1808 340 1890 373 λύσας

1095 385 1151 411 τῶν
1166 384 1274 420 δεσμῶν
1289 385 1419 419 ἐξήγαγε,
1433 386 1495 418 δοὺς
1513 387 1610 422 ἄφεσιν
1640 388 1792 423 ἁμαρτιῶν.
1809 387 1891 415 Ἀλλὰ

1097 431 1144 458 καὶ
1159 432 1224 463 τοὺς
1243 432 1274 458 ὲν
1300 431 1340 467 τῷ
1371 431 1480 468 θανάτῳ
1496 433 1624 468 δεσμίους
1643 434 1721 466 δντας
1747 434 1778 467 ἐξ
1791 434 1891 467 αἰῶνος

1096 477 1292 513 συνανέστησεν
1307 477 1406 514 ἐαυτῷ,
1425 478 1508 510 λύσας
1522 479 1577 506 τῶν
1592 480 1697 515 πικρῶν
1709 480 1756 507 τοῦ
1773 480 1889 508 Θανάτου

1094 522 1212 558 δεσμῶν.
1230 523 1285 550 Καὶ
1313 522 1393 549 τοῦτο
1409 523 1528 558 ἔπραξεν
1559 533 1568 549 ι
1582 525 1611 550 ἐν
1627 524 1766 560 ἀνδρείᾳοι
1793 524 1890 559 ἀνδρὸς

1094 568 1148 603 γάρ
1163 569 1256 604 σχῆμα
1270 568 1370 602 λαϐὼν,
1392 570 1439 596 καὶ
1464 569 1496 596 δι’
1517 570 1685 606 ἀνθρωπείου
1701 570 1827 606 σώματος
1843 572 1890 598 ἀν-

1093 613 1266 650 δρισάμενος,
1279 613 1398 651 ἐξήγαγε
1413 615 1468 642 τῶν
1479 616 1587 651 δεσμῶν
1601 617 1663 648 τοὺς
1679 616 1887 653 προλεχθέντας.

1094 661 1178 688 Ταῦτ’
1189 659 1222 696 ἦν
1236 662 1270 688 τὰ
1279 661 1481 698 κατορθώματα
1496 663 1545 698 τῆς
1557 664 1596 696 εἰς
1617 663 1777 700 ἀνθρώπους
1792 664 1887 700 ἐπιδη-

1095 708 1158 743 μίας
1174 707 1220 734 τοῦ
1237 708 1303 735 Θεοῦ
1336 709 1434 743 Λόγου,
1461 707 1502 741 οἷς
1524 710 1587 744 ἑξῆς
1608 710 1723 746 εἴρηται·
1741 720 1752 737 ‹
1769 711 1886 747 ὀμοίως

1092 754 1155 785 τοὺς
1167 762 1204 779 πα
1208 754 1439 790 ραπικραίνοντας
1446 756 1509 787 τοὺς
1521 755 1715 789 κατοικοῦντας
1725 757 1754 784 ἐν
1763 757 1864 792 τάφοις.
1875 767 1884 783 ι

1095 801 1181 836 Ὅπερ
1195 801 1209 826 ὁ
1223 800 1369 836 Σύμμαχος
1389 802 1547 837 ἡρμήνευσε
1569 802 1737 839 λευκότερον,
1753 803 1888 840 διασαφή-

1094 855 1142 878 σας
1157 846 1205 882 τὴν
1225 847 1343 873 διάνοιαν
1356 848 1402 874 καὶ
1418 847 1513 874 εἰπών·
1534 858 1543 875 ε
1557 849 1588 874 Οἱ
1605 848 1633 875 δέ
1654 849 1777 882 ἀπειθεῖς
1793 859 1888 878 κατοι-

1093 893 1208 928 κήσουσι
1223 892 1363 924 καύσωνος
1381 892 1544 929 ξηρότητασι
1562 895 1576 920 ὀ
1592 893 1620 920 δὲ
1638 894 1762 927 Ἀκύλας,
1785 905 1795 921 ι
1812 895 1889 932 Πλὴν

254 940 263 954 α
285 931 476 959 Verumtamen:
493 933 658 961 absistentes
678 934 868 962 inhabitarunt
883 936 975 964 lzevem
993 944 1026 972 pe

1093 939 1292 974 ἀφιστάμενοι,
1317 940 1413 974 φησὶν,
1436 941 1596 975 ἐσκήνωσαν
1637 940 1849 978 λεωπετρίανδε.
1875 953 1886 968 ι

250 981 332 1004 Iram.
353 986 362 1002 ι
378 976 439 1012 ipse
450 979 551 1013 quippe
567 979 676 1007 volebat
690 981 890 1008 exacerbantes
913 989 929 1008 ιι
941 981 1040 1009 vincu-

251 1023 285 1049 lis
299 1031 397 1051 eruere
414 1028 441 1051 et
457 1025 585 1052 liberare.
603 1025 638 1052 At
654 1026 693 1053 illi
711 1026 738 1053 in
755 1026 912 1062 huiusmodi
935 1027 1041 1055 inobse-

249 1069 362 1104 quentia
378 1075 599 1105 perseverantes,
620 1071 762 1107 Deumque
776 1080 807 1100 ea
824 1073 850 1100 in
877 1081 905 1099 re
930 1081 1040 1101 exacer-

249 1116 348 1143 bantes
363 1120 390 1144 et
412 1121 620 1152 exasperantes,
650 1118 677 1145 in
699 1119 835 1154 sepulcris
857 1119 916 1146 suis
933 1119 1040 1146 habita-

248 1161 327 1194 bunt,
341 1162 379 1190 ita
391 1167 421 1190 ut
435 1163 469 1191 de
480 1163 535 1190 illis
550 1163 660 1191 dicatur
679 1173 685 1192 :
705 1174 715 1190 ι
735 1165 801 1193 Sine
818 1169 942 1193 mortuos
960 1173 1038 1200 sepe-

248 1207 299 1234 lire
314 1212 439 1236 mortuos
456 1217 523 1236 suos
541 1209 581 1243 “;
598 1219 608 1235 ι
627 1210 686 1238 sive
709 1211 792 1238 etiam
811 1221 820 1237 ι
845 1211 1039 1240 inhabitabunt

222 1252 226 1256 ”
247 1259 333 1282 ωειιιδ
349 1254 520 1288 siceitatem;
542 1265 551 1281 ι
565 1261 657 1291 utpote
671 1257 718 1291 qni
731 1257 795 1284 ituri
809 1258 865 1285 siut
886 1268 894 1284 ι
911 1258 1038 1294 inignem

246 1304 390 1333 :eternum,
408 1306 533 1336 paratum
546 1302 656 1330 diabolo
669 1308 697 1331 et
711 1304 815 1339 angelis
831 1304 891 1339 ejus
902 1305 934 1331 ".
949 1314 958 1330 ι

281 1389 365 1418 Vens.
378 1391 406 1423 8,
420 1390 449 1418 9.
465 1391 564 1423 «Deus.
583 1400 644 1419 cum
659 1392 830 1428 egredereris
848 1393 875 1420 in
889 1399 1037 1430 conspectu

245 1437 338 1472 populi
347 1437 398 1469 tui,
414 1439 670 1473 cumpertransires
682 1439 709 1466 in
722 1432 841 1467 deserto.
854 1439 1034 1475 Diapsalma.)

244 1482 293 1509 Dei
312 1481 430 1510 Verbum
449 1490 504 1510 non
516 1484 596 1511 modo
621 1485 647 1511 in
671 1485 909 1512 consummatione
923 1487 1038 1513 διορυΞο-

244 1535 306 1555 rum
322 1528 356 1556 ad
367 1528 492 1557 homines
507 1530 662 1562 advenisse,
687 1530 735 1558 sed
750 1531 832 1558 etiam
846 1532 935 1567 ipsum
954 1531 1038 1560 fuisse

243 1574 318 1608 quod
339 1581 388 1609 per
412 1574 532 1610 Moysem
561 1576 673 1602 oracula
705 1576 846 1609 fundebat,
864 1577 908 1604 hic
923 1578 1038 1605 docetur

244 1620 289 1647 his
301 1620 392 1648 verbis
407 1628 415 1646 :
433 1630 442 1646 ι
462 1621 547 1653 Deus.
565 1629 627 1649 cum
645 1622 816 1658 egredereris
844 1623 872 1650 in
886 1628 1035 1660 conspectu

243 1666 338 1701 populi
354 1667 404 1699 tui,
419 1674 480 1693 cum
497 1668 681 1702 pertransires
693 1669 719 1695 in
728 1669 838 1697 deserto
849 1690 855 1701 .
870 1674 943 1697 terra
963 1674 1035 1698 mota

243 1716 297 1744 est,
311 1713 412 1743 etenim
440 1713 502 1740 οωιι
528 1714 743 1742 distillaverunt.
763 1724 773 1741 ›
802 1715 879 1742 Tunc
893 1717 977 1748 enim,
995 1717 1036 1744 in-

243 1758 313 1793 quit,
330 1766 393 1786 cum
418 1758 550 1787 educeres
571 1760 641 1788 ﬁlios
667 1760 751 1788 Israel
778 1769 810 1788 ex
825 1766 896 1789 terra
912 1762 1034 1798 Egypti,

243 1804 316 1832 fama
333 1812 424 1833 rerum
439 1805 467 1833 in
485 1806 603 1843 Egypto
619 1811 757 1843 gestarum
774 1808 809 1834 ad
831 1816 926 1836 onmes
938 1817 1035 1844 perva-

242 1855 334 1886 uante,
361 1853 491 1881 universa
519 1858 593 1880 terra
619 1858 692 1880 mota
711 1857 762 1881 est.
783 1853 836 1882 Sed
850 1858 915 1882 tunc
925 1856 1033 1890 quidem

243 1902 315 1925 terra
331 1903 403 1926 mota
420 1903 480 1931 est;
497 1899 554 1926 sive
581 1898 663 1931 fama,
680 1899 822 1927 utdictum
845 1905 898 1933 est,
911 1902 1033 1929 omnium

240 1944 440 1980 terrigenarum
456 1953 539 1972 aures
550 1946 680 1979 implente
693 1955 700 1980 ;
717 1946 774 1974 sive
787 1947 869 1974 etiam
885 1948 945 1983 ipso
955 1952 1033 1976 terra:

240 1991 375 2019 elemento
390 1992 424 2019 de
438 1993 556 2019 adventu
570 1992 618 2020 Dei
633 1993 754 2022 laetante.
772 1994 851 2027 Quod
871 1995 934 2022 item
953 1996 1033 2023 docet

240 2035 312 2063 alius
338 2036 462 2070 psalmus
489 2037 532 2064 his
557 2038 672 2066 verbis:
692 2049 701 2065 ι
722 2040 753 2067 ln
783 2040 858 2068 exitu
888 2042 972 2069 Israel
998 2042 1032 2069 de

241 2079 372 2115 x'Egypto,
383 2081 482 2110 domus
489 2082 576 2111 Jacob
586 2084 619 2112 de
625 2085 725 2119 populo
734 2085 862 2118 barbaro,
872 2091 978 2115 montes
986 2096 1033 2115 ex-

238 2125 409 2153 sultaverunt
421 2130 451 2154 ut
464 2128 575 2159 arietes.
587 2134 613 2157 et
623 2131 708 2158 colles
719 2131 961 2167 sicutagniovium
974 2134 1005 2159 1‘.
1019 2142 1029 2160 ι

239 2169 323 2198 Terra
341 2171 434 2207 itaque
447 2174 570 2208 gaudens
591 2176 836 2210 commovebatur;
860 2178 923 2205 cmli
939 2182 1030 2207 autem

237 2215 441 2246 distillaverunt
471 2227 480 2246 ε
511 2220 578 2255 quid
606 2220 829 2257 distillaverunt,
856 2223 910 2251 nisi
938 2224 1029 2252 cibum

236 2263 457 2300 inexspectatum»
466 2265 494 2293 in
505 2266 615 2294 deserto
630 2267 791 2303 degentibus
805 2270 957 2305 delapsum,
972 2271 1030 2299 sive

235 2310 319 2338 etiam
353 2311 462 2340 divinos
488 2320 629 2341 sermones
640 2317 667 2341 et
692 2314 767 2350 leges
789 2324 850 2351 quae
874 2317 1027 2344 animarum

235 2356 440 2385 rationabilium
469 2358 525 2386 cibi
541 2360 627 2387 sunt?
646 2359 719 2388 Mota
732 2366 773 2388 est
797 2367 887 2390 autem
900 2366 983 2397 terra,
1000 2368 1028 2391 et

234 2402 298 2429 (ιωΙὶ
312 2402 517 2431 distillaverunt
532 2414 541 2430 ι
560 2412 575 2431 a
590 2404 660 2432 facie
676 2405 723 2432 Dei
740 2405 828 2439 Sinni,
847 2417 856 2433 ι
876 2408 902 2435 id
919 2413 972 2440 est,
1000 2410 1027 2436 in

234 2453 327 2476 monte
339 2448 415 2476 Sinni
428 2451 541 2477 oracula
552 2451 670 2480 edentis.
698 2451 761 2480 Haec
787 2461 853 2481 vero
868 2455 971 2482 clarius
986 2456 1028 2482 in—

233 2498 400 2530 terpretatus
419 2495 601 2531 Symmachus
609 2501 652 2524 est
662 2497 757 2526 dicens
775 2507 781 2524 ε
803 2508 812 2524 ι
830 2498 914 2528 Terra
932 2509 1026 2529 move-

234 2539 325 2571 hatur,
340 2540 441 2567 ctelum
455 2548 521 2568 vero
537 2541 678 2569 distillavit
700 2551 715 2570 a
728 2543 798 2572 facie
816 2544 862 2572 Dei
882 2545 965 2580 hujus
984 2546 1027 2574 Si-

233 2585 348 2617 nai,eta
361 2585 431 2612 facie
449 2585 508 2617 Dei.
525 2587 571 2615 Dei
588 2588 682 2616 Israel.
703 2599 713 2615 ι
729 2589 799 2617 Νιιιιι
816 2590 886 2619 forte
900 2593 1026 2621 ccelestes

231 2630 348 2658 virtutes
361 2639 411 2658 ceu
426 2632 549 2660 nutrices
564 2635 687 2668 qataadam
703 2643 718 2663 e
733 2644 853 2664 mamma
878 2638 919 2665 lac
935 2639 1024 2666 infan-

232 2674 447 2704 hibusdistillare
472 2676 615 2713 facientes,
639 2681 679 2708 sic
692 2686 720 2710 et
740 2683 806 2717 ipsa:
820 2684 979 2712 alimentum
990 2694 1024 2713 ex

232 2727 262 2747 se
279 2721 313 2749 iis
324 2722 370 2756 qui
383 2725 449 2750 tunc
473 2724 594 2754 infantes
620 2728 712 2755 animo
725 2735 814 2762 erant,
829 2731 1024 2758 subministra-

230 2767 316 2812 runt?
335 2768 481 2812 _Quarelex
508 2779 523 2798 a
549 2772 639 2808 Moyse
668 2775 768 2806 edicta,
795 2776 958 2812 pretlagogus
990 2779 1024 2806 ab

230 2809 361 2843 Apostolo
373 2818 466 2840 vocata
484 2813 536 2841 fuit
553 2814 584 2842 ”.

1051 1604 1072 1632 C

1099 984 1238 1011 Ἐϐούλετο
1253 985 1302 1020 μὲν
1315 985 1369 1021 γὰρ
1385 985 1466 1018 αὐτὸς
1477 986 1524 1013 καὶ
1543 987 1608 1018 τοὺς
1619 987 1889 1023 παραπικραίνοντας

1091 1029 1235 1064 ἐξαγαγεῖν
1249 1032 1296 1057 καὶ
1313 1031 1494 1067 ἐλευθερῶσαι
1508 1031 1562 1058 τῶν
1584 1032 1702 1068 δεσμῶν.
1727 1034 1887 1069 Ἐπιμένον-

1090 1085 1136 1109 τες
1149 1077 1178 1104 δὲ
1188 1075 1262 1104 οὗτοι
1292 1079 1325 1114 τῇ
1343 1078 1481 1114 ἀπειθείᾳ,
1508 1079 1705 1115 παροξύνοντες
1720 1089 1750 1108 τε
1764 1082 1794 1108 ἐν
1811 1082 1889 1118 αὒτῴ

1090 1123 1177 1158 τούτῳ
1202 1124 1249 1150 καὶ
1260 1125 1527 1161 παραπικραίνοντες
1540 1128 1587 1153 τὸν
1601 1127 1678 1159 Θεὸν,
1690 1129 1888 1165 κατοικήσουσι

1090 1169 1153 1200 τοὺς
1170 1169 1273 1196 ἑαυτῶν
1289 1169 1450 1204 τάφους.ώς
1460 1170 1584 1205 λέγεσθαι
1592 1172 1658 1209 περὶ
1671 1172 1769 1200 αὐτῶν·
1784 1174 1886 1208 «Ἄφες

1089 1213 1152 1244 τοὺς
1163 1215 1276 1250 νεκροὺς
1289 1214 1402 1241 θάπτειν
1421 1216 1484 1247 τοὺς
1504 1216 1609 1244 ἑαυτῶν
1624 1218 1764 1254 νεκρούς»
1779 1218 1796 1254 ἢ
1809 1228 1885 1246 «κατι

1089 1261 1228 1296 οικήσουσι
1252 1262 1393 1294 καύσωνος
1423 1262 1569 1298 ξηρότητα·
1586 1274 1595 1290 ι
1624 1265 1662 1297 ὡς
1685 1265 1718 1292 ἂν
1742 1266 1886 1301 μέλλοντες

1091 1307 1255 1342 πορεύεσθαι
1273 1318 1282 1334 ι
1299 1309 1338 1340 είς
1351 1309 1382 1335 τὸ
1402 1309 1459 1345 πῠρ
1473 1310 1504 1336 τὸ
1517 1310 1627 1338 αἰώνιον
1642 1312 1672 1338 τὸ
1684 1312 1885 1348 ἡτοιμασμένον

1089 1352 1127 1388 τῷ
1141 1353 1255 1389 διαϐόλῳ
1264 1354 1310 1381 καὶ
1318 1356 1373 1386 τοῖς
1389 1355 1514 1390 ἀγγέλοις
1525 1356 1617 1383 αὑτοῦ.
1625 1367 1635 1383 ι

1129 1409 1138 1425 ι
1158 1400 1187 1427 '0
1208 1401 1291 1435 Θεὸς,
1313 1403 1341 1429 ἐν
1357 1402 1395 1438 τῷ
1424 1403 1622 1439 ἐκπορεύεσθαι
1647 1412 1677 1430 σε
1698 1404 1814 1432 ἐνώπιον
1836 1405 1883 1432 τοῦ

1089 1445 1154 1472 λαοῦ
1170 1455 1232 1478 σου,
1256 1448 1284 1473 ἐν
1308 1447 1348 1483 τῷ
1367 1448 1516 1475 διαϐαίνειν
1539 1458 1568 1476 σε
1592 1451 1622 1476 ἐν
1640 1451 1672 1485 τῇ
1690 1450 1797 1486 ἐρήμῳ.
1818 1452 1884 1479 Διά-

1088 1492 1191 1528 ψαλμα.
1206 1504 1220 1517 ι
1234 1494 1295 1520 Ὂτε
1309 1494 1346 1530 μὴ
1362 1494 1441 1529 μόνον
1462 1495 1491 1521 ἐν
1510 1496 1542 1530 τῇ
1557 1495 1695 1531 συντελείᾳ
1708 1495 1762 1522 τῶν
1777 1495 1884 1523 αἰώνων

1088 1538 1244 1574 ἀνθρώποις
1264 1540 1396 1576 ἐπεδήμει
1422 1541 1436 1566 ὁ
1456 1540 1503 1567 τοῦ
1526 1541 1594 1568 Θεοῦ
1618 1542 1720 1577 Λόγος,
1743 1543 1811 1570 ἀλλά
1835 1543 1883 1570 καὶ

1089 1585 1222 1621 πρότερον
1237 1585 1319 1617 αὐτὸς
1340 1584 1375 1622 ἦν
1398 1588 1412 1613 ὁ
1432 1586 1476 1613 διὰ
1496 1587 1637 1620 Μωῦσέως
1652 1587 1848 1624 χρηματίζων,
1868 1591 1883 1616 ὀ

1089 1630 1184 1666 παρὼν
1199 1630 1321 1657 διδάσκει
1335 1631 1414 1665 λόγος
1434 1632 1561 1666 φάσκων·
1575 1642 1584 1658 ι
1603 1632 1632 1659 '0
1648 1632 1724 1665 Θεὸς,
1739 1634 1770 1660 ἐν
1781 1633 1821 1670 τῷ
1836 1635 1882 1660 ἐκ·

1087 1676 1250 1711 πορεύεσθαί
1266 1685 1296 1703 σε
1313 1675 1428 1704 ἐνώπιον
1439 1677 1485 1705 τοῦ
1496 1677 1561 1705 λαοῦ
1576 1687 1634 1711 σου,
1644 1679 1673 1706 ἐν
1681 1679 1721 1715 τῷ
1733 1679 1882 1707 διαϐαίνειν

1087 1729 1116 1747 σε
1133 1722 1162 1748 ἐν
1178 1724 1211 1758 τῇ
1235 1723 1331 1758 ἐρήμῳ
1343 1743 1350 1755 ,
1365 1723 1401 1758 γῆ
1423 1724 1532 1760 ἐσείσθη
1545 1745 1552 1757 ,
1579 1725 1628 1752 καὶ
1646 1728 1703 1762 γὰρ
1723 1727 1749 1753 οἱ
1771 1726 1882 1763 οὐρανοὶ

1085 1766 1212 1800 ἐσταξαν.
1229 1778 1238 1794 ›
1253 1769 1307 1795 Καὶ
1324 1769 1384 1796 τότε
1396 1770 1461 1805 γὰρ,
1471 1771 1546 1806 φησὶ,
1557 1771 1618 1798 καθ’
1629 1771 1660 1799 ὃν
1673 1772 1768 1808 χρόνον
1782 1772 1880 1809 ἐξῆτες

1084 1814 1148 1845 τοὺς
1163 1815 1239 1846 υἱοὺς
1255 1815 1363 1851 Ἰσραὴλ
1379 1816 1433 1842 ἀπὸ
1444 1816 1496 1852 γῆς
1509 1817 1657 1851 Αἰγύπτου,
1667 1819 1684 1854 ή
1699 1818 1832 1854 σύμπασα
1844 1820 1879 1855 γῆ

1084 1860 1187 1886 ἐσείετο
1208 1861 1259 1896 τῆς
1283 1862 1377 1897 φήμης
1399 1862 1453 1888 τῶν
1477 1863 1506 1889 ἐν
1528 1863 1656 1900 Αἰγύπτῳ
1676 1865 1888 1901 πεπραγμένων¹

1083 1905 1326 1942 διατρεχούσηςείς
1334 1908 1450 1940 πάντας.
1460 1908 1529 1935 Ἀλλ’
1542 1910 1557 1944 ή
1570 1910 1620 1944 μὲν
1633 1910 1669 1945 γῆ
1686 1910 1747 1937 τότε
1759 1911 1861 1938 ἐσείετο
1871 1920 1877 1925 ·

1083 1951 1142 1986 ἤτοι
1161 1953 1211 1989 τῆς
1226 1954 1337 1989 φήμης,
1359 1953 1398 1986 ὠς
1421 1954 1529 1990 εἴρηται
1540 1975 1547 1987 ,
1564 1955 1614 1988 τὰς
1631 1955 1739 1983 πάντων
1755 1956 1809 1984 τῶν
1831 1957 1878 1983 ἐπὶ

1083 1999 1134 2037 γῆς
1151 1998 1236 2030 ἀκοὰς
1252 1998 1409 2035 πληρούσης
1421 2018 1428 2031 ,
1447 1999 1464 2034 ἢ
1493 2001 1539 2026 καὶ
1564 2000 1647 2028 αὑτοῦ
1669 2001 1717 2027 τοῦ
1745 2002 1878 2037 στοιχείου

1081 2035 1221 2080 χαίροντος
1236 2044 1282 2070 ἐπὶ
1298 2045 1331 2080 τῇ
1347 2045 1474 2072 ἐπιϐάσει
1494 2045 1540 2072 τοῦ
1557 2046 1636 2073 Θεοῦ.
1657 2048 1691 2073 Ὃ
1709 2046 1741 2081 δὴ
1755 2035 1877 2074 διδάσκει

1082 2088 1129 2114 καὶ
1153 2088 1247 2123 ἕτερος
1262 2087 1371 2123 ψαλμὺς
1390 2088 1494 2123 λέγων·
1512 2099 1522 2115 ‹
1544 2090 1589 2117 Ἐν
1608 2090 1690 2126 ἐξόδῳ
1720 2090 1828 2127 Ἰσραὴλ
1847 2090 1878 2123 ἐξ

1081 2133 1219 2168 Αἰγύπτου
1232 2154 1239 2165 ,
1253 2133 1328 2160 οίκου
1350 2134 1446 2162 Ἰακὼϐ
1472 2136 1504 2162 ἐκ
1518 2135 1583 2163 λαοῦ
1602 2136 1740 2173 βαρϐάρου
1752 2157 1760 2169 ,
1775 2136 1810 2164 τὰ
1825 2137 1876 2175 δρη

1081 2180 1246 2216 ἐσκίρτησαν
1259 2180 1297 2213 ὡς
1312 2181 1402 2216 κριοὶ,
1415 2182 1464 2208 καὶ
1478 2183 1502 2209 οἱ
1517 2182 1606 2217 βουνοὶ
1624 2184 1662 2215 ὡς
1675 2183 1757 2220 ἀρνία
1773 2184 1880 2219 προϐᾶ-

1080 2234 1143 2251 των.
1161 2235 1170 2251 ι
1181 2225 1212 2251 Ἦ
1230 2225 1278 2260 μὲν
1296 2223 1342 2252 οὖν
1355 2226 1390 2261 γῆ
1407 2227 1540 2263 χαίρουσα
1564 2228 1678 2255 ἐσείετο·
1690 2229 1715 2255 οἱ
1727 2229 1756 2255 δέ
1767 2229 1879 2264 οὐρανοὶ

1046 2283 1071 2314 D
1084 2271 1208 2305 ἔσταξαν.
1227 2272 1259 2298 Τί
1275 2272 1303 2298 δὲ
1325 2272 1440 2306 ἐσταξαν
1451 2295 1458 2307 ,
1480 2274 1538 2301 ἀλλ’
1554 2275 1614 2310 ἦτοι
1634 2275 1684 2311 τὴν
1699 2276 1803 2312 τροφὴν
1825 2276 1878 2312 τὴν

1081 2318 1239 2353 παραδόξως
1253 2318 1409 2353 ἐνεχθεῖσαν
1426 2321 1481 2351 τοῖς
1504 2320 1550 2346 ἐπὶ
1571 2321 1620 2356 τῆς
1641 2321 1767 2358 ἐρήμου,
1788 2321 1805 2357 ἢ
1828 2322 1878 2350 καὶ

1079 2364 1141 2396 τοὺς
1154 2363 1242 2395 θείους
1256 2363 1351 2398 λόγους
1362 2373 1392 2390 τε
1406 2366 1452 2392 καὶ
1465 2365 1565 2402 νόμους
1576 2367 1679 2403 τροφὴν
1691 2367 1770 2400 δντας
1779 2367 1876 2404 ψυχῶν

1078 2409 1210 2444 λογικῶν;
1232 2410 1350 2436 Ἐσείετο
1362 2411 1390 2437 δέ
1407 2412 1423 2447 ή
1438 2412 1475 2447 γῆ
1487 2432 1494 2443 ,
1519 2414 1565 2440 καὶ
1580 2413 1696 2446 ἔπταξαν
1715 2415 1741 2441 οί
1763 2415 1877 2450 οὐρανοὶ

1081 2467 1089 2482 ι
1104 2456 1158 2483 ἀπὸ
1173 2456 1320 2492 προσώπου
1335 2457 1383 2483 τοῦ
1398 2458 1466 2484 θεοῦ
1483 2459 1530 2485 τοῦ
1550 2459 1642 2493 Σιναῒ,
1659 2469 1668 2486 ι
1687 2461 1810 2488 τουτέστι
1826 2461 1875 2490 τοῦ

1077 2504 1106 2529 ἐν
1125 2503 1164 2538 τῷ
1184 2503 1243 2539 δρει
1260 2503 1336 2530 Σιναῒ
1353 2504 1583 2539 χρηματίσαντος.
1597 2507 1652 2534 Καὶ
1665 2507 1752 2534 ταῦτα
1773 2508 1804 2535 δὲ
1826 2517 1876 2536 σα-

1078 2548 1207 2584 φέστερον
1218 2549 1390 2584 ἡρμήνευσεν
1402 2550 1416 2575 ὁ
1426 2549 1574 2585 Σύμμαχος
1584 2552 1678 2578 εἰπών·
1693 2553 1746 2589 «Γῆ
1758 2554 1873 2588 ἐσείετο,

1077 2595 1190 2630 οὐρανὸς
1200 2594 1228 2621 δὲ
1242 2594 1394 2628 ἀπέσταξεν
1409 2595 1464 2622 ἀπὸ
1477 2597 1622 2632 προσώπου
1636 2598 1682 2626 τοῦ
1693 2599 1761 2626 Θεοῦ
1777 2600 1874 2628 τούτου

1076 2640 1123 2667 τοῦ
1135 2641 1221 2672 Σιναῖ,
1230 2641 1277 2667 καὶ
1288 2641 1342 2667 ἀπὸ
1354 2642 1501 2677 προσώπου
1515 2643 1562 2670 τοῦ
1570 2644 1648 2676 Θεοῦ,
1657 2645 1724 2672 Θεοῦ
1733 2647 1869 2683 Ἰσραήλ.»

1078 2687 1192 2722 Μήποτε
1208 2686 1237 2712 δὲ
1252 2686 1300 2712 καὶ
1315 2687 1342 2712 αἱ
1365 2687 1486 2722 οὐράνιοι
1508 2688 1637 2724 δυνάμεις
1660 2689 1754 2727 ὥσπερ
1777 2692 1872 2727 τροφοί

1077 2740 1149 2764 τινες
1162 2733 1209 2759 καὶ
1223 2732 1327 2768 τιθηνοὶ
1338 2733 1392 2760 ἀπὸ
1404 2733 1489 2769 θηλῆς
1498 2734 1569 2768 γάλα
1584 2736 1689 2771 νηπίοις
1701 2737 1872 2771 ἀποστάζον-

1079 2785 1134 2810 σαι,
1157 2778 1243 2810 οὓτως
1255 2779 1302 2804 καὶ
1315 2776 1396 2806 αὗται
1412 2781 1461 2815 τὴν
1479 2781 1508 2814 ἐξ
1524 2781 1614 2808 αὐτῶν
1627 2783 1760 2820 χορηγίαν
1772 2786 1870 2821 παρεῖ-

1079 2833 1124 2858 χον
1139 2825 1196 2856 τοῖς
1212 2825 1272 2852 τότε
1284 2825 1334 2858 τὰς
1349 2827 1437 2862 ψυχὰς
1451 2827 1573 2863 νηπίοις
1588 2829 1626 2855 Δι’
1640 2829 1654 2855 ὃ
1665 2830 1712 2856 καὶ
1731 2831 1870 2866 παιδαγω-

229 2853 276 2886 γὸς
294 2855 450 2891 ωνόμασται
466 2860 541 2895 παρὰ
616 2861 768 2898 Ἀτεῖΐῖάλῳ
786 2864 799 2889 ὁ
815 2864 859 2891 διὰ
882 2866 1019 2898 Μωῦσὲως
1038 2868 1163 2904 λαληθεὶς
1180 2870 1267 2904 λόγος.

268 2913 288 2928 ¹³
303 2915 354 2942 lsa.
369 2923 435 2950 xui,
451 2919 477 2953 (i,
499 2919 526 2947 7.

568 2921 588 2937 "
602 2921 669 2949 Luc.
684 2930 721 2956 ix,
739 2923 784 2951 60.
825 2924 846 2940 "
859 2924 953 2953 Matth.
973 2934 1036 2962 xxv,
1052 2927 1096 2956 εΗ.

1138 2930 1158 2945 ¹⁶
1173 2928 1338 2964 Psal.cxtu,
1357 2931 1380 2964 l,
1395 2932 1422 2959 6.
1463 2933 1550 2961 “Gal.
1570 2942 1608 2967 ιιι,
1622 2933 1667 2962 2L
