2041 3215
21 0 41 80 ξς

1273 152 1332 200 L7

184 201 238 231 [$3
750 196 962 226 COMMENTAB

1022 195 1057 224 ΙΝ
1076 195 1247 225 ΡεΑιιιοε.
1275 195 1287 197 ”
1321 195 1326 200 ’
1759 195 1813 223 696

222 267 232 284 ι
247 257 351 293 Βροχὴν
363 257 486 284 ἑκούσιον
499 257 632 293 ἀφριεῖς,
642 257 658 283 ὸ
672 257 748 289 Θεὸς,
760 258 793 293 τῇ
809 254 962 293 κληρονομίέ

1065 255 1150 284 Vns.
1166 257 1211 290 t0,
1224 257 1269 284 Η.
1285 265 1295 282 ι
1310 255 1434 284 Pluvlam
1447 254 1630 284 voluntariam
1644 255 1811 292 segregatus.

185 311 250 336 mu,
266 304 314 330 καὶ
330 303 462 339 ἠσθένησε
473 323 481 335 ,
499 304 532 330 σὺ
547 303 575 329 δὲ
590 303 747 338 κατηρτίσω
763 303 859 337 αὑτήν.
879 311 888 329 ι
906 302 972 328 Τότε

186 349 251 383 μὲν,
274 348 402 386 metu}
418 349 446 374 ὲν
463 347 503 383 τῷ
527 347 726 383 ἐκπορεύεσθαι
744 355 773 373 σε
792 346 906 374 ἐνώπιον
925 346 971 373 τοῦ

183 394 248 422 λαοῦ
264 403 311 421 σου
321 415 328 427 ,
349 395 395 421 καὶ
414 395 443 421 ὲν
458 394 498 429 τῷ
512 394 659 421 διαϐαίνειν
673 402 702 419 σε
717 394 746 420 ὲν
760 395 793 429 τῇ
810 393 906 428 ἐρήμῳ
917 412 924 424 ,
937 393 972 428 γῆ

182 439 309 475 ἐσείσθη,
323 439 371 466 καὶ
394 440 419 466 oi
433 440 542 476 οὐρανοὶ
556 439 672 472 ἕσταξαν
682 448 689 454 ·
704 449 712 465 ι
723 440 769 466 ἐπὶ
782 440 811 466 δὲ
831 439 878 466 τοῦ
904 447 973 474 παρ-

181 484 258 516 όντος
269 505 277 517 ,
293 485 336 512 ὅτε
359 485 524 521 ὲπιὸἐόηκας
537 486 583 512 ἐπὶ
596 485 716 521 δυσμῶν,
732 485 813 521 ἔτερα
834 484 974 520 παράδοξα

182 531 313 566 εἰργάσω.
340 531 378 566 Τῇ
391 531 446 568 γὰρ
466 531 634 568 κληρονομίᾳ
651 540 697 558 σου
716 531 857 568 ἀφώρισας
872 531 971 567 βροχὴν

182 576 314 604 ἑκούσιον.
329 578 504 613 κληρονομία
519 578 547 604 δὲ
563 578 645 605 αὐτοῦ
661 579 703 610 τίς
716 577 749 614 ἦν
765 578 834 614 μετὰ
843 578 888 605 τὸν
907 579 973 614 πρὸ·

181 631 260 658 τερον
281 623 343 649 λαὸν
363 623 450 659 ἀλλ’ἢ
473 624 503 656 ἐξ
524 623 610 650 ἐθνῶν
634 624 798 660 Ἐκκλησία,
815 624 910 660 ὥσπερ
925 622 971 651 οὖν

180 669 301 696 διδάσκει
319 669 405 704 λέγων
425 670 506 702 αὐτὸς
527 672 555 697 ὲν
574 671 693 708 δευτέρῳ
709 672 825 708 ψαλμῴ-
844 682 853 698 ι
870 673 971 708 Κύριος

181 713 240 742 εἷπε
252 715 320 751 προς
330 716 363 751 μέ
373 725 379 731 ·
389 717 452 748 Υἱός
462 726 512 752 μου
526 716 551 743 εἷ
563 718 606 750 σὺ,
620 718 675 753 ἐγὼ
688 720 808 755 σήμερον
819 719 972 754 γεγέννηκά

180 769 221 796 σε..
238 762 354 796 Δῐτησαι
367 763 432 798 παρ’
452 762 519 798 ἐμοῦ
531 784 537 796 ,
551 764 599 790 καὶ
613 763 690 791 δώσω
709 773 750 791 σοι
765 765 828 801 ἔθνη
840 766 890 801 τὴν
906 765 971 801 κλη-

180 807 310 842 ρονομίαν
325 816 372 834 σου
389 809 436 834 καὶ
452 808 501 844 τὴν
515 809 679 844 κατάσχεσίν
695 819 742 837 σου
758 809 792 836 τὰ
806 810 912 845 πέρατα
922 811 971 845 τῆς

177 853 238 888 γῆς.
261 863 271 879 ι
286 854 349 885 Υἱὸς
365 854 420 890 γὰρ
434 855 501 882 Θεοῦ
521 855 698 892 κελευόμενος
719 857 786 892 πρὸς
799 856 847 884 τοῦ
865 857 971 892 Πατρὺς

177 899 263 926 αίτεῖν
273 899 466 935 κληρονομίαν,
480 900 542 928 οὔτε
558 901 692 928 Ἰουδαίων
705 902 790 934 ἔθνος,
803 902 869 929 ἀλλὰ
883 903 971 929 πάντα

175 944 210 970 τὰ
227 944 290 980 ἔθνη
305 947 351 972 καὶ
365 946 399 972 τὰ
414 947 520 982 πέρατα
535 948 583 982 τῆς
597 947 665 983 γῆς,
683 948 725 979 τίς
744 948 776 974 ἂν
794 948 898 982 γένοιτο
916 948 932 983 ἢ
953 950 967 975 ὁ

175 989 225 1025 τὴν
245 989 276 1022 ἐξ
292 990 376 1017 ἐθνῶν
393 991 559 1027 Ἐκκλησίαν
577 993 778 1028 συστησάμενος
791 1002 797 1025 ;
810 993 902 1029 Ταύτῃ
919 991 965 1020 οὖν

174 1035 208 1070 τῇ
226 1035 393 1072 κληρονομίᾳ
409 1037 492 1064 αὑτοῦ
512 1037 634 1074 ἀφώρισε
655 1038 755 1075 βροχὴν
772 1038 893 1065 ἑκούσιον
905 1048 911 1053 ·
926 1039 966 1065 διὸ

174 1080 300 1109 λέλεκται
317 1083 381 1118 περὶ
401 1083 485 1110 αὐτοῦ
496 1092 502 1099 ·
527 1093 536 1109 ι
553 1084 747 1120 Καταὸήσεται
767 1085 804 1117 ὡς
821 1085 898 1117 ὑετὸς
918 1086 965 1113 ἐπὶ

175 1127 276 1160 πόκον,
292 1129 338 1155 καὶ
352 1129 418 1155 ὡσεὶ
433 1130 562 1163 σταγόνες
577 1129 722 1162 στάζουσαι
745 1132 791 1158 ἐπὶ
813 1131 862 1167 τὴν
874 1132 936 1167 γῆν.
953 1141 961 1158 ι

173 1173 261 1208 Λόγος
281 1174 311 1201 δὲ
325 1172 359 1210 ἦν
373 1175 550 1209 εὺαγγελικὸς
569 1177 585 1211 ἡ
605 1176 689 1213 βροχὴ
702 1178 718 1212 ἡ
732 1178 858 1209 ἑκουσία,
874 1178 921 1204 καὶ
934 1178 965 1204 τὸ

172 1220 222 1256 τῆς
236 1221 341 1256 Καινῆς
348 1222 485 1258 Διαθήκης
497 1223 628 1258 κήρυγμα
638 1225 670 1259 τῇ
684 1224 714 1257 ἐξ
724 1225 808 1251 ἐθνῶν
816 1225 964 1261 Ἐκκλησία

173 1267 400 1302 παραδεδομένον.
419 1269 497 1304 Καλὴ
511 1269 538 1295 δὲ
554 1270 570 1305 ἡ
590 1270 733 1305 προσθήκη
750 1271 800 1306 τῆς
816 1281 825 1296 ι
837 1272 963 1304 ἑκουσίας

172 1312 286 1347 βοοκ-ἧς·
309 1323 318 1340 ι
339 1313 383 1340 διὰ
408 1315 545 1348 Μωῦσέως
569 1317 683 1352 μὲνγὰρ
706 1317 754 1352 οὺχ
774 1317 895 1350 ἑκούσιος
908 1320 963 1351 τοῖς

171 1358 298 1391 παλαιοῖς
311 1359 456 1395 παρείχετο
467 1360 554 1395 λόγος,
568 1363 629 1388 ἐπεὶ
643 1363 673 1388 οὐ
692 1363 763 1390 κατὰ
782 1363 894 1399 γνώμην
914 1364 962 1400 τὴν

170 1403 254 1431 αὑτοῦ
266 1405 458 1440 ὲνομοθετείτο’
473 1407 514 1434 διὸ
531 1408 597 1443 πρὸς
612 1409 709 1441 αὐτοὺς
723 1408 814 1443 ἔλεγεν
829 1410 842 1436 ὁ
856 1410 959 1446 Σωτήρ·

173 1459 183 1474 ι
201 1450 323 1486 Μωῦσῆς
336 1451 405 1486 πρὸς
421 1452 468 1487 τὴν
481 1453 697 1489 σκληροκαρδίαν
713 1455 789 1490 ὑμῶν
800 1455 929 1491 ἔγραψεν·
949 1466 959 1482 ι

169 1495 185 1521 ὀ
195 1495 224 1522 δὲ
240 1495 318 1531 λόγος
334 1498 348 1524 ὁ
360 1497 538 1532 εὐαγγελικὺς
554 1500 625 1526 κατὰ
638 1500 735 1535 βουλὴν
750 1502 798 1527 καὶ
810 1501 881 1527 κατὰ
894 1510 961 1537 προ-

169 1542 278 1575 αίρεσιν
291 1542 358 1569 Θεοῦ
371 1545 514 1581 ἀφωρίσοη
529 1555 537 1571 ι
553 1547 586 1581 τῇ
600 1546 767 1583 κληρονομίᾳ
787 1557 796 1573 ι
818 1548 916 1578 αὑτοῦ,
928 1548 961 1583 ἦν

169 1586 360 1622 hbe-ripas”
385 1589 433 1622 σὺ,
458 1591 542 1625 φησι,
569 1591 741 1627 κατηρτίσω·
771 1593 841 1619 κατὰ
863 1593 892 1619 δὲ
915 1592 960 1619 τὸν

176 1632 308 1665 Ἀκύλαν,
332 1642 342 1658 ‹
365 1634 595 1670 Μεμοχθηκυῖαν,
615 1637 697 1672 φησι,
719 1638 752 1664 σὺ
772 1638 894 1673 ἧδρασας
915 1639 963 1665 αὑ-

169 1678 235 1713 τήν·
261 1686 272 1703 ι
286 1678 363 1705 ’κατὰ
383 1679 411 1705 δὲ
432 1680 478 1706 τὸν
498 1681 659 1716 Σύμμαχον,
681 1691 690 1707 ι
709 1683 759 1709 Ἢν
778 1683 959 1720 ἐξεπόνησας,

169 1723 254 1758 φησιν,
276 1723 323 1750 καὶ
342 1723 474 1759 ἣδρασας.
496 1736 505 1752 ι
526 1727 563 1753 Οὐ
578 1727 619 1754 δεῖ
636 1728 665 1755 δὲ
683 1728 789 1755 πολλῶν
813 1729 900 1764 λόγων
921 1731 961 1762 είς

168 1767 200 1794 τὸ
211 1769 388 1804 παραστῆσαι
402 1771 476 1803 ὅπως
493 1773 510 1807 ή
531 1772 561 1804 ἐξ
583 1772 668 1800 ἐθνῶν
683 1775 765 1801 πάλαι
784 1776 915 1812 πρότερον
927 1774 960 1812 ἦν

169 1815 362 1851 μεμοχθηκυὴι
379 1817 470 1847 πόνοις
494 1819 541 1845 καὶ
566 1819 676 1855 μόχθοις
698 1821 746 1857 τῆς
768 1822 959 1858 εἰδωλολάτρου

167 1859 275 1896 πλάνης
292 1863 522 1898 καταπονηθεῖσα·
538 1865 711 1901 ἀσθενήσασά
728 1877 756 1894 τε
770 1866 804 1904 ἦν
821 1870 860 1900 εἰς
875 1870 959 1905 ὑπερ-

167 1905 261 1942 εολὴν,
278 1906 317 1938 ὡς
330 1908 466 1944 μηδεμίαν
482 1910 511 1936 ἐν
524 1911 592 1946 αὐτῇ
606 1912 818 1948 καταλειφθῆναι
834 1913 958 1949 δύναμιν.

175 1952 246 1980 Ἀλλ’
260 1953 402 1981 ἀναλαϐὼν
422 1956 506 1991 αὐτὴν
523 1957 537 1983 ὸ
553 1957 648 1993 Σωτὴρ
665 1959 848 1994 κατηρτίσατο
862 1960 958 1996 αὐτὴν,

166 1998 286 2034 ἔδρασας
308 1999 355 2026 ἐπὶ
375 2001 423 2037 τὴν
446 2002 548 2038 πέτραν
572 2003 620 2039 τὴν
643 2005 752 2040 ἀρραγῆ
772 2006 818 2032 καὶ
834 2006 959 2034 ἄσειστον

164 2044 217 2080 τῆς
240 2045 323 2073 αὑτοῦ
340 2048 467 2080 πίστεως·
482 2049 496 2075 ὃ
516 2048 547 2084 δὴ
571 2050 616 2076 καὶ
638 2051 819 2086 ἐπηγγείλατο
833 2053 958 2089 ποιήσειν

164 2090 262 2118 εἰπών’
280 2101 290 2117 ι
317 2092 377 2119 Ἐπὶ
390 2092 440 2129 τὴν
452 2093 555 2130 πέτραν
570 2095 739 2132 οἰκοδομήσω
759 2106 809 2132 μου
824 2098 873 2133 τὴν
895 2099 956 2125 Ἑκ-

165 2137 292 2173 κλησίαψ
311 2140 359 2166 καὶ
375 2140 456 2168 πύλαι
471 2141 534 2177 ᾅδου
551 2143 582 2169 οὺ
600 2144 809 2178 κατισχύσουσιν
826 2146 922 2181 αὐτῆς.
944 2156 954 2172 ι

169 2183 306 2220 Ἐδράσας
317 2185 346 2212 δὲ
359 2186 444 2222 αὐτὴν
459 2188 506 2214 καὶ
519 2190 765 2225 καταρτισάμενος,
777 2191 811 2218 τὰ
824 2191 880 2224 ξῶα
893 2193 956 2219 ἑαυ-

163 2229 210 2256 τοῦ
235 2230 388 2266 κατῴκισεν
409 2235 438 2260 ὲν
459 2234 538 2270 αὐτῇ.
557 2234 618 2261 Ζῶα
637 2235 664 2262 δὲ
685 2236 744 2262 τίνα
756 2237 789 2262 ἂν
805 2238 892 2269 εἴποις
908 2238 954 2265 τοῦ

163 2275 230 2330 9εοῦ
243 2277 260 2312 ἢ
275 2277 372 2330 τὰςΙὲκ
393 2280 444 2330 της
464 2282 528 2316 παρ’
545 2281 619 2317 αὐτῷ
641 2282 713 2317 ζωῆς
734 2279 888 2319 ἀρυομὲνας
905 2285 953 2312 καὶ
967 2301 990 2330 D

163 2321 382 2359 ζωοποιουμένας
407 2326 511 2362 ψυχάς;
538 2328 592 2355 Καὶ
618 2328 704 2355 ταῦτα
726 2330 830 2362 πάντα,
854 2321 972 2366 (malm:

165 2379 174 2394 ι
191 2370 344 2405 ἡτοίμασας
366 2382 376 2398 ι
396 2372 440 2400 διὰ
453 2374 503 2409 τῆς
527 2375 576 2410 σῆς
598 2376 780 2412 χρηστότητος
799 2377 845 2404 καὶ
858 2378 952 2412 φιλοιν-

163 2413 326 2451 ορωπίας,ῆ
341 2416 386 2443 διὰ
405 2427 415 2443 ι
436 2418 485 2453 τῆς
500 2419 550 2454 σῆς
567 2420 756 2456 ἀγαθωσύνης,
776 2431 785 2447 ι
800 2423 869 2450 κατὰ
889 2424 953 2456 τοὺς

162 2459 273 2493 λοιποὺς
292 2463 477 2499 ὲρμηνευτὰς,
497 2474 505 2490 ι
529 2465 567 2500 τῷ
588 2466 698 2502 πτωχῷ.
717 2477 726 2493 ι
744 2469 854 2504 Πτωχὸν
868 2470 895 2496 δὲ
911 2471 954 2497 ὲν-

161 2505 248 2532 ταΰθσ.
264 2507 383 2543 κέκληκε
400 2510 539 2545 μυστικῶς
560 2511 604 2539 τὸν
621 2513 690 2539 κατὰ
707 2513 795 2549 σάρκα
810 2515 952 2551 ἄνθρωπον

160 2552 207 2579 τοῦ
223 2553 350 2589 Σωτῆρος
365 2555 454 2591 ἡμῶν,
467 2556 496 2588 ὃς
514 2566 524 2582 ‹
544 2558 671 2591 πλούσιος
689 2558 726 2585 ὣν
748 2560 902 2596 ὲπτώχευσε
919 2562 951 2589 δι’

160 2597 245 2633 ἡμᾶς,
265 2598 308 2626 ἵνα
321 2600 402 2635 ¹ἡμεῖς
418 2602 451 2637 τῇ
466 2602 548 2629 αὑτοῦ
569 2604 691 2639 πτωχείᾳ
710 2605 915 2641 πλουτήσωμεν.
939 2617 950 2634 ι

167 2641 275 2678 Ἐδήλου
298 2643 327 2670 δὲ
347 2645 429 2671 αὑτοῦ
455 2646 510 2681 τὴνι
527 2647 662 2683 πτωχείαν
685 2649 731 2676 καὶ
751 2650 833 2682 αὐτὸς
855 2651 951 2685 λέγων·

164 2695 174 2712 ι
188 2687 299 2715 Μάθετε
313 2689 360 2715 ἀπ’
380 2690 448 2726 ἐμοῦ
458 2712 464 2724 ,
482 2692 522 2720 ὃτι
542 2695 627 2730 πρᾶός
643 2697 700 2731 εἰμι
714 2697 761 2723 καὶ
774 2697 901 2729 ταπεινὸς
916 2699 948 2733 τῇ

300 2744 309 2760 ι
332 2735 426 2772 Τούτῳ
442 2735 487 2764 οὖν
504 2739 542 2775 τῷ
557 2741 656 2777 πτωχῷ
675 2743 689 2769 ὁ
708 2742 773 2775 Θεὸς
795 2743 841 2770 καὶ
857 2744 951 2779 Πατὴρ

161 2777 244 2804 αὑτοῦ
266 2780 300 2814 τῇ
321 2780 402 2807 αὐτοῦ
417 2783 606 2821 φιλανθρωπίᾳ
624 2787 670 2813 καὶ
692 2787 855 2824 χρηστότητι
878 2777 952 2823 ἡτοί-

201 2870 310 2915 'L‘l'sal.
336 2879 367 2906 ιι,
387 2874 412 2908 7,
429 2876 456 2904 8.
497 2876 601 2904 “’Psal.
627 2886 702 2912 Lm,
718 2878 743 2907 6.
784 2880 805 2896 ¹⁶
820 2879 902 2909 Marc.
921 2890 947 2915 ιι,

1030 2882 1052 2899 πί
1067 2880 1161 2909 Matth.
1181 2889 1226 2914 xv,
1245 2881 1289 2910 l8.

163 2910 201 2937 ιι,
215 2905 259 2933 29.

1026 301 1109 333 Deus,
1125 301 1275 329 haereditati
1289 305 1353 334 tuae,
1369 305 1397 329 et
1415 301 1550 328 infirmata
1564 304 1616 334 est,
1630 304 1659 328 tu
1672 309 1737 328 vero
1751 308 1814 336 per-

1025 348 1114 376 fecisti
1129 356 1200 376 eam.
1215 358 1224 375 ι
1253 347 1341 381 Tunc,
1371 348 1470 383 inquit,
1491 358 1500 373 ι
1513 356 1575 374 cum
1601 347 1772 383 egredereris
1784 347 1812 374 in

1024 397 1172 429 conspectu
1189 393 1279 429 populi
1288 393 1337 425 tui,
1349 397 1377 420 et
1384 401 1445 420 cum
1458 393 1638 428 pertransires
1652 393 1679 420 in
1692 393 1811 426 deserto,

1025 443 1098 466 terra
1114 442 1188 466 mota
1199 443 1252 471 est,
1268 441 1297 465 et
1309 438 1372 465 caeli
1387 438 1598 465 distillaverunt.
1618 447 1627 463 ι
1638 437 1667 464 1η
1683 438 1811 472 praesenti

1024 488 1115 512 autem
1127 492 1189 511 cum
1205 484 1354 512 aseendisti
1369 491 1452 518 super
1462 491 1602 514 occasum,
1618 482 1752 509 mirabilia
1759 482 1811 509 alia

1024 531 1199 567 perpetrasti.
1216 530 1284 558 Nam
1299 530 1451 558 hereditati
1461 535 1514 557 tum
1530 530 1678 564 segregasti
1690 529 1811 564 pluviam

1024 577 1217 605 voluntariam.
1235 576 1387 604 llaereditas
1402 583 1484 611 porro
1510 575 1584 602 illius
1609 582 1733 609 quaenam
1753 578 1812 601 erat

1024 627 1085 659 post
1101 624 1219 658 priorem
1234 623 1310 650 illum
1325 623 1466 658 populum,
1479 621 1531 649 nisi
1544 620 1665 647 Eoclesia
1680 620 1810 655 gentium,

1024 672 1053 694 ιιι
1070 668 1127 702 ipse
1139 667 1219 694 doeet
1234 666 1262 694 in
1279 666 1400 694 secundo
1429 666 1552 701 psalmo:
1570 674 1579 690 ι
1594 665 1726 692 Dominus
1743 665 1812 692 dixit

1023 712 1057 739 ad
1070 720 1114 741 me
1131 722 1137 740 :
1157 711 1243 739 Filius
1254 720 1332 739 meus
1347 720 1377 740 es
1394 715 1434 746 tu,
1451 719 1502 747 ego
1515 711 1595 738 hodie
1610 711 1691 746 genui
1704 716 1740 738 te.
1764 710 1813 738 Po-

1024 758 1096 785 stula
1112 766 1127 785 a
1143 766 1196 790 me,
1208 762 1236 785 et
1251 758 1322 786 dabo
1337 758 1386 785 tibi
1398 762 1492 793 gentes
1520 757 1708 786 hereditatem
1724 761 1810 791 tuam,

1022 808 1049 831 et
1059 804 1262 839 possessionem
1272 808 1344 830 tuam
1353 804 1486 831 terminos
1492 808 1571 832 teme
1581 805 1614 832 ¹⁸.
1629 814 1638 831 ι
1651 803 1717 832 Nam
1726 804 1811 832 Filius

1023 850 1082 882 Dei,
1098 850 1142 877 cui
1164 850 1243 878 Pater
1267 850 1392 886 praecipit
1407 855 1436 877 ιιι
1453 853 1527 885 petat
1552 850 1581 878 in
1610 850 1810 883 hereditatem,

1024 904 1078 923 non
1094 895 1250 924 Judaeorum
1266 901 1383 931 gentem,
1397 896 1443 923 sed
1456 904 1552 924 omnes
1566 900 1660 931 gentes
1678 901 1705 924 et
1717 898 1812 924 termi-

987 937 1008 964 Β
1023 949 1073 970 nos
1095 946 1185 975 terras,
1204 942 1332 978 quisnam
1353 942 1446 974 fuerit,
1477 942 1530 970 nisi
1545 943 1591 977 qui
1609 942 1760 970 Ecclesiam
1777 951 1810 970 ex

1020 988 1148 1023 gentibus
1179 988 1348 1016 constituit?
1375 987 1446 1016 lluic
1466 989 1558 1023 itaque
1586 988 1736 1016 luereditati
1754 997 1811 1017 suae

1019 1035 1171 1071 segregavit
1194 1035 1313 1070 pluviam
1329 1035 1511 1063 voluntariam
1527 1045 1534 1063 :
1551 1042 1636 1071 quare
1657 1035 1754 1062 de'illo
1769 1036 1811 1063 di-

1019 1086 1094 1108 ctum
1123 1085 1165 1108 est
1184 1091 1190 1109 ε
1211 1091 1221 1109 ι
1241 1081 1396 1110 Descende!
1424 1082 1497 1110 sicut
1511 1082 1602 1117 pluvia
1626 1081 1652 1108 in
1666 1081 1766 1113 vellus,
1784 1087 1811 1108 et
1835 1079 1839 1081 “

1019 1127 1090 1154 sicut
1107 1127 1246 1155 stillicidia
1274 1127 1405 1155 stillantia
1421 1136 1504 1163 super
1520 1132 1618 1155 terram
1641 1127 1672 1154 ".
1685 1137 1694 1153 ι
1715 1127 1810 1154 Pluvia

1019 1178 1107 1201 autem
1123 1173 1276 1201 voluntaria
1291 1178 1348 1202 erat
1359 1174 1470 1201 verbum
1487 1174 1671 1210 evangelicum
1689 1193 1696 1206 ,
1708 1178 1734 1201 et
1746 1181 1811 1209 prze-

1018 1218 1119 1246 dicatio
1133 1218 1199 1246 Novi
1215 1218 1520 1247 TestamentiEcclesim
1533 1219 1652 1254 gentium
1671 1217 1811 1245 tradita.E

1016 1271 1047 1291 re
1062 1263 1189 1299 adjicitur
1201 1263 1234 1291 ad
1251 1274 1260 1290 ι
1279 1264 1398 1300 pluviam
1411 1274 1420 1290 ι
1439 1264 1514 1298 illud,
1549 1273 1558 1290 ι
1577 1264 1778 1292 voluntariam:
1797 1273 1806 1290 ι

1018 1318 1080 1337 nam
1094 1319 1143 1346 per
1158 1311 1280 1346 Moyscm
1308 1319 1364 1339 non
1395 1311 1581 1338 voluntarium
1600 1310 1722 1346 antiquis
1754 1310 1809 1337 illis

1017 1357 1177 1385 tradebatur
1187 1357 1311 1390 verbum,
1328 1358 1392 1393 quia
1407 1366 1462 1386 non
1476 1357 1627 1385 secundum
1643 1357 1730 1392 ipsius
1744 1365 1808 1385 sen-

1016 1403 1129 1430 tentiam
1143 1403 1187 1431 lex
1205 1403 1332 1430 dabatur.
1352 1402 1537 1436 Quamobrem
1553 1403 1614 1431 illos
1627 1403 1667 1430 sic
1682 1402 1809 1431 Salvator

1016 1449 1165 1484 alloquitur
1189 1459 1195 1476 :
1224 1458 1233 1475 ι
1250 1449 1358 1484 Moyses
1388 1449 1420 1476 ad
1448 1449 1579 1476 duritiam
1607 1449 1700 1477 cordis
1721 1449 1806 1476 vestri

1016 1495 1127 1530 scripsit
1150 1496 1184 1523 '°.
1203 1505 1212 1522 ι
1245 1496 1281 1523 At
1308 1496 1422 1524 verbum
1443 1496 1628 1531 evangelicum
1656 1495 1806 1523 secundum

1015 1543 1184 1570 voluntatem
1213 1545 1241 1569 ct
1270 1542 1432 1570 electionem
1457 1541 1504 1569 Dei
1530 1551 1539 1566 ι
1558 1540 1707 1568 haereditati
1723 1551 1732 1567 ι
1747 1541 1807 1576 ejus

1015 1589 1144 1616 traditum
1156 1592 1197 1615 est
1211 1597 1217 1615 :
1231 1596 1313 1624 quam
1326 1587 1462 1616 inﬁrmam
1477 1591 1518 1620 tu,
1534 1587 1633 1623 inquit,
1649 1587 1806 1622 perfecisti;

1017 1633 1167 1660 secundum
1195 1633 1338 1668 Aquilam,
1379 1633 1597 1664 (laborantem.
1628 1634 1743 1669 inquit,
1776 1638 1806 1661 tu

1016 1678 1138 1706 fundasti
1165 1686 1245 1712 eam;
1276 1689 1285 1704 ι
1315 1679 1466 1706 secundum
1498 1678 1692 1715 Symmachum
1729 1687 1805 1711 vero,

1018 1734 1123 1761 «quam
1150 1726 1310 1758 elaborasti,
1338 1726 1446 1761 inquit,
1479 1731 1505 1753 et
1527 1725 1659 1754 fundasti.
1675 1737 1685 1753 ι
1713 1726 1807 1762 Neque

1015 1773 1108 1800 multis
1120 1780 1188 1807 opus
1212 1772 1385 1800 sermonibus
1407 1775 1449 1799 est
1472 1772 1505 1799 ad
1529 1772 1723 1800 declarandum
1751 1781 1806 1808 quo

1014 1824 1095 1854 pacto
1109 1819 1231 1854 gentium
1248 1818 1371 1846 Ecclesia
1398 1818 1502 1853 pridem
1516 1819 1634 1851 defessa,
1650 1819 1805 1846 laboribus~

1014 1873 1066 1899 que
1081 1864 1186 1892 erroris
1204 1863 1338 1891 idolorum
1356 1863 1481 1891 confecta
1498 1868 1582 1896 esset,
1599 1871 1631 1890 ac
1648 1871 1731 1898 supra
1745 1872 1804 1890 mo-

1014 1911 1207 1941 duminiirma,
1222 1913 1251 1936 ut
1267 1909 1342 1937 nulla
1373 1909 1425 1944 ipsi
1456 1909 1544 1936 virtus
1570 1912 1737 1944 superesset.
1752 1908 1805 1936 Sed

1014 1958 1099 1992 ipsam
1118 1957 1248 1984 Servator
1267 1960 1424 1991 susceptam
1447 1955 1573 1991 perfecit,
1590 1956 1672 1990 inque
1685 1955 1763 1982 firma
1778 1959 1806 1982 et

1013 2003 1124 2030 immota
1139 2008 1215 2038 petra
1245 2003 1306 2029 fidei
1328 2009 1384 2030 sum
1417 2001 1563 2029 fundavit:
1579 2002 1652 2036 quod
1671 2009 1701 2029 se
1718 2001 1806 2028 factu-

1012 2057 1072 2076 rum
1091 2050 1233 2084 pollicitus
1252 2053 1311 2076 erat
1327 2049 1442 2077 dicens:
1463 2058 1472 2073 ι
1493 2048 1580 2084 Supra
1599 2052 1702 2084 petram
1719 2048 1804 2076 aedili-

1012 2095 1080 2121 cabo
1104 2093 1254 2122 Ecclesium
1272 2102 1372 2126 meam,
1389 2098 1415 2121 et
1432 2097 1518 2130 porta:
1539 2094 1618 2121 inferi
1634 2101 1687 2121 non
1703 2101 1806 2129 prmva-

1011 2141 1106 2169 lebunt
1121 2141 1255 2169 adversus
1269 2149 1339 2169 eam.
1358 2142 1391 2168 ¹¹.
1411 2151 1421 2166 ι
1434 2140 1584 2176 Postquam
1605 2148 1671 2168 vero
1682 2140 1806 2168 fundavit

1010 2192 1037 2215 et
1051 2188 1166 2223 perfecit
1181 2208 1188 2220 ,
1206 2187 1336 2215 animalia
1356 2194 1406 2214 sua
1419 2187 1543 2214 habitare
1562 2186 1625 2214 fecit
1640 2187 1668 2214 in
1684 2195 1726 2214 ea.
1739 2186 1805 2214 Ani-

1010 2235 1090 2262 nialia
1106 2242 1170 2262 vero
1191 2234 1237 2261 Dei
1253 2241 1313 2269 quae
1336 2233 1440 2261 dixeris
1455 2241 1526 2265 esse,
1544 2234 1599 2260 nisi
1615 2233 1722 2261 animas
1748 2234 1803 2260 vita

1010 2288 1070 2315 qua:
1085 2281 1156 2315 apud
1172 2280 1261 2314 ipsum
1276 2284 1327 2311 est,
1341 2280 1491 2307 instructas
1506 2283 1533 2306 et
1548 2278 1720 2307 donatas?Et
1733 2277 1790 2307 haec

1006 2326 1105 2361 inquit,
1122 2325 1213 2353 omnia
1229 2333 1277 2360 per
1285 2325 1457 2352 dulcedinem
1464 2328 1491 2352 et
1505 2325 1702 2368 humanitatem
1714 2319 1803 2367 tuam:

1006 2373 1063 2400 sive
1085 2380 1134 2407 per
1149 2381 1158 2398 ι
1174 2372 1325 2399 bonitatem
1343 2374 1418 2397 tuam
1430 2381 1439 2397 ι
1457 2371 1608 2398 secundum
1625 2372 1746 2406 reliquos
1758 2372 1802 2399 in-

1005 2423 1149 2455 terpretes,
1159 2427 1168 2444 (
1182 2418 1295 2454 pauperi
1312 2417 1430 2452 parasti.
1445 2417 1617 2452 iPauperem
1636 2418 1680 2444 hic
1687 2419 1803 2453 mystice

1006 2472 1086 2495 vocat
1099 2465 1236 2493 hominem
1250 2463 1401 2491 Salvatoris
1415 2463 1504 2491 nostri
1516 2464 1666 2491 secundum
1678 2471 1800 2497 carnem,

1007 2512 1053 2547 qui
1068 2521 1077 2537 ‹
1093 2518 1155 2538 cum
1168 2510 1244 2538 dives
1255 2514 1337 2542 esset,
1346 2517 1448 2545 egenus
1462 2513 1573 2545 propter
1584 2518 1635 2538 nos
1646 2509 1733 2538 factus
1746 2514 1800 2544 est,

1007 2563 1036 2586 ut
1053 2566 1104 2585 nos
1120 2558 1181 2592 ejus
1201 2557 1294 2591 inopia
1309 2556 1408 2584 divites
1421 2563 1547 2584 essemus
1562 2558 1595 2583 ".
1617 2566 1626 2583 ι
1638 2556 1721 2584 Suam
1737 2565 1801 2586 vero

1007 2605 1065 2640 ipse
1080 2604 1197 2640 inopiam
1214 2604 1256 2630 his
1272 2603 1365 2631 verbis
1381 2602 1530 2630 declaravit
1544 2611 1550 2628 :
1569 2611 1578 2628 ι
1597 2602 1700 2631 Discite
1712 2611 1727 2630 a
1744 2611 1798 2637 me,

1008 2651 1073 2687 quia
1089 2650 1162 2678 mitis
1180 2657 1240 2678 sum
1267 2653 1296 2677 et
1317 2648 1429 2676 humilis
1442 2649 1525 2676 corde
1541 2649 1574 2676 ’³.
1595 2659 1605 2675 ι
1630 2648 1700 2677 lluic
1715 2650 1800 2686 igitur

1004 2697 1117 2735 pauperi
1136 2695 1209 2723 Deus
1219 2700 1246 2723 et
1261 2695 1341 2723 Pater
1352 2695 1590 2730 cjushumanitate
1606 2704 1638 2723 ac
1653 2697 1799 2725 dulcedine

1004 2751 1054 2773 sua
1068 2742 1198 2779 praedicta
1211 2742 1302 2768 omnia
1331 2741 1513 2776 praeparavit;
1537 2742 1662 2770 videlicet
1677 2742 1796 2777 pluviam

1005 2789 1202 2820 voluntariam,
1224 2788 1364 2824 praefatam
1384 2788 1569 2816 [nereditatem
1594 2792 1621 2816 et
1647 2795 1795 2816 memorata

1346 2883 1370 2898 “
1385 2881 1407 2908 ll
1421 2881 1486 2911 Cor.
1500 2890 1559 2915 VIII,
1578 2881 1604 2909 9.
1662 2882 1686 2898 "
1697 2882 1792 2910 Matth.
