2041 3215
150 161 206 190 697

716 155 968 197 οοννΕΝτΑιιιΑ
987 155 1021 184 IN
1040 156 1211 187 PSALIIOS.
1252 141 1300 182 $7

1732 158 1787 186 £98

149 221 198 250 Διδ
211 220 316 258 Κύροος
336 219 391 247 τῶν
411 219 553 256 δυνάμεων
571 218 761 254 ἀνηγόρευται.
791 217 932 253 ’Δγαπητὸτ

995 225 1025 245 re
1039 217 1172 246 Dominus
1189 218 1320 246 virtutum
1343 223 1466 248 vocatur.
1491 219 1612 251 Dilectus
1626 223 1715 247 autem
1734 219 1781 247 Dei

148 267 238 296 δὶτοῦ
251 267 322 294 Θεοῦ
337 267 379 300 τίς
391 265 426 303 ἦν
439 267 456 303 ἢ
477 267 492 293 ὁ
505 265 660 302 Μονογενὴς
677 265 741 296 Υἱὸς
757 264 803 291 τοῦ
815 263 899 296 Θεοῦ;
917 260 939 298 ᾧ

148 316 167 351 ἠ
185 314 307 351 πατρικὴ
322 314 398 349 φωνὴ
413 312 563 349 ἐμαρτύρει
587 312 697 348 φήσασα
709 320 715 326 ·
732 320 741 337 ι
757 308 847 343 ὀὗτος
866 311 940 337 ἐστιν

147 361 164 388 ὁ
187 360 254 392 Υἱός
279 368 331 395 μου
353 361 368 386 ό
387 359 539 394 ἀγαπητὸς,
557 359 597 390 εἰς
617 357 646 384 ὃν
667 357 814 393 ηὐδόκησα·
833 367 842 382 ι
856 352 940 387 Οὗτος

146 403 239 432 τοίνυν
260 404 276 431 ὁ
298 403 425 439 βασιλεὺς
449 403 504 431 τῶν
525 403 573 430 τοῦ
602 403 756 439 ’Δγαπητοῡ
777 402 938 438 δυνάμεων,

146 449 244 486 ὥσπερ
265 451 326 481 ταῖς
350 451 411 477 κατ’
434 449 547 486 οὐρανὸν
571 449 718 484 δυνάμεσιν
744 449 870 485 ἐχορήγει
890 450 939 481 τὰς

146 495 244 525 ἑαυτοῦ
262 497 432 532 εὐεργεσίας,
449 496 537 529 οὕτως
555 497 603 524 καὶ
621 498 677 528 τοῖς
692 497 738 523 ἐπὶ
753 496 804 531 γῆς
825 497 939 530 εὐαγγε-

145 545 301 581 λιζομένοις
319 544 410 571 δίδωσι
422 543 453 570 τὸ
471 542 646 578 εὐαγγελικὸν
665 542 741 578 ῥῆμα
761 542 809 568 σὺν
826 541 939 576 δυνάμει

146 591 244 628 πολλῇ.
260 591 317 618 Καὶ
328 591 405 618 αὐτοὶ
423 590 452 617 δὲ
468 581 539 618 οὗτοι
554 590 579 616 οἱ
596 590 642 616 ἐπὶ
659 589 711 624 γῆς
727 589 852 625 στρατιαὶ
867 586 937 623 ἦσαν

145 637 231 666 αὐτοῦ
251 638 301 665 καὶ
324 637 453 672 δυνάμεις
474 635 568 663 αὑτοῦ.
582 635 626 661 Διὺ
644 634 714 661 κατὰ
728 634 773 660 τὸν
791 634 938 669 Σύμμαχον

145 684 282 713 λέλεκταν
301 693 310 710 ι
327 682 452 713 Βασιλεῖς
467 681 521 708 τῶν
542 680 691 716 στρατειῶν
711 679 904 715 ἠγαπήθησαν,
924 688 933 705 ι

144 731 174 767 ἢ,
195 729 336 766 ἀγαπητοὶ
361 729 494 763 ἐγένοντο.
515 727 626 759 Τούτοις
647 727 675 753 δὲ
697 727 787 758 αὐτοῖς
809 726 855 753 καὶ
874 725 938 753 ἄλλο

143 776 270 813 χάρισμα
285 776 454 811 ἐδωρήσατο·
467 774 546 801 τοῦτο
566 774 594 800 δὲ
610 771 644 809 ἦν
658 773 689 799 τὺ
704 772 840 800 διελέσθαι
851 772 936 798 σκύλα

144 824 185 855 τίς
204 822 361 858 ὡραιότητα
379 821 426 848 τοῦ
451 821 537 848 οῐκου.
568 819 710 855 Ὠραιύτης
733 819 782 854 μὲν
807 819 881 845 οἴκου
902 818 937 845 τὰ

143 869 328 907 δεαπρέποντα
353 869 382 894 ἐν
402 869 435 903 τῇ
460 866 608 902 Ἐκκλησία
623 866 669 893 τοῦ
690 865 758 892 Θεοῦ
779 865 822 901 εἴη
838 864 871 891 ἃν
885 865 935 891 τά-

990 264 1054 300 quis
1066 263 1159 296 fuerit,
1175 264 1228 292 nisi
1244 263 1406 300 Unigenitus
1421 265 1507 294 Filius
1522 265 1580 298 Dei,
1597 265 1640 294 eui
1653 265 1711 292 haec
1735 272 1783 300 ra-

990 315 1068 338 terna
1082 318 1135 338 vox
1148 310 1348 338 testiﬁcabatur
1362 320 1369 338 :
1389 321 1398 337 ι
1419 311 1468 338 Hic
1484 316 1526 340 est
1541 312 1625 339 Filius
1645 319 1722 339 meus
1739 310 1782 338 di-

990 357 1088 389 lectus,
1110 356 1137 384 in
1153 364 1208 392 quo
1223 357 1289 384 mihi
1308 358 1462 392 complacui
1477 358 1520 385 "2
1540 368 1549 384 ι
1563 357 1612 385 llic
1624 359 1713 395 itaque
1732 365 1779 385 rex

989 403 1120 429 virtutum
1134 401 1241 434 Dilecti,
1255 403 1484 438 quemadmodum
1500 403 1657 438 cmlestibus
1667 403 1779 430 virtuti-

989 449 1041 476 bus
1057 448 1188 477 beneiicia
1211 457 1261 477 sua
1284 449 1528 482 subministrabat,
1545 450 1586 478 sic
1599 455 1626 478 et
1641 449 1779 485 evangeli-

990 494 1117 522 zantibus
1140 495 1167 521 in
1192 497 1264 522 terra
1291 495 1404 523 verbum
1433 495 1480 522 dat
1510 496 1695 531 evangelicum
1715 503 1777 522 cum

989 539 1090 567 virtute
1107 539 1201 566 multa.
1218 539 1239 566 li
1256 547 1321 567 vero
1346 540 1409 575 ipsi,
1425 542 1472 575 qui
1501 540 1527 567 iu
1546 544 1618 567 terra
1633 540 1778 576 degebant,

988 586 1126 614 exercitus
1141 590 1168 614 et
1182 586 1300 614 virtutes
1320 587 1381 622 ejus
1405 592 1494 615 erant.
1523 586 1613 620 Quare
1627 587 1778 614 secundum

989 632 1182 668 Symmachum
1207 633 1326 665 dicitur,
1348 643 1357 658 ι
1380 632 1469 669 Reges
1489 634 1659 667 exercituum
1687 633 1778 660 dilecti

989 683 1063 711 sunt,
1080 689 1088 705 ι
1105 680 1163 707 sive
1178 679 1270 707 dilecti
1285 685 1441 709 evaserunt.
1466 679 1514 708 His
1530 688 1594 708 vero
1611 680 1678 716 ipsis
1693 680 1778 707 altera

988 726 1076 760 gratia
1102 726 1201 753 collata
1221 731 1278 759 est;
1297 726 1325 753 id
1345 731 1415 759 erat,
1432 731 1461 754 ut
1477 727 1631 755 dividerent
1646 727 1733 762 spolia
1751 727 1778 754 in

988 765 1108 807 speciem
1124 772 1233 800 domus.
1249 772 1361 809 Species
1379 774 1490 808 quidem
1506 774 1604 802 domus
1616 773 1718 802 fuerint
1733 781 1779 806 or-_

987 818 1044 844 nati
1059 821 1086 844 et
1099 817 1191 846 decori
1207 817 1246 845 illi
1263 819 1290 846 in
1305 818 1428 846 Ecclesia
1453 819 1499 847 Dei
1515 819 1642 853 ordines;
1661 827 1778 855 quorum

988 871 1017 890 se
1033 862 1161 898 cupidum
1177 863 1313 899 quispiam
1326 864 1541 896 fatetur,dicens
1554 875 1560 892 :
1574 873 1583 890 ι
1597 863 1721 897 Domine,
1736 865 1779 892 di-

143 906 246 952 γματα·
270 911 308 942 ὧν
331 914 378 941 καὶ
391 913 563 949 ἐπιθυμητὴς
577 912 702 948 ὁμολογεῖ
723 920 764 943 τις
784 911 932 946 γεγονέναι,

987 910 1038 937 lexi
1054 909 1181 937 decorem
1194 909 1292 937 domus
1305 913 1368 942 llliB,
1382 915 1408 937 et
1421 910 1511 938 locum
1528 909 1703 937 habitationis
1720 910 1779 945 glo-

143 962 244 997 φήσας·
260 969 271 986 ι
295 959 402 996 Κύριε,
421 959 553 994 ἠγάπησα
581 957 746 993 εὐπρέπειαν
774 957 849 983 οἴκου
875 965 932 988 σου,

143 1007 189 1033 καὶ
211 1005 296 1032 τόπον
322 1004 501 1040 σκηνώματος
525 1003 603 1038 δόξης
630 1011 687 1029 σου.
715 1012 724 1028 ι
751 1002 805 1028 Καὶ
835 1001 932 1028 πάλιν·

145 1061 155 1078 ι
172 1052 245 1080 Μίαν
258 1051 404 1087 ᾐτησάμην
420 1049 496 1085 παρὰ
514 1049 614 1085 Κυρίου
625 1069 633 1080 ,
650 1048 752 1083 ταύτην
768 1048 886 1084 ζητήσω,
904 1048 934 1074 τὸ

142 1099 278 1125 καταχεῖν
295 1105 329 1132 με
342 1097 371 1123 ὲν
385 1097 452 1131 οἴκῳ
469 1095 572 1131 Κυρίου
593 1095 681 1126 πάσας
701 1094 749 1125 τὰς
766 1093 871 1129 ἡμέρας
885 1094 934 1128 τῆς

141 1143 213 1178 ζωῆς
235 1152 305 1179 μου,
329 1142 377 1169 τοῦ
401 1142 513 1177 θεωρεῖν
537 1151 570 1177 με
586 1142 635 1177 τὴν
649 1140 819 1177 τερπνότητα
832 1140 933 1175 Κυρίου

141 1190 188 1218 καὶ
203 1189 418 1217 ἐπισκέπτεσθαι
430 1189 475 1216 τὸν
493 1188 555 1215 ναὸν
570 1188 662 1215 αὑτοῦ.
685 1198 694 1214 ι

174 1245 216 1273 Τὰ
224 1245 309 1281 ’Δγια
319 1245 408 1272 τοίνυν
419 1244 474 1271 τῶν
486 1244 571 1279 ἁγίων
582 1243 623 1280 εἴη
639 1244 671 1271 ἂν
687 1245 703 1279 ἡ
720 1244 870 1280 τερπνὸτης
886 1245 934 1271 καὶ

141 1291 276 1328 ὡραιάτης
292 1290 339 1318 τοῦ
354 1290 428 1317 οἴκου
449 1290 496 1316 τοῦ
519 1290 597 1316 Θεοῦ.
619 1290 710 1316 Ταῦτα
728 1290 756 1316 δέ
777 1291 834 1316 ἐστι
856 1290 891 1316 τὰ
905 1291 933 1316 ἐν

142 1337 303 1374 σωφροσύνῃ
317 1337 365 1363 καὶ
383 1336 489 1371 ἁγνεία,
506 1337 552 1364 καὶ
568 1336 732 1373 δικαιοσύνῃ,
749 1336 796 1363 καὶ
809 1338 868 1368 ταῖς
881 1337 934 1362 λοι-

142 1385 204 1415 παῑς
218 1384 331 1419 ἀρεταῖς
347 1382 532 1418 διαλάμποντα
546 1384 596 1418 τῆς
619 1382 780 1418 Ἐκκλησίας
800 1382 846 1409 τοῦ
865 1382 932 1409 Θεοῦ

141 1430 278 1465 τάγματα.
294 1429 342 1461 Εἰς
358 1429 386 1456 δὲ
397 1429 447 1465 τὴν
461 1429 614 1465 ὡραιότητα
628 1428 729 1464 ταύτην
746 1429 832 1456 σκὺλα
848 1429 932 1456 διελέ-

142 1469 202 1504 σθαι
218 1477 276 1507 τοῖς
295 1475 379 1502 αὑτοῦ
401 1474 579 1510 στρατιώταις
602 1475 754 1511 ἐδωρήσατο
776 1476 790 1502 ό
809 1475 933 1510 βασιλεὺς

141 1522 192 1549 τῶν
217 1521 368 1557 δυνάμεων.
400 1521 459 1548 Τῶν
488 1521 542 1557 γὰρ
567 1521 705 1556 πολεμίων
725 1522 932 1557 ἀνατραπέντων

141 1569 187 1598 καὶ
211 1569 252 1600 εἰς
274 1568 364 1604 φυγὴν
387 1568 595 1604 κεχωρηκότων,
615 1568 686 1602 λέγω
703 1568 731 1594 δὲ
751 1568 804 1595 τῶν
820 1569 931 1603 ἀφανῶν

141 1616 187 1643 ναὶ
208 1615 334 1650 ἀοράτων
349 1614 499 1650 δυνάμεων,
519 1614 584 1650 περὶ
602 1611 639 1640 ὧν
660 1614 788 1650 ἀνωτέρω
811 1614 928 1649 ἐλέγετο·

144 1671 153 1687 σ
184 1661 342 1697 Ἀναστήτω
371 1661 385 1687 ὁ
415 1660 481 1692 Θεὸς
513 1661 560 1686 καὶ
589 1660 878 1696 διασκορπισθήτωσαν
905 1662 930 1687 οι

140 1706 232 1743 ιχθροὶ
245 1705 340 1738 αὑτοῦ,
356 1705 515 1740 φυγέτωσαν
531 1705 632 1738 πάντες
652 1707 676 1732 οἱ
695 1707 836 1741 μισοῦντες
850 1707 931 1734 αὺτὶν

140 1753 193 1781 ἀπὸ
218 1752 365 1789 προσώπου
387 1752 488 1784 αὑτοῦ,
515 1762 524 1778 ι
545 1753 569 1779 οἱ
590 1752 637 1779 τοῦ
663 1752 773 1788 νικητοῦ
799 1753 931 1788 βασιλέως

142 1798 307 1835 στρατιῶται
324 1798 358 1825 τὰ
381 1798 466 1825 σκύλα
482 1798 583 1824 τούτων
599 1799 638 1830 εις
654 1798 766 1830 ἑαυτοὺς
779 1798 928 1835 διῃροῦντο.

142 1843 231 1871 Σκύλα
255 1843 285 1871 δὲ
308 1841 380 1879 ἦμεν
397 1845 478 1879 ἡμεῖς
497 1844 544 1870 καὶ
569 1844 622 1870 πᾶν
646 1843 676 1870 τὸ
701 1844 754 1870 τῶν
779 1843 930 1880 ἀνθρώπων

142 1889 277 1924 τινος-τὺ
297 1889 382 1917 πάλαι
405 1890 538 1926 πρότερον
562 1890 716 1926 ὑποχείριον
739 1890 793 1917 τῶν
810 1891 929 1917 ἀντικει-

143 1936 229 1972 μένων
250 1936 392 1970 δυνάμεων
409 1936 606 1971 γεγενημένον⁶
621 1933 658 1962 ὧν
675 1935 889 1967 ἀπελαοοεισῶν,
905 1937 929 1962 οἱ

141 1982 186 2011 τοῦ
200 1983 327 2018 Σωτῆρος
339 1982 417 2018 ἡμῶν
430 1982 547 2018 μαθηταὶ
561 1982 607 2009 καὶ
622 1983 774 2015 ἀπόστολοι,
791 1984 836 2009 καὶ
853 1983 930 2017 εὐαγ-

141 2030 280 2065 γιλιπαὶ.
295 2030 314 2065 ἦ
336 2038 365 2056 τε
388 2029 467 2064 λοιπὴ
494 2029 576 2056 αὑτοῦ
604 2030 748 2063 στρατεία,
773 2029 822 2060 τὰς
846 2029 929 2056 πάλαι

142 2076 274 2112 πρότερον
293 2075 493 2111 ὲσκυλευμένας
507 2075 605 2110 ψυχὰς,
623 2076 716 2111 κτῆμα
733 2076 796 2103 ίδιον
816 2076 930 2112 ποιησά-

142 2131 233 2158 μενοι,
258 2121 426 2157 διενείμαντο
454 2122 493 2153 είς
516 2121 656 2155 ἀλλήλους.
681 2121 786 2153 Παῦλος
810 2121 858 2156 μὲν
883 2119 930 2148 οὖν

140 2168 194 2196 ἀπὸ
221 2167 399 2204 Ἰερουσαλὴμ
424 2167 470 2194 καὶ
494 2167 586 2202 κύκλῳ
609 2167 688 2202 μέχρι
707 2166 754 2193 τοῦ
783 2166 929 2203 Ἰλλυρικοῦ

139 2213 174 2241 τά
188 2213 219 2246 ἐξ
233 2213 319 2241 ἐθνῶν
334 2213 484 2250 ἐκληροῦτο
500 2212 595 2240 σκύλα·
608 2213 710 2248 Πέτρος
732 2212 760 2239 δὲ
776 2212 856 2239 πάλιν
872 2213 931 2239 ἐτέ-

984 955 1032 982 riae
1050 959 1104 982 tum
1118 954 1155 986 ἐς
1173 964 1182 980 ι
1202 961 1233 982 ac
1249 962 1358 982 rursum
1373 964 1379 982 :
1403 964 1412 980 ι
1434 955 1522 992 Unam
1543 955 1606 990 petii
1619 962 1634 981 a
1650 954 1776 987 Domino,

984 999 1054 1026 hanc
1067 999 1214 1034 requiram,
1228 1003 1257 1026 ut
1272 999 1420 1027 inhabilem
1436 1001 1463 1028 in
1477 1000 1558 1028 domo
1573 999 1680 1027 Domini
1689 1001 1777 1027 omni-

984 1045 1141 1072 busdiebus
1156 1045 1217 1072 vitze
1233 1053 1299 1075 mea:
1311 1054 1318 1075 ;
1329 1049 1359 1072 ut
1377 1046 1482 1073 videam
1492 1046 1658 1081 voluptatem
1670 1044 1776 1072 Domini

983 1095 1010 1119 et
1027 1092 1135 1120 visitem
1153 1093 1285 1128 templum
1302 1093 1362 1128 ejus
1376 1093 1408 1120 ²⁹.
1428 1102 1438 1120 ι

1021 1235 1121 1263 Sancta
1151 1240 1310 1264 sanctorum
1340 1237 1433 1271 itaque
1460 1240 1586 1271 vo.uplas
1613 1244 1647 1264 ac
1669 1237 1774 1272 species

984 1281 1082 1310 domus
1098 1281 1144 1309 Dei
1163 1282 1273 1309 fuerint.
1290 1282 1322 1309 lli
1341 1290 1424 1317 porro
1441 1287 1505 1310 sunt
1521 1283 1650 1310 Ecclesiae
1672 1282 1718 1310 Dei
1730 1291 1776 1311 or-

984 1328 1071 1358 dines,
1097 1328 1289 1363 temperantia,
1319 1329 1447 1356 castitate
1462 1348 1469 1360 ,
1491 1328 1598 1363 justitia
1622 1333 1649 1355 et
1668 1330 1775 1356 caeteris

984 1373 1132 1401 virtutibus
1149 1374 1295 1409 fulgentes.
1312 1374 1352 1400 Ad
1369 1375 1451 1401 talem
1469 1382 1534 1410 ergo
1555 1374 1672 1409 speciem
1687 1374 1774 1409 spolia

983 1420 1106 1448 dividere
1120 1429 1167 1448 rex
1180 1421 1312 1448 virtutum
1325 1421 1460 1448 militibus
1474 1421 1532 1449 suis
1546 1421 1693 1449 concessit.
1709 1420 1776 1448 Ver~

984 1466 1023 1494 sis
1039 1466 1111 1494 enim
1141 1470 1168 1493 et
1193 1466 1293 1501 fugatis
1321 1467 1451 1499 inimicis,
1474 1468 1590 1495 occultis
1607 1468 1730 1495 videlicet
1747 1472 1774 1495 et

985 1512 1170 1540 invisibilibus
1185 1512 1343 1544 virtutibus,
1357 1512 1390 1539 de
1403 1513 1505 1548 quibus
1526 1514 1652 1548 superius
1663 1514 1759 1541 diceba
1777 1538 1779 1540 .

985 1563 1050 1586 tur:
1067 1568 1076 1584 ι
1096 1557 1232 1594 Exsurgat
1249 1557 1332 1590 Deus,
1347 1562 1373 1585 et
1389 1558 1561 1594 dissipentur
1578 1560 1680 1592 inimici
1701 1560 1772 1595 ejus.

944 1590 965 1617 (ἶ
983 1604 1088 1639 fugiant
1117 1611 1213 1631 omnes
1233 1604 1280 1639 qui
1301 1603 1417 1631 oderunt
1445 1612 1507 1632 eum
1534 1613 1548 1632 a
1570 1605 1638 1632 facie
1661 1604 1740 1640 ejus;
1760 1615 1770 1632 ι

982 1650 1094 1678 victoris
1110 1650 1182 1684 regis
1200 1650 1300 1678 milites
1318 1651 1404 1686 spolia
1426 1658 1521 1678 eorum
1547 1651 1618 1679 inter
1635 1660 1665 1679 se
1679 1652 1774 1679 distriv

980 1698 1110 1725 buerunt.
1128 1697 1220 1733 Spolia
1238 1701 1329 1725 autent
1351 1705 1401 1726 nos
1416 1706 1547 1732 eramus;
1565 1702 1706 1734 totumque
1723 1699 1775 1726 lto-

981 1745 1085 1770 minum
1111 1752 1209 1779 genus,
1228 1744 1293 1771 olim
1319 1744 1488 1772 adversariis
1509 1745 1659 1772 virtutibus
1682 1745 1774 1773 subdi-

981 1793 1049 1817 tum.
1066 1790 1173 1823 Quibus
1191 1791 1316 1825 .repulsis
1341 1790 1491 1826 Salvatoris
1516 1791 1602 1819 nostri
1633 1791 1772 1827 discipuli,

981 1838 1097 1872 apostoli
1118 1841 1145 1864 et
1158 1838 1342 1872 evangelistam,
1360 1841 1387 1865 et
1412 1838 1535 1873 reliquus
1554 1838 1613 1872 ejus
1635 1839 1773 1875 exercitus

981 1884 1099 1916 animas,
1117 1892 1178 1919 qua:
1192 1885 1256 1911 olim
1271 1888 1356 1920 rapta:
1372 1883 1492 1916 fuerant,
1507 1885 1586 1920 quasi
1606 1885 1633 1912 in
1648 1890 1770 1920 potesta-

982 1932 1035 1955 tem
1049 1933 1076 1955 et
1093 1929 1223 1956 ditionem
1248 1937 1326 1957 suam
1348 1930 1484 1962 redactas,
1499 1930 1568 1958 inter
1579 1938 1609 1958 se
1623 1930 1771 1958 distribue-

981 1978 1054 2002 runt.
1070 1974 1171 2002 Paulus
1187 1975 1321 2010 siquidem
1333 1976 1368 2002 ab
1381 1974 1532 2003 Jerusalem
1549 1980 1575 2004 et
1593 1976 1689 2004 vicinis
1703 1969 1774 2013 iocis

981 2029 1068 2056 usque
1094 2021 1129 2048 ad
1155 2021 1303 2057 “lyricum,
1318 2021 1439 2056 gentium
1462 2022 1550 2057 spolia
1573 2022 1687 2050 sortitus
1703 2026 1770 2050 est:

980 2067 1078 2096 Petrus
1098 2070 1161 2095 item
1178 2069 1292 2095 aliarum
1306 2069 1439 2103 gentium,
1455 2068 1575 2096 Joannes
1589 2069 1691 2105 pariter
1707 2069 1775 2096 alia-

980 2122 1053 2146 rum,
1067 2122 1100 2142 ει
1117 2114 1228 2149 reliquis
1244 2115 1376 2150 apostolis
1392 2115 1493 2151 singuli
1514 2115 1628 2142 aliarum
1645 2116 1771 2143 similiter

981 2161 1103 2196 gentium
1119 2161 1207 2196 spolia
1221 2161 1375 2189 obtinuere.
1396 2161 1434 2189 Ex
1450 2162 1552 2197 quibus
1570 2162 1664 2198 spoliis
1678 2162 1772 2190 excel-

982 2207 1098 2234 lentiora
1113 2207 1224 2234 donaria
1239 2207 1272 2234 ad
1282 2208 1399 2242 speciem
1411 2207 1509 2236 domus
1524 2207 1570 2235 Dei
1582 2212 1771 2243 segregarunt.

140 2267 194 2295 ρων
210 2259 295 2286 ἐθνῶν
310 2258 357 2285 καὶ
383 2258 508 2293 Ἰωάννης
527 2256 656 2288 ὡσαύτως
672 2255 772 2291 ἐτέρων
782 2276 789 2288 ,
811 2256 858 2282 καὶ
874 2255 928 2282 τῶν

983 2253 1162 2285 Quamobrem
1179 2253 1281 2280 dictum
1296 2257 1355 2280 est:
1377 2262 1386 2278 ι
1407 2253 1437 2280 Ει
1457 2254 1557 2289 speciei
1581 2253 1678 2281 domus
1701 2253 1772 2281 divi-

138 2305 241 2333 λοιπῶν
263 2304 419 2332 ἀποστόλων
439 2304 554 2335 ἕκαστος
575 2302 782 2338 παραπλησίως.
808 2302 865 2337 ’Δφ’
891 2298 929 2328 ὧν

139 2350 246 2378 σκύλων
266 2350 302 2378 τὰ
323 2350 449 2386 ἐξαίρετα
465 2350 639 2384 ἀναθήματα,
660 2349 699 2380 είς
715 2347 868 2384 ὡραιότητα
880 2347 927 2374 τοῦ

138 2397 213 2425 οἴκου
227 2396 274 2424 τοῦ
286 2396 353 2424 Θεοῦ
371 2395 517 2432 ἀφώριζον.
534 2395 579 2422 Διὸ
593 2394 727 2421 λέλεκταγ
739 2404 748 2420 ‹
762 2394 816 2420 Καὶ
827 2394 927 2430 ὡραιό-

137 2450 205 2478 ἰητι
230 2441 278 2468 τοῦ
303 2442 378 2468 οῐκου
408 2440 540 2467 διελέσθαι
566 2439 661 2466 σκύλα.
686 2439 749 2466 Ἐὰν
778 2438 928 2474 κοιμηθῆτε

137 2487 189 2516 ἀνὰ
212 2487 295 2523 μέσον
311 2487 365 2514 τῶν
381 2487 488 2523 κλήρων
511 2487 645 2523 πτέρυγες
667 2486 832 2522 περιστερᾶς
850 2494 928 2520 περι-

135 2533 344 2570 ηργυρωμίναι,
371 2534 418 2560 καὶ
434 2533 468 2560 τὰ
492 2533 650 2568 μετάφρενα
673 2532 758 2567 αὐτῆς
775 2532 804 2558 ὲν
827 2532 929 2567 χλωρό-

135 2587 198 2615 τητι
221 2579 345 2616 χρυσίου.
372 2589 381 2605 ι
406 2578 604 2615 Μνημονεύσας
626 2580 640 2605 ὁ
665 2578 743 2612 λόγος
765 2578 819 2604 τῶν
848 2578 929 2612 εὐαγ-

136 2624 319 2661 γελιζομένων
341 2625 452 2661 δυνάμει
476 2624 560 2660 πολλῇ
587 2624 633 2651 τοῦ
658 2633 686 2650 τε
712 2623 786 2650 οἴκου
808 2624 855 2650 καὶ
879 2624 928 2658 τῆς

134 2671 305 2708 ὼραώτητος
323 2671 416 2702 αὑτοῦ,
439 2671 478 2697 ἔτι
506 2670 558 2706 μὴν
578 2671 622 2697 καὶ
643 2669 697 2696 τῶν
718 2671 746 2696 ὲν
766 2669 839 2704 αὺτῴ
863 2668 926 2695 σκύ-

135 2715 204 2749 λων,
233 2716 269 2743 δι’
298 2711 336 2742 ὧν
369 2715 490 2752 ᾐνίττετο
517 2715 566 2751 τὴν
597 2715 759 2750 Ἐκκλησίαν
786 2714 832 2741 τοῦ
860 2714 927 2741 Θεοῦ

136 2762 183 2790 καὶ
209 2762 332 2794 τοὺς-ιν
359 2762 427 2798 αὐτῇ
452 2761 669 2798 διαπρέποντας”
701 2760 855 2793 ἀκολούθως
883 2760 927 2787 διὰ

136 2808 187 2835 τῶν
207 2807 281 2843 μετὰ
296 2809 388 2843 χεῖρας
404 2808 452 2834 καὶ
470 2808 524 2834 τῶν
546 2807 730 2834 θεοπνεύστων
747 2808 927 2843 ἀναγνωτμά-

983 2298 1047 2325 dere
1063 2298 1160 2333 spolia.
1181 2298 1208 2326 Si
1227 2299 1371 2327 dormiatis
1391 2299 1464 2332 inter
1478 2300 1584 2328 medios
1601 2300 1690 2327 cleros
1704 2307 1769 2334 pen-

982 2352 1024 2372 na:
1037 2345 1170 2372 columba:
1180 2345 1371 2380 deargentatte,
1387 2349 1412 2373 et
1430 2346 1581 2380 posteriora
1596 2345 1656 2380 ejus
1671 2346 1698 2373 in
1713 2346 1770 2380 pal—

982 2391 1038 2419 lore
1045 2392 1116 2420 auri.
1127 2402 1136 2418 ι
1147 2391 1294 2427 Postquam
1314 2393 1556 2427 evangelizantium
1570 2392 1670 2419 virtute
1685 2392 1770 2419 multa

982 2437 1135 2473 domusque
1147 2446 1179 2465 ac
1210 2439 1310 2474 speciei
1329 2439 1400 2473 ejus.
1416 2446 1523 2466 necnon
1543 2438 1692 2472 spoliorum
1710 2446 1772 2473 quae

981 2484 1009 2511 in
1026 2484 1083 2519 ipsa
1099 2488 1187 2517 erant,
1203 2485 1282 2520 queis
1303 2484 1424 2512 Ecclesia
1444 2485 1490 2512 Dei
1511 2488 1538 2512 et
1553 2485 1571 2512 ii
1591 2485 1638 2519 qui
1661 2484 1688 2511 in
1712 2484 1773 2520 ipsa,

982 2531 1124 2565 conspicui
1139 2531 1214 2559 fuere
1230 2532 1485 2564 subindicabantur,
1505 2531 1608 2559 mentio
1621 2531 1692 2558 facta
1706 2535 1748 2558 est
1761 2540 1770 2564 ;

981 2581 1184 2612 consequenter
1196 2578 1222 2604 in
1240 2578 1273 2606 iis
1285 2586 1346 2613 quae
1357 2578 1413 2612 jam
1424 2582 1573 2605 tractamus
1589 2577 1719 2605 divinitus
1732 2577 1773 2603 in—

982 2623 1100 2658 spiratas
1116 2624 1246 2652 lectiones
1258 2629 1465 2653 commemorat.
1475 2632 1525 2651 nos
1534 2625 1571 2651 ita
1584 2624 1769 2659 compellans:

983 2668 1026 2696 «Si
1037 2669 1257 2697 dormiatisinter
1270 2670 1374 2698 medios
1381 2671 1495 2698 cleros.»
1509 2670 1580 2698 Cleri
1595 2674 1696 2702 autem,
1713 2669 1772 2697 sive

979 2716 1063 2744 fortes
1079 2716 1217 2748 Ecclesiae,
1236 2720 1300 2744 sunt
1310 2716 1394 2744 Vetus
1407 2721 1434 2744 et
1449 2716 1552 2744 Novum
1565 2715 1770 2744 Testamentum

979 2761 1026 2789 Dei
1045 2772 1051 2790 :
1070 2763 1212 2798 docetque,
1235 2770 1282 2790 eos
1305 2762 1350 2797 qui
1368 2762 1394 2789 in
1411 2762 1501 2790 medio
1518 2770 1611 2790 eorum
1627 2764 1771 2789 versantur

980 2816 1083 2836 pennas
1098 2809 1231 2837 columba:
1250 2809 1440 2845 dcargentatas
1455 2809 1614 2837 inventuros
1629 2815 1705 2841 esse;
1721 2815 1770 2834 ru-

170 2887 191 2902 "
210 2885 309 2912 Matth.
328 2893 367 2919 ut,
386 2885 437 2919 i7;
454 2875 520 2919 xiv“,
536 2884 561 2913 5.
598 2886 620 2902 ³⁸
630 2885 692 2914 Psal
718 2885 825 2920 x.\‘\',.8.
865 2886 886 2901 "‘
897 2884 969 2913 Psal.
987 2893 1062 2921 tum,
1079 2885 1105 2913 4.
