2041 3215
267 195 320 223 699

614 192 748 221 EUSEDII
768 191 1007 220 CESARIENSIS
1027 191 1102 220 OPP.
1124 190 1214 218 PARS
1234 189 1278 217 Ill.
1298 205 1333 210 —-
1353 189 1558 218 EXEGETICA.

1851 189 1902 218 τοῦ

267 255 312 290 jus
329 254 460 282 columba:
485 252 639 287 posteriora
663 253 729 280 dicit
743 260 804 280 esse
818 253 845 279 in
861 252 965 287 pallore
987 251 1047 278 auri

1110 259 1165 277 των
1193 249 1243 285 τὴν
1270 249 1381 285 μνήμην
1409 248 1523 275 ποιεῖται
1548 247 1586 281 ὼς
1610 248 1679 284 πρός
1703 248 1778 284 ἡμᾶς
1795 247 1903 289 λέγων

267 300 334 328 Nam
350 308 411 328 cum
429 300 549 336 Spiritus
565 303 678 327 sanctus
703 298 828 326 columba
844 305 906 326 esse
927 297 1060 332 intelliga-

267 349 323 377 tur,
334 353 394 380 quze
407 345 489 372 verba
503 342 530 371 in
544 343 634 371 Veteri
649 347 674 370 et
688 343 763 370 Novo
774 342 950 370 Testamento
965 342 1059 376 legun-

266 394 324 423 tur,
353 390 504 418 sectnidum
520 389 620 416 nudam
636 393 662 416 et
676 388 783 416 obviam
799 388 942 416 lectionem
954 407 961 419 ,
979 386 1058 422 quasi

267 436 320 464 sub
335 437 387 464 alis
402 436 510 463 occulta
522 439 598 466 sunt,
614 435 675 468 alis,
691 435 813 469 inquam,
829 432 978 464 deauratis,
993 432 1058 467 quia

265 484 375 518 eloquia
399 483 508 510 Domini
532 485 673 517 argentum
691 485 754 509 sunt
777 481 839 516 igne
861 479 1057 511 examinatum,

267 529 411 564 probatum
425 534 515 556 terrae.
545 527 629 555 Sensa
646 532 737 554 autem
754 527 781 554 in
794 525 930 562 profundo
942 525 1058 552 abscon-

266 574 335 605 dita.
362 581 423 609 qua:
446 577 602 600 memorata:
624 572 767 603 columba,
792 571 921 598 nimirum
939 570 1057 605 Spiritus

267 619 368 651 sancti,
384 619 582 654 posterioribus
597 617 790 653 comparanda,
807 618 834 644 in
846 617 950 653 pallore
960 617 1057 644 dicun-

267 668 313 691 tur
328 672 400 696 esse,
422 664 485 699 quia
499 664 633 692 sententia
648 668 675 691 et
689 663 836 698 purissima
854 671 932 691 mens
947 663 998 691 sub
1015 663 1057 690 di-

266 710 358 737 ctione
374 709 533 737 abscondita
552 709 611 736 auri
630 709 718 736 instar
738 708 856 744 eﬂ‘ulget.
884 707 987 743 Hisque
999 716 1058 735 rur-

267 762 327 782 sum
345 762 395 782 nos
410 754 554 789 compellat
566 762 672 786 omnes,
681 754 727 788 qui
743 754 771 780 in
788 753 869 780 domo
882 753 929 781 Dei
942 761 1056 789 congrec

267 801 322 835 gati
344 807 450 833 sumus,
473 807 542 836 quos
559 800 646 835 spolia
662 800 789 835 superius
799 799 975 835 nuncupavit.
1001 799 1056 828 Pro

266 846 314 873 illo
329 850 437 879 autem,
463 855 472 870 ‹
495 845 523 872 Si
542 845 695 877 dormiatis,
715 854 724 870 ›
746 844 927 880 Symmachus
951 845 990 872 sic
1004 845 1054 872 ba-

265 892 322 923 bct,
352 901 361 917 ι
381 891 409 919 Si
422 892 576 919 recideritis
597 891 669 919 inter
691 891 790 920 cleros.
811 900 820 917 ι
843 890 909 918 Nam
924 891 1053 923 dormire,

1117 304 1126 321 I
1138 295 1200 322 Ἐὰν
1219 294 1370 330 κοιμηθῆτε
1392 293 1445 321 ἀνὰ
1463 294 1544 330 μέσον
1559 293 1613 320 τῶν
1636 294 1754 330 κλήρων,
1770 303 1781 320 ν
1797 294 1904 330 κλῆροι

1113 341 1141 367 δὲ
1161 341 1211 376 τῆς
1231 340 1394 375 Ἐκκλησίας
1409 340 1478 366 είσὶν
1499 340 1517 375 ἦ
1544 348 1575 366 τε
1599 339 1707 367 Παλαιὰ
1721 339 1768 367 καὶ
1783 340 1903 376 ήΚαινὴ

1112 386 1233 421 Διαθήκη
1247 385 1294 412 τοῦ
1306 385 1375 412 Θεοῦ
1383 393 1390 400 ·
1403 382 1440 411 ὧν
1453 385 1517 417 τοὺς
1528 386 1557 412 ἐν
1569 385 1646 421 μέσῳ
1657 385 1903 422 διαστρεφομένους

1111 430 1230 457 διδάσκει
1247 430 1386 466 πτέρυγας
1399 430 1563 465 περιστερᾶς
1578 429 1844 466 περιηργυρωμένας
1858 430 1905 457 ευ-

1114 477 1220 513 ρήσειψ
1238 474 1272 514 ἦς
1287 478 1452 514 περιστερᾶς
1468 477 1503 504 τὰ
1525 477 1681 513 μετάφρενα
1701 475 1770 505 εῖναι
1790 477 1820 504 ἑν
1832 477 1904 513 χλω-

1113 524 1207 560 ρότητι
1219 525 1341 560 χρυσίου.
1360 525 1413 552 Τοῦ
1427 526 1482 562 γὰρ
1501 525 1578 560 ἁγίου
1598 523 1758 559 Πνεὺματος
1775 531 1903 560 περιστε-

1113 570 1162 606 ρᾶς
1179 570 1334 606 νοουμένου,
1348 572 1373 598 οἱ
1389 573 1418 598 ὲν
1435 572 1542 607 Παλαιᾷ
1560 571 1606 597 καὶ
1621 571 1710 606 Καινῇ
1724 569 1902 605 λελαλημένοι

1111 615 1196 651 λόγοι,
1206 617 1278 643 κατὰ
1294 618 1342 653 μὲν
1359 617 1409 653 τὴν
1424 617 1583 644 ἐπιπόλαιον
1596 615 1759 651 ἀνάγνωσιν,
1771 615 1902 652 πτέρυξιν

1110 661 1204 697 ὥσπερ
1220 662 1457 699 ἐγκεκαλυμμένοι
1469 662 1644 698 τυγχάνουσι,
1659 661 1706 688 καὶ
1724 659 1839 696 πτέρυξι
1852 668 1902 687 πε-

1111 707 1357 745 ριηργυρωμέναις,
1381 708 1474 744 ἐπειδὴ
1495 708 1529 735 τὰ
1551 707 1628 742 λόγια
1643 707 1748 743 Κυρίου
1767 706 1901 743 ἀργύριόν

1110 754 1168 780 ἐστι
1180 754 1387 790 πεπυρωμένον,
1401 753 1522 789 δοκίμιον
1531 755 1565 789 τῇ
1576 752 1664 788 γῇυιὰ
1673 752 1702 779 δὲ
1714 751 1785 779 κατὰ
1799 751 1901 787 βάθους

1109 800 1321 835 ὲγκεκρυμμένα
1334 801 1468 836 νοήματα,
1486 801 1557 836 ἅπερ
1573 799 1645 826 ἔοικε
1660 798 1840 834 μεταφρένοις
1849 797 1901 834 τῆς

1108 844 1287 880 ἀποδοθείσης
1305 846 1480 881 περιστερᾶς,
1497 844 1597 880 δηλαδὴ
1618 844 1665 871 τοῦ
1679 844 1758 879 ἁγίου
1772 843 1898 880 Πνιύμα-

1106 899 1162 922 τος,
1181 890 1209 916 ἐν
1225 890 1376 927 χλωρότητι
1390 891 1498 926 λέγεται
1514 889 1592 924 εἶναι,
1606 891 1656 927 τῆς
1669 889 1899 939 ὲγκεκρυμμένης

265 945 338 965 nunc
352 938 522 972 requiescere
539 938 684 973 signiﬁcat.
703 937 738 965 lis
751 937 832 973 igitur
849 938 896 973 qui
909 945 1051 966 sacrorum

1105 937 1139 972 τῇ
1161 935 1232 968 λέξει
1254 936 1373 969 διανοίας
1397 938 1443 964 καὶ
1459 937 1506 964 τοῦ
1526 938 1720 974 καθαρωτάτου
1734 935 1779 963 νοῦ
1795 935 1898 973 χρυσοῦ

263 984 411 1011 verborum
424 983 612 1011 exercitationi
628 987 735 1016 vacant,
745 983 896 1011 hortatorio
905 983 984 1010 modo
995 990 1056 1018 pro-

264 1030 382 1057 mittitur
399 1030 552 1058 divinarum
565 1029 769 1065 Seripturarum
785 1029 889 1057 utilitas
906 1039 912 1057 :
930 1036 992 1056 nam
1008 1036 1053 1056 sa-

262 1083 373 1104 crarum
388 1076 535 1104 lectionum
553 1076 636 1103 dictio
651 1080 764 1110 purgata
781 1080 823 1103 est
839 1075 925 1102 instar
945 1075 1050 1110 argenti

262 1122 323 1158 igne
337 1122 497 1154 examinati,
515 1122 664 1150 secundum
680 1121 751 1149 hanc
761 1122 922 1150 sententiam
939 1132 945 1149 ε
966 1131 975 1147 ι
987 1121 1050 1149 Elo-

262 1169 325 1202 quia
338 1167 445 1195 Domini
460 1168 521 1203 igne
536 1168 690 1195 examinata
704 1167 725 1183 ⁸⁰
736 1177 743 1201 ;
756 1177 765 1194 ι
780 1175 812 1194 ac
826 1175 935 1194 rursum
949 1177 956 1195 :
971 1177 980 1193 ι
990 1167 1050 1195 Elo-

262 1215 325 1249 quia
346 1214 451 1241 Domini
467 1214 574 1250 eloquia
597 1218 685 1246 casta,
711 1217 853 1248 argentum
873 1213 935 1248 ignc
948 1214 1051 1240 exami-

262 1263 368 1291 natum,
386 1258 529 1293 probalum
543 1262 634 1290 terrae,
651 1262 796 1294 purgatum
819 1258 973 1293 septuplum
987 1258 1021 1286 ³¹.
1038 1268 1048 1284 ι

262 1304 404 1331 Sententia
421 1312 485 1331 vero
500 1305 651 1340 spiritualis
673 1308 807 1340 praestans
831 1308 858 1332 et
881 1305 972 1340 magni
990 1313 1052 1341 prec

261 1351 291 1378 tii
308 1357 379 1382 esse,
405 1358 467 1378 cum
493 1351 605 1384 dicitur,
626 1360 636 1377 ι
652 1351 682 1378 1η
705 1351 809 1387 pallore
834 1350 912 1384 auri,
929 1360 938 1377 ι
958 1351 1050 1379 decla-

261 1400 347 1424 ratur.

1104 983 1183 1018 δίκην
1199 983 1453 1019 ἀπαστράπτοντος.
1466 984 1558 1011 Ταῦτα
1574 984 1602 1010 δὲ
1619 984 1800 1019 ἀναφωνεῖται
1813 983 1900 1010 πᾶσιν

1102 1029 1169 1064 ἡμῖν
1185 1031 1241 1061 τοῖς
1258 1030 1287 1056 ἐν
1302 1029 1341 1065 τῷ
1353 1029 1420 1065 οἴκῳ
1434 1029 1482 1056 τοῦ
1497 1030 1564 1057 Θεοῦ
1583 1029 1772 1066 συνηγμένοις.
1788 1028 1838 1061 οὓς
1853 1028 1900 1056 διὰ

1101 1075 1155 1102 τῶν
1171 1075 1325 1112 ἔμπροσθεν
1342 1076 1427 1103 σκῦλα
1436 1077 1450 1102 ό
1463 1077 1540 1111 λόγος
1553 1076 1703 1112 ὠνόμαζεν.
1713 1077 1787 1103 ’Λντὶ
1795 1075 1826 1102 δὲ
1835 1074 1895 1105 τοῦ.

1102 1129 1112 1146 ι
1123 1120 1186 1148 Ἐὰν
1199 1121 1358 1158 κοιμηοῆτε,
1374 1131 1383 1148 ι
1404 1122 1475 1149 κατὰ
1489 1122 1535 1149 τὸν
1549 1122 1707 1158 Σύμμαχον,
1726 1131 1735 1147 ι
1746 1121 1811 1148 Ἐὰν
1823 1125 1897 1149 ανα-

1102 1166 1203 1202 πέσητε
1217 1167 1318 1202 μεταξὺ
1337 1167 1392 1194 τῶν
1407 1169 1526 1204 κλήρων,
1542 1178 1551 1194 ι
1570 1168 1687 1205 εἴρηται.
1703 1168 1740 1194 Τὸ
1760 1167 1816 1204 γὰρ
1838 1175 1895 1195 not-

1104 1212 1221 1248 μηθῆναι
1233 1213 1280 1240 νῦν
1289 1214 1521 1241 5tava1ra6crsaiat
1531 1214 1681 1250 δηλοῖ.Τοῖς
1690 1213 1737 1241 οὖν
1747 1213 1802 1240 τῶν
1813 1213 1901 1250 [spina

1099 1259 1235 1294 άσκηταῖς
1252 1259 1340 1294 λόγων
1354 1261 1562 1296 προτρεπτικῶς
1576 1262 1592 1296 ή
1607 1260 1801 1297 προσφώνησις
1811 1261 1897 1296 ἑπαγ-

1102 1305 1225 1340 γὲλλεται
1242 1306 1291 1342 τὴν
1305 1307 1337 1333 ἐκ
1350 1306 1404 1334 τῶν
1418 1307 1496 1334 θείων
1509 1307 1595 1342 λόγων
1605 1307 1755 1342 ὠφέλειαν
1766 1306 1785 1342 ἧ
1796 1314 1827 1333 τε
1839 1305 1898 1343 γὰρ

1100 1351 1172 1384 λέξις
1196 1353 1251 1380 τῶν
1275 1353 1355 1389 ιερῶν
1379 1354 1600 1389 ἀναγνωσμάτων
1625 1353 1793 1390 κεκάθαρται
1817 1353 1896 1390 δίκην

1101 1399 1233 1436 ἀργυρίου
1257 1399 1468 1436 πεπυρωμένου,
1486 1399 1556 1426 κατὰ
1578 1400 1624 1426 τὸν
1650 1400 1773 1435 φήσαντα
1793 1400 1895 1435 λόγον·

260 1455 271 1472 ‹
286 1445 327 1472 Τὰ
341 1445 419 1481 λόγια
440 1445 544 1482 Κυρίου
567 1445 771 1482 πεπυρωμένα·
788 1455 798 1471 ι
814 1446 862 1473 καὶ
875 1445 970 1473 πάλιψ
1004 1454 1014 1471 ι
1045 1445 1086 1472 Τά
1104 1447 1182 1481 λόγια
1200 1448 1302 1484 Κυρίου
1326 1447 1404 1482 λόγια
1427 1447 1506 1482 ἁγνὰ,
1528 1447 1666 1484 ἀργύριον-
1684 1448 1896 1485 πεπυρωμένον,

260 1491 382 1526 δοκίμιον
393 1493 424 1528 τῇ
438 1494 484 1528 γῇ,
495 1492 727 1528 κεκαθαρισμένον
740 1492 946 1523 ὲπταπλασίως⁷
966 1501 976 1517 ι
991 1491 1049 1527 ἥτε
1067 1492 1171 1520 διάνοια
1183 1495 1200 1530 ἡ
1215 1493 1386 1530 πνευματικὴ
1400 1493 1538 1529 ἐξαίρετος
1569 1494 1616 1520 καὶ
1647 1493 1830 1530 πολυτίμητος
1850 1494 1896 1522 διὰ

260 1537 307 1564 τοῦ
331 1538 473 1573 λέγεσθαι,
492 1549 501 1565 ι
514 1540 558 1566 Ἐν
578 1540 729 1576 χλωρότητι
749 1539 874 1575 χρυσίου,
889 1549 898 1565 ι
918 1539 1097 1575 παρίσταται.

293 1596 378 1625 Vens.
393 1597 487 1625 15-17.
510 1607 520 1624 ‹
541 1598 607 1625 Dum
621 1598 752 1626 discernit
780 1598 900 1627 caelestis
911 1606 991 1634 reges
1007 1607 1051 1626 su-

1146 1608 1156 1624 (
1167 1598 1211 1624 Ἔν
1227 1597 1266 1633 τῷ
1277 1597 1441 1624 διαστέλλειν
1455 1597 1501 1624 τὸν
1514 1597 1638 1633 οὐράνιον
1654 1597 1774 1632 βασιλεῖς
1789 1597 1833 1624 ἐπ’
1845 1598 1898 1625 αὒ-

260 1651 308 1680 per
321 1651 381 1670 eam
398 1644 461 1671 nive
474 1643 674 1671 dealbabuntur
697 1644 725 1671 in
749 1643 869 1671 Selmon.
890 1653 899 1670 ι
919 1643 972 1671 Pro
990 1644 1046 1676 illo,

263 1697 272 1712 ι
281 1686 347 1714 Dum
356 1688 488 1715 discernit
497 1688 628 1721 cmlestis,
635 1699 644 1714 ι
655 1692 681 1715 et
689 1692 796 1721 caetera,
806 1689 845 1716 sic
854 1689 1048 1723 interpretatur

261 1732 441 1768 Symmachus
459 1743 466 1760 :
488 1743 497 1759 ι
513 1733 627 1766 Quando
641 1733 809 1769 dispensavit
825 1738 922 1769 potens
934 1742 1048 1770 regnare

261 1779 346 1810 Illam,
363 1779 441 1814 quasi
455 1779 516 1807 nire
527 1779 652 1807 dealbata
665 1785 733 1808 erat.
771 1779 881 1807 Selmon
895 1787 974 1808 mons
988 1780 1046 1814 Dei,

259 1832 338 1852 mons
349 1825 467 1861 pinguis,
477 1834 556 1854 nmns
565 1826 726 1860 altissimus,
735 1834 813 1854 mons
823 1819 932 1862 pinguis
944 1836 950 1853 :
963 1834 1047 1861 quare

259 1871 368 1898 curiose
383 1872 582 1907 investigantur
608 1877 714 1900 montes
726 1873 826 1900 excelsi
838 1873 849 1899 τ
863 1872 940 1899 Mons
952 1872 979 1899 in
993 1880 1046 1908 quo

214 1933 227 1943 .
259 1917 424 1945 desideravit
444 1917 516 1946 Deus
536 1919 671 1951 habitare,
688 1922 714 1946 et
727 1918 859 1946 Dominus
872 1918 1004 1949 habitabit
1017 1919 1046 1946 in

260 1963 352 1991 finem.
368 1973 378 1990 ι
397 1964 443 1993 llis
457 1969 546 1992 autem
558 1965 699 1998 docemur,
713 1973 774 1992 cum
787 1966 906 1994 caelestis
920 1966 974 1998 ille,
990 1967 1047 1994 sive

258 2009 411 2036 caelestium
429 2009 580 2037 incolarum
601 2010 689 2044 Deus,
716 2011 871 2045 praadictam
896 2011 1049 2038 columbam

259 2054 370 2089 regibus
384 2058 464 2082 terra:
483 2056 605 2089 donavit,
623 2056 649 2083 id
662 2061 713 2088 est,
731 2056 765 2084 iis
782 2056 828 2092 qui
842 2057 870 2083 in
883 2060 955 2084 terra
973 2056 1049 2092 regni

258 2099 320 2134 ejus
336 2105 477 2128 consortes
498 2101 607 2129 fuerunt
627 2102 666 2138 (hi
691 2110 773 2138 perro
798 2106 877 2129 erant
900 2103 1047 2137 propheta),

258 2146 325 2181 justi
347 2150 375 2173 et
391 2146 427 2181 pii
442 2147 504 2179 viri,
525 2155 558 2175 ac
571 2148 699 2184 discipuli
725 2153 751 2176 et
767 2149 883 2184 apostoli
898 2148 1049 2177 Salvatoris

259 2192 358 2225 nostri,
380 2193 481 2227 quibus
501 2192 632 2228 Spiritum
649 2197 774 2221 sanctum
787 2194 907 2221 ecelestis
921 2194 966 2222 ille
979 2193 1050 2222 Deus

259 2238 425 2273 distribuit);
448 2243 515 2266 tunc
537 2247 585 2266 eos
605 2239 652 2274 qui
670 2239 754 2266 divini
780 2239 900 2275 Spiritus
917 2240 996 2268 donis
1009 2248 1051 2267 or-

259 2285 316 2311 nati
333 2284 451 2319 fuerant,
466 2285 553 2313 instar
570 2285 641 2312 nivis
653 2285 784 2313 candidos
798 2286 941 2321 clarosque
953 2286 1046 2315 fuisse.

259 2332 349 2365 Quare
365 2332 467 2359 dictum
490 2336 552 2360 est:
573 2342 583 2358 ι
602 2331 704 2367 thuid
739 2332 915 2368 suspieamini
941 2338 1048 2362 montes

258 2378 438 2413 coagulatos?
456 2388 465 2404 ι
491 2377 679 2413 Objurgantur
700 2378 804 2407 scilicet
824 2379 871 2414 qui
896 2379 997 2415 aliquid
1012 2381 1051 2408 si-

258 2423 322 2450 mile
335 2424 469 2451 exsisterc
483 2425 651 2452 arbitrantur
667 2434 674 2452 :
688 2424 765 2452 addit
776 2432 841 2452 vero
856 2433 909 2460 qua
923 2426 956 2453 de
967 2433 1050 2452 causa

258 2476 314 2496 non
336 2474 460 2504 oporteat
480 2470 589 2505 quidvis
604 2471 676 2498 aliud
692 2479 753 2498 cum
776 2471 837 2506 ipso
858 2470 993 2503 conferre,
1008 2472 1049 2499 di-

257 2523 323 2543 cens
339 2537 345 2543 .
363 2515 456 2544 «Mons
471 2517 498 2544 in
515 2525 569 2552 quo
584 2517 784 2553 beneplacitum
798 2522 840 2546 est
857 2517 912 2546 Deo
927 2517 1049 2546 habitare

258 2561 285 2588 in
305 2569 337 2588 eo
356 2570 362 2588 :
379 2562 480 2589 etenim
496 2561 628 2590 Dominus
644 2563 778 2590 habitabit
796 2564 823 2591 in
841 2564 931 2592 linem.
951 2574 961 2590 ι
980 2564 1046 2592 Nam

258 2607 303 2634 ille
317 2607 392 2634 solus
410 2615 489 2635 mons
503 2613 546 2635 est
561 2609 588 2636 in
605 2617 659 2645 quo
674 2608 746 2636 Deus
760 2609 885 2637 habitare
898 2611 1046 2645 cooptavit,

257 2658 284 2680 et
297 2653 324 2681 in
340 2662 393 2690 quo
403 2653 484 2682 Pater
498 2656 666 2684 domicilium
683 2656 764 2684 habet
776 2657 803 2683 in
813 2657 911 2683 smeula
924 2657 1045 2689 inﬁnita;

258 2707 343 2735 quare
360 2708 415 2727 non
428 2700 505 2728 decet
522 2701 604 2728 alium
622 2709 685 2729 cum
699 2702 745 2729 illo
757 2702 890 2729 conferre.
914 2701 980 2729 Nam
994 2702 1046 2729 etsi

257 2746 292 2773 de
303 2746 363 2774 aliis
379 2747 481 2774 dictum
499 2747 551 2775 fuit
565 2747 631 2775 illud
643 2768 650 2781 ,
678 2757 688 2774 ι
706 2747 865 2777 lnhabitabo
888 2749 916 2775 in
941 2748 994 2776 illis
1017 2753 1045 2776 et

259 2791 443 2825 inambulabo,
459 2797 485 2820 et
499 2800 546 2820 ero
564 2793 672 2820 illorum
687 2793 804 2827 Deus,et
818 2794 870 2830 ipsi
887 2799 968 2822 erunt
977 2794 1043 2821 mihi

259 2838 375 2874 populus
388 2838 425 2873 ³³;
444 2849 453 2865 ι
471 2844 498 2866 at
513 2847 566 2867 non
582 2840 694 2875 perinde
709 2840 735 2867 in
752 2841 819 2876 ipsis
832 2841 936 2868 habitat
947 2844 974 2868 et
986 2847 1044 2867 am-

297 2917 318 2932 ”
333 2916 394 2945 PS?!
427 2925 492 2950 xm,
511 2918 555 2945 51.
597 2918 616 2934 ³¹
631 2917 703 2946 Psal.
724 2927 761 2952 in,
778 2918 802 2944 7.

1100 1645 1162 1681 τὴν,
1180 1643 1393 1680 χιονωοήσονται
1406 1644 1435 1670 ἐν
1448 1643 1569 1679 Σελμών.
1581 1653 1590 1670 ι
1602 1644 1674 1670 Ἀντὶ
1690 1643 1747 1676 τοῦ,
1769 1654 1777 1670 ι
1790 1644 1835 1670 'Ev
1854 1644 1896 1680 τῷ

1098 1691 1264 1718 διαστέλλειν
1273 1690 1320 1717 τὸν
1328 1689 1488 1726 ἐπουράνιον
1500 1700 1509 1716 ι
1526 1690 1572 1716 καὶ
1584 1690 1618 1717 τὰ
1633 1690 1706 1725 ἑξῆς,
1718 1691 1732 1717 6
1746 1690 1895 1726 Σύμμαχος

1098 1736 1191 1764 τοῦτον
1205 1737 1360 1772 ἡρμήνευσε
1381 1735 1428 1763 τὸν
1446 1735 1561 1770 τρόπον·
1583 1744 1592 1761 ι
1604 1735 1699 1762 Ὁπότε
1713 1735 1894 1771 κατεμέριζεν

1098 1785 1112 1810 6
1130 1782 1223 1814 ίκανδς
1238 1781 1391 1817 βασιλεύειν
1407 1781 1503 1817 αὐτὴν,
1525 1781 1564 1812 ὼς
1587 1780 1753 1816 χιονισθεῖσα
1768 1779 1812 1817 ἦν.
1829 1780 1895 1807 Σελ-

1100 1828 1157 1865 μὼν
1180 1829 1242 1864 ὅρος
1265 1827 1344 1860 Θεοῦ,
1365 1828 1427 1864 ὖρος
1454 1827 1608 1863 εὐτροφίας,
1626 1827 1689 1862 ὅρος
1713 1826 1893 1862 ὑψηλότατον.

1098 1875 1161 1911 ὅρος
1181 1874 1341 1910 εὑτροψίας·
1359 1875 1399 1906 είς
1419 1873 1446 1899 τί
1469 1873 1714 1909 περισπουδάςεται
1738 1872 1772 1899 τά
1792 1872 1844 1908 ὅρη
1855 1874 1890 1900 τὰ

1100 1921 1206 1957 ὑψηλάς
1222 1921 1258 1947 Τὸ
1276 1921 1338 1955 ὅρος
1354 1921 1422 1956 ὅπερ
1438 1919 1570 1954 ἐπόθησεν
1586 1919 1600 1945 6
1616 1918 1681 1950 Θεὸς
1700 1919 1740 1950 εἰς
1755 1919 1785 1945 τὸ
1800 1927 1894 1946 κατοι-

1099 1969 1157 1995 κεῖν
1181 1968 1210 1994 ἐν
1232 1967 1316 2002 αὐτῷ,
1332 1967 1379 1994 καὶ
1392 1966 1494 2002 Κύριος
1507 1965 1714 2001 κατασκηνώσει
1726 1966 1766 1998 είς
1776 1965 1863 1998 τέλος.
1881 1976 1890 1991 ι

1100 2013 1226 2040 Διδάσκει
1242 2013 1270 2039 δὲ
1286 2014 1300 2039 6
1314 2012 1401 2046 λόγος,
1418 2012 1456 2043 ὡς
1471 2012 1525 2048 ἄρα
1544 2011 1614 2038 κατὰ
1632 2011 1677 2038 τὸν
1689 2012 1782 2047 καιρὸν
1796 2012 1826 2038 ὲν
1839 2008 1862 2045 ᾧ
1878 2013 1894 2038 ὁ

1101 2060 1271 2096 ἐπουράνιος,
1285 2059 1384 2094 δηλαδή
1398 2060 1412 2085 ό
1422 2059 1476 2086 τῶν
1487 2059 1515 2085 ὲν
1526 2058 1649 2094 οὐρανοῖς
1658 2057 1804 2085 οἰκούντων
1813 2058 1892 2090 Θεὸς.

1100 2106 1150 2142 τὴν
1173 2105 1366 2142 προλεχθεῖσαν
1390 2105 1555 2140 περιστερὰν
1579 2104 1744 2139 κατεμέριζε
1760 2105 1817 2135 τοῖς
1844 2104 1892 2130 ἐπὶ

1100 2153 1150 2188 τῆς
1170 2153 1221 2188 γῆς
1247 2150 1396 2187 βασιλεῦσι,
1412 2151 1533 2177 τουτέστι
1545 2152 1601 2182 τοῖς
1615 2150 1644 2176 ὲν
1662 2151 1695 2184 τῇ
1766 2149 1892 2185 μετόχοις

1100 2198 1151 2233 τῆς
1167 2197 1248 2224 αὐτοῦ
1272 2196 1418 2232 βασιλείας,
1437 2195 1593 2231 (προφῆται
1614 2195 1643 2222 δὲ
1665 2193 1737 2230 ἦσαν
1751 2190 1834 2226 οὗτοι,
1849 2194 1891 2221 δί-

1102 2243 1174 2271 καιοί
1189 2252 1218 2270 τε
1231 2243 1278 2270 καὶ
1291 2242 1422 2277 θεοφιλεῖς
1432 2241 1536 2277 ἄνδρες,
1551 2241 1578 2267 0!
1588 2249 1616 2267 τε
1630 2240 1748 2276 μαθηταὶ
1762 2240 1809 2267 καὶ
1822 2239 1893 2267 ἀπέ-

1103 2289 1190 2315 στολοι
1206 2288 1252 2314 τοῦ
1266 2288 1391 2323 Σωτῆρος
1405 2286 1494 2323 ἡμῶν,
1510 2285 1551 2318 οἷς
1567 2286 1597 2313 τὸ
1614 2285 1725 2321 Πνεῦμα
1740 2286 1771 2312 τὸ
1783 2287 1861 2320 ἅγιον
1876 2287 1892 2312 ὀ

1101 2335 1166 2367 Θεὸς
1181 2335 1331 2371 διεμέριζεν
1343 2335 1358 2360 ό
1370 2333 1554 2370 ἐπούρανιος.)
1565 2333 1653 2368 χιόνος
1662 2332 1741 2368 δίκην
1752 2331 1893 2368 ἐλαμπρὺ-

1101 2389 1178 2408 νοντο
1191 2381 1216 2407 οἱ
1233 2380 1287 2407 τῶν
1301 2379 1348 2406 τοῦ
1363 2379 1434 2406 Θείου
1450 2379 1608 2415 Πνεύματος
1637 2378 1814 2414 χαρισμάτων
1829 2386 1894 2405 κατ-

1101 2425 1263 2461 αξιούμενοι.
1286 2425 1331 2452 Διδ
1339 2424 1472 2451 λέλεκται·
1489 2425 1563 2451 «Ἵνα
1575 2423 1602 2450 τί
1620 2422 1824 2458 ὑπολαμϐάνετε
1840 2423 1891 2459 δρη

1101 2471 1276 2507 τετυρωμένα
1286 2479 1293 2503 ;
1305 2480 1314 2496 ι
1325 2471 1520 2506 Ἐπιτιμῶντος
1533 2469 1579 2496 τοῦ
1595 2469 1675 2504 λόγου
1689 2470 1744 2501 τοῖς
1759 2468 1854 2504 ἕτερόν
1865 2477 1891 2495 τι

1101 2518 1256 2553 νομίζουσιν
1270 2518 1362 2553 ὅμοιον
1376 2517 1451 2553 αὐτῷ
1464 2515 1543 2543 εἶναι.
1553 2514 1688 2550 Ἐπιλέγει
1698 2515 1726 2542 δὲ
1738 2516 1784 2542 καὶ
1799 2515 1892 2542 αἰτίαν

1100 2564 1133 2590 δι’
1148 2564 1182 2599 ἥν
1195 2564 1226 2590 οὺ
1242 2564 1373 2599 προσήκει
1386 2562 1630 2599 ἀντιπαραὸάλλειν
1641 2561 1716 2597 αὐτῷ
1730 2562 1824 2597 ἕτερον
1833 2569 1840 2576 ·
1851 2561 1891 2588 διό

1102 2618 1185 2646 φησι·
1203 2620 1212 2635 ι
1226 2610 1262 2636 Τὺ
1279 2610 1343 2646 ὅρος
1356 2610 1370 2636 ὅ
1383 2610 1533 2645 ηὐδόκησεν
1546 2610 1560 2635 6
1577 2608 1642 2641 Θεὸς
1655 2609 1792 2635 κατοικεῖν
1806 2608 1835 2634 ὲν
1845 2608 1892 2634 αὑ-

1099 2656 1155 2691 τῷ·
1171 2657 1218 2683 καὶ
1239 2656 1293 2692 γὰρ
1319 2656 1333 2681 ό
1357 2656 1458 2692 Κύριος
1483 2654 1690 2691 κατασκηνώσει
1712 2656 1752 2686 εἰς
1774 2654 1861 2683 τέλος.
1876 2663 1886 2679 ι

1099 2703 1187 2730 Μόνον
1205 2703 1259 2738 γάρ
1273 2705 1332 2729 ἐστι
1345 2702 1424 2729 τοῦτο
1439 2703 1467 2729 ὲν
1481 2699 1503 2737 ᾧ
1513 2702 1663 2737 ηὐδόκησεν
1681 2703 1695 2729 6
1713 2701 1778 2733 Θεὸς
1795 2709 1888 2728 κατοι-

1099 2751 1166 2780 κεῖν.
1182 2750 1228 2776 καὶ
1242 2750 1270 2776 ὲν
1282 2746 1303 2783 ᾧ
1316 2750 1330 2776 ό
1346 2749 1440 2784 Πατὴρ
1454 2748 1619 2784 κατασκηνοῖ
1632 2748 1671 2778 εἰς
1684 2746 1813 2782 ἀπείρους
1826 2746 1886 2773 αἰῶ-

1097 2803 1161 2826 νας·
1176 2794 1216 2820 διὺ
1236 2794 1266 2820 οὐ
1291 2794 1422 2829 προσήκει
1437 2793 1530 2828 ἓτερον
1543 2791 1788 2828 ἀντιπαραϐάλλειν
1801 2790 1885 2827 αὐτῷ.

1097 2841 1128 2867 Εἰ
1144 2839 1199 2876 γὰρ
1212 2840 1259 2867 καὶ
1279 2839 1402 2866 λέλεκται
1420 2840 1484 2876 περὶ
1500 2839 1601 2875 ἑτέρων
1615 2839 1655 2871 τὸ,
1674 2847 1684 2864 ι
1696 2838 1846 2874 Ἐνοικήσω
1856 2837 1887 2864 ιν

842 2919 863 2935 ⁸³
877 2919 962 2947 Ιιογὶι.
979 2927 1053 2952 xxw,
1073 2918 1122 2954 l2;
1143 2917 1162 2946 ll
1179 2919 1241 2947 Cor.
1261 2926 1297 2949 νι,
1321 2917 1363 2946 l6.
