  <div class='ocr_page' id='page_1' title='image "/cluster/home/n/w/nwhite01/storage/ocr_20150623/23/njp.32101077772505/358.png"; bbox 0 0 2041 3215; ppageno 0'>
   <div class='ocr_carea' id='block_1_1' title="bbox 140 188 190 216">
    <p class='ocr_par' dir='ltr' id='par_1_1' title="bbox 140 188 190 216">
     <span class='ocr_line' id='line_1_1' title="bbox 140 188 190 216; baseline 0 0"><span class='ocrx_word' id='word_1_1' title='bbox 140 188 190 216; x_wconf 72' lang='grc' dir='ltr'><strong>τοι</strong></span> 
     </span>
    </p>
   </div>
   <div class='ocr_carea' id='block_1_2' title="bbox 706 164 1286 222">
    <p class='ocr_par' dir='ltr' id='par_1_2' title="bbox 706 164 1286 222">
     <span class='ocr_line' id='line_1_2' title="bbox 706 164 1286 222; baseline 0.01 -5"><span class='ocrx_word' id='word_1_2' title='bbox 706 189 960 219; x_wconf 69' lang='lat' dir='ltr'><strong>COMMENTARIA</strong></span> <span class='ocrx_word' id='word_1_3' title='bbox 980 192 1013 219; x_wconf 87' lang='lat' dir='ltr'><strong>IN</strong></span> <span class='ocrx_word' id='word_1_4' title='bbox 1032 192 1203 222; x_wconf 72' lang='lat' dir='ltr'><strong>PSALMOS.</strong></span> <span class='ocrx_word' id='word_1_5' title='bbox 1237 164 1286 208; x_wconf 44' lang='grc' dir='ltr'><strong>(ἡ</strong></span> 
     </span>
    </p>
   </div>
   <div class='ocr_carea' id='block_1_3' title="bbox 1716 198 1769 228">
    <p class='ocr_par' dir='ltr' id='par_1_3' title="bbox 1716 198 1769 228">
     <span class='ocr_line' id='line_1_3' title="bbox 1716 198 1769 228; baseline 0 0"><span class='ocrx_word' id='word_1_6' title='bbox 1716 198 1769 228; x_wconf 73' lang='grc' dir='ltr'><strong>τοι</strong></span> 
     </span>
    </p>
   </div>
   <div class='ocr_carea' id='block_1_4' title="bbox 141 249 936 291">
    <p class='ocr_par' dir='ltr' id='par_1_4' title="bbox 141 249 930 285">
     <span class='ocr_line' id='line_1_4' title="bbox 141 249 930 285; baseline -0.001 -8"><span class='ocrx_word' id='word_1_7' title='bbox 141 249 234 281; x_wconf 78' lang='grc' dir='ltr'>αὐτοῖς</span> <span class='ocrx_word' id='word_1_8' title='bbox 255 249 302 277; x_wconf 84' lang='grc' dir='ltr'>καὶ</span> <span class='ocrx_word' id='word_1_9' title='bbox 325 249 551 285; x_wconf 82' lang='grc' dir='ltr'>ὲμπεριπατήσω,</span> <span class='ocrx_word' id='word_1_10' title='bbox 565 249 612 276; x_wconf 79' lang='grc' dir='ltr'>καὶ</span> <span class='ocrx_word' id='word_1_11' title='bbox 627 249 724 284; x_wconf 73' lang='grc' dir='ltr'>ἔσομαι</span> <span class='ocrx_word' id='word_1_12' title='bbox 746 250 835 276; x_wconf 79' lang='grc' dir='ltr'>αὐτῶν</span> <span class='ocrx_word' id='word_1_13' title='bbox 855 250 930 282; x_wconf 76' lang='grc' dir='ltr'>Θεὸς,</span> 
     </span>
    </p>
   </div>
   <div class='ocr_carea' id='block_1_5' title="bbox 987 249 1767 291">
    <p class='ocr_par' dir='ltr' id='par_1_5' title="bbox 987 250 1767 291">
     <span class='ocr_line' id='line_1_5' title="bbox 987 250 1767 291; baseline 0.012 -14"><span class='ocrx_word' id='word_1_14' title='bbox 987 250 1069 283; x_wconf 81' lang='lat' dir='ltr'><strong>bulat,</strong></span> <span class='ocrx_word' id='word_1_15' title='bbox 1086 255 1168 287; x_wconf 85' lang='lat' dir='ltr'><strong>atque</strong></span> <span class='ocrx_word' id='word_1_16' title='bbox 1184 252 1212 279; x_wconf 91' lang='lat' dir='ltr'><strong>in</strong></span> <span class='ocrx_word' id='word_1_17' title='bbox 1226 257 1317 281; x_wconf 88' lang='lat' dir='ltr'><strong>monte</strong></span> <span class='ocrx_word' id='word_1_18' title='bbox 1331 262 1382 282; x_wconf 90' lang='lat' dir='ltr'><strong>suo</strong></span> <span class='ocrx_word' id='word_1_19' title='bbox 1405 265 1412 283; x_wconf 88' lang='lat'>:</span> <span class='ocrx_word' id='word_1_20' title='bbox 1433 256 1532 284; x_wconf 87' lang='lat' dir='ltr'><strong>etenim</strong></span> <span class='ocrx_word' id='word_1_21' title='bbox 1549 255 1631 285; x_wconf 79' lang='lat' dir='ltr'><strong>Pater</strong></span> <span class='ocrx_word' id='word_1_22' title='bbox 1643 257 1671 285; x_wconf 88' lang='lat' dir='ltr'><strong>in</strong></span> <span class='ocrx_word' id='word_1_23' title='bbox 1687 257 1767 291; x_wconf 83' lang='lat' dir='ltr'><strong>Filio,</strong></span> 
     </span>
    </p>
   </div>
   <div class='ocr_carea' id='block_1_6' title="bbox 141 294 931 330">
    <p class='ocr_par' dir='ltr' id='par_1_6' title="bbox 141 294 931 330">
     <span class='ocr_line' id='line_1_6' title="bbox 141 294 931 330; baseline -0.001 -8"><span class='ocrx_word' id='word_1_24' title='bbox 141 294 189 323; x_wconf 80' lang='grc' dir='ltr'>καὶ</span> <span class='ocrx_word' id='word_1_25' title='bbox 202 295 282 322; x_wconf 80' lang='grc' dir='ltr'>αὐτοὶ</span> <span class='ocrx_word' id='word_1_26' title='bbox 302 294 408 321; x_wconf 68' lang='grc' dir='ltr'>ἔσονταί</span> <span class='ocrx_word' id='word_1_27' title='bbox 433 303 483 330; x_wconf 87' lang='grc' dir='ltr'><strong>μου</strong></span> <span class='ocrx_word' id='word_1_28' title='bbox 498 294 576 326; x_wconf 71' lang='grc' dir='ltr'>λαός·</span> <span class='ocrx_word' id='word_1_29' title='bbox 597 304 606 320; x_wconf 83' lang='grc'><strong>›</strong></span> <span class='ocrx_word' id='word_1_30' title='bbox 626 294 683 320; x_wconf 70' lang='grc' dir='ltr'>ἀλλ’</span> <span class='ocrx_word' id='word_1_31' title='bbox 695 295 744 330; x_wconf 78' lang='grc' dir='ltr'><strong>οὐχ</strong></span> <span class='ocrx_word' id='word_1_32' title='bbox 761 294 847 326; x_wconf 77' lang='grc' dir='ltr'>οὕτως</span> <span class='ocrx_word' id='word_1_33' title='bbox 862 296 931 322; x_wconf 79' lang='grc' dir='ltr'>ὲνοι‹</span> 
     </span>
    </p>
   </div>
   <div class='ocr_carea' id='block_1_7' title="bbox 141 340 929 377">
    <p class='ocr_par' dir='ltr' id='par_1_7' title="bbox 141 340 929 377">
     <span class='ocr_line' id='line_1_7' title="bbox 141 340 929 377; baseline -0.001 -9"><span class='ocrx_word' id='word_1_34' title='bbox 141 343 184 368; x_wconf 80' lang='grc' dir='ltr'><strong>κεῖ</strong></span> <span class='ocrx_word' id='word_1_35' title='bbox 199 341 248 368; x_wconf 74' lang='grc' dir='ltr'>καὶ</span> <span class='ocrx_word' id='word_1_36' title='bbox 259 342 442 376; x_wconf 72' lang='grc' dir='ltr'>ἐμπεριπατεῖ</span> <span class='ocrx_word' id='word_1_37' title='bbox 456 341 485 368; x_wconf 77' lang='grc' dir='ltr'>ὲν</span> <span class='ocrx_word' id='word_1_38' title='bbox 500 340 615 372; x_wconf 77' lang='grc' dir='ltr'><strong>τούτοις,</strong></span> <span class='ocrx_word' id='word_1_39' title='bbox 627 340 665 371; x_wconf 82' lang='grc' dir='ltr'><strong>ὡς</strong></span> <span class='ocrx_word' id='word_1_40' title='bbox 676 341 704 367; x_wconf 70' lang='grc' dir='ltr'><strong>εν</strong></span> <span class='ocrx_word' id='word_1_41' title='bbox 718 341 755 375; x_wconf 85' lang='grc' dir='ltr'>τῷ</span> <span class='ocrx_word' id='word_1_42' title='bbox 767 341 848 367; x_wconf 67' lang='grc' dir='ltr'>αὐτοῦ</span> <span class='ocrx_word' id='word_1_43' title='bbox 862 340 929 377; x_wconf 80' lang='grc' dir='ltr'>ὖρει·</span> 
     </span>
    </p>
   </div>
   <div class='ocr_carea' id='block_1_8' title="bbox 140 386 932 423">
    <p class='ocr_par' dir='ltr' id='par_1_8' title="bbox 140 386 932 423">
     <span class='ocr_line' id='line_1_8' title="bbox 140 386 932 423; baseline -0.001 -9"><span class='ocrx_word' id='word_1_44' title='bbox 140 389 155 414; x_wconf 85' lang='grc' dir='ltr'><strong>ό</strong></span> <span class='ocrx_word' id='word_1_45' title='bbox 167 387 222 423; x_wconf 74' lang='grc' dir='ltr'><strong>γὰρ</strong></span> <span class='ocrx_word' id='word_1_46' title='bbox 233 387 328 422; x_wconf 87' lang='grc' dir='ltr'>Πατὴρ</span> <span class='ocrx_word' id='word_1_47' title='bbox 338 387 367 413; x_wconf 80' lang='grc' dir='ltr'>ὲν</span> <span class='ocrx_word' id='word_1_48' title='bbox 380 386 417 422; x_wconf 83' lang='grc' dir='ltr'>τῷ</span> <span class='ocrx_word' id='word_1_49' title='bbox 428 386 485 422; x_wconf 86' lang='grc' dir='ltr'>Υίῷ</span> <span class='ocrx_word' id='word_1_50' title='bbox 500 387 546 413; x_wconf 77' lang='grc' dir='ltr'><strong>καὶ</strong></span> <span class='ocrx_word' id='word_1_51' title='bbox 556 387 570 412; x_wconf 80' lang='grc' dir='ltr'><strong>ὁ</strong></span> <span class='ocrx_word' id='word_1_52' title='bbox 590 386 653 418; x_wconf 77' lang='grc' dir='ltr'><strong>Υἱὸς</strong></span> <span class='ocrx_word' id='word_1_53' title='bbox 664 387 691 413; x_wconf 83' lang='grc' dir='ltr'>ὲν</span> <span class='ocrx_word' id='word_1_54' title='bbox 702 386 741 421; x_wconf 85' lang='grc' dir='ltr'>τῷ</span> <span class='ocrx_word' id='word_1_55' title='bbox 752 386 837 421; x_wconf 82' lang='grc' dir='ltr'>Πατρί</span> <span class='ocrx_word' id='word_1_56' title='bbox 845 395 851 401; x_wconf 93' lang='grc'><strong>·</strong></span> <span class='ocrx_word' id='word_1_57' title='bbox 867 398 876 412; x_wconf 83' lang='grc' dir='ltr'><strong>ι</strong></span> <span class='ocrx_word' id='word_1_58' title='bbox 885 387 932 413; x_wconf 79' lang='grc' dir='ltr'><strong>καὶ</strong></span> 
     </span>
    </p>
   </div>
   <div class='ocr_carea' id='block_1_9' title="bbox 141 432 933 469">
    <p class='ocr_par' dir='ltr' id='par_1_9' title="bbox 141 432 933 469">
     <span class='ocr_line' id='line_1_9' title="bbox 141 432 933 469; baseline -0.003 -9"><span class='ocrx_word' id='word_1_59' title='bbox 141 434 170 460; x_wconf 79' lang='grc' dir='ltr'>ὲν</span> <span class='ocrx_word' id='word_1_60' title='bbox 184 432 260 468; x_wconf 75' lang='grc' dir='ltr'>αὐτῷ</span> <span class='ocrx_word' id='word_1_61' title='bbox 274 433 408 469; x_wconf 78' lang='grc' dir='ltr'>ηὑδόκησε</span> <span class='ocrx_word' id='word_1_62' title='bbox 421 433 474 459; x_wconf 82' lang='grc' dir='ltr'>πᾶν</span> <span class='ocrx_word' id='word_1_63' title='bbox 486 432 517 459; x_wconf 77' lang='grc' dir='ltr'>τὸ</span> <span class='ocrx_word' id='word_1_64' title='bbox 525 433 663 468; x_wconf 84' lang='grc' dir='ltr'>πλήρωμα</span> <span class='ocrx_word' id='word_1_65' title='bbox 674 433 723 467; x_wconf 87' lang='grc' dir='ltr'>τῆς</span> <span class='ocrx_word' id='word_1_66' title='bbox 734 432 859 467; x_wconf 77' lang='grc' dir='ltr'><strong>θεότητος</strong></span> <span class='ocrx_word' id='word_1_67' title='bbox 869 441 933 459; x_wconf 87' lang='grc' dir='ltr'>κατ-</span> 
     </span>
    </p>
   </div>
   <div class='ocr_carea' id='block_1_10' title="bbox 140 478 931 514">
    <p class='ocr_par' dir='ltr' id='par_1_10' title="bbox 140 478 931 514">
     <span class='ocr_line' id='line_1_10' title="bbox 140 478 931 514; baseline -0.003 -8"><span class='ocrx_word' id='word_1_68' title='bbox 140 478 269 513; x_wconf 81' lang='grc' dir='ltr'>οικῆσαι·</span> <span class='ocrx_word' id='word_1_69' title='bbox 287 488 297 505; x_wconf 80' lang='grc' dir='ltr'>ι</span> <span class='ocrx_word' id='word_1_70' title='bbox 313 479 359 505; x_wconf 81' lang='grc' dir='ltr'>καὶ</span> <span class='ocrx_word' id='word_1_71' title='bbox 370 479 399 505; x_wconf 86' lang='grc' dir='ltr'>οὐ</span> <span class='ocrx_word' id='word_1_72' title='bbox 422 479 487 505; x_wconf 84' lang='grc' dir='ltr'>ποτὲ</span> <span class='ocrx_word' id='word_1_73' title='bbox 512 479 560 514; x_wconf 83' lang='grc' dir='ltr'>μὲν</span> <span class='ocrx_word' id='word_1_74' title='bbox 574 478 680 514; x_wconf 74' lang='grc' dir='ltr'>ᾤκησεν</span> <span class='ocrx_word' id='word_1_75' title='bbox 694 480 722 504; x_wconf 82' lang='grc' dir='ltr'>ὲν</span> <span class='ocrx_word' id='word_1_76' title='bbox 737 478 821 513; x_wconf 69' lang='grc' dir='ltr'>αὐτῷ,</span> <span class='ocrx_word' id='word_1_77' title='bbox 838 478 931 504; x_wconf 79' lang='grc' dir='ltr'>ἄλλοτε</span> 
     </span>
    </p>
   </div>
   <div class='ocr_carea' id='block_1_11' title="bbox 141 524 933 561">
    <p class='ocr_par' dir='ltr' id='par_1_11' title="bbox 141 524 933 561">
     <span class='ocr_line' id='line_1_11' title="bbox 141 524 933 561; baseline -0.003 -9"><span class='ocrx_word' id='word_1_78' title='bbox 141 525 170 552; x_wconf 67' lang='grc' dir='ltr'><strong>δὲ</strong></span> <span class='ocrx_word' id='word_1_79' title='bbox 182 525 266 552; x_wconf 84' lang='grc' dir='ltr'>αὐτοῦ</span> <span class='ocrx_word' id='word_1_80' title='bbox 281 525 386 561; x_wconf 79' lang='grc' dir='ltr'><strong>ἀπέστη</strong></span> <span class='ocrx_word' id='word_1_81' title='bbox 396 534 402 540; x_wconf 91' lang='grc'><strong>·</strong></span> <span class='ocrx_word' id='word_1_82' title='bbox 417 525 474 552; x_wconf 82' lang='grc' dir='ltr'>ἀλλ’</span> <span class='ocrx_word' id='word_1_83' title='bbox 488 526 528 556; x_wconf 83' lang='grc' dir='ltr'><strong>εἰς</strong></span> <span class='ocrx_word' id='word_1_84' title='bbox 543 525 573 551; x_wconf 80' lang='grc' dir='ltr'><strong>τὸ</strong></span> <span class='ocrx_word' id='word_1_85' title='bbox 585 526 697 559; x_wconf 83' lang='grc' dir='ltr'>ἄπειρον</span> <span class='ocrx_word' id='word_1_86' title='bbox 709 524 784 556; x_wconf 84' lang='grc' dir='ltr'><strong>τέλος</strong></span> <span class='ocrx_word' id='word_1_87' title='bbox 796 525 839 550; x_wconf 76' lang='grc' dir='ltr'>ἀεὶ</span> <span class='ocrx_word' id='word_1_88' title='bbox 851 525 865 551; x_wconf 88' lang='grc' dir='ltr'>ὁ</span> <span class='ocrx_word' id='word_1_89' title='bbox 879 524 933 550; x_wconf 88' lang='grc' dir='ltr'><strong>Πα-</strong></span> 
     </span>
    </p>
   </div>
   <div class='ocr_carea' id='block_1_12' title="bbox 141 569 932 607">
    <p class='ocr_par' dir='ltr' id='par_1_12' title="bbox 141 569 932 607">
     <span class='ocr_line' id='line_1_12' title="bbox 141 569 932 607; baseline -0.004 -9"><span class='ocrx_word' id='word_1_90' title='bbox 141 571 193 607; x_wconf 77' lang='grc' dir='ltr'>τὴρ</span> <span class='ocrx_word' id='word_1_91' title='bbox 202 571 233 597; x_wconf 76' lang='grc' dir='ltr'>ὲν</span> <span class='ocrx_word' id='word_1_92' title='bbox 242 570 282 606; x_wconf 80' lang='grc' dir='ltr'>τῷ</span> <span class='ocrx_word' id='word_1_93' title='bbox 295 570 351 606; x_wconf 83' lang='grc' dir='ltr'><strong>Υἰῷ</strong></span> <span class='ocrx_word' id='word_1_94' title='bbox 362 572 491 597; x_wconf 80' lang='grc' dir='ltr'>κατοικεῖ.</span> <span class='ocrx_word' id='word_1_95' title='bbox 501 571 587 602; x_wconf 77' lang='grc' dir='ltr'><strong>Αὐτὸς</strong></span> <span class='ocrx_word' id='word_1_96' title='bbox 595 570 624 596; x_wconf 81' lang='grc' dir='ltr'><strong>δέ</strong></span> <span class='ocrx_word' id='word_1_97' title='bbox 636 572 709 597; x_wconf 74' lang='grc' dir='ltr'>ἐστιν</span> <span class='ocrx_word' id='word_1_98' title='bbox 721 571 737 605; x_wconf 85' lang='grc' dir='ltr'>ἡ</span> <span class='ocrx_word' id='word_1_99' title='bbox 750 571 842 605; x_wconf 79' lang='grc' dir='ltr'><strong>εἰρήνη</strong></span> <span class='ocrx_word' id='word_1_100' title='bbox 854 569 932 604; x_wconf 80' lang='grc' dir='ltr'>ὴμῶν</span> 
     </span>
    </p>
   </div>
   <div class='ocr_carea' id='block_1_13' title="bbox 142 615 931 651">
    <p class='ocr_par' dir='ltr' id='par_1_13' title="bbox 142 615 931 651">
     <span class='ocr_line' id='line_1_13' title="bbox 142 615 931 651; baseline -0.003 -8"><span class='ocrx_word' id='word_1_101' title='bbox 142 616 214 643; x_wconf 84' lang='grc' dir='ltr'>κατὰ</span> <span class='ocrx_word' id='word_1_102' title='bbox 224 616 271 643; x_wconf 83' lang='grc' dir='ltr'><strong>τὸν</strong></span> <span class='ocrx_word' id='word_1_103' title='bbox 284 617 452 643; x_wconf 80' lang='grc' dir='ltr'>Ἀπόστολον.</span> <span class='ocrx_word' id='word_1_104' title='bbox 461 617 507 643; x_wconf 81' lang='grc' dir='ltr'><strong>Διὸ</strong></span> <span class='ocrx_word' id='word_1_105' title='bbox 517 617 564 643; x_wconf 75' lang='grc' dir='ltr'><strong>καὶ</strong></span> <span class='ocrx_word' id='word_1_106' title='bbox 572 615 684 651; x_wconf 88' lang='grc' dir='ltr'>Σαλμὼν</span> <span class='ocrx_word' id='word_1_107' title='bbox 694 616 754 651; x_wconf 71' lang='lat' dir='ltr'><strong>(sic)</strong></span> <span class='ocrx_word' id='word_1_108' title='bbox 766 616 931 651; x_wconf 77' lang='grc' dir='ltr'>ὠνόμασται,</span> 
     </span>
    </p>
   </div>
   <div class='ocr_carea' id='block_1_14' title="bbox 984 296 1768 337">
    <p class='ocr_par' dir='ltr' id='par_1_14' title="bbox 984 296 1768 337">
     <span class='ocr_line' id='line_1_14' title="bbox 984 296 1768 337; baseline 0.01 -14"><span class='ocrx_word' id='word_1_109' title='bbox 984 300 1012 323; x_wconf 90' lang='lat' dir='ltr'><strong>et</strong></span> <span class='ocrx_word' id='word_1_110' title='bbox 1025 296 1112 324; x_wconf 89' lang='lat' dir='ltr'><strong>Filius</strong></span> <span class='ocrx_word' id='word_1_111' title='bbox 1132 298 1160 325; x_wconf 89' lang='lat' dir='ltr'><strong>in</strong></span> <span class='ocrx_word' id='word_1_112' title='bbox 1181 297 1274 331; x_wconf 86' lang='lat' dir='ltr'><strong>Patre,</strong></span> <span class='ocrx_word' id='word_1_113' title='bbox 1296 309 1305 324; x_wconf 73' lang='grc' dir='ltr'><strong>ι</strong></span> <span class='ocrx_word' id='word_1_114' title='bbox 1323 305 1350 327; x_wconf 87' lang='lat' dir='ltr'><strong>et</strong></span> <span class='ocrx_word' id='word_1_115' title='bbox 1364 300 1391 327; x_wconf 88' lang='lat' dir='ltr'><strong>in</strong></span> <span class='ocrx_word' id='word_1_116' title='bbox 1406 301 1464 336; x_wconf 88' lang='lat' dir='ltr'><strong>ipso</strong></span> <span class='ocrx_word' id='word_1_117' title='bbox 1480 304 1646 337; x_wconf 89' lang='lat' dir='ltr'><strong>complacuit</strong></span> <span class='ocrx_word' id='word_1_118' title='bbox 1661 310 1768 332; x_wconf 81' lang='lat' dir='ltr'><strong>omnem</strong></span> 
     </span>
    </p>
   </div>
   <div class='ocr_carea' id='block_1_15' title="bbox 984 342 1769 385">
    <p class='ocr_par' dir='ltr' id='par_1_15' title="bbox 984 342 1769 385">
     <span class='ocr_line' id='line_1_15' title="bbox 984 342 1769 385; baseline 0.01 -16"><span class='ocrx_word' id='word_1_119' title='bbox 984 342 1180 377; x_wconf 85' lang='lat' dir='ltr'><strong>plenitudinem</strong></span> <span class='ocrx_word' id='word_1_120' title='bbox 1191 344 1342 373; x_wconf 74' lang='lat' dir='ltr'><strong>divinitatis</strong></span> <span class='ocrx_word' id='word_1_121' title='bbox 1357 346 1508 375; x_wconf 86' lang='lat' dir='ltr'><strong>inhabitare</strong></span> <span class='ocrx_word' id='word_1_122' title='bbox 1518 349 1540 364; x_wconf 86' lang='lat'><strong>&quot;</strong></span> <span class='ocrx_word' id='word_1_123' title='bbox 1555 358 1561 377; x_wconf 91' lang='lat'><strong>:</strong></span> <span class='ocrx_word' id='word_1_124' title='bbox 1575 359 1585 375; x_wconf 72' lang='grc' dir='ltr'><strong>ι</strong></span> <span class='ocrx_word' id='word_1_125' title='bbox 1599 357 1686 385; x_wconf 87' lang='lat' dir='ltr'><strong>neque</strong></span> <span class='ocrx_word' id='word_1_126' title='bbox 1695 351 1769 378; x_wconf 85' lang='lat' dir='ltr'><strong>enim</strong></span> 
     </span>
    </p>
   </div>
   <div class='ocr_carea' id='block_1_16' title="bbox 985 389 1769 429">
    <p class='ocr_par' dir='ltr' id='par_1_16' title="bbox 985 389 1769 429">
     <span class='ocr_line' id='line_1_16' title="bbox 985 389 1769 429; baseline 0.011 -14"><span class='ocrx_word' id='word_1_127' title='bbox 985 389 1067 416; x_wconf 92' lang='lat' dir='ltr'><strong>modo</strong></span> <span class='ocrx_word' id='word_1_128' title='bbox 1081 389 1213 417; x_wconf 82' lang='lat' dir='ltr'><strong>habitavit</strong></span> <span class='ocrx_word' id='word_1_129' title='bbox 1229 391 1256 418; x_wconf 89' lang='lat' dir='ltr'><strong>in</strong></span> <span class='ocrx_word' id='word_1_130' title='bbox 1273 391 1331 424; x_wconf 87' lang='lat' dir='ltr'><strong>illo,</strong></span> <span class='ocrx_word' id='word_1_131' title='bbox 1349 393 1429 420; x_wconf 92' lang='lat' dir='ltr'><strong>modo</strong></span> <span class='ocrx_word' id='word_1_132' title='bbox 1444 395 1558 422; x_wconf 89' lang='lat' dir='ltr'><strong>recessit</strong></span> <span class='ocrx_word' id='word_1_133' title='bbox 1573 396 1607 426; x_wconf 80' lang='lat' dir='ltr'><strong>ab</strong></span> <span class='ocrx_word' id='word_1_134' title='bbox 1621 403 1671 429; x_wconf 83' lang='lat' dir='ltr'><strong>eo;</strong></span> <span class='ocrx_word' id='word_1_135' title='bbox 1683 397 1730 424; x_wconf 85' lang='lat' dir='ltr'><strong>scd</strong></span> <span class='ocrx_word' id='word_1_136' title='bbox 1742 397 1769 424; x_wconf 85' lang='lat' dir='ltr'><strong>in</strong></span> 
     </span>
    </p>
   </div>
   <div class='ocr_carea' id='block_1_17' title="bbox 986 434 1770 478">
    <p class='ocr_par' dir='ltr' id='par_1_17' title="bbox 986 434 1770 478">
     <span class='ocr_line' id='line_1_17' title="bbox 986 434 1770 478; baseline 0.011 -17"><span class='ocrx_word' id='word_1_137' title='bbox 986 434 1121 462; x_wconf 81' lang='lat' dir='ltr'><strong>inﬁnitum</strong></span> <span class='ocrx_word' id='word_1_138' title='bbox 1140 443 1172 463; x_wconf 92' lang='lat' dir='ltr'><strong>ac</strong></span> <span class='ocrx_word' id='word_1_139' title='bbox 1187 444 1295 472; x_wconf 84' lang='lat' dir='ltr'><strong>semper</strong></span> <span class='ocrx_word' id='word_1_140' title='bbox 1307 437 1387 466; x_wconf 84' lang='lat' dir='ltr'><strong>Pater</strong></span> <span class='ocrx_word' id='word_1_141' title='bbox 1403 439 1430 466; x_wconf 88' lang='lat' dir='ltr'><strong>in</strong></span> <span class='ocrx_word' id='word_1_142' title='bbox 1450 439 1518 467; x_wconf 85' lang='lat' dir='ltr'><strong>Filio</strong></span> <span class='ocrx_word' id='word_1_143' title='bbox 1540 440 1681 470; x_wconf 87' lang='lat' dir='ltr'><strong>inhabitat.</strong></span> <span class='ocrx_word' id='word_1_144' title='bbox 1709 441 1770 478; x_wconf 88' lang='lat' dir='ltr'><strong>Ipse</strong></span> 
     </span>
    </p>
   </div>
   <div class='ocr_carea' id='block_1_18' title="bbox 985 484 1770 521">
    <p class='ocr_par' dir='ltr' id='par_1_18' title="bbox 985 484 1770 521">
     <span class='ocr_line' id='line_1_18' title="bbox 985 484 1770 521; baseline 0.011 -15"><span class='ocrx_word' id='word_1_145' title='bbox 985 484 1075 507; x_wconf 88' lang='lat' dir='ltr'><strong>autem</strong></span> <span class='ocrx_word' id='word_1_146' title='bbox 1084 486 1125 508; x_wconf 88' lang='lat' dir='ltr'><strong>est</strong></span> <span class='ocrx_word' id='word_1_147' title='bbox 1135 489 1187 516; x_wconf 81' lang='lat' dir='ltr'><strong>pax</strong></span> <span class='ocrx_word' id='word_1_148' title='bbox 1194 487 1297 515; x_wconf 80' lang='lat' dir='ltr'><strong>nostra.</strong></span> <span class='ocrx_word' id='word_1_149' title='bbox 1311 485 1462 512; x_wconf 81' lang='lat' dir='ltr'><strong>secundum</strong></span> <span class='ocrx_word' id='word_1_150' title='bbox 1472 486 1630 521; x_wconf 82' lang='lat' dir='ltr'><strong>Apostolum</strong></span> <span class='ocrx_word' id='word_1_151' title='bbox 1637 488 1668 514; x_wconf 75' lang='lat'><strong>“.</strong></span> <span class='ocrx_word' id='word_1_152' title='bbox 1680 488 1770 521; x_wconf 80' lang='lat' dir='ltr'><strong>Quare</strong></span> 
     </span>
    </p>
   </div>
   <div class='ocr_carea' id='block_1_19' title="bbox 987 525 1769 568">
    <p class='ocr_par' dir='ltr' id='par_1_19' title="bbox 987 525 1769 568">
     <span class='ocr_line' id='line_1_19' title="bbox 987 525 1769 568; baseline 0.012 -17"><span class='ocrx_word' id='word_1_153' title='bbox 987 525 1096 553; x_wconf 91' lang='lat' dir='ltr'><strong>Selmon</strong></span> <span class='ocrx_word' id='word_1_154' title='bbox 1111 531 1235 560; x_wconf 81' lang='lat' dir='ltr'><strong>vocat-ur,</strong></span> <span class='ocrx_word' id='word_1_155' title='bbox 1256 528 1282 556; x_wconf 92' lang='lat' dir='ltr'><strong>id</strong></span> <span class='ocrx_word' id='word_1_156' title='bbox 1294 533 1353 562; x_wconf 91' lang='lat' dir='ltr'><strong>est,</strong></span> <span class='ocrx_word' id='word_1_157' title='bbox 1368 530 1441 564; x_wconf 81' lang='lat' dir='ltr'><strong>Pax;</strong></span> <span class='ocrx_word' id='word_1_158' title='bbox 1458 535 1485 558; x_wconf 82' lang='lat' dir='ltr'><strong>et</strong></span> <span class='ocrx_word' id='word_1_159' title='bbox 1502 531 1578 559; x_wconf 84' lang='lat' dir='ltr'><strong>locus</strong></span> <span class='ocrx_word' id='word_1_160' title='bbox 1598 532 1644 559; x_wconf 91' lang='lat' dir='ltr'><strong>Dei</strong></span> <span class='ocrx_word' id='word_1_161' title='bbox 1660 541 1710 568; x_wconf 69' lang='lat' dir='ltr'><strong>pax</strong></span> <span class='ocrx_word' id='word_1_162' title='bbox 1725 533 1769 560; x_wconf 87' lang='lat' dir='ltr'><strong>di-</strong></span> 
     </span>
    </p>
   </div>
   <div class='ocr_carea' id='block_1_20' title="bbox 984 571 1770 611">
    <p class='ocr_par' dir='ltr' id='par_1_20' title="bbox 984 571 1770 611">
     <span class='ocr_line' id='line_1_20' title="bbox 984 571 1770 611; baseline 0.01 -14"><span class='ocrx_word' id='word_1_163' title='bbox 984 571 1074 602; x_wconf 87' lang='lat' dir='ltr'><strong>citur.</strong></span> <span class='ocrx_word' id='word_1_164' title='bbox 1106 573 1255 600; x_wconf 87' lang='lat' dir='ltr'><strong>secundum</strong></span> <span class='ocrx_word' id='word_1_165' title='bbox 1281 574 1369 607; x_wconf 89' lang='lat' dir='ltr'><strong>illud,</strong></span> <span class='ocrx_word' id='word_1_166' title='bbox 1398 584 1408 600; x_wconf 73' lang='grc' dir='ltr'><strong>ε</strong></span> <span class='ocrx_word' id='word_1_167' title='bbox 1430 575 1459 602; x_wconf 89' lang='lat' dir='ltr'><strong>in</strong></span> <span class='ocrx_word' id='word_1_168' title='bbox 1487 583 1554 611; x_wconf 87' lang='lat' dir='ltr'><strong>pace</strong></span> <span class='ocrx_word' id='word_1_169' title='bbox 1578 581 1673 605; x_wconf 88' lang='lat' dir='ltr'><strong>sancta</strong></span> <span class='ocrx_word' id='word_1_170' title='bbox 1694 578 1770 605; x_wconf 89' lang='lat' dir='ltr'><strong>locus</strong></span> 
     </span>
    </p>
   </div>
   <div class='ocr_carea' id='block_1_21' title="bbox 985 616 1115 650">
    <p class='ocr_par' dir='ltr' id='par_1_21' title="bbox 985 616 1115 650">
     <span class='ocr_line' id='line_1_21' title="bbox 985 616 1115 650; baseline 0.008 -7"><span class='ocrx_word' id='word_1_171' title='bbox 985 616 1045 650; x_wconf 84' lang='lat' dir='ltr'><strong>ejus</strong></span> <span class='ocrx_word' id='word_1_172' title='bbox 1059 616 1091 644; x_wconf 80' lang='grc'><strong>³⁵.</strong></span> <span class='ocrx_word' id='word_1_173' title='bbox 1106 627 1115 643; x_wconf 80' lang='grc' dir='ltr'><strong>ι</strong></span> 
     </span>
    </p>
   </div>
   <div class='ocr_carea' id='block_1_22' title="bbox 142 661 1715 703">
    <p class='ocr_par' dir='ltr' id='par_1_22' title="bbox 142 661 1715 703">
     <span class='ocr_line' id='line_1_22' title="bbox 142 661 1715 703; baseline 0.001 -14"><span class='ocrx_word' id='word_1_174' title='bbox 142 664 212 699; x_wconf 82' lang='grc' dir='ltr'>ὅπερ</span> <span class='ocrx_word' id='word_1_175' title='bbox 226 663 300 690; x_wconf 78' lang='grc' dir='ltr'>ἐστὶν</span> <span class='ocrx_word' id='word_1_176' title='bbox 313 663 414 699; x_wconf 81' lang='grc' dir='ltr'><strong>Εἰρήνη</strong></span> <span class='ocrx_word' id='word_1_177' title='bbox 424 672 431 678; x_wconf 92' lang='grc'>·</span> <span class='ocrx_word' id='word_1_178' title='bbox 446 663 493 690; x_wconf 76' lang='grc' dir='ltr'>καὶ</span> <span class='ocrx_word' id='word_1_179' title='bbox 510 663 592 695; x_wconf 81' lang='grc' dir='ltr'><strong>τόπος</strong></span> <span class='ocrx_word' id='word_1_180' title='bbox 607 663 653 689; x_wconf 86' lang='grc' dir='ltr'><strong>τοῦ</strong></span> <span class='ocrx_word' id='word_1_181' title='bbox 668 663 734 690; x_wconf 85' lang='grc' dir='ltr'><strong>Θεοῦ</strong></span> <span class='ocrx_word' id='word_1_182' title='bbox 749 663 766 698; x_wconf 85' lang='grc' dir='ltr'>ἡ</span> <span class='ocrx_word' id='word_1_183' title='bbox 781 663 876 697; x_wconf 69' lang='grc' dir='ltr'>εἰρήνη</span> <span class='ocrx_word' id='word_1_184' title='bbox 893 661 1026 693; x_wconf 83' lang='grc' dir='ltr'>λέλεκται,</span> <span class='ocrx_word' id='word_1_185' title='bbox 1042 662 1112 689; x_wconf 80' lang='grc' dir='ltr'>κατὰ</span> <span class='ocrx_word' id='word_1_186' title='bbox 1126 663 1167 696; x_wconf 82' lang='grc' dir='ltr'><strong>τὸ,</strong></span> <span class='ocrx_word' id='word_1_187' title='bbox 1186 674 1195 690; x_wconf 73' lang='grc' dir='ltr'><strong>ι</strong></span> <span class='ocrx_word' id='word_1_188' title='bbox 1207 665 1251 691; x_wconf 77' lang='grc' dir='ltr'>Ἐν</span> <span class='ocrx_word' id='word_1_189' title='bbox 1267 666 1362 702; x_wconf 73' lang='grc' dir='ltr'>εἰρήνῃ</span> <span class='ocrx_word' id='word_1_190' title='bbox 1378 667 1443 703; x_wconf 72' lang='grc' dir='ltr'><strong>ἁγίᾳ</strong></span> <span class='ocrx_word' id='word_1_191' title='bbox 1464 668 1479 694; x_wconf 83' lang='grc' dir='ltr'>ὁ</span> <span class='ocrx_word' id='word_1_192' title='bbox 1496 668 1578 698; x_wconf 81' lang='grc' dir='ltr'>τόπος</span> <span class='ocrx_word' id='word_1_193' title='bbox 1593 669 1686 695; x_wconf 77' lang='grc' dir='ltr'>αὑτοῦ,</span> <span class='ocrx_word' id='word_1_194' title='bbox 1706 679 1715 693; x_wconf 77' lang='grc' dir='ltr'><strong>ι</strong></span> 
     </span>
    </p>
   </div>
   <div class='ocr_carea' id='block_1_23' title="bbox 181 707 935 745">
    <p class='ocr_par' dir='ltr' id='par_1_23' title="bbox 181 707 935 745">
     <span class='ocr_line' id='line_1_23' title="bbox 181 707 935 745; baseline -0.001 -10"><span class='ocrx_word' id='word_1_195' title='bbox 181 719 190 735; x_wconf 81' lang='lat' dir='ltr'><strong>t</strong></span> <span class='ocrx_word' id='word_1_196' title='bbox 208 709 246 735; x_wconf 75' lang='grc' dir='ltr'><strong>Τὸ</strong></span> <span class='ocrx_word' id='word_1_197' title='bbox 260 709 338 745; x_wconf 75' lang='grc' dir='ltr'>ἅρμα.</span> <span class='ocrx_word' id='word_1_198' title='bbox 352 708 399 735; x_wconf 87' lang='grc' dir='ltr'><strong>τοῦ</strong></span> <span class='ocrx_word' id='word_1_199' title='bbox 424 709 491 736; x_wconf 86' lang='grc' dir='ltr'>Θεοῦ</span> <span class='ocrx_word' id='word_1_200' title='bbox 509 709 714 744; x_wconf 77' lang='grc' dir='ltr'>μυριοπλάσιον,</span> <span class='ocrx_word' id='word_1_201' title='bbox 729 709 845 744; x_wconf 78' lang='grc' dir='ltr'><strong>χιλιάδες</strong></span> <span class='ocrx_word' id='word_1_202' title='bbox 857 707 935 743; x_wconf 78' lang='grc' dir='ltr'>εὐθη-</span> 
     </span>
    </p>
   </div>
   <div class='ocr_carea' id='block_1_24' title="bbox 144 754 935 790">
    <p class='ocr_par' dir='ltr' id='par_1_24' title="bbox 144 754 935 790">
     <span class='ocr_line' id='line_1_24' title="bbox 144 754 935 790; baseline -0.001 -9"><span class='ocrx_word' id='word_1_203' title='bbox 144 754 271 781; x_wconf 62' lang='grc' dir='ltr'>νούντων</span> <span class='ocrx_word' id='word_1_204' title='bbox 279 754 381 790; x_wconf 78' lang='grc' dir='ltr'>Κύριος</span> <span class='ocrx_word' id='word_1_205' title='bbox 396 755 424 781; x_wconf 82' lang='grc' dir='ltr'>ὲν</span> <span class='ocrx_word' id='word_1_206' title='bbox 439 756 530 787; x_wconf 79' lang='grc' dir='ltr'>αὐτοῖς</span> <span class='ocrx_word' id='word_1_207' title='bbox 543 756 571 781; x_wconf 79' lang='grc' dir='ltr'>ἐν</span> <span class='ocrx_word' id='word_1_208' title='bbox 580 755 654 782; x_wconf 79' lang='grc' dir='ltr'>Σιναῒ</span> <span class='ocrx_word' id='word_1_209' title='bbox 663 756 691 781; x_wconf 82' lang='grc' dir='ltr'>ὲν</span> <span class='ocrx_word' id='word_1_210' title='bbox 702 755 740 790; x_wconf 87' lang='grc' dir='ltr'><strong>τῷ</strong></span> <span class='ocrx_word' id='word_1_211' title='bbox 753 755 830 790; x_wconf 77' lang='grc' dir='ltr'>ἁγίῳ.</span> <span class='ocrx_word' id='word_1_212' title='bbox 840 765 848 780; x_wconf 75' lang='grc' dir='ltr'><strong>ι</strong></span> <span class='ocrx_word' id='word_1_213' title='bbox 860 755 935 780; x_wconf 80' lang='grc' dir='ltr'>Ἀπο-</span> 
     </span>
    </p>
   </div>
   <div class='ocr_carea' id='block_1_25' title="bbox 143 800 935 836">
    <p class='ocr_par' dir='ltr' id='par_1_25' title="bbox 143 800 935 836">
     <span class='ocr_line' id='line_1_25' title="bbox 143 800 935 836; baseline 0 -9"><span class='ocrx_word' id='word_1_214' title='bbox 143 800 205 832; x_wconf 76' lang='grc' dir='ltr'>δοὺς</span> <span class='ocrx_word' id='word_1_215' title='bbox 221 801 237 826; x_wconf 80' lang='grc' dir='ltr'><strong>ό</strong></span> <span class='ocrx_word' id='word_1_216' title='bbox 251 800 330 835; x_wconf 79' lang='grc' dir='ltr'>λόγος</span> <span class='ocrx_word' id='word_1_217' title='bbox 349 801 460 836; x_wconf 83' lang='grc' dir='ltr'>πρώτην</span> <span class='ocrx_word' id='word_1_218' title='bbox 477 801 526 836; x_wconf 78' lang='grc' dir='ltr'><strong>τὴν</strong></span> <span class='ocrx_word' id='word_1_219' title='bbox 541 802 606 836; x_wconf 74' lang='grc' dir='ltr'>περὶ</span> <span class='ocrx_word' id='word_1_220' title='bbox 620 800 666 827; x_wconf 90' lang='grc' dir='ltr'><strong>τοῦ</strong></span> <span class='ocrx_word' id='word_1_221' title='bbox 683 802 761 835; x_wconf 80' lang='grc' dir='ltr'>ἁγίου</span> <span class='ocrx_word' id='word_1_222' title='bbox 777 801 935 836; x_wconf 83' lang='grc' dir='ltr'>Πνεύματος</span> 
     </span>
    </p>
   </div>
   <div class='ocr_carea' id='block_1_26' title="bbox 144 845 934 882">
    <p class='ocr_par' dir='ltr' id='par_1_26' title="bbox 144 845 934 882">
     <span class='ocr_line' id='line_1_26' title="bbox 144 845 934 882; baseline -0.001 -9"><span class='ocrx_word' id='word_1_223' title='bbox 144 845 318 873; x_wconf 79' lang='grc' dir='ltr'>διδασκαλίαν</span> <span class='ocrx_word' id='word_1_224' title='bbox 332 845 375 872; x_wconf 81' lang='grc' dir='ltr'><strong>διὰ</strong></span> <span class='ocrx_word' id='word_1_225' title='bbox 389 845 438 880; x_wconf 83' lang='grc' dir='ltr'><strong>τῆς</strong></span> <span class='ocrx_word' id='word_1_226' title='bbox 453 847 627 881; x_wconf 77' lang='grc' dir='ltr'>περιστερᾶς,</span> <span class='ocrx_word' id='word_1_227' title='bbox 643 846 735 872; x_wconf 77' lang='grc' dir='ltr'>ἔπειτα</span> <span class='ocrx_word' id='word_1_228' title='bbox 749 846 798 881; x_wconf 81' lang='grc' dir='ltr'>τὴν</span> <span class='ocrx_word' id='word_1_229' title='bbox 811 846 875 882; x_wconf 76' lang='grc' dir='ltr'>περὶ</span> <span class='ocrx_word' id='word_1_230' title='bbox 887 846 934 873; x_wconf 88' lang='grc' dir='ltr'><strong>τοῦ</strong></span> 
     </span>
    </p>
   </div>
   <div class='ocr_carea' id='block_1_27' title="bbox 146 891 934 927">
    <p class='ocr_par' dir='ltr' id='par_1_27' title="bbox 146 891 934 927">
     <span class='ocr_line' id='line_1_27' title="bbox 146 891 934 927; baseline 0.001 -10"><span class='ocrx_word' id='word_1_231' title='bbox 146 891 210 918; x_wconf 87' lang='grc' dir='ltr'>Υἱοῦ</span> <span class='ocrx_word' id='word_1_232' title='bbox 225 891 270 918; x_wconf 82' lang='grc' dir='ltr'><strong>διὰ</strong></span> <span class='ocrx_word' id='word_1_233' title='bbox 291 891 338 918; x_wconf 89' lang='grc' dir='ltr'><strong>τοῦ</strong></span> <span class='ocrx_word' id='word_1_234' title='bbox 353 891 432 927; x_wconf 81' lang='grc' dir='ltr'>ὅρους</span> <span class='ocrx_word' id='word_1_235' title='bbox 445 891 490 918; x_wconf 87' lang='grc' dir='ltr'><strong>τοῦ</strong></span> <span class='ocrx_word' id='word_1_236' title='bbox 506 891 583 924; x_wconf 92' lang='grc' dir='ltr'>Θεοῦ,</span> <span class='ocrx_word' id='word_1_237' title='bbox 600 892 757 918; x_wconf 77' lang='grc' dir='ltr'>καταϐαίνει</span> <span class='ocrx_word' id='word_1_238' title='bbox 777 892 868 918; x_wconf 81' lang='grc' dir='ltr'>λοιπὸν</span> <span class='ocrx_word' id='word_1_239' title='bbox 889 893 934 918; x_wconf 73' lang='grc' dir='ltr'><strong>ἐπὶ</strong></span> 
     </span>
    </p>
   </div>
   <div class='ocr_carea' id='block_1_28' title="bbox 144 937 933 974">
    <p class='ocr_par' dir='ltr' id='par_1_28' title="bbox 144 937 933 974">
     <span class='ocr_line' id='line_1_28' title="bbox 144 937 933 974; baseline 0 -10"><span class='ocrx_word' id='word_1_240' title='bbox 144 938 193 970; x_wconf 75' lang='grc' dir='ltr'>τὰς</span> <span class='ocrx_word' id='word_1_241' title='bbox 205 937 407 973; x_wconf 70' lang='grc' dir='ltr'>ὑποῦεϐηκυίας</span> <span class='ocrx_word' id='word_1_242' title='bbox 420 937 548 973; x_wconf 84' lang='grc' dir='ltr'>δυνάμεις</span> <span class='ocrx_word' id='word_1_243' title='bbox 558 947 564 953; x_wconf 89' lang='grc'><strong>·</strong></span> <span class='ocrx_word' id='word_1_244' title='bbox 578 938 722 974; x_wconf 81' lang='grc' dir='ltr'><strong>παριστὰς,</strong></span> <span class='ocrx_word' id='word_1_245' title='bbox 736 940 786 970; x_wconf 83' lang='grc' dir='ltr'>ὗτι,</span> <span class='ocrx_word' id='word_1_246' title='bbox 804 939 828 965; x_wconf 89' lang='grc' dir='ltr'><strong>εί</strong></span> <span class='ocrx_word' id='word_1_247' title='bbox 842 939 887 964; x_wconf 75' lang='grc' dir='ltr'>καὶ</span> <span class='ocrx_word' id='word_1_248' title='bbox 899 938 933 964; x_wconf 85' lang='grc' dir='ltr'><strong>τὰ</strong></span> 
     </span>
    </p>
   </div>
   <div class='ocr_carea' id='block_1_29' title="bbox 147 982 934 1019">
    <p class='ocr_par' dir='ltr' id='par_1_29' title="bbox 147 982 934 1019">
     <span class='ocr_line' id='line_1_29' title="bbox 147 982 934 1019; baseline 0 -9"><span class='ocrx_word' id='word_1_249' title='bbox 147 983 264 1018; x_wconf 74' lang='grc' dir='ltr'>μάλιστα</span> <span class='ocrx_word' id='word_1_250' title='bbox 276 982 307 1009; x_wconf 81' lang='grc' dir='ltr'><strong>τὸ</strong></span> <span class='ocrx_word' id='word_1_251' title='bbox 323 983 385 1018; x_wconf 77' lang='grc' dir='ltr'>ὅρος</span> <span class='ocrx_word' id='word_1_252' title='bbox 407 983 437 1009; x_wconf 84' lang='grc' dir='ltr'>τὸ</span> <span class='ocrx_word' id='word_1_253' title='bbox 458 983 587 1010; x_wconf 79' lang='grc' dir='ltr'>ἀποδοθὲν</span> <span class='ocrx_word' id='word_1_254' title='bbox 610 983 729 1011; x_wconf 86' lang='grc' dir='ltr'>τοιοῦτον</span> <span class='ocrx_word' id='word_1_255' title='bbox 743 985 880 1019; x_wconf 81' lang='grc' dir='ltr'><strong>τυγχάνει,</strong></span> <span class='ocrx_word' id='word_1_256' title='bbox 897 985 934 1015; x_wconf 84' lang='grc' dir='ltr'>ὡς</span> 
     </span>
    </p>
   </div>
   <div class='ocr_carea' id='block_1_30' title="bbox 144 1029 934 1066">
    <p class='ocr_par' dir='ltr' id='par_1_30' title="bbox 144 1029 934 1066">
     <span class='ocr_line' id='line_1_30' title="bbox 144 1029 934 1066; baseline 0 -10"><span class='ocrx_word' id='word_1_257' title='bbox 144 1030 174 1056; x_wconf 79' lang='grc' dir='ltr'>ὲν</span> <span class='ocrx_word' id='word_1_258' title='bbox 197 1029 272 1065; x_wconf 85' lang='grc' dir='ltr'><strong>αὑτῷ</strong></span> <span class='ocrx_word' id='word_1_259' title='bbox 296 1031 434 1056; x_wconf 74' lang='grc' dir='ltr'>κατοικεῖν</span> <span class='ocrx_word' id='word_1_260' title='bbox 458 1030 512 1056; x_wconf 76' lang='grc' dir='ltr'><strong>πᾶν</strong></span> <span class='ocrx_word' id='word_1_261' title='bbox 535 1030 565 1056; x_wconf 77' lang='grc' dir='ltr'>τὸ</span> <span class='ocrx_word' id='word_1_262' title='bbox 586 1029 723 1066; x_wconf 86' lang='grc' dir='ltr'>πλήρωμα</span> <span class='ocrx_word' id='word_1_263' title='bbox 736 1031 785 1066; x_wconf 83' lang='grc' dir='ltr'>τῆς</span> <span class='ocrx_word' id='word_1_264' title='bbox 799 1031 934 1065; x_wconf 75' lang='grc' dir='ltr'><strong>πατρικῆς</strong></span> 
     </span>
    </p>
   </div>
   <div class='ocr_carea' id='block_1_31' title="bbox 147 1075 933 1111">
    <p class='ocr_par' dir='ltr' id='par_1_31' title="bbox 147 1075 933 1111">
     <span class='ocr_line' id='line_1_31' title="bbox 147 1075 933 1111; baseline 0.001 -9"><span class='ocrx_word' id='word_1_265' title='bbox 147 1075 282 1111; x_wconf 77' lang='grc' dir='ltr'>θεότητος,</span> <span class='ocrx_word' id='word_1_266' title='bbox 292 1075 349 1102; x_wconf 83' lang='grc' dir='ltr'>ἀλλ’</span> <span class='ocrx_word' id='word_1_267' title='bbox 357 1077 387 1102; x_wconf 91' lang='grc' dir='ltr'>οὺ</span> <span class='ocrx_word' id='word_1_268' title='bbox 402 1076 481 1111; x_wconf 86' lang='grc' dir='ltr'>μόνον</span> <span class='ocrx_word' id='word_1_269' title='bbox 493 1076 571 1103; x_wconf 68' lang='grc' dir='ltr'>τοῦτο</span> <span class='ocrx_word' id='word_1_270' title='bbox 586 1077 679 1111; x_wconf 83' lang='grc' dir='ltr'>κτῆμά</span> <span class='ocrx_word' id='word_1_271' title='bbox 689 1077 748 1103; x_wconf 83' lang='grc' dir='ltr'>ἐστι</span> <span class='ocrx_word' id='word_1_272' title='bbox 760 1076 806 1103; x_wconf 79' lang='grc' dir='ltr'><strong>τοῦ</strong></span> <span class='ocrx_word' id='word_1_273' title='bbox 819 1076 933 1111; x_wconf 77' lang='grc' dir='ltr'>Πατρὸς,</span> 
     </span>
    </p>
   </div>
   <div class='ocr_carea' id='block_1_32' title="bbox 146 1121 936 1158">
    <p class='ocr_par' dir='ltr' id='par_1_32' title="bbox 146 1121 936 1158">
     <span class='ocr_line' id='line_1_32' title="bbox 146 1121 936 1158; baseline 0 -10"><span class='ocrx_word' id='word_1_274' title='bbox 146 1122 202 1157; x_wconf 79' lang='grc' dir='ltr'>ἔχει</span> <span class='ocrx_word' id='word_1_275' title='bbox 223 1122 251 1149; x_wconf 80' lang='grc' dir='ltr'><strong>δὲ</strong></span> <span class='ocrx_word' id='word_1_276' title='bbox 273 1122 320 1148; x_wconf 77' lang='grc' dir='ltr'><strong>καὶ</strong></span> <span class='ocrx_word' id='word_1_277' title='bbox 332 1121 414 1153; x_wconf 82' lang='grc' dir='ltr'>ἄλλας</span> <span class='ocrx_word' id='word_1_278' title='bbox 429 1122 629 1158; x_wconf 74' lang='grc' dir='ltr'>ὺποϐεϐηκυίας</span> <span class='ocrx_word' id='word_1_279' title='bbox 649 1122 804 1154; x_wconf 80' lang='grc' dir='ltr'><strong>διακονικὰς</strong></span> <span class='ocrx_word' id='word_1_280' title='bbox 821 1122 867 1149; x_wconf 74' lang='grc' dir='ltr'>καὶ</span> <span class='ocrx_word' id='word_1_281' title='bbox 884 1122 936 1148; x_wconf 88' lang='grc' dir='ltr'>λει-</span> 
     </span>
    </p>
   </div>
   <div class='ocr_carea' id='block_1_33' title="bbox 145 1167 933 1204">
    <p class='ocr_par' dir='ltr' id='par_1_33' title="bbox 145 1167 933 1204">
     <span class='ocr_line' id='line_1_33' title="bbox 145 1167 933 1204; baseline -0.01 -3"><span class='ocrx_word' id='word_1_282' title='bbox 145 1168 293 1203; x_wconf 75' lang='grc' dir='ltr'>τουρτικὰς</span> <span class='ocrx_word' id='word_1_283' title='bbox 304 1167 441 1203; x_wconf 77' lang='grc' dir='ltr'>δυνάμεις,</span> <span class='ocrx_word' id='word_1_284' title='bbox 455 1168 488 1200; x_wconf 75' lang='grc' dir='ltr'>ἃς</span> <span class='ocrx_word' id='word_1_285' title='bbox 507 1169 605 1204; x_wconf 82' lang='grc' dir='ltr'>μυρίας</span> <span class='ocrx_word' id='word_1_286' title='bbox 619 1168 701 1200; x_wconf 76' lang='grc' dir='ltr'>οὕσας</span> <span class='ocrx_word' id='word_1_287' title='bbox 721 1169 767 1195; x_wconf 69' lang='grc' dir='ltr'>καὶ</span> <span class='ocrx_word' id='word_1_288' title='bbox 780 1168 889 1199; x_wconf 78' lang='grc' dir='ltr'>πολλὰς,</span> <span class='ocrx_word' id='word_1_289' title='bbox 901 1170 933 1204; x_wconf 82' lang='grc' dir='ltr'>τῇ</span> 
     </span>
    </p>
   </div>
   <div class='ocr_carea' id='block_1_34' title="bbox 145 1213 933 1250">
    <p class='ocr_par' dir='ltr' id='par_1_34' title="bbox 145 1213 933 1250">
     <span class='ocr_line' id='line_1_34' title="bbox 145 1213 933 1250; baseline 0.003 -11"><span class='ocrx_word' id='word_1_290' title='bbox 145 1222 174 1240; x_wconf 77' lang='grc' dir='ltr'><strong>τε</strong></span> <span class='ocrx_word' id='word_1_291' title='bbox 188 1214 272 1249; x_wconf 82' lang='grc' dir='ltr'>ἀρετῇ</span> <span class='ocrx_word' id='word_1_292' title='bbox 286 1213 466 1249; x_wconf 78' lang='grc' dir='ltr'>διαφερούσας</span> <span class='ocrx_word' id='word_1_293' title='bbox 479 1215 524 1249; x_wconf 79' lang='grc' dir='ltr'><strong>ὑφ’</strong></span> <span class='ocrx_word' id='word_1_294' title='bbox 539 1215 586 1241; x_wconf 73' lang='grc' dir='ltr'><strong>ἕνα</strong></span> <span class='ocrx_word' id='word_1_295' title='bbox 607 1214 686 1249; x_wconf 78' lang='grc' dir='ltr'>ζυγὸν</span> <span class='ocrx_word' id='word_1_296' title='bbox 702 1215 933 1250; x_wconf 79' lang='grc' dir='ltr'><strong>καταδησάμενος,</strong></span> 
     </span>
    </p>
   </div>
   <div class='ocr_carea' id='block_1_35' title="bbox 951 912 971 941">
    <p class='ocr_par' dir='ltr' id='par_1_35' title="bbox 951 912 971 941">
     <span class='ocr_line' id='line_1_35' title="bbox 951 912 971 941; baseline 0 0"><span class='ocrx_word' id='word_1_297' title='bbox 951 912 971 941; x_wconf 80' lang='grc' dir='ltr'><strong>Β</strong></span> 
     </span>
    </p>
   </div>
   <div class='ocr_carea' id='block_1_36' title="bbox 1022 709 1771 751">
    <p class='ocr_par' dir='ltr' id='par_1_36' title="bbox 1022 709 1771 751">
     <span class='ocr_line' id='line_1_36' title="bbox 1022 709 1771 751; baseline 0.011 -15"><span class='ocrx_word' id='word_1_298' title='bbox 1022 709 1106 738; x_wconf 71' lang='lat' dir='ltr'><strong>Vens.</strong></span> <span class='ocrx_word' id='word_1_299' title='bbox 1125 710 1168 737; x_wconf 82' lang='grc'><strong>18.</strong></span> <span class='ocrx_word' id='word_1_300' title='bbox 1181 721 1190 736; x_wconf 75' lang='grc' dir='ltr'><strong>ε</strong></span> <span class='ocrx_word' id='word_1_301' title='bbox 1203 711 1306 740; x_wconf 86' lang='lat' dir='ltr'><strong>Currus</strong></span> <span class='ocrx_word' id='word_1_302' title='bbox 1319 712 1365 741; x_wconf 88' lang='lat' dir='ltr'><strong>Dei</strong></span> <span class='ocrx_word' id='word_1_303' title='bbox 1376 713 1470 741; x_wconf 82' lang='lat' dir='ltr'><strong>decem</strong></span> <span class='ocrx_word' id='word_1_304' title='bbox 1486 715 1606 743; x_wconf 78' lang='lat' dir='ltr'><strong>millibus</strong></span> <span class='ocrx_word' id='word_1_305' title='bbox 1619 716 1771 751; x_wconf 77' lang='lat' dir='ltr'><strong>multiplex,</strong></span> 
     </span>
    </p>
   </div>
   <div class='ocr_carea' id='block_1_37' title="bbox 986 756 1772 793">
    <p class='ocr_par' dir='ltr' id='par_1_37' title="bbox 986 756 1772 793">
     <span class='ocr_line' id='line_1_37' title="bbox 986 756 1772 793; baseline 0.009 -11"><span class='ocrx_word' id='word_1_306' title='bbox 986 756 1070 784; x_wconf 88' lang='lat' dir='ltr'><strong>millia</strong></span> <span class='ocrx_word' id='word_1_307' title='bbox 1085 757 1243 789; x_wconf 82' lang='lat' dir='ltr'><strong>laetantium,</strong></span> <span class='ocrx_word' id='word_1_308' title='bbox 1259 758 1391 787; x_wconf 86' lang='lat' dir='ltr'><strong>Dominus</strong></span> <span class='ocrx_word' id='word_1_309' title='bbox 1407 760 1434 787; x_wconf 91' lang='lat' dir='ltr'><strong>in</strong></span> <span class='ocrx_word' id='word_1_310' title='bbox 1447 760 1498 793; x_wconf 88' lang='lat' dir='ltr'><strong>eis,</strong></span> <span class='ocrx_word' id='word_1_311' title='bbox 1519 761 1546 788; x_wconf 93' lang='lat' dir='ltr'><strong>in</strong></span> <span class='ocrx_word' id='word_1_312' title='bbox 1562 760 1647 793; x_wconf 81' lang='lat' dir='ltr'><strong>Sinai,</strong></span> <span class='ocrx_word' id='word_1_313' title='bbox 1665 761 1692 788; x_wconf 92' lang='lat' dir='ltr'><strong>in</strong></span> <span class='ocrx_word' id='word_1_314' title='bbox 1707 769 1772 790; x_wconf 85' lang='lat' dir='ltr'><strong>san—</strong></span> 
     </span>
    </p>
   </div>
   <div class='ocr_carea' id='block_1_38' title="bbox 986 803 1773 842">
    <p class='ocr_par' dir='ltr' id='par_1_38' title="bbox 986 803 1773 842">
     <span class='ocr_line' id='line_1_38' title="bbox 986 803 1773 842; baseline 0.008 -13"><span class='ocrx_word' id='word_1_315' title='bbox 986 807 1040 830; x_wconf 89' lang='lat' dir='ltr'><strong>cto.</strong></span> <span class='ocrx_word' id='word_1_316' title='bbox 1061 813 1071 829; x_wconf 88' lang='grc'><strong>›</strong></span> <span class='ocrx_word' id='word_1_317' title='bbox 1090 803 1156 831; x_wconf 87' lang='lat' dir='ltr'><strong>Post</strong></span> <span class='ocrx_word' id='word_1_318' title='bbox 1168 804 1282 839; x_wconf 88' lang='lat' dir='ltr'><strong>primam</strong></span> <span class='ocrx_word' id='word_1_319' title='bbox 1299 805 1427 832; x_wconf 82' lang='lat' dir='ltr'><strong>traditam</strong></span> <span class='ocrx_word' id='word_1_320' title='bbox 1441 806 1474 834; x_wconf 92' lang='lat' dir='ltr'><strong>de</strong></span> <span class='ocrx_word' id='word_1_321' title='bbox 1489 806 1594 842; x_wconf 85' lang='lat' dir='ltr'><strong>Spiritu</strong></span> <span class='ocrx_word' id='word_1_322' title='bbox 1614 812 1710 834; x_wconf 87' lang='lat' dir='ltr'><strong>sancto</strong></span> <span class='ocrx_word' id='word_1_323' title='bbox 1724 807 1773 834; x_wconf 84' lang='lat' dir='ltr'><strong>do-</strong></span> 
     </span>
    </p>
   </div>
   <div class='ocr_carea' id='block_1_39' title="bbox 985 849 1773 888">
    <p class='ocr_par' dir='ltr' id='par_1_39' title="bbox 985 849 1773 888">
     <span class='ocr_line' id='line_1_39' title="bbox 985 849 1773 888; baseline 0.008 -13"><span class='ocrx_word' id='word_1_324' title='bbox 985 849 1101 876; x_wconf 88' lang='lat' dir='ltr'><strong>ctrinam</strong></span> <span class='ocrx_word' id='word_1_325' title='bbox 1118 858 1165 884; x_wconf 89' lang='lat' dir='ltr'><strong>per</strong></span> <span class='ocrx_word' id='word_1_326' title='bbox 1177 850 1313 878; x_wconf 62' lang='lat' dir='ltr'><strong>columbae</strong></span> <span class='ocrx_word' id='word_1_327' title='bbox 1326 851 1533 880; x_wconf 83' lang='lat' dir='ltr'><strong>similitudinem</strong></span> <span class='ocrx_word' id='word_1_328' title='bbox 1544 873 1552 885; x_wconf 94' lang='lat'><strong>,</strong></span> <span class='ocrx_word' id='word_1_329' title='bbox 1573 853 1726 888; x_wconf 87' lang='lat' dir='ltr'><strong>deindeque</strong></span> <span class='ocrx_word' id='word_1_330' title='bbox 1740 853 1773 881; x_wconf 90' lang='lat' dir='ltr'><strong>de</strong></span> 
     </span>
    </p>
   </div>
   <div class='ocr_carea' id='block_1_40' title="bbox 985 893 1773 930">
    <p class='ocr_par' dir='ltr' id='par_1_40' title="bbox 985 893 1773 930">
     <span class='ocr_line' id='line_1_40' title="bbox 985 893 1773 930; baseline 0.005 -10"><span class='ocrx_word' id='word_1_331' title='bbox 985 893 1054 921; x_wconf 85' lang='lat' dir='ltr'><strong>Filio</strong></span> <span class='ocrx_word' id='word_1_332' title='bbox 1071 902 1119 929; x_wconf 88' lang='lat' dir='ltr'><strong>per</strong></span> <span class='ocrx_word' id='word_1_333' title='bbox 1132 894 1245 930; x_wconf 79' lang='lat' dir='ltr'><strong>ﬁguram</strong></span> <span class='ocrx_word' id='word_1_334' title='bbox 1261 896 1362 923; x_wconf 86' lang='lat' dir='ltr'><strong>montis</strong></span> <span class='ocrx_word' id='word_1_335' title='bbox 1376 896 1439 929; x_wconf 87' lang='lat' dir='ltr'><strong>Dei,</strong></span> <span class='ocrx_word' id='word_1_336' title='bbox 1456 897 1490 925; x_wconf 88' lang='lat' dir='ltr'><strong>ad</strong></span> <span class='ocrx_word' id='word_1_337' title='bbox 1508 897 1651 925; x_wconf 77' lang='lat' dir='ltr'><strong>inferiores</strong></span> <span class='ocrx_word' id='word_1_338' title='bbox 1664 899 1773 926; x_wconf 86' lang='lat' dir='ltr'><strong>demum</strong></span> 
     </span>
    </p>
   </div>
   <div class='ocr_carea' id='block_1_41' title="bbox 987 941 1774 975">
    <p class='ocr_par' dir='ltr' id='par_1_41' title="bbox 987 941 1774 975">
     <span class='ocr_line' id='line_1_41' title="bbox 987 941 1774 975; baseline 0.006 -9"><span class='ocrx_word' id='word_1_339' title='bbox 987 944 1136 974; x_wconf 84' lang='lat' dir='ltr'><strong>potestates</strong></span> <span class='ocrx_word' id='word_1_340' title='bbox 1149 941 1290 970; x_wconf 84' lang='lat' dir='ltr'><strong>descendit</strong></span> <span class='ocrx_word' id='word_1_341' title='bbox 1305 951 1313 975; x_wconf 86' lang='lat'><strong>;</strong></span> <span class='ocrx_word' id='word_1_342' title='bbox 1327 942 1480 975; x_wconf 85' lang='lat' dir='ltr'><strong>declarans,</strong></span> <span class='ocrx_word' id='word_1_343' title='bbox 1499 943 1605 970; x_wconf 85' lang='lat' dir='ltr'><strong>etiamsi</strong></span> <span class='ocrx_word' id='word_1_344' title='bbox 1627 951 1707 971; x_wconf 90' lang='lat' dir='ltr'><strong>mons</strong></span> <span class='ocrx_word' id='word_1_345' title='bbox 1729 945 1774 972; x_wconf 90' lang='lat' dir='ltr'><strong>ille</strong></span> 
     </span>
    </p>
   </div>
   <div class='ocr_carea' id='block_1_42' title="bbox 987 988 1774 1025">
    <p class='ocr_par' dir='ltr' id='par_1_42' title="bbox 987 988 1774 1025">
     <span class='ocr_line' id='line_1_42' title="bbox 987 988 1774 1025; baseline 0.006 -12"><span class='ocrx_word' id='word_1_346' title='bbox 987 992 1153 1015; x_wconf 84' lang='lat' dir='ltr'><strong>memoratus</strong></span> <span class='ocrx_word' id='word_1_347' title='bbox 1179 988 1336 1023; x_wconf 87' lang='lat' dir='ltr'><strong>hujusmodi</strong></span> <span class='ocrx_word' id='word_1_348' title='bbox 1363 989 1417 1022; x_wconf 88' lang='lat' dir='ltr'><strong>sit,</strong></span> <span class='ocrx_word' id='word_1_349' title='bbox 1447 993 1477 1016; x_wconf 90' lang='lat' dir='ltr'><strong>ut</strong></span> <span class='ocrx_word' id='word_1_350' title='bbox 1502 990 1530 1016; x_wconf 90' lang='lat' dir='ltr'><strong>in</strong></span> <span class='ocrx_word' id='word_1_351' title='bbox 1557 989 1617 1025; x_wconf 89' lang='lat' dir='ltr'><strong>ipso</strong></span> <span class='ocrx_word' id='word_1_352' title='bbox 1642 990 1774 1018; x_wconf 84' lang='lat' dir='ltr'><strong>inhabitet</strong></span> 
     </span>
    </p>
   </div>
   <div class='ocr_carea' id='block_1_43' title="bbox 987 1033 1772 1069">
    <p class='ocr_par' dir='ltr' id='par_1_43' title="bbox 987 1033 1772 1069">
     <span class='ocr_line' id='line_1_43' title="bbox 987 1033 1772 1069; baseline 0.005 -10"><span class='ocrx_word' id='word_1_353' title='bbox 987 1033 1077 1060; x_wconf 88' lang='lat' dir='ltr'><strong>omnis</strong></span> <span class='ocrx_word' id='word_1_354' title='bbox 1101 1034 1241 1068; x_wconf 81' lang='lat' dir='ltr'><strong>plenitudo</strong></span> <span class='ocrx_word' id='word_1_355' title='bbox 1257 1040 1377 1069; x_wconf 64' lang='lat' dir='ltr'><strong>paterna:</strong></span> <span class='ocrx_word' id='word_1_356' title='bbox 1389 1034 1555 1067; x_wconf 81' lang='lat' dir='ltr'><strong>divinitatis,</strong></span> <span class='ocrx_word' id='word_1_357' title='bbox 1571 1043 1625 1062; x_wconf 95' lang='lat' dir='ltr'><strong>non</strong></span> <span class='ocrx_word' id='word_1_358' title='bbox 1646 1043 1708 1063; x_wconf 78' lang='lat' dir='ltr'><strong>esse</strong></span> <span class='ocrx_word' id='word_1_359' title='bbox 1729 1041 1772 1062; x_wconf 82' lang='lat' dir='ltr'><strong>ta-</strong></span> 
     </span>
    </p>
   </div>
   <div class='ocr_carea' id='block_1_44' title="bbox 987 1079 1773 1116">
    <p class='ocr_par' dir='ltr' id='par_1_44' title="bbox 987 1079 1773 1116">
     <span class='ocr_line' id='line_1_44' title="bbox 987 1079 1773 1116; baseline 0.005 -12"><span class='ocrx_word' id='word_1_360' title='bbox 987 1085 1049 1105; x_wconf 90' lang='lat' dir='ltr'><strong>men</strong></span> <span class='ocrx_word' id='word_1_361' title='bbox 1066 1079 1152 1106; x_wconf 89' lang='lat' dir='ltr'><strong>solam</strong></span> <span class='ocrx_word' id='word_1_362' title='bbox 1177 1079 1267 1107; x_wconf 86' lang='lat' dir='ltr'><strong>Patris</strong></span> <span class='ocrx_word' id='word_1_363' title='bbox 1288 1081 1508 1115; x_wconf 83' lang='lat' dir='ltr'><strong>possessionem;</strong></span> <span class='ocrx_word' id='word_1_364' title='bbox 1532 1081 1579 1108; x_wconf 91' lang='lat' dir='ltr'><strong>sed</strong></span> <span class='ocrx_word' id='word_1_365' title='bbox 1595 1082 1682 1116; x_wconf 91' lang='lat' dir='ltr'><strong>ipsum</strong></span> <span class='ocrx_word' id='word_1_366' title='bbox 1705 1082 1773 1109; x_wconf 88' lang='lat' dir='ltr'><strong>alias</strong></span> 
     </span>
    </p>
   </div>
   <div class='ocr_carea' id='block_1_45' title="bbox 989 1123 1774 1161">
    <p class='ocr_par' dir='ltr' id='par_1_45' title="bbox 989 1123 1774 1161">
     <span class='ocr_line' id='line_1_45' title="bbox 989 1123 1774 1161; baseline 0.006 -12"><span class='ocrx_word' id='word_1_367' title='bbox 989 1123 1088 1150; x_wconf 88' lang='lat' dir='ltr'><strong>habere</strong></span> <span class='ocrx_word' id='word_1_368' title='bbox 1104 1124 1281 1153; x_wconf 86' lang='lat' dir='ltr'><strong>administras</strong></span> <span class='ocrx_word' id='word_1_369' title='bbox 1293 1129 1320 1152; x_wconf 92' lang='lat' dir='ltr'><strong>et</strong></span> <span class='ocrx_word' id='word_1_370' title='bbox 1335 1126 1459 1153; x_wconf 88' lang='lat' dir='ltr'><strong>subditas</strong></span> <span class='ocrx_word' id='word_1_371' title='bbox 1474 1125 1598 1156; x_wconf 84' lang='lat' dir='ltr'><strong>virtutes.</strong></span> <span class='ocrx_word' id='word_1_372' title='bbox 1615 1134 1695 1161; x_wconf 82' lang='lat' dir='ltr'><strong>quas,</strong></span> <span class='ocrx_word' id='word_1_373' title='bbox 1711 1127 1774 1154; x_wconf 86' lang='lat' dir='ltr'><strong>licet</strong></span> 
     </span>
    </p>
   </div>
   <div class='ocr_carea' id='block_1_46' title="bbox 987 1167 1774 1204">
    <p class='ocr_par' dir='ltr' id='par_1_46' title="bbox 987 1167 1774 1204">
     <span class='ocr_line' id='line_1_46' title="bbox 987 1167 1774 1204; baseline 0.005 -12"><span class='ocrx_word' id='word_1_374' title='bbox 987 1167 1094 1194; x_wconf 88' lang='lat' dir='ltr'><strong>intinito</strong></span> <span class='ocrx_word' id='word_1_375' title='bbox 1109 1176 1224 1195; x_wconf 90' lang='lat' dir='ltr'><strong>numero</strong></span> <span class='ocrx_word' id='word_1_376' title='bbox 1236 1169 1301 1201; x_wconf 85' lang='lat' dir='ltr'><strong>sint,</strong></span> <span class='ocrx_word' id='word_1_377' title='bbox 1316 1173 1398 1204; x_wconf 84' lang='lat' dir='ltr'><strong>atque</strong></span> <span class='ocrx_word' id='word_1_378' title='bbox 1415 1169 1514 1196; x_wconf 80' lang='lat' dir='ltr'><strong>virtute</strong></span> <span class='ocrx_word' id='word_1_379' title='bbox 1535 1173 1706 1204; x_wconf 70' lang='lat' dir='ltr'><strong>praestantes.</strong></span> <span class='ocrx_word' id='word_1_380' title='bbox 1722 1170 1774 1196; x_wconf 87' lang='lat' dir='ltr'><strong>sub</strong></span> 
     </span>
    </p>
   </div>
   <div class='ocr_carea' id='block_1_47' title="bbox 988 1213 1774 1248">
    <p class='ocr_par' dir='ltr' id='par_1_47' title="bbox 988 1213 1774 1248">
     <span class='ocr_line' id='line_1_47' title="bbox 988 1213 1774 1248; baseline 0.004 -10"><span class='ocrx_word' id='word_1_381' title='bbox 988 1220 1043 1239; x_wconf 88' lang='lat' dir='ltr'><strong>uno</strong></span> <span class='ocrx_word' id='word_1_382' title='bbox 1055 1213 1122 1248; x_wconf 77' lang='lat' dir='ltr'><strong>jugo</strong></span> <span class='ocrx_word' id='word_1_383' title='bbox 1133 1213 1265 1248; x_wconf 83' lang='lat' dir='ltr'><strong>colligans</strong></span> <span class='ocrx_word' id='word_1_384' title='bbox 1279 1214 1401 1241; x_wconf 88' lang='lat' dir='ltr'><strong>omnium</strong></span> <span class='ocrx_word' id='word_1_385' title='bbox 1412 1222 1458 1241; x_wconf 86' lang='lat' dir='ltr'><strong>rex</strong></span> <span class='ocrx_word' id='word_1_386' title='bbox 1475 1214 1519 1242; x_wconf 89' lang='lat' dir='ltr'><strong>ille</strong></span> <span class='ocrx_word' id='word_1_387' title='bbox 1532 1214 1604 1242; x_wconf 85' lang='lat' dir='ltr'><strong>Deus</strong></span> <span class='ocrx_word' id='word_1_388' title='bbox 1618 1215 1709 1242; x_wconf 92' lang='lat' dir='ltr'><strong>currui</strong></span> <span class='ocrx_word' id='word_1_389' title='bbox 1723 1215 1774 1242; x_wconf 85' lang='lat' dir='ltr'><strong>ad-</strong></span> 
     </span>
    </p>
   </div>
   <div class='ocr_carea' id='block_1_48' title="bbox 145 1258 936 1296">
    <p class='ocr_par' dir='ltr' id='par_1_48' title="bbox 145 1259 936 1296">
     <span class='ocr_line' id='line_1_48' title="bbox 145 1259 936 1296; baseline 0.003 -11"><span class='ocrx_word' id='word_1_390' title='bbox 145 1259 222 1295; x_wconf 78' lang='grc' dir='ltr'>ἆρμα</span> <span class='ocrx_word' id='word_1_391' title='bbox 234 1259 322 1294; x_wconf 80' lang='grc' dir='ltr'>ἑαυτῷ</span> <span class='ocrx_word' id='word_1_392' title='bbox 333 1260 494 1293; x_wconf 76' lang='grc' dir='ltr'>κατέζευξεν</span> <span class='ocrx_word' id='word_1_393' title='bbox 506 1262 520 1287; x_wconf 78' lang='grc' dir='ltr'>ὁ</span> <span class='ocrx_word' id='word_1_394' title='bbox 529 1261 716 1296; x_wconf 77' lang='grc' dir='ltr'>παμϐασιλεὺς</span> <span class='ocrx_word' id='word_1_395' title='bbox 736 1261 812 1293; x_wconf 70' lang='grc' dir='ltr'>Θεὸς,</span> <span class='ocrx_word' id='word_1_396' title='bbox 829 1262 872 1295; x_wconf 72' lang='grc' dir='ltr'><strong>ὑφ’</strong></span> <span class='ocrx_word' id='word_1_397' title='bbox 881 1262 936 1296; x_wconf 84' lang='grc' dir='ltr'>ἡνι-</span> 
     </span>
    </p>
   </div>
   <div class='ocr_carea' id='block_1_49' title="bbox 987 1258 1774 1296">
    <p class='ocr_par' dir='ltr' id='par_1_49' title="bbox 987 1258 1774 1295">
     <span class='ocr_line' id='line_1_49' title="bbox 987 1258 1774 1295; baseline 0.003 -10"><span class='ocrx_word' id='word_1_398' title='bbox 987 1258 1077 1293; x_wconf 77' lang='lat' dir='ltr'><strong>iunxit</strong></span> <span class='ocrx_word' id='word_1_399' title='bbox 1093 1266 1154 1290; x_wconf 88' lang='lat' dir='ltr'><strong>suo,</strong></span> <span class='ocrx_word' id='word_1_400' title='bbox 1171 1260 1312 1295; x_wconf 81' lang='lat' dir='ltr'><strong>aurigante</strong></span> <span class='ocrx_word' id='word_1_401' title='bbox 1327 1259 1472 1294; x_wconf 80' lang='lat' dir='ltr'><strong>Unigeuito</strong></span> <span class='ocrx_word' id='word_1_402' title='bbox 1485 1259 1572 1287; x_wconf 87' lang='lat' dir='ltr'><strong>Verbo</strong></span> <span class='ocrx_word' id='word_1_403' title='bbox 1584 1268 1644 1287; x_wconf 88' lang='lat' dir='ltr'><strong>suo.</strong></span> <span class='ocrx_word' id='word_1_404' title='bbox 1670 1260 1774 1288; x_wconf 81' lang='lat' dir='ltr'><strong>Harum</strong></span> 
     </span>
    </p>
   </div>
   <div class='ocr_carea' id='block_1_50' title="bbox 145 1305 934 1342">
    <p class='ocr_par' dir='ltr' id='par_1_50' title="bbox 145 1305 934 1342">
     <span class='ocr_line' id='line_1_50' title="bbox 145 1305 934 1342; baseline 0.004 -12"><span class='ocrx_word' id='word_1_405' title='bbox 145 1305 200 1341; x_wconf 81' lang='grc' dir='ltr'><strong>όχῳ</strong></span> <span class='ocrx_word' id='word_1_406' title='bbox 215 1305 254 1340; x_wconf 85' lang='grc' dir='ltr'>τῷ</span> <span class='ocrx_word' id='word_1_407' title='bbox 269 1306 416 1339; x_wconf 78' lang='grc' dir='ltr'>Μονογενεῖ</span> <span class='ocrx_word' id='word_1_408' title='bbox 430 1306 511 1332; x_wconf 84' lang='grc' dir='ltr'>αὐτοῦ</span> <span class='ocrx_word' id='word_1_409' title='bbox 527 1307 613 1342; x_wconf 79' lang='grc' dir='ltr'><strong>Λόγῳ.</strong></span> <span class='ocrx_word' id='word_1_410' title='bbox 626 1307 662 1334; x_wconf 85' lang='grc' dir='ltr'><strong>Τὸ</strong></span> <span class='ocrx_word' id='word_1_411' title='bbox 675 1307 703 1333; x_wconf 81' lang='grc' dir='ltr'>δὲ</span> <span class='ocrx_word' id='word_1_412' title='bbox 717 1307 817 1334; x_wconf 85' lang='grc' dir='ltr'>τούτων</span> <span class='ocrx_word' id='word_1_413' title='bbox 835 1307 934 1342; x_wconf 79' lang='grc' dir='ltr'>πλῆθος</span> 
     </span>
    </p>
   </div>
   <div class='ocr_carea' id='block_1_51' title="bbox 146 1347 935 1389">
    <p class='ocr_par' dir='ltr' id='par_1_51' title="bbox 146 1347 935 1389">
     <span class='ocr_line' id='line_1_51' title="bbox 146 1347 935 1389; baseline 0.003 -11"><span class='ocrx_word' id='word_1_414' title='bbox 146 1352 192 1378; x_wconf 80' lang='grc' dir='ltr'>καὶ</span> <span class='ocrx_word' id='word_1_415' title='bbox 206 1352 306 1387; x_wconf 85' lang='grc' dir='ltr'>Δανιὴλ</span> <span class='ocrx_word' id='word_1_416' title='bbox 319 1353 333 1379; x_wconf 89' lang='grc' dir='ltr'>ὁ</span> <span class='ocrx_word' id='word_1_417' title='bbox 346 1354 486 1389; x_wconf 71' lang='grc' dir='ltr'>προφήτης</span> <span class='ocrx_word' id='word_1_418' title='bbox 504 1354 532 1380; x_wconf 79' lang='grc' dir='ltr'>ἐν</span> <span class='ocrx_word' id='word_1_419' title='bbox 546 1355 578 1389; x_wconf 90' lang='grc' dir='ltr'>τῇ</span> <span class='ocrx_word' id='word_1_420' title='bbox 595 1353 707 1389; x_wconf 80' lang='grc' dir='ltr'>Θεοπτίᾳ</span> <span class='ocrx_word' id='word_1_421' title='bbox 728 1347 874 1389; x_wconf 74' lang='grc' dir='ltr'>παρίστησι</span> <span class='ocrx_word' id='word_1_422' title='bbox 892 1353 935 1379; x_wconf 84' lang='grc' dir='ltr'><strong>λέ-</strong></span> 
     </span>
    </p>
   </div>
   <div class='ocr_carea' id='block_1_52' title="bbox 144 1398 934 1436">
    <p class='ocr_par' dir='ltr' id='par_1_52' title="bbox 144 1398 934 1436">
     <span class='ocr_line' id='line_1_52' title="bbox 144 1398 934 1436; baseline 0.001 -11"><span class='ocrx_word' id='word_1_423' title='bbox 144 1406 214 1432; x_wconf 87' lang='grc' dir='ltr'>γων·</span> <span class='ocrx_word' id='word_1_424' title='bbox 231 1407 240 1423; x_wconf 73' lang='grc' dir='ltr'><strong>ι</strong></span> <span class='ocrx_word' id='word_1_425' title='bbox 251 1398 354 1434; x_wconf 88' lang='grc' dir='ltr'>Μύριαι</span> <span class='ocrx_word' id='word_1_426' title='bbox 367 1399 496 1434; x_wconf 76' lang='grc' dir='ltr'><strong>μυριάδες</strong></span> <span class='ocrx_word' id='word_1_427' title='bbox 506 1399 693 1436; x_wconf 78' lang='grc' dir='ltr'>ἐλειτούργουν</span> <span class='ocrx_word' id='word_1_428' title='bbox 709 1400 791 1435; x_wconf 82' lang='grc' dir='ltr'>αὐτῷ,</span> <span class='ocrx_word' id='word_1_429' title='bbox 799 1400 845 1427; x_wconf 84' lang='grc' dir='ltr'>καί</span> <span class='ocrx_word' id='word_1_430' title='bbox 853 1400 934 1435; x_wconf 89' lang='grc' dir='ltr'>χίλιαι</span> 
     </span>
    </p>
   </div>
   <div class='ocr_carea' id='block_1_53' title="bbox 146 1444 934 1482">
    <p class='ocr_par' dir='ltr' id='par_1_53' title="bbox 146 1444 934 1482">
     <span class='ocr_line' id='line_1_53' title="bbox 146 1444 934 1482; baseline 0.003 -11"><span class='ocrx_word' id='word_1_431' title='bbox 146 1444 264 1480; x_wconf 79' lang='grc' dir='ltr'><strong>χιλιάδες</strong></span> <span class='ocrx_word' id='word_1_432' title='bbox 277 1447 506 1482; x_wconf 79' lang='grc' dir='ltr'>παρειστήκεισαν</span> <span class='ocrx_word' id='word_1_433' title='bbox 519 1446 672 1482; x_wconf 75' lang='grc' dir='ltr'>ἔμπροσθεν</span> <span class='ocrx_word' id='word_1_434' title='bbox 687 1446 777 1473; x_wconf 80' lang='grc' dir='ltr'>αὑτοῦ.</span> <span class='ocrx_word' id='word_1_435' title='bbox 795 1456 803 1472; x_wconf 80' lang='grc' dir='ltr'><strong>ι</strong></span> <span class='ocrx_word' id='word_1_436' title='bbox 813 1444 847 1482; x_wconf 81' lang='grc' dir='ltr'>ᾭ</span> <span class='ocrx_word' id='word_1_437' title='bbox 864 1455 934 1481; x_wconf 88' lang='grc' dir='ltr'>συμ-</span> 
     </span>
    </p>
   </div>
   <div class='ocr_carea' id='block_1_54' title="bbox 147 1489 936 1528">
    <p class='ocr_par' dir='ltr' id='par_1_54' title="bbox 147 1489 936 1528">
     <span class='ocr_line' id='line_1_54' title="bbox 147 1489 936 1528; baseline 0 -10"><span class='ocrx_word' id='word_1_438' title='bbox 147 1489 243 1525; x_wconf 77' lang='grc' dir='ltr'>φώνως</span> <span class='ocrx_word' id='word_1_439' title='bbox 257 1491 302 1517; x_wconf 76' lang='grc' dir='ltr'><strong>καὶ</strong></span> <span class='ocrx_word' id='word_1_440' title='bbox 318 1491 365 1517; x_wconf 93' lang='grc' dir='ltr'><strong>νῦν</strong></span> <span class='ocrx_word' id='word_1_441' title='bbox 383 1491 521 1519; x_wconf 83' lang='grc' dir='ltr'>λέλεκται·</span> <span class='ocrx_word' id='word_1_442' title='bbox 539 1502 547 1517; x_wconf 78' lang='grc' dir='ltr'>ι</span> <span class='ocrx_word' id='word_1_443' title='bbox 560 1492 596 1518; x_wconf 88' lang='grc' dir='ltr'><strong>Τὸ</strong></span> <span class='ocrx_word' id='word_1_444' title='bbox 608 1493 683 1528; x_wconf 74' lang='grc' dir='ltr'>ἅρμα</span> <span class='ocrx_word' id='word_1_445' title='bbox 697 1492 743 1519; x_wconf 89' lang='grc' dir='ltr'><strong>τοῦ</strong></span> <span class='ocrx_word' id='word_1_446' title='bbox 758 1492 825 1519; x_wconf 82' lang='grc' dir='ltr'>Θεοῦ</span> <span class='ocrx_word' id='word_1_447' title='bbox 844 1502 936 1528; x_wconf 84' lang='grc' dir='ltr'>μυριο-</span> 
     </span>
    </p>
   </div>
   <div class='ocr_carea' id='block_1_55' title="bbox 146 1535 936 1573">
    <p class='ocr_par' dir='ltr' id='par_1_55' title="bbox 146 1535 936 1573">
     <span class='ocr_line' id='line_1_55' title="bbox 146 1535 936 1573; baseline 0.001 -10"><span class='ocrx_word' id='word_1_448' title='bbox 146 1537 271 1568; x_wconf 81' lang='grc' dir='ltr'>πλάσιον,</span> <span class='ocrx_word' id='word_1_449' title='bbox 290 1537 407 1572; x_wconf 80' lang='grc' dir='ltr'><strong>χιλιάδες</strong></span> <span class='ocrx_word' id='word_1_450' title='bbox 424 1537 618 1573; x_wconf 77' lang='grc' dir='ltr'>εὐθηνούντων.</span> <span class='ocrx_word' id='word_1_451' title='bbox 634 1548 642 1563; x_wconf 81' lang='grc' dir='ltr'><strong>ι</strong></span> <span class='ocrx_word' id='word_1_452' title='bbox 654 1538 722 1564; x_wconf 75' lang='lat' dir='ltr'><strong>&#39;Avli‘</strong></span> <span class='ocrx_word' id='word_1_453' title='bbox 737 1535 767 1565; x_wconf 74' lang='grc' dir='ltr'>οὗ</span> <span class='ocrx_word' id='word_1_454' title='bbox 788 1539 802 1564; x_wconf 85' lang='grc' dir='ltr'><strong><em>ὁ</em></strong></span> <span class='ocrx_word' id='word_1_455' title='bbox 823 1538 936 1573; x_wconf 83' lang='grc' dir='ltr'>Σύμμα-</span> 
     </span>
    </p>
   </div>
   <div class='ocr_carea' id='block_1_56' title="bbox 987 1303 1774 1332">
    <p class='ocr_par' dir='ltr' id='par_1_56' title="bbox 987 1303 1774 1332">
     <span class='ocr_line' id='line_1_56' title="bbox 987 1303 1774 1332; baseline 0.001 -1"><span class='ocrx_word' id='word_1_456' title='bbox 987 1311 1053 1331; x_wconf 83' lang='lat' dir='ltr'><strong>vero</strong></span> <span class='ocrx_word' id='word_1_457' title='bbox 1069 1303 1270 1331; x_wconf 87' lang='lat' dir='ltr'><strong>multitudinem</strong></span> <span class='ocrx_word' id='word_1_458' title='bbox 1292 1304 1320 1331; x_wconf 89' lang='lat' dir='ltr'><strong>in</strong></span> <span class='ocrx_word' id='word_1_459' title='bbox 1341 1304 1432 1332; x_wconf 88' lang='lat' dir='ltr'><strong>divina</strong></span> <span class='ocrx_word' id='word_1_460' title='bbox 1454 1313 1503 1332; x_wconf 87' lang='lat' dir='ltr'><strong>sua</strong></span> <span class='ocrx_word' id='word_1_461' title='bbox 1528 1305 1633 1332; x_wconf 82' lang='lat' dir='ltr'><strong>visione</strong></span> <span class='ocrx_word' id='word_1_462' title='bbox 1654 1305 1774 1332; x_wconf 77' lang='lat' dir='ltr'><strong>declarat</strong></span> 
     </span>
    </p>
   </div>
   <div class='ocr_carea' id='block_1_57' title="bbox 988 1349 1775 1382">
    <p class='ocr_par' dir='ltr' id='par_1_57' title="bbox 988 1349 1775 1382">
     <span class='ocr_line' id='line_1_57' title="bbox 988 1349 1775 1382; baseline 0.003 -6"><span class='ocrx_word' id='word_1_463' title='bbox 988 1349 1093 1382; x_wconf 86' lang='lat' dir='ltr'><strong>Daniel,</strong></span> <span class='ocrx_word' id='word_1_464' title='bbox 1108 1350 1201 1378; x_wconf 90' lang='lat' dir='ltr'><strong>dicens</strong></span> <span class='ocrx_word' id='word_1_465' title='bbox 1217 1362 1223 1378; x_wconf 90' lang='lat'><strong>:</strong></span> <span class='ocrx_word' id='word_1_466' title='bbox 1246 1360 1254 1376; x_wconf 82' lang='grc' dir='ltr'><strong>ι</strong></span> <span class='ocrx_word' id='word_1_467' title='bbox 1270 1350 1365 1378; x_wconf 86' lang='lat' dir='ltr'><strong>Decies</strong></span> <span class='ocrx_word' id='word_1_468' title='bbox 1382 1351 1480 1379; x_wconf 89' lang='lat' dir='ltr'><strong>millies</strong></span> <span class='ocrx_word' id='word_1_469' title='bbox 1498 1352 1567 1379; x_wconf 83' lang='lat' dir='ltr'><strong>dena</strong></span> <span class='ocrx_word' id='word_1_470' title='bbox 1587 1352 1670 1378; x_wconf 84' lang='lat' dir='ltr'><strong>millia</strong></span> <span class='ocrx_word' id='word_1_471' title='bbox 1693 1352 1775 1379; x_wconf 90' lang='lat' dir='ltr'><strong>mini-</strong></span> 
     </span>
    </p>
   </div>
   <div class='ocr_carea' id='block_1_58' title="bbox 988 1401 1774 1437">
    <p class='ocr_par' dir='ltr' id='par_1_58' title="bbox 988 1401 1774 1437">
     <span class='ocr_line' id='line_1_58' title="bbox 988 1401 1774 1437; baseline 0 -8"><span class='ocrx_word' id='word_1_472' title='bbox 988 1401 1112 1429; x_wconf 83' lang='lat' dir='ltr'><strong>strabant</strong></span> <span class='ocrx_word' id='word_1_473' title='bbox 1125 1401 1160 1433; x_wconf 83' lang='lat' dir='ltr'><strong>ei,</strong></span> <span class='ocrx_word' id='word_1_474' title='bbox 1173 1405 1200 1428; x_wconf 91' lang='lat' dir='ltr'><strong>et</strong></span> <span class='ocrx_word' id='word_1_475' title='bbox 1211 1401 1296 1428; x_wconf 90' lang='lat' dir='ltr'><strong>millia</strong></span> <span class='ocrx_word' id='word_1_476' title='bbox 1312 1401 1428 1428; x_wconf 87' lang='lat' dir='ltr'><strong>millium</strong></span> <span class='ocrx_word' id='word_1_477' title='bbox 1442 1402 1568 1429; x_wconf 87' lang='lat' dir='ltr'><strong>astabant</strong></span> <span class='ocrx_word' id='word_1_478' title='bbox 1585 1401 1613 1428; x_wconf 89' lang='lat' dir='ltr'><strong>in</strong></span> <span class='ocrx_word' id='word_1_479' title='bbox 1626 1406 1774 1437; x_wconf 78' lang='lat' dir='ltr'><strong>conspectu</strong></span> 
     </span>
    </p>
   </div>
   <div class='ocr_carea' id='block_1_59' title="bbox 988 1447 1776 1481">
    <p class='ocr_par' dir='ltr' id='par_1_59' title="bbox 988 1447 1776 1481">
     <span class='ocr_line' id='line_1_59' title="bbox 988 1447 1776 1481; baseline 0.001 -7"><span class='ocrx_word' id='word_1_480' title='bbox 988 1448 1049 1481; x_wconf 81' lang='lat' dir='ltr'><strong>ejus</strong></span> <span class='ocrx_word' id='word_1_481' title='bbox 1064 1448 1097 1476; x_wconf 82' lang='lat'><strong>&quot;.</strong></span> <span class='ocrx_word' id='word_1_482' title='bbox 1116 1457 1125 1474; x_wconf 81' lang='grc' dir='ltr'><strong>ι</strong></span> <span class='ocrx_word' id='word_1_483' title='bbox 1145 1447 1194 1475; x_wconf 88' lang='lat' dir='ltr'><strong>Cui</strong></span> <span class='ocrx_word' id='word_1_484' title='bbox 1207 1447 1308 1475; x_wconf 88' lang='lat' dir='ltr'><strong>accinit</strong></span> <span class='ocrx_word' id='word_1_485' title='bbox 1322 1448 1367 1474; x_wconf 88' lang='lat' dir='ltr'><strong>hic</strong></span> <span class='ocrx_word' id='word_1_486' title='bbox 1381 1448 1457 1475; x_wconf 84' lang='lat' dir='ltr'><strong>locus</strong></span> <span class='ocrx_word' id='word_1_487' title='bbox 1473 1457 1479 1474; x_wconf 89' lang='lat'><strong>:</strong></span> <span class='ocrx_word' id='word_1_488' title='bbox 1501 1458 1511 1473; x_wconf 74' lang='grc' dir='ltr'><strong>ι</strong></span> <span class='ocrx_word' id='word_1_489' title='bbox 1530 1448 1634 1476; x_wconf 84' lang='lat' dir='ltr'><strong>Currus</strong></span> <span class='ocrx_word' id='word_1_490' title='bbox 1646 1448 1691 1476; x_wconf 89' lang='lat' dir='ltr'><strong>Dei</strong></span> <span class='ocrx_word' id='word_1_491' title='bbox 1707 1449 1776 1475; x_wconf 90' lang='lat' dir='ltr'><strong>mul-</strong></span> 
     </span>
    </p>
   </div>
   <div class='ocr_carea' id='block_1_60' title="bbox 989 1494 1775 1530">
    <p class='ocr_par' dir='ltr' id='par_1_60' title="bbox 989 1494 1775 1530">
     <span class='ocr_line' id='line_1_60' title="bbox 989 1494 1775 1530; baseline 0.003 -10"><span class='ocrx_word' id='word_1_492' title='bbox 989 1494 1072 1529; x_wconf 76' lang='lat' dir='ltr'><strong>tiplex</strong></span> <span class='ocrx_word' id='word_1_493' title='bbox 1088 1494 1172 1521; x_wconf 89' lang='lat' dir='ltr'><strong>millia</strong></span> <span class='ocrx_word' id='word_1_494' title='bbox 1192 1494 1352 1522; x_wconf 54' lang='lat' dir='ltr'><strong>laetantium.</strong></span> <span class='ocrx_word' id='word_1_495' title='bbox 1368 1503 1378 1520; x_wconf 75' lang='grc' dir='ltr'><strong>ι</strong></span> <span class='ocrx_word' id='word_1_496' title='bbox 1404 1494 1457 1521; x_wconf 86' lang='lat' dir='ltr'><strong>Pro</strong></span> <span class='ocrx_word' id='word_1_497' title='bbox 1473 1501 1527 1528; x_wconf 92' lang='lat' dir='ltr'><strong>quo</strong></span> <span class='ocrx_word' id='word_1_498' title='bbox 1542 1494 1721 1530; x_wconf 69' lang='lat' dir='ltr'><strong>Symmachus</strong></span> <span class='ocrx_word' id='word_1_499' title='bbox 1735 1495 1775 1522; x_wconf 90' lang='lat' dir='ltr'><strong>sic</strong></span> 
     </span>
    </p>
   </div>
   <div class='ocr_carea' id='block_1_61' title="bbox 989 1539 1775 1576">
    <p class='ocr_par' dir='ltr' id='par_1_61' title="bbox 989 1539 1775 1576">
     <span class='ocr_line' id='line_1_61' title="bbox 989 1539 1775 1576; baseline -0.003 -8"><span class='ocrx_word' id='word_1_500' title='bbox 989 1541 1195 1576; x_wconf 89' lang='lat' dir='ltr'><strong>interpretatur,</strong></span> <span class='ocrx_word' id='word_1_501' title='bbox 1213 1540 1347 1568; x_wconf 73' lang='lat' dir='ltr'><strong>tVectura</strong></span> <span class='ocrx_word' id='word_1_502' title='bbox 1361 1540 1409 1567; x_wconf 85' lang='lat' dir='ltr'><strong>Dei</strong></span> <span class='ocrx_word' id='word_1_503' title='bbox 1424 1540 1557 1567; x_wconf 88' lang='lat' dir='ltr'><strong>denorum</strong></span> <span class='ocrx_word' id='word_1_504' title='bbox 1571 1539 1696 1573; x_wconf 83' lang='lat' dir='ltr'><strong>millium,</strong></span> <span class='ocrx_word' id='word_1_505' title='bbox 1714 1540 1775 1567; x_wconf 91' lang='lat' dir='ltr'><strong>mil-</strong></span> 
     </span>
    </p>
   </div>
   <div class='ocr_carea' id='block_1_62' title="bbox 146 1583 936 1627">
    <p class='ocr_par' dir='ltr' id='par_1_62' title="bbox 146 1583 936 1627">
     <span class='ocr_line' id='line_1_62' title="bbox 146 1583 936 1627; baseline 0.003 -18"><span class='ocrx_word' id='word_1_506' title='bbox 146 1592 193 1619; x_wconf 86' lang='grc' dir='ltr'><strong>χος</strong></span> <span class='ocrx_word' id='word_1_507' title='bbox 206 1584 392 1620; x_wconf 82' lang='grc' dir='ltr'>ήρμήνευσεν·</span> <span class='ocrx_word' id='word_1_508' title='bbox 409 1583 539 1619; x_wconf 79' lang='grc' dir='ltr'>(Ὀχησις</span> <span class='ocrx_word' id='word_1_509' title='bbox 552 1583 597 1610; x_wconf 88' lang='grc' dir='ltr'><strong>τοῦ</strong></span> <span class='ocrx_word' id='word_1_510' title='bbox 609 1583 676 1610; x_wconf 83' lang='grc' dir='ltr'>Θεοῦ</span> <span class='ocrx_word' id='word_1_511' title='bbox 689 1584 834 1619; x_wconf 77' lang='grc' dir='ltr'><strong>μυριάδων,</strong></span> <span class='ocrx_word' id='word_1_512' title='bbox 850 1584 936 1627; x_wconf 71' lang='grc' dir='ltr'>χιλιά-</span> 
     </span>
    </p>
   </div>
   <div class='ocr_carea' id='block_1_63' title="bbox 987 1583 1774 1627">
    <p class='ocr_par' dir='ltr' id='par_1_63' title="bbox 989 1586 1774 1620">
     <span class='ocr_line' id='line_1_63' title="bbox 989 1586 1774 1620; baseline -0.003 -5"><span class='ocrx_word' id='word_1_513' title='bbox 989 1588 1024 1615; x_wconf 91' lang='lat' dir='ltr'><strong>lia</strong></span> <span class='ocrx_word' id='word_1_514' title='bbox 1041 1587 1208 1616; x_wconf 84' lang='lat' dir='ltr'><strong>sonantium.</strong></span> <span class='ocrx_word' id='word_1_515' title='bbox 1226 1596 1235 1612; x_wconf 86' lang='grc'><strong>›</strong></span> <span class='ocrx_word' id='word_1_516' title='bbox 1256 1586 1326 1620; x_wconf 84' lang='lat' dir='ltr'><strong>Quid</strong></span> <span class='ocrx_word' id='word_1_517' title='bbox 1342 1586 1419 1619; x_wconf 87' lang='lat' dir='ltr'><strong>illud,</strong></span> <span class='ocrx_word' id='word_1_518' title='bbox 1436 1595 1445 1611; x_wconf 75' lang='grc' dir='ltr'>ι</span> <span class='ocrx_word' id='word_1_519' title='bbox 1457 1586 1641 1617; x_wconf 67' lang='lat' dir='ltr'><strong>sonantium,»</strong></span> <span class='ocrx_word' id='word_1_520' title='bbox 1658 1586 1711 1613; x_wconf 90' lang='lat' dir='ltr'><strong>nisi</strong></span> <span class='ocrx_word' id='word_1_521' title='bbox 1724 1594 1774 1613; x_wconf 81' lang='lat' dir='ltr'><strong>vo-</strong></span> 
     </span>
    </p>
   </div>
   <div class='ocr_carea' id='block_1_64' title="bbox 147 1630 935 1666">
    <p class='ocr_par' dir='ltr' id='par_1_64' title="bbox 147 1630 935 1666">
     <span class='ocr_line' id='line_1_64' title="bbox 147 1630 935 1666; baseline 0.001 -9"><span class='ocrx_word' id='word_1_522' title='bbox 147 1631 191 1662; x_wconf 83' lang='grc' dir='ltr'>δες</span> <span class='ocrx_word' id='word_1_523' title='bbox 216 1630 365 1666; x_wconf 71' lang='grc' dir='ltr'>ἠχούντων,</span> <span class='ocrx_word' id='word_1_524' title='bbox 380 1639 389 1656; x_wconf 81' lang='grc' dir='ltr'><strong>ι</strong></span> <span class='ocrx_word' id='word_1_525' title='bbox 410 1630 442 1657; x_wconf 89' lang='grc' dir='ltr'><strong>Τί</strong></span> <span class='ocrx_word' id='word_1_526' title='bbox 467 1630 495 1656; x_wconf 80' lang='grc' dir='ltr'><strong>δὲ</strong></span> <span class='ocrx_word' id='word_1_527' title='bbox 513 1640 521 1655; x_wconf 78' lang='grc' dir='ltr'><strong>ι</strong></span> <span class='ocrx_word' id='word_1_528' title='bbox 537 1630 673 1666; x_wconf 71' lang='grc' dir='ltr'>ἠχούντων</span> <span class='ocrx_word' id='word_1_529' title='bbox 689 1640 697 1655; x_wconf 77' lang='grc' dir='ltr'><strong>ι</strong></span> <span class='ocrx_word' id='word_1_530' title='bbox 713 1631 729 1666; x_wconf 86' lang='grc' dir='ltr'>ἢ</span> <span class='ocrx_word' id='word_1_531' title='bbox 754 1631 861 1662; x_wconf 77' lang='grc' dir='ltr'>πάντως</span> <span class='ocrx_word' id='word_1_532' title='bbox 885 1640 935 1658; x_wconf 86' lang='grc' dir='ltr'>που</span> 
     </span>
    </p>
   </div>
   <div class='ocr_carea' id='block_1_65' title="bbox 147 1675 937 1713">
    <p class='ocr_par' dir='ltr' id='par_1_65' title="bbox 147 1675 937 1713">
     <span class='ocr_line' id='line_1_65' title="bbox 147 1675 937 1713; baseline 0.001 -10"><span class='ocrx_word' id='word_1_533' title='bbox 147 1676 240 1712; x_wconf 77' lang='grc' dir='ltr'>φωνὰς</span> <span class='ocrx_word' id='word_1_534' title='bbox 257 1677 370 1713; x_wconf 82' lang='grc' dir='ltr'><strong>πλήρεις</strong></span> <span class='ocrx_word' id='word_1_535' title='bbox 384 1677 535 1711; x_wconf 79' lang='grc' dir='ltr'>δοξολογίας</span> <span class='ocrx_word' id='word_1_536' title='bbox 552 1677 598 1703; x_wconf 75' lang='grc' dir='ltr'><strong>καὶ</strong></span> <span class='ocrx_word' id='word_1_537' title='bbox 612 1677 765 1711; x_wconf 83' lang='grc' dir='ltr'>Θεολογίας;</span> <span class='ocrx_word' id='word_1_538' title='bbox 782 1675 832 1704; x_wconf 74' lang='grc' dir='ltr'><strong>Οἷα</strong></span> <span class='ocrx_word' id='word_1_539' title='bbox 844 1677 890 1704; x_wconf 72' lang='grc' dir='ltr'><strong>καὶ</strong></span> <span class='ocrx_word' id='word_1_540' title='bbox 902 1678 937 1705; x_wconf 83' lang='grc' dir='ltr'>τὰ</span> 
     </span>
    </p>
   </div>
   <div class='ocr_carea' id='block_1_66' title="bbox 148 1723 937 1759">
    <p class='ocr_par' dir='ltr' id='par_1_66' title="bbox 148 1723 937 1759">
     <span class='ocr_line' id='line_1_66' title="bbox 148 1723 937 1759; baseline 0.001 -10"><span class='ocrx_word' id='word_1_541' title='bbox 148 1723 284 1758; x_wconf 76' lang='grc' dir='ltr'>σεραφεὶμ</span> <span class='ocrx_word' id='word_1_542' title='bbox 296 1723 503 1759; x_wconf 79' lang='grc' dir='ltr'>ἀναγέγραπται</span> <span class='ocrx_word' id='word_1_543' title='bbox 517 1723 592 1759; x_wconf 83' lang='grc' dir='ltr'>παρὰ</span> <span class='ocrx_word' id='word_1_544' title='bbox 606 1723 644 1758; x_wconf 87' lang='grc' dir='ltr'><strong>τῷ</strong></span> <span class='ocrx_word' id='word_1_545' title='bbox 662 1723 760 1759; x_wconf 61' lang='grc' dir='ltr'>Ἡσαΐᾳ</span> <span class='ocrx_word' id='word_1_546' title='bbox 776 1723 878 1758; x_wconf 77' lang='grc' dir='ltr'>βοῶντα</span> <span class='ocrx_word' id='word_1_547' title='bbox 891 1724 937 1750; x_wconf 80' lang='grc' dir='ltr'><strong>καὶ</strong></span> 
     </span>
    </p>
   </div>
   <div class='ocr_carea' id='block_1_67' title="bbox 147 1768 937 1805">
    <p class='ocr_par' dir='ltr' id='par_1_67' title="bbox 147 1768 937 1805">
     <span class='ocr_line' id='line_1_67' title="bbox 147 1768 937 1805; baseline 0.001 -11"><span class='ocrx_word' id='word_1_548' title='bbox 147 1768 275 1803; x_wconf 81' lang='grc' dir='ltr'>λέγοντα·</span> <span class='ocrx_word' id='word_1_549' title='bbox 291 1769 413 1802; x_wconf 71' lang='grc' dir='ltr'>(Ἄγιος,</span> <span class='ocrx_word' id='word_1_550' title='bbox 426 1769 512 1802; x_wconf 77' lang='grc' dir='ltr'>ἅγιος,</span> <span class='ocrx_word' id='word_1_551' title='bbox 529 1769 605 1803; x_wconf 76' lang='grc' dir='ltr'>ἅγιος</span> <span class='ocrx_word' id='word_1_552' title='bbox 618 1768 719 1804; x_wconf 81' lang='grc' dir='ltr'>Κύριος</span> <span class='ocrx_word' id='word_1_553' title='bbox 734 1769 857 1802; x_wconf 77' lang='grc' dir='ltr'>Σαῦαὼθ,</span> <span class='ocrx_word' id='word_1_554' title='bbox 869 1769 937 1805; x_wconf 76' lang='grc' dir='ltr'>πλή-</span> 
     </span>
    </p>
   </div>
   <div class='ocr_carea' id='block_1_68' title="bbox 149 1806 937 1850">
    <p class='ocr_par' dir='ltr' id='par_1_68' title="bbox 149 1806 937 1850">
     <span class='ocr_line' id='line_1_68' title="bbox 149 1806 937 1850; baseline 0.001 -9"><span class='ocrx_word' id='word_1_555' title='bbox 149 1823 200 1850; x_wconf 89' lang='grc' dir='ltr'><strong>ρης</strong></span> <span class='ocrx_word' id='word_1_556' title='bbox 216 1815 292 1841; x_wconf 76' lang='grc' dir='ltr'>πᾶσα</span> <span class='ocrx_word' id='word_1_557' title='bbox 305 1815 321 1850; x_wconf 81' lang='grc' dir='ltr'>ἡ</span> <span class='ocrx_word' id='word_1_558' title='bbox 335 1806 373 1850; x_wconf 78' lang='grc' dir='ltr'><strong>γῆ</strong></span> <span class='ocrx_word' id='word_1_559' title='bbox 384 1815 434 1849; x_wconf 79' lang='grc' dir='ltr'><strong>τῆς</strong></span> <span class='ocrx_word' id='word_1_560' title='bbox 443 1815 522 1850; x_wconf 82' lang='grc' dir='ltr'>δόξης</span> <span class='ocrx_word' id='word_1_561' title='bbox 532 1815 623 1842; x_wconf 71' lang='grc' dir='ltr'>αὐτοῦ.</span> <span class='ocrx_word' id='word_1_562' title='bbox 639 1825 648 1840; x_wconf 74' lang='grc' dir='ltr'><strong>ι</strong></span> <span class='ocrx_word' id='word_1_563' title='bbox 659 1816 702 1841; x_wconf 87' lang='grc' dir='ltr'>Ὲν</span> <span class='ocrx_word' id='word_1_564' title='bbox 713 1815 823 1847; x_wconf 79' lang='grc' dir='ltr'>ταύταις</span> <span class='ocrx_word' id='word_1_565' title='bbox 834 1816 862 1842; x_wconf 84' lang='grc' dir='ltr'><strong>δὲ</strong></span> <span class='ocrx_word' id='word_1_566' title='bbox 877 1817 937 1848; x_wconf 86' lang='grc' dir='ltr'>ταῖς</span> 
     </span>
    </p>
   </div>
   <div class='ocr_carea' id='block_1_69' title="bbox 148 1860 937 1897">
    <p class='ocr_par' dir='ltr' id='par_1_69' title="bbox 148 1860 937 1897">
     <span class='ocr_line' id='line_1_69' title="bbox 148 1860 937 1897; baseline 0.003 -11"><span class='ocrx_word' id='word_1_567' title='bbox 148 1860 250 1895; x_wconf 76' lang='grc' dir='ltr'>χιλιάσι</span> <span class='ocrx_word' id='word_1_568' title='bbox 281 1860 329 1888; x_wconf 81' lang='grc' dir='ltr'>καὶ</span> <span class='ocrx_word' id='word_1_569' title='bbox 353 1862 414 1892; x_wconf 84' lang='grc' dir='ltr'>ταῖς</span> <span class='ocrx_word' id='word_1_570' title='bbox 441 1861 553 1896; x_wconf 76' lang='grc' dir='ltr'>μυριάσι</span> <span class='ocrx_word' id='word_1_571' title='bbox 574 1863 634 1893; x_wconf 85' lang='grc' dir='ltr'>ταῖς</span> <span class='ocrx_word' id='word_1_572' title='bbox 661 1862 877 1897; x_wconf 79' lang='grc' dir='ltr'>ὑπεζευγμέναις</span> <span class='ocrx_word' id='word_1_573' title='bbox 898 1862 937 1897; x_wconf 83' lang='grc' dir='ltr'>τῷ</span> 
     </span>
    </p>
   </div>
   <div class='ocr_carea' id='block_1_70' title="bbox 148 1906 938 1944">
    <p class='ocr_par' dir='ltr' id='par_1_70' title="bbox 148 1906 938 1944">
     <span class='ocr_line' id='line_1_70' title="bbox 148 1906 938 1944; baseline 0.003 -11"><span class='ocrx_word' id='word_1_574' title='bbox 148 1907 251 1943; x_wconf 76' lang='grc' dir='ltr'>ἅρματι</span> <span class='ocrx_word' id='word_1_575' title='bbox 265 1906 312 1933; x_wconf 84' lang='grc' dir='ltr'><strong>τοῦ</strong></span> <span class='ocrx_word' id='word_1_576' title='bbox 328 1906 396 1933; x_wconf 87' lang='grc' dir='ltr'>Θεοῦ</span> <span class='ocrx_word' id='word_1_577' title='bbox 417 1908 464 1934; x_wconf 74' lang='grc' dir='ltr'><strong>καὶ</strong></span> <span class='ocrx_word' id='word_1_578' title='bbox 478 1907 558 1939; x_wconf 83' lang='grc' dir='ltr'>αὐτὸς</span> <span class='ocrx_word' id='word_1_579' title='bbox 578 1908 592 1934; x_wconf 85' lang='grc' dir='ltr'><strong>ὸ</strong></span> <span class='ocrx_word' id='word_1_580' title='bbox 610 1907 711 1943; x_wconf 85' lang='grc' dir='ltr'>Κύριος</span> <span class='ocrx_word' id='word_1_581' title='bbox 725 1908 805 1943; x_wconf 76' lang='grc' dir='ltr'>μέσος</span> <span class='ocrx_word' id='word_1_582' title='bbox 825 1909 938 1944; x_wconf 81' lang='grc' dir='ltr'>ἐμπολι-</span> 
     </span>
    </p>
   </div>
   <div class='ocr_carea' id='block_1_71' title="bbox 147 1951 937 1994">
    <p class='ocr_par' dir='ltr' id='par_1_71' title="bbox 147 1951 937 1994">
     <span class='ocr_line' id='line_1_71' title="bbox 147 1951 937 1994; baseline 0.004 -16"><span class='ocrx_word' id='word_1_583' title='bbox 147 1953 266 1986; x_wconf 77' lang='grc' dir='ltr'>τεύεται,</span> <span class='ocrx_word' id='word_1_584' title='bbox 283 1951 377 1988; x_wconf 79' lang='grc' dir='ltr'>ὥσπερ</span> <span class='ocrx_word' id='word_1_585' title='bbox 391 1953 506 1988; x_wconf 82' lang='grc' dir='ltr'>ἡνιοχῶν</span> <span class='ocrx_word' id='word_1_586' title='bbox 520 1953 605 1994; x_wconf 58' lang='grc' dir='ltr'>αὐτὰς</span> <span class='ocrx_word' id='word_1_587' title='bbox 619 1955 665 1980; x_wconf 70' lang='grc' dir='ltr'><strong>καὶ</strong></span> <span class='ocrx_word' id='word_1_588' title='bbox 677 1954 716 1989; x_wconf 86' lang='grc' dir='ltr'><strong>τῷ</strong></span> <span class='ocrx_word' id='word_1_589' title='bbox 733 1954 870 1990; x_wconf 82' lang='grc' dir='ltr'>Πνεύματι</span> <span class='ocrx_word' id='word_1_590' title='bbox 885 1963 937 1981; x_wconf 81' lang='grc' dir='ltr'><strong>πα-</strong></span> 
     </span>
    </p>
   </div>
   <div class='ocr_carea' id='block_1_72' title="bbox 148 1995 933 2036">
    <p class='ocr_par' dir='ltr' id='par_1_72' title="bbox 148 1995 933 2036">
     <span class='ocr_line' id='line_1_72' title="bbox 148 1995 933 2036; baseline 0.003 -11"><span class='ocrx_word' id='word_1_591' title='bbox 148 1995 336 2034; x_wconf 72' lang='grc' dir='ltr'>ρασκευάζων.</span> <span class='ocrx_word' id='word_1_592' title='bbox 360 1999 406 2025; x_wconf 83' lang='grc' dir='ltr'>Διὸ</span> <span class='ocrx_word' id='word_1_593' title='bbox 427 1999 591 2034; x_wconf 73' lang='grc' dir='ltr'>ἐπιλέγεται,</span> <span class='ocrx_word' id='word_1_594' title='bbox 614 2000 736 2036; x_wconf 81' lang='grc' dir='ltr'>«Κύριος</span> <span class='ocrx_word' id='word_1_595' title='bbox 756 2001 784 2027; x_wconf 84' lang='grc' dir='ltr'>ὲν</span> <span class='ocrx_word' id='word_1_596' title='bbox 809 1998 933 2032; x_wconf 68' lang='grc' dir='ltr'>αὑτοῖς.ἰ</span> 
     </span>
    </p>
   </div>
   <div class='ocr_carea' id='block_1_73' title="bbox 148 2044 938 2081">
    <p class='ocr_par' dir='ltr' id='par_1_73' title="bbox 148 2044 938 2081">
     <span class='ocr_line' id='line_1_73' title="bbox 148 2044 938 2081; baseline 0.001 -10"><span class='ocrx_word' id='word_1_597' title='bbox 148 2044 227 2076; x_wconf 84' lang='grc' dir='ltr'>[Ιοϊος</span> <span class='ocrx_word' id='word_1_598' title='bbox 243 2044 273 2071; x_wconf 81' lang='grc' dir='ltr'><strong>δὲ</strong></span> <span class='ocrx_word' id='word_1_599' title='bbox 289 2044 401 2080; x_wconf 88' lang='grc' dir='ltr'>Κύριος,</span> <span class='ocrx_word' id='word_1_600' title='bbox 417 2045 543 2080; x_wconf 84' lang='grc' dir='ltr'>σημαίνει</span> <span class='ocrx_word' id='word_1_601' title='bbox 558 2045 660 2081; x_wconf 86' lang='grc' dir='ltr'>προῖὼν</span> <span class='ocrx_word' id='word_1_602' title='bbox 672 2047 718 2073; x_wconf 73' lang='grc' dir='ltr'>καὶ</span> <span class='ocrx_word' id='word_1_603' title='bbox 730 2046 854 2081; x_wconf 71' lang='grc' dir='ltr'>φάσκων·</span> <span class='ocrx_word' id='word_1_604' title='bbox 873 2055 882 2072; x_wconf 77' lang='grc' dir='ltr'>ι</span> <span class='ocrx_word' id='word_1_605' title='bbox 893 2046 938 2072; x_wconf 87' lang='grc' dir='ltr'>Ἐν</span> 
     </span>
    </p>
   </div>
   <div class='ocr_carea' id='block_1_74' title="bbox 149 2090 939 2128">
    <p class='ocr_par' dir='ltr' id='par_1_74' title="bbox 149 2090 939 2128">
     <span class='ocr_line' id='line_1_74' title="bbox 149 2090 939 2128; baseline 0.001 -11"><span class='ocrx_word' id='word_1_606' title='bbox 149 2090 224 2118; x_wconf 75' lang='grc' dir='ltr'>Σινατ</span> <span class='ocrx_word' id='word_1_607' title='bbox 239 2092 268 2117; x_wconf 80' lang='grc' dir='ltr'>ὲν</span> <span class='ocrx_word' id='word_1_608' title='bbox 282 2091 322 2127; x_wconf 85' lang='grc' dir='ltr'>τῷ</span> <span class='ocrx_word' id='word_1_609' title='bbox 335 2091 415 2126; x_wconf 82' lang='grc' dir='ltr'><strong>ἁγίῳ.</strong></span> <span class='ocrx_word' id='word_1_610' title='bbox 431 2101 441 2116; x_wconf 70' lang='grc' dir='ltr'><strong>ι</strong></span> <span class='ocrx_word' id='word_1_611' title='bbox 455 2091 541 2123; x_wconf 74' lang='grc' dir='ltr'>Αὐτὸς</span> <span class='ocrx_word' id='word_1_612' title='bbox 554 2091 608 2127; x_wconf 84' lang='grc' dir='ltr'><strong>γὰρ</strong></span> <span class='ocrx_word' id='word_1_613' title='bbox 625 2093 736 2124; x_wconf 69' lang='grc' dir='ltr'>ἐκεῖνος,</span> <span class='ocrx_word' id='word_1_614' title='bbox 754 2093 848 2128; x_wconf 70' lang='grc' dir='ltr'>φησὶν,</span> <span class='ocrx_word' id='word_1_615' title='bbox 860 2093 874 2119; x_wconf 82' lang='grc' dir='ltr'>ὁ</span> <span class='ocrx_word' id='word_1_616' title='bbox 886 2091 939 2118; x_wconf 74' lang='grc' dir='ltr'><strong>Κύ-</strong></span> 
     </span>
    </p>
   </div>
   <div class='ocr_carea' id='block_1_75' title="bbox 148 2135 938 2174">
    <p class='ocr_par' dir='ltr' id='par_1_75' title="bbox 148 2135 938 2174">
     <span class='ocr_line' id='line_1_75' title="bbox 148 2135 938 2174; baseline 0.003 -11"><span class='ocrx_word' id='word_1_617' title='bbox 148 2146 206 2173; x_wconf 81' lang='grc' dir='ltr'>ριος</span> <span class='ocrx_word' id='word_1_618' title='bbox 224 2138 239 2163; x_wconf 83' lang='grc' dir='ltr'><strong>ό</strong></span> <span class='ocrx_word' id='word_1_619' title='bbox 260 2138 290 2164; x_wconf 84' lang='grc' dir='ltr'>ὲν</span> <span class='ocrx_word' id='word_1_620' title='bbox 313 2137 389 2164; x_wconf 80' lang='grc' dir='ltr'>Σιναῒ</span> <span class='ocrx_word' id='word_1_621' title='bbox 405 2137 444 2173; x_wconf 81' lang='grc' dir='ltr'><strong>τῷ</strong></span> <span class='ocrx_word' id='word_1_622' title='bbox 457 2138 527 2174; x_wconf 84' lang='grc' dir='ltr'>ἁγίῳ</span> <span class='ocrx_word' id='word_1_623' title='bbox 543 2138 600 2173; x_wconf 74' lang='grc' dir='ltr'>ὄρει</span> <span class='ocrx_word' id='word_1_624' title='bbox 614 2138 722 2172; x_wconf 67' lang='grc' dir='ltr'>ὀφθείςθ</span> <span class='ocrx_word' id='word_1_625' title='bbox 740 2137 774 2174; x_wconf 81' lang='grc' dir='ltr'>ἧν</span> <span class='ocrx_word' id='word_1_626' title='bbox 790 2139 817 2165; x_wconf 79' lang='grc' dir='ltr'>δὲ</span> <span class='ocrx_word' id='word_1_627' title='bbox 833 2135 910 2170; x_wconf 70' lang='grc' dir='ltr'>οὗτος</span> <span class='ocrx_word' id='word_1_628' title='bbox 924 2140 938 2164; x_wconf 83' lang='grc' dir='ltr'>ὁ</span> 
     </span>
    </p>
   </div>
   <div class='ocr_carea' id='block_1_76' title="bbox 146 2182 937 2220">
    <p class='ocr_par' dir='ltr' id='par_1_76' title="bbox 146 2182 937 2220">
     <span class='ocr_line' id='line_1_76' title="bbox 146 2182 937 2220; baseline 0.001 -10"><span class='ocrx_word' id='word_1_629' title='bbox 146 2182 194 2210; x_wconf 81' lang='grc' dir='ltr'><strong>τοῦ</strong></span> <span class='ocrx_word' id='word_1_630' title='bbox 212 2183 280 2213; x_wconf 82' lang='grc' dir='ltr'>Θεοῦ</span> <span class='ocrx_word' id='word_1_631' title='bbox 293 2183 390 2218; x_wconf 84' lang='grc' dir='ltr'><strong>Λόγος,</strong></span> <span class='ocrx_word' id='word_1_632' title='bbox 407 2184 507 2220; x_wconf 82' lang='grc' dir='ltr'>δηλαδὴ</span> <span class='ocrx_word' id='word_1_633' title='bbox 530 2186 585 2216; x_wconf 87' lang='grc' dir='ltr'>τοῖς</span> <span class='ocrx_word' id='word_1_634' title='bbox 607 2185 659 2211; x_wconf 78' lang='grc' dir='ltr'><strong>ὑπὸ</strong></span> <span class='ocrx_word' id='word_1_635' title='bbox 675 2185 705 2210; x_wconf 80' lang='grc' dir='ltr'><strong>τὸ</strong></span> <span class='ocrx_word' id='word_1_636' title='bbox 718 2185 794 2220; x_wconf 81' lang='grc' dir='ltr'>ἅρμα</span> <span class='ocrx_word' id='word_1_637' title='bbox 808 2185 854 2211; x_wconf 83' lang='grc' dir='ltr'><strong>τοῦ</strong></span> <span class='ocrx_word' id='word_1_638' title='bbox 870 2184 937 2211; x_wconf 87' lang='grc' dir='ltr'>Θεοῦ</span> 
     </span>
    </p>
   </div>
   <div class='ocr_carea' id='block_1_77' title="bbox 146 2228 936 2266">
    <p class='ocr_par' dir='ltr' id='par_1_77' title="bbox 146 2228 936 2266">
     <span class='ocr_line' id='line_1_77' title="bbox 146 2228 936 2266; baseline 0 -10"><span class='ocrx_word' id='word_1_639' title='bbox 146 2228 332 2264; x_wconf 72' lang='grc' dir='ltr'>ἐζευγμένοις.</span> <span class='ocrx_word' id='word_1_640' title='bbox 343 2230 388 2256; x_wconf 89' lang='grc' dir='ltr'><strong>Διδ</strong></span> <span class='ocrx_word' id='word_1_641' title='bbox 394 2230 424 2256; x_wconf 84' lang='grc' dir='ltr'>οὐ</span> <span class='ocrx_word' id='word_1_642' title='bbox 435 2229 472 2265; x_wconf 81' lang='grc' dir='ltr'>τῷ</span> <span class='ocrx_word' id='word_1_643' title='bbox 479 2230 562 2266; x_wconf 66' lang='lat' dir='ltr'><strong>[n&#39;nt]</strong></span> <span class='ocrx_word' id='word_1_644' title='bbox 571 2230 775 2266; x_wconf 80' lang='grc' dir='ltr'>τετραγράμμῳ</span> <span class='ocrx_word' id='word_1_645' title='bbox 782 2230 912 2265; x_wconf 81' lang='grc' dir='ltr'>κέχρηται</span> <span class='ocrx_word' id='word_1_646' title='bbox 920 2231 936 2265; x_wconf 82' lang='grc' dir='ltr'>ἡ</span> 
     </span>
    </p>
   </div>
   <div class='ocr_carea' id='block_1_78' title="bbox 152 2274 937 2312">
    <p class='ocr_par' dir='ltr' id='par_1_78' title="bbox 152 2274 937 2312">
     <span class='ocr_line' id='line_1_78' title="bbox 152 2274 937 2312; baseline 0 -10"><span class='ocrx_word' id='word_1_647' title='bbox 152 2274 283 2311; x_wconf 74' lang='grc' dir='ltr'>Ἐϐραῑκὴ</span> <span class='ocrx_word' id='word_1_648' title='bbox 300 2275 382 2308; x_wconf 80' lang='grc' dir='ltr'>λέξις,</span> <span class='ocrx_word' id='word_1_649' title='bbox 398 2277 538 2312; x_wconf 72' lang='grc' dir='ltr'>στοιχείοις</span> <span class='ocrx_word' id='word_1_650' title='bbox 557 2277 585 2303; x_wconf 81' lang='grc' dir='ltr'><strong>δὲ</strong></span> <span class='ocrx_word' id='word_1_651' title='bbox 600 2278 698 2308; x_wconf 87' lang='grc' dir='ltr'>κοινοῖς</span> <span class='ocrx_word' id='word_1_652' title='bbox 711 2276 756 2302; x_wconf 87' lang='grc' dir='ltr'>τδν</span> <span class='ocrx_word' id='word_1_653' title='bbox 772 2276 873 2311; x_wconf 76' lang='grc' dir='ltr'>Κύριον</span> <span class='ocrx_word' id='word_1_654' title='bbox 888 2285 937 2302; x_wconf 88' lang='grc' dir='ltr'>πε-</span> 
     </span>
    </p>
   </div>
   <div class='ocr_carea' id='block_1_79' title="bbox 148 2321 937 2359">
    <p class='ocr_par' dir='ltr' id='par_1_79' title="bbox 148 2321 937 2359">
     <span class='ocr_line' id='line_1_79' title="bbox 148 2321 937 2359; baseline 0.001 -12"><span class='ocrx_word' id='word_1_655' title='bbox 148 2321 233 2358; x_wconf 84' lang='grc' dir='ltr'>ριέχει</span> <span class='ocrx_word' id='word_1_656' title='bbox 256 2322 286 2349; x_wconf 76' lang='grc' dir='ltr'>ἐν</span> <span class='ocrx_word' id='word_1_657' title='bbox 308 2322 357 2358; x_wconf 85' lang='grc' dir='ltr'><strong>τῷ,</strong></span> <span class='ocrx_word' id='word_1_658' title='bbox 376 2332 384 2348; x_wconf 82' lang='lat' dir='ltr'><strong>t</strong></span> <span class='ocrx_word' id='word_1_659' title='bbox 399 2323 501 2359; x_wconf 80' lang='grc' dir='ltr'>Κύριος</span> <span class='ocrx_word' id='word_1_660' title='bbox 517 2324 546 2350; x_wconf 83' lang='grc' dir='ltr'><strong>ἐν</strong></span> <span class='ocrx_word' id='word_1_661' title='bbox 572 2323 673 2355; x_wconf 77' lang='grc' dir='ltr'>αὐτοῖς.</span> <span class='ocrx_word' id='word_1_662' title='bbox 690 2323 763 2349; x_wconf 76' lang='grc' dir='ltr'>»Ἵνα</span> <span class='ocrx_word' id='word_1_663' title='bbox 777 2323 831 2358; x_wconf 84' lang='grc' dir='ltr'><strong>γὰρ</strong></span> <span class='ocrx_word' id='word_1_664' title='bbox 845 2322 937 2357; x_wconf 73' lang='grc' dir='ltr'>ἕτερον</span> 
     </span>
    </p>
   </div>
   <div class='ocr_carea' id='block_1_80' title="bbox 146 2368 936 2406">
    <p class='ocr_par' dir='ltr' id='par_1_80' title="bbox 146 2368 936 2406">
     <span class='ocr_line' id='line_1_80' title="bbox 146 2368 936 2406; baseline 0 -12"><span class='ocrx_word' id='word_1_665' title='bbox 146 2369 311 2406; x_wconf 82' lang='grc' dir='ltr'>παραστήσῃ</span> <span class='ocrx_word' id='word_1_666' title='bbox 324 2369 417 2396; x_wconf 87' lang='grc' dir='ltr'>τοῦτον</span> <span class='ocrx_word' id='word_1_667' title='bbox 433 2368 479 2395; x_wconf 88' lang='grc' dir='ltr'><strong>τοῦ</strong></span> <span class='ocrx_word' id='word_1_668' title='bbox 494 2369 622 2405; x_wconf 84' lang='grc' dir='ltr'>ἀνωτέρω</span> <span class='ocrx_word' id='word_1_669' title='bbox 643 2368 686 2395; x_wconf 79' lang='grc' dir='ltr'><strong>διὰ</strong></span> <span class='ocrx_word' id='word_1_670' title='bbox 700 2368 746 2395; x_wconf 86' lang='grc' dir='ltr'><strong>τοῦ</strong></span> <span class='ocrx_word' id='word_1_671' title='bbox 763 2368 936 2403; x_wconf 78' lang='grc' dir='ltr'>τετραγράμ-</span> 
     </span>
    </p>
   </div>
   <div class='ocr_carea' id='block_1_81' title="bbox 148 2414 933 2451">
    <p class='ocr_par' dir='ltr' id='par_1_81' title="bbox 148 2414 933 2451">
     <span class='ocr_line' id='line_1_81' title="bbox 148 2414 933 2451; baseline -0.003 -9"><span class='ocrx_word' id='word_1_672' title='bbox 148 2423 198 2450; x_wconf 81' lang='grc' dir='ltr'>μου</span> <span class='ocrx_word' id='word_1_673' title='bbox 211 2415 395 2451; x_wconf 82' lang='grc' dir='ltr'>σημανθέντος</span> <span class='ocrx_word' id='word_1_674' title='bbox 409 2416 487 2448; x_wconf 83' lang='grc' dir='ltr'>Θεοῦ,</span> <span class='ocrx_word' id='word_1_675' title='bbox 502 2416 546 2442; x_wconf 83' lang='grc' dir='ltr'><strong>ὅτε</strong></span> <span class='ocrx_word' id='word_1_676' title='bbox 564 2415 613 2451; x_wconf 79' lang='grc' dir='ltr'>μὲν</span> <span class='ocrx_word' id='word_1_677' title='bbox 630 2426 638 2441; x_wconf 70' lang='grc' dir='ltr'>ι</span> <span class='ocrx_word' id='word_1_678' title='bbox 653 2415 682 2441; x_wconf 81' lang='grc' dir='ltr'><strong>τὸ</strong></span> <span class='ocrx_word' id='word_1_679' title='bbox 694 2415 769 2450; x_wconf 68' lang='grc' dir='ltr'>ἅρμα</span> <span class='ocrx_word' id='word_1_680' title='bbox 781 2414 827 2441; x_wconf 84' lang='grc' dir='ltr'><strong>τοῦ</strong></span> <span class='ocrx_word' id='word_1_681' title='bbox 842 2414 909 2441; x_wconf 84' lang='grc' dir='ltr'>Θεοῦ</span> <span class='ocrx_word' id='word_1_682' title='bbox 924 2424 933 2439; x_wconf 80' lang='grc' dir='ltr'><strong>ι</strong></span> 
     </span>
    </p>
   </div>
   <div class='ocr_carea' id='block_1_82' title="bbox 146 2459 936 2497">
    <p class='ocr_par' dir='ltr' id='par_1_82' title="bbox 146 2459 936 2497">
     <span class='ocr_line' id='line_1_82' title="bbox 146 2459 936 2497; baseline 0.001 -11"><span class='ocrx_word' id='word_1_683' title='bbox 146 2459 264 2495; x_wconf 72' lang='grc' dir='ltr'>ἐλέγετο,</span> <span class='ocrx_word' id='word_1_684' title='bbox 282 2460 327 2488; x_wconf 77' lang='grc' dir='ltr'><strong>διὰ</strong></span> <span class='ocrx_word' id='word_1_685' title='bbox 350 2462 404 2487; x_wconf 81' lang='grc' dir='ltr'><strong>τῶν</strong></span> <span class='ocrx_word' id='word_1_686' title='bbox 425 2462 625 2497; x_wconf 73' lang='grc' dir='ltr'>ἀνεκφωνήτων</span> <span class='ocrx_word' id='word_1_687' title='bbox 643 2462 706 2496; x_wconf 78' lang='grc' dir='ltr'>παρ’</span> <span class='ocrx_word' id='word_1_688' title='bbox 726 2460 860 2497; x_wconf 77' lang='grc' dir='ltr'>Ἑϐραίοις</span> <span class='ocrx_word' id='word_1_689' title='bbox 876 2461 936 2495; x_wconf 81' lang='grc' dir='ltr'><strong>ἐδη-</strong></span> 
     </span>
    </p>
   </div>
   <div class='ocr_carea' id='block_1_83' title="bbox 145 2507 936 2544">
    <p class='ocr_par' dir='ltr' id='par_1_83' title="bbox 145 2507 936 2544">
     <span class='ocr_line' id='line_1_83' title="bbox 145 2507 936 2544; baseline -0.001 -9"><span class='ocrx_word' id='word_1_690' title='bbox 145 2507 226 2535; x_wconf 78' lang='grc' dir='ltr'>λοῦτο</span> <span class='ocrx_word' id='word_1_691' title='bbox 239 2509 379 2544; x_wconf 83' lang='grc' dir='ltr'>στοιχείων</span> <span class='ocrx_word' id='word_1_692' title='bbox 389 2517 397 2524; x_wconf 86' lang='grc'><strong>·</strong></span> <span class='ocrx_word' id='word_1_693' title='bbox 415 2509 473 2536; x_wconf 80' lang='grc' dir='ltr'>νυνὶ</span> <span class='ocrx_word' id='word_1_694' title='bbox 489 2509 517 2535; x_wconf 75' lang='grc' dir='ltr'>δὲ</span> <span class='ocrx_word' id='word_1_695' title='bbox 533 2510 587 2540; x_wconf 84' lang='grc' dir='ltr'>τοῖς</span> <span class='ocrx_word' id='word_1_696' title='bbox 603 2508 765 2544; x_wconf 80' lang='grc' dir='ltr'>κοινοτέροις</span> <span class='ocrx_word' id='word_1_697' title='bbox 781 2509 936 2544; x_wconf 85' lang='grc' dir='ltr'>χαρακτῆρ-</span> 
     </span>
    </p>
   </div>
   <div class='ocr_carea' id='block_1_84' title="bbox 145 2551 938 2590">
    <p class='ocr_par' dir='ltr' id='par_1_84' title="bbox 145 2551 938 2590">
     <span class='ocr_line' id='line_1_84' title="bbox 145 2551 938 2590; baseline -0.003 -9"><span class='ocrx_word' id='word_1_698' title='bbox 145 2561 199 2588; x_wconf 84' lang='grc' dir='ltr'>σιν,</span> <span class='ocrx_word' id='word_1_699' title='bbox 208 2551 249 2586; x_wconf 75' lang='grc' dir='ltr'>οἷς</span> <span class='ocrx_word' id='word_1_700' title='bbox 263 2555 310 2581; x_wconf 79' lang='grc' dir='ltr'>καὶ</span> <span class='ocrx_word' id='word_1_701' title='bbox 319 2555 333 2581; x_wconf 80' lang='grc' dir='ltr'>ὁ</span> <span class='ocrx_word' id='word_1_702' title='bbox 346 2555 410 2590; x_wconf 82' lang='grc' dir='ltr'>παρ’</span> <span class='ocrx_word' id='word_1_703' title='bbox 424 2554 579 2590; x_wconf 86' lang='grc' dir='ltr'>ἀνθρώποις</span> <span class='ocrx_word' id='word_1_704' title='bbox 589 2555 725 2590; x_wconf 69' lang='grc' dir='ltr'>γράφεται</span> <span class='ocrx_word' id='word_1_705' title='bbox 737 2553 770 2580; x_wconf 85' lang='grc' dir='ltr'><strong>κύ</strong></span> <span class='ocrx_word' id='word_1_706' title='bbox 776 2562 840 2589; x_wconf 85' lang='grc' dir='ltr'>ριος.</span> <span class='ocrx_word' id='word_1_707' title='bbox 850 2554 938 2589; x_wconf 85' lang='grc' dir='ltr'>Ἀκρι-</span> 
     </span>
    </p>
   </div>
   <div class='ocr_carea' id='block_1_85' title="bbox 146 2597 934 2635">
    <p class='ocr_par' dir='ltr' id='par_1_85' title="bbox 146 2597 934 2635">
     <span class='ocr_line' id='line_1_85' title="bbox 146 2597 934 2635; baseline -0.003 -9"><span class='ocrx_word' id='word_1_708' title='bbox 146 2597 202 2630; x_wconf 74' lang='grc' dir='ltr'><strong>6ὦς</strong></span> <span class='ocrx_word' id='word_1_709' title='bbox 217 2598 246 2626; x_wconf 82' lang='grc' dir='ltr'><strong>δὲ</strong></span> <span class='ocrx_word' id='word_1_710' title='bbox 264 2600 309 2626; x_wconf 77' lang='grc' dir='ltr'>καὶ</span> <span class='ocrx_word' id='word_1_711' title='bbox 322 2599 368 2626; x_wconf 79' lang='grc' dir='ltr'><strong>τὸν</strong></span> <span class='ocrx_word' id='word_1_712' title='bbox 380 2599 462 2626; x_wconf 79' lang='grc' dir='ltr'>τόπον</span> <span class='ocrx_word' id='word_1_713' title='bbox 475 2600 685 2635; x_wconf 77' lang='grc' dir='ltr'>ἐπισημαίνεται</span> <span class='ocrx_word' id='word_1_714' title='bbox 698 2599 742 2626; x_wconf 78' lang='grc' dir='ltr'>τὸν</span> <span class='ocrx_word' id='word_1_715' title='bbox 760 2609 768 2625; x_wconf 74' lang='grc' dir='ltr'>ι</span> <span class='ocrx_word' id='word_1_716' title='bbox 783 2600 811 2626; x_wconf 79' lang='grc' dir='ltr'>ἐν</span> <span class='ocrx_word' id='word_1_717' title='bbox 825 2598 910 2631; x_wconf 79' lang='grc' dir='ltr'>Σιναῖ,</span> <span class='ocrx_word' id='word_1_718' title='bbox 924 2608 934 2624; x_wconf 83' lang='grc'><strong>›</strong></span> 
     </span>
    </p>
   </div>
   <div class='ocr_carea' id='block_1_86' title="bbox 147 2643 936 2682">
    <p class='ocr_par' dir='ltr' id='par_1_86' title="bbox 147 2643 936 2682">
     <span class='ocr_line' id='line_1_86' title="bbox 147 2643 936 2682; baseline 0 -11"><span class='ocrx_word' id='word_1_719' title='bbox 147 2643 190 2672; x_wconf 78' lang='grc' dir='ltr'><strong>ῐνα</strong></span> <span class='ocrx_word' id='word_1_720' title='bbox 211 2646 322 2681; x_wconf 81' lang='grc' dir='ltr'>σημήνῃ</span> <span class='ocrx_word' id='word_1_721' title='bbox 335 2646 380 2673; x_wconf 82' lang='grc' dir='ltr'><strong>τὸν</strong></span> <span class='ocrx_word' id='word_1_722' title='bbox 397 2647 442 2673; x_wconf 77' lang='grc' dir='ltr'><strong>ἐπὶ</strong></span> <span class='ocrx_word' id='word_1_723' title='bbox 456 2646 507 2682; x_wconf 75' lang='grc' dir='ltr'><strong>γῆς</strong></span> <span class='ocrx_word' id='word_1_724' title='bbox 526 2646 643 2680; x_wconf 77' lang='grc' dir='ltr'>ὀφθέντα</span> <span class='ocrx_word' id='word_1_725' title='bbox 657 2646 768 2682; x_wconf 83' lang='grc' dir='ltr'>Κύριον.</span> <span class='ocrx_word' id='word_1_726' title='bbox 786 2646 891 2681; x_wconf 71' lang='grc' dir='ltr'>Σφόδρα</span> <span class='ocrx_word' id='word_1_727' title='bbox 908 2645 936 2671; x_wconf 81' lang='grc' dir='ltr'><strong>δὲ</strong></span> 
     </span>
    </p>
   </div>
   <div class='ocr_carea' id='block_1_87' title="bbox 151 2691 522 2727">
    <p class='ocr_par' dir='ltr' id='par_1_87' title="bbox 151 2691 522 2727">
     <span class='ocr_line' id='line_1_87' title="bbox 151 2691 522 2727; baseline 0.003 -9"><span class='ocrx_word' id='word_1_728' title='bbox 151 2691 303 2724; x_wconf 82' lang='grc' dir='ltr'>ἀκολούθως</span> <span class='ocrx_word' id='word_1_729' title='bbox 314 2692 433 2727; x_wconf 76' lang='grc' dir='ltr'>ἐπιλέγει</span> <span class='ocrx_word' id='word_1_730' title='bbox 447 2692 522 2727; x_wconf 77' lang='grc' dir='ltr'>ἑξῆς·</span> 
     </span>
    </p>
   </div>
   <div class='ocr_carea' id='block_1_88' title="bbox 203 2738 934 2776">
    <p class='ocr_par' dir='ltr' id='par_1_88' title="bbox 203 2738 934 2776">
     <span class='ocr_line' id='line_1_88' title="bbox 203 2738 934 2776; baseline 0.008 -17"><span class='ocrx_word' id='word_1_731' title='bbox 203 2749 212 2765; x_wconf 75' lang='grc' dir='ltr'>ι</span> <span class='ocrx_word' id='word_1_732' title='bbox 238 2739 352 2776; x_wconf 75' lang='grc' dir='ltr'><strong>Ἀνέδης</strong></span> <span class='ocrx_word' id='word_1_733' title='bbox 385 2741 425 2772; x_wconf 77' lang='grc' dir='ltr'><strong>εις</strong></span> <span class='ocrx_word' id='word_1_734' title='bbox 463 2740 548 2774; x_wconf 71' lang='grc' dir='ltr'>ὕψος,</span> <span class='ocrx_word' id='word_1_735' title='bbox 583 2738 796 2774; x_wconf 77' lang='grc' dir='ltr'>ᾑχμαλώτευσας</span> <span class='ocrx_word' id='word_1_736' title='bbox 832 2739 934 2774; x_wconf 84' lang='grc' dir='ltr'>αἰχμα-</span> 
     </span>
    </p>
   </div>
   <div class='ocr_carea' id='block_1_89' title="bbox 154 2784 933 2821">
    <p class='ocr_par' dir='ltr' id='par_1_89' title="bbox 154 2784 933 2821">
     <span class='ocr_line' id='line_1_89' title="bbox 154 2784 933 2821; baseline 0 -10"><span class='ocrx_word' id='word_1_737' title='bbox 154 2785 268 2813; x_wconf 76' lang='grc' dir='ltr'>λωσίαν·</span> <span class='ocrx_word' id='word_1_738' title='bbox 304 2786 400 2818; x_wconf 72' lang='grc' dir='ltr'>ἔλαϐες</span> <span class='ocrx_word' id='word_1_739' title='bbox 433 2786 537 2821; x_wconf 74' lang='grc' dir='ltr'>δόματα</span> <span class='ocrx_word' id='word_1_740' title='bbox 569 2786 598 2812; x_wconf 86' lang='grc' dir='ltr'>ὲν</span> <span class='ocrx_word' id='word_1_741' title='bbox 626 2784 790 2820; x_wconf 79' lang='grc' dir='ltr'>ἀνθρώποις.</span> <span class='ocrx_word' id='word_1_742' title='bbox 812 2794 821 2810; x_wconf 71' lang='grc' dir='ltr'><strong>ι</strong></span> <span class='ocrx_word' id='word_1_743' title='bbox 844 2785 933 2811; x_wconf 71' lang='grc' dir='ltr'><strong>Αἰνίγ-</strong></span> 
     </span>
    </p>
   </div>
   <div class='ocr_carea' id='block_1_90' title="bbox 185 2903 996 2943">
    <p class='ocr_par' dir='ltr' id='par_1_90' title="bbox 185 2903 996 2943">
     <span class='ocr_line' id='line_1_90' title="bbox 185 2903 996 2943; baseline 0.004 -11"><span class='ocrx_word' id='word_1_744' title='bbox 185 2903 207 2920; x_wconf 84' lang='grc'><strong>³⁸</strong></span> <span class='ocrx_word' id='word_1_745' title='bbox 219 2904 323 2934; x_wconf 82' lang='lat' dir='ltr'><strong>Coloss.</strong></span> <span class='ocrx_word' id='word_1_746' title='bbox 343 2915 360 2940; x_wconf 86' lang='grc' dir='ltr'><strong>ι,</strong></span> <span class='ocrx_word' id='word_1_747' title='bbox 386 2907 426 2935; x_wconf 84' lang='lat' dir='ltr'><strong>l9.</strong></span> <span class='ocrx_word' id='word_1_748' title='bbox 466 2907 488 2925; x_wconf 79' lang='grc'>³⁸</span> <span class='ocrx_word' id='word_1_749' title='bbox 500 2906 599 2943; x_wconf 84' lang='lat' dir='ltr'><strong>Ephcs.</strong></span> <span class='ocrx_word' id='word_1_750' title='bbox 618 2915 648 2940; x_wconf 87' lang='grc' dir='ltr'><strong>ιι,</strong></span> <span class='ocrx_word' id='word_1_751' title='bbox 672 2907 715 2935; x_wconf 74' lang='grc' dir='ltr'><strong>Η.</strong></span> <span class='ocrx_word' id='word_1_752' title='bbox 749 2907 770 2924; x_wconf 79' lang='grc'>³⁵</span> <span class='ocrx_word' id='word_1_753' title='bbox 783 2906 854 2935; x_wconf 81' lang='lat' dir='ltr'><strong>Psal.</strong></span> <span class='ocrx_word' id='word_1_754' title='bbox 872 2914 952 2939; x_wconf 63' lang='lat' dir='ltr'><strong>cur,</strong></span> <span class='ocrx_word' id='word_1_755' title='bbox 970 2906 996 2935; x_wconf 78' lang='lat'><strong>5.</strong></span> 
     </span>
    </p>
   </div>
   <div class='ocr_carea' id='block_1_91' title="bbox 954 2266 976 2294">
    <p class='ocr_par' dir='ltr' id='par_1_91' title="bbox 954 2266 976 2294">
     <span class='ocr_line' id='line_1_91' title="bbox 954 2266 976 2294; baseline 0 0"><span class='ocrx_word' id='word_1_756' title='bbox 954 2266 976 2294; x_wconf 87' lang='lat' dir='ltr'><strong>D</strong></span> 
     </span>
    </p>
   </div>
   <div class='ocr_carea' id='block_1_92' title="bbox 988 1632 1776 1668">
    <p class='ocr_par' dir='ltr' id='par_1_92' title="bbox 988 1632 1776 1668">
     <span class='ocr_line' id='line_1_92' title="bbox 988 1632 1776 1668; baseline -0.004 -7"><span class='ocrx_word' id='word_1_757' title='bbox 988 1643 1033 1662; x_wconf 91' lang='lat' dir='ltr'><strong>ces</strong></span> <span class='ocrx_word' id='word_1_758' title='bbox 1049 1634 1174 1661; x_wconf 88' lang='lat' dir='ltr'><strong>laudibus</strong></span> <span class='ocrx_word' id='word_1_759' title='bbox 1192 1633 1346 1668; x_wconf 82' lang='lat' dir='ltr'><strong>divinisque</strong></span> <span class='ocrx_word' id='word_1_760' title='bbox 1358 1632 1530 1660; x_wconf 88' lang='lat' dir='ltr'><strong>sermonibus</strong></span> <span class='ocrx_word' id='word_1_761' title='bbox 1543 1632 1638 1667; x_wconf 90' lang='lat' dir='ltr'><strong>plenas</strong></span> <span class='ocrx_word' id='word_1_762' title='bbox 1651 1632 1776 1659; x_wconf 83' lang='lat' dir='ltr'><strong>emitten-</strong></span> 
     </span>
    </p>
   </div>
   <div class='ocr_carea' id='block_1_93' title="bbox 988 1676 1774 1714">
    <p class='ocr_par' dir='ltr' id='par_1_93' title="bbox 988 1676 1774 1714">
     <span class='ocr_line' id='line_1_93' title="bbox 988 1676 1774 1714; baseline -0.006 -6"><span class='ocrx_word' id='word_1_763' title='bbox 988 1680 1073 1708; x_wconf 84' lang='lat' dir='ltr'><strong>tium?</strong></span> <span class='ocrx_word' id='word_1_764' title='bbox 1088 1679 1184 1713; x_wconf 85' lang='lat' dir='ltr'><strong>Qualia</strong></span> <span class='ocrx_word' id='word_1_765' title='bbox 1199 1679 1335 1714; x_wconf 90' lang='lat' dir='ltr'><strong>seraphim</strong></span> <span class='ocrx_word' id='word_1_766' title='bbox 1350 1678 1421 1713; x_wconf 85' lang='lat' dir='ltr'><strong>apud</strong></span> <span class='ocrx_word' id='word_1_767' title='bbox 1434 1677 1532 1705; x_wconf 87' lang='lat' dir='ltr'><strong>lsaiam</strong></span> <span class='ocrx_word' id='word_1_768' title='bbox 1556 1677 1675 1704; x_wconf 87' lang='lat' dir='ltr'><strong>clamare</strong></span> <span class='ocrx_word' id='word_1_769' title='bbox 1688 1684 1719 1703; x_wconf 83' lang='lat' dir='ltr'><strong>ac</strong></span> <span class='ocrx_word' id='word_1_770' title='bbox 1731 1676 1774 1704; x_wconf 89' lang='lat' dir='ltr'><strong>di-</strong></span> 
     </span>
    </p>
   </div>
   <div class='ocr_carea' id='block_1_94' title="bbox 987 1721 1775 1760">
    <p class='ocr_par' dir='ltr' id='par_1_94' title="bbox 987 1721 1775 1760">
     <span class='ocr_line' id='line_1_94' title="bbox 987 1721 1775 1760; baseline -0.005 -7"><span class='ocrx_word' id='word_1_771' title='bbox 987 1734 1050 1753; x_wconf 87' lang='lat' dir='ltr'><strong>cere</strong></span> <span class='ocrx_word' id='word_1_772' title='bbox 1065 1725 1195 1760; x_wconf 86' lang='lat' dir='ltr'><strong>scriptum</strong></span> <span class='ocrx_word' id='word_1_773' title='bbox 1208 1728 1250 1752; x_wconf 89' lang='lat' dir='ltr'><strong>est</strong></span> <span class='ocrx_word' id='word_1_774' title='bbox 1266 1734 1272 1751; x_wconf 85' lang='lat'>:</span> <span class='ocrx_word' id='word_1_775' title='bbox 1291 1734 1300 1749; x_wconf 86' lang='grc'><strong>‹</strong></span> <span class='ocrx_word' id='word_1_776' title='bbox 1318 1723 1446 1755; x_wconf 88' lang='lat' dir='ltr'><strong>Sanetus,</strong></span> <span class='ocrx_word' id='word_1_777' title='bbox 1460 1726 1583 1754; x_wconf 84' lang='lat' dir='ltr'><strong>sanctus,</strong></span> <span class='ocrx_word' id='word_1_778' title='bbox 1595 1726 1708 1749; x_wconf 86' lang='lat' dir='ltr'><strong>sanctus</strong></span> <span class='ocrx_word' id='word_1_779' title='bbox 1722 1721 1775 1749; x_wconf 80' lang='lat' dir='ltr'><strong>Do—</strong></span> 
     </span>
    </p>
   </div>
   <div class='ocr_carea' id='block_1_95' title="bbox 988 1768 1773 1806">
    <p class='ocr_par' dir='ltr' id='par_1_95' title="bbox 988 1768 1773 1806">
     <span class='ocr_line' id='line_1_95' title="bbox 988 1768 1773 1806; baseline -0.004 -8"><span class='ocrx_word' id='word_1_780' title='bbox 988 1772 1079 1798; x_wconf 90' lang='lat' dir='ltr'><strong>minus</strong></span> <span class='ocrx_word' id='word_1_781' title='bbox 1092 1770 1221 1802; x_wconf 79' lang='lat' dir='ltr'><strong>Sabaoth,</strong></span> <span class='ocrx_word' id='word_1_782' title='bbox 1231 1770 1311 1806; x_wconf 83' lang='lat' dir='ltr'><strong>plena</strong></span> <span class='ocrx_word' id='word_1_783' title='bbox 1322 1774 1364 1798; x_wconf 87' lang='lat' dir='ltr'><strong>est</strong></span> <span class='ocrx_word' id='word_1_784' title='bbox 1372 1770 1461 1797; x_wconf 91' lang='lat' dir='ltr'><strong>omnis</strong></span> <span class='ocrx_word' id='word_1_785' title='bbox 1470 1773 1542 1796; x_wconf 90' lang='lat' dir='ltr'><strong>terra</strong></span> <span class='ocrx_word' id='word_1_786' title='bbox 1556 1768 1642 1804; x_wconf 75' lang='lat' dir='ltr'><strong>gloria</strong></span> <span class='ocrx_word' id='word_1_787' title='bbox 1655 1768 1714 1803; x_wconf 88' lang='lat' dir='ltr'><strong>ejus</strong></span> <span class='ocrx_word' id='word_1_788' title='bbox 1723 1768 1755 1795; x_wconf 85' lang='grc'><strong>³⁷.</strong></span> <span class='ocrx_word' id='word_1_789' title='bbox 1763 1777 1773 1794; x_wconf 77' lang='grc' dir='ltr'><strong>ι</strong></span> 
     </span>
    </p>
   </div>
   <div class='ocr_carea' id='block_1_96' title="bbox 987 1815 1775 1850">
    <p class='ocr_par' dir='ltr' id='par_1_96' title="bbox 987 1815 1775 1850">
     <span class='ocr_line' id='line_1_96' title="bbox 987 1815 1775 1850; baseline -0.005 -5"><span class='ocrx_word' id='word_1_790' title='bbox 987 1817 1061 1845; x_wconf 86' lang='lat' dir='ltr'><strong>Inter</strong></span> <span class='ocrx_word' id='word_1_791' title='bbox 1086 1818 1144 1845; x_wconf 56' lang='lat' dir='ltr'><strong>hac</strong></span> <span class='ocrx_word' id='word_1_792' title='bbox 1168 1818 1252 1844; x_wconf 87' lang='lat' dir='ltr'><strong>mlllia</strong></span> <span class='ocrx_word' id='word_1_793' title='bbox 1272 1820 1299 1844; x_wconf 88' lang='lat' dir='ltr'><strong>el.</strong></span> <span class='ocrx_word' id='word_1_794' title='bbox 1312 1816 1381 1844; x_wconf 87' lang='lat' dir='ltr'><strong>dena</strong></span> <span class='ocrx_word' id='word_1_795' title='bbox 1398 1816 1500 1848; x_wconf 83' lang='lat' dir='ltr'><strong>millia,</strong></span> <span class='ocrx_word' id='word_1_796' title='bbox 1527 1823 1587 1850; x_wconf 69' lang='lat' dir='ltr'><strong>quae</strong></span> <span class='ocrx_word' id='word_1_797' title='bbox 1612 1815 1660 1842; x_wconf 86' lang='lat' dir='ltr'><strong>Dei</strong></span> <span class='ocrx_word' id='word_1_798' title='bbox 1684 1817 1775 1842; x_wconf 87' lang='lat' dir='ltr'><strong>currui</strong></span> 
     </span>
    </p>
   </div>
   <div class='ocr_carea' id='block_1_97' title="bbox 985 1861 1775 1899">
    <p class='ocr_par' dir='ltr' id='par_1_97' title="bbox 985 1861 1775 1899">
     <span class='ocr_line' id='line_1_97' title="bbox 985 1861 1775 1899; baseline -0.005 -9"><span class='ocrx_word' id='word_1_799' title='bbox 985 1864 1083 1899; x_wconf 87' lang='lat' dir='ltr'><strong>juncta</strong></span> <span class='ocrx_word' id='word_1_800' title='bbox 1097 1867 1177 1895; x_wconf 85' lang='lat' dir='ltr'><strong>sunt.</strong></span> <span class='ocrx_word' id='word_1_801' title='bbox 1195 1863 1302 1891; x_wconf 88' lang='lat' dir='ltr'><strong>medius</strong></span> <span class='ocrx_word' id='word_1_802' title='bbox 1315 1866 1441 1890; x_wconf 79' lang='lat' dir='ltr'><strong>versatur</strong></span> <span class='ocrx_word' id='word_1_803' title='bbox 1456 1862 1515 1897; x_wconf 86' lang='lat' dir='ltr'><strong>ipse</strong></span> <span class='ocrx_word' id='word_1_804' title='bbox 1532 1861 1664 1888; x_wconf 91' lang='lat' dir='ltr'><strong>Dominus</strong></span> <span class='ocrx_word' id='word_1_805' title='bbox 1674 1881 1681 1892; x_wconf 89' lang='lat'><strong>,</strong></span> <span class='ocrx_word' id='word_1_806' title='bbox 1697 1861 1775 1895; x_wconf 87' lang='lat' dir='ltr'><strong>quasi</strong></span> 
     </span>
    </p>
   </div>
   <div class='ocr_carea' id='block_1_98' title="bbox 989 1905 1775 1944">
    <p class='ocr_par' dir='ltr' id='par_1_98' title="bbox 989 1905 1775 1944">
     <span class='ocr_line' id='line_1_98' title="bbox 989 1905 1775 1944; baseline -0.008 -8"><span class='ocrx_word' id='word_1_807' title='bbox 989 1910 1119 1944; x_wconf 79' lang='lat' dir='ltr'><strong>aurigans</strong></span> <span class='ocrx_word' id='word_1_808' title='bbox 1134 1917 1166 1935; x_wconf 91' lang='lat' dir='ltr'><strong>ac</strong></span> <span class='ocrx_word' id='word_1_809' title='bbox 1180 1908 1293 1943; x_wconf 90' lang='lat' dir='ltr'><strong>Spiritui</strong></span> <span class='ocrx_word' id='word_1_810' title='bbox 1308 1915 1463 1942; x_wconf 66' lang='lat' dir='ltr'><strong>praeparans</strong></span> <span class='ocrx_word' id='word_1_811' title='bbox 1477 1907 1561 1941; x_wconf 90' lang='lat' dir='ltr'><strong>ipsas.</strong></span> <span class='ocrx_word' id='word_1_812' title='bbox 1593 1905 1775 1938; x_wconf 83' lang='lat' dir='ltr'><strong>Quamobrem</strong></span> 
     </span>
    </p>
   </div>
   <div class='ocr_carea' id='block_1_99' title="bbox 988 1950 1776 1991">
    <p class='ocr_par' dir='ltr' id='par_1_99' title="bbox 988 1950 1776 1991">
     <span class='ocr_line' id='line_1_99' title="bbox 988 1950 1776 1991; baseline -0.009 -8"><span class='ocrx_word' id='word_1_813' title='bbox 988 1956 1173 1991; x_wconf 84' lang='lat' dir='ltr'><strong>subjungitur,</strong></span> <span class='ocrx_word' id='word_1_814' title='bbox 1193 1964 1203 1981; x_wconf 73' lang='grc' dir='ltr'>ι</span> <span class='ocrx_word' id='word_1_815' title='bbox 1219 1955 1350 1982; x_wconf 84' lang='lat' dir='ltr'><strong>Dominus</strong></span> <span class='ocrx_word' id='word_1_816' title='bbox 1373 1954 1399 1980; x_wconf 90' lang='lat' dir='ltr'><strong>in</strong></span> <span class='ocrx_word' id='word_1_817' title='bbox 1417 1953 1467 1980; x_wconf 89' lang='lat' dir='ltr'><strong>eis.</strong></span> <span class='ocrx_word' id='word_1_818' title='bbox 1479 1960 1495 1978; x_wconf 67' lang='lat' dir='ltr'><strong>‘i</strong></span> <span class='ocrx_word' id='word_1_819' title='bbox 1522 1952 1574 1985; x_wconf 88' lang='lat' dir='ltr'><strong>Qui</strong></span> <span class='ocrx_word' id='word_1_820' title='bbox 1592 1952 1628 1980; x_wconf 89' lang='lat' dir='ltr'><strong>sit</strong></span> <span class='ocrx_word' id='word_1_821' title='bbox 1645 1950 1776 1978; x_wconf 82' lang='lat' dir='ltr'><strong>Dominus</strong></span> 
     </span>
    </p>
   </div>
   <div class='ocr_carea' id='block_1_100' title="bbox 989 1997 1773 2031">
    <p class='ocr_par' dir='ltr' id='par_1_100' title="bbox 989 1997 1773 2031">
     <span class='ocr_line' id='line_1_100' title="bbox 989 1997 1773 2031; baseline -0.006 -4"><span class='ocrx_word' id='word_1_822' title='bbox 989 2000 1105 2028; x_wconf 86' lang='lat' dir='ltr'><strong>subinde</strong></span> <span class='ocrx_word' id='word_1_823' title='bbox 1116 2000 1237 2027; x_wconf 83' lang='lat' dir='ltr'><strong>declarat</strong></span> <span class='ocrx_word' id='word_1_824' title='bbox 1253 1999 1295 2027; x_wconf 86' lang='lat' dir='ltr'><strong>his</strong></span> <span class='ocrx_word' id='word_1_825' title='bbox 1307 1999 1408 2031; x_wconf 78' lang='lat' dir='ltr'><strong>verbis,</strong></span> <span class='ocrx_word' id='word_1_826' title='bbox 1427 2007 1436 2024; x_wconf 76' lang='grc' dir='ltr'>ί</span> <span class='ocrx_word' id='word_1_827' title='bbox 1456 1998 1485 2025; x_wconf 88' lang='lat' dir='ltr'><strong>In</strong></span> <span class='ocrx_word' id='word_1_828' title='bbox 1503 1997 1589 2028; x_wconf 85' lang='lat' dir='ltr'><strong>Sinai,</strong></span> <span class='ocrx_word' id='word_1_829' title='bbox 1606 1997 1633 2023; x_wconf 93' lang='lat' dir='ltr'><strong>in</strong></span> <span class='ocrx_word' id='word_1_830' title='bbox 1652 1999 1773 2024; x_wconf 65' lang='lat' dir='ltr'><strong>sancto.)</strong></span> 
     </span>
    </p>
   </div>
   <div class='ocr_carea' id='block_1_101' title="bbox 989 2045 1776 2083">
    <p class='ocr_par' dir='ltr' id='par_1_101' title="bbox 989 2045 1776 2083">
     <span class='ocr_line' id='line_1_101' title="bbox 989 2045 1776 2083; baseline -0.006 -8"><span class='ocrx_word' id='word_1_831' title='bbox 989 2048 1055 2075; x_wconf 88' lang='lat' dir='ltr'><strong>Nam</strong></span> <span class='ocrx_word' id='word_1_832' title='bbox 1069 2048 1136 2083; x_wconf 87' lang='lat' dir='ltr'><strong>ipse,</strong></span> <span class='ocrx_word' id='word_1_833' title='bbox 1154 2047 1253 2082; x_wconf 84' lang='lat' dir='ltr'><strong>inquit,</strong></span> <span class='ocrx_word' id='word_1_834' title='bbox 1269 2047 1401 2074; x_wconf 88' lang='lat' dir='ltr'><strong>Dominus</strong></span> <span class='ocrx_word' id='word_1_835' title='bbox 1414 2051 1455 2073; x_wconf 87' lang='lat' dir='ltr'><strong>est</strong></span> <span class='ocrx_word' id='word_1_836' title='bbox 1472 2046 1519 2080; x_wconf 90' lang='lat' dir='ltr'><strong>qui</strong></span> <span class='ocrx_word' id='word_1_837' title='bbox 1536 2045 1563 2072; x_wconf 92' lang='lat' dir='ltr'><strong>in</strong></span> <span class='ocrx_word' id='word_1_838' title='bbox 1577 2049 1669 2072; x_wconf 86' lang='lat' dir='ltr'><strong>monte</strong></span> <span class='ocrx_word' id='word_1_839' title='bbox 1681 2048 1776 2071; x_wconf 80' lang='lat' dir='ltr'><strong>sancto</strong></span> 
     </span>
    </p>
   </div>
   <div class='ocr_carea' id='block_1_102' title="bbox 991 2089 1777 2126">
    <p class='ocr_par' dir='ltr' id='par_1_102' title="bbox 991 2089 1777 2126">
     <span class='ocr_line' id='line_1_102' title="bbox 991 2089 1777 2126; baseline -0.005 -6"><span class='ocrx_word' id='word_1_840' title='bbox 991 2094 1065 2120; x_wconf 74' lang='lat' dir='ltr'><strong>Sinni</strong></span> <span class='ocrx_word' id='word_1_841' title='bbox 1080 2093 1156 2121; x_wconf 86' lang='lat' dir='ltr'><strong>visus</strong></span> <span class='ocrx_word' id='word_1_842' title='bbox 1168 2091 1228 2126; x_wconf 69' lang='lat' dir='ltr'><strong>est;</strong></span> <span class='ocrx_word' id='word_1_843' title='bbox 1245 2097 1304 2120; x_wconf 83' lang='lat' dir='ltr'><strong>erat</strong></span> <span class='ocrx_word' id='word_1_844' title='bbox 1319 2096 1409 2120; x_wconf 86' lang='lat' dir='ltr'><strong>autem</strong></span> <span class='ocrx_word' id='word_1_845' title='bbox 1423 2091 1468 2119; x_wconf 89' lang='lat' dir='ltr'><strong>ille</strong></span> <span class='ocrx_word' id='word_1_846' title='bbox 1484 2091 1533 2119; x_wconf 89' lang='lat' dir='ltr'><strong>Dei</strong></span> <span class='ocrx_word' id='word_1_847' title='bbox 1550 2090 1668 2118; x_wconf 82' lang='lat' dir='ltr'><strong>Verbum</strong></span> <span class='ocrx_word' id='word_1_848' title='bbox 1679 2109 1687 2122; x_wconf 91' lang='lat'><strong>,</strong></span> <span class='ocrx_word' id='word_1_849' title='bbox 1701 2089 1777 2116; x_wconf 90' lang='lat' dir='ltr'><strong>visus</strong></span> 
     </span>
    </p>
   </div>
   <div class='ocr_carea' id='block_1_103' title="bbox 989 2135 1777 2173">
    <p class='ocr_par' dir='ltr' id='par_1_103' title="bbox 989 2135 1777 2173">
     <span class='ocr_line' id='line_1_103' title="bbox 989 2135 1777 2173; baseline -0.006 -7"><span class='ocrx_word' id='word_1_850' title='bbox 989 2138 1093 2166; x_wconf 84' lang='lat' dir='ltr'><strong>scilicet</strong></span> <span class='ocrx_word' id='word_1_851' title='bbox 1107 2138 1142 2165; x_wconf 87' lang='lat' dir='ltr'><strong>iis</strong></span> <span class='ocrx_word' id='word_1_852' title='bbox 1156 2138 1203 2173; x_wconf 89' lang='lat' dir='ltr'><strong>qui</strong></span> <span class='ocrx_word' id='word_1_853' title='bbox 1229 2138 1280 2166; x_wconf 89' lang='lat' dir='ltr'><strong>sub</strong></span> <span class='ocrx_word' id='word_1_854' title='bbox 1294 2145 1377 2164; x_wconf 90' lang='lat' dir='ltr'><strong>curru</strong></span> <span class='ocrx_word' id='word_1_855' title='bbox 1400 2136 1447 2164; x_wconf 89' lang='lat' dir='ltr'><strong>Dei</strong></span> <span class='ocrx_word' id='word_1_856' title='bbox 1468 2137 1556 2171; x_wconf 86' lang='lat' dir='ltr'><strong>juncti</strong></span> <span class='ocrx_word' id='word_1_857' title='bbox 1573 2140 1661 2163; x_wconf 86' lang='lat' dir='ltr'><strong>erant.</strong></span> <span class='ocrx_word' id='word_1_858' title='bbox 1687 2135 1777 2168; x_wconf 78' lang='lat' dir='ltr'><strong>Quare</strong></span> 
     </span>
    </p>
   </div>
   <div class='ocr_carea' id='block_1_104' title="bbox 990 2183 1778 2218">
    <p class='ocr_par' dir='ltr' id='par_1_104' title="bbox 990 2183 1778 2218">
     <span class='ocr_line' id='line_1_104' title="bbox 990 2183 1778 2218; baseline -0.006 -6"><span class='ocrx_word' id='word_1_859' title='bbox 990 2184 1123 2212; x_wconf 87' lang='lat' dir='ltr'><strong>llebraica</strong></span> <span class='ocrx_word' id='word_1_860' title='bbox 1139 2184 1229 2217; x_wconf 89' lang='lat' dir='ltr'><strong>lectio,</strong></span> <span class='ocrx_word' id='word_1_861' title='bbox 1249 2192 1305 2211; x_wconf 89' lang='lat' dir='ltr'><strong>non</strong></span> <span class='ocrx_word' id='word_1_862' title='bbox 1331 2188 1540 2218; x_wconf 80' lang='lat' dir='ltr'><strong>tetragrammo,</strong></span> <span class='ocrx_word' id='word_1_863' title='bbox 1559 2183 1616 2210; x_wconf 85' lang='lat' dir='ltr'><strong>sive</strong></span> <span class='ocrx_word' id='word_1_864' title='bbox 1633 2189 1698 2209; x_wconf 88' lang='lat' dir='ltr'><strong>voce</strong></span> <span class='ocrx_word' id='word_1_865' title='bbox 1713 2188 1778 2215; x_wconf 87' lang='lat' dir='ltr'><strong>qua-</strong></span> 
     </span>
    </p>
   </div>
   <div class='ocr_carea' id='block_1_105' title="bbox 989 2226 1778 2263">
    <p class='ocr_par' dir='ltr' id='par_1_105' title="bbox 989 2226 1778 2263">
     <span class='ocr_line' id='line_1_105' title="bbox 989 2226 1778 2263; baseline -0.008 -5"><span class='ocrx_word' id='word_1_866' title='bbox 989 2235 1052 2258; x_wconf 87' lang='lat' dir='ltr'><strong>tuor</strong></span> <span class='ocrx_word' id='word_1_867' title='bbox 1063 2231 1213 2258; x_wconf 84' lang='lat' dir='ltr'><strong>litterarum</strong></span> <span class='ocrx_word' id='word_1_868' title='bbox 1231 2231 1328 2263; x_wconf 87' lang='lat' dir='ltr'><strong>utitur,</strong></span> <span class='ocrx_word' id='word_1_869' title='bbox 1343 2230 1391 2258; x_wconf 91' lang='lat' dir='ltr'><strong>sed</strong></span> <span class='ocrx_word' id='word_1_870' title='bbox 1403 2230 1536 2257; x_wconf 87' lang='lat' dir='ltr'><strong>elementa</strong></span> <span class='ocrx_word' id='word_1_871' title='bbox 1552 2227 1706 2255; x_wconf 92' lang='lat' dir='ltr'><strong>communia</strong></span> <span class='ocrx_word' id='word_1_872' title='bbox 1723 2226 1778 2253; x_wconf 89' lang='lat' dir='ltr'><strong>Do-</strong></span> 
     </span>
    </p>
   </div>
   <div class='ocr_carea' id='block_1_106' title="bbox 990 2272 1773 2310">
    <p class='ocr_par' dir='ltr' id='par_1_106' title="bbox 990 2272 1773 2310">
     <span class='ocr_line' id='line_1_106' title="bbox 990 2272 1773 2310; baseline -0.008 -8"><span class='ocrx_word' id='word_1_873' title='bbox 990 2276 1092 2303; x_wconf 92' lang='lat' dir='ltr'><strong>minum</strong></span> <span class='ocrx_word' id='word_1_874' title='bbox 1107 2284 1261 2303; x_wconf 87' lang='lat' dir='ltr'><strong>memorans</strong></span> <span class='ocrx_word' id='word_1_875' title='bbox 1275 2277 1390 2310; x_wconf 86' lang='lat' dir='ltr'><strong>usurpat</strong></span> <span class='ocrx_word' id='word_1_876' title='bbox 1403 2275 1430 2301; x_wconf 93' lang='lat' dir='ltr'><strong>in</strong></span> <span class='ocrx_word' id='word_1_877' title='bbox 1440 2275 1498 2306; x_wconf 90' lang='lat' dir='ltr'><strong>illo,</strong></span> <span class='ocrx_word' id='word_1_878' title='bbox 1513 2273 1659 2300; x_wconf 72' lang='lat' dir='ltr'><strong>«Dominus</strong></span> <span class='ocrx_word' id='word_1_879' title='bbox 1669 2272 1695 2298; x_wconf 90' lang='lat' dir='ltr'><strong>in</strong></span> <span class='ocrx_word' id='word_1_880' title='bbox 1706 2272 1773 2299; x_wconf 56' lang='lat' dir='ltr'><strong>eis.)</strong></span> 
     </span>
    </p>
   </div>
   <div class='ocr_carea' id='block_1_107' title="bbox 992 2317 1776 2352">
    <p class='ocr_par' dir='ltr' id='par_1_107' title="bbox 992 2317 1776 2352">
     <span class='ocr_line' id='line_1_107' title="bbox 992 2317 1776 2352; baseline -0.008 -3"><span class='ocrx_word' id='word_1_881' title='bbox 992 2322 1025 2349; x_wconf 90' lang='lat' dir='ltr'><strong>Ut</strong></span> <span class='ocrx_word' id='word_1_882' title='bbox 1039 2322 1111 2350; x_wconf 90' lang='lat' dir='ltr'><strong>enim</strong></span> <span class='ocrx_word' id='word_1_883' title='bbox 1135 2330 1197 2349; x_wconf 91' lang='lat' dir='ltr'><strong>eum</strong></span> <span class='ocrx_word' id='word_1_884' title='bbox 1213 2322 1296 2349; x_wconf 90' lang='lat' dir='ltr'><strong>alium</strong></span> <span class='ocrx_word' id='word_1_885' title='bbox 1308 2329 1369 2349; x_wconf 89' lang='lat' dir='ltr'><strong>esse</strong></span> <span class='ocrx_word' id='word_1_886' title='bbox 1388 2321 1539 2348; x_wconf 86' lang='lat' dir='ltr'><strong>declararet</strong></span> <span class='ocrx_word' id='word_1_887' title='bbox 1559 2319 1593 2345; x_wconf 88' lang='lat' dir='ltr'><strong>ab</strong></span> <span class='ocrx_word' id='word_1_888' title='bbox 1608 2326 1650 2349; x_wconf 89' lang='lat' dir='ltr'><strong>eo,</strong></span> <span class='ocrx_word' id='word_1_889' title='bbox 1667 2317 1713 2352; x_wconf 90' lang='lat' dir='ltr'><strong>qui</strong></span> <span class='ocrx_word' id='word_1_890' title='bbox 1730 2325 1776 2344; x_wconf 91' lang='lat' dir='ltr'><strong>su-</strong></span> 
     </span>
    </p>
   </div>
   <div class='ocr_carea' id='block_1_108' title="bbox 989 2364 1775 2404">
    <p class='ocr_par' dir='ltr' id='par_1_108' title="bbox 989 2364 1775 2404">
     <span class='ocr_line' id='line_1_108' title="bbox 989 2364 1775 2404; baseline -0.009 -8"><span class='ocrx_word' id='word_1_891' title='bbox 989 2369 1081 2404; x_wconf 83' lang='lat' dir='ltr'><strong>perius</strong></span> <span class='ocrx_word' id='word_1_892' title='bbox 1105 2377 1155 2404; x_wconf 86' lang='lat' dir='ltr'><strong>per</strong></span> <span class='ocrx_word' id='word_1_893' title='bbox 1178 2364 1277 2396; x_wconf 83' lang='lat' dir='ltr'><strong>nomen</strong></span> <span class='ocrx_word' id='word_1_894' title='bbox 1292 2371 1409 2403; x_wconf 83' lang='lat' dir='ltr'><strong>quatuor</strong></span> <span class='ocrx_word' id='word_1_895' title='bbox 1425 2367 1576 2393; x_wconf 89' lang='lat' dir='ltr'><strong>litterarum</strong></span> <span class='ocrx_word' id='word_1_896' title='bbox 1591 2364 1775 2395; x_wconf 87' lang='lat' dir='ltr'><strong>indicabatur,</strong></span> 
     </span>
    </p>
   </div>
   <div class='ocr_carea' id='block_1_109' title="bbox 990 2407 1775 2446">
    <p class='ocr_par' dir='ltr' id='par_1_109' title="bbox 990 2407 1775 2446">
     <span class='ocr_line' id='line_1_109' title="bbox 990 2407 1775 2446; baseline -0.01 -4"><span class='ocrx_word' id='word_1_897' title='bbox 990 2414 1055 2446; x_wconf 85' lang='lat' dir='ltr'><strong>Deo,</strong></span> <span class='ocrx_word' id='word_1_898' title='bbox 1075 2422 1138 2441; x_wconf 88' lang='lat' dir='ltr'><strong>cum</strong></span> <span class='ocrx_word' id='word_1_899' title='bbox 1155 2423 1164 2440; x_wconf 80' lang='grc' dir='ltr'>ι</span> <span class='ocrx_word' id='word_1_900' title='bbox 1181 2421 1280 2441; x_wconf 90' lang='lat' dir='ltr'><strong>currus</strong></span> <span class='ocrx_word' id='word_1_901' title='bbox 1296 2412 1342 2439; x_wconf 90' lang='lat' dir='ltr'><strong>Dei</strong></span> <span class='ocrx_word' id='word_1_902' title='bbox 1361 2421 1370 2437; x_wconf 71' lang='grc' dir='ltr'><strong>ι</strong></span> <span class='ocrx_word' id='word_1_903' title='bbox 1387 2411 1535 2443; x_wconf 88' lang='lat' dir='ltr'><strong>diceretur,</strong></span> <span class='ocrx_word' id='word_1_904' title='bbox 1550 2409 1693 2437; x_wconf 88' lang='lat' dir='ltr'><strong>elementis</strong></span> <span class='ocrx_word' id='word_1_905' title='bbox 1702 2407 1775 2443; x_wconf 85' lang='lat' dir='ltr'><strong>apud</strong></span> 
     </span>
    </p>
   </div>
   <div class='ocr_carea' id='block_1_110' title="bbox 988 2459 1776 2490">
    <p class='ocr_par' dir='ltr' id='par_1_110' title="bbox 988 2459 1776 2490">
     <span class='ocr_line' id='line_1_110' title="bbox 988 2459 1776 2490; baseline -0.011 -2"><span class='ocrx_word' id='word_1_906' title='bbox 988 2461 1116 2489; x_wconf 65' lang='lat' dir='ltr'><strong>Hebrmos</strong></span> <span class='ocrx_word' id='word_1_907' title='bbox 1129 2459 1311 2487; x_wconf 67' lang='lat' dir='ltr'><strong>inetlabilibus</strong></span> <span class='ocrx_word' id='word_1_908' title='bbox 1324 2465 1390 2486; x_wconf 90' lang='lat' dir='ltr'><strong>usus</strong></span> <span class='ocrx_word' id='word_1_909' title='bbox 1412 2461 1472 2490; x_wconf 87' lang='lat' dir='ltr'><strong>est;</strong></span> <span class='ocrx_word' id='word_1_910' title='bbox 1489 2463 1561 2483; x_wconf 91' lang='lat' dir='ltr'><strong>nunc</strong></span> <span class='ocrx_word' id='word_1_911' title='bbox 1572 2462 1637 2482; x_wconf 89' lang='lat' dir='ltr'><strong>vero</strong></span> <span class='ocrx_word' id='word_1_912' title='bbox 1653 2462 1776 2481; x_wconf 86' lang='lat' dir='ltr'><strong>commu-</strong></span> 
     </span>
    </p>
   </div>
   <div class='ocr_carea' id='block_1_111' title="bbox 988 2500 1776 2538">
    <p class='ocr_par' dir='ltr' id='par_1_111' title="bbox 988 2500 1776 2538">
     <span class='ocr_line' id='line_1_111' title="bbox 988 2500 1776 2538; baseline -0.011 -3"><span class='ocrx_word' id='word_1_913' title='bbox 988 2508 1112 2535; x_wconf 87' lang='lat' dir='ltr'><strong>nioribus</strong></span> <span class='ocrx_word' id='word_1_914' title='bbox 1127 2504 1344 2537; x_wconf 87' lang='lat' dir='ltr'><strong>cbaractcribus,</strong></span> <span class='ocrx_word' id='word_1_915' title='bbox 1368 2503 1468 2538; x_wconf 90' lang='lat' dir='ltr'><strong>quibus</strong></span> <span class='ocrx_word' id='word_1_916' title='bbox 1493 2501 1629 2530; x_wconf 85' lang='lat' dir='ltr'><strong>indicatur</strong></span> <span class='ocrx_word' id='word_1_917' title='bbox 1647 2500 1776 2528; x_wconf 86' lang='lat' dir='ltr'><strong>dominus</strong></span> 
     </span>
    </p>
   </div>
   <div class='ocr_carea' id='block_1_112' title="bbox 988 2545 1777 2589">
    <p class='ocr_par' dir='ltr' id='par_1_112' title="bbox 988 2545 1777 2589">
     <span class='ocr_line' id='line_1_112' title="bbox 988 2545 1777 2589; baseline -0.01 -9"><span class='ocrx_word' id='word_1_918' title='bbox 988 2554 1102 2589; x_wconf 87' lang='lat' dir='ltr'><strong>quilibet</strong></span> <span class='ocrx_word' id='word_1_919' title='bbox 1117 2552 1188 2587; x_wconf 87' lang='lat' dir='ltr'><strong>apud</strong></span> <span class='ocrx_word' id='word_1_920' title='bbox 1203 2551 1336 2578; x_wconf 87' lang='lat' dir='ltr'><strong>homines.</strong></span> <span class='ocrx_word' id='word_1_921' title='bbox 1362 2549 1464 2576; x_wconf 91' lang='lat' dir='ltr'><strong>Locum</strong></span> <span class='ocrx_word' id='word_1_922' title='bbox 1483 2548 1547 2575; x_wconf 90' lang='lat' dir='ltr'><strong>item</strong></span> <span class='ocrx_word' id='word_1_923' title='bbox 1562 2551 1690 2574; x_wconf 83' lang='lat' dir='ltr'><strong>accurate</strong></span> <span class='ocrx_word' id='word_1_924' title='bbox 1705 2545 1777 2573; x_wconf 89' lang='lat' dir='ltr'><strong>indi-</strong></span> 
     </span>
    </p>
   </div>
   <div class='ocr_carea' id='block_1_113' title="bbox 989 2594 1777 2632">
    <p class='ocr_par' dir='ltr' id='par_1_113' title="bbox 989 2594 1777 2632">
     <span class='ocr_line' id='line_1_113' title="bbox 989 2594 1777 2632; baseline -0.011 -4"><span class='ocrx_word' id='word_1_925' title='bbox 989 2605 1042 2631; x_wconf 88' lang='lat' dir='ltr'><strong>cat,</strong></span> <span class='ocrx_word' id='word_1_926' title='bbox 1061 2608 1070 2624; x_wconf 80' lang='grc' dir='ltr'><strong>ι</strong></span> <span class='ocrx_word' id='word_1_927' title='bbox 1087 2599 1114 2626; x_wconf 90' lang='lat' dir='ltr'><strong>in</strong></span> <span class='ocrx_word' id='word_1_928' title='bbox 1130 2598 1222 2630; x_wconf 80' lang='lat' dir='ltr'><strong>Sinai,</strong></span> <span class='ocrx_word' id='word_1_929' title='bbox 1240 2608 1249 2623; x_wconf 79' lang='grc' dir='ltr'><strong>ι</strong></span> <span class='ocrx_word' id='word_1_930' title='bbox 1267 2602 1296 2624; x_wconf 81' lang='grc' dir='ltr'><strong>ιιι</strong></span> <span class='ocrx_word' id='word_1_931' title='bbox 1316 2596 1482 2632; x_wconf 76' lang='lat' dir='ltr'><strong>signiﬁcaret</strong></span> <span class='ocrx_word' id='word_1_932' title='bbox 1498 2595 1642 2622; x_wconf 90' lang='lat' dir='ltr'><strong>Dominum</strong></span> <span class='ocrx_word' id='word_1_933' title='bbox 1659 2594 1686 2621; x_wconf 92' lang='lat' dir='ltr'><strong>in</strong></span> <span class='ocrx_word' id='word_1_934' title='bbox 1703 2597 1777 2620; x_wconf 87' lang='lat' dir='ltr'><strong>terra</strong></span> 
     </span>
    </p>
   </div>
   <div class='ocr_carea' id='block_1_114' title="bbox 989 2639 1775 2678">
    <p class='ocr_par' dir='ltr' id='par_1_114' title="bbox 989 2639 1775 2678">
     <span class='ocr_line' id='line_1_114' title="bbox 989 2639 1775 2678; baseline -0.01 -5"><span class='ocrx_word' id='word_1_935' title='bbox 989 2647 1088 2673; x_wconf 77' lang='lat' dir='ltr'><strong>visum.</strong></span> <span class='ocrx_word' id='word_1_936' title='bbox 1123 2645 1225 2672; x_wconf 83' lang='lat' dir='ltr'><strong>Deinde</strong></span> <span class='ocrx_word' id='word_1_937' title='bbox 1253 2648 1451 2678; x_wconf 84' lang='lat' dir='ltr'><strong>consequenter</strong></span> <span class='ocrx_word' id='word_1_938' title='bbox 1480 2640 1626 2669; x_wconf 88' lang='lat' dir='ltr'><strong>admodum</strong></span> <span class='ocrx_word' id='word_1_939' title='bbox 1657 2639 1741 2666; x_wconf 82' lang='lat' dir='ltr'><strong>infert</strong></span> <span class='ocrx_word' id='word_1_940' title='bbox 1766 2646 1775 2666; x_wconf 88' lang='lat'><strong>:</strong></span> 
     </span>
    </p>
   </div>
   <div class='ocr_carea' id='block_1_115' title="bbox 1025 2728 1776 2766">
    <p class='ocr_par' dir='ltr' id='par_1_115' title="bbox 1025 2728 1776 2766">
     <span class='ocr_line' id='line_1_115' title="bbox 1025 2728 1776 2766; baseline -0.015 -1"><span class='ocrx_word' id='word_1_941' title='bbox 1025 2738 1107 2765; x_wconf 72' lang='lat' dir='ltr'><strong>Vens.</strong></span> <span class='ocrx_word' id='word_1_942' title='bbox 1123 2736 1168 2763; x_wconf 70' lang='lat'><strong>22.</strong></span> <span class='ocrx_word' id='word_1_943' title='bbox 1200 2745 1210 2761; x_wconf 72' lang='grc' dir='ltr'>«ι</span> <span class='ocrx_word' id='word_1_944' title='bbox 1230 2733 1384 2762; x_wconf 88' lang='lat' dir='ltr'><strong>Ascendisti</strong></span> <span class='ocrx_word' id='word_1_945' title='bbox 1401 2731 1427 2760; x_wconf 86' lang='lat' dir='ltr'><strong>in</strong></span> <span class='ocrx_word' id='word_1_946' title='bbox 1442 2733 1537 2763; x_wconf 78' lang='lat' dir='ltr'><strong>altum,</strong></span> <span class='ocrx_word' id='word_1_947' title='bbox 1551 2730 1646 2766; x_wconf 83' lang='lat' dir='ltr'><strong>cepisti</strong></span> <span class='ocrx_word' id='word_1_948' title='bbox 1663 2728 1776 2764; x_wconf 83' lang='lat' dir='ltr'><strong>captivi-</strong></span> 
     </span>
    </p>
   </div>
   <div class='ocr_carea' id='block_1_116' title="bbox 988 2776 1813 2817">
    <p class='ocr_par' dir='ltr' id='par_1_116' title="bbox 988 2776 1813 2817">
     <span class='ocr_line' id='line_1_116' title="bbox 988 2776 1813 2817; baseline -0.017 -4"><span class='ocrx_word' id='word_1_949' title='bbox 988 2789 1082 2816; x_wconf 89' lang='lat' dir='ltr'><strong>tatem,</strong></span> <span class='ocrx_word' id='word_1_950' title='bbox 1101 2782 1228 2817; x_wconf 77' lang='lat' dir='ltr'><strong>accepisti</strong></span> <span class='ocrx_word' id='word_1_951' title='bbox 1249 2781 1320 2808; x_wconf 85' lang='lat' dir='ltr'><strong>dona</strong></span> <span class='ocrx_word' id='word_1_952' title='bbox 1345 2780 1373 2807; x_wconf 88' lang='lat' dir='ltr'><strong>in</strong></span> <span class='ocrx_word' id='word_1_953' title='bbox 1393 2777 1559 2806; x_wconf 88' lang='lat' dir='ltr'><strong>hominibus.</strong></span> <span class='ocrx_word' id='word_1_954' title='bbox 1579 2785 1588 2802; x_wconf 70' lang='grc' dir='ltr'><strong>ι</strong></span> <span class='ocrx_word' id='word_1_955' title='bbox 1609 2776 1776 2802; x_wconf 72' lang='lat' dir='ltr'><strong>Descensum</strong></span> <span class='ocrx_word' id='word_1_956' title='bbox 1809 2785 1813 2788; x_wconf 91' lang='lat'><em>-</em></span> 
     </span>
    </p>
   </div>
   <div class='ocr_carea' id='block_1_117' title="bbox 1036 2899 1483 2937">
    <p class='ocr_par' dir='ltr' id='par_1_117' title="bbox 1036 2899 1483 2937">
     <span class='ocr_line' id='line_1_117' title="bbox 1036 2899 1483 2937; baseline -0.016 -4"><span class='ocrx_word' id='word_1_957' title='bbox 1036 2906 1057 2922; x_wconf 82' lang='lat'><strong><em>“</em></strong></span> <span class='ocrx_word' id='word_1_958' title='bbox 1069 2905 1136 2932; x_wconf 87' lang='lat' dir='ltr'><strong>Dan.</strong></span> <span class='ocrx_word' id='word_1_959' title='bbox 1154 2911 1203 2937; x_wconf 84' lang='lat' dir='ltr'><strong>vn,</strong></span> <span class='ocrx_word' id='word_1_960' title='bbox 1222 2903 1262 2930; x_wconf 86' lang='lat' dir='ltr'><strong>lO.</strong></span> <span class='ocrx_word' id='word_1_961' title='bbox 1302 2902 1322 2918; x_wconf 86' lang='grc'><strong>³⁷</strong></span> <span class='ocrx_word' id='word_1_962' title='bbox 1336 2900 1388 2929; x_wconf 83' lang='lat' dir='ltr'><strong>lsa.</strong></span> <span class='ocrx_word' id='word_1_963' title='bbox 1403 2908 1441 2932; x_wconf 82' lang='lat' dir='ltr'><strong>vt,</strong></span> <span class='ocrx_word' id='word_1_964' title='bbox 1457 2899 1483 2926; x_wconf 77' lang='lat'><strong>3.</strong></span> 
     </span>
    </p>
   </div>
  </div>
