2041 3215
263 178 315 206 705
598 175 641 204 El]
646 175 735 203 SEBII’
752 175 994 205 CIESARIENSIS
1012 175 1089 204 OPP.

262 245 344 273 porro
357 236 417 270 eius
429 235 586 264 subindicat
595 243 658 265 cum
672 235 720 267 ait.
734 235 900 263 «ascendisti
919 246 925 263 :
939 246 948 262 ι
963 245 1052 272 neque
1067 241 1088 268 Α

261 283 335 310 enim
365 289 530 310 ascensurus
559 285 635 313 erat,
669 281 722 308 nisi
751 281 828 316 prius
854 281 1052 310 descendisset.

264 338 274 354 ε
284 327 350 355 Nam
370 328 417 363 qui
431 327 584 360 descendit,
599 328 657 362 ipse
667 331 711 355 est
727 332 754 356 et
773 328 819 363 qui
833 328 957 356 ascendit
972 337 1055 364 super

261 381 357 402 omnes
378 374 476 405 oculos,
494 377 524 401 ut
538 373 666 408 impleret
688 374 781 402 omnia
797 374 829 400 ³⁸.
847 383 857 400 ι
879 373 948 407 Quid
964 379 1054 402 autem

261 420 328 448 fecit
351 427 413 448 cum
430 419 621 448 ascendisset?
648 418 789 454 Captivam
806 421 885 447 duxit
912 421 1054 456 captivita-

262 472 330 498 tem.
345 470 373 494 et
385 466 491 501 accepit
504 466 576 494 dona
588 466 616 492 in
629 465 796 494 hominibus.
826 466 913 499 Quam
928 474 992 494 vero
1007 475 1055 494 ea-

261 513 414 548 ptivitalem
424 512 559 547 captivam
571 512 660 542 duxit.
674 513 725 539 nisi
742 513 871 547 prauiicta
888 514 1054 548 spolia,quze

261 559 362 587 milites
384 559 427 588 sui
445 559 597 587 diviserant
614 559 626 584 ἵ
646 558 698 585 Sed
724 559 806 586 etiam
827 559 960 594 largiente
974 559 1054 587 Patre

262 613 312 633 suo
327 605 433 640 accepit
448 605 519 632 dona
535 605 562 632 in
577 605 745 638 hominibus,
773 605 924 633 secundum
938 607 1054 641 promis-

261 650 368 678 sionem
386 650 420 677 ad
440 650 529 685 ipsum
553 649 653 677 factam
677 651 721 677 his
746 651 839 678 verbis
856 661 862 678 :
882 661 891 676 ι
909 651 1020 679 Postula
1039 660 1054 679 a

262 703 316 728 me,
342 698 370 723 et
392 695 464 722 dabo
480 695 528 722 tibi
545 700 640 731 gentes
658 695 843 724 luereditatem
858 700 933 723 tuam
948 702 974 724 et
992 705 1054 732 pns-

262 740 414 769 sessionem
428 744 502 768 tuam
516 741 648 769 terminos
662 745 751 770 terrae.
767 741 790 758 "
807 751 816 767 ι
833 741 960 777 Acceptis
975 750 989 769 a
1003 742 1054 769 Pa-

261 791 304 815 tre
327 787 484 822 hujnsmodi
510 787 590 815 donis
610 797 619 813 ‹
635 788 663 815 in
681 787 848 820 hominibus,
865 797 874 814 ι
894 795 970 815 suam
986 797 1053 816 con-

262 833 352 861 stituit
376 832 538 862 Ecclesiam.
569 832 618 862 His
643 833 791 868 subjicitur
813 843 819 861 :
848 843 857 859 ι
877 833 982 861 Etenim
999 843 1053 862 non

262 879 406 916 credentes
427 879 601 913 inhabitare;
621 890 632 906 ›
655 879 728 915 quod
741 880 844 908 clarius
858 880 1052 916 interpretatus

262 914 445 961 Symmachus
459 929 511 958 est,
539 935 548 951 ι
566 914 703 955 Adhucret
715 927 742 954 in
755 933 809 954 non
822 914 997 955 credentibus
1012 928 1053 955 in-
1069 930 1090 958 Β

264 970 396 998 habitare.
419 981 430 997 ο
453 970 521 998 Nam
539 975 566 998 et
583 970 662 1003 illud,
680 972 780 1007 inquit,
809 979 823 998 a
837 971 918 1000 Patre
936 974 1051 1008 accepit,

263 1021 292 1043 ut
307 1016 473 1045 inhabitaret
491 1017 518 1044 in
533 1018 573 1045 eis
592 1020 641 1053 qui
656 1017 722 1045 olim
737 1026 792 1045 non
813 1018 1004 1051 crediderant,
1026 1024 1054 1046 et

263 1063 354 1098 pietati
368 1063 395 1090 in
409 1063 494 1091 Deum
511 1064 746 1092 contradixerant.
775 1064 842 1091 Nam
859 1065 929 1093 hanc
944 1073 1054 1101 quoque

259 1112 424 1144 potestatem
438 1110 554 1144 accepit,
570 1113 600 1136 ut
614 1109 643 1136 in
653 1109 743 1136 medio
754 1117 809 1137 non
827 1110 997 1137 credentium
1011 1111 1053 1137 in-

262 1157 408 1189 habitaret,
432 1160 515 1191 atque
530 1164 563 1184 ex
578 1156 645 1191 ipsis
662 1165 716 1184 non
732 1156 906 1184 credentibus
923 1157 992 1184 dona
1007 1165 1054 1184 ac-

261 1204 374 1238 ciperet.
390 1202 538 1238 Postquam
553 1207 644 1230 autem
661 1209 701 1231 tot
713 1208 845 1239 praecepta
861 1207 923 1238 post
936 1204 1054 1240 prophe-

262 1250 327 1276 tiam
352 1250 416 1277 data
441 1254 515 1282 sunt,
533 1249 665 1286 deinceps
688 1250 808 1285 Spiritus
833 1255 957 1282 sanctus,
973 1251 1053 1286 quasi

261 1295 403 1331 praeclaris
415 1296 642 1331 mirabilibusque
659 1297 744 1332 gestis
762 1297 902 1332 operibus,
917 1300 957 1324 tot
968 1297 1053 1324 bouo~

261 1349 322 1369 rum
337 1342 459 1377 largitori
475 1342 612 1369 benedicit
625 1342 667 1369 his
679 1343 769 1370 verbis
787 1352 792 1369 :
814 1351 823 1368 ι
835 1342 966 1370 Dominus
983 1342 1053 1369 Deus

261 1387 433 1421 benedictus,
461 1387 622 1415 benedictus
646 1387 778 1416 Dominus
807 1388 939 1424 quotidie.
957 1398 967 1415 ι
994 1388 1052 1415 Non

260 1434 331 1461 ultra
356 1434 439 1467 enim,
461 1434 560 1469 inquit,
578 1434 704 1462 homines
731 1434 866 1470 malignos
882 1435 995 1470 spiritus
1010 1442 1054 1461 er-

261 1487 324 1507 rore
339 1480 415 1507 ducti
428 1481 532 1512 colunt.
549 1480 598 1507 sed
615 1480 732 1515 singulis
745 1481 841 1508 diebus
854 1484 880 1508 et
897 1480 971 1507 horis
984 1488 1054 1515 prae-

259 1525 364 1553 dictum
382 1525 527 1553 Dominum
554 1526 733 1554 benedicunt.
765 1526 826 1562 Ipse
840 1534 905 1554 vero
920 1526 1053 1554 Dominus

262 1582 273 1598 ί
287 1579 448 1607 prosperum
464 1573 516 1600 iter
527 1572 608 1600 faciet
623 1573 712 1604 nobis,
725 1584 734 1600 ι
755 1581 816 1601 cum
829 1574 887 1609 ipse
899 1574 935 1601 sit
952 1583 961 1599 ι
981 1573 1053 1601 Deus

260 1618 424 1645 salutarium
438 1623 623 1648 nostrorum.»
642 1619 705 1646 Dare
721 1627 786 1648 vero
800 1628 833 1647 ex
846 1628 962 1655 persona
976 1620 1053 1647 chori
1068 1612 1088 1640 (ἶ

261 1664 447 1699 apostolorum
465 1664 584 1699 Spiritus
597 1669 710 1692 sanctus
725 1666 862 1700 loquitur,
881 1670 911 1693 ut
927 1666 961 1693 ab
975 1665 1054 1693 initio

261 1710 398 1736 sermonis
414 1709 626 1738 declaravimus.
641 1711 775 1744 Quoniam
792 1712 876 1746 igitur
890 1719 1054 1747 prosperum

261 1756 313 1782 iter
328 1762 344 1782 a
359 1754 415 1783 Deo
429 1756 468 1783 illi
483 1757 677 1791 precabantur,
693 1762 721 1784 ut
734 1765 796 1784 eum
811 1758 927 1790 adirent,
945 1759 983 1786 uti
996 1758 1052 1793 jam

262 1805 342 1828 antea
359 1801 463 1828 dictum
475 1805 528 1834 est,
549 1803 706 1831 necessario
724 1803 820 1830 dicunt
836 1813 843 1830 :
864 1814 873 1830 I
890 1804 1053 1832 Benedictus

261 1847 392 1882 Dominus
407 1847 540 1883 quotidie,
557 1857 717 1885 prosperum
734 1851 786 1877 iter
799 1850 878 1878 faciet
890 1851 968 1878 nobis
981 1850 1052 1879 Deus

261 1893 422 1921 salutarium
439 1899 607 1923 nostrorum.
628 1906 638 1922 ι
671 1896 725 1924 Pro
738 1897 786 1924 illo
800 1901 902 1930 autem,
922 1906 932 1923 ι
950 1898 1053 1925 δοίιιιιμ

260 1939 331 1967 rium
344 1943 531 1972 nostrorum,»
552 1941 734 1977 Symmachus
753 1952 762 1968 ι
775 1942 926 1971 Salvatoris
940 1944 1026 1971 nostri
1039 1954 1048 1970 ι

261 1986 455 2021 interpretatus
467 1991 527 2021 est;
544 1996 593 2023 pro
603 1996 658 2023 quo
669 1996 778 2016 rursum
786 1988 950 2017 Hebraicum
960 1998 1052 2018 exem-

261 2031 331 2065 plar,
350 2031 501 2060 Salvatoris
517 2034 604 2061 nostri
615 2033 679 2061 Jesu
696 2042 796 2062 nomen
816 2035 1050 2063 commemoravit.

264 2086 273 2102 ι
286 2077 358 2104 Deus
376 2083 481 2111 noster,
492 2078 563 2106 Deus
581 2080 672 2107 salvos
688 2080 816 2112 faciendi,
832 2085 859 2108 et
874 2081 981 2108 Domini
997 2081 1052 2108 Do-

261 2122 328 2150 mini
344 2123 434 2151 exitus
446 2124 552 2152 mortis.
574 2135 583 2152 ι
600 2125 663 2152 llzec
679 2133 788 2153 rursum
803 2134 836 2153 ex
852 2134 969 2161 persona
987 2134 1052 2162 apo-

260 2168 394 2196 stolorum
417 2169 574 2204 prophetico
590 2170 661 2197 dicta
678 2176 752 2198 sunt.
778 2170 847 2204 Quia
863 2172 936 2198 enim
951 2172 985 2199 de
997 2172 1052 2200 Deo

259 2215 336 2250 prius
350 2216 433 2244 locuti
449 2220 734 2252 sunt,consequenter
750 2219 776 2245 in
792 2219 919 2254 prmsenti
934 2219 1030 2247 dicunt
1044 2229 1050 2246 :

261 2269 272 2287 ι
290 2261 362 2290 Deus
380 2267 483 2293 noster.
499 2263 569 2290 Deus
585 2264 677 2291 salvos
693 2264 820 2298 faciendi,
835 2269 862 2293 et
876 2264 983 2293 Domini
998 2266 1051 2293 Do-

258 2307 325 2334 mini
338 2307 429 2335 exitus
443 2309 554 2340 inortis;
567 2318 576 2334 ι
594 2309 652 2336 sive
666 2310 816 2337 secundum
830 2310 1021 2346 Symmachum
1040 2322 1047 2339 :
1065 2299 1088 2326 Ῐ)

260 2365 269 2381 ι
290 2356 362 2384 Deus
380 2357 470 2388 nobis,
484 2357 554 2385 Deus
571 2358 599 2384 in
615 2358 742 2390 salutem,
759 2363 786 2386 et
803 2358 910 2385 Domini
922 2359 1048 2386 domina-

257 2403 326 2431 toris
337 2405 428 2432 exitus
443 2405 469 2432 in
484 2409 609 2432 mortem.
628 2415 638 2431 ι
657 2404 724 2432 Nam
741 2413 802 2432 cum
819 2405 864 2432 hic
878 2406 954 2433 solus
976 2406 1048 2435 Deus

258 2450 304 2481 sit,
323 2451 347 2477 is
362 2458 429 2478 sane
446 2452 538 2479 exitus
561 2452 664 2480 invenit
683 2453 761 2487 queis
776 2460 790 2479 a
805 2457 893 2480 morte
909 2454 1045 2482 evaderet.

257 2495 482 2531 Quandoquidem
506 2498 595 2525 omnis
612 2498 695 2526 homo
711 2498 744 2526 ad
766 2499 919 2534 ingressum
937 2501 1048 2536 quidem

257 2541 353 2568 mortis
367 2543 500 2577 pervenit,
515 2543 638 2571 nondum
655 2548 745 2571 tamen
762 2545 796 2573 ab
809 2553 842 2573 eo
860 2546 935 2574 exire
947 2548 1046 2581 potuit.

257 2587 389 2616 Dominus
409 2593 501 2616 autem
519 2589 563 2617 hic
578 2594 756 2623 memoratus,
771 2593 816 2626 qui
830 2592 887 2626 jam
899 2594 1050 2620 communi-

257 2633 309 2660 bus
323 2633 466 2662 elcmentis
481 2635 509 2661 in
523 2635 658 2663 Hebraieo
674 2637 744 2663 libro
758 2638 898 2670 scribitur,
914 2647 976 2666 etim
1000 2648 1048 2666 ex-

257 2679 312 2706 itus
327 2687 342 2706 a
357 2685 444 2708 morte
458 2682 605 2716 aperuerit,
617 2681 688 2710 Deus
701 2683 781 2710 saluti
794 2685 967 2720 cognominis
983 2686 1049 2712 eli'e-

256 2728 318 2752 ctus
333 2728 383 2752 est.
406 2724 588 2758 Quamobrem
603 2727 724 2756 dicitur:
746 2737 755 2754 t
772 2729 842 2757 Deus
856 2734 959 2762 noster,
976 2729 1047 2758 Deus

257 2770 349 2798 salvos
367 2771 495 2799 faciendi.
516 2781 525 2798 ι
546 2772 638 2805 Quare
662 2774 707 2801 hic
724 2774 782 2809 ipse
806 2774 876 2803 .Iobo
892 2776 1047 2805 vaticinans

257 2817 385 2845 dicebat:
406 2827 414 2844 ι
431 2817 538 2846 Venisti
558 2823 648 2847 autem
674 2820 701 2847 in
720 2820 821 2849 fontem
849 2823 944 2856 maris,
963 2829 990 2852 ct
1019 2825 1046 2851 in

296 2910 317 2926 ν’
332 2909 420 2943 Ερίιέ
447 2919 482 2943 ιγ,
506 2911 548 2939 ίιθ.
589 2912 609 2928 ⁷-⁵
623 2911 696 2940 Ρςλί.
717 2921 747 2945 ιι,
765 2913 790 2939 8.

1108 175 1200 204 PARS
1217 174 1261 202 Ill.
1281 190 1316 196 —
1336 174 1542 203 EXEGETICA.
1843 176 1897 204 705

1103 244 1177 262 τεται
1201 235 1229 262 δὲ
1258 234 1341 261 αὑτοῦ
1357 234 1406 270 τὴν
1426 235 1548 267 κάθοδον,
1574 234 1619 261 διὰ
1639 234 1686 261 τοῦ
1705 235 1805 270 φάναι,
1826 237 1897 263 «ἀν-

1105 281 1188 316 έδης⁶
1205 290 1214 307 ι
1233 281 1263 307 οὺ
1279 280 1334 316 γὰρ
1348 279 1381 307 ἃν
1394 280 1482 312 ἄλλως
1500 280 1595 315 ἀνέὸη,
1608 280 1632 306 εί
1649 279 1687 316 μὴ
1700 280 1833 317 πρότερον
1846 289 1897 308 κα-

1103 326 1259 362 ταϐεϐήκει.
1267 336 1276 352 ι
1287 327 1317 353 'U
1324 326 1378 363 γὰρ
1396 326 1529 359 καταϐὰς,
1543 327 1622 359 αὑτός
1637 328 1695 354 ἐστι
1709 328 1756 354 καὶ
1767 329 1782 354 6
1792 327 1895 361 ἀναδάς

1104 373 1231 408 ὑπεράνω
1247 373 1354 399 πάντων
1365 372 1419 399 τῶν
1433 373 1566 408 οὐρανῶν,
1581 373 1624 400 ἶνα
1639 372 1769 409 πληρώσῃ
1782 373 1817 400 τὰ
1831 375 1897 401 πάνυ

1103 427 1147 445 τα.
1164 428 1173 444 ι
1184 419 1300 451 ’Λναὸἀς
1317 419 1346 445 δὲ
1360 418 1387 445 τί
1403 419 1535 455 ἑπραξεν;
1555 419 1779 455 ᾘχμαλώτευσεν
1796 420 1897 456 αἰχμα-

1103 464 1214 496 λωσίαν,
1233 466 1280 491 καὶ
1305 465 1384 491 ἔλαϐε
1407 464 1510 500 δόματα
1533 465 1562 492 ὲν
1585 465 1747 501 ἀνθρώποις.
1766 466 1852 494 Ποίαν
1865 466 1895 494 δὲ

1103 511 1292 546 αἰχμαλωσίαν
1304 511 1515 547 ᾐχμαλώτευσεν
1527 512 1543 547 ἢ
1555 512 1590 538 τὰ
1603 512 1784 548 προλεχθέντα
1797 512 1895 544 σκῦλα,

1103 557 1121 584 ἃ.
1134 557 1302 592 διενείμαντο
1317 558 1341 584 oi
1358 557 1441 584 αὑτοῦ
1457 557 1639 593 στρατιῶταις
1662 558 1742 585 Ἀλλὰ
1757 559 1805 586 καὶ
1817 558 1898 586 ἔλασε

1102 603 1208 638 δόματα
1222 605 1250 630 ἐν
1263 603 1428 639 ἀνθρώποις,
1437 604 1483 630 τοῦ
1499 604 1606 640 Πατρὺς
1616 605 1896 642 αῠτῷδεδωρημὲνον,

1104 650 1164 677 καθ’
1178 651 1211 685 ῆν
1226 650 1393 686 ἐπήγγελται
1414 650 1483 686 πρὸς
1498 650 1580 677 αὐτὸν
1599 651 1775 685 ἐπαγγελίαν,
1789 652 1897 689 φήσαςέ

1106 702 1116 720 ε
1131 693 1246 729 Αἴτησαι
1262 695 1327 731 παρ’
1337 694 1416 729 ἐμοῦ,
1429 696 1476 722 καὶ
1488 695 1565 722 δώσω
1578 705 1618 722 σοι
1635 696 1697 732 ἔθνη
1709 697 1758 731 τὴν
1772 696 1900 733 κληρονο-

1105 740 1169 775 μίαν
1183 749 1228 767 σου
1240 741 1286 767 καί⁵
1298 741 1347 777 τὴν
1360 742 1524 777 κατάσχεσίν
1537 750 1583 769 σου
1593 742 1627 769 τὰ
1638 742 1743 778 πέρατα
1754 743 1805 778 τῆς
1816 743 1894 779 τῆς.»

1103 786 1196 814 Ταῦτα
1206 787 1275 814 δὲτά
1289 787 1393 823 δόματα
1403 798 1411 814 ι
1425 789 1454 814 ὲν
1465 788 1618 824 ἀνθρώποις
1629 799 1638 815 ι
1653 788 1778 826 παρὰτοῦ
1790 790 1898 829 Πατρὸς

1104 833 1204 865 λαϐὼν,
1224 835 1407 870 συνεστήσατο
1427 835 1477 870 τὴν
1497 835 1659 870 Ἐκκλησίαν
1681 835 1772 862 αὑτοῦ.
1786 835 1899 868 Τούτοις

1104 879 1166 914 ἑξῆς
1189 880 1310 915 εἴρηται·
1331 889 1340 904 ε
1357 880 1411 906 Καὶ
1434 880 1488 916 γὰρ
1502 880 1678 913 ἀπειθοῦντες
1696 881 1742 908 τοῦ
1758 891 1901 918 κατασκη-

1105 925 1204 951 νῶσαι·
1221 935 1230 950 ι
1247 926 1315 960 ὅπερ
1331 926 1497 962 σαφέστερον
1515 927 1680 954 ἀπέδωκενό
1696 927 1846 963 Σύμμαχος
1860 930 1900 955 εί-

1104 971 1178 997 πών·
1196 972 1272 998 «Ἔτι
1294 973 1342 999 καὶ
1365 973 1394 998 ὲν
1418 972 1562 999 ἀπειθοῦσι
1583 974 1803 1009 καταπηνῶσαι.
1818 984 1828 1001 ι
1843 975 1901 1002 Καὶ

1103 1019 1182 1046 τοῦτο
1198 1019 1263 1055 γὰρ,
1281 1020 1357 1056 φησὶ,
1374 1020 1448 1056 παρά
1461 1020 1508 1046 τοῦ
1525 1021 1631 1057 Πατρὸς
1647 1021 1738 1053 ἔλαϐε,
1758 1021 1789 1048 τὸ
1812 1030 1900 1049 κατα-

1104 1067 1243 1102 σκηνῶσαι
1256 1068 1284 1093 ἐν
1296 1069 1352 1099 τοῖς
1368 1067 1451 1094 πάλαι
1464 1067 1608 1094 ἀπειθοῦσι
1620 1068 1667 1095 καὶ
1683 1067 1855 1103 ἀντιλέγουσι
1865 1070 1899 1106 τῇ

1103 1114 1150 1141 τοῦ
1164 1114 1231 1141 Θεοῦ
1246 1115 1381 1150 εὐσεϐείᾳ.
1396 1115 1452 1141 Καὶ
1467 1114 1570 1149 ταύτην
1582 1115 1636 1151 γὰρ
1653 1114 1747 1151 εἴληφε
1763 1116 1813 1152 τὴν
1827 1115 1903 1149 ἐξου-

1105 1161 1176 1193 σίαν,
1192 1160 1262 1187 ὥστε
1278 1161 1307 1187 ὲν
1325 1160 1400 1196 μέσῳ
1420 1160 1474 1187 τῶν
1496 1160 1680 1188 ἀπειθούντων
1696 1161 1900 1197 κατασκηνοῦν,

1104 1208 1134 1240 ἐξ
1150 1207 1239 1234 αὐτῶν
1262 1215 1291 1233 τε
1314 1207 1368 1233 τῶν
1391 1207 1575 1234 ἀπειθούντων
1589 1206 1737 1243 λαμϐάνειν
1751 1207 1842 1243 ἐαυτῷ
1855 1207 1885 1235 δύ

1106 1262 1187 1288 ματα.
1203 1252 1343 1279 Τοσούτων
1370 1252 1401 1288 δὴ
1430 1252 1600 1288 μαθημάτων
1627 1253 1835 1289 παραδοθέντων
1855 1253 1903 1281 διὰ

1103 1300 1153 1335 τῆς
1165 1299 1343 1335 προφητείας,
1355 1298 1418 1334 ἑξῆς
1429 1299 1460 1326 τὸ
1471 1299 1584 1334 Πνεῦμα
1596 1299 1626 1326 τὸ
1638 1299 1726 1334 ἅγιον,
1738 1299 1777 1332 ὡς
1789 1300 1838 1326 ἐπὶ
1851 1309 1902 1336 με-

1104 1345 1196 1380 γάλοις
1212 1345 1260 1372 καὶ
1275 1344 1437 1380 παραδόξοις
1453 1344 1672 1381 κατορθώμασιν,
1684 1346 1791 1380 εὑλογεϊ
1801 1346 1847 1373 τὸν
1857 1343 1903 1373 το-

1105 1392 1206 1419 σούτων
1221 1392 1332 1426 ἀγαθῶν
1346 1392 1447 1427 δπῆρα
1463 1391 1567 1426 φάσκον
1578 1400 1585 1406 ·
1603 1401 1612 1417 α
1625 1391 1727 1428 Κύριος
1744 1393 1759 1419 ό
1774 1391 1842 1424 Θεὸς
1854 1392 1903 1419 εὗ-

1103 1438 1226 1474 λογητὸς,
1250 1438 1396 1474 εὐλογητὸς
1416 1438 1519 1475 Κύριος
1541 1438 1649 1475 ἡμέραν
1670 1439 1730 1466 καθ’
1752 1439 1869 1475 ἡμέραν.
1887 1449 1898 1465 ι

1104 1485 1202 1511 Οὐκέτι
1219 1484 1283 1521 γὰρ,
1301 1486 1394 1520 φησὶν,
1412 1485 1549 1521 ἄνθρωποι
1564 1485 1693 1521 δαίμονας
1707 1486 1843 1522 πονηροὺς
1855 1494 1903 1513 πε-

1104 1530 1284 1566 πλανημένως
1296 1531 1463 1564 δοξάζουσιν,
1475 1531 1535 1558 ἀλλ’
1548 1532 1592 1567 ἐφ’
1602 1532 1720 1569 ἑκάστης
1734 1533 1840 1574 ἡμέρας
1852 1534 1904 1560 καὶ⁸

1105 1575 1164 1602 καθ’
1178 1576 1296 1613 ἑκάστην
1316 1577 1391 1613 ὥραν
1415 1578 1461 1604 τὸν
1484 1577 1691 1614 προδηλωθέντα
1705 1578 1806 1614 Κύριον
1818 1578 1901 1605 εὐλο-

1104 1622 1207 1656 γοῦσιν.
1217 1623 1245 1650 ’0
1258 1623 1286 1650 δὲ
1303 1624 1384 1656 αὐτὸς
1397 1624 1498 1660 Κύριος
1515 1633 1524 1649 ι
1540 1624 1720 1651 κατευοδώσει
1733 1624 1810 1660 ἡμῖν,
1822 1634 1832 1650 ι
1849 1626 1903 1652 αὐ-

1105 1669 1150 1700 τὸς
1163 1668 1201 1695 ὢν
1216 1679 1224 1695 ι
1239 1671 1252 1696 ό
1262 1669 1327 1701 θεὸς
1337 1669 1390 1697 τῶν
1404 1669 1544 1706 σωτηριῶν
1559 1669 1648 1706 ἡμῶν.
1659 1680 1668 1696 ι
1678 1670 1761 1705 Λέγει
1770 1670 1799 1697 δὲ
1811 1670 1903 1699 ταῦτα

1104 1714 1135 1741 τὸ
1148 1715 1259 1751 Πνεῦμα
1276 1715 1306 1742 τὸ
1323 1715 1399 1750 ᾶγιον
1411 1716 1443 1742 ἐκ
1455 1715 1602 1751 προσώπου
1616 1716 1663 1742 τοῦ
1674 1715 1755 1753 χοροῦ
1766 1716 1822 1743 τῶν
1831 1717 1902 1744 ἀπο-

1105 1761 1215 1793 στόλων,
1239 1763 1334 1798 ὥσπερ
1350 1760 1398 1789 οὖν
1427 1763 1472 1789 καὶ
1488 1762 1690 1797 ἀρχόμενοιτοῦ
1715 1762 1794 1798 λόγου
1828 1771 1903 1799 παρ-

1103 1809 1269 1844 εστήσαμεν.
1296 1809 1372 1836 Ἐπεὶ
1393 1809 1482 1835 τοίνυν
1503 1811 1552 1845 τῆς
1570 1809 1655 1837 ὲκτοῦ
1664 1809 1732 1837 Θεοῦ
1746 1810 1903 1837 κατευοδώ-

1105 1862 1172 1886 σεως
1187 1854 1290 1881 ἐδέοντο
1305 1853 1388 1888 οὗτοι,
1403 1856 1443 1887 εἰς
1461 1856 1491 1882 τὸ
1505 1856 1663 1892 ὁδοποιῆσαι
1679 1855 1763 1892 αὐτῷ,
1779 1856 1853 1884 κατὰ
1864 1858 1902 1884 τὰ

1103 1900 1257 1936 ἔμπροσθεν
1269 1901 1409 1936 εἰρημένα,
1428 1902 1584 1936 ἀναγκαίως
1609 1902 1700 1936 φασιν·
1721 1911 1730 1927 ι
1743 1902 1903 1939 Εὐλογητὸς

1103 1947 1204 1982 Κύριος
1232 1947 1338 1983 ἡμέραν
1364 1947 1423 1975 καθ’
1441 1947 1565 1984 ἡμέραν,
1590 1947 1769 1975 κατευοδὼσει
1792 1950 1859 1984 ἡμῖν
1885 1950 1903 1975 ὁ

1102 1993 1167 2025 Θεὸς
1188 1994 1242 2021 τῶν
1264 1994 1404 2030 σωτηριῶν
1423 1994 1511 2030 ἡμῶν.
1528 2005 1537 2020 ι
1548 1995 1621 2021 Ἀντὶ
1633 1995 1661 2021 δὲ
1677 1994 1736 2027 τοῦ,
1752 2005 1761 2021 ι
1774 1995 1830 2022 τῶν
1844 2003 1903 2022 σω-

1102 2039 1203 2075 τηριῶν
1217 2040 1306 2075 ἡμῶν,
1323 2049 1332 2066 ι
1348 2041 1362 2066 ὁ
1376 2040 1535 2075 Σύμμαχος,
1555 2049 1564 2065 ‹
1578 2039 1625 2066 τοῦ
1640 2039 1766 2076 Σωτῆρος
1778 2039 1869 2075 ἡμῶν,
1888 2049 1899 2066 ι

1101 2086 1291 2121 ἡρμήνευσεν·
1308 2086 1367 2113 ἀνθ’
1381 2083 1411 2113 οὗ
1426 2086 1455 2112 τὸ
1479 2086 1623 2122 Ἐϐραῖκὺν
1639 2086 1718 2113 πάλιν
1735 2085 1782 2113 τοῦ
1799 2086 1904 2121 ὀνόμα-

1101 2139 1147 2163 τος
1166 2130 1212 2157 τοῦ
1230 2131 1355 2168 Σωτῆρος
1378 2131 1456 2167 ἡμῶν
1475 2132 1563 2168 Ἰησοῦ
1591 2131 1738 2168 μέμνηται.
1758 2142 1767 2157 ι
1780 2131 1809 2158 Ὀ
1831 2131 1903 2165 Θεὸς

1102 2176 1192 2212 ἡμῶν,
1214 2178 1228 2204 ό
1242 2177 1308 2209 Θεὸς
1332 2177 1380 2204 τοῦ
1398 2177 1504 2210 σώζειν,
1520 2178 1568 2204 καὶ
1585 2177 1633 2204 τοῦ
1662 2177 1765 2213 Κυρίου
1792 2177 1901 2213 Κυρίου

1103 2223 1131 2249 αἱ
1153 2222 1263 2255 διέξοδοι
1284 2224 1331 2250 τοῦ
1354 2224 1480 2252 θανάτου.
1498 2234 1507 2251 ι
1529 2225 1614 2251 Πάλιν
1635 2225 1668 2251 ὲκ
1685 2223 1829 2259 προσώπου
1842 2223 1901 2250 τῶν

1104 2269 1260 2296 ἀποστϐλων
1270 2270 1447 2304 προφητικῶς
1456 2270 1502 2296 καὶ
1514 2269 1600 2296 ταῦτα
1613 2268 1747 2295 λέλεκται.
1757 2269 1835 2295 Ἐπεὶ
1843 2268 1900 2304 γὰρ

1103 2314 1282 2351 ὲθεολόγησαν
1303 2315 1348 2342 διὰ
1367 2315 1423 2341 τῶν
1441 2315 1604 2351 ἔμπροσθεν,
1623 2313 1778 2346 ἀκολούθως
1793 2314 1841 2341 καὶ
1853 2314 1901 2341 διὰ.

1102 2361 1156 2387 τῶν
1180 2361 1248 2397 μετὰ
1267 2362 1361 2397 χεῖράς
1374 2370 1455 2396 φασιν
1465 2370 1471 2376 ·
1492 2370 1502 2386 ί
1514 2361 1542 2387 'O
1557 2361 1622 2392 Θεὸς
1637 2360 1726 2396 ἡμῶν,
1741 2361 1756 2387 ό
1770 2359 1837 2391 Θεὸς
1849 2359 1899 2386 τοῦ

1103 2407 1210 2440 σώζειν,
1227 2409 1275 2434 καὶ
1287 2408 1334 2434 τοῦ
1349 2408 1451 2443 Κυρίου
1468 2407 1572 2443 Κυρίου
1588 2409 1616 2434 αἰ
1632 2407 1744 2440 διέξοδοι
1756 2406 1805 2433 τοῦ
1820 2407 1901 2434 θανά-

1101 2462 1148 2479 του
1157 2461 1164 2470 ·
1178 2462 1187 2478 ι
1201 2453 1217 2488 ἢ
1231 2453 1300 2479 κατά
1317 2453 1363 2479 τὸν
1377 2453 1527 2488 Σύμμαχον
1538 2460 1544 2467 '
1564 2462 1573 2478 ι
1585 2453 1614 2480 '0
1626 2453 1691 2485 Θεὸς
1702 2454 1767 2489 ἡμῖν
1779 2452 1847 2485 Θεὸς
1858 2454 1900 2486 είς

1104 2499 1252 2534 σωτηρίαν,
1270 2500 1376 2526 καὶτοῦ
1388 2500 1491 2535 Κυρίου
1511 2499 1557 2526 τοῦ
1574 2500 1704 2527 δεσπότου
1721 2500 1750 2526 αί
1767 2499 1807 2531 είς
1817 2498 1900 2526 θάνα-

1101 2554 1148 2571 τον
1163 2545 1257 2577 ἔξοδοι.
1274 2556 1284 2571 ›
1301 2545 1388 2578 Μόνος
1405 2546 1459 2582 γὰρ
1483 2544 1560 2578 οὗτος
1582 2546 1648 2578 Θεὸς
1669 2545 1707 2573 ὣν
1729 2544 1777 2573 τοῦ
1799 2544 1898 2577 σώζειν

1102 2591 1208 2624 ἐξόδους
1218 2592 1247 2618 εὖ
1253 2601 1313 2627 ρετο
1322 2593 1369 2619 τοῦ
1381 2593 1507 2620 θανάτου.
1517 2592 1627 2628 Ἐπειδὴ
1640 2593 1693 2624 πᾶς
1704 2591 1847 2629 ἄνθρωπος
1857 2592 1898 2625 εἰς

1104 2632 1152 2674 μὲν
1170 2639 1220 2675 τὴν
1235 2639 1335 2665 εἴσοδον
1352 2639 1398 2665 τοῦ
1417 2639 1531 2667 θανάτου
1549 2639 1676 2674 ἔφθασεν,
1691 2638 1783 2665 οὐκέτι
1803 2636 1833 2664 δὲ
1850 2638 1897 2665 καὶ

1101 2686 1245 2719 διεξελθεῖν
1268 2686 1349 2713 αῦτὸν
1374 2686 1563 2721 δεδύνηται.¹0
1578 2685 1606 2712 δὲ
1620 2685 1664 2712 διὰ
1684 2684 1740 2711 τῶν
1753 2684 1896 2719 παρόντων

1100 2731 1264 2767 δηλούμενος
1275 2732 1389 2768 Κύριος,
1402 2733 1450 2759 καὶ
1466 2731 1514 2758 νῦν
1526 2731 1570 2758 διὰ
1579 2731 1634 2757 τῶν
1649 2730 1745 2757 κοινῶν
1755 2727 1894 2764 στοιχείων

1101 2779 1130 2804 ἐν
1146 2778 1327 2814 τῇ,Ἐ6ραῑκῇ
1342 2778 1425 2813 βίϐλῳ
1434 2778 1618 2814 γραιξόμενος,
1631 2775 1764 2808 διεξόδους
1780 2773 1891 2810 ποιησά-

1103 2833 1182 2859 μενος
1196 2824 1243 2850 τοῦ
1261 2824 1386 2857 θανάτου,
1401 2824 1496 2858 γέγονε
1513 2823 1578 2855 θεὸς
1594 2821 1737 2857 ἐπώνυμος
1747 2819 1890 2856 σωτηρίας.
