2041 3215
136 180 191 210 705

703 178 959 207 COMMENTARIA
977 179 1015 207 IN
1035 179 1206 209 psatnos.
1229 170 1280 207 (ιτ

1719 182 1770 213 ’106

136 238 182 266 Διὸ
199 237 339 272 λέλεκται·
356 246 366 263 ε
377 237 406 264 '0
430 236 497 270 Θεὸς
521 238 610 274 ἡμῶν,
624 238 639 265 ὁ
654 238 720 270 Θεὸς
735 238 782 265 τοῦ
798 238 904 271 σώζειν.
918 249 928 265 ι

981 239 1106 275 vestigiis
1132 239 1224 275 abyssi
1249 239 1405 268 ambulasti.
1431 239 1599 275 Aperiuntur
1618 245 1707 269 autem
1720 241 1771 269 tibi

137 283 182 311 Διὸ
198 284 243 311 καὶ
262 283 302 319 τῷ
323 283 383 311 Ὶὼσ
404 284 418 310 ὁ
434 284 514 315 αὐτὸς
532 281 610 316 οὗτος
626 284 804 320 χρηματίζων
818 284 910 319 ἔλεγεν
921 291 930 301 ·

140 329 255 362 ι”Ηλθες
268 330 297 356 δὲ
312 330 359 357 ἐπὶ
372 332 464 366 πηγὴν
481 330 632 366 Θαλάσσηςο
645 332 674 357 ἑν
688 330 716 356 δὲ
733 331 833 365 ἴχνεσιν
848 332 932 358 ἀϐύσ-

139 384 185 402 σου
208 376 600 411 περιεπάτησας.“Ανοίγονται
625 376 654 403 δέ
680 385 720 403 σοι
746 377 820 412 φόϐῳ
848 377 930 404 πύλαι

138 422 265 449 θανάτου.
294 422 420 458 Πυλωροὶ
444 422 472 448 δὲ
499 422 563 458 ᾅδου
592 422 691 454 ἰδόντες
719 432 747 449 σε
770 423 898 459 ἔπτηξαν.
918 433 928 450 ι

137 468 291 505 Διαρρήδην
306 469 353 495 καὶ
367 468 396 495 ἑν
409 468 523 500 ἐκείνοις
537 469 586 504 τὴν
604 470 644 500 εἰς
659 468 703 495 τὸν
719 469 833 496 θάνατον
848 469 929 496 αὑτοῦ

138 514 250 542 κάθοδον
273 514 320 541 καὶ
343 515 392 550 τὴν
419 515 524 541 ἐκεῖθεν
549 514 666 547 διέξοδον
679 516 824 550 παριστὰς,
837 516 931 550 ὥσπερ

137 559 184 588 οὖν
197 560 245 587 καὶ
262 562 290 587 ἑν
304 562 359 591 τοῖς
371 560 572 596 προκειμένοις,
588 559 628 592 οἷς
648 561 801 593 ἀκολούθως
816 561 865 596 τὴν
877 562 930 588 τῶν

137 605 244 642 ἐχθρῶν
266 605 349 632 αὐτοῦ
371 605 515 641 συντριὸὴν
533 605 653 632 διδάσκει
674 605 777 639 λέγων·
803 615 811 630 ι
828 606 901 642 Πλὴν
917 607 931 632 ὁ

138 651 204 683 Θεὸς
222 650 363 678 συνθλάσει
381 651 503 686 κειραλὰς
519 651 625 686 ἐχθρῶν
646 650 738 677 αὐτοῦ.
755 660 763 676 ι
782 651 837 677 Καὶ
853 651 930 677 τοῦτο

137 697 167 725 δὲ
182 698 289 734 νοήσεις
311 698 444 733 παραθεὶς
460 698 508 733 τὴν
525 699 553 724 ἑν
565 698 650 733 ἑτέρῳ
666 698 798 731 λέγουσαν
821 698 928 732 φωνήν·

139 752 150 769 ι
164 743 201 770 Σὺ
217 743 407 779 ἑκραταίωσας
423 744 455 779 τῇ
469 743 581 778 δυνάμει
603 752 649 769 σου
666 744 714 779 τὴν
730 743 876 775 Θάλασσαν,
898 743 930 770 σὺ

138 790 302 825 συνέτριψας
311 790 360 821 τὰς
374 790 495 824 κεφαλὰς
510 790 564 817 τῶν
577 791 732 826 δρακόντων
745 791 791 816 ἐπὶ
806 790 852 817 τοῦ
869 790 931 817 ὓδα-

136 845 193 868 τος.
205 836 241 863 Σὺ
259 836 424 868 συνέθλασας
437 836 486 871 τὴν
501 837 621 872 κεφαλὴν
634 837 679 863 τοῦ
695 837 849 872 δράκοντος.
863 847 871 862 ι
883 837 931 863 Διὰ

137 881 193 918 γὰρ
205 881 307 909 τούτων
317 883 362 909 καὶ
381 884 405 909 οἱ
416 882 507 918 ἐχθροὶ
522 882 568 909 τοῦ
586 882 653 909 Θεοῦ
668 882 851 918 ἐδηλώθησαν,
868 882 931 918 περὶ

980 285 1078 312 timore
1096 288 1181 320 portae
1203 283 1297 311 inferi.
1325 283 1437 312 Ostiarii
1451 293 1516 313 vero
1531 285 1632 313 inferni
1646 286 1770 315 videntes

981 335 1008 358 te
1028 331 1170 358 conterriti
1194 334 1259 358 sunt
1279 330 1313 357 ⁸⁸.
1333 340 1342 356 ι
1364 330 1470 358 Diserte
1486 333 1513 359 in
1531 333 1586 360 illis
1601 341 1709 368 quoque
1723 333 1771 361 de-

981 385 1108 406 scensum
1127 378 1187 413 ejus
1199 378 1225 405 in
1241 381 1356 405 mortem
1376 382 1402 405 et
1423 379 1524 405 exitum
1541 379 1603 406 inde
1615 380 1769 412 declarans,

981 425 1209 461 quemadmodum
1225 429 1251 452 et
1267 425 1294 452 in
1313 426 1503 460 praesentibus,
1517 431 1611 461 postea
1626 435 1691 455 vero
1704 432 1771 455 con—

981 475 1127 506 sequenter
1151 471 1325 498 inimicorum
1341 479 1454 498 suorum
1479 473 1669 500 contritionem
1690 473 1771 500 docet

981 518 1024 545 his
1037 517 1129 545 verbis
1146 527 1152 544 :
1171 527 1180 543 «
1197 516 1393 544 Verumtamen
1418 517 1489 545 Deus
1506 518 1658 553 confringet
1679 519 1770 554 capita

981 564 1155 591 inimicorum
1169 570 1292 590 suorum.
1313 572 1322 588 ›
1355 562 1418 590 [hec
1429 571 1510 598 porro
1527 564 1671 599 intelliges,
1685 563 1708 592 si
1722 570 1770 592 νο·
1787 577 1791 581 ·

981 617 1038 636 cem
1055 610 1108 636 alio
1123 609 1150 636 in
1168 609 1273 644 psalmo
1288 610 1403 643 positam
1416 609 1479 636 buic
1493 617 1644 645 compares,
1654 617 1768 644 nempe:

984 666 992 681 ι
1009 655 1048 682 Tu
1064 655 1233 682 conﬁrmasti
1247 655 1347 682 virtute
1359 660 1405 682 tua
1417 663 1501 687 mare,
1516 660 1545 682 tn
1558 656 1710 683 contrivisti
1725 664 1771 683 ca-

980 702 1037 736 pita
1048 701 1197 728 draconum
1214 701 1242 727 in
1259 708 1340 735 aqua.
1356 699 1397 727 Tu
1411 701 1571 736 confregisti
1585 704 1666 736 caput
1677 701 1772 728 draco-

981 750 1035 776 nis.
1056 758 1065 774 ι
1084 748 1133 776 llis
1147 748 1220 775 enim
1236 747 1339 774 inimici
1366 748 1412 776 Dei
1427 748 1611 779 declarantur,
1627 747 1660 774 de
1671 747 1771 782 quibus

982 796 1025 822 hic
1037 794 1140 822 dictum
1158 798 1200 821 est
1214 802 1220 821 :
1240 803 1249 820 ι
1265 793 1458 821 Verumtamen
1475 793 1546 821 Deus
1557 793 1711 827 confringet
1725 800 1771 819 ca-

981 841 1037 877 pita
1053 840 1228 867 inimicorum
1241 847 1363 867 suorum.
1384 849 1394 866 ›
1424 839 1509 866 Erant
1522 843 1611 867 autem
1625 839 1664 866 illi
1677 839 1772 865 draco-

982 895 1030 914 nes
1046 887 1079 920 in,
1088 888 1157 914 mari
1174 891 1201 915 et
1214 888 1241 915 in
1253 888 1364 915 humida
1380 887 1533 915 substantia
1552 890 1660 918 nantes,
1675 885 1771 913 videli-

137 924 175 954 «In
188 927 305 954 ἐνταῦθα
317 927 457 954 λέλεκται·
472 937 480 953 ι
496 928 570 963 Πλὴν
584 928 598 953 ὁ
613 927 679 960 Θεὸς
694 928 836 954 συνθλάσει
847 936 931 962 κεφα-

981 937 1024 960 cet
1038 933 1203 961 adversaria:
1224 938 1374 969 potestates
1397 933 1443 961 Dei
1460 933 1588 964 inimicae,
1604 933 1631 959 in
1647 932 1729 959 salsis
1743 935 1771 959 et

138 973 187 1006 λὰς
207 973 313 1010 ἐχθρῶν
335 973 428 1000 αὐτοῦ.
446 972 550 1000 »Ἦσαν
567 973 595 1000 δὲ
611 971 683 1001 οὗτοι
705 974 850 1010 δράκοντες
864 975 887 1000 οἱ
903 974 931 1000 ἐν

138 1018 260 1054 θαλάσσῃ
285 1018 333 1045 καὶ
356 1018 402 1045 ἐπὶ
417 1019 503 1053 ὑγρᾶς
518 1018 612 1050 οὐσίας
635 1019 788 1053 νηχόμενοι,
804 1018 931 1053 δυνάμεις

137 1064 238 1100 δηλαδὴ
252 1064 442 1100 ἀντικείμεναι
460 1065 557 1100 ἐχθραὶ
575 1064 621 1091 τοῦ
635 1065 713 1097 Θεοῦ,
728 1066 784 1096 τοῖς
799 1065 930 1099 ἁλμυροῖς

138 1111 186 1138 καὶ
214 1112 338 1147 ρευστοῖς
371 1110 417 1137 τοῦ
444 1110 501 1145 βίου
532 1110 650 1146 κύμασιν
679 1110 929 1145 ἑγκαλινδούμεναι.

139 1157 220 1185 Ὅθεν
234 1158 282 1185 καὶ
296 1158 324 1184 ἐν
339 1157 377 1192 τῷ
398 1156 458 1184 ’1ὼὸ
474 1157 596 1191 ἐλέγετο·
611 1155 726 1188 (Ἦλθες
739 1157 767 1184 δὲ
778 1157 824 1183 ἑτέ).
839 1157 931 1192 πηγὴν

138 1203 295 1240 θαλάσσης,
323 1205 351 1230 ἑν
377 1203 405 1230 δὲ
430 1204 530 1239 ἴχνεσιν
561 1203 679 1230 ἀϐύσσου
714 1203 928 1238 περιεπάτησας.

144 1250 311 1284 ’Δνοίγονται
325 1249 354 1276 δέ
369 1258 410 1276 σοι
428 1249 503 1284 φόϐῳ
523 1249 606 1276 πύλαι
623 1249 748 1276 θανάτου.
763 1248 887 1284 Πυλωροὶ
902 1248 929 1274 δὲ

137 1296 212 1333 ᾅδου,
225 1296 326 1327 [δόντες
342 1304 382 1327 σε,
399 1295 529 1330 ἔπτηξαν.
547 1305 556 1320 i
573 1295 795 1330 Συντριῧομένων
808 1295 862 1330 γὰρ
875 1294 930 1320 τῶν

137 1341 264 1376 κεφαλῶν
285 1342 339 1368 τῶν
361 1341 525 1377 δρακόντων,
543 1340 677 1377 ἔπτησσον
699 1341 723 1367 οἱ
747 1341 867 1376 πυλωροὶ
882 1340 929 1367 τοῦ

137 1387 217 1424 ᾆδου·
234 1387 275 1414 διὸ
293 1387 339 1414 καὶ
362 1386 437 1422 φόϐῳ
453 1387 501 1418 τὰς
518 1386 604 1418 πύλας
621 1387 730 1422 ἤνοιγον
750 1385 797 1412 τοῦ
815 1385 928 1412 θανάτου

136 1433 175 1469 τῷ
192 1433 243 1465 τὰς
258 1433 379 1468 κεφαλὰς
393 1433 447 1459 τῶν
461 1431 566 1468 ἐχθρῶν
581 1431 663 1458 αὑτοῦ
679 1431 837 1458 συνθλῶντι.
850 1427 929 1458 Οὗτοι

137 1480 164 1507 δὲ
177 1481 201 1506 οἱ
222 1479 315 1516 ἐχθροὶ
333 1479 381 1506 τοῦ
400 1479 503 1515 Κυρίου
516 1479 545 1505 τὸ
562 1478 667 1505 πάντων
686 1477 836 1514 ἀνθρώπων
865 1486 930 1503 κατ-

137 1527 256 1554 επάτουν
279 1526 366 1560 γένος.
387 1527 432 1552 Διὸ
442 1526 564 1553 λέλεκται
576 1526 654 1561 ἑξῆς·
671 1535 679 1550 ι
696 1525 824 1560 Κορυφὴν
838 1525 929 1560 τριχὸς

136 1573 371 1610 διαπορευομένων
395 1573 424 1600 ὲν
445 1573 644 1609 πλημμελείαις
664 1572 764 1599 αὐτῶν.
786 1582 794 1598 ι
821 1572 928 1599 Τούτων

136 1619 191 1655 γὰρ
252 1605 317 1650 Θεὸς
335 1619 476 1646 συνθλάσει
563 1618 692 1653 κεφαλὰς,
710 1619 786 1654 φησι,
803 1618 857 1645 τῶν
874 1619 930 1645 δια-
944 1605 965 1635 C

136 1665 328 1701 πορευομένων
352 1665 400 1696 τὰς
413 1665 466 1691 τῶν
482 1664 632 1701 ἀνθρώπων
649 1664 781 1699 κεφαλάς.
791 1665 863 1691 ’Λντὶ
876 1665 929 1701 γὰρ

136 1711 195 1744 τοῦ,
215 1721 224 1737 ‹
239 1711 361 1747 κορυφὴν
388 1711 489 1746 τριχὸς,
513 1710 635 1746 κορυφὴν
660 1710 791 1746 ἔντριχον,
808 1720 817 1736 ›
842 1711 931 1746 ἡρμή-

137 1765 231 1784 νευσεν
254 1757 269 1783 ό
291 1756 448 1792 Σύμμαχος.
468 1757 582 1793 Κορυφὴ
598 1757 625 1783 δὲ
641 1757 763 1793 ἕντριχος
784 1758 800 1793 ή
826 1757 930 1792 κεφαλὴ

137 1803 191 1831 τῶν
212 1802 365 1839 ἀνθρώπων
389 1803 561 1838 σημαίνεται.
578 1803 687 1830 Τούτων
711 1801 757 1830 οὖν
772 1803 860 1830 αὐτῶν
877 1803 930 1829 τῶν

137 1845 243 1886 ἐχθρῶν
259 1849 367 1882 ἑαυτοῦ,
379 1850 433 1877 τῶν
446 1850 578 1885 πρότερον
591 1850 639 1882 τὰς
653 1850 707 1877 τῶν
723 1849 874 1886 ἀνθρώπων
889 1858 932 1876 κε-

138 1896 225 1930 φαλὰς
238 1895 473 1934 διαπορευομένων
491 1896 537 1923 καὶ
550 1896 602 1922 ὑπὸ
614 1898 669 1928 τοῖς
686 1896 789 1922 ἑαυτῶν
804 1897 867 1922 ποσὶ
881 1905 931 1923 κα-

138 1942 342 1975 ταπατούντων,
358 1943 372 1970 ὁ
383 1943 433 1975 τὰς
445 1942 578 1976 διεξόδους
590 1942 637 1969 τοῦ
652 1943 766 1969 θανάτου
781 1943 931 1978 πεποιημέ-

139 1997 183 2020 νος
204 1988 272 2019 Θεὸς
294 1988 344 2020 τὰς
366 1988 486 2024 κεφαλὰς
504 1988 738 2015 συνθλάσει.“Αντ“ι
755 1988 782 2015 δὲ
799 1988 856 2019 τοῦ,
876 1997 885 2013 ι
902 1988 930 2014 ἑν

141 2033 341 2071 πλημμελείαις
354 2035 452 2067 αὐτῶν,
469 2045 478 2060 ›
498 2035 512 2061 ὁ
527 2034 683 2070 Σύμμαχος,
703 2044 712 2059 ι
729 2035 757 2060 ὲν
772 2035 831 2064 ταῖς
845 2033 931 2068 πλημ-

141 2080 263 2116 μελεῐαις
275 2081 370 2116 αὐτῆς,
387 2091 396 2106 ι
414 2081 584 2117 ἡρμήνευσεν
601 2079 684 2106 εἰπών
698 2088 704 2095 ·
723 2089 732 2105 ‹
747 2079 876 2115 Κορυφὴν
889 2078 932 2105 ἕνα

139 2135 232 2164 τριχον
248 2128 487 2163 ἀναστρεφομένην
496 2127 525 2154 ὲν
535 2128 593 2159 ταῖς
601 2126 800 2162 πλημμελείαις
811 2126 904 2161 αὐτῆς.
918 2136 927 2152 ι

140 2173 207 2200 οὐδὲ
223 2174 280 2209 γὰρ
296 2173 383 2205 ἄλλως
399 2174 510 2200 δυνατὸν
530 2171 565 2208 ἦν
587 2175 644 2203 τοῖς
660 2172 768 2208 ἐχθροῖς
790 2172 836 2198 τοῦ
862 2171 929 2198 Θεοῦ

140 2220 307 2247 καταπατεῖν
326 2219 447 2255 κορυφὴν
463 2219 594 2255 ἕντριχον,
612 2218 733 2246 τουτέστι
750 2217 798 2249 τὰς
814 2218 867 2244 τῶν
883 2218 930 2245 ἁν-

982 979 1148 1007 volubitibus
1173 979 1234 1007 vita:
1251 979 1379 1007 ﬂuctibus
1401 979 1539 1006 volutata
1563 978 1653 1011 Quare
1674 978 1702 1004 in
1720 976 1771 1004 Job

981 1026 1093 1060 quoque
1103 1026 1246 1053 dicebatur
1261 1034 1267 1053 :
1292 1035 1301 1051 ι
1321 1025 1426 1053 Venisti
1440 1029 1531 1052 autem
1547 1025 1575 1051 in
1595 1024 1697 1051 fontem
1712 1031 1772 1050 ma-

981 1071 1031 1103 ris,
1045 1075 1072 1098 et
1084 1072 1112 1098 in
1125 1071 1248 1106 vestigiis
1261 1071 1352 1106 abyssi
1369 1071 1525 1098 ambulasti.
1543 1070 1711 1106 Aperiuntur
1723 1077 1772 1096 au-

981 1120 1035 1143 tem
1049 1117 1099 1144 tibi
1116 1118 1214 1145 timore
1240 1122 1323 1152 porta:
1338 1117 1428 1145 inferi.
1461 1116 1574 1144 Ostiarii
1589 1123 1653 1144 vero
1671 1115 1771 1142 inferni

981 1162 1104 1190 videntes
1118 1167 1144 1191 te
1161 1163 1303 1191 conterriti
1319 1169 1410 1191 sunt.»
1425 1163 1558 1190 Contritis
1574 1169 1692 1196 namque
1705 1160 1771 1187 dra-

981 1217 1081 1236 conum
1103 1209 1240 1244 capitibus
1262 1210 1369 1237 ostiarii
1393 1209 1492 1236 inferni
1515 1208 1656 1236 conterriti
1681 1212 1769 1236 sunh

980 1262 1065 1290 quare
1079 1255 1177 1282 timore
1193 1255 1311 1290 correpti
1323 1258 1416 1290 portas
1432 1254 1528 1282 mortis
1541 1255 1631 1289 capita
1644 1254 1772 1282 inimico-

980 1307 1040 1326 rum
1053 1308 1166 1327 suorum
1185 1299 1367 1335 confringenti
1383 1300 1552 1335 aperiebant.
1576 1299 1608 1326 Hi
1633 1307 1698 1327 vero
1719 1300 1772 1327 ini—

981 1346 1044 1373 mici
1065 1346 1174 1373 Domini
1198 1347 1355 1374 universum
1371 1347 1511 1374 hominum
1523 1354 1610 1381 genus
1629 1347 1773 1373 conculca-

979 1393 1055 1420 bant.
1085 1393 1259 1428 Quapropter
1275 1393 1390 1420 inferius
1404 1392 1505 1419 dicitur
1520 1402 1526 1420 :
1545 1400 1554 1417 ι
1574 1392 1707 1419 Verticem
1725 1399 1773 1418 ca-

980 1439 1037 1474 pilli
1053 1439 1302 1474 perainbutantium
1316 1439 1343 1465 in
1360 1439 1466 1466 delictis
1480 1438 1548 1466 suis.
1567 1447 1576 1463 ›
1594 1437 1696 1464 Horum
1707 1458 1714 1470 ,
1729 1436 1772 1464 in-

980 1485 1049 1519 quit.
1066 1484 1137 1511 Deus
1155 1484 1245 1518 capita
1259 1483 1424 1518 confringet,
1439 1478 1698 1517 perambulantium,
1720 1481 1770 1512 ait.

979 1535 1006 1558 et
1022 1530 1187 1557 calcantium
1213 1529 1302 1563 capita
1325 1529 1476 1555 hominum.
1505 1526 1557 1555 Pro
1579 1527 1625 1554 illo
1641 1534 1770 1562 namque,

983 1586 992 1602 ι
1007 1576 1137 1603 verticem
1163 1576 1264 1610 capilli,
1288 1584 1298 1601 ι
1317 1574 1508 1610 Symmachus,
1539 1582 1548 1598 ι
1572 1573 1703 1600 verticem
1725 1579 1772 1599 ca-

982 1623 1116 1658 pillatum,
1138 1631 1147 1647 ι
1174 1622 1265 1649 vertit.
1287 1620 1387 1647 Vertex
1409 1625 1498 1646 autem
1513 1619 1666 1653 capillatus.
1681 1620 1771 1653 ipsum

981 1667 1122 1694 hominum
1135 1670 1217 1701 caput
1228 1665 1373 1701 signiﬁcat.
1391 1663 1492 1690 Horum
1508 1664 1600 1698 itaque
1614 1663 1666 1691 sibi
1680 1663 1771 1690 inimi~

981 1720 1088 1744 corum,
1113 1713 1158 1747 qui
1179 1712 1254 1746 prius
1281 1711 1423 1738 hominum
1446 1710 1535 1745 capita
1555 1709 1681 1736 terebant
1696 1708 1773 1743 pedi-

981 1759 1087 1794 busque
1103 1759 1160 1786 suis
1177 1759 1331 1791 calcabant,
1348 1758 1437 1792 capita
1453 1756 1606 1792 confringet
1624 1756 1706 1789 Deus,
1724 1755 1772 1791 qui

981 1807 1072 1833 exitus
1089 1805 1185 1832 mortis
1208 1804 1307 1831 eﬂ'ecit.
1340 1803 1395 1830 Pro
1411 1803 1457 1829 illo
1470 1806 1572 1833 autem,
1595 1812 1603 1827 ι
1622 1802 1647 1828 in
1664 1801 1772 1828 delictis

981 1851 1049 1882 suis,
1066 1860 1075 1876 ›
1093 1849 1284 1885 Symmachus,
1300 1859 1309 1875 ι
1327 1850 1354 1876 ἱιι
1376 1848 1483 1875 delictis
1506 1848 1565 1881 ejus
1584 1856 1593 1872 ι
1609 1847 1772 1881 interpreta-

981 1900 1026 1924 tns
1038 1900 1091 1927 est,
1104 1895 1199 1923 dicens
1216 1904 1222 1922 :
1242 1894 1392 1923 «Verticem
1404 1893 1560 1928 capillatum
1574 1892 1728 1920 revolutum
1740 1891 1772 1918 in

982 1942 1091 1970 delictis
1103 1941 1172 1976 ejus.
1181 1951 1189 1967 ι
1198 1940 1292 1975 Neque
1303 1941 1375 1968 enim
1385 1940 1439 1967 alio
1447 1940 1527 1966 modo
1536 1942 1659 1973 poterant
1667 1937 1771 1965 inimici

982 1989 1029 2016 Dei
1038 1988 1167 2016 verticem
1177 1987 1346 2022 capillatum.
1357 1986 1383 2013 id
1390 1990 1430 2013 est
1445 1985 1586 2012 hominum
1594 1984 1694 2019 capita,
1705 1990 1773 2010 con-

981 2035 1100 2067 cnlcare,
1109 2033 1160 2060 nisi
1170 2032 1288 2068 propriis
1295 2031 1402 2059 delictis
1410 2039 1442 2058 ac
1450 2030 1570 2065 peccatis
1576 2029 1697 2064 depressi
1704 2028 1773 2056 fuis-

983 2084 1054 2108 sent.
1074 2079 1165 2111 Quare
1186 2078 1220 2105 iis
1233 2078 1279 2113 qni
1293 2077 1362 2105 tales
1381 2083 1435 2104 non
1450 2080 1529 2103 erant
1549 2075 1657 2103 dicebat
1673 2074 1774 2102 Serva-

983 2131 1024 2154 tor
1042 2135 1048 2153 :
1074 2135 1083 2151 ι
1097 2124 1186 2153 Vestri
1203 2128 1293 2151 autem
1306 2123 1397 2158 capilli
1409 2123 1508 2158 capitis
1525 2130 1621 2150 omnes
1635 2121 1773 2149 numerati

982 2175 1046 2198 sunt
1056 2170 1089 2198 “.
1106 2179 1115 2196 ›
1125 2169 1192 2197 Nam
1206 2169 1402 2204 discipulorum
1413 2168 1502 2203 capilli
1515 2167 1615 2202 singuli
1629 2167 1773 2194 nobilioris

982 2216 1107 2251 corporis
1121 2216 1218 2251 partis,
1243 2219 1273 2242 ut
1286 2214 1436 2242 necessarii
1454 2219 1481 2241 et
1498 2214 1532 2241 ad
1546 2217 1672 2240 ornatum
1687 2212 1774 2240 totius

141 2259 258 2301 θρὼπων
273 2265 405 2300 κεφαλὰς,
423 2267 448 2292 εἰ
465 2265 501 2301 μὴ
520 2266 581 2297 ταῖς
602 2264 716 2295 οἰκείαις
730 2263 931 2299 πλημμελείαις

984 2261 1156 2289 conferentes
1167 2281 1174 2294 ,
1195 2260 1401 2288 enumeratione
1417 2264 1444 2287 et
1456 2259 1580 2287 custodia
1592 2258 1682 2284 divina
1697 2257 1774 2291 digni

141 2312 186 2338 καὶ
199 2311 348 2347 ἁμαρτίαις
364 2311 571 2338 τεταπείνωντο.
584 2311 628 2336 Διδ
643 2312 698 2342 τοῖς
718 2310 754 2345 μὴ
775 2310 904 2340 τοιούτοις
918 2311 932 2336 ὁ

142 2356 238 2393 Σωτὴρ
255 2356 361 2390 ἔλεγεν·
378 2366 387 2382 ι
398 2356 490 2392 ’Υμῶν
505 2356 533 2383 δὲ
545 2356 592 2383 καὶ
604 2357 631 2382 αἱ
644 2356 736 2392 τρίχες
747 2356 795 2390 τῆς
811 2355 931 2390 κεφαλῆς

141 2403 228 2430 πᾶσαι
247 2403 435 2438 ἠριθμημέναι
456 2402 534 2429 εἰσιν,
551 2412 560 2428 ι
580 2402 639 2428 Τῶν
656 2402 710 2437 γὰρ
728 2402 818 2428 αὐτῶν
842 2401 930 2437 μαθη-

984 2307 1078 2340 fuere;
1095 2311 1125 2333 ut
1147 2314 1181 2333 ne
1202 2305 1366 2333 raderentur
1378 2305 1510 2332 novacula
1526 2303 1711 2334 inimicorum,
1725 2301 1773 2336 qui

984 2353 1174 2389 perainbulant
1195 2355 1222 2380 et
1236 2352 1401 2379 conculcant
1419 2358 1528 2378 omnem
1542 2349 1671 2376 verticem
1688 2348 1774 2382 capil—

984 2400 1068 2427 latum
1086 2399 1239 2426 revolutum
1252 2398 1279 2424 in
1291 2396 1398 2424 delictis
1411 2396 1481 2431 ejus.

141 2449 194 2477 τῶν
209 2450 257 2477 καὶ
273 2449 375 2485 ἑκάστη
390 2449 450 2486 θρὶξ
465 2449 512 2476 τοῦ
526 2449 690 2485 τιμιωτέρου
707 2449 808 2484 μέρους
821 2448 868 2475 τοῦ
883 2447 1023 2483 σώματος,
1044 2446 1082 2477 ὡς
1096 2444 1233 2479 ἀναγκαία
1249 2443 1296 2470 καὶ
1330 2443 1425 2478 κόσμῳ
1457 2441 1502 2468 τοῦ
1533 2440 1634 2472 παντὸς
1651 2439 1773 2475 συμϐαλ-

142 2498 253 2534 λομένη,
269 2498 384 2534 ἀριθμοῦ
407 2497 573 2533 κατηξίωται
589 2497 661 2523 θείου
675 2497 721 2524 καὶ
739 2497 862 2532 φυλακῆς
873 2505 879 2511 ·
896 2496 934 2527 ὡς
952 2494 984 2520 ἂν
999 2494 1036 2529 μὴ
1054 2492 1191 2529 ξυρηθῶσι
1203 2491 1243 2527 τῷ
1260 2490 1333 2527 ξυρῷ
1341 2490 1395 2517 τῶν
1418 2488 1522 2525 ἐχθρῶν
1551 2488 1605 2515 τῶν
1619 2489 1774 2525 ἐμπεριπα-

142 2546 260 2574 τούντων
272 2546 499 2573 καταπατούντων
517 2546 607 2572 πᾶσαν
620 2544 741 2580 κορυφὴν
753 2545 874 2579 ἓντριχον
886 2544 936 2579 τὴν
954 2540 1195 2577 ἀναστρεφομένην
1212 2541 1240 2566 ὲν
1258 2539 1310 2574 πλη
1315 2538 1457 2574 μμελείαις
1470 2537 1564 2572 αὐτῆς.

179 2614 189 2630 ι
204 2602 274 2631 Eine
300 2603 402 2639 Κύριος
413 2612 419 2618 ·
429 2604 477 2630 Ἐκ
488 2603 577 2630 Βασὰν
593 2603 760 2639 ἐπιστρέψω,
775 2601 932 2638 ἐπιστρέψω

145 2651 172 2677 ἑν
190 2650 281 2686 βυθοϊς
295 2649 442 2685 θαλάσσης.
456 2659 465 2675 ι
484 2649 568 2676 Πάλιν
592 2649 729 2676 κάνταῦθα
752 2658 761 2674 ι
777 2650 790 2674 ὁ
804 2649 904 2684 Κύριος
920 2658 929 2673 ›

144 2697 174 2724 οὐ
183 2696 228 2723 διὰ
237 2696 447 2732 τετραγράμμου
460 2698 524 2733 παρ’
537 2697 669 2732 Ἑϐραίοις
680 2695 881 2730 ὲκπεφώνηται,
890 2694 933 2720 διὰ

146 2742 173 2769 δὲ
184 2742 239 2770 τῶν
250 2742 410 2779 κοινοτέρων
428 2743 575 2778 στοιχείων.
594 2742 663 2777 Ἤδη
691 2742 718 2768 δὲ
731 2742 822 2777 τρίτον
839 2741 933 2768 τοῦτον

148 2788 279 2823 ἐδήλωσεν
292 2790 308 2824 ἠ
319 2788 443 2823 παροῦσα
453 2788 547 2823 Γραφὴ
559 2788 695 2822 ἑφιστῶσα
710 2787 755 2814 τὸν
771 2787 808 2819 ὡς
820 2787 852 2814 ἂν
864 2788 935 2814 εἴποι

147 2842 198 2867 τις,
214 2835 339 2870 δεύτερον
353 2834 548 2870 Κύριον.Ἐπεὶ
562 2836 608 2862 καὶ
624 2836 653 2861 ὲν
665 2834 704 2870 τῷ
721 2835 851 2869 φάσκοντι
867 2834 935 2869 ψαλ-

184 2913 206 2930 “
221 2911 271 2941 Job
288 2922 402 2945 xxxviii,
419 2914 462 2947 16,
482 2914 525 2941 Π.
563 2913 584 2930 υ
598 2913 692 2941 Matth.
711 2921 738 2946 ι,
757 2913 802 2941 30.

1019 2599 1103 2627 Vens.
1121 2599 1166 2626 25.
1191 2608 1200 2624 ι
1219 2598 1293 2625 Dixit
1319 2597 1460 2629 Dominus,
1483 2595 1521 2622 hx
1541 2595 1631 2623 Basan
1658 2601 1773 2622 conver-

985 2652 1050 2680 tam,
1063 2650 1220 2675 convertam
1235 2646 1263 2672 in
1281 2644 1445 2680 profundum
1461 2643 1556 2669 maris.
1572 2651 1582 2667 ι
1603 2641 1652 2668 [lic
1663 2648 1773 2668 rursum

988 2705 996 2720 ι
1013 2694 1157 2725 Dominus,
1174 2703 1183 2718 ι
1199 2701 1254 2720 non
1268 2693 1313 2719 illa
1326 2695 1444 2726 quatuor
1464 2690 1615 2716 litterarum
1625 2695 1690 2715 voce
1703 2686 1773 2722 apud

987 2741 1116 2769 Hebrmos
1130 2739 1302 2774 exprimitur,
1324 2737 1371 2764 sed
1392 2735 1626 2764 comtnunioribus
1651 2734 1773 2761 elemen.

987 2788 1031 2815 tis.
1048 2786 1163 2821 Jamque
1179 2785 1258 2812 tertio
1273 2785 1345 2811 lnmc
1358 2791 1478 2819 praesens
1494 2783 1630 2816 scriptura
1650 2779 1772 2806 nomina-

987 2834 1036 2867 vit,
1049 2831 1430 2867 secundumqueDominum,
1455 2834 1484 2857 ut
1504 2828 1640 2864 quispiam
1661 2825 1774 2857 dixerit,
