2041 3215
273 169 329 198 701

630 168 765 198 EUSEBll
785 169 1025 198 CIESARlENSIS
1044 171 1118 199 OPP.
1140 172 1230 200 PAllS
1249 173 1292 200 lll.
1313 189 1348 193 —
1367 173 1573 202 EXEGETICA.

1852 176 1904 205 708

275 227 392 255 induxit.
411 227 551 262 Siquidem
567 227 710 262 in‘psalmo
727 227 772 261 qui
791 227 832 254 sic
846 227 927 255 habet
941 237 948 254 :
964 238 973 253 ι
989 228 1047 256 Dixi

1115 231 1158 267 μῷ
1168 240 1174 246 ”
1193 241 1202 257 ι
1216 230 1283 258 Εἷπε
1296 231 1397 268 Κύριος
1412 232 1452 267 τῷ
1466 232 1560 268 Κυρίῳ
1573 240 1635 268 μου.
1654 233 1746 260 Κάθου
1762 234 1794 260 ἐκ
1810 233 1903 268 δεξιῶν

274 273 406 300 Dominus
435 272 551 299 Domino
568 280 628 299 meo
646 281 652 299 :
674 271 744 299 Sede
762 280 776 298 a
794 272 899 300 dextris
911 274 980 301 meis
989 274 1028 306 δ’,
1049 284 1059 300 ι

274 319 379 354 prximus
401 327 449 354 per
465 318 614 346 inetl'abilia
627 318 698 352 apud
717 318 845 346 Hebraeos
861 324 980 354 quatuor
1004 322 1060 348 ele-

273 368 363 392 menta
383 365 533 397 scribitur;
549 365 686 392 secundus
703 369 803 396 autem.
818 373 898 400 quem
912 367 954 394 sui
973 366 1062 394 Domi-

272 418 337 438 num
362 410 498 445 Propheta
525 410 647 437 declarat
667 410 772 442 dicens,
790 420 799 436 ι
815 410 930 438 Domino
944 419 1006 439 meo
1018 432 1026 444 ,
1048 422 1058 438 ι

271 457 332 484 aliis
349 457 491 484 elementis
507 457 682 491 exprimitur,
698 457 776 491 queis
788 457 912 491 cujusvis
927 459 1000 485 servi
1014 458 1060 486 do-

271 503 363 529 minus
377 502 556 537 signiﬁcatur.
574 502 620 529 Sic
633 510 699 537 ergo
712 511 786 530 nunc
800 511 910 538 quoque
921 504 977 539 jam
1003 509 1061 532 ter-

270 549 310 576 tio
325 549 369 576 ille
382 548 524 582 Dominus,
538 549 586 583 qui
598 556 685 583 usque
701 549 735 575 ad
752 549 889 576 infernum
905 550 1058 584 descendit,

270 595 414 629 exitusque
436 595 533 622 mortis
552 595 667 629 paravit.
685 594 846 629 vulgaribus
870 599 897 622 et
919 596 1058 624 consuetis

270 640 343 675 apud
362 640 490 667 Hebraeos
503 640 646 667 elementis
671 639 845 674 exprimitur.
874 640 964 673 Quare
981 641 1059 678 Sym-

270 687 386 714 machus
411 687 554 722 δεσπότην,
575 687 633 714 sive
651 686 844 714 dominatorem
863 687 1058 723 interpretatus

269 737 321 760 est.
339 732 389 759 llic
411 741 476 768 ergo
493 732 635 764 Dominus,
650 732 776 760 videlicet
790 732 837 760 Dei
854 732 984 766 Verbum,
1009 734 1058 766 ait,

272 787 282 804 ι
299 777 337 804 Ex
348 778 436 806 Basan
452 783 627 811 convertam;
648 788 657 804 ι
678 786 710 805 ac
727 785 853 811 rursum,
867 788 878 805 ι
893 779 1057 807 Convertam

268 832 301 852 ex
319 825 455 860 profundo
468 825 561 852 maris.
576 834 585 850 ι
600 824 653 852 Pro
663 825 710 852 illo
720 830 822 857 autem,
838 835 848 851 ‹
863 829 1030 858 convertam,
1045 835 1054 853 ι

268 878 301 898 ac
316 872 448 903 secundo,
468 880 477 896 ι
492 876 660 903 convertam,
682 881 692 897 ι
713 870 894 907 Symmachus
914 872 955 900 sic
973 873 1057 900 intcr-

268 920 401 951 pretatur,
421 926 430 942 ‹
446 916 520 943 Dixit
535 916 666 943 Dominus
683 926 688 943 :
709 915 748 942 Ex
769 916 857 943 Basan
872 921 1011 949 revertar,
1029 921 1057 945 et

268 962 366 989 reverti
391 961 488 988 faciam
512 970 546 989 ex
571 961 707 996 profundo
733 962 827 988 maris.
847 971 856 988 ι
875 961 973 989 Viden‘
995 971 1056 998 quae

266 1013 349 1041 opera
369 1005 487 1033 ediderit
511 1005 644 1033 Dominus
663 1013 726 1033 cum
751 1006 939 1034 descendisset
952 1007 980 1034 in
993 1015 1056 1042 pro-

267 1052 380 1082 fundum
393 1053 497 1080 maris?
511 1052 652 1088 Confregit
663 1053 753 1087 capita
767 1052 918 1080 draconum
933 1053 960 1080 in
973 1061 1054 1088 aqua,

265 1105 372 1127 necnon
388 1099 502 1133 capillos
517 1098 691 1125 inimicorum
708 1106 832 1130 suorum,
844 1098 891 1133 qui
903 1108 913 1124 ι
927 1099 1054 1127 verticem

264 1145 422 1180 capillatum
440 1145 468 1172 in
487 1144 596 1172 delictis
612 1154 621 1170 ι
638 1145 855 1178 conculcabant;
871 1146 970 1172 reverti
991 1145 1055 1172 fecit

264 1199 298 1219 ex
322 1192 411 1219 Basan
426 1195 454 1219 et
475 1199 509 1218 ex
523 1190 660 1226 profundo
683 1191 769 1218 maris
791 1192 897 1219 animas
915 1192 977 1219 istic
989 1192 1054 1220 olim

265 1238 415 1265 demersas.
440 1237 530 1265 Basan
553 1241 645 1264 autem
662 1237 817 1271 explicatur
839 1237 1000 1272 ignominia,
1026 1238 1054 1264 in

263 1291 347 1320 quam
372 1284 503 1319 delapsus
527 1287 569 1311 est
591 1283 723 1310 Dominus
748 1291 797 1318 per
822 1287 973 1311 memorata
999 1283 1054 1310 ele-

264 1335 356 1358 menta
379 1330 527 1362 indicatus,
549 1330 596 1365 qui
619 1330 800 1365 ignominiam
819 1330 985 1365 contempsit
1004 1338 1054 1364 pre

263 1377 352 1405 salute
366 1385 461 1404 eorum
477 1378 523 1411 qui
540 1377 602 1412 istic
623 1377 651 1404 in
676 1377 834 1412 captivitate
845 1376 948 1404 detenti
963 1381 1052 1404 erant.

262 1424 446 1458 Quamobrem
470 1423 573 1451 dicitur
587 1433 594 1450 :
610 1432 619 1449 ι
638 1423 710 1450 Dixit
736 1423 885 1457 Dominus:
904 1423 942 1450 Ex
963 1423 1052 1451 Basan

261 1474 598 1503 eonvertam,convertam
613 1478 645 1497 ex
658 1463 795 1504 profundo
811 1470 914 1497 maris:
929 1479 938 1495 ›
953 1469 1052 1496 deinde

261 1516 408 1551 adjicitur:
424 1525 433 1542 ι
452 1515 486 1543 Ut
502 1516 654 1551 intingatur
679 1523 727 1551 pcs
744 1520 807 1543 tuus
822 1516 850 1543 in
871 1517 1014 1551 sanguine.
1037 1526 1046 1542 ι

260 1561 314 1590 Pro
328 1570 382 1598 quo
404 1561 585 1599 Symmachus
598 1563 805 1597 interpretatur.
826 1571 835 1588 ι
852 1562 1048 1598 Utconl‘ringa-

261 1614 305 1636 tur
317 1617 365 1644 pes
379 1613 443 1636 tuus
453 1617 516 1636 cum
531 1609 674 1644 sanguine.
687 1613 713 1636 et
728 1609 829 1635 lambat
843 1609 934 1643 lingua
949 1616 1048 1636 canum

260 1659 370 1682 tuorum
386 1655 419 1682 ab
435 1662 600 1690 unoquoque
618 1655 793 1682 inimicorum
809 1659 930 1683 tuorum.
951 1665 961 1681 ›
981 1655 1049 1683 Nam

260 1707 323 1727 cum
351 1700 478 1728 inimicos
504 1707 571 1728 suos
597 1705 760 1732 contereret,
789 1705 816 1728 et
838 1702 927 1736 capita
953 1709 1048 1729 eorum

259 1746 458 1781 confringeret,
473 1746 567 1782 pedem
583 1755 662 1774 suum
678 1747 812 1782 sanguine
828 1755 863 1775 ex
886 1748 975 1783 capite
996 1748 1050 1775 ini-

259 1792 323 1820 mici
340 1793 382 1819 sui
398 1791 500 1819 fluente
513 1793 646 1828 replebat.
659 1792 750 1826 Quare
778 1794 805 1820 in
832 1793 902 1820 lsaia
926 1794 1046 1822 dicitur:

260 1847 272 1864 ι
291 1837 360 1872 Quis
385 1842 429 1866 est
454 1838 498 1865 hic
524 1839 573 1874 qui
597 1839 671 1866 venit
693 1847 727 1867 ex
755 1838 853 1872 Edom,
868 1839 952 1867 rubor
964 1841 1047 1868 vesti-

258 1888 411 1912 mentorum
426 1892 459 1912 ex
475 1884 561 1912 Bosor
569 1885 611 1912 “‘t
625 1895 634 1911 ι
654 1893 685 1912 ac
703 1885 800 1913 deinde
814 1895 820 1912 :
839 1894 848 1911 ‹
861 1885 952 1919 Quare
964 1887 1047 1914 rubra

256 1931 421 1958 vestimenta
433 1935 532 1964 tua,,et
556 1931 714 1959 indumenta
727 1936 773 1959 tua
788 1932 861 1959 sicut
876 1933 974 1960 calcati
989 1936 1048 1960 tor-

257 1977 371 2008 cularis,
387 1977 483 2012 plenus
498 1978 711 2005 conculcata“?
729 1988 738 2004 ›
758 1979 858 2006 Postea
884 1980 1045 2014 rogantibus

256 2022 295 2048 ita
313 2022 460 2056 respondet
475 2032 481 2049 :
501 2031 511 2048 ‹
531 2022 641 2050 Calcavi
657 2024 732 2058 ipsos
746 2025 774 2051 in
799 2024 893 2052 furore
910 2033 971 2051 meo
982 2025 1015 2052 λδ.
1032 2035 1041 2051 ι

255 2065 307 2094 Hic
329 2067 392 2094 item
417 2071 481 2102 post
500 2068 604 2095 calcata
629 2069 779 2096 draconum
799 2071 900 2105 capita,
917 2070 1041 2098 dicitur:

251 2121 267 2142 ,ι
284 2111 320 2140 Ut
345 2112 534 2148 confringatur
559 2121 608 2148 pes
628 2118 693 2142 tuus
716 2123 778 2141 cum
803 2116 946 2151 sanguine,
961 2125 971 2142 ›
989 2116 1041 2149 vel,

257 2166 268 2183 ς
288 2157 324 2185 Ut
340 2158 491 2193 intingatur
503 2166 552 2193 pes
568 2163 632 2187 tuus
644 2160 671 2186 in
684 2161 828 2196 sanguine,
845 2165 871 2188 et
891 2162 982 2197 lingua
995 2169 1042 2188 ca-

255 2212 319 2232 num
331 2207 440 2232 tuorum
453 2213 487 2232 ex
499 2204 618 2232 inimicis
634 2206 667 2232 ab
680 2206 749 2241 ipso.
771 2216 780 2232 ι
802 2205 856 2233 Pro
871 2214 925 2242 quo
939 2207 1040 2235 clarius

254 2248 437 2285 Symmachus
454 2250 649 2284 interpretatus
666 2255 708 2278 est
729 2251 835 2283 dicens,
854 2261 863 2277 ‹
882 2251 915 2278 Et
936 2252 1039 2280 lambat
1055 2260 1077 2288 ι)

252 2295 345 2331 lingua
359 2303 458 2323 canum
476 2300 597 2328 tuorum,
613 2297 648 2324 ab
672 2304 839 2332 unoquoque
862 2298 1039 2326 inimicorum

251 2346 372 2370 tuorum.
395 2352 404 2369 ι
423 2342 512 2370 Canes
530 2351 612 2378 porro
628 2343 736 2370 Domini
763 2344 924 2378 sanguinem
945 2345 1040 2371 inimi-

250 2396 345 2416 corum
363 2389 423 2423 ejus
440 2389 602 2422 lambentes,
621 2397 691 2424 quos
705 2397 767 2417 esse
782 2389 897 2422 dixeris,
912 2390 965 2417 nisi
978 2398 1037 2425 gre-

250 2435 292 2469 gis
315 2435 402 2470 ipsius
420 2432 551 2464 custodes
574 2436 720 2471 pervigiles
743 2435 790 2471 qui
815 2435 964 2463 Ecclesiam
979 2437 1038 2471 ejus

250 2484 371 2514 tuentur,
398 2483 456 2509 sive
470 2483 583 2510 ultrices
605 2482 740 2517 quasdam
763 2482 890 2515 virtutes,
904 2490 964 2517 quae
977 2491 1040 2510 con-

248 2526 369 2554 terendis
386 2527 504 2556 inimicis
512 2528 572 2564 ejus
585 2528 757 2560 incumbunt,
767 2536 880 2563 quaeque
887 2529 1036 2564 perniciem

250 2581 345 2600 corum
361 2574 561 2608 quodammodo
574 2574 720 2610 degustare
731 2575 879 2610 satagunt?

1064 1584 1084 1611 C

1116 286 1178 313 μου,
1193 287 1201 303 ι
1217 278 1260 304 διὰ
1274 278 1328 304 τῶν
1343 279 1542 314 ἀνεκφωνήτων
1564 279 1631 314 παρ’
1651 279 1785 315 Ἐὁραίοις
1806 281 1903 308 τεττά-

1114 333 1168 359 ρων
1185 324 1323 360 στοιχείων
1337 324 1502 360 ἐγέγραπτο.
1522 324 1550 350 ’0
1565 324 1592 351 δὲ
1607 324 1743 360 δεύτερος,
1758 325 1788 353 ὃν
1803 326 1902 362 ἑαυτοῦ

1113 369 1214 405 Κύριον
1225 371 1239 396 6
1251 371 1394 406 προφήτης
1403 370 1496 406 ἐδήλου
1508 370 1630 405 φάσκων,
1643 370 1703 406 ιΤῷ
1714 372 1808 408 Κυρίῳ
1821 382 1900 408 μου,ι

1113 416 1215 451 ἑτέροις
1231 417 1374 451 στοιχείοις
1390 417 1526 452 ἐδηλοῦτο,
1542 414 1582 449 οἷς
1598 417 1644 444 καὶ
1658 418 1712 450 πᾶς
1725 419 1739 445 6
1752 419 1781 444 ἐν
1795 418 1903 455 ἀνθρώ-

1111 470 1172 493 ποις
1187 461 1280 488 δούλου
1296 462 1390 496 κύριος
1413 462 1584 497 σημαίνεται.
1603 462 1695 494 Οὕτως
1717 460 1763 490 οὖν
1783 464 1832 490 καὶ
1858 465 1903 490 ἐν-

1110 508 1198 535 ταῦθα
1221 508 1271 544 ἤδη
1288 509 1379 544 τρίτον
1403 509 1418 535 ὸ
1444 509 1540 544 μέχρις
1559 508 1622 544 ᾅδου
1647 508 1770 541 καταὸὰς
1790 510 1839 536 καὶ
1860 509 1902 537 δι-

1111 553 1217 586 εξόδους
1236 553 1351 581 θανάτου
1368 555 1551 589 πεποιημένος
1575 555 1677 590 Κύριος
1701 555 1745 582 διὰ
1766 555 1822 582 τῶν
1836 558 1902 592 παρ’

1116 600 1249 636 Ἑϐραίοις
1273 600 1370 631 κοινῶς
1384 600 1563 636 γραφομένων
1581 601 1718 636 στοιχείων
1732 599 1900 636 ὠνόμασται.

1109 645 1209 680 Διόπερ
1223 646 1237 671 6
1252 645 1397 680 Σύμμαχος
1413 655 1422 670 ι
1437 645 1570 681 δεσπότην
1585 655 1595 670 ι
1611 646 1784 681 ἡρμήνευσεν
1808 646 1899 674 αὐτόν.

1110 688 1194 724 Οὗτος
1207 690 1252 718 οὖν
1263 693 1277 718 6
1293 692 1405 727 Κύριος,
1418 691 1498 723 αὐτὸς
1512 693 1526 718 6
1539 692 1586 718 τοῦ
1603 692 1671 718 Θεοῦ
1688 693 1773 727 Λόγος
1787 693 1900 729 δηλαδὴ,

1109 735 1169 763 εἶπε
1176 745 1182 751 '
1189 747 1198 761 ί
1211 738 1257 763 Ἐκ
1264 737 1354 763 Βασὰν
1363 737 1527 772 ἐπιστρέψω·
1536 737 1596 763 »καὶ
1605 737 1685 764 πάλιν
1692 745 1715 762 ἰ
1727 738 1900 774 Ἐπιστρέψω

1109 783 1140 809 ἐκ
1152 783 1239 818 βυθῶν
1254 783 1417 819 θαλάσσης.)
1429 784 1500 810 ’Λντὶ
1513 784 1541 811 δὲ
1551 783 1609 816 τοῦ,
1623 794 1632 810 (
1647 784 1815 820 ἐπιστρέψω,
1828 794 1838 811 ι
1852 785 1900 812 καὶ

1107 830 1154 857 τοῦ
1169 830 1305 866 δεύτερον,
1321 841 1331 857 ι
1343 831 1510 867 ἐπιστρέψω,
1525 841 1535 858 ι
1553 832 1567 858 6
1581 831 1728 867 Σύμμαχος
1740 832 1835 859 τοῦτον
1850 833 1899 869 ἠρ-

1109 878 1226 913 μήνευσε
1237 878 1281 904 τὸν
1297 878 1397 914 τρόπον
1407 887 1413 893 ·
1428 888 1437 904 ι
1451 876 1518 905 Εἷπε
1531 878 1648 914 Κύριος·
1659 879 1724 905 Ἀπὸ
1734 879 1826 906 Βασὰν
1839 880 1900 906 ἐπι-

1108 922 1226 958 στρέψω,
1241 923 1288 950 καὶ
1302 923 1470 959 ἀναστρέψαι
1491 925 1597 959 ποιήσω
1620 923 1674 950 ἀπὸ
1692 924 1779 959 βυθῶν
1797 924 1899 952 θαλάσ-

1108 977 1167 1004 σης.
1184 978 1194 994 ι
1218 969 1300 1005 Ὁρᾷς
1317 970 1397 996 ὁποῖα
1423 969 1621 1005 κατορθώματα
1643 970 1789 1006 εἰργάσατο
1812 979 1900 999 κατα-

1106 1015 1157 1046 ϐὰς
1181 1016 1221 1046 εἰς
1237 1015 1299 1047 τοὺς
1321 1015 1418 1050 βυθοὺς
1431 1016 1480 1051 τῆς
1500 1015 1637 1051 Θαλάσσης
1652 1017 1665 1042 6
1687 1016 1808 1051 Κύριος;
1834 1025 1899 1044 συν-

1106 1061 1201 1088 έθλααε
1217 1061 1265 1093 τὰς
1283 1061 1403 1096 κεφαλὰς
1418 1061 1473 1088 τῶν
1492 1061 1646 1098 δρακόντων
1658 1062 1703 1089 ἐπὶ
1719 1062 1767 1089 τοῦ
1788 1062 1896 1096 ὓδατος,

1106 1107 1152 1133 καὶ
1167 1107 1215 1139 τὰς
1230 1108 1326 1143 τρίχας
1336 1107 1389 1134 τῶν
1403 1108 1506 1143 ἐχθρῶν
1523 1108 1604 1134 αὑτοῦ
1618 1108 1674 1135 τῶν
1688 1118 1698 1134 ι
1711 1109 1760 1144 τὴν
1774 1108 1899 1145 ἕντριχον

1106 1153 1226 1188 κορυφὴν
1248 1154 1277 1179 ἐν
1299 1153 1498 1188 πλημμελείαις
1517 1163 1526 1179 ι
1548 1153 1784 1190 διαπορευομένων
1798 1162 1808 1171 ⁸
1832 1155 1898 1182 ἑπι-

1106 1199 1219 1234 στρέψαι
1249 1199 1276 1226 δὲ
1299 1200 1384 1226 ἐποίει
1406 1200 1459 1226 ἀπὸ
1475 1200 1565 1227 Βασὰν
1589 1201 1636 1227 καὶ
1663 1201 1717 1227 ἀπὸ
1741 1201 1832 1236 βυθῶν
1847 1201 1899 1237 τῆς

1105 1244 1243 1280 Θαλάσσης
1271 1245 1321 1276 τὰς
1358 1245 1442 1272 πάλαι
1478 1247 1762 1282 καταπεποντωμένας
1796 1247 1896 1274 αὐτόσε

1104 1290 1202 1326 ψυχάς.
1218 1290 1308 1317 Βασὰν
1325 1291 1352 1317 δὲ
1367 1292 1536 1327 ἡρμήνευται
1550 1292 1676 1328 αἰσχύνη,
1690 1292 1754 1319 ἔνθα
1770 1293 1804 1320 δι’
1819 1295 1898 1330 ἡμᾶς

1104 1337 1235 1372 κατῆλθεν
1253 1338 1268 1363 ὁ
1283 1337 1327 1364 διὰ
1347 1337 1402 1365 τῶν
1427 1338 1580 1373 εἰρημένων
1597 1339 1736 1374 στοιχείων
1761 1339 1897 1376 δηλωθεξ

1104 1383 1216 1418 Κύριος,
1232 1384 1361 1419 αἰσχύνης
1377 1386 1586 1420 καταφρονήσας
1603 1385 1672 1421 ὑπὲρ
1689 1385 1825 1421 σωτηρίας
1838 1386 1898 1413 τῶν

1104 1431 1196 1457 αὐτόθι
1210 1432 1498 1467 καταδεδουλωμένων.
1511 1433 1557 1459 Διὸ
1571 1432 1696 1460 λέλεκται
1707 1442 1715 1449 ⁸
1731 1442 1741 1459 ί
1755 1431 1824 1460 Εῐπε
1837 1434 1897 1461 Κύ-

1104 1486 1160 1512 ριος
1173 1486 1179 1491 ·
1200 1478 1248 1504 Ἐκ
1264 1478 1353 1504 Βασὰν
1376 1479 1530 1514 ἐπιστρέψω
1545 1499 1552 1510 ,
1575 1479 1731 1515 ἐπιστρέψω
1755 1481 1787 1507 ἐκ
1804 1479 1898 1515 βυθῶν

1104 1522 1240 1558 θαλάσσης
1252 1532 1258 1538 ·
1274 1533 1283 1549 ι
1300 1521 1350 1550 εἷθ’
1363 1524 1427 1559 ἑξῆς
1439 1524 1562 1551 λέλεκται
1575 1534 1582 1540 ·
1605 1535 1614 1550 ‹
1631 1526 1725 1557 Ὅπως
1739 1525 1772 1552 ἂν
1791 1526 1864 1563 βαφῇ
1880 1528 1896 1554 ὁ

1104 1569 1171 1601 ποῦς
1195 1579 1242 1597 σου
1269 1571 1297 1596 ἐν
1313 1571 1418 1606 αἵματι.
1435 1580 1444 1596 ›
1466 1571 1536 1597 Ἀνθ*
1559 1568 1617 1598 οὗό
1639 1572 1786 1608 Σύμμαχος
1802 1573 1897 1610 ἡρμή-

1101 1625 1194 1642 νευσεν
1208 1616 1305 1643 εἰπὼν·
1324 1627 1332 1642 1
1350 1617 1442 1648 Ὅπως
1457 1617 1632 1654 συγκατεάξῃ
1647 1619 1662 1644 6
1677 1618 1746 1650 πούς
1761 1627 1806 1645 σου
1823 1619 1896 1654 μετὰ

1100 1663 1224 1697 αἵματος,
1247 1663 1293 1689 καὶ
1317 1663 1388 1698 λάψῃ
1410 1663 1553 1698 ήγλῶσσα
1576 1664 1629 1690 τῶν
1652 1665 1740 1691 κυνῶν
1768 1674 1814 1692 σου
1838 1666 1896 1693 ἀπὸ

1100 1708 1214 1734 ἑκάστου
1243 1708 1296 1734 τῶν
1321 1708 1425 1745 ἐχθρῶν
1450 1717 1506 1735 σου.
1531 1718 1540 1734 ι
1573 1709 1727 1745 Συντρίὸων
1750 1710 1805 1746 γὰρ
1827 1712 1896 1744 τοὺς

1100 1752 1197 1779 ἑαυτοῦ
1221 1753 1333 1788 ἐχθροὺς
1350 1753 1397 1779 καὶ
1420 1753 1469 1785 τὰς
1496 1753 1616 1788 κεφαλὰς
1640 1753 1729 1780 αὐτῶν
1757 1754 1892 1788 συνθλῶν,

1099 1798 1218 1834 ἐπλήρου
1241 1798 1287 1824 τὸν
1303 1797 1399 1824 ἑαυτοῦ
1423 1798 1490 1824 πόδα
1506 1798 1632 1833 αἵματος,
1649 1797 1696 1824 τοῦ
1720 1799 1752 1824 ἐκ
1765 1798 1820 1825 τῶν
1844 1807 1894 1826 κε-

1099 1843 1191 1877 φαλῶν
1215 1843 1262 1869 τοῦ
1281 1844 1378 1879 ἐχθροῦ
1404 1843 1486 1870 αὑτοῦ
1514 1844 1633 1879 ῥυέντος.
1660 1843 1707 1870 Διὸ
1732 1840 1841 1878 ἐλέγετο
1860 1845 1897 1871 ἐν

1103 1890 1219 1924 Ἠσαῖξιυ
1238 1899 1247 1915 ‹
1265 1890 1312 1921 Τίς
1328 1886 1406 1921 οὗτος
1431 1891 1445 1916 6
1470 1889 1693 1925 παραγενόμενος
1717 1888 1749 1921 ἐξ
1780 1888 1891 1925 Ἐδὼμ,

1097 1937 1221 1972 ἐρύθημα
1240 1937 1356 1972 ἱματίων
1371 1938 1403 1963 ἐκ
1413 1936 1517 1972 Βοσόρ;
1533 1946 1541 1962 ι
1555 1936 1602 1963 καὶ
1616 1935 1680 1970 ἐξῆς
1690 1945 1697 1951 ·
1709 1946 1719 1962 ι
1731 1935 1781 1962 Διὰ
1796 1935 1822 1962 τι
1841 1943 1891 1962 σου

1096 1981 1198 2017 ἐρυθρὰ
1217 1982 1251 2008 τὰ
1266 1982 1370 2017 ἱμάτια,
1393 1982 1438 2008 καὶ
1453 1982 1487 2008 τὰ
1504 1981 1640 2017 ἐνδύματα
1654 1990 1700 2007 σου
1721 1980 1759 2012 ὡς
1776 1981 1892 2007 ἀποπα-

1095 2028 1176 2063 τητοῦ
1189 2027 1280 2063 ληνοῦ,
1293 2028 1400 2063 πλήρης
1413 2027 1610 2062 πεπατημένης
1623 2035 1630 2059 ;
1645 2036 1654 2052 ›
1667 2024 1724 2053 Εἶθ’
1739 2026 1803 2062 ἑξῆς
1818 2026 1890 2052 ἀπο-

1095 2075 1218 2110 κρίνεται
1234 2074 1301 2110 πρὸς
1314 2075 1376 2105 τοὺς
1391 2075 1591 2110 ἐρωτήσαντας,
1610 2073 1657 2100 καί
1676 2081 1760 2108 φησι·
1783 2082 1792 2098 ι
1809 2073 1891 2100 Κατ-

1095 2120 1220 2156 επάτησα
1232 2120 1330 2151 αὐτοὺς
1348 2121 1376 2146 ἐν
1391 2120 1469 2155 θυμῷ
1485 2129 1547 2155 μου.
1574 2129 1583 2145 ι
1597 2120 1652 2147 Καὶ
1669 2118 1787 2146 ἐνταῦθα
1794 2117 1891 2145 τοίνυν

1095 2165 1164 2201 μετὰ
1186 2165 1234 2200 τὴν
1261 2164 1404 2200 συντριϐὴν
1420 2165 1475 2191 τῶν
1499 2164 1625 2199 κεφαλῶν
1646 2163 1701 2190 τῶν
1730 2163 1890 2198 δρακόντων

1094 2211 1229 2238 λέλεκται·
1248 2221 1256 2236 ι
1274 2212 1366 2243 Ὅπως
1381 2210 1414 2238 ἂν
1438 2210 1611 2247 συγκατεάξῃ
1626 2211 1640 2236 6
1655 2208 1722 2241 ποῦς
1741 2216 1789 2236 σου
1815 2208 1889 2244 μετὰ.

1091 2259 1217 2294 αἵματος,
1225 2268 1234 2284 ι
1244 2259 1272 2293 ἢ,
1282 2259 1391 2289 «Ὅπως
1403 2257 1475 2293 βαφῇ
1487 2259 1501 2284 6
1509 2257 1576 2289 ποῦς
1588 2266 1634 2283 σου
1647 2257 1675 2283 ἐν
1689 2256 1794 2292 αἵματι.
1805 2255 1854 2282 καὶ
1866 2258 1885 2292 ή

1088 2303 1199 2338 γλῶσσα
1227 2303 1281 2329 τῶν
1298 2303 1386 2330 κυνῶν
1413 2312 1459 2329 σου
1488 2303 1518 2335 ἐξ
1546 2302 1652 2338 ἐχθρῶν
1675 2303 1738 2338 παρ’
1757 2301 1852 2329 αὑτοῦ.
1872 2311 1886 2327 ›

1095 2349 1166 2376 Ἀνθ·
1181 2346 1211 2376 οὗ
1229 2349 1388 2385 λευκότερον
1402 2350 1416 2376 6
1428 2349 1575 2385 Σύμμαχος
1590 2349 1764 2384 ὴρμήνευσεν
1776 2347 1862 2374 εἰπών
1875 2356 1884 2363 ·

1091 2405 1100 2420 ι
1115 2396 1170 2422 Καὶ
1187 2395 1258 2431 λάψῃ
1273 2397 1289 2430 ἡ
1308 2395 1418 2430 γλῶσσα
1440 2395 1494 2422 τῶν
1514 2395 1603 2422 κυνῶν
1619 2393 1664 2421 ἆου
1688 2394 1742 2420 ἀπὸ
1766 2393 1885 2420 ἑκάστου

1087 2441 1142 2467 τῶν
1158 2441 1262 2477 ἐχθρῶν
1286 2450 1342 2468 σου.
1359 2452 1368 2468 ›
1386 2441 1478 2474 Κύνας
1494 2442 1522 2468 δὲ
1539 2441 1586 2468 τοῦ
1610 2440 1712 2476 Κυρίου
1729 2439 1884 2471 λάπτοντας

1087 2487 1118 2512 τὸ
1129 2484 1198 2522 αἷμα
1214 2487 1267 2514 τῶν
1283 2487 1388 2523 ἐχθρῶν
1404 2487 1486 2513 αὑτοῦ
1503 2486 1579 2518 τίνας
1593 2485 1625 2512 ἂν
1640 2485 1727 2516 εἴποις
1742 2485 1759 2520 ἢ
1774 2485 1838 2516 τοὺς
1848 2485 1885 2512 τὰ

1091 2532 1203 2567 ποίμνια
1225 2532 1308 2560 αὐτοῦ
1326 2532 1507 2567 φυλάττοντας
1524 2531 1646 2567 φύλακάς
1666 2538 1742 2562 τινας
1765 2529 1883 2566 ἐγρηγὸ-

1091 2586 1164 2613 ρους,
1178 2578 1226 2614 τὴν
1243 2579 1404 2614 Ἐκκλησίαν
1422 2578 1503 2604 αὑτοῦ
1522 2577 1716 2613 φρουροῦντας,
1727 2575 1743 2611 ἦ
1756 2584 1880 2611 τιμωρη-

247 2621 326 2652 τικάς
336 2630 411 2653 τινας
422 2622 551 2658 δυνάμεις
563 2622 782 2658 ἐπεμϐαινούσας
794 2625 827 2659 τῇ
856 2623 986 2660 συντριϐῇ
1000 2624 1054 2651 τῶν
1073 2625 1179 2661 ἐχθρῶν
1192 2626 1291 2659 αὐτοῦᾖ
1320 2627 1368 2653 καὶ
1384 2626 1477 2662 ὥσπερ
1501 2625 1683 2659 ἀπογεύεσθαι
1706 2622 1882 2658 πειρωμένοις

244 2669 294 2704 τῆς
309 2669 448 2700 ἀπωλείας
464 2669 553 2696 αὐτῶν
566 2677 573 2702 ;

278 2725 363 2754 Vens.
379 2726 424 2758 “25,
440 2726 485 2753 26.
503 2735 512 2752 ι
541 2727 599 2754 Visi
625 2732 689 2754 sunt
713 2728 854 2763 ingressus
873 2728 924 2760 tui,
950 2728 1034 2761 Deus,

243 2774 385 2808 ingressus
401 2773 446 2800 Dei
459 2774 524 2805 mei,
544 2773 617 2808 regis
634 2775 686 2801 mei
698 2794 705 2805 ,
719 2775 767 2810 qui
786 2779 829 2801 est
850 2775 878 2801 in
894 2779 1000 2802 sancto.
1021 2784 1030 2800 ι

242 2818 305 2847 Haec
318 2823 519 2855 consequenter
533 2820 751 2855 praecedentibus
764 2821 944 2855 adjiciuntur.
961 2820 1032 2854 Quia

276 2898 299 2914 θ’
311 2897 382 2926 Psal.
397 2906 453 2933 six,
467 2898 494 2926 i.
531 2899 554 2915 "
565 2898 619 2928 lsa.
635 2903 712 2932 Lxm,
725 2899 751 2926 l.

1124 2740 1133 2755 ‹
1155 2731 1362 2767 Ἐθεωρήθησαν
1382 2732 1410 2757 αι
1427 2730 1534 2767 πορεῖαί
1555 2739 1612 2763 σου,
1625 2730 1702 2762 Θεὸς,
1722 2731 1750 2757 αἱ
1768 2738 1876 2765 mysta:

1084 2775 1132 2802 τοῦ
1149 2775 1215 2802 Θεοῦ
1235 2784 1297 2811 μου,
1317 2776 1363 2802 τοῦ
1383 2776 1513 2811 βασιλέως
1529 2785 1591 2811 μου,
1612 2775 1658 2802 τοὺ
1672 2777 1700 2802 ἐν
1714 2774 1754 2810 τῷ
1771 2775 1849 2810 ἁγίῳ.
1863 2784 1872 2799 ι

1084 2822 1140 2848 Καὶ
1151 2821 1235 2849 ταῦτα
1246 2824 1302 2854 τοῖς
1318 2822 1504 2858 προλεχθεῖσιν
1518 2822 1671 2854 ἀκολούθως
1684 2816 1871 2856 ἐπενήνεκταῖ.

807 2898 909 2927 “ibid.
923 2899 950 2927 2.
988 2899 1011 2916 ⁸⁸
1026 2899 1091 2927 ibid.
1110 2900 1137 2927 5.
