2041 3215
130 171 184 201 ἰω

698 169 950 200 (ΖΟΜΜΕΝΤΔΒΙΔ
969 170 1004 198 IN
1023 170 1194 200 PSALMOS.
1212 161 1269 194 '07

1706 173 1760 201 πο

136 229 246 265 Ἐπειδὴ
266 229 320 266 γὰρ
343 229 377 257 τὰ
403 229 586 265 Θεσπιζόμενα
611 231 675 267 πρὶν
697 231 823 265 γενέσθαι
854 239 915 267 προ-

973 217 1045 259 enim
1061 230 1160 266 quaein
1176 230 1307 258 vaticinio
1329 230 1465 264 feruntur,
1493 235 1639 267 antequam
1666 235 1759 259 essent

129 274 275 311 σθεωρεῑτο
287 276 344 307 τοῖς
361 275 448 309 ἀγίοις
462 275 508 302 τοῦ
524 275 592 302 Θεοῦ
604 277 766 312 προφήταις,
784 276 827 303 διὰ
839 276 919 303 τοῦτό

129 327 212 356 φησιν
229 319 350 354 ὁλόγος’
375 329 385 346 ι
408 321 616 357 Ἐθεωρήθησαν
637 323 664 349 αἱ
688 323 794 358 πορεῖαί
823 331 881 354 σου.
904 322 919 349 ό

128 367 204 399 Θεός.
218 377 228 394 ι
242 367 322 394 Ποῖαι
335 367 362 394 δὲ
374 370 495 404 πορεῖαι;
512 368 580 395 ἀλλὰ
595 368 688 405 πρώτη
707 369 759 405 μὴν
776 370 792 405 ἡ
806 370 919 401 κάθοδος

127 412 238 449 αὐτοῦὴ
258 413 287 439 ἐν
301 413 386 445 Σιναῗ,
401 414 447 440 καὶ
464 414 545 441 πάλιν
566 415 582 450 ἡ
599 415 730 446 ἀνάϐασις
745 416 760 450 ἡ
784 417 823 447 εἰς
841 415 917 450 ὕψος,

126 459 176 487 καὶ
191 457 272 491 αὖθις
291 460 307 495 ή
319 459 456 495 κάθοδοςὴ
470 461 515 487 ἐπὶ
528 460 618 487 Βασὰν
639 462 685 488 καὶ
707 462 723 497 ἡ
741 461 845 488 ἐκεῖθεν
856 463 917 488 ὲπι-

126 505 247 543 στροφὴ,
272 506 290 541 ἦ
310 515 339 533 τε
364 506 445 542 μέχρι
469 507 516 533 τοῦ
541 507 657 534 Θανάτου
681 507 847 540 κατάϐασις,
871 508 918 535 καὶ

125 550 252 578 ἐντεῦθεν
277 551 387 584 διέξοδοι
409 551 490 578 αὐτοῦ
503 572 510 583 ,
534 553 582 578 καὶ
600 553 646 579 ἐπὶ
666 553 776 588 πᾶσινὴ
801 553 834 579 ὲκ
864 553 918 580 τῶν

123 597 216 632 βυθῶν
229 598 279 634 τῆς
291 597 428 633 θαλάσσης
444 598 575 630 ἐπάνοδος
587 607 595 631 ;
609 596 693 625 Αῦται
712 600 797 625 πᾶσαι
810 601 916 635 πορεῖαι

125 642 196 680 ἦσαν
213 643 261 671 τοῦ
277 644 440 680 δηλουμένου
461 644 575 680 Κυρίου,
591 645 692 677 αἵτινες
711 647 766 677 τοῖς
786 645 832 672 τοῦ
850 645 916 672 Θεοῦ

125 691 281 727 προφήταις
291 690 482 726 ὲθεωρήθησαν
495 691 559 726 πρὶν
576 690 716 725 γενέσθαι·
739 691 778 717 διὸ
798 692 843 718 καὶ
857 694 917 724 ταῖς

125 736 310 773 προφητικαῖς
333 735 522 771 παρεδόθησαν
554 736 685 772 Γραφαϊς.
719 736 839 769 Εἰκότως
870 735 916 764 οὖν

124 781 247 818 εἴρηται·
263 789 272 806 t
292 780 499 817 Ἐθεωρήθησαν
521 782 548 807 αἱ
573 782 680 817 πορεῖαί
696 791 740 808 σου
754 803 761 815 ,
776 783 790 809 6
810 783 884 815 Θεὸς.
903 793 913 810 ι

124 825 182 854 Εἶτ’
202 827 381 862 ἀσφαλίζεται
405 827 538 854 διδάσκων
565 828 641 854 ποίου
665 828 731 855 Θεοῦ
755 830 784 855 αἱ
809 832 916 866 πορεῖαι

124 873 333 909 ὲθεωρήθησαν·
357 873 397 900 διὸ
418 873 537 908 ἐπιλέγει
550 882 557 888 ·
583 884 592 899 ι
608 874 640 900 Αἱ
660 877 766 910 πορεῖαι
780 875 827 902 τοῦ
846 876 914 903 Θεοῦ

970 277 1191 312 praevidehantur
1203 284 1217 303 a
1230 277 1333 304 sanctis
1345 276 1391 304 Dei
1405 278 1555 312 prophetis.
1568 277 1628 305 ideo
1639 277 1756 305 dicitur:

972 332 981 348 ι
1004 322 1061 350 Visi
1090 326 1156 350 sunt
1180 323 1321 357 ingressus
1345 323 1395 355 tui,
1413 323 1494 350 Deus.
1510 334 1520 350 ι
1538 324 1588 357 Qui
1604 324 1756 360 ingressus.

969 369 1023 396 nisi
1051 369 1169 404 primum
1199 369 1349 396 descensus
1364 369 1425 404 ejus
1445 369 1472 396 in
1490 370 1576 402 Sinai,
1593 378 1625 397 ac
1646 378 1756 397 rursum

969 422 1102 442 ascensus
1120 415 1148 441 in
1167 414 1263 447 altum,
1282 415 1436 450 iterumque
1450 415 1599 443 descensus
1614 417 1642 443 in
1666 416 1756 443 Busan

969 467 1000 487 ac
1015 468 1157 495 regressus
1168 460 1195 487 in
1213 460 1308 492 altum,
1325 464 1352 488 et
1372 469 1468 488 rursus
1483 461 1615 489 demissio
1631 461 1691 496 ejus
1708 470 1758 490 us-

969 514 1022 541 que
1049 506 1083 533 ad
1112 510 1242 538 mortem,
1256 510 1284 533 et
1306 507 1396 534 exitus
1419 507 1493 535 illius
1505 515 1537 534 ex
1550 515 1593 540 ea,
1605 515 1636 535 ac
1658 514 1757 543 praeter

970 553 1027 580 lucc
1055 553 1149 580 omnia
1180 553 1284 580 reditus
1298 560 1330 580 ex
1346 553 1483 588 profundo
1497 554 1597 581 maris?
1614 554 1644 580 Hi
1660 562 1756 582 omnes

969 599 1109 634 ingressus
1132 602 1210 625 erant
1234 600 1376 627 memorati
1399 599 1518 633 Domini,
1534 600 1581 635 qui
1611 605 1755 635 antequam

967 645 1132 671 exsisterent
1147 652 1162 671 a
1180 644 1320 680 prophetis
1338 644 1386 672 Dei
1413 645 1465 673 visi
1489 649 1554 672 sunt
1570 654 1577 672 :
1592 653 1678 680 quare
1694 653 1757 680 pro-

968 689 1083 724 pheticis
1099 689 1126 716 in
1153 690 1263 725 scriptis
1278 691 1432 725 consignati
1452 695 1527 719 sunt.
1548 690 1620 719 Jure
1640 698 1704 726 ergo
1717 691 1756 719 di-

967 740 1041 763 ctum
1058 740 1100 764 est
1119 745 1126 764 :
1146 745 1155 762 ‹
1173 735 1231 764 Visi
1248 741 1312 764 sunt
1326 737 1466 772 ingressus
1481 737 1533 770 tui,
1547 737 1629 766 Deus.
1647 747 1657 763 ι
1677 736 1758 764 Dein-

967 782 1055 817 dcque
1067 790 1123 810 rem
1135 782 1279 809 conﬁrmat
1293 783 1420 810 indicans
1432 783 1577 818 cujusnam
1591 782 1637 810 Dei
1650 783 1757 818 ingrcs-

967 836 1014 856 sus
1031 829 1081 856 visi
1097 828 1216 862 fuerint;
1235 836 1297 855 nam
1313 828 1407 863 adjicit
1422 839 1428 856 ι
1444 838 1453 854 ι
1471 829 1614 865 Ingressus
1631 829 1678 857 Dci
1689 830 1755 861 mei,

966 874 1038 909 regis
1061 874 1126 901 mei.
1145 884 1155 901 ι
1179 873 1239 901 Νοιι
1262 875 1421 909 simpliciter
1435 874 1498 907 Dei,
1515 881 1561 903 aut
1585 876 1656 910 regis
1671 895 1679 908 ,
1707 875 1756 903 sed

125 929 188 955 μου,
206 919 253 947 τοῦ
267 919 399 955 βασιλέως
415 929 476 955 μου.
492 930 501 945 ι
518 921 555 946 Οὐ
578 920 631 956 γὰρ
647 921 738 953 ἀπλῶς
761 922 839 955 Θεοῦ,
855 923 915 949 οὐδὲ

969 928 978 945 ‹
992 919 1038 946 Dei
1053 919 1118 946 mei.
1131 929 1139 945 I
1155 918 1213 947 Hoc
1227 927 1310 955 porro
1322 920 1411 948 simile
1427 919 1509 947 fuerit
1525 920 1576 952 illi,
1587 929 1596 945 ε
1611 920 1684 947 Dixit
1702 921 1757 947 Do-

125 966 275 1001 βασιλέως,
294 966 361 993 ἀλλὰ
374 965 421 993 τοῦ
447 976 455 992 ι
470 966 537 993 Θεοῦ
559 976 620 1002 μου.
646 977 655 993 ι
675 968 760 994 Τοῦτο
780 968 808 995 δὲ
824 969 915 1004 ὅμοιον

123 1012 253 1048 τυγχάνει
267 1011 322 1047 τῷ,
337 1022 346 1038 ι
363 1009 429 1038 Εἷπε
444 1012 546 1048 Κύριος
558 1013 596 1048 τῷ
612 1013 707 1049 Κυρίῳ
721 1022 770 1049 μου
781 1023 787 1029 ⁸
813 1024 822 1040 ι
837 1016 851 1042 ό
866 1015 915 1050 μὲν

122 1059 178 1095 γὰρ
188 1058 299 1094 πρῶτος
313 1059 326 1085 ό
338 1059 384 1085 ἐπὶ
399 1059 507 1086 πάντων
523 1059 565 1094 εἴη
582 1059 614 1086 ἂν
629 1059 709 1091 Θεός·
723 1061 737 1086 ὁ
748 1061 777 1087 δὲ
789 1061 915 1098 δεύτερος

123 1104 226 1141 Κύριος
247 1105 261 1130 ὸ
284 1104 406 1131 ἀκούων·
434 1114 443 1130 ι
461 1104 552 1131 Κάθου
573 1106 605 1131 ὲκ
631 1104 724 1138 δεξιῶν
751 1115 811 1142 μου,
824 1116 833 1132 ι
850 1108 915 1142 ἐμὸς

118 1149 253 1186 τυγχάνει
262 1148 363 1185 Κύριος
373 1157 379 1164 ⁸
397 1148 446 1181 διὸ,
459 1158 467 1174 ι
481 1146 548 1175 Εἶπε
561 1148 662 1184 Κύριος
671 1149 709 1185 τῷ
724 1150 818 1185 Κυρίῳ
831 1159 890 1185 μου,
903 1159 911 1176 ι

122 1196 178 1223 Καὶ
190 1195 310 1222 ἱνταῦθα
322 1195 411 1222 τοίνυν
426 1195 472 1221 τὸν
495 1194 619 1231 δεύτερον
651 1196 789 1231 σημαίνων
804 1197 818 1222 ὁ
834 1196 914 1228 αὐτὸς

120 1242 267 1279 προφήτης
292 1243 374 1278 φησίν
386 1251 392 1257 ·
411 1251 421 1268 ‹
437 1243 470 1269 Δί
492 1244 598 1279 πορεῖαι
623 1243 670 1270 τοῦ
692 1243 760 1270 Θεοῦ
777 1253 826 1279 μου
838 1264 845 1276 ,
867 1243 913 1270 τοῦ

123 1287 258 1323 βασιλέως
273 1297 340 1324 μου,
364 1287 411 1314 τοῦ
435 1288 464 1314 ὲν
480 1288 519 1324 τῷ
541 1288 620 1323 ἁγίῳ.
637 1298 645 1313 ι
677 1288 740 1315 Ἐὰν
762 1288 817 1324 γὰρ
843 1289 915 1323 λέγω

123 1334 314 1370 θεωρουμένας
332 1334 472 1375 πορείαςη
490 1334 527 1370 μή
546 1343 588 1366 τις
607 1333 741 1370 νομιζέτω
769 1344 802 1370 με
825 1334 914 1369 λέγειν

121 1378 168 1407 τοῦ
185 1379 235 1405 ἐπὶ
258 1379 367 1406 πάντων
388 1378 471 1405 Θεοῦ·
490 1379 557 1406 ἀλλά
579 1379 626 1405 τοῦ
644 1378 712 1405 Θεοῦ
728 1388 778 1414 μου
801 1380 846 1406 καὶ
867 1378 913 1406 τοῦ

124 1424 259 1460 βασιλέως
283 1433 332 1460 μου
354 1425 472 1460 πορεῖαι,
501 1424 569 1451 Ἀλλ’
593 1425 686 1461 ἐπειδὴ
711 1435 720 1451 ‹
741 1424 913 1461 προέφθασαν

123 1471 254 1508 ἄρχοντες
284 1471 408 1506 ἐχόμενοι
437 1471 590 1506 ψαλλόντων
619 1473 648 1499 ὲν
683 1471 758 1506 μέσῳ
786 1471 913 1499 νεανίδων

122 1519 358 1556 τυμπανιστριῶν.
377 1529 387 1546 ι
405 1519 486 1546 Αὐτοὶ
505 1519 558 1554 γὰρ
575 1515 647 1546 οὗτοι
663 1519 687 1545 οί
709 1518 913 1554 προφθάσαντες

124 1566 266 1603 ἄρχοντες,
284 1566 301 1602 ἢ
317 1567 342 1593 οἱ
355 1567 462 1603 ᾄδοντες
474 1567 520 1593 καὶ
535 1566 671 1601 Πνεύματι
686 1565 755 1601 ἁγίῳ
769 1565 798 1592 τὸ
818 1565 913 1600 μέλλον

125 1611 319 1644 θεσπίξοντες,
340 1611 551 1647 προεθεώρησαν
575 1610 623 1642 τὰς
647 1610 758 1646 πορείας
781 1609 827 1636 τοῦ
845 1609 912 1636 Θεοῦ

126 1667 176 1694 μου
192 1658 300 1685 καὶτοῦ
314 1657 446 1693 βασιλέως
465 1666 526 1693 μου.
545 1654 624 1684 Οὗτοι
637 1657 665 1683 δὲ
682 1654 752 1692 ἦσαν
765 1656 789 1682 οἱ
808 1656 914 1692 προφῆ-

123 1713 178 1738 ται,
195 1705 220 1732 οἱ
241 1705 448 1741 προφθάσαντες
465 1705 528 1737 τοὺς
550 1704 619 1740 μετὰ
631 1703 718 1730 ταῦτα
734 1703 915 1739 προελθόντας

125 1750 301 1782 ἀποστόλους.
316 1750 368 1777 Δύο
387 1750 441 1787 γὰρ
458 1750 545 1786 χορῶν
559 1750 610 1785 τὴν
625 1749 671 1776 τοῦ
688 1749 813 1786 Σωτῆρος
836 1749 914 1784 ἡμῶν

125 1796 265 1832 θεολογίαν
275 1796 428 1832 ἀνθρώποις
445 1796 684 1832 παραδεδωκότων,
697 1796 710 1821 ὁ
725 1796 773 1831 μὲν
790 1795 914 1831 προφθά-

126 1850 175 1874 σις
190 1841 271 1878 χορὸς
286 1839 320 1877 ἦν
334 1843 348 1868 ὁ
365 1841 543 1877 προφητικδς,
569 1842 582 1868 ὁ
598 1841 626 1868 δὲ
650 1840 775 1876 δεύτερος
794 1839 914 1867 ἐπελθὼν

125 1887 207 1915 ὁτῶν
227 1887 383 1926 ἀποστόλων
402 1887 448 1914 καὶ
468 1886 595 1922 μαθητῶν
614 1886 661 1913 τοῦ
686 1887 822 1922 Σωτῆρος.
841 1886 914 1921 Πλὴν

125 1933 194 1961 ἀλλὰ
208 1933 400 1970 ὲθεωρήθησαν
421 1934 449 1960 αἱ
463 1935 570 1968 πορεῖαι
591 1933 637 1959 τοῦ
654 1932 817 1968 δηλωθέντος
829 1931 912 1958 Θεοῦ’

125 1979 142 2017 ἢ
162 1980 220 2012 τοῖς
246 1979 296 2015 μὲν
325 1979 483 2011 ἀποστόλοις
505 1978 712 2014 ὲθεωρήθησαν,
735 1979 759 2005 οἶ
784 1979 831 2005 καὶ
854 1977 915 2012 Met

126 2025 282 2062 παρέλαϐον
309 2025 343 2052 τὰ
369 2025 453 2052 πάλαι
482 2024 634 2060 προγνώσει
665 2024 913 2060 προπεφωνημένα,

126 2067 208 2098 Οὗτοι
225 2070 275 2106 μὲν
294 2067 340 2096 οὗν
356 2071 449 2102 αὐτοῖς
471 2069 620 2104 ὀφθαλμοῖς
634 2069 683 2101 τὰς
704 2069 815 2104 πορείας
835 2068 916 2095 ἐθεώ-

128 2125 213 2152 ρησαν
237 2116 284 2143 τοῦ
305 2116 390 2143 Θεοῦ·
414 2116 591 2152 προέφθασαν
613 2116 642 2142 δὲ
664 2115 762 2147 αὐτοὺς
786 2115 916 2151 ἄρχοντές

125 2171 197 2195 τινες
212 2159 285 2190 οὗτοι
301 2164 325 2189 οί
346 2162 470 2198 ἐχόμενοι
489 2162 544 2189 τῶν
559 2161 723 2197 ψαλλόντων.
741 2161 871 2197 Σημαίνει
887 2161 916 2187 δὲ

126 2208 140 2232 ἠ
152 2207 231 2243 λόγος
244 2207 292 2235 τὸν
305 2207 386 2235 Δαυῒδ
403 2208 483 2235 αὑτὸν
500 2208 546 2235 καὶ
557 2208 621 2239 τοὺς
637 2207 684 2234 σὺν
696 2207 770 2242 αὐτῷ
784 2207 831 2233 καὶ⁸
847 2206 916 2233 κατὰ

966 964 1057 991 minus
1073 964 1188 992 Domino
1204 973 1265 993 meo
1285 975 1292 992 :
1318 976 1327 992 ι
1351 966 1455 1000 primus
1485 965 1585 1000 quippe
1613 966 1756 993 universo.-

966 1017 1027 1036 rum
1045 1008 1116 1037 Deus
1133 1009 1236 1043 luerit;
1252 1010 1389 1037 secundus
1402 1017 1467 1037 vero
1481 1008 1624 1040 Dominus,
1642 1009 1688 1043 qui
1710 1016 1757 1035 au-

965 1055 1015 1087 dit,
1035 1065 1044 1080 ε
1065 1054 1134 1083 Sede
1149 1063 1164 1082 a
1176 1055 1280 1083 dextris
1295 1057 1363 1084 meis
1371 1056 1404 1088 “,
1424 1065 1433 1081 ι
1451 1063 1528 1083 meus
1539 1054 1671 1082 Dominus
1685 1058 1727 1081 est
1745 1063 1754 1082 :

965 1110 1060 1137 quare,
1079 1111 1088 1128 ‹
1111 1101 1184 1129 Dixit
1206 1101 1337 1130 Dominus
1354 1102 1468 1130 Domino
1480 1110 1550 1130 meo.
1567 1111 1577 1128 ι
1597 1101 1647 1128 Hic
1670 1101 1756 1136 igitur

965 1147 1040 1174 illum
1060 1148 1182 1175 secundo
1197 1148 1258 1176 loco
1281 1149 1399 1184 positum
1414 1149 1471 1184 ipse
1490 1148 1624 1183 Propheta
1649 1146 1756 1182 signiti-

965 1200 1031 1221 cans
1047 1193 1113 1220 dicit
1128 1203 1135 1220 :
1155 1202 1163 1219 ι
1183 1193 1327 1228 Ingressus
1341 1193 1387 1221 Dei
1399 1194 1463 1225 mei,
1482 1193 1554 1228 regis
1573 1193 1639 1226 mei,
1655 1194 1701 1228 qui
1713 1196 1756 1221 est

966 1239 993 1265 in
1011 1243 1118 1267 sancto.
1136 1238 1226 1266 )Nam
1255 1247 1317 1267 cum
1341 1239 1482 1275 ingressus
1512 1239 1598 1266 videri
1623 1238 1696 1271 dico,
1720 1247 1756 1266 ne

965 1285 1028 1319 quis
1041 1285 1178 1313 existimet
1194 1286 1385 1313 universorum
1398 1284 1445 1312 Dei
1465 1284 1526 1312 illos
1539 1292 1618 1317 esse;
1637 1284 1685 1312 sed
1707 1284 1754 1312 Dei

965 1330 1035 1363 mei,
1053 1331 1124 1366 regis
1139 1331 1192 1358 mei
1214 1331 1356 1366 ingressus
1369 1335 1444 1358 sunt.
1462 1329 1561 1359 Verum
1574 1330 1638 1366 quia
1657 1340 1666 1356 ι
1685 1339 1755 1366 pra:—

964 1380 1098 1403 venerunt
1111 1376 1250 1412 principes
1264 1377 1404 1410 conjuncti
1419 1376 1611 1411 psallentibus,
1625 1376 1652 1403 in
1663 1376 1755 1403 medio

962 1421 1171 1456 juvencularum
1200 1422 1464 1457 tympanistriaruln.
1488 1431 1497 1447 ι
1526 1420 1558 1448 Hi
1590 1421 1662 1449 enim
1700 1421 1754 1457 ipsi

966 1467 1104 1503 principes
1120 1467 1166 1502 qui
1187 1470 1388 1502 prtevenerunt,
1402 1467 1460 1494 sive
1475 1467 1522 1501 qui
1543 1473 1655 1499 canunt,
1675 1472 1702 1494 et
1725 1467 1754 1494 in

967 1512 1071 1548 Spiritu
1088 1517 1185 1541 sancto
1200 1512 1291 1540 futura
1305 1513 1501 1548 praenuntiant,
1514 1512 1698 1548 prmviderunt
1711 1512 1756 1539 in-

927 1583 948 1611 c
967 1567 1079 1595 gressus
1105 1559 1152 1587 Dei
1176 1559 1229 1586 mei
1255 1559 1326 1594 regis
1350 1558 1413 1586 mei.
1442 1558 1482 1585 llli
1506 1566 1591 1591 vero,
1616 1559 1756 1594 prophetae

966 1612 1072 1641 nempe,
1089 1605 1239 1641 apostolos,
1255 1605 1301 1641 qui
1326 1609 1388 1641 past
1413 1612 1529 1639 venere,
1547 1609 1754 1640 praevenerunt.

965 1652 1072 1680 Etenim
1101 1660 1164 1679 cum
1186 1651 1240 1679 duo
1257 1651 1334 1679 chori
1360 1650 1510 1678 Salvatoris
1538 1650 1625 1678 nostri
1647 1650 1756 1677 theolo-

965 1698 1037 1733 giam
1063 1697 1221 1725 hominibus
1247 1698 1420 1729 tradiderint,
1443 1697 1489 1731 qui
1514 1696 1619 1731 primus
1641 1696 1756 1731 prodiit,

966 1743 1142 1779 propheticus
1156 1743 1347 1779 chorus.erat;
1364 1743 1409 1778 qui
1427 1750 1491 1770 vero
1510 1743 1648 1770 secundus
1662 1749 1757 1769 acces-

965 1790 1011 1821 sit,
1029 1789 1219 1824 apostolorum
1231 1794 1259 1817 et
1268 1788 1465 1824 discipulorum
1479 1787 1581 1815 Christi
1594 1787 1696 1814 chorus
1708 1795 1757 1814 ex-

966 1836 1045 1864 stitit.
1062 1835 1197 1864 Caeterum
1213 1836 1265 1863 visi
1281 1839 1346 1863 sunt
1369 1835 1510 1869 ingressus
1524 1834 1667 1861 memorati
1685 1833 1755 1868 Dei;

966 1882 1023 1909 sive
1036 1881 1167 1916 apostolis
1182 1880 1293 1916 quidem
1309 1880 1359 1907 visi
1384 1883 1459 1911 sunt,
1474 1878 1520 1913 qui
1544 1886 1605 1913 quae
1630 1878 1696 1905 olim
1720 1885 1756 1905 ex

967 1928 1141 1963 przescientia
1162 1926 1343 1963 praenuntiata
1360 1926 1469 1954 fuerant
1493 1925 1560 1960 ipsis
1580 1924 1669 1952 oculis
1688 1931 1756 1951 con-

966 1979 1124 2011 spexerunt.
1149 1975 1182 2002 lli
1202 1975 1294 2010 itaque
1317 1973 1418 2002 oculati
1436 1973 1577 2009 ingressus
1601 1972 1649 2000 Dei
1668 1977 1756 2001 testes

967 2023 1043 2050 fuere
1059 2032 1065 2049 :
1083 2022 1157 2057 ipsos
1174 2025 1264 2048 tamen
1277 2023 1466 2055 praevenerunt
1481 2018 1618 2054 principes
1644 2018 1756 2057 quidam

967 2053 1107 2104 conjuncti
1133 2053 1335 2103 psallenlibus:
1352 2065 1431 2101 queis
1469 2053 1677 2100 significantur.
1691 2071 1756 2092 cum

967 2116 1026 2151 ipse
1045 2114 1141 2146 David,
1166 2118 1222 2141 tum
1251 2113 1270 2140 ii
1296 2113 1342 2148 qui
1368 2119 1423 2139 una
1451 2119 1513 2138 cum
1528 2118 1561 2138 eo
1587 2114 1654 2138 tunc
1670 2110 1756 2138 duces

969 2160 1061 2196 populi
1077 2162 1165 2187 erant.
1191 2157 1224 2185 lli
1241 2156 1382 2192 conjuncti
1410 2156 1593 2192 psallentibus
1616 2162 1756 2190 praevene-

967 2207 1030 2230 runt
1042 2203 1069 2230 in
1078 2202 1167 2230 medio
1175 2201 1383 2237 juvencularum
1399 2200 1663 2235 tympanistriarum.
1675 2198 1757 2226 Tales

127 2255 189 2287 τοὺς
205 2255 306 2287 αὐτοὺς
328 2255 440 2291 χρόνους
459 2254 626 2290 ἡγουμένους
641 2253 689 2281 τοῦ
711 2253 794 2280 λαοῦ·
819 2253 915 2285 οἵτινες

968 2254 1042 2276 certe
1056 2253 1134 2276 erant
1157 2247 1278 2275 Iudaica:
1292 2253 1446 2282 synagoga,
1467 2244 1634 2280 imperfectae
1650 2243 1756 2271 scilicet

128 2302 251 2338 ὶχόμενοι
266 2301 320 2328 τῶν
343 2301 499 2336 ψαλλόντων
517 2300 693 2336 προέφθασαν
715 2301 744 2326 ὲν
766 2300 841 2335 μέσῳ
855 2307 917 2327 νεα-

127 2348 206 2376 νίδων
220 2347 451 2383 τυμπανιπριῶν.
463 2347 592 2374 Τοιαῦται
607 2347 635 2373 δὲ
647 2344 716 2382 ἦσαν
729 2347 757 2372 αἰ
775 2345 917 2372 Ίουδαῖκαὶ

128 2394 297 2428 συναγωγαὶ,
312 2393 418 2425 ἀτελεῖς
431 2393 479 2420 καὶ
498 2394 580 2420 εἰσέτι
595 2394 724 2425 νεάνιδες,
745 2393 824 2420 πλέον
841 2393 917 2419 οὐδὲν

127 2439 309 2475 ἐπιστάμεναι
331 2440 348 2475 ἢ
371 2440 522 2475 τυμπάνοις
544 2439 661 2475 χρῆσθαι
675 2441 732 2471 τοῖς
753 2439 917 2474 σωματικοῖς

127 2486 252 2524 ὀργάνοις
271 2487 302 2512 ὲκ
321 2485 402 2521 δορᾶς
421 2485 525 2520 νεκρῶν
543 2485 620 2517 ζώων
643 2485 914 2520 κατεσκευασμένοις.

127 2530 174 2558 Διδ
186 2530 398 2566 τυμπανίστριαι
412 2530 545 2566 εἴρηνται,
561 2529 600 2565 τῷ
615 2530 696 2565 μηδὲν
712 2529 804 2564 ἕτερον
817 2529 915 2556 εἰδέναι

128 2577 146 2614 ἢ
160 2577 196 2604 τὰ
213 2577 356 2613 σωματικὰ
371 2576 418 2604 τοῦ
430 2576 514 2612 νόμου
527 2576 756 2612 παραγγέλματα.

167 2643 178 2660 ‹
198 2634 244 2660 Ἐν
264 2633 438 2670 Ἐκκλησίαις
451 2634 586 2668 εὐλογεῖτε
600 2633 646 2660 τὸν
670 2633 736 2660 Θεὸν
758 2632 859 2668 Κύριον
887 2632 919 2658 ἐκ

130 2679 227 2716 πηγῶν
249 2679 368 2716 Ἰσραήλ.
383 2690 392 2707 ι
422 2681 500 2707 Μετὰ
524 2681 587 2712 τοὺς
604 2680 849 2716 προθεωρήσαντας
871 2678 919 2710 τὰς

131 2725 177 2753 τοῦ
204 2725 369 2762 δηλωθέντος
388 2726 455 2753 Θεοῦ
474 2726 602 2762 πορείας,
627 2725 780 2757 ἀκολούθως
799 2725 818 2754 6,
842 2724 920 2758 λόγος

132 2772 235 2808 ἑτέροις
249 2772 305 2798 τισὶ
331 2772 400 2808 μετὰ
421 2773 483 2804 τοὺς
508 2771 633 2807 πρώτους
647 2771 808 2806 γενομένους
837 2778 921 2806 προσ-

134 2817 328 2867 φωνετλὲτρνν
347 2828 356 2844 ι
377 2818 421 2845 Ἐν
434 2817 594 2854 ἐκκλησίαις
609 2817 744 2852 εὐλογεῖτε
755 2817 801 2844 τὸν
811 2816 891 2843 Θεόν·
907 2825 916 2842 ›

165 2895 272 2926 “Psal.
287 2903 344 2930 cur,
361 2896 388 2925 ι.

968 2298 995 2322 et
1021 2293 1110 2321 adhuc
1129 2293 1292 2328 juvenculaa,
1310 2292 1385 2319 nulla
1413 2291 1466 2317 alia
1487 2289 1602 2317 scientia
1622 2287 1755 2323 praeditas,

968 2349 1050 2376 quam
1069 2344 1099 2367 ut
1111 2339 1246 2376 tympanis
1261 2338 1318 2366 sive
1332 2336 1472 2372 corporeis
1489 2333 1680 2362 instrumentis
1692 2337 1754 2360 ute-

969 2392 1076 2419 rentur,
1099 2394 1131 2414 ex
1147 2391 1317 2413 mortuorum
1336 2382 1495 2410 animalium
1517 2381 1587 2417 pelle
1610 2378 1755 2406 confectis.

969 2433 1060 2466 Quare
1090 2431 1288 2468 tympanistria:
1319 2430 1460 2460 dicuntur,
1490 2426 1563 2462 quod
1585 2425 1654 2453 nihil
1681 2424 1758 2453 aliud

970 2483 1095 2512 nossent,
1108 2487 1189 2514 quam
1203 2483 1334 2512 corporea
1346 2475 1414 2510 legis
1425 2476 1571 2510 przecepta.

1007 2627 1092 2655 Vens.
1106 2626 1151 2659 2'1,
1164 2625 1209 2652 28.
1225 2634 1233 2650 ι
1247 2623 1277 2651 In
1294 2622 1423 2650 Ecclesiis
1437 2620 1589 2648 benedicitc
1616 2618 1672 2646 Deo
1703 2617 1758 2646 Do-

973 2674 1048 2700 mino
1063 2672 1096 2699 de
1120 2670 1241 2698 fontibus
1265 2669 1356 2696 Israel.
1377 2677 1387 2693 ι
1406 2666 1442 2693 De
1459 2666 1492 2693 iis
1513 2666 1620 2693 locutus
1641 2664 1687 2699 qui
1709 2663 1757 2691 Dei

971 2720 1028 2756 jam
1052 2718 1194 2746 memorati
1219 2717 1362 2751 ingressus
1386 2713 1577 2749 praeviderant,
1610 2715 1672 2747 post
1696 2711 1759 2738 illos

974 2767 1080 2803 primos
1095 2768 1294 2799 consequenter
1318 2761 1387 2788 alios
1404 2760 1548 2795 compellat
1563 2758 1657 2785 (licens
1671 2766 1677 2783 :
1695 2765 1704 2781 ι
1729 2757 1758 2803 in

973 2800 1097 2842 ccclesiis
1120 2807 1272 2838 benedicite
1297 2807 1362 2835 Deo.
1383 2817 1392 2833 ι
1409 2806 1478 2839 Quia
1499 2812 1563 2833 vero
1583 2803 1640 2830 hia
1656 2800 1760 2837 prind-
