2041 3215
307 161 355 195 ’1Ιί

640 166 776 194 EUSEBII
795 163 1034 194 CAISARlENSlS
1051 162 1091 192 0P

1148 163 1239 192 PARS
1257 163 1302 193 Ill.
1324 180 1354 186 —
1377 164 1582 194 meamea.
1872 155 1916 196 ιιι

308 227 390 262 pibus
414 225 468 253 illis
489 225 536 261 qui
564 229 757 260 praevenerunt
787 224 890 253 diversi
919 227 1016 258 erant;
1031 224 1091 259 jure

1144 224 1191 251 καὶ
1201 224 1350 260 ἐπειδήπερ
1366 224 1454 261 ἕτεροι
1475 223 1545 261 ἦσαν
1557 222 1627 253 οὗτοι
1642 224 1718 261 παρὰ
1734 220 1793 258 τοὺς
1809 226 1915 261 προφθά-

308 277 396 301 cmtus
414 273 522 299 illorum
538 271 672 299 ecclesias
690 274 780 303 vocat,
796 271 874 306 queis
887 271 1028 306 prophetia
1044 278 1094 298 nec

306 319 424 346 obscure
449 317 604 345 Servatoris
627 317 715 344 nostri
737 316 871 344 ecclesias
887 320 1092 343 commemorat.

306 363 441 391 Jubcntur
454 370 536 398 porro
551 362 578 388 hi
596 361 710 389 secundi
724 381 731 393 ,
747 369 802 388 non
820 361 846 387 in
862 361 951 388 medio
963 361 1094 396 juveucu-

308 410 395 436 larum
420 407 688 443 tympanistriarum,
711 407 759 434 sed
785 407 812 433 in
836 406 961 433 ccclesiis
982 406 1094 433 benedi-

306 463 368 483 cere
383 454 448 482 Deo.
462 454 529 488 Quis
554 454 590 481 sit
611 453 682 481 Deus
704 453 749 480 ille
766 462 827 480 mox
855 454 958 480 indicat
986 453 1091 485 dicens,
1109 478 1113 481 .

308 510 318 527 ‹
337 500 462 527 Domino.
480 510 490 526 ›
509 499 586 526 Unde
602 507 666 526 vero
693 499 718 526 id
750 499 900 530 hauserint,
926 498 998 533 quod
1015 507 1092 534 opor-

305 551 360 575 teat
374 547 504 574 Ecclesiis
520 546 628 573 Domini
643 545 680 581 (l)
695 545 855 579 theologiam
868 545 984 578 tradere,
1003 553 1095 572 neces-

305 593 380 619 sario
408 592 525 626 explicat
547 591 590 618 his
619 592 731 619 verbis;
746 600 755 616 ι
775 590 889 618 Domino
913 591 946 619 de
969 591 1091 619 fontibus

305 638 404 671 lsrael,
425 648 434 664 ι
458 638 671 673 vulgaribusque
689 637 788 665 iterum
816 637 1026 665 characteribus
1048 637 1092 664 hic

306 685 438 712 Dominus
452 685 624 720 exprimitur.
647 684 749 712 Fontes
764 692 828 711 vero
843 683 936 715 Israel,
954 684 1093 719 propheti-

304 739 343 759 cte
368 731 515 767 Scriptum
541 735 605 759 sunt
629 735 711 766 atque
727 731 767 758 lex
784 729 894 765 Moysis.
923 730 962 756 Ex
991 730 1092 765 quibus

304 776 384 811 quasi
400 784 432 803 ex
444 776 576 807 fontibus,
590 784 638 811 per
654 777 751 802 hausta
775 775 809 802 dc
833 774 975 802 Salvatore
998 779 1092 802 nostro

305 822 475 854 testimonia,
494 823 608 849 secundi
624 822 662 848 illi
679 823 706 849 in
725 822 850 849 ecclesiis
868 822 1030 849 benedicere
1041 822 1091 856 ipsi

301 869 441 904 jubentur.
455 868 554 896 Deinde
567 867 707 904 subjungit
722 877 728 894 :
747 877 756 893 I
777 867 815 894 lbi
831 867 973 903 Benjamin
998 868 1091 896 adole-

1147 280 1246 303 σαντας
1261 272 1410 307 ἄρχοντας,
1435 272 1547 304 εἰκότως
1563 272 1611 298 καὶ
1632 272 1683 304 τὰς
1707 272 1825 304 συνόδους
1838 272 1914 299 αὐτῶν

1144 318 1293 352 ἐκκλησίας
1303 318 1445 350 ἀποκαλεῖ,
1463 319 1605 353 μονονουχὶ
1617 319 1707 353 γυμνῇ
1721 319 1753 354 τῇ
1767 318 1862 353 κεφαλῇ
1872 318 1913 349 τὰς

1143 364 1191 390 τοῦ
1212 364 1338 400 Σωτῆρος
1353 364 1432 399 ἡμῶν
1454 364 1601 400 ἐκκλησίας
1626 363 1854 400 προαγορευούσης
1872 363 1914 399 τῆς

1144 409 1321 445 προφητείας.
1342 409 1501 436 Κελεύονται
1519 409 1547 436 δὲ
1561 406 1633 435 οὗτοι
1651 409 1675 434 οί
1697 407 1815 444 δεύτεροι
1831 408 1876 434 οὐκ
1890 409 1914 434 ὲν

1146 457 1221 491 μέσῳ
1249 455 1375 482 νεανίδων
1391 455 1614 490 τυμπανιστριῶν
1625 475 1631 486 ,
1644 454 1701 481 ἀλλ’
1723 455 1752 481 ἐν
1774 453 1914 489 ἐκκλησίαις

1144 501 1265 535 εὐλογεῖν
1280 501 1326 527 τὸν
1343 501 1419 527 Θεόν.
1445 501 1499 527 Καὶ
1517 502 1592 527 ποῖον
1616 500 1693 532 Θεὸν,
1717 500 1795 527 πάλιν
1809 499 1914 534 ἐπιλέγει

1144 547 1218 582 ἑξῆς,
1238 556 1247 572 ‹
1263 546 1375 583 Κύριον.
1392 558 1401 572 ι
1419 547 1474 573 Καὶ
1498 546 1579 572 πόθεν
1598 546 1765 582 ἀρυομένους
1785 546 1848 582 χρῆν
1863 546 1914 576 ταῖς

1143 593 1302 628 ἐκκλησίαις
1321 592 1370 628 τὴν
1390 592 1438 619 τοῦ
1464 592 1567 628 Κυρίου
1595 592 1769 628 παραδιδόναι
1794 591 1914 626 θεολογίαν

1143 639 1299 673 ἀναγκαίως
1329 639 1478 674 παρίστησι
1497 639 1599 673 λέγων’
1625 648 1635 664 ι
1653 638 1755 675 Κύριον
1782 639 1812 664 ἐκ
1833 637 1913 673 πηγῶν

1149 685 1275 720 Ἰσραὴλ,
1298 694 1306 710 ι
1332 686 1389 716 τοῖς
1408 684 1572 720 κοινοτέροις
1598 685 1768 720 χαρακτῆρσι
1793 682 1913 711 κάνταῦθα

1144 731 1225 757 πάλιν
1242 730 1288 757 τοῦ
1306 731 1410 766 Κυρίου
1427 731 1638 766 σημαινομένου.
1661 730 1751 766 Πηγαὶ
1775 730 1802 756 δέ
1822 728 1913 766 Ἰσραὴλ

1147 777 1174 802 αἱ
1200 777 1366 812 προφητικαλ
1392 777 1498 812 Γραιραὶ
1512 777 1702 812 τυγχάνουσιν,
1717 777 1734 812 ἥ
1751 785 1780 803 τε
1793 775 1913 806 Μωῦσέως

1143 822 1288 858 νομοθεσία
1299 831 1305 838 ο
1323 822 1351 856 ἐξ
1368 820 1405 849 ὧν
1416 823 1510 858 ὥσπερ
1525 822 1579 849 ἀπὺ
1598 822 1695 857 πηγῶν
1708 821 1864 858 ἀρυομένους
1874 819 1914 850 τὰς

1145 869 1210 904 περὶ
1235 868 1283 895 τοῦ
1298 869 1424 904 Σωτῆρος
1444 869 1522 904 ἡμῶν
1541 868 1693 904 μαρτυρίας
1718 867 1832 902 εὐλογεῖν
1847 864 1914 892 αὺτὺν

304 915 444 943 scentulus
480 915 508 942 in
539 915 638 942 mentis
662 922 788 942 excessu.
807 923 817 940 ι
835 913 889 941 Pro
916 914 963 941 illo
989 918 1089 946 autem,

1143 916 1172 941 ἐν
1196 916 1256 946 ταῖς
1276 914 1434 950 ἐκκλησίαις
1461 916 1518 946 τοῖς
1540 914 1679 950 δευτέροις
1706 911 1912 950 παρακελεύεται.

306 970 316 986 ι
334 962 381 994 ibi,
395 971 403 987 I
418 960 598 996 Symmachus
609 962 656 993 ait,
671 970 680 986 ι
694 961 739 988 ubi
758 961 901 994 Beniamin
919 961 1066 992 minimus;
1079 970 1088 986 ι

302 1006 400 1041 Aquila
425 1013 489 1033 vero
509 1005 646 1038 similiter,
666 1015 675 1031 ι
694 1006 731 1033 ibi
755 1006 895 1040 Benjamiu
923 1006 1024 1038 brevis,
1040 1006 1092 1032 im-

302 1059 402 1087 perans
421 1051 498 1086 ipsis.
519 1061 528 1077 ι
548 1051 688 1086 Beniamin
704 1059 767 1079 vero
781 1051 886 1086 junior,
904 1051 1034 1079 minimus
1045 1056 1092 1078 aut

302 1098 481 1126 brevissimus
510 1097 610 1125 Paulus
636 1102 695 1125 erat
727 1098 836 1125 divinus
863 1098 1022 1133 Apostolus,
1058 1105 1091 1125 ex

302 1145 373 1171 tribu
394 1144 547 1179 Benjamin,
567 1143 697 1171 Hebraeus
711 1151 744 1171 ex
760 1143 897 1177 Hebraeis,
913 1144 1092 1178 quemadmo-

302 1190 367 1218 dum
381 1190 439 1225 ipse
463 1189 544 1217 docet
569 1190 612 1218 his
627 1190 719 1218 verbis
737 1199 743 1217 :
764 1199 774 1216 ι
794 1190 977 1218 Circumcisio
994 1195 1092 1218 octavo

302 1236 356 1267 die,
373 1243 406 1264 ex
419 1243 518 1271 genere
535 1236 628 1267 Israel.
645 1236 680 1264 de
697 1237 770 1263 tribu
788 1237 944 1272 Benjamin,
960 1237 1091 1265 Hebraeus

301 1290 335 1309 ex
349 1282 470 1310 Hebraeis
481 1282 513 1308 ⁸⁷.
536 1292 545 1307 ι
566 1281 663 1309 Iunior
680 1291 744 1310 vero
759 1283 871 1314 dicitur.
890 1284 948 1310 sive
962 1284 1091 1311 minimus

302 1333 348 1356 aut
363 1329 465 1360 brevis,
480 1328 545 1363 quia
566 1329 591 1356 id
609 1329 667 1364 ipse
694 1330 814 1356 declarat
831 1330 926 1357 dicens
943 1340 950 1357 :
969 1339 978 1356 ‹
997 1329 1092 1358 Novis-

303 1376 374 1404 simo
399 1380 489 1403 autem
513 1376 636 1402 omnium
663 1375 742 1410 quasi
762 1376 886 1403 abortivo
909 1376 985 1404 visus
1000 1381 1041 1404 est
1065 1381 1092 1404 et

303 1422 370 1449 mihi
380 1422 414 1449 ⁸⁸.
432 1431 441 1447 υ
469 1421 521 1448 Pro
537 1422 583 1449 illo
600 1426 704 1453 autem,
725 1430 734 1447 ι
751 1422 779 1449 in
807 1423 907 1450 mentis
930 1431 1057 1455 excessu,
1079 1433 1088 1449 ι

300 1468 398 1504 Aquila
413 1488 420 1500 ,
451 1477 460 1493 ι
488 1468 626 1504 imperans
653 1469 739 1504 ipsis;
760 1479 768 1495 ι
791 1470 944 1497 Theodotio
975 1475 1065 1498 autem
1082 1492 1089 1503 ,

303 1525 313 1540 ε
332 1518 482 1550 praeceptor
504 1523 620 1549 eorum;
639 1525 647 1542 ι
670 1516 764 1551 quinta
787 1516 882 1549 editio,
910 1526 919 1542 ι
946 1517 1091 1545 instituen—

301 1566 366 1594 tem,
383 1572 392 1587 I
427 1566 474 1589 aut
504 1571 513 1587 ι
533 1561 688 1596 docentem,
705 1572 714 1589 ι
733 1563 905 1598 interpretati
933 1569 1006 1591 sunt.
1035 1564 1090 1592 Nec

301 1609 396 1636 multis
424 1609 515 1636 verbis
535 1616 604 1643 opus
629 1609 662 1636 ad
688 1609 935 1644 comprobandum,
965 1615 1088 1638 sanctum

301 1654 472 1689 Apostolum,
490 1654 536 1688 qui
553 1654 694 1689 Beniamin
707 1659 833 1685 vocatur.
848 1654 980 1682 Ecclesiis
1004 1656 1090 1690 impe-

300 1706 373 1729 rare,
391 1706 540 1733 earumque
555 1702 749 1734 praeceptorem
767 1707 838 1727 esse.
865 1699 924 1727 Non
942 1701 1017 1728 solus
1039 1702 1088 1728 ita-

301 1752 354 1780 que
370 1744 511 1778 Benjamin
528 1744 564 1771 ibi
579 1748 657 1776 erat,
673 1744 801 1772 videlicet
822 1745 849 1772 in
873 1745 1004 1774 Ecclesiis
1021 1746 1067 1774 Dei
1081 1756 1088 1780 ;

301 1789 349 1817 sed
363 1789 445 1816 etiam
467 1798 476 1814 ε
495 1789 632 1824 principes
646 1788 717 1816 Juda
730 1789 815 1816 duces
827 1797 933 1822 eorum,
951 1792 1089 1827 principes

301 1835 441 1866 Zabulon,
474 1835 612 1870 principes
637 1835 792 1870 Nephthali.
814 1845 822 1861 ι
842 1835 890 1863 llis
914 1845 995 1871 porro
1020 1838 1090 1865 indi-

300 1883 399 1907 cantur
415 1879 511 1914 reliqui
524 1880 651 1914 apostoli,
665 1887 782 1915 quorum
799 1880 844 1907 alii
859 1889 891 1908 ex
908 1882 982 1909 tribu
1007 1882 1088 1917 Juda,

301 1925 346 1951 alii
359 1933 392 1952 ex
405 1925 478 1951 tribu
488 1924 621 1958 Zabulon,
638 1925 684 1952 alii
698 1933 731 1952 ex
748 1926 821 1952 tribu
839 1925 984 1962 Nephthali
998 1934 1088 1955 erant.

300 1970 390 2003 Quare
407 1971 505 1998 horum
522 1975 623 1999 terram
639 1978 771 2000 memorat
786 1972 905 2008 Spiritus
917 1978 1029 2002 sanctus
1041 1984 1090 2010 per

299 2015 400 2053 lsaian;
426 2017 585 2051 prophetam
621 2018 743 2046 dicens:
764 2028 773 2043 ι
794 2018 878 2046 Terra
909 2019 1033 2048 Zabulon
1062 2025 1090 2048 et

301 2065 372 2088 terra
393 2061 576 2098 Nephthalim,
600 2064 672 2090 viam
695 2065 779 2092 maris
794 2084 801 2095 ,
819 2069 895 2092 trans
929 2065 1088 2098 Jordanem,

299 2105 408 2134 Galilzra
427 2108 549 2143 gentium
560 2108 592 2135 δ’.
612 2118 621 2134 ι
642 2110 699 2144 Ipse
713 2118 821 2145 quoque
848 2111 977 2139 Servator
996 2116 1089 2140 trans-

300 2153 360 2180 iens
381 2153 459 2188 juxta
484 2161 560 2181 mare
576 2154 704 2189 Galilaaaz,
720 2156 822 2183 isthinc
848 2165 913 2185 suos
940 2158 1089 2193 discipulos

299 2200 417 2227 vocavit.
447 2199 548 2235 Aperte
571 2201 663 2236 itaque
689 2202 770 2229 docet
799 2202 930 2231 Ecclesiis
956 2204 1089 2240 imperare

1143 958 1210 987 Εἶτα
1230 960 1366 995 ἐπιλέγει·
1381 970 1390 985 ι
1407 961 1481 986 Ἑκεῖ
1494 961 1622 995 Βενιαμὶν
1642 959 1774 995 νεώτερος
1791 960 1817 986 ἓν
1831 957 1913 985 ἐκσιάέ

1144 1016 1193 1034 σει.
1211 1016 1220 1032 ›
1244 1007 1314 1033 Ἀντὶ
1332 1006 1360 1033 δὲ
1373 1006 1420 1033 τοῦ
1438 1016 1447 1032 ‹
1465 1008 1541 1038 ἐκεῖ,
1565 1016 1574 1032 ι
1591 1007 1606 1033 ὁ
1629 1006 1792 1042 Σύμμαχος,
1815 1015 1825 1031 ‹
1840 1005 1912 1035 ὅπου,

1143 1053 1226 1088 φησι,
1257 1053 1386 1088 Βενιαμὶν
1419 1053 1433 1078 6
1464 1053 1643 1089 μικρότατος·
1667 1062 1677 1078 ι
1707 1051 1755 1078 καὶ
1779 1051 1792 1077 6
1817 1050 1914 1080 Ἀκύλας

1142 1098 1242 1133 ὁμοίως
1253 1107 1259 1113 ·
1275 1108 1283 1124 ι
1302 1099 1383 1130 Ἐκεῖ,
1397 1099 1474 1134 φησι,
1487 1099 1616 1134 Βενιαμὶν
1630 1099 1644 1125 ὁ
1656 1098 1768 1134 βραχὺς,
1778 1095 1914 1132 ἐπικρατῶν

1142 1144 1241 1170 αὐτῶν.
1261 1152 1270 1169 ι
1298 1144 1426 1179 Βενιαμὶν
1450 1145 1479 1171 δὲ
1501 1144 1630 1181 νεώτερος
1655 1145 1704 1172 καὶ
1731 1144 1878 1181 μικρότατος
1899 1140 1912 1175 ἦ

1144 1189 1310 1225 βραχύτατος
1326 1190 1432 1222 Παῦλος
1447 1188 1480 1226 ἦν
1491 1192 1504 1217 6
1518 1191 1588 1223 θεῖος
1611 1191 1782 1223 Ἀπόστολος,
1798 1189 1874 1225 φυλῆς
1883 1187 1914 1214 ὧν

1142 1237 1281 1271 Βενιαμὶν,
1310 1236 1434 1272 Ἐϐραῖος
1453 1237 1483 1269 ἐξ
1512 1237 1661 1274 Ἑϐραίων,
1686 1236 1775 1269 καθὼς
1796 1235 1868 1267 αὑτδς
1883 1233 1914 1260 δι-

1142 1282 1234 1309 δάσκει
1259 1282 1363 1317 λέγων·
1393 1292 1402 1308 ι
1424 1283 1564 1319 Περιτομὴ
1588 1285 1761 1319 ὀκταήμερος
1783 1282 1813 1308 ἐκ
1833 1281 1914 1315 γένους

1149 1328 1266 1364 Ἰσραὴλ,
1281 1329 1368 1364 φυλῆς
1391 1330 1537 1365 Βενιαμὶν,
1561 1330 1689 1365 Ἐϐραῖος
1711 1329 1739 1363 ἐξ
1762 1327 1912 1364 Ἐϐραίων.)

1142 1373 1282 1410 Νεὼτερος
1296 1374 1324 1400 δὲ
1342 1374 1460 1410 εἴρηται,
1475 1374 1492 1410 ἢ
1508 1375 1686 1411 μικρότατος,
1703 1375 1719 1411 ἢ
1743 1374 1848 1410 βραχὺς,
1864 1371 1914 1398 ἐπεὶ

1143 1421 1189 1447 καὶ
1206 1421 1287 1451 αὐτὸς
1301 1419 1379 1447 τοῦτο
1391 1420 1510 1447 διδάσκει
1524 1420 1610 1454 λέγων
1621 1429 1628 1435 ·
1646 1430 1655 1445 ι
1675 1420 1803 1456 ’Ὕστερον
1817 1418 1843 1445 δὲ
1856 1416 1913 1444 πάν-

1142 1475 1195 1492 των
1215 1465 1310 1502 ὥσπερ
1327 1466 1366 1501 τῷ
1385 1466 1541 1502 ἐκτρώματι
1560 1466 1638 1501 ὤφθη
1664 1466 1760 1502 κάμοί.
1777 1475 1786 1491 ι
1812 1462 1876 1491 ’Δντὶ
1890 1462 1913 1489 δὲ

1141 1512 1205 1545 τοῦ,
1222 1522 1230 1538 ι
1245 1512 1274 1539 ἐν
1296 1513 1422 1539 ἐκστάσει
1436 1532 1443 1544 ,
1467 1522 1476 1538 ι
1494 1512 1508 1538 6
1534 1512 1583 1547 μὲν
1600 1512 1734 1545 Ἀκύλας,
1754 1520 1764 1538 ι
1779 1507 1913 1545 ἐπικρατῶν

1142 1557 1247 1584 αὐτῶν·
1264 1566 1273 1582 ι
1289 1558 1303 1583 6
1317 1557 1344 1583 δὲ
1364 1557 1520 1589 Θεοδοτίων,
1537 1566 1545 1582 ι
1559 1558 1708 1593 παιδευτὴς
1729 1555 1825 1583 αὐτῶν·
1842 1563 1850 1580 ι
1865 1552 1914 1588 ἡδὶ

1143 1603 1253 1639 πέμπτη
1266 1603 1378 1635 ἕκδοσις,
1394 1613 1403 1629 ι
1415 1603 1585 1635 παιδεύοντα,
1594 1604 1811 1639 ιῆ,‹διδάσκοντα
1823 1599 1914 1637 ’ἡρμή-

1141 1658 1248 1676 νευσαν.
1266 1650 1302 1676 υύ
1320 1650 1360 1676 δεῖ
1373 1650 1401 1676 δὲ
1416 1651 1481 1685 ἡμῖν
1497 1650 1627 1677 πλειόνων
1643 1650 1734 1684 λόγων
1750 1651 1788 1681 είς
1797 1646 1914 1679 ἀπόδειξιν

1140 1695 1187 1722 τοῦ
1204 1697 1314 1731 κρατεῖν
1336 1695 1389 1722 τῶν
1417 1695 1600 1731 Ἐκκλησιῶν,
1618 1696 1664 1722 καὶ
1684 1694 1825 1731 παιδευτὴν
1839 1691 1915 1720 αὐτῶν

1141 1739 1208 1768 εἷναι
1223 1742 1268 1768 τὸν
1284 1741 1355 1777 ἱερὸν
1370 1742 1528 1768 Ἀπόστολον
1541 1742 1671 1778 Βενιαμὶν
1686 1737 1913 1778 ὠνομασμένον.οὐ

1141 1787 1221 1822 μόνος
1239 1787 1267 1813 δὲ
1290 1787 1344 1823 ἄρα
1367 1789 1381 1814 ὁ
1404 1788 1533 1823 Βενιαμὶν
1548 1786 1582 1823 ἦν
1602 1789 1676 1822 ἐκεῖ,
1694 1788 1790 1824 δηλαδή
1817 1787 1844 1813 ἐν
1863 1785 1914 1814 ταῖς

1147 1833 1320 1868 Ἐκκλησίαις
1335 1833 1381 1860 τοῦ
1397 1834 1475 1866 θεοῦ,
1487 1834 1555 1861 ἀλλά
1577 1835 1624 1860 καὶ
1640 1844 1650 1860 ι
1664 1836 1688 1861 οἱ
1703 1834 1826 1870 ἄρχοντες
1840 1829 1914 1858 Ἰούδα

1139 1879 1273 1914 ἡγεμόνες
1290 1879 1395 1912 αὐτῶν,
1419 1880 1489 1906 οἵτε
1514 1881 1645 1915 ἄρχοντες
1672 1878 1810 1906 Ζαϐουλὼν
1834 1876 1875 1904 καὶ
1892 1874 1914 1901 οι

1140 1925 1270 1961 ἄρχοντες
1284 1926 1451 1961 Νεφθαλείμ.
1467 1926 1503 1962 Ση
1509 1926 1596 1961 μαίνει
1611 1926 1640 1952 δὲ
1656 1927 1670 1952 6
1681 1926 1758 1960 λόγος
1771 1924 1813 1952 διὰ
1826 1921 1914 1949 τούτων

1139 1971 1202 2002 τοὺς
1223 1971 1332 2003 λοιποὺς
1350 1971 1524 2003 ἀποστόλους,
1545 1968 1582 1998 ὧν
1597 1972 1620 1998 οξ
1641 1972 1690 2007 μὲν
1706 1969 1774 2007 ἦσαν
1794 1971 1824 1997 ἐκ
1840 1966 1915 2003 φυλῆς

1146 2017 1240 2049 Ἰούδα,
1257 2018 1281 2043 οί
1295 2017 1323 2044 δὲ
1337 2018 1368 2043 ἐκ
1386 2017 1474 2052 φυλῆς
1486 2017 1630 2044 Ζαϐουλὼν
1644 2017 1692 2044 καὶ
1707 2015 1866 2051 Νεφθαλείμ.
1876 2010 1915 2039 Διδ

1139 2065 1188 2100 τῆς
1210 2065 1311 2091 τούτων
1332 2065 1468 2100 μέμνηται
1492 2065 1584 2101 χώρας
1607 2064 1637 2091 τὺ
1663 2065 1740 2100 ἅγιον
1757 2063 1862 2099 Πνεῦμα
1877 2058 1915 2086 διὰ

1144 2111 1256 2138 Ἡσαΐου
1267 2111 1316 2137 τοῦ
1330 2112 1468 2147 προφήτου
1486 2110 1563 2145 λέγον
1574 2120 1580 2126 ’
1596 2121 1605 2136 ι
1618 2111 1656 2147 Γῆ
1672 2110 1810 2137 Ζαϐουλὼν
1831 2107 1873 2135 καὶ
1884 2105 1914 2140 γῆ

1139 2157 1313 2192 Νεφθαλείμ,
1340 2158 1398 2184 όδδν
1416 2157 1555 2192 θαλάσσης
1568 2178 1574 2190 ,
1596 2157 1685 2193 πέραν
1706 2156 1752 2184 τοῦ
1782 2154 1913 2191 Ἰορδάνουι

1138 2203 1266 2230 Γαλιλαία
1278 2203 1330 2230 τῶν
1344 2203 1456 2229 ἐθνῶν.»
1466 2203 1522 2230 Καὶ
1534 2203 1614 2235 αὐτὸς
1624 2203 1653 2229 δὲ
1665 2204 1680 2230 ό
1689 2202 1792 2238 Σωτὴρ,
1803 2206 1915 2235 παραγα-

300 2246 388 2281 primo
414 2245 540 2279 Paulum,
569 2247 760 2275 brevissimum
776 2253 802 2275 et
819 2250 961 2277 minimum
973 2272 981 2284 ,
996 2258 1028 2278 ac
1040 2252 1086 2286 ju-

1142 2251 1195 2284 γὼν
1212 2249 1286 2286 παρὰ
1300 2250 1348 2285 τὴν
1365 2249 1502 2276 θάλασσαν
1517 2249 1567 2284 τῆς
1581 2249 1736 2281 Γαλιλαίας,
1753 2248 1814 2279 τοὺς
1829 2242 1914 2273 ἑαυτοῦ

299 2293 403 2320 niorem
431 2293 538 2320 carteris
558 2294 690 2328 apostolis
704 2314 710 2325 ,
727 2295 754 2322 in
778 2295 877 2322 mentis
902 2303 1018 2324 excessu
1038 2298 1087 2324 ali-

271 2337 274 2341 ‘
298 2339 408 2374 quando
424 2339 555 2375 positum,
575 2340 684 2374 quando
699 2341 914 2376 persequebatur
936 2342 1085 2370 Ecclesiam

299 2384 358 2417 Dei,
377 2392 491 2420 eamque
509 2387 643 2418 vastabat,
661 2387 718 2413 sive
743 2387 852 2421 quando
874 2388 901 2414 in
920 2389 1086 2417 revelatione

298 2431 467 2459 Salvatorem
484 2432 568 2465 vidit;
585 2433 626 2460 vel
643 2433 753 2468 quando
771 2439 864 2469 raptus
880 2438 921 2462 est
933 2435 959 2462 in
978 2437 1088 2470 paradi»

298 2483 358 2503 sum
375 2484 460 2512 usque
476 2477 508 2504 ad
524 2479 632 2505 tertium
647 2479 758 2506 coelum.
779 2478 845 2506 Post
869 2479 983 2508 Paulum
1008 2489 1085 2513 vero,

297 2526 411 2550 ctetcros
435 2524 574 2558 apostolos
591 2533 600 2549 ‹
621 2524 668 2555 ibi,
689 2534 698 2550 ι
718 2525 824 2552 scilicet
840 2526 867 2552 in
888 2526 946 2560 ipsa
964 2526 1087 2555 Ecclesia

297 2572 394 2595 ornate
422 2573 579 2598 versaturos
607 2571 782 2603 vaticinatur,
807 2572 1000 2608 principesque
1029 2573 1087 2601 fore

298 2619 409 2642 nostros
423 2623 456 2642 ex
470 2616 542 2643 tribu
559 2616 639 2649 Juda,
655 2625 687 2644 ac
703 2618 841 2653 principes
859 2619 993 2652 Zabulon,
1011 2621 1086 2655 prin-

298 2662 373 2696 cipes
390 2661 545 2696 Nephthali.
563 2663 591 2690 Si
609 2664 670 2700 quis
685 2673 750 2691 vero
773 2673 821 2699 per
848 2666 932 2692 otium
957 2671 1085 2694 accurate

298 2707 483 2742 pcrquisierit,
506 2708 639 2744 cujusque
664 2711 779 2745 apostoli
815 2711 915 2738 tribum
941 2712 1082 2746 reperiet:

333 2798 356 2815 "’
370 2798 488 2834 Philipp.
513 2806 554 2831 ιιι,
574 2799 602 2827 5.
638 2799 681 2828 ⁸³1
695 2799 759 2828 Cor.
782 2809 828 2835 xv,
844 2801 872 2828 8.
910 2800 998 2828 "lsa.
1015 2809 1053 2833 ix,
1075 2801 1101 2829 1.

1143 2296 1265 2332 μαθητὰς
1280 2296 1384 2322 ἐνθένδε
1408 2295 1574 2322 ἀνεκαλεῖτο.
1592 2295 1689 2330 513:6);
1704 2293 1750 2322 οὖν
1773 2291 1915 2327 ἐπικρατεῖν

1140 2343 1193 2369 τῶν
1214 2343 1380 2378 Ἑκκλησιῶν
1395 2343 1502 2378 πρῶτον
1519 2344 1567 2378 μὲν
1582 2343 1688 2370 Παῦλον
1702 2342 1747 2369 τδν
1763 2340 1915 2378 βραχύτατον

1140 2389 1187 2415 καὶ
1203 2389 1379 2424 μικρότατον,
1397 2389 1443 2416 καὶ
1459 2388 1592 2416 νεώτατον
1606 2389 1660 2415 τῶν
1675 2388 1827 2416 ἀποστόλων
1839 2384 1915 2412 ἐδίδα-

1141 2433 1201 2466 ξεν,
1219 2435 1247 2460 ἐν
1273 2435 1400 2462 ἐκστάσει
1416 2436 1480 2462 ποτὲ
1501 2437 1663 2471 γενόμενον,
1691 2435 1735 2462 ὅτε
1762 2433 1852 2460 ἐδίωκε
1873 2429 1915 2465 τὴν

1146 2480 1309 2516 Ἐκκλησίαν
1326 2481 1371 2507 τοῦ
1389 2482 1473 2513 Θεοῦ,
1497 2482 1544 2508 καὶ
1562 2481 1670 2517 ἐπόρθει
1684 2480 1777 2516 αὐτὴν.
1799 2479 1816 2514 ἢ
1830 2478 1870 2504 ὅτε
1891 2475 1916 2501 ἐν

1141 2527 1308 2560 ἀποκαλύψει
1322 2528 1366 2555 τὸν
1384 2529 1499 2564 Σωτῆρα
1517 2528 1644 2555 τεθέατο·
1663 2527 1679 2562 ἢ
1696 2528 1740 2554 ὅτε
1759 2524 1866 2562 ἡρπάγη
1882 2521 1916 2551 εἷς

1140 2574 1185 2600 τὸν
1211 2574 1373 2609 παράδεισον
1395 2575 1447 2606 ἕως
1468 2575 1560 2610 τρίτου
1586 2573 1717 2610 ούρανοῦ·
1745 2571 1811 2608 μετὰ
1837 2569 1862 2596 δὲ
1876 2565 1915 2595 τδν

1141 2619 1247 2646 Παῦλον
1267 2621 1331 2652 τοὺς
1356 2619 1466 2652 λοιποὺς
1492 2620 1656 2651 ἀποστόλους
1672 2619 1731 2646 ἐκεῖ
1754 2618 1783 2644 ἐν
1804 2616 1835 2651 τῇ
1854 2611 1913 2644 αὐτῇ

1146 2666 1293 2702 Ἐκκλησία
1326 2666 1488 2703 διαπρέπειν
1515 2666 1654 2698 θεσπίζει,
1689 2664 1819 2700 ἄρχοντας
1845 2658 1915 2703 by?"

1139 2701 1290 2749 ἡμετέραις
1305 2714 1337 2740 ὲκ
1351 2701 1437 2748 φυλῆς
1457 2712 1552 2745 Ἰούδα,
1569 2713 1616 2740 καὶ
1635 2713 1768 2748 ἄρχοντας
1785 2701 1914 2736 Ζαῆουλὼν

334 2877 374 2915 (ι)
397 2876 425 2905 ld
448 2882 490 2906 est
503 2897 511 2911 ,
536 2877 619 2906 Deum
634 2878 709 2906 illum
730 2886 784 2907 me
802 2878 828 2906 in
847 2877 965 2906 Ecclesia
983 2878 1138 2914 praedicare.
