  <div class='ocr_page' id='page_1' title='image "/cluster/home/n/w/nwhite01/storage/ocr_20150623/23/njp.32101077772505/364.png"; bbox 0 0 2041 3215; ppageno 0'>
   <div class='ocr_carea' id='block_1_1' title="bbox 149 205 201 232">
    <p class='ocr_par' dir='ltr' id='par_1_1' title="bbox 149 205 201 232">
     <span class='ocr_line' id='line_1_1' title="bbox 149 205 201 232; baseline 0 0"><span class='ocrx_word' id='word_1_1' title='bbox 149 205 201 232; x_wconf 76' lang='grc'><strong>715</strong></span> 
     </span>
    </p>
   </div>
   <div class='ocr_carea' id='block_1_2' title="bbox 711 197 1210 229">
    <p class='ocr_par' dir='ltr' id='par_1_2' title="bbox 711 197 1210 229">
     <span class='ocr_line' id='line_1_2' title="bbox 711 197 1210 229; baseline -0.004 0"><span class='ocrx_word' id='word_1_2' title='bbox 711 197 966 229; x_wconf 67' lang='lat' dir='ltr'><strong>COMMENTABIA</strong></span> <span class='ocrx_word' id='word_1_3' title='bbox 985 200 1020 228; x_wconf 76' lang='lat' dir='ltr'><strong>IN</strong></span> <span class='ocrx_word' id='word_1_4' title='bbox 1040 200 1210 228; x_wconf 78' lang='lat' dir='ltr'><strong>PSALMOS.</strong></span> 
     </span>
    </p>
   </div>
   <div class='ocr_carea' id='block_1_3' title="bbox 1231 173 1773 230">
    <p class='ocr_par' dir='ltr' id='par_1_3' title="bbox 1231 173 1773 230">
     <span class='ocr_line' id='line_1_3' title="bbox 1231 173 1773 230; baseline -0.002 1"><span class='ocrx_word' id='word_1_5' title='bbox 1231 173 1283 209; x_wconf 55' lang='lat' dir='ltr'><strong>b7</strong></span> <span class='ocrx_word' id='word_1_6' title='bbox 1366 200 1369 205; x_wconf 79' lang='grc'><em>“</em></span> <span class='ocrx_word' id='word_1_7' title='bbox 1622 227 1630 230; x_wconf 72' lang='lat'><strong><em>_</em></strong></span> <span class='ocrx_word' id='word_1_8' title='bbox 1722 201 1773 230; x_wconf 72' lang='lat' dir='ltr'><strong>7H</strong></span> 
     </span>
    </p>
   </div>
   <div class='ocr_carea' id='block_1_4' title="bbox 147 262 933 299">
    <p class='ocr_par' dir='ltr' id='par_1_4' title="bbox 147 262 933 299">
     <span class='ocr_line' id='line_1_4' title="bbox 147 262 933 299; baseline -0.001 -8"><span class='ocrx_word' id='word_1_9' title='bbox 147 263 194 291; x_wconf 73' lang='grc' dir='ltr'><strong>καὶ</strong></span> <span class='ocrx_word' id='word_1_10' title='bbox 209 263 342 299; x_wconf 76' lang='grc' dir='ltr'>ἄρχοντας</span> <span class='ocrx_word' id='word_1_11' title='bbox 361 262 530 298; x_wconf 73' lang='grc' dir='ltr'>Νεφθαλείμ.</span> <span class='ocrx_word' id='word_1_12' title='bbox 553 263 615 290; x_wconf 77' lang='grc' dir='ltr'><strong>Ἐπὶ</strong></span> <span class='ocrx_word' id='word_1_13' title='bbox 631 263 728 299; x_wconf 82' lang='grc' dir='ltr'><strong>σχολῆς</strong></span> <span class='ocrx_word' id='word_1_14' title='bbox 742 264 764 290; x_wconf 82' lang='grc' dir='ltr'><strong>δ’</strong></span> <span class='ocrx_word' id='word_1_15' title='bbox 784 264 818 291; x_wconf 77' lang='grc' dir='ltr'>ἄν</span> <span class='ocrx_word' id='word_1_16' title='bbox 833 272 874 295; x_wconf 83' lang='grc' dir='ltr'><strong>τις</strong></span> <span class='ocrx_word' id='word_1_17' title='bbox 891 272 933 298; x_wconf 81' lang='grc' dir='ltr'>φι-</span> 
     </span>
    </p>
   </div>
   <div class='ocr_carea' id='block_1_5' title="bbox 984 262 1772 299">
    <p class='ocr_par' dir='ltr' id='par_1_5' title="bbox 986 262 1772 298">
     <span class='ocr_line' id='line_1_5' title="bbox 986 262 1772 298; baseline 0.004 -9"><span class='ocrx_word' id='word_1_18' title='bbox 986 271 1048 290; x_wconf 87' lang='lat' dir='ltr'><strong>nam</strong></span> <span class='ocrx_word' id='word_1_19' title='bbox 1066 263 1154 291; x_wconf 83' lang='lat' dir='ltr'><strong>cuivis</strong></span> <span class='ocrx_word' id='word_1_20' title='bbox 1171 262 1302 298; x_wconf 67' lang='lat' dir='ltr'><strong>qumrenti</strong></span> <span class='ocrx_word' id='word_1_21' title='bbox 1315 263 1396 290; x_wconf 80' lang='lat' dir='ltr'><strong>datur</strong></span> <span class='ocrx_word' id='word_1_22' title='bbox 1409 270 1425 291; x_wconf 64' lang='grc' dir='ltr'><strong>ε</strong></span> <span class='ocrx_word' id='word_1_23' title='bbox 1450 263 1595 292; x_wconf 76' lang='lat' dir='ltr'><strong>Servatore</strong></span> <span class='ocrx_word' id='word_1_24' title='bbox 1617 265 1772 293; x_wconf 80' lang='lat' dir='ltr'><strong>inveniendi</strong></span> 
     </span>
    </p>
   </div>
   <div class='ocr_carea' id='block_1_6' title="bbox 146 309 936 345">
    <p class='ocr_par' dir='ltr' id='par_1_6' title="bbox 146 309 936 345">
     <span class='ocr_line' id='line_1_6' title="bbox 146 309 936 345; baseline 0.001 -10"><span class='ocrx_word' id='word_1_25' title='bbox 146 309 317 345; x_wconf 69' lang='grc' dir='ltr'>λοκαλήσας,</span> <span class='ocrx_word' id='word_1_26' title='bbox 342 309 391 344; x_wconf 77' lang='grc' dir='ltr'>τὴν</span> <span class='ocrx_word' id='word_1_27' title='bbox 417 309 532 335; x_wconf 77' lang='grc' dir='ltr'><strong>ἑκάστου</strong></span> <span class='ocrx_word' id='word_1_28' title='bbox 563 309 617 336; x_wconf 86' lang='grc' dir='ltr'><strong>τῶν</strong></span> <span class='ocrx_word' id='word_1_29' title='bbox 643 310 799 336; x_wconf 75' lang='grc' dir='ltr'>ἀποστολων</span> <span class='ocrx_word' id='word_1_30' title='bbox 826 311 936 345; x_wconf 79' lang='grc' dir='ltr'><strong>εὑρήσει</strong></span> 
     </span>
    </p>
   </div>
   <div class='ocr_carea' id='block_1_7' title="bbox 148 354 938 391">
    <p class='ocr_par' dir='ltr' id='par_1_7' title="bbox 148 354 938 391">
     <span class='ocr_line' id='line_1_7' title="bbox 148 354 938 391; baseline 0.001 -10"><span class='ocrx_word' id='word_1_31' title='bbox 148 354 251 390; x_wconf 82' lang='grc' dir='ltr'>φυλήν·</span> <span class='ocrx_word' id='word_1_32' title='bbox 278 355 339 381; x_wconf 71' lang='grc' dir='ltr'>ἐπεὶ</span> <span class='ocrx_word' id='word_1_33' title='bbox 366 355 448 381; x_wconf 77' lang='grc' dir='ltr'>παντὶ</span> <span class='ocrx_word' id='word_1_34' title='bbox 472 355 513 390; x_wconf 85' lang='grc' dir='ltr'><strong>τῷ</strong></span> <span class='ocrx_word' id='word_1_35' title='bbox 542 355 666 391; x_wconf 77' lang='grc' dir='ltr'><strong>ζητοῦντι</strong></span> <span class='ocrx_word' id='word_1_36' title='bbox 691 356 708 391; x_wconf 79' lang='grc' dir='ltr'>ἡ</span> <span class='ocrx_word' id='word_1_37' title='bbox 733 356 783 390; x_wconf 83' lang='grc' dir='ltr'>τῆς</span> <span class='ocrx_word' id='word_1_38' title='bbox 803 356 938 391; x_wconf 72' lang='grc' dir='ltr'>εὑρέσεως</span> 
     </span>
    </p>
   </div>
   <div class='ocr_carea' id='block_1_8' title="bbox 146 400 688 436">
    <p class='ocr_par' dir='ltr' id='par_1_8' title="bbox 146 400 688 436">
     <span class='ocr_line' id='line_1_8' title="bbox 146 400 688 436; baseline 0 -9"><span class='ocrx_word' id='word_1_39' title='bbox 146 401 249 428; x_wconf 71' lang='grc' dir='ltr'>δέδοται</span> <span class='ocrx_word' id='word_1_40' title='bbox 261 400 313 427; x_wconf 81' lang='grc' dir='ltr'>ὑπὸ</span> <span class='ocrx_word' id='word_1_41' title='bbox 322 400 370 427; x_wconf 83' lang='grc' dir='ltr'><strong>τοῦ</strong></span> <span class='ocrx_word' id='word_1_42' title='bbox 387 400 513 436; x_wconf 82' lang='grc' dir='ltr'><strong>Σωτῆρος</strong></span> <span class='ocrx_word' id='word_1_43' title='bbox 528 401 688 435; x_wconf 75' lang='grc' dir='ltr'>ἐπαγγελία.</span> 
     </span>
    </p>
   </div>
   <div class='ocr_carea' id='block_1_9' title="bbox 184 446 935 482">
    <p class='ocr_par' dir='ltr' id='par_1_9' title="bbox 184 446 935 482">
     <span class='ocr_line' id='line_1_9' title="bbox 184 446 935 482; baseline 0.004 -10"><span class='ocrx_word' id='word_1_44' title='bbox 184 455 194 471; x_wconf 80' lang='grc' dir='ltr'><strong>ι</strong></span> <span class='ocrx_word' id='word_1_45' title='bbox 208 446 355 478; x_wconf 84' lang='grc' dir='ltr'>Ἕντειλαι,</span> <span class='ocrx_word' id='word_1_46' title='bbox 370 447 386 472; x_wconf 82' lang='lat'><strong>6</strong></span> <span class='ocrx_word' id='word_1_47' title='bbox 405 446 481 478; x_wconf 87' lang='grc' dir='ltr'>Θεὸς,</span> <span class='ocrx_word' id='word_1_48' title='bbox 500 446 548 482; x_wconf 82' lang='grc' dir='ltr'>τὴν</span> <span class='ocrx_word' id='word_1_49' title='bbox 562 446 675 482; x_wconf 87' lang='grc' dir='ltr'>δύναμιν</span> <span class='ocrx_word' id='word_1_50' title='bbox 691 455 748 479; x_wconf 85' lang='grc' dir='ltr'>σου,</span> <span class='ocrx_word' id='word_1_51' title='bbox 767 448 935 482; x_wconf 81' lang='grc' dir='ltr'>δυνάμωσον,</span> 
     </span>
    </p>
   </div>
   <div class='ocr_carea' id='block_1_10' title="bbox 145 493 936 528">
    <p class='ocr_par' dir='ltr' id='par_1_10' title="bbox 145 493 936 528">
     <span class='ocr_line' id='line_1_10' title="bbox 145 493 936 528; baseline 0.001 -9"><span class='ocrx_word' id='word_1_52' title='bbox 145 494 159 520; x_wconf 79' lang='lat'><strong>6</strong></span> <span class='ocrx_word' id='word_1_53' title='bbox 168 493 246 525; x_wconf 87' lang='grc' dir='ltr'>Θεὸς,</span> <span class='ocrx_word' id='word_1_54' title='bbox 259 493 360 520; x_wconf 87' lang='grc' dir='ltr'>τοῦτοὸ</span> <span class='ocrx_word' id='word_1_55' title='bbox 371 493 545 528; x_wconf 82' lang='grc' dir='ltr'><strong>κατειργάσω</strong></span> <span class='ocrx_word' id='word_1_56' title='bbox 558 494 632 528; x_wconf 83' lang='grc' dir='ltr'>ἡμῖν.</span> <span class='ocrx_word' id='word_1_57' title='bbox 645 503 654 519; x_wconf 74' lang='grc' dir='ltr'><strong>ι</strong></span> <span class='ocrx_word' id='word_1_58' title='bbox 669 494 784 520; x_wconf 86' lang='grc' dir='ltr'>’Ἑπεται</span> <span class='ocrx_word' id='word_1_59' title='bbox 796 495 842 520; x_wconf 68' lang='grc' dir='ltr'><strong>καὶ</strong></span> <span class='ocrx_word' id='word_1_60' title='bbox 851 494 936 520; x_wconf 80' lang='grc' dir='ltr'>ταῦτα</span> 
     </span>
    </p>
   </div>
   <div class='ocr_carea' id='block_1_11' title="bbox 145 539 936 575">
    <p class='ocr_par' dir='ltr' id='par_1_11' title="bbox 145 539 936 575">
     <span class='ocr_line' id='line_1_11' title="bbox 145 539 936 575; baseline 0 -9"><span class='ocrx_word' id='word_1_61' title='bbox 145 540 202 571; x_wconf 79' lang='grc' dir='ltr'>τοῖς</span> <span class='ocrx_word' id='word_1_62' title='bbox 225 539 425 575; x_wconf 78' lang='grc' dir='ltr'>προλεχθεῖσιν,</span> <span class='ocrx_word' id='word_1_63' title='bbox 450 539 559 573; x_wconf 80' lang='grc' dir='ltr'><strong>Ἐπειδὴ</strong></span> <span class='ocrx_word' id='word_1_64' title='bbox 580 539 634 574; x_wconf 85' lang='grc' dir='ltr'>γὰρ</span> <span class='ocrx_word' id='word_1_65' title='bbox 653 540 829 575; x_wconf 69' lang='grc' dir='ltr'><strong>προφητικῶς</strong></span> <span class='ocrx_word' id='word_1_66' title='bbox 854 548 936 575; x_wconf 83' lang='grc' dir='ltr'>προσ-</span> 
     </span>
    </p>
   </div>
   <div class='ocr_carea' id='block_1_12' title="bbox 146 584 935 621">
    <p class='ocr_par' dir='ltr' id='par_1_12' title="bbox 146 584 935 621">
     <span class='ocr_line' id='line_1_12' title="bbox 146 584 935 621; baseline 0.001 -10"><span class='ocrx_word' id='word_1_67' title='bbox 146 584 259 611; x_wconf 72' lang='grc' dir='ltr'>ίταττεν</span> <span class='ocrx_word' id='word_1_68' title='bbox 275 586 289 611; x_wconf 88' lang='lat'><strong>6</strong></span> <span class='ocrx_word' id='word_1_69' title='bbox 307 584 385 619; x_wconf 84' lang='grc' dir='ltr'><strong>λόγος</strong></span> <span class='ocrx_word' id='word_1_70' title='bbox 399 586 455 616; x_wconf 88' lang='grc' dir='ltr'>τοῖς</span> <span class='ocrx_word' id='word_1_71' title='bbox 470 585 628 617; x_wconf 71' lang='grc' dir='ltr'><strong>ἀποστόλοις</strong></span> <span class='ocrx_word' id='word_1_72' title='bbox 640 586 668 612; x_wconf 82' lang='grc' dir='ltr'>ὲν</span> <span class='ocrx_word' id='word_1_73' title='bbox 684 586 841 621; x_wconf 77' lang='grc' dir='ltr'><strong>ἐκκλησίαις</strong></span> <span class='ocrx_word' id='word_1_74' title='bbox 860 586 935 612; x_wconf 78' lang='grc' dir='ltr'>εὐλο-</span> 
     </span>
    </p>
   </div>
   <div class='ocr_carea' id='block_1_13' title="bbox 147 630 935 668">
    <p class='ocr_par' dir='ltr' id='par_1_13' title="bbox 147 630 935 668">
     <span class='ocr_line' id='line_1_13' title="bbox 147 630 935 668; baseline 0.003 -12"><span class='ocrx_word' id='word_1_75' title='bbox 147 630 205 663; x_wconf 78' lang='grc' dir='ltr'>γεῖν</span> <span class='ocrx_word' id='word_1_76' title='bbox 217 630 264 657; x_wconf 82' lang='grc' dir='ltr'><strong>τὸν</strong></span> <span class='ocrx_word' id='word_1_77' title='bbox 280 630 392 666; x_wconf 85' lang='grc' dir='ltr'>Κύριον,</span> <span class='ocrx_word' id='word_1_78' title='bbox 408 631 454 657; x_wconf 79' lang='grc' dir='ltr'><strong>καὶ</strong></span> <span class='ocrx_word' id='word_1_79' title='bbox 478 631 556 657; x_wconf 84' lang='grc' dir='ltr'>τοῦτο</span> <span class='ocrx_word' id='word_1_80' title='bbox 576 633 661 658; x_wconf 75' lang='grc' dir='ltr'>ποιεῖν</span> <span class='ocrx_word' id='word_1_81' title='bbox 682 631 718 667; x_wconf 82' lang='grc' dir='ltr'>μὴ</span> <span class='ocrx_word' id='word_1_82' title='bbox 734 632 834 668; x_wconf 80' lang='grc' dir='ltr'>ἑτέρων</span> <span class='ocrx_word' id='word_1_83' title='bbox 855 632 935 658; x_wconf 82' lang='grc' dir='ltr'>τινῶν</span> 
     </span>
    </p>
   </div>
   <div class='ocr_carea' id='block_1_14' title="bbox 146 677 933 715">
    <p class='ocr_par' dir='ltr' id='par_1_14' title="bbox 146 677 933 715">
     <span class='ocr_line' id='line_1_14' title="bbox 146 677 933 715; baseline 0.001 -12"><span class='ocrx_word' id='word_1_84' title='bbox 146 677 324 713; x_wconf 77' lang='grc' dir='ltr'><strong>ὁρμωμένους</strong></span> <span class='ocrx_word' id='word_1_85' title='bbox 349 678 452 713; x_wconf 88' lang='grc' dir='ltr'>λόγων,</span> <span class='ocrx_word' id='word_1_86' title='bbox 471 679 527 705; x_wconf 82' lang='grc' dir='ltr'>ἀλλ’</span> <span class='ocrx_word' id='word_1_87' title='bbox 553 680 584 705; x_wconf 84' lang='grc' dir='ltr'><strong>ὲκ</strong></span> <span class='ocrx_word' id='word_1_88' title='bbox 612 679 664 706; x_wconf 82' lang='grc' dir='ltr'><strong>τῶν</strong></span> <span class='ocrx_word' id='word_1_89' title='bbox 690 679 784 715; x_wconf 80' lang='grc' dir='ltr'>πηγῶν</span> <span class='ocrx_word' id='word_1_90' title='bbox 818 679 933 715; x_wconf 81' lang='grc' dir='ltr'>Ἰσραὴλ,</span> 
     </span>
    </p>
   </div>
   <div class='ocr_carea' id='block_1_15' title="bbox 147 723 935 760">
    <p class='ocr_par' dir='ltr' id='par_1_15' title="bbox 147 723 935 760">
     <span class='ocr_line' id='line_1_15' title="bbox 147 723 935 760; baseline 0.003 -11"><span class='ocrx_word' id='word_1_91' title='bbox 147 723 302 755; x_wconf 70' lang='grc' dir='ltr'><strong>ἀκολούθως</strong></span> <span class='ocrx_word' id='word_1_92' title='bbox 320 724 390 760; x_wconf 82' lang='grc' dir='ltr'>ὑπὲρ</span> <span class='ocrx_word' id='word_1_93' title='bbox 406 724 495 750; x_wconf 73' lang='grc' dir='ltr'>αὐτῶν</span> <span class='ocrx_word' id='word_1_94' title='bbox 509 725 590 760; x_wconf 80' lang='grc' dir='ltr'>εὐχὴν</span> <span class='ocrx_word' id='word_1_95' title='bbox 605 725 761 760; x_wconf 79' lang='grc' dir='ltr'><strong>ἀναπέμπει</strong></span> <span class='ocrx_word' id='word_1_96' title='bbox 779 726 809 751; x_wconf 87' lang='grc' dir='ltr'><strong>τὸ</strong></span> <span class='ocrx_word' id='word_1_97' title='bbox 824 725 935 760; x_wconf 84' lang='grc' dir='ltr'>Πνεῦμα</span> 
     </span>
    </p>
   </div>
   <div class='ocr_carea' id='block_1_16' title="bbox 146 768 934 807">
    <p class='ocr_par' dir='ltr' id='par_1_16' title="bbox 146 768 934 807">
     <span class='ocr_line' id='line_1_16' title="bbox 146 768 934 807; baseline 0.004 -12"><span class='ocrx_word' id='word_1_98' title='bbox 146 768 176 795; x_wconf 80' lang='grc' dir='ltr'><strong>τὸ</strong></span> <span class='ocrx_word' id='word_1_99' title='bbox 188 770 366 805; x_wconf 76' lang='grc' dir='ltr'>προφητικὸν,</span> <span class='ocrx_word' id='word_1_100' title='bbox 384 771 486 804; x_wconf 77' lang='grc' dir='ltr'>φάσκον</span> <span class='ocrx_word' id='word_1_101' title='bbox 498 780 504 786; x_wconf 70' lang='grc'><strong>⁸</strong></span> <span class='ocrx_word' id='word_1_102' title='bbox 519 780 527 796; x_wconf 80' lang='grc' dir='ltr'><strong>ι</strong></span> <span class='ocrx_word' id='word_1_103' title='bbox 544 771 688 803; x_wconf 84' lang='grc' dir='ltr'>Ἐντειλαι,</span> <span class='ocrx_word' id='word_1_104' title='bbox 705 772 718 798; x_wconf 97' lang='lat'><strong>6</strong></span> <span class='ocrx_word' id='word_1_105' title='bbox 735 771 810 804; x_wconf 78' lang='grc' dir='ltr'>Θεὸς,</span> <span class='ocrx_word' id='word_1_106' title='bbox 826 772 874 807; x_wconf 82' lang='grc' dir='ltr'>τὴν</span> <span class='ocrx_word' id='word_1_107' title='bbox 888 772 934 798; x_wconf 78' lang='grc' dir='ltr'><strong>δύ-</strong></span> 
     </span>
    </p>
   </div>
   <div class='ocr_carea' id='block_1_17' title="bbox 147 815 934 852">
    <p class='ocr_par' dir='ltr' id='par_1_17' title="bbox 147 815 934 852">
     <span class='ocr_line' id='line_1_17' title="bbox 147 815 934 852; baseline 0.004 -11"><span class='ocrx_word' id='word_1_108' title='bbox 147 815 227 851; x_wconf 73' lang='grc' dir='ltr'>ναμιν</span> <span class='ocrx_word' id='word_1_109' title='bbox 250 823 296 842; x_wconf 86' lang='grc' dir='ltr'><strong>σου</strong></span> <span class='ocrx_word' id='word_1_110' title='bbox 309 825 316 832; x_wconf 86' lang='grc'>·</span> <span class='ocrx_word' id='word_1_111' title='bbox 335 827 344 842; x_wconf 79' lang='grc' dir='ltr'><strong>ι</strong></span> <span class='ocrx_word' id='word_1_112' title='bbox 366 817 432 843; x_wconf 69' lang='grc' dir='ltr'>ὡσεὶ</span> <span class='ocrx_word' id='word_1_113' title='bbox 454 817 620 852; x_wconf 70' lang='grc' dir='ltr'>σαφέστερον</span> <span class='ocrx_word' id='word_1_114' title='bbox 645 817 755 852; x_wconf 75' lang='grc' dir='ltr'>ἔλεγεν·</span> <span class='ocrx_word' id='word_1_115' title='bbox 788 818 934 844; x_wconf 78' lang='grc' dir='ltr'>Ἐπισπευ-</span> 
     </span>
    </p>
   </div>
   <div class='ocr_carea' id='block_1_18' title="bbox 148 861 932 900">
    <p class='ocr_par' dir='ltr' id='par_1_18' title="bbox 148 861 932 900">
     <span class='ocr_line' id='line_1_18' title="bbox 148 861 932 900; baseline 0.003 -12"><span class='ocrx_word' id='word_1_116' title='bbox 148 861 219 888; x_wconf 77' lang='grc' dir='ltr'>σάτω</span> <span class='ocrx_word' id='word_1_117' title='bbox 237 861 253 897; x_wconf 80' lang='grc' dir='ltr'>ἡ</span> <span class='ocrx_word' id='word_1_118' title='bbox 267 861 381 897; x_wconf 82' lang='grc' dir='ltr'>δύναμίς</span> <span class='ocrx_word' id='word_1_119' title='bbox 397 871 455 894; x_wconf 79' lang='grc' dir='ltr'>σου,</span> <span class='ocrx_word' id='word_1_120' title='bbox 474 863 521 888; x_wconf 78' lang='grc' dir='ltr'>καὶ</span> <span class='ocrx_word' id='word_1_121' title='bbox 535 864 698 899; x_wconf 85' lang='grc' dir='ltr'>συνεργείτω</span> <span class='ocrx_word' id='word_1_122' title='bbox 713 865 769 895; x_wconf 87' lang='grc' dir='ltr'>τοῖς</span> <span class='ocrx_word' id='word_1_123' title='bbox 789 864 916 900; x_wconf 82' lang='grc' dir='ltr'>ἀνδράσιν</span> <span class='ocrx_word' id='word_1_124' title='bbox 926 873 932 879; x_wconf 71' lang='grc'><strong><em>⁸</em></strong></span> 
     </span>
    </p>
   </div>
   <div class='ocr_carea' id='block_1_19' title="bbox 147 906 974 962">
    <p class='ocr_par' dir='ltr' id='par_1_19' title="bbox 147 906 974 962">
     <span class='ocr_line' id='line_1_19' title="bbox 147 906 974 962; baseline 0.004 -29"><span class='ocrx_word' id='word_1_125' title='bbox 147 906 214 962; x_wconf 71' lang='grc' dir='ltr'>ἀλλὰ</span> <span class='ocrx_word' id='word_1_126' title='bbox 233 907 280 934; x_wconf 81' lang='grc' dir='ltr'>καὶ</span> <span class='ocrx_word' id='word_1_127' title='bbox 292 907 341 943; x_wconf 72' lang='grc' dir='ltr'>ἤδη</span> <span class='ocrx_word' id='word_1_128' title='bbox 357 908 422 934; x_wconf 83' lang='grc' dir='ltr'>ποτὲ</span> <span class='ocrx_word' id='word_1_129' title='bbox 435 910 468 944; x_wconf 85' lang='grc' dir='ltr'><strong>τῇ</strong></span> <span class='ocrx_word' id='word_1_130' title='bbox 482 909 554 944; x_wconf 57' lang='lat' dir='ltr'><strong>laxi?</strong></span> <span class='ocrx_word' id='word_1_131' title='bbox 568 917 613 935; x_wconf 83' lang='grc' dir='ltr'><strong>σου</strong></span> <span class='ocrx_word' id='word_1_132' title='bbox 629 909 662 935; x_wconf 79' lang='grc' dir='ltr'>δι’</span> <span class='ocrx_word' id='word_1_133' title='bbox 677 909 765 945; x_wconf 81' lang='grc' dir='ltr'>ἔργων</span> <span class='ocrx_word' id='word_1_134' title='bbox 782 911 933 945; x_wconf 84' lang='grc' dir='ltr'>χωρησάτω</span> <span class='ocrx_word' id='word_1_135' title='bbox 953 935 974 962; x_wconf 71' lang='grc' dir='ltr'><strong>Β</strong></span> 
     </span>
    </p>
   </div>
   <div class='ocr_carea' id='block_1_20' title="bbox 147 953 936 991">
    <p class='ocr_par' dir='ltr' id='par_1_20' title="bbox 147 953 936 991">
     <span class='ocr_line' id='line_1_20' title="bbox 147 953 936 991; baseline 0.004 -12"><span class='ocrx_word' id='word_1_136' title='bbox 147 953 181 980; x_wconf 70' lang='grc' dir='ltr'>τὰ</span> <span class='ocrx_word' id='word_1_137' title='bbox 194 954 424 990; x_wconf 85' lang='grc' dir='ltr'>προφητευόμενα</span> <span class='ocrx_word' id='word_1_138' title='bbox 435 963 442 969; x_wconf 88' lang='grc'>·</span> <span class='ocrx_word' id='word_1_139' title='bbox 461 955 506 981; x_wconf 68' lang='grc' dir='ltr'>καὶ</span> <span class='ocrx_word' id='word_1_140' title='bbox 518 955 596 982; x_wconf 81' lang='grc' dir='ltr'>τοῦτο</span> <span class='ocrx_word' id='word_1_141' title='bbox 611 955 639 982; x_wconf 81' lang='grc' dir='ltr'><strong>δὲ</strong></span> <span class='ocrx_word' id='word_1_142' title='bbox 653 955 667 982; x_wconf 83' lang='grc' dir='ltr'><strong>ὃ</strong></span> <span class='ocrx_word' id='word_1_143' title='bbox 683 957 856 991; x_wconf 77' lang='grc' dir='ltr'><strong>κατειργάσω</strong></span> <span class='ocrx_word' id='word_1_144' title='bbox 871 957 936 991; x_wconf 81' lang='grc' dir='ltr'>ἡμῖν</span> 
     </span>
    </p>
   </div>
   <div class='ocr_carea' id='block_1_21' title="bbox 147 999 935 1037">
    <p class='ocr_par' dir='ltr' id='par_1_21' title="bbox 147 999 935 1037">
     <span class='ocr_line' id='line_1_21' title="bbox 147 999 935 1037; baseline 0.003 -11"><span class='ocrx_word' id='word_1_145' title='bbox 147 1000 178 1034; x_wconf 71' lang='grc' dir='ltr'><strong>τῇ</strong></span> <span class='ocrx_word' id='word_1_146' title='bbox 196 1001 229 1035; x_wconf 83' lang='grc' dir='ltr'><strong>σῇ</strong></span> <span class='ocrx_word' id='word_1_147' title='bbox 243 999 325 1036; x_wconf 81' lang='grc' dir='ltr'>βουλῇ</span> <span class='ocrx_word' id='word_1_148' title='bbox 343 1000 500 1037; x_wconf 81' lang='grc' dir='ltr'>προορίσας,</span> <span class='ocrx_word' id='word_1_149' title='bbox 520 1002 566 1027; x_wconf 76' lang='grc' dir='ltr'><strong>καὶ</strong></span> <span class='ocrx_word' id='word_1_150' title='bbox 582 1002 647 1027; x_wconf 70' lang='grc' dir='ltr'>αὐτὸ</span> <span class='ocrx_word' id='word_1_151' title='bbox 663 1002 821 1037; x_wconf 83' lang='grc' dir='ltr'>δυνάμωσον</span> <span class='ocrx_word' id='word_1_152' title='bbox 832 1010 839 1018; x_wconf 94' lang='grc'><strong>·</strong></span> <span class='ocrx_word' id='word_1_153' title='bbox 862 1003 935 1033; x_wconf 80' lang='grc' dir='ltr'>ὅπως</span> 
     </span>
    </p>
   </div>
   <div class='ocr_carea' id='block_1_22' title="bbox 146 1045 933 1083">
    <p class='ocr_par' dir='ltr' id='par_1_22' title="bbox 146 1045 933 1083">
     <span class='ocr_line' id='line_1_22' title="bbox 146 1045 933 1083; baseline 0.004 -12"><span class='ocrx_word' id='word_1_154' title='bbox 146 1045 178 1080; x_wconf 82' lang='grc' dir='ltr'><strong>τῇ</strong></span> <span class='ocrx_word' id='word_1_155' title='bbox 197 1046 230 1081; x_wconf 85' lang='grc' dir='ltr'><strong>σῇ</strong></span> <span class='ocrx_word' id='word_1_156' title='bbox 244 1045 357 1081; x_wconf 80' lang='grc' dir='ltr'>δυνάμει</span> <span class='ocrx_word' id='word_1_157' title='bbox 372 1046 461 1082; x_wconf 76' lang='grc' dir='ltr'>ἔργοις</span> <span class='ocrx_word' id='word_1_158' title='bbox 482 1047 678 1083; x_wconf 78' lang='grc' dir='ltr'>ἐπιτελεσθείη.</span> <span class='ocrx_word' id='word_1_159' title='bbox 692 1048 723 1073; x_wconf 91' lang='grc' dir='ltr'>Τί</span> <span class='ocrx_word' id='word_1_160' title='bbox 739 1048 766 1074; x_wconf 82' lang='grc' dir='ltr'>δὲ</span> <span class='ocrx_word' id='word_1_161' title='bbox 780 1046 814 1083; x_wconf 82' lang='grc' dir='ltr'>ἦν</span> <span class='ocrx_word' id='word_1_162' title='bbox 826 1047 904 1074; x_wconf 80' lang='grc' dir='ltr'>τοῦτο</span> <span class='ocrx_word' id='word_1_163' title='bbox 918 1048 933 1083; x_wconf 77' lang='grc' dir='ltr'>ἢ</span> 
     </span>
    </p>
   </div>
   <div class='ocr_carea' id='block_1_23' title="bbox 146 1089 935 1126">
    <p class='ocr_par' dir='ltr' id='par_1_23' title="bbox 146 1089 935 1126">
     <span class='ocr_line' id='line_1_23' title="bbox 146 1089 935 1126; baseline 0.004 -10"><span class='ocrx_word' id='word_1_164' title='bbox 146 1090 175 1116; x_wconf 78' lang='grc' dir='ltr'><strong>τὸ</strong></span> <span class='ocrx_word' id='word_1_165' title='bbox 190 1089 255 1126; x_wconf 79' lang='grc' dir='ltr'><strong>ἑξῆς</strong></span> <span class='ocrx_word' id='word_1_166' title='bbox 280 1091 489 1126; x_wconf 71' lang='grc' dir='ltr'>ἐπιφερόμενον,</span> <span class='ocrx_word' id='word_1_167' title='bbox 511 1101 519 1117; x_wconf 82' lang='grc' dir='ltr'><strong>ι</strong></span> <span class='ocrx_word' id='word_1_168' title='bbox 541 1092 602 1118; x_wconf 71' lang='grc' dir='ltr'><strong>Ἐπὶ</strong></span> <span class='ocrx_word' id='word_1_169' title='bbox 623 1092 669 1118; x_wconf 80' lang='grc' dir='ltr'><strong>τὸν</strong></span> <span class='ocrx_word' id='word_1_170' title='bbox 687 1092 749 1119; x_wconf 75' lang='grc' dir='ltr'>ναόν</span> <span class='ocrx_word' id='word_1_171' title='bbox 767 1101 812 1118; x_wconf 77' lang='grc' dir='ltr'><strong>σου</strong></span> <span class='ocrx_word' id='word_1_172' title='bbox 837 1092 882 1119; x_wconf 79' lang='grc' dir='ltr'><strong>τὸν</strong></span> <span class='ocrx_word' id='word_1_173' title='bbox 906 1094 935 1119; x_wconf 80' lang='grc' dir='ltr'>ὲν</span> 
     </span>
    </p>
   </div>
   <div class='ocr_carea' id='block_1_24' title="bbox 150 1137 934 1176">
    <p class='ocr_par' dir='ltr' id='par_1_24' title="bbox 150 1137 934 1176">
     <span class='ocr_line' id='line_1_24' title="bbox 150 1137 934 1176; baseline 0.003 -13"><span class='ocrx_word' id='word_1_174' title='bbox 150 1137 328 1173; x_wconf 81' lang='grc' dir='ltr'>Ἰερουσαλὴμ</span> <span class='ocrx_word' id='word_1_175' title='bbox 348 1138 389 1164; x_wconf 73' lang='grc' dir='ltr'><strong>σοὶ</strong></span> <span class='ocrx_word' id='word_1_176' title='bbox 403 1137 506 1164; x_wconf 73' lang='grc' dir='ltr'>οἴσουσι</span> <span class='ocrx_word' id='word_1_177' title='bbox 527 1138 647 1173; x_wconf 80' lang='grc' dir='ltr'>βασιλεῖς</span> <span class='ocrx_word' id='word_1_178' title='bbox 661 1139 748 1174; x_wconf 68' lang='grc' dir='ltr'>δῶρα,</span> <span class='ocrx_word' id='word_1_179' title='bbox 766 1149 775 1164; x_wconf 71' lang='grc' dir='ltr'><strong>ι</strong></span> <span class='ocrx_word' id='word_1_180' title='bbox 789 1139 867 1165; x_wconf 86' lang='grc' dir='ltr'>τοῦτο</span> <span class='ocrx_word' id='word_1_181' title='bbox 882 1139 934 1176; x_wconf 80' lang='grc' dir='ltr'><strong>γὰρ</strong></span> 
     </span>
    </p>
   </div>
   <div class='ocr_carea' id='block_1_25' title="bbox 145 1183 935 1220">
    <p class='ocr_par' dir='ltr' id='par_1_25' title="bbox 145 1183 935 1220">
     <span class='ocr_line' id='line_1_25' title="bbox 145 1183 935 1220; baseline 0.003 -11"><span class='ocrx_word' id='word_1_182' title='bbox 145 1183 210 1210; x_wconf 83' lang='grc' dir='ltr'>αὐτὸ</span> <span class='ocrx_word' id='word_1_183' title='bbox 224 1183 458 1219; x_wconf 71' lang='grc' dir='ltr'>ἐπαγγειλάμενος</span> <span class='ocrx_word' id='word_1_184' title='bbox 478 1185 544 1220; x_wconf 76' lang='grc' dir='ltr'>ἡμῖν</span> <span class='ocrx_word' id='word_1_185' title='bbox 560 1185 716 1220; x_wconf 77' lang='grc' dir='ltr'>δυνάμωσον</span> <span class='ocrx_word' id='word_1_186' title='bbox 732 1185 867 1219; x_wconf 77' lang='grc' dir='ltr'>γενέσθαι.</span> <span class='ocrx_word' id='word_1_187' title='bbox 883 1185 935 1211; x_wconf 87' lang='grc' dir='ltr'><strong>Βα-</strong></span> 
     </span>
    </p>
   </div>
   <div class='ocr_carea' id='block_1_26' title="bbox 147 1229 932 1267">
    <p class='ocr_par' dir='ltr' id='par_1_26' title="bbox 147 1229 932 1267">
     <span class='ocr_line' id='line_1_26' title="bbox 147 1229 932 1267; baseline 0.003 -11"><span class='ocrx_word' id='word_1_188' title='bbox 147 1229 230 1261; x_wconf 72' lang='grc' dir='ltr'>σιλεῖς</span> <span class='ocrx_word' id='word_1_189' title='bbox 247 1229 276 1256; x_wconf 74' lang='grc' dir='ltr'><strong>δὲ</strong></span> <span class='ocrx_word' id='word_1_190' title='bbox 297 1229 341 1257; x_wconf 77' lang='grc' dir='ltr'><strong>διὰ</strong></span> <span class='ocrx_word' id='word_1_191' title='bbox 355 1230 434 1256; x_wconf 79' lang='grc' dir='ltr'>τοῦτο</span> <span class='ocrx_word' id='word_1_192' title='bbox 451 1231 478 1256; x_wconf 69' lang='grc' dir='ltr'>αἱ</span> <span class='ocrx_word' id='word_1_193' title='bbox 505 1230 637 1265; x_wconf 79' lang='grc' dir='ltr'>βασιλεῖαι</span> <span class='ocrx_word' id='word_1_194' title='bbox 658 1231 708 1266; x_wconf 85' lang='grc' dir='ltr'>τῆς</span> <span class='ocrx_word' id='word_1_195' title='bbox 724 1231 775 1266; x_wconf 74' lang='grc' dir='ltr'>γῆς</span> <span class='ocrx_word' id='word_1_196' title='bbox 800 1231 932 1267; x_wconf 77' lang='grc' dir='ltr'>εἴρηνται,</span> 
     </span>
    </p>
   </div>
   <div class='ocr_carea' id='block_1_27' title="bbox 144 1274 931 1314">
    <p class='ocr_par' dir='ltr' id='par_1_27' title="bbox 144 1274 931 1314">
     <span class='ocr_line' id='line_1_27' title="bbox 144 1274 931 1314; baseline 0.004 -13"><span class='ocrx_word' id='word_1_197' title='bbox 144 1274 198 1301; x_wconf 80' lang='grc' dir='ltr'><strong>τῶν</strong></span> <span class='ocrx_word' id='word_1_198' title='bbox 208 1274 294 1301; x_wconf 68' lang='grc' dir='ltr'>ἐθνῶν</span> <span class='ocrx_word' id='word_1_199' title='bbox 305 1275 431 1302; x_wconf 83' lang='grc' dir='ltr'>ἁπάντων</span> <span class='ocrx_word' id='word_1_200' title='bbox 443 1276 536 1302; x_wconf 85' lang='grc' dir='ltr'>τοῦτον</span> <span class='ocrx_word' id='word_1_201' title='bbox 552 1277 757 1312; x_wconf 76' lang='grc' dir='ltr'>σημαινομένων</span> <span class='ocrx_word' id='word_1_202' title='bbox 767 1278 812 1304; x_wconf 87' lang='grc' dir='ltr'><strong>τὸν</strong></span> <span class='ocrx_word' id='word_1_203' title='bbox 823 1279 931 1314; x_wconf 77' lang='grc' dir='ltr'>τρόπον.</span> 
     </span>
    </p>
   </div>
   <div class='ocr_carea' id='block_1_28' title="bbox 144 1319 933 1357">
    <p class='ocr_par' dir='ltr' id='par_1_28' title="bbox 144 1319 933 1357">
     <span class='ocr_line' id='line_1_28' title="bbox 144 1319 933 1357; baseline 0.003 -11"><span class='ocrx_word' id='word_1_204' title='bbox 144 1319 221 1352; x_wconf 67' lang='lat' dir='ltr'><strong>Neri);</strong></span> <span class='ocrx_word' id='word_1_205' title='bbox 240 1319 270 1347; x_wconf 81' lang='grc' dir='ltr'><strong>δὲ</strong></span> <span class='ocrx_word' id='word_1_206' title='bbox 282 1321 312 1346; x_wconf 77' lang='grc' dir='ltr'>ἐν</span> <span class='ocrx_word' id='word_1_207' title='bbox 331 1320 484 1356; x_wconf 79' lang='grc' dir='ltr'>Ἱερουσαλὴ</span> <span class='ocrx_word' id='word_1_208' title='bbox 489 1330 517 1356; x_wconf 83' lang='grc' dir='ltr'><strong>μ,</strong></span> <span class='ocrx_word' id='word_1_209' title='bbox 533 1322 574 1356; x_wconf 78' lang='grc' dir='ltr'><strong>ἐφ’</strong></span> <span class='ocrx_word' id='word_1_210' title='bbox 588 1321 616 1347; x_wconf 86' lang='grc' dir='ltr'>ὃν</span> <span class='ocrx_word' id='word_1_211' title='bbox 632 1322 666 1347; x_wconf 78' lang='grc' dir='ltr'><strong>τὰ</strong></span> <span class='ocrx_word' id='word_1_212' title='bbox 683 1322 756 1357; x_wconf 83' lang='grc' dir='ltr'>δῶρα</span> <span class='ocrx_word' id='word_1_213' title='bbox 776 1322 895 1350; x_wconf 73' lang='grc' dir='ltr'>οἴσουσιν</span> <span class='ocrx_word' id='word_1_214' title='bbox 908 1323 933 1348; x_wconf 83' lang='grc' dir='ltr'>οἱ</span> 
     </span>
    </p>
   </div>
   <div class='ocr_carea' id='block_1_29' title="bbox 145 1366 934 1403">
    <p class='ocr_par' dir='ltr' id='par_1_29' title="bbox 145 1366 934 1403">
     <span class='ocr_line' id='line_1_29' title="bbox 145 1366 934 1403; baseline 0.003 -11"><span class='ocrx_word' id='word_1_215' title='bbox 145 1366 275 1401; x_wconf 80' lang='grc' dir='ltr'>βασιλεῖς,</span> <span class='ocrx_word' id='word_1_216' title='bbox 290 1367 344 1393; x_wconf 73' lang='grc' dir='ltr'>οὐδ’</span> <span class='ocrx_word' id='word_1_217' title='bbox 359 1367 453 1402; x_wconf 70' lang='grc' dir='ltr'>ἔτερος</span> <span class='ocrx_word' id='word_1_218' title='bbox 479 1367 512 1393; x_wconf 85' lang='grc' dir='ltr'>ἂν</span> <span class='ocrx_word' id='word_1_219' title='bbox 531 1367 573 1402; x_wconf 76' lang='grc' dir='ltr'>εἴη</span> <span class='ocrx_word' id='word_1_220' title='bbox 590 1368 639 1403; x_wconf 81' lang='grc' dir='ltr'><strong>τῆς</strong></span> <span class='ocrx_word' id='word_1_221' title='bbox 663 1367 802 1402; x_wconf 73' lang='grc' dir='ltr'>βασιλείας</span> <span class='ocrx_word' id='word_1_222' title='bbox 822 1368 876 1395; x_wconf 78' lang='grc' dir='ltr'><strong>τῶν</strong></span> <span class='ocrx_word' id='word_1_223' title='bbox 890 1369 934 1394; x_wconf 81' lang='grc' dir='ltr'><strong>οὑ-</strong></span> 
     </span>
    </p>
   </div>
   <div class='ocr_carea' id='block_1_30' title="bbox 146 1413 932 1450">
    <p class='ocr_par' dir='ltr' id='par_1_30' title="bbox 146 1413 932 1450">
     <span class='ocr_line' id='line_1_30' title="bbox 146 1413 932 1450; baseline 0.001 -10"><span class='ocrx_word' id='word_1_224' title='bbox 146 1413 251 1450; x_wconf 79' lang='grc' dir='ltr'>ρανῶν¹</span> <span class='ocrx_word' id='word_1_225' title='bbox 280 1414 359 1449; x_wconf 76' lang='grc' dir='ltr'>εἴπερ</span> <span class='ocrx_word' id='word_1_226' title='bbox 386 1414 465 1449; x_wconf 86' lang='grc' dir='ltr'>ῐσμεν</span> <span class='ocrx_word' id='word_1_227' title='bbox 495 1414 670 1449; x_wconf 74' lang='grc' dir='ltr'>Ἰερουσαλὴμ</span> <span class='ocrx_word' id='word_1_228' title='bbox 695 1416 874 1449; x_wconf 75' lang='grc' dir='ltr'>ἐπουράνιον,</span> <span class='ocrx_word' id='word_1_229' title='bbox 900 1416 932 1450; x_wconf 78' lang='grc' dir='ltr'>ἦν</span> 
     </span>
    </p>
   </div>
   <div class='ocr_carea' id='block_1_31' title="bbox 144 1459 932 1498">
    <p class='ocr_par' dir='ltr' id='par_1_31' title="bbox 144 1459 932 1498">
     <span class='ocr_line' id='line_1_31' title="bbox 144 1459 932 1498; baseline 0.001 -12"><span class='ocrx_word' id='word_1_230' title='bbox 144 1459 244 1492; x_wconf 79' lang='grc' dir='ltr'>ῑδειξεν</span> <span class='ocrx_word' id='word_1_231' title='bbox 264 1460 279 1486; x_wconf 84' lang='lat'><strong>6</strong></span> <span class='ocrx_word' id='word_1_232' title='bbox 296 1459 396 1487; x_wconf 81' lang='grc' dir='ltr'>είπών·</span> <span class='ocrx_word' id='word_1_233' title='bbox 417 1470 426 1486; x_wconf 76' lang='grc' dir='ltr'><strong>ι</strong></span> <span class='ocrx_word' id='word_1_234' title='bbox 444 1461 475 1487; x_wconf 85' lang='grc' dir='ltr'><strong>’Π</strong></span> <span class='ocrx_word' id='word_1_235' title='bbox 492 1460 519 1486; x_wconf 78' lang='grc' dir='ltr'><strong>δὲ</strong></span> <span class='ocrx_word' id='word_1_236' title='bbox 535 1461 591 1488; x_wconf 83' lang='grc' dir='ltr'>ἄνω</span> <span class='ocrx_word' id='word_1_237' title='bbox 613 1461 789 1496; x_wconf 80' lang='grc' dir='ltr'>Ἰερουσαλὴμ</span> <span class='ocrx_word' id='word_1_238' title='bbox 802 1461 932 1498; x_wconf 71' lang='grc' dir='ltr'>ἐλευθέρα</span> 
     </span>
    </p>
   </div>
   <div class='ocr_carea' id='block_1_32' title="bbox 144 1506 932 1543">
    <p class='ocr_par' dir='ltr' id='par_1_32' title="bbox 144 1506 932 1543">
     <span class='ocr_line' id='line_1_32' title="bbox 144 1506 932 1543; baseline 0.001 -10"><span class='ocrx_word' id='word_1_239' title='bbox 144 1506 227 1539; x_wconf 69' lang='grc' dir='ltr'>ἐστὶν,</span> <span class='ocrx_word' id='word_1_240' title='bbox 241 1507 303 1542; x_wconf 80' lang='grc' dir='ltr'>ἥτις</span> <span class='ocrx_word' id='word_1_241' title='bbox 313 1506 372 1533; x_wconf 76' lang='grc' dir='ltr'>ἐστὶ</span> <span class='ocrx_word' id='word_1_242' title='bbox 388 1507 479 1542; x_wconf 79' lang='grc' dir='ltr'>μήτηρ</span> <span class='ocrx_word' id='word_1_243' title='bbox 489 1507 566 1542; x_wconf 74' lang='grc' dir='ltr'>ἡμῶν</span> <span class='ocrx_word' id='word_1_244' title='bbox 575 1515 581 1521; x_wconf 90' lang='grc'><strong>·</strong></span> <span class='ocrx_word' id='word_1_245' title='bbox 597 1517 605 1532; x_wconf 78' lang='grc' dir='ltr'><strong>ι</strong></span> <span class='ocrx_word' id='word_1_246' title='bbox 617 1507 673 1538; x_wconf 71' lang='grc' dir='ltr'>καὶ,</span> <span class='ocrx_word' id='word_1_247' title='bbox 689 1516 698 1532; x_wconf 73' lang='grc' dir='ltr'><strong>ι</strong></span> <span class='ocrx_word' id='word_1_248' title='bbox 712 1507 932 1543; x_wconf 79' lang='grc' dir='ltr'>Προσεληλύθατε</span> 
     </span>
    </p>
   </div>
   <div class='ocr_carea' id='block_1_33' title="bbox 144 1550 932 1588">
    <p class='ocr_par' dir='ltr' id='par_1_33' title="bbox 144 1550 932 1588">
     <span class='ocr_line' id='line_1_33' title="bbox 144 1550 932 1588; baseline 0.001 -10"><span class='ocrx_word' id='word_1_249' title='bbox 144 1550 214 1578; x_wconf 83' lang='grc' dir='ltr'>Σιὼν</span> <span class='ocrx_word' id='word_1_250' title='bbox 225 1551 286 1587; x_wconf 73' lang='grc' dir='ltr'>ὖρει</span> <span class='ocrx_word' id='word_1_251' title='bbox 302 1552 348 1578; x_wconf 78' lang='grc' dir='ltr'><strong>καὶ</strong></span> <span class='ocrx_word' id='word_1_252' title='bbox 361 1551 435 1578; x_wconf 72' lang='grc' dir='ltr'>πόλει</span> <span class='ocrx_word' id='word_1_253' title='bbox 447 1552 514 1578; x_wconf 82' lang='grc' dir='ltr'>Θεοῦ</span> <span class='ocrx_word' id='word_1_254' title='bbox 530 1552 640 1584; x_wconf 80' lang='grc' dir='ltr'>ζῶντος,</span> <span class='ocrx_word' id='word_1_255' title='bbox 663 1553 840 1588; x_wconf 83' lang='grc' dir='ltr'>Ἰερουσαλὴμ</span> <span class='ocrx_word' id='word_1_256' title='bbox 852 1554 932 1579; x_wconf 80' lang='grc' dir='ltr'>ἐπου-</span> 
     </span>
    </p>
   </div>
   <div class='ocr_carea' id='block_1_34' title="bbox 988 309 1175 343">
    <p class='ocr_par' dir='ltr' id='par_1_34' title="bbox 988 309 1175 343">
     <span class='ocr_line' id='line_1_34' title="bbox 988 309 1175 343; baseline 0.011 -9"><span class='ocrx_word' id='word_1_257' title='bbox 988 309 1133 343; x_wconf 87' lang='lat' dir='ltr'><strong>promissio</strong></span> <span class='ocrx_word' id='word_1_258' title='bbox 1144 309 1175 336; x_wconf 81' lang='lat'><strong>&quot;.</strong></span> 
     </span>
    </p>
   </div>
   <div class='ocr_carea' id='block_1_35' title="bbox 1023 445 1770 479">
    <p class='ocr_par' dir='ltr' id='par_1_35' title="bbox 1023 445 1770 479">
     <span class='ocr_line' id='line_1_35' title="bbox 1023 445 1770 479; baseline 0 -6"><span class='ocrx_word' id='word_1_259' title='bbox 1023 446 1105 473; x_wconf 66' lang='lat' dir='ltr'><strong>Vane.</strong></span> <span class='ocrx_word' id='word_1_260' title='bbox 1122 445 1169 473; x_wconf 77' lang='grc'><strong>29.</strong></span> <span class='ocrx_word' id='word_1_261' title='bbox 1188 454 1198 470; x_wconf 81' lang='grc' dir='ltr'><strong>ι</strong></span> <span class='ocrx_word' id='word_1_262' title='bbox 1218 445 1326 476; x_wconf 74' lang='lat' dir='ltr'><strong>Munda.</strong></span> <span class='ocrx_word' id='word_1_263' title='bbox 1342 445 1423 477; x_wconf 86' lang='lat' dir='ltr'><strong>Deus,</strong></span> <span class='ocrx_word' id='word_1_264' title='bbox 1440 445 1533 472; x_wconf 92' lang='lat' dir='ltr'><strong>virtuti</strong></span> <span class='ocrx_word' id='word_1_265' title='bbox 1548 450 1620 479; x_wconf 57' lang='lat' dir='ltr'><strong>tua};</strong></span> <span class='ocrx_word' id='word_1_266' title='bbox 1641 447 1770 473; x_wconf 89' lang='lat' dir='ltr'><strong>contirma</strong></span> 
     </span>
    </p>
   </div>
   <div class='ocr_carea' id='block_1_36' title="bbox 988 491 1770 527">
    <p class='ocr_par' dir='ltr' id='par_1_36' title="bbox 988 491 1770 527">
     <span class='ocr_line' id='line_1_36' title="bbox 988 491 1770 527; baseline 0 -9"><span class='ocrx_word' id='word_1_267' title='bbox 988 493 1049 523; x_wconf 76' lang='lat' dir='ltr'><strong>hoc,</strong></span> <span class='ocrx_word' id='word_1_268' title='bbox 1066 491 1148 524; x_wconf 83' lang='lat' dir='ltr'><strong>Deus,</strong></span> <span class='ocrx_word' id='word_1_269' title='bbox 1163 491 1235 526; x_wconf 89' lang='lat' dir='ltr'><strong>quod</strong></span> <span class='ocrx_word' id='word_1_270' title='bbox 1253 495 1381 526; x_wconf 72' lang='lat' dir='ltr'><strong>operatus</strong></span> <span class='ocrx_word' id='word_1_271' title='bbox 1399 499 1429 518; x_wconf 86' lang='lat' dir='ltr'><strong>es</strong></span> <span class='ocrx_word' id='word_1_272' title='bbox 1447 491 1474 518; x_wconf 89' lang='lat' dir='ltr'><strong>in</strong></span> <span class='ocrx_word' id='word_1_273' title='bbox 1491 491 1582 519; x_wconf 85' lang='lat' dir='ltr'><strong>nobis.</strong></span> <span class='ocrx_word' id='word_1_274' title='bbox 1597 501 1606 517; x_wconf 84' lang='grc'><strong>›</strong></span> <span class='ocrx_word' id='word_1_275' title='bbox 1625 491 1688 519; x_wconf 72' lang='grc' dir='ltr'><strong>ΠίΒῦ</strong></span> <span class='ocrx_word' id='word_1_276' title='bbox 1702 500 1770 527; x_wconf 72' lang='lat' dir='ltr'><strong>pra:-</strong></span> 
     </span>
    </p>
   </div>
   <div class='ocr_carea' id='block_1_37' title="bbox 987 537 1770 572">
    <p class='ocr_par' dir='ltr' id='par_1_37' title="bbox 987 537 1770 572">
     <span class='ocr_line' id='line_1_37' title="bbox 987 537 1770 572; baseline 0.001 -8"><span class='ocrx_word' id='word_1_277' title='bbox 987 537 1148 565; x_wconf 83' lang='lat' dir='ltr'><strong>cedentibus</strong></span> <span class='ocrx_word' id='word_1_278' title='bbox 1176 541 1387 565; x_wconf 73' lang='lat' dir='ltr'><strong>connectuntur.</strong></span> <span class='ocrx_word' id='word_1_279' title='bbox 1417 537 1486 570; x_wconf 87' lang='lat' dir='ltr'><strong>Quia</strong></span> <span class='ocrx_word' id='word_1_280' title='bbox 1514 537 1585 564; x_wconf 90' lang='lat' dir='ltr'><strong>enim</strong></span> <span class='ocrx_word' id='word_1_281' title='bbox 1616 538 1770 572; x_wconf 58' lang='lat' dir='ltr'><strong>prophetico</strong></span> 
     </span>
    </p>
   </div>
   <div class='ocr_carea' id='block_1_38' title="bbox 987 582 1770 618">
    <p class='ocr_par' dir='ltr' id='par_1_38' title="bbox 987 582 1770 618">
     <span class='ocr_line' id='line_1_38' title="bbox 987 582 1770 618; baseline 0.001 -8"><span class='ocrx_word' id='word_1_282' title='bbox 987 583 1143 618; x_wconf 69' lang='lat' dir='ltr'><strong>prmcipitnr</strong></span> <span class='ocrx_word' id='word_1_283' title='bbox 1171 583 1302 618; x_wconf 77' lang='lat' dir='ltr'><strong>apostolis</strong></span> <span class='ocrx_word' id='word_1_284' title='bbox 1325 582 1354 609; x_wconf 90' lang='lat' dir='ltr'><strong>in</strong></span> <span class='ocrx_word' id='word_1_285' title='bbox 1380 582 1506 610; x_wconf 86' lang='lat' dir='ltr'><strong>ecclesiis</strong></span> <span class='ocrx_word' id='word_1_286' title='bbox 1538 582 1698 610; x_wconf 80' lang='lat' dir='ltr'><strong>benedicere</strong></span> <span class='ocrx_word' id='word_1_287' title='bbox 1719 582 1770 610; x_wconf 81' lang='lat' dir='ltr'><strong>Do-</strong></span> 
     </span>
    </p>
   </div>
   <div class='ocr_carea' id='block_1_39' title="bbox 987 628 1770 664">
    <p class='ocr_par' dir='ltr' id='par_1_39' title="bbox 987 628 1770 664">
     <span class='ocr_line' id='line_1_39' title="bbox 987 628 1770 664; baseline 0 -8"><span class='ocrx_word' id='word_1_288' title='bbox 987 630 1078 663; x_wconf 85' lang='lat' dir='ltr'><strong>mino,</strong></span> <span class='ocrx_word' id='word_1_289' title='bbox 1097 630 1178 664; x_wconf 81' lang='lat' dir='ltr'><strong>idque</strong></span> <span class='ocrx_word' id='word_1_290' title='bbox 1198 634 1327 664; x_wconf 68' lang='lat' dir='ltr'><strong>praestare</strong></span> <span class='ocrx_word' id='word_1_291' title='bbox 1350 636 1404 656; x_wconf 91' lang='lat' dir='ltr'><strong>non</strong></span> <span class='ocrx_word' id='word_1_292' title='bbox 1429 628 1491 655; x_wconf 88' lang='lat' dir='ltr'><strong>aliis</strong></span> <span class='ocrx_word' id='word_1_293' title='bbox 1508 629 1679 656; x_wconf 86' lang='lat' dir='ltr'><strong>sermonibus</strong></span> <span class='ocrx_word' id='word_1_294' title='bbox 1693 636 1770 656; x_wconf 78' lang='lat' dir='ltr'><strong>exor-</strong></span> 
     </span>
    </p>
   </div>
   <div class='ocr_carea' id='block_1_40' title="bbox 987 675 1773 710">
    <p class='ocr_par' dir='ltr' id='par_1_40' title="bbox 987 675 1773 710">
     <span class='ocr_line' id='line_1_40' title="bbox 987 675 1773 710; baseline -0.001 -7"><span class='ocrx_word' id='word_1_295' title='bbox 987 684 1033 703; x_wconf 84' lang='lat' dir='ltr'><strong>sos</strong></span> <span class='ocrx_word' id='word_1_296' title='bbox 1045 697 1052 707; x_wconf 77' lang='lat'><strong>,</strong></span> <span class='ocrx_word' id='word_1_297' title='bbox 1068 676 1115 703; x_wconf 90' lang='lat' dir='ltr'><strong>sed</strong></span> <span class='ocrx_word' id='word_1_298' title='bbox 1131 684 1162 703; x_wconf 79' lang='lat' dir='ltr'><strong>ex</strong></span> <span class='ocrx_word' id='word_1_299' title='bbox 1183 675 1303 702; x_wconf 77' lang='lat' dir='ltr'><strong>fontibus</strong></span> <span class='ocrx_word' id='word_1_300' title='bbox 1331 675 1432 708; x_wconf 88' lang='lat' dir='ltr'><strong>lsrael;</strong></span> <span class='ocrx_word' id='word_1_301' title='bbox 1449 679 1651 709; x_wconf 89' lang='lat' dir='ltr'><strong>consequenter</strong></span> <span class='ocrx_word' id='word_1_302' title='bbox 1668 682 1719 710; x_wconf 92' lang='lat' dir='ltr'><strong>pro</strong></span> <span class='ocrx_word' id='word_1_303' title='bbox 1739 675 1773 702; x_wconf 88' lang='lat' dir='ltr'><strong>iis</strong></span> 
     </span>
    </p>
   </div>
   <div class='ocr_carea' id='block_1_41' title="bbox 987 719 1771 756">
    <p class='ocr_par' dir='ltr' id='par_1_41' title="bbox 987 719 1771 756">
     <span class='ocr_line' id='line_1_41' title="bbox 987 719 1771 756; baseline -0.003 -8"><span class='ocrx_word' id='word_1_304' title='bbox 987 722 1135 748; x_wconf 85' lang='lat' dir='ltr'><strong>orationem</strong></span> <span class='ocrx_word' id='word_1_305' title='bbox 1165 721 1284 756; x_wconf 84' lang='lat' dir='ltr'><strong>Spiritus</strong></span> <span class='ocrx_word' id='word_1_306' title='bbox 1311 720 1490 755; x_wconf 82' lang='lat' dir='ltr'><strong>propheticus</strong></span> <span class='ocrx_word' id='word_1_307' title='bbox 1512 719 1637 752; x_wconf 82' lang='lat' dir='ltr'><strong>elTundit,</strong></span> <span class='ocrx_word' id='word_1_308' title='bbox 1654 720 1771 747; x_wconf 86' lang='lat' dir='ltr'><strong>dicens:</strong></span> 
     </span>
    </p>
   </div>
   <div class='ocr_carea' id='block_1_42' title="bbox 988 766 1774 801">
    <p class='ocr_par' dir='ltr' id='par_1_42' title="bbox 988 766 1774 801">
     <span class='ocr_line' id='line_1_42' title="bbox 988 766 1774 801; baseline 0 -9"><span class='ocrx_word' id='word_1_309' title='bbox 988 777 997 792; x_wconf 75' lang='grc' dir='ltr'><strong>ι</strong></span> <span class='ocrx_word' id='word_1_310' title='bbox 1019 767 1125 800; x_wconf 78' lang='lat' dir='ltr'><strong>Mando,</strong></span> <span class='ocrx_word' id='word_1_311' title='bbox 1142 767 1223 799; x_wconf 82' lang='lat' dir='ltr'><strong>Deus,</strong></span> <span class='ocrx_word' id='word_1_312' title='bbox 1240 766 1334 793; x_wconf 75' lang='lat' dir='ltr'><strong>virtuti</strong></span> <span class='ocrx_word' id='word_1_313' title='bbox 1349 771 1423 796; x_wconf 65' lang='lat' dir='ltr'><strong>tute;</strong></span> <span class='ocrx_word' id='word_1_314' title='bbox 1444 775 1453 792; x_wconf 79' lang='grc' dir='ltr'><strong>ι</strong></span> <span class='ocrx_word' id='word_1_315' title='bbox 1474 773 1505 793; x_wconf 87' lang='lat' dir='ltr'><strong>ac</strong></span> <span class='ocrx_word' id='word_1_316' title='bbox 1522 766 1544 793; x_wconf 89' lang='lat' dir='ltr'><strong>si</strong></span> <span class='ocrx_word' id='word_1_317' title='bbox 1561 766 1683 801; x_wconf 80' lang='lat' dir='ltr'><strong>apertius</strong></span> <span class='ocrx_word' id='word_1_318' title='bbox 1700 766 1774 793; x_wconf 83' lang='lat' dir='ltr'><strong>dice-</strong></span> 
     </span>
    </p>
   </div>
   <div class='ocr_carea' id='block_1_43' title="bbox 986 811 1767 847">
    <p class='ocr_par' dir='ltr' id='par_1_43' title="bbox 986 811 1767 847">
     <span class='ocr_line' id='line_1_43' title="bbox 986 811 1767 847; baseline -0.004 -6"><span class='ocrx_word' id='word_1_319' title='bbox 986 818 1027 841; x_wconf 85' lang='lat' dir='ltr'><strong>ret</strong></span> <span class='ocrx_word' id='word_1_320' title='bbox 1045 824 1051 840; x_wconf 88' lang='lat'>:</span> <span class='ocrx_word' id='word_1_321' title='bbox 1070 813 1191 841; x_wconf 86' lang='lat' dir='ltr'><strong>Festinet</strong></span> <span class='ocrx_word' id='word_1_322' title='bbox 1203 813 1288 840; x_wconf 84' lang='lat' dir='ltr'><strong>virtus</strong></span> <span class='ocrx_word' id='word_1_323' title='bbox 1305 817 1350 839; x_wconf 86' lang='lat' dir='ltr'><strong>tua</strong></span> <span class='ocrx_word' id='word_1_324' title='bbox 1362 832 1369 843; x_wconf 94' lang='lat'><strong>,</strong></span> <span class='ocrx_word' id='word_1_325' title='bbox 1384 812 1492 847; x_wconf 91' lang='lat' dir='ltr'><strong>illisque</strong></span> <span class='ocrx_word' id='word_1_326' title='bbox 1506 811 1572 839; x_wconf 91' lang='lat' dir='ltr'><strong>viris</strong></span> <span class='ocrx_word' id='word_1_327' title='bbox 1585 815 1747 847; x_wconf 88' lang='lat' dir='ltr'><strong>cooperetur</strong></span> <span class='ocrx_word' id='word_1_328' title='bbox 1760 821 1767 842; x_wconf 86' lang='lat'><strong>;</strong></span> 
     </span>
    </p>
   </div>
   <div class='ocr_carea' id='block_1_44' title="bbox 986 857 1773 893">
    <p class='ocr_par' dir='ltr' id='par_1_44' title="bbox 986 857 1773 893">
     <span class='ocr_line' id='line_1_44' title="bbox 986 857 1773 893; baseline -0.003 -6"><span class='ocrx_word' id='word_1_329' title='bbox 986 860 1033 887; x_wconf 87' lang='lat' dir='ltr'><strong>sed</strong></span> <span class='ocrx_word' id='word_1_330' title='bbox 1059 860 1101 886; x_wconf 88' lang='lat' dir='ltr'><strong>vel</strong></span> <span class='ocrx_word' id='word_1_331' title='bbox 1117 867 1179 887; x_wconf 89' lang='lat' dir='ltr'><strong>sero</strong></span> <span class='ocrx_word' id='word_1_332' title='bbox 1196 859 1306 886; x_wconf 81' lang='lat' dir='ltr'><strong>tandem</strong></span> <span class='ocrx_word' id='word_1_333' title='bbox 1333 858 1434 885; x_wconf 86' lang='lat' dir='ltr'><strong>virtute</strong></span> <span class='ocrx_word' id='word_1_334' title='bbox 1461 861 1507 884; x_wconf 85' lang='lat' dir='ltr'><strong>tua</strong></span> <span class='ocrx_word' id='word_1_335' title='bbox 1535 865 1595 892; x_wconf 60' lang='lat' dir='ltr'><strong>qua</strong></span> <span class='ocrx_word' id='word_1_336' title='bbox 1616 857 1773 893; x_wconf 68' lang='lat' dir='ltr'><strong>prophetico</strong></span> 
     </span>
    </p>
   </div>
   <div class='ocr_carea' id='block_1_45' title="bbox 986 903 1771 940">
    <p class='ocr_par' dir='ltr' id='par_1_45' title="bbox 986 903 1771 940">
     <span class='ocr_line' id='line_1_45' title="bbox 986 903 1771 940; baseline -0.003 -8"><span class='ocrx_word' id='word_1_337' title='bbox 986 905 1058 932; x_wconf 90' lang='lat' dir='ltr'><strong>dicta</strong></span> <span class='ocrx_word' id='word_1_338' title='bbox 1074 908 1138 933; x_wconf 90' lang='lat' dir='ltr'><strong>sunt</strong></span> <span class='ocrx_word' id='word_1_339' title='bbox 1155 913 1237 940; x_wconf 85' lang='lat' dir='ltr'><strong>opere</strong></span> <span class='ocrx_word' id='word_1_340' title='bbox 1251 904 1441 939; x_wconf 85' lang='lat' dir='ltr'><strong>compleantur</strong></span> <span class='ocrx_word' id='word_1_341' title='bbox 1455 913 1461 930; x_wconf 87' lang='lat'>:</span> <span class='ocrx_word' id='word_1_342' title='bbox 1479 907 1506 930; x_wconf 83' lang='lat' dir='ltr'><strong>et</strong></span> <span class='ocrx_word' id='word_1_343' title='bbox 1521 903 1572 930; x_wconf 91' lang='lat' dir='ltr'><strong>hoc</strong></span> <span class='ocrx_word' id='word_1_344' title='bbox 1595 904 1683 938; x_wconf 89' lang='lat' dir='ltr'><strong>ipsum</strong></span> <span class='ocrx_word' id='word_1_345' title='bbox 1699 904 1771 938; x_wconf 76' lang='lat' dir='ltr'><strong>quod</strong></span> 
     </span>
    </p>
   </div>
   <div class='ocr_carea' id='block_1_46' title="bbox 987 949 1772 987">
    <p class='ocr_par' dir='ltr' id='par_1_46' title="bbox 987 949 1772 987">
     <span class='ocr_line' id='line_1_46' title="bbox 987 949 1772 987; baseline -0.004 -9"><span class='ocrx_word' id='word_1_346' title='bbox 987 955 1116 987; x_wconf 85' lang='lat' dir='ltr'><strong>operatus</strong></span> <span class='ocrx_word' id='word_1_347' title='bbox 1136 959 1166 978; x_wconf 90' lang='lat' dir='ltr'><strong>es</strong></span> <span class='ocrx_word' id='word_1_348' title='bbox 1186 951 1213 978; x_wconf 90' lang='lat' dir='ltr'><strong>in</strong></span> <span class='ocrx_word' id='word_1_349' title='bbox 1240 951 1319 978; x_wconf 87' lang='lat' dir='ltr'><strong>nobis</strong></span> <span class='ocrx_word' id='word_1_350' title='bbox 1344 953 1488 985; x_wconf 84' lang='lat' dir='ltr'><strong>postquam</strong></span> <span class='ocrx_word' id='word_1_351' title='bbox 1509 949 1632 976; x_wconf 89' lang='lat' dir='ltr'><strong>tuturum</strong></span> <span class='ocrx_word' id='word_1_352' title='bbox 1648 957 1709 977; x_wconf 88' lang='lat' dir='ltr'><strong>esse</strong></span> <span class='ocrx_word' id='word_1_353' title='bbox 1725 958 1772 976; x_wconf 84' lang='lat' dir='ltr'><strong>vu-</strong></span> 
     </span>
    </p>
   </div>
   <div class='ocr_carea' id='block_1_47' title="bbox 988 997 1772 1030">
    <p class='ocr_par' dir='ltr' id='par_1_47' title="bbox 988 997 1772 1030">
     <span class='ocr_line' id='line_1_47' title="bbox 988 997 1772 1030; baseline -0.005 -6"><span class='ocrx_word' id='word_1_354' title='bbox 988 999 1091 1025; x_wconf 91' lang='lat' dir='ltr'><strong>luntale</strong></span> <span class='ocrx_word' id='word_1_355' title='bbox 1106 1003 1150 1024; x_wconf 85' lang='lat' dir='ltr'><strong>tua</strong></span> <span class='ocrx_word' id='word_1_356' title='bbox 1171 997 1327 1027; x_wconf 86' lang='lat' dir='ltr'><strong>detinieras,</strong></span> <span class='ocrx_word' id='word_1_357' title='bbox 1344 997 1476 1023; x_wconf 86' lang='lat' dir='ltr'><strong>contirma</strong></span> <span class='ocrx_word' id='word_1_358' title='bbox 1490 1015 1497 1026; x_wconf 88' lang='lat'><strong>,</strong></span> <span class='ocrx_word' id='word_1_359' title='bbox 1514 999 1543 1021; x_wconf 94' lang='lat' dir='ltr'><strong>ut</strong></span> <span class='ocrx_word' id='word_1_360' title='bbox 1567 998 1701 1030; x_wconf 82' lang='lat' dir='ltr'><strong>potestate</strong></span> <span class='ocrx_word' id='word_1_361' title='bbox 1727 999 1772 1021; x_wconf 78' lang='lat' dir='ltr'><strong>tua</strong></span> 
     </span>
    </p>
   </div>
   <div class='ocr_carea' id='block_1_48' title="bbox 987 1039 1770 1078">
    <p class='ocr_par' dir='ltr' id='par_1_48' title="bbox 987 1039 1770 1078">
     <span class='ocr_line' id='line_1_48' title="bbox 987 1039 1770 1078; baseline -0.006 -8"><span class='ocrx_word' id='word_1_362' title='bbox 987 1051 1030 1070; x_wconf 88' lang='lat' dir='ltr'><strong>res</strong></span> <span class='ocrx_word' id='word_1_363' title='bbox 1048 1043 1106 1078; x_wconf 80' lang='lat' dir='ltr'><strong>ipsa</strong></span> <span class='ocrx_word' id='word_1_364' title='bbox 1130 1042 1296 1077; x_wconf 81' lang='lat' dir='ltr'><strong>perﬁciatur.</strong></span> <span class='ocrx_word' id='word_1_365' title='bbox 1312 1040 1382 1073; x_wconf 87' lang='lat' dir='ltr'><strong>Quid</strong></span> <span class='ocrx_word' id='word_1_366' title='bbox 1409 1044 1498 1067; x_wconf 86' lang='lat' dir='ltr'><strong>autem</strong></span> <span class='ocrx_word' id='word_1_367' title='bbox 1517 1040 1589 1067; x_wconf 84' lang='lat' dir='ltr'><strong>aliud</strong></span> <span class='ocrx_word' id='word_1_368' title='bbox 1611 1039 1678 1066; x_wconf 83' lang='lat' dir='ltr'><strong>illud</strong></span> <span class='ocrx_word' id='word_1_369' title='bbox 1701 1046 1770 1069; x_wconf 76' lang='lat' dir='ltr'><strong>erat,</strong></span> 
     </span>
    </p>
   </div>
   <div class='ocr_carea' id='block_1_49' title="bbox 986 1085 1771 1124">
    <p class='ocr_par' dir='ltr' id='par_1_49' title="bbox 986 1085 1771 1124">
     <span class='ocr_line' id='line_1_49' title="bbox 986 1085 1771 1124; baseline -0.008 -8"><span class='ocrx_word' id='word_1_370' title='bbox 986 1098 1066 1124; x_wconf 87' lang='lat' dir='ltr'><strong>quam</strong></span> <span class='ocrx_word' id='word_1_371' title='bbox 1083 1089 1108 1116; x_wconf 94' lang='lat' dir='ltr'><strong>id</strong></span> <span class='ocrx_word' id='word_1_372' title='bbox 1125 1088 1197 1123; x_wconf 87' lang='lat' dir='ltr'><strong>quod</strong></span> <span class='ocrx_word' id='word_1_373' title='bbox 1211 1087 1344 1122; x_wconf 83' lang='lat' dir='ltr'><strong>sequitur,</strong></span> <span class='ocrx_word' id='word_1_374' title='bbox 1366 1095 1375 1111; x_wconf 82' lang='grc' dir='ltr'><strong>ι</strong></span> <span class='ocrx_word' id='word_1_375' title='bbox 1394 1087 1433 1113; x_wconf 82' lang='lat' dir='ltr'><strong>Ad</strong></span> <span class='ocrx_word' id='word_1_376' title='bbox 1449 1086 1578 1122; x_wconf 88' lang='lat' dir='ltr'><strong>templum</strong></span> <span class='ocrx_word' id='word_1_377' title='bbox 1595 1091 1670 1112; x_wconf 80' lang='lat' dir='ltr'><strong>tuum</strong></span> <span class='ocrx_word' id='word_1_378' title='bbox 1686 1085 1713 1112; x_wconf 92' lang='lat' dir='ltr'><strong>in</strong></span> <span class='ocrx_word' id='word_1_379' title='bbox 1725 1085 1771 1111; x_wconf 76' lang='lat' dir='ltr'><strong>Je-</strong></span> 
     </span>
    </p>
   </div>
   <div class='ocr_carea' id='block_1_50' title="bbox 986 1131 1772 1169">
    <p class='ocr_par' dir='ltr' id='par_1_50' title="bbox 986 1131 1772 1169">
     <span class='ocr_line' id='line_1_50' title="bbox 986 1131 1772 1169; baseline -0.006 -6"><span class='ocrx_word' id='word_1_380' title='bbox 986 1137 1104 1163; x_wconf 87' lang='lat' dir='ltr'><strong>rusalem</strong></span> <span class='ocrx_word' id='word_1_381' title='bbox 1128 1135 1176 1162; x_wconf 89' lang='lat' dir='ltr'><strong>tibi</strong></span> <span class='ocrx_word' id='word_1_382' title='bbox 1204 1134 1318 1161; x_wconf 70' lang='lat' dir='ltr'><strong>oll&#39;erent</strong></span> <span class='ocrx_word' id='word_1_383' title='bbox 1342 1141 1420 1169; x_wconf 77' lang='lat' dir='ltr'><strong>reges</strong></span> <span class='ocrx_word' id='word_1_384' title='bbox 1436 1133 1571 1160; x_wconf 80' lang='lat' dir='ltr'><strong>munera?</strong></span> <span class='ocrx_word' id='word_1_385' title='bbox 1591 1143 1600 1158; x_wconf 85' lang='grc'><strong>›</strong></span> <span class='ocrx_word' id='word_1_386' title='bbox 1620 1131 1677 1159; x_wconf 82' lang='lat' dir='ltr'><strong>Hoc</strong></span> <span class='ocrx_word' id='word_1_387' title='bbox 1699 1132 1772 1159; x_wconf 89' lang='lat' dir='ltr'><strong>enim</strong></span> 
     </span>
    </p>
   </div>
   <div class='ocr_carea' id='block_1_51' title="bbox 985 1179 1769 1217">
    <p class='ocr_par' dir='ltr' id='par_1_51' title="bbox 985 1179 1769 1217">
     <span class='ocr_line' id='line_1_51' title="bbox 985 1179 1769 1217; baseline -0.006 -8"><span class='ocrx_word' id='word_1_388' title='bbox 985 1184 1074 1217; x_wconf 87' lang='lat' dir='ltr'><strong>ipsum</strong></span> <span class='ocrx_word' id='word_1_389' title='bbox 1087 1181 1159 1217; x_wconf 84' lang='lat' dir='ltr'><strong>quod</strong></span> <span class='ocrx_word' id='word_1_390' title='bbox 1179 1181 1257 1208; x_wconf 90' lang='lat' dir='ltr'><strong>nobis</strong></span> <span class='ocrx_word' id='word_1_391' title='bbox 1275 1180 1425 1215; x_wconf 85' lang='lat' dir='ltr'><strong>promisisti</strong></span> <span class='ocrx_word' id='word_1_392' title='bbox 1449 1179 1589 1211; x_wconf 81' lang='lat' dir='ltr'><strong>conﬁrma,</strong></span> <span class='ocrx_word' id='word_1_393' title='bbox 1609 1183 1639 1205; x_wconf 90' lang='lat' dir='ltr'><strong>ut</strong></span> <span class='ocrx_word' id='word_1_394' title='bbox 1654 1179 1769 1206; x_wconf 81' lang='lat' dir='ltr'><strong>eveniat.</strong></span> 
     </span>
    </p>
   </div>
   <div class='ocr_carea' id='block_1_52' title="bbox 987 1225 1772 1264">
    <p class='ocr_par' dir='ltr' id='par_1_52' title="bbox 987 1225 1772 1264">
     <span class='ocr_line' id='line_1_52' title="bbox 987 1225 1772 1264; baseline -0.008 -8"><span class='ocrx_word' id='word_1_395' title='bbox 987 1229 1073 1264; x_wconf 78' lang='lat' dir='ltr'><strong>Reges</strong></span> <span class='ocrx_word' id='word_1_396' title='bbox 1088 1232 1178 1255; x_wconf 87' lang='lat' dir='ltr'><strong>autem</strong></span> <span class='ocrx_word' id='word_1_397' title='bbox 1193 1234 1276 1262; x_wconf 76' lang='lat' dir='ltr'><strong>regna</strong></span> <span class='ocrx_word' id='word_1_398' title='bbox 1299 1230 1380 1254; x_wconf 82' lang='lat' dir='ltr'><strong>teme</strong></span> <span class='ocrx_word' id='word_1_399' title='bbox 1403 1225 1569 1260; x_wconf 79' lang='lat' dir='ltr'><strong>signiﬁcant,</strong></span> <span class='ocrx_word' id='word_1_400' title='bbox 1587 1232 1640 1259; x_wconf 89' lang='lat' dir='ltr'><strong>qua</strong></span> <span class='ocrx_word' id='word_1_401' title='bbox 1665 1225 1772 1251; x_wconf 78' lang='lat' dir='ltr'><strong>ratione</strong></span> 
     </span>
    </p>
   </div>
   <div class='ocr_carea' id='block_1_53' title="bbox 985 1269 1772 1308">
    <p class='ocr_par' dir='ltr' id='par_1_53' title="bbox 985 1269 1772 1308">
     <span class='ocr_line' id='line_1_53' title="bbox 985 1269 1772 1308; baseline -0.006 -7"><span class='ocrx_word' id='word_1_402' title='bbox 985 1274 1119 1301; x_wconf 67' lang='lat' dir='ltr'><strong>universa:</strong></span> <span class='ocrx_word' id='word_1_403' title='bbox 1130 1277 1224 1308; x_wconf 80' lang='lat' dir='ltr'><strong>gentes</strong></span> <span class='ocrx_word' id='word_1_404' title='bbox 1241 1271 1406 1299; x_wconf 82' lang='lat' dir='ltr'><strong>indicantur.</strong></span> <span class='ocrx_word' id='word_1_405' title='bbox 1422 1271 1564 1306; x_wconf 90' lang='lat' dir='ltr'><strong>Templum</strong></span> <span class='ocrx_word' id='word_1_406' title='bbox 1579 1274 1670 1297; x_wconf 86' lang='lat' dir='ltr'><strong>autem</strong></span> <span class='ocrx_word' id='word_1_407' title='bbox 1685 1270 1711 1297; x_wconf 89' lang='lat' dir='ltr'><strong>in</strong></span> <span class='ocrx_word' id='word_1_408' title='bbox 1726 1269 1772 1297; x_wconf 86' lang='lat' dir='ltr'><strong>Je-</strong></span> 
     </span>
    </p>
   </div>
   <div class='ocr_carea' id='block_1_54' title="bbox 985 1316 1770 1354">
    <p class='ocr_par' dir='ltr' id='par_1_54' title="bbox 985 1316 1770 1354">
     <span class='ocr_line' id='line_1_54' title="bbox 985 1316 1770 1354; baseline -0.005 -7"><span class='ocrx_word' id='word_1_409' title='bbox 985 1320 1115 1350; x_wconf 88' lang='lat' dir='ltr'><strong>rusalem,</strong></span> <span class='ocrx_word' id='word_1_410' title='bbox 1143 1326 1198 1354; x_wconf 92' lang='lat' dir='ltr'><strong>quo</strong></span> <span class='ocrx_word' id='word_1_411' title='bbox 1222 1317 1346 1345; x_wconf 84' lang='lat' dir='ltr'><strong>deferent</strong></span> <span class='ocrx_word' id='word_1_412' title='bbox 1374 1325 1453 1352; x_wconf 76' lang='lat' dir='ltr'><strong>reges</strong></span> <span class='ocrx_word' id='word_1_413' title='bbox 1479 1323 1602 1348; x_wconf 88' lang='lat' dir='ltr'><strong>munera,</strong></span> <span class='ocrx_word' id='word_1_414' title='bbox 1619 1324 1674 1344; x_wconf 91' lang='lat' dir='ltr'><strong>non</strong></span> <span class='ocrx_word' id='word_1_415' title='bbox 1696 1316 1770 1343; x_wconf 84' lang='lat' dir='ltr'><strong>aliud</strong></span> 
     </span>
    </p>
   </div>
   <div class='ocr_carea' id='block_1_55' title="bbox 985 1362 1769 1400">
    <p class='ocr_par' dir='ltr' id='par_1_55' title="bbox 985 1362 1769 1400">
     <span class='ocr_line' id='line_1_55' title="bbox 985 1362 1769 1400; baseline -0.005 -8"><span class='ocrx_word' id='word_1_416' title='bbox 985 1366 1065 1393; x_wconf 80' lang='lat' dir='ltr'><strong>fuerit</strong></span> <span class='ocrx_word' id='word_1_417' title='bbox 1083 1373 1164 1400; x_wconf 87' lang='lat' dir='ltr'><strong>quam</strong></span> <span class='ocrx_word' id='word_1_418' title='bbox 1180 1371 1291 1399; x_wconf 82' lang='lat' dir='ltr'><strong>regnum</strong></span> <span class='ocrx_word' id='word_1_419' title='bbox 1309 1363 1452 1391; x_wconf 57' lang='lat' dir='ltr'><strong>caelorum.</strong></span> <span class='ocrx_word' id='word_1_420' title='bbox 1478 1362 1608 1390; x_wconf 81' lang='lat' dir='ltr'><strong>Novimus</strong></span> <span class='ocrx_word' id='word_1_421' title='bbox 1634 1362 1769 1397; x_wconf 87' lang='lat' dir='ltr'><strong>siquidem</strong></span> 
     </span>
    </p>
   </div>
   <div class='ocr_carea' id='block_1_56' title="bbox 984 1408 1770 1444">
    <p class='ocr_par' dir='ltr' id='par_1_56' title="bbox 984 1408 1770 1444">
     <span class='ocr_line' id='line_1_56' title="bbox 984 1408 1770 1444; baseline -0.005 -5"><span class='ocrx_word' id='word_1_422' title='bbox 984 1411 1133 1439; x_wconf 84' lang='lat' dir='ltr'><strong>Jerusalem</strong></span> <span class='ocrx_word' id='word_1_423' title='bbox 1150 1412 1287 1438; x_wconf 68' lang='lat' dir='ltr'><strong>caelestem</strong></span> <span class='ocrx_word' id='word_1_424' title='bbox 1316 1417 1397 1444; x_wconf 89' lang='lat' dir='ltr'><strong>quam</strong></span> <span class='ocrx_word' id='word_1_425' title='bbox 1424 1409 1554 1436; x_wconf 88' lang='lat' dir='ltr'><strong>indicavit</strong></span> <span class='ocrx_word' id='word_1_426' title='bbox 1575 1409 1711 1443; x_wconf 85' lang='lat' dir='ltr'><strong>quispiam</strong></span> <span class='ocrx_word' id='word_1_427' title='bbox 1727 1408 1770 1435; x_wconf 92' lang='lat' dir='ltr'><strong>his</strong></span> 
     </span>
    </p>
   </div>
   <div class='ocr_carea' id='block_1_57' title="bbox 985 1454 1770 1492">
    <p class='ocr_par' dir='ltr' id='par_1_57' title="bbox 985 1454 1770 1492">
     <span class='ocr_line' id='line_1_57' title="bbox 985 1454 1770 1492; baseline -0.008 -6"><span class='ocrx_word' id='word_1_428' title='bbox 985 1458 1095 1486; x_wconf 76' lang='lat' dir='ltr'><strong>verbis:</strong></span> <span class='ocrx_word' id='word_1_429' title='bbox 1112 1467 1120 1482; x_wconf 87' lang='grc' dir='ltr'><strong>ι</strong></span> <span class='ocrx_word' id='word_1_430' title='bbox 1136 1457 1172 1484; x_wconf 86' lang='lat' dir='ltr'><strong>Ea</strong></span> <span class='ocrx_word' id='word_1_431' title='bbox 1195 1465 1260 1484; x_wconf 77' lang='lat' dir='ltr'><strong>vero</strong></span> <span class='ocrx_word' id='word_1_432' title='bbox 1283 1465 1343 1492; x_wconf 72' lang='lat' dir='ltr'><strong>quae</strong></span> <span class='ocrx_word' id='word_1_433' title='bbox 1365 1463 1475 1483; x_wconf 83' lang='lat' dir='ltr'><strong>sursum</strong></span> <span class='ocrx_word' id='word_1_434' title='bbox 1498 1460 1541 1483; x_wconf 88' lang='lat' dir='ltr'><strong>est</strong></span> <span class='ocrx_word' id='word_1_435' title='bbox 1556 1455 1718 1487; x_wconf 80' lang='lat' dir='ltr'><strong>Jerusalem,</strong></span> <span class='ocrx_word' id='word_1_436' title='bbox 1736 1454 1770 1480; x_wconf 86' lang='lat' dir='ltr'><strong>li—</strong></span> 
     </span>
    </p>
   </div>
   <div class='ocr_carea' id='block_1_58' title="bbox 984 1501 1772 1539">
    <p class='ocr_par' dir='ltr' id='par_1_58' title="bbox 984 1501 1772 1539">
     <span class='ocr_line' id='line_1_58' title="bbox 984 1501 1772 1539; baseline -0.005 -7"><span class='ocrx_word' id='word_1_437' title='bbox 984 1506 1048 1532; x_wconf 87' lang='lat' dir='ltr'><strong>bera</strong></span> <span class='ocrx_word' id='word_1_438' title='bbox 1063 1508 1115 1536; x_wconf 87' lang='lat' dir='ltr'><strong>est,</strong></span> <span class='ocrx_word' id='word_1_439' title='bbox 1132 1511 1191 1539; x_wconf 66' lang='lat' dir='ltr'><strong>qua:</strong></span> <span class='ocrx_word' id='word_1_440' title='bbox 1206 1507 1248 1531; x_wconf 90' lang='lat' dir='ltr'><strong>est</strong></span> <span class='ocrx_word' id='word_1_441' title='bbox 1275 1507 1361 1530; x_wconf 78' lang='lat' dir='ltr'><strong>mater</strong></span> <span class='ocrx_word' id='word_1_442' title='bbox 1384 1509 1476 1529; x_wconf 86' lang='lat' dir='ltr'><strong>nostra</strong></span> <span class='ocrx_word' id='word_1_443' title='bbox 1487 1503 1507 1518; x_wconf 76' lang='grc'><strong>⁵¹</strong></span> <span class='ocrx_word' id='word_1_444' title='bbox 1522 1511 1529 1535; x_wconf 78' lang='grc' dir='ltr'>ς</span> <span class='ocrx_word' id='word_1_445' title='bbox 1552 1513 1560 1527; x_wconf 85' lang='grc' dir='ltr'><strong>ι</strong></span> <span class='ocrx_word' id='word_1_446' title='bbox 1578 1505 1605 1529; x_wconf 92' lang='lat' dir='ltr'><strong>et</strong></span> <span class='ocrx_word' id='word_1_447' title='bbox 1620 1511 1626 1528; x_wconf 84' lang='lat'><strong>:</strong></span> <span class='ocrx_word' id='word_1_448' title='bbox 1641 1510 1650 1526; x_wconf 83' lang='lat' dir='ltr'><strong>I</strong></span> <span class='ocrx_word' id='word_1_449' title='bbox 1673 1501 1772 1528; x_wconf 85' lang='lat' dir='ltr'><strong>Acces-</strong></span> 
     </span>
    </p>
   </div>
   <div class='ocr_carea' id='block_1_59' title="bbox 984 1546 1771 1576">
    <p class='ocr_par' dir='ltr' id='par_1_59' title="bbox 984 1546 1771 1576">
     <span class='ocr_line' id='line_1_59' title="bbox 984 1546 1771 1576; baseline -0.004 0"><span class='ocrx_word' id='word_1_450' title='bbox 984 1549 1060 1576; x_wconf 88' lang='lat' dir='ltr'><strong>sistis</strong></span> <span class='ocrx_word' id='word_1_451' title='bbox 1084 1548 1117 1575; x_wconf 89' lang='lat' dir='ltr'><strong>ad</strong></span> <span class='ocrx_word' id='word_1_452' title='bbox 1141 1549 1207 1575; x_wconf 89' lang='lat' dir='ltr'><strong>Sion</strong></span> <span class='ocrx_word' id='word_1_453' title='bbox 1231 1552 1351 1574; x_wconf 88' lang='lat' dir='ltr'><strong>montem</strong></span> <span class='ocrx_word' id='word_1_454' title='bbox 1374 1552 1400 1574; x_wconf 89' lang='lat' dir='ltr'><strong>et</strong></span> <span class='ocrx_word' id='word_1_455' title='bbox 1420 1547 1559 1573; x_wconf 90' lang='lat' dir='ltr'><strong>civitatem</strong></span> <span class='ocrx_word' id='word_1_456' title='bbox 1584 1546 1631 1574; x_wconf 76' lang='lat' dir='ltr'><strong>Dei</strong></span> <span class='ocrx_word' id='word_1_457' title='bbox 1654 1546 1771 1573; x_wconf 83' lang='lat' dir='ltr'><strong>viventis</strong></span> 
     </span>
    </p>
   </div>
   <div class='ocr_carea' id='block_1_60' title="bbox 147 1593 933 1635">
    <p class='ocr_par' dir='ltr' id='par_1_60' title="bbox 147 1596 933 1635">
     <span class='ocr_line' id='line_1_60' title="bbox 147 1596 933 1635; baseline 0.005 -11"><span class='ocrx_word' id='word_1_458' title='bbox 147 1598 242 1634; x_wconf 79' lang='grc' dir='ltr'>ρανίῳ.</span> <span class='ocrx_word' id='word_1_459' title='bbox 260 1607 269 1624; x_wconf 79' lang='grc' dir='ltr'><strong>ι</strong></span> <span class='ocrx_word' id='word_1_460' title='bbox 297 1598 405 1634; x_wconf 84' lang='grc' dir='ltr'>Ταύτης</span> <span class='ocrx_word' id='word_1_461' title='bbox 432 1596 477 1624; x_wconf 76' lang='grc' dir='ltr'><strong>οὖν</strong></span> <span class='ocrx_word' id='word_1_462' title='bbox 502 1599 552 1634; x_wconf 81' lang='grc' dir='ltr'>τῆς</span> <span class='ocrx_word' id='word_1_463' title='bbox 578 1599 738 1635; x_wconf 72' lang='grc' dir='ltr'>ἐπουρανίου</span> <span class='ocrx_word' id='word_1_464' title='bbox 761 1600 864 1632; x_wconf 82' lang='grc' dir='ltr'>πόλεως</span> <span class='ocrx_word' id='word_1_465' title='bbox 888 1601 933 1628; x_wconf 85' lang='grc' dir='ltr'><strong>τοῦ</strong></span> 
     </span>
    </p>
   </div>
   <div class='ocr_carea' id='block_1_61' title="bbox 984 1593 1769 1635">
    <p class='ocr_par' dir='ltr' id='par_1_61' title="bbox 986 1593 1769 1629">
     <span class='ocr_line' id='line_1_61' title="bbox 986 1593 1769 1629; baseline -0.004 -6"><span class='ocrx_word' id='word_1_466' title='bbox 986 1595 1136 1623; x_wconf 85' lang='lat' dir='ltr'><strong>Jerusalem</strong></span> <span class='ocrx_word' id='word_1_467' title='bbox 1153 1595 1291 1622; x_wconf 71' lang='lat' dir='ltr'><strong>cmleslem</strong></span> <span class='ocrx_word' id='word_1_468' title='bbox 1304 1595 1335 1620; x_wconf 80' lang='lat'><strong>&quot;.</strong></span> <span class='ocrx_word' id='word_1_469' title='bbox 1356 1604 1365 1619; x_wconf 72' lang='grc' dir='ltr'><strong>ι</strong></span> <span class='ocrx_word' id='word_1_470' title='bbox 1382 1593 1459 1626; x_wconf 83' lang='lat' dir='ltr'><strong>Quod</strong></span> <span class='ocrx_word' id='word_1_471' title='bbox 1472 1594 1554 1629; x_wconf 76' lang='lat' dir='ltr'><strong>igitur</strong></span> <span class='ocrx_word' id='word_1_472' title='bbox 1565 1593 1592 1620; x_wconf 94' lang='lat' dir='ltr'><strong>in</strong></span> <span class='ocrx_word' id='word_1_473' title='bbox 1609 1594 1654 1620; x_wconf 89' lang='lat' dir='ltr'><strong>illa</strong></span> <span class='ocrx_word' id='word_1_474' title='bbox 1665 1593 1769 1621; x_wconf 83' lang='lat' dir='ltr'><strong>ccelesti</strong></span> 
     </span>
    </p>
   </div>
   <div class='ocr_carea' id='block_1_62' title="bbox 147 1643 935 1680">
    <p class='ocr_par' dir='ltr' id='par_1_62' title="bbox 147 1643 935 1680">
     <span class='ocr_line' id='line_1_62' title="bbox 147 1643 935 1680; baseline 0.003 -10"><span class='ocrx_word' id='word_1_475' title='bbox 147 1643 214 1671; x_wconf 74' lang='grc' dir='ltr'>Θεοῦ</span> <span class='ocrx_word' id='word_1_476' title='bbox 227 1643 260 1670; x_wconf 66' lang='grc' dir='ltr'><strong>τὸ</strong></span> <span class='ocrx_word' id='word_1_477' title='bbox 274 1643 412 1679; x_wconf 76' lang='grc' dir='ltr'>ἐξαίρετον</span> <span class='ocrx_word' id='word_1_478' title='bbox 430 1644 476 1670; x_wconf 73' lang='grc' dir='ltr'>καὶ</span> <span class='ocrx_word' id='word_1_479' title='bbox 493 1644 628 1671; x_wconf 83' lang='grc' dir='ltr'>ἀνώτατον</span> <span class='ocrx_word' id='word_1_480' title='bbox 643 1645 690 1671; x_wconf 79' lang='grc' dir='ltr'><strong>καὶ</strong></span> <span class='ocrx_word' id='word_1_481' title='bbox 703 1646 824 1680; x_wconf 88' lang='grc' dir='ltr'>κρεῖττον</span> <span class='ocrx_word' id='word_1_482' title='bbox 838 1647 851 1672; x_wconf 84' lang='lat'><strong>6</strong></span> <span class='ocrx_word' id='word_1_483' title='bbox 868 1645 935 1677; x_wconf 81' lang='grc' dir='ltr'>νεώς</span> 
     </span>
    </p>
   </div>
   <div class='ocr_carea' id='block_1_63' title="bbox 143 1690 934 1727">
    <p class='ocr_par' dir='ltr' id='par_1_63' title="bbox 143 1690 934 1727">
     <span class='ocr_line' id='line_1_63' title="bbox 143 1690 934 1727; baseline 0 -10"><span class='ocrx_word' id='word_1_484' title='bbox 143 1690 200 1717; x_wconf 71' lang='grc' dir='ltr'>ἐστι</span> <span class='ocrx_word' id='word_1_485' title='bbox 212 1690 260 1717; x_wconf 86' lang='grc' dir='ltr'><strong>τσῦ</strong></span> <span class='ocrx_word' id='word_1_486' title='bbox 277 1690 355 1717; x_wconf 76' lang='grc' dir='ltr'>Θεοῦ.</span> <span class='ocrx_word' id='word_1_487' title='bbox 377 1690 438 1716; x_wconf 79' lang='grc' dir='ltr'>Ἐπὶ</span> <span class='ocrx_word' id='word_1_488' title='bbox 452 1690 544 1717; x_wconf 76' lang='grc' dir='ltr'>τοῦτον</span> <span class='ocrx_word' id='word_1_489' title='bbox 561 1691 648 1718; x_wconf 80' lang='grc' dir='ltr'>τοίνυν</span> <span class='ocrx_word' id='word_1_490' title='bbox 662 1692 707 1717; x_wconf 81' lang='grc' dir='ltr'><strong>τὸν</strong></span> <span class='ocrx_word' id='word_1_491' title='bbox 724 1691 791 1718; x_wconf 86' lang='grc' dir='ltr'>νεών</span> <span class='ocrx_word' id='word_1_492' title='bbox 805 1701 862 1724; x_wconf 87' lang='grc' dir='ltr'>σου,</span> <span class='ocrx_word' id='word_1_493' title='bbox 881 1701 934 1727; x_wconf 74' lang='grc' dir='ltr'>φη-</span> 
     </span>
    </p>
   </div>
   <div class='ocr_carea' id='block_1_64' title="bbox 145 1735 934 1774">
    <p class='ocr_par' dir='ltr' id='par_1_64' title="bbox 145 1735 934 1774">
     <span class='ocr_line' id='line_1_64' title="bbox 145 1735 934 1774; baseline 0 -10"><span class='ocrx_word' id='word_1_494' title='bbox 145 1735 196 1769; x_wconf 67' lang='grc' dir='ltr'>σὶν,</span> <span class='ocrx_word' id='word_1_495' title='bbox 222 1735 264 1762; x_wconf 82' lang='grc' dir='ltr'>σοὶ</span> <span class='ocrx_word' id='word_1_496' title='bbox 287 1736 389 1762; x_wconf 72' lang='grc' dir='ltr'>οἷσουσι</span> <span class='ocrx_word' id='word_1_497' title='bbox 407 1736 524 1771; x_wconf 74' lang='grc' dir='ltr'>βασιλεῖς</span> <span class='ocrx_word' id='word_1_498' title='bbox 548 1736 635 1771; x_wconf 64' lang='grc' dir='ltr'>δῶρον</span> <span class='ocrx_word' id='word_1_499' title='bbox 657 1738 680 1764; x_wconf 84' lang='grc' dir='ltr'>οἱ</span> <span class='ocrx_word' id='word_1_500' title='bbox 707 1738 755 1773; x_wconf 84' lang='grc' dir='ltr'>τὴν</span> <span class='ocrx_word' id='word_1_501' title='bbox 778 1737 871 1773; x_wconf 81' lang='grc' dir='ltr'>λοιπὴν</span> <span class='ocrx_word' id='word_1_502' title='bbox 888 1738 934 1774; x_wconf 87' lang='grc' dir='ltr'><strong>δη-</strong></span> 
     </span>
    </p>
   </div>
   <div class='ocr_carea' id='block_1_65' title="bbox 143 1781 931 1818">
    <p class='ocr_par' dir='ltr' id='par_1_65' title="bbox 143 1781 931 1818">
     <span class='ocr_line' id='line_1_65' title="bbox 143 1781 931 1818; baseline 0.003 -11"><span class='ocrx_word' id='word_1_503' title='bbox 143 1781 208 1818; x_wconf 76' lang='grc' dir='ltr'>λαδὴ</span> <span class='ocrx_word' id='word_1_504' title='bbox 225 1781 302 1808; x_wconf 80' lang='grc' dir='ltr'>πόλιν</span> <span class='ocrx_word' id='word_1_505' title='bbox 315 1781 365 1817; x_wconf 85' lang='grc' dir='ltr'><strong>τὴν</strong></span> <span class='ocrx_word' id='word_1_506' title='bbox 379 1782 538 1817; x_wconf 76' lang='grc' dir='ltr'>ἐπουράνιον</span> <span class='ocrx_word' id='word_1_507' title='bbox 561 1782 698 1814; x_wconf 76' lang='grc' dir='ltr'>οἰκοῦντες</span> <span class='ocrx_word' id='word_1_508' title='bbox 714 1783 832 1818; x_wconf 83' lang='grc' dir='ltr'>βασιλεῖς</span> <span class='ocrx_word' id='word_1_509' title='bbox 847 1784 931 1816; x_wconf 75' lang='grc' dir='ltr'>ὄντες,</span> 
     </span>
    </p>
   </div>
   <div class='ocr_carea' id='block_1_66' title="bbox 143 1827 933 1865">
    <p class='ocr_par' dir='ltr' id='par_1_66' title="bbox 143 1827 933 1865">
     <span class='ocr_line' id='line_1_66' title="bbox 143 1827 933 1865; baseline 0.001 -10"><span class='ocrx_word' id='word_1_510' title='bbox 143 1827 186 1855; x_wconf 71' lang='grc' dir='ltr'>διὰ</span> <span class='ocrx_word' id='word_1_511' title='bbox 198 1827 230 1855; x_wconf 79' lang='grc' dir='ltr'><strong>τὸ</strong></span> <span class='ocrx_word' id='word_1_512' title='bbox 242 1827 428 1863; x_wconf 81' lang='grc' dir='ltr'>κατηξιῶσϐαι</span> <span class='ocrx_word' id='word_1_513' title='bbox 443 1828 493 1862; x_wconf 83' lang='grc' dir='ltr'><strong>τῆς</strong></span> <span class='ocrx_word' id='word_1_514' title='bbox 509 1827 647 1863; x_wconf 76' lang='grc' dir='ltr'>βασιλείας</span> <span class='ocrx_word' id='word_1_515' title='bbox 658 1829 711 1856; x_wconf 85' lang='grc' dir='ltr'><strong>τῶν</strong></span> <span class='ocrx_word' id='word_1_516' title='bbox 735 1830 867 1865; x_wconf 77' lang='grc' dir='ltr'>οὐρανῶν,</span> <span class='ocrx_word' id='word_1_517' title='bbox 887 1831 933 1856; x_wconf 78' lang='grc' dir='ltr'>καὶ</span> 
     </span>
    </p>
   </div>
   <div class='ocr_carea' id='block_1_67' title="bbox 142 1873 932 1911">
    <p class='ocr_par' dir='ltr' id='par_1_67' title="bbox 142 1873 932 1911">
     <span class='ocr_line' id='line_1_67' title="bbox 142 1873 932 1911; baseline 0 -10"><span class='ocrx_word' id='word_1_518' title='bbox 142 1873 186 1901; x_wconf 78' lang='grc' dir='ltr'>διὰ</span> <span class='ocrx_word' id='word_1_519' title='bbox 198 1873 279 1901; x_wconf 68' lang='grc' dir='ltr'>τοῦτο</span> <span class='ocrx_word' id='word_1_520' title='bbox 291 1873 498 1909; x_wconf 73' lang='grc' dir='ltr'>συμϐασιλεύειν</span> <span class='ocrx_word' id='word_1_521' title='bbox 508 1873 547 1909; x_wconf 81' lang='grc' dir='ltr'>τῷ</span> <span class='ocrx_word' id='word_1_522' title='bbox 559 1874 664 1901; x_wconf 81' lang='grc' dir='ltr'>ἑαυτῶν</span> <span class='ocrx_word' id='word_1_523' title='bbox 680 1875 784 1910; x_wconf 82' lang='grc' dir='ltr'>Κυρίῳ.</span> <span class='ocrx_word' id='word_1_524' title='bbox 803 1884 811 1900; x_wconf 89' lang='grc' dir='ltr'><strong>ι</strong></span> <span class='ocrx_word' id='word_1_525' title='bbox 832 1875 862 1901; x_wconf 86' lang='grc' dir='ltr'><strong>Εἰ</strong></span> <span class='ocrx_word' id='word_1_526' title='bbox 879 1875 932 1911; x_wconf 79' lang='grc' dir='ltr'><strong>γὰρ</strong></span> 
     </span>
    </p>
   </div>
   <div class='ocr_carea' id='block_1_68' title="bbox 144 1919 932 1956">
    <p class='ocr_par' dir='ltr' id='par_1_68' title="bbox 144 1919 932 1956">
     <span class='ocr_line' id='line_1_68' title="bbox 144 1919 932 1956; baseline -0.001 -8"><span class='ocrx_word' id='word_1_527' title='bbox 144 1919 364 1956; x_wconf 79' lang='grc' dir='ltr'>συναπεθάνομεν</span> <span class='ocrx_word' id='word_1_528' title='bbox 375 1940 382 1952; x_wconf 86' lang='grc'><strong>,</strong></span> <span class='ocrx_word' id='word_1_529' title='bbox 397 1920 444 1946; x_wconf 73' lang='grc' dir='ltr'><strong>καὶ</strong></span> <span class='ocrx_word' id='word_1_530' title='bbox 468 1919 621 1956; x_wconf 77' lang='grc' dir='ltr'>συζήσομεν</span> <span class='ocrx_word' id='word_1_531' title='bbox 634 1941 641 1953; x_wconf 89' lang='grc'><strong>,</strong></span> <span class='ocrx_word' id='word_1_532' title='bbox 657 1922 705 1947; x_wconf 79' lang='grc' dir='ltr'><strong>καὶ</strong></span> <span class='ocrx_word' id='word_1_533' title='bbox 720 1922 744 1947; x_wconf 79' lang='grc' dir='ltr'>εξ</span> <span class='ocrx_word' id='word_1_534' title='bbox 762 1922 932 1956; x_wconf 77' lang='grc' dir='ltr'>ὑπομένομεν</span> 
     </span>
    </p>
   </div>
   <div class='ocr_carea' id='block_1_69' title="bbox 142 1964 930 2002">
    <p class='ocr_par' dir='ltr' id='par_1_69' title="bbox 142 1964 930 2002">
     <span class='ocr_line' id='line_1_69' title="bbox 142 1964 930 2002; baseline -0.001 -8"><span class='ocrx_word' id='word_1_535' title='bbox 142 1965 219 1999; x_wconf 67' lang='grc' dir='ltr'>Θεὸν,</span> <span class='ocrx_word' id='word_1_536' title='bbox 236 1967 283 1993; x_wconf 78' lang='grc' dir='ltr'><strong>καὶ</strong></span> <span class='ocrx_word' id='word_1_537' title='bbox 302 1966 560 2002; x_wconf 76' lang='grc' dir='ltr'>συμϐασιλεύσομεν.</span> <span class='ocrx_word' id='word_1_538' title='bbox 581 1976 590 1992; x_wconf 76' lang='grc' dir='ltr'><strong>ι</strong></span> <span class='ocrx_word' id='word_1_539' title='bbox 604 1964 682 1993; x_wconf 81' lang='grc' dir='ltr'>Οὗτοι</span> <span class='ocrx_word' id='word_1_540' title='bbox 697 1965 744 1993; x_wconf 83' lang='grc' dir='ltr'>οὖν</span> <span class='ocrx_word' id='word_1_541' title='bbox 763 1967 788 1993; x_wconf 75' lang='grc' dir='ltr'>οἱ</span> <span class='ocrx_word' id='word_1_542' title='bbox 803 1967 930 2002; x_wconf 84' lang='grc' dir='ltr'>βασιλεῖς,</span> 
     </span>
    </p>
   </div>
   <div class='ocr_carea' id='block_1_70' title="bbox 142 2013 931 2050">
    <p class='ocr_par' dir='ltr' id='par_1_70' title="bbox 142 2013 931 2050">
     <span class='ocr_line' id='line_1_70' title="bbox 142 2013 931 2050; baseline -0.006 -7"><span class='ocrx_word' id='word_1_543' title='bbox 142 2015 178 2050; x_wconf 71' lang='grc' dir='ltr'>ὡς</span> <span class='ocrx_word' id='word_1_544' title='bbox 193 2015 227 2043; x_wconf 75' lang='grc' dir='ltr'>ἂν</span> <span class='ocrx_word' id='word_1_545' title='bbox 243 2015 295 2042; x_wconf 82' lang='grc' dir='ltr'>ὑπὸ</span> <span class='ocrx_word' id='word_1_546' title='bbox 321 2015 430 2050; x_wconf 76' lang='grc' dir='ltr'>μεγάλῳ</span> <span class='ocrx_word' id='word_1_547' title='bbox 450 2015 573 2050; x_wconf 77' lang='grc' dir='ltr'>ἀρχιερεῖ</span> <span class='ocrx_word' id='word_1_548' title='bbox 591 2013 629 2048; x_wconf 82' lang='grc' dir='ltr'>τῷ</span> <span class='ocrx_word' id='word_1_549' title='bbox 647 2014 793 2048; x_wconf 86' lang='grc' dir='ltr'>Μονογενεῖ</span> <span class='ocrx_word' id='word_1_550' title='bbox 806 2013 853 2039; x_wconf 80' lang='grc' dir='ltr'><strong>τοῦ</strong></span> <span class='ocrx_word' id='word_1_551' title='bbox 865 2013 931 2039; x_wconf 81' lang='grc' dir='ltr'>Θεοῦ</span> 
     </span>
    </p>
   </div>
   <div class='ocr_carea' id='block_1_71' title="bbox 142 2060 932 2099">
    <p class='ocr_par' dir='ltr' id='par_1_71' title="bbox 142 2060 932 2099">
     <span class='ocr_line' id='line_1_71' title="bbox 142 2060 932 2099; baseline -0.006 -9"><span class='ocrx_word' id='word_1_552' title='bbox 142 2061 371 2099; x_wconf 66' lang='grc' dir='ltr'>λέιτσυργοῦντες,</span> <span class='ocrx_word' id='word_1_553' title='bbox 386 2063 467 2097; x_wconf 72' lang='grc' dir='ltr'>ἱερεῖς</span> <span class='ocrx_word' id='word_1_554' title='bbox 478 2069 507 2087; x_wconf 85' lang='grc' dir='ltr'><strong>τε</strong></span> <span class='ocrx_word' id='word_1_555' title='bbox 520 2060 604 2092; x_wconf 78' lang='grc' dir='ltr'>ὄντες,</span> <span class='ocrx_word' id='word_1_556' title='bbox 619 2061 666 2087; x_wconf 79' lang='grc' dir='ltr'>καὶ</span> <span class='ocrx_word' id='word_1_557' title='bbox 677 2060 753 2087; x_wconf 72' lang='grc' dir='ltr'>αὐτοὶ</span> <span class='ocrx_word' id='word_1_558' title='bbox 766 2060 839 2096; x_wconf 84' lang='grc' dir='ltr'>δῶρα</span> <span class='ocrx_word' id='word_1_559' title='bbox 852 2068 932 2094; x_wconf 84' lang='grc' dir='ltr'>προσ-</span> 
     </span>
    </p>
   </div>
   <div class='ocr_carea' id='block_1_72' title="bbox 142 2106 931 2142">
    <p class='ocr_par' dir='ltr' id='par_1_72' title="bbox 142 2106 931 2142">
     <span class='ocr_line' id='line_1_72' title="bbox 142 2106 931 2142; baseline -0.006 -6"><span class='ocrx_word' id='word_1_560' title='bbox 142 2109 260 2136; x_wconf 74' lang='grc' dir='ltr'>οισουσιν</span> <span class='ocrx_word' id='word_1_561' title='bbox 276 2109 316 2140; x_wconf 81' lang='grc' dir='ltr'>εἰς</span> <span class='ocrx_word' id='word_1_562' title='bbox 337 2109 381 2135; x_wconf 74' lang='grc' dir='ltr'><strong>τὸν</strong></span> <span class='ocrx_word' id='word_1_563' title='bbox 399 2108 461 2135; x_wconf 87' lang='grc' dir='ltr'>ναὸν</span> <span class='ocrx_word' id='word_1_564' title='bbox 481 2107 563 2134; x_wconf 79' lang='grc' dir='ltr'>αὐτοῦ</span> <span class='ocrx_word' id='word_1_565' title='bbox 577 2108 622 2134; x_wconf 83' lang='grc' dir='ltr'><strong>τὸν</strong></span> <span class='ocrx_word' id='word_1_566' title='bbox 639 2106 807 2142; x_wconf 71' lang='grc' dir='ltr'>ἐπουράνιον,</span> <span class='ocrx_word' id='word_1_567' title='bbox 825 2114 931 2132; x_wconf 85' lang='grc' dir='ltr'>συνεισ-</span> 
     </span>
    </p>
   </div>
   <div class='ocr_carea' id='block_1_73' title="bbox 143 2151 931 2192">
    <p class='ocr_par' dir='ltr' id='par_1_73' title="bbox 143 2151 931 2192">
     <span class='ocr_line' id='line_1_73' title="bbox 143 2151 931 2192; baseline -0.008 -9"><span class='ocrx_word' id='word_1_568' title='bbox 143 2155 283 2192; x_wconf 81' lang='grc' dir='ltr'>ερχόμενοι</span> <span class='ocrx_word' id='word_1_569' title='bbox 303 2155 343 2190; x_wconf 80' lang='grc' dir='ltr'>τῷ</span> <span class='ocrx_word' id='word_1_570' title='bbox 363 2155 471 2190; x_wconf 82' lang='grc' dir='ltr'>μεγάλῳ</span> <span class='ocrx_word' id='word_1_571' title='bbox 487 2155 618 2190; x_wconf 85' lang='grc' dir='ltr'>ἀρχιερεῖ.</span> <span class='ocrx_word' id='word_1_572' title='bbox 634 2154 728 2185; x_wconf 78' lang='grc' dir='ltr'>Ὅπως</span> <span class='ocrx_word' id='word_1_573' title='bbox 745 2152 773 2179; x_wconf 83' lang='grc' dir='ltr'><strong>δὲ</strong></span> <span class='ocrx_word' id='word_1_574' title='bbox 790 2151 868 2178; x_wconf 85' lang='grc' dir='ltr'>τοῦτο</span> <span class='ocrx_word' id='word_1_575' title='bbox 883 2152 931 2186; x_wconf 79' lang='grc' dir='ltr'>γέ-</span> 
     </span>
    </p>
   </div>
   <div class='ocr_carea' id='block_1_74' title="bbox 143 2198 932 2240">
    <p class='ocr_par' dir='ltr' id='par_1_74' title="bbox 143 2198 932 2240">
     <span class='ocr_line' id='line_1_74' title="bbox 143 2198 932 2240; baseline -0.008 -10"><span class='ocrx_word' id='word_1_576' title='bbox 143 2211 219 2240; x_wconf 83' lang='grc' dir='ltr'>νηται</span> <span class='ocrx_word' id='word_1_577' title='bbox 232 2203 280 2229; x_wconf 62' lang='grc' dir='ltr'><strong>καὶ⁵</strong></span> <span class='ocrx_word' id='word_1_578' title='bbox 293 2202 325 2228; x_wconf 77' lang='grc' dir='ltr'><strong>δι’</strong></span> <span class='ocrx_word' id='word_1_579' title='bbox 339 2202 426 2237; x_wconf 79' lang='grc' dir='ltr'>ἔργων</span> <span class='ocrx_word' id='word_1_580' title='bbox 439 2203 613 2237; x_wconf 80' lang='grc' dir='ltr'>προχωρήσῃ,</span> <span class='ocrx_word' id='word_1_581' title='bbox 628 2199 783 2234; x_wconf 79' lang='grc' dir='ltr'>ἀναγκαίως</span> <span class='ocrx_word' id='word_1_582' title='bbox 796 2198 932 2232; x_wconf 71' lang='grc' dir='ltr'>ἐπηύξατο</span> 
     </span>
    </p>
   </div>
   <div class='ocr_carea' id='block_1_75' title="bbox 143 2243 931 2281">
    <p class='ocr_par' dir='ltr' id='par_1_75' title="bbox 143 2243 931 2281">
     <span class='ocr_line' id='line_1_75' title="bbox 143 2243 931 2281; baseline -0.01 -5"><span class='ocrx_word' id='word_1_583' title='bbox 143 2249 240 2276; x_wconf 71' lang='grc' dir='ltr'>εἰπών·</span> <span class='ocrx_word' id='word_1_584' title='bbox 260 2258 269 2274; x_wconf 84' lang='grc' dir='ltr'><strong>ι</strong></span> <span class='ocrx_word' id='word_1_585' title='bbox 289 2248 434 2278; x_wconf 82' lang='grc' dir='ltr'>Ἕντειλαι,</span> <span class='ocrx_word' id='word_1_586' title='bbox 449 2248 463 2273; x_wconf 88' lang='lat'><strong>6</strong></span> <span class='ocrx_word' id='word_1_587' title='bbox 480 2246 557 2278; x_wconf 79' lang='grc' dir='ltr'>Θεὸς,</span> <span class='ocrx_word' id='word_1_588' title='bbox 579 2246 626 2281; x_wconf 88' lang='grc' dir='ltr'>τὴν</span> <span class='ocrx_word' id='word_1_589' title='bbox 645 2244 758 2279; x_wconf 86' lang='grc' dir='ltr'>δύναμίν</span> <span class='ocrx_word' id='word_1_590' title='bbox 775 2251 832 2274; x_wconf 86' lang='grc' dir='ltr'>σου,</span> <span class='ocrx_word' id='word_1_591' title='bbox 853 2243 931 2269; x_wconf 75' lang='grc' dir='ltr'>δυνά-</span> 
     </span>
    </p>
   </div>
   <div class='ocr_carea' id='block_1_76' title="bbox 144 2290 818 2330">
    <p class='ocr_par' dir='ltr' id='par_1_76' title="bbox 144 2290 818 2330">
     <span class='ocr_line' id='line_1_76' title="bbox 144 2290 818 2330; baseline -0.013 -7"><span class='ocrx_word' id='word_1_592' title='bbox 144 2303 249 2330; x_wconf 74' lang='grc' dir='ltr'>μωσον,</span> <span class='ocrx_word' id='word_1_593' title='bbox 271 2295 285 2321; x_wconf 83' lang='lat'><strong>6</strong></span> <span class='ocrx_word' id='word_1_594' title='bbox 302 2293 376 2326; x_wconf 88' lang='grc' dir='ltr'>Θεὸς,</span> <span class='ocrx_word' id='word_1_595' title='bbox 393 2294 472 2320; x_wconf 86' lang='grc' dir='ltr'>τοῦτο</span> <span class='ocrx_word' id='word_1_596' title='bbox 488 2293 501 2319; x_wconf 87' lang='grc' dir='ltr'><strong>ὂ</strong></span> <span class='ocrx_word' id='word_1_597' title='bbox 521 2291 693 2327; x_wconf 77' lang='grc' dir='ltr'>κατειργάσω</span> <span class='ocrx_word' id='word_1_598' title='bbox 716 2290 790 2325; x_wconf 81' lang='grc' dir='ltr'>ἡμῖν.</span> <span class='ocrx_word' id='word_1_599' title='bbox 809 2299 818 2314; x_wconf 80' lang='grc' dir='ltr'><strong>ι</strong></span> 
     </span>
    </p>
   </div>
   <div class='ocr_carea' id='block_1_77' title="bbox 179 2334 932 2375">
    <p class='ocr_par' dir='ltr' id='par_1_77' title="bbox 179 2334 932 2375">
     <span class='ocr_line' id='line_1_77' title="bbox 179 2334 932 2375; baseline -0.011 -7"><span class='ocrx_word' id='word_1_600' title='bbox 179 2351 190 2367; x_wconf 78' lang='grc' dir='ltr'><strong>ι</strong></span> <span class='ocrx_word' id='word_1_601' title='bbox 199 2340 378 2375; x_wconf 86' lang='grc' dir='ltr'>Ἐπιτίμησον</span> <span class='ocrx_word' id='word_1_602' title='bbox 385 2341 441 2371; x_wconf 87' lang='grc' dir='ltr'>τοῖς</span> <span class='ocrx_word' id='word_1_603' title='bbox 450 2339 554 2375; x_wconf 78' lang='grc' dir='ltr'>θηρίοις</span> <span class='ocrx_word' id='word_1_604' title='bbox 561 2337 608 2364; x_wconf 83' lang='grc' dir='ltr'><strong>τοῦ</strong></span> <span class='ocrx_word' id='word_1_605' title='bbox 618 2336 739 2371; x_wconf 74' lang='grc' dir='ltr'>καλάμου</span> <span class='ocrx_word' id='word_1_606' title='bbox 745 2357 751 2363; x_wconf 91' lang='grc'><strong>.</strong></span> <span class='ocrx_word' id='word_1_607' title='bbox 758 2345 767 2361; x_wconf 74' lang='grc' dir='ltr'><strong>ι</strong></span> <span class='ocrx_word' id='word_1_608' title='bbox 773 2336 857 2361; x_wconf 88' lang='grc' dir='ltr'>Ὥσπε</span> <span class='ocrx_word' id='word_1_609' title='bbox 861 2343 876 2369; x_wconf 91' lang='grc' dir='ltr'><strong>ρ</strong></span> <span class='ocrx_word' id='word_1_610' title='bbox 885 2334 932 2369; x_wconf 73' lang='grc' dir='ltr'><strong>ηὖ-</strong></span> 
     </span>
    </p>
   </div>
   <div class='ocr_carea' id='block_1_78' title="bbox 143 2381 932 2422">
    <p class='ocr_par' dir='ltr' id='par_1_78' title="bbox 143 2381 932 2422">
     <span class='ocr_line' id='line_1_78' title="bbox 143 2381 932 2422; baseline -0.01 -8"><span class='ocrx_word' id='word_1_611' title='bbox 143 2388 206 2422; x_wconf 78' lang='grc' dir='ltr'>ξατο</span> <span class='ocrx_word' id='word_1_612' title='bbox 215 2387 380 2422; x_wconf 85' lang='grc' dir='ltr'>συνεργῆσαι</span> <span class='ocrx_word' id='word_1_613' title='bbox 387 2387 443 2418; x_wconf 85' lang='grc' dir='ltr'>τοῖς</span> <span class='ocrx_word' id='word_1_614' title='bbox 449 2385 636 2422; x_wconf 75' lang='grc' dir='ltr'>προλεχθεῖσιν</span> <span class='ocrx_word' id='word_1_615' title='bbox 642 2382 734 2410; x_wconf 72' lang='grc' dir='ltr'>εἰπών·</span> <span class='ocrx_word' id='word_1_616' title='bbox 746 2390 755 2406; x_wconf 76' lang='grc' dir='ltr'><strong>ι</strong></span> <span class='ocrx_word' id='word_1_617' title='bbox 763 2381 906 2408; x_wconf 78' lang='grc' dir='ltr'>Ἐντειλαι.</span> <span class='ocrx_word' id='word_1_618' title='bbox 918 2381 932 2406; x_wconf 88' lang='lat'><strong>6</strong></span> 
     </span>
    </p>
   </div>
   <div class='ocr_carea' id='block_1_79' title="bbox 142 2426 930 2471">
    <p class='ocr_par' dir='ltr' id='par_1_79' title="bbox 142 2426 930 2471">
     <span class='ocr_line' id='line_1_79' title="bbox 142 2426 930 2471; baseline -0.013 -10"><span class='ocrx_word' id='word_1_619' title='bbox 142 2434 217 2468; x_wconf 82' lang='grc' dir='ltr'>Θεὸς,</span> <span class='ocrx_word' id='word_1_620' title='bbox 231 2434 281 2471; x_wconf 83' lang='grc' dir='ltr'>τὴν</span> <span class='ocrx_word' id='word_1_621' title='bbox 294 2433 407 2469; x_wconf 81' lang='grc' dir='ltr'>δύναμιν</span> <span class='ocrx_word' id='word_1_622' title='bbox 418 2441 474 2459; x_wconf 86' lang='grc' dir='ltr'>σου·</span> <span class='ocrx_word' id='word_1_623' title='bbox 490 2442 498 2458; x_wconf 80' lang='grc' dir='ltr'><strong>ι</strong></span> <span class='ocrx_word' id='word_1_624' title='bbox 510 2432 557 2458; x_wconf 78' lang='grc' dir='ltr'><strong>καὶ</strong></span> <span class='ocrx_word' id='word_1_625' title='bbox 566 2429 754 2464; x_wconf 80' lang='grc' dir='ltr'>(Δυνάμωσον,</span> <span class='ocrx_word' id='word_1_626' title='bbox 763 2426 859 2459; x_wconf 78' lang='grc' dir='ltr'>ὁΘεὺς,</span> <span class='ocrx_word' id='word_1_627' title='bbox 873 2426 930 2452; x_wconf 80' lang='grc' dir='ltr'>τοῦ-</span> 
     </span>
    </p>
   </div>
   <div class='ocr_carea' id='block_1_80' title="bbox 142 2473 930 2516">
    <p class='ocr_par' dir='ltr' id='par_1_80' title="bbox 142 2473 930 2516">
     <span class='ocr_line' id='line_1_80' title="bbox 142 2473 930 2516; baseline -0.013 -8"><span class='ocrx_word' id='word_1_628' title='bbox 142 2481 190 2508; x_wconf 83' lang='grc' dir='ltr'>τοὸ</span> <span class='ocrx_word' id='word_1_629' title='bbox 203 2480 451 2516; x_wconf 83' lang='grc' dir='ltr'>κατειργάσωὴμῖν</span> <span class='ocrx_word' id='word_1_630' title='bbox 461 2487 468 2494; x_wconf 75' lang='grc' dir='ltr'><strong><em>ο</em></strong></span> <span class='ocrx_word' id='word_1_631' title='bbox 486 2488 495 2504; x_wconf 73' lang='grc' dir='ltr'><strong>ι</strong></span> <span class='ocrx_word' id='word_1_632' title='bbox 509 2477 580 2504; x_wconf 79' lang='grc' dir='ltr'>οὕτω</span> <span class='ocrx_word' id='word_1_633' title='bbox 589 2476 668 2503; x_wconf 85' lang='grc' dir='ltr'>πάλιν</span> <span class='ocrx_word' id='word_1_634' title='bbox 681 2474 788 2510; x_wconf 81' lang='grc' dir='ltr'>εὕχεται</span> <span class='ocrx_word' id='word_1_635' title='bbox 798 2474 831 2500; x_wconf 70' lang='grc' dir='ltr'>τὰ</span> <span class='ocrx_word' id='word_1_636' title='bbox 842 2473 913 2500; x_wconf 77' lang='grc' dir='ltr'>κωλύ</span> <span class='ocrx_word' id='word_1_637' title='bbox 922 2489 930 2492; x_wconf 99' lang='grc'><strong>-</strong></span> 
     </span>
    </p>
   </div>
   <div class='ocr_carea' id='block_1_81' title="bbox 144 2515 930 2563">
    <p class='ocr_par' dir='ltr' id='par_1_81' title="bbox 144 2515 930 2563">
     <span class='ocr_line' id='line_1_81' title="bbox 144 2515 930 2563; baseline -0.013 -9"><span class='ocrx_word' id='word_1_638' title='bbox 144 2535 216 2563; x_wconf 78' lang='grc' dir='ltr'>ματα</span> <span class='ocrx_word' id='word_1_639' title='bbox 229 2515 350 2553; x_wconf 72' lang='grc' dir='ltr'>ἐκποδὼν</span> <span class='ocrx_word' id='word_1_640' title='bbox 364 2525 480 2562; x_wconf 78' lang='grc' dir='ltr'>ἀρθῆναι</span> <span class='ocrx_word' id='word_1_641' title='bbox 500 2524 531 2550; x_wconf 85' lang='grc' dir='ltr'><strong>ὲκ</strong></span> <span class='ocrx_word' id='word_1_642' title='bbox 555 2523 647 2558; x_wconf 82' lang='grc' dir='ltr'>μέσου,</span> <span class='ocrx_word' id='word_1_643' title='bbox 662 2522 735 2550; x_wconf 79' lang='grc' dir='ltr'>ὅπως</span> <span class='ocrx_word' id='word_1_644' title='bbox 758 2519 903 2551; x_wconf 83' lang='grc' dir='ltr'>ἀκωλύτως</span> <span class='ocrx_word' id='word_1_645' title='bbox 917 2520 930 2544; x_wconf 77' lang='lat'><strong>6</strong></span> 
     </span>
    </p>
   </div>
   <div class='ocr_carea' id='block_1_82' title="bbox 141 2566 930 2608">
    <p class='ocr_par' dir='ltr' id='par_1_82' title="bbox 141 2566 930 2608">
     <span class='ocr_line' id='line_1_82' title="bbox 141 2566 930 2608; baseline -0.014 -7"><span class='ocrx_word' id='word_1_646' title='bbox 141 2572 219 2608; x_wconf 72' lang='grc' dir='ltr'>λόγος</span> <span class='ocrx_word' id='word_1_647' title='bbox 243 2571 390 2608; x_wconf 74' lang='grc' dir='ltr'>διαδράμῃ.</span> <span class='ocrx_word' id='word_1_648' title='bbox 415 2569 541 2607; x_wconf 76' lang='grc' dir='ltr'>Συνεώρα</span> <span class='ocrx_word' id='word_1_649' title='bbox 564 2569 618 2604; x_wconf 82' lang='grc' dir='ltr'><strong>γὰρ</strong></span> <span class='ocrx_word' id='word_1_650' title='bbox 640 2569 672 2603; x_wconf 83' lang='grc' dir='ltr'>τῇ</span> <span class='ocrx_word' id='word_1_651' title='bbox 695 2566 846 2603; x_wconf 85' lang='grc' dir='ltr'>προγνώσει</span> <span class='ocrx_word' id='word_1_652' title='bbox 867 2566 930 2596; x_wconf 72' lang='grc' dir='ltr'>τοὺς</span> 
     </span>
    </p>
   </div>
   <div class='ocr_carea' id='block_1_83' title="bbox 143 2612 928 2654">
    <p class='ocr_par' dir='ltr' id='par_1_83' title="bbox 143 2612 928 2654">
     <span class='ocr_line' id='line_1_83' title="bbox 143 2612 928 2654; baseline -0.013 -7"><span class='ocrx_word' id='word_1_653' title='bbox 143 2618 287 2654; x_wconf 77' lang='grc' dir='ltr'>μέλλοντας</span> <span class='ocrx_word' id='word_1_654' title='bbox 310 2616 502 2645; x_wconf 73' lang='grc' dir='ltr'>ἐπανίστασθαι</span> <span class='ocrx_word' id='word_1_655' title='bbox 523 2615 561 2651; x_wconf 86' lang='grc' dir='ltr'>τῷ</span> <span class='ocrx_word' id='word_1_656' title='bbox 584 2613 752 2648; x_wconf 81' lang='grc' dir='ltr'>εὐαγγελικῷ</span> <span class='ocrx_word' id='word_1_657' title='bbox 772 2612 928 2648; x_wconf 76' lang='grc' dir='ltr'>κηρύγματι</span> 
     </span>
    </p>
   </div>
   <div class='ocr_carea' id='block_1_84' title="bbox 142 2657 929 2702">
    <p class='ocr_par' dir='ltr' id='par_1_84' title="bbox 142 2657 929 2702">
     <span class='ocr_line' id='line_1_84' title="bbox 142 2657 929 2702; baseline -0.013 -8"><span class='ocrx_word' id='word_1_658' title='bbox 142 2662 276 2702; x_wconf 69' lang='grc' dir='ltr'>διωγμοὺς</span> <span class='ocrx_word' id='word_1_659' title='bbox 289 2665 410 2695; x_wconf 70' lang='grc' dir='ltr'>καὶτοὺς</span> <span class='ocrx_word' id='word_1_660' title='bbox 429 2663 539 2699; x_wconf 76' lang='grc' dir='ltr'>νοητοὺς</span> <span class='ocrx_word' id='word_1_661' title='bbox 557 2661 654 2697; x_wconf 79' lang='grc' dir='ltr'>θῆρας,</span> <span class='ocrx_word' id='word_1_662' title='bbox 669 2657 705 2687; x_wconf 79' lang='grc' dir='ltr'>ὧν</span> <span class='ocrx_word' id='word_1_663' title='bbox 718 2659 816 2695; x_wconf 73' lang='grc' dir='ltr'>ηὔχετο</span> <span class='ocrx_word' id='word_1_664' title='bbox 831 2658 929 2694; x_wconf 79' lang='grc' dir='ltr'>ῥυσθῆ-</span> 
     </span>
    </p>
   </div>
   <div class='ocr_carea' id='block_1_85' title="bbox 144 2702 929 2753">
    <p class='ocr_par' dir='ltr' id='par_1_85' title="bbox 144 2702 929 2753">
     <span class='ocr_line' id='line_1_85' title="bbox 144 2702 929 2753; baseline -0.015 -14"><span class='ocrx_word' id='word_1_665' title='bbox 144 2719 185 2739; x_wconf 77' lang='grc' dir='ltr'><strong>ναι</strong></span> <span class='ocrx_word' id='word_1_666' title='bbox 199 2710 323 2738; x_wconf 76' lang='grc' dir='ltr'>ὸιῑπὼν·</span> <span class='ocrx_word' id='word_1_667' title='bbox 343 2719 351 2736; x_wconf 90' lang='grc' dir='ltr'><strong>ι</strong></span> <span class='ocrx_word' id='word_1_668' title='bbox 371 2708 417 2744; x_wconf 81' lang='grc' dir='ltr'><strong>Μὴ</strong></span> <span class='ocrx_word' id='word_1_669' title='bbox 434 2707 561 2743; x_wconf 83' lang='grc' dir='ltr'>παραδῷς</span> <span class='ocrx_word' id='word_1_670' title='bbox 583 2707 639 2737; x_wconf 87' lang='grc' dir='ltr'>τοῖς</span> <span class='ocrx_word' id='word_1_671' title='bbox 661 2704 764 2753; x_wconf 75' lang='grc' dir='ltr'>θηρίοις</span> <span class='ocrx_word' id='word_1_672' title='bbox 783 2703 871 2753; x_wconf 40' lang='grc' dir='ltr'>ιρχας</span> <span class='ocrx_word' id='word_1_673' title='bbox 888 2702 929 2734; x_wconf 76' lang='grc' dir='ltr'><strong>ἐξ-</strong></span> 
     </span>
    </p>
   </div>
   <div class='ocr_carea' id='block_1_86' title="bbox 144 2748 927 2794">
    <p class='ocr_par' dir='ltr' id='par_1_86' title="bbox 144 2748 927 2794">
     <span class='ocr_line' id='line_1_86' title="bbox 144 2748 927 2794; baseline -0.015 -9"><span class='ocrx_word' id='word_1_674' title='bbox 144 2756 360 2794; x_wconf 76' lang='grc' dir='ltr'>ομολογουμένις</span> <span class='ocrx_word' id='word_1_675' title='bbox 392 2763 449 2781; x_wconf 87' lang='grc' dir='ltr'>σοι·</span> <span class='ocrx_word' id='word_1_676' title='bbox 470 2764 480 2780; x_wconf 86' lang='grc'><strong>›</strong></span> <span class='ocrx_word' id='word_1_677' title='bbox 499 2753 580 2790; x_wconf 86' lang='grc' dir='ltr'>θηρία</span> <span class='ocrx_word' id='word_1_678' title='bbox 601 2752 629 2778; x_wconf 83' lang='grc' dir='ltr'>δὲ</span> <span class='ocrx_word' id='word_1_679' title='bbox 658 2750 780 2785; x_wconf 82' lang='grc' dir='ltr'>καλάμου</span> <span class='ocrx_word' id='word_1_680' title='bbox 796 2748 927 2783; x_wconf 82' lang='grc' dir='ltr'>’νοήσεις,</span> 
     </span>
    </p>
   </div>
   <div class='ocr_carea' id='block_1_87' title="bbox 310 2794 926 2834">
    <p class='ocr_par' dir='ltr' id='par_1_87' title="bbox 310 2794 926 2834">
     <span class='ocr_line' id='line_1_87' title="bbox 310 2794 926 2834; baseline -0.016 -5"><span class='ocrx_word' id='word_1_681' title='bbox 310 2801 362 2834; x_wconf 54' lang='grc' dir='ltr'>τεοῦ</span> <span class='ocrx_word' id='word_1_682' title='bbox 383 2801 442 2828; x_wconf 76' lang='grc' dir='ltr'><strong>’1ὼὸ</strong></span> <span class='ocrx_word' id='word_1_683' title='bbox 458 2802 531 2832; x_wconf 81' lang='grc' dir='ltr'>ὅπως</span> <span class='ocrx_word' id='word_1_684' title='bbox 544 2800 649 2834; x_wconf 79' lang='grc' dir='ltr'>εἴρηται</span> <span class='ocrx_word' id='word_1_685' title='bbox 665 2796 717 2823; x_wconf 80' lang='grc' dir='ltr'>ὑπὸ</span> <span class='ocrx_word' id='word_1_686' title='bbox 730 2796 777 2822; x_wconf 80' lang='grc' dir='ltr'><strong>τοῦ</strong></span> <span class='ocrx_word' id='word_1_687' title='bbox 789 2794 909 2821; x_wconf 75' lang='grc' dir='ltr'>διαϐόλου</span> <span class='ocrx_word' id='word_1_688' title='bbox 920 2802 926 2807; x_wconf 92' lang='grc'><strong>·</strong></span> 
     </span>
    </p>
   </div>
   <div class='ocr_carea' id='block_1_88' title="bbox 147 2840 928 2907">
    <p class='ocr_par' dir='ltr' id='par_1_88' title="bbox 147 2840 928 2907">
     <span class='ocr_line' id='line_1_88' title="bbox 147 2840 928 2907; baseline -0.02 -27"><span class='ocrx_word' id='word_1_689' title='bbox 147 2859 156 2876; x_wconf 71' lang='grc' dir='ltr'>α</span> <span class='ocrx_word' id='word_1_690' title='bbox 180 2840 418 2907; x_wconf 45' lang='grc' dir='ltr'>Ὑψοδαπὰ</span> <span class='ocrx_word' id='word_1_691' title='bbox 440 2846 535 2881; x_wconf 84' lang='grc' dir='ltr'>δένδρα</span> <span class='ocrx_word' id='word_1_692' title='bbox 558 2845 697 2882; x_wconf 77' lang='grc' dir='ltr'>κοιμᾶται,</span> <span class='ocrx_word' id='word_1_693' title='bbox 715 2841 790 2868; x_wconf 72' lang='grc' dir='ltr'>παοα</span> <span class='ocrx_word' id='word_1_694' title='bbox 805 2840 928 2866; x_wconf 78' lang='grc' dir='ltr'>πάπυοον</span> 
     </span>
    </p>
   </div>
   <div class='ocr_carea' id='block_1_89' title="bbox 172 2908 736 2970">
    <p class='ocr_par' dir='ltr' id='par_1_89' title="bbox 172 2908 736 2970">
     <span class='ocr_line' id='line_1_89' title="bbox 172 2908 736 2970; baseline -0.02 -12"><span class='ocrx_word' id='word_1_695' title='bbox 172 2908 307 2970; x_wconf 52' lang='lat' dir='ltr'><strong>{igitur</strong></span> <span class='ocrx_word' id='word_1_696' title='bbox 325 2915 372 2959; x_wconf 71' lang='lat' dir='ltr'><strong>vii.</strong></span> <span class='ocrx_word' id='word_1_697' title='bbox 389 2927 414 2958; x_wconf 85' lang='lat'><strong>7,</strong></span> <span class='ocrx_word' id='word_1_698' title='bbox 435 2926 462 2954; x_wconf 89' lang='lat'><strong>8.</strong></span> <span class='ocrx_word' id='word_1_699' title='bbox 497 2925 519 2941; x_wconf 75' lang='grc' dir='ltr'><strong>υ</strong></span> <span class='ocrx_word' id='word_1_700' title='bbox 535 2923 622 2951; x_wconf 58' lang='lat' dir='ltr'><strong>natat.»</strong></span> <span class='ocrx_word' id='word_1_701' title='bbox 640 2930 677 2954; x_wconf 77' lang='grc' dir='ltr'><strong>ιν,</strong></span> <span class='ocrx_word' id='word_1_702' title='bbox 692 2922 736 2948; x_wconf 71' lang='lat' dir='ltr'><strong>es.</strong></span> 
     </span>
    </p>
   </div>
   <div class='ocr_carea' id='block_1_90' title="bbox 182 2968 626 3006">
    <p class='ocr_par' dir='ltr' id='par_1_90' title="bbox 182 2968 626 3006">
     <span class='ocr_line' id='line_1_90' title="bbox 182 2968 626 3006; baseline -0.016 1"><span class='ocrx_word' id='word_1_703' title='bbox 182 2968 220 2989; x_wconf 46' lang='grc' dir='ltr'>υ</span> <span class='ocrx_word' id='word_1_704' title='bbox 265 2979 401 3006; x_wconf 60' lang='lat' dir='ltr'><strong>Parrum“</strong></span> <span class='ocrx_word' id='word_1_705' title='bbox 425 2975 484 3004; x_wconf 75' lang='lat' dir='ltr'><strong>Gn.</strong></span> <span class='ocrx_word' id='word_1_706' title='bbox 507 2971 626 3004; x_wconf 73' lang='lat' dir='ltr'><strong>XXlll.</strong></span> 
     </span>
    </p>
   </div>
   <div class='ocr_carea' id='block_1_91' title="bbox 987 1638 1766 1674">
    <p class='ocr_par' dir='ltr' id='par_1_91' title="bbox 987 1638 1766 1674">
     <span class='ocr_line' id='line_1_91' title="bbox 987 1638 1766 1674; baseline -0.004 -7"><span class='ocrx_word' id='word_1_707' title='bbox 987 1639 1032 1667; x_wconf 91' lang='lat' dir='ltr'><strong>Dei</strong></span> <span class='ocrx_word' id='word_1_708' title='bbox 1057 1640 1165 1667; x_wconf 85' lang='lat' dir='ltr'><strong>civitate</strong></span> <span class='ocrx_word' id='word_1_709' title='bbox 1192 1640 1376 1674; x_wconf 60' lang='lat' dir='ltr'><strong>praestantius,</strong></span> <span class='ocrx_word' id='word_1_710' title='bbox 1401 1638 1546 1666; x_wconf 84' lang='lat' dir='ltr'><strong>sublimius</strong></span> <span class='ocrx_word' id='word_1_711' title='bbox 1565 1642 1592 1665; x_wconf 86' lang='lat' dir='ltr'><strong>et</strong></span> <span class='ocrx_word' id='word_1_712' title='bbox 1612 1638 1710 1665; x_wconf 88' lang='lat' dir='ltr'><strong>melius</strong></span> <span class='ocrx_word' id='word_1_713' title='bbox 1722 1638 1766 1664; x_wconf 55' lang='lat' dir='ltr'><strong>De;</strong></span> 
     </span>
    </p>
   </div>
   <div class='ocr_carea' id='block_1_92' title="bbox 985 1684 1770 1720">
    <p class='ocr_par' dir='ltr' id='par_1_92' title="bbox 985 1684 1770 1720">
     <span class='ocr_line' id='line_1_92' title="bbox 985 1684 1770 1720; baseline -0.004 -7"><span class='ocrx_word' id='word_1_714' title='bbox 985 1687 1073 1718; x_wconf 85' lang='lat' dir='ltr'><strong>betur,</strong></span> <span class='ocrx_word' id='word_1_715' title='bbox 1091 1686 1220 1720; x_wconf 90' lang='lat' dir='ltr'><strong>templum</strong></span> <span class='ocrx_word' id='word_1_716' title='bbox 1243 1685 1289 1713; x_wconf 89' lang='lat' dir='ltr'><strong>Dei</strong></span> <span class='ocrx_word' id='word_1_717' title='bbox 1304 1690 1355 1713; x_wconf 90' lang='lat' dir='ltr'><strong>est.</strong></span> <span class='ocrx_word' id='word_1_718' title='bbox 1379 1686 1407 1712; x_wconf 91' lang='lat' dir='ltr'><strong>ln</strong></span> <span class='ocrx_word' id='word_1_719' title='bbox 1421 1685 1471 1712; x_wconf 93' lang='lat' dir='ltr'><strong>hoc</strong></span> <span class='ocrx_word' id='word_1_720' title='bbox 1485 1685 1586 1720; x_wconf 87' lang='lat' dir='ltr'><strong>templo</strong></span> <span class='ocrx_word' id='word_1_721' title='bbox 1598 1689 1655 1717; x_wconf 84' lang='lat' dir='ltr'><strong>tuo,</strong></span> <span class='ocrx_word' id='word_1_722' title='bbox 1670 1684 1770 1719; x_wconf 89' lang='lat' dir='ltr'><strong>inquit,</strong></span> 
     </span>
    </p>
   </div>
   <div class='ocr_carea' id='block_1_93' title="bbox 985 1730 1771 1767">
    <p class='ocr_par' dir='ltr' id='par_1_93' title="bbox 985 1730 1771 1767">
     <span class='ocr_line' id='line_1_93' title="bbox 985 1730 1771 1767; baseline -0.003 -8"><span class='ocrx_word' id='word_1_723' title='bbox 985 1733 1033 1759; x_wconf 87' lang='lat' dir='ltr'><strong>tibi</strong></span> <span class='ocrx_word' id='word_1_724' title='bbox 1064 1732 1179 1759; x_wconf 68' lang='lat' dir='ltr'><strong>offerent</strong></span> <span class='ocrx_word' id='word_1_725' title='bbox 1205 1739 1282 1767; x_wconf 76' lang='lat' dir='ltr'><strong>reges</strong></span> <span class='ocrx_word' id='word_1_726' title='bbox 1323 1731 1518 1766; x_wconf 85' lang='lat' dir='ltr'><strong>munera:qui</strong></span> <span class='ocrx_word' id='word_1_727' title='bbox 1551 1731 1658 1758; x_wconf 82' lang='lat' dir='ltr'><strong>scilicet</strong></span> <span class='ocrx_word' id='word_1_728' title='bbox 1690 1730 1771 1757; x_wconf 81' lang='lat' dir='ltr'><strong>aliam</strong></span> 
     </span>
    </p>
   </div>
   <div class='ocr_carea' id='block_1_94' title="bbox 985 1776 1769 1810">
    <p class='ocr_par' dir='ltr' id='par_1_94' title="bbox 985 1776 1769 1810">
     <span class='ocr_line' id='line_1_94' title="bbox 985 1776 1769 1810; baseline -0.003 -6"><span class='ocrx_word' id='word_1_729' title='bbox 985 1778 1058 1804; x_wconf 86' lang='lat' dir='ltr'><strong>illam</strong></span> <span class='ocrx_word' id='word_1_730' title='bbox 1086 1777 1223 1804; x_wconf 83' lang='lat' dir='ltr'><strong>civitatem</strong></span> <span class='ocrx_word' id='word_1_731' title='bbox 1252 1777 1391 1803; x_wconf 71' lang='lat' dir='ltr'><strong>cmleslem</strong></span> <span class='ocrx_word' id='word_1_732' title='bbox 1422 1776 1565 1807; x_wconf 82' lang='lat' dir='ltr'><strong>incolunt,</strong></span> <span class='ocrx_word' id='word_1_733' title='bbox 1591 1783 1656 1802; x_wconf 84' lang='lat' dir='ltr'><strong>vere</strong></span> <span class='ocrx_word' id='word_1_734' title='bbox 1680 1782 1769 1810; x_wconf 78' lang='lat' dir='ltr'><strong>reges.</strong></span> 
     </span>
    </p>
   </div>
   <div class='ocr_carea' id='block_1_95' title="bbox 984 1821 1771 1859">
    <p class='ocr_par' dir='ltr' id='par_1_95' title="bbox 984 1821 1771 1859">
     <span class='ocr_line' id='line_1_95' title="bbox 984 1821 1771 1859; baseline -0.004 -8"><span class='ocrx_word' id='word_1_735' title='bbox 984 1824 1047 1859; x_wconf 89' lang='lat' dir='ltr'><strong>quia</strong></span> <span class='ocrx_word' id='word_1_736' title='bbox 1085 1831 1169 1858; x_wconf 77' lang='lat' dir='ltr'><strong>regno</strong></span> <span class='ocrx_word' id='word_1_737' title='bbox 1208 1823 1338 1850; x_wconf 64' lang='lat' dir='ltr'><strong>caelorum</strong></span> <span class='ocrx_word' id='word_1_738' title='bbox 1379 1822 1483 1857; x_wconf 82' lang='lat' dir='ltr'><strong>dignati</strong></span> <span class='ocrx_word' id='word_1_739' title='bbox 1528 1825 1616 1854; x_wconf 88' lang='lat' dir='ltr'><strong>sunt;</strong></span> <span class='ocrx_word' id='word_1_740' title='bbox 1656 1821 1771 1856; x_wconf 85' lang='lat' dir='ltr'><strong>ideoque</strong></span> 
     </span>
    </p>
   </div>
   <div class='ocr_carea' id='block_1_96' title="bbox 985 1867 1771 1904">
    <p class='ocr_par' dir='ltr' id='par_1_96' title="bbox 985 1867 1771 1904">
     <span class='ocr_line' id='line_1_96' title="bbox 985 1867 1771 1904; baseline -0.005 -7"><span class='ocrx_word' id='word_1_741' title='bbox 985 1878 1036 1897; x_wconf 89' lang='lat' dir='ltr'><strong>una</strong></span> <span class='ocrx_word' id='word_1_742' title='bbox 1068 1877 1130 1897; x_wconf 90' lang='lat' dir='ltr'><strong>cum</strong></span> <span class='ocrx_word' id='word_1_743' title='bbox 1168 1869 1283 1897; x_wconf 90' lang='lat' dir='ltr'><strong>Domino</strong></span> <span class='ocrx_word' id='word_1_744' title='bbox 1310 1876 1360 1896; x_wconf 90' lang='lat' dir='ltr'><strong>suo</strong></span> <span class='ocrx_word' id='word_1_745' title='bbox 1391 1872 1514 1904; x_wconf 79' lang='lat' dir='ltr'><strong>regnant.</strong></span> <span class='ocrx_word' id='word_1_746' title='bbox 1535 1877 1544 1893; x_wconf 79' lang='grc' dir='ltr'><strong>ι</strong></span> <span class='ocrx_word' id='word_1_747' title='bbox 1562 1867 1630 1894; x_wconf 86' lang='lat' dir='ltr'><strong>Nam</strong></span> <span class='ocrx_word' id='word_1_748' title='bbox 1651 1867 1674 1895; x_wconf 84' lang='lat' dir='ltr'><strong>si</strong></span> <span class='ocrx_word' id='word_1_749' title='bbox 1695 1875 1771 1894; x_wconf 54' lang='lat' dir='ltr'><strong>comm</strong></span> 
     </span>
    </p>
   </div>
   <div class='ocr_carea' id='block_1_97' title="bbox 984 1914 1770 1948">
    <p class='ocr_par' dir='ltr' id='par_1_97' title="bbox 984 1914 1770 1948">
     <span class='ocr_line' id='line_1_97' title="bbox 984 1914 1770 1948; baseline -0.004 -4"><span class='ocrx_word' id='word_1_750' title='bbox 984 1917 1082 1944; x_wconf 91' lang='lat' dir='ltr'><strong>mortui</strong></span> <span class='ocrx_word' id='word_1_751' title='bbox 1099 1924 1211 1948; x_wconf 88' lang='lat' dir='ltr'><strong>sumus,</strong></span> <span class='ocrx_word' id='word_1_752' title='bbox 1238 1920 1265 1942; x_wconf 88' lang='lat' dir='ltr'><strong>et</strong></span> <span class='ocrx_word' id='word_1_753' title='bbox 1289 1916 1474 1947; x_wconf 80' lang='lat' dir='ltr'><strong>convivemus,</strong></span> <span class='ocrx_word' id='word_1_754' title='bbox 1505 1914 1572 1942; x_wconf 90' lang='lat' dir='ltr'><strong>etsi</strong></span> <span class='ocrx_word' id='word_1_755' title='bbox 1602 1914 1770 1941; x_wconf 78' lang='lat' dir='ltr'><strong>sustinemus</strong></span> 
     </span>
    </p>
   </div>
   <div class='ocr_carea' id='block_1_98' title="bbox 983 1958 1771 1995">
    <p class='ocr_par' dir='ltr' id='par_1_98' title="bbox 983 1958 1771 1995">
     <span class='ocr_line' id='line_1_98' title="bbox 983 1958 1771 1995; baseline -0.008 -6"><span class='ocrx_word' id='word_1_756' title='bbox 983 1962 1067 1989; x_wconf 88' lang='lat' dir='ltr'><strong>Deum</strong></span> <span class='ocrx_word' id='word_1_757' title='bbox 1093 1966 1119 1988; x_wconf 78' lang='lat' dir='ltr'><strong>et</strong></span> <span class='ocrx_word' id='word_1_758' title='bbox 1146 1960 1374 1995; x_wconf 78' lang='lat' dir='ltr'><strong>conregnahimus</strong></span> <span class='ocrx_word' id='word_1_759' title='bbox 1386 1959 1419 1985; x_wconf 78' lang='grc'><strong>⁵³.</strong></span> <span class='ocrx_word' id='word_1_760' title='bbox 1438 1968 1447 1984; x_wconf 75' lang='grc' dir='ltr'><strong>ι</strong></span> <span class='ocrx_word' id='word_1_761' title='bbox 1467 1958 1498 1985; x_wconf 91' lang='lat' dir='ltr'><strong>lli</strong></span> <span class='ocrx_word' id='word_1_762' title='bbox 1517 1958 1608 1992; x_wconf 88' lang='lat' dir='ltr'><strong>itaque</strong></span> <span class='ocrx_word' id='word_1_763' title='bbox 1621 1964 1709 1992; x_wconf 80' lang='lat' dir='ltr'><strong>reges.</strong></span> <span class='ocrx_word' id='word_1_764' title='bbox 1726 1962 1771 1984; x_wconf 84' lang='lat' dir='ltr'><strong>ut-</strong></span> 
     </span>
    </p>
   </div>
   <div class='ocr_carea' id='block_1_99' title="bbox 983 2002 1771 2042">
    <p class='ocr_par' dir='ltr' id='par_1_99' title="bbox 983 2002 1771 2042">
     <span class='ocr_line' id='line_1_99' title="bbox 983 2002 1771 2042; baseline -0.008 -7"><span class='ocrx_word' id='word_1_765' title='bbox 983 2012 1043 2042; x_wconf 92' lang='lat' dir='ltr'><strong>pote</strong></span> <span class='ocrx_word' id='word_1_766' title='bbox 1058 2007 1105 2042; x_wconf 91' lang='lat' dir='ltr'><strong>qui</strong></span> <span class='ocrx_word' id='word_1_767' title='bbox 1119 2007 1169 2034; x_wconf 91' lang='lat' dir='ltr'><strong>snh</strong></span> <span class='ocrx_word' id='word_1_768' title='bbox 1187 2014 1285 2041; x_wconf 79' lang='lat' dir='ltr'><strong>magno</strong></span> <span class='ocrx_word' id='word_1_769' title='bbox 1299 2005 1470 2032; x_wconf 86' lang='lat' dir='ltr'><strong>sacerdotum</strong></span> <span class='ocrx_word' id='word_1_770' title='bbox 1488 2004 1610 2038; x_wconf 87' lang='lat' dir='ltr'><strong>principe</strong></span> <span class='ocrx_word' id='word_1_771' title='bbox 1625 2002 1771 2038; x_wconf 73' lang='lat' dir='ltr'><strong>Unigenitu</strong></span> 
     </span>
    </p>
   </div>
   <div class='ocr_carea' id='block_1_100' title="bbox 982 2049 1771 2083">
    <p class='ocr_par' dir='ltr' id='par_1_100' title="bbox 982 2049 1771 2083">
     <span class='ocr_line' id='line_1_100' title="bbox 982 2049 1771 2083; baseline -0.005 -4"><span class='ocrx_word' id='word_1_772' title='bbox 982 2053 1029 2081; x_wconf 87' lang='lat' dir='ltr'><strong>Dei</strong></span> <span class='ocrx_word' id='word_1_773' title='bbox 1045 2053 1227 2080; x_wconf 88' lang='lat' dir='ltr'><strong>ministerium</strong></span> <span class='ocrx_word' id='word_1_774' title='bbox 1241 2052 1349 2083; x_wconf 84' lang='lat' dir='ltr'><strong>obeant,</strong></span> <span class='ocrx_word' id='word_1_775' title='bbox 1363 2055 1390 2078; x_wconf 86' lang='lat' dir='ltr'><strong>et</strong></span> <span class='ocrx_word' id='word_1_776' title='bbox 1406 2050 1563 2078; x_wconf 79' lang='lat' dir='ltr'><strong>sacerdotes</strong></span> <span class='ocrx_word' id='word_1_777' title='bbox 1574 2049 1641 2079; x_wconf 86' lang='lat' dir='ltr'><strong>sint.</strong></span> <span class='ocrx_word' id='word_1_778' title='bbox 1657 2056 1771 2076; x_wconf 86' lang='lat' dir='ltr'><strong>munera</strong></span> 
     </span>
    </p>
   </div>
   <div class='ocr_carea' id='block_1_101' title="bbox 982 2094 1770 2133">
    <p class='ocr_par' dir='ltr' id='par_1_101' title="bbox 982 2094 1770 2133">
     <span class='ocr_line' id='line_1_101' title="bbox 982 2094 1770 2133; baseline -0.009 -7"><span class='ocrx_word' id='word_1_779' title='bbox 982 2103 1008 2127; x_wconf 95' lang='lat' dir='ltr'><strong>et</strong></span> <span class='ocrx_word' id='word_1_780' title='bbox 1025 2098 1076 2133; x_wconf 88' lang='lat' dir='ltr'><strong>ipsi</strong></span> <span class='ocrx_word' id='word_1_781' title='bbox 1092 2098 1119 2124; x_wconf 92' lang='lat' dir='ltr'><strong>in</strong></span> <span class='ocrx_word' id='word_1_782' title='bbox 1133 2097 1263 2132; x_wconf 79' lang='lat' dir='ltr'><strong>templum</strong></span> <span class='ocrx_word' id='word_1_783' title='bbox 1289 2097 1348 2130; x_wconf 86' lang='lat' dir='ltr'><strong>ejus</strong></span> <span class='ocrx_word' id='word_1_784' title='bbox 1363 2095 1473 2123; x_wconf 63' lang='lat' dir='ltr'><strong>caeleste</strong></span> <span class='ocrx_word' id='word_1_785' title='bbox 1493 2094 1617 2125; x_wconf 67' lang='lat' dir='ltr'><strong>alit-rent,</strong></span> <span class='ocrx_word' id='word_1_786' title='bbox 1630 2100 1684 2120; x_wconf 85' lang='lat' dir='ltr'><strong>una</strong></span> <span class='ocrx_word' id='word_1_787' title='bbox 1707 2099 1770 2120; x_wconf 86' lang='lat' dir='ltr'><strong>cum</strong></span> 
     </span>
    </p>
   </div>
   <div class='ocr_carea' id='block_1_102' title="bbox 982 2138 1770 2180">
    <p class='ocr_par' dir='ltr' id='par_1_102' title="bbox 982 2138 1770 2180">
     <span class='ocr_line' id='line_1_102' title="bbox 982 2138 1770 2180; baseline -0.009 -8"><span class='ocrx_word' id='word_1_788' title='bbox 982 2151 1082 2180; x_wconf 77' lang='lat' dir='ltr'><strong>magno</strong></span> <span class='ocrx_word' id='word_1_789' title='bbox 1097 2143 1270 2171; x_wconf 86' lang='lat' dir='ltr'><strong>sacerdotum</strong></span> <span class='ocrx_word' id='word_1_790' title='bbox 1286 2141 1409 2177; x_wconf 88' lang='lat' dir='ltr'><strong>principe</strong></span> <span class='ocrx_word' id='word_1_791' title='bbox 1435 2141 1614 2168; x_wconf 84' lang='lat' dir='ltr'><strong>introeuntes.</strong></span> <span class='ocrx_word' id='word_1_792' title='bbox 1631 2138 1666 2166; x_wconf 88' lang='lat' dir='ltr'><strong>Ut</strong></span> <span class='ocrx_word' id='word_1_793' title='bbox 1680 2144 1770 2166; x_wconf 85' lang='lat' dir='ltr'><strong>autem</strong></span> 
     </span>
    </p>
   </div>
   <div class='ocr_carea' id='block_1_103' title="bbox 984 2185 1772 2223">
    <p class='ocr_par' dir='ltr' id='par_1_103' title="bbox 984 2185 1772 2223">
     <span class='ocr_line' id='line_1_103' title="bbox 984 2185 1772 2223; baseline -0.008 -6"><span class='ocrx_word' id='word_1_794' title='bbox 984 2191 1034 2217; x_wconf 90' lang='lat' dir='ltr'><strong>hoc</strong></span> <span class='ocrx_word' id='word_1_795' title='bbox 1049 2191 1094 2216; x_wconf 82' lang='lat' dir='ltr'><strong>ttat</strong></span> <span class='ocrx_word' id='word_1_796' title='bbox 1108 2193 1135 2216; x_wconf 89' lang='lat' dir='ltr'><strong>et</strong></span> <span class='ocrx_word' id='word_1_797' title='bbox 1148 2196 1230 2223; x_wconf 85' lang='lat' dir='ltr'><strong>opere</strong></span> <span class='ocrx_word' id='word_1_798' title='bbox 1245 2187 1425 2222; x_wconf 88' lang='lat' dir='ltr'><strong>compleatur.</strong></span> <span class='ocrx_word' id='word_1_799' title='bbox 1444 2185 1603 2214; x_wconf 83' lang='lat' dir='ltr'><strong>necessario</strong></span> <span class='ocrx_word' id='word_1_800' title='bbox 1620 2185 1661 2212; x_wconf 90' lang='lat' dir='ltr'><strong>sic</strong></span> <span class='ocrx_word' id='word_1_801' title='bbox 1674 2191 1772 2219; x_wconf 82' lang='lat' dir='ltr'><strong>preca-</strong></span> 
     </span>
    </p>
   </div>
   <div class='ocr_carea' id='block_1_104' title="bbox 983 2229 1769 2265">
    <p class='ocr_par' dir='ltr' id='par_1_104' title="bbox 983 2229 1769 2265">
     <span class='ocr_line' id='line_1_104' title="bbox 983 2229 1769 2265; baseline -0.008 -4"><span class='ocrx_word' id='word_1_802' title='bbox 983 2239 1026 2262; x_wconf 90' lang='lat' dir='ltr'><strong>tus</strong></span> <span class='ocrx_word' id='word_1_803' title='bbox 1039 2239 1081 2262; x_wconf 88' lang='lat' dir='ltr'><strong>est</strong></span> <span class='ocrx_word' id='word_1_804' title='bbox 1095 2243 1102 2261; x_wconf 84' lang='lat'>:</span> <span class='ocrx_word' id='word_1_805' title='bbox 1121 2243 1130 2258; x_wconf 86' lang='grc'><em>‹</em></span> <span class='ocrx_word' id='word_1_806' title='bbox 1147 2233 1256 2265; x_wconf 82' lang='lat' dir='ltr'><strong>Manda,</strong></span> <span class='ocrx_word' id='word_1_807' title='bbox 1272 2231 1354 2264; x_wconf 90' lang='lat' dir='ltr'><strong>Deus,</strong></span> <span class='ocrx_word' id='word_1_808' title='bbox 1373 2231 1467 2259; x_wconf 90' lang='lat' dir='ltr'><strong>virtuti</strong></span> <span class='ocrx_word' id='word_1_809' title='bbox 1479 2230 1691 2260; x_wconf 68' lang='lat' dir='ltr'><strong>ttimzcontirma</strong></span> <span class='ocrx_word' id='word_1_810' title='bbox 1705 2229 1769 2261; x_wconf 86' lang='lat' dir='ltr'><strong>hoc,</strong></span> 
     </span>
    </p>
   </div>
   <div class='ocr_carea' id='block_1_105' title="bbox 948 2275 1517 2315">
    <p class='ocr_par' dir='ltr' id='par_1_105' title="bbox 948 2275 1517 2315">
     <span class='ocr_line' id='line_1_105' title="bbox 948 2275 1517 2315; baseline -0.009 -7"><span class='ocrx_word' id='word_1_811' title='bbox 948 2275 970 2302; x_wconf 87' lang='grc' dir='ltr'><strong>Ῑ)</strong></span> <span class='ocrx_word' id='word_1_812' title='bbox 984 2281 1066 2314; x_wconf 88' lang='lat' dir='ltr'><strong>Deus,</strong></span> <span class='ocrx_word' id='word_1_813' title='bbox 1082 2280 1156 2315; x_wconf 90' lang='lat' dir='ltr'><strong>quod</strong></span> <span class='ocrx_word' id='word_1_814' title='bbox 1172 2283 1301 2313; x_wconf 84' lang='lat' dir='ltr'><strong>operatus</strong></span> <span class='ocrx_word' id='word_1_815' title='bbox 1314 2286 1344 2306; x_wconf 91' lang='lat' dir='ltr'><strong>es</strong></span> <span class='ocrx_word' id='word_1_816' title='bbox 1359 2278 1386 2305; x_wconf 92' lang='lat' dir='ltr'><strong>in</strong></span> <span class='ocrx_word' id='word_1_817' title='bbox 1400 2277 1489 2304; x_wconf 89' lang='lat' dir='ltr'><strong>nobis.</strong></span> <span class='ocrx_word' id='word_1_818' title='bbox 1508 2286 1517 2302; x_wconf 79' lang='grc' dir='ltr'><strong>ι</strong></span> 
     </span>
    </p>
   </div>
   <div class='ocr_carea' id='block_1_106' title="bbox 1019 2320 1770 2358">
    <p class='ocr_par' dir='ltr' id='par_1_106' title="bbox 1019 2320 1770 2358">
     <span class='ocr_line' id='line_1_106' title="bbox 1019 2320 1770 2358; baseline -0.009 -4"><span class='ocrx_word' id='word_1_819' title='bbox 1019 2326 1103 2354; x_wconf 72' lang='lat' dir='ltr'><strong>VERS.</strong></span> <span class='ocrx_word' id='word_1_820' title='bbox 1119 2326 1150 2353; x_wconf 77' lang='grc'>51</span> <span class='ocrx_word' id='word_1_821' title='bbox 1169 2326 1212 2352; x_wconf 72' lang='grc'><strong>55.</strong></span> <span class='ocrx_word' id='word_1_822' title='bbox 1236 2334 1244 2350; x_wconf 84' lang='grc' dir='ltr'><strong>ι</strong></span> <span class='ocrx_word' id='word_1_823' title='bbox 1266 2324 1376 2358; x_wconf 84' lang='lat' dir='ltr'><strong>lncrepa</strong></span> <span class='ocrx_word' id='word_1_824' title='bbox 1395 2323 1466 2350; x_wconf 79' lang='lat' dir='ltr'><strong>feras</strong></span> <span class='ocrx_word' id='word_1_825' title='bbox 1480 2321 1634 2348; x_wconf 88' lang='lat' dir='ltr'><strong>arundinis.</strong></span> <span class='ocrx_word' id='word_1_826' title='bbox 1650 2320 1770 2353; x_wconf 71' lang='lat' dir='ltr'><strong>)Quem-</strong></span> 
     </span>
    </p>
   </div>
   <div class='ocr_carea' id='block_1_107' title="bbox 983 2366 1770 2406">
    <p class='ocr_par' dir='ltr' id='par_1_107' title="bbox 983 2366 1770 2406">
     <span class='ocr_line' id='line_1_107' title="bbox 983 2366 1770 2406; baseline -0.008 -6"><span class='ocrx_word' id='word_1_827' title='bbox 983 2372 1128 2400; x_wconf 86' lang='lat' dir='ltr'><strong>admodum</strong></span> <span class='ocrx_word' id='word_1_828' title='bbox 1151 2377 1278 2406; x_wconf 89' lang='lat' dir='ltr'><strong>precatus</strong></span> <span class='ocrx_word' id='word_1_829' title='bbox 1303 2371 1402 2400; x_wconf 84' lang='lat' dir='ltr'><strong>fuerat,</strong></span> <span class='ocrx_word' id='word_1_830' title='bbox 1422 2373 1451 2395; x_wconf 93' lang='lat' dir='ltr'><strong>ut</strong></span> <span class='ocrx_word' id='word_1_831' title='bbox 1476 2367 1621 2402; x_wconf 72' lang='lat' dir='ltr'><strong>przedictos</strong></span> <span class='ocrx_word' id='word_1_832' title='bbox 1645 2366 1770 2394; x_wconf 82' lang='lat' dir='ltr'><strong>homines</strong></span> 
     </span>
    </p>
   </div>
   <div class='ocr_carea' id='block_1_108' title="bbox 983 2410 1766 2455">
    <p class='ocr_par' dir='ltr' id='par_1_108' title="bbox 983 2410 1766 2455">
     <span class='ocr_line' id='line_1_108' title="bbox 983 2410 1766 2455; baseline -0.013 -7"><span class='ocrx_word' id='word_1_833' title='bbox 983 2420 1125 2455; x_wconf 82' lang='lat' dir='ltr'><strong>adjuvaret</strong></span> <span class='ocrx_word' id='word_1_834' title='bbox 1141 2410 1235 2445; x_wconf 84' lang='lat' dir='ltr'><strong>dicens</strong></span> <span class='ocrx_word' id='word_1_835' title='bbox 1258 2427 1264 2443; x_wconf 89' lang='lat'>:</span> <span class='ocrx_word' id='word_1_836' title='bbox 1293 2426 1301 2441; x_wconf 81' lang='grc' dir='ltr'><strong>ι</strong></span> <span class='ocrx_word' id='word_1_837' title='bbox 1316 2416 1423 2445; x_wconf 81' lang='lat' dir='ltr'><strong>Munda.</strong></span> <span class='ocrx_word' id='word_1_838' title='bbox 1448 2414 1530 2446; x_wconf 85' lang='lat' dir='ltr'><strong>Deus,</strong></span> <span class='ocrx_word' id='word_1_839' title='bbox 1545 2413 1641 2440; x_wconf 86' lang='lat' dir='ltr'><strong>virtuti</strong></span> <span class='ocrx_word' id='word_1_840' title='bbox 1671 2417 1741 2444; x_wconf 61' lang='lat' dir='ltr'><strong>tua};</strong></span> <span class='ocrx_word' id='word_1_841' title='bbox 1757 2422 1766 2437; x_wconf 76' lang='grc' dir='ltr'><strong>ι</strong></span> 
     </span>
    </p>
   </div>
   <div class='ocr_carea' id='block_1_109' title="bbox 982 2458 1769 2497">
    <p class='ocr_par' dir='ltr' id='par_1_109' title="bbox 982 2458 1769 2497">
     <span class='ocr_line' id='line_1_109' title="bbox 982 2458 1769 2497; baseline -0.011 -3"><span class='ocrx_word' id='word_1_842' title='bbox 982 2470 1009 2494; x_wconf 91' lang='lat' dir='ltr'><strong>et</strong></span> <span class='ocrx_word' id='word_1_843' title='bbox 1020 2486 1027 2497; x_wconf 85' lang='grc'><strong>,</strong></span> <span class='ocrx_word' id='word_1_844' title='bbox 1046 2476 1055 2491; x_wconf 86' lang='grc'><strong>‹</strong></span> <span class='ocrx_word' id='word_1_845' title='bbox 1066 2464 1205 2493; x_wconf 84' lang='lat' dir='ltr'><strong>Contirma</strong></span> <span class='ocrx_word' id='word_1_846' title='bbox 1218 2463 1281 2494; x_wconf 76' lang='lat' dir='ltr'><strong>hoc,</strong></span> <span class='ocrx_word' id='word_1_847' title='bbox 1296 2462 1379 2491; x_wconf 85' lang='lat' dir='ltr'><strong>Deus.</strong></span> <span class='ocrx_word' id='word_1_848' title='bbox 1396 2460 1467 2495; x_wconf 90' lang='lat' dir='ltr'><strong>quod</strong></span> <span class='ocrx_word' id='word_1_849' title='bbox 1483 2463 1612 2495; x_wconf 82' lang='lat' dir='ltr'><strong>operatus</strong></span> <span class='ocrx_word' id='word_1_850' title='bbox 1628 2466 1658 2486; x_wconf 88' lang='lat' dir='ltr'><strong>es</strong></span> <span class='ocrx_word' id='word_1_851' title='bbox 1673 2458 1701 2485; x_wconf 92' lang='lat' dir='ltr'><strong>in</strong></span> <span class='ocrx_word' id='word_1_852' title='bbox 1719 2466 1769 2486; x_wconf 88' lang='lat' dir='ltr'><strong>no-</strong></span> 
     </span>
    </p>
   </div>
   <div class='ocr_carea' id='block_1_110' title="bbox 984 2505 1770 2544">
    <p class='ocr_par' dir='ltr' id='par_1_110' title="bbox 984 2505 1770 2544">
     <span class='ocr_line' id='line_1_110' title="bbox 984 2505 1770 2544; baseline -0.01 -5"><span class='ocrx_word' id='word_1_853' title='bbox 984 2513 1043 2544; x_wconf 83' lang='lat' dir='ltr'><strong>his;</strong></span> <span class='ocrx_word' id='word_1_854' title='bbox 1057 2522 1066 2537; x_wconf 77' lang='grc' dir='ltr'><strong>ι</strong></span> <span class='ocrx_word' id='word_1_855' title='bbox 1086 2512 1125 2539; x_wconf 92' lang='lat' dir='ltr'><strong>sic</strong></span> <span class='ocrx_word' id='word_1_856' title='bbox 1141 2510 1221 2537; x_wconf 87' lang='lat' dir='ltr'><strong>modo</strong></span> <span class='ocrx_word' id='word_1_857' title='bbox 1239 2512 1376 2544; x_wconf 84' lang='lat' dir='ltr'><strong>precatur,</strong></span> <span class='ocrx_word' id='word_1_858' title='bbox 1395 2511 1425 2533; x_wconf 90' lang='lat' dir='ltr'><strong>ut</strong></span> <span class='ocrx_word' id='word_1_859' title='bbox 1441 2507 1534 2533; x_wconf 87' lang='lat' dir='ltr'><strong>obices</strong></span> <span class='ocrx_word' id='word_1_860' title='bbox 1554 2505 1588 2532; x_wconf 85' lang='lat' dir='ltr'><strong>de</strong></span> <span class='ocrx_word' id='word_1_861' title='bbox 1606 2505 1696 2532; x_wconf 86' lang='lat' dir='ltr'><strong>medio</strong></span> <span class='ocrx_word' id='word_1_862' title='bbox 1718 2505 1770 2532; x_wconf 93' lang='lat' dir='ltr'><strong>tol-</strong></span> 
     </span>
    </p>
   </div>
   <div class='ocr_carea' id='block_1_111' title="bbox 984 2554 1765 2590">
    <p class='ocr_par' dir='ltr' id='par_1_111' title="bbox 984 2554 1765 2590">
     <span class='ocr_line' id='line_1_111' title="bbox 984 2554 1765 2590; baseline -0.01 -4"><span class='ocrx_word' id='word_1_863' title='bbox 984 2560 1084 2590; x_wconf 85' lang='lat' dir='ltr'><strong>lantur,</strong></span> <span class='ocrx_word' id='word_1_864' title='bbox 1116 2560 1142 2585; x_wconf 90' lang='lat' dir='ltr'><strong>et</strong></span> <span class='ocrx_word' id='word_1_865' title='bbox 1173 2557 1231 2584; x_wconf 90' lang='lat' dir='ltr'><strong>sine</strong></span> <span class='ocrx_word' id='word_1_866' title='bbox 1263 2554 1456 2589; x_wconf 82' lang='lat' dir='ltr'><strong>impedimento</strong></span> <span class='ocrx_word' id='word_1_867' title='bbox 1489 2559 1579 2580; x_wconf 88' lang='lat' dir='ltr'><strong>sermo</strong></span> <span class='ocrx_word' id='word_1_868' title='bbox 1613 2556 1765 2587; x_wconf 88' lang='lat' dir='ltr'><strong>percurrat.</strong></span> 
     </span>
    </p>
   </div>
   <div class='ocr_carea' id='block_1_112' title="bbox 983 2598 1803 2639">
    <p class='ocr_par' dir='ltr' id='par_1_112' title="bbox 983 2598 1803 2639">
     <span class='ocr_line' id='line_1_112' title="bbox 983 2598 1803 2639; baseline -0.011 -6"><span class='ocrx_word' id='word_1_869' title='bbox 983 2604 1156 2633; x_wconf 82' lang='lat' dir='ltr'><strong>Praescientia</strong></span> <span class='ocrx_word' id='word_1_870' title='bbox 1171 2604 1270 2639; x_wconf 88' lang='lat' dir='ltr'><strong>quippe</strong></span> <span class='ocrx_word' id='word_1_871' title='bbox 1282 2605 1395 2629; x_wconf 84' lang='lat' dir='ltr'><strong>noverat</strong></span> <span class='ocrx_word' id='word_1_872' title='bbox 1411 2608 1458 2628; x_wconf 87' lang='lat' dir='ltr'><strong>eas</strong></span> <span class='ocrx_word' id='word_1_873' title='bbox 1471 2607 1532 2634; x_wconf 65' lang='lat' dir='ltr'><strong>quae</strong></span> <span class='ocrx_word' id='word_1_874' title='bbox 1547 2598 1681 2626; x_wconf 85' lang='lat' dir='ltr'><strong>adversus</strong></span> <span class='ocrx_word' id='word_1_875' title='bbox 1696 2606 1766 2633; x_wconf 71' lang='lat' dir='ltr'><strong>pra:-</strong></span> <span class='ocrx_word' id='word_1_876' title='bbox 1793 2598 1803 2602; x_wconf 88' lang='grc'><em>’</em></span> 
     </span>
    </p>
   </div>
   <div class='ocr_carea' id='block_1_113' title="bbox 982 2644 1766 2682">
    <p class='ocr_par' dir='ltr' id='par_1_113' title="bbox 982 2644 1766 2682">
     <span class='ocr_line' id='line_1_113' title="bbox 982 2644 1766 2682; baseline -0.014 -3"><span class='ocrx_word' id='word_1_877' title='bbox 982 2652 1147 2679; x_wconf 86' lang='lat' dir='ltr'><strong>dicationem</strong></span> <span class='ocrx_word' id='word_1_878' title='bbox 1169 2647 1352 2682; x_wconf 77' lang='lat' dir='ltr'><strong>evangelicam</strong></span> <span class='ocrx_word' id='word_1_879' title='bbox 1371 2644 1523 2672; x_wconf 65' lang='lat' dir='ltr'><strong>excitanda:</strong></span> <span class='ocrx_word' id='word_1_880' title='bbox 1542 2648 1620 2670; x_wconf 88' lang='lat' dir='ltr'><strong>erant</strong></span> <span class='ocrx_word' id='word_1_881' title='bbox 1637 2649 1766 2677; x_wconf 84' lang='lat' dir='ltr'><strong>perseeu-</strong></span> 
     </span>
    </p>
   </div>
   <div class='ocr_carea' id='block_1_114' title="bbox 980 2690 1765 2731">
    <p class='ocr_par' dir='ltr' id='par_1_114' title="bbox 980 2690 1765 2731">
     <span class='ocr_line' id='line_1_114' title="bbox 980 2690 1765 2731; baseline -0.015 -5"><span class='ocrx_word' id='word_1_882' title='bbox 980 2700 1080 2729; x_wconf 88' lang='lat' dir='ltr'><strong>tiones,</strong></span> <span class='ocrx_word' id='word_1_883' title='bbox 1103 2695 1315 2731; x_wconf 87' lang='lat' dir='ltr'><strong>spiritualesqne</strong></span> <span class='ocrx_word' id='word_1_884' title='bbox 1334 2692 1417 2723; x_wconf 81' lang='lat' dir='ltr'><strong>feras,</strong></span> <span class='ocrx_word' id='word_1_885' title='bbox 1445 2698 1460 2718; x_wconf 89' lang='lat' dir='ltr'><strong>a</strong></span> <span class='ocrx_word' id='word_1_886' title='bbox 1483 2690 1584 2725; x_wconf 88' lang='lat' dir='ltr'><strong>quibus</strong></span> <span class='ocrx_word' id='word_1_887' title='bbox 1599 2690 1667 2724; x_wconf 87' lang='lat' dir='ltr'><strong>eripi</strong></span> <span class='ocrx_word' id='word_1_888' title='bbox 1684 2696 1765 2723; x_wconf 78' lang='lat' dir='ltr'><strong>roga-</strong></span> 
     </span>
    </p>
   </div>
   <div class='ocr_carea' id='block_1_115' title="bbox 981 2735 1764 2777">
    <p class='ocr_par' dir='ltr' id='par_1_115' title="bbox 981 2735 1764 2777">
     <span class='ocr_line' id='line_1_115' title="bbox 981 2735 1764 2777; baseline -0.014 -5"><span class='ocrx_word' id='word_1_889' title='bbox 981 2746 1027 2772; x_wconf 86' lang='lat' dir='ltr'><strong>hat</strong></span> <span class='ocrx_word' id='word_1_890' title='bbox 1053 2744 1096 2771; x_wconf 90' lang='lat' dir='ltr'><strong>ille</strong></span> <span class='ocrx_word' id='word_1_891' title='bbox 1110 2743 1157 2777; x_wconf 91' lang='lat' dir='ltr'><strong>qui</strong></span> <span class='ocrx_word' id='word_1_892' title='bbox 1178 2742 1234 2768; x_wconf 70' lang='lat' dir='ltr'><strong>haec</strong></span> <span class='ocrx_word' id='word_1_893' title='bbox 1251 2739 1413 2774; x_wconf 88' lang='lat' dir='ltr'><strong>loquebatur</strong></span> <span class='ocrx_word' id='word_1_894' title='bbox 1434 2748 1441 2765; x_wconf 72' lang='grc' dir='ltr'><strong><em>τ</em></strong></span> <span class='ocrx_word' id='word_1_895' title='bbox 1469 2736 1529 2764; x_wconf 72' lang='lat' dir='ltr'><strong>«Ne</strong></span> <span class='ocrx_word' id='word_1_896' title='bbox 1545 2736 1640 2764; x_wconf 85' lang='lat' dir='ltr'><strong>tradas</strong></span> <span class='ocrx_word' id='word_1_897' title='bbox 1668 2735 1764 2762; x_wconf 73' lang='lat' dir='ltr'><strong>bestiis</strong></span> 
     </span>
    </p>
   </div>
   <div class='ocr_carea' id='block_1_116' title="bbox 981 2779 1764 2818">
    <p class='ocr_par' dir='ltr' id='par_1_116' title="bbox 981 2779 1764 2818">
     <span class='ocr_line' id='line_1_116' title="bbox 981 2779 1764 2818; baseline -0.015 0"><span class='ocrx_word' id='word_1_898' title='bbox 981 2791 1086 2818; x_wconf 87' lang='lat' dir='ltr'><strong>animas</strong></span> <span class='ocrx_word' id='word_1_899' title='bbox 1110 2788 1270 2815; x_wconf 73' lang='lat' dir='ltr'><strong>conﬁtentes</strong></span> <span class='ocrx_word' id='word_1_900' title='bbox 1298 2785 1406 2812; x_wconf 66' lang='lat' dir='ltr'><strong>tibi&quot;.»</strong></span> <span class='ocrx_word' id='word_1_901' title='bbox 1439 2779 1508 2816; x_wconf 69' lang='lat' dir='ltr'><strong>Quze</strong></span> <span class='ocrx_word' id='word_1_902' title='bbox 1531 2783 1585 2810; x_wconf 90' lang='lat' dir='ltr'><strong>sint</strong></span> <span class='ocrx_word' id='word_1_903' title='bbox 1616 2782 1668 2808; x_wconf 70' lang='lat' dir='ltr'><strong>illae</strong></span> <span class='ocrx_word' id='word_1_904' title='bbox 1699 2782 1764 2807; x_wconf 64' lang='lat' dir='ltr'><strong>tera:</strong></span> 
     </span>
    </p>
   </div>
   <div class='ocr_carea' id='block_1_117' title="bbox 981 2826 1762 2868">
    <p class='ocr_par' dir='ltr' id='par_1_117' title="bbox 981 2826 1762 2868">
     <span class='ocr_line' id='line_1_117' title="bbox 981 2826 1762 2868; baseline -0.015 -5"><span class='ocrx_word' id='word_1_905' title='bbox 981 2835 1123 2863; x_wconf 85' lang='lat' dir='ltr'><strong>arundinis</strong></span> <span class='ocrx_word' id='word_1_906' title='bbox 1139 2833 1285 2868; x_wconf 77' lang='lat' dir='ltr'><strong>intelligas.</strong></span> <span class='ocrx_word' id='word_1_907' title='bbox 1304 2832 1326 2858; x_wconf 84' lang='lat' dir='ltr'><strong>si</strong></span> <span class='ocrx_word' id='word_1_908' title='bbox 1351 2839 1366 2857; x_wconf 86' lang='lat' dir='ltr'><strong>a</strong></span> <span class='ocrx_word' id='word_1_909' title='bbox 1380 2827 1431 2858; x_wconf 74' lang='lat' dir='ltr'><strong>Iob</strong></span> <span class='ocrx_word' id='word_1_910' title='bbox 1449 2830 1558 2857; x_wconf 84' lang='lat' dir='ltr'><strong>ediscas</strong></span> <span class='ocrx_word' id='word_1_911' title='bbox 1579 2827 1644 2862; x_wconf 82' lang='lat' dir='ltr'><strong>quid</strong></span> <span class='ocrx_word' id='word_1_912' title='bbox 1660 2826 1762 2853; x_wconf 86' lang='lat' dir='ltr'><strong>dictum</strong></span> 
     </span>
    </p>
   </div>
   <div class='ocr_carea' id='block_1_118' title="bbox 776 2905 1687 2947">
    <p class='ocr_par' dir='ltr' id='par_1_118' title="bbox 776 2905 1687 2947">
     <span class='ocr_line' id='line_1_118' title="bbox 776 2905 1687 2947; baseline -0.018 -1"><span class='ocrx_word' id='word_1_913' title='bbox 776 2921 797 2936; x_wconf 63' lang='grc'>⁵³</span> <span class='ocrx_word' id='word_1_914' title='bbox 812 2919 894 2947; x_wconf 83' lang='lat' dir='ltr'><strong>Hebr.</strong></span> <span class='ocrx_word' id='word_1_915' title='bbox 913 2925 961 2944; x_wconf 77' lang='lat' dir='ltr'><strong>xu.</strong></span> <span class='ocrx_word' id='word_1_916' title='bbox 977 2916 1022 2942; x_wconf 72' lang='lat'><strong>‘22.</strong></span> <span class='ocrx_word' id='word_1_917' title='bbox 1062 2916 1084 2930; x_wconf 78' lang='lat'>“</span> <span class='ocrx_word' id='word_1_918' title='bbox 1099 2913 1118 2940; x_wconf 93' lang='lat' dir='ltr'><strong>ll</strong></span> <span class='ocrx_word' id='word_1_919' title='bbox 1133 2913 1203 2940; x_wconf 89' lang='lat' dir='ltr'><strong>Tim.</strong></span> <span class='ocrx_word' id='word_1_920' title='bbox 1221 2919 1250 2946; x_wconf 78' lang='lat' dir='ltr'><strong>II,</strong></span> <span class='ocrx_word' id='word_1_921' title='bbox 1270 2912 1312 2942; x_wconf 84' lang='lat' dir='ltr'><strong>lt,</strong></span> <span class='ocrx_word' id='word_1_922' title='bbox 1330 2910 1371 2937; x_wconf 72' lang='lat' dir='ltr'><strong>l2.</strong></span> <span class='ocrx_word' id='word_1_923' title='bbox 1411 2910 1433 2924; x_wconf 81' lang='lat'><strong>‘“</strong></span> <span class='ocrx_word' id='word_1_924' title='bbox 1447 2908 1518 2935; x_wconf 80' lang='lat' dir='ltr'><strong>Psal.</strong></span> <span class='ocrx_word' id='word_1_925' title='bbox 1532 2913 1627 2934; x_wconf 70' lang='lat' dir='ltr'><strong>LXXIII,</strong></span> <span class='ocrx_word' id='word_1_926' title='bbox 1644 2905 1687 2931; x_wconf 80' lang='lat' dir='ltr'><strong>l‘J.</strong></span> 
     </span>
    </p>
   </div>
   <div class='ocr_carea' id='block_1_119' title="bbox 1569 2953 1607 2981">
    <p class='ocr_par' dir='ltr' id='par_1_119' title="bbox 1569 2953 1607 2981">
     <span class='ocr_line' id='line_1_119' title="bbox 1569 2953 1607 2981; baseline -0.026 0"><span class='ocrx_word' id='word_1_927' title='bbox 1569 2953 1607 2981; x_wconf 74' lang='lat'><strong>23</strong></span> 
     </span>
    </p>
   </div>
  </div>
