2041 3215
259 167 312 198 71⁸3

593 166 729 196 EUSEBII
748 165 986 195 CESARIENSIS
1001 157 1039 194 ‘ot

1098 166 1188 194 PARS
1208 166 1251 194 Ill.
1270 181 1307 190 —-
1325 166 1533 196 EXEGETICA.

1833 168 1887 196 7|!)

258 231 293 258 de
305 229 414 257 diabolo
429 229 465 256 sit
480 237 512 255 :4
532 228 590 256 Sub
608 229 698 256 omnis
708 228 814 263 generis
825 227 969 254 arboribus
979 226 1039 254 dor-

1095 227 1141 254 καὶ
1160 227 1281 263 κάλαμον
1298 228 1346 255 καὶ
1367 228 1508 264 βούτομον.
1527 237 1538 255 ι
1552 227 1591 255 Ού
1615 227 1670 263 γὰρ
1688 226 1764 263 παρα
1788 226 1887 262 συκῆν,

261 277 320 310 mit,
335 277 412 312 juxta
426 283 572 311 papyrum.
588 275 724 301 calamum
740 278 767 301 et
781 274 899 304 caricem
906 274 957 301 ⁸⁵.»
985 272 1044 301 Non

256 324 334 357 juxta
349 322 442 354 ticum,
456 322 553 353 'vitem,
578 321 665 348 oleam
692 325 739 346 aut
765 320 893 354 palmam.
911 323 958 346 aut
980 319 1045 354 quid

258 370 293 397 iis
303 369 394 397 simile
407 388 415 400 ,
432 369 478 396 sed
490 368 568 402 juxta
579 374 721 402 papyrum,
737 366 872 393 calamum
886 369 912 391 et
926 365 1044 391 caricem

258 414 401 449 quiescere
421 413 510 448 ipsum
531 412 584 444 ait,
602 412 736 440 inﬁrmas.
755 410 866 445 frigidas
885 409 1044 444 nullumque

259 460 378 487 fructum
395 459 497 487 bonum
520 457 696 493 .proferentes
719 457 825 484 animas
851 456 893 483 his
920 456 1045 483 subindi—

258 513 345 539 cans;
364 505 442 537 juxta
456 504 516 530 illas
533 503 633 538 quippe
647 503 729 530 draco
745 502 913 537 quiescebat.
938 502 1044 529 Truces

258 556 348 577 autem
366 550 419 576 illa;
445 548 508 576 ferae
531 548 684 579 arundinis,
701 552 765 575 sunt
789 547 952 576 adversariae
969 553 1044 582 pote-

258 601 354 628 states,
370 595 481 630 maligni
498 595 646 626 dmmoncs,
674 599 701 621 et
722 595 852 621 venenosi
876 594 1043 629 reptilesque

259 642 382 677 spiritus,
398 649 468 676 quos
486 644 514 667 ut
530 641 650 674 increpet
672 639 753 671 Deus,
781 639 902 674 Spiritus
928 645 1043 667 sanctus

258 692 336 722 rogat
350 687 425 714 hisce
441 687 547 715 Verbis:
567 696 576 711 ι
589 686 701 721 lncrepa
719 686 790 713 feras
809 686 963 713 arundinis.
982 697 990 712 ι
1010 686 1043 713 Et

258 734 495 769 congregationem
519 737 675 766 taurorum;
699 734 766 765 sive,
789 734 937 761 secundum
960 735 1043 775 ‘Sym-

258 779 395 810 Inachum,
429 784 549 806 «emtum
577 778 825 813 prmgrandiump
854 787 952 807 vaccas
977 780 1041 807 item

258 826 419 860 populorum
438 825 571 859 increpari
590 825 709 859 postulat
734 835 744 861 ιν

258 874 383 907 pulorum
419 876 445 899 et
478 872 560 902 tauri,
595 876 657 899 sunt
688 872 705 898 ii
744 872 814 899 inter
853 871 963 899 Iudaeos
995 872 1041 906 qui

258 919 335 945 verbi
361 921 550 952 persecutores
574 922 648 945 sunt.
680 917 728 944 llis
751 918 825 944 aliud
839 925 908 953 opus
928 918 1043 953 subjun-

257 966 340 1000 gitur,
361 964 600 991 cutexcludantur
621 964 638 990 ii
659 965 705 998 qui
718 965 824 998 probati
846 968 911 992 sunt
940 972 1041 999 argen-

257 1015 302 1038 to:
316 1020 324 1035 ι
348 1009 419 1044 quod
440 1009 571 1043 liquidius
593 1009 711 1044 explicat
727 1008 907 1044 Symmachus
930 1007 1039 1034 dicens:

259 1056 330 1089 «Qui
346 1055 467 1083 calcibus
492 1056 595 1090 pellunt
609 1063 657 1083 cos
672 1055 719 1090 qui
742 1055 850 1089 probati
873 1058 936 1081 sunt
958 1055 1037 1089 quasi

256 1102 418 1136 probatione
441 1102 573 1136 argenti.)
603 1100 635 1127 l-li
660 1108 778 1135 namque
794 1100 876 1132 tauri,
896 1103 922 1127 et
938 1107 1040 1127 memo‘

256 1152 322 1174 rata:
338 1155 437 1179 vaccae,
454 1155 469 1174 a
487 1146 551 1173 feris
569 1146 713 1173 arundinis
733 1146 852 1180 agitatae,
879 1145 984 1171 nullum
1002 1137 1042 1170 ia-

259 1194 346 1228 pidem
360 1202 414 1220 non
426 1197 545 1224 moveut,
562 1196 591 1218 ut
612 1192 700 1219 sancti
718 1191 763 1217 Dei
779 1199 792 1217 a
806 1199 853 1225 spe
868 1191 919 1217 sibi
939 1198 1041 1225 propo-

258 1242 310 1267 sita
335 1240 524 1268 deturbentur.
546 1238 640 1266 Sancti
655 1245 720 1265 vero
739 1237 784 1264 Dei
798 1237 919 1271 suntqui
935 1236 1040 1271 probati

258 1290 322 1313 sunt
341 1290 465 1321 argento.
485 1284 720 1318 Quemadmodum
742 1283 814 1310 enim
841 1283 970 1317 (eloquia
990 1282 1042 1309 Do~

258 1332 324 1359 mini
339 1335 427 1363 casta,
442 1334 585 1366 argentum
601 1330 663 1364 igne
677 1329 915 1362 examinatum“;
931 1340 939 1354 ι
961 1328 1002 1356 sic
1015 1332 1041 1355 et

258 1378 380 1406 homines
401 1377 447 1404 Dei
476 1377 581 1411 probati
610 1380 675 1403 sunt
702 1379 731 1402 ut
763 1379 928 1410 argentum:
955 1382 1041 1409 quare

256 1425 367 1452 (licunt:
386 1434 395 1450 ι
407 1423 533 1451 Probasti
548 1431 608 1455 nos,
625 1422 706 1453 Deus,
730 1423 791 1457 igne
813 1429 864 1449 nos
880 1421 1040 1449 examinasti

257 1471 328 1498 sicut
342 1470 512 1498 examinatur
537 1473 679 1504 argentum
690 1469 739 1494 ⁸⁷.»
762 1468 846 1503 Igitur
870 1468 932 1496 fera:
957 1476 1041 1495 arun-

1096 274 1156 300 ούδὲ
1173 274 1248 309 παρὰ
1260 274 1392 309 ἄμπελον,
1405 275 1465 302 οὐδὲ
1491 274 1566 310 παρὰ
1589 273 1692 306 ὲλαιαν,
1705 273 1722 309 ἦ
1735 272 1856 308 φοίνικα,
1869 274 1888 309 ἦ

1096 327 1122 346 τι
1144 319 1198 346 τῶν
1220 320 1325 351 τούτοις
1349 320 1559 356 παραπλησίων,
1583 319 1651 347 ἀλλὰ
1665 319 1740 355 παρὰ
1761 318 1888 354 πάπυρον

1096 366 1142 392 καὶ
1158 365 1280 401 κάλαμον
1294 366 1341 392 καὶ
1354 366 1483 402 βούτομον
1497 365 1683 393 ἀναπαύεσθαί
1697 374 1779 401 φησιν
1792 365 1888 397 αὑτὸν,

1095 412 1144 443 τὰς
1160 412 1271 444 ἀτόνους
1287 413 1334 439 καὶ
1347 413 1499 448 καθύγρους
1511 413 1558 439 καὶ
1573 412 1677 447 μηδένα,
1689 412 1794 447 καρπδν
1805 412 1888 446 ἀναγ-

1096 459 1172 483 καῖον
1198 457 1388 492 προφερούσας
1410 458 1497 492 ψυχὰς
1530 458 1623 484 τοῦτον
1648 457 1820 492 αἰνιξάμενος
1840 456 1888 483 τὸν

1095 504 1210 539 τρόπον·
1238 503 1313 539 παρὰ
1337 504 1475 536 τοιαύταις
1496 504 1551 539 γὰρ
1573 503 1722 530 ἀνεπαύετο
1737 504 1751 530 ό
1766 502 1886 539 δράκων.

1095 549 1174 576 Δεινὰ
1191 549 1219 575 δὲ
1232 549 1313 585 θηρία
1325 550 1447 585 καλάμου
1465 551 1640 586 τυγχάνουσιν
1655 551 1682 576 αἱ
1700 549 1888 585 ἁντικείμιναι

1094 596 1233 631 δυνάμεις,
1253 596 1280 622 οἵ
1297 605 1327 622 τε
1351 597 1464 632 πονηροὶ
1483 597 1608 632 δαίμονες
1625 596 1672 623 καὶ
1685 596 1720 622 τὰ
1737 595 1826 622 ἱοϐόλα
1839 595 1888 622 καὶ

1094 641 1246 676 ἐρπυστικὰι
1268 641 1421 676 πνεύματα,
1446 639 1486 673 οἷς
1508 642 1668 677 ἐπιτιμῆσαι
1693 640 1738 667 τὸν
1764 640 1832 667 Θεὸν
1856 637 1888 667 τὸ

1094 687 1204 722 Πνεῦμα
1218 687 1248 714 τὸ
1265 687 1341 721 ἅγιον
1356 688 1399 714 διὰ
1414 687 1467 714 τῶν
1484 688 1552 723 μετὰ
1564 689 1657 723 χεῖρας
1669 687 1778 722 εὔχεται
1794 687 1886 721 λέγον·

1096 742 1105 757 ι
1132 733 1308 768 Ἐπιτίμησον
1330 735 1384 765 τοῖς
1407 733 1511 769 θηρίοις
1536 733 1582 759 τοῦ
1605 733 1740 767 καλάμου.
1756 741 1765 758 ι
1781 732 1885 768 Καὶτῇ

1094 781 1236 814 συναγωγῇ
1262 779 1289 805 δὲ
1314 779 1367 805 τῶν
1391 779 1508 814 ταύρων,
1529 779 1556 814 ἢ,
1572 778 1642 805 κατὰ
1665 778 1710 804 τὸν
1727 778 1885 814 Σύμμαχον,

774 832 863 852 ι’τιοςτθ
879 830 970 852 autem
995 833 1043 860 po-
1060 836 1079 863 Β
1097 834 1105 850 ι
1124 825 1224 860 συνόδῳ
1249 825 1449 860 παμμεγέθων,
1474 835 1483 850 ι
1510 825 1556 851 καὶ
1582 826 1643 856 ταῖς
1670 824 1802 859 δαμάλεσι
1829 823 1887 851 τῶν

1092 871 1163 898 λαῶν
1191 871 1352 906 ἐπιτιμῆσαι
1378 871 1510 897 ἱκετεύει’
1537 870 1667 906 δαμάλεις
1690 871 1718 897 δὲ
1741 866 1813 897 λαιῖνν
1836 870 1885 898 καὶ

1092 917 1186 953 ταῦροι
1211 917 1235 943 οἱ
1263 916 1338 952 παρὰ
1359 917 1495 948 Ἰουδαίοις
1524 917 1576 943 εἰσὶ
1596 917 1707 943 διῶκται
1724 913 1772 943 τὀῦ
1791 916 1885 951 λόγου.

1095 960 1147 988 *Ων
1172 962 1259 998 ἔργων
1282 962 1312 988 τὸ
1338 962 1401 996 ἑξῆς
1422 962 1611 998 ἐπιλεγόμενον
1631 964 1659 990 ὲν
1681 963 1729 998 τῷ,
1745 972 1755 989 ε
1770 962 1818 990 τοῦ
1840 964 1887 990 ὲκ-

1092 1008 1247 1044 κλεισϐἦναι
1278 1008 1341 1039 τοὺς
1369 1008 1615 1044 δεδοκιμασμένους
1640 1008 1678 1044 τῷ
1705 1009 1845 1045 ἀργυρίῳ·
1872 1018 1885 1036 ι

1092 1055 1159 1089 ὅπερ
1184 1054 1348 1089 σαφέστερον
1372 1055 1542 1090 ἡρμήνευσεν
1565 1056 1579 1081 ὁ
1606 1055 1753 1090 Σύμμαχος
1781 1055 1886 1083 εἰπών’

1095 1110 1103 1125 ι
1120 1101 1182 1132 Τοῖς
1194 1100 1395 1131 διαλακτίζουσι
1409 1101 1472 1132 τοὺς
1486 1101 1644 1136 εὐδοκήτους
1655 1101 1692 1133 ὡς
1707 1101 1821 1137 δοκιμὴν
1835 1103 1888 1138 ἀρ-

1092 1146 1199 1180 γυρίου.
1219 1155 1228 1172 ι
1243 1143 1323 1172 Οὗτοι
1342 1145 1396 1181 γὰρ
1419 1147 1443 1172 οἱ
1470 1145 1576 1181 ταῦροι,
1594 1147 1641 1172 καὶ
1654 1147 1681 1172 αἱ
1694 1147 1888 1182 προλεχθεῖσαι
1907 1174 1915 1179 _

1091 1191 1230 1226 δαμάλεις,
1249 1191 1301 1218 ὑπὸ
1315 1192 1369 1217 τῶν
1380 1191 1491 1235 ’Θηρίων
1508 1192 1553 1218 τοῦ
1580 1192 1703 1228 καλάμου
1724 1193 1889 1229 ἐνεργούμε-

1092 1246 1145 1268 ναι,
1161 1237 1210 1272 τὴν
1226 1238 1315 1263 πᾶσαν
1335 1236 1471 1263 ποιοῦνται
1499 1237 1616 1273 σπουδὴν
1639 1238 1707 1273 πρὸς
1727 1238 1757 1265 τὺ
1779 1238 1888 1267 ἐκκλει-

1093 1284 1187 1319 σθῆναι
1203 1285 1264 1316 τοὺς
1282 1285 1376 1318 ἁγίους
1393 1285 1439 1311 τοῦ
1456 1284 1523 1311 Θεοῦ
1543 1286 1592 1321 τῆς
1610 1286 1818 1322 ἐπηγγελμένης
1834 1287 1887 1315 αύ-

1091 1331 1146 1360 τοῐς
1161 1330 1275 1361 ὲ).π’ίδος.
1292 1331 1382 1363 ’Ἅγιοι
1407 1330 1434 1356 δὲ
1459 1330 1525 1357 Θεοῦ
1551 1332 1574 1357 οἱ
1596 1332 1821 1367 δεδοκιμασμένοι
1846 1332 1888 1369 τῷ

1092 1376 1222 1411 ἀργυρίῳ.
1244 1376 1347 1412 Ὥσπερ
1363 1376 1417 1412 γὰρ
1431 1386 1439 1402 ι
1455 1377 1488 1404 τὰ
1501 1377 1577 1411 λόγια
1591 1378 1694 1413 Κυρίου
1706 1378 1786 1412 ἁγνὰ,
1799 1378 1888 1416 ἀργύ-

1092 1431 1149 1457 ριον
1164 1422 1369 1457 πεπωρωμένην,
1386 1432 1395 1448 ι
1410 1422 1496 1454 οὕτως
1514 1423 1560 1449 καὶ
1572 1423 1596 1449 οἱ
1609 1423 1656 1449 τοῦ
1668 1423 1735 1450 Θεοῦ
1747 1424 1888 1460 ἄνθρωποι

1095 1465 1317 1503 δεδοκιμασμένοι
1342 1468 1410 1495 εἰσὶν
1433 1468 1471 1499 ὡς
1497 1468 1527 1495 τὸ
1554 1469 1699 1504 ἀργύριον·
1727 1470 1766 1496 διό
1787 1479 1884 1505 φασιν

256 1518 340 1548 diuis,
360 1517 532 1552 congregatio
545 1521 697 1547 taurorum.
714 1520 740 1543 et
753 1523 842 1543 vacca:
858 1513 1030 1551 populorum,

1094 1524 1102 1539 (
1124 1514 1303 1549 Ἐδοκίμασας
1316 1515 1398 1550 ἡμᾶς,
1412 1515 1426 1540 ὁ
1442 1515 1517 1547 Θεὸς,
1536 1515 1680 1550 ὲπύρωσας
1694 1517 1768 1551 ἡμᾶς
1781 1517 1819 1548 ὡς
1833 1526 1887 1544 πυ-

256 1571 304 1590 cos
323 1563 368 1598 qui
384 1563 489 1597 probati
506 1566 570 1589 sunt
586 1566 700 1598 argento
717 1569 732 1588 a
756 1563 896 1601 proposita
921 1563 973 1601 sibi
992 1570 1039 1597 spe

256 1608 400 1635 excludere
414 1611 551 1643 satagunt.
580 1607 652 1640 Sive,
667 1607 815 1635 secundum
834 1596 1039 1643 Symmachum,

260 1663 269 1679 ι
282 1654 409 1681 Calcibus
427 1654 530 1688 pellunt
546 1661 593 1680 eos
615 1654 661 1688 qui
677 1653 785 1688 probati
803 1659 866 1680 sunt
881 1654 959 1688 quasi
978 1662 1041 1688 pro-

256 1700 366 1726 batione
385 1699 517 1735 argenti.»
539 1698 574 1726 Ut
589 1707 622 1726 ne
640 1699 731 1734 itaque
748 1699 787 1726 illi
800 1707 883 1734 supra
896 1699 961 1725 dicti
976 1707 1040 1726 san-

257 1746 310 1773 ctis
328 1745 376 1774 Dei
395 1746 588 1780 impedimento
605 1745 670 1776 sint,
685 1745 841 1772 necessario
865 1745 969 1772 dictum
982 1749 1039 1773 est:

260 1794 392 1829 ilncrepa
420 1793 491 1821 feras
515 1792 669 1822 arundinis,
695 1792 870 1827 congregatio
898 1796 1040 1819 taurorum

257 1839 285 1866 in
311 1838 403 1866 vaccis
425 1838 617 1873 populorum.»
645 1837 705 1864 Alla
733 1838 797 1865 item
817 1838 924 1865 ratione
947 1842 1040 1866 tauros

257 1883 391 1919 intelligas
401 1882 555 1910 Iudaeorum
568 1882 721 1917 principes:
737 1890 834 1910 vaccas
847 1886 936 1910 autem
945 1891 1039 1910 eorum

257 1936 407 1965 synagogas
435 1929 469 1956 iis
496 1927 630 1959 subditas,
653 1932 680 1955 et
706 1928 819 1962 populos
846 1928 892 1963 qui
918 1932 1040 1964 tempore

256 1975 393 2011 passionis
409 1974 563 2002 Servatoris
575 1974 662 2001 nostri
678 1974 896 2001 insurrexerunt.
915 1974 963 2002 Cui
976 1983 1040 2002 sen-

256 2022 348 2048 tentia:
376 2020 538 2055 astipulatur
556 2027 609 2047 vox
638 2019 684 2046 illa
709 2027 741 2047 ex
773 2020 859 2054 ipsius
888 2019 1038 2047 Salvatoris

257 2074 374 2101 persona
400 2065 427 2092 in
439 2065 546 2100 psalmo
566 2073 612 2092 ut
629 2065 718 2099 posita
732 2074 738 2092 :
760 2074 769 2090 ι
779 2065 912 2097 Quoniam
925 2066 1039 2092 circum-

257 2112 388 2139 dederunt
404 2119 446 2138 me
458 2111 537 2138 vituli
554 2111 643 2142 multi,
659 2111 730 2137 tauri
746 2111 861 2146 pingues
873 2111 1038 2138 obsederunt

256 2165 310 2184 me.
330 2156 503 2191 Aperuerunt
529 2156 555 2182 iu
572 2163 614 2182 me
633 2163 664 2183 os
679 2163 759 2183 suum
770 2156 821 2183 ".-
844 2156 927 2189 Queis
941 2157 1038 2184 subin—

1092 1560 1184 1596 ροῦται
1210 1561 1240 1587 τὸ
1261 1560 1401 1596 ἀργύριον.
1423 1571 1430 1586 ι
1446 1562 1478 1587 Ol
1495 1559 1540 1588 οὖν
1555 1561 1636 1598 θῆρες
1652 1563 1676 1589 el
1697 1563 1743 1589 τοῦ
1760 1563 1885 1599 καλάμου

1092 1607 1139 1633 καὶ
1156 1607 1172 1641 ἡ
1195 1606 1338 1642 συναγωγὴ
1355 1607 1408 1633 τῶν
1424 1607 1540 1642 ταύρων,
1557 1608 1602 1634 καὶ
1625 1608 1652 1634 αἱ
1677 1608 1807 1644 δαμάλεις
1828 1609 1886 1636 τῶν

1091 1650 1173 1681 λαῶν,
1190 1652 1251 1682 τοὺς
1264 1650 1505 1686 δεδοκιμασμένους
1517 1652 1556 1687 τῷ
1570 1653 1692 1688 ἀργυρίῳ
1704 1653 1887 1690 ἀποκλεισθῆ-

1092 1705 1134 1722 ναι
1155 1695 1332 1728 σπουδάζουσι
1352 1698 1400 1731 τῆς
1426 1697 1632 1732 ἐπηγγελμένης
1650 1699 1741 1730 αὐτοῖς
1762 1699 1884 1732 ἐλπίδος.

1092 1741 1138 1772 Ἢ,
1164 1741 1234 1767 κατὰ
1258 1742 1303 1767 τὸν
1321 1741 1481 1776 Σύμμαχον,
1505 1752 1513 1768 ι
1538 1743 1742 1776 Διαλακτίζουσι
1771 1744 1887 1778 τούτους

1091 1786 1188 1817 αὐτοὺς
1215 1786 1376 1821 εὖδοκήτους
1398 1786 1477 1818 ὄντας
1507 1788 1544 1819 ὡς
1570 1787 1683 1824 δοκιμὴν
1707 1790 1851 1826 ἀργυρίου.
1870 1801 1882 1817 ι

1093 1834 1139 1859 ”Ιν’
1154 1831 1199 1859 οῦν
1215 1832 1252 1868 μὴ
1270 1833 1392 1867 ἐμποδὼν
1409 1833 1538 1868 γένωνται
1563 1836 1619 1866 τοῖς
1643 1836 1730 1869 άγίοις
1745 1837 1794 1863 τοῦ
1812 1835 1885 1865 Θεοῦ

1091 1880 1114 1905 οἱ
1131 1878 1332 1914 προλεχθέντες,
1356 1879 1511 1913 ἀναγκαίως
1532 1881 1654 1916 εἴρηται·
1671 1891 1680 1907 ε
1703 1881 1884 1919 Ἐπιτίμησυν

1090 1925 1145 1955 τοῖς
1161 1924 1264 1959 θηρίοις
1278 1924 1325 1950 τοῦ
1343 1925 1477 1960 καλάμου,
1501 1926 1517 1960 ἡ
1543 1928 1686 1963 συναγωγὴ
1703 1928 1757 1954 τῶν
1771 1929 1885 1965 ταύρων

1091 1971 1119 1996 ἐν
1140 1972 1199 2002 ταῖς
1219 1970 1350 2005 δαμάλεσι
1372 1971 1425 1997 τῶν
1442 1971 1523 1997 λαῶν.
1547 1981 1556 1998 ›
1575 1973 1629 1999 Καὶ
1653 1971 1738 2005 ἄλλως
1762 1975 1885 2011 ταύρους

1090 2018 1195 2052 νοήσεις
1210 2018 1272 2049 τοὺς
1290 2018 1421 2045 Ἰουδαίων
1439 2018 1571 2054 ἄρχοντας
1582 2029 1588 2035 ·
1607 2019 1736 2056 δαμάλεις
1748 2022 1884 2051 δὲ-αὺτῶν

1090 2063 1139 2095 τὰς
1158 2064 1210 2090 ὑπὸ
1231 2064 1340 2096 τούτους
1362 2066 1522 2100 συναγωγὰς
1549 2066 1595 2093 καὶ
1626 2068 1689 2099 τοὺς
1713 2068 1794 2101 λαοὺς
1815 2070 1884 2103 τοὺς

1090 2111 1285 2142 ὲπισυστάντας
1310 2110 1380 2137 κατὰ
1402 2111 1432 2137 τὸ
1458 2111 1542 2143 πάθος
1569 2111 1617 2138 τοῦ
1641 2113 1767 2149 Σωτῆρος
1787 2115 1881 2150 ἡμῶν.

1091 2154 1230 2190 Μαρτυρεῖ
1242 2154 1269 2181 δὲ
1281 2154 1319 2190 τῷ
1338 2154 1408 2190 λόγῳ
1422 2156 1438 2190 ὴ
1455 2156 1485 2187 ἐξ
1498 2155 1579 2182 αὑτοῦ
1597 2157 1742 2192 προσώπου
1757 2158 1804 2185 τοῦ
1821 2159 1883 2186 Σω-

255 2202 365 2230 dicabat
378 2202 515 2238 principes
535 2202 642 2231 Iudaici
664 2205 768 2239 populi,
788 2213 894 2232 necnon
913 2206 1036 2232 multitu-

1091 2200 1171 2234 τῆρος
1186 2201 1214 2225 ὲν
1226 2204 1266 2227 κα¹
1281 2200 1379 2236 ψαλμῷ
1394 2201 1468 2237 φωνὴ
1482 2201 1636 2236 φάσκουσα·
1654 2212 1664 2229 ι
1681 2204 1741 2230 Ὅτι
1757 2205 1883 2232 ἐκύκλω-

255 2249 346 2276 dinem
374 2249 442 2285 ipsis
466 2249 604 2277 subditam
630 2258 690 2285 qua:
716 2250 860 2278 adversum
891 2259 920 2279 se
945 2252 1037 2278 insur-

255 2296 336 2324 rexit.

293 2422 421 2459 «Dissipa
441 2427 536 2459 gentes
559 2418 706 2459 quae'bella
727 2424 848 2452 volunt.»
871 2425 936 2458 Quae
955 2435 1037 2462 supe-

254 2469 313 2496 rius
328 2468 463 2502 l'eruntur,
486 2470 520 2497 de
546 2470 713 2498 adversariis
738 2471 922 2506 potestatibus
951 2477 977 2500 ct
1003 2473 1038 2500 de

254 2515 423 2549 principibus
439 2515 594 2544 Judaaorum
628 2522 755 2544 enarrata
778 2522 861 2545 sunt:
889 2518 947 2545 haec
973 2527 1037 2546 vero

255 2560 289 2587 de
305 2560 423 2588 inimicis
445 2560 572 2589 Ecclesiae
596 2569 628 2589 ex
649 2562 815 2597 reliquarum
840 2564 962 2598 gentium
985 2573 1037 2591 nu-

254 2613 338 2634 mero.
360 2605 532 2641 Prospiciens
551 2615 668 2642 namque
685 2607 804 2643 Spiritus
819 2613 931 2637 sanctus
946 2617 993 2638 eos
1002 2618 1036 2637 ex

253 2651 380 2686 gentibus
392 2651 439 2685 qui
457 2651 485 2678 in
508 2652 701 2680 incredulitate
723 2654 925 2688 perseveraturi
945 2658 1035 2687 erant,

254 2697 386 2725 adversus
401 2696 493 2724 fideles
505 2697 574 2725 bella
585 2703 613 2725 et.
626 2700 831 2733 persecutiones
839 2705 962 2728 moturos
975 2708 1035 2727 esse

253 2747 350 2769 contra
370 2741 522 2770 Ecclesiam
544 2743 601 2773 Dei.
627 2746 785 2772 necessario
811 2746 862 2773 hac
885 2746 919 2773 de
941 2754 971 2773 re
995 2746 1035 2779 sic

253 2792 381 2822 precatur
399 2797 406 2816 :
427 2798 436 2814 ι
446 2788 553 2824 Dissipa
568 2794 663 2823 gentes
677 2799 737 2825 quae
752 2791 821 2818 bella
837 2791 957 2818 volunt.»
986 2789 1034 2819 llis

253 2842 372 2875 namque
387 2834 540 2870 dissipatis,
560 2836 647 2871 gratia
664 2837 820 2872 evangelica
845 2837 933 2865 locum
948 2837 1033 2865 habe-

1089 2245 1137 2271 σάν
1159 2254 1191 2280 με
1215 2245 1309 2280 μόιπχοι
1331 2245 1431 2278 πολλοὶ,
1457 2247 1552 2283 ταῦροι
1570 2248 1661 2280 πίονες
1673 2249 1817 2285 περιέσχον
1832 2259 1880 2286 με,

1090 2291 1215 2323 Ἤνοιξαν
1229 2292 1271 2317 ἐπ’
1287 2291 1337 2326 ἐμὲ
1353 2291 1383 2317 τὺ
1398 2292 1484 2327 στόμα
1501 2293 1600 2321 αὐτῶν,
1618 2303 1627 2320 ι
1644 2295 1683 2320 Δι’
1701 2291 1739 2321 ὧν
1757 2295 1883 2330 ᾐνίττετθ

1087 2337 1149 2368 τοὺς
1163 2337 1295 2372 ἄρχοντας
1307 2337 1353 2363 τοῦ
1367 2334 1503 2365 Ἰουδαίων
1514 2339 1578 2366 λαοῦ
1598 2340 1646 2366 καὶ
1663 2340 1698 2367 τὰ
1713 2341 1758 2367 ὑπ’
1780 2338 1883 2375 αὐτοὺς

1089 2381 1177 2417 πλήθη
1190 2382 1225 2408 τὰ
1239 2383 1419 2410 ἐπισυστάντα
1434 2385 1494 2410 κατ’
1508 2385 1600 2412 αὑτοῦ.

1125 2436 1134 2452 ι
1154 2428 1350 2463 Διασκόρπισον
1366 2429 1429 2465 ἔθνη
1450 2430 1483 2457 τὰ
1501 2431 1564 2462 τοὺς
1584 2431 1717 2467 πολέμους
1728 2431 1850 2462 θέλοντα..
1868 2444 1879 2462 ι

1086 2472 1127 2499 Τὰ
1143 2473 1191 2508 μὲν
1210 2473 1332 2509 ἀνώτερα
1355 2475 1419 2510 περὶ
1440 2475 1493 2502 τῶν
1513 2477 1707 2513 ἀντικειμένων
1724 2478 1881 2515 δυνάμεων,

1086 2518 1132 2544 καὶ
1157 2519 1220 2554 περὶ
1243 2520 1297 2547 τῶν
1321 2521 1457 2556 ἀρχόντων
1481 2519 1528 2548 τοῦ
1550 2521 1682 2550 Ἰουδαίων
1705 2523 1798 2557 ἔθνους
1818 2525 1882 2560 ὲδη-

1086 2562 1177 2596 λοῦτο,
1201 2564 1234 2591 τὰ
1252 2565 1280 2591 δὲ
1303 2567 1471 2602 προκείμενα
1493 2567 1556 2603 περὶ
1575 2565 1628 2594 τῶν
1649 2569 1678 2595 ὲν
1698 2570 1755 2601 τοῖς
1774 2569 1880 2602 λοιποῖς

1085 2609 1172 2636 ἔθνεσι
1189 2611 1325 2647 πολεμίων
1338 2613 1388 2647 τῆς
1411 2612 1584 2648 Ἐκκλησίας.
1606 2613 1713 2650 Ἐπειδὴ
1730 2613 1785 2651 γὰρ
1804 2616 1879 2653 ἑώρα

1086 2654 1116 2681 τὸ
1130 2657 1242 2692 Πνεῦμα
1257 2657 1288 2684 τὸ
1311 2653 1387 2691 ἆγιον
1409 2660 1472 2691 τοὺς
1494 2660 1522 2686 ὲν
1539 2660 1653 2695 ἀπιστίᾳ
1676 2660 1879 2695 ἀπομειναντας

1085 2702 1139 2728 τῶν
1164 2702 1248 2730 ἐθνῶν
1261 2704 1529 2740 ὲπαναστησομὲνους
1550 2706 1604 2737 τοῖς
1620 2707 1734 2739 πιστοῖς,
1755 2707 1804 2733 καὶ
1817 2707 1878 2734 διω-

1085 2748 1170 2783 γμοὺς
1191 2750 1260 2776 κατὰ
1287 2751 1336 2785 τῆς
1359 2750 1521 2786 Ἐκκλησίας
1542 2751 1589 2778 τοῦ
1614 2751 1681 2779 Θεοῦ
1703 2753 1874 2790 ηκήσοντας,

1085 2793 1239 2828 ἀναγκαίως
1264 2796 1310 2821 καὶ
1332 2796 1396 2831 περὶ
1417 2795 1510 2822 τούτου
1537 2795 1645 2832 εὕχεται
1666 2784 1768 2845 1%.-
1781 2807 1791 2824 ι
1811 2798 1875 2825 Δια-

1085 2839 1228 2875 σκόρπισον
1250 2841 1313 2876 ἔθνη
1339 2842 1373 2870 τὰ
1399 2842 1461 2876 τοὺς
1486 2843 1621 2879 πολέμους
1645 2839 1793 2872 θέλοντα.»
1809 2845 1872 2873 Δια-

287 2913 309 2928 ⁵³
321 2912 371 2940 Job
384 2920 426 2946 XL,
446 2912 486 2940 l6.
525 2914 547 2930 "
562 2912 634 2943 Psal.
653 2921 689 2946 xi,
702 2913 728 2941 7.
768 2911 872 2941 “Psal.
890 2922 950 2948 va,
968 2915 1012 2948 (0,
1051 2915 1073 2933 ⁵⁸
1087 2914 1160 2944 Psal.
1174 2925 1228 2950 xxi,
1245 2918 1288 2952 l5,
1303 2918 1345 2946 14.
