  <div class='ocr_page' id='page_1' title='image "/cluster/home/n/w/nwhite01/storage/ocr_20150623/23/njp.32101077772505/367.png"; bbox 0 0 2041 3215; ppageno 0'>
   <div class='ocr_carea' id='block_1_1' title="bbox 245 184 296 213">
    <p class='ocr_par' dir='ltr' id='par_1_1' title="bbox 245 184 296 213">
     <span class='ocr_line' id='line_1_1' title="bbox 245 184 296 213; baseline 0 0"><span class='ocrx_word' id='word_1_1' title='bbox 245 184 296 213; x_wconf 77' lang='grc'><strong>’119</strong></span> 
     </span>
    </p>
   </div>
   <div class='ocr_carea' id='block_1_2' title="bbox 583 182 1515 212">
    <p class='ocr_par' dir='ltr' id='par_1_2' title="bbox 583 182 1515 212">
     <span class='ocr_line' id='line_1_2' title="bbox 583 182 1515 212; baseline 0.001 -2"><span class='ocrx_word' id='word_1_2' title='bbox 583 183 717 211; x_wconf 82' lang='lat' dir='ltr'><strong>EUSEBII</strong></span> <span class='ocrx_word' id='word_1_3' title='bbox 738 182 974 211; x_wconf 64' lang='lat' dir='ltr'><strong>CASSARIENSIS</strong></span> <span class='ocrx_word' id='word_1_4' title='bbox 993 182 1067 211; x_wconf 82' lang='lat' dir='ltr'><strong>OPP.</strong></span> <span class='ocrx_word' id='word_1_5' title='bbox 1088 182 1178 210; x_wconf 74' lang='lat' dir='ltr'><strong>PARS</strong></span> <span class='ocrx_word' id='word_1_6' title='bbox 1197 182 1239 210; x_wconf 91' lang='grc' dir='ltr'><strong>ΙΙΙ.</strong></span> <span class='ocrx_word' id='word_1_7' title='bbox 1259 197 1294 203; x_wconf 94' lang='grc'><strong>--</strong></span> <span class='ocrx_word' id='word_1_8' title='bbox 1308 182 1515 212; x_wconf 71' lang='lat' dir='ltr'><strong>EXEGETICA.</strong></span> 
     </span>
    </p>
   </div>
   <div class='ocr_carea' id='block_1_3' title="bbox 1815 184 1868 212">
    <p class='ocr_par' dir='ltr' id='par_1_3' title="bbox 1815 184 1868 212">
     <span class='ocr_line' id='line_1_3' title="bbox 1815 184 1868 212; baseline 0 0"><span class='ocrx_word' id='word_1_9' title='bbox 1815 184 1868 212; x_wconf 72' lang='lat'><strong>7‘10</strong></span> 
     </span>
    </p>
   </div>
   <div class='ocr_carea' id='block_1_4' title="bbox 244 239 1028 277">
    <p class='ocr_par' dir='ltr' id='par_1_4' title="bbox 244 241 1022 276">
     <span class='ocr_line' id='line_1_4' title="bbox 244 241 1022 276; baseline -0.004 -6"><span class='ocrx_word' id='word_1_10' title='bbox 244 243 321 270; x_wconf 86' lang='lat' dir='ltr'><strong>Sicut</strong></span> <span class='ocrx_word' id='word_1_11' title='bbox 343 241 416 269; x_wconf 86' lang='lat' dir='ltr'><strong>enim</strong></span> <span class='ocrx_word' id='word_1_12' title='bbox 438 241 478 268; x_wconf 77' lang='lat' dir='ltr'><strong>sel</strong></span> <span class='ocrx_word' id='word_1_13' title='bbox 497 241 523 267; x_wconf 93' lang='lat' dir='ltr'><strong>in</strong></span> <span class='ocrx_word' id='word_1_14' title='bbox 544 241 688 268; x_wconf 85' lang='lat' dir='ltr'><strong>occidente</strong></span> <span class='ocrx_word' id='word_1_15' title='bbox 702 242 809 268; x_wconf 77' lang='lat' dir='ltr'><strong>occulte</strong></span> <span class='ocrx_word' id='word_1_16' title='bbox 832 241 1022 276; x_wconf 80' lang='lat' dir='ltr'><strong>progreditur,</strong></span> 
     </span>
    </p>
   </div>
   <div class='ocr_carea' id='block_1_5' title="bbox 1080 239 1868 277">
    <p class='ocr_par' dir='ltr' id='par_1_5' title="bbox 1080 239 1868 277">
     <span class='ocr_line' id='line_1_5' title="bbox 1080 239 1868 277; baseline 0.003 -11"><span class='ocrx_word' id='word_1_17' title='bbox 1080 240 1218 272; x_wconf 63' lang='grc' dir='ltr'>ἀνατολάς.</span> <span class='ocrx_word' id='word_1_18' title='bbox 1243 240 1317 267; x_wconf 83' lang='grc' dir='ltr'>Ἔδει</span> <span class='ocrx_word' id='word_1_19' title='bbox 1334 242 1388 276; x_wconf 76' lang='grc' dir='ltr'><strong>γὰρ</strong></span> <span class='ocrx_word' id='word_1_20' title='bbox 1403 242 1487 276; x_wconf 82' lang='grc' dir='ltr'>ἡμᾶς,</span> <span class='ocrx_word' id='word_1_21' title='bbox 1503 240 1552 276; x_wconf 82' lang='grc' dir='ltr'>τὴν</span> <span class='ocrx_word' id='word_1_22' title='bbox 1572 239 1683 266; x_wconf 80' lang='grc' dir='ltr'>κάθοδον</span> <span class='ocrx_word' id='word_1_23' title='bbox 1701 240 1783 267; x_wconf 78' lang='grc' dir='ltr'>αὑτοῦ</span> <span class='ocrx_word' id='word_1_24' title='bbox 1800 248 1868 277; x_wconf 80' lang='grc' dir='ltr'>προ·</span> 
     </span>
    </p>
   </div>
   <div class='ocr_carea' id='block_1_6' title="bbox 241 286 1024 322">
    <p class='ocr_par' dir='ltr' id='par_1_6' title="bbox 241 286 1024 322">
     <span class='ocr_line' id='line_1_6' title="bbox 241 286 1024 322; baseline -0.004 -7"><span class='ocrx_word' id='word_1_25' title='bbox 241 287 393 322; x_wconf 86' lang='lat' dir='ltr'><strong>deindeque</strong></span> <span class='ocrx_word' id='word_1_26' title='bbox 407 291 551 321; x_wconf 76' lang='lat' dir='ltr'><strong>postquam</strong></span> <span class='ocrx_word' id='word_1_27' title='bbox 565 286 598 313; x_wconf 92' lang='lat' dir='ltr'><strong>ad</strong></span> <span class='ocrx_word' id='word_1_28' title='bbox 615 286 778 313; x_wconf 84' lang='lat' dir='ltr'><strong>orientalem</strong></span> <span class='ocrx_word' id='word_1_29' title='bbox 795 287 963 313; x_wconf 75' lang='lat' dir='ltr'><strong>horizontem</strong></span> <span class='ocrx_word' id='word_1_30' title='bbox 977 286 1024 312; x_wconf 87' lang='lat' dir='ltr'><strong>ad-</strong></span> 
     </span>
    </p>
   </div>
   <div class='ocr_carea' id='block_1_7' title="bbox 241 332 1027 367">
    <p class='ocr_par' dir='ltr' id='par_1_7' title="bbox 241 332 1027 367">
     <span class='ocr_line' id='line_1_7' title="bbox 241 332 1027 367; baseline -0.003 -7"><span class='ocrx_word' id='word_1_31' title='bbox 241 334 326 367; x_wconf 83' lang='lat' dir='ltr'><strong>venit,</strong></span> <span class='ocrx_word' id='word_1_32' title='bbox 349 337 421 360; x_wconf 83' lang='lat' dir='ltr'><strong>recta</strong></span> <span class='ocrx_word' id='word_1_33' title='bbox 438 333 465 359; x_wconf 91' lang='lat' dir='ltr'><strong>in</strong></span> <span class='ocrx_word' id='word_1_34' title='bbox 480 333 552 360; x_wconf 64' lang='lat' dir='ltr'><strong>coelo</strong></span> <span class='ocrx_word' id='word_1_35' title='bbox 568 333 665 367; x_wconf 83' lang='lat' dir='ltr'><strong>pergil,</strong></span> <span class='ocrx_word' id='word_1_36' title='bbox 691 332 782 359; x_wconf 87' lang='lat' dir='ltr'><strong>omnia</strong></span> <span class='ocrx_word' id='word_1_37' title='bbox 800 332 968 364; x_wconf 81' lang='lat' dir='ltr'><strong>illuininans,</strong></span> <span class='ocrx_word' id='word_1_38' title='bbox 986 332 1027 358; x_wconf 91' lang='lat' dir='ltr'><strong>lu-</strong></span> 
     </span>
    </p>
   </div>
   <div class='ocr_carea' id='block_1_8' title="bbox 242 376 1026 413">
    <p class='ocr_par' dir='ltr' id='par_1_8' title="bbox 242 376 1026 413">
     <span class='ocr_line' id='line_1_8' title="bbox 242 376 1026 413; baseline -0.004 -8"><span class='ocrx_word' id='word_1_39' title='bbox 242 379 388 413; x_wconf 86' lang='lat' dir='ltr'><strong>eidamque</strong></span> <span class='ocrx_word' id='word_1_40' title='bbox 402 379 473 405; x_wconf 89' lang='lat' dir='ltr'><strong>diem</strong></span> <span class='ocrx_word' id='word_1_41' title='bbox 490 378 620 409; x_wconf 89' lang='lat' dir='ltr'><strong>elliciens,</strong></span> <span class='ocrx_word' id='word_1_42' title='bbox 646 377 740 404; x_wconf 86' lang='lat' dir='ltr'><strong>eadem</strong></span> <span class='ocrx_word' id='word_1_43' title='bbox 766 377 872 403; x_wconf 95' lang='lat' dir='ltr'><strong>ratione</strong></span> <span class='ocrx_word' id='word_1_44' title='bbox 895 376 1026 403; x_wconf 87' lang='lat' dir='ltr'><strong>Dominus</strong></span> 
     </span>
    </p>
   </div>
   <div class='ocr_carea' id='block_1_9' title="bbox 243 421 1025 458">
    <p class='ocr_par' dir='ltr' id='par_1_9' title="bbox 243 421 1025 458">
     <span class='ocr_line' id='line_1_9' title="bbox 243 421 1025 458; baseline -0.005 -7"><span class='ocrx_word' id='word_1_45' title='bbox 243 425 288 451; x_wconf 88' lang='lat' dir='ltr'><strong>hic</strong></span> <span class='ocrx_word' id='word_1_46' title='bbox 301 425 473 455; x_wconf 72' lang='lat' dir='ltr'><strong>enuntiatus,</strong></span> <span class='ocrx_word' id='word_1_47' title='bbox 490 423 535 458; x_wconf 85' lang='lat' dir='ltr'><strong>qui</strong></span> <span class='ocrx_word' id='word_1_48' title='bbox 556 427 678 457; x_wconf 88' lang='lat' dir='ltr'><strong>tempore</strong></span> <span class='ocrx_word' id='word_1_49' title='bbox 702 423 840 457; x_wconf 76' lang='lat' dir='ltr'><strong>passionis</strong></span> <span class='ocrx_word' id='word_1_50' title='bbox 861 425 888 449; x_wconf 90' lang='lat' dir='ltr'><strong>et</strong></span> <span class='ocrx_word' id='word_1_51' title='bbox 916 421 1025 451; x_wconf 87' lang='lat' dir='ltr'><strong>mortis,</strong></span> 
     </span>
    </p>
   </div>
   <div class='ocr_carea' id='block_1_10' title="bbox 243 467 1027 503">
    <p class='ocr_par' dir='ltr' id='par_1_10' title="bbox 243 467 1027 503">
     <span class='ocr_line' id='line_1_10' title="bbox 243 467 1027 503; baseline -0.003 -7"><span class='ocrx_word' id='word_1_52' title='bbox 243 477 383 500; x_wconf 75' lang='lat' dir='ltr'><strong>occasura,</strong></span> <span class='ocrx_word' id='word_1_53' title='bbox 398 474 426 496; x_wconf 88' lang='grc' dir='ltr'><strong>ιιι</strong></span> <span class='ocrx_word' id='word_1_54' title='bbox 442 470 479 496; x_wconf 90' lang='lat' dir='ltr'><strong>ita</strong></span> <span class='ocrx_word' id='word_1_55' title='bbox 500 469 601 499; x_wconf 84' lang='lat' dir='ltr'><strong>dicam,</strong></span> <span class='ocrx_word' id='word_1_56' title='bbox 620 468 732 500; x_wconf 78' lang='lat' dir='ltr'><strong>fecerat,</strong></span> <span class='ocrx_word' id='word_1_57' title='bbox 748 473 892 503; x_wconf 86' lang='lat' dir='ltr'><strong>postquam</strong></span> <span class='ocrx_word' id='word_1_58' title='bbox 908 467 1027 502; x_wconf 82' lang='lat' dir='ltr'><strong>regionis</strong></span> 
     </span>
    </p>
   </div>
   <div class='ocr_carea' id='block_1_11' title="bbox 243 514 1027 548">
    <p class='ocr_par' dir='ltr' id='par_1_11' title="bbox 243 514 1027 548">
     <span class='ocr_line' id='line_1_11' title="bbox 243 514 1027 548; baseline -0.001 -6"><span class='ocrx_word' id='word_1_59' title='bbox 243 516 318 542; x_wconf 89' lang='lat' dir='ltr'><strong>illius</strong></span> <span class='ocrx_word' id='word_1_60' title='bbox 330 523 443 543; x_wconf 83' lang='lat' dir='ltr'><strong>cursum</strong></span> <span class='ocrx_word' id='word_1_61' title='bbox 459 514 633 545; x_wconf 82' lang='lat' dir='ltr'><strong>confecisset,</strong></span> <span class='ocrx_word' id='word_1_62' title='bbox 649 518 742 548; x_wconf 84' lang='lat' dir='ltr'><strong>postea</strong></span> <span class='ocrx_word' id='word_1_63' title='bbox 754 514 855 540; x_wconf 78' lang='lat' dir='ltr'><strong>dicitur</strong></span> <span class='ocrx_word' id='word_1_64' title='bbox 869 514 1027 541; x_wconf 81' lang='lat' dir='ltr'><strong>ascendisse</strong></span> 
     </span>
    </p>
   </div>
   <div class='ocr_carea' id='block_1_12' title="bbox 243 559 1027 596">
    <p class='ocr_par' dir='ltr' id='par_1_12' title="bbox 243 559 1027 596">
     <span class='ocr_line' id='line_1_12' title="bbox 243 559 1027 596; baseline -0.004 -7"><span class='ocrx_word' id='word_1_65' title='bbox 243 569 326 596; x_wconf 81' lang='lat' dir='ltr'><strong>super</strong></span> <span class='ocrx_word' id='word_1_66' title='bbox 343 562 443 589; x_wconf 63' lang='lat' dir='ltr'><strong>coelum</strong></span> <span class='ocrx_word' id='word_1_67' title='bbox 460 561 521 588; x_wconf 68' lang='lat' dir='ltr'><strong>coeli</strong></span> <span class='ocrx_word' id='word_1_68' title='bbox 547 561 581 587; x_wconf 89' lang='lat' dir='ltr'><strong>ad</strong></span> <span class='ocrx_word' id='word_1_69' title='bbox 604 561 745 587; x_wconf 83' lang='lat' dir='ltr'><strong>orientem.</strong></span> <span class='ocrx_word' id='word_1_70' title='bbox 770 559 926 586; x_wconf 87' lang='lat' dir='ltr'><strong>Secundum</strong></span> <span class='ocrx_word' id='word_1_71' title='bbox 941 559 1027 594; x_wconf 86' lang='lat' dir='ltr'><strong>Aqui-</strong></span> 
     </span>
    </p>
   </div>
   <div class='ocr_carea' id='block_1_13' title="bbox 243 605 1025 639">
    <p class='ocr_par' dir='ltr' id='par_1_13' title="bbox 243 605 1025 639">
     <span class='ocr_line' id='line_1_13' title="bbox 243 605 1025 639; baseline -0.003 -6"><span class='ocrx_word' id='word_1_72' title='bbox 243 607 297 634; x_wconf 88' lang='lat' dir='ltr'><strong>lam</strong></span> <span class='ocrx_word' id='word_1_73' title='bbox 311 615 392 635; x_wconf 86' lang='lat' dir='ltr'><strong>vero:</strong></span> <span class='ocrx_word' id='word_1_74' title='bbox 406 616 415 632; x_wconf 93' lang='lat'><strong>1</strong></span> <span class='ocrx_word' id='word_1_75' title='bbox 427 607 478 639; x_wconf 88' lang='lat' dir='ltr'><strong>Qui</strong></span> <span class='ocrx_word' id='word_1_76' title='bbox 494 606 616 634; x_wconf 78' lang='lat' dir='ltr'><strong>ascendit</strong></span> <span class='ocrx_word' id='word_1_77' title='bbox 631 606 657 632; x_wconf 92' lang='lat' dir='ltr'><strong>in</strong></span> <span class='ocrx_word' id='word_1_78' title='bbox 673 606 771 633; x_wconf 62' lang='lat' dir='ltr'><strong>coelum</strong></span> <span class='ocrx_word' id='word_1_79' title='bbox 787 606 848 632; x_wconf 73' lang='grc' dir='ltr'><strong>(εωιί</strong></span> <span class='ocrx_word' id='word_1_80' title='bbox 861 605 895 632; x_wconf 91' lang='lat' dir='ltr'><strong>ab</strong></span> <span class='ocrx_word' id='word_1_81' title='bbox 906 606 1004 639; x_wconf 84' lang='lat' dir='ltr'><strong>initio;</strong></span> <span class='ocrx_word' id='word_1_82' title='bbox 1016 615 1025 631; x_wconf 72' lang='grc' dir='ltr'><strong>ι</strong></span> 
     </span>
    </p>
   </div>
   <div class='ocr_carea' id='block_1_14' title="bbox 244 651 1031 687">
    <p class='ocr_par' dir='ltr' id='par_1_14' title="bbox 244 651 1031 687">
     <span class='ocr_line' id='line_1_14' title="bbox 244 651 1031 687; baseline -0.003 -7"><span class='ocrx_word' id='word_1_83' title='bbox 244 653 393 680; x_wconf 83' lang='lat' dir='ltr'><strong>secundum</strong></span> <span class='ocrx_word' id='word_1_84' title='bbox 409 652 600 687; x_wconf 81' lang='lat' dir='ltr'><strong>Symmachum</strong></span> <span class='ocrx_word' id='word_1_85' title='bbox 613 661 619 678; x_wconf 85' lang='lat'><strong>:</strong></span> <span class='ocrx_word' id='word_1_86' title='bbox 634 661 643 677; x_wconf 94' lang='lat'><strong>1</strong></span> <span class='ocrx_word' id='word_1_87' title='bbox 654 651 705 684; x_wconf 82' lang='lat' dir='ltr'><strong>Qui</strong></span> <span class='ocrx_word' id='word_1_88' title='bbox 720 651 827 678; x_wconf 81' lang='lat' dir='ltr'><strong>vehitur</strong></span> <span class='ocrx_word' id='word_1_89' title='bbox 843 651 870 678; x_wconf 95' lang='lat' dir='ltr'><strong>in</strong></span> <span class='ocrx_word' id='word_1_90' title='bbox 887 651 957 678; x_wconf 65' lang='lat' dir='ltr'><strong>cutio</strong></span> <span class='ocrx_word' id='word_1_91' title='bbox 969 652 1031 678; x_wconf 63' lang='lat' dir='ltr'><strong>coeli</strong></span> 
     </span>
    </p>
   </div>
   <div class='ocr_carea' id='block_1_15' title="bbox 243 697 1030 732">
    <p class='ocr_par' dir='ltr' id='par_1_15' title="bbox 243 697 1030 732">
     <span class='ocr_line' id='line_1_15' title="bbox 243 697 1030 732; baseline 0 -8"><span class='ocrx_word' id='word_1_92' title='bbox 243 706 276 724; x_wconf 76' lang='lat' dir='ltr'><strong>ex</strong></span> <span class='ocrx_word' id='word_1_93' title='bbox 293 698 405 732; x_wconf 62' lang='lat' dir='ltr'><strong>prima!</strong></span> <span class='ocrx_word' id='word_1_94' title='bbox 428 697 494 724; x_wconf 93' lang='lat' dir='ltr'><strong>Illud</strong></span> <span class='ocrx_word' id='word_1_95' title='bbox 510 701 610 729; x_wconf 77' lang='lat' dir='ltr'><strong>autem,</strong></span> <span class='ocrx_word' id='word_1_96' title='bbox 629 706 638 722; x_wconf 97' lang='lat'><strong>1</strong></span> <span class='ocrx_word' id='word_1_97' title='bbox 664 705 696 723; x_wconf 79' lang='lat' dir='ltr'><strong>ex</strong></span> <span class='ocrx_word' id='word_1_98' title='bbox 718 697 816 732; x_wconf 89' lang='lat' dir='ltr'><strong>prima,</strong></span> <span class='ocrx_word' id='word_1_99' title='bbox 832 706 842 722; x_wconf 74' lang='grc' dir='ltr'><strong>ι</strong></span> <span class='ocrx_word' id='word_1_100' title='bbox 859 702 901 729; x_wconf 80' lang='lat' dir='ltr'><strong>et.</strong></span> <span class='ocrx_word' id='word_1_101' title='bbox 921 706 930 721; x_wconf 85' lang='lat'><strong>1</strong></span> <span class='ocrx_word' id='word_1_102' title='bbox 943 697 977 724; x_wconf 68' lang='lat' dir='ltr'><strong>ab</strong></span> <span class='ocrx_word' id='word_1_103' title='bbox 989 697 1030 724; x_wconf 89' lang='lat' dir='ltr'><strong>in-</strong></span> 
     </span>
    </p>
   </div>
   <div class='ocr_carea' id='block_1_16' title="bbox 244 742 1029 778">
    <p class='ocr_par' dir='ltr' id='par_1_16' title="bbox 244 742 1029 778">
     <span class='ocr_line' id='line_1_16' title="bbox 244 742 1029 778; baseline -0.003 -8"><span class='ocrx_word' id='word_1_104' title='bbox 244 744 318 774; x_wconf 65' lang='lat' dir='ltr'><strong>itio,»</strong></span> <span class='ocrx_word' id='word_1_105' title='bbox 336 743 420 778; x_wconf 82' lang='lat' dir='ltr'><strong>probe</strong></span> <span class='ocrx_word' id='word_1_106' title='bbox 435 750 585 778; x_wconf 75' lang='lat' dir='ltr'><strong>cognoscas</strong></span> <span class='ocrx_word' id='word_1_107' title='bbox 605 743 718 770; x_wconf 85' lang='lat' dir='ltr'><strong>audiens</strong></span> <span class='ocrx_word' id='word_1_108' title='bbox 741 742 911 770; x_wconf 86' lang='lat' dir='ltr'><strong>Servatorcm</strong></span> <span class='ocrx_word' id='word_1_109' title='bbox 927 743 964 769; x_wconf 83' lang='lat' dir='ltr'><strong>ita</strong></span> <span class='ocrx_word' id='word_1_110' title='bbox 991 742 1029 769; x_wconf 87' lang='lat' dir='ltr'><strong>lo-</strong></span> 
     </span>
    </p>
   </div>
   <div class='ocr_carea' id='block_1_17' title="bbox 242 788 1028 826">
    <p class='ocr_par' dir='ltr' id='par_1_17' title="bbox 242 788 1028 826">
     <span class='ocr_line' id='line_1_17' title="bbox 242 788 1028 826; baseline -0.001 -10"><span class='ocrx_word' id='word_1_111' title='bbox 242 794 371 824; x_wconf 85' lang='lat' dir='ltr'><strong>quentcm</strong></span> <span class='ocrx_word' id='word_1_112' title='bbox 396 799 428 816; x_wconf 90' lang='lat'><strong>:1</strong></span> <span class='ocrx_word' id='word_1_113' title='bbox 446 789 536 822; x_wconf 88' lang='lat' dir='ltr'><strong>Pater,</strong></span> <span class='ocrx_word' id='word_1_114' title='bbox 554 791 674 825; x_wconf 80' lang='lat' dir='ltr'><strong>gloriﬁca</strong></span> <span class='ocrx_word' id='word_1_115' title='bbox 699 798 742 818; x_wconf 90' lang='lat' dir='ltr'><strong>me</strong></span> <span class='ocrx_word' id='word_1_116' title='bbox 763 790 848 826; x_wconf 77' lang='lat' dir='ltr'><strong>gloria</strong></span> <span class='ocrx_word' id='word_1_117' title='bbox 872 796 953 824; x_wconf 79' lang='lat' dir='ltr'><strong>quam</strong></span> <span class='ocrx_word' id='word_1_118' title='bbox 980 788 1028 816; x_wconf 73' lang='lat' dir='ltr'><strong>ha~</strong></span> 
     </span>
    </p>
   </div>
   <div class='ocr_carea' id='block_1_18' title="bbox 244 835 874 872">
    <p class='ocr_par' dir='ltr' id='par_1_18' title="bbox 244 835 874 872">
     <span class='ocr_line' id='line_1_18' title="bbox 244 835 874 872; baseline 0 -10"><span class='ocrx_word' id='word_1_119' title='bbox 244 835 289 862; x_wconf 83' lang='lat' dir='ltr'><strong>hui</strong></span> <span class='ocrx_word' id='word_1_120' title='bbox 305 840 451 870; x_wconf 81' lang='lat' dir='ltr'><strong>antequam</strong></span> <span class='ocrx_word' id='word_1_121' title='bbox 468 837 586 864; x_wconf 80' lang='lat' dir='ltr'><strong>mtindus</strong></span> <span class='ocrx_word' id='word_1_122' title='bbox 604 841 677 864; x_wconf 84' lang='lat' dir='ltr'><strong>esset</strong></span> <span class='ocrx_word' id='word_1_123' title='bbox 693 837 763 872; x_wconf 86' lang='lat' dir='ltr'><strong>apud</strong></span> <span class='ocrx_word' id='word_1_124' title='bbox 775 840 802 863; x_wconf 89' lang='lat' dir='ltr'><strong>te</strong></span> <span class='ocrx_word' id='word_1_125' title='bbox 811 836 844 862; x_wconf 70' lang='grc' dir='ltr'><strong>εί.</strong></span> <span class='ocrx_word' id='word_1_126' title='bbox 865 845 874 861; x_wconf 79' lang='grc' dir='ltr'><strong>ι</strong></span> 
     </span>
    </p>
   </div>
   <div class='ocr_carea' id='block_1_19' title="bbox 1082 285 1870 322">
    <p class='ocr_par' dir='ltr' id='par_1_19' title="bbox 1082 285 1870 322">
     <span class='ocr_line' id='line_1_19' title="bbox 1082 285 1870 322; baseline 0 -10"><span class='ocrx_word' id='word_1_127' title='bbox 1082 286 1281 321; x_wconf 77' lang='grc' dir='ltr'><strong>μεμαθηκότας,</strong></span> <span class='ocrx_word' id='word_1_128' title='bbox 1295 287 1349 312; x_wconf 64' lang='grc' dir='ltr'>διαὶ</span> <span class='ocrx_word' id='word_1_129' title='bbox 1370 286 1417 322; x_wconf 79' lang='grc' dir='ltr'>τὴν</span> <span class='ocrx_word' id='word_1_130' title='bbox 1436 287 1564 314; x_wconf 73' lang='grc' dir='ltr'>ἐπάνοδον</span> <span class='ocrx_word' id='word_1_131' title='bbox 1580 285 1745 321; x_wconf 80' lang='grc' dir='ltr'>διδαχθῆναι.</span> <span class='ocrx_word' id='word_1_132' title='bbox 1766 286 1798 312; x_wconf 88' lang='lat' dir='ltr'><strong>&#39;l-l</strong></span> <span class='ocrx_word' id='word_1_133' title='bbox 1821 287 1870 322; x_wconf 84' lang='grc' dir='ltr'>μὲν</span> 
     </span>
    </p>
   </div>
   <div class='ocr_carea' id='block_1_20' title="bbox 1080 330 1871 367">
    <p class='ocr_par' dir='ltr' id='par_1_20' title="bbox 1080 330 1871 367">
     <span class='ocr_line' id='line_1_20' title="bbox 1080 330 1871 367; baseline 0 -9"><span class='ocrx_word' id='word_1_134' title='bbox 1080 330 1125 358; x_wconf 73' lang='grc' dir='ltr'>οὖν</span> <span class='ocrx_word' id='word_1_135' title='bbox 1139 331 1250 363; x_wconf 82' lang='grc' dir='ltr'>κάθοδος</span> <span class='ocrx_word' id='word_1_136' title='bbox 1272 332 1315 358; x_wconf 76' lang='grc' dir='ltr'><strong>διὰ</strong></span> <span class='ocrx_word' id='word_1_137' title='bbox 1339 332 1386 358; x_wconf 87' lang='grc' dir='ltr'>τοῦ</span> <span class='ocrx_word' id='word_1_138' title='bbox 1412 332 1559 359; x_wconf 76' lang='grc' dir='ltr'>καλύπτειν</span> <span class='ocrx_word' id='word_1_139' title='bbox 1581 332 1664 359; x_wconf 77' lang='grc' dir='ltr'>αὐτοῦ</span> <span class='ocrx_word' id='word_1_140' title='bbox 1680 333 1714 358; x_wconf 83' lang='grc' dir='ltr'><strong>τὰ</strong></span> <span class='ocrx_word' id='word_1_141' title='bbox 1726 331 1802 366; x_wconf 82' lang='grc' dir='ltr'>φῶτα</span> <span class='ocrx_word' id='word_1_142' title='bbox 1819 333 1871 367; x_wconf 89' lang='grc' dir='ltr'><strong>τῆς</strong></span> 
     </span>
    </p>
   </div>
   <div class='ocr_carea' id='block_1_21' title="bbox 1080 377 1871 414">
    <p class='ocr_par' dir='ltr' id='par_1_21' title="bbox 1080 377 1871 414">
     <span class='ocr_line' id='line_1_21' title="bbox 1080 377 1871 414; baseline -0.001 -10"><span class='ocrx_word' id='word_1_143' title='bbox 1080 377 1205 412; x_wconf 75' lang='grc' dir='ltr'><strong>θεότητος</strong></span> <span class='ocrx_word' id='word_1_144' title='bbox 1225 378 1271 404; x_wconf 72' lang='grc' dir='ltr'><strong>ἐπὶ</strong></span> <span class='ocrx_word' id='word_1_145' title='bbox 1295 378 1404 413; x_wconf 80' lang='grc' dir='ltr'>δυσμῶν</span> <span class='ocrx_word' id='word_1_146' title='bbox 1429 378 1550 412; x_wconf 77' lang='grc' dir='ltr'>ἐγίνετο·</span> <span class='ocrx_word' id='word_1_147' title='bbox 1569 380 1585 414; x_wconf 85' lang='grc' dir='ltr'>ἡ</span> <span class='ocrx_word' id='word_1_148' title='bbox 1605 379 1634 405; x_wconf 76' lang='grc' dir='ltr'>δὲ</span> <span class='ocrx_word' id='word_1_149' title='bbox 1653 379 1744 409; x_wconf 80' lang='grc' dir='ltr'>ἄνοδος</span> <span class='ocrx_word' id='word_1_150' title='bbox 1761 378 1808 404; x_wconf 76' lang='grc' dir='ltr'><strong>ἐπὶ</strong></span> <span class='ocrx_word' id='word_1_151' title='bbox 1823 378 1871 404; x_wconf 78' lang='grc' dir='ltr'>τὸν</span> 
     </span>
    </p>
   </div>
   <div class='ocr_carea' id='block_1_22' title="bbox 1080 414 1872 459">
    <p class='ocr_par' dir='ltr' id='par_1_22' title="bbox 1080 414 1872 459">
     <span class='ocr_line' id='line_1_22' title="bbox 1080 414 1872 459; baseline 0.003 -11"><span class='ocrx_word' id='word_1_152' title='bbox 1080 423 1191 458; x_wconf 73' lang='grc' dir='ltr'>οὐρανὸν</span> <span class='ocrx_word' id='word_1_153' title='bbox 1208 423 1254 449; x_wconf 81' lang='grc' dir='ltr'>τοῦ</span> <span class='ocrx_word' id='word_1_154' title='bbox 1269 423 1382 458; x_wconf 85' lang='grc' dir='ltr'>οὐρανοῦ</span> <span class='ocrx_word' id='word_1_155' title='bbox 1407 424 1465 450; x_wconf 84' lang='grc' dir='ltr'>κατ’</span> <span class='ocrx_word' id='word_1_156' title='bbox 1481 424 1612 455; x_wconf 83' lang='grc' dir='ltr'>ἀνατολὰς</span> <span class='ocrx_word' id='word_1_157' title='bbox 1637 423 1682 450; x_wconf 80' lang='grc' dir='ltr'><strong>διὰ</strong></span> <span class='ocrx_word' id='word_1_158' title='bbox 1701 424 1751 459; x_wconf 82' lang='grc' dir='ltr'><strong>τὴν</strong></span> <span class='ocrx_word' id='word_1_159' title='bbox 1767 414 1872 457; x_wconf 71' lang='grc' dir='ltr'>ἔνδοξον</span> 
     </span>
    </p>
   </div>
   <div class='ocr_carea' id='block_1_23' title="bbox 1080 467 1873 503">
    <p class='ocr_par' dir='ltr' id='par_1_23' title="bbox 1080 467 1873 503">
     <span class='ocr_line' id='line_1_23' title="bbox 1080 467 1873 503; baseline 0.001 -10"><span class='ocrx_word' id='word_1_160' title='bbox 1080 467 1161 494; x_wconf 72' lang='grc' dir='ltr'>αὑτοῦ</span> <span class='ocrx_word' id='word_1_161' title='bbox 1185 469 1225 499; x_wconf 80' lang='grc' dir='ltr'><strong>εἰς</strong></span> <span class='ocrx_word' id='word_1_162' title='bbox 1251 468 1380 503; x_wconf 71' lang='grc' dir='ltr'>οὐρανοὺς</span> <span class='ocrx_word' id='word_1_163' title='bbox 1398 468 1627 496; x_wconf 77' lang='grc' dir='ltr'><strong>ἀποκατάστασιν.</strong></span> <span class='ocrx_word' id='word_1_164' title='bbox 1656 469 1772 503; x_wconf 83' lang='grc' dir='ltr'>Νοήσεις</span> <span class='ocrx_word' id='word_1_165' title='bbox 1794 468 1824 494; x_wconf 77' lang='grc' dir='ltr'>δὲ</span> <span class='ocrx_word' id='word_1_166' title='bbox 1841 468 1873 495; x_wconf 78' lang='grc' dir='ltr'>τὸ</span> 
     </span>
    </p>
   </div>
   <div class='ocr_carea' id='block_1_24' title="bbox 1080 513 1870 550">
    <p class='ocr_par' dir='ltr' id='par_1_24' title="bbox 1080 513 1870 550">
     <span class='ocr_line' id='line_1_24' title="bbox 1080 513 1870 550; baseline 0 -10"><span class='ocrx_word' id='word_1_167' title='bbox 1080 513 1240 548; x_wconf 81' lang='grc' dir='ltr'><strong>λελεγμένον</strong></span> <span class='ocrx_word' id='word_1_168' title='bbox 1259 514 1292 540; x_wconf 81' lang='grc' dir='ltr'>ὲκ</span> <span class='ocrx_word' id='word_1_169' title='bbox 1317 514 1363 540; x_wconf 82' lang='grc' dir='ltr'>τοῦ</span> <span class='ocrx_word' id='word_1_170' title='bbox 1389 514 1459 541; x_wconf 78' lang='grc' dir='ltr'>κατὰ</span> <span class='ocrx_word' id='word_1_171' title='bbox 1481 515 1526 541; x_wconf 82' lang='grc' dir='ltr'><strong>τὸν</strong></span> <span class='ocrx_word' id='word_1_172' title='bbox 1548 515 1623 550; x_wconf 66' lang='grc' dir='ltr'><strong>⁴Ιιλιον</strong></span> <span class='ocrx_word' id='word_1_173' title='bbox 1639 513 1870 549; x_wconf 77' lang='grc' dir='ltr'><strong>παραδείγματος.</strong></span> 
     </span>
    </p>
   </div>
   <div class='ocr_carea' id='block_1_25' title="bbox 1082 561 1873 597">
    <p class='ocr_par' dir='ltr' id='par_1_25' title="bbox 1082 561 1873 597">
     <span class='ocr_line' id='line_1_25' title="bbox 1082 561 1873 597; baseline -0.001 -11"><span class='ocrx_word' id='word_1_174' title='bbox 1082 561 1190 596; x_wconf 84' lang='grc' dir='ltr'>Ὥσπερ</span> <span class='ocrx_word' id='word_1_175' title='bbox 1203 561 1257 596; x_wconf 86' lang='grc' dir='ltr'>γὰρ</span> <span class='ocrx_word' id='word_1_176' title='bbox 1280 561 1295 586; x_wconf 85' lang='grc' dir='ltr'><strong>ό</strong></span> <span class='ocrx_word' id='word_1_177' title='bbox 1317 561 1390 595; x_wconf 67' lang='grc' dir='ltr'>ἥλιος</span> <span class='ocrx_word' id='word_1_178' title='bbox 1403 581 1409 592; x_wconf 86' lang='grc'><strong>,</strong></span> <span class='ocrx_word' id='word_1_179' title='bbox 1434 561 1505 588; x_wconf 77' lang='grc' dir='ltr'>κατὰ</span> <span class='ocrx_word' id='word_1_180' title='bbox 1527 561 1630 597; x_wconf 76' lang='grc' dir='ltr'>δυσμὰς</span> <span class='ocrx_word' id='word_1_181' title='bbox 1650 561 1805 596; x_wconf 78' lang='grc' dir='ltr'>γενόμενος,</span> <span class='ocrx_word' id='word_1_182' title='bbox 1821 561 1873 596; x_wconf 79' lang='grc' dir='ltr'>τὴν</span> 
     </span>
    </p>
   </div>
   <div class='ocr_carea' id='block_1_26' title="bbox 1080 605 1873 641">
    <p class='ocr_par' dir='ltr' id='par_1_26' title="bbox 1080 605 1873 641">
     <span class='ocr_line' id='line_1_26' title="bbox 1080 605 1873 641; baseline -0.001 -9"><span class='ocrx_word' id='word_1_183' title='bbox 1080 606 1170 641; x_wconf 82' lang='grc' dir='ltr'>ἀφανῆ</span> <span class='ocrx_word' id='word_1_184' title='bbox 1185 606 1297 640; x_wconf 80' lang='grc' dir='ltr'><strong>πορείαν</strong></span> <span class='ocrx_word' id='word_1_185' title='bbox 1314 607 1442 638; x_wconf 85' lang='grc' dir='ltr'>ποιεῖται,</span> <span class='ocrx_word' id='word_1_186' title='bbox 1457 605 1506 633; x_wconf 80' lang='grc' dir='ltr'>εἴτ’</span> <span class='ocrx_word' id='word_1_187' title='bbox 1519 607 1565 633; x_wconf 73' lang='grc' dir='ltr'><strong>ἐπὶ</strong></span> <span class='ocrx_word' id='word_1_188' title='bbox 1583 607 1629 633; x_wconf 82' lang='grc' dir='ltr'>τὸν</span> <span class='ocrx_word' id='word_1_189' title='bbox 1645 606 1800 633; x_wconf 77' lang='grc' dir='ltr'>ἀνατολικὸν</span> <span class='ocrx_word' id='word_1_190' title='bbox 1814 606 1873 640; x_wconf 79' lang='grc' dir='ltr'>ὀρί-</span> 
     </span>
    </p>
   </div>
   <div class='ocr_carea' id='block_1_27' title="bbox 1084 651 1874 688">
    <p class='ocr_par' dir='ltr' id='par_1_27' title="bbox 1084 651 1874 688">
     <span class='ocr_line' id='line_1_27' title="bbox 1084 651 1874 688; baseline 0.001 -11"><span class='ocrx_word' id='word_1_191' title='bbox 1084 651 1163 683; x_wconf 82' lang='grc' dir='ltr'>ξοντα</span> <span class='ocrx_word' id='word_1_192' title='bbox 1191 652 1378 687; x_wconf 73' lang='grc' dir='ltr'>καταντήσας,</span> <span class='ocrx_word' id='word_1_193' title='bbox 1407 652 1472 679; x_wconf 76' lang='grc' dir='ltr'>εὐθὺ</span> <span class='ocrx_word' id='word_1_194' title='bbox 1493 651 1539 678; x_wconf 80' lang='grc' dir='ltr'>τοῦ</span> <span class='ocrx_word' id='word_1_195' title='bbox 1563 651 1676 688; x_wconf 74' lang='grc' dir='ltr'>οὐρανοῦ</span> <span class='ocrx_word' id='word_1_196' title='bbox 1703 651 1815 687; x_wconf 84' lang='grc' dir='ltr'>φέρεται</span> <span class='ocrx_word' id='word_1_197' title='bbox 1838 651 1874 678; x_wconf 73' lang='grc' dir='ltr'><strong>τὰ</strong></span> 
     </span>
    </p>
   </div>
   <div class='ocr_carea' id='block_1_28' title="bbox 1084 697 1873 734">
    <p class='ocr_par' dir='ltr' id='par_1_28' title="bbox 1084 697 1873 734">
     <span class='ocr_line' id='line_1_28' title="bbox 1084 697 1873 734; baseline 0.001 -11"><span class='ocrx_word' id='word_1_198' title='bbox 1084 697 1226 732; x_wconf 84' lang='grc' dir='ltr'>σύμπαντα</span> <span class='ocrx_word' id='word_1_199' title='bbox 1243 697 1366 732; x_wconf 80' lang='grc' dir='ltr'><strong>φωτίζων</strong></span> <span class='ocrx_word' id='word_1_200' title='bbox 1381 698 1428 725; x_wconf 76' lang='grc' dir='ltr'>καὶ</span> <span class='ocrx_word' id='word_1_201' title='bbox 1450 698 1578 734; x_wconf 81' lang='grc' dir='ltr'>λαμπρὰν</span> <span class='ocrx_word' id='word_1_202' title='bbox 1594 698 1701 734; x_wconf 76' lang='grc' dir='ltr'>ἡμέραν</span> <span class='ocrx_word' id='word_1_203' title='bbox 1719 697 1873 733; x_wconf 71' lang='grc' dir='ltr'>ἐργαζόμε-</span> 
     </span>
    </p>
   </div>
   <div class='ocr_carea' id='block_1_29' title="bbox 1082 743 1874 780">
    <p class='ocr_par' dir='ltr' id='par_1_29' title="bbox 1082 743 1874 780">
     <span class='ocr_line' id='line_1_29' title="bbox 1082 743 1874 780; baseline 0.001 -11"><span class='ocrx_word' id='word_1_204' title='bbox 1082 751 1136 774; x_wconf 84' lang='grc' dir='ltr'>νος,</span> <span class='ocrx_word' id='word_1_205' title='bbox 1160 743 1229 770; x_wconf 74' lang='grc' dir='ltr'>κατὰ</span> <span class='ocrx_word' id='word_1_206' title='bbox 1249 743 1296 770; x_wconf 81' lang='grc' dir='ltr'>τὸν</span> <span class='ocrx_word' id='word_1_207' title='bbox 1320 744 1400 770; x_wconf 82' lang='grc' dir='ltr'>αὑτὸν</span> <span class='ocrx_word' id='word_1_208' title='bbox 1416 744 1516 780; x_wconf 82' lang='grc' dir='ltr'>τρόπον</span> <span class='ocrx_word' id='word_1_209' title='bbox 1541 744 1587 771; x_wconf 77' lang='grc' dir='ltr'>καὶ</span> <span class='ocrx_word' id='word_1_210' title='bbox 1613 745 1626 770; x_wconf 75' lang='grc' dir='ltr'><strong><em>ὁ</em></strong></span> <span class='ocrx_word' id='word_1_211' title='bbox 1649 744 1811 779; x_wconf 78' lang='grc' dir='ltr'>δηλούμενος</span> <span class='ocrx_word' id='word_1_212' title='bbox 1830 745 1874 770; x_wconf 76' lang='grc' dir='ltr'><strong>ὲν-</strong></span> 
     </span>
    </p>
   </div>
   <div class='ocr_carea' id='block_1_30' title="bbox 1081 788 1874 825">
    <p class='ocr_par' dir='ltr' id='par_1_30' title="bbox 1081 788 1874 825">
     <span class='ocr_line' id='line_1_30' title="bbox 1081 788 1874 825; baseline 0.001 -10"><span class='ocrx_word' id='word_1_213' title='bbox 1081 788 1169 815; x_wconf 83' lang='grc' dir='ltr'>ταῦθα</span> <span class='ocrx_word' id='word_1_214' title='bbox 1186 789 1297 824; x_wconf 83' lang='grc' dir='ltr'>Κύριος,</span> <span class='ocrx_word' id='word_1_215' title='bbox 1319 789 1368 824; x_wconf 84' lang='grc' dir='ltr'>τὴν</span> <span class='ocrx_word' id='word_1_216' title='bbox 1390 790 1564 817; x_wconf 83' lang='grc' dir='ltr'>ἀποδοθεῖσαν</span> <span class='ocrx_word' id='word_1_217' title='bbox 1589 790 1735 817; x_wconf 78' lang='grc' dir='ltr'>κατάδυσιν</span> <span class='ocrx_word' id='word_1_218' title='bbox 1756 790 1874 825; x_wconf 73' lang='grc' dir='ltr'>ποιησά-</span> 
     </span>
    </p>
   </div>
   <div class='ocr_carea' id='block_1_31' title="bbox 1083 829 1874 871">
    <p class='ocr_par' dir='ltr' id='par_1_31' title="bbox 1083 829 1874 871">
     <span class='ocr_line' id='line_1_31' title="bbox 1083 829 1874 871; baseline 0.001 -10"><span class='ocrx_word' id='word_1_219' title='bbox 1083 843 1162 870; x_wconf 80' lang='grc' dir='ltr'>μενος</span> <span class='ocrx_word' id='word_1_220' title='bbox 1184 835 1255 861; x_wconf 80' lang='grc' dir='ltr'>κατὰ</span> <span class='ocrx_word' id='word_1_221' title='bbox 1270 835 1314 861; x_wconf 75' lang='grc' dir='ltr'>τὸν</span> <span class='ocrx_word' id='word_1_222' title='bbox 1331 835 1425 871; x_wconf 79' lang='grc' dir='ltr'>καιρὸν</span> <span class='ocrx_word' id='word_1_223' title='bbox 1441 835 1487 861; x_wconf 79' lang='grc' dir='ltr'>τοῦ</span> <span class='ocrx_word' id='word_1_224' title='bbox 1505 829 1607 867; x_wconf 77' lang='grc' dir='ltr'>πάθους</span> <span class='ocrx_word' id='word_1_225' title='bbox 1621 835 1728 863; x_wconf 75' lang='grc' dir='ltr'>καὶτοῦ</span> <span class='ocrx_word' id='word_1_226' title='bbox 1747 835 1874 866; x_wconf 77' lang='grc' dir='ltr'>θανάτου.</span> 
     </span>
    </p>
   </div>
   <div class='ocr_carea' id='block_1_32' title="bbox 243 882 1875 919">
    <p class='ocr_par' dir='ltr' id='par_1_32' title="bbox 243 882 1875 919">
     <span class='ocr_line' id='line_1_32' title="bbox 243 882 1875 919; baseline 0.001 -11"><span class='ocrx_word' id='word_1_227' title='bbox 243 883 291 918; x_wconf 81' lang='grc' dir='ltr'>τὴν</span> <span class='ocrx_word' id='word_1_228' title='bbox 318 882 409 919; x_wconf 83' lang='grc' dir='ltr'>χώραν</span> <span class='ocrx_word' id='word_1_229' title='bbox 432 883 628 919; x_wconf 74' lang='grc' dir='ltr'><strong>διαπορευθεὶς,</strong></span> <span class='ocrx_word' id='word_1_230' title='bbox 654 885 722 919; x_wconf 80' lang='grc' dir='ltr'>μετὰ</span> <span class='ocrx_word' id='word_1_231' title='bbox 732 884 818 910; x_wconf 80' lang='grc' dir='ltr'>ταῦτα</span> <span class='ocrx_word' id='word_1_232' title='bbox 839 883 946 916; x_wconf 85' lang='grc' dir='ltr'>λέγεται</span> <span class='ocrx_word' id='word_1_233' title='bbox 963 882 1160 917; x_wconf 72' lang='grc' dir='ltr'>ἀναϐεόηκέναι</span> <span class='ocrx_word' id='word_1_234' title='bbox 1192 882 1238 909; x_wconf 69' lang='grc' dir='ltr'><strong>ἐπὶ</strong></span> <span class='ocrx_word' id='word_1_235' title='bbox 1260 883 1305 909; x_wconf 81' lang='grc' dir='ltr'>τὸν</span> <span class='ocrx_word' id='word_1_236' title='bbox 1328 883 1441 918; x_wconf 76' lang='grc' dir='ltr'>οὐρανὸν</span> <span class='ocrx_word' id='word_1_237' title='bbox 1474 883 1520 909; x_wconf 88' lang='grc' dir='ltr'>τοῦ</span> <span class='ocrx_word' id='word_1_238' title='bbox 1552 883 1665 919; x_wconf 86' lang='grc' dir='ltr'>οὐρανοῦ</span> <span class='ocrx_word' id='word_1_239' title='bbox 1686 884 1745 911; x_wconf 78' lang='grc' dir='ltr'>κατ’</span> <span class='ocrx_word' id='word_1_240' title='bbox 1775 883 1875 909; x_wconf 78' lang='grc' dir='ltr'>ἀνατο-</span> 
     </span>
    </p>
   </div>
   <div class='ocr_carea' id='block_1_33' title="bbox 243 929 1409 966">
    <p class='ocr_par' dir='ltr' id='par_1_33' title="bbox 243 929 1409 966">
     <span class='ocr_line' id='line_1_33' title="bbox 243 929 1409 966; baseline 0.002 -11"><span class='ocrx_word' id='word_1_241' title='bbox 243 929 301 960; x_wconf 81' lang='grc' dir='ltr'>λάς.</span> <span class='ocrx_word' id='word_1_242' title='bbox 322 929 399 956; x_wconf 84' lang='grc' dir='ltr'>Κατὰ</span> <span class='ocrx_word' id='word_1_243' title='bbox 409 929 438 956; x_wconf 80' lang='grc' dir='ltr'>δὲ</span> <span class='ocrx_word' id='word_1_244' title='bbox 449 930 495 956; x_wconf 83' lang='grc' dir='ltr'><strong>τὸν</strong></span> <span class='ocrx_word' id='word_1_245' title='bbox 512 931 635 961; x_wconf 78' lang='grc' dir='ltr'><strong>Ἀκύλαν,</strong></span> <span class='ocrx_word' id='word_1_246' title='bbox 657 939 667 956; x_wconf 93' lang='lat'><strong>1</strong></span> <span class='ocrx_word' id='word_1_247' title='bbox 686 931 730 966; x_wconf 86' lang='grc' dir='ltr'><strong>Τῷ</strong></span> <span class='ocrx_word' id='word_1_248' title='bbox 747 930 921 966; x_wconf 77' lang='grc' dir='ltr'>ὲπιὸεϐηκότι</span> <span class='ocrx_word' id='word_1_249' title='bbox 942 931 970 956; x_wconf 85' lang='grc' dir='ltr'>ὲν</span> <span class='ocrx_word' id='word_1_250' title='bbox 1000 930 1108 966; x_wconf 78' lang='grc' dir='ltr'>οὐρανῷ</span> <span class='ocrx_word' id='word_1_251' title='bbox 1124 929 1238 966; x_wconf 76' lang='grc' dir='ltr'>ούρανοῦ</span> <span class='ocrx_word' id='word_1_252' title='bbox 1260 930 1378 965; x_wconf 79' lang='grc' dir='ltr'>ἀρχῆθεν</span> <span class='ocrx_word' id='word_1_253' title='bbox 1403 939 1409 945; x_wconf 89' lang='grc'><strong>·</strong></span> 
     </span>
    </p>
   </div>
   <div class='ocr_carea' id='block_1_34' title="bbox 1448 930 1875 966">
    <p class='ocr_par' dir='ltr' id='par_1_34' title="bbox 1448 930 1875 966">
     <span class='ocr_line' id='line_1_34' title="bbox 1448 930 1875 966; baseline 0 -10"><span class='ocrx_word' id='word_1_254' title='bbox 1448 939 1457 956; x_wconf 70' lang='grc' dir='ltr'><strong>ι</strong></span> <span class='ocrx_word' id='word_1_255' title='bbox 1491 931 1568 957; x_wconf 80' lang='grc' dir='ltr'>Κατὰ</span> <span class='ocrx_word' id='word_1_256' title='bbox 1593 931 1622 957; x_wconf 86' lang='grc' dir='ltr'>δὲ</span> <span class='ocrx_word' id='word_1_257' title='bbox 1647 931 1693 958; x_wconf 79' lang='grc' dir='ltr'><strong>τὸν</strong></span> <span class='ocrx_word' id='word_1_258' title='bbox 1715 930 1875 966; x_wconf 81' lang='grc' dir='ltr'>Σύμμαχον,</span> 
     </span>
    </p>
   </div>
   <div class='ocr_carea' id='block_1_35' title="bbox 245 974 1877 1013">
    <p class='ocr_par' dir='ltr' id='par_1_35' title="bbox 245 974 1877 1013">
     <span class='ocr_line' id='line_1_35' title="bbox 245 974 1877 1013; baseline 0.001 -13"><span class='ocrx_word' id='word_1_259' title='bbox 245 985 255 1000; x_wconf 95' lang='lat'><strong>1</strong></span> <span class='ocrx_word' id='word_1_260' title='bbox 277 974 320 1010; x_wconf 71' lang='grc' dir='ltr'><strong>Τῷ</strong></span> <span class='ocrx_word' id='word_1_261' title='bbox 334 977 505 1012; x_wconf 78' lang='grc' dir='ltr'>ὲποχουμένῳ</span> <span class='ocrx_word' id='word_1_262' title='bbox 528 977 574 1003; x_wconf 75' lang='grc' dir='ltr'><strong>ἐπὶ</strong></span> <span class='ocrx_word' id='word_1_263' title='bbox 596 977 641 1003; x_wconf 80' lang='grc' dir='ltr'>τὸν</span> <span class='ocrx_word' id='word_1_264' title='bbox 667 978 780 1012; x_wconf 80' lang='grc' dir='ltr'>οὐρανὸν</span> <span class='ocrx_word' id='word_1_265' title='bbox 799 977 844 1004; x_wconf 83' lang='grc' dir='ltr'>τοῦ</span> <span class='ocrx_word' id='word_1_266' title='bbox 865 976 980 1013; x_wconf 74' lang='grc' dir='ltr'>οὐρανοῦ</span> <span class='ocrx_word' id='word_1_267' title='bbox 1014 977 1046 1003; x_wconf 76' lang='grc' dir='ltr'>ἐκ</span> <span class='ocrx_word' id='word_1_268' title='bbox 1063 976 1184 1012; x_wconf 80' lang='grc' dir='ltr'>πρώτης,</span> <span class='ocrx_word' id='word_1_269' title='bbox 1209 986 1219 1003; x_wconf 86' lang='grc'><strong>›</strong></span> <span class='ocrx_word' id='word_1_270' title='bbox 1247 977 1365 1012; x_wconf 82' lang='grc' dir='ltr'>εἴρηται.</span> <span class='ocrx_word' id='word_1_271' title='bbox 1383 976 1419 1003; x_wconf 86' lang='grc' dir='ltr'>Τὸ</span> <span class='ocrx_word' id='word_1_272' title='bbox 1439 977 1477 1008; x_wconf 80' lang='grc' dir='ltr'>δὲ,</span> <span class='ocrx_word' id='word_1_273' title='bbox 1494 987 1502 1002; x_wconf 96' lang='lat'><strong>1</strong></span> <span class='ocrx_word' id='word_1_274' title='bbox 1516 978 1547 1003; x_wconf 85' lang='grc' dir='ltr'>ὲκ</span> <span class='ocrx_word' id='word_1_275' title='bbox 1564 977 1675 1012; x_wconf 78' lang='grc' dir='ltr'>πρώτης</span> <span class='ocrx_word' id='word_1_276' title='bbox 1690 986 1700 1003; x_wconf 73' lang='grc' dir='ltr'><strong>ι</strong></span> <span class='ocrx_word' id='word_1_277' title='bbox 1714 977 1770 1008; x_wconf 75' lang='grc' dir='ltr'>καὶ,</span> <span class='ocrx_word' id='word_1_278' title='bbox 1787 985 1797 1002; x_wconf 94' lang='lat'><strong>1</strong></span> <span class='ocrx_word' id='word_1_279' title='bbox 1825 976 1877 1012; x_wconf 76' lang='grc' dir='ltr'>ἀρ-</span> 
     </span>
    </p>
   </div>
   <div class='ocr_carea' id='block_1_36' title="bbox 242 1024 1065 1060">
    <p class='ocr_par' dir='ltr' id='par_1_36' title="bbox 242 1024 1065 1060">
     <span class='ocr_line' id='line_1_36' title="bbox 242 1024 1065 1060; baseline 0.002 -11"><span class='ocrx_word' id='word_1_280' title='bbox 242 1024 334 1059; x_wconf 80' lang='grc' dir='ltr'>χῆθεν,</span> <span class='ocrx_word' id='word_1_281' title='bbox 351 1033 361 1050; x_wconf 82' lang='grc'><strong><em>›</em></strong></span> <span class='ocrx_word' id='word_1_282' title='bbox 379 1025 484 1059; x_wconf 77' lang='grc' dir='ltr'>νοήσεις</span> <span class='ocrx_word' id='word_1_283' title='bbox 506 1024 588 1051; x_wconf 73' lang='grc' dir='ltr'>αὑτοῦ</span> <span class='ocrx_word' id='word_1_284' title='bbox 605 1024 731 1059; x_wconf 83' lang='grc' dir='ltr'>λέγοντος</span> <span class='ocrx_word' id='word_1_285' title='bbox 753 1025 860 1052; x_wconf 86' lang='grc' dir='ltr'>ἀκούων</span> <span class='ocrx_word' id='word_1_286' title='bbox 876 1024 924 1052; x_wconf 79' lang='grc' dir='ltr'><strong>τοῦ</strong></span> <span class='ocrx_word' id='word_1_287' title='bbox 942 1025 1065 1060; x_wconf 75' lang='grc' dir='ltr'>Σωτῆρος</span> 
     </span>
    </p>
   </div>
   <div class='ocr_carea' id='block_1_37' title="bbox 242 1068 690 1106">
    <p class='ocr_par' dir='ltr' id='par_1_37' title="bbox 242 1068 690 1106">
     <span class='ocr_line' id='line_1_37' title="bbox 242 1068 690 1106; baseline 0.002 -10"><span class='ocrx_word' id='word_1_288' title='bbox 242 1069 288 1096; x_wconf 76' lang='grc' dir='ltr'>τὸν</span> <span class='ocrx_word' id='word_1_289' title='bbox 305 1069 408 1105; x_wconf 75' lang='grc' dir='ltr'>κόσμον</span> <span class='ocrx_word' id='word_1_290' title='bbox 425 1068 494 1097; x_wconf 82' lang='grc' dir='ltr'>εἶναι</span> <span class='ocrx_word' id='word_1_291' title='bbox 512 1070 589 1106; x_wconf 82' lang='grc' dir='ltr'><strong>παρά</strong></span> <span class='ocrx_word' id='word_1_292' title='bbox 606 1071 655 1097; x_wconf 86' lang='grc' dir='ltr'>σοί.</span> <span class='ocrx_word' id='word_1_293' title='bbox 680 1080 690 1097; x_wconf 68' lang='grc' dir='ltr'><strong>ι</strong></span> 
     </span>
    </p>
   </div>
   <div class='ocr_carea' id='block_1_38' title="bbox 1086 1021 1877 1061">
    <p class='ocr_par' dir='ltr' id='par_1_38' title="bbox 1086 1021 1877 1061">
     <span class='ocr_line' id='line_1_38' title="bbox 1086 1021 1877 1061; baseline -0.003 -10"><span class='ocrx_word' id='word_1_294' title='bbox 1086 1033 1094 1040; x_wconf 72' lang='grc'><strong><em>⁸</em></strong></span> <span class='ocrx_word' id='word_1_295' title='bbox 1112 1034 1121 1050; x_wconf 96' lang='lat'><strong>1</strong></span> <span class='ocrx_word' id='word_1_296' title='bbox 1141 1025 1242 1060; x_wconf 73' lang='grc' dir='ltr'>Πάτερ,</span> <span class='ocrx_word' id='word_1_297' title='bbox 1266 1024 1377 1057; x_wconf 79' lang='grc' dir='ltr'>δόξασόν</span> <span class='ocrx_word' id='word_1_298' title='bbox 1403 1033 1435 1060; x_wconf 85' lang='grc' dir='ltr'><strong>με</strong></span> <span class='ocrx_word' id='word_1_299' title='bbox 1459 1026 1490 1060; x_wconf 81' lang='grc' dir='ltr'>τῇ</span> <span class='ocrx_word' id='word_1_300' title='bbox 1637 1022 1708 1060; x_wconf 76' lang='grc' dir='ltr'>εἶχον</span> <span class='ocrx_word' id='word_1_301' title='bbox 1741 1023 1795 1059; x_wconf 79' lang='grc' dir='ltr'>πρὸ</span> <span class='ocrx_word' id='word_1_302' title='bbox 1826 1021 1877 1049; x_wconf 75' lang='grc' dir='ltr'>τοῦ</span> 
     </span>
    </p>
   </div>
   <div class='ocr_carea' id='block_1_39' title="bbox 279 1126 1028 1172">
    <p class='ocr_par' dir='ltr' id='par_1_39' title="bbox 279 1126 1028 1156">
     <span class='ocr_line' id='line_1_39' title="bbox 279 1126 1028 1156; baseline 0.003 -3"><span class='ocrx_word' id='word_1_303' title='bbox 279 1126 361 1155; x_wconf 69' lang='lat' dir='ltr'><strong>Vens.</strong></span> <span class='ocrx_word' id='word_1_304' title='bbox 379 1127 472 1155; x_wconf 63' lang='lat'><strong>35-56.</strong></span> <span class='ocrx_word' id='word_1_305' title='bbox 492 1138 501 1152; x_wconf 91' lang='lat'><strong>1</strong></span> <span class='ocrx_word' id='word_1_306' title='bbox 515 1128 584 1156; x_wconf 78' lang='lat' dir='ltr'><strong>Ecce</strong></span> <span class='ocrx_word' id='word_1_307' title='bbox 601 1129 677 1155; x_wconf 86' lang='lat' dir='ltr'><strong>dabit</strong></span> <span class='ocrx_word' id='word_1_308' title='bbox 693 1129 752 1155; x_wconf 82' lang='lat' dir='ltr'><strong>voci</strong></span> <span class='ocrx_word' id='word_1_309' title='bbox 781 1135 838 1156; x_wconf 65' lang='lat' dir='ltr'><strong>sum</strong></span> <span class='ocrx_word' id='word_1_310' title='bbox 859 1137 951 1156; x_wconf 86' lang='lat' dir='ltr'><strong>vocem</strong></span> <span class='ocrx_word' id='word_1_311' title='bbox 979 1129 1028 1156; x_wconf 91' lang='lat' dir='ltr'><strong>vir-</strong></span> 
     </span>
    </p>
   </div>
   <div class='ocr_carea' id='block_1_40' title="bbox 1080 1126 1874 1172">
    <p class='ocr_par' dir='ltr' id='par_1_40' title="bbox 1121 1135 1874 1172">
     <span class='ocr_line' id='line_1_40' title="bbox 1121 1135 1874 1172; baseline 0 -9"><span class='ocrx_word' id='word_1_312' title='bbox 1121 1146 1130 1162; x_wconf 95' lang='lat'><strong>1</strong></span> <span class='ocrx_word' id='word_1_313' title='bbox 1156 1137 1219 1163; x_wconf 71' lang='grc' dir='ltr'>Ἰδοὺ</span> <span class='ocrx_word' id='word_1_314' title='bbox 1243 1135 1322 1163; x_wconf 82' lang='grc' dir='ltr'>δώσει</span> <span class='ocrx_word' id='word_1_315' title='bbox 1344 1138 1378 1172; x_wconf 83' lang='grc' dir='ltr'>τῇ</span> <span class='ocrx_word' id='word_1_316' title='bbox 1405 1137 1479 1171; x_wconf 80' lang='grc' dir='ltr'>φωνῇ</span> <span class='ocrx_word' id='word_1_317' title='bbox 1505 1135 1586 1162; x_wconf 72' lang='grc' dir='ltr'>αὐτοῦ</span> <span class='ocrx_word' id='word_1_318' title='bbox 1611 1135 1700 1170; x_wconf 77' lang='grc' dir='ltr'>φωνὴν</span> <span class='ocrx_word' id='word_1_319' title='bbox 1721 1135 1874 1171; x_wconf 60' lang='grc' dir='ltr'><strong>δυνάμεωςἁ</strong></span> 
     </span>
    </p>
   </div>
   <div class='ocr_carea' id='block_1_41' title="bbox 243 1173 1026 1209">
    <p class='ocr_par' dir='ltr' id='par_1_41' title="bbox 243 1173 1026 1209">
     <span class='ocr_line' id='line_1_41' title="bbox 243 1173 1026 1209; baseline 0.003 -9"><span class='ocrx_word' id='word_1_320' title='bbox 243 1173 322 1204; x_wconf 85' lang='lat' dir='ltr'><strong>tntis.</strong></span> <span class='ocrx_word' id='word_1_321' title='bbox 353 1173 415 1201; x_wconf 85' lang='lat' dir='ltr'><strong>date</strong></span> <span class='ocrx_word' id='word_1_322' title='bbox 433 1174 546 1209; x_wconf 80' lang='lat' dir='ltr'><strong>gloriam</strong></span> <span class='ocrx_word' id='word_1_323' title='bbox 573 1174 626 1201; x_wconf 91' lang='lat' dir='ltr'><strong>Deo</strong></span> <span class='ocrx_word' id='word_1_324' title='bbox 656 1182 738 1209; x_wconf 89' lang='lat' dir='ltr'><strong>super</strong></span> <span class='ocrx_word' id='word_1_325' title='bbox 761 1173 872 1202; x_wconf 70' lang='lat' dir='ltr'><strong>Israel.»</strong></span> <span class='ocrx_word' id='word_1_326' title='bbox 898 1174 1026 1202; x_wconf 80' lang='lat' dir='ltr'><strong>Notitiam</strong></span> 
     </span>
    </p>
   </div>
   <div class='ocr_carea' id='block_1_42' title="bbox 244 1219 1028 1255">
    <p class='ocr_par' dir='ltr' id='par_1_42' title="bbox 244 1219 1028 1255">
     <span class='ocr_line' id='line_1_42' title="bbox 244 1219 1028 1255; baseline 0 -8"><span class='ocrx_word' id='word_1_327' title='bbox 244 1220 345 1255; x_wconf 71' lang='lat' dir='ltr'><strong>praebet</strong></span> <span class='ocrx_word' id='word_1_328' title='bbox 358 1220 501 1247; x_wconf 86' lang='lat' dir='ltr'><strong>memorati</strong></span> <span class='ocrx_word' id='word_1_329' title='bbox 523 1219 629 1247; x_wconf 90' lang='lat' dir='ltr'><strong>Domini</strong></span> <span class='ocrx_word' id='word_1_330' title='bbox 641 1221 737 1248; x_wconf 88' lang='lat' dir='ltr'><strong>dicens</strong></span> <span class='ocrx_word' id='word_1_331' title='bbox 753 1230 759 1248; x_wconf 90' lang='lat'><strong>:</strong></span> <span class='ocrx_word' id='word_1_332' title='bbox 773 1230 781 1247; x_wconf 98' lang='lat'><strong>1</strong></span> <span class='ocrx_word' id='word_1_333' title='bbox 798 1221 866 1248; x_wconf 84' lang='lat' dir='ltr'><strong>Ecce</strong></span> <span class='ocrx_word' id='word_1_334' title='bbox 883 1221 957 1248; x_wconf 85' lang='lat' dir='ltr'><strong>dabit</strong></span> <span class='ocrx_word' id='word_1_335' title='bbox 969 1221 1028 1248; x_wconf 89' lang='lat' dir='ltr'><strong>voci</strong></span> 
     </span>
    </p>
   </div>
   <div class='ocr_carea' id='block_1_43' title="bbox 245 1264 1029 1292">
    <p class='ocr_par' dir='ltr' id='par_1_43' title="bbox 245 1264 1029 1292">
     <span class='ocr_line' id='line_1_43' title="bbox 245 1264 1029 1292; baseline 0.001 -1"><span class='ocrx_word' id='word_1_336' title='bbox 245 1271 301 1291; x_wconf 64' lang='lat' dir='ltr'><strong>sua!</strong></span> <span class='ocrx_word' id='word_1_337' title='bbox 319 1271 413 1291; x_wconf 91' lang='lat' dir='ltr'><strong>vocem</strong></span> <span class='ocrx_word' id='word_1_338' title='bbox 433 1265 570 1291; x_wconf 72' lang='lat' dir='ltr'><strong>virtutis.»</strong></span> <span class='ocrx_word' id='word_1_339' title='bbox 592 1264 643 1292; x_wconf 88' lang='lat' dir='ltr'><strong>llic</strong></span> <span class='ocrx_word' id='word_1_340' title='bbox 671 1273 735 1292; x_wconf 87' lang='lat' dir='ltr'><strong>vere</strong></span> <span class='ocrx_word' id='word_1_341' title='bbox 752 1265 815 1292; x_wconf 87' lang='lat' dir='ltr'><strong>licet</strong></span> <span class='ocrx_word' id='word_1_342' title='bbox 843 1265 956 1292; x_wconf 80' lang='lat' dir='ltr'><strong>formam</strong></span> <span class='ocrx_word' id='word_1_343' title='bbox 982 1266 1029 1292; x_wconf 89' lang='lat' dir='ltr'><strong>de-</strong></span> 
     </span>
    </p>
   </div>
   <div class='ocr_carea' id='block_1_44' title="bbox 243 1310 1027 1346">
    <p class='ocr_par' dir='ltr' id='par_1_44' title="bbox 243 1310 1027 1346">
     <span class='ocr_line' id='line_1_44' title="bbox 243 1310 1027 1346; baseline 0 -8"><span class='ocrx_word' id='word_1_344' title='bbox 243 1311 363 1338; x_wconf 72' lang='lat' dir='ltr'><strong>scribere</strong></span> <span class='ocrx_word' id='word_1_345' title='bbox 385 1310 495 1337; x_wconf 90' lang='lat' dir='ltr'><strong>virtutis</strong></span> <span class='ocrx_word' id='word_1_346' title='bbox 512 1310 571 1345; x_wconf 87' lang='lat' dir='ltr'><strong>ejus</strong></span> <span class='ocrx_word' id='word_1_347' title='bbox 583 1330 590 1343; x_wconf 84' lang='grc'><em>,</em></span> <span class='ocrx_word' id='word_1_348' title='bbox 608 1311 654 1346; x_wconf 67' lang='lat' dir='ltr'><strong>(lui</strong></span> <span class='ocrx_word' id='word_1_349' title='bbox 669 1320 678 1336; x_wconf 96' lang='lat'><strong>1</strong></span> <span class='ocrx_word' id='word_1_350' title='bbox 695 1311 721 1338; x_wconf 91' lang='lat' dir='ltr'><strong>in</strong></span> <span class='ocrx_word' id='word_1_351' title='bbox 737 1311 872 1346; x_wconf 84' lang='lat' dir='ltr'><strong>principio</strong></span> <span class='ocrx_word' id='word_1_352' title='bbox 883 1315 941 1339; x_wconf 91' lang='lat' dir='ltr'><strong>erat</strong></span> <span class='ocrx_word' id='word_1_353' title='bbox 958 1311 1027 1346; x_wconf 89' lang='lat' dir='ltr'><strong>apud</strong></span> 
     </span>
    </p>
   </div>
   <div class='ocr_carea' id='block_1_45' title="bbox 243 1355 1027 1392">
    <p class='ocr_par' dir='ltr' id='par_1_45' title="bbox 243 1355 1027 1392">
     <span class='ocr_line' id='line_1_45' title="bbox 243 1355 1027 1392; baseline 0.001 -9"><span class='ocrx_word' id='word_1_354' title='bbox 243 1356 328 1384; x_wconf 81' lang='lat' dir='ltr'><strong>Deum</strong></span> <span class='ocrx_word' id='word_1_355' title='bbox 337 1356 371 1389; x_wconf 85' lang='lat'><strong>&quot;,</strong></span> <span class='ocrx_word' id='word_1_356' title='bbox 389 1365 398 1382; x_wconf 85' lang='grc' dir='ltr'><strong>ι</strong></span> <span class='ocrx_word' id='word_1_357' title='bbox 414 1355 461 1384; x_wconf 87' lang='lat' dir='ltr'><strong>Dei</strong></span> <span class='ocrx_word' id='word_1_358' title='bbox 475 1356 568 1389; x_wconf 82' lang='lat' dir='ltr'><strong>Verbi,</strong></span> <span class='ocrx_word' id='word_1_359' title='bbox 585 1357 657 1392; x_wconf 87' lang='lat' dir='ltr'><strong>quod</strong></span> <span class='ocrx_word' id='word_1_360' title='bbox 670 1364 720 1384; x_wconf 72' lang='lat' dir='ltr'><strong>vox</strong></span> <span class='ocrx_word' id='word_1_361' title='bbox 734 1358 794 1391; x_wconf 88' lang='lat' dir='ltr'><strong>ejus</strong></span> <span class='ocrx_word' id='word_1_362' title='bbox 817 1365 869 1384; x_wconf 90' lang='lat' dir='ltr'><strong>non</strong></span> <span class='ocrx_word' id='word_1_363' title='bbox 887 1357 1027 1384; x_wconf 83' lang='lat' dir='ltr'><strong>hominum</strong></span> 
     </span>
    </p>
   </div>
   <div class='ocr_carea' id='block_1_46' title="bbox 243 1403 1025 1439">
    <p class='ocr_par' dir='ltr' id='par_1_46' title="bbox 243 1403 1025 1439">
     <span class='ocr_line' id='line_1_46' title="bbox 243 1403 1025 1439; baseline 0 -9"><span class='ocrx_word' id='word_1_364' title='bbox 243 1403 304 1430; x_wconf 81' lang='lat' dir='ltr'><strong>voci</strong></span> <span class='ocrx_word' id='word_1_365' title='bbox 327 1403 438 1436; x_wconf 83' lang='lat' dir='ltr'><strong>similis,</strong></span> <span class='ocrx_word' id='word_1_366' title='bbox 465 1403 514 1430; x_wconf 88' lang='lat' dir='ltr'><strong>sed</strong></span> <span class='ocrx_word' id='word_1_367' title='bbox 536 1403 627 1431; x_wconf 87' lang='lat' dir='ltr'><strong>divina</strong></span> <span class='ocrx_word' id='word_1_368' title='bbox 652 1405 754 1431; x_wconf 84' lang='lat' dir='ltr'><strong>virtute</strong></span> <span class='ocrx_word' id='word_1_369' title='bbox 781 1404 859 1439; x_wconf 86' lang='lat' dir='ltr'><strong>plena</strong></span> <span class='ocrx_word' id='word_1_370' title='bbox 886 1404 932 1431; x_wconf 90' lang='lat' dir='ltr'><strong>sit.</strong></span> <span class='ocrx_word' id='word_1_371' title='bbox 958 1403 1025 1430; x_wconf 80' lang='lat' dir='ltr'><strong>Nam</strong></span> 
     </span>
    </p>
   </div>
   <div class='ocr_carea' id='block_1_47' title="bbox 246 1448 1029 1485">
    <p class='ocr_par' dir='ltr' id='par_1_47' title="bbox 246 1448 1029 1485">
     <span class='ocr_line' id='line_1_47' title="bbox 246 1448 1029 1485; baseline 0.001 -10"><span class='ocrx_word' id='word_1_372' title='bbox 246 1448 352 1481; x_wconf 87' lang='lat' dir='ltr'><strong>1dabit,</strong></span> <span class='ocrx_word' id='word_1_373' title='bbox 384 1450 484 1485; x_wconf 79' lang='lat' dir='ltr'><strong>inquit,</strong></span> <span class='ocrx_word' id='word_1_374' title='bbox 519 1451 579 1478; x_wconf 79' lang='lat' dir='ltr'><strong>voci</strong></span> <span class='ocrx_word' id='word_1_375' title='bbox 609 1458 665 1478; x_wconf 73' lang='lat' dir='ltr'><strong>suae.</strong></span> <span class='ocrx_word' id='word_1_376' title='bbox 688 1459 781 1478; x_wconf 88' lang='lat' dir='ltr'><strong>vocem</strong></span> <span class='ocrx_word' id='word_1_377' title='bbox 815 1451 954 1477; x_wconf 65' lang='lat' dir='ltr'><strong>virtutis:</strong></span> <span class='ocrx_word' id='word_1_378' title='bbox 978 1450 1029 1477; x_wconf 73' lang='lat' dir='ltr'><strong>Su-</strong></span> 
     </span>
    </p>
   </div>
   <div class='ocr_carea' id='block_1_48' title="bbox 243 1495 1027 1530">
    <p class='ocr_par' dir='ltr' id='par_1_48' title="bbox 243 1495 1027 1530">
     <span class='ocr_line' id='line_1_48' title="bbox 243 1495 1027 1530; baseline 0.001 -8"><span class='ocrx_word' id='word_1_379' title='bbox 243 1495 336 1530; x_wconf 82' lang='lat' dir='ltr'><strong>perius</strong></span> <span class='ocrx_word' id='word_1_380' title='bbox 353 1496 418 1524; x_wconf 88' lang='lat' dir='ltr'><strong>item</strong></span> <span class='ocrx_word' id='word_1_381' title='bbox 433 1496 577 1524; x_wconf 88' lang='lat' dir='ltr'><strong>dicebatur</strong></span> <span class='ocrx_word' id='word_1_382' title='bbox 596 1507 603 1524; x_wconf 84' lang='lat'><strong>:</strong></span> <span class='ocrx_word' id='word_1_383' title='bbox 632 1506 641 1522; x_wconf 95' lang='lat'><strong>1</strong></span> <span class='ocrx_word' id='word_1_384' title='bbox 658 1497 791 1525; x_wconf 87' lang='lat' dir='ltr'><strong>Dominus</strong></span> <span class='ocrx_word' id='word_1_385' title='bbox 816 1497 891 1524; x_wconf 86' lang='lat' dir='ltr'><strong>dabit</strong></span> <span class='ocrx_word' id='word_1_386' title='bbox 913 1497 1027 1525; x_wconf 87' lang='lat' dir='ltr'><strong>verbum</strong></span> 
     </span>
    </p>
   </div>
   <div class='ocr_carea' id='block_1_49' title="bbox 243 1542 1027 1577">
    <p class='ocr_par' dir='ltr' id='par_1_49' title="bbox 243 1542 1027 1577">
     <span class='ocr_line' id='line_1_49' title="bbox 243 1542 1027 1577; baseline 0.004 -9"><span class='ocrx_word' id='word_1_387' title='bbox 243 1542 504 1577; x_wconf 76' lang='lat' dir='ltr'><strong>evangelizantibus,</strong></span> <span class='ocrx_word' id='word_1_388' title='bbox 531 1543 633 1571; x_wconf 89' lang='lat' dir='ltr'><strong>virtute</strong></span> <span class='ocrx_word' id='word_1_389' title='bbox 657 1544 769 1570; x_wconf 66' lang='lat' dir='ltr'><strong>multa.»</strong></span> <span class='ocrx_word' id='word_1_390' title='bbox 792 1544 862 1577; x_wconf 87' lang='lat' dir='ltr'><strong>Quia</strong></span> <span class='ocrx_word' id='word_1_391' title='bbox 879 1545 951 1571; x_wconf 90' lang='lat' dir='ltr'><strong>enim</strong></span> <span class='ocrx_word' id='word_1_392' title='bbox 977 1552 1027 1571; x_wconf 81' lang='lat' dir='ltr'><strong>vox</strong></span> 
     </span>
    </p>
   </div>
   <div class='ocr_carea' id='block_1_50' title="bbox 244 1587 1027 1624">
    <p class='ocr_par' dir='ltr' id='par_1_50' title="bbox 244 1587 1027 1624">
     <span class='ocr_line' id='line_1_50' title="bbox 244 1587 1027 1624; baseline 0.001 -9"><span class='ocrx_word' id='word_1_393' title='bbox 244 1587 304 1622; x_wconf 84' lang='lat' dir='ltr'><strong>ejus</strong></span> <span class='ocrx_word' id='word_1_394' title='bbox 332 1588 433 1615; x_wconf 85' lang='lat' dir='ltr'><strong>virtute</strong></span> <span class='ocrx_word' id='word_1_395' title='bbox 462 1589 630 1623; x_wconf 84' lang='lat' dir='ltr'><strong>replebatnr,</strong></span> <span class='ocrx_word' id='word_1_396' title='bbox 671 1590 769 1616; x_wconf 85' lang='lat' dir='ltr'><strong>merito</strong></span> <span class='ocrx_word' id='word_1_397' title='bbox 807 1589 1027 1624; x_wconf 65' lang='lat' dir='ltr'><strong>praedicationem</strong></span> 
     </span>
    </p>
   </div>
   <div class='ocr_carea' id='block_1_51' title="bbox 244 1634 1028 1668">
    <p class='ocr_par' dir='ltr' id='par_1_51' title="bbox 244 1634 1028 1668">
     <span class='ocr_line' id='line_1_51' title="bbox 244 1634 1028 1668; baseline 0.004 -9"><span class='ocrx_word' id='word_1_398' title='bbox 244 1640 322 1660; x_wconf 81' lang='lat' dir='ltr'><strong>suam</strong></span> <span class='ocrx_word' id='word_1_399' title='bbox 345 1634 596 1668; x_wconf 76' lang='lat' dir='ltr'><strong>evangelizantibus</strong></span> <span class='ocrx_word' id='word_1_400' title='bbox 612 1636 724 1662; x_wconf 89' lang='lat' dir='ltr'><strong>verbum</strong></span> <span class='ocrx_word' id='word_1_401' title='bbox 749 1635 830 1662; x_wconf 84' lang='lat' dir='ltr'><strong>dabat</strong></span> <span class='ocrx_word' id='word_1_402' title='bbox 844 1643 905 1662; x_wconf 89' lang='lat' dir='ltr'><strong>cum</strong></span> <span class='ocrx_word' id='word_1_403' title='bbox 928 1636 1028 1663; x_wconf 77' lang='lat' dir='ltr'><strong>virtute</strong></span> 
     </span>
    </p>
   </div>
   <div class='ocr_carea' id='block_1_52' title="bbox 244 1678 1028 1715">
    <p class='ocr_par' dir='ltr' id='par_1_52' title="bbox 244 1678 1028 1715">
     <span class='ocr_line' id='line_1_52' title="bbox 244 1678 1028 1715; baseline 0.003 -10"><span class='ocrx_word' id='word_1_404' title='bbox 244 1679 340 1706; x_wconf 83' lang='lat' dir='ltr'><strong>multa.</strong></span> <span class='ocrx_word' id='word_1_405' title='bbox 360 1678 435 1714; x_wconf 88' lang='lat' dir='ltr'><strong>Opus</strong></span> <span class='ocrx_word' id='word_1_406' title='bbox 451 1684 540 1706; x_wconf 87' lang='lat' dir='ltr'><strong>autem</strong></span> <span class='ocrx_word' id='word_1_407' title='bbox 555 1680 642 1715; x_wconf 83' lang='lat' dir='ltr'><strong>ipsum</strong></span> <span class='ocrx_word' id='word_1_408' title='bbox 661 1681 788 1708; x_wconf 83' lang='lat' dir='ltr'><strong>virtutem</strong></span> <span class='ocrx_word' id='word_1_409' title='bbox 807 1681 938 1708; x_wconf 81' lang='lat' dir='ltr'><strong>declarat.</strong></span> <span class='ocrx_word' id='word_1_410' title='bbox 958 1681 1028 1707; x_wconf 87' lang='lat' dir='ltr'><strong>Nam</strong></span> 
     </span>
    </p>
   </div>
   <div class='ocr_carea' id='block_1_53' title="bbox 244 1725 1028 1761">
    <p class='ocr_par' dir='ltr' id='par_1_53' title="bbox 244 1725 1028 1761">
     <span class='ocr_line' id='line_1_53' title="bbox 244 1725 1028 1761; baseline 0.003 -9"><span class='ocrx_word' id='word_1_411' title='bbox 244 1729 308 1752; x_wconf 82' lang='lat' dir='ltr'><strong>cum</strong></span> <span class='ocrx_word' id='word_1_412' title='bbox 318 1725 435 1759; x_wconf 83' lang='lat' dir='ltr'><strong>simplici</strong></span> <span class='ocrx_word' id='word_1_413' title='bbox 458 1726 555 1752; x_wconf 90' lang='lat' dir='ltr'><strong>vocula</strong></span> <span class='ocrx_word' id='word_1_414' title='bbox 579 1725 722 1761; x_wconf 87' lang='lat' dir='ltr'><strong>discipulis</strong></span> <span class='ocrx_word' id='word_1_415' title='bbox 737 1727 794 1753; x_wconf 89' lang='lat' dir='ltr'><strong>suis</strong></span> <span class='ocrx_word' id='word_1_416' title='bbox 807 1726 932 1758; x_wconf 81' lang='lat' dir='ltr'><strong>dixisset,</strong></span> <span class='ocrx_word' id='word_1_417' title='bbox 954 1736 962 1752; x_wconf 87' lang='lat'><strong>1</strong></span> <span class='ocrx_word' id='word_1_418' title='bbox 975 1725 1028 1754; x_wconf 78' lang='lat' dir='ltr'><strong>Ve-</strong></span> 
     </span>
    </p>
   </div>
   <div class='ocr_carea' id='block_1_54' title="bbox 244 1771 1027 1807">
    <p class='ocr_par' dir='ltr' id='par_1_54' title="bbox 244 1771 1027 1807">
     <span class='ocr_line' id='line_1_54' title="bbox 244 1771 1027 1807; baseline 0.001 -9"><span class='ocrx_word' id='word_1_419' title='bbox 244 1771 311 1802; x_wconf 81' lang='lat' dir='ltr'><strong>nite,</strong></span> <span class='ocrx_word' id='word_1_420' title='bbox 335 1771 481 1806; x_wconf 84' lang='lat' dir='ltr'><strong>sequimini</strong></span> <span class='ocrx_word' id='word_1_421' title='bbox 505 1779 558 1803; x_wconf 85' lang='lat' dir='ltr'><strong>me,</strong></span> <span class='ocrx_word' id='word_1_422' title='bbox 575 1775 602 1799; x_wconf 80' lang='lat' dir='ltr'><strong>et</strong></span> <span class='ocrx_word' id='word_1_423' title='bbox 620 1772 716 1799; x_wconf 78' lang='lat' dir='ltr'><strong>faciam</strong></span> <span class='ocrx_word' id='word_1_424' title='bbox 745 1780 792 1800; x_wconf 87' lang='lat' dir='ltr'><strong>vos</strong></span> <span class='ocrx_word' id='word_1_425' title='bbox 808 1773 960 1807; x_wconf 80' lang='lat' dir='ltr'><strong>piscatores</strong></span> <span class='ocrx_word' id='word_1_426' title='bbox 977 1773 1027 1799; x_wconf 89' lang='lat' dir='ltr'><strong>ho-</strong></span> 
     </span>
    </p>
   </div>
   <div class='ocr_carea' id='block_1_55' title="bbox 243 1816 1061 1852">
    <p class='ocr_par' dir='ltr' id='par_1_55' title="bbox 243 1816 1061 1852">
     <span class='ocr_line' id='line_1_55' title="bbox 243 1816 1061 1852; baseline 0.001 -10"><span class='ocrx_word' id='word_1_427' title='bbox 243 1816 408 1848; x_wconf 70' lang='lat' dir='ltr'><strong>minum&quot;,)</strong></span> <span class='ocrx_word' id='word_1_428' title='bbox 435 1824 503 1852; x_wconf 90' lang='lat' dir='ltr'><strong>opus</strong></span> <span class='ocrx_word' id='word_1_429' title='bbox 533 1817 622 1852; x_wconf 90' lang='lat' dir='ltr'><strong>ipsum</strong></span> <span class='ocrx_word' id='word_1_430' title='bbox 649 1818 750 1844; x_wconf 86' lang='lat' dir='ltr'><strong>virtute</strong></span> <span class='ocrx_word' id='word_1_431' title='bbox 776 1826 826 1844; x_wconf 89' lang='lat' dir='ltr'><strong>sua</strong></span> <span class='ocrx_word' id='word_1_432' title='bbox 855 1818 977 1845; x_wconf 89' lang='lat' dir='ltr'><strong>edebat:</strong></span> <span class='ocrx_word' id='word_1_433' title='bbox 996 1816 1061 1846; x_wconf 88' lang='lat' dir='ltr'><strong>aeC</strong></span> 
     </span>
    </p>
   </div>
   <div class='ocr_carea' id='block_1_56' title="bbox 245 1864 1028 1898">
    <p class='ocr_par' dir='ltr' id='par_1_56' title="bbox 245 1864 1028 1898">
     <span class='ocr_line' id='line_1_56' title="bbox 245 1864 1028 1898; baseline 0.006 -10"><span class='ocrx_word' id='word_1_434' title='bbox 245 1869 354 1889; x_wconf 84' lang='lat' dir='ltr'><strong>rursum</strong></span> <span class='ocrx_word' id='word_1_435' title='bbox 371 1870 432 1890; x_wconf 90' lang='lat' dir='ltr'><strong>cum</strong></span> <span class='ocrx_word' id='word_1_436' title='bbox 449 1864 624 1898; x_wconf 68' lang='lat' dir='ltr'><strong>prmcepisset</strong></span> <span class='ocrx_word' id='word_1_437' title='bbox 642 1864 737 1891; x_wconf 85' lang='lat' dir='ltr'><strong>iisdem</strong></span> <span class='ocrx_word' id='word_1_438' title='bbox 763 1864 857 1892; x_wconf 84' lang='lat' dir='ltr'><strong>dicens</strong></span> <span class='ocrx_word' id='word_1_439' title='bbox 875 1874 882 1892; x_wconf 84' lang='lat'>:</span> <span class='ocrx_word' id='word_1_440' title='bbox 902 1875 910 1891; x_wconf 88' lang='lat'><strong>1</strong></span> <span class='ocrx_word' id='word_1_441' title='bbox 926 1866 1028 1894; x_wconf 81' lang='lat' dir='ltr'><strong>Euntes</strong></span> 
     </span>
    </p>
   </div>
   <div class='ocr_carea' id='block_1_57' title="bbox 243 1908 1027 1946">
    <p class='ocr_par' dir='ltr' id='par_1_57' title="bbox 243 1908 1027 1946">
     <span class='ocr_line' id='line_1_57' title="bbox 243 1908 1027 1946; baseline 0.006 -12"><span class='ocrx_word' id='word_1_442' title='bbox 243 1908 340 1935; x_wconf 85' lang='lat' dir='ltr'><strong>docete</strong></span> <span class='ocrx_word' id='word_1_443' title='bbox 352 1915 446 1936; x_wconf 88' lang='lat' dir='ltr'><strong>omnes</strong></span> <span class='ocrx_word' id='word_1_444' title='bbox 460 1913 554 1943; x_wconf 80' lang='lat' dir='ltr'><strong>gentes</strong></span> <span class='ocrx_word' id='word_1_445' title='bbox 571 1909 596 1936; x_wconf 94' lang='lat' dir='ltr'><strong>in</strong></span> <span class='ocrx_word' id='word_1_446' title='bbox 610 1910 719 1937; x_wconf 84' lang='lat' dir='ltr'><strong>nomine</strong></span> <span class='ocrx_word' id='word_1_447' title='bbox 735 1918 795 1937; x_wconf 92' lang='lat' dir='ltr'><strong>meo</strong></span> <span class='ocrx_word' id='word_1_448' title='bbox 803 1910 853 1942; x_wconf 68' lang='lat' dir='ltr'><strong>“,i</strong></span> <span class='ocrx_word' id='word_1_449' title='bbox 872 1919 954 1946; x_wconf 88' lang='lat' dir='ltr'><strong>opere</strong></span> <span class='ocrx_word' id='word_1_450' title='bbox 969 1912 1027 1939; x_wconf 85' lang='lat' dir='ltr'><strong>vir-</strong></span> 
     </span>
    </p>
   </div>
   <div class='ocr_carea' id='block_1_58' title="bbox 243 1954 1028 1993">
    <p class='ocr_par' dir='ltr' id='par_1_58' title="bbox 243 1954 1028 1993">
     <span class='ocr_line' id='line_1_58' title="bbox 243 1954 1028 1993; baseline 0.005 -12"><span class='ocrx_word' id='word_1_451' title='bbox 243 1959 328 1982; x_wconf 90' lang='lat' dir='ltr'><strong>tutem</strong></span> <span class='ocrx_word' id='word_1_452' title='bbox 343 1954 482 1982; x_wconf 84' lang='lat' dir='ltr'><strong>exhibuit:</strong></span> <span class='ocrx_word' id='word_1_453' title='bbox 499 1963 530 1982; x_wconf 86' lang='lat' dir='ltr'><strong>ac</strong></span> <span class='ocrx_word' id='word_1_454' title='bbox 547 1964 656 1983; x_wconf 83' lang='lat' dir='ltr'><strong>rursum</strong></span> <span class='ocrx_word' id='word_1_455' title='bbox 676 1964 738 1983; x_wconf 87' lang='lat' dir='ltr'><strong>cum</strong></span> <span class='ocrx_word' id='word_1_456' title='bbox 756 1957 872 1984; x_wconf 87' lang='lat' dir='ltr'><strong>diceret:</strong></span> <span class='ocrx_word' id='word_1_457' title='bbox 894 1967 904 1983; x_wconf 97' lang='lat'><strong>1</strong></span> <span class='ocrx_word' id='word_1_458' title='bbox 917 1957 1028 1993; x_wconf 87' lang='lat' dir='ltr'><strong>Oportet</strong></span> 
     </span>
    </p>
   </div>
   <div class='ocr_carea' id='block_1_59' title="bbox 243 2001 1025 2037">
    <p class='ocr_par' dir='ltr' id='par_1_59' title="bbox 243 2001 1025 2037">
     <span class='ocr_line' id='line_1_59' title="bbox 243 2001 1025 2037; baseline 0.006 -10"><span class='ocrx_word' id='word_1_459' title='bbox 243 2001 385 2036; x_wconf 65' lang='lat' dir='ltr'><strong>praedicari</strong></span> <span class='ocrx_word' id='word_1_460' title='bbox 404 2001 579 2037; x_wconf 78' lang='lat' dir='ltr'><strong>Evangeliuni</strong></span> <span class='ocrx_word' id='word_1_461' title='bbox 606 2003 683 2037; x_wconf 76' lang='lat' dir='ltr'><strong>regni</strong></span> <span class='ocrx_word' id='word_1_462' title='bbox 701 2003 727 2030; x_wconf 93' lang='lat' dir='ltr'><strong>in</strong></span> <span class='ocrx_word' id='word_1_463' title='bbox 754 2008 811 2030; x_wconf 88' lang='lat' dir='ltr'><strong>toto</strong></span> <span class='ocrx_word' id='word_1_464' title='bbox 826 2005 895 2031; x_wconf 86' lang='lat' dir='ltr'><strong>orbe</strong></span> <span class='ocrx_word' id='word_1_465' title='bbox 907 2004 933 2031; x_wconf 92' lang='lat' dir='ltr'><strong>in</strong></span> <span class='ocrx_word' id='word_1_466' title='bbox 951 2005 1025 2032; x_wconf 84' lang='lat' dir='ltr'><strong>testi-</strong></span> 
     </span>
    </p>
   </div>
   <div class='ocr_carea' id='block_1_60' title="bbox 243 2046 1027 2085">
    <p class='ocr_par' dir='ltr' id='par_1_60' title="bbox 243 2046 1027 2085">
     <span class='ocr_line' id='line_1_60' title="bbox 243 2046 1027 2085; baseline 0.006 -13"><span class='ocrx_word' id='word_1_467' title='bbox 243 2046 364 2073; x_wconf 87' lang='lat' dir='ltr'><strong>monium</strong></span> <span class='ocrx_word' id='word_1_468' title='bbox 377 2047 505 2074; x_wconf 91' lang='lat' dir='ltr'><strong>omnibus</strong></span> <span class='ocrx_word' id='word_1_469' title='bbox 522 2048 705 2082; x_wconf 73' lang='lat' dir='ltr'><strong>gentibus“,n</strong></span> <span class='ocrx_word' id='word_1_470' title='bbox 724 2049 801 2076; x_wconf 84' lang='lat' dir='ltr'><strong>verbi</strong></span> <span class='ocrx_word' id='word_1_471' title='bbox 818 2050 944 2077; x_wconf 88' lang='lat' dir='ltr'><strong>virtutem</strong></span> <span class='ocrx_word' id='word_1_472' title='bbox 961 2050 1027 2085; x_wconf 88' lang='lat' dir='ltr'><strong>ipsis</strong></span> 
     </span>
    </p>
   </div>
   <div class='ocr_carea' id='block_1_61' title="bbox 243 2091 1028 2128">
    <p class='ocr_par' dir='ltr' id='par_1_61' title="bbox 243 2091 1028 2128">
     <span class='ocr_line' id='line_1_61' title="bbox 243 2091 1028 2128; baseline 0.005 -10"><span class='ocrx_word' id='word_1_473' title='bbox 243 2091 376 2127; x_wconf 84' lang='lat' dir='ltr'><strong>operibus</strong></span> <span class='ocrx_word' id='word_1_474' title='bbox 396 2093 617 2127; x_wconf 85' lang='lat' dir='ltr'><strong>conspiciendam</strong></span> <span class='ocrx_word' id='word_1_475' title='bbox 639 2094 751 2128; x_wconf 66' lang='lat' dir='ltr'><strong>prmbuit</strong></span> <span class='ocrx_word' id='word_1_476' title='bbox 766 2116 772 2126; x_wconf 84' lang='lat'><strong>,</strong></span> <span class='ocrx_word' id='word_1_477' title='bbox 788 2100 814 2122; x_wconf 92' lang='lat' dir='ltr'><strong>et</strong></span> <span class='ocrx_word' id='word_1_478' title='bbox 842 2095 909 2122; x_wconf 88' lang='lat' dir='ltr'><strong>alias</strong></span> <span class='ocrx_word' id='word_1_479' title='bbox 935 2097 975 2122; x_wconf 82' lang='lat' dir='ltr'><strong>sic</strong></span> <span class='ocrx_word' id='word_1_480' title='bbox 988 2096 1028 2122; x_wconf 92' lang='lat' dir='ltr'><strong>lo-</strong></span> 
     </span>
    </p>
   </div>
   <div class='ocr_carea' id='block_1_62' title="bbox 243 2136 1025 2174">
    <p class='ocr_par' dir='ltr' id='par_1_62' title="bbox 243 2136 1025 2174">
     <span class='ocr_line' id='line_1_62' title="bbox 243 2136 1025 2174; baseline 0.004 -9"><span class='ocrx_word' id='word_1_481' title='bbox 243 2141 324 2165; x_wconf 80' lang='lat' dir='ltr'><strong>cutus</strong></span> <span class='ocrx_word' id='word_1_482' title='bbox 341 2146 348 2165; x_wconf 95' lang='lat'>:</span> <span class='ocrx_word' id='word_1_483' title='bbox 364 2147 373 2163; x_wconf 97' lang='lat'><strong>1</strong></span> <span class='ocrx_word' id='word_1_484' title='bbox 384 2136 473 2172; x_wconf 86' lang='lat' dir='ltr'><strong>Supra</strong></span> <span class='ocrx_word' id='word_1_485' title='bbox 489 2143 593 2173; x_wconf 87' lang='lat' dir='ltr'><strong>petram</strong></span> <span class='ocrx_word' id='word_1_486' title='bbox 608 2139 747 2168; x_wconf 64' lang='lat' dir='ltr'><strong>aediﬁcabo</strong></span> <span class='ocrx_word' id='word_1_487' title='bbox 766 2140 912 2168; x_wconf 78' lang='lat' dir='ltr'><strong>Ecclesium</strong></span> <span class='ocrx_word' id='word_1_488' title='bbox 927 2149 1025 2174; x_wconf 85' lang='lat' dir='ltr'><strong>meam,</strong></span> 
     </span>
    </p>
   </div>
   <div class='ocr_carea' id='block_1_63' title="bbox 242 2183 1024 2220">
    <p class='ocr_par' dir='ltr' id='par_1_63' title="bbox 242 2183 1024 2220">
     <span class='ocr_line' id='line_1_63' title="bbox 242 2183 1024 2220; baseline 0.005 -10"><span class='ocrx_word' id='word_1_489' title='bbox 242 2188 271 2211; x_wconf 89' lang='lat' dir='ltr'><strong>et</strong></span> <span class='ocrx_word' id='word_1_490' title='bbox 287 2187 373 2219; x_wconf 69' lang='lat' dir='ltr'><strong>portae</strong></span> <span class='ocrx_word' id='word_1_491' title='bbox 393 2183 473 2211; x_wconf 80' lang='lat' dir='ltr'><strong>inl‘eri</strong></span> <span class='ocrx_word' id='word_1_492' title='bbox 489 2192 542 2211; x_wconf 92' lang='lat' dir='ltr'><strong>non</strong></span> <span class='ocrx_word' id='word_1_493' title='bbox 557 2186 742 2219; x_wconf 75' lang='lat' dir='ltr'><strong>prtevalebunt</strong></span> <span class='ocrx_word' id='word_1_494' title='bbox 756 2187 887 2216; x_wconf 89' lang='lat' dir='ltr'><strong>adversus</strong></span> <span class='ocrx_word' id='word_1_495' title='bbox 905 2196 965 2215; x_wconf 89' lang='lat' dir='ltr'><strong>eam</strong></span> <span class='ocrx_word' id='word_1_496' title='bbox 975 2189 1024 2220; x_wconf 72' lang='lat' dir='ltr'><strong>&quot;,n</strong></span> 
     </span>
    </p>
   </div>
   <div class='ocr_carea' id='block_1_64' title="bbox 241 2229 1026 2267">
    <p class='ocr_par' dir='ltr' id='par_1_64' title="bbox 241 2229 1026 2267">
     <span class='ocr_line' id='line_1_64' title="bbox 241 2229 1026 2267; baseline 0.006 -11"><span class='ocrx_word' id='word_1_497' title='bbox 241 2237 273 2257; x_wconf 89' lang='lat' dir='ltr'><strong>re</strong></span> <span class='ocrx_word' id='word_1_498' title='bbox 289 2230 350 2265; x_wconf 89' lang='lat' dir='ltr'><strong>ipsa</strong></span> <span class='ocrx_word' id='word_1_499' title='bbox 366 2229 421 2257; x_wconf 84' lang='lat' dir='ltr'><strong>vim</strong></span> <span class='ocrx_word' id='word_1_500' title='bbox 445 2230 603 2258; x_wconf 87' lang='lat' dir='ltr'><strong>declaravit.</strong></span> <span class='ocrx_word' id='word_1_501' title='bbox 628 2231 728 2259; x_wconf 86' lang='lat' dir='ltr'><strong>Eodem</strong></span> <span class='ocrx_word' id='word_1_502' title='bbox 755 2241 868 2267; x_wconf 83' lang='lat' dir='ltr'><strong>prorsus</strong></span> <span class='ocrx_word' id='word_1_503' title='bbox 893 2234 974 2261; x_wconf 85' lang='lat' dir='ltr'><strong>modo</strong></span> <span class='ocrx_word' id='word_1_504' title='bbox 1000 2235 1026 2262; x_wconf 93' lang='lat' dir='ltr'><strong>in</strong></span> 
     </span>
    </p>
   </div>
   <div class='ocr_carea' id='block_1_65' title="bbox 243 2276 1024 2312">
    <p class='ocr_par' dir='ltr' id='par_1_65' title="bbox 243 2276 1024 2312">
     <span class='ocr_line' id='line_1_65' title="bbox 243 2276 1024 2312; baseline 0.008 -10"><span class='ocrx_word' id='word_1_505' title='bbox 243 2276 351 2303; x_wconf 70' lang='lat' dir='ltr'><strong>caeteris</strong></span> <span class='ocrx_word' id='word_1_506' title='bbox 377 2276 505 2304; x_wconf 90' lang='lat' dir='ltr'><strong>omnibus</strong></span> <span class='ocrx_word' id='word_1_507' title='bbox 534 2277 594 2312; x_wconf 88' lang='lat' dir='ltr'><strong>ejus</strong></span> <span class='ocrx_word' id='word_1_508' title='bbox 613 2277 746 2305; x_wconf 78' lang='lat' dir='ltr'><strong>doctrinze</strong></span> <span class='ocrx_word' id='word_1_509' title='bbox 764 2279 856 2308; x_wconf 79' lang='lat' dir='ltr'><strong>verbis</strong></span> <span class='ocrx_word' id='word_1_510' title='bbox 879 2281 1024 2308; x_wconf 86' lang='lat' dir='ltr'><strong>admistam</strong></span> 
     </span>
    </p>
   </div>
   <div class='ocr_carea' id='block_1_66' title="bbox 244 2321 1027 2362">
    <p class='ocr_par' dir='ltr' id='par_1_66' title="bbox 244 2321 1027 2362">
     <span class='ocr_line' id='line_1_66' title="bbox 244 2321 1027 2362; baseline 0.008 -13"><span class='ocrx_word' id='word_1_511' title='bbox 244 2321 363 2349; x_wconf 82' lang='lat' dir='ltr'><strong>divinam</strong></span> <span class='ocrx_word' id='word_1_512' title='bbox 383 2322 443 2357; x_wconf 88' lang='lat' dir='ltr'><strong>ejus</strong></span> <span class='ocrx_word' id='word_1_513' title='bbox 462 2323 591 2351; x_wconf 90' lang='lat' dir='ltr'><strong>virtutem</strong></span> <span class='ocrx_word' id='word_1_514' title='bbox 611 2324 810 2359; x_wconf 85' lang='lat' dir='ltr'><strong>deprehendas.</strong></span> <span class='ocrx_word' id='word_1_515' title='bbox 839 2326 924 2362; x_wconf 86' lang='lat' dir='ltr'><strong>Cujus</strong></span> <span class='ocrx_word' id='word_1_516' title='bbox 942 2335 1027 2355; x_wconf 89' lang='lat' dir='ltr'><strong>causa</strong></span> 
     </span>
    </p>
   </div>
   <div class='ocr_carea' id='block_1_67' title="bbox 243 2367 1024 2400">
    <p class='ocr_par' dir='ltr' id='par_1_67' title="bbox 243 2367 1024 2400">
     <span class='ocr_line' id='line_1_67' title="bbox 243 2367 1024 2400; baseline 0.008 -6"><span class='ocrx_word' id='word_1_517' title='bbox 243 2367 346 2395; x_wconf 89' lang='lat' dir='ltr'><strong>dictum</strong></span> <span class='ocrx_word' id='word_1_518' title='bbox 361 2372 403 2396; x_wconf 87' lang='lat' dir='ltr'><strong>est</strong></span> <span class='ocrx_word' id='word_1_519' title='bbox 417 2378 422 2396; x_wconf 90' lang='lat'>:</span> <span class='ocrx_word' id='word_1_520' title='bbox 442 2370 451 2394; x_wconf 83' lang='lat'><strong>1</strong></span> <span class='ocrx_word' id='word_1_521' title='bbox 464 2368 533 2397; x_wconf 83' lang='lat' dir='ltr'><strong>Ecce</strong></span> <span class='ocrx_word' id='word_1_522' title='bbox 545 2370 621 2396; x_wconf 90' lang='lat' dir='ltr'><strong>dabit</strong></span> <span class='ocrx_word' id='word_1_523' title='bbox 639 2371 699 2397; x_wconf 86' lang='lat' dir='ltr'><strong>voci</strong></span> <span class='ocrx_word' id='word_1_524' title='bbox 711 2378 767 2398; x_wconf 71' lang='lat' dir='ltr'><strong>sua:</strong></span> <span class='ocrx_word' id='word_1_525' title='bbox 781 2379 874 2399; x_wconf 89' lang='lat' dir='ltr'><strong>vocem</strong></span> <span class='ocrx_word' id='word_1_526' title='bbox 889 2374 1024 2400; x_wconf 67' lang='lat' dir='ltr'><strong>virtutis.»</strong></span> 
     </span>
    </p>
   </div>
   <div class='ocr_carea' id='block_1_68' title="bbox 245 2412 1028 2454">
    <p class='ocr_par' dir='ltr' id='par_1_68' title="bbox 245 2412 1028 2454">
     <span class='ocr_line' id='line_1_68' title="bbox 245 2412 1028 2454; baseline 0.008 -14"><span class='ocrx_word' id='word_1_527' title='bbox 245 2412 298 2441; x_wconf 81' lang='lat' dir='ltr'><strong>Sed</strong></span> <span class='ocrx_word' id='word_1_528' title='bbox 319 2414 398 2441; x_wconf 87' lang='lat' dir='ltr'><strong>etiam</strong></span> <span class='ocrx_word' id='word_1_529' title='bbox 427 2414 469 2442; x_wconf 88' lang='lat' dir='ltr'><strong>his</strong></span> <span class='ocrx_word' id='word_1_530' title='bbox 485 2415 593 2442; x_wconf 84' lang='lat' dir='ltr'><strong>traditis</strong></span> <span class='ocrx_word' id='word_1_531' title='bbox 619 2415 764 2448; x_wconf 82' lang='lat' dir='ltr'><strong>institutis,</strong></span> <span class='ocrx_word' id='word_1_532' title='bbox 782 2417 834 2444; x_wconf 90' lang='lat' dir='ltr'><strong>sub</strong></span> <span class='ocrx_word' id='word_1_533' title='bbox 855 2418 912 2445; x_wconf 62' lang='lat' dir='ltr'><strong>hinc</strong></span> <span class='ocrx_word' id='word_1_534' title='bbox 933 2419 1028 2454; x_wconf 78' lang='lat' dir='ltr'><strong>praeci-</strong></span> 
     </span>
    </p>
   </div>
   <div class='ocr_carea' id='block_1_69' title="bbox 243 2458 1027 2500">
    <p class='ocr_par' dir='ltr' id='par_1_69' title="bbox 243 2458 1027 2500">
     <span class='ocr_line' id='line_1_69' title="bbox 243 2458 1027 2500; baseline 0.009 -15"><span class='ocrx_word' id='word_1_535' title='bbox 243 2458 301 2493; x_wconf 86' lang='lat' dir='ltr'><strong>pit:</strong></span> <span class='ocrx_word' id='word_1_536' title='bbox 321 2468 329 2484; x_wconf 95' lang='lat'><strong>1</strong></span> <span class='ocrx_word' id='word_1_537' title='bbox 341 2459 407 2487; x_wconf 86' lang='lat' dir='ltr'><strong>Date</strong></span> <span class='ocrx_word' id='word_1_538' title='bbox 423 2461 536 2496; x_wconf 76' lang='lat' dir='ltr'><strong>gloriam</strong></span> <span class='ocrx_word' id='word_1_539' title='bbox 566 2461 620 2489; x_wconf 82' lang='lat' dir='ltr'><strong>Deo</strong></span> <span class='ocrx_word' id='word_1_540' title='bbox 639 2470 721 2497; x_wconf 89' lang='lat' dir='ltr'><strong>super</strong></span> <span class='ocrx_word' id='word_1_541' title='bbox 738 2462 835 2491; x_wconf 87' lang='lat' dir='ltr'><strong>lsrael:</strong></span> <span class='ocrx_word' id='word_1_542' title='bbox 853 2465 1027 2500; x_wconf 80' lang='lat' dir='ltr'><strong>magniﬁcen-</strong></span> 
     </span>
    </p>
   </div>
   <div class='ocr_carea' id='block_1_70' title="bbox 244 2503 1025 2544">
    <p class='ocr_par' dir='ltr' id='par_1_70' title="bbox 244 2503 1025 2544">
     <span class='ocr_line' id='line_1_70' title="bbox 244 2503 1025 2544; baseline 0.009 -14"><span class='ocrx_word' id='word_1_543' title='bbox 244 2503 283 2530; x_wconf 83' lang='lat' dir='ltr'><strong>tia</strong></span> <span class='ocrx_word' id='word_1_544' title='bbox 299 2503 359 2538; x_wconf 87' lang='lat' dir='ltr'><strong>ejus</strong></span> <span class='ocrx_word' id='word_1_545' title='bbox 377 2509 405 2532; x_wconf 87' lang='lat' dir='ltr'><strong>et</strong></span> <span class='ocrx_word' id='word_1_546' title='bbox 419 2505 505 2533; x_wconf 90' lang='lat' dir='ltr'><strong>virtus</strong></span> <span class='ocrx_word' id='word_1_547' title='bbox 520 2506 580 2541; x_wconf 91' lang='lat' dir='ltr'><strong>ejus</strong></span> <span class='ocrx_word' id='word_1_548' title='bbox 595 2507 623 2534; x_wconf 86' lang='lat' dir='ltr'><strong>in</strong></span> <span class='ocrx_word' id='word_1_549' title='bbox 644 2507 791 2536; x_wconf 64' lang='lat' dir='ltr'><strong>nubibus.»</strong></span> <span class='ocrx_word' id='word_1_550' title='bbox 823 2509 890 2536; x_wconf 87' lang='lat' dir='ltr'><strong>illud</strong></span> <span class='ocrx_word' id='word_1_551' title='bbox 905 2510 1025 2544; x_wconf 81' lang='lat' dir='ltr'><strong>quidem,</strong></span> 
     </span>
    </p>
   </div>
   <div class='ocr_carea' id='block_1_71' title="bbox 248 2549 1026 2590">
    <p class='ocr_par' dir='ltr' id='par_1_71' title="bbox 248 2549 1026 2590">
     <span class='ocr_line' id='line_1_71' title="bbox 248 2549 1026 2590; baseline 0.01 -15"><span class='ocrx_word' id='word_1_552' title='bbox 248 2558 258 2575; x_wconf 94' lang='lat'><strong>1</strong></span> <span class='ocrx_word' id='word_1_553' title='bbox 271 2549 337 2577; x_wconf 90' lang='lat' dir='ltr'><strong>Date</strong></span> <span class='ocrx_word' id='word_1_554' title='bbox 359 2551 473 2585; x_wconf 77' lang='lat' dir='ltr'><strong>gloriam</strong></span> <span class='ocrx_word' id='word_1_555' title='bbox 489 2551 570 2584; x_wconf 71' lang='lat' dir='ltr'><strong>Deo,»</strong></span> <span class='ocrx_word' id='word_1_556' title='bbox 586 2554 715 2582; x_wconf 89' lang='lat' dir='ltr'><strong>omnibus</strong></span> <span class='ocrx_word' id='word_1_557' title='bbox 728 2554 840 2587; x_wconf 89' lang='lat' dir='ltr'><strong>dicitur,</strong></span> <span class='ocrx_word' id='word_1_558' title='bbox 861 2555 907 2590; x_wconf 87' lang='lat' dir='ltr'><strong>qui</strong></span> <span class='ocrx_word' id='word_1_559' title='bbox 931 2555 966 2582; x_wconf 86' lang='lat' dir='ltr'><strong>ad</strong></span> <span class='ocrx_word' id='word_1_560' title='bbox 981 2563 1026 2583; x_wconf 87' lang='lat' dir='ltr'><strong>sa-</strong></span> 
     </span>
    </p>
   </div>
   <div class='ocr_carea' id='block_1_72' title="bbox 246 2595 1027 2635">
    <p class='ocr_par' dir='ltr' id='par_1_72' title="bbox 246 2595 1027 2635">
     <span class='ocr_line' id='line_1_72' title="bbox 246 2595 1027 2635; baseline 0.008 -13"><span class='ocrx_word' id='word_1_561' title='bbox 246 2596 360 2623; x_wconf 76' lang='lat' dir='ltr'><strong>lutarem</strong></span> <span class='ocrx_word' id='word_1_562' title='bbox 373 2595 451 2623; x_wconf 82' lang='lat' dir='ltr'><strong>ﬁdem</strong></span> <span class='ocrx_word' id='word_1_563' title='bbox 465 2603 613 2631; x_wconf 81' lang='lat' dir='ltr'><strong>vocantur;</strong></span> <span class='ocrx_word' id='word_1_564' title='bbox 630 2599 696 2626; x_wconf 89' lang='lat' dir='ltr'><strong>illud</strong></span> <span class='ocrx_word' id='word_1_565' title='bbox 708 2603 810 2632; x_wconf 84' lang='lat' dir='ltr'><strong>autem,</strong></span> <span class='ocrx_word' id='word_1_566' title='bbox 830 2609 839 2625; x_wconf 93' lang='lat'><strong>1</strong></span> <span class='ocrx_word' id='word_1_567' title='bbox 854 2608 936 2635; x_wconf 83' lang='lat' dir='ltr'><strong>super</strong></span> <span class='ocrx_word' id='word_1_568' title='bbox 947 2600 1027 2628; x_wconf 88' lang='lat' dir='ltr'><strong>lsrael</strong></span> 
     </span>
    </p>
   </div>
   <div class='ocr_carea' id='block_1_73' title="bbox 246 2639 1026 2679">
    <p class='ocr_par' dir='ltr' id='par_1_73' title="bbox 246 2639 1026 2679">
     <span class='ocr_line' id='line_1_73' title="bbox 246 2639 1026 2679; baseline 0.006 -13"><span class='ocrx_word' id='word_1_569' title='bbox 246 2639 448 2675; x_wconf 77' lang='lat' dir='ltr'><strong>magniﬁcentia</strong></span> <span class='ocrx_word' id='word_1_570' title='bbox 477 2642 564 2677; x_wconf 60' lang='lat' dir='ltr'><strong>ejusn</strong></span> <span class='ocrx_word' id='word_1_571' title='bbox 595 2643 729 2678; x_wconf 79' lang='lat' dir='ltr'><strong>signiﬁcat</strong></span> <span class='ocrx_word' id='word_1_572' title='bbox 743 2651 791 2671; x_wconf 85' lang='lat' dir='ltr'><strong>eos</strong></span> <span class='ocrx_word' id='word_1_573' title='bbox 810 2652 843 2671; x_wconf 78' lang='lat' dir='ltr'><strong>ex</strong></span> <span class='ocrx_word' id='word_1_574' title='bbox 866 2643 965 2672; x_wconf 87' lang='lat' dir='ltr'><strong>lsraele</strong></span> <span class='ocrx_word' id='word_1_575' title='bbox 980 2645 1026 2679; x_wconf 89' lang='lat' dir='ltr'><strong>qui</strong></span> 
     </span>
    </p>
   </div>
   <div class='ocr_carea' id='block_1_74' title="bbox 245 2686 1028 2724">
    <p class='ocr_par' dir='ltr' id='par_1_74' title="bbox 245 2686 1028 2724">
     <span class='ocr_line' id='line_1_74' title="bbox 245 2686 1028 2724; baseline 0.003 -10"><span class='ocrx_word' id='word_1_576' title='bbox 245 2686 354 2715; x_wconf 82' lang='lat' dir='ltr'><strong>deitatis</strong></span> <span class='ocrx_word' id='word_1_577' title='bbox 379 2687 439 2722; x_wconf 85' lang='lat' dir='ltr'><strong>ejus</strong></span> <span class='ocrx_word' id='word_1_578' title='bbox 460 2695 599 2723; x_wconf 60' lang='lat' dir='ltr'><strong>pracones</strong></span> <span class='ocrx_word' id='word_1_579' title='bbox 620 2688 740 2720; x_wconf 74' lang='lat' dir='ltr'><strong>fuerunt,</strong></span> <span class='ocrx_word' id='word_1_580' title='bbox 762 2690 901 2724; x_wconf 83' lang='lat' dir='ltr'><strong>apostolos</strong></span> <span class='ocrx_word' id='word_1_581' title='bbox 923 2690 1028 2717; x_wconf 83' lang='lat' dir='ltr'><strong>scilicet</strong></span> 
     </span>
    </p>
   </div>
   <div class='ocr_carea' id='block_1_75' title="bbox 245 2731 1026 2770">
    <p class='ocr_par' dir='ltr' id='par_1_75' title="bbox 245 2731 1026 2770">
     <span class='ocr_line' id='line_1_75' title="bbox 245 2731 1026 2770; baseline 0 -9"><span class='ocrx_word' id='word_1_582' title='bbox 245 2735 274 2761; x_wconf 64' lang='lat' dir='ltr'><strong>et</strong></span> <span class='ocrx_word' id='word_1_583' title='bbox 289 2731 483 2767; x_wconf 74' lang='lat' dir='ltr'><strong>evangelistas,</strong></span> <span class='ocrx_word' id='word_1_584' title='bbox 500 2740 514 2759; x_wconf 85' lang='lat' dir='ltr'><strong>a</strong></span> <span class='ocrx_word' id='word_1_585' title='bbox 529 2734 629 2767; x_wconf 87' lang='lat' dir='ltr'><strong>quibus</strong></span> <span class='ocrx_word' id='word_1_586' title='bbox 649 2735 850 2770; x_wconf 72' lang='lat' dir='ltr'><strong>magniﬁcentia</strong></span> <span class='ocrx_word' id='word_1_587' title='bbox 865 2735 937 2770; x_wconf 86' lang='lat' dir='ltr'><strong>ejus,</strong></span> <span class='ocrx_word' id='word_1_588' title='bbox 951 2734 1026 2761; x_wconf 87' lang='lat' dir='ltr'><strong>vide-</strong></span> 
     </span>
    </p>
   </div>
   <div class='ocr_carea' id='block_1_76' title="bbox 246 2778 1023 2813">
    <p class='ocr_par' dir='ltr' id='par_1_76' title="bbox 246 2778 1023 2813">
     <span class='ocr_line' id='line_1_76' title="bbox 246 2778 1023 2813; baseline 0 -7"><span class='ocrx_word' id='word_1_589' title='bbox 246 2778 310 2806; x_wconf 71' lang='lat' dir='ltr'><strong>licet</strong></span> <span class='ocrx_word' id='word_1_590' title='bbox 340 2779 459 2812; x_wconf 83' lang='lat' dir='ltr'><strong>deitalis,</strong></span> <span class='ocrx_word' id='word_1_591' title='bbox 497 2780 673 2807; x_wconf 84' lang='lat' dir='ltr'><strong>noscebatur.</strong></span> <span class='ocrx_word' id='word_1_592' title='bbox 703 2780 794 2813; x_wconf 81' lang='lat' dir='ltr'><strong>Quare</strong></span> <span class='ocrx_word' id='word_1_593' title='bbox 819 2781 883 2808; x_wconf 92' lang='lat' dir='ltr'><strong>alibi</strong></span> <span class='ocrx_word' id='word_1_594' title='bbox 904 2780 1023 2807; x_wconf 90' lang='lat' dir='ltr'><strong>dicitur:</strong></span> 
     </span>
    </p>
   </div>
   <div class='ocr_carea' id='block_1_77' title="bbox 1081 1180 1876 1217">
    <p class='ocr_par' dir='ltr' id='par_1_77' title="bbox 1081 1180 1876 1217">
     <span class='ocr_line' id='line_1_77' title="bbox 1081 1180 1876 1217; baseline -0.001 -8"><span class='ocrx_word' id='word_1_595' title='bbox 1081 1183 1140 1209; x_wconf 84' lang='grc' dir='ltr'>δότε</span> <span class='ocrx_word' id='word_1_596' title='bbox 1155 1182 1232 1214; x_wconf 79' lang='grc' dir='ltr'>δόξαν</span> <span class='ocrx_word' id='word_1_597' title='bbox 1247 1182 1285 1217; x_wconf 84' lang='grc' dir='ltr'>τῷ</span> <span class='ocrx_word' id='word_1_598' title='bbox 1301 1181 1361 1217; x_wconf 79' lang='grc' dir='ltr'><strong>Θεῷ</strong></span> <span class='ocrx_word' id='word_1_599' title='bbox 1377 1181 1423 1208; x_wconf 76' lang='grc' dir='ltr'><strong>ἐπὶ</strong></span> <span class='ocrx_word' id='word_1_600' title='bbox 1439 1181 1483 1208; x_wconf 78' lang='grc' dir='ltr'><strong>τὸν</strong></span> <span class='ocrx_word' id='word_1_601' title='bbox 1500 1180 1616 1217; x_wconf 78' lang='grc' dir='ltr'>Ἰσραήλ.</span> <span class='ocrx_word' id='word_1_602' title='bbox 1635 1191 1645 1206; x_wconf 72' lang='grc' dir='ltr'><strong>ι</strong></span> <span class='ocrx_word' id='word_1_603' title='bbox 1662 1180 1809 1217; x_wconf 84' lang='grc' dir='ltr'>Γνώρισμα</span> <span class='ocrx_word' id='word_1_604' title='bbox 1825 1181 1876 1208; x_wconf 71' lang='grc' dir='ltr'>τοῦ</span> 
     </span>
    </p>
   </div>
   <div class='ocr_carea' id='block_1_78' title="bbox 1081 1227 1875 1263">
    <p class='ocr_par' dir='ltr' id='par_1_78' title="bbox 1081 1227 1875 1263">
     <span class='ocr_line' id='line_1_78' title="bbox 1081 1227 1875 1263; baseline 0.001 -9"><span class='ocrx_word' id='word_1_605' title='bbox 1081 1228 1244 1263; x_wconf 84' lang='grc' dir='ltr'>δηλωθέντος</span> <span class='ocrx_word' id='word_1_606' title='bbox 1267 1227 1371 1263; x_wconf 80' lang='grc' dir='ltr'>Κυρίου</span> <span class='ocrx_word' id='word_1_607' title='bbox 1395 1227 1561 1263; x_wconf 77' lang='grc' dir='ltr'>παραδίδωσι</span> <span class='ocrx_word' id='word_1_608' title='bbox 1586 1227 1686 1261; x_wconf 78' lang='grc' dir='ltr'>λέγων·</span> <span class='ocrx_word' id='word_1_609' title='bbox 1705 1237 1713 1253; x_wconf 95' lang='lat'><strong>1</strong></span> <span class='ocrx_word' id='word_1_610' title='bbox 1737 1227 1801 1255; x_wconf 80' lang='grc' dir='ltr'>Ἰδοὺ</span> <span class='ocrx_word' id='word_1_611' title='bbox 1823 1228 1875 1254; x_wconf 85' lang='grc' dir='ltr'><strong>δώ-</strong></span> 
     </span>
    </p>
   </div>
   <div class='ocr_carea' id='block_1_79' title="bbox 1083 1273 1876 1310">
    <p class='ocr_par' dir='ltr' id='par_1_79' title="bbox 1083 1273 1876 1310">
     <span class='ocr_line' id='line_1_79' title="bbox 1083 1273 1876 1310; baseline 0 -9"><span class='ocrx_word' id='word_1_612' title='bbox 1083 1284 1123 1301; x_wconf 86' lang='grc' dir='ltr'><strong>σει</strong></span> <span class='ocrx_word' id='word_1_613' title='bbox 1136 1276 1168 1310; x_wconf 86' lang='grc' dir='ltr'><strong>τῇ</strong></span> <span class='ocrx_word' id='word_1_614' title='bbox 1186 1274 1260 1310; x_wconf 84' lang='grc' dir='ltr'><strong>φωνῇ</strong></span> <span class='ocrx_word' id='word_1_615' title='bbox 1272 1273 1354 1300; x_wconf 75' lang='grc' dir='ltr'>αὐτοῦ</span> <span class='ocrx_word' id='word_1_616' title='bbox 1371 1273 1459 1308; x_wconf 69' lang='grc' dir='ltr'>φωνὴν</span> <span class='ocrx_word' id='word_1_617' title='bbox 1475 1273 1624 1309; x_wconf 76' lang='grc' dir='ltr'>δυνάμεως.</span> <span class='ocrx_word' id='word_1_618' title='bbox 1644 1283 1653 1299; x_wconf 71' lang='grc' dir='ltr'><strong>ι</strong></span> <span class='ocrx_word' id='word_1_619' title='bbox 1674 1273 1813 1300; x_wconf 77' lang='grc' dir='ltr'>Ἐντεῦθεν</span> <span class='ocrx_word' id='word_1_620' title='bbox 1826 1273 1876 1301; x_wconf 75' lang='grc' dir='ltr'>οὖν</span> 
     </span>
    </p>
   </div>
   <div class='ocr_carea' id='block_1_80' title="bbox 1082 1319 1874 1357">
    <p class='ocr_par' dir='ltr' id='par_1_80' title="bbox 1082 1319 1874 1357">
     <span class='ocr_line' id='line_1_80' title="bbox 1082 1319 1874 1357; baseline 0 -9"><span class='ocrx_word' id='word_1_621' title='bbox 1082 1321 1189 1357; x_wconf 82' lang='grc' dir='ltr'>άληθῶς</span> <span class='ocrx_word' id='word_1_622' title='bbox 1205 1321 1262 1347; x_wconf 78' lang='grc' dir='ltr'>ἐστι</span> <span class='ocrx_word' id='word_1_623' title='bbox 1278 1319 1479 1356; x_wconf 77' lang='grc' dir='ltr'>χαρακτηρὶσαι</span> <span class='ocrx_word' id='word_1_624' title='bbox 1492 1320 1541 1355; x_wconf 78' lang='grc' dir='ltr'>τὴν</span> <span class='ocrx_word' id='word_1_625' title='bbox 1558 1319 1656 1355; x_wconf 82' lang='grc' dir='ltr'>ἀρετὴν</span> <span class='ocrx_word' id='word_1_626' title='bbox 1676 1329 1685 1345; x_wconf 95' lang='lat'><strong>1</strong></span> <span class='ocrx_word' id='word_1_627' title='bbox 1701 1319 1748 1347; x_wconf 80' lang='grc' dir='ltr'>τοῦ</span> <span class='ocrx_word' id='word_1_628' title='bbox 1758 1321 1786 1348; x_wconf 79' lang='grc' dir='ltr'>ὲν</span> <span class='ocrx_word' id='word_1_629' title='bbox 1801 1321 1874 1357; x_wconf 81' lang='grc' dir='ltr'>ἀρχῇ</span> 
     </span>
    </p>
   </div>
   <div class='ocr_carea' id='block_1_81' title="bbox 1082 1365 1875 1402">
    <p class='ocr_par' dir='ltr' id='par_1_81' title="bbox 1082 1365 1875 1402">
     <span class='ocr_line' id='line_1_81' title="bbox 1082 1365 1875 1402; baseline 0.003 -11"><span class='ocrx_word' id='word_1_630' title='bbox 1082 1365 1149 1401; x_wconf 80' lang='grc' dir='ltr'>πρὸς</span> <span class='ocrx_word' id='word_1_631' title='bbox 1166 1365 1210 1392; x_wconf 79' lang='grc' dir='ltr'><strong>τὸν</strong></span> <span class='ocrx_word' id='word_1_632' title='bbox 1225 1365 1291 1391; x_wconf 83' lang='grc' dir='ltr'>θεὸν</span> <span class='ocrx_word' id='word_1_633' title='bbox 1307 1375 1316 1391; x_wconf 67' lang='grc' dir='ltr'><strong>ι</strong></span> <span class='ocrx_word' id='word_1_634' title='bbox 1327 1365 1394 1392; x_wconf 78' lang='grc' dir='ltr'>Θεοῦ</span> <span class='ocrx_word' id='word_1_635' title='bbox 1411 1365 1509 1399; x_wconf 77' lang='grc' dir='ltr'>Λόγου,</span> <span class='ocrx_word' id='word_1_636' title='bbox 1523 1366 1554 1391; x_wconf 78' lang='grc' dir='ltr'>ἐκ</span> <span class='ocrx_word' id='word_1_637' title='bbox 1565 1365 1610 1392; x_wconf 81' lang='grc' dir='ltr'>τοῦ</span> <span class='ocrx_word' id='word_1_638' title='bbox 1622 1366 1670 1401; x_wconf 80' lang='grc' dir='ltr'>τὴν</span> <span class='ocrx_word' id='word_1_639' title='bbox 1685 1366 1775 1402; x_wconf 75' lang='grc' dir='ltr'>φωνὴν</span> <span class='ocrx_word' id='word_1_640' title='bbox 1791 1366 1875 1393; x_wconf 79' lang='grc' dir='ltr'>αὐτοῦ</span> 
     </span>
    </p>
   </div>
   <div class='ocr_carea' id='block_1_82' title="bbox 1084 1410 1875 1450">
    <p class='ocr_par' dir='ltr' id='par_1_82' title="bbox 1084 1410 1875 1450">
     <span class='ocr_line' id='line_1_82' title="bbox 1084 1410 1875 1450; baseline 0 -11"><span class='ocrx_word' id='word_1_641' title='bbox 1084 1412 1121 1448; x_wconf 86' lang='grc' dir='ltr'>μὴ</span> <span class='ocrx_word' id='word_1_642' title='bbox 1135 1411 1229 1447; x_wconf 83' lang='grc' dir='ltr'>ὁμοίαν</span> <span class='ocrx_word' id='word_1_643' title='bbox 1247 1410 1316 1438; x_wconf 75' lang='grc' dir='ltr'>εἶναι</span> <span class='ocrx_word' id='word_1_644' title='bbox 1332 1410 1496 1447; x_wconf 82' lang='grc' dir='ltr'>ἀνθρώποις,</span> <span class='ocrx_word' id='word_1_645' title='bbox 1516 1412 1655 1447; x_wconf 79' lang='grc' dir='ltr'>δυνάμεως</span> <span class='ocrx_word' id='word_1_646' title='bbox 1674 1412 1702 1439; x_wconf 81' lang='grc' dir='ltr'>δὲ</span> <span class='ocrx_word' id='word_1_647' title='bbox 1723 1413 1875 1450; x_wconf 78' lang='grc' dir='ltr'>πεπληρῶ-</span> 
     </span>
    </p>
   </div>
   <div class='ocr_carea' id='block_1_83' title="bbox 1083 1457 1876 1495">
    <p class='ocr_par' dir='ltr' id='par_1_83' title="bbox 1083 1457 1876 1495">
     <span class='ocr_line' id='line_1_83' title="bbox 1083 1457 1876 1495; baseline 0.003 -11"><span class='ocrx_word' id='word_1_648' title='bbox 1083 1458 1144 1485; x_wconf 84' lang='grc' dir='ltr'>σθαι</span> <span class='ocrx_word' id='word_1_649' title='bbox 1161 1458 1244 1490; x_wconf 82' lang='grc' dir='ltr'>θείας.</span> <span class='ocrx_word' id='word_1_650' title='bbox 1267 1467 1276 1484; x_wconf 84' lang='grc'><strong>(</strong></span> <span class='ocrx_word' id='word_1_651' title='bbox 1292 1457 1377 1484; x_wconf 87' lang='grc' dir='ltr'>Δὼσει</span> <span class='ocrx_word' id='word_1_652' title='bbox 1397 1467 1406 1484; x_wconf 70' lang='grc' dir='ltr'><strong>ι</strong></span> <span class='ocrx_word' id='word_1_653' title='bbox 1422 1458 1487 1494; x_wconf 82' lang='grc' dir='ltr'>γὰρ,</span> <span class='ocrx_word' id='word_1_654' title='bbox 1510 1458 1586 1494; x_wconf 76' lang='grc' dir='ltr'>φησὶ,</span> <span class='ocrx_word' id='word_1_655' title='bbox 1605 1468 1614 1484; x_wconf 92' lang='lat'><strong>1</strong></span> <span class='ocrx_word' id='word_1_656' title='bbox 1629 1460 1662 1494; x_wconf 83' lang='grc' dir='ltr'><strong>τῇ</strong></span> <span class='ocrx_word' id='word_1_657' title='bbox 1689 1460 1764 1495; x_wconf 82' lang='grc' dir='ltr'>φωνῇ</span> <span class='ocrx_word' id='word_1_658' title='bbox 1790 1460 1876 1486; x_wconf 74' lang='grc' dir='ltr'>αὑτοῦ</span> 
     </span>
    </p>
   </div>
   <div class='ocr_carea' id='block_1_84' title="bbox 1082 1504 1876 1541">
    <p class='ocr_par' dir='ltr' id='par_1_84' title="bbox 1082 1504 1876 1541">
     <span class='ocr_line' id='line_1_84' title="bbox 1082 1504 1876 1541; baseline 0.001 -10"><span class='ocrx_word' id='word_1_659' title='bbox 1082 1504 1173 1541; x_wconf 80' lang='grc' dir='ltr'>φωνὴν</span> <span class='ocrx_word' id='word_1_660' title='bbox 1189 1505 1341 1541; x_wconf 83' lang='grc' dir='ltr'>δυνάμεως.</span> <span class='ocrx_word' id='word_1_661' title='bbox 1359 1514 1368 1530; x_wconf 69' lang='grc' dir='ltr'><strong>ι</strong></span> <span class='ocrx_word' id='word_1_662' title='bbox 1381 1504 1436 1531; x_wconf 71' lang='grc' dir='ltr'>Καὶ</span> <span class='ocrx_word' id='word_1_663' title='bbox 1458 1505 1586 1540; x_wconf 82' lang='grc' dir='ltr'>ἀνωτέρω</span> <span class='ocrx_word' id='word_1_664' title='bbox 1601 1505 1628 1531; x_wconf 78' lang='grc' dir='ltr'>δὲ</span> <span class='ocrx_word' id='word_1_665' title='bbox 1648 1505 1769 1539; x_wconf 76' lang='grc' dir='ltr'>ἐλέγετο·</span> <span class='ocrx_word' id='word_1_666' title='bbox 1787 1515 1797 1531; x_wconf 96' lang='lat'><strong>1</strong></span> <span class='ocrx_word' id='word_1_667' title='bbox 1817 1506 1876 1533; x_wconf 76' lang='grc' dir='ltr'>Κύ-</span> 
     </span>
    </p>
   </div>
   <div class='ocr_carea' id='block_1_85' title="bbox 1084 1550 1875 1588">
    <p class='ocr_par' dir='ltr' id='par_1_85' title="bbox 1084 1550 1875 1588">
     <span class='ocr_line' id='line_1_85' title="bbox 1084 1550 1875 1588; baseline 0.001 -11"><span class='ocrx_word' id='word_1_668' title='bbox 1084 1559 1140 1586; x_wconf 83' lang='grc' dir='ltr'>ριος</span> <span class='ocrx_word' id='word_1_669' title='bbox 1167 1550 1246 1577; x_wconf 79' lang='grc' dir='ltr'>δώσει</span> <span class='ocrx_word' id='word_1_670' title='bbox 1279 1551 1354 1586; x_wconf 75' lang='grc' dir='ltr'>ῥῆμα</span> <span class='ocrx_word' id='word_1_671' title='bbox 1387 1551 1444 1581; x_wconf 87' lang='grc' dir='ltr'>τοῖς</span> <span class='ocrx_word' id='word_1_672' title='bbox 1480 1550 1731 1586; x_wconf 81' lang='grc' dir='ltr'>εὐαγγελιζομένοις</span> <span class='ocrx_word' id='word_1_673' title='bbox 1759 1551 1875 1588; x_wconf 75' lang='grc' dir='ltr'>δυναμει</span> 
     </span>
    </p>
   </div>
   <div class='ocr_carea' id='block_1_86' title="bbox 1082 1596 1874 1634">
    <p class='ocr_par' dir='ltr' id='par_1_86' title="bbox 1082 1596 1874 1634">
     <span class='ocr_line' id='line_1_86' title="bbox 1082 1596 1874 1634; baseline 0.003 -11"><span class='ocrx_word' id='word_1_674' title='bbox 1082 1597 1174 1632; x_wconf 87' lang='grc' dir='ltr'>πολλῇ.</span> <span class='ocrx_word' id='word_1_675' title='bbox 1195 1607 1204 1622; x_wconf 79' lang='grc' dir='ltr'><strong>ι</strong></span> <span class='ocrx_word' id='word_1_676' title='bbox 1224 1596 1332 1632; x_wconf 76' lang='grc' dir='ltr'>Ἐπειδὴ</span> <span class='ocrx_word' id='word_1_677' title='bbox 1348 1597 1402 1632; x_wconf 83' lang='grc' dir='ltr'><strong>γὰρ</strong></span> <span class='ocrx_word' id='word_1_678' title='bbox 1424 1598 1440 1632; x_wconf 85' lang='grc' dir='ltr'>ὴ</span> <span class='ocrx_word' id='word_1_679' title='bbox 1465 1597 1540 1632; x_wconf 85' lang='grc' dir='ltr'>φωνὴ</span> <span class='ocrx_word' id='word_1_680' title='bbox 1555 1597 1636 1624; x_wconf 73' lang='grc' dir='ltr'>αὐτοῦ</span> <span class='ocrx_word' id='word_1_681' title='bbox 1652 1598 1814 1634; x_wconf 80' lang='grc' dir='ltr'>πεπλήρωτο</span> <span class='ocrx_word' id='word_1_682' title='bbox 1828 1599 1874 1626; x_wconf 84' lang='grc' dir='ltr'>δυ-</span> 
     </span>
    </p>
   </div>
   <div class='ocr_carea' id='block_1_87' title="bbox 1082 1640 1875 1679">
    <p class='ocr_par' dir='ltr' id='par_1_87' title="bbox 1082 1640 1875 1679">
     <span class='ocr_line' id='line_1_87' title="bbox 1082 1640 1875 1679; baseline 0.003 -11"><span class='ocrx_word' id='word_1_683' title='bbox 1082 1642 1198 1676; x_wconf 75' lang='grc' dir='ltr'>νάμεως,</span> <span class='ocrx_word' id='word_1_684' title='bbox 1216 1641 1326 1673; x_wconf 75' lang='grc' dir='ltr'>εἰκότως</span> <span class='ocrx_word' id='word_1_685' title='bbox 1346 1641 1393 1668; x_wconf 72' lang='grc' dir='ltr'>καὶ</span> <span class='ocrx_word' id='word_1_686' title='bbox 1418 1642 1473 1673; x_wconf 84' lang='grc' dir='ltr'>τοῖς</span> <span class='ocrx_word' id='word_1_687' title='bbox 1494 1640 1746 1676; x_wconf 77' lang='grc' dir='ltr'>εὐαγγελιζομένοις</span> <span class='ocrx_word' id='word_1_688' title='bbox 1762 1642 1792 1670; x_wconf 77' lang='grc' dir='ltr'>τὸ</span> <span class='ocrx_word' id='word_1_689' title='bbox 1809 1643 1875 1679; x_wconf 73' lang='grc' dir='ltr'>περὶ</span> 
     </span>
    </p>
   </div>
   <div class='ocr_carea' id='block_1_88' title="bbox 1082 1686 1876 1724">
    <p class='ocr_par' dir='ltr' id='par_1_88' title="bbox 1082 1686 1876 1724">
     <span class='ocr_line' id='line_1_88' title="bbox 1082 1686 1876 1724; baseline 0.003 -11"><span class='ocrx_word' id='word_1_690' title='bbox 1082 1687 1162 1713; x_wconf 78' lang='grc' dir='ltr'>αύτοῦ</span> <span class='ocrx_word' id='word_1_691' title='bbox 1176 1687 1304 1722; x_wconf 75' lang='grc' dir='ltr'>κήρυγμα</span> <span class='ocrx_word' id='word_1_692' title='bbox 1316 1686 1399 1713; x_wconf 74' lang='grc' dir='ltr'>ἐδίδου</span> <span class='ocrx_word' id='word_1_693' title='bbox 1412 1687 1486 1722; x_wconf 76' lang='grc' dir='ltr'>ῥῆμα</span> <span class='ocrx_word' id='word_1_694' title='bbox 1500 1687 1548 1713; x_wconf 78' lang='grc' dir='ltr'><strong>σὺν</strong></span> <span class='ocrx_word' id='word_1_695' title='bbox 1559 1687 1672 1723; x_wconf 81' lang='grc' dir='ltr'>δυνάμει</span> <span class='ocrx_word' id='word_1_696' title='bbox 1684 1687 1777 1724; x_wconf 84' lang='grc' dir='ltr'>πολλῇ.</span> <span class='ocrx_word' id='word_1_697' title='bbox 1792 1689 1876 1724; x_wconf 90' lang='grc' dir='ltr'>Παρί-</span> 
     </span>
    </p>
   </div>
   <div class='ocr_carea' id='block_1_89' title="bbox 1082 1732 1874 1770">
    <p class='ocr_par' dir='ltr' id='par_1_89' title="bbox 1082 1732 1874 1770">
     <span class='ocr_line' id='line_1_89' title="bbox 1082 1732 1874 1770; baseline 0.001 -11"><span class='ocrx_word' id='word_1_698' title='bbox 1082 1741 1159 1768; x_wconf 83' lang='grc' dir='ltr'>στησι</span> <span class='ocrx_word' id='word_1_699' title='bbox 1175 1733 1203 1759; x_wconf 74' lang='grc' dir='ltr'>δὲ</span> <span class='ocrx_word' id='word_1_700' title='bbox 1220 1733 1249 1758; x_wconf 83' lang='grc' dir='ltr'>τὸ</span> <span class='ocrx_word' id='word_1_701' title='bbox 1265 1732 1345 1768; x_wconf 73' lang='grc' dir='ltr'>ἔργον</span> <span class='ocrx_word' id='word_1_702' title='bbox 1370 1732 1419 1768; x_wconf 82' lang='grc' dir='ltr'>τὴν</span> <span class='ocrx_word' id='word_1_703' title='bbox 1434 1732 1557 1768; x_wconf 82' lang='grc' dir='ltr'>δύναμιν.</span> <span class='ocrx_word' id='word_1_704' title='bbox 1572 1733 1643 1769; x_wconf 83' lang='grc' dir='ltr'><strong>Ψιλῇ</strong></span> <span class='ocrx_word' id='word_1_705' title='bbox 1658 1733 1711 1769; x_wconf 85' lang='grc' dir='ltr'><strong>γὰρ</strong></span> <span class='ocrx_word' id='word_1_706' title='bbox 1725 1735 1800 1770; x_wconf 85' lang='grc' dir='ltr'>φωνῇ</span> <span class='ocrx_word' id='word_1_707' title='bbox 1815 1735 1874 1766; x_wconf 84' lang='grc' dir='ltr'>τοῖς</span> 
     </span>
    </p>
   </div>
   <div class='ocr_carea' id='block_1_90' title="bbox 1082 1777 1872 1814">
    <p class='ocr_par' dir='ltr' id='par_1_90' title="bbox 1082 1777 1872 1814">
     <span class='ocr_line' id='line_1_90' title="bbox 1082 1777 1872 1814; baseline 0.001 -10"><span class='ocrx_word' id='word_1_708' title='bbox 1082 1778 1163 1805; x_wconf 77' lang='grc' dir='ltr'>αὐτοῦ</span> <span class='ocrx_word' id='word_1_709' title='bbox 1188 1778 1321 1814; x_wconf 83' lang='grc' dir='ltr'>μαθηταῖς</span> <span class='ocrx_word' id='word_1_710' title='bbox 1345 1778 1445 1804; x_wconf 74' lang='grc' dir='ltr'>εἰπών·</span> <span class='ocrx_word' id='word_1_711' title='bbox 1479 1787 1488 1804; x_wconf 98' lang='lat'><strong>1</strong></span> <span class='ocrx_word' id='word_1_712' title='bbox 1514 1777 1596 1804; x_wconf 77' lang='grc' dir='ltr'>Δεῦτε</span> <span class='ocrx_word' id='word_1_713' title='bbox 1621 1778 1791 1805; x_wconf 75' lang='grc' dir='ltr'>ἀκολουθεῖτέ</span> <span class='ocrx_word' id='word_1_714' title='bbox 1815 1787 1872 1814; x_wconf 82' lang='grc' dir='ltr'>μοι,</span> 
     </span>
    </p>
   </div>
   <div class='ocr_carea' id='block_1_91' title="bbox 1079 1821 1875 1860">
    <p class='ocr_par' dir='ltr' id='par_1_91' title="bbox 1079 1821 1875 1860">
     <span class='ocr_line' id='line_1_91' title="bbox 1079 1821 1875 1860; baseline 0.003 -12"><span class='ocrx_word' id='word_1_715' title='bbox 1079 1823 1125 1849; x_wconf 79' lang='grc' dir='ltr'>καὶ</span> <span class='ocrx_word' id='word_1_716' title='bbox 1133 1823 1237 1858; x_wconf 81' lang='grc' dir='ltr'>ποιήσω</span> <span class='ocrx_word' id='word_1_717' title='bbox 1245 1823 1316 1858; x_wconf 83' lang='grc' dir='ltr'>ὑμᾶς</span> <span class='ocrx_word' id='word_1_718' title='bbox 1325 1821 1408 1854; x_wconf 82' lang='grc' dir='ltr'>ἁλιεῖς</span> <span class='ocrx_word' id='word_1_719' title='bbox 1416 1822 1576 1858; x_wconf 78' lang='grc' dir='ltr'>ἀνθρώπων,</span> <span class='ocrx_word' id='word_1_720' title='bbox 1596 1832 1605 1848; x_wconf 77' lang='grc' dir='ltr'><strong>ι</strong></span> <span class='ocrx_word' id='word_1_721' title='bbox 1620 1823 1732 1858; x_wconf 81' lang='grc' dir='ltr'>δυνάμει</span> <span class='ocrx_word' id='word_1_722' title='bbox 1746 1822 1776 1849; x_wconf 77' lang='grc' dir='ltr'>τὸ</span> <span class='ocrx_word' id='word_1_723' title='bbox 1793 1822 1875 1860; x_wconf 74' lang='grc' dir='ltr'>ἔργον</span> 
     </span>
    </p>
   </div>
   <div class='ocr_carea' id='block_1_92' title="bbox 1081 1868 1871 1904">
    <p class='ocr_par' dir='ltr' id='par_1_92' title="bbox 1081 1868 1871 1904">
     <span class='ocr_line' id='line_1_92' title="bbox 1081 1868 1871 1904; baseline 0 -9"><span class='ocrx_word' id='word_1_724' title='bbox 1081 1870 1183 1896; x_wconf 77' lang='grc' dir='ltr'>ἐποίει·</span> <span class='ocrx_word' id='word_1_725' title='bbox 1203 1869 1250 1895; x_wconf 72' lang='grc' dir='ltr'>καὶ</span> <span class='ocrx_word' id='word_1_726' title='bbox 1270 1868 1350 1895; x_wconf 82' lang='grc' dir='ltr'>πάλιν</span> <span class='ocrx_word' id='word_1_727' title='bbox 1376 1868 1563 1904; x_wconf 80' lang='grc' dir='ltr'>ἐντειλάμενος</span> <span class='ocrx_word' id='word_1_728' title='bbox 1586 1869 1676 1900; x_wconf 79' lang='grc' dir='ltr'>αὺτοῖς</span> <span class='ocrx_word' id='word_1_729' title='bbox 1702 1869 1749 1895; x_wconf 76' lang='grc' dir='ltr'><strong>καὶ</strong></span> <span class='ocrx_word' id='word_1_730' title='bbox 1770 1869 1871 1896; x_wconf 70' lang='grc' dir='ltr'>εἰπών·</span> 
     </span>
    </p>
   </div>
   <div class='ocr_carea' id='block_1_93' title="bbox 1081 1914 1875 1951">
    <p class='ocr_par' dir='ltr' id='par_1_93' title="bbox 1081 1914 1875 1951">
     <span class='ocr_line' id='line_1_93' title="bbox 1081 1914 1875 1951; baseline 0 -10"><span class='ocrx_word' id='word_1_731' title='bbox 1081 1925 1091 1940; x_wconf 94' lang='lat'><strong>1</strong></span> <span class='ocrx_word' id='word_1_732' title='bbox 1112 1915 1290 1951; x_wconf 65' lang='grc' dir='ltr'>Πορευθέντες</span> <span class='ocrx_word' id='word_1_733' title='bbox 1323 1914 1508 1950; x_wconf 77' lang='grc' dir='ltr'>μαθητεύσατε</span> <span class='ocrx_word' id='word_1_734' title='bbox 1531 1915 1620 1941; x_wconf 77' lang='grc' dir='ltr'>πάντα</span> <span class='ocrx_word' id='word_1_735' title='bbox 1637 1914 1671 1941; x_wconf 74' lang='grc' dir='ltr'><strong>τὰ</strong></span> <span class='ocrx_word' id='word_1_736' title='bbox 1691 1914 1754 1951; x_wconf 80' lang='grc' dir='ltr'>ἔθνη</span> <span class='ocrx_word' id='word_1_737' title='bbox 1775 1916 1804 1941; x_wconf 81' lang='grc' dir='ltr'>ὲν</span> <span class='ocrx_word' id='word_1_738' title='bbox 1831 1915 1875 1951; x_wconf 77' lang='grc' dir='ltr'>τῷ</span> 
     </span>
    </p>
   </div>
   <div class='ocr_carea' id='block_1_94' title="bbox 1078 1958 1873 1997">
    <p class='ocr_par' dir='ltr' id='par_1_94' title="bbox 1078 1958 1873 1997">
     <span class='ocr_line' id='line_1_94' title="bbox 1078 1958 1873 1997; baseline -0.001 -9"><span class='ocrx_word' id='word_1_739' title='bbox 1078 1961 1190 1996; x_wconf 75' lang='grc' dir='ltr'>ὀνόματί</span> <span class='ocrx_word' id='word_1_740' title='bbox 1206 1969 1268 1996; x_wconf 84' lang='grc' dir='ltr'>μου,</span> <span class='ocrx_word' id='word_1_741' title='bbox 1291 1970 1299 1986; x_wconf 74' lang='grc' dir='ltr'><strong>ι</strong></span> <span class='ocrx_word' id='word_1_742' title='bbox 1316 1961 1388 1996; x_wconf 79' lang='grc' dir='ltr'>ἔργῳ</span> <span class='ocrx_word' id='word_1_743' title='bbox 1404 1961 1453 1997; x_wconf 86' lang='grc' dir='ltr'>τὴν</span> <span class='ocrx_word' id='word_1_744' title='bbox 1470 1960 1582 1995; x_wconf 85' lang='grc' dir='ltr'>δύναμιν</span> <span class='ocrx_word' id='word_1_745' title='bbox 1598 1960 1717 1987; x_wconf 81' lang='grc' dir='ltr'>ὲδείκνυ’</span> <span class='ocrx_word' id='word_1_746' title='bbox 1733 1960 1779 1987; x_wconf 56' lang='grc' dir='ltr'><strong>καὶ⁸</strong></span> <span class='ocrx_word' id='word_1_747' title='bbox 1793 1958 1873 1993; x_wconf 75' lang='grc' dir='ltr'>αὖθις</span> 
     </span>
    </p>
   </div>
   <div class='ocr_carea' id='block_1_95' title="bbox 1078 2004 1875 2042">
    <p class='ocr_par' dir='ltr' id='par_1_95' title="bbox 1078 2004 1875 2042">
     <span class='ocr_line' id='line_1_95' title="bbox 1078 2004 1875 2042; baseline -0.003 -8"><span class='ocrx_word' id='word_1_748' title='bbox 1078 2005 1178 2034; x_wconf 73' lang='grc' dir='ltr'>εἰπών·</span> <span class='ocrx_word' id='word_1_749' title='bbox 1199 2016 1208 2032; x_wconf 96' lang='lat'><strong>1</strong></span> <span class='ocrx_word' id='word_1_750' title='bbox 1237 2007 1282 2033; x_wconf 89' lang='grc' dir='ltr'><strong>Δεῖ</strong></span> <span class='ocrx_word' id='word_1_751' title='bbox 1306 2006 1475 2042; x_wconf 78' lang='grc' dir='ltr'>κηρυχθῆναι</span> <span class='ocrx_word' id='word_1_752' title='bbox 1497 2006 1527 2032; x_wconf 78' lang='grc' dir='ltr'><strong>τὸ</strong></span> <span class='ocrx_word' id='word_1_753' title='bbox 1541 2004 1704 2040; x_wconf 72' lang='grc' dir='ltr'>Εὐαγγέλιον</span> <span class='ocrx_word' id='word_1_754' title='bbox 1726 2006 1775 2041; x_wconf 79' lang='grc' dir='ltr'><strong>τῆς</strong></span> <span class='ocrx_word' id='word_1_755' title='bbox 1798 2006 1875 2042; x_wconf 71' lang='grc' dir='ltr'>βασυ-</span> 
     </span>
    </p>
   </div>
   <div class='ocr_carea' id='block_1_96' title="bbox 1078 2052 1875 2089">
    <p class='ocr_par' dir='ltr' id='par_1_96' title="bbox 1078 2052 1875 2089">
     <span class='ocr_line' id='line_1_96' title="bbox 1078 2052 1875 2089; baseline 0 -11"><span class='ocrx_word' id='word_1_756' title='bbox 1078 2052 1153 2084; x_wconf 88' lang='grc' dir='ltr'>λείας</span> <span class='ocrx_word' id='word_1_757' title='bbox 1172 2054 1200 2079; x_wconf 83' lang='grc' dir='ltr'>ὲν</span> <span class='ocrx_word' id='word_1_758' title='bbox 1222 2053 1271 2089; x_wconf 76' lang='grc' dir='ltr'><strong>ὅλῃ</strong></span> <span class='ocrx_word' id='word_1_759' title='bbox 1296 2054 1329 2088; x_wconf 88' lang='grc' dir='ltr'><strong>τῇ</strong></span> <span class='ocrx_word' id='word_1_760' title='bbox 1346 2052 1495 2088; x_wconf 77' lang='grc' dir='ltr'>οἰκουμένῃ</span> <span class='ocrx_word' id='word_1_761' title='bbox 1517 2053 1556 2084; x_wconf 77' lang='grc' dir='ltr'><strong>είς</strong></span> <span class='ocrx_word' id='word_1_762' title='bbox 1573 2052 1719 2088; x_wconf 83' lang='grc' dir='ltr'>μαρτύριον</span> <span class='ocrx_word' id='word_1_763' title='bbox 1735 2053 1801 2079; x_wconf 74' lang='grc' dir='ltr'>πᾶσι</span> <span class='ocrx_word' id='word_1_764' title='bbox 1814 2054 1875 2085; x_wconf 63' lang='grc' dir='ltr'>τοῖς</span> 
     </span>
    </p>
   </div>
   <div class='ocr_carea' id='block_1_97' title="bbox 1078 2097 1874 2133">
    <p class='ocr_par' dir='ltr' id='par_1_97' title="bbox 1078 2097 1874 2133">
     <span class='ocr_line' id='line_1_97' title="bbox 1078 2097 1874 2133; baseline -0.001 -9"><span class='ocrx_word' id='word_1_765' title='bbox 1078 2098 1178 2130; x_wconf 75' lang='grc' dir='ltr'>ἔθνεσι,</span> <span class='ocrx_word' id='word_1_766' title='bbox 1192 2107 1201 2124; x_wconf 70' lang='grc' dir='ltr'><strong>ι</strong></span> <span class='ocrx_word' id='word_1_767' title='bbox 1220 2098 1267 2124; x_wconf 81' lang='grc' dir='ltr'><strong>τοῦ</strong></span> <span class='ocrx_word' id='word_1_768' title='bbox 1283 2097 1362 2132; x_wconf 85' lang='grc' dir='ltr'>λόγου</span> <span class='ocrx_word' id='word_1_769' title='bbox 1379 2098 1428 2133; x_wconf 81' lang='grc' dir='ltr'><strong>τὴν</strong></span> <span class='ocrx_word' id='word_1_770' title='bbox 1443 2097 1555 2132; x_wconf 78' lang='grc' dir='ltr'>δύναμιν</span> <span class='ocrx_word' id='word_1_771' title='bbox 1570 2097 1660 2129; x_wconf 77' lang='grc' dir='ltr'>αὐτοῖς</span> <span class='ocrx_word' id='word_1_772' title='bbox 1675 2097 1765 2133; x_wconf 68' lang='grc' dir='ltr'>ἐρίοις</span> <span class='ocrx_word' id='word_1_773' title='bbox 1776 2098 1874 2133; x_wconf 82' lang='grc' dir='ltr'>παρεῖ-</span> 
     </span>
    </p>
   </div>
   <div class='ocr_carea' id='block_1_98' title="bbox 1078 2142 1873 2180">
    <p class='ocr_par' dir='ltr' id='par_1_98' title="bbox 1078 2142 1873 2180">
     <span class='ocr_line' id='line_1_98' title="bbox 1078 2142 1873 2180; baseline -0.001 -10"><span class='ocrx_word' id='word_1_774' title='bbox 1078 2152 1124 2179; x_wconf 90' lang='grc' dir='ltr'>χεν</span> <span class='ocrx_word' id='word_1_775' title='bbox 1142 2144 1224 2180; x_wconf 72' lang='grc' dir='ltr'>όρᾷν’</span> <span class='ocrx_word' id='word_1_776' title='bbox 1241 2143 1287 2169; x_wconf 73' lang='grc' dir='ltr'>καὶ</span> <span class='ocrx_word' id='word_1_777' title='bbox 1309 2142 1401 2170; x_wconf 80' lang='grc' dir='ltr'>ἄλλοτε</span> <span class='ocrx_word' id='word_1_778' title='bbox 1418 2143 1520 2178; x_wconf 82' lang='grc' dir='ltr'>φήσας·</span> <span class='ocrx_word' id='word_1_779' title='bbox 1541 2152 1550 2168; x_wconf 92' lang='lat'><strong>1</strong></span> <span class='ocrx_word' id='word_1_780' title='bbox 1574 2142 1635 2168; x_wconf 70' lang='lat' dir='ltr'><strong>‘Eni.</strong></span> <span class='ocrx_word' id='word_1_781' title='bbox 1651 2142 1700 2178; x_wconf 84' lang='grc' dir='ltr'>τὴν</span> <span class='ocrx_word' id='word_1_782' title='bbox 1716 2143 1818 2179; x_wconf 83' lang='grc' dir='ltr'>πέτραν</span> <span class='ocrx_word' id='word_1_783' title='bbox 1832 2143 1873 2170; x_wconf 81' lang='grc' dir='ltr'>οι-</span> 
     </span>
    </p>
   </div>
   <div class='ocr_carea' id='block_1_99' title="bbox 1078 2188 1871 2225">
    <p class='ocr_par' dir='ltr' id='par_1_99' title="bbox 1078 2188 1871 2225">
     <span class='ocr_line' id='line_1_99' title="bbox 1078 2188 1871 2225; baseline 0.001 -10"><span class='ocrx_word' id='word_1_784' title='bbox 1078 2189 1221 2224; x_wconf 82' lang='grc' dir='ltr'>κοδομήσω</span> <span class='ocrx_word' id='word_1_785' title='bbox 1246 2197 1296 2224; x_wconf 88' lang='grc' dir='ltr'><strong>μου</strong></span> <span class='ocrx_word' id='word_1_786' title='bbox 1318 2188 1368 2223; x_wconf 83' lang='grc' dir='ltr'>τὴν</span> <span class='ocrx_word' id='word_1_787' title='bbox 1388 2188 1560 2224; x_wconf 83' lang='grc' dir='ltr'>Ἐκκλησίαν,</span> <span class='ocrx_word' id='word_1_788' title='bbox 1584 2188 1631 2215; x_wconf 80' lang='grc' dir='ltr'>καὶ</span> <span class='ocrx_word' id='word_1_789' title='bbox 1654 2188 1736 2215; x_wconf 85' lang='grc' dir='ltr'>πύλαι</span> <span class='ocrx_word' id='word_1_790' title='bbox 1756 2189 1820 2225; x_wconf 74' lang='grc' dir='ltr'>ᾅδου</span> <span class='ocrx_word' id='word_1_791' title='bbox 1839 2190 1871 2216; x_wconf 75' lang='grc' dir='ltr'>οὗ</span> 
     </span>
    </p>
   </div>
   <div class='ocr_carea' id='block_1_100' title="bbox 1078 2233 1871 2270">
    <p class='ocr_par' dir='ltr' id='par_1_100' title="bbox 1078 2233 1871 2270">
     <span class='ocr_line' id='line_1_100' title="bbox 1078 2233 1871 2270; baseline 0.001 -10"><span class='ocrx_word' id='word_1_792' title='bbox 1078 2233 1284 2269; x_wconf 82' lang='grc' dir='ltr'>κατισχύσουσιν</span> <span class='ocrx_word' id='word_1_793' title='bbox 1297 2234 1392 2269; x_wconf 80' lang='grc' dir='ltr'>αὐτῆς,</span> <span class='ocrx_word' id='word_1_794' title='bbox 1410 2244 1418 2260; x_wconf 79' lang='grc' dir='ltr'><strong>ι</strong></span> <span class='ocrx_word' id='word_1_795' title='bbox 1438 2233 1512 2269; x_wconf 81' lang='grc' dir='ltr'><strong>αὐτῷ</strong></span> <span class='ocrx_word' id='word_1_796' title='bbox 1531 2234 1672 2269; x_wconf 78' lang='grc' dir='ltr'>πράγματι</span> <span class='ocrx_word' id='word_1_797' title='bbox 1686 2234 1735 2269; x_wconf 84' lang='grc' dir='ltr'>τὴν</span> <span class='ocrx_word' id='word_1_798' title='bbox 1753 2234 1871 2270; x_wconf 80' lang='grc' dir='ltr'>δύναμιν</span> 
     </span>
    </p>
   </div>
   <div class='ocr_carea' id='block_1_101' title="bbox 1078 2277 1872 2316">
    <p class='ocr_par' dir='ltr' id='par_1_101' title="bbox 1078 2277 1872 2316">
     <span class='ocr_line' id='line_1_101' title="bbox 1078 2277 1872 2316; baseline 0 -10"><span class='ocrx_word' id='word_1_799' title='bbox 1078 2280 1277 2316; x_wconf 79' lang='grc' dir='ltr'>παρεστήσατο.</span> <span class='ocrx_word' id='word_1_800' title='bbox 1296 2279 1347 2306; x_wconf 82' lang='grc' dir='ltr'><strong>Τὸν</strong></span> <span class='ocrx_word' id='word_1_801' title='bbox 1363 2279 1443 2306; x_wconf 77' lang='grc' dir='ltr'>αὺτδν</span> <span class='ocrx_word' id='word_1_802' title='bbox 1457 2277 1504 2306; x_wconf 82' lang='grc' dir='ltr'>οὖν</span> <span class='ocrx_word' id='word_1_803' title='bbox 1518 2279 1618 2315; x_wconf 82' lang='grc' dir='ltr'>τρόπον</span> <span class='ocrx_word' id='word_1_804' title='bbox 1635 2280 1683 2306; x_wconf 72' lang='grc' dir='ltr'>καὶ</span> <span class='ocrx_word' id='word_1_805' title='bbox 1696 2281 1751 2311; x_wconf 88' lang='grc' dir='ltr'>τοῖς</span> <span class='ocrx_word' id='word_1_806' title='bbox 1767 2279 1872 2311; x_wconf 74' lang='grc' dir='ltr'>λοιποῖς</span> 
     </span>
    </p>
   </div>
   <div class='ocr_carea' id='block_1_102' title="bbox 1078 2325 1872 2362">
    <p class='ocr_par' dir='ltr' id='par_1_102' title="bbox 1078 2325 1872 2362">
     <span class='ocr_line' id='line_1_102' title="bbox 1078 2325 1872 2362; baseline 0.001 -10"><span class='ocrx_word' id='word_1_807' title='bbox 1078 2325 1164 2352; x_wconf 75' lang='grc' dir='ltr'>ἅπασι</span> <span class='ocrx_word' id='word_1_808' title='bbox 1177 2327 1233 2358; x_wconf 88' lang='grc' dir='ltr'>τοῖς</span> <span class='ocrx_word' id='word_1_809' title='bbox 1249 2326 1298 2361; x_wconf 83' lang='grc' dir='ltr'><strong>τῆς</strong></span> <span class='ocrx_word' id='word_1_810' title='bbox 1312 2325 1483 2357; x_wconf 65' lang='grc' dir='ltr'>διδασκαλίας</span> <span class='ocrx_word' id='word_1_811' title='bbox 1498 2325 1580 2352; x_wconf 72' lang='grc' dir='ltr'>αὐτοῦ</span> <span class='ocrx_word' id='word_1_812' title='bbox 1596 2326 1698 2361; x_wconf 83' lang='grc' dir='ltr'>ῥήμασι</span> <span class='ocrx_word' id='word_1_813' title='bbox 1717 2334 1872 2362; x_wconf 78' lang='grc' dir='ltr'>συγκεκρα-</span> 
     </span>
    </p>
   </div>
   <div class='ocr_carea' id='block_1_103' title="bbox 1080 2369 1872 2409">
    <p class='ocr_par' dir='ltr' id='par_1_103' title="bbox 1080 2369 1872 2409">
     <span class='ocr_line' id='line_1_103' title="bbox 1080 2369 1872 2409; baseline 0.003 -11"><span class='ocrx_word' id='word_1_814' title='bbox 1080 2372 1162 2408; x_wconf 85' lang='grc' dir='ltr'>μένην</span> <span class='ocrx_word' id='word_1_815' title='bbox 1178 2372 1267 2409; x_wconf 76' lang='grc' dir='ltr'>εὕροις</span> <span class='ocrx_word' id='word_1_816' title='bbox 1282 2373 1315 2400; x_wconf 79' lang='grc' dir='ltr'>ἂν</span> <span class='ocrx_word' id='word_1_817' title='bbox 1328 2373 1377 2409; x_wconf 79' lang='grc' dir='ltr'>τὴν</span> <span class='ocrx_word' id='word_1_818' title='bbox 1394 2373 1487 2409; x_wconf 84' lang='grc' dir='ltr'>θεῐκὴν</span> <span class='ocrx_word' id='word_1_819' title='bbox 1507 2372 1630 2408; x_wconf 79' lang='grc' dir='ltr'>δύναμιν.</span> <span class='ocrx_word' id='word_1_820' title='bbox 1649 2369 1686 2399; x_wconf 77' lang='grc' dir='ltr'><strong>Οὖ</strong></span> <span class='ocrx_word' id='word_1_821' title='bbox 1702 2373 1782 2409; x_wconf 75' lang='grc' dir='ltr'>χάριν</span> <span class='ocrx_word' id='word_1_822' title='bbox 1795 2374 1872 2409; x_wconf 78' lang='grc' dir='ltr'>εἰρη-</span> 
     </span>
    </p>
   </div>
   <div class='ocr_carea' id='block_1_104' title="bbox 1077 2418 1868 2455">
    <p class='ocr_par' dir='ltr' id='par_1_104' title="bbox 1077 2418 1868 2455">
     <span class='ocr_line' id='line_1_104' title="bbox 1077 2418 1868 2455; baseline 0.004 -11"><span class='ocrx_word' id='word_1_823' title='bbox 1077 2427 1138 2445; x_wconf 83' lang='grc' dir='ltr'>ται·</span> <span class='ocrx_word' id='word_1_824' title='bbox 1155 2428 1163 2444; x_wconf 96' lang='lat'><strong>1</strong></span> <span class='ocrx_word' id='word_1_825' title='bbox 1182 2419 1246 2445; x_wconf 73' lang='grc' dir='ltr'>Ἰδοὺ</span> <span class='ocrx_word' id='word_1_826' title='bbox 1259 2418 1340 2446; x_wconf 84' lang='grc' dir='ltr'>δώσει</span> <span class='ocrx_word' id='word_1_827' title='bbox 1353 2420 1385 2454; x_wconf 79' lang='grc' dir='ltr'>τῇ</span> <span class='ocrx_word' id='word_1_828' title='bbox 1398 2420 1472 2454; x_wconf 82' lang='grc' dir='ltr'>φωνῇ</span> <span class='ocrx_word' id='word_1_829' title='bbox 1486 2418 1568 2445; x_wconf 76' lang='grc' dir='ltr'>αὐτοῦ</span> <span class='ocrx_word' id='word_1_830' title='bbox 1586 2419 1677 2454; x_wconf 78' lang='grc' dir='ltr'>φωνὴν</span> <span class='ocrx_word' id='word_1_831' title='bbox 1691 2420 1841 2455; x_wconf 83' lang='grc' dir='ltr'>δυνάμεως.</span> <span class='ocrx_word' id='word_1_832' title='bbox 1858 2430 1868 2447; x_wconf 74' lang='grc' dir='ltr'><strong>ι</strong></span> 
     </span>
    </p>
   </div>
   <div class='ocr_carea' id='block_1_105' title="bbox 1085 2463 1872 2501">
    <p class='ocr_par' dir='ltr' id='par_1_105' title="bbox 1085 2463 1872 2501">
     <span class='ocr_line' id='line_1_105' title="bbox 1085 2463 1872 2501; baseline 0.001 -11"><span class='ocrx_word' id='word_1_833' title='bbox 1085 2463 1164 2490; x_wconf 81' lang='grc' dir='ltr'>Ἀλλά</span> <span class='ocrx_word' id='word_1_834' title='bbox 1183 2463 1237 2499; x_wconf 78' lang='grc' dir='ltr'><strong>γὰρ</strong></span> <span class='ocrx_word' id='word_1_835' title='bbox 1252 2464 1339 2497; x_wconf 77' lang='grc' dir='ltr'>ταῦτα</span> <span class='ocrx_word' id='word_1_836' title='bbox 1350 2464 1507 2496; x_wconf 78' lang='grc' dir='ltr'>παιδεύσας,</span> <span class='ocrx_word' id='word_1_837' title='bbox 1519 2464 1582 2499; x_wconf 79' lang='grc' dir='ltr'>ἑξῆς</span> <span class='ocrx_word' id='word_1_838' title='bbox 1592 2464 1806 2501; x_wconf 82' lang='grc' dir='ltr'>παρακελεύεται</span> <span class='ocrx_word' id='word_1_839' title='bbox 1818 2465 1872 2500; x_wconf 80' lang='grc' dir='ltr'><strong>φά-</strong></span> 
     </span>
    </p>
   </div>
   <div class='ocr_carea' id='block_1_106' title="bbox 1080 2510 1872 2546">
    <p class='ocr_par' dir='ltr' id='par_1_106' title="bbox 1080 2510 1872 2546">
     <span class='ocr_line' id='line_1_106' title="bbox 1080 2510 1872 2546; baseline 0.003 -11"><span class='ocrx_word' id='word_1_840' title='bbox 1080 2517 1152 2536; x_wconf 83' lang='grc' dir='ltr'>σκων</span> <span class='ocrx_word' id='word_1_841' title='bbox 1165 2519 1171 2525; x_wconf 89' lang='lat'><strong><em>-</em></strong></span> <span class='ocrx_word' id='word_1_842' title='bbox 1191 2519 1200 2534; x_wconf 87' lang='lat'><strong>1</strong></span> <span class='ocrx_word' id='word_1_843' title='bbox 1215 2511 1279 2536; x_wconf 81' lang='grc' dir='ltr'>Δότε</span> <span class='ocrx_word' id='word_1_844' title='bbox 1294 2510 1372 2543; x_wconf 77' lang='grc' dir='ltr'>δόξαν</span> <span class='ocrx_word' id='word_1_845' title='bbox 1389 2510 1428 2545; x_wconf 85' lang='grc' dir='ltr'><strong>τῷ</strong></span> <span class='ocrx_word' id='word_1_846' title='bbox 1442 2510 1501 2546; x_wconf 83' lang='grc' dir='ltr'><strong>Θεῷ</strong></span> <span class='ocrx_word' id='word_1_847' title='bbox 1519 2510 1565 2537; x_wconf 75' lang='grc' dir='ltr'><strong>ἐπὶ</strong></span> <span class='ocrx_word' id='word_1_848' title='bbox 1579 2511 1623 2537; x_wconf 85' lang='grc' dir='ltr'>τὸν</span> <span class='ocrx_word' id='word_1_849' title='bbox 1644 2511 1768 2546; x_wconf 80' lang='grc' dir='ltr'>Ἰσραήλ·</span> <span class='ocrx_word' id='word_1_850' title='bbox 1784 2512 1802 2546; x_wconf 86' lang='grc' dir='ltr'><strong>ἡ</strong></span> <span class='ocrx_word' id='word_1_851' title='bbox 1822 2520 1872 2546; x_wconf 86' lang='grc' dir='ltr'>με-</span> 
     </span>
    </p>
   </div>
   <div class='ocr_carea' id='block_1_107' title="bbox 1078 2553 1872 2591">
    <p class='ocr_par' dir='ltr' id='par_1_107' title="bbox 1078 2553 1872 2591">
     <span class='ocr_line' id='line_1_107' title="bbox 1078 2553 1872 2591; baseline 0.004 -12"><span class='ocrx_word' id='word_1_852' title='bbox 1078 2553 1262 2589; x_wconf 83' lang='grc' dir='ltr'>γαλοπρέπεια</span> <span class='ocrx_word' id='word_1_853' title='bbox 1277 2555 1358 2582; x_wconf 85' lang='grc' dir='ltr'><strong>αὑτοῦ</strong></span> <span class='ocrx_word' id='word_1_854' title='bbox 1377 2555 1424 2582; x_wconf 73' lang='grc' dir='ltr'>καὶ</span> <span class='ocrx_word' id='word_1_855' title='bbox 1439 2556 1455 2590; x_wconf 90' lang='grc' dir='ltr'>ὴ</span> <span class='ocrx_word' id='word_1_856' title='bbox 1470 2555 1583 2591; x_wconf 84' lang='grc' dir='ltr'>δύναμις</span> <span class='ocrx_word' id='word_1_857' title='bbox 1596 2556 1677 2582; x_wconf 72' lang='grc' dir='ltr'>αὑτοῦ</span> <span class='ocrx_word' id='word_1_858' title='bbox 1695 2556 1724 2582; x_wconf 85' lang='grc' dir='ltr'>ὲν</span> <span class='ocrx_word' id='word_1_859' title='bbox 1746 2556 1806 2587; x_wconf 79' lang='grc' dir='ltr'>ταῖς</span> <span class='ocrx_word' id='word_1_860' title='bbox 1828 2564 1872 2582; x_wconf 85' lang='grc' dir='ltr'>νε-</span> 
     </span>
    </p>
   </div>
   <div class='ocr_carea' id='block_1_108' title="bbox 1078 2599 1870 2636">
    <p class='ocr_par' dir='ltr' id='par_1_108' title="bbox 1078 2599 1870 2636">
     <span class='ocr_line' id='line_1_108' title="bbox 1078 2599 1870 2636; baseline 0.003 -10"><span class='ocrx_word' id='word_1_861' title='bbox 1078 2599 1181 2634; x_wconf 83' lang='grc' dir='ltr'>φέλαις.</span> <span class='ocrx_word' id='word_1_862' title='bbox 1204 2610 1212 2626; x_wconf 76' lang='grc' dir='ltr'><strong>ι</strong></span> <span class='ocrx_word' id='word_1_863' title='bbox 1224 2600 1259 2627; x_wconf 77' lang='grc' dir='ltr'><strong>Τὸ</strong></span> <span class='ocrx_word' id='word_1_864' title='bbox 1277 2601 1326 2636; x_wconf 80' lang='grc' dir='ltr'>μὲν</span> <span class='ocrx_word' id='word_1_865' title='bbox 1346 2599 1403 2633; x_wconf 77' lang='grc' dir='ltr'>οὖν,</span> <span class='ocrx_word' id='word_1_866' title='bbox 1422 2611 1431 2627; x_wconf 96' lang='lat'><strong>1</strong></span> <span class='ocrx_word' id='word_1_867' title='bbox 1450 2602 1514 2629; x_wconf 88' lang='grc' dir='ltr'>Δότε</span> <span class='ocrx_word' id='word_1_868' title='bbox 1529 2602 1605 2634; x_wconf 75' lang='grc' dir='ltr'>δόξαν</span> <span class='ocrx_word' id='word_1_869' title='bbox 1618 2601 1655 2636; x_wconf 84' lang='grc' dir='ltr'>τῷ</span> <span class='ocrx_word' id='word_1_870' title='bbox 1672 2600 1740 2636; x_wconf 86' lang='grc' dir='ltr'>Θεῷ,</span> <span class='ocrx_word' id='word_1_871' title='bbox 1760 2610 1770 2626; x_wconf 75' lang='grc' dir='ltr'><strong>ι</strong></span> <span class='ocrx_word' id='word_1_872' title='bbox 1785 2602 1870 2628; x_wconf 81' lang='grc' dir='ltr'>πᾶσιν</span> 
     </span>
    </p>
   </div>
   <div class='ocr_carea' id='block_1_109' title="bbox 1081 2646 1867 2683">
    <p class='ocr_par' dir='ltr' id='par_1_109' title="bbox 1081 2646 1867 2683">
     <span class='ocr_line' id='line_1_109' title="bbox 1081 2646 1867 2683; baseline 0.003 -11"><span class='ocrx_word' id='word_1_873' title='bbox 1081 2646 1185 2682; x_wconf 72' lang='grc' dir='ltr'>εἴρηται</span> <span class='ocrx_word' id='word_1_874' title='bbox 1205 2647 1261 2677; x_wconf 85' lang='grc' dir='ltr'>τοῖς</span> <span class='ocrx_word' id='word_1_875' title='bbox 1275 2647 1453 2683; x_wconf 82' lang='grc' dir='ltr'>κεκλημένοις</span> <span class='ocrx_word' id='word_1_876' title='bbox 1472 2648 1524 2674; x_wconf 84' lang='grc' dir='ltr'><strong>ὑπὸ</strong></span> <span class='ocrx_word' id='word_1_877' title='bbox 1544 2648 1592 2683; x_wconf 83' lang='grc' dir='ltr'>τὴν</span> <span class='ocrx_word' id='word_1_878' title='bbox 1608 2648 1739 2683; x_wconf 81' lang='grc' dir='ltr'>σωτήριον</span> <span class='ocrx_word' id='word_1_879' title='bbox 1758 2647 1849 2674; x_wconf 84' lang='grc' dir='ltr'>πίστιν</span> <span class='ocrx_word' id='word_1_880' title='bbox 1861 2657 1867 2663; x_wconf 94' lang='grc'><strong>·</strong></span> 
     </span>
    </p>
   </div>
   <div class='ocr_carea' id='block_1_110' title="bbox 1081 2691 1865 2730">
    <p class='ocr_par' dir='ltr' id='par_1_110' title="bbox 1081 2691 1865 2730">
     <span class='ocr_line' id='line_1_110' title="bbox 1081 2691 1865 2730; baseline 0.001 -12"><span class='ocrx_word' id='word_1_881' title='bbox 1081 2691 1118 2719; x_wconf 69' lang='lat' dir='ltr'><strong>To</strong></span> <span class='ocrx_word' id='word_1_882' title='bbox 1131 2692 1169 2724; x_wconf 79' lang='grc' dir='ltr'>δὲ,</span> <span class='ocrx_word' id='word_1_883' title='bbox 1184 2702 1193 2718; x_wconf 91' lang='lat'><strong>1</strong></span> <span class='ocrx_word' id='word_1_884' title='bbox 1209 2693 1255 2719; x_wconf 77' lang='grc' dir='ltr'><strong>ἐπὶ</strong></span> <span class='ocrx_word' id='word_1_885' title='bbox 1276 2693 1322 2719; x_wconf 73' lang='grc' dir='ltr'>τὸν</span> <span class='ocrx_word' id='word_1_886' title='bbox 1347 2694 1452 2729; x_wconf 84' lang='grc' dir='ltr'>Ἰσραὴλ</span> <span class='ocrx_word' id='word_1_887' title='bbox 1472 2694 1488 2729; x_wconf 90' lang='grc' dir='ltr'><strong>ή</strong></span> <span class='ocrx_word' id='word_1_888' title='bbox 1507 2693 1729 2730; x_wconf 80' lang='grc' dir='ltr'>μεγαλοπρέπεια</span> <span class='ocrx_word' id='word_1_889' title='bbox 1744 2693 1838 2725; x_wconf 82' lang='grc' dir='ltr'>αὐτοῦ,</span> <span class='ocrx_word' id='word_1_890' title='bbox 1856 2703 1865 2718; x_wconf 77' lang='grc' dir='ltr'><strong>ι</strong></span> 
     </span>
    </p>
   </div>
   <div class='ocr_carea' id='block_1_111' title="bbox 1081 2738 1867 2775">
    <p class='ocr_par' dir='ltr' id='par_1_111' title="bbox 1081 2738 1867 2775">
     <span class='ocr_line' id='line_1_111' title="bbox 1081 2738 1867 2775; baseline 0.004 -12"><span class='ocrx_word' id='word_1_891' title='bbox 1081 2738 1207 2772; x_wconf 82' lang='grc' dir='ltr'>σημαίνει</span> <span class='ocrx_word' id='word_1_892' title='bbox 1228 2738 1291 2770; x_wconf 82' lang='grc' dir='ltr'>τοὺς</span> <span class='ocrx_word' id='word_1_893' title='bbox 1313 2739 1342 2771; x_wconf 73' lang='grc' dir='ltr'>ἐξ</span> <span class='ocrx_word' id='word_1_894' title='bbox 1363 2739 1469 2775; x_wconf 82' lang='grc' dir='ltr'>Ἰσραὴλ</span> <span class='ocrx_word' id='word_1_895' title='bbox 1488 2739 1649 2775; x_wconf 82' lang='grc' dir='ltr'>γενομένους</span> <span class='ocrx_word' id='word_1_896' title='bbox 1671 2739 1720 2774; x_wconf 87' lang='grc' dir='ltr'><strong>τῆς</strong></span> <span class='ocrx_word' id='word_1_897' title='bbox 1741 2738 1867 2774; x_wconf 77' lang='grc' dir='ltr'>θεότητος</span> 
     </span>
    </p>
   </div>
   <div class='ocr_carea' id='block_1_112' title="bbox 1080 2781 1863 2821">
    <p class='ocr_par' dir='ltr' id='par_1_112' title="bbox 1080 2781 1863 2821">
     <span class='ocr_line' id='line_1_112' title="bbox 1080 2781 1863 2821; baseline 0.005 -14"><span class='ocrx_word' id='word_1_898' title='bbox 1080 2781 1161 2808; x_wconf 78' lang='grc' dir='ltr'>αὑτοῦ</span> <span class='ocrx_word' id='word_1_899' title='bbox 1177 2782 1308 2818; x_wconf 83' lang='grc' dir='ltr'>κήρυκας,</span> <span class='ocrx_word' id='word_1_900' title='bbox 1321 2783 1483 2815; x_wconf 77' lang='grc' dir='ltr'>ἀποστόλους</span> <span class='ocrx_word' id='word_1_901' title='bbox 1493 2783 1592 2820; x_wconf 86' lang='grc' dir='ltr'>δηλαδὴ</span> <span class='ocrx_word' id='word_1_902' title='bbox 1605 2785 1651 2810; x_wconf 76' lang='grc' dir='ltr'><strong>καὶ</strong></span> <span class='ocrx_word' id='word_1_903' title='bbox 1660 2783 1863 2821; x_wconf 71' lang='grc' dir='ltr'>εὐαγγελιστάς.</span> 
     </span>
    </p>
   </div>
   <div class='ocr_carea' id='block_1_113' title="bbox 280 2855 1861 2895">
    <p class='ocr_par' dir='ltr' id='par_1_113' title="bbox 280 2855 1861 2895">
     <span class='ocr_line' id='line_1_113' title="bbox 280 2855 1861 2895; baseline 0.003 -12"><span class='ocrx_word' id='word_1_904' title='bbox 280 2857 301 2872; x_wconf 85' lang='grc'><strong>⁶¹</strong></span> <span class='ocrx_word' id='word_1_905' title='bbox 313 2855 392 2895; x_wconf 65' lang='lat' dir='ltr'><strong>Joan.</strong></span> <span class='ocrx_word' id='word_1_906' title='bbox 408 2865 474 2891; x_wconf 77' lang='lat' dir='ltr'><strong>xvn,</strong></span> <span class='ocrx_word' id='word_1_907' title='bbox 490 2858 517 2886; x_wconf 82' lang='lat'><strong>5.</strong></span> <span class='ocrx_word' id='word_1_908' title='bbox 555 2858 577 2875; x_wconf 82' lang='lat'><strong>&quot;</strong></span> <span class='ocrx_word' id='word_1_909' title='bbox 591 2857 670 2886; x_wconf 80' lang='lat' dir='ltr'><strong>Joan.</strong></span> <span class='ocrx_word' id='word_1_910' title='bbox 686 2866 704 2891; x_wconf 85' lang='lat' dir='ltr'><strong>I,</strong></span> <span class='ocrx_word' id='word_1_911' title='bbox 717 2859 744 2885; x_wconf 79' lang='lat' dir='ltr'><strong>t.</strong></span> <span class='ocrx_word' id='word_1_912' title='bbox 781 2859 802 2875; x_wconf 84' lang='lat'><strong>&quot;</strong></span> <span class='ocrx_word' id='word_1_913' title='bbox 814 2858 907 2886; x_wconf 83' lang='lat' dir='ltr'><strong>Matth.</strong></span> <span class='ocrx_word' id='word_1_914' title='bbox 927 2866 963 2890; x_wconf 82' lang='lat' dir='ltr'><strong>Iv,</strong></span> <span class='ocrx_word' id='word_1_915' title='bbox 977 2858 1021 2886; x_wconf 73' lang='lat' dir='ltr'><strong>i9.</strong></span> <span class='ocrx_word' id='word_1_916' title='bbox 1060 2858 1083 2875; x_wconf 77' lang='lat'><strong>“</strong></span> <span class='ocrx_word' id='word_1_917' title='bbox 1094 2858 1189 2886; x_wconf 76' lang='lat' dir='ltr'><strong>Matth.</strong></span> <span class='ocrx_word' id='word_1_918' title='bbox 1207 2867 1301 2893; x_wconf 77' lang='lat' dir='ltr'><strong>xxvnl,</strong></span> <span class='ocrx_word' id='word_1_919' title='bbox 1318 2860 1361 2888; x_wconf 82' lang='lat' dir='ltr'><strong>l9.</strong></span> <span class='ocrx_word' id='word_1_920' title='bbox 1399 2861 1422 2877; x_wconf 84' lang='lat'><strong>&quot;</strong></span> <span class='ocrx_word' id='word_1_921' title='bbox 1437 2860 1530 2889; x_wconf 82' lang='lat' dir='ltr'><strong>Matth.</strong></span> <span class='ocrx_word' id='word_1_922' title='bbox 1558 2869 1632 2895; x_wconf 69' lang='lat' dir='ltr'><strong>xxxv,</strong></span> <span class='ocrx_word' id='word_1_923' title='bbox 1650 2861 1694 2890; x_wconf 75' lang='grc'><strong>14.</strong></span> <span class='ocrx_word' id='word_1_924' title='bbox 1731 2861 1754 2877; x_wconf 80' lang='grc'>⁸⁸</span> <span class='ocrx_word' id='word_1_925' title='bbox 1768 2859 1861 2888; x_wconf 66' lang='lat' dir='ltr'><strong>Matth.</strong></span> 
     </span>
    </p>
   </div>
   <div class='ocr_carea' id='block_1_114' title="bbox 247 2892 362 2923">
    <p class='ocr_par' dir='ltr' id='par_1_114' title="bbox 247 2892 362 2923">
     <span class='ocr_line' id='line_1_114' title="bbox 247 2892 362 2923; baseline 0.009 -5"><span class='ocrx_word' id='word_1_926' title='bbox 247 2898 300 2923; x_wconf 79' lang='lat' dir='ltr'><strong>xvi,</strong></span> <span class='ocrx_word' id='word_1_927' title='bbox 319 2892 362 2919; x_wconf 75' lang='lat'><strong>18.</strong></span> 
     </span>
    </p>
   </div>
  </div>
