2041 3215
168 179 217 207 721

735 180 990 210 COMMENTARIA
1009 180 1044 209 IN
1063 180 1233 210 PSALMOS.

1754 180 1809 209 72?.

165 240 230 276 παᾴ
243 237 285 272 οἷς
304 241 321 276 ἡ
346 239 567 276 μεγαλοπρέπεια
587 241 670 269 αὐτοῦ
693 242 859 278 έγνωρίζετο
871 251 877 257 -
896 241 957 269 οὕτω

1023 240 1180 274 «Quoniam
1207 242 1311 268 elevata
1341 245 1383 268 est
1420 241 1622 277 magniﬁcentia
1649 246 1695 268 tua
1724 248 1807 275 super

164 285 214 320 τῆς
229 285 358 321 θεότητος
373 287 457 314 αὑτοῦ
474 287 653 323 καλουμένης.
667 288 712 314 Διὸ
724 288 847 315 λέλεκται
861 289 890 315 ὲν
905 289 965 316 ἑτέ--

166 332 223 365 ραις
234 339 241 346 ·
259 339 270 357 ε
291 331 352 358 ὀτι
373 331 480 368 ἐπήρθη
497 332 514 368 ἡ
533 332 757 368 μεγαλοπρέπεια
775 342 822 360 σου
839 333 966 369 ὑπεράνω

164 375 219 403 τῶν
234 376 367 413 οὐρανῶν.
392 387 402 404 ι
417 378 478 405 ’Ότι
494 378 522 405 δὲ
541 379 571 405 οὺ
586 379 687 411 πάντες
701 380 726 406 οἱ
744 379 773 413 ἐξ
796 380 904 415 Ἰσραὴλ
919 376 965 406 οὖ-

165 430 206 449 τοι
227 423 348 459 Ἰσραὴλ,
363 423 423 450 οὐδὲ
444 424 485 451 ὅτι
505 425 559 451 sic!
587 425 697 461 σπέρμα
716 426 841 462 Ἀϐραὰμ
865 427 965 459 πάντες

165 469 267 496 τέκνω
284 469 331 496 καὶ
344 470 382 502 ὡς
399 470 429 497 οὺ
443 469 478 497 τὰ
495 470 577 497 τέκνα
599 471 648 506 τῆς
663 471 764 507 σαρκὸς
778 471 864 498 ταῦτα
880 472 963 499 τέκνα

164 513 213 542 τοῦ
231 514 315 541 Θεοῦ·
335 515 397 542 οὐδὲ
408 517 422 542 6
434 516 464 543 ὲν
477 515 516 551 τῷ
535 516 646 551 φανερῷ
668 516 793 548 Ἰουδαῖός
804 517 888 550 ἐστιν,
905 518 965 545 οὐδὲ

165 559 226 594 ἠὲν
242 559 283 595 τῷ
298 559 409 595 φανερῷ
433 560 463 586 έν
489 561 570 595 σαρκὶ
595 561 740 597 περιτομὴ,
757 562 815 588 ἀλλ’
838 563 852 589 6
875 563 903 589 ἐν
926 562 965 598 τῷ

165 605 280 642 κρυπτῷ
295 606 432 638 Ἰουδαῖος,
447 608 494 635 καὶ
506 607 641 644 περιτομὴ
654 608 767 644 καρδίας
781 610 809 636 ὲν
818 609 962 644 πνεύματι,

163 652 196 679 οὐ
208 652 366 688 γράμματι,
384 653 504 681 διδάσκει
520 654 613 689 σαφῶς
627 655 641 681 6
657 655 827 688 ’Δπόστολος.
842 656 904 683 Ἐπὶ
918 656 963 683 τὸν

171 697 280 734 Ἰσραὴλ
289 698 405 735 τοίνυνὴ
423 701 648 736 μεγαλοπρέπεια
668 701 750 728 αὑτοῦ
762 710 768 717 ·
783 701 851 729 ἀλλὰ
864 702 911 729 καὶ
924 712 932 728 ι
947 704 963 738 ἡ

163 743 279 779 δύναμις
300 745 383 782 αὺτοῇ
395 746 424 772 ὲν
436 747 496 778 ταῖς
511 747 653 782 νεφέλαις·
673 757 682 774 ι
699 748 763 784 περὶ
785 745 823 775 ὧν
850 750 963 784 Ἡσαΐας

164 789 287 822 θεσπίζει
305 790 405 825 λέγων’
426 801 436 818 ι
452 793 507 819 Καὶ
524 794 585 825 ταῖς
601 793 726 828 νεφέλαις
748 794 907 830 ὲντελοῦμαι
926 796 962 831 μὴ

165 833 258 871 βρέξαι
279 836 327 863 ἐπὶ
351 837 397 864 τὸν
419 838 568 873 ἀμπελῶνα
584 839 672 866 ὑετόν.
691 849 700 865 ι
725 840 833 875 Ἐδήλου
856 840 884 867 δὲ
907 842 961 877 ἄρα

164 882 230 914 τοὺς
248 883 393 918 προφήτας
407 884 454 910 καὶ
478 885 540 916 τοὺς
561 884 616 912 τῶν
639 886 718 912 θείων
740 886 908 922 μαθημάτων
923 888 962 914 δι-

1017 287 1158 320 εωίοευ.»
1181 286 1258 320 Quod
1283 291 1444 314 autemnon
1467 295 1562 315 omnes
1581 286 1631 322 qui
1653 294 1687 313 ex
1704 283 1807 313 Isracle

1016 337 1092 365 sunt,
1107 333 1188 361 Israel
1203 331 1319 360 vocandi
1336 334 1406 366 sint;
1424 341 1511 368 neque
1524 334 1589 368 quia
1605 341 1699 361 semen
1719 332 1807 360 Abra-

1016 379 1058 406 ha:
1071 382 1145 409 sunt,
1165 377 1226 406 ideo
1244 385 1340 409 omnes
1365 378 1410 404 ﬁlii
1433 378 1494 412 ejus
1517 379 1586 411 sint;
1611 378 1741 413 quodque
1758 378 1806 407 ﬁlii

1015 425 1109 452 carnis
1123 433 1178 453 non
1203 425 1251 452 lilii
1268 424 1315 452 Dei
1339 425 1395 452 sint
1405 424 1438 456 ⁵⁸,
1463 433 1552 460 neque
1579 425 1625 460 qui
1649 426 1740 460 palam
1757 423 1807 452 Ju-

1015 470 1101 502 daeus,
1117 478 1182 499 vere
1201 471 1266 498 talis
1280 471 1327 500 sit.
1344 479 1433 506 neque
1448 479 1513 498 vera
1529 471 1705 499 circumcisio
1720 472 1758 499 sit
1774 480 1806 500 ea

1015 524 1077 552 qua:
1094 516 1122 544 in
1139 524 1222 544 carne
1238 516 1285 550 ﬁt;
1304 516 1352 545 sed
1366 516 1480 544 Judaaus
1493 524 1574 544 verus
1594 517 1622 544 in
1641 517 1761 551 occulto,
1778 522 1807 545 et

1015 563 1192 590 circumcisio
1206 562 1299 592 cordis
1317 563 1345 590 in
1361 563 1459 598 spiritu
1471 584 1479 597 ,
1502 571 1558 590 non
1573 563 1602 590 in
1616 563 1707 591 littera
1721 564 1804 596 sit",

1015 608 1090 636 clare
1105 608 1186 635 docet
1198 608 1356 644 Apostolus.
1378 608 1467 644 Super
1483 607 1569 636 Israel
1594 608 1679 643 igitur
1699 609 1805 644 magni-

1015 654 1123 681 ﬁcentia
1137 654 1217 689 ejus;
1237 653 1286 682 sed
1300 654 1383 682 etiam
1402 663 1411 680 ι
1424 655 1513 682 virtus
1524 654 1586 689 ejus
1601 655 1629 682 in
1644 655 1780 684 nubibus:
1791 664 1802 683 ι

1014 701 1048 729 de
1065 702 1165 736 quibus
1189 701 1274 729 Isaias
1287 701 1453 729 vaticinatur
1480 701 1594 729 dicens:
1615 711 1625 728 ι
1639 701 1673 729 Et
1686 702 1804 731 nubibus

1015 747 1152 775 mandabo
1165 754 1201 775 ne
1214 748 1310 783 pluant
1322 755 1406 782 supra
1420 748 1528 776 vineam
1546 748 1720 783 pluviam";
1733 758 1742 774 ι
1760 748 1804 776 in-

1015 794 1112 822 dicans
1140 795 1245 822 scilicet
1271 795 1431 830 prophetas,
1458 798 1486 823 et
1502 795 1659 822 divinarum
1674 795 1802 830 discipli-

1013 847 1111 867 narum
1138 840 1276 871 doctores,
1292 841 1350 875 qui,
1366 840 1595 868 subministrante
1609 839 1726 875 Spiritu,
1747 847 1806 868 co:—

1014 886 1075 913 lesti
1089 886 1180 921 pluvia
1194 887 1300 914 animas
1315 887 1458 914 hominum
1473 890 1504 914 ut
1517 887 1619 915 bonum
1637 895 1732 923 agrum
1745 888 1806 914 irri-

162 927 324 962 δισκάλους,
341 930 366 956 οἳ
382 931 414 966 τῇ
434 930 481 957 τοῦ
504 931 663 966 Πνεύματος
677 933 793 968 χορηγίᾳ
816 933 861 960 τὸν
882 934 957 970 οὐρά-

1014 932 1126 967 gabant.
1147 933 1184 959 lla
1200 940 1265 968 ergo
1279 933 1367 960 virtus
1386 932 1447 967 ejus
1464 933 1491 960 in
1510 933 1644 961 nubibus.
1668 942 1678 959 ι
1690 933 1804 961 Mirabi-

163 982 219 1002 νισν
232 974 311 1001 ὐετδν
322 976 382 1007 ταῖς
400 975 455 1002 τῶν
473 975 624 1012 ἀνθρώπων
634 977 734 1012 ψυχαῖς
757 978 851 1015 ὥσπερ
863 979 892 1005 έν
909 979 962 1015 χώ-

163 1028 224 1055 ραις
238 1020 355 1055 ἀγαθαῖς
367 1021 527 1057 ὲπήρδευον.
552 1022 645 1055 Οὕτως
671 1022 717 1050 οὖν
742 1024 788 1050 καὶ
808 1025 824 1060 ἡ
848 1024 962 1060 δύναμις

161 1065 246 1094 αὑτοῦ
269 1067 299 1093 ὲν
309 1067 370 1098 ταῖς
388 1067 522 1102 νεφέλαις.
540 1078 551 1094 ι
564 1069 726 1104 Θαυμαστὸς
748 1070 762 1096 6
784 1070 849 1102 θεὸς
863 1071 892 1096 ὲν
906 1072 962 1102 τοῖς

162 1110 252 1146 ἁγίοις
262 1111 357 1144 αὐτοῦ,
374 1122 383 1138 ι
403 1113 506 1149 ἑτέροις
517 1112 575 1140 οὖσι
586 1115 660 1151 παρὰ
671 1115 734 1147 τοὺς
747 1117 961 1152 προωνομασμέ-

162 1165 223 1190 νους
233 1158 377 1193 προφήτας
393 1158 440 1185 καὶ
454 1159 630 1192 ἀποστόλους.
649 1161 728 1192 Τίνες
740 1161 762 1188 δ’
776 1161 808 1188 ἂν
822 1159 875 1188 εἷεν
889 1159 961 1189 οὗτοι

162 1202 219 1230 ἀλλ’
230 1204 256 1230 οἱ
269 1202 299 1236 ἐξ
313 1204 441 1231 ἁπάντων
454 1205 508 1232 τῶν
521 1206 608 1233 ὲθνῶν
623 1207 735 1241 ἁγνείας
746 1208 793 1234 καὶ
807 1208 960 1244 ἁγιωσύνης

162 1248 325 1290 ἠξιωμένος
340 1250 369 1276 ὲν
382 1247 423 1282 οἷς
437 1251 484 1277 καὶ
501 1251 658 1287 θαυμαστός
670 1253 744 1279 ἐστιν
756 1254 770 1280 6
784 1254 859 1286 Θεὸς,
873 1254 960 1287 διδοὺς

160 1293 253 1325 αὐτοῖς
266 1293 380 1330 δύναμιν
401 1295 449 1322 καὶ
468 1297 646 1331 κραταίωσιν.
661 1298 706 1325 Διὸ
728 1299 862 1334 συνῆπται
881 1300 957 1336 έξῆς”

162 1347 174 1363 ι
193 1338 223 1366 ὀ
235 1338 303 1371 Θεὸς
325 1339 433 1376 Ἰσραὴλ
446 1341 527 1373 αὐτὸς
541 1341 621 1369 δώσει
634 1343 749 1380 δύναμιν
763 1345 809 1376 καὶ
824 1346 960 1381 κραταίω-

161 1391 203 1411 σιν
218 1383 257 1420 τῷ
272 1382 330 1421 λαῷ
344 1386 439 1418 αὐτοῦ,
452 1387 597 1423 εὐλογητὸς
611 1389 625 1415 6
640 1389 715 1421 Θεύς.
734 1400 743 1416 ι
756 1391 841 1418 Πάλιν
855 1392 883 1418 δὲ
895 1392 955 1419 κάν-

161 1429 247 1458 ταῦθα
266 1430 382 1467 δύναμιν
405 1433 562 1467 ἀναγκαίως
577 1434 676 1462 διδόναι
689 1435 812 1463 λέλεκται
830 1437 868 1472 τῷ
888 1438 958 1474 ἁγίῳ

162 1474 215 1510 λαῷ
228 1475 324 1508 αὐτοῦ,
349 1476 393 1503 ἵνα
416 1477 527 1513 δύνηται
552 1478 660 1514 λέγειν·
676 1489 686 1506 ‹
707 1481 800 1508 Πάντα
826 1483 908 1518 ἰσχύω
928 1484 972 1510 ἐν’

160 1521 199 1558 τῷ
209 1522 405 1559 ἐνδυναμοῦντί
420 1533 464 1559 με.
480 1535 489 1550 ι
502 1526 575 1554 Ἔδει
591 1526 655 1562 γὰρ,
670 1527 764 1563 ὥσπερ
774 1530 831 1561 τοῖς
842 1530 956 1564 εὐαγγε-

160 1568 310 1604 λιζομένοις
325 1569 415 1597 δέδοτο
427 1571 503 1607 ῥῆμα
520 1573 568 1599 σὺν
581 1573 694 1610 δυνάμει
711 1574 807 1611 πολλῇ,
821 1576 892 1603 οὕτω
910 1577 954 1603 καὶ

1016 978 1049 1006 tis
1073 977 1145 1005 Deus
1163 978 1190 1005 in
1216 979 1319 1006 sana-tis
1347 979 1433 1011 suis,-
1461 979 1510 1014 qui
1535 979 1582 1006 alii
1608 984 1701 1007 sunta
1719 987 1805 1014 supra

1015 1024 1173 1051 memoratis
1198 1025 1338 1059 prophetis
1364 1029 1392 1056 et
1427 1025 1571 1060 apostolis.
1600 1024 1720 1058 Quinam
1748 1026 1802 1058 illi.

1015 1070 1068 1098 nisi
1089 1070 1135 1105 qui
1153 1079 1185 1098 ex
1199 1071 1329 1098 omnibus
1351 1071 1480 1106 gentibus
1499 1072 1630 1100 castitate
1650 1076 1678 1100 et
1701 1073 1804 1101 sancti.-

1015 1117 1106 1148 monia
1123 1117 1218 1144 donati
1234 1118 1316 1145 sunt?
1331 1118 1358 1144 in
1379 1118 1479 1153 quibus
1505 1118 1642 1146 mirabilis
1661 1117 1734 1147 Deus
1748 1123 1802 1151 est,

1013 1165 1061 1200 qui
1076 1165 1206 1192 virtutem
1219 1168 1247 1191 et
1261 1165 1346 1192 robur
1357 1164 1425 1199 ipsis
1441 1165 1581 1199 impertiit.
1599 1165 1689 1197 Quare
1704 1165 1804 1194 deinde

1013 1211 1188 1246 subjungitur
1203 1220 1210 1238 :
1241 1220 1250 1236 ‹
1262 1209 1333 1238 Deus
1358 1209 1441 1238 Israel
1467 1210 1526 1245 ipse
1543 1210 1619 1237 dabit
1634 1210 1760 1238 virtutem
1775 1214 1804 1238 et

1013 1258 1202 1285 fortitudinem
1226 1257 1298 1292 plebi
1331 1265 1398 1289 suas,
1423 1257 1587 1284 benedictus
1619 1256 1718 1284 Deus.-
1752 1256 1803 1284 Hic

1013 1311 1124 1332 rursum
1152 1303 1279 1331 virtutem
1307 1308 1405 1331 sancto
1429 1304 1532 1338 populo
1556 1303 1618 1338 ejus
1643 1303 1802 1332 necessrio

1012 1348 1070 1376 dari
1088 1349 1136 1381 ait,
1163 1352 1192 1376 ut
1207 1348 1294 1383 possit
1309 1348 1402 1376 dicere
1421 1358 1427 1375 :
1457 1358 1467 1374 ι
1479 1348 1577 1376 Omnia
1592 1353 1704 1384 passum
1719 1349 1748 1376 in
1768 1356 1803 1376 eo

1011 1395 1058 1431 qui
1083 1403 1126 1423 me
1150 1395 1347 1422 contortat’h
1366 1394 1496 1429 Oportuit
1509 1395 1595 1427 enim,
1612 1399 1641 1422 ut
1659 1395 1799 1429 evangeli-

1012 1441 1140 1469 zantibus
1156 1441 1270 1468 verbum
1285 1439 1379 1467 datum
1403 1439 1494 1467 fuerat
1506 1447 1568 1467 cum
1585 1441 1687 1468 virtute
1702 1440 1799 1471 multa,

1011 1485 1049 1512 ita
1064 1493 1175 1520 quoque
1193 1485 1295 1520 popqu
1317 1484 1379 1519 ejus
1404 1484 1489 1512 robur
1505 1489 1532 1512 et
1547 1485 1675 1512 virtutem
1693 1484 1800 1513 submi-

1010 1530 1135 1563 nistrari,
1153 1534 1183 1557 ut
1199 1530 1286 1565 possit
1309 1535 1405 1558 contra
1421 1531 1559 1559 versutias
1582 1531 1686 1559 diaboli
1706 1531 1800 1558 consl-

1011 1581 1093 1610 stere,
1110 1584 1142 1604 ac
1158 1577 1272 1612 perinde
1287 1581 1369 1612 atque
1385 1576 1486 1605 Paulus
1503 1577 1595 1604 dicere
1612 1586 1618 1604 :
1642 1587 1650 1603 ι
1666 1576 1733 1610 Quis
1748 1584 1799 1604 nos

158 1613 197 1654 τῷ
218 1614 276 1651 λαῷ
296 1615 378 1643 αὑτοῦ
403 1617 570 1652 κραταίωσιν
599 1620 646 1646 καὶ
667 1620 781 1656 δύναμιν
811 1623 951 1658 παρέχειν,

1009 1623 1142 1658 separabit
1157 1631 1173 1650 a
1188 1623 1324 1651 cbaritate
1338 1623 1403 1650 Dei?
1422 1623 1576 1656 tribulatio,
1602 1631 1636 1650 an
1657 1623 1798 1658 angustia,

159 1659 228 1696 πρὸς
243 1661 274 1688 τὸ
287 1661 416 1689 δύνασθαι
437 1664 561 1691 ἵστασθαι
585 1666 653 1701 πρὸς
677 1666 726 1699 τὰς
743 1667 883 1703 μεθοδείας
906 1669 952 1696 τοῦ

1007 1678 1041 1697 an
1058 1669 1225 1705 persecutio,
1239 1677 1274 1696 an
1289 1669 1406 1697 fames"
1417 1669 1428 1696 ?
1439 1679 1448 1696 ι
1468 1675 1496 1697 et
1509 1670 1552 1697 his
1566 1669 1678 1697 similia.

158 1705 290 1741 διαϐόλου,
303 1710 350 1736 καὶ
370 1710 459 1745 λέγειν
476 1711 576 1746 ὁμοίως
609 1712 723 1749 Παύλῳ·
752 1724 761 1740 ι
779 1715 827 1748 Τίς
856 1717 929 1752 ἡμᾶς
948 1718 1060 1753 χωρίσει
1082 1717 1136 1744 ἀπὺ
1157 1717 1207 1752 τῆς
1229 1717 1338 1752 ἀγάπης
1365 1715 1412 1743 τοῦ
1432 1715 1520 1748 θεοῦὲ
1546 1716 1634 1751 θλίψις
1657 1715 1674 1751 ἢ
1710 1723 1802 1744 στενυ-

158 1753 255 1790 χωρία,
270 1754 288 1790 ἢ
301 1755 430 1791 διωγμὸς,
451 1757 468 1793 ἢ
492 1757 584 1793 λιμός;
601 1768 610 1783 ι
629 1760 676 1786 καὶ
691 1759 725 1786 τὰ
745 1761 849 1794 τούτοις
867 1763 1056 1799 παραπλήσια.

159 1809 213 1837 ΕΙΣ
233 1809 277 1838 ΤΟ
297 1811 426 1843 ΤΕΔΟΣ,
454 1813 546 1840 ΥΠΕΡ
577 1815 644 1841 ΤΩΝ
668 1816 952 1846 ΑΛΛΟΙΩΘΗΣΟΜΕ-

378 1848 458 1880 mox,
479 1849 522 1885 Τῼ
543 1850 654 1878 ΔΑΥιΔ.
674 1851 736 1879 Ξιικ

195 1899 207 1917 ι
226 1891 319 1918 Σῶσόν
346 1901 391 1928 με,
415 1893 429 1920 6
450 1893 527 1926 Θεὸς,
544 1894 585 1921 ὅτι
609 1896 770 1932 είσήλθοσαν
795 1898 879 1926 ὕδατα
902 1900 954 1932 ἕως

158 1935 248 1975 ψυχῆς
276 1946 337 1973 μου.
360 1948 370 1965 ι
401 1939 537 1975 Τέτταρές
565 1941 634 1969 εἰσιν
663 1943 687 1969 οί
718 1943 953 1981 ἐπιγεγραμμένοι

161 1991 172 2008 ι
192 1981 279 2019 ’Υπὲρ
291 1984 346 2011 τῶν
357 1984 615 2022 ἁλλοιωθησομένων
624 1997 630 2003 ·
651 1998 660 2014 ι
678 1988 725 2015 δύο
739 1990 788 2026 μὲν
799 1991 846 2017 τοῦ
861 1991 952 2023 Δαυῒδ,

159 2029 172 2056 6
187 2029 258 2074 μετὰ
271 2031 365 2066 χεῖρας
377 2033 424 2058 καὶ
435 2033 450 2059 6
466 2032 514 2059 νϐ’·
526 2033 581 2060 τῶν
597 2034 626 2060 δὲ
641 2035 707 2062 υἱῶν
718 2037 789 2072 Κορὲ
802 2034 853 2070 εἷς,
868 2039 882 2064 6
901 2038 952 2074 μδ’,

160 2073 207 2100 καὶ
228 2075 277 2101 τοῦ
299 2075 384 2111 Ἀσὰφ
406 2076 508 2111 ὁμοίως
531 2078 545 2104 6
566 2078 613 2105 00'.
638 2079 699 2106 Ἐπὶ
721 2081 830 2108 πάντων
849 2082 877 2109 δὲ
893 2083 953 2110 ἀντὶ

160 2118 217 2164 τοῦ,
239 2129 250 2146 ι
271 2120 358 2158 Ὑπὲρ
383 2121 437 2149 τῶν
460 2123 727 2161 ἀλλοιωθησομένων,
746 2138 755 2153 ι
773 2129 787 2154 6
805 2128 853 2164 μὲν
874 2129 953 2156 Ἀκύ-

159 2163 218 2198 λας,
234 2175 245 2192 ι
269 2166 333 2193 Ἐπὶ
354 2168 465 2203 κρίνων,
484 2179 493 2195 ι
517 2170 682 2198 ἐκδέδωκεν·
707 2173 721 2198 6
742 2173 770 2200 δὲ
795 2174 952 2210 Σύμμαχος,

161 2220 173 2255 ι
193 2211 281 2247 ’Υπὲρ
300 2212 355 2240 τῶν
376 2213 475 2242 ἀνθῶν.
495 2224 504 2241 ι
530 2215 558 2242 '0
572 2217 620 2252 μὲν
634 2215 680 2244 οὖν
698 2218 739 2253 μδ¹
752 2218 800 2254 τὴν
824 2221 889 2255 περὶ
906 2221 953 2247 τοῦ

165 2251 321 2293 Ἇγαπητοῦ
346 2261 515 2296 προφητείαν
535 2251 668 2298 περιεῖχε,
691 2251 740 2299 τῆς
762 2251 790 2291 τὲ
815 2265 845 2297 ἐξ
862 2251 952 2293 ’ἐθνῶν

165 2303 328 2339 Ἐκκλησίας
350 2305 400 2341 τὴν
417 2306 471 2333 ἀπὸ
492 2308 546 2334 τῶν
561 2309 688 2344 χειρόνων
709 2310 755 2337 ἐπὶ
776 2310 811 2337 τὰ
835 2311 951 2347 κρείττω
967 2306 988 2333 Ῑ)

157 2350 319 2378 ἀλλοίωσιν·
340 2353 355 2378 6
376 2353 405 2380 δὲ
428 2356 611 2390 πεντηκοστὸς
634 2357 727 2389 ἔνατος
747 2357 883 2393 ἀποϐολὴν
903 2358 950 2385 τοῦ

164 2395 300 2424 Ἰουδαίων
315 2398 409 2432 ἔθνους
424 2400 470 2427 καὶ
485 2401 540 2428 τῶν
557 2402 712 2437 ἀλλοφύλων
732 2403 817 2430 ἐθνῶν
838 2405 887 2439 τὴν
904 2405 950 2431 ἐπὶ

157 2440 191 2468 τὰ
204 2441 336 2470 κάλλιστα
351 2444 518 2481 μταῦολήν·
539 2447 554 2473 6
567 2447 595 2473 δὲ
609 2446 646 2473 οθ¹
663 2445 740 2480 αὖθις
756 2448 805 2484 τὴν
820 2449 867 2475 τοῦ
887 2449 951 2476 ἰου-

157 2485 238 2515 δαίων
251 2487 345 2521 ἔθνους
359 2489 529 2524 ἀπόπτωσιν,
543 2494 590 2520 καὶ
606 2493 653 2520 τοῦ
664 2494 790 2530 Σωτῆρος
804 2495 883 2530 ἡμῶν
900 2495 949 2530 τὴν

157 2532 363 2570 ὲνανθρὼπησιν
380 2536 516 2572 σημαίνει.
532 2539 650 2571 Εἰκότως
665 2537 711 2566 οὖν
725 2540 772 2566 καὶ
787 2541 801 2566 6
815 2540 883 2575 μετὰ
896 2542 950 2576 χεῖ-

159 2587 218 2615 ρας,
244 2588 255 2606 ι
278 2580 364 2617 ’Υπὲρ
388 2582 441 2609 τῶν
462 2584 727 2621 ἀλλοιωθησομένων,
755 2595 763 2611 ›
780 2586 808 2621 ἦ,
833 2596 841 2612 ι
866 2587 950 2623 ’Υπὲρ

158 2625 211 2669 τῶν
221 2626 322 2659 ἀνθῶν,
338 2637 348 2653 ι
364 2628 435 2656 κατὰ
445 2630 490 2657 τὸν
508 2631 709 2668 Σύμμαχον,’ἣ,
726 2642 734 2658 ι
747 2633 808 2659 Ἐπὶ
820 2633 946 2669 κρίνων.»

159 2668 230 2698 κατὰ
244 2671 290 2699 τδν
311 2672 435 2707 Ἀκύλαν,
449 2675 665 2712 ὲπιγέγραπται’
680 2679 775 2715 ἐπειδὴ
790 2668 846 2715 τὴν
856 2680 902 2706 ἐπὶ
919 2680 948 2707 τὺ

159 2716 249 2753 χεῖρον
272 2717 414 2747 ἀλλοίωσιν
431 2722 479 2748 τοῦ
496 2723 529 2749 ὲκ
550 2724 703 2760 περιτομῆς
718 2723 783 2751 λαοῦ
806 2725 852 2751 καὶ
869 2725 948 2757 αὐτὸς

160 2762 292 2807 περιέχει,
305 2763 362 2798 οὓς,
375 2766 455 2802 κρίνα
470 2768 516 2795 καὶ
529 2769 597 2804 ἄνθη
612 2770 683 2797 κατὰ
697 2771 792 2807 καιρὸν
804 2771 946 2806 ὀφθέντας,

159 2808 176 2842 ή
191 2808 238 2836 tut
256 2804 387 2847 ἃεχείρω
403 2812 538 2847 διεδέξατο
561 2816 705 2853 μεταϐολή.
723 2804 832 2843 ’Ᾰνθεσι
845 2817 873 2843 δὲ
898 2818 948 2844 αὑ-

195 2865 217 2885 ⁸⁷
228 2865 301 2909 ligat.
319 2877 380 2902 vni,
418 2872 444 2901 2.
484 2874 506 2890 ⁸⁸
522 2873 601 2902 Rom.
620 2883 657 2909 Ix,
673 2875 727 2903 6-8.

162 2907 220 2936 vin,
235 2902 278 2931 35.

780 2877 801 2893 ⁸³
814 2876 892 2905 Ilom.
912 2886 941 2911 ιι,
959 2879 1004 2913 28,
1024 2879 1069 2907 29.

1005 1819 1038 1846 IN
1063 1819 1189 1852 FINEM,
1209 1817 1279 1846 PRO
1304 1817 1349 1845 IIS
1373 1817 1432 1850 QUI
1460 1816 1797 1849 COIIMUTABUNTUR,

1227 1853 1291 1882 IPSI
1312 1853 1430 1880 DAVID.
1451 1852 1567 1880 LXVIII.

1041 1900 1125 1929 Vsus.
1141 1900 1169 1931 2,
1184 1901 1211 1928 5.
1231 1910 1241 1926 ι
1261 1900 1372 1928 Salvmn
1387 1907 1430 1927 me
1450 1898 1503 1930 fac,
1517 1897 1599 1928 Deus,
1616 1897 1749 1932 quoniam
1760 1898 1799 1925 in-

1006 1951 1148 1978 traverunt
1159 1954 1237 1981 aqua:
1250 1954 1337 1981 usque
1352 1946 1385 1972 ad
1397 1945 1516 1972 animam
1532 1951 1630 1971 meam.
1646 1953 1656 1969 ι
1675 1943 1800 1976 Quatuor

1005 1993 1102 2028 psalmi
1121 2002 1130 2018 ι
1159 1991 1213 2019 Pro
1239 1992 1274 2019 iis
1299 1991 1346 2027 qui
1367 1990 1610 2018 commutabantur
1638 1999 1648 2016 ι
1672 1990 1798 2026 inscripti

1006 2040 1080 2064 sunt.
1097 2035 1156 2064 Duo
1173 2035 1295 2067 Davidis,
1312 2043 1410 2070 nempe
1427 2035 1471 2062 hic
1495 2043 1576 2070 quem
1603 2039 1755 2064 tractamus
1771 2040 1800 2064 et

1006 2091 1053 2110 Lux
1068 2093 1074 2110 ε
1090 2083 1208 2110 ﬁliorum
1222 2082 1292 2109 Core
1303 2089 1384 2112 unus.
1395 2081 1499 2108 scilicet
1510 2088 1573 2108 xuv
1586 2090 1594 2114 ;
1607 2081 1671 2117 Asaj
1681 2081 1708 2109 hi
1722 2082 1799 2118 simi-

1004 2129 1066 2156 liter
1082 2136 1175 2157 usu.
1191 2127 1220 2154 In
1235 2127 1365 2155 omnibus
1389 2134 1472 2162 porro
1486 2126 1561 2154 illius
1576 2127 1646 2161 loco,
1663 2139 1677 2153 «-
1695 2127 1749 2155 Pro
1765 2128 1798 2156 iis

1005 2175 1052 2209 qui
1068 2175 1322 2204 commutabuntur,
1342 2184 1351 2199 ι
1372 2173 1482 2208 Aquila.
1498 2182 1508 2199 ι
1526 2173 1614 2209 Super
1626 2174 1692 2209 lilia,
1710 2183 1719 2199 ι
1738 2174 1797 2202 edi-

1006 2222 1047 2248 dit
1061 2231 1068 2254 ;
1081 2220 1261 2256 Symmachus
1277 2228 1353 2251 vero,
1369 2229 1378 2246 ι
1401 2219 1454 2247 Pro
1468 2219 1590 2247 ﬂoribus.
1610 2230 1620 2246 ι
1641 2219 1799 2256 Quadragc-

1007 2268 1094 2295 simus
1108 2267 1200 2301 itaque
1215 2270 1332 2301 quartus
1346 2266 1380 2293 de
1397 2265 1501 2292 Dilecto
1521 2266 1702 2300 prophetiam,
1713 2270 1797 2301 atque

1003 2314 1123 2350 gentium
1144 2313 1275 2340 Ecclesia
1291 2320 1306 2338 a
1327 2312 1468 2347 pejoribus
1485 2312 1517 2338 ad
1537 2311 1649 2338 meliora
1670 2312 1798 2338 immuta-

1004 2361 1116 2392 tionem,
1143 2359 1355 2394 complectitur;
1375 2357 1620 2392 quinquagcsimus
1638 2365 1728 2385 nonus
1747 2359 1797 2385 ab-

1001 2406 1148 2441 jectionem
1160 2404 1267 2432 Judaici
1278 2403 1382 2440 populi,
1391 2403 1662 2439 alicnigenarumque
1673 2404 1794 2438 gentium

1004 2452 1037 2479 ad
1064 2450 1289 2486 pnestantissima
1303 2449 1512 2477 conversionem
1527 2457 1538 2482 ;
1555 2456 1664 2476 rursum
1682 2454 1796 2484 septua-

1003 2497 1124 2532 gesimus
1144 2504 1233 2523 nonus
1257 2494 1365 2523 Iudaici
1382 2495 1474 2530 populi
1492 2495 1608 2530 lapsum,
1626 2498 1653 2522 et
1670 2493 1794 2522 Salvato-

1005 2545 1043 2572 ris
1070 2544 1157 2571 nostri
1186 2542 1401 2570 incarnationem
1434 2541 1580 2577 signiﬁcat.
1606 2539 1672 2569 Jure
1702 2542 1794 2577 itaque

1004 2599 1124 2627 praéscns
1139 2591 1203 2618 item
1220 2591 1353 2626 psalmus,
1373 2599 1382 2614 ‹
1401 2589 1452 2616 Pro
1472 2589 1506 2617 iis
1519 2589 1566 2624 qui
1583 2588 1794 2617 commutaban-

1003 2642 1067 2670 tur;
1093 2648 1101 2663 ι
1119 2640 1166 2664 aut
1191 2645 1200 2662 ι
1219 2636 1272 2663 Pro
1290 2635 1414 2666 ﬂoribus,
1438 2646 1446 2661 ι
1469 2638 1498 2662 ut
1521 2634 1791 2670 Symniachus;aut,

1005 2694 1015 2709 ‹
1033 2675 1121 2719 Super
1133 2683 1201 2715 lilia,
1220 2692 1230 2708 ι
1251 2687 1280 2709 ut
1299 2682 1407 2717 Aquila,
1424 2681 1575 2716 inscriptus
1589 2685 1642 2714 est,
1659 2681 1722 2717 quia
1742 2689 1792 2716 po-

1000 2730 1058 2764 puli
1071 2737 1105 2758 ex
1120 2728 1333 2756 circumcisione
1349 2727 1382 2755 ad
1396 2727 1490 2762 pejora
1510 2727 1688 2755 mutationem
1705 2726 1793 2754 conti-

1000 2779 1057 2807 net,
1084 2775 1130 2810 qui
1154 2782 1216 2801 cum
1243 2774 1309 2801 liliis
1336 2777 1364 2801 ct
1384 2772 1500 2801 ﬂoribus
1523 2774 1588 2800 olim
1612 2772 1716 2801 similes
1739 2773 1791 2800 visi

1001 2820 1129 2851 fuissent,
1156 2819 1212 2855 jam
1234 2818 1268 2846 ad
1295 2819 1432 2847 deteriora
1458 2818 1642 2846 declinarunt.
1663 2817 1791 2845 Floribus

1122 2881 1144 2896 το
1165 2881 1219 2908 15:1.
1237 2889 1263 2913 v,
1281 2879 1306 2907 6.
1359 2880 1380 2895 ⁷⁸
1394 2879 1511 2915 Philipp.
1530 2887 1568 2910 Iv,
1590 2878 1632 2905 I5.
1672 2880 1694 2894 ⁷¹
1710 2878 1788 2905 Rom.
