  <div class='ocr_page' id='page_1' title='image "/cluster/home/n/w/nwhite01/storage/ocr_20150623/23/njp.32101077772505/369.png"; bbox 0 0 2041 3215; ppageno 0'>
   <div class='ocr_carea' id='block_1_1' title="bbox 231 191 282 218">
    <p class='ocr_par' dir='ltr' id='par_1_1' title="bbox 231 191 282 218">
     <span class='ocr_line' id='line_1_1' title="bbox 231 191 282 218; baseline 0 -1"><span class='ocrx_word' id='word_1_1' title='bbox 231 191 282 218; x_wconf 75' lang='lat'><strong>725</strong></span> 
     </span>
    </p>
   </div>
   <div class='ocr_carea' id='block_1_2' title="bbox 569 183 1505 218">
    <p class='ocr_par' dir='ltr' id='par_1_2' title="bbox 569 183 1505 218">
     <span class='ocr_line' id='line_1_2' title="bbox 569 183 1505 218; baseline -0.007 1"><span class='ocrx_word' id='word_1_2' title='bbox 569 190 705 218; x_wconf 72' lang='lat' dir='ltr'><strong>EUSEBII</strong></span> <span class='ocrx_word' id='word_1_3' title='bbox 724 183 964 218; x_wconf 66' lang='lat' dir='ltr'><strong>CAESARIENSIS</strong></span> <span class='ocrx_word' id='word_1_4' title='bbox 984 189 1058 215; x_wconf 81' lang='lat' dir='ltr'><strong>OPP.</strong></span> <span class='ocrx_word' id='word_1_5' title='bbox 1079 187 1169 214; x_wconf 74' lang='lat' dir='ltr'><strong>PARS</strong></span> <span class='ocrx_word' id='word_1_6' title='bbox 1188 187 1231 215; x_wconf 86' lang='lat' dir='ltr'><strong>Ill.</strong></span> <span class='ocrx_word' id='word_1_7' title='bbox 1248 202 1281 207; x_wconf 88' lang='lat'><strong>——</strong></span> <span class='ocrx_word' id='word_1_8' title='bbox 1301 185 1505 214; x_wconf 71' lang='lat' dir='ltr'><strong>EXEGEHCA.</strong></span> 
     </span>
    </p>
   </div>
   <div class='ocr_carea' id='block_1_3' title="bbox 1808 183 1859 208">
    <p class='ocr_par' dir='ltr' id='par_1_3' title="bbox 1808 183 1859 208">
     <span class='ocr_line' id='line_1_3' title="bbox 1808 183 1859 208; baseline 0 0"><span class='ocrx_word' id='word_1_9' title='bbox 1808 183 1859 208; x_wconf 56' lang='grc' dir='ltr'>ηε</span> 
     </span>
    </p>
   </div>
   <div class='ocr_carea' id='block_1_4' title="bbox 230 241 1021 285">
    <p class='ocr_par' dir='ltr' id='par_1_4' title="bbox 230 248 1018 285">
     <span class='ocr_line' id='line_1_4' title="bbox 230 248 1018 285; baseline -0.001 -10"><span class='ocrx_word' id='word_1_10' title='bbox 230 253 322 276; x_wconf 81' lang='lat' dir='ltr'><strong>autem</strong></span> <span class='ocrx_word' id='word_1_11' title='bbox 337 248 398 276; x_wconf 89' lang='lat' dir='ltr'><strong>illos</strong></span> <span class='ocrx_word' id='word_1_12' title='bbox 419 249 505 277; x_wconf 84' lang='lat' dir='ltr'><strong>lsaias</strong></span> <span class='ocrx_word' id='word_1_13' title='bbox 531 254 674 285; x_wconf 83' lang='lat' dir='ltr'><strong>comparat</strong></span> <span class='ocrx_word' id='word_1_14' title='bbox 688 249 800 277; x_wconf 78' lang='lat' dir='ltr'><strong>dicens:</strong></span> <span class='ocrx_word' id='word_1_15' title='bbox 820 259 828 273; x_wconf 80' lang='grc' dir='ltr'><strong>ι</strong></span> <span class='ocrx_word' id='word_1_16' title='bbox 845 248 941 276; x_wconf 82' lang='lat' dir='ltr'><strong>Omnis</strong></span> <span class='ocrx_word' id='word_1_17' title='bbox 954 255 1018 275; x_wconf 81' lang='lat' dir='ltr'><strong>caro</strong></span> 
     </span>
    </p>
   </div>
   <div class='ocr_carea' id='block_1_5' title="bbox 1072 241 1859 285">
    <p class='ocr_par' dir='ltr' id='par_1_5' title="bbox 1072 241 1859 281">
     <span class='ocr_line' id='line_1_5' title="bbox 1072 241 1859 281; baseline -0.006 -9"><span class='ocrx_word' id='word_1_18' title='bbox 1072 247 1131 277; x_wconf 72' lang='grc' dir='ltr'>τοὺς</span> <span class='ocrx_word' id='word_1_19' title='bbox 1145 245 1313 281; x_wconf 69' lang='grc' dir='ltr'>παραϐάλλει</span> <span class='ocrx_word' id='word_1_20' title='bbox 1328 245 1374 271; x_wconf 74' lang='grc' dir='ltr'>καὶ</span> <span class='ocrx_word' id='word_1_21' title='bbox 1391 245 1405 269; x_wconf 88' lang='grc' dir='ltr'>ὁ</span> <span class='ocrx_word' id='word_1_22' title='bbox 1423 244 1535 274; x_wconf 69' lang='grc' dir='ltr'>Ἡσαΐας</span> <span class='ocrx_word' id='word_1_23' title='bbox 1548 242 1634 276; x_wconf 74' lang='grc' dir='ltr'>λέγων</span> <span class='ocrx_word' id='word_1_24' title='bbox 1644 250 1651 257; x_wconf 87' lang='grc'>·</span> <span class='ocrx_word' id='word_1_25' title='bbox 1671 251 1680 267; x_wconf 75' lang='grc' dir='ltr'><strong>ε</strong></span> <span class='ocrx_word' id='word_1_26' title='bbox 1699 242 1777 268; x_wconf 79' lang='grc' dir='ltr'>Πᾶσα</span> <span class='ocrx_word' id='word_1_27' title='bbox 1789 241 1859 278; x_wconf 78' lang='grc' dir='ltr'>σὰρξ</span> 
     </span>
    </p>
   </div>
   <div class='ocr_carea' id='block_1_6' title="bbox 231 294 1018 333">
    <p class='ocr_par' dir='ltr' id='par_1_6' title="bbox 231 294 1018 333">
     <span class='ocr_line' id='line_1_6' title="bbox 231 294 1018 333; baseline -0.001 -12"><span class='ocrx_word' id='word_1_28' title='bbox 231 295 334 328; x_wconf 82' lang='lat' dir='ltr'><strong>fenum,</strong></span> <span class='ocrx_word' id='word_1_29' title='bbox 350 298 377 321; x_wconf 92' lang='lat' dir='ltr'><strong>ct</strong></span> <span class='ocrx_word' id='word_1_30' title='bbox 393 295 481 322; x_wconf 83' lang='lat' dir='ltr'><strong>omnis</strong></span> <span class='ocrx_word' id='word_1_31' title='bbox 496 295 580 333; x_wconf 71' lang='lat' dir='ltr'><strong>gloria</strong></span> <span class='ocrx_word' id='word_1_32' title='bbox 598 295 659 329; x_wconf 78' lang='lat' dir='ltr'><strong>ejus</strong></span> <span class='ocrx_word' id='word_1_33' title='bbox 675 295 752 329; x_wconf 89' lang='lat' dir='ltr'><strong>quasi</strong></span> <span class='ocrx_word' id='word_1_34' title='bbox 770 295 819 322; x_wconf 81' lang='lat' dir='ltr'><strong>llos</strong></span> <span class='ocrx_word' id='word_1_35' title='bbox 836 294 901 321; x_wconf 77' lang='lat' dir='ltr'><strong>feni.</strong></span> <span class='ocrx_word' id='word_1_36' title='bbox 922 294 1018 321; x_wconf 78' lang='lat' dir='ltr'><strong>Exsic-</strong></span> 
     </span>
    </p>
   </div>
   <div class='ocr_carea' id='block_1_7' title="bbox 230 338 1019 373">
    <p class='ocr_par' dir='ltr' id='par_1_7' title="bbox 230 338 1019 373">
     <span class='ocr_line' id='line_1_7' title="bbox 230 338 1019 373; baseline -0.001 -7"><span class='ocrx_word' id='word_1_37' title='bbox 230 343 321 366; x_wconf 82' lang='lat' dir='ltr'><strong>catum</strong></span> <span class='ocrx_word' id='word_1_38' title='bbox 336 343 378 366; x_wconf 88' lang='lat' dir='ltr'><strong>est</strong></span> <span class='ocrx_word' id='word_1_39' title='bbox 404 339 506 372; x_wconf 80' lang='lat' dir='ltr'><strong>fenum,</strong></span> <span class='ocrx_word' id='word_1_40' title='bbox 528 344 554 366; x_wconf 88' lang='lat' dir='ltr'><strong>et</strong></span> <span class='ocrx_word' id='word_1_41' title='bbox 571 340 620 367; x_wconf 82' lang='lat' dir='ltr'><strong>llos</strong></span> <span class='ocrx_word' id='word_1_42' title='bbox 640 339 740 366; x_wconf 84' lang='lat' dir='ltr'><strong>decidit</strong></span> <span class='ocrx_word' id='word_1_43' title='bbox 755 339 788 365; x_wconf 69' lang='grc' dir='ltr'><strong>υ.</strong></span> <span class='ocrx_word' id='word_1_44' title='bbox 811 349 820 365; x_wconf 77' lang='grc' dir='ltr'><strong>ι</strong></span> <span class='ocrx_word' id='word_1_45' title='bbox 847 338 930 371; x_wconf 81' lang='lat' dir='ltr'><strong>Qneis</strong></span> <span class='ocrx_word' id='word_1_46' title='bbox 957 346 1019 373; x_wconf 88' lang='lat' dir='ltr'><strong>spe-</strong></span> 
     </span>
    </p>
   </div>
   <div class='ocr_carea' id='block_1_8' title="bbox 229 384 1017 419">
    <p class='ocr_par' dir='ltr' id='par_1_8' title="bbox 229 384 1017 419">
     <span class='ocr_line' id='line_1_8' title="bbox 229 384 1017 419; baseline -0.003 -7"><span class='ocrx_word' id='word_1_47' title='bbox 229 385 334 412; x_wconf 77' lang='lat' dir='ltr'><strong>ciosum</strong></span> <span class='ocrx_word' id='word_1_48' title='bbox 351 385 428 412; x_wconf 91' lang='lat' dir='ltr'><strong>illum</strong></span> <span class='ocrx_word' id='word_1_49' title='bbox 438 385 472 412; x_wconf 86' lang='lat' dir='ltr'><strong>ad</strong></span> <span class='ocrx_word' id='word_1_50' title='bbox 487 385 567 412; x_wconf 81' lang='lat' dir='ltr'><strong>breve</strong></span> <span class='ocrx_word' id='word_1_51' title='bbox 580 388 688 419; x_wconf 82' lang='lat' dir='ltr'><strong>tempus</strong></span> <span class='ocrx_word' id='word_1_52' title='bbox 702 384 842 411; x_wconf 86' lang='lat' dir='ltr'><strong>ﬂorentem</strong></span> <span class='ocrx_word' id='word_1_53' title='bbox 857 385 1017 418; x_wconf 76' lang='lat' dir='ltr'><strong>corporeum</strong></span> 
     </span>
    </p>
   </div>
   <div class='ocr_carea' id='block_1_9' title="bbox 229 428 1017 463">
    <p class='ocr_par' dir='ltr' id='par_1_9' title="bbox 229 428 1017 463">
     <span class='ocr_line' id='line_1_9' title="bbox 229 428 1017 463; baseline -0.001 -6"><span class='ocrx_word' id='word_1_54' title='bbox 229 428 384 457; x_wconf 68' lang='lat' dir='ltr'><strong>Judazorum</strong></span> <span class='ocrx_word' id='word_1_55' title='bbox 401 430 504 457; x_wconf 87' lang='lat' dir='ltr'><strong>cultum</strong></span> <span class='ocrx_word' id='word_1_56' title='bbox 524 429 587 456; x_wconf 78' lang='lat' dir='ltr'><strong>feno</strong></span> <span class='ocrx_word' id='word_1_57' title='bbox 603 435 630 456; x_wconf 90' lang='lat' dir='ltr'><strong>et</strong></span> <span class='ocrx_word' id='word_1_58' title='bbox 645 429 758 457; x_wconf 87' lang='lat' dir='ltr'><strong>ﬂoribus</strong></span> <span class='ocrx_word' id='word_1_59' title='bbox 774 429 889 456; x_wconf 79' lang='lat' dir='ltr'><strong>confert.</strong></span> <span class='ocrx_word' id='word_1_60' title='bbox 906 428 933 455; x_wconf 90' lang='lat' dir='ltr'><strong>In</strong></span> <span class='ocrx_word' id='word_1_61' title='bbox 947 436 1017 463; x_wconf 69' lang='lat' dir='ltr'><strong>prae-</strong></span> 
     </span>
    </p>
   </div>
   <div class='ocr_carea' id='block_1_10' title="bbox 230 476 1017 512">
    <p class='ocr_par' dir='ltr' id='par_1_10' title="bbox 230 476 1017 512">
     <span class='ocr_line' id='line_1_10' title="bbox 230 476 1017 512; baseline -0.003 -8"><span class='ocrx_word' id='word_1_62' title='bbox 230 477 301 504; x_wconf 85' lang='lat' dir='ltr'><strong>senti</strong></span> <span class='ocrx_word' id='word_1_63' title='bbox 317 484 426 512; x_wconf 89' lang='lat' dir='ltr'><strong>quoque</strong></span> <span class='ocrx_word' id='word_1_64' title='bbox 440 476 528 502; x_wconf 84' lang='lat' dir='ltr'><strong>ﬂoridi</strong></span> <span class='ocrx_word' id='word_1_65' title='bbox 544 483 638 503; x_wconf 91' lang='lat' dir='ltr'><strong>eorum</strong></span> <span class='ocrx_word' id='word_1_66' title='bbox 657 479 744 503; x_wconf 87' lang='lat' dir='ltr'><strong>status</strong></span> <span class='ocrx_word' id='word_1_67' title='bbox 757 476 789 502; x_wconf 87' lang='lat' dir='ltr'><strong>ad</strong></span> <span class='ocrx_word' id='word_1_68' title='bbox 803 476 939 502; x_wconf 71' lang='lat' dir='ltr'><strong>deteriora</strong></span> <span class='ocrx_word' id='word_1_69' title='bbox 955 483 1017 502; x_wconf 90' lang='lat' dir='ltr'><strong>mu-</strong></span> 
     </span>
    </p>
   </div>
   <div class='ocr_carea' id='block_1_11' title="bbox 230 520 1017 555">
    <p class='ocr_par' dir='ltr' id='par_1_11' title="bbox 230 520 1017 555">
     <span class='ocr_line' id='line_1_11' title="bbox 230 520 1017 555; baseline -0.001 -7"><span class='ocrx_word' id='word_1_70' title='bbox 230 522 360 549; x_wconf 87' lang='lat' dir='ltr'><strong>lationem</strong></span> <span class='ocrx_word' id='word_1_71' title='bbox 379 525 406 548; x_wconf 89' lang='lat' dir='ltr'><strong>et</strong></span> <span class='ocrx_word' id='word_1_72' title='bbox 421 521 628 549; x_wconf 83' lang='lat' dir='ltr'><strong>conversionem</strong></span> <span class='ocrx_word' id='word_1_73' title='bbox 645 520 764 548; x_wconf 76' lang='lat' dir='ltr'><strong>declarat</strong></span> <span class='ocrx_word' id='word_1_74' title='bbox 786 521 812 548; x_wconf 89' lang='lat' dir='ltr'><strong>in</strong></span> <span class='ocrx_word' id='word_1_75' title='bbox 829 521 1017 555; x_wconf 78' lang='lat' dir='ltr'><strong>sequentibus,</strong></span> 
     </span>
    </p>
   </div>
   <div class='ocr_carea' id='block_1_12' title="bbox 230 566 1018 602">
    <p class='ocr_par' dir='ltr' id='par_1_12' title="bbox 230 566 1018 602">
     <span class='ocr_line' id='line_1_12' title="bbox 230 566 1018 602; baseline -0.004 -6"><span class='ocrx_word' id='word_1_76' title='bbox 230 569 277 596; x_wconf 82' lang='lat' dir='ltr'><strong>tibi</strong></span> <span class='ocrx_word' id='word_1_77' title='bbox 297 568 399 596; x_wconf 90' lang='lat' dir='ltr'><strong>dicitur</strong></span> <span class='ocrx_word' id='word_1_78' title='bbox 415 577 421 595; x_wconf 92' lang='lat'>:</span> <span class='ocrx_word' id='word_1_79' title='bbox 435 577 445 592; x_wconf 75' lang='grc' dir='ltr'>ί</span> <span class='ocrx_word' id='word_1_80' title='bbox 464 566 524 594; x_wconf 82' lang='lat' dir='ltr'><strong>Fiat</strong></span> <span class='ocrx_word' id='word_1_81' title='bbox 540 575 633 595; x_wconf 87' lang='lat' dir='ltr'><strong>mensa</strong></span> <span class='ocrx_word' id='word_1_82' title='bbox 661 575 755 594; x_wconf 82' lang='lat' dir='ltr'><strong>eorum</strong></span> <span class='ocrx_word' id='word_1_83' title='bbox 782 574 873 593; x_wconf 87' lang='lat' dir='ltr'><strong>coram</strong></span> <span class='ocrx_word' id='word_1_84' title='bbox 899 567 966 602; x_wconf 84' lang='lat' dir='ltr'><strong>ipsis</strong></span> <span class='ocrx_word' id='word_1_85' title='bbox 990 567 1018 593; x_wconf 92' lang='lat' dir='ltr'><strong>in</strong></span> 
     </span>
    </p>
   </div>
   <div class='ocr_carea' id='block_1_13' title="bbox 229 612 1016 648">
    <p class='ocr_par' dir='ltr' id='par_1_13' title="bbox 229 612 1016 648">
     <span class='ocr_line' id='line_1_13' title="bbox 229 612 1016 648; baseline -0.003 -8"><span class='ocrx_word' id='word_1_86' title='bbox 229 614 377 648; x_wconf 70' lang='lat' dir='ltr'><strong>laqueum,</strong></span> <span class='ocrx_word' id='word_1_87' title='bbox 403 616 430 639; x_wconf 91' lang='lat' dir='ltr'><strong>et</strong></span> <span class='ocrx_word' id='word_1_88' title='bbox 457 612 485 639; x_wconf 92' lang='lat' dir='ltr'><strong>in</strong></span> <span class='ocrx_word' id='word_1_89' title='bbox 509 612 715 640; x_wconf 80' lang='lat' dir='ltr'><strong>retributionem</strong></span> <span class='ocrx_word' id='word_1_90' title='bbox 741 616 768 639; x_wconf 88' lang='lat' dir='ltr'><strong>et</strong></span> <span class='ocrx_word' id='word_1_91' title='bbox 791 613 817 639; x_wconf 90' lang='lat' dir='ltr'><strong>in</strong></span> <span class='ocrx_word' id='word_1_92' title='bbox 845 612 1016 639; x_wconf 82' lang='lat' dir='ltr'><strong>scandalum.</strong></span> 
     </span>
    </p>
   </div>
   <div class='ocr_carea' id='block_1_14' title="bbox 229 654 1019 690">
    <p class='ocr_par' dir='ltr' id='par_1_14' title="bbox 229 654 1019 690">
     <span class='ocr_line' id='line_1_14' title="bbox 229 654 1019 690; baseline -0.004 -4"><span class='ocrx_word' id='word_1_93' title='bbox 229 654 418 687; x_wconf 72' lang='lat' dir='ltr'><strong>Obscurentur</strong></span> <span class='ocrx_word' id='word_1_94' title='bbox 432 658 504 685; x_wconf 90' lang='lat' dir='ltr'><strong>oculi</strong></span> <span class='ocrx_word' id='word_1_95' title='bbox 525 666 632 689; x_wconf 88' lang='lat' dir='ltr'><strong>eorum,</strong></span> <span class='ocrx_word' id='word_1_96' title='bbox 659 665 693 685; x_wconf 89' lang='lat' dir='ltr'><strong>ne</strong></span> <span class='ocrx_word' id='word_1_97' title='bbox 719 658 841 690; x_wconf 78' lang='lat' dir='ltr'><strong>videant,</strong></span> <span class='ocrx_word' id='word_1_98' title='bbox 870 667 879 684; x_wconf 73' lang='grc' dir='ltr'><strong>ι</strong></span> <span class='ocrx_word' id='word_1_99' title='bbox 906 661 959 685; x_wconf 90' lang='lat' dir='ltr'><strong>etc.</strong></span> <span class='ocrx_word' id='word_1_100' title='bbox 987 657 1019 684; x_wconf 69' lang='lat' dir='ltr'><strong>lit</strong></span> 
     </span>
    </p>
   </div>
   <div class='ocr_carea' id='block_1_15' title="bbox 230 703 1016 739">
    <p class='ocr_par' dir='ltr' id='par_1_15' title="bbox 230 703 1016 739">
     <span class='ocr_line' id='line_1_15' title="bbox 230 703 1016 739; baseline -0.001 -10"><span class='ocrx_word' id='word_1_101' title='bbox 230 703 294 739; x_wconf 80' lang='lat' dir='ltr'><strong>quia</strong></span> <span class='ocrx_word' id='word_1_102' title='bbox 311 703 400 738; x_wconf 76' lang='lat' dir='ltr'><strong>longis</strong></span> <span class='ocrx_word' id='word_1_103' title='bbox 416 707 510 738; x_wconf 86' lang='lat' dir='ltr'><strong>postea</strong></span> <span class='ocrx_word' id='word_1_104' title='bbox 522 703 690 738; x_wconf 78' lang='lat' dir='ltr'><strong>temporibus</strong></span> <span class='ocrx_word' id='word_1_105' title='bbox 710 703 767 730; x_wconf 73' lang='lat' dir='ltr'><strong>bzec</strong></span> <span class='ocrx_word' id='word_1_106' title='bbox 783 707 913 730; x_wconf 78' lang='lat' dir='ltr'><strong>eventura</strong></span> <span class='ocrx_word' id='word_1_107' title='bbox 926 705 1016 733; x_wconf 77' lang='lat' dir='ltr'><strong>erant,</strong></span> 
     </span>
    </p>
   </div>
   <div class='ocr_carea' id='block_1_16' title="bbox 230 745 1018 781">
    <p class='ocr_par' dir='ltr' id='par_1_16' title="bbox 230 745 1018 781">
     <span class='ocr_line' id='line_1_16' title="bbox 230 745 1018 781; baseline -0.003 -8"><span class='ocrx_word' id='word_1_108' title='bbox 230 747 400 778; x_wconf 85' lang='lat' dir='ltr'><strong>necessario,</strong></span> <span class='ocrx_word' id='word_1_109' title='bbox 422 756 431 772; x_wconf 76' lang='grc' dir='ltr'><strong>ι</strong></span> <span class='ocrx_word' id='word_1_110' title='bbox 448 746 477 773; x_wconf 91' lang='lat' dir='ltr'><strong>In</strong></span> <span class='ocrx_word' id='word_1_111' title='bbox 498 747 591 775; x_wconf 86' lang='lat' dir='ltr'><strong>linem.</strong></span> <span class='ocrx_word' id='word_1_112' title='bbox 613 755 622 772; x_wconf 70' lang='grc' dir='ltr'><strong>ι</strong></span> <span class='ocrx_word' id='word_1_113' title='bbox 640 745 803 781; x_wconf 88' lang='lat' dir='ltr'><strong>inscriptum</strong></span> <span class='ocrx_word' id='word_1_114' title='bbox 828 750 879 773; x_wconf 87' lang='lat' dir='ltr'><strong>est.</strong></span> <span class='ocrx_word' id='word_1_115' title='bbox 899 745 932 772; x_wconf 84' lang='lat' dir='ltr'><strong>Et</strong></span> <span class='ocrx_word' id='word_1_116' title='bbox 954 752 1018 772; x_wconf 67' lang='lat' dir='ltr'><strong>vero</strong></span> 
     </span>
    </p>
   </div>
   <div class='ocr_carea' id='block_1_17' title="bbox 230 783 1016 826">
    <p class='ocr_par' dir='ltr' id='par_1_17' title="bbox 230 783 1016 826">
     <span class='ocr_line' id='line_1_17' title="bbox 230 783 1016 826; baseline 0 -8"><span class='ocrx_word' id='word_1_117' title='bbox 230 799 319 826; x_wconf 84' lang='lat' dir='ltr'><strong>neque</strong></span> <span class='ocrx_word' id='word_1_118' title='bbox 339 792 471 826; x_wconf 81' lang='lat' dir='ltr'><strong>psalmus,</strong></span> <span class='ocrx_word' id='word_1_119' title='bbox 492 783 580 826; x_wconf 88' lang='lat' dir='ltr'><strong>neque</strong></span> <span class='ocrx_word' id='word_1_120' title='bbox 602 792 749 822; x_wconf 80' lang='lat' dir='ltr'><strong>canticum,</strong></span> <span class='ocrx_word' id='word_1_121' title='bbox 775 799 865 826; x_wconf 87' lang='lat' dir='ltr'><strong>neque</strong></span> <span class='ocrx_word' id='word_1_122' title='bbox 890 791 1016 826; x_wconf 84' lang='lat' dir='ltr'><strong>hymnus,</strong></span> 
     </span>
    </p>
   </div>
   <div class='ocr_carea' id='block_1_18' title="bbox 232 836 1018 871">
    <p class='ocr_par' dir='ltr' id='par_1_18' title="bbox 232 836 1018 871">
     <span class='ocr_line' id='line_1_18' title="bbox 232 836 1018 871; baseline 0.003 -9"><span class='ocrx_word' id='word_1_123' title='bbox 232 844 319 871; x_wconf 89' lang='lat' dir='ltr'><strong>neque</strong></span> <span class='ocrx_word' id='word_1_124' title='bbox 331 837 396 871; x_wconf 90' lang='lat' dir='ltr'><strong>quid</strong></span> <span class='ocrx_word' id='word_1_125' title='bbox 412 836 501 864; x_wconf 83' lang='lat' dir='ltr'><strong>simile</strong></span> <span class='ocrx_word' id='word_1_126' title='bbox 516 841 558 863; x_wconf 87' lang='lat' dir='ltr'><strong>est</strong></span> <span class='ocrx_word' id='word_1_127' title='bbox 572 845 579 863; x_wconf 71' lang='grc' dir='ltr'><strong>ε</strong></span> <span class='ocrx_word' id='word_1_128' title='bbox 595 836 658 871; x_wconf 86' lang='lat' dir='ltr'><strong>quia</strong></span> <span class='ocrx_word' id='word_1_129' title='bbox 685 844 715 864; x_wconf 76' lang='lat' dir='ltr'><strong>ea</strong></span> <span class='ocrx_word' id='word_1_130' title='bbox 738 844 798 870; x_wconf 67' lang='lat' dir='ltr'><strong>quae</strong></span> <span class='ocrx_word' id='word_1_131' title='bbox 812 837 1018 871; x_wconf 86' lang='lat' dir='ltr'><strong>subsequuntur</strong></span> 
     </span>
    </p>
   </div>
   <div class='ocr_carea' id='block_1_19' title="bbox 230 882 1019 915">
    <p class='ocr_par' dir='ltr' id='par_1_19' title="bbox 230 882 1019 915">
     <span class='ocr_line' id='line_1_19' title="bbox 230 882 1019 915; baseline 0.003 -6"><span class='ocrx_word' id='word_1_132' title='bbox 230 889 286 910; x_wconf 88' lang='lat' dir='ltr'><strong>non</strong></span> <span class='ocrx_word' id='word_1_133' title='bbox 310 886 493 910; x_wconf 81' lang='lat' dir='ltr'><strong>consentanea</strong></span> <span class='ocrx_word' id='word_1_134' title='bbox 509 882 555 909; x_wconf 87' lang='lat' dir='ltr'><strong>tali</strong></span> <span class='ocrx_word' id='word_1_135' title='bbox 582 882 662 909; x_wconf 85' lang='lat' dir='ltr'><strong>titulo</strong></span> <span class='ocrx_word' id='word_1_136' title='bbox 688 886 775 910; x_wconf 85' lang='lat' dir='ltr'><strong>erant.</strong></span> <span class='ocrx_word' id='word_1_137' title='bbox 802 882 893 915; x_wconf 87' lang='lat' dir='ltr'><strong>Quare</strong></span> <span class='ocrx_word' id='word_1_138' title='bbox 915 884 1019 911; x_wconf 77' lang='lat' dir='ltr'><strong>dixeris</strong></span> 
     </span>
    </p>
   </div>
   <div class='ocr_carea' id='block_1_20' title="bbox 230 929 1057 965">
    <p class='ocr_par' dir='ltr' id='par_1_20' title="bbox 230 929 1057 965">
     <span class='ocr_line' id='line_1_20' title="bbox 230 929 1057 965; baseline 0 -9"><span class='ocrx_word' id='word_1_139' title='bbox 230 930 400 965; x_wconf 84' lang='lat' dir='ltr'><strong>prophetiam</strong></span> <span class='ocrx_word' id='word_1_140' title='bbox 414 937 475 956; x_wconf 84' lang='lat' dir='ltr'><strong>esse</strong></span> <span class='ocrx_word' id='word_1_141' title='bbox 491 937 525 956; x_wconf 74' lang='lat' dir='ltr'><strong>ex</strong></span> <span class='ocrx_word' id='word_1_142' title='bbox 540 937 656 964; x_wconf 86' lang='lat' dir='ltr'><strong>persona</strong></span> <span class='ocrx_word' id='word_1_143' title='bbox 673 929 827 957; x_wconf 80' lang='lat' dir='ltr'><strong>Servatoris</strong></span> <span class='ocrx_word' id='word_1_144' title='bbox 840 931 927 957; x_wconf 89' lang='lat' dir='ltr'><strong>nostri</strong></span> <span class='ocrx_word' id='word_1_145' title='bbox 943 938 1021 958; x_wconf 82' lang='lat' dir='ltr'><strong>enar-</strong></span> <span class='ocrx_word' id='word_1_146' title='bbox 1037 931 1057 960; x_wconf 79' lang='grc' dir='ltr'><strong>Β</strong></span> 
     </span>
    </p>
   </div>
   <div class='ocr_carea' id='block_1_21' title="bbox 230 976 1020 1011">
    <p class='ocr_par' dir='ltr' id='par_1_21' title="bbox 230 976 1020 1011">
     <span class='ocr_line' id='line_1_21' title="bbox 230 976 1020 1011; baseline 0.003 -9"><span class='ocrx_word' id='word_1_147' title='bbox 230 977 317 1003; x_wconf 84' lang='lat' dir='ltr'><strong>rantis</strong></span> <span class='ocrx_word' id='word_1_148' title='bbox 339 983 371 1002; x_wconf 86' lang='lat' dir='ltr'><strong>ea</strong></span> <span class='ocrx_word' id='word_1_149' title='bbox 389 983 449 1010; x_wconf 66' lang='lat' dir='ltr'><strong>quae</strong></span> <span class='ocrx_word' id='word_1_150' title='bbox 468 976 521 1004; x_wconf 82' lang='lat' dir='ltr'><strong>sibi</strong></span> <span class='ocrx_word' id='word_1_151' title='bbox 539 980 634 1011; x_wconf 87' lang='lat' dir='ltr'><strong>postea</strong></span> <span class='ocrx_word' id='word_1_152' title='bbox 654 977 847 1011; x_wconf 79' lang='lat' dir='ltr'><strong>contigerunt;</strong></span> <span class='ocrx_word' id='word_1_153' title='bbox 863 977 1020 1011; x_wconf 70' lang='lat' dir='ltr'><strong>pnedictio-</strong></span> 
     </span>
    </p>
   </div>
   <div class='ocr_carea' id='block_1_22' title="bbox 230 1021 1020 1057">
    <p class='ocr_par' dir='ltr' id='par_1_22' title="bbox 230 1021 1020 1057">
     <span class='ocr_line' id='line_1_22' title="bbox 230 1021 1020 1057; baseline 0.001 -9"><span class='ocrx_word' id='word_1_154' title='bbox 230 1029 346 1056; x_wconf 83' lang='lat' dir='ltr'><strong>nemque</strong></span> <span class='ocrx_word' id='word_1_155' title='bbox 360 1029 455 1048; x_wconf 90' lang='lat' dir='ltr'><strong>eorum</strong></span> <span class='ocrx_word' id='word_1_156' title='bbox 470 1030 530 1057; x_wconf 83' lang='lat' dir='ltr'><strong>qu:c</strong></span> <span class='ocrx_word' id='word_1_157' title='bbox 541 1021 643 1049; x_wconf 80' lang='lat' dir='ltr'><strong>Judaeis</strong></span> <span class='ocrx_word' id='word_1_158' title='bbox 658 1027 719 1056; x_wconf 88' lang='lat' dir='ltr'><strong>post</strong></span> <span class='ocrx_word' id='word_1_159' title='bbox 736 1027 828 1049; x_wconf 82' lang='lat' dir='ltr'><strong>tantos</strong></span> <span class='ocrx_word' id='word_1_160' title='bbox 844 1030 929 1050; x_wconf 88' lang='lat' dir='ltr'><strong>ausus</strong></span> <span class='ocrx_word' id='word_1_161' title='bbox 946 1023 1020 1050; x_wconf 84' lang='lat' dir='ltr'><strong>illata</strong></span> 
     </span>
    </p>
   </div>
   <div class='ocr_carea' id='block_1_23' title="bbox 230 1067 1021 1101">
    <p class='ocr_par' dir='ltr' id='par_1_23' title="bbox 230 1067 1021 1101">
     <span class='ocr_line' id='line_1_23' title="bbox 230 1067 1021 1101; baseline 0.003 -7"><span class='ocrx_word' id='word_1_162' title='bbox 230 1071 305 1094; x_wconf 77' lang='lat' dir='ltr'><strong>simi.</strong></span> <span class='ocrx_word' id='word_1_163' title='bbox 324 1067 437 1094; x_wconf 84' lang='lat' dir='ltr'><strong>Orditur</strong></span> <span class='ocrx_word' id='word_1_164' title='bbox 456 1069 549 1101; x_wconf 88' lang='lat' dir='ltr'><strong>itaque</strong></span> <span class='ocrx_word' id='word_1_165' title='bbox 573 1068 704 1095; x_wconf 81' lang='lat' dir='ltr'><strong>Servator</strong></span> <span class='ocrx_word' id='word_1_166' title='bbox 723 1069 874 1096; x_wconf 85' lang='lat' dir='ltr'><strong>orationem</strong></span> <span class='ocrx_word' id='word_1_167' title='bbox 892 1069 1021 1097; x_wconf 80' lang='lat' dir='ltr'><strong>emittens</strong></span> 
     </span>
    </p>
   </div>
   <div class='ocr_carea' id='block_1_24' title="bbox 229 1113 1019 1147">
    <p class='ocr_par' dir='ltr' id='par_1_24' title="bbox 229 1113 1019 1147">
     <span class='ocr_line' id='line_1_24' title="bbox 229 1113 1019 1147; baseline 0.004 -7"><span class='ocrx_word' id='word_1_168' title='bbox 229 1113 264 1141; x_wconf 87' lang='lat' dir='ltr'><strong>ad</strong></span> <span class='ocrx_word' id='word_1_169' title='bbox 287 1113 394 1142; x_wconf 87' lang='lat' dir='ltr'><strong>Patrem</strong></span> <span class='ocrx_word' id='word_1_170' title='bbox 421 1114 464 1144; x_wconf 89' lang='lat' dir='ltr'><strong>bis</strong></span> <span class='ocrx_word' id='word_1_171' title='bbox 490 1115 580 1142; x_wconf 79' lang='lat' dir='ltr'><strong>verbis</strong></span> <span class='ocrx_word' id='word_1_172' title='bbox 607 1125 613 1141; x_wconf 91' lang='lat'>:</span> <span class='ocrx_word' id='word_1_173' title='bbox 643 1123 652 1138; x_wconf 69' lang='grc' dir='ltr'><strong>ι</strong></span> <span class='ocrx_word' id='word_1_174' title='bbox 675 1114 784 1142; x_wconf 82' lang='lat' dir='ltr'><strong>Salvum</strong></span> <span class='ocrx_word' id='word_1_175' title='bbox 802 1123 844 1142; x_wconf 91' lang='lat' dir='ltr'><strong>me</strong></span> <span class='ocrx_word' id='word_1_176' title='bbox 870 1115 923 1147; x_wconf 81' lang='lat' dir='ltr'><strong>fac,</strong></span> <span class='ocrx_word' id='word_1_177' title='bbox 937 1115 1019 1147; x_wconf 88' lang='lat' dir='ltr'><strong>Deus,</strong></span> 
     </span>
    </p>
   </div>
   <div class='ocr_carea' id='block_1_25' title="bbox 229 1160 1019 1196">
    <p class='ocr_par' dir='ltr' id='par_1_25' title="bbox 229 1160 1019 1196">
     <span class='ocr_line' id='line_1_25' title="bbox 229 1160 1019 1196; baseline 0.003 -10"><span class='ocrx_word' id='word_1_178' title='bbox 229 1160 359 1194; x_wconf 87' lang='lat' dir='ltr'><strong>quoniam</strong></span> <span class='ocrx_word' id='word_1_179' title='bbox 395 1160 568 1188; x_wconf 69' lang='lat' dir='ltr'><strong>intraverunt</strong></span> <span class='ocrx_word' id='word_1_180' title='bbox 603 1169 680 1196; x_wconf 78' lang='lat' dir='ltr'><strong>aquze</strong></span> <span class='ocrx_word' id='word_1_181' title='bbox 712 1169 799 1195; x_wconf 88' lang='lat' dir='ltr'><strong>usque</strong></span> <span class='ocrx_word' id='word_1_182' title='bbox 833 1161 867 1188; x_wconf 84' lang='lat' dir='ltr'><strong>ad</strong></span> <span class='ocrx_word' id='word_1_183' title='bbox 900 1162 1019 1188; x_wconf 86' lang='lat' dir='ltr'><strong>animam</strong></span> 
     </span>
    </p>
   </div>
   <div class='ocr_carea' id='block_1_26' title="bbox 229 1205 1018 1242">
    <p class='ocr_par' dir='ltr' id='par_1_26' title="bbox 229 1205 1018 1242">
     <span class='ocr_line' id='line_1_26' title="bbox 229 1205 1018 1242; baseline 0 -8"><span class='ocrx_word' id='word_1_184' title='bbox 229 1214 328 1234; x_wconf 87' lang='lat' dir='ltr'><strong>meam.</strong></span> <span class='ocrx_word' id='word_1_185' title='bbox 348 1215 357 1232; x_wconf 67' lang='grc' dir='ltr'><strong>ι</strong></span> <span class='ocrx_word' id='word_1_186' title='bbox 382 1205 569 1242; x_wconf 87' lang='lat' dir='ltr'><strong>Videnturqne</strong></span> <span class='ocrx_word' id='word_1_187' title='bbox 587 1207 653 1234; x_wconf 90' lang='lat' dir='ltr'><strong>mihi</strong></span> <span class='ocrx_word' id='word_1_188' title='bbox 673 1207 707 1234; x_wconf 83' lang='lat' dir='ltr'><strong>de</strong></span> <span class='ocrx_word' id='word_1_189' title='bbox 721 1207 855 1234; x_wconf 86' lang='lat' dir='ltr'><strong>industria</strong></span> <span class='ocrx_word' id='word_1_190' title='bbox 874 1207 931 1234; x_wconf 76' lang='lat' dir='ltr'><strong>haec</strong></span> <span class='ocrx_word' id='word_1_191' title='bbox 956 1215 1018 1234; x_wconf 89' lang='lat' dir='ltr'><strong>cum</strong></span> 
     </span>
    </p>
   </div>
   <div class='ocr_carea' id='block_1_27' title="bbox 229 1253 1020 1288">
    <p class='ocr_par' dir='ltr' id='par_1_27' title="bbox 229 1253 1020 1288">
     <span class='ocr_line' id='line_1_27' title="bbox 229 1253 1020 1288; baseline 0.001 -9"><span class='ocrx_word' id='word_1_192' title='bbox 229 1253 311 1280; x_wconf 86' lang='lat' dir='ltr'><strong>dictis</strong></span> <span class='ocrx_word' id='word_1_193' title='bbox 326 1253 353 1279; x_wconf 94' lang='lat' dir='ltr'><strong>in</strong></span> <span class='ocrx_word' id='word_1_194' title='bbox 370 1253 534 1288; x_wconf 54' lang='lat' dir='ltr'><strong>praecedenti</strong></span> <span class='ocrx_word' id='word_1_195' title='bbox 552 1253 659 1287; x_wconf 89' lang='lat' dir='ltr'><strong>psalmo</strong></span> <span class='ocrx_word' id='word_1_196' title='bbox 676 1253 910 1288; x_wconf 74' lang='lat' dir='ltr'><strong>conjunctaesse.</strong></span> <span class='ocrx_word' id='word_1_197' title='bbox 928 1253 956 1280; x_wconf 86' lang='lat' dir='ltr'><strong>In</strong></span> <span class='ocrx_word' id='word_1_198' title='bbox 972 1253 1020 1280; x_wconf 88' lang='lat' dir='ltr'><strong>illo</strong></span> 
     </span>
    </p>
   </div>
   <div class='ocr_carea' id='block_1_28' title="bbox 229 1298 1019 1334">
    <p class='ocr_par' dir='ltr' id='par_1_28' title="bbox 229 1298 1019 1334">
     <span class='ocr_line' id='line_1_28' title="bbox 229 1298 1019 1334; baseline 0 -9"><span class='ocrx_word' id='word_1_199' title='bbox 229 1306 348 1334; x_wconf 84' lang='lat' dir='ltr'><strong>namque</strong></span> <span class='ocrx_word' id='word_1_200' title='bbox 373 1298 535 1326; x_wconf 85' lang='lat' dir='ltr'><strong>dicebatur:</strong></span> <span class='ocrx_word' id='word_1_201' title='bbox 561 1309 569 1323; x_wconf 79' lang='grc' dir='ltr'><strong>ι</strong></span> <span class='ocrx_word' id='word_1_202' title='bbox 601 1298 673 1326; x_wconf 77' lang='lat' dir='ltr'><strong>Dixit</strong></span> <span class='ocrx_word' id='word_1_203' title='bbox 690 1299 840 1326; x_wconf 88' lang='lat' dir='ltr'><strong>Dominus:</strong></span> <span class='ocrx_word' id='word_1_204' title='bbox 867 1299 906 1325; x_wconf 78' lang='lat' dir='ltr'><strong>Ex</strong></span> <span class='ocrx_word' id='word_1_205' title='bbox 931 1299 1019 1326; x_wconf 87' lang='lat' dir='ltr'><strong>Basan</strong></span> 
     </span>
    </p>
   </div>
   <div class='ocr_carea' id='block_1_29' title="bbox 229 1345 1019 1380">
    <p class='ocr_par' dir='ltr' id='par_1_29' title="bbox 229 1345 1019 1380">
     <span class='ocr_line' id='line_1_29' title="bbox 229 1345 1019 1380; baseline 0.003 -10"><span class='ocrx_word' id='word_1_206' title='bbox 229 1348 572 1377; x_wconf 69' lang='lat' dir='ltr'><strong>convertam,convertam</strong></span> <span class='ocrx_word' id='word_1_207' title='bbox 589 1352 621 1371; x_wconf 80' lang='lat' dir='ltr'><strong>ex</strong></span> <span class='ocrx_word' id='word_1_208' title='bbox 635 1345 771 1380; x_wconf 68' lang='lat' dir='ltr'><strong>profundo</strong></span> <span class='ocrx_word' id='word_1_209' title='bbox 794 1345 878 1373; x_wconf 87' lang='lat' dir='ltr'><strong>maris</strong></span> <span class='ocrx_word' id='word_1_210' title='bbox 890 1345 928 1378; x_wconf 58' lang='lat'><strong>7‘;</strong></span> <span class='ocrx_word' id='word_1_211' title='bbox 958 1354 967 1370; x_wconf 75' lang='grc' dir='ltr'><strong>ι</strong></span> <span class='ocrx_word' id='word_1_212' title='bbox 992 1345 1019 1372; x_wconf 91' lang='lat' dir='ltr'><strong>in</strong></span> 
     </span>
    </p>
   </div>
   <div class='ocr_carea' id='block_1_30' title="bbox 230 1391 1020 1428">
    <p class='ocr_par' dir='ltr' id='par_1_30' title="bbox 230 1391 1020 1428">
     <span class='ocr_line' id='line_1_30' title="bbox 230 1391 1020 1428; baseline 0.001 -10"><span class='ocrx_word' id='word_1_213' title='bbox 230 1391 282 1418; x_wconf 85' lang='lat' dir='ltr'><strong>bnc</strong></span> <span class='ocrx_word' id='word_1_214' title='bbox 296 1399 370 1422; x_wconf 85' lang='lat' dir='ltr'><strong>vero.</strong></span> <span class='ocrx_word' id='word_1_215' title='bbox 385 1401 395 1416; x_wconf 73' lang='grc' dir='ltr'><strong>ι</strong></span> <span class='ocrx_word' id='word_1_216' title='bbox 413 1391 479 1418; x_wconf 87' lang='lat' dir='ltr'><strong>Veni</strong></span> <span class='ocrx_word' id='word_1_217' title='bbox 496 1392 523 1418; x_wconf 91' lang='lat' dir='ltr'><strong>in</strong></span> <span class='ocrx_word' id='word_1_218' title='bbox 539 1391 711 1418; x_wconf 84' lang='lat' dir='ltr'><strong>altitudinem</strong></span> <span class='ocrx_word' id='word_1_219' title='bbox 724 1392 818 1422; x_wconf 87' lang='lat' dir='ltr'><strong>maris,</strong></span> <span class='ocrx_word' id='word_1_220' title='bbox 829 1396 856 1419; x_wconf 90' lang='lat' dir='ltr'><strong>et</strong></span> <span class='ocrx_word' id='word_1_221' title='bbox 872 1396 1020 1428; x_wconf 77' lang='lat' dir='ltr'><strong>tempestas</strong></span> 
     </span>
    </p>
   </div>
   <div class='ocr_carea' id='block_1_31' title="bbox 229 1437 1019 1474">
    <p class='ocr_par' dir='ltr' id='par_1_31' title="bbox 229 1437 1019 1474">
     <span class='ocr_line' id='line_1_31' title="bbox 229 1437 1019 1474; baseline 0.003 -10"><span class='ocrx_word' id='word_1_222' title='bbox 229 1438 359 1465; x_wconf 86' lang='lat' dir='ltr'><strong>demersit</strong></span> <span class='ocrx_word' id='word_1_223' title='bbox 372 1446 425 1465; x_wconf 91' lang='lat' dir='ltr'><strong>me.</strong></span> <span class='ocrx_word' id='word_1_224' title='bbox 445 1448 453 1464; x_wconf 74' lang='grc' dir='ltr'><strong>ι</strong></span> <span class='ocrx_word' id='word_1_225' title='bbox 468 1437 595 1473; x_wconf 79' lang='lat' dir='ltr'><strong>Opnrtnit</strong></span> <span class='ocrx_word' id='word_1_226' title='bbox 606 1439 678 1466; x_wconf 89' lang='lat' dir='ltr'><strong>enim</strong></span> <span class='ocrx_word' id='word_1_227' title='bbox 688 1438 797 1466; x_wconf 89' lang='lat' dir='ltr'><strong>edoceri</strong></span> <span class='ocrx_word' id='word_1_228' title='bbox 811 1446 861 1466; x_wconf 93' lang='lat' dir='ltr'><strong>nos</strong></span> <span class='ocrx_word' id='word_1_229' title='bbox 875 1447 930 1474; x_wconf 89' lang='lat' dir='ltr'><strong>quo</strong></span> <span class='ocrx_word' id='word_1_230' title='bbox 940 1444 1019 1474; x_wconf 91' lang='lat' dir='ltr'><strong>pacto</strong></span> 
     </span>
    </p>
   </div>
   <div class='ocr_carea' id='block_1_32' title="bbox 229 1484 1018 1521">
    <p class='ocr_par' dir='ltr' id='par_1_32' title="bbox 229 1484 1018 1521">
     <span class='ocr_line' id='line_1_32' title="bbox 229 1484 1018 1521; baseline 0.003 -9"><span class='ocrx_word' id='word_1_231' title='bbox 229 1484 404 1513; x_wconf 83' lang='lat' dir='ltr'><strong>descenderit</strong></span> <span class='ocrx_word' id='word_1_232' title='bbox 421 1485 551 1513; x_wconf 91' lang='lat' dir='ltr'><strong>Dominus</strong></span> <span class='ocrx_word' id='word_1_233' title='bbox 562 1487 588 1513; x_wconf 90' lang='lat' dir='ltr'><strong>in</strong></span> <span class='ocrx_word' id='word_1_234' title='bbox 606 1486 704 1517; x_wconf 83' lang='lat' dir='ltr'><strong>Basan,</strong></span> <span class='ocrx_word' id='word_1_235' title='bbox 718 1486 789 1521; x_wconf 88' lang='lat' dir='ltr'><strong>quod</strong></span> <span class='ocrx_word' id='word_1_236' title='bbox 802 1490 844 1513; x_wconf 90' lang='lat' dir='ltr'><strong>est</strong></span> <span class='ocrx_word' id='word_1_237' title='bbox 857 1487 1018 1521; x_wconf 81' lang='lat' dir='ltr'><strong>ignominia,</strong></span> 
     </span>
    </p>
   </div>
   <div class='ocr_carea' id='block_1_33' title="bbox 228 1531 1021 1567">
    <p class='ocr_par' dir='ltr' id='par_1_33' title="bbox 228 1531 1021 1567">
     <span class='ocr_line' id='line_1_33' title="bbox 228 1531 1021 1567; baseline 0 -8"><span class='ocrx_word' id='word_1_238' title='bbox 228 1535 257 1559; x_wconf 83' lang='lat' dir='ltr'><strong>ct</strong></span> <span class='ocrx_word' id='word_1_239' title='bbox 272 1532 409 1567; x_wconf 88' lang='lat' dir='ltr'><strong>quomodo</strong></span> <span class='ocrx_word' id='word_1_240' title='bbox 423 1532 531 1564; x_wconf 78' lang='lat' dir='ltr'><strong>dixerit,</strong></span> <span class='ocrx_word' id='word_1_241' title='bbox 550 1543 559 1557; x_wconf 85' lang='grc'><strong>‹</strong></span> <span class='ocrx_word' id='word_1_242' title='bbox 577 1531 741 1560; x_wconf 86' lang='lat' dir='ltr'><strong>Convertam</strong></span> <span class='ocrx_word' id='word_1_243' title='bbox 758 1540 791 1559; x_wconf 83' lang='lat' dir='ltr'><strong>ex</strong></span> <span class='ocrx_word' id='word_1_244' title='bbox 811 1532 948 1567; x_wconf 81' lang='lat' dir='ltr'><strong>profundo</strong></span> <span class='ocrx_word' id='word_1_245' title='bbox 963 1541 1021 1560; x_wconf 89' lang='lat' dir='ltr'><strong>ma-</strong></span> 
     </span>
    </p>
   </div>
   <div class='ocr_carea' id='block_1_34' title="bbox 229 1577 1020 1613">
    <p class='ocr_par' dir='ltr' id='par_1_34' title="bbox 229 1577 1020 1613">
     <span class='ocr_line' id='line_1_34' title="bbox 229 1577 1020 1613; baseline 0 -7"><span class='ocrx_word' id='word_1_246' title='bbox 229 1579 279 1606; x_wconf 86' lang='lat' dir='ltr'><strong>ris.</strong></span> <span class='ocrx_word' id='word_1_247' title='bbox 304 1588 314 1604; x_wconf 74' lang='grc' dir='ltr'><strong>ι</strong></span> <span class='ocrx_word' id='word_1_248' title='bbox 338 1577 429 1611; x_wconf 85' lang='lat' dir='ltr'><strong>Quare</strong></span> <span class='ocrx_word' id='word_1_249' title='bbox 454 1579 511 1606; x_wconf 70' lang='lat' dir='ltr'><strong>haec</strong></span> <span class='ocrx_word' id='word_1_250' title='bbox 537 1579 595 1613; x_wconf 89' lang='lat' dir='ltr'><strong>ipsa</strong></span> <span class='ocrx_word' id='word_1_251' title='bbox 622 1578 649 1605; x_wconf 93' lang='lat' dir='ltr'><strong>in</strong></span> <span class='ocrx_word' id='word_1_252' title='bbox 667 1579 794 1613; x_wconf 55' lang='lat' dir='ltr'><strong>prasenti</strong></span> <span class='ocrx_word' id='word_1_253' title='bbox 819 1578 961 1606; x_wconf 87' lang='lat' dir='ltr'><strong>declarat:</strong></span> <span class='ocrx_word' id='word_1_254' title='bbox 985 1578 1020 1606; x_wconf 88' lang='lat' dir='ltr'><strong>de</strong></span> 
     </span>
    </p>
   </div>
   <div class='ocr_carea' id='block_1_35' title="bbox 229 1619 1054 1660">
    <p class='ocr_par' dir='ltr' id='par_1_35' title="bbox 229 1619 1054 1660">
     <span class='ocr_line' id='line_1_35' title="bbox 229 1619 1054 1660; baseline 0.001 -9"><span class='ocrx_word' id='word_1_255' title='bbox 229 1624 378 1659; x_wconf 82' lang='lat' dir='ltr'><strong>ignominia</strong></span> <span class='ocrx_word' id='word_1_256' title='bbox 401 1624 511 1659; x_wconf 91' lang='lat' dir='ltr'><strong>quidem</strong></span> <span class='ocrx_word' id='word_1_257' title='bbox 530 1625 557 1652; x_wconf 88' lang='lat' dir='ltr'><strong>in</strong></span> <span class='ocrx_word' id='word_1_258' title='bbox 574 1625 762 1660; x_wconf 82' lang='lat' dir='ltr'><strong>sequentibus,</strong></span> <span class='ocrx_word' id='word_1_259' title='bbox 776 1625 870 1652; x_wconf 89' lang='lat' dir='ltr'><strong>dicens</strong></span> <span class='ocrx_word' id='word_1_260' title='bbox 886 1635 891 1651; x_wconf 91' lang='lat'>:</span> <span class='ocrx_word' id='word_1_261' title='bbox 913 1634 922 1650; x_wconf 76' lang='grc' dir='ltr'><strong>ι</strong></span> <span class='ocrx_word' id='word_1_262' title='bbox 943 1625 1018 1657; x_wconf 84' lang='lat' dir='ltr'><strong>Quo—</strong></span> <span class='ocrx_word' id='word_1_263' title='bbox 1033 1619 1054 1646; x_wconf 65' lang='grc' dir='ltr'><strong>(ἶ</strong></span> 
     </span>
    </p>
   </div>
   <div class='ocr_carea' id='block_1_36' title="bbox 229 1671 1019 1706">
    <p class='ocr_par' dir='ltr' id='par_1_36' title="bbox 229 1671 1019 1706">
     <span class='ocr_line' id='line_1_36' title="bbox 229 1671 1019 1706; baseline 0.003 -10"><span class='ocrx_word' id='word_1_264' title='bbox 229 1671 304 1697; x_wconf 86' lang='lat' dir='ltr'><strong>niam</strong></span> <span class='ocrx_word' id='word_1_265' title='bbox 317 1675 428 1705; x_wconf 84' lang='lat' dir='ltr'><strong>propter</strong></span> <span class='ocrx_word' id='word_1_266' title='bbox 442 1675 468 1697; x_wconf 88' lang='lat' dir='ltr'><strong>te</strong></span> <span class='ocrx_word' id='word_1_267' title='bbox 491 1671 611 1705; x_wconf 77' lang='lat' dir='ltr'><strong>sustinui</strong></span> <span class='ocrx_word' id='word_1_268' title='bbox 625 1671 814 1706; x_wconf 85' lang='lat' dir='ltr'><strong>opprobrium,</strong></span> <span class='ocrx_word' id='word_1_269' title='bbox 830 1672 938 1705; x_wconf 89' lang='lat' dir='ltr'><strong>operuit</strong></span> <span class='ocrx_word' id='word_1_270' title='bbox 952 1679 1019 1698; x_wconf 91' lang='lat' dir='ltr'><strong>eon-</strong></span> 
     </span>
    </p>
   </div>
   <div class='ocr_carea' id='block_1_37' title="bbox 231 1714 1020 1751">
    <p class='ocr_par' dir='ltr' id='par_1_37' title="bbox 231 1714 1020 1751">
     <span class='ocr_line' id='line_1_37' title="bbox 231 1714 1020 1751; baseline 0.001 -10"><span class='ocrx_word' id='word_1_271' title='bbox 231 1714 304 1742; x_wconf 80' lang='lat' dir='ltr'><strong>fusio</strong></span> <span class='ocrx_word' id='word_1_272' title='bbox 317 1714 413 1742; x_wconf 83' lang='lat' dir='ltr'><strong>faciem</strong></span> <span class='ocrx_word' id='word_1_273' title='bbox 432 1723 520 1742; x_wconf 88' lang='lat' dir='ltr'><strong>meam</strong></span> <span class='ocrx_word' id='word_1_274' title='bbox 533 1723 541 1748; x_wconf 90' lang='lat'><strong>;</strong></span> <span class='ocrx_word' id='word_1_275' title='bbox 563 1724 572 1740; x_wconf 74' lang='grc' dir='ltr'><strong>ι</strong></span> <span class='ocrx_word' id='word_1_276' title='bbox 591 1723 622 1742; x_wconf 88' lang='lat' dir='ltr'><strong>ac</strong></span> <span class='ocrx_word' id='word_1_277' title='bbox 635 1723 731 1743; x_wconf 83' lang='lat' dir='ltr'><strong>rursus</strong></span> <span class='ocrx_word' id='word_1_278' title='bbox 745 1726 751 1742; x_wconf 83' lang='lat'><strong>:</strong></span> <span class='ocrx_word' id='word_1_279' title='bbox 766 1725 775 1741; x_wconf 83' lang='lat'><strong>(</strong></span> <span class='ocrx_word' id='word_1_280' title='bbox 795 1715 836 1742; x_wconf 88' lang='lat' dir='ltr'><strong>Tu</strong></span> <span class='ocrx_word' id='word_1_281' title='bbox 850 1716 904 1744; x_wconf 87' lang='lat' dir='ltr'><strong>scis</strong></span> <span class='ocrx_word' id='word_1_282' title='bbox 918 1716 1020 1751; x_wconf 88' lang='lat' dir='ltr'><strong>impro-</strong></span> 
     </span>
    </p>
   </div>
   <div class='ocr_carea' id='block_1_38' title="bbox 231 1760 1019 1796">
    <p class='ocr_par' dir='ltr' id='par_1_38' title="bbox 231 1760 1019 1796">
     <span class='ocr_line' id='line_1_38' title="bbox 231 1760 1019 1796; baseline 0.001 -8"><span class='ocrx_word' id='word_1_283' title='bbox 231 1760 337 1796; x_wconf 87' lang='lat' dir='ltr'><strong>perium</strong></span> <span class='ocrx_word' id='word_1_284' title='bbox 350 1768 440 1787; x_wconf 89' lang='lat' dir='ltr'><strong>meum</strong></span> <span class='ocrx_word' id='word_1_285' title='bbox 456 1765 483 1788; x_wconf 92' lang='lat' dir='ltr'><strong>et</strong></span> <span class='ocrx_word' id='word_1_286' title='bbox 496 1760 686 1788; x_wconf 82' lang='lat' dir='ltr'><strong>confusionem</strong></span> <span class='ocrx_word' id='word_1_287' title='bbox 700 1769 786 1789; x_wconf 88' lang='lat' dir='ltr'><strong>meam</strong></span> <span class='ocrx_word' id='word_1_288' title='bbox 800 1766 827 1789; x_wconf 90' lang='lat' dir='ltr'><strong>et</strong></span> <span class='ocrx_word' id='word_1_289' title='bbox 840 1763 1019 1790; x_wconf 80' lang='lat' dir='ltr'><strong>reverentiam</strong></span> 
     </span>
    </p>
   </div>
   <div class='ocr_carea' id='block_1_39' title="bbox 231 1806 1020 1842">
    <p class='ocr_par' dir='ltr' id='par_1_39' title="bbox 231 1806 1020 1842">
     <span class='ocr_line' id='line_1_39' title="bbox 231 1806 1020 1842; baseline 0.003 -8"><span class='ocrx_word' id='word_1_290' title='bbox 231 1815 330 1834; x_wconf 83' lang='lat' dir='ltr'><strong>meam.</strong></span> <span class='ocrx_word' id='word_1_291' title='bbox 347 1817 356 1833; x_wconf 74' lang='grc'><strong>1</strong></span> <span class='ocrx_word' id='word_1_292' title='bbox 376 1806 412 1835; x_wconf 86' lang='lat' dir='ltr'><strong>De</strong></span> <span class='ocrx_word' id='word_1_293' title='bbox 425 1807 561 1842; x_wconf 78' lang='lat' dir='ltr'><strong>profundo</strong></span> <span class='ocrx_word' id='word_1_294' title='bbox 576 1811 667 1835; x_wconf 87' lang='lat' dir='ltr'><strong>autem</strong></span> <span class='ocrx_word' id='word_1_295' title='bbox 682 1809 766 1835; x_wconf 85' lang='lat' dir='ltr'><strong>maris</strong></span> <span class='ocrx_word' id='word_1_296' title='bbox 783 1809 861 1841; x_wconf 88' lang='lat' dir='ltr'><strong>illud,</strong></span> <span class='ocrx_word' id='word_1_297' title='bbox 877 1819 886 1834; x_wconf 83' lang='grc' dir='ltr'><strong>ι</strong></span> <span class='ocrx_word' id='word_1_298' title='bbox 910 1808 1020 1838; x_wconf 85' lang='lat' dir='ltr'><strong>Salvum</strong></span> 
     </span>
    </p>
   </div>
   <div class='ocr_carea' id='block_1_40' title="bbox 231 1852 1021 1890">
    <p class='ocr_par' dir='ltr' id='par_1_40' title="bbox 231 1852 1021 1890">
     <span class='ocr_line' id='line_1_40' title="bbox 231 1852 1021 1890; baseline 0.004 -11"><span class='ocrx_word' id='word_1_299' title='bbox 231 1859 277 1879; x_wconf 80' lang='lat' dir='ltr'><strong>me</strong></span> <span class='ocrx_word' id='word_1_300' title='bbox 292 1852 346 1885; x_wconf 82' lang='lat' dir='ltr'><strong>fac,</strong></span> <span class='ocrx_word' id='word_1_301' title='bbox 362 1852 444 1884; x_wconf 89' lang='lat' dir='ltr'><strong>Deus,</strong></span> <span class='ocrx_word' id='word_1_302' title='bbox 458 1854 586 1888; x_wconf 86' lang='lat' dir='ltr'><strong>quoniam</strong></span> <span class='ocrx_word' id='word_1_303' title='bbox 605 1854 777 1881; x_wconf 87' lang='lat' dir='ltr'><strong>intraverunt</strong></span> <span class='ocrx_word' id='word_1_304' title='bbox 794 1862 966 1890; x_wconf 67' lang='lat' dir='ltr'><strong>aquaausque</strong></span> <span class='ocrx_word' id='word_1_305' title='bbox 987 1855 1021 1882; x_wconf 90' lang='lat' dir='ltr'><strong>ad</strong></span> 
     </span>
    </p>
   </div>
   <div class='ocr_carea' id='block_1_41' title="bbox 230 1898 1022 1936">
    <p class='ocr_par' dir='ltr' id='par_1_41' title="bbox 230 1898 1022 1936">
     <span class='ocr_line' id='line_1_41' title="bbox 230 1898 1022 1936; baseline 0.003 -12"><span class='ocrx_word' id='word_1_306' title='bbox 230 1898 350 1925; x_wconf 72' lang='lat' dir='ltr'><strong>animam</strong></span> <span class='ocrx_word' id='word_1_307' title='bbox 367 1907 466 1927; x_wconf 87' lang='lat' dir='ltr'><strong>meam.</strong></span> <span class='ocrx_word' id='word_1_308' title='bbox 487 1899 590 1927; x_wconf 81' lang='lat' dir='ltr'><strong>lnﬁxus</strong></span> <span class='ocrx_word' id='word_1_309' title='bbox 608 1908 669 1928; x_wconf 90' lang='lat' dir='ltr'><strong>sum</strong></span> <span class='ocrx_word' id='word_1_310' title='bbox 696 1901 723 1927; x_wconf 93' lang='lat' dir='ltr'><strong>in</strong></span> <span class='ocrx_word' id='word_1_311' title='bbox 748 1901 814 1928; x_wconf 92' lang='lat' dir='ltr'><strong>limo</strong></span> <span class='ocrx_word' id='word_1_312' title='bbox 838 1900 978 1936; x_wconf 83' lang='lat' dir='ltr'><strong>profundi,</strong></span> <span class='ocrx_word' id='word_1_313' title='bbox 995 1904 1022 1928; x_wconf 86' lang='lat' dir='ltr'><strong>et</strong></span> 
     </span>
    </p>
   </div>
   <div class='ocr_carea' id='block_1_42' title="bbox 231 1937 1022 1978">
    <p class='ocr_par' dir='ltr' id='par_1_42' title="bbox 231 1937 1022 1978">
     <span class='ocr_line' id='line_1_42' title="bbox 231 1937 1022 1978; baseline 0.003 -6"><span class='ocrx_word' id='word_1_314' title='bbox 231 1952 286 1972; x_wconf 89' lang='lat' dir='ltr'><strong>non</strong></span> <span class='ocrx_word' id='word_1_315' title='bbox 299 1937 525 1974; x_wconf 28' lang='lat' dir='ltr'><strong>estﬂsubstantia.</strong></span> <span class='ocrx_word' id='word_1_316' title='bbox 542 1946 610 1974; x_wconf 83' lang='lat' dir='ltr'><strong>Veni</strong></span> <span class='ocrx_word' id='word_1_317' title='bbox 637 1948 664 1974; x_wconf 91' lang='lat' dir='ltr'><strong>in</strong></span> <span class='ocrx_word' id='word_1_318' title='bbox 689 1947 861 1975; x_wconf 87' lang='lat' dir='ltr'><strong>altitudinem</strong></span> <span class='ocrx_word' id='word_1_319' title='bbox 883 1947 978 1978; x_wconf 81' lang='lat' dir='ltr'><strong>maris.</strong></span> <span class='ocrx_word' id='word_1_320' title='bbox 995 1950 1022 1974; x_wconf 88' lang='lat' dir='ltr'><strong>et</strong></span> 
     </span>
    </p>
   </div>
   <div class='ocr_carea' id='block_1_43' title="bbox 229 1991 1023 2027">
    <p class='ocr_par' dir='ltr' id='par_1_43' title="bbox 229 1991 1023 2027">
     <span class='ocr_line' id='line_1_43' title="bbox 229 1991 1023 2027; baseline 0 -9"><span class='ocrx_word' id='word_1_321' title='bbox 229 1994 379 2026; x_wconf 77' lang='lat' dir='ltr'><strong>tempestas</strong></span> <span class='ocrx_word' id='word_1_322' title='bbox 398 1991 529 2020; x_wconf 78' lang='lat' dir='ltr'><strong>demerSit</strong></span> <span class='ocrx_word' id='word_1_323' title='bbox 542 1999 595 2019; x_wconf 90' lang='lat' dir='ltr'><strong>mc.</strong></span> <span class='ocrx_word' id='word_1_324' title='bbox 621 2001 630 2017; x_wconf 70' lang='grc' dir='ltr'><strong>ι</strong></span> <span class='ocrx_word' id='word_1_325' title='bbox 653 1991 716 2019; x_wconf 63' lang='lat' dir='ltr'><strong>Hac</strong></span> <span class='ocrx_word' id='word_1_326' title='bbox 730 1993 802 2019; x_wconf 91' lang='lat' dir='ltr'><strong>enim</strong></span> <span class='ocrx_word' id='word_1_327' title='bbox 822 1999 947 2027; x_wconf 78' lang='lat' dir='ltr'><strong>magnam</strong></span> <span class='ocrx_word' id='word_1_328' title='bbox 966 1991 1023 2018; x_wconf 75' lang='lat' dir='ltr'><strong>alli-</strong></span> 
     </span>
    </p>
   </div>
   <div class='ocr_carea' id='block_1_44' title="bbox 230 2036 1023 2073">
    <p class='ocr_par' dir='ltr' id='par_1_44' title="bbox 230 2036 1023 2073">
     <span class='ocr_line' id='line_1_44' title="bbox 230 2036 1023 2073; baseline 0.001 -10"><span class='ocrx_word' id='word_1_329' title='bbox 230 2036 344 2064; x_wconf 79' lang='lat' dir='ltr'><strong>nitatem</strong></span> <span class='ocrx_word' id='word_1_330' title='bbox 362 2037 481 2064; x_wconf 89' lang='lat' dir='ltr'><strong>habeant</strong></span> <span class='ocrx_word' id='word_1_331' title='bbox 496 2045 558 2064; x_wconf 86' lang='lat' dir='ltr'><strong>cum</strong></span> <span class='ocrx_word' id='word_1_332' title='bbox 572 2038 606 2064; x_wconf 84' lang='lat' dir='ltr'><strong>iis</strong></span> <span class='ocrx_word' id='word_1_333' title='bbox 617 2046 677 2072; x_wconf 71' lang='lat' dir='ltr'><strong>quae</strong></span> <span class='ocrx_word' id='word_1_334' title='bbox 692 2039 719 2065; x_wconf 96' lang='lat' dir='ltr'><strong>in</strong></span> <span class='ocrx_word' id='word_1_335' title='bbox 741 2038 903 2073; x_wconf 69' lang='lat' dir='ltr'><strong>prmcedenti</strong></span> <span class='ocrx_word' id='word_1_336' title='bbox 917 2039 1023 2073; x_wconf 84' lang='lat' dir='ltr'><strong>psalmo</strong></span> 
     </span>
    </p>
   </div>
   <div class='ocr_carea' id='block_1_45' title="bbox 231 2078 1022 2121">
    <p class='ocr_par' dir='ltr' id='par_1_45' title="bbox 231 2078 1022 2121">
     <span class='ocr_line' id='line_1_45' title="bbox 231 2078 1022 2121; baseline 0.003 -12"><span class='ocrx_word' id='word_1_337' title='bbox 231 2082 304 2110; x_wconf 85' lang='lat' dir='ltr'><strong>dicta</strong></span> <span class='ocrx_word' id='word_1_338' title='bbox 323 2088 398 2121; x_wconf 86' lang='lat' dir='ltr'><strong>sunt,</strong></span> <span class='ocrx_word' id='word_1_339' title='bbox 424 2091 522 2118; x_wconf 91' lang='lat' dir='ltr'><strong>nempe</strong></span> <span class='ocrx_word' id='word_1_340' title='bbox 545 2084 572 2110; x_wconf 92' lang='lat' dir='ltr'><strong>in</strong></span> <span class='ocrx_word' id='word_1_341' title='bbox 590 2078 663 2110; x_wconf 80' lang='lat' dir='ltr'><strong>illo:</strong></span> <span class='ocrx_word' id='word_1_342' title='bbox 684 2093 693 2109; x_wconf 74' lang='grc' dir='ltr'><strong>ε</strong></span> <span class='ocrx_word' id='word_1_343' title='bbox 714 2083 786 2111; x_wconf 76' lang='lat' dir='ltr'><strong>Dixit</strong></span> <span class='ocrx_word' id='word_1_344' title='bbox 807 2084 957 2111; x_wconf 87' lang='lat' dir='ltr'><strong>Dominus:</strong></span> <span class='ocrx_word' id='word_1_345' title='bbox 985 2084 1022 2111; x_wconf 77' lang='lat' dir='ltr'><strong>Ex</strong></span> 
     </span>
    </p>
   </div>
   <div class='ocr_carea' id='block_1_46' title="bbox 232 2129 1020 2168">
    <p class='ocr_par' dir='ltr' id='par_1_46' title="bbox 232 2129 1020 2168">
     <span class='ocr_line' id='line_1_46' title="bbox 232 2129 1020 2168; baseline 0.001 -12"><span class='ocrx_word' id='word_1_346' title='bbox 232 2129 322 2156; x_wconf 84' lang='lat' dir='ltr'><strong>Basan</strong></span> <span class='ocrx_word' id='word_1_347' title='bbox 337 2133 505 2168; x_wconf 84' lang='lat' dir='ltr'><strong>convertam,</strong></span> <span class='ocrx_word' id='word_1_348' title='bbox 524 2135 679 2157; x_wconf 85' lang='lat' dir='ltr'><strong>convertam</strong></span> <span class='ocrx_word' id='word_1_349' title='bbox 697 2139 729 2158; x_wconf 83' lang='lat' dir='ltr'><strong>ex</strong></span> <span class='ocrx_word' id='word_1_350' title='bbox 743 2130 878 2165; x_wconf 84' lang='lat' dir='ltr'><strong>profundo</strong></span> <span class='ocrx_word' id='word_1_351' title='bbox 900 2131 994 2157; x_wconf 88' lang='lat' dir='ltr'><strong>maris.</strong></span> <span class='ocrx_word' id='word_1_352' title='bbox 1011 2140 1020 2156; x_wconf 76' lang='grc' dir='ltr'><strong>ι</strong></span> 
     </span>
    </p>
   </div>
   <div class='ocr_carea' id='block_1_47' title="bbox 232 2167 1024 2210">
    <p class='ocr_par' dir='ltr' id='par_1_47' title="bbox 232 2167 1024 2210">
     <span class='ocr_line' id='line_1_47' title="bbox 232 2167 1024 2210; baseline 0.003 -8"><span class='ocrx_word' id='word_1_353' title='bbox 232 2167 301 2209; x_wconf 82' lang='lat' dir='ltr'><strong>Quia</strong></span> <span class='ocrx_word' id='word_1_354' title='bbox 325 2175 353 2202; x_wconf 92' lang='lat' dir='ltr'><strong>in</strong></span> <span class='ocrx_word' id='word_1_355' title='bbox 370 2175 416 2202; x_wconf 93' lang='lat' dir='ltr'><strong>illo</strong></span> <span class='ocrx_word' id='word_1_356' title='bbox 442 2168 508 2210; x_wconf 77' lang='lat' dir='ltr'><strong>ipse</strong></span> <span class='ocrx_word' id='word_1_357' title='bbox 524 2175 656 2203; x_wconf 91' lang='lat' dir='ltr'><strong>Dominus</strong></span> <span class='ocrx_word' id='word_1_358' title='bbox 683 2177 724 2204; x_wconf 85' lang='lat' dir='ltr'><strong>sic</strong></span> <span class='ocrx_word' id='word_1_359' title='bbox 750 2176 878 2209; x_wconf 89' lang='lat' dir='ltr'><strong>dicebat;</strong></span> <span class='ocrx_word' id='word_1_360' title='bbox 899 2180 926 2203; x_wconf 92' lang='lat' dir='ltr'><strong>et</strong></span> <span class='ocrx_word' id='word_1_361' title='bbox 950 2184 1024 2204; x_wconf 90' lang='lat' dir='ltr'><strong>nunc</strong></span> 
     </span>
    </p>
   </div>
   <div class='ocr_carea' id='block_1_48' title="bbox 231 2221 1023 2257">
    <p class='ocr_par' dir='ltr' id='par_1_48' title="bbox 231 2221 1023 2257">
     <span class='ocr_line' id='line_1_48' title="bbox 231 2221 1023 2257; baseline 0.001 -8"><span class='ocrx_word' id='word_1_362' title='bbox 231 2221 473 2257; x_wconf 84' lang='lat' dir='ltr'><strong>quoqueeumdem</strong></span> <span class='ocrx_word' id='word_1_363' title='bbox 497 2222 586 2257; x_wconf 87' lang='lat' dir='ltr'><strong>ipsum</strong></span> <span class='ocrx_word' id='word_1_364' title='bbox 609 2229 670 2249; x_wconf 87' lang='lat' dir='ltr'><strong>esse</strong></span> <span class='ocrx_word' id='word_1_365' title='bbox 690 2222 736 2257; x_wconf 92' lang='lat' dir='ltr'><strong>qui</strong></span> <span class='ocrx_word' id='word_1_366' title='bbox 757 2222 813 2249; x_wconf 70' lang='lat' dir='ltr'><strong>haec</strong></span> <span class='ocrx_word' id='word_1_367' title='bbox 827 2222 946 2256; x_wconf 85' lang='lat' dir='ltr'><strong>loquitur</strong></span> <span class='ocrx_word' id='word_1_368' title='bbox 967 2223 1023 2250; x_wconf 82' lang='lat' dir='ltr'><strong>cxi-</strong></span> 
     </span>
    </p>
   </div>
   <div class='ocr_carea' id='block_1_49' title="bbox 232 2266 410 2294">
    <p class='ocr_par' dir='ltr' id='par_1_49' title="bbox 232 2266 410 2294">
     <span class='ocr_line' id='line_1_49' title="bbox 232 2266 410 2294; baseline 0 0"><span class='ocrx_word' id='word_1_369' title='bbox 232 2266 410 2294; x_wconf 84' lang='lat' dir='ltr'><strong>stimandnm.</strong></span> 
     </span>
    </p>
   </div>
   <div class='ocr_carea' id='block_1_50' title="bbox 269 2362 1022 2407">
    <p class='ocr_par' dir='ltr' id='par_1_50' title="bbox 269 2362 1022 2407">
     <span class='ocr_line' id='line_1_50' title="bbox 269 2362 1022 2407; baseline 0.001 -10"><span class='ocrx_word' id='word_1_370' title='bbox 269 2369 328 2405; x_wconf 86' lang='lat' dir='ltr'><strong>Ipse</strong></span> <span class='ocrx_word' id='word_1_371' title='bbox 342 2370 426 2404; x_wconf 79' lang='lat' dir='ltr'><strong>igitur</strong></span> <span class='ocrx_word' id='word_1_372' title='bbox 444 2377 524 2405; x_wconf 89' lang='lat' dir='ltr'><strong>quem</strong></span> <span class='ocrx_word' id='word_1_373' title='bbox 539 2377 591 2400; x_wconf 88' lang='lat' dir='ltr'><strong>non</strong></span> <span class='ocrx_word' id='word_1_374' title='bbox 619 2370 701 2407; x_wconf 86' lang='lat' dir='ltr'><strong>alium</strong></span> <span class='ocrx_word' id='word_1_375' title='bbox 719 2379 780 2401; x_wconf 85' lang='lat' dir='ltr'><strong>esse</strong></span> <span class='ocrx_word' id='word_1_376' title='bbox 801 2362 883 2406; x_wconf 76' lang='lat' dir='ltr'><strong>quam</strong></span> <span class='ocrx_word' id='word_1_377' title='bbox 898 2371 944 2398; x_wconf 88' lang='lat' dir='ltr'><strong>Dei</strong></span> <span class='ocrx_word' id='word_1_378' title='bbox 959 2371 1022 2399; x_wconf 80' lang='lat' dir='ltr'><strong>Ver-</strong></span> 
     </span>
    </p>
   </div>
   <div class='ocr_carea' id='block_1_51' title="bbox 233 2416 1022 2451">
    <p class='ocr_par' dir='ltr' id='par_1_51' title="bbox 233 2416 1022 2451">
     <span class='ocr_line' id='line_1_51' title="bbox 233 2416 1022 2451; baseline 0.001 -7"><span class='ocrx_word' id='word_1_379' title='bbox 233 2416 297 2444; x_wconf 87' lang='lat' dir='ltr'><strong>bum</strong></span> <span class='ocrx_word' id='word_1_380' title='bbox 314 2417 440 2451; x_wconf 87' lang='lat' dir='ltr'><strong>superius</strong></span> <span class='ocrx_word' id='word_1_381' title='bbox 460 2416 719 2448; x_wconf 85' lang='lat' dir='ltr'><strong>demonstravimus,</strong></span> <span class='ocrx_word' id='word_1_382' title='bbox 740 2418 892 2445; x_wconf 87' lang='lat' dir='ltr'><strong>orationem</strong></span> <span class='ocrx_word' id='word_1_383' title='bbox 909 2417 1022 2446; x_wconf 81' lang='lat' dir='ltr'><strong>etTundit</strong></span> 
     </span>
    </p>
   </div>
   <div class='ocr_carea' id='block_1_52' title="bbox 233 2462 1022 2498">
    <p class='ocr_par' dir='ltr' id='par_1_52' title="bbox 233 2462 1022 2498">
     <span class='ocr_line' id='line_1_52' title="bbox 233 2462 1022 2498; baseline 0.004 -9"><span class='ocrx_word' id='word_1_384' title='bbox 233 2463 268 2490; x_wconf 87' lang='lat' dir='ltr'><strong>ad</strong></span> <span class='ocrx_word' id='word_1_385' title='bbox 282 2462 400 2495; x_wconf 84' lang='lat' dir='ltr'><strong>Patrem,</strong></span> <span class='ocrx_word' id='word_1_386' title='bbox 416 2462 535 2490; x_wconf 90' lang='lat' dir='ltr'><strong>hominis</strong></span> <span class='ocrx_word' id='word_1_387' title='bbox 549 2471 632 2498; x_wconf 89' lang='lat' dir='ltr'><strong>quem</strong></span> <span class='ocrx_word' id='word_1_388' title='bbox 648 2463 797 2498; x_wconf 80' lang='lat' dir='ltr'><strong>assumpsit</strong></span> <span class='ocrx_word' id='word_1_389' title='bbox 813 2464 951 2491; x_wconf 84' lang='lat' dir='ltr'><strong>cruciatus</strong></span> <span class='ocrx_word' id='word_1_390' title='bbox 969 2465 1022 2493; x_wconf 92' lang='lat' dir='ltr'><strong>sibi</strong></span> 
     </span>
    </p>
   </div>
   <div class='ocr_carea' id='block_1_53' title="bbox 234 2508 1021 2544">
    <p class='ocr_par' dir='ltr' id='par_1_53' title="bbox 234 2508 1021 2544">
     <span class='ocr_line' id='line_1_53' title="bbox 234 2508 1021 2544; baseline 0.005 -10"><span class='ocrx_word' id='word_1_391' title='bbox 234 2508 361 2544; x_wconf 82' lang='lat' dir='ltr'><strong>proprios</strong></span> <span class='ocrx_word' id='word_1_392' title='bbox 383 2512 524 2543; x_wconf 89' lang='lat' dir='ltr'><strong>reputans,</strong></span> <span class='ocrx_word' id='word_1_393' title='bbox 546 2517 631 2544; x_wconf 88' lang='lat' dir='ltr'><strong>quare</strong></span> <span class='ocrx_word' id='word_1_394' title='bbox 657 2510 714 2536; x_wconf 90' lang='lat' dir='ltr'><strong>ait:</strong></span> <span class='ocrx_word' id='word_1_395' title='bbox 736 2519 744 2535; x_wconf 77' lang='grc' dir='ltr'><strong>ι</strong></span> <span class='ocrx_word' id='word_1_396' title='bbox 764 2509 874 2536; x_wconf 85' lang='lat' dir='ltr'><strong>Salvum</strong></span> <span class='ocrx_word' id='word_1_397' title='bbox 901 2518 943 2538; x_wconf 92' lang='lat' dir='ltr'><strong>me</strong></span> <span class='ocrx_word' id='word_1_398' title='bbox 969 2511 1021 2543; x_wconf 79' lang='lat' dir='ltr'><strong>fac,</strong></span> 
     </span>
    </p>
   </div>
   <div class='ocr_carea' id='block_1_54' title="bbox 233 2552 1023 2592">
    <p class='ocr_par' dir='ltr' id='par_1_54' title="bbox 233 2552 1023 2592">
     <span class='ocr_line' id='line_1_54' title="bbox 233 2552 1023 2592; baseline 0.005 -12"><span class='ocrx_word' id='word_1_399' title='bbox 233 2552 317 2584; x_wconf 85' lang='lat' dir='ltr'><strong>Deus,</strong></span> <span class='ocrx_word' id='word_1_400' title='bbox 333 2554 461 2588; x_wconf 84' lang='lat' dir='ltr'><strong>quoniam</strong></span> <span class='ocrx_word' id='word_1_401' title='bbox 479 2555 650 2583; x_wconf 81' lang='lat' dir='ltr'><strong>intraverunt</strong></span> <span class='ocrx_word' id='word_1_402' title='bbox 666 2564 742 2591; x_wconf 64' lang='lat' dir='ltr'><strong>aqum</strong></span> <span class='ocrx_word' id='word_1_403' title='bbox 758 2565 845 2592; x_wconf 89' lang='lat' dir='ltr'><strong>usque</strong></span> <span class='ocrx_word' id='word_1_404' title='bbox 856 2557 889 2583; x_wconf 83' lang='lat' dir='ltr'><strong>ad</strong></span> <span class='ocrx_word' id='word_1_405' title='bbox 905 2558 1023 2585; x_wconf 80' lang='lat' dir='ltr'><strong>animant</strong></span> 
     </span>
    </p>
   </div>
   <div class='ocr_carea' id='block_1_55' title="bbox 234 2596 1023 2639">
    <p class='ocr_par' dir='ltr' id='par_1_55' title="bbox 234 2596 1023 2639">
     <span class='ocr_line' id='line_1_55' title="bbox 234 2596 1023 2639; baseline 0.006 -13"><span class='ocrx_word' id='word_1_406' title='bbox 234 2607 333 2627; x_wconf 91' lang='lat' dir='ltr'><strong>meam.</strong></span> <span class='ocrx_word' id='word_1_407' title='bbox 359 2599 461 2627; x_wconf 76' lang='lat' dir='ltr'><strong>lnlixns</strong></span> <span class='ocrx_word' id='word_1_408' title='bbox 481 2608 542 2639; x_wconf 81' lang='lat' dir='ltr'><strong>sum</strong></span> <span class='ocrx_word' id='word_1_409' title='bbox 559 2602 586 2628; x_wconf 94' lang='lat' dir='ltr'><strong>in</strong></span> <span class='ocrx_word' id='word_1_410' title='bbox 612 2602 677 2629; x_wconf 87' lang='lat' dir='ltr'><strong>limo</strong></span> <span class='ocrx_word' id='word_1_411' title='bbox 700 2596 839 2637; x_wconf 78' lang='lat' dir='ltr'><strong>profundi,</strong></span> <span class='ocrx_word' id='word_1_412' title='bbox 858 2608 885 2630; x_wconf 87' lang='lat' dir='ltr'><strong>ct</strong></span> <span class='ocrx_word' id='word_1_413' title='bbox 904 2612 956 2631; x_wconf 91' lang='lat' dir='ltr'><strong>non</strong></span> <span class='ocrx_word' id='word_1_414' title='bbox 981 2609 1023 2632; x_wconf 87' lang='lat' dir='ltr'><strong>est</strong></span> 
     </span>
    </p>
   </div>
   <div class='ocr_carea' id='block_1_56' title="bbox 234 2642 1022 2685">
    <p class='ocr_par' dir='ltr' id='par_1_56' title="bbox 234 2642 1022 2685">
     <span class='ocr_line' id='line_1_56' title="bbox 234 2642 1022 2685; baseline 0.006 -13"><span class='ocrx_word' id='word_1_415' title='bbox 234 2646 397 2673; x_wconf 85' lang='lat' dir='ltr'><strong>substantia.</strong></span> <span class='ocrx_word' id='word_1_416' title='bbox 413 2645 480 2673; x_wconf 81' lang='lat' dir='ltr'><strong>Veni</strong></span> <span class='ocrx_word' id='word_1_417' title='bbox 495 2647 520 2673; x_wconf 91' lang='lat' dir='ltr'><strong>in</strong></span> <span class='ocrx_word' id='word_1_418' title='bbox 536 2648 706 2675; x_wconf 87' lang='lat' dir='ltr'><strong>altitudinem</strong></span> <span class='ocrx_word' id='word_1_419' title='bbox 723 2642 818 2682; x_wconf 77' lang='lat' dir='ltr'><strong>maris,</strong></span> <span class='ocrx_word' id='word_1_420' title='bbox 834 2655 860 2677; x_wconf 90' lang='lat' dir='ltr'><strong>et</strong></span> <span class='ocrx_word' id='word_1_421' title='bbox 875 2654 1022 2685; x_wconf 81' lang='lat' dir='ltr'><strong>tempestas</strong></span> 
     </span>
    </p>
   </div>
   <div class='ocr_carea' id='block_1_57' title="bbox 235 2692 1024 2731">
    <p class='ocr_par' dir='ltr' id='par_1_57' title="bbox 235 2692 1024 2731">
     <span class='ocr_line' id='line_1_57' title="bbox 235 2692 1024 2731; baseline 0.008 -13"><span class='ocrx_word' id='word_1_422' title='bbox 235 2693 365 2721; x_wconf 86' lang='lat' dir='ltr'><strong>demersit</strong></span> <span class='ocrx_word' id='word_1_423' title='bbox 379 2700 432 2720; x_wconf 92' lang='lat' dir='ltr'><strong>me.</strong></span> <span class='ocrx_word' id='word_1_424' title='bbox 454 2703 463 2718; x_wconf 67' lang='grc' dir='ltr'><strong>ι</strong></span> <span class='ocrx_word' id='word_1_425' title='bbox 480 2692 640 2722; x_wconf 79' lang='lat' dir='ltr'><strong>Praecedens</strong></span> <span class='ocrx_word' id='word_1_426' title='bbox 652 2696 745 2730; x_wconf 76' lang='lat' dir='ltr'><strong>utique</strong></span> <span class='ocrx_word' id='word_1_427' title='bbox 758 2697 880 2731; x_wconf 87' lang='lat' dir='ltr'><strong>psalmus</strong></span> <span class='ocrx_word' id='word_1_428' title='bbox 893 2697 935 2724; x_wconf 91' lang='lat' dir='ltr'><strong>bis</strong></span> <span class='ocrx_word' id='word_1_429' title='bbox 949 2705 1024 2724; x_wconf 83' lang='lat' dir='ltr'><strong>com-</strong></span> 
     </span>
    </p>
   </div>
   <div class='ocr_carea' id='block_1_58' title="bbox 235 2738 1023 2776">
    <p class='ocr_par' dir='ltr' id='par_1_58' title="bbox 235 2738 1023 2776">
     <span class='ocr_line' id='line_1_58' title="bbox 235 2738 1023 2776; baseline 0.004 -11"><span class='ocrx_word' id='word_1_430' title='bbox 235 2738 373 2773; x_wconf 84' lang='lat' dir='ltr'><strong>pellabat:</strong></span> <span class='ocrx_word' id='word_1_431' title='bbox 393 2748 401 2764; x_wconf 78' lang='grc' dir='ltr'><strong>ι</strong></span> <span class='ocrx_word' id='word_1_432' title='bbox 421 2739 475 2766; x_wconf 90' lang='lat' dir='ltr'><strong>lter</strong></span> <span class='ocrx_word' id='word_1_433' title='bbox 486 2739 567 2766; x_wconf 81' lang='lat' dir='ltr'><strong>facite</strong></span> <span class='ocrx_word' id='word_1_434' title='bbox 591 2740 614 2768; x_wconf 92' lang='lat' dir='ltr'><strong>ei</strong></span> <span class='ocrx_word' id='word_1_435' title='bbox 642 2741 688 2775; x_wconf 90' lang='lat' dir='ltr'><strong>qui</strong></span> <span class='ocrx_word' id='word_1_436' title='bbox 705 2741 828 2768; x_wconf 86' lang='lat' dir='ltr'><strong>ascendit</strong></span> <span class='ocrx_word' id='word_1_437' title='bbox 847 2749 928 2776; x_wconf 91' lang='lat' dir='ltr'><strong>super</strong></span> <span class='ocrx_word' id='word_1_438' title='bbox 944 2749 1023 2768; x_wconf 89' lang='lat' dir='ltr'><strong>occa-</strong></span> 
     </span>
    </p>
   </div>
   <div class='ocr_carea' id='block_1_59' title="bbox 234 2776 1022 2825">
    <p class='ocr_par' dir='ltr' id='par_1_59' title="bbox 234 2776 1022 2825">
     <span class='ocr_line' id='line_1_59' title="bbox 234 2776 1022 2825; baseline 0.005 -15"><span class='ocrx_word' id='word_1_439' title='bbox 234 2791 306 2816; x_wconf 71' lang='lat' dir='ltr'><strong>sum,</strong></span> <span class='ocrx_word' id='word_1_440' title='bbox 327 2783 459 2812; x_wconf 89' lang='lat' dir='ltr'><strong>Dominus</strong></span> <span class='ocrx_word' id='word_1_441' title='bbox 483 2793 581 2813; x_wconf 86' lang='lat' dir='ltr'><strong>nomen</strong></span> <span class='ocrx_word' id='word_1_442' title='bbox 605 2786 642 2812; x_wconf 90' lang='lat' dir='ltr'><strong>illi</strong></span> <span class='ocrx_word' id='word_1_443' title='bbox 655 2776 687 2814; x_wconf 62' lang='grc' dir='ltr'><strong>τέ.</strong></span> <span class='ocrx_word' id='word_1_444' title='bbox 713 2796 721 2812; x_wconf 80' lang='grc' dir='ltr'><strong>ι</strong></span> <span class='ocrx_word' id='word_1_445' title='bbox 741 2787 842 2814; x_wconf 89' lang='lat' dir='ltr'><strong>Deinde</strong></span> <span class='ocrx_word' id='word_1_446' title='bbox 868 2795 944 2825; x_wconf 81' lang='lat' dir='ltr'><strong>suam</strong></span> <span class='ocrx_word' id='word_1_447' title='bbox 961 2795 1022 2814; x_wconf 91' lang='lat' dir='ltr'><strong>cum</strong></span> 
     </span>
    </p>
   </div>
   <div class='ocr_carea' id='block_1_60' title="bbox 272 2862 1023 2900">
    <p class='ocr_par' dir='ltr' id='par_1_60' title="bbox 272 2862 1023 2900">
     <span class='ocr_line' id='line_1_60' title="bbox 272 2862 1023 2900; baseline 0.001 -9"><span class='ocrx_word' id='word_1_448' title='bbox 272 2862 295 2879; x_wconf 78' lang='grc'><strong>⁷³</strong></span> <span class='ocrx_word' id='word_1_449' title='bbox 307 2863 359 2891; x_wconf 84' lang='lat' dir='ltr'><strong>lsa.</strong></span> <span class='ocrx_word' id='word_1_450' title='bbox 373 2873 416 2897; x_wconf 64' lang='grc' dir='ltr'><strong>ει,</strong></span> <span class='ocrx_word' id='word_1_451' title='bbox 433 2864 460 2897; x_wconf 79' lang='grc' dir='ltr'>ί),</span> <span class='ocrx_word' id='word_1_452' title='bbox 483 2866 508 2892; x_wconf 83' lang='grc'><strong>7.</strong></span> <span class='ocrx_word' id='word_1_453' title='bbox 547 2865 569 2880; x_wconf 74' lang='grc'><strong>⁷⁵</strong></span> <span class='ocrx_word' id='word_1_454' title='bbox 588 2864 660 2892; x_wconf 82' lang='lat' dir='ltr'><strong>Psal.</strong></span> <span class='ocrx_word' id='word_1_455' title='bbox 681 2873 764 2897; x_wconf 77' lang='lat' dir='ltr'><strong>uvn,</strong></span> <span class='ocrx_word' id='word_1_456' title='bbox 785 2865 830 2892; x_wconf 70' lang='lat'><strong>23.</strong></span> <span class='ocrx_word' id='word_1_457' title='bbox 869 2865 891 2880; x_wconf 80' lang='lat'><strong>”‘</strong></span> <span class='ocrx_word' id='word_1_458' title='bbox 909 2865 976 2900; x_wconf 80' lang='lat' dir='ltr'><strong>ibid.</strong></span> <span class='ocrx_word' id='word_1_459' title='bbox 996 2865 1023 2892; x_wconf 84' lang='lat'><strong>5.</strong></span> 
     </span>
    </p>
   </div>
   <div class='ocr_carea' id='block_1_61' title="bbox 1072 287 1861 329">
    <p class='ocr_par' dir='ltr' id='par_1_61' title="bbox 1072 287 1861 329">
     <span class='ocr_line' id='line_1_61' title="bbox 1072 287 1861 329; baseline -0.008 -10"><span class='ocrx_word' id='word_1_460' title='bbox 1072 293 1181 329; x_wconf 81' lang='grc' dir='ltr'>χόρτος,</span> <span class='ocrx_word' id='word_1_461' title='bbox 1192 292 1239 318; x_wconf 69' lang='grc' dir='ltr'>καὶ</span> <span class='ocrx_word' id='word_1_462' title='bbox 1252 292 1326 318; x_wconf 78' lang='grc' dir='ltr'>πᾶσα</span> <span class='ocrx_word' id='word_1_463' title='bbox 1342 291 1405 323; x_wconf 79' lang='grc' dir='ltr'>δόξα</span> <span class='ocrx_word' id='word_1_464' title='bbox 1421 290 1506 325; x_wconf 82' lang='grc' dir='ltr'>αὐτῆς</span> <span class='ocrx_word' id='word_1_465' title='bbox 1520 289 1558 321; x_wconf 85' lang='grc' dir='ltr'>ὡς</span> <span class='ocrx_word' id='word_1_466' title='bbox 1578 289 1657 320; x_wconf 71' lang='grc' dir='ltr'>ἄνθος</span> <span class='ocrx_word' id='word_1_467' title='bbox 1670 288 1768 324; x_wconf 83' lang='grc' dir='ltr'><strong>χόρτου</strong></span> <span class='ocrx_word' id='word_1_468' title='bbox 1777 297 1784 304; x_wconf 91' lang='grc'><strong>·</strong></span> <span class='ocrx_word' id='word_1_469' title='bbox 1798 287 1861 323; x_wconf 49' lang='lat'><strong>£511.:</strong></span> 
     </span>
    </p>
   </div>
   <div class='ocr_carea' id='block_1_62' title="bbox 1074 331 1862 376">
    <p class='ocr_par' dir='ltr' id='par_1_62' title="bbox 1074 331 1862 376">
     <span class='ocr_line' id='line_1_62' title="bbox 1074 331 1862 376; baseline -0.008 -10"><span class='ocrx_word' id='word_1_470' title='bbox 1074 339 1158 376; x_wconf 79' lang='grc' dir='ltr'>ράνθη</span> <span class='ocrx_word' id='word_1_471' title='bbox 1174 340 1188 364; x_wconf 79' lang='grc' dir='ltr'>ὁ</span> <span class='ocrx_word' id='word_1_472' title='bbox 1209 339 1316 374; x_wconf 80' lang='grc' dir='ltr'><strong>χόρτος,</strong></span> <span class='ocrx_word' id='word_1_473' title='bbox 1333 339 1380 363; x_wconf 76' lang='grc' dir='ltr'>καὶ</span> <span class='ocrx_word' id='word_1_474' title='bbox 1394 337 1425 363; x_wconf 82' lang='grc' dir='ltr'><strong>τὸ</strong></span> <span class='ocrx_word' id='word_1_475' title='bbox 1445 336 1524 368; x_wconf 78' lang='grc' dir='ltr'>ἄνθος</span> <span class='ocrx_word' id='word_1_476' title='bbox 1538 335 1651 369; x_wconf 80' lang='grc' dir='ltr'><strong>ἐξέπεσε</strong></span> <span class='ocrx_word' id='word_1_477' title='bbox 1663 343 1670 350; x_wconf 88' lang='grc'><strong>·</strong></span> <span class='ocrx_word' id='word_1_478' title='bbox 1690 344 1700 361; x_wconf 72' lang='grc' dir='ltr'><strong>ι</strong></span> <span class='ocrx_word' id='word_1_479' title='bbox 1725 334 1758 361; x_wconf 76' lang='grc' dir='ltr'>δι’</span> <span class='ocrx_word' id='word_1_480' title='bbox 1770 331 1808 361; x_wconf 71' lang='grc' dir='ltr'><strong>ὧν</strong></span> <span class='ocrx_word' id='word_1_481' title='bbox 1829 334 1862 361; x_wconf 73' lang='grc' dir='ltr'><strong>τὸ</strong></span> 
     </span>
    </p>
   </div>
   <div class='ocr_carea' id='block_1_63' title="bbox 1072 380 1862 421">
    <p class='ocr_par' dir='ltr' id='par_1_63' title="bbox 1072 380 1862 421">
     <span class='ocr_line' id='line_1_63' title="bbox 1072 380 1862 421; baseline -0.008 -9"><span class='ocrx_word' id='word_1_482' title='bbox 1072 387 1140 421; x_wconf 78' lang='grc' dir='ltr'>πρὸς</span> <span class='ocrx_word' id='word_1_483' title='bbox 1160 385 1263 420; x_wconf 82' lang='grc' dir='ltr'>βραχύν</span> <span class='ocrx_word' id='word_1_484' title='bbox 1277 393 1337 410; x_wconf 84' lang='grc' dir='ltr'>τινα</span> <span class='ocrx_word' id='word_1_485' title='bbox 1357 384 1453 419; x_wconf 87' lang='grc' dir='ltr'>χρόνον</span> <span class='ocrx_word' id='word_1_486' title='bbox 1468 382 1587 417; x_wconf 81' lang='grc' dir='ltr'>ἀνθῆσαν</span> <span class='ocrx_word' id='word_1_487' title='bbox 1601 381 1649 408; x_wconf 77' lang='grc' dir='ltr'>καὶ</span> <span class='ocrx_word' id='word_1_488' title='bbox 1665 381 1764 417; x_wconf 84' lang='grc' dir='ltr'>ὡραῖον</span> <span class='ocrx_word' id='word_1_489' title='bbox 1778 380 1862 415; x_wconf 65' lang='grc' dir='ltr'>ἀρθὲν</span> 
     </span>
    </p>
   </div>
   <div class='ocr_carea' id='block_1_64' title="bbox 1071 426 1862 468">
    <p class='ocr_par' dir='ltr' id='par_1_64' title="bbox 1071 426 1862 468">
     <span class='ocr_line' id='line_1_64' title="bbox 1071 426 1862 468; baseline -0.006 -10"><span class='ocrx_word' id='word_1_490' title='bbox 1071 433 1120 468; x_wconf 82' lang='grc' dir='ltr'>τῆς</span> <span class='ocrx_word' id='word_1_491' title='bbox 1134 431 1293 467; x_wconf 80' lang='grc' dir='ltr'><strong>σωματικῆς</strong></span> <span class='ocrx_word' id='word_1_492' title='bbox 1311 430 1446 456; x_wconf 79' lang='grc' dir='ltr'><strong>Ἰουδαίων</strong></span> <span class='ocrx_word' id='word_1_493' title='bbox 1468 427 1615 464; x_wconf 72' lang='grc' dir='ltr'><strong>θρησκείας</strong></span> <span class='ocrx_word' id='word_1_494' title='bbox 1636 427 1724 464; x_wconf 81' lang='grc' dir='ltr'>χόρτῳ</span> <span class='ocrx_word' id='word_1_495' title='bbox 1744 427 1792 454; x_wconf 76' lang='grc' dir='ltr'>καὶ</span> <span class='ocrx_word' id='word_1_496' title='bbox 1812 426 1862 461; x_wconf 69' lang='grc' dir='ltr'><strong>ἂν·</strong></span> 
     </span>
    </p>
   </div>
   <div class='ocr_carea' id='block_1_65' title="bbox 1072 473 1871 509">
    <p class='ocr_par' dir='ltr' id='par_1_65' title="bbox 1072 473 1871 509">
     <span class='ocr_line' id='line_1_65' title="bbox 1072 473 1871 509; baseline -0.005 -6"><span class='ocrx_word' id='word_1_497' title='bbox 1072 477 1146 503; x_wconf 82' lang='grc' dir='ltr'>θεσιν</span> <span class='ocrx_word' id='word_1_498' title='bbox 1169 476 1323 508; x_wconf 76' lang='grc' dir='ltr'>ἀπεικάζει.</span> <span class='ocrx_word' id='word_1_499' title='bbox 1342 476 1396 502; x_wconf 80' lang='grc' dir='ltr'><strong>Καὶ</strong></span> <span class='ocrx_word' id='word_1_500' title='bbox 1418 474 1462 501; x_wconf 81' lang='grc' dir='ltr'><strong>διὰ</strong></span> <span class='ocrx_word' id='word_1_501' title='bbox 1482 474 1537 501; x_wconf 82' lang='grc' dir='ltr'>τῶν</span> <span class='ocrx_word' id='word_1_502' title='bbox 1559 473 1747 509; x_wconf 81' lang='grc' dir='ltr'><strong>προκειμένων</strong></span> <span class='ocrx_word' id='word_1_503' title='bbox 1769 473 1871 499; x_wconf 60' lang='grc' dir='ltr'>τοίνυν</span> 
     </span>
    </p>
   </div>
   <div class='ocr_carea' id='block_1_66' title="bbox 1071 520 1863 560">
    <p class='ocr_par' dir='ltr' id='par_1_66' title="bbox 1071 520 1863 560">
     <span class='ocr_line' id='line_1_66' title="bbox 1071 520 1863 560; baseline -0.008 -8"><span class='ocrx_word' id='word_1_504' title='bbox 1071 525 1119 560; x_wconf 79' lang='grc' dir='ltr'>τὴν</span> <span class='ocrx_word' id='word_1_505' title='bbox 1135 525 1276 552; x_wconf 80' lang='grc' dir='ltr'>ἀλλοίωσιν</span> <span class='ocrx_word' id='word_1_506' title='bbox 1292 524 1338 551; x_wconf 74' lang='grc' dir='ltr'>καὶ</span> <span class='ocrx_word' id='word_1_507' title='bbox 1354 524 1404 559; x_wconf 82' lang='grc' dir='ltr'>τὴν</span> <span class='ocrx_word' id='word_1_508' title='bbox 1422 523 1466 550; x_wconf 77' lang='grc' dir='ltr'>ἐπὶ</span> <span class='ocrx_word' id='word_1_509' title='bbox 1486 522 1517 548; x_wconf 82' lang='grc' dir='ltr'><strong>τὸ</strong></span> <span class='ocrx_word' id='word_1_510' title='bbox 1531 523 1620 558; x_wconf 80' lang='grc' dir='ltr'>χεῖρον</span> <span class='ocrx_word' id='word_1_511' title='bbox 1647 520 1796 556; x_wconf 70' lang='grc' dir='ltr'>μεταΰολὴν</span> <span class='ocrx_word' id='word_1_512' title='bbox 1809 520 1863 556; x_wconf 77' lang='grc' dir='ltr'><strong>τῆς</strong></span> 
     </span>
    </p>
   </div>
   <div class='ocr_carea' id='block_1_67' title="bbox 1071 563 1863 606">
    <p class='ocr_par' dir='ltr' id='par_1_67' title="bbox 1071 563 1863 606">
     <span class='ocr_line' id='line_1_67' title="bbox 1071 563 1863 606; baseline -0.006 -8"><span class='ocrx_word' id='word_1_513' title='bbox 1071 571 1155 606; x_wconf 84' lang='grc' dir='ltr'>ἄνθης</span> <span class='ocrx_word' id='word_1_514' title='bbox 1169 570 1228 606; x_wconf 81' lang='lat' dir='ltr'><strong>(sic)</strong></span> <span class='ocrx_word' id='word_1_515' title='bbox 1251 569 1340 597; x_wconf 81' lang='grc' dir='ltr'>αὐτῶν</span> <span class='ocrx_word' id='word_1_516' title='bbox 1363 569 1510 605; x_wconf 71' lang='grc' dir='ltr'><strong>παρίστησι</strong></span> <span class='ocrx_word' id='word_1_517' title='bbox 1533 568 1634 604; x_wconf 84' lang='grc' dir='ltr'>προῖὼν</span> <span class='ocrx_word' id='word_1_518' title='bbox 1648 569 1662 594; x_wconf 84' lang='grc' dir='ltr'>ὁ</span> <span class='ocrx_word' id='word_1_519' title='bbox 1676 567 1754 602; x_wconf 82' lang='grc' dir='ltr'>λόγος</span> <span class='ocrx_word' id='word_1_520' title='bbox 1774 568 1804 594; x_wconf 84' lang='grc' dir='ltr'><strong>ἐν</strong></span> <span class='ocrx_word' id='word_1_521' title='bbox 1819 563 1863 600; x_wconf 70' lang='grc' dir='ltr'><strong>οἷς</strong></span> 
     </span>
    </p>
   </div>
   <div class='ocr_carea' id='block_1_68' title="bbox 1072 612 1863 652">
    <p class='ocr_par' dir='ltr' id='par_1_68' title="bbox 1072 612 1863 652">
     <span class='ocr_line' id='line_1_68' title="bbox 1072 612 1863 652; baseline -0.006 -9"><span class='ocrx_word' id='word_1_522' title='bbox 1072 626 1138 652; x_wconf 69' lang='grc' dir='ltr'>φησι</span> <span class='ocrx_word' id='word_1_523' title='bbox 1149 626 1156 632; x_wconf 94' lang='grc'><strong>·</strong></span> <span class='ocrx_word' id='word_1_524' title='bbox 1176 627 1185 642; x_wconf 76' lang='grc' dir='ltr'><strong>ι</strong></span> <span class='ocrx_word' id='word_1_525' title='bbox 1203 615 1347 651; x_wconf 82' lang='grc' dir='ltr'><strong>Γενηθήτω</strong></span> <span class='ocrx_word' id='word_1_526' title='bbox 1364 614 1517 651; x_wconf 79' lang='grc' dir='ltr'>ήτράπεξα</span> <span class='ocrx_word' id='word_1_527' title='bbox 1538 614 1627 641; x_wconf 72' lang='grc' dir='ltr'>αὐτῶν</span> <span class='ocrx_word' id='word_1_528' title='bbox 1643 612 1758 640; x_wconf 82' lang='grc' dir='ltr'>ἐνώπιον</span> <span class='ocrx_word' id='word_1_529' title='bbox 1771 612 1863 639; x_wconf 75' lang='grc' dir='ltr'>αὐτῶν</span> 
     </span>
    </p>
   </div>
   <div class='ocr_carea' id='block_1_69' title="bbox 1071 657 1861 696">
    <p class='ocr_par' dir='ltr' id='par_1_69' title="bbox 1071 657 1861 696">
     <span class='ocr_line' id='line_1_69' title="bbox 1071 657 1861 696; baseline -0.005 -7"><span class='ocrx_word' id='word_1_530' title='bbox 1071 663 1111 694; x_wconf 84' lang='grc' dir='ltr'><strong>είς</strong></span> <span class='ocrx_word' id='word_1_531' title='bbox 1127 662 1228 696; x_wconf 85' lang='grc' dir='ltr'>παγίδα</span> <span class='ocrx_word' id='word_1_532' title='bbox 1249 661 1296 688; x_wconf 76' lang='grc' dir='ltr'><strong>καὶ</strong></span> <span class='ocrx_word' id='word_1_533' title='bbox 1313 662 1353 692; x_wconf 88' lang='grc' dir='ltr'><strong>είς</strong></span> <span class='ocrx_word' id='word_1_534' title='bbox 1375 659 1552 687; x_wconf 75' lang='grc' dir='ltr'><strong>ἀνταπόδοσιν</strong></span> <span class='ocrx_word' id='word_1_535' title='bbox 1572 659 1619 686; x_wconf 68' lang='grc' dir='ltr'>καὶ</span> <span class='ocrx_word' id='word_1_536' title='bbox 1642 660 1682 691; x_wconf 84' lang='grc' dir='ltr'>εἰς</span> <span class='ocrx_word' id='word_1_537' title='bbox 1703 657 1861 686; x_wconf 75' lang='grc' dir='ltr'>σκάνδαλον.</span> 
     </span>
    </p>
   </div>
   <div class='ocr_carea' id='block_1_70' title="bbox 1072 703 1861 744">
    <p class='ocr_par' dir='ltr' id='par_1_70' title="bbox 1072 703 1861 744">
     <span class='ocr_line' id='line_1_70' title="bbox 1072 703 1861 744; baseline -0.008 -9"><span class='ocrx_word' id='word_1_538' title='bbox 1072 707 1295 744; x_wconf 86' lang='grc' dir='ltr'>Σκοτισθήτωσαν</span> <span class='ocrx_word' id='word_1_539' title='bbox 1308 708 1333 734; x_wconf 86' lang='grc' dir='ltr'>οἱ</span> <span class='ocrx_word' id='word_1_540' title='bbox 1346 706 1481 741; x_wconf 72' lang='grc' dir='ltr'>ὀφθαλμοὶ</span> <span class='ocrx_word' id='word_1_541' title='bbox 1494 706 1583 733; x_wconf 78' lang='grc' dir='ltr'>αὐτῶν</span> <span class='ocrx_word' id='word_1_542' title='bbox 1595 705 1641 732; x_wconf 82' lang='grc' dir='ltr'><strong>τοῦ</strong></span> <span class='ocrx_word' id='word_1_543' title='bbox 1659 704 1695 740; x_wconf 82' lang='grc' dir='ltr'>μὴ</span> <span class='ocrx_word' id='word_1_544' title='bbox 1714 703 1834 739; x_wconf 78' lang='grc' dir='ltr'><strong>βλέπειν,</strong></span> <span class='ocrx_word' id='word_1_545' title='bbox 1850 713 1861 729; x_wconf 68' lang='grc' dir='ltr'><strong>ι</strong></span> 
     </span>
    </p>
   </div>
   <div class='ocr_carea' id='block_1_71' title="bbox 1071 749 1864 788">
    <p class='ocr_par' dir='ltr' id='par_1_71' title="bbox 1071 749 1864 788">
     <span class='ocr_line' id='line_1_71' title="bbox 1071 749 1864 788; baseline -0.006 -8"><span class='ocrx_word' id='word_1_546' title='bbox 1071 754 1118 781; x_wconf 72' lang='grc' dir='ltr'>καὶ</span> <span class='ocrx_word' id='word_1_547' title='bbox 1130 754 1164 781; x_wconf 81' lang='grc' dir='ltr'><strong>τὰ</strong></span> <span class='ocrx_word' id='word_1_548' title='bbox 1176 754 1249 788; x_wconf 75' lang='grc' dir='ltr'><strong>ἑξῆς.</strong></span> <span class='ocrx_word' id='word_1_549' title='bbox 1262 753 1317 780; x_wconf 72' lang='grc' dir='ltr'><strong>Καὶ</strong></span> <span class='ocrx_word' id='word_1_550' title='bbox 1331 752 1480 788; x_wconf 79' lang='grc' dir='ltr'><strong>ἐπειδήπερ</strong></span> <span class='ocrx_word' id='word_1_551' title='bbox 1499 752 1613 787; x_wconf 83' lang='grc' dir='ltr'>μακροῖς</span> <span class='ocrx_word' id='word_1_552' title='bbox 1626 751 1739 786; x_wconf 66' lang='grc' dir='ltr'>ὕστερον</span> <span class='ocrx_word' id='word_1_553' title='bbox 1755 749 1864 786; x_wconf 81' lang='grc' dir='ltr'>χρόνοις</span> 
     </span>
    </p>
   </div>
   <div class='ocr_carea' id='block_1_72' title="bbox 1071 795 1864 836">
    <p class='ocr_par' dir='ltr' id='par_1_72' title="bbox 1071 795 1864 836">
     <span class='ocr_line' id='line_1_72' title="bbox 1071 795 1864 836; baseline -0.006 -9"><span class='ocrx_word' id='word_1_554' title='bbox 1071 800 1158 827; x_wconf 73' lang='grc' dir='ltr'>ταῦτα</span> <span class='ocrx_word' id='word_1_555' title='bbox 1173 800 1206 826; x_wconf 74' lang='grc' dir='ltr'>δι’</span> <span class='ocrx_word' id='word_1_556' title='bbox 1221 799 1308 836; x_wconf 70' lang='grc' dir='ltr'>ἔργων</span> <span class='ocrx_word' id='word_1_557' title='bbox 1324 799 1423 835; x_wconf 78' lang='grc' dir='ltr'>χωρεῖν</span> <span class='ocrx_word' id='word_1_558' title='bbox 1437 798 1557 833; x_wconf 75' lang='grc' dir='ltr'>ἔμελλον,</span> <span class='ocrx_word' id='word_1_559' title='bbox 1569 796 1724 831; x_wconf 72' lang='grc' dir='ltr'>ἀναγκαίως</span> <span class='ocrx_word' id='word_1_560' title='bbox 1741 805 1751 822; x_wconf 74' lang='grc' dir='ltr'>ι</span> <span class='ocrx_word' id='word_1_561' title='bbox 1767 796 1818 828; x_wconf 65' lang='lat' dir='ltr'><strong>Et;</strong></span> <span class='ocrx_word' id='word_1_562' title='bbox 1831 795 1864 822; x_wconf 76' lang='grc' dir='ltr'><strong>τὸ</strong></span> 
     </span>
    </p>
   </div>
   <div class='ocr_carea' id='block_1_73' title="bbox 1072 842 1863 881">
    <p class='ocr_par' dir='ltr' id='par_1_73' title="bbox 1072 842 1863 881">
     <span class='ocr_line' id='line_1_73' title="bbox 1072 842 1863 881; baseline -0.004 -9"><span class='ocrx_word' id='word_1_563' title='bbox 1072 846 1146 878; x_wconf 84' lang='grc' dir='ltr'><strong>τέλος</strong></span> <span class='ocrx_word' id='word_1_564' title='bbox 1166 856 1174 871; x_wconf 78' lang='grc' dir='ltr'><strong>ι</strong></span> <span class='ocrx_word' id='word_1_565' title='bbox 1193 845 1412 881; x_wconf 83' lang='grc' dir='ltr'>προγέγραπται.</span> <span class='ocrx_word' id='word_1_566' title='bbox 1431 844 1500 870; x_wconf 73' lang='grc' dir='ltr'>Οὔτε</span> <span class='ocrx_word' id='word_1_567' title='bbox 1523 843 1552 870; x_wconf 81' lang='grc' dir='ltr'>δὲ</span> <span class='ocrx_word' id='word_1_568' title='bbox 1574 843 1680 878; x_wconf 78' lang='grc' dir='ltr'>ψαλμός</span> <span class='ocrx_word' id='word_1_569' title='bbox 1695 844 1779 875; x_wconf 75' lang='grc' dir='ltr'>ἐστιν,</span> <span class='ocrx_word' id='word_1_570' title='bbox 1799 842 1863 870; x_wconf 71' lang='grc' dir='ltr'>οὒτε</span> 
     </span>
    </p>
   </div>
   <div class='ocr_carea' id='block_1_74' title="bbox 1071 889 1866 928">
    <p class='ocr_par' dir='ltr' id='par_1_74' title="bbox 1071 889 1866 928">
     <span class='ocr_line' id='line_1_74' title="bbox 1071 889 1866 928; baseline -0.004 -10"><span class='ocrx_word' id='word_1_571' title='bbox 1071 892 1135 928; x_wconf 78' lang='grc' dir='ltr'>ᾠδὴ,</span> <span class='ocrx_word' id='word_1_572' title='bbox 1153 892 1214 919; x_wconf 65' lang='grc' dir='ltr'>οὔτε</span> <span class='ocrx_word' id='word_1_573' title='bbox 1236 891 1403 927; x_wconf 76' lang='grc' dir='ltr'>ὖμνος,οϋτε</span> <span class='ocrx_word' id='word_1_574' title='bbox 1424 900 1450 917; x_wconf 84' lang='grc' dir='ltr'><strong>τι</strong></span> <span class='ocrx_word' id='word_1_575' title='bbox 1471 889 1610 916; x_wconf 77' lang='grc' dir='ltr'>τοιοῦτον·</span> <span class='ocrx_word' id='word_1_576' title='bbox 1624 889 1685 916; x_wconf 79' lang='grc' dir='ltr'>ἐπεὶ</span> <span class='ocrx_word' id='word_1_577' title='bbox 1706 889 1774 925; x_wconf 82' lang='grc' dir='ltr'>μηδὲ</span> <span class='ocrx_word' id='word_1_578' title='bbox 1796 897 1866 916; x_wconf 69' lang='grc' dir='ltr'>κατ-</span> 
     </span>
    </p>
   </div>
   <div class='ocr_carea' id='block_1_75' title="bbox 1072 934 1866 974">
    <p class='ocr_par' dir='ltr' id='par_1_75' title="bbox 1072 934 1866 974">
     <span class='ocr_line' id='line_1_75' title="bbox 1072 934 1866 974; baseline -0.004 -9"><span class='ocrx_word' id='word_1_579' title='bbox 1072 938 1173 974; x_wconf 77' lang='grc' dir='ltr'>άλληλα</span> <span class='ocrx_word' id='word_1_580' title='bbox 1186 936 1220 973; x_wconf 81' lang='grc' dir='ltr'>ἦν</span> <span class='ocrx_word' id='word_1_581' title='bbox 1243 938 1277 964; x_wconf 73' lang='grc' dir='ltr'>τὰ</span> <span class='ocrx_word' id='word_1_582' title='bbox 1293 937 1474 972; x_wconf 73' lang='grc' dir='ltr'><strong>ἐπιλεγόμενα</strong></span> <span class='ocrx_word' id='word_1_583' title='bbox 1504 935 1615 972; x_wconf 80' lang='grc' dir='ltr'>τοιαύτῃ</span> <span class='ocrx_word' id='word_1_584' title='bbox 1636 935 1795 972; x_wconf 81' lang='grc' dir='ltr'>προγραφῇ.</span> <span class='ocrx_word' id='word_1_585' title='bbox 1816 934 1866 962; x_wconf 78' lang='grc' dir='ltr'><strong>Δὼ</strong></span> 
     </span>
    </p>
   </div>
   <div class='ocr_carea' id='block_1_76' title="bbox 1071 981 1866 1020">
    <p class='ocr_par' dir='ltr' id='par_1_76' title="bbox 1071 981 1866 1020">
     <span class='ocr_line' id='line_1_76' title="bbox 1071 981 1866 1020; baseline -0.005 -9"><span class='ocrx_word' id='word_1_586' title='bbox 1071 985 1158 1015; x_wconf 76' lang='grc' dir='ltr'>εἴποις</span> <span class='ocrx_word' id='word_1_587' title='bbox 1183 984 1215 1011; x_wconf 86' lang='grc' dir='ltr'>ἂν</span> <span class='ocrx_word' id='word_1_588' title='bbox 1242 984 1410 1020; x_wconf 73' lang='grc' dir='ltr'>προφητείαν</span> <span class='ocrx_word' id='word_1_589' title='bbox 1434 984 1466 1009; x_wconf 85' lang='grc' dir='ltr'><strong>ἐκ</strong></span> <span class='ocrx_word' id='word_1_590' title='bbox 1489 983 1635 1018; x_wconf 82' lang='grc' dir='ltr'>προσώπου</span> <span class='ocrx_word' id='word_1_591' title='bbox 1657 981 1704 1008; x_wconf 81' lang='grc' dir='ltr'>τοῦ</span> <span class='ocrx_word' id='word_1_592' title='bbox 1735 981 1866 1018; x_wconf 79' lang='grc' dir='ltr'>Σωτῆρος</span> 
     </span>
    </p>
   </div>
   <div class='ocr_carea' id='block_1_77' title="bbox 1072 1028 1866 1066">
    <p class='ocr_par' dir='ltr' id='par_1_77' title="bbox 1072 1028 1866 1066">
     <span class='ocr_line' id='line_1_77' title="bbox 1072 1028 1866 1066; baseline -0.005 -9"><span class='ocrx_word' id='word_1_593' title='bbox 1072 1031 1149 1066; x_wconf 83' lang='grc' dir='ltr'>ἡμῶν</span> <span class='ocrx_word' id='word_1_594' title='bbox 1164 1030 1307 1062; x_wconf 70' lang='grc' dir='ltr'>διεξιόντος</span> <span class='ocrx_word' id='word_1_595' title='bbox 1338 1030 1372 1056; x_wconf 86' lang='grc' dir='ltr'>τὰ</span> <span class='ocrx_word' id='word_1_596' title='bbox 1389 1029 1453 1064; x_wconf 71' lang='grc' dir='ltr'>περὶ</span> <span class='ocrx_word' id='word_1_597' title='bbox 1469 1029 1550 1055; x_wconf 80' lang='grc' dir='ltr'>αὐτὸν</span> <span class='ocrx_word' id='word_1_598' title='bbox 1570 1028 1773 1064; x_wconf 73' lang='grc' dir='ltr'>συμϐεδηκότα,</span> <span class='ocrx_word' id='word_1_599' title='bbox 1797 1035 1866 1064; x_wconf 84' lang='grc' dir='ltr'>προ-</span> 
     </span>
    </p>
   </div>
   <div class='ocr_carea' id='block_1_78' title="bbox 1071 1075 1866 1114">
    <p class='ocr_par' dir='ltr' id='par_1_78' title="bbox 1071 1075 1866 1114">
     <span class='ocr_line' id='line_1_78' title="bbox 1071 1075 1866 1114; baseline -0.003 -10"><span class='ocrx_word' id='word_1_600' title='bbox 1071 1077 1243 1114; x_wconf 73' lang='grc' dir='ltr'>αναφώνησίν</span> <span class='ocrx_word' id='word_1_601' title='bbox 1264 1087 1293 1104; x_wconf 86' lang='grc' dir='ltr'><strong>τε</strong></span> <span class='ocrx_word' id='word_1_602' title='bbox 1316 1077 1370 1104; x_wconf 81' lang='grc' dir='ltr'>τῶν</span> <span class='ocrx_word' id='word_1_603' title='bbox 1396 1077 1531 1108; x_wconf 82' lang='grc' dir='ltr'>Ἰουδαίοις</span> <span class='ocrx_word' id='word_1_604' title='bbox 1542 1076 1709 1103; x_wconf 73' lang='grc' dir='ltr'>ἐπελθόντων</span> <span class='ocrx_word' id='word_1_605' title='bbox 1736 1075 1804 1112; x_wconf 81' lang='grc' dir='ltr'>μετὰ</span> <span class='ocrx_word' id='word_1_606' title='bbox 1823 1076 1866 1103; x_wconf 58' lang='grc' dir='ltr'>τὰ</span> 
     </span>
    </p>
   </div>
   <div class='ocr_carea' id='block_1_79' title="bbox 1071 1118 1864 1158">
    <p class='ocr_par' dir='ltr' id='par_1_79' title="bbox 1071 1118 1864 1158">
     <span class='ocr_line' id='line_1_79' title="bbox 1071 1118 1864 1158; baseline -0.003 -9"><span class='ocrx_word' id='word_1_607' title='bbox 1071 1123 1130 1149; x_wconf 67' lang='grc' dir='ltr'>κατ’</span> <span class='ocrx_word' id='word_1_608' title='bbox 1148 1124 1245 1154; x_wconf 76' lang='grc' dir='ltr'>αὐτοὺς</span> <span class='ocrx_word' id='word_1_609' title='bbox 1265 1122 1463 1158; x_wconf 76' lang='grc' dir='ltr'><strong>τετολμημένα.</strong></span> <span class='ocrx_word' id='word_1_610' title='bbox 1483 1121 1647 1157; x_wconf 78' lang='grc' dir='ltr'>Ἀρχόμενος</span> <span class='ocrx_word' id='word_1_611' title='bbox 1662 1121 1685 1147; x_wconf 82' lang='grc' dir='ltr'>δ’</span> <span class='ocrx_word' id='word_1_612' title='bbox 1701 1118 1747 1147; x_wconf 81' lang='grc' dir='ltr'>οὖν</span> <span class='ocrx_word' id='word_1_613' title='bbox 1770 1121 1785 1147; x_wconf 83' lang='grc' dir='ltr'><strong>ὁ</strong></span> <span class='ocrx_word' id='word_1_614' title='bbox 1805 1121 1864 1147; x_wconf 78' lang='grc' dir='ltr'><strong>Σω-</strong></span> 
     </span>
    </p>
   </div>
   <div class='ocr_carea' id='block_1_80' title="bbox 1070 1166 1865 1206">
    <p class='ocr_par' dir='ltr' id='par_1_80' title="bbox 1070 1166 1865 1206">
     <span class='ocr_line' id='line_1_80' title="bbox 1070 1166 1865 1206; baseline -0.005 -9"><span class='ocrx_word' id='word_1_615' title='bbox 1070 1170 1131 1206; x_wconf 80' lang='grc' dir='ltr'>τὴρ,</span> <span class='ocrx_word' id='word_1_616' title='bbox 1145 1170 1228 1205; x_wconf 71' lang='grc' dir='ltr'>εὐχὴν</span> <span class='ocrx_word' id='word_1_617' title='bbox 1242 1169 1398 1204; x_wconf 77' lang='grc' dir='ltr'>ἀναπέμπει</span> <span class='ocrx_word' id='word_1_618' title='bbox 1412 1167 1479 1203; x_wconf 80' lang='grc' dir='ltr'>πρὸς</span> <span class='ocrx_word' id='word_1_619' title='bbox 1495 1167 1541 1193; x_wconf 80' lang='grc' dir='ltr'><strong>τὸν</strong></span> <span class='ocrx_word' id='word_1_620' title='bbox 1554 1167 1663 1202; x_wconf 84' lang='grc' dir='ltr'>Πατέρα</span> <span class='ocrx_word' id='word_1_621' title='bbox 1672 1166 1759 1201; x_wconf 87' lang='grc' dir='ltr'>λέγων</span> <span class='ocrx_word' id='word_1_622' title='bbox 1770 1175 1778 1182; x_wconf 87' lang='grc'>·</span> <span class='ocrx_word' id='word_1_623' title='bbox 1793 1175 1802 1191; x_wconf 82' lang='grc' dir='ltr'><strong>ι</strong></span> <span class='ocrx_word' id='word_1_624' title='bbox 1811 1166 1865 1193; x_wconf 83' lang='grc' dir='ltr'><strong>Σῶ-</strong></span> 
     </span>
    </p>
   </div>
   <div class='ocr_carea' id='block_1_81' title="bbox 1072 1211 1867 1252">
    <p class='ocr_par' dir='ltr' id='par_1_81' title="bbox 1072 1211 1867 1252">
     <span class='ocr_line' id='line_1_81' title="bbox 1072 1211 1867 1252; baseline -0.009 -8"><span class='ocrx_word' id='word_1_625' title='bbox 1072 1218 1118 1244; x_wconf 82' lang='grc' dir='ltr'><strong>σόν</strong></span> <span class='ocrx_word' id='word_1_626' title='bbox 1146 1226 1189 1252; x_wconf 84' lang='grc' dir='ltr'><strong>με,</strong></span> <span class='ocrx_word' id='word_1_627' title='bbox 1214 1217 1228 1242; x_wconf 86' lang='grc' dir='ltr'><strong>ὁ</strong></span> <span class='ocrx_word' id='word_1_628' title='bbox 1255 1215 1331 1247; x_wconf 80' lang='grc' dir='ltr'>Θεὸς,</span> <span class='ocrx_word' id='word_1_629' title='bbox 1356 1215 1397 1241; x_wconf 78' lang='grc' dir='ltr'>ὅτι</span> <span class='ocrx_word' id='word_1_630' title='bbox 1422 1213 1581 1248; x_wconf 85' lang='grc' dir='ltr'>εἰσήλθοσαν</span> <span class='ocrx_word' id='word_1_631' title='bbox 1608 1212 1692 1239; x_wconf 77' lang='grc' dir='ltr'>ὕδατα</span> <span class='ocrx_word' id='word_1_632' title='bbox 1706 1212 1759 1244; x_wconf 72' lang='grc' dir='ltr'>ἕως</span> <span class='ocrx_word' id='word_1_633' title='bbox 1773 1211 1867 1248; x_wconf 78' lang='grc' dir='ltr'>ψυχῆς</span> 
     </span>
    </p>
   </div>
   <div class='ocr_carea' id='block_1_82' title="bbox 1073 1257 1866 1299">
    <p class='ocr_par' dir='ltr' id='par_1_82' title="bbox 1073 1257 1866 1299">
     <span class='ocr_line' id='line_1_82' title="bbox 1073 1257 1866 1299; baseline -0.008 -10"><span class='ocrx_word' id='word_1_634' title='bbox 1073 1272 1133 1299; x_wconf 86' lang='grc' dir='ltr'>μου.</span> <span class='ocrx_word' id='word_1_635' title='bbox 1155 1272 1164 1288; x_wconf 73' lang='grc' dir='ltr'><strong>ι</strong></span> <span class='ocrx_word' id='word_1_636' title='bbox 1182 1262 1237 1288; x_wconf 88' lang='grc' dir='ltr'>Καί</span> <span class='ocrx_word' id='word_1_637' title='bbox 1260 1270 1304 1296; x_wconf 88' lang='grc' dir='ltr'><strong>μοι</strong></span> <span class='ocrx_word' id='word_1_638' title='bbox 1324 1261 1397 1287; x_wconf 85' lang='grc' dir='ltr'>δοκεῖ</span> <span class='ocrx_word' id='word_1_639' title='bbox 1417 1259 1488 1286; x_wconf 79' lang='grc' dir='ltr'>κατὰ</span> <span class='ocrx_word' id='word_1_640' title='bbox 1504 1259 1582 1292; x_wconf 87' lang='grc' dir='ltr'>λόγον</span> <span class='ocrx_word' id='word_1_641' title='bbox 1602 1257 1689 1285; x_wconf 83' lang='grc' dir='ltr'>ταῦτα</span> <span class='ocrx_word' id='word_1_642' title='bbox 1707 1258 1764 1290; x_wconf 75' lang='grc' dir='ltr'>τοῖς</span> <span class='ocrx_word' id='word_1_643' title='bbox 1779 1257 1809 1284; x_wconf 90' lang='grc' dir='ltr'><strong>ἐν</strong></span> <span class='ocrx_word' id='word_1_644' title='bbox 1823 1257 1866 1294; x_wconf 79' lang='grc' dir='ltr'><strong>τῷ</strong></span> 
     </span>
    </p>
   </div>
   <div class='ocr_carea' id='block_1_83' title="bbox 1071 1303 1866 1345">
    <p class='ocr_par' dir='ltr' id='par_1_83' title="bbox 1071 1303 1866 1345">
     <span class='ocr_line' id='line_1_83' title="bbox 1071 1303 1866 1345; baseline -0.008 -10"><span class='ocrx_word' id='word_1_645' title='bbox 1071 1308 1247 1345; x_wconf 83' lang='grc' dir='ltr'>προλεχθέντι</span> <span class='ocrx_word' id='word_1_646' title='bbox 1266 1307 1399 1342; x_wconf 71' lang='grc' dir='ltr'>συνῆφθαι</span> <span class='ocrx_word' id='word_1_647' title='bbox 1423 1305 1532 1340; x_wconf 72' lang='grc' dir='ltr'>ψαλμῷ.</span> <span class='ocrx_word' id='word_1_648' title='bbox 1556 1306 1599 1332; x_wconf 84' lang='grc' dir='ltr'><strong>Ἐν</strong></span> <span class='ocrx_word' id='word_1_649' title='bbox 1621 1304 1718 1339; x_wconf 80' lang='grc' dir='ltr'>ἐκείνῳ</span> <span class='ocrx_word' id='word_1_650' title='bbox 1739 1303 1791 1340; x_wconf 82' lang='grc' dir='ltr'>μὲν</span> <span class='ocrx_word' id='word_1_651' title='bbox 1809 1303 1866 1340; x_wconf 79' lang='grc' dir='ltr'><strong>γὰρ</strong></span> 
     </span>
    </p>
   </div>
   <div class='ocr_carea' id='block_1_84' title="bbox 1071 1349 1866 1388">
    <p class='ocr_par' dir='ltr' id='par_1_84' title="bbox 1071 1349 1866 1388">
     <span class='ocr_line' id='line_1_84' title="bbox 1071 1349 1866 1388; baseline -0.008 -8"><span class='ocrx_word' id='word_1_652' title='bbox 1071 1354 1178 1388; x_wconf 75' lang='grc' dir='ltr'>ἐλέγετο</span> <span class='ocrx_word' id='word_1_653' title='bbox 1190 1361 1195 1367; x_wconf 92' lang='grc'><strong>·</strong></span> <span class='ocrx_word' id='word_1_654' title='bbox 1216 1363 1224 1377; x_wconf 74' lang='grc' dir='ltr'>α</span> <span class='ocrx_word' id='word_1_655' title='bbox 1233 1351 1308 1378; x_wconf 84' lang='grc' dir='ltr'>-Εἷπε</span> <span class='ocrx_word' id='word_1_656' title='bbox 1327 1351 1428 1386; x_wconf 83' lang='grc' dir='ltr'>Κύριος</span> <span class='ocrx_word' id='word_1_657' title='bbox 1439 1359 1446 1365; x_wconf 84' lang='grc'>·</span> <span class='ocrx_word' id='word_1_658' title='bbox 1465 1350 1512 1376; x_wconf 85' lang='grc' dir='ltr'>Ἐκ</span> <span class='ocrx_word' id='word_1_659' title='bbox 1526 1350 1616 1376; x_wconf 81' lang='grc' dir='ltr'>Βασὰν</span> <span class='ocrx_word' id='word_1_660' title='bbox 1629 1349 1796 1385; x_wconf 81' lang='grc' dir='ltr'>ἐπιστρέψω,</span> <span class='ocrx_word' id='word_1_661' title='bbox 1809 1350 1866 1374; x_wconf 79' lang='grc' dir='ltr'>ἐπι-</span> 
     </span>
    </p>
   </div>
   <div class='ocr_carea' id='block_1_85' title="bbox 1076 1392 1866 1435">
    <p class='ocr_par' dir='ltr' id='par_1_85' title="bbox 1076 1392 1866 1435">
     <span class='ocr_line' id='line_1_85' title="bbox 1076 1392 1866 1435; baseline -0.008 -9"><span class='ocrx_word' id='word_1_662' title='bbox 1076 1400 1184 1435; x_wconf 68' lang='grc' dir='ltr'>στρέψω</span> <span class='ocrx_word' id='word_1_663' title='bbox 1205 1399 1237 1425; x_wconf 83' lang='grc' dir='ltr'><strong>ἐκ</strong></span> <span class='ocrx_word' id='word_1_664' title='bbox 1261 1398 1349 1433; x_wconf 80' lang='grc' dir='ltr'>βυθῶν</span> <span class='ocrx_word' id='word_1_665' title='bbox 1365 1398 1501 1433; x_wconf 77' lang='grc' dir='ltr'>θαλάσσης</span> <span class='ocrx_word' id='word_1_666' title='bbox 1512 1406 1518 1412; x_wconf 93' lang='grc'><strong>·</strong></span> <span class='ocrx_word' id='word_1_667' title='bbox 1537 1406 1546 1423; x_wconf 75' lang='lat' dir='ltr'><strong>t</strong></span> <span class='ocrx_word' id='word_1_668' title='bbox 1565 1397 1594 1422; x_wconf 92' lang='grc' dir='ltr'><strong>ἐν</strong></span> <span class='ocrx_word' id='word_1_669' title='bbox 1611 1395 1697 1431; x_wconf 79' lang='grc' dir='ltr'>τούτῳ</span> <span class='ocrx_word' id='word_1_670' title='bbox 1711 1395 1751 1426; x_wconf 78' lang='grc' dir='ltr'>δὲ,</span> <span class='ocrx_word' id='word_1_671' title='bbox 1771 1404 1780 1420; x_wconf 78' lang='grc' dir='ltr'><strong>ι</strong></span> <span class='ocrx_word' id='word_1_672' title='bbox 1795 1392 1866 1421; x_wconf 83' lang='grc' dir='ltr'><strong>Ἦλ-</strong></span> 
     </span>
    </p>
   </div>
   <div class='ocr_carea' id='block_1_86' title="bbox 1071 1441 1866 1479">
    <p class='ocr_par' dir='ltr' id='par_1_86' title="bbox 1071 1441 1866 1479">
     <span class='ocr_line' id='line_1_86' title="bbox 1071 1441 1866 1479; baseline -0.008 -7"><span class='ocrx_word' id='word_1_673' title='bbox 1071 1445 1115 1472; x_wconf 83' lang='grc' dir='ltr'><strong>θον</strong></span> <span class='ocrx_word' id='word_1_674' title='bbox 1131 1446 1170 1476; x_wconf 78' lang='grc' dir='ltr'><strong>είς</strong></span> <span class='ocrx_word' id='word_1_675' title='bbox 1194 1444 1229 1471; x_wconf 78' lang='grc' dir='ltr'><strong>τὰ</strong></span> <span class='ocrx_word' id='word_1_676' title='bbox 1246 1443 1314 1479; x_wconf 80' lang='grc' dir='ltr'>βάθη</span> <span class='ocrx_word' id='word_1_677' title='bbox 1338 1444 1387 1478; x_wconf 82' lang='grc' dir='ltr'>τῆς</span> <span class='ocrx_word' id='word_1_678' title='bbox 1404 1443 1552 1478; x_wconf 81' lang='grc' dir='ltr'>θαλάσσης,</span> <span class='ocrx_word' id='word_1_679' title='bbox 1582 1442 1630 1468; x_wconf 76' lang='grc' dir='ltr'>καὶ</span> <span class='ocrx_word' id='word_1_680' title='bbox 1651 1441 1778 1475; x_wconf 72' lang='grc' dir='ltr'>καταιγὶς</span> <span class='ocrx_word' id='word_1_681' title='bbox 1797 1448 1866 1467; x_wconf 60' lang='grc' dir='ltr'>κατ’</span> 
     </span>
    </p>
   </div>
   <div class='ocr_carea' id='block_1_87' title="bbox 1066 1479 1866 1526">
    <p class='ocr_par' dir='ltr' id='par_1_87' title="bbox 1066 1479 1866 1526">
     <span class='ocr_line' id='line_1_87' title="bbox 1066 1479 1866 1526; baseline -0.008 -8"><span class='ocrx_word' id='word_1_682' title='bbox 1066 1479 1194 1518; x_wconf 68' lang='grc' dir='ltr'>επόντισέ</span> <span class='ocrx_word' id='word_1_683' title='bbox 1217 1499 1259 1526; x_wconf 83' lang='grc' dir='ltr'>με.</span> <span class='ocrx_word' id='word_1_684' title='bbox 1278 1500 1286 1515; x_wconf 80' lang='grc' dir='ltr'><strong>ι</strong></span> <span class='ocrx_word' id='word_1_685' title='bbox 1306 1490 1379 1516; x_wconf 82' lang='grc' dir='ltr'><strong>Ἔδει</strong></span> <span class='ocrx_word' id='word_1_686' title='bbox 1403 1489 1456 1524; x_wconf 80' lang='grc' dir='ltr'><strong>γὰρ</strong></span> <span class='ocrx_word' id='word_1_687' title='bbox 1473 1489 1546 1524; x_wconf 72' lang='grc' dir='ltr'>ἡμᾶς</span> <span class='ocrx_word' id='word_1_688' title='bbox 1560 1487 1716 1523; x_wconf 84' lang='grc' dir='ltr'>διδαχθῆναι</span> <span class='ocrx_word' id='word_1_689' title='bbox 1740 1485 1799 1518; x_wconf 84' lang='grc' dir='ltr'>πῶς</span> <span class='ocrx_word' id='word_1_690' title='bbox 1823 1487 1866 1518; x_wconf 82' lang='grc' dir='ltr'><strong>είς</strong></span> 
     </span>
    </p>
   </div>
   <div class='ocr_carea' id='block_1_88' title="bbox 1069 1531 1863 1572">
    <p class='ocr_par' dir='ltr' id='par_1_88' title="bbox 1069 1531 1863 1572">
     <span class='ocr_line' id='line_1_88' title="bbox 1069 1531 1863 1572; baseline -0.008 -9"><span class='ocrx_word' id='word_1_691' title='bbox 1069 1538 1118 1572; x_wconf 74' lang='grc' dir='ltr'>τὴν</span> <span class='ocrx_word' id='word_1_692' title='bbox 1133 1536 1222 1563; x_wconf 81' lang='grc' dir='ltr'>Βασὰν</span> <span class='ocrx_word' id='word_1_693' title='bbox 1238 1534 1372 1570; x_wconf 77' lang='grc' dir='ltr'>κατῆλθεν</span> <span class='ocrx_word' id='word_1_694' title='bbox 1391 1535 1405 1561; x_wconf 82' lang='grc' dir='ltr'>ὁ</span> <span class='ocrx_word' id='word_1_695' title='bbox 1429 1534 1540 1569; x_wconf 81' lang='grc' dir='ltr'>Κύριος,</span> <span class='ocrx_word' id='word_1_696' title='bbox 1560 1533 1628 1568; x_wconf 78' lang='grc' dir='ltr'>ὅπερ</span> <span class='ocrx_word' id='word_1_697' title='bbox 1645 1532 1717 1559; x_wconf 74' lang='grc' dir='ltr'>ἐστὶν</span> <span class='ocrx_word' id='word_1_698' title='bbox 1736 1531 1863 1567; x_wconf 82' lang='grc' dir='ltr'>αίσχύνη,</span> 
     </span>
    </p>
   </div>
   <div class='ocr_carea' id='block_1_89' title="bbox 1071 1579 1862 1617">
    <p class='ocr_par' dir='ltr' id='par_1_89' title="bbox 1071 1579 1862 1617">
     <span class='ocr_line' id='line_1_89' title="bbox 1071 1579 1862 1617; baseline -0.006 -6"><span class='ocrx_word' id='word_1_699' title='bbox 1071 1585 1118 1611; x_wconf 71' lang='grc' dir='ltr'>καὶ</span> <span class='ocrx_word' id='word_1_700' title='bbox 1129 1584 1187 1615; x_wconf 81' lang='grc' dir='ltr'>πῶς</span> <span class='ocrx_word' id='word_1_701' title='bbox 1201 1583 1303 1617; x_wconf 75' lang='grc' dir='ltr'>ἔλεγεν,</span> <span class='ocrx_word' id='word_1_702' title='bbox 1319 1592 1328 1607; x_wconf 74' lang='grc' dir='ltr'><strong>ι</strong></span> <span class='ocrx_word' id='word_1_703' title='bbox 1349 1583 1443 1608; x_wconf 83' lang='grc' dir='ltr'>Ἐπιστ</span> <span class='ocrx_word' id='word_1_704' title='bbox 1450 1581 1523 1617; x_wconf 69' lang='grc' dir='ltr'>ρέψω</span> <span class='ocrx_word' id='word_1_705' title='bbox 1539 1582 1570 1607; x_wconf 81' lang='grc' dir='ltr'><strong>ἐκ</strong></span> <span class='ocrx_word' id='word_1_706' title='bbox 1585 1580 1673 1616; x_wconf 80' lang='grc' dir='ltr'><strong>βυθῶν</strong></span> <span class='ocrx_word' id='word_1_707' title='bbox 1690 1579 1837 1616; x_wconf 81' lang='grc' dir='ltr'>θαλάσσης.</span> <span class='ocrx_word' id='word_1_708' title='bbox 1850 1588 1862 1606; x_wconf 68' lang='grc' dir='ltr'><strong>ι</strong></span> 
     </span>
    </p>
   </div>
   <div class='ocr_carea' id='block_1_90' title="bbox 1071 1626 1863 1666">
    <p class='ocr_par' dir='ltr' id='par_1_90' title="bbox 1071 1626 1863 1666">
     <span class='ocr_line' id='line_1_90' title="bbox 1071 1626 1863 1666; baseline -0.009 -8"><span class='ocrx_word' id='word_1_709' title='bbox 1071 1631 1116 1658; x_wconf 82' lang='grc' dir='ltr'>Διὸ</span> <span class='ocrx_word' id='word_1_710' title='bbox 1132 1631 1164 1666; x_wconf 85' lang='grc' dir='ltr'>δὴ</span> <span class='ocrx_word' id='word_1_711' title='bbox 1178 1630 1263 1657; x_wconf 74' lang='grc' dir='ltr'>ταῦτα</span> <span class='ocrx_word' id='word_1_712' title='bbox 1279 1628 1349 1655; x_wconf 77' lang='grc' dir='ltr'>αὐτὰ</span> <span class='ocrx_word' id='word_1_713' title='bbox 1362 1628 1407 1655; x_wconf 87' lang='grc' dir='ltr'><strong>διὰ</strong></span> <span class='ocrx_word' id='word_1_714' title='bbox 1420 1629 1475 1654; x_wconf 86' lang='grc' dir='ltr'>τῶν</span> <span class='ocrx_word' id='word_1_715' title='bbox 1490 1626 1678 1663; x_wconf 82' lang='grc' dir='ltr'>προκειμένων</span> <span class='ocrx_word' id='word_1_716' title='bbox 1696 1626 1863 1662; x_wconf 62' lang='grc' dir='ltr'><strong>παρίστησι⁸</strong></span> 
     </span>
    </p>
   </div>
   <div class='ocr_carea' id='block_1_91' title="bbox 1071 1671 1865 1713">
    <p class='ocr_par' dir='ltr' id='par_1_91' title="bbox 1071 1671 1865 1713">
     <span class='ocr_line' id='line_1_91' title="bbox 1071 1671 1865 1713; baseline -0.008 -10"><span class='ocrx_word' id='word_1_717' title='bbox 1071 1677 1135 1713; x_wconf 79' lang='grc' dir='ltr'>περὶ</span> <span class='ocrx_word' id='word_1_718' title='bbox 1153 1676 1202 1712; x_wconf 84' lang='grc' dir='ltr'>μὲν</span> <span class='ocrx_word' id='word_1_719' title='bbox 1223 1675 1273 1710; x_wconf 80' lang='grc' dir='ltr'>τῆς</span> <span class='ocrx_word' id='word_1_720' title='bbox 1290 1675 1420 1709; x_wconf 82' lang='grc' dir='ltr'>αἰσχύνης</span> <span class='ocrx_word' id='word_1_721' title='bbox 1443 1673 1544 1709; x_wconf 80' lang='grc' dir='ltr'>προῖὼν</span> <span class='ocrx_word' id='word_1_722' title='bbox 1569 1673 1617 1699; x_wconf 70' lang='grc' dir='ltr'><strong>κα)⁸</strong></span> <span class='ocrx_word' id='word_1_723' title='bbox 1640 1671 1747 1706; x_wconf 81' lang='grc' dir='ltr'>λέγων·</span> <span class='ocrx_word' id='word_1_724' title='bbox 1771 1680 1782 1697; x_wconf 72' lang='grc' dir='ltr'><strong>ι</strong></span> <span class='ocrx_word' id='word_1_725' title='bbox 1803 1671 1865 1698; x_wconf 74' lang='grc' dir='ltr'>’θτι</span> 
     </span>
    </p>
   </div>
   <div class='ocr_carea' id='block_1_92' title="bbox 1071 1716 1865 1757">
    <p class='ocr_par' dir='ltr' id='par_1_92' title="bbox 1071 1716 1865 1757">
     <span class='ocr_line' id='line_1_92' title="bbox 1071 1716 1865 1757; baseline -0.006 -8"><span class='ocrx_word' id='word_1_726' title='bbox 1071 1724 1152 1750; x_wconf 76' lang='grc' dir='ltr'>ἓνεκα</span> <span class='ocrx_word' id='word_1_727' title='bbox 1176 1722 1224 1749; x_wconf 84' lang='grc' dir='ltr'>σοῦ</span> <span class='ocrx_word' id='word_1_728' title='bbox 1249 1722 1390 1757; x_wconf 83' lang='grc' dir='ltr'>ὑπήνεγκα</span> <span class='ocrx_word' id='word_1_729' title='bbox 1413 1720 1573 1755; x_wconf 83' lang='grc' dir='ltr'>ὀνειδισμὸν,</span> <span class='ocrx_word' id='word_1_730' title='bbox 1592 1718 1724 1754; x_wconf 79' lang='grc' dir='ltr'>ἐκάλυψεν</span> <span class='ocrx_word' id='word_1_731' title='bbox 1746 1716 1865 1754; x_wconf 75' lang='grc' dir='ltr'>ἐντροπὴ</span> 
     </span>
    </p>
   </div>
   <div class='ocr_carea' id='block_1_93' title="bbox 1071 1764 1867 1805">
    <p class='ocr_par' dir='ltr' id='par_1_93' title="bbox 1071 1764 1867 1805">
     <span class='ocr_line' id='line_1_93' title="bbox 1071 1764 1867 1805; baseline -0.006 -9"><span class='ocrx_word' id='word_1_732' title='bbox 1071 1770 1102 1796; x_wconf 85' lang='grc' dir='ltr'><strong>τὸ</strong></span> <span class='ocrx_word' id='word_1_733' title='bbox 1115 1769 1260 1805; x_wconf 83' lang='grc' dir='ltr'>πρόσωπόν</span> <span class='ocrx_word' id='word_1_734' title='bbox 1280 1777 1332 1803; x_wconf 88' lang='grc' dir='ltr'><strong>μου</strong></span> <span class='ocrx_word' id='word_1_735' title='bbox 1346 1777 1353 1783; x_wconf 90' lang='grc'>·</span> <span class='ocrx_word' id='word_1_736' title='bbox 1372 1777 1382 1792; x_wconf 66' lang='grc' dir='ltr'>δ</span> <span class='ocrx_word' id='word_1_737' title='bbox 1404 1768 1451 1793; x_wconf 74' lang='grc' dir='ltr'><strong>καὶ</strong></span> <span class='ocrx_word' id='word_1_738' title='bbox 1473 1765 1552 1798; x_wconf 78' lang='grc' dir='ltr'>αὖθις</span> <span class='ocrx_word' id='word_1_739' title='bbox 1562 1775 1568 1782; x_wconf 89' lang='grc'>·</span> <span class='ocrx_word' id='word_1_740' title='bbox 1586 1776 1594 1792; x_wconf 76' lang='grc' dir='ltr'><strong>ι</strong></span> <span class='ocrx_word' id='word_1_741' title='bbox 1609 1766 1645 1792; x_wconf 73' lang='grc' dir='ltr'><strong>Σὺ</strong></span> <span class='ocrx_word' id='word_1_742' title='bbox 1660 1765 1805 1800; x_wconf 81' lang='grc' dir='ltr'>γινώσκεις</span> <span class='ocrx_word' id='word_1_743' title='bbox 1818 1764 1867 1792; x_wconf 77' lang='grc' dir='ltr'><strong>τὸν</strong></span> 
     </span>
    </p>
   </div>
   <div class='ocr_carea' id='block_1_94' title="bbox 1072 1812 1867 1851">
    <p class='ocr_par' dir='ltr' id='par_1_94' title="bbox 1072 1812 1867 1851">
     <span class='ocr_line' id='line_1_94' title="bbox 1072 1812 1867 1851; baseline -0.005 -9"><span class='ocrx_word' id='word_1_744' title='bbox 1072 1815 1223 1851; x_wconf 80' lang='grc' dir='ltr'>ὀνειδισμόν</span> <span class='ocrx_word' id='word_1_745' title='bbox 1240 1823 1290 1851; x_wconf 89' lang='grc' dir='ltr'><strong>μου</strong></span> <span class='ocrx_word' id='word_1_746' title='bbox 1303 1815 1350 1841; x_wconf 73' lang='grc' dir='ltr'><strong>καὶ</strong></span> <span class='ocrx_word' id='word_1_747' title='bbox 1363 1814 1413 1849; x_wconf 84' lang='grc' dir='ltr'><strong>τὴν</strong></span> <span class='ocrx_word' id='word_1_748' title='bbox 1429 1812 1560 1848; x_wconf 79' lang='grc' dir='ltr'>αἰσχύνην</span> <span class='ocrx_word' id='word_1_749' title='bbox 1580 1822 1630 1848; x_wconf 88' lang='grc' dir='ltr'><strong>μου</strong></span> <span class='ocrx_word' id='word_1_750' title='bbox 1644 1812 1692 1839; x_wconf 74' lang='grc' dir='ltr'>καὶ</span> <span class='ocrx_word' id='word_1_751' title='bbox 1709 1812 1759 1848; x_wconf 79' lang='grc' dir='ltr'>τὴν</span> <span class='ocrx_word' id='word_1_752' title='bbox 1772 1812 1867 1848; x_wconf 80' lang='grc' dir='ltr'>ἐντρο-</span> 
     </span>
    </p>
   </div>
   <div class='ocr_carea' id='block_1_95' title="bbox 1073 1858 1864 1898">
    <p class='ocr_par' dir='ltr' id='par_1_95' title="bbox 1073 1858 1864 1898">
     <span class='ocr_line' id='line_1_95' title="bbox 1073 1858 1864 1898; baseline -0.006 -8"><span class='ocrx_word' id='word_1_753' title='bbox 1073 1864 1127 1898; x_wconf 85' lang='grc' dir='ltr'>πὴν</span> <span class='ocrx_word' id='word_1_754' title='bbox 1155 1865 1227 1898; x_wconf 69' lang='grc' dir='ltr'>μου·</span> <span class='ocrx_word' id='word_1_755' title='bbox 1250 1871 1259 1888; x_wconf 74' lang='grc' dir='ltr'><strong>ι</strong></span> <span class='ocrx_word' id='word_1_756' title='bbox 1288 1862 1352 1897; x_wconf 79' lang='grc' dir='ltr'>περὶ</span> <span class='ocrx_word' id='word_1_757' title='bbox 1376 1861 1405 1888; x_wconf 78' lang='grc' dir='ltr'>δὲ</span> <span class='ocrx_word' id='word_1_758' title='bbox 1428 1860 1476 1887; x_wconf 79' lang='grc' dir='ltr'>τοῦ</span> <span class='ocrx_word' id='word_1_759' title='bbox 1500 1860 1580 1896; x_wconf 81' lang='grc' dir='ltr'>βυθοῦ</span> <span class='ocrx_word' id='word_1_760' title='bbox 1599 1859 1649 1894; x_wconf 85' lang='grc' dir='ltr'>τῆς</span> <span class='ocrx_word' id='word_1_761' title='bbox 1665 1858 1804 1896; x_wconf 79' lang='grc' dir='ltr'>θαλάσσης</span> <span class='ocrx_word' id='word_1_762' title='bbox 1821 1858 1864 1890; x_wconf 81' lang='grc' dir='ltr'>τὸ,</span> 
     </span>
    </p>
   </div>
   <div class='ocr_carea' id='block_1_96' title="bbox 1076 1900 1867 1945">
    <p class='ocr_par' dir='ltr' id='par_1_96' title="bbox 1076 1900 1867 1945">
     <span class='ocr_line' id='line_1_96' title="bbox 1076 1900 1867 1945; baseline -0.006 -10"><span class='ocrx_word' id='word_1_763' title='bbox 1076 1919 1085 1934; x_wconf 78' lang='grc' dir='ltr'><strong>ε</strong></span> <span class='ocrx_word' id='word_1_764' title='bbox 1103 1908 1194 1945; x_wconf 78' lang='grc' dir='ltr'>Σῷσόν</span> <span class='ocrx_word' id='word_1_765' title='bbox 1207 1917 1251 1944; x_wconf 86' lang='grc' dir='ltr'><strong>με,</strong></span> <span class='ocrx_word' id='word_1_766' title='bbox 1265 1909 1279 1934; x_wconf 84' lang='grc' dir='ltr'><strong>ὁ</strong></span> <span class='ocrx_word' id='word_1_767' title='bbox 1291 1907 1367 1939; x_wconf 87' lang='grc' dir='ltr'>Θεὸς,</span> <span class='ocrx_word' id='word_1_768' title='bbox 1381 1900 1420 1933; x_wconf 73' lang='grc' dir='ltr'>ὅτι</span> <span class='ocrx_word' id='word_1_769' title='bbox 1434 1907 1594 1943; x_wconf 80' lang='grc' dir='ltr'>είσήλθοσαν</span> <span class='ocrx_word' id='word_1_770' title='bbox 1610 1905 1693 1932; x_wconf 76' lang='grc' dir='ltr'>ὕδατα</span> <span class='ocrx_word' id='word_1_771' title='bbox 1709 1903 1762 1936; x_wconf 69' lang='grc' dir='ltr'>ἕως</span> <span class='ocrx_word' id='word_1_772' title='bbox 1774 1903 1867 1939; x_wconf 78' lang='grc' dir='ltr'>ψυχῆς</span> 
     </span>
    </p>
   </div>
   <div class='ocr_carea' id='block_1_97' title="bbox 1075 1949 1867 1990">
    <p class='ocr_par' dir='ltr' id='par_1_97' title="bbox 1075 1949 1867 1990">
     <span class='ocr_line' id='line_1_97' title="bbox 1075 1949 1867 1990; baseline -0.006 -9"><span class='ocrx_word' id='word_1_773' title='bbox 1075 1962 1136 1990; x_wconf 90' lang='grc' dir='ltr'>μου.</span> <span class='ocrx_word' id='word_1_774' title='bbox 1146 1953 1344 1988; x_wconf 74' lang='grc' dir='ltr'>Ἐνεπάγηνείς</span> <span class='ocrx_word' id='word_1_775' title='bbox 1360 1952 1426 1988; x_wconf 75' lang='grc' dir='ltr'>ὕλην</span> <span class='ocrx_word' id='word_1_776' title='bbox 1439 1952 1477 1987; x_wconf 78' lang='grc'><strong>(1)</strong></span> <span class='ocrx_word' id='word_1_777' title='bbox 1486 1951 1579 1987; x_wconf 79' lang='grc' dir='ltr'>βυθοῦ,</span> <span class='ocrx_word' id='word_1_778' title='bbox 1594 1952 1641 1978; x_wconf 79' lang='grc' dir='ltr'>καὶ</span> <span class='ocrx_word' id='word_1_779' title='bbox 1655 1951 1705 1977; x_wconf 83' lang='grc' dir='ltr'>οὐκ</span> <span class='ocrx_word' id='word_1_780' title='bbox 1715 1950 1790 1977; x_wconf 74' lang='grc' dir='ltr'>ἐστιν</span> <span class='ocrx_word' id='word_1_781' title='bbox 1797 1949 1867 1977; x_wconf 73' lang='grc' dir='ltr'>ὑπό-</span> 
     </span>
    </p>
   </div>
   <div class='ocr_carea' id='block_1_98' title="bbox 1075 1990 1867 2035">
    <p class='ocr_par' dir='ltr' id='par_1_98' title="bbox 1075 1990 1867 2035">
     <span class='ocr_line' id='line_1_98' title="bbox 1075 1990 1867 2035; baseline -0.006 -7"><span class='ocrx_word' id='word_1_782' title='bbox 1075 2009 1178 2033; x_wconf 85' lang='grc' dir='ltr'>στασις.</span> <span class='ocrx_word' id='word_1_783' title='bbox 1196 1999 1298 2027; x_wconf 86' lang='grc' dir='ltr'>Ἦλθον</span> <span class='ocrx_word' id='word_1_784' title='bbox 1313 2000 1353 2031; x_wconf 80' lang='grc' dir='ltr'><strong>εἰς</strong></span> <span class='ocrx_word' id='word_1_785' title='bbox 1366 1999 1401 2026; x_wconf 75' lang='grc' dir='ltr'>τέι</span> <span class='ocrx_word' id='word_1_786' title='bbox 1422 1998 1491 2035; x_wconf 80' lang='grc' dir='ltr'>βάθη</span> <span class='ocrx_word' id='word_1_787' title='bbox 1507 1998 1557 2033; x_wconf 78' lang='grc' dir='ltr'>τῆς</span> <span class='ocrx_word' id='word_1_788' title='bbox 1568 1990 1717 2033; x_wconf 82' lang='grc' dir='ltr'>θαλάσσης,</span> <span class='ocrx_word' id='word_1_789' title='bbox 1729 1997 1776 2024; x_wconf 78' lang='grc' dir='ltr'>καὶ</span> <span class='ocrx_word' id='word_1_790' title='bbox 1798 2005 1867 2024; x_wconf 81' lang='grc' dir='ltr'>κατ-</span> 
     </span>
    </p>
   </div>
   <div class='ocr_carea' id='block_1_99' title="bbox 1074 2042 1866 2081">
    <p class='ocr_par' dir='ltr' id='par_1_99' title="bbox 1074 2042 1866 2081">
     <span class='ocr_line' id='line_1_99' title="bbox 1074 2042 1866 2081; baseline -0.006 -7"><span class='ocrx_word' id='word_1_791' title='bbox 1074 2048 1146 2081; x_wconf 78' lang='grc' dir='ltr'>αιγὶς</span> <span class='ocrx_word' id='word_1_792' title='bbox 1161 2046 1337 2074; x_wconf 66' lang='grc' dir='ltr'>κατεπόντισε</span> <span class='ocrx_word' id='word_1_793' title='bbox 1368 2054 1411 2081; x_wconf 87' lang='grc' dir='ltr'>με.</span> <span class='ocrx_word' id='word_1_794' title='bbox 1436 2055 1445 2071; x_wconf 72' lang='grc' dir='ltr'><strong>ι</strong></span> <span class='ocrx_word' id='word_1_795' title='bbox 1465 2045 1558 2080; x_wconf 82' lang='grc' dir='ltr'>Ταῦτα</span> <span class='ocrx_word' id='word_1_796' title='bbox 1575 2044 1629 2080; x_wconf 80' lang='grc' dir='ltr'><strong>γὰρ</strong></span> <span class='ocrx_word' id='word_1_797' title='bbox 1658 2044 1788 2079; x_wconf 75' lang='grc' dir='ltr'>πλείστην</span> <span class='ocrx_word' id='word_1_798' title='bbox 1808 2042 1866 2079; x_wconf 74' lang='grc' dir='ltr'>ἔχοι</span> 
     </span>
    </p>
   </div>
   <div class='ocr_carea' id='block_1_100' title="bbox 1075 2082 1852 2128">
    <p class='ocr_par' dir='ltr' id='par_1_100' title="bbox 1075 2082 1852 2128">
     <span class='ocr_line' id='line_1_100' title="bbox 1075 2082 1852 2128; baseline -0.006 -8"><span class='ocrx_word' id='word_1_799' title='bbox 1075 2094 1107 2120; x_wconf 81' lang='grc' dir='ltr'>ἂν</span> <span class='ocrx_word' id='word_1_800' title='bbox 1123 2093 1283 2120; x_wconf 77' lang='grc' dir='ltr'>ἀκολουθίαν</span> <span class='ocrx_word' id='word_1_801' title='bbox 1299 2092 1366 2128; x_wconf 85' lang='grc' dir='ltr'>πρὸς</span> <span class='ocrx_word' id='word_1_802' title='bbox 1379 2091 1413 2118; x_wconf 76' lang='grc' dir='ltr'><strong>τὰ</strong></span> <span class='ocrx_word' id='word_1_803' title='bbox 1434 2091 1462 2117; x_wconf 85' lang='grc' dir='ltr'><strong>ἐν</strong></span> <span class='ocrx_word' id='word_1_804' title='bbox 1477 2082 1516 2126; x_wconf 69' lang='grc' dir='ltr'><strong>τῷ</strong></span> <span class='ocrx_word' id='word_1_805' title='bbox 1531 2083 1587 2126; x_wconf 74' lang='grc' dir='ltr'><strong>πρὸ</strong></span> <span class='ocrx_word' id='word_1_806' title='bbox 1598 2090 1694 2124; x_wconf 79' lang='grc' dir='ltr'>τούτου</span> <span class='ocrx_word' id='word_1_807' title='bbox 1707 2088 1808 2125; x_wconf 70' lang='grc' dir='ltr'>ψαλμῷ</span> <span class='ocrx_word' id='word_1_808' title='bbox 1822 2088 1852 2115; x_wconf 77' lang='grc' dir='ltr'><strong>λε</strong></span> 
     </span>
    </p>
   </div>
   <div class='ocr_carea' id='block_1_101' title="bbox 1074 2134 1867 2174">
    <p class='ocr_par' dir='ltr' id='par_1_101' title="bbox 1074 2134 1867 2174">
     <span class='ocr_line' id='line_1_101' title="bbox 1074 2134 1867 2174; baseline -0.006 -9"><span class='ocrx_word' id='word_1_809' title='bbox 1074 2139 1207 2174; x_wconf 72' lang='grc' dir='ltr'>λεγμέναο</span> <span class='ocrx_word' id='word_1_810' title='bbox 1224 2139 1253 2165; x_wconf 86' lang='grc' dir='ltr'><strong>ἐν</strong></span> <span class='ocrx_word' id='word_1_811' title='bbox 1268 2137 1316 2173; x_wconf 84' lang='grc' dir='ltr'>τῷ,</span> <span class='ocrx_word' id='word_1_812' title='bbox 1336 2148 1344 2162; x_wconf 81' lang='grc' dir='ltr'><strong>ι</strong></span> <span class='ocrx_word' id='word_1_813' title='bbox 1362 2134 1446 2164; x_wconf 84' lang='grc' dir='ltr'>Εἶπεν</span> <span class='ocrx_word' id='word_1_814' title='bbox 1465 2138 1479 2163; x_wconf 86' lang='grc' dir='ltr'>ὁ</span> <span class='ocrx_word' id='word_1_815' title='bbox 1491 2136 1611 2171; x_wconf 80' lang='grc' dir='ltr'>Κύριος·</span> <span class='ocrx_word' id='word_1_816' title='bbox 1631 2136 1678 2162; x_wconf 84' lang='grc' dir='ltr'>Ἐκ</span> <span class='ocrx_word' id='word_1_817' title='bbox 1694 2134 1784 2161; x_wconf 73' lang='grc' dir='ltr'>Βισὰν</span> <span class='ocrx_word' id='word_1_818' title='bbox 1804 2134 1867 2160; x_wconf 73' lang='grc' dir='ltr'>ἐπι-</span> 
     </span>
    </p>
   </div>
   <div class='ocr_carea' id='block_1_102' title="bbox 1076 2179 1866 2222">
    <p class='ocr_par' dir='ltr' id='par_1_102' title="bbox 1076 2179 1866 2222">
     <span class='ocr_line' id='line_1_102' title="bbox 1076 2179 1866 2222; baseline -0.008 -10"><span class='ocrx_word' id='word_1_819' title='bbox 1076 2186 1194 2222; x_wconf 67' lang='grc' dir='ltr'>στρέψω,</span> <span class='ocrx_word' id='word_1_820' title='bbox 1212 2184 1369 2221; x_wconf 64' lang='grc' dir='ltr'>ἐπιστρέψω</span> <span class='ocrx_word' id='word_1_821' title='bbox 1393 2184 1425 2209; x_wconf 84' lang='grc' dir='ltr'><strong>ἐκ</strong></span> <span class='ocrx_word' id='word_1_822' title='bbox 1450 2181 1538 2218; x_wconf 85' lang='grc' dir='ltr'>βυθῶν</span> <span class='ocrx_word' id='word_1_823' title='bbox 1553 2181 1703 2215; x_wconf 82' lang='grc' dir='ltr'>θαλάσσης.</span> <span class='ocrx_word' id='word_1_824' title='bbox 1722 2190 1732 2206; x_wconf 74' lang='grc' dir='ltr'><strong>ι</strong></span> <span class='ocrx_word' id='word_1_825' title='bbox 1755 2179 1866 2216; x_wconf 69' lang='grc' dir='ltr'>Ἐπειδὴ</span> 
     </span>
    </p>
   </div>
   <div class='ocr_carea' id='block_1_103' title="bbox 1075 2225 1866 2266">
    <p class='ocr_par' dir='ltr' id='par_1_103' title="bbox 1075 2225 1866 2266">
     <span class='ocr_line' id='line_1_103' title="bbox 1075 2225 1866 2266; baseline -0.004 -9"><span class='ocrx_word' id='word_1_826' title='bbox 1075 2233 1104 2257; x_wconf 76' lang='grc' dir='ltr'><strong>ἐν</strong></span> <span class='ocrx_word' id='word_1_827' title='bbox 1119 2226 1214 2266; x_wconf 78' lang='grc' dir='ltr'>ἐκείνῳ</span> <span class='ocrx_word' id='word_1_828' title='bbox 1231 2231 1311 2262; x_wconf 81' lang='grc' dir='ltr'>αὐτὸς</span> <span class='ocrx_word' id='word_1_829' title='bbox 1326 2228 1360 2265; x_wconf 79' lang='grc' dir='ltr'>ἦν</span> <span class='ocrx_word' id='word_1_830' title='bbox 1374 2230 1388 2255; x_wconf 85' lang='grc' dir='ltr'>ὁ</span> <span class='ocrx_word' id='word_1_831' title='bbox 1400 2229 1501 2264; x_wconf 78' lang='grc' dir='ltr'>Κύριος</span> <span class='ocrx_word' id='word_1_832' title='bbox 1523 2229 1537 2255; x_wconf 86' lang='grc' dir='ltr'><strong>ὁ</strong></span> <span class='ocrx_word' id='word_1_833' title='bbox 1555 2227 1641 2253; x_wconf 80' lang='grc' dir='ltr'>ταῦτα</span> <span class='ocrx_word' id='word_1_834' title='bbox 1654 2227 1755 2266; x_wconf 68' lang='grc' dir='ltr'>λέγων·</span> <span class='ocrx_word' id='word_1_835' title='bbox 1770 2225 1866 2254; x_wconf 77' lang='grc' dir='ltr'>ἔπειτα</span> 
     </span>
    </p>
   </div>
   <div class='ocr_carea' id='block_1_104' title="bbox 1039 2270 1866 2315">
    <p class='ocr_par' dir='ltr' id='par_1_104' title="bbox 1039 2270 1866 2315">
     <span class='ocr_line' id='line_1_104' title="bbox 1039 2270 1866 2315; baseline -0.007 -12"><span class='ocrx_word' id='word_1_836' title='bbox 1039 2288 1060 2315; x_wconf 73' lang='grc' dir='ltr'>υ</span> <span class='ocrx_word' id='word_1_837' title='bbox 1076 2277 1121 2303; x_wconf 73' lang='grc' dir='ltr'>καὶ</span> <span class='ocrx_word' id='word_1_838' title='bbox 1137 2276 1185 2302; x_wconf 79' lang='grc' dir='ltr'>νῦν</span> <span class='ocrx_word' id='word_1_839' title='bbox 1205 2270 1251 2302; x_wconf 83' lang='grc' dir='ltr'><strong>τὸν</strong></span> <span class='ocrx_word' id='word_1_840' title='bbox 1265 2275 1345 2302; x_wconf 71' lang='grc' dir='ltr'>αὑτὸν</span> <span class='ocrx_word' id='word_1_841' title='bbox 1360 2273 1430 2301; x_wconf 74' lang='grc' dir='ltr'>εἶναι</span> <span class='ocrx_word' id='word_1_842' title='bbox 1445 2273 1569 2309; x_wconf 81' lang='grc' dir='ltr'>ἡγεῖσθαι</span> <span class='ocrx_word' id='word_1_843' title='bbox 1586 2272 1632 2298; x_wconf 83' lang='grc' dir='ltr'><strong>τὸν</strong></span> <span class='ocrx_word' id='word_1_844' title='bbox 1649 2271 1684 2306; x_wconf 79' lang='grc' dir='ltr'><strong>τὰ</strong></span> <span class='ocrx_word' id='word_1_845' title='bbox 1697 2271 1866 2314; x_wconf 78' lang='grc' dir='ltr'>προκείμενα</span> 
     </span>
    </p>
   </div>
   <div class='ocr_carea' id='block_1_105' title="bbox 1075 2323 1216 2356">
    <p class='ocr_par' dir='ltr' id='par_1_105' title="bbox 1075 2323 1216 2356">
     <span class='ocr_line' id='line_1_105' title="bbox 1075 2323 1216 2356; baseline 0 -8"><span class='ocrx_word' id='word_1_846' title='bbox 1075 2323 1216 2356; x_wconf 83' lang='grc' dir='ltr'>διεξιόντα.</span> 
     </span>
    </p>
   </div>
   <div class='ocr_carea' id='block_1_106' title="bbox 1111 2373 1865 2414">
    <p class='ocr_par' dir='ltr' id='par_1_106' title="bbox 1111 2373 1865 2414">
     <span class='ocr_line' id='line_1_106' title="bbox 1111 2373 1865 2414; baseline -0.007 -9"><span class='ocrx_word' id='word_1_847' title='bbox 1111 2379 1195 2411; x_wconf 69' lang='grc' dir='ltr'>Αὐτὸς</span> <span class='ocrx_word' id='word_1_848' title='bbox 1210 2377 1363 2414; x_wconf 82' lang='grc' dir='ltr'>τοιγαροῦν,</span> <span class='ocrx_word' id='word_1_849' title='bbox 1377 2378 1406 2404; x_wconf 78' lang='grc' dir='ltr'>ὃν</span> <span class='ocrx_word' id='word_1_850' title='bbox 1425 2378 1479 2404; x_wconf 81' lang='grc' dir='ltr'>οὐδ’</span> <span class='ocrx_word' id='word_1_851' title='bbox 1499 2377 1592 2412; x_wconf 71' lang='grc' dir='ltr'>ἕτερον</span> <span class='ocrx_word' id='word_1_852' title='bbox 1610 2373 1679 2402; x_wconf 76' lang='grc' dir='ltr'>εἶναι</span> <span class='ocrx_word' id='word_1_853' title='bbox 1693 2375 1711 2410; x_wconf 81' lang='grc' dir='ltr'><strong>ἢ</strong></span> <span class='ocrx_word' id='word_1_854' title='bbox 1731 2373 1778 2411; x_wconf 63' lang='grc' dir='ltr'><strong>τοῦ</strong></span> <span class='ocrx_word' id='word_1_855' title='bbox 1795 2373 1865 2401; x_wconf 83' lang='grc' dir='ltr'>Θεοῦ</span> 
     </span>
    </p>
   </div>
   <div class='ocr_carea' id='block_1_107' title="bbox 1075 2419 1867 2459">
    <p class='ocr_par' dir='ltr' id='par_1_107' title="bbox 1075 2419 1867 2459">
     <span class='ocr_line' id='line_1_107' title="bbox 1075 2419 1867 2459; baseline -0.004 -10"><span class='ocrx_word' id='word_1_856' title='bbox 1075 2423 1160 2456; x_wconf 81' lang='grc' dir='ltr'>Λόγον</span> <span class='ocrx_word' id='word_1_857' title='bbox 1173 2422 1215 2448; x_wconf 87' lang='grc' dir='ltr'><strong>διὰ</strong></span> <span class='ocrx_word' id='word_1_858' title='bbox 1234 2421 1286 2448; x_wconf 81' lang='grc' dir='ltr'>τῶν</span> <span class='ocrx_word' id='word_1_859' title='bbox 1298 2422 1451 2459; x_wconf 81' lang='grc' dir='ltr'>ἔμπροσθεν</span> <span class='ocrx_word' id='word_1_860' title='bbox 1468 2421 1689 2457; x_wconf 80' lang='grc' dir='ltr'>παρεστήσαμεν,</span> <span class='ocrx_word' id='word_1_861' title='bbox 1704 2419 1787 2457; x_wconf 79' lang='grc' dir='ltr'>εὐχὴν</span> <span class='ocrx_word' id='word_1_862' title='bbox 1799 2419 1867 2446; x_wconf 75' lang='grc' dir='ltr'>ἁνα-</span> 
     </span>
    </p>
   </div>
   <div class='ocr_carea' id='block_1_108' title="bbox 1076 2462 1867 2505">
    <p class='ocr_par' dir='ltr' id='par_1_108' title="bbox 1076 2462 1867 2505">
     <span class='ocr_line' id='line_1_108' title="bbox 1076 2462 1867 2505; baseline -0.003 -11"><span class='ocrx_word' id='word_1_863' title='bbox 1076 2469 1180 2503; x_wconf 80' lang='grc' dir='ltr'>πέμπει</span> <span class='ocrx_word' id='word_1_864' title='bbox 1196 2467 1234 2505; x_wconf 80' lang='grc' dir='ltr'>τῷ</span> <span class='ocrx_word' id='word_1_865' title='bbox 1248 2468 1345 2504; x_wconf 74' lang='grc' dir='ltr'>Πατρὶ,</span> <span class='ocrx_word' id='word_1_866' title='bbox 1365 2467 1575 2502; x_wconf 80' lang='grc' dir='ltr'>ἰδιοποιούμενος</span> <span class='ocrx_word' id='word_1_867' title='bbox 1588 2467 1622 2493; x_wconf 85' lang='grc' dir='ltr'>τὰ</span> <span class='ocrx_word' id='word_1_868' title='bbox 1637 2466 1698 2494; x_wconf 78' lang='grc' dir='ltr'>καθ’</span> <span class='ocrx_word' id='word_1_869' title='bbox 1714 2462 1744 2492; x_wconf 72' lang='grc' dir='ltr'><strong>οὗ</strong></span> <span class='ocrx_word' id='word_1_870' title='bbox 1759 2464 1867 2502; x_wconf 80' lang='grc' dir='ltr'>ἀνείλη-</span> 
     </span>
    </p>
   </div>
   <div class='ocr_carea' id='block_1_109' title="bbox 1076 2510 1864 2550">
    <p class='ocr_par' dir='ltr' id='par_1_109' title="bbox 1076 2510 1864 2550">
     <span class='ocr_line' id='line_1_109' title="bbox 1076 2510 1864 2550; baseline -0.004 -9"><span class='ocrx_word' id='word_1_871' title='bbox 1076 2523 1125 2549; x_wconf 73' lang='grc' dir='ltr'><strong>φεν</strong></span> <span class='ocrx_word' id='word_1_872' title='bbox 1141 2513 1283 2550; x_wconf 83' lang='grc' dir='ltr'>ἀνθρώπου</span> <span class='ocrx_word' id='word_1_873' title='bbox 1300 2513 1388 2548; x_wconf 80' lang='grc' dir='ltr'>πάθη·</span> <span class='ocrx_word' id='word_1_874' title='bbox 1406 2514 1447 2540; x_wconf 78' lang='grc' dir='ltr'><strong>διό</strong></span> <span class='ocrx_word' id='word_1_875' title='bbox 1461 2522 1527 2548; x_wconf 73' lang='grc' dir='ltr'>φησι</span> <span class='ocrx_word' id='word_1_876' title='bbox 1539 2522 1546 2528; x_wconf 94' lang='grc'><strong>·</strong></span> <span class='ocrx_word' id='word_1_877' title='bbox 1565 2523 1574 2539; x_wconf 81' lang='grc' dir='ltr'><strong>ι</strong></span> <span class='ocrx_word' id='word_1_878' title='bbox 1592 2512 1683 2539; x_wconf 86' lang='grc' dir='ltr'>Σῶσόν</span> <span class='ocrx_word' id='word_1_879' title='bbox 1699 2520 1743 2548; x_wconf 86' lang='grc' dir='ltr'><strong>με,</strong></span> <span class='ocrx_word' id='word_1_880' title='bbox 1758 2511 1772 2538; x_wconf 84' lang='grc'>6</span> <span class='ocrx_word' id='word_1_881' title='bbox 1786 2510 1864 2542; x_wconf 86' lang='grc' dir='ltr'>Θεὸς,</span> 
     </span>
    </p>
   </div>
   <div class='ocr_carea' id='block_1_110' title="bbox 1075 2556 1877 2598">
    <p class='ocr_par' dir='ltr' id='par_1_110' title="bbox 1075 2556 1877 2598">
     <span class='ocr_line' id='line_1_110' title="bbox 1075 2556 1877 2598; baseline -0.004 -12"><span class='ocrx_word' id='word_1_882' title='bbox 1075 2561 1115 2586; x_wconf 70' lang='grc' dir='ltr'>ὅτι</span> <span class='ocrx_word' id='word_1_883' title='bbox 1131 2560 1290 2595; x_wconf 75' lang='grc' dir='ltr'>εἰσήλοοσαν</span> <span class='ocrx_word' id='word_1_884' title='bbox 1305 2560 1388 2587; x_wconf 76' lang='grc' dir='ltr'>ὕδατα</span> <span class='ocrx_word' id='word_1_885' title='bbox 1404 2561 1455 2594; x_wconf 77' lang='grc' dir='ltr'>ἕως</span> <span class='ocrx_word' id='word_1_886' title='bbox 1469 2559 1556 2595; x_wconf 71' lang='grc' dir='ltr'>ψυχῆς</span> <span class='ocrx_word' id='word_1_887' title='bbox 1573 2567 1633 2594; x_wconf 85' lang='grc' dir='ltr'>μου.</span> <span class='ocrx_word' id='word_1_888' title='bbox 1656 2557 1809 2598; x_wconf 71' lang='grc' dir='ltr'>Ἑνεπάγῃν</span> <span class='ocrx_word' id='word_1_889' title='bbox 1823 2556 1877 2592; x_wconf 34' lang='grc' dir='ltr'>εἰς.</span> 
     </span>
    </p>
   </div>
   <div class='ocr_carea' id='block_1_111' title="bbox 1077 2601 1865 2643">
    <p class='ocr_par' dir='ltr' id='par_1_111' title="bbox 1077 2601 1865 2643">
     <span class='ocr_line' id='line_1_111' title="bbox 1077 2601 1865 2643; baseline -0.003 -12"><span class='ocrx_word' id='word_1_890' title='bbox 1077 2605 1141 2640; x_wconf 82' lang='grc' dir='ltr'>’ύλην</span> <span class='ocrx_word' id='word_1_891' title='bbox 1155 2604 1247 2640; x_wconf 78' lang='grc' dir='ltr'>βυθοῦ,</span> <span class='ocrx_word' id='word_1_892' title='bbox 1263 2605 1309 2631; x_wconf 69' lang='grc' dir='ltr'>καὶ</span> <span class='ocrx_word' id='word_1_893' title='bbox 1330 2605 1380 2643; x_wconf 69' lang='grc' dir='ltr'>οὐκ</span> <span class='ocrx_word' id='word_1_894' title='bbox 1396 2605 1473 2641; x_wconf 36' lang='grc' dir='ltr'>ἔστιν,</span> <span class='ocrx_word' id='word_1_895' title='bbox 1487 2605 1645 2635; x_wconf 79' lang='grc' dir='ltr'>ὑπόστασις.</span> <span class='ocrx_word' id='word_1_896' title='bbox 1659 2601 1760 2630; x_wconf 83' lang='grc' dir='ltr'>Ἦλθον</span> <span class='ocrx_word' id='word_1_897' title='bbox 1775 2603 1816 2638; x_wconf 80' lang='grc' dir='ltr'>εἰς</span> <span class='ocrx_word' id='word_1_898' title='bbox 1830 2601 1865 2629; x_wconf 75' lang='grc' dir='ltr'>τὰ</span> 
     </span>
    </p>
   </div>
   <div class='ocr_carea' id='block_1_112' title="bbox 1078 2648 1862 2687">
    <p class='ocr_par' dir='ltr' id='par_1_112' title="bbox 1078 2648 1862 2687">
     <span class='ocr_line' id='line_1_112' title="bbox 1078 2648 1862 2687; baseline -0.008 -8"><span class='ocrx_word' id='word_1_899' title='bbox 1078 2651 1145 2687; x_wconf 75' lang='grc' dir='ltr'>βάθη</span> <span class='ocrx_word' id='word_1_900' title='bbox 1161 2651 1210 2687; x_wconf 79' lang='grc' dir='ltr'>τῆς</span> <span class='ocrx_word' id='word_1_901' title='bbox 1227 2651 1375 2687; x_wconf 80' lang='grc' dir='ltr'>θαλάσσης,</span> <span class='ocrx_word' id='word_1_902' title='bbox 1390 2651 1437 2678; x_wconf 66' lang='grc' dir='ltr'><strong>καὶ</strong></span> <span class='ocrx_word' id='word_1_903' title='bbox 1456 2650 1582 2684; x_wconf 74' lang='grc' dir='ltr'>καταιγὶς</span> <span class='ocrx_word' id='word_1_904' title='bbox 1598 2648 1776 2676; x_wconf 82' lang='grc' dir='ltr'>κατεπόντισέ</span> <span class='ocrx_word' id='word_1_905' title='bbox 1850 2657 1862 2673; x_wconf 73' lang='grc' dir='ltr'><strong>ι</strong></span> 
     </span>
    </p>
   </div>
   <div class='ocr_carea' id='block_1_113' title="bbox 1082 2693 1862 2737">
    <p class='ocr_par' dir='ltr' id='par_1_113' title="bbox 1082 2693 1862 2737">
     <span class='ocr_line' id='line_1_113' title="bbox 1082 2693 1862 2737; baseline -0.004 -14"><span class='ocrx_word' id='word_1_906' title='bbox 1082 2697 1110 2724; x_wconf 88' lang='grc' dir='ltr'>Ὁ</span> <span class='ocrx_word' id='word_1_907' title='bbox 1127 2697 1175 2733; x_wconf 83' lang='grc' dir='ltr'>μὲν</span> <span class='ocrx_word' id='word_1_908' title='bbox 1190 2695 1235 2723; x_wconf 79' lang='grc' dir='ltr'><strong>οὖν</strong></span> <span class='ocrx_word' id='word_1_909' title='bbox 1251 2697 1304 2733; x_wconf 84' lang='grc' dir='ltr'><strong>πρὸ</strong></span> <span class='ocrx_word' id='word_1_910' title='bbox 1321 2697 1416 2724; x_wconf 78' lang='grc' dir='ltr'>τούτου</span> <span class='ocrx_word' id='word_1_911' title='bbox 1429 2696 1535 2733; x_wconf 78' lang='grc' dir='ltr'>ψαλμὸς</span> <span class='ocrx_word' id='word_1_912' title='bbox 1552 2693 1720 2731; x_wconf 79' lang='grc' dir='ltr'>προσεφώνει</span> <span class='ocrx_word' id='word_1_913' title='bbox 1734 2693 1862 2737; x_wconf 60' lang='grc' dir='ltr'>φάσκων·</span> 
     </span>
    </p>
   </div>
   <div class='ocr_carea' id='block_1_114' title="bbox 1079 2739 1864 2780">
    <p class='ocr_par' dir='ltr' id='par_1_114' title="bbox 1079 2739 1864 2780">
     <span class='ocr_line' id='line_1_114' title="bbox 1079 2739 1864 2780; baseline -0.004 -11"><span class='ocrx_word' id='word_1_914' title='bbox 1079 2752 1089 2769; x_wconf 73' lang='grc' dir='ltr'><strong>ί</strong></span> <span class='ocrx_word' id='word_1_915' title='bbox 1113 2742 1302 2778; x_wconf 83' lang='grc' dir='ltr'>Ὀδοποιήσατε</span> <span class='ocrx_word' id='word_1_916' title='bbox 1317 2743 1357 2778; x_wconf 81' lang='grc' dir='ltr'>τῷ</span> <span class='ocrx_word' id='word_1_917' title='bbox 1375 2742 1550 2780; x_wconf 76' lang='grc' dir='ltr'>ἐπιϐεϐηκότι</span> <span class='ocrx_word' id='word_1_918' title='bbox 1570 2742 1615 2768; x_wconf 72' lang='grc' dir='ltr'>ἐπὶ</span> <span class='ocrx_word' id='word_1_919' title='bbox 1629 2740 1749 2777; x_wconf 84' lang='grc' dir='ltr'>δυσμῶν,</span> <span class='ocrx_word' id='word_1_920' title='bbox 1762 2739 1864 2776; x_wconf 69' lang='grc' dir='ltr'>Κύριος</span> 
     </span>
    </p>
   </div>
   <div class='ocr_carea' id='block_1_115' title="bbox 1077 2786 1863 2831">
    <p class='ocr_par' dir='ltr' id='par_1_115' title="bbox 1077 2786 1863 2831">
     <span class='ocr_line' id='line_1_115' title="bbox 1077 2786 1863 2831; baseline -0.001 -17"><span class='ocrx_word' id='word_1_921' title='bbox 1077 2788 1161 2824; x_wconf 77' lang='grc' dir='ltr'>ὄνομα</span> <span class='ocrx_word' id='word_1_922' title='bbox 1178 2789 1265 2824; x_wconf 69' lang='grc' dir='ltr'>αὐτῷ·</span> <span class='ocrx_word' id='word_1_923' title='bbox 1286 2799 1295 2815; x_wconf 73' lang='grc' dir='ltr'><strong>ι</strong></span> <span class='ocrx_word' id='word_1_924' title='bbox 1316 2787 1365 2815; x_wconf 78' lang='grc' dir='ltr'>εἷθ’</span> <span class='ocrx_word' id='word_1_925' title='bbox 1382 2789 1445 2825; x_wconf 75' lang='grc' dir='ltr'><strong>ἑξῆς</strong></span> <span class='ocrx_word' id='word_1_926' title='bbox 1461 2789 1510 2825; x_wconf 80' lang='grc' dir='ltr'>τὴν</span> <span class='ocrx_word' id='word_1_927' title='bbox 1522 2789 1580 2823; x_wconf 71' lang='grc' dir='ltr'>ἅμα</span> <span class='ocrx_word' id='word_1_928' title='bbox 1592 2786 1748 2831; x_wconf 74' lang='grc' dir='ltr'>ἀνθρώποις</span> <span class='ocrx_word' id='word_1_929' title='bbox 1758 2786 1863 2829; x_wconf 42' lang='lat' dir='ltr'><strong>Qui”:</strong></span> 
     </span>
    </p>
   </div>
   <div class='ocr_carea' id='block_1_116' title="bbox 270 2909 1776 2955">
    <p class='ocr_par' dir='ltr' id='par_1_116' title="bbox 270 2909 1776 2955">
     <span class='ocr_line' id='line_1_116' title="bbox 270 2909 1776 2955; baseline -0.001 -18"><span class='ocrx_word' id='word_1_930' title='bbox 270 2909 412 2955; x_wconf 60' lang='grc' dir='ltr'>(ίγὙληιε.</span> <span class='ocrx_word' id='word_1_931' title='bbox 433 2910 566 2947; x_wconf 79' lang='lat' dir='ltr'><strong>lnterprcs</strong></span> <span class='ocrx_word' id='word_1_932' title='bbox 582 2911 679 2946; x_wconf 72' lang='lat' dir='ltr'><strong>legisse</strong></span> <span class='ocrx_word' id='word_1_933' title='bbox 690 2911 796 2939; x_wconf 85' lang='lat' dir='ltr'><strong>videtur</strong></span> <span class='ocrx_word' id='word_1_934' title='bbox 811 2910 876 2944; x_wconf 71' lang='grc' dir='ltr'>ἰλύν,</span> <span class='ocrx_word' id='word_1_935' title='bbox 895 2911 968 2946; x_wconf 87' lang='lat' dir='ltr'><strong>quod</strong></span> <span class='ocrx_word' id='word_1_936' title='bbox 983 2910 1158 2938; x_wconf 75' lang='lat' dir='ltr'><strong>verisimilius</strong></span> <span class='ocrx_word' id='word_1_937' title='bbox 1170 2915 1211 2939; x_wconf 89' lang='lat' dir='ltr'><strong>est</strong></span> <span class='ocrx_word' id='word_1_938' title='bbox 1226 2916 1253 2938; x_wconf 89' lang='lat' dir='ltr'><strong>et</strong></span> <span class='ocrx_word' id='word_1_939' title='bbox 1263 2910 1343 2939; x_wconf 85' lang='lat' dir='ltr'><strong>nobis</strong></span> <span class='ocrx_word' id='word_1_940' title='bbox 1354 2917 1462 2945; x_wconf 87' lang='lat' dir='ltr'><strong>quoque</strong></span> <span class='ocrx_word' id='word_1_941' title='bbox 1479 2910 1565 2944; x_wconf 80' lang='lat' dir='ltr'><strong>magis</strong></span> <span class='ocrx_word' id='word_1_942' title='bbox 1584 2910 1681 2944; x_wconf 83' lang='lat' dir='ltr'><strong>placet.</strong></span> <span class='ocrx_word' id='word_1_943' title='bbox 1699 2909 1776 2937; x_wconf 77' lang='lat' dir='ltr'><strong>Enn.</strong></span> 
     </span>
    </p>
   </div>
  </div>
