2041 3215
158 173 214 206 *ιιι

725 178 979 208 COMMENTAIIA
998 179 1032 207 lN
1050 178 1219 208 PSALIIOS.
1230 175 1256 206 (ι
1265 171 1294 200 ’δ

1748 177 1799 207 726

158 237 209 273 σὴν
221 237 306 265 αὐτου
325 238 472 275 παρίστησι
485 238 616 281 λᾶγωνχι
631 239 686 267 Καὶ
699 239 864 275 ἀγαλλιᾶσθε
881 239 948 268 ἐνώ-

1004 239 1159 268 hominibus
1172 239 1416 267 commorationem
1426 238 1586 267 enuntiabal
1604 238 1702 266 dicens
1716 247 1722 265 :
1739 247 1748 264 1
1765 237 1799 264 Et

135 282 141 318 ζ
158 290 220 310 πιον
234 282 329 316 αὐτοῦ,
342 284 390 311 τοῦ
403 284 506 320 πατρὸς
516 284 572 312 τῶν
587 285 713 320 ὀρφανῶν
727 285 775 312 καὶ
787 285 885 321 κριτοῦ.
894 285 950 312 τῶν

1004 286 1142 314 exsultate
1158 285 1186 313 in
1199 288 1347 319 conspectu
1366 285 1435 320 ejus,
1452 285 1540 320 patris
1559 285 1746 320 orphanorum
1770 287 1799 311 et

157 327 260 364 χηρῶν.
283 340 293 355 ι
309 329 364 355 Καὶ
381 329 435 356 τῶν
454 329 583 365 μαθητῶν
596 330 624 357 δὲ
644 330 726 357 αὑτοῦ
745 331 791 357 καὶ
813 331 868 358 τῶν
884 331 952 359 ἀπο-

157 374 260 402 στόλων
282 375 332 410 τὴν
350 375 445 411 κλῆσιν
472 376 567 411 ἐδήλου
593 377 621 403 ἐν
644 376 693 411 τῷ,
720 386 729 403 ι
752 377 853 415 Κύριος
872 376 952 404 δώσει

157 421 235 457 ῥῆμα
258 423 316 453 τοῖς
338 422 593 458 εὐαγγελιζομένοις
619 423 731 459 δυνάμει
748 424 842 459 πολλῇ.
861 434 869 449 ι
895 421 952 450 Εἶθ’

155 468 219 504 ἐξῆς
233 469 275 501 είς
287 469 333 496 τὸν
346 469 459 496 θάνατον
472 469 554 496 αὑτοῦ
571 469 682 496 κάθοδον
705 471 752 497 καὶ
767 470 816 506 τὴν
838 470 952 503 διέξοδον

155 514 206 550 τὴν
219 515 346 542 ἐντεῦθεν
361 515 501 543 ἐδίδασκεν
515 517 544 542 ἐν
558 515 606 551 τῷ,
624 526 632 541 ι
650 516 705 542 Καὶ
718 516 884 552 τοῡ,Κυρίου
897 518 953 543 Κυ-

156 561 214 598 ρίου
233 563 261 588 αί
271 561 383 594 διέξοδοι
391 561 437 589 τοῦ
452 561 568 588 θανάτου
580 570 586 576 ·
602 572 611 588 ι
631 562 678 588 καὶ
691 563 719 587 ἐν
732 562 782 597 τῷ,
801 571 810 587 ι
823 560 891 588 Εἶπε
901 562 954 588 Κύ-

156 617 223 644 ριος·
233 609 280 635 Ἐκ
287 608 376 635 Βασὰν
384 608 550 644 ἐπιστρέψω,
557 608 713 644 ἐπιστρέψω
719 610 752 635 ἐκ
760 608 848 643 βυθῶν
857 609 954 636 θαλάσ-

157 663 237 690 σηςοι
255 654 302 682 ἐπὶ
315 655 382 681 πᾶσι
397 654 426 680 δὲ
440 654 546 686 τούτοις
561 655 610 690 τὴν
625 655 665 686 εἰς
680 655 810 690 οὐρανοὺς
825 655 953 682 ἐπάνοδον

156 700 238 728 αὐτοῦ
249 700 293 728 διὰ
310 700 357 727 τοῦ
369 700 452 728 αὑτοῦ
466 701 561 737 ἐδήλου
577 701 680 735 λέγων·
696 701 821 729 ’Ψάλατε
838 701 877 737 τῷ
893 702 953 737 Θεῷ

156 747 194 783 τῷ
201 747 378 783 ἐπιϐεϐηκότι
392 748 437 774 ἐπὶ
451 748 497 774 τὸν
504 748 620 783 οὐρανὸν
631 747 678 774 τοῦ
687 748 803 783 οὐρανοῦ
817 749 877 775 ποι-τ’
892 749 955 775 ἀναν

155 793 246 825 τολάς.
266 803 277 819 ι
295 793 388 820 Ταῦτα
403 794 452 829 μὲν
466 803 512 821 ουν
528 795 556 820 ὲν
571 795 686 826 ἐκείνοις
697 803 702 809 ·
715 794 760 821 διὰ
773 795 802 821 δὲ
818 794 872 821 τῶν
886 803 953 831 προ-

156 839 295 874 κειμένων
313 839 347 866 τὰ
362 840 400 871 ὼς
413 841 441 866 ἐν
456 840 619 876 παραδρομῇ
639 841 699 867 τότε
715 840 867 876 λελεγμένα
884 841 953 867 πλα-

155 884 241 917 τύνει,
262 880 369 917 δεικνὺς
383 886 456 918 ὅπως
476 886 601 913 λέλεκτο*
622 895 630 912 1
647 887 703 913 Καὶ
719 887 766 913 τοῦ
780 887 883 923 Κυρίου
896 888 953 914 Κυ-

157 930 215 967 ρίου
237 931 266 957 αἱ
287 931 398 962 διέξοδοι
419 932 465 958 τοῦ
481 932 610 964 θανάτου,
631 942 640 958 ι
659 933 706 959 κα)⁸
721 933 761 966 τὸ,
785 943 794 959 ι
815 931 883 960 Eine
898 934 955 960 Κύ-

157 985 230 1013 ριος·
258 977 306 1004 Ἐκ
323 977 415 1004 Βασὰν
437 978 606 1014 ἐπιστρέψω.
628 979 786 1014 ἐπιστρέψω
810 980 843 1006 ἐκ
865 979 952 1014 βυθῶν

155 1022 305 1058 θαλάσσης.
321 1033 330 1049 ι
348 1023 441 1050 Ταῦτα
455 1024 509 1059 γὰρ
525 1025 564 1055 εἰς
579 1024 680 1055 πλάτος
695 1024 742 1050 ἐπὶ
757 1024 806 1051 τοῦ
822 1025 954 1060 παρόντος

155 1069 321 1106 διεξέρχεται
336 1070 425 1104 λέγων
435 1079 441 1085 ·
458 1080 467 1097 ι
483 1071 574 1098 Σῶσόν
592 1080 635 1106 με,
651 1072 665 1096 ὁ
680 1070 756 1103 Θεὸς,
772 1072 813 1105 ὅτι
833 1071 954 1107 εἰσήλθο-

154 1123 206 1143 σαν
224 1115 310 1143 ὕδατα
326 1116 378 1148 ἓως
403 1116 492 1152 ψυχῆς
510 1126 572 1152 μου.
594 1118 746 1154 Ἐνεπάγην
767 1119 805 1151 εἰς
824 1118 889 1154 ὕλην
906 1119 952 1154 βυ-

155 1161 213 1194 θοῦ,
230 1162 278 1189 καὶ
300 1162 350 1189 οὐκ
373 1162 447 1189 ἔστιν
467 1164 626 1196 ὑπόστασις.
643 1163 743 1194 Ἶῑλθον
767 1167 807 1196 εἰς
828 1165 863 1192 τὰ
885 1165 953 1201 βάθη

155 1208 204 1244 τῆς
225 1209 365 1244 θαλάσσης
389 1210 437 1237 καὶ
458 1211 584 1244 καταιγὶς
601 1212 780 1238 κατεπόντισε
805 1221 848 1248 με.
865 1223 873 1238 ι
892 1213 955 1239 Πει-

157 1256 281 1292 ρασμοὺς
299 1255 328 1282 δέ
351 1256 398 1283 καὶ⁸
414 1256 551 1292 διωγμοὺς
567 1258 613 1285 καὶ
630 1258 827 1290 ἐπαναστάσεις
848 1259 954 1285 ἀσεϐῶν

155 1301 261 1338 ἀνδρῶν
274 1300 357 1328 ὕδατα
373 1302 465 1328 καλεῖν
482 1302 576 1329 εἴωθεν
591 1304 604 1330 ο
620 1304 722 1339 Λόγος·
743 1304 821 1331 Οὕτω
838 1304 904 1338 γοῦν
917 1305 955 1331 εἴ.

158 1355 239 1383 ρηται
261 1347 427 1383 ἀλλαχοῦ·.ι
446 1350 498 1376 Τὸν
523 1350 674 1387 χείμαρρον
700 1350 808 1386 διῆλθεν
838 1352 854 1387 ἡ
882 1351 954 1387 ψυχὴ

155 1395 251 1431 ἠμῶνο
265 1395 320 1431 ἄρα
333 1395 440 1430 διῆλθεν
453 1397 470 1431 ἡ
483 1396 556 1432 ψυχὴ
569 1396 647 1432 ἡμῶν
668 1397 698 1423 τὸ
716 1397 789 1433 ὕδωρ
804 1398 955 1424 ἀνυπόστα-

155 1449 212 1470 τον.
232 1450 242 1467 ι
259 1441 314 1467 Καὶ
332 1441 413 1473 αὐτὸς
430 1441 458 1468 δὲ
474 1442 487 1467 ὁ
506 1443 600 1478 Σωτὴρ
618 1442 742 1470 ἐδίδασκε
754 1443 833 1470 τοῦτο
851 1443 953 1477 λέγων·

159 1497 168 1512 ι
186 1487 298 1523 Κατέὸη
317 1488 334 1523 ὴ
360 1487 455 1523 βροχὴ,
479 1486 560 1523 ἦλθον
583 1489 606 1515 οι
622 1490 751 1524 ποταμοὶ,
776 1490 909 1516 ἔπνευσαν
929 1490 954 1515 oi

156 1533 262 1569 ἄνεμοι,
278 1534 326 1565 καὶ
349 1533 539 1569 προσέρῤηξαν
558 1536 591 1570 τῇ
612 1535 685 1571 οἰκίᾳ
709 1536 812 1571 ἐκείνῃ,
832 1536 880 1562 καὶ
903 1536 954 1563 οὐκ

155 1580 254 1608 ἔπεσε·
266 1581 446 1616 τεθεμελίωτο
463 1581 518 1617 γὰρ
537 1582 583 1608 ἐπὶ
613 1582 661 1617 τὴν
678 1582 790 1618 πέτραν.
809 1592 818 1609 ι
842 1583 896 1609 Καὶ
910 1582 954 1609 διὰ

1001 332 1105 368 judicis
1118 331 1262 359 viduarum
1272 331 1306 359 ⁷⁸.
1321 340 1330 356 ι
1350 330 1551 365 Discipulorum
1565 331 1628 357 item
1645 334 1672 357 ct
1689 334 1799 365 aposto-

1004 381 1093 408 lorum
1105 387 1218 407 suorum
1233 378 1405 405 vocationem
1419 378 1577 404 declarabat
1592 378 1619 404 in
1635 377 1699 404 illo:
1719 387 1728 403 ι
1745 376 1798 403 Do-

1004 427 1096 453 minus
1130 425 1206 452 dabit
1242 424 1355 451 rerbum
1388 423 1657 458 erangelizantibus,
1698 423 1798 451 virtute

1003 473 1090 499 multa
1102 472 1135 499 ⁷⁷.
1159 481 1169 497 ι
1194 471 1252 498 Sub
1269 471 1326 499 hac
1348 470 1409 505 ejus
1434 470 1468 497 ad
1491 474 1605 497 mortem
1622 469 1796 501 descensum,

1003 519 1103 547 etinde
1113 518 1230 546 reditum
1246 517 1340 545 docuit
1357 517 1392 544 ita
1408 516 1518 544 fatusu
1532 515 1565 542 Et
1573 515 1680 543 Domini
1689 515 1796 543 Domini

1004 566 1091 593 exitus
1107 564 1204 592 mortis
1215 564 1255 598 '5;
1277 573 1286 589 ι
1305 563 1372 591 etin
1390 563 1446 596 illo,
1466 572 1475 588 1
1499 562 1572 590 Dixit
1584 561 1715 590 Dominus
1733 571 1740 589 :
1757 561 1796 590 Ex

1005 612 1092 639 Basan
1104 614 1274 642 convertam,
1285 613 1442 637 convertam
1464 617 1497 637 ex
1518 608 1654 644 profundo
1677 608 1771 636 maris.
1784 617 1793 633 ι

1004 658 1045 686 Ad
1060 658 1117 685 inec
1137 661 1227 685 autem
1241 656 1345 689 omnia,
1373 655 1491 684 reditum
1515 655 1577 691 ejus
1596 655 1630 682 ad
1645 655 1744 682 erelum
1769 656 1797 682 in

1004 704 1099 731 eodem
1124 704 1230 739 psalmo
1256 704 1297 731 sic
1322 703 1481 731 enarravit:
1512 711 1521 727 1
1543 701 1657 730 Psallite
1681 702 1735 729 Deo
1750 703 1796 736 qui

1005 750 1129 778 ascendit
1143 758 1225 786 super
1244 750 1343 777 cmlum
1368 750 1429 777 cmli
1446 750 1479 776 ad
1508 749 1641 776 orientem
1653 749 1686 776 ⁸⁸.
1708 758 1717 775 ι
1735 748 1798 776 llaec

1006 796 1054 824 ibi.
1085 796 1114 823 in
1143 796 1271 831 praesenti
1296 799 1386 823 autem
1402 803 1462 830 quas
1481 795 1559 830 quasi
1586 796 1614 823 in
1637 799 1798 822 transcursu

1005 846 1072 869 tunc
1097 842 1170 869 dicta
1195 841 1304 869 fuerant
1333 840 1422 868 fusius
1449 840 1546 876 aperit,
1571 840 1720 868 ostendens
1743 847 1799 875 quo

1007 895 1090 915 sensu
1116 887 1219 914 dictum
1233 887 1267 914 de
1287 887 1402 914 Domino
1418 886 1501 914 fuerit
1517 896 1524 914 :
1548 895 1558 912 1
1576 886 1610 913 Et
1624 886 1732 914 Domini
1748 886 1799 914 Do-

970 951 990 977 B
1006 933 1072 960 mini
1093 933 1183 961 exitus
1201 933 1308 965 mortis,
1336 942 1344 958 ι
1363 936 1445 967 atque
1469 930 1536 958 illud
1550 951 1558 964 ,
1575 941 1585 957 ι
1607 931 1679 959 Dixit
1706 931 1800 958 Domi-

1005 989 1057 1009 nus
1073 991 1079 1008 :
1099 980 1136 1008 Ex
1153 980 1240 1008 Basan
1254 984 1425 1013 convertam,
1441 983 1599 1006 convertam
1610 986 1644 1006 ex
1661 978 1799 1014 profundo

1003 1027 1098 1055 maris.
1121 1036 1129 1052 ι
1157 1026 1222 1054 Haec
1238 1027 1311 1054 enim
1332 1026 1421 1053 fusius
1439 1025 1466 1052 in
1484 1025 1614 1060 praesenti
1630 1029 1741 1052 enarrat
1755 1025 1800 1052 di-

1004 1081 1070 1101 cens
1084 1083 1090 1101 :
1108 1083 1117 1099 1
1136 1072 1247 1100 Salvum
1263 1080 1306 1100 me
1319 1072 1372 1105 fac,
1386 1073 1468 1104 Deus,
1482 1072 1612 1107 quoniam
1629 1072 1800 1099 intraverunt

1005 1127 1081 1155 aqua
1098 1127 1186 1155 usque
1203 1119 1236 1146 ad
1249 1120 1367 1147 animam
1383 1125 1482 1146 meam.
1499 1117 1601 1146 infixus
1619 1125 1680 1145 sum
1694 1117 1721 1145 in
1735 1117 1799 1145 limo

1005 1165 1145 1201 profundi,
1163 1170 1189 1192 et
1211 1172 1266 1192 non
1290 1168 1333 1192 est
1361 1164 1525 1192 substantia.
1546 1162 1615 1190 Veni
1633 1164 1660 1190 in
1676 1163 1799 1190 altitudi-

1006 1220 1068 1240 nem
1086 1212 1182 1245 maris,
1200 1216 1226 1239 et
1242 1214 1390 1246 tempestas
1405 1211 1536 1238 demersit
1558 1218 1611 1238 me.
1631 1220 1640 1236 ι
1659 1209 1800 1237 Tentatio-

1005 1268 1054 1287 nes
1071 1263 1172 1291 autem,
1196 1258 1355 1286 vexationes
1372 1262 1399 1284 et
1423 1257 1542 1284 insultus
1566 1256 1711 1291 impiorum
1726 1256 1799 1283 viro-

1004 1314 1077 1338 rum,
1104 1313 1189 1340 aquas
1210 1312 1308 1332 vocare
1330 1303 1480 1338 Scriptura:
1507 1311 1567 1330 mos
1587 1307 1640 1330 est.
1665 1302 1704 1329 lta
1725 1303 1798 1330 enim

1004 1352 1107 1379 dicitur
1139 1351 1203 1379 alibi
1233 1360 1240 1378 :
1275 1359 1284 1376 1
1320 1349 1481 1377 Torrentem
1500 1349 1677 1384 pertransirit
1707 1349 1799 1376 anima

1005 1402 1110 1429 nostra,
1126 1397 1241 1424 forsitan
1259 1396 1455 1431 pertransisset
1470 1396 1561 1422 anima
1585 1399 1677 1423 nostra
1699 1403 1799 1430 aquam

1006 1445 1065 1471 sine
1083 1443 1213 1471 fundo“.
1236 1452 1245 1469 ι
1263 1441 1440 1477 ldipsumque
1465 1442 1536 1469 idem
1564 1441 1693 1468 Serrator
1719 1441 1800 1469 docet

1006 1490 1048 1517 his
1063 1489 1156 1516 verbis
1171 1498 1176 1515 :
1195 1498 1203 1514 1
1230 1488 1376 1516 Descendit
1392 1488 1495 1523 pluvia,
1522 1491 1657 1515 venerunt
1675 1487 1797 1518 flumina.

1005 1535 1140 1565 ﬂaverunt
1157 1534 1240 1566 venti,
1258 1537 1285 1561 et
1300 1534 1473 1569 impegerunt
1491 1535 1518 1560 in
1536 1533 1647 1560 domum
1674 1533 1758 1566 illam,
1772 1537 1799 1560 et

1006 1589 1060 1608 non
1079 1580 1180 1608 cecidit
1196 1590 1201 1607 :
1218 1579 1331 1607 fundata
1348 1579 1420 1606 enim
1435 1583 1495 1607 erat
1513 1587 1596 1614 supra
1614 1584 1718 1614 petram
1730 1579 1763 1607 ⁸¹.
1786 1589 1798 1606 ι

157 1627 210 1654 τῶν
234 1627 423 1662 προκειμένων
447 1628 536 1654 τοίνυν
562 1628 624 1659 τοὺς
650 1629 819 1663 πειρασμοὺς
837 1629 883 1655 καὶ
905 1629 953 1661 τὰς

1007 1627 1035 1654 ln
1051 1627 1093 1654 his
1110 1627 1202 1661 itaque
1217 1626 1299 1653 dictis
1312 1626 1480 1653 tentationes
1499 1631 1526 1653 et
1550 1626 1665 1654 insidias
1682 1626 1734 1653 sibi
1750 1633 1799 1660 pa-

156 1673 218 1700 κατ’
231 1673 315 1699 αὑτοῦ
330 1673 487 1705 ἐπιϐουλὰς,
508 1674 593 1703 ὕδατα
616 1674 757 1710 ὀνομάζων
780 1675 951 1709 εἰσεληλυθέ-

157 1727 200 1746 ναι
211 1719 331 1754 ἕωςητῆς
344 1719 435 1755 ψυχῆς
452 1720 533 1749 αὐτοῦ
552 1720 681 1748 διδάσκει.
706 1722 766 1748 Ἐπὶ
782 1722 831 1757 μὲν
844 1720 890 1749 οὖν
903 1722 950 1749 τοῦ

163 1763 233 1797 Ἰὼϐ,
262 1765 365 1800 καίπερ
388 1765 463 1797 ὄντος
488 1765 605 1801 ἀθλητοῦ
635 1767 769 1801 γενναίου,
798 1768 952 1804 γέγραπται

157 1809 277 1846 εἰρηκὼς
297 1811 314 1838 ὁ
329 1811 395 1842 Θεὸς
418 1811 457 1846 τῷ
477 1813 649 1848 πειράζοντι·
676 1821 685 1838 ι
707 1813 772 1840 Ἰδοὺ
795 1814 884 1840 πάντα
902 1815 952 1841 ὅσα

158 1856 276 1892 ὑπάρχει
293 1856 368 1892 αὐτῷ
384 1857 480 1893 δίδωμι
497 1859 525 1884 ἐν
541 1860 574 1894 τῇ
591 1859 661 1894 χειρί
677 1868 734 1892 σου,
749 1861 828 1895 μόνον
841 1860 889 1896 τὴν
903 1860 952 1895 ψυ-

157 1902 304 1938 χὴναὺτοῦ
319 1903 491 1937 διαφύλαξον.
510 1914 518 1930 ι
544 1904 675 1932 Ἐνταῦθα
689 1905 716 1932 δὲ
735 1907 785 1941 τὴν
802 1906 890 1942 ψυχὴν
904 1908 952 1934 αὺ-

157 1948 207 1986 τὴν
231 1949 246 1976 ὸ
272 1949 411 1985 πειράζων
438 1950 573 1986 πειράζει,
599 1952 660 1987 ἥτις
684 1952 748 1978 ποτὲ
764 1950 798 1987 ἦν
815 1952 894 1988 αὕτη,
918 1951 952 1989 ἦς

158 1995 283 2031 μέμνητο
294 1995 341 2022 καὶ
358 1995 438 2027 αὐτὸς
451 1996 538 2030 λέγων
548 2005 555 2012 ·
576 2006 584 2022 ι
606 1997 701 2029 Οὐδεὶς
716 1997 788 2032 αἴρει
803 1998 850 2033 τὴν
863 1998 951 2034 ψυχήν

159 2049 213 2077 uno
226 2042 274 2069 ἁτε
292 2040 360 2077 ἐμοῦ
371 2049 377 2055 ·
393 2040 516 2074 ἐξουσίαν
534 2041 587 2077 ἔχω
602 2042 688 2068 θεῖναι
703 2042 798 2077 αὐτὴν,
813 2044 860 2069 καὶ
877 2043 952 2076 ἐξου-

159 2086 228 2121 σίαν,
243 2086 297 2122 ἔχω
317 2087 409 2113 λαϐεῖν
423 2087 509 2122 αὑτήν
521 2096 527 2102 ⁸
547 2097 555 2113 ι
576 2088 623 2114 καὶ
643 2088 738 2115 πάλινε
760 2098 769 2114 ι
792 2089 847 2124 Τὴν
863 2088 952 2125 ψυχήν

160 2141 212 2168 μιν
231 2131 329 2168 τίθημι
350 2132 420 2168 ὑπὲρ
440 2133 495 2159 τῶν
515 2133 659 2169 προϐάτων
678 2143 745 2169 μου⁴
762 2144 772 2160 ι
795 2135 854 2167 καὶ,
871 2145 879 2160 ι
896 2135 952 2162 Νῦν

158 2179 177 2214 ἡ
189 2177 262 2214 ψυχή
277 2186 327 2213 μου
341 2178 506 2213 τετάρακται
517 2187 523 2193 '
544 2189 553 2204 ι
570 2179 627 2210 καὶ,
646 2189 654 2205 ι
671 2179 823 2215 Περίλυπός
846 2180 920 2212 ἐστιν
935 2181 952 2216 ἡ

258 2233 309 2260 μου
340 2224 392 2256 ἓως
416 2224 542 2252 θανάτου.
563 2234 572 2251 ι
597 2225 679 2252 Ὅθεν
708 2226 755 2252 καὶ
777 2225 825 2252 νῦν
852 2235 950 2262 φησιν·

162 2279 172 2297 ι
189 2271 252 2303 ὀτι
271 2270 432 2306 είσήλθοσαν
446 2270 530 2298 ὕδατα
544 2271 596 2303 ἕως
612 2271 700 2310 ψυχῆς
724 2280 774 2307 μου
785 2280 791 2286 ·
810 2281 820 2297 ›
840 2271 910 2304 κατὰ
924 2272 952 2299 δὲ

159 2316 205 2348 τὸν
231 2303 395 2352 Σύμμαχον·
425 2327 434 2342 ι
451 2318 512 2344 ’Ότι
529 2303 760 2353 ἐπῆλθενηίὺδατα
785 2318 836 2350 ἕως
863 2318 953 2354 ψυχῆς
969 2303 991 2333 D

162 2370 224 2398 pop,
245 2373 256 2389 ι
281 2361 350 2390 Εἶτα
365 2363 502 2398 ἐπιλέγει·
519 2374 528 2390 ι
553 2364 706 2399 Ἐνεπάγην
723 2366 761 2396 εἰς
775 2364 841 2400 ὓλην
860 2365 952 2400 βυθοῦ,

160 2408 209 2442 καὶ,
220 2409 271 2438 οὐκ
293 2408 366 2436 ἐστιν
382 2409 531 2441 ὑπόστασις
544 2417 551 2429 '-
570 2419 579 2435 ι
595 2410 665 2436 κατὰ
684 2409 712 2435 δὲ
727 2409 771 2436 τὸν
784 2409 932 2445 Σύμμαχον
945 2419 951 2424 ·

164 2463 174 2480 1
197 2454 382 2491 'Eﬁa‘mfaﬂnv
403 2457 443 2488 είς
467 2456 636 2492 ἀπεράντους
652 2457 823 2489 καταδύσεις,
838 2458 885 2484 καὶ
904 2458 954 2483 οὐκ

162 2500 220 2528 ἐστι
231 2501 336 2534 στάσις,
353 2511 362 2527 ι
379 2502 535 2538 ἡρμήνευσε
548 2512 554 2518 ·
571 2503 673 2538 σφόδρα
689 2502 852 2534 ἀκολούθως.
871 2503 954 2530 Ἔνθα

161 2545 278 2582 γὰρούκ
288 2545 428 2582 ἦννστάσις
442 2547 554 2584 ἑτέροις,
570 2548 613 2574 διὰ
626 2548 656 2574 τὸ
670 2548 771 2580 πάντας
787 2548 850 2574 τοὺς
861 2547 954 2574 αὐτόθι

163 2592 343 2625 κατελθόντας
367 2593 468 2629 ὀλίσοῳ
491 2595 650 2630 περιπεσεῖν
675 2595 722 2621 καὶ
751 2594 954 2630 κατασύρεσθαι

163 2637 220 2671 ὖ·ιῲ
237 2637 293 2665 τῶν
308 2638 355 2665 τοῦ
371 2638 488 2667 θανάτου
511 2640 665 2674 ῥευμάτων,
680 2639 796 2666 ἐνταῦθα
811 2640 858 2666 καὶ
873 2639 954 2671 αὐτὸς

162 2680 254 2719 ἦλθον,
269 2684 387 2719 ὁπηνίκα
401 2685 441 2717 εἰς
457 2685 491 2711 τὰ
512 2685 581 2721 βάθη
594 2686 645 2720 τῆς
666 2686 803 2721 θαλάσσης
820 2685 952 2721 ἐλήλυθα’

165 2729 193 2764 ἢ,
207 2730 279 2762 κατὰ
291 2730 335 2757 τὸν
352 2731 508 2767 Σύμμαχον,
524 2741 533 2757 ι
550 2732 680 2767 Εἰσῆλθον
695 2733 734 2763 εἰς
755 2732 788 2764 τὰ
810 2731 879 2767 βάθη
901 2731 955 2757 τῶν

165 2775 278 2810 ὑδάτων.
301 2778 348 2804 καὶ
364 2777 470 2813 ῥεῖθρον
491 2778 625 2805 ἐπέκλυσὲ
644 2787 687 2814 με.
708 2788 716 2804 ›
736 2779 791 2805 Καὶ
812 2778 846 2804 τὰ
867 2786 957 2814 παρα-

166 2821 267 2858 πλήσια
283 2823 312 2850 δὲ
336 2823 441 2856 τούτοις
458 2825 504 2851 καὶ
523 2825 615 2857 Ἰωνᾶς
639 2826 653 2851 ὁ
675 2825 818 2861 προφήτης
835 2824 889 2851 ἀπὸ
906 2824 956 2859 τῆς

202 2901 225 2916 ⁷⁸
242 2901 314 2930 Psal.
333 2910 418 2934 LXHI,
435 2902 462 2934 5,
484 2902 510 2929 6.
555 2904 577 2919 τ⁷
599 2903 663 2931 ibid.
686 2903 727 2929 19..
784 2904 806 2919 ⁷⁸
827 2902 890 2930 ibid.
911 2902 955 2928 21.

1003 1676 1088 1703 ratas,
1105 1680 1192 1708 aquas
1212 1680 1387 1707 nuncupans,
1415 1679 1502 1706 usque
1517 1671 1551 1698 ad
1576 1672 1695 1698 animam
1720 1679 1797 1698 suam

1003 1719 1111 1746 venisse
1137 1717 1227 1745 docet.
1256 1716 1293 1744 De
1323 1716 1391 1744 Jobo
1423 1724 1509 1749 sane,
1536 1717 1643 1744 tametsi
1669 1720 1799 1744 strenuus

1003 1765 1104 1791 athleta
1121 1769 1190 1798 erat,
1210 1765 1313 1792 dixisse
1327 1763 1411 1792 Deum
1428 1765 1557 1792 tentatori
1576 1763 1682 1792 fertur:
1702 1774 1711 1790 1
1730 1763 1798 1792 Ecce

1003 1812 1095 1838 omnia
1117 1819 1287 1847 quwcunque
1303 1812 1355 1846 ipsi
1373 1815 1438 1839 sunt
1452 1811 1487 1839 do
1506 1812 1532 1838 in
1551 1819 1632 1838 manu
1662 1815 1719 1843 tua,
1738 1815 1799 1838 tan-

1004 1862 1061 1885 tum
1081 1857 1200 1884 animam
1216 1857 1276 1892 ejus
1291 1862 1398 1885 servato
1410 1857 1443 1883 ⁸³.
1463 1866 1472 1882 ι
1492 1856 1541 1884 ilic
1557 1864 1620 1884 vero
1637 1847 1723 1892 ipsam
1739 1857 1799 1885 ani-

1003 1912 1075 1931 mam
1089 1907 1208 1931 tentator
1219 1902 1388 1938 aggreditur,
1400 1910 1460 1929 eam
1474 1902 1560 1937 ipsam
1581 1902 1687 1932 scilicet
1698 1902 1800 1937 de.qua

1004 1949 1136 1978 Dominus
1146 1949 1240 1976 dicitu
1252 1948 1415 1976 Nemotollit
1424 1948 1541 1975 animam
1554 1955 1641 1979 meam
1650 1955 1665 1977 a
1675 1956 1717 1975 me
1730 1957 1736 1976 :
1749 1956 1800 1983 p05!

1003 1999 1129 2023 testatem
1136 1995 1223 2022 habeo
1231 1994 1348 2029 ponendi
1356 1994 1436 2025 illam
1442 1998 1480 2027 ,et
1487 1997 1648 2029 potestatem
1658 1994 1746 2022 habeo
1755 2002 1799 2023 θος

1004 2041 1197 2077 cipiendieam
1209 2041 1242 2068 ⁸⁵.
1262 2050 1271 2067 ›
1289 2040 1321 2067 Et
1338 2041 1453 2071 iterum;
1469 2039 1618 2067 1,Animam
1628 2048 1716 2067 meam
1726 2048 1805 2075 pono.

1004 2096 1054 2123 pro
1072 2087 1170 2115 oribus
1188 2087 1302 2118 meis",
1323 2096 1331 2112 ι
1351 2091 1388 2118 et,
1405 2095 1415 2113 1
1431 2084 1509 2113 Nunc
1518 2086 1607 2113 anima
1623 2093 1681 2113 mea
1691 2087 1798 2114 turbata

1003 2134 1074 2162 est”
1084 2133 1267 2168 ;iet,1’i‘ristis
1275 2137 1317 2161 est
1325 2133 1414 2160 anima
1425 2140 1484 2160 mea
1494 2140 1579 2167 usque
1586 2132 1619 2159 ad
1629 2133 1780 2161 mortem".
1787 2143 1800 2162 ι

1005 2181 1189 2214 Quamobrem
1210 2188 1284 2207 nunc
1298 2187 1408 2215 quoque
1424 2180 1462 2206 ait
1481 2188 1488 2206 ε
1504 2188 1513 2204 ι
1528 2178 1662 2212 Quoniam
1679 2178 1800 2206 intrave-~

1005 2231 1070 2256 runt
1079 2235 1155 2262 aqua:
1170 2226 1296 2261 usquead
1308 2226 1428 2254 animam
1445 2233 1531 2252 meam
1543 2234 1548 2252 :
1562 2233 1572 2251 ι
1582 2225 1639 2252 sive
1648 2224 1798 2252 secundum

1007 2272 1199 2308 Symmachum
1214 2283 1219 2300 :
1233 2282 1241 2298 1
1255 2272 1389 2305 Quoniam
1396 2276 1657 2305 accesseruntaqua:
1668 2278 1753 2305 usque
1764 2271 1798 2297 ad

1006 2318 1125 2349 animam
1133 2325 1232 2349 meam.
1246 2327 1255 2344 ι
1269 2317 1369 2344 Deinde
1381 2316 1521 2351 subjungit
1535 2325 1541 2342 :
1560 2325 1568 2341 1
1583 2315 1685 2342 lnlixus
1695 2323 1754 2344 sum
1772 2315 1799 2343 in

1007 2363 1219 2398 limoprofundi,
1237 2368 1332 2403 etnon
1357 2368 1399 2390 est
1422 2362 1595 2394 substantia;
1616 2371 1625 2387 ι
1647 2361 1798 2389 secundum

1008 2407 1202 2445 Symmachum
1212 2416 1291 2435 vero:
1306 2407 1472 2434 1lmmersus
1481 2414 1541 2434 sum
1552 2406 1710 2439 inljullnitas
1721 2414 1799 2433 vora-

1007 2456 1094 2491 gines,
1115 2459 1142 2482 et
1158 2462 1212 2481 non
1228 2457 1269 2481 cst
1296 2458 1396 2484 status,
1421 2462 1430 2478 ›
1454 2451 1625 2486 explicatur;
1645 2455 1672 2478 et
1687 2451 1798 2486 quidem

1007 2510 1023 2528 ο
1040 2509 1069 2528 re
1084 2500 1242 2527 admodum.
1257 2498 1323 2525 Nam
1341 2498 1386 2525 ubi
1406 2498 1498 2525 nullus
1520 2496 1609 2524 standi
1624 2497 1721 2525 modus
1737 2497 1799 2525 aliis

1008 2551 1077 2578 erat,
1098 2546 1162 2580 quia
1175 2549 1309 2579 quotquot
1322 2551 1355 2571 eo
1373 2543 1572 2571 descenderant
1596 2542 1624 2569 in
1650 2543 1798 2577 perniciem

1009 2593 1095 2624 ibant,
1108 2596 1135 2619 ct
1158 2599 1173 2617 a
1191 2591 1319 2618 ﬂuctibus
1338 2590 1435 2618 mortis
1454 2588 1677 2621 detrahebantur,
1703 2589 1798 2616 eodem
1832 2612 1834 2614 τ

1009 2638 1113 2669 accessi
1136 2638 1246 2673 quando
1262 2636 1321 2664 veni
1348 2636 1376 2663 in
1402 2635 1574 2664 altitudinem
1603 2635 1707 2668 maris;
1724 2634 1797 2666 sive,
1830 2632 1832 2638 '

1010 2685 1161 2714 secundum
1181 2683 1386 2720 Symmachum,
1411 2692 1420 2708 1
1439 2681 1582 2717 ingressus
1599 2689 1659 2709 sum
1684 2681 1711 2708 in
1736 2689 1798 2715 pro-

1010 2733 1123 2761 fumium
1140 2739 1284 2767 aquarum,
1298 2735 1325 2758 et
1341 2730 1440 2757 ﬂuctus
1456 2729 1598 2757 inundavit
1609 2737 1661 2756 me.
1681 2737 1689 2754 ι
1708 2727 1740 2754 Ει
1756 2727 1798 2755 his

1010 2778 1109 2809 similia
1127 2777 1212 2805 Jonas
1233 2776 1364 2811 propheta
1376 2783 1390 2802 a
1405 2780 1500 2803 ventre
1513 2775 1566 2802 ceti
1588 2777 1716 2809 precatus
1730 2773 1798 2801 scri-

1010 2825 1100 2856 bitur;
1122 2824 1158 2850 ait
1173 2823 1256 2858 igitur
1272 2823 1336 2850 ille:
1361 2833 1369 2847 1
1391 2821 1564 2849 Circumfusa
1581 2826 1622 2848 est
1644 2820 1711 2847 mihi
1728 2827 1798 2855 aqua

995 2902 1054 2918 7"“
1076 2903 1141 2929 ibid.
1161 2902 1204 2930 54.
1243 2901 1348 2929 "Psal.
1369 2902 1500 2933 cunni}.
1539 2902 1561 2917 ⁸¹
1572 2899 1665 2931 Matth.
1684 2907 1735 2932 ut,
1751 2897 1795 2926 25.

169 2935 190 2953 "
206 2935 260 2967 Job.
276 2945 305 2970 ιι,
327 2938 352 2966 6.
390 2939 412 2954 "
432 2937 510 2966 Joan.
529 2947 555 2973 χ,
576 2939 606 2968 l8
655 2939 676 2955 "
697 2938 762 2967 ibid.
789 2939 830 2967 l5.
868 2939 890 2955 δε
909 2937 988 2966 Joan.
1015 2946 1063 2972 xu,
1085 2938 1128 2966 27.
1168 2939 1189 2953 "
1211 2937 1305 2965 Matth.
1327 2945 1399 2970 xui,
1421 2937 1463 2964 58.
