2041 3215
235 175 286 202 ἾΞἸ

578 173 715 201 EUSEBH‘
731 173 972 201 C.ES.\RIENSIS
991 173 1067 201 OPP.
1094 173 1186 200 PARS
1206 172 1250 200 111.
1270 187 1306 192 —
1326 172 1533 201 EXEGETICA.
1556 207 1560 212 ν

1811 171 1864 199 728

234 240 321 268 usque
335 233 369 260 ad
386 233 505 260 animam
530 240 630 264 meam,
655 233 773 267 abyssus
796 233 891 260 ultima
906 235 1024 261 circum-

1077 233 1178 264 κοιλίας
1191 233 1237 259 τοῦ
1252 233 1352 268 κήτους
1363 233 1570 268 ἀναγέγραπται
1583 232 1729 267 ηὒγμένος.
1747 231 1828 265 Λέγει
1840 231 1862 258 6‘

231 279 307 306 dedit
321 287 374 307 me.
388 279 476 306 Subiit
500 283 582 314 caput
606 287 695 307 meum
723 280 757 307 ad
780 279 931 307 divisiones
945 288 1023 306 mou-

233 324 310 357 tium,
331 325 458 353 descendi
475 325 500 352 in
517 329 630 355 terram,
652 325 732 359 cujus
752 331 842 354 \‘ectcs
858 331 922 353 sunt
938 327 1025 354 admi—

232 371 325 399 nicula
341 376 442 398 aeterna
454 371 486 397 ⁸⁸.
514 380 523 396 ι
541 370 713 405 Quapropter
732 372 857 406 exemplo
871 371 946 399 Jome
961 380 1024 407 pro-

233 417 320 452 phetae
336 425 404 445 usus
423 415 553 444 Servatur
567 421 610 444 est
627 417 661 443 ad
679 424 737 449 eos,
753 418 798 452 qui
820 419 926 452 signum
947 419 982 445 ab
995 426 1024 445 se

233 463 370 498 petebant,
388 463 503 489 dicens:
533 471 542 487 ι
567 461 713 489 Generatio
739 471 822 498 prava
848 467 874 491 et
901 464 1023 492 adultera

233 509 341 544 signum
359 509 467 543 quaerit,
481 512 507 535 et
523 508 630 543 signqu
657 517 711 536 non
728 509 837 537 dabitur
861 510 896 541 ei,
916 511 970 537 nisi
990 511 1024 538 si-

232 561 316 590 gnum
331 553 406 581 lunae
423 554 571 589 prophetae.
591 554 667 581 Sicut
686 556 758 582 enim
783 555 833 582 fuit
859 555 944 582 Jonas
958 563 1023 591 pro—

233 599 314 635 pheta
327 599 354 626 in
367 603 461 626 ventre
474 604 526 625 ceti
541 599 630 627 tribus
638 600 735 628 diebus
745 606 771 627 et
783 601 869 628 tribus
880 601 1007 628 noctibus
1015 621 1023 633 ,

233 645 274 673 sic
287 645 340 673 erit
351 649 377 672 et
393 645 479 673 Filius
493 645 611 673 hominis
628 646 654 673 in
670 646 752 673 corde
767 650 846 674 terrae
863 647 952 675 tribus
967 648 1024 675 die-

234 691 286 722 bus
300 696 327 719 et
341 691 430 719 tribus
445 692 572 719 not-tibus
581 693 613 719 ⁸³.
631 703 641 718 ι
658 692 712 720 Cor
725 696 805 720 terra:
815 698 893 721 vorat
909 694 935 721 id
952 693 1024 728 quod

235 737 278 765 hic
294 737 396 764 dicitur
411 738 575 772 profundum
592 739 687 769 maris,
705 738 805 769 inferni
821 739 879 766 loca
898 740 1024 768 subindi-

233 791 310 812 cans.
326 783 508 817 Quamobrem
523 784 551 811 in
572 783 624 812 Job
638 792 748 820 quoque
771 785 882 812 oracula
909 785 1024 813 fundens

233 830 294 865 ipse
315 829 446 859 Dominus
462 830 563 857 similia
587 830 738 858 declaravit
753 831 848 858 dicens
864 841 870 859 :
890 842 898 856 ι
921 831 1024 859 Venisti

233 879 325 903 autem
343 876 376 903 ad
403 875 503 903 fontem
526 876 620 908 maris,
646 876 674 903 in
700 878 824 912 vestigiis
841 885 905 904 vero
931 878 1023 913 abyssi

233 921 427 949 deambulasti.
442 921 612 956 Aperiuntur
632 921 680 949 tibi
696 923 795 950 timore
809 926 894 957 porta:
907 924 1004 950 mortis
1017 932 1023 949 :

233 969 339 997 ostiarii
351 969 451 996 inferni
468 969 593 996 videntes
608 973 635 997 te
650 970 792 997 conterriti
804 975 869 998 sunt
880 971 913 998 ".
936 980 945 996 ι

1074 278 1120 306 οὖν
1132 279 1178 306 καὶ
1190 279 1271 310 αὑτός
1280 287 1287 294 ·
1302 287 1312 304 ι
1327 278 1479 314 Περιεχύθη
1494 287 1537 313 μοι
1551 277 1622 313 ὕδωρ
1631 277 1684 308 ἕως
1800 284 1863 311 μου-

1075 325 1191 356 ἄϐυσσος
1205 324 1344 351 ἐκύκλωσέ
1359 333 1392 360 με
1404 325 1516 360 ἐσχάτη.
1531 324 1623 359 Ἐδυή
1639 323 1743 358 κεφαλή
1759 331 1811 357 μου
1823 323 1864 354 είς

1076 371 1193 408 σχισμὰς
1209 372 1306 407 ὀρέων,
1321 372 1438 407 κατέϐην
1450 373 1490 403 εἰς
1505 372 1566 406 γῆν,
1581 368 1615 406 ἦς
1631 371 1654 397 οἱ
1671 370 1762 405 μοχλοὶ
1778 370 1865 405 αὐτῆς

1076 419 1183 452 κάτοχοι
1213 417 1327 444 αἰώνιοι.
1349 427 1358 442 ι
1387 417 1488 452 Διόπερ
1515 416 1554 451 τῷ
1583 415 1784 451 παραδείγματι
1814 414 1864 443 τοῦ

1082 464 1158 490 Ἰωνᾶ
1176 464 1309 499 κέχρηται
1327 464 1341 490 ὁ
1359 463 1453 498 Σωτὴρ
1470 462 1537 498 πρὸς
1556 463 1618 494 τοὺς
1635 463 1799 497 αἰτήσαντας
1816 462 1865 488 αὑ-

1074 510 1120 536 τὸν
1144 511 1266 545 σημεῖον,
1291 509 1392 536 εἰπών·
1410 519 1419 534 ι
1437 509 1520 536 Γενεὰ
1542 508 1648 544 πονηρὰ
1670 507 1718 534 καὶ
1741 508 1866 543 μοιχαλὶς

1075 555 1187 589 σημεῖον
1206 553 1338 589 ἐπιζητεῖ,
1357 553 1404 580 καὶ.
1425 555 1536 589 σημεῖον
1549 553 1580 580 οὺ
1595 553 1735 589 δοθήσεται
1747 553 1817 588 αὐτῇ
1839 553 1866 579 si.

1076 600 1113 635 μὴ
1139 600 1169 627 τὸ
1191 601 1304 635 σημεῖον
1332 600 1410 626 Ἰωνᾶ.
1437 599 1484 626 τοῦ
1509 601 1659 636 προφήτου.
1680 600 1784 635 Ὠσπερ
1810 599 1867 635 γὰρ

1075 646 1183 680 ἐγένετο
1203 647 1294 678 Ἰωνᾶς
1307 647 1321 673 ὁ
1342 647 1484 682 προφήτης
1500 648 1528 673 ἐν
1544 647 1576 682 τῇ
1594 646 1682 682 κοιλίᾳ
1703 646 1750 672 τοῦ
1764 647 1868 681 κήτους

1074 694 1150 728 τρεῖς
1165 692 1273 728 ἡμέρας
1290 694 1336 720 καὶ
1354 695 1429 729 τρεῖς
1449 693 1560 725 νύκτας,
1578 693 1663 725 οὕτως
1685 693 1761 719 ἔσται
1785 693 1833 720 καὶ
1851 693 1867 718 ὁ

1076 738 1140 770 Υἱὸς
1155 739 1202 766 τοῦ
1216 738 1360 775 ἀνθρώπου
1373 739 1402 765 ἐν
1415 741 1448 774 τῇ
1464 739 1562 775 καρδία
1575 739 1626 774 τῆς
1645 739 1696 773 γῆς
1711 741 1785 774 τρεῑς
1799 739 1862 774 ήμέ-

1077 793 1126 821 ρας
1145 786 1192 812 καὶ
1204 787 1278 822 τρεῖς
1298 785 1409 817 νύκτας.
1429 796 1438 811 ι
1458 785 1578 821 Καρδίαν
1591 785 1619 812 δὲ
1632 786 1684 821 γῆς
1695 785 1730 812 τὰ
1749 785 1870 812 ἐνταῦθα

1075 831 1207 866 λεγόμενα
1224 831 1293 866 βάθη
1309 831 1448 866 θαλάσσης
1467 831 1605 866 ὀνομάζει,
1620 831 1655 858 τὰ
1670 831 1718 858 τοῦ
1734 831 1798 867 ᾅδου
1814 841 1870 867 χω-

1076 878 1122 912 ρία
1140 877 1336 912 αἰνιττόμενος.
1351 877 1396 902 Διὸ
1413 877 1460 903 καὶ
1479 879 1507 904 ἐν
1523 876 1562 912 τῷ
1584 876 1644 903 ’1ὼὸ
1661 878 1841 914 χρηματίζων
1853 879 1870 904 ὸ

1079 923 1160 954 αὐτὸς
1176 923 1277 958 Κύριος
1293 923 1328 949 τὰ
1346 923 1427 957 ὃμοια
1444 923 1563 959 παρίστη
1577 923 1679 957 λέγων·
1701 933 1710 949 ι
1722 921 1825 956 τΗλθες
1839 924 1870 951 δὲ

1081 971 1127 997 ἐπὶ
1142 971 1233 1006 πηγὴν
1246 970 1392 1006 θαλάσσης,
1407 971 1435 997 ἐν
1447 970 1476 997 δὲ
1489 971 1589 1005 ἴχνεσιν
1603 970 1722 998 ἀϐύσσου
1736 971 1870 1007 περιεπά-

233 1024 328 1051 τησας.
343 1016 506 1050 Ἀνοίγονται
521 1016 550 1044 δέ
567 1025 608 1043 σοι
627 1016 701 1051 φόϐῳ
716 1017 798 1044 πύλαι
812 1017 937 1049 θανάτου,
956 1018 1077 1053 πυλωροὶ
1093 1018 1155 1053 ᾅδου
1168 1017 1267 1048 ἰδόντες
1279 1026 1308 1043 σε
1327 1016 1471 1052 ἔπτηξαν.)

271 1073 350 1102 Vides
368 1079 457 1102 autem
475 1075 613 1110 quomodo
637 1075 682 1102 hic
709 1084 818 1112 quoque
835 1085 897 1104 cum
920 1077 1023 1105 fontem
1041 1083 1061 1108 [ι

233 1120 317 1147 maris
345 1121 530 1152 nominasset.
558 1125 585 1148 et
615 1121 782 1156 adjecisset,
810 1132 819 1148 ε
848 1123 876 1150 In
902 1123 1023 1158 vestigiis

234 1166 326 1201 abyssi
340 1167 496 1199 ambulasti,
517 1177 526 1192 I
544 1166 665 1194 declaret
680 1168 745 1202 quid
761 1169 796 1195 sit
813 1169 940 1204 abyssus,
958 1169 1023 1204 quid

234 1218 318 1242 mare.
335 1211 504 1245 subjicicns:
528 1221 537 1237 ι
559 1211 726 1246 Aperiuntur
742 1217 832 1239 autem
861 1213 909 1240 tibi
926 1213 1024 1241 timore

235 1261 319 1292 porta:
336 1258 441 1287 mortis,
456 1257 562 1284 osﬁarii
579 1265 644 1284 vero
664 1258 763 1285 inferni
781 1258 902 1285 videntes
918 1263 945 1285 te
959 1267 1024 1286 con-

235 1304 324 1330 territi
340 1307 413 1332 sum.
435 1314 444 1329 ι
475 1303 525 1330 llic
543 1303 628 1338 igitur
642 1304 724 1331 etiam
751 1304 915 1339 profundum
941 1306 1023 1332 maris

235 1351 332 1378 mortis
349 1351 474 1386 regiones
490 1349 646 1381 adumbrat,
668 1358 723 1384 quo
741 1350 912 1378 descendens
929 1350 1022 1378 Salva-

234 1401 277 1423 tor
297 1399 327 1423 ett
350 1396 480 1424 Dominus
509 1399 612 1426 noster.
633 1396 709 1423 Solus
726 1397 789 1424 inde
813 1404 956 1432 regressus
971 1402 1022 1424 est.

234 1442 324 1476 Quare
350 1443 377 1469 in
402 1442 564 1477 praecedenti
590 1449 700 1478 quoque
728 1444 834 1478 psalmo
856 1443 1021 1471 dicebatur:

237 1499 245 1513 ι
264 1488 297 1515 Et,
312 1488 417 1516 Domini
434 1489 540 1516 Domini
555 1490 646 1518 exitus
658 1490 754 1518 mortis
766 1491 787 1506 ⁹¹
800 1499 806 1523 ;
825 1500 834 1515 ι
849 1498 881 1517 ac
896 1497 1022 1518 rursum:

237 1545 246 1559 ε
266 1534 339 1562 Dixit
354 1534 485 1563 Dominus
501 1545 508 1562 :
521 1535 562 1562 Ex
577 1535 666 1563 Busan
679 1540 847 1569 convertam,
866 1540 1022 1564 convertam

233 1589 266 1609 ex
290 1580 424 1616 profundo
440 1582 524 1609 maris
535 1582 568 1609 θ’.
589 1592 598 1607 ι
622 1582 674 1609 Pro
689 1583 735 1609 illo
748 1587 848 1614 autem,
871 1592 881 1608 ι
908 1583 941 1609 Et
959 1587 1025 1609 tem-

235 1630 325 1661 pestas
351 1627 481 1654 demersit
507 1635 559 1660 me,
591 1638 601 1654 ι
628 1628 736 1663 Aquila,
766 1637 774 1654 I
804 1628 836 1654 Et
860 1628 1023 1663 proﬂuvium

236 1673 377 1700 inundavit
391 1681 449 1706 me;
463 1684 471 1698 ι
484 1673 664 1709 Symmachus
675 1682 750 1706 vero.
767 1684 776 1700 ι
789 1674 819 1702 Et
834 1676 932 1702 fluctus
946 1675 1024 1701 inun-

235 1719 310 1746 davit
333 1727 387 1751 me.
414 1729 423 1745 ›
446 1720 615 1755 interpretati
634 1724 709 1748 sunt.
731 1721 798 1748 Nam
821 1721 968 1748 verisimile
982 1725 1024 1748 est

1117 1078 1198 1112 Ὁρᾷς
1211 1077 1265 1112 γὰρ
1288 1077 1362 1108 ὅπως
1383 1077 1429 1103 καὶ
1446 1077 1474 1102 ἐν
1494 1077 1598 1108 τούτοις
1620 1076 1710 1112 πηγὴν
1729 1075 1871 1112 θαλασσης

1075 1123 1223 1158 ὀνομάσας,
1240 1123 1286 1149 καὶ
1303 1122 1430 1158 προσθεὶς
1443 1123 1484 1152 τὸ.
1501 1132 1510 1148 ι
1537 1123 1580 1148 Ἑν
1594 1122 1623 1148 δὲ
1637 1122 1736 1158 ἴχνεσιν
1749 1122 1870 1148 ἀϐύσσου

1076 1169 1290 1204 περιεπάτησας,
1309 1178 1318 1193 ι
1335 1168 1383 1203 τὴν
1401 1168 1518 1196 ἄϐυσσον
1535 1168 1582 1194 καὶ
1595 1168 1644 1203 τὴν
1659 1168 1797 1194 θάλασσαν
1809 1169 1871 1195 τίνα

1075 1215 1133 1241 ἐστὶ
1156 1214 1285 1248 διασαφεῖ
1303 1214 1436 1248 ἐπιλέγων
1449 1222 1455 1228 ·
1475 1224 1484 1240 ι
1507 1214 1672 1248 ’Λνοίγονται
1693 1214 1720 1240 δέ
1735 1223 1775 1241 σοι
1794 1214 1871 1250 ςόδῳ

1076 1260 1155 1286 πύλαι
1169 1260 1295 1291 θανάτου,
1309 1259 1428 1295 πυλωροὶ
1440 1260 1467 1286 δὲ
1483 1260 1546 1296 ᾅδου
1561 1260 1660 1291 ἰδόντες
1675 1269 1705 1286 σε
1719 1260 1866 1296 ἔπτηξαν.ι

1075 1304 1180 1331 Οὐκοῦν
1195 1305 1241 1331 καὶ
1257 1305 1286 1330 ἐν
1299 1305 1356 1336 τοῖς
1372 1305 1564 1340 προκειμένοις
1575 1305 1609 1331 τὰ
1621 1304 1690 1340 βάθη
1706 1305 1754 1340 τῆς
1769 1305 1872 1332 θαλάσρ

1076 1359 1125 1385 σης
1147 1350 1180 1377 τὰ
1200 1349 1247 1376 τοῦ
1272 1349 1387 1376 Θανάτου
1409 1350 1497 1386 χωρία
1519 1350 1676 1381 αἰνίττεται,
1700 1350 1764 1377 ἔνθα
1790 1351 1871 1386 μόνος

1076 1395 1199 1427 καταὸὰς
1211 1397 1225 1422 ὁ
1237 1395 1332 1431 Σωτὴρ
1346 1396 1393 1422 καὶ
1406 1395 1507 1431 Κύριος
1518 1396 1596 1431 ἡμῶν
1609 1396 1758 1431 διεξῆλθεν.
1776 1397 1824 1422 Διὸ
1841 1397 1871 1423 ἐν

1075 1441 1112 1476 τῷ
1137 1441 1190 1476 πρὸ
1209 1441 1303 1467 τούτου
1323 1440 1424 1476 ψαλμῷ
1447 1441 1558 1474 ἐλέγετο
1570 1449 1576 1456 ·
1594 1450 1603 1466 ι
1624 1441 1678 1467 Καὶ
1695 1441 1741 1467 τοῦ
1764 1440 1870 1476 Κυρίου

1076 1487 1176 1522 Κυρίου
1192 1487 1218 1513 αἱ
1234 1486 1344 1518 διέξοδοι
1361 1485 1407 1512 τοῦ
1424 1486 1539 1513 Θανάτου
1552 1495 1559 1501 ·
1579 1495 1588 1512 ›
1602 1487 1648 1512 καὶ
1661 1486 1741 1512 πάλιν
1751 1494 1758 1502 ·
1778 1496 1788 1512 1
1801 1485 1877 1513 Εἷπει

1075 1532 1186 1568 Κύριος-
1196 1533 1242 1559 Ἐκ
1251 1533 1340 1560 Βασὰν
1348 1533 1514 1568 ἐπιστρέψω.
1525 1533 1681 1568 ἐπιστρέψω
1689 1534 1720 1558 ἐκ
1730 1533 1818 1568 βυθῶν
1827 1533 1872 1560 θα-

1075 1579 1284 1615 λάσσης.›¹Αντὶ
1301 1579 1329 1605 δὲ
1349 1579 1412 1606 τοῦ·
1440 1588 1449 1604 ι
1474 1579 1529 1606 Καὶ
1550 1580 1675 1613 καταιγὶς
1691 1579 1871 1606 κατεπόντισέ

1077 1635 1120 1661 με,
1136 1636 1145 1651 ι
1162 1627 1175 1652 ὁ
1189 1626 1239 1661 μέν
1247 1626 1370 1657 Ἀκύλας,
1387 1635 1396 1652 ι
1413 1626 1467 1652 Καὶ
1483 1625 1546 1660 ῥοῦς
1563 1626 1694 1652 ἐπέκλυσε
1710 1634 1742 1660 με
1758 1634 1762 1638 ·
1783 1635 1793 1652 ›
1813 1627 1827 1652 ὁ
1842 1625 1871 1652 δὲ

1076 1672 1233 1707 Σύμμαχος,
1251 1681 1261 1697 ι
1275 1673 1330 1698 Καὶ
1345 1671 1450 1707 ῥεῖθρον
1462 1671 1594 1698 ἐπέκλυσέ
1606 1681 1666 1706 ps,»
1686 1673 1869 1707 ἡρμήνευσεν.

1077 1719 1156 1750 Εἰκὸς
1179 1718 1234 1754 γὰρ
1258 1718 1322 1753 περὶ
1345 1718 1426 1744 αὐτὸν
1442 1718 1583 1752 γεγονέναι
1609 1717 1658 1750 τὰς
1678 1718 1872 1754 ἀντικειμένας

237 1764 410 1794 adversarias
432 1769 583 1800 potestates
615 1766 641 1793 in
671 1766 788 1793 circuitu
813 1767 872 1801 ejus
906 1767 1024 1798 stetisse,

1079 1765 1216 1800 δυνάμεις,
1231 1766 1285 1796 ὅτε,
1302 1765 1397 1797 ἐπιϐὰς
1415 1767 1447 1801 τῇ
1466 1765 1598 1802 Θαλάσσῃ,
1613 1766 1751 1802 συνέτριϐε
1767 1767 1818 1798 τὰς
1829 1775 1872 1793 κε-

235 1811 347 1846 quando
363 1811 504 1847 ingressus
521 1820 596 1839 mare
621 1813 754 1848 confregit
769 1814 858 1848 capita
873 1814 1023 1840 draconum

237 1855 263 1881 in
281 1862 362 1890 aqua.
379 1855 512 1889 Quocirca
529 1857 556 1884 in
571 1858 733 1892 praecedenti
747 1859 851 1892 psalmo
864 1858 1023 1886 dicebatur:

238 1910 248 1927 ι
271 1900 305 1928 Et
322 1901 430 1929 Domini
456 1901 562 1930 Domini
581 1904 672 1931 exitus
698 1905 804 1932 mortis.
833 1904 1024 1932 Verumtamen

237 1946 307 1974 Deus
320 1946 474 1982 confringet
488 1948 576 1982 capita
586 1949 760 1976 inimicorum
772 1957 885 1977 suorum
892 1949 925 1977 ".
942 1959 951 1975 ι
965 1949 1024 1976 Non

236 1993 308 2019 cuitu
325 1993 379 2020 alio
403 1993 484 2020 modo
505 1994 567 2021 illos
586 1995 682 2023 mortis
702 1996 793 2022 exitus
818 1995 1023 2031 pertransisset.

237 2038 289 2066 nisi
307 2039 488 2073 confregisset
513 2040 602 2074 capita
628 2041 802 2068 inimicorum
828 2049 952 2073 suorum,
978 2041 1024 2076 qui

238 2085 299 2111 istic
314 2088 402 2111 erant.
424 2084 502 2116 Quod
527 2085 549 2112 si
565 2086 627 2120 quis
643 2086 699 2113 ha-e
713 2094 745 2113 eo
768 2087 871 2114 dixisse
897 2086 1025 2113 Davidcm

238 2134 324 2166 putet.
339 2131 412 2165 quod
427 2131 486 2166 ipse
502 2131 528 2158 in
543 2133 643 2160 multas
657 2134 822 2160 tentationes
837 2133 964 2160 inciderit
977 2153 984 2165 ,
1002 2134 1024 2160 is

237 2177 389 2212 perpendat
401 2177 538 2212 quomodo
557 2178 664 2212 possint
688 2179 783 2206 isthzec
799 2179 893 2206 Davidi
915 2186 1025 2214 compe-

237 2227 314 2251 tere:
332 2232 342 2249 ‹
359 2222 498 2251 Dederunt
510 2223 537 2250 in
549 2231 642 2251 escam
658 2232 744 2251 meam
762 2225 807 2256 fel,
824 2229 851 2252 et
865 2225 892 2251 in
909 2224 954 2252 siti
966 2232 1025 2251 mea

238 2273 400 2304 potaverunt
424 2277 467 2297 tne
493 2273 590 2303 aceto;
611 2279 619 2295 ι
649 2270 794 2303 autillud,
818 2281 827 2296 ‹
846 2270 905 2297 Fiat
932 2278 1025 2298 mensa

235 2323 331 2344 eorum
346 2323 439 2344 coram
456 2316 523 2351 ipsis
536 2317 566 2343 in
582 2316 719 2351 laqueum,
740 2317 805 2347 etin
831 2317 1026 2344 retributiones

235 2367 260 2390 et
276 2363 305 2391 in
320 2363 490 2391 scandalum.
510 2362 700 2390 Obscurentur
723 2364 794 2394 oculi
811 2372 906 2391 eorum
932 2371 966 2391 ne
983 2364 1026 2390 vi—

236 2410 328 2441 deant,
344 2412 371 2437 et
385 2409 497 2437 dorsum
515 2417 610 2436 eorum
623 2417 732 2444 semper
747 2409 872 2437 incurva.
888 2419 896 2436 ι
912 2410 1026 2438 Caetera-

1080 1811 1168 1846 φαλὰς
1180 1811 1234 1837 τῶν
1247 1811 1401 1846 δρακόντων
1416 1811 1462 1837 ἐπὶ
1473 1811 1520 1838 τοῦ
1534 1811 1638 1843 ὕδατος.
1651 1812 1697 1838 Διὸ
1719 1812 1765 1838 χαὶ
1779 1813 1808 1838 ἐν
1831 1812 1871 1848 τῷ

1079 1856 1132 1892 πρὸ
1151 1857 1247 1883 τούτου
1264 1857 1373 1891 ἐλέγετο
1387 1858 1486 1893 ψαλμῴ
1500 1867 1506 1872 ·
1525 1867 1534 1883 ί
1552 1858 1606 1884 Καὶ
1621 1858 1668 1884 τοῦ
1688 1859 1792 1894 Κυρίου
1811 1859 1870 1885 Κυ-

1080 1903 1137 1939 ρίου
1152 1904 1180 1930 at
1193 1903 1303 1935 διέξοδοι
1322 1904 1368 1930 τοῦ
1382 1904 1506 1931 θανάτου.
1522 1903 1594 1939 Πλὴν
1607 1905 1621 1930 ό
1640 1904 1706 1936 θεὸς
1728 1904 1870 1931 συνθλάσει

1079 1949 1199 1983 κεφαλὰς
1209 1949 1262 1975 τῶν
1274 1949 1378 1984 ἐχθρῶν
1391 1949 1484 1975 αὐτοῦ.
1509 1959 1521 1975 ,ι
1534 1950 1569 1975 0';
1585 1949 1639 1985 γὰρ
1653 1949 1685 1976 ἂν
1699 1949 1786 1980 ἄλλως
1798 1949 1871 1983 διεξ-

1079 1994 1201 2030 εληλύθει
1223 1994 1272 2026 τὰς
1286 1995 1416 2028 διεξόδους
1436 1995 1482 2021 τοῦ
1502 1995 1644 2031 θανάτουῆ
1659 1995 1810 2026 συνθλάσας
1821 1996 1870 2027 τὰς

1079 2040 1198 2075 κεφαλὰς
1210 2040 1264 2066 τῶν
1277 2040 1370 2067 αὐτόθι
1386 2040 1491 2076 ἐχθρῶν
1506 2040 1599 2068 αὐτοῦ.
1618 2041 1681 2067 Ἐὰν
1692 2040 1721 2067 δέ
1731 2050 1772 2073 τις
1784 2040 1871 2067 ταῦτα

1080 2085 1177 2122 νομίζῃ
1194 2086 1283 2118 λέγειν
1296 2086 1341 2112 τὸν
1359 2086 1440 2113 Δαυῖδ
1456 2086 1501 2113 διὰ
1519 2087 1549 2113 τὸ
1570 2086 1677 2118 πολλοῖς
1693 2095 1871 2123 περιπεπτω-

1080 2134 1156 2160 κέναι
1178 2134 1350 2169 πειρασμοῖς,
1374 2133 1548 2168 ἐπιστησάτω
1567 2132 1626 2164 πῶς
1644 2130 1699 2159 οἷόν
1722 2141 1751 2158 τε
1774 2131 1808 2168 ἦν
1831 2132 1871 2168 τῷ

1079 2180 1159 2207 Δαυῒδ
1176 2179 1307 2216 ἁρμόζειν
1324 2180 1354 2206 τὸ
1368 2179 1474 2213 λέγειν·
1496 2190 1505 2205 ι
1524 2179 1648 2206 Ἐδωκαν
1666 2180 1705 2211 εἰς
1726 2179 1756 2205 τὸ
1773 2178 1872 2214 βρῶμά

1082 2236 1132 2262 μου
1147 2227 1238 2263 χολὴν,
1252 2226 1299 2253 καὶ
1312 2226 1351 2257 εἰς
1362 2226 1412 2261 τὴν
1422 2225 1501 2260 δίψαν
1517 2233 1567 2260 μου
1582 2225 1709 2252 ὲπότισάν
1728 2233 1761 2260 με
1775 2225 1850 2258 ὄξοςσ
1859 2235 1868 2252 ι

1079 2271 1096 2306 ἢ
1109 2271 1150 2304 τὸ,
1169 2280 1178 2296 ι
1197 2270 1340 2306 Γενηθήτω
1357 2271 1373 2305 ὴ
1397 2269 1521 2306 τράπεζα
1535 2269 1626 2296 αὐτῶν
1644 2269 1760 2309 ἐνώπιον
1780 2270 1872 2296 αὐτῶν

1080 2319 1120 2349 είς
1132 2317 1232 2352 παγίδα
1252 2318 1299 2343 καὶ
1313 2318 1353 2348 είς
1366 2316 1557 2348 ἀνταποδόσεις
1581 2316 1628 2342 καὶ
1648 2316 1688 2347 είς
1710 2315 1871 2345 σκάνδαλον,

1080 2363 1305 2398 Σκοτισθήτωσαν
1325 2363 1349 2390 οἱ
1363 2363 1497 2398 ὀφθαλμοὶ
1513 2362 1604 2389 αὐτῶν
1620 2362 1667 2388 τοῦ
1687 2362 1725 2398 μὴ
1749 2362 1871 2397 βλέπειν.

1081 2410 1127 2437 καὶ
1145 2410 1191 2436 τὸν
1208 2409 1291 2436 νῶτον
1307 2409 1395 2436 αὐτῶν
1413 2409 1457 2436 διὰ
1476 2410 1577 2441 παντὸς
1594 2409 1767 2444 σύγκαμψον.
1787 2418 1796 2434 ι
1816 2408 1872 2435 Καὶ

236 2462 290 2489 que
304 2454 347 2482 his
361 2455 462 2482 similia
475 2455 499 2482 si
513 2455 576 2490 quis
595 2455 648 2482 sibi
663 2455 814 2490 collegerit,
832 2455 942 2483 Davidis
962 2464 1024 2490 per-

1077 2456 1112 2482 τὰ
1139 2455 1221 2482 λοιπὰ
1252 2455 1281 2482 δὲ
1307 2455 1412 2487 τούτοις
1436 2456 1615 2491 παραπλήσια
1642 2454 1804 2489 συναγαγών
1827 2463 1871 2487 τις

236 2507 312 2527 senae
326 2501 484 2528 nullatenus
502 2508 653 2536 congruere
673 2501 868 2535 deprehendet.
889 2502 1025 2537 Interpre—

220 2545 335 2577 rtationi
350 2553 440 2573 autem
458 2547 496 2573 illi
521 2547 554 2574 de
570 2546 716 2574 Scrvatore
740 2553 834 2576 nostro
853 2548 1026 2576 evidentibus

237 2591 404 2626 argumentis
420 2590 499 2618 tidem
516 2593 645 2621 conciliat
660 2600 800 2620 sacrorum
819 2593 1026 2628 Evangeliorum

238 2636 435 2668 testimonium,
451 2645 512 2664 eum
527 2640 561 2665 ab
577 2639 658 2665 allato
675 2638 751 2666 Jona:
767 2640 902 2674 exemplo,
921 2644 978 2666 tum
993 2649 1024 2668 ex

238 2683 321 2718 hujus
342 2683 440 2718 psalmi
463 2683 546 2716 dicto,
573 2693 582 2710 ι
602 2683 736 2717 Quoniam
753 2685 830 2712 zelus
853 2685 950 2712 domus
974 2691 1027 2712 tum

240 2729 359 2758 comedit
379 2737 433 2762 me,
454 2739 463 2756 ι
478 2730 549 2764 quod
565 2730 591 2757 in
611 2731 757 2766 Evangeiio
777 2732 926 2758 secundum
943 2731 1026 2758 Joan-

241 2783 314 2807 nem,
337 2775 484 2810 ipsissimis
503 2777 592 2803 \‘crlsis
618 2777 757 2811 impletum
778 2777 953 2809 declaratur,
981 2778 1025 2804 tibi

274 2853 383 2880 "Joan.
406 2863 434 2886 Ii,
455 2854 481 2886 6,
504 2854 526 2880 7.

274 2854 383 2880 "Joan.
406 2863 434 2886 Ii,
455 2854 481 2886 6,
504 2854 526 2880 7.
577 2854 699 2881 “Matth.
720 2863 768 2887 χιι,
787 2855 832 2887 39,
853 2855 897 2882 40.

240 2889 265 2914 υ
281 2889 347 2923 ibid.
368 2889 412 2917 :22.

264 2908 265 2911 η
281 2894 347 2917 11ml.
368 2894 412 2917 ξιξ.

948 2855 1032 2883 "Joh
1051 2864 1173 2888 xxxvm,
1193 2856 1234 2891 16,
1252 2856 1293 2884 l7.

1078 2502 1177 2537 ἐαυτῷ,
1193 2502 1268 2537 εὕροι
1284 2502 1317 2529 ἂν
1338 2501 1463 2537 οὐδαμῶς
1482 2502 1638 2537 ἁρμόζοντα
1658 2501 1697 2536 τῷ
1718 2501 1765 2527 τοῦ
1790 2501 1872 2528 Δαυῖδ

1079 2548 1227 2584 προσώπῳ.
1246 2548 1301 2583 Τὴν
1317 2547 1344 2574 δέ
1364 2556 1396 2582 γε
1413 2548 1459 2574 ἐπὶ
1481 2548 1526 2574 τὸν
1545 2548 1680 2583 ἡμέτερον
1696 2547 1811 2583 Σωτῆρα
1826 2548 1871 2584 ἐρ-

1080 2594 1193 2629 μηνεὶαν
1207 2592 1372 2620 πιστώσεται
1389 2594 1534 2628 σφραγῖσιν
1550 2593 1762 2628 ἀναμφιλέκτοις
1779 2594 1794 2628 ἡ
1817 2593 1870 2620 τῶν

1079 2640 1159 2675 ἱερῶν
1174 2639 1346 2674 Εὑαγγελίων
1365 2639 1513 2675 μαρτυρία,
1527 2639 1581 2665 ἀπό
1595 2648 1622 2665 τε
1636 2639 1683 2666 τοῦ
1702 2639 1871 2674 παρατεθὲν·

1079 2695 1124 2717 τος
1139 2685 1186 2712 τοῦ
1209 2686 1286 2712 ἰωνᾶ
1307 2685 1536 2721 παραδείγματος,
1553 2685 1600 2712 καὶ
1613 2685 1666 2711 ἀπο
1682 2684 1729 2711 τοῦ
1743 2685 1870 2719 λέγεσθαι

1081 2733 1109 2757 ὲν
1129 2733 1184 2762 τοῖς
1201 2731 1401 2767 προκειμένοις,
1420 2741 1428 2756 ι
1445 2732 1504 2757 "Oti
1522 2732 1536 2757 ὁ
1554 2731 1634 2766 ζῆλος
1656 2730 1703 2756 τοῦ
1723 2730 1796 2757 οἴκου
1823 2739 1869 2756 σου

1081 2778 1220 2812 κατέφαγε
1244 2786 1294 2813 με·
1313 2788 1322 2803 ι
1338 2779 1418 2814 ¹ὅπερ
1437 2777 1574 2810 αὑτολεξεὶ
1599 2777 1808 2812 μεμαρτύρηται
1827 2778 1870 2808 εἰς

1342 2857 1363 2872 ⁹¹
1385 2856 1456 2884 Psal.
1479 2864 1563 2889 van,
1583 2855 1628 2882 ‘21.
1685 2856 1706 2871 "
1727 2855 1804 2887 ibid.,
1825 2855 1868 2881 S5.
