2041 3215
147 169 199 197 ’129

714 171 967 200 (ΣΟΜΜΕΝΤΛΜΛ
987 171 1019 199 lN
1041 171 1209 200 PSALMOS.

1225 132 1280 175 (οἳ
1721 172 1774 200 750

145 229 228 256 αὐτὸν
251 229 465 266 πεπληρωμένον
485 230 514 256 ἰν
530 230 570 266 τῷ
585 229 655 257 κατὰ
672 231 798 266 Ἰωάννην
818 231 932 265 Εὑαγγε-

989 231 1089 259 dicitur
1107 240 1114 259 :
1135 240 1145 257 t
1173 230 1206 258 Et
1225 230 1347 260 ascendit
1361 230 1442 258 Iesus
1463 216 1672 266 Jeroeolymam,
1688 234 1715 257 et
1730 231 1774 258 in-

146 275 206 310 λιῳ,
217 276 256 303 ἐν
263 272 286 310 ᾧ
298 276 466 312 γέγραπταιε
486 286 495 302 t
513 277 567 303 Καὶ
582 276 666 312 ἀνέὸη
679 277 694 303 ὁ
714 276 818 312 Ἰησοῦς
830 278 870 308 εις
889 277 937 303 Ἱε-

150 321 295 357 ροσόλυμα,
313 322 359 348 καὶ
373 318 451 357 εὗρεν
467 323 494 348 ὲν
509 321 547 356 τῷ
565 322 629 357 ιερῷ
644 322 766 358 πρόϐατα
780 322 936 355 πωλοῦντας

148 367 193 395 ul
209 367 274 402 βόας
296 368 342 394 καὶ
362 368 536 403 περιστεράς.
555 378 564 393 ι
590 366 645 394 Εἶθ’
662 368 699 400 ὡς
720 368 802 403 ἤλασε
826 368 935 400 τούτους

149 413 247 440 εἰπών·
265 423 274 439 ι
294 414 395 448 ’Ἄρατε
407 413 492 440 ταῦτα
515 414 650 445 ἐντεῦθεν,
668 414 705 449 μὴ
722 415 822 440 ποιεῖτε
839 414 884 440 τὸν
899 412 937 440 ol—

148 469 194 486 κον
212 459 261 487 τοῦ
283 460 391 495 Πατρός
417 468 468 495 μου
489 458 562 486 οἷκον
581 460 724 495 ἐμπορίου,
744 469 753 485 ι
779 460 899 494 ἐπιλέγει
923 461 937 486 ὁ

148 507 360 544 εὐαγγελιστής·
389 517 398 534 ‹
424 507 614 543 Ἐμνήσθησαν
641 508 666 533 οἱ
696 507 815 541 μαθηταὶ
843 507 935 539 αὐτοῦ,

147 553 187 580 ὅτι
203 555 396 590 γεγραμμένον
412 555 500 581 ἐστίν·
521 555 550 580 '0
562 553 641 589 ζῆλος
658 553 704 580 τοῦ
719 554 792 580 οἴκου
805 561 850 579 σου
875 561 937 579 κατ-

146 598 233 634 έφαγέ
256 609 300 635 με.
320 610 329 626 ι
357 600 437 627 Ἀλλὰ
458 600 505 626 καὶ
530 600 569 631 τὸ,
586 609 596 624 ‹
621 600 744 626 Ἐδωκαν
765 599 805 630 εἰς
840 598 937 633 βρῶμά

147 652 198 679 μου
210 644 303 679 χολὴν,
315 645 362 672 καὶ⁸
373 646 412 676 εις
425 646 474 679 τὴν
487 644 565 679 δίψαν
578 653 628 679 μου
645 644 773 670 ὲπότισάν
791 651 825 678 με
842 642 911 675 ὅξος,
924 652 932 667 ι

145 689 174 715 ὲν
190 690 247 721 τοῖς
260 690 328 724 μετὰ
344 691 438 725 χεῖρας
452 690 587 724 κείμενον,
603 690 634 716 ὲκ
656 688 801 724 προσώπου
816 687 862 714 τοῦ
881 688 937 713 Σω-

144 734 227 771 τῆρος
253 735 332 771 ἡμῶν
364 735 574 771 μεμαρτύρηται
601 735 776 768 λελεγμένον.
793 733 862 760 κατὰ
890 732 935 758 τὸν

150 779 287 816 Ἰωάννην,
301 781 434 816 φήσαντα’
452 790 461 806 ι
478 781 555 807 Μετὰ
567 779 653 806 ταῦτα
668 779 727 806 ἰδὼν
739 780 753 805 ὁ
770 778 881 813 Ἰησοῦς,
896 777 935 803 ὅτι

143 826 233 853 πάντα
246 826 401 852 τετέλεσται
414 827 475 862 ἤδη,
491 826 535 853 ἴνα
549 825 679 861 πληρωθῇ
691 826 706 860 ἠ
723 824 828 860 Γραφὴ,
841 823 914 857 λέγει
927 832 933 838 ·

142 870 228 906 Διψῶ.
250 871 358 906 Δεκάνη
372 871 461 898 ἔκειτο
481 871 557 904 δξους
574 871 676 906 μεστή·
696 870 814 903 σπόγγον
828 866 873 894 οὖν
892 876 936 903 με·

989 276 1064 304 veuit
1079 276 1106 303 in
1125 276 1226 311 templo
1242 275 1390 303 vendentes
1407 283 1472 303 oves
1488 279 1515 303 et
1531 276 1614 303 boves
1628 280 1654 302 ct
1667 275 1773 303 colum-

990 323 1050 350 bas.
1069 332 1077 348 ι
1095 322 1196 349 Deinde
1207 327 1348 357 postquam
1363 322 1488 356 ejecissel.
1499 330 1546 350 eos
1560 322 1672 348 dicens:
1691 331 1699 347 t
1720 322 1775 349 Au-

991 368 1058 396 lerte
1076 368 1128 396 ista
1148 368 1230 401 hinc;
1250 367 1334 395 nolite
1354 367 1445 394 faCere
1472 367 1581 394 domum
1608 367 1697 395 Patris
1721 368 1774 394 mei

990 414 1099 441 domum
1124 414 1326 448 negotiationis,
1341 423 1351 438 ι
1366 413 1459 440 snbtlit
1484 413 1670 447 evangelista:
1690 423 1699 438 t
1721 412 1774 440 Re—

990 458 1094 485 cordati
1107 463 1171 486 sunt
1182 458 1307 492 discipuli
1319 458 1378 493 ejus
1393 458 1456 491 quia
1470 458 1600 492 scriptum
1613 463 1655 485 est
1669 468 1675 485 :
1694 458 1774 485 Zelus

990 502 1087 530 domus
1115 506 1167 529 tua:
1191 502 1310 530 comedit
1336 502 1422 529 me“.
1455 511 1464 527 ›
1494 502 1547 528 Sed
1579 502 1660 529 etiam
1686 503 1771 534 illud,

993 558 1001 573 t
1021 548 1158 576 Dederunt
1175 548 1201 575 in
1217 556 1308 576 escam
1326 555 1414 575 meam
1426 547 1472 580 fel,
1492 552 1519 575 et
1535 548 1562 574 in
1584 548 1628 575 siti
1644 555 1702 576 mea
1724 556 1774 583 po-

990 598 1118 621 laverunt
1135 601 1177 621 me
1191 597 1280 624 aceto.
1298 602 1307 619 ι
1328 593 1400 627 quod
1418 593 1446 620 in
1463 593 1514 620 hoc
1529 593 1633 628 psalmo
1647 593 1772 625 habetur,

989 647 1021 666 ex
1038 647 1154 674 persona
1169 639 1319 666 Salvatoris
1334 638 1421 666 nostri
1430 638 1532 666 dictum
1547 638 1712 670 declaratur,
1728 647 1769 666 se-

989 685 1108 712 cundum
1128 683 1269 714 Joannem.
1293 683 1339 718 qui
1365 683 1403 710 ait
1418 692 1424 710 :
1442 693 1451 709 ι
1471 683 1568 711 Postea
1584 684 1680 711 videns
1694 683 1773 712 Jesus

988 731 1051 765 quia
1076 730 1167 757 omnia
1183 733 1370 757 consummata
1387 733 1462 762 sunt,
1480 734 1508 756 ut
1526 729 1682 764 impleretur
1700 729 1776 758 Scri-

988 781 1078 810 ptura,
1090 775 1159 802 dixit
1175 785 1182 803 :
1200 774 1278 802 Sitio.
1290 773 1345 801 Vas
1357 779 1415 802 erat
1428 775 1545 809 positum
1561 779 1638 803 accto
1654 776 1772 810 plenum.

989 820 1029 847 llli
1049 823 1138 847 autem
1158 820 1297 855 spongiam
1316 819 1422 853 plenam
1448 823 1525 846 aceto
1541 827 1602 846 cum
1624 819 1686 847 felle
1710 820 1774 856 Itys-

988 874 1054 900 sopo
1080 866 1339 900 circumponentes,
1362 865 1520 894 obtulerunt
1542 867 1589 893 ori'
1610 866 1679 901 ejus.
1704 866 1772 897 Cum

143 917 205 944 στὰν
228 917 390 953 ποιήσαντες
410 917 486 950 ὖξους
515 917 582 953 μετὰ
605 916 696 952 χολῆς,
715 915 832 950 ὑσσώπῳ
855 923 931 949 περι-

986 919 1046 946 ergo
1069 911 1218 946 accepisset
1245 911 1325 938 Jesus
1352 916 1458 939 acetum
1487 919 1549 938 cum
1575 912 1657 945 felle,
1683 912 1772 940 dixit;

142 964 245 996 θέντες,
270 965 461 999 προσήνεγκαν
486 964 569 990 αὑτοῦ
592 963 630 999 τῷ
652 963 775 998 στόματι.
801 962 864 987 Ὅτε
888 958 934 986 οὖν

141 1010 237 1038 ἐλαὸεν
260 1011 275 1037 ὁ
299 1010 402 1046 Ἰησοῦς
424 1011 454 1037 τὸ
475 1010 534 1042 ὅξος
553 1010 621 1045 μετὰ
638 1009 730 1045 χολῆς,
750 1007 828 1034 εἷπε·
853 1006 935 1032 Τετέ-

140 1057 235 1084 λεσται
262 1058 309 1085 καὶ
331 1058 400 1093 αὕτη
422 1059 438 1093 ἠ
462 1058 568 1093 Γραφὴ,
589 1067 597 1082 ι
619 1056 716 1084 καὶτὰ
740 1054 820 1082 λοιπὰ
841 1054 869 1080 δὲ
896 1054 935 1084 εἰς

988 958 1184 985 Consummata
1199 962 1241 984 est
1255 962 1281 984 et
1296 958 1354 984 lncc
1379 957 1521 992 Scriptura
1532 959 1565 989 ’⁸,
1586 968 1595 984 ι
1622 963 1649 986 et
1674 962 1773 986 cwtera

988 1012 1048 1038 qua:
1063 1004 1094 1030 ad
1110 1011 1254 1038 personam
1272 1003 1428 1032 Servatoris
1451 1005 1537 1031 nostri
1552 1005 1708 1032 referuntur
1724 1014 1732 1039 ;
1747 1008 1774 1032 et

988 1051 1046 1077 sine
1062 1050 1115 1076 ulla
1135 1050 1264 1077 violentia
1280 1050 1533 1085 interpretationem
1550 1051 1620 1078 lianc
1634 1055 1744 1078 tuentur

140 1104 290 1139 πρόσωπσν
311 1102 358 1131 τοῦ
382 1104 507 1139 Σωτῆρος
529 1103 606 1138 ἡμῶν
626 1103 825 1138 ἀναφερόμενα,
850 1100 930 1133 σώζοι
943 1097 1102 1126 ὰναϐίαστον
1120 1097 1158 1133 (1)
1177 1098 1225 1132 τὴν
1240 1098 1397 1132 ἑρμηνείαν.

178 1159 188 1176 ‹
200 1150 350 1177 Έκοπίασα
372 1151 493 1186 κράζων,
520 1151 702 1186 ὲϐραγχίασεν
722 1152 736 1176 ὁ
749 1150 851 1185 λάρυγξ
870 1157 931 1184 μου,

140 1196 265 1230 ἐξέλιπον
286 1198 310 1223 οἰ
331 1197 465 1232 ὀφθαλμοί
488 1206 538 1232 μου
559 1198 612 1223 ἀπὸ
629 1197 675 1223 τοῦ
698 1197 816 1229 ἐλπίζειν
838 1204 870 1231 με
894 1196 933 1226 εἰς

140 1242 186 1270 τὸν
205 1242 271 1269 Θεόν
290 1251 350 1278 μου.
372 1252 381 1268 ι
415 1243 469 1269 Καὶ
489 1243 576 1270 ταῦτα
599 1244 627 1269 ὲν
650 1243 689 1278 τῷ
712 1243 782 1269 κατᾶι
808 1242 932 1276 Ἰωάννην

139 1287 292 1324 ἐπληροῦτο
307 1288 466 1323 Εὑαγγελίῳ
478 1297 484 1303 ·
508 1289 536 1314 ὲν
556 1285 577 1322 ᾧ
592 1289 714 1324 εἱστήκει
733 1290 746 1315 ὁ
769 1287 871 1323 Ἰησοῦς
888 1288 933 1313 καὶ

140 1333 241 1369 ἐκραζε
262 1334 367 1368 λέγων·
389 1344 398 1359 t
419 1335 480 1361 Ἐάν
504 1343 546 1366 τις
568 1335 646 1370 διψᾷ,
670 1334 791 1370 ὲρχέσοω
812 1334 880 1369 προς
898 1333 931 1368 μὲ

141 1379 189 1407 καὶ
205 1380 320 1407 πινέτω·
334 1390 343 1406 ι
361 1378 438 1411 αὖθις
458 1380 485 1406 δὲ
502 1382 620 1416 εἴρηται-
641 1390 650 1405 t
674 1381 775 1416 Ἰησοῦς
791 1380 819 1406 δὲ
833 1380 931 1415 ἔκραζε

140 1427 188 1453 καὶ
213 1427 320 1460 ἔλεγεν·
347 1427 375 1453 '0
396 1427 528 1453 πιστεύων
551 1429 591 1459 εἰς
615 1427 665 1462 ἐμὲ
691 1427 721 1453 οὺ
747 1426 869 1453 πιστεύει
893 1426 932 1457 εἰς

140 1473 202 1509 ἐμὲ,
226 1473 283 1500 ἀλλ’
299 1475 338 1505 εἰς
359 1474 404 1500 τὸν
425 1473 571 1508 πέμψαντὰ
593 1481 636 1508 με.
655 1473 708 1499 Καὶ
725 1474 739 1499 ὁ
756 1472 864 1508 θεωρῶν
882 1472 931 1507 ἐμὲ

140 1520 239 1556 θεωρεῖ
253 1519 298 1546 τὸν
316 1520 462 1554 πέμψαντά
484 1528 526 1554 με.
548 1519 619 1553 Ἐγὼ
633 1519 689 1553 φῶς
705 1521 745 1550 εἰς
766 1519 811 1544 τὸν
829 1518 930 1553 κόσμον
947 1513 967 1541 C

139 1565 273 1603 ἐλήλυθα,
290 1566 332 1592 ἵνα
353 1567 406 1597 πᾶς
422 1567 436 1592 ὁ
453 1566 589 1592 πιστεύων
605 1566 644 1597 εἰς
661 1566 710 1600 ἐμὲ
732 1567 761 1591 ὲν
784 1566 815 1600 τῇ
836 1564 930 1600 σκοτίᾳ

141 1612 179 1649 μὴ
208 1613 298 1649 μείνῃ.
314 1623 322 1639 ι
344 1613 398 1639 Καὶ
424 1613 469 1639 ἐπὶ
487 1612 532 1638 τοῦ
548 1612 673 1647 Λαζάρου
696 1611 724 1638 δὲ
747 1611 851 1647 ἐπάρας
867 1611 930 1642 τοὺς

139 1657 296 1694 ὀφθαλμοὺς
316 1657 399 1684 αὑτοῦ
421 1659 461 1689 εἰς
484 1658 530 1683 τὸν
552 1657 665 1692 οὐρανὸν
694 1655 767 1682 εἶπε·
797 1666 805 1681 t
828 1657 928 1691 Πάτερ,

140 1705 294 1741 εὐχαριστῶ
310 1713 362 1736 σοι,
380 1705 420 1731 ὅτι
437 1703 557 1739 ἤκουσάς
575 1711 636 1737 μου.
661 1702 730 1736 Ἐγὼ
747 1702 774 1728 δὲ
792 1702 874 1736 ᾔδειν,
889 1701 929 1727 ὅτι

139 1751 257 1779 πάντοτέ
275 1760 325 1786 μου
342 1750 460 1781 ἀκούεις.
485 1750 540 1776 Καὶ
563 1749 649 1775 ταῦτα
672 1747 766 1779 εἰπὼν,
788 1749 862 1783 φωνῇ
882 1756 930 1782 με-

140 1796 212 1833 γάλῃ
233 1796 406 1832 ὲκραύγασε’
433 1796 552 1831 Λάζαρε,
575 1795 654 1830 δεῦρο
678 1794 738 1827 ἕξω.
757 1804 765 1820 ι
790 1794 868 1820 Ἀλλὰ
883 1794 930 1819 καὶ

140 1844 201 1870 κατ’
215 1843 281 1869 αὐτὸ
295 1842 325 1868 τὺ
339 1842 424 1873 πάθος
439 1843 539 1876 ἱστορεῖ
552 1843 566 1868 6
578 1841 716 1872 Ματθαίος
729 1840 828 1874 λέγων·
850 1839 930 1866 «Ἀπὸ

139 1889 168 1916 δὲ
188 1889 272 1924 ἕκτης
287 1888 361 1923 ὥρας
387 1888 481 1919 σκότος
505 1887 612 1921 ἐγένετο
640 1887 685 1912 ἐπὶ
707 1887 797 1913 πᾶσαν
811 1886 860 1922 τὴν
879 1887 931 1922 γῆν

140 1935 192 1967 ἕως
207 1935 282 1971 ὥρας
296 1935 402 1969 ἐνάτης.
420 1933 486 1969 Περὶ
502 1933 529 1959 δὲ
544 1932 592 1967 τὴν
609 1933 706 1966 ἐνάτην
718 1932 802 1967 ὥραν,
821 1932 932 1967 ἀνεϐόη-

141 1990 187 2009 σεν
215 1982 230 2008 ό
250 1979 352 2016 Ἰησοῦς
380 1981 454 2015 φωνῇ
485 1979 590 2014 μεγάλῃ
615 1979 716 2012 λέγων’
742 1978 825 2010 Ἠλεὶ,
847 1978 929 2010 Ἠλεὶ,

141 2027 223 2063 Λαμὰ
239 2026 415 2062 Σαῦαχθανεί.
430 2036 439 2051 ι
457 2026 523 2052 Τότε
538 2026 585 2060 μὲν
599 2023 646 2051 οὖν
662 2024 749 2051 συνὼν
767 2024 929 2060 ἀνθρώποιςν

142 2072 246 2104 πάντας
268 2071 338 2107 βοῶν
352 2070 501 2106 παρεκάλει
517 2070 594 2105 ἥκειν
610 2070 656 2096 καὶ
674 2070 798 2096 σπεύδειν
821 2070 866 2095 ἐπὶ
882 2069 930 2104 τὴν

141 2117 223 2144 αὐτοῦ
245 2117 434 2144 διδασκαλίαν
463 2116 510 2142 καὶ
531 2115 576 2141 τὸν
600 2117 758 2151 τεταρταῖον
783 2115 811 2141 δὲ.
835 2115 931 2152 νεκρὸν

144 2163 212 2198 μετὰ
233 2162 354 2198 μεγάλης
374 2161 530 2188 ἀνεκαλεῖτο
550 2161 684 2196 κραυγῆς.
710 2160 789 2187 Ἀλλὰ
804 2161 851 2187 καὶ
867 2161 930 2196 περὶ

1024 1145 1105 1172 Vens.
1123 1145 1151 1177 4,
1168 1145 1193 1172 5.
1218 1154 1227 1170 ι
1251 1145 1386 1172 Laboravi
1412 1146 1547 1178 clamans,
1575 1153 1664 1173 rauca:
1694 1146 1773 1173 facta}

986 1200 1051 1222 sunt
1077 1194 1171 1221 fauces
1190 1201 1266 1226 mere,
1283 1193 1443 1221 defecerunt
1460 1193 1531 1221 oculi
1548 1194 1599 1221 mei
1616 1193 1679 1220 dttm
1691 1202 1773 1228 spero

985 1240 1012 1267 in
1028 1240 1111 1267 Deum
1130 1248 1229 1266 meum.
1244 1249 1253 1265 ι
1271 1239 1332 1267 Haec
1344 1246 1452 1274 quoque
1471 1239 1499 1266 in
1512 1238 1658 1274 Evangelio
1673 1247 1774 1267 secun-

986 1286 1051 1313 dum
1068 1286 1200 1313 Joannem
1218 1286 1329 1320 impleta
1353 1286 1488 1316 feruntur,
1504 1286 1613 1320 quando
1627 1286 1717 1313 stabat
1729 1285 1774 1314 Je-

986 1341 1033 1360 sus
1050 1336 1077 1359 et
1092 1332 1134 1360 his
1147 1332 1238 1360 verbis
1255 1332 1391 1359 clamabat
1408 1342 1414 1359 :
1433 1341 1441 1363 t
1462 1332 1489 1359 Si
1507 1332 1570 1367 quis
1594 1332 1662 1363 sitit,
1680 1332 1774 1360 veniat

986 1378 1019 1405 ad
1036 1386 1078 1405 me
1095 1383 1122 1404 et
1142 1378 1217 1404 bibat
1229 1379 1263 1405 ’⁸.
1282 1388 1290 1403 ι
1307 1377 1415 1406 Rursus
1441 1386 1551 1413 quoque
1574 1379 1676 1406 dictum
1703 1381 1747 1404 es‘.
1763 1387 1770 1405 :

990 1433 998 1448 ι
1019 1423 1100 1450 Jesns
1117 1428 1206 1449 antem
1224 1423 1360 1450 clamabat
1377 1427 1403 1450 et
1414 1423 1517 1450 diccbat
1536 1433 1541 1450 :
1562 1423 1613 1456 Qui
1638 1423 1723 1450 credit
1744 1423 1773 1450 in

987 1477 1041 1500 me,
1055 1476 1109 1496 non
1127 1469 1215 1495 credit
1231 1469 1258 1495 in
1276 1477 1329 1501 me,
1341 1469 1389 1496 sed
1402 1469 1428 1495 in
1441 1477 1502 1495 enni
1519 1469 1564 1504 qui
1576 1476 1619 1495 me
1641 1468 1725 1495 misit.
1738 1468 1773 1494 Et

985 1514 1030 1548 qui
1048 1513 1119 1540 videt
1134 1521 1186 1543 me,
1204 1513 1277 1539 videt
1293 1521 1356 1540 eum
1374 1514 1419 1547 qui
1435 1513 1509 1539 misit
1530 1521 1582 1539 me.
1598 1512 1652 1547 Ego
1677 1512 1722 1539 lux
1743 1513 1772 1539 in

986 1560 1117 1587 mundum
1132 1559 1204 1590 veni,
1221 1562 1250 1585 ut
1270 1558 1359 1586 omnis
1371 1559 1418 1593 qui
1436 1558 1522 1586 credit
1538 1558 1565 1584 in
1581 1566 1633 1590 me,
1653 1558 1679 1585 in
1692 1562 1768 1586 tene-

984 1606 1041 1633 bris
1053 1613 1106 1632 non
1117 1605 1265 1631 maneat“.
1281 1615 1290 1629 ι
1308 1604 1337 1631 Et
1352 1613 1432 1639 super
1441 1604 1572 1630 Lazarum
1589 1604 1699 1631 elevatis
1709 1611 1771 1631 ocu-

986 1652 1019 1678 lis
1030 1651 1088 1678 suis
1113 1651 1140 1677 in
1161 1651 1261 1677 malum
1282 1651 1373 1678 dixit:
1394 1660 1402 1675 ι
1421 1650 1512 1681 Pater,
1534 1651 1634 1684 gratias
1659 1658 1709 1685 ago
1720 1650 1769 1677 tibi

985 1698 1048 1732 qttia
1067 1697 1166 1725 audisti
1182 1705 1235 1724 me.
1250 1696 1306 1732 Ego
1322 1701 1411 1724 autem
1437 1696 1556 1723 sciebam
1583 1697 1647 1731 quia
1662 1704 1771 1732 semper

985 1752 1028 1771 me
1040 1743 1128 1771 antiis.
1146 1743 1178 1769 Et
1189 1751 1250 1770 cum
1263 1743 1321 1770 haec
1334 1744 1458 1775 dixisset,
1475 1750 1540 1770 voce
1553 1750 1650 1777 magna
1669 1743 1771 1769 clama—

984 1790 1023 1816 vit
1041 1798 1048 1815 :
1066 1789 1179 1821 Lazare,
1205 1790 1264 1817 veni
1292 1789 1408 1817 foras“.
1430 1799 1439 1814 )
1458 1787 1512 1815 Sed
1541 1789 1622 1815 etiam
1651 1788 1685 1815 de
1710 1788 1770 1823 ipso

985 1836 1122 1870 passionis
1133 1840 1256 1871 tempore
1271 1836 1328 1863 haec
1337 1839 1432 1862 narrat
1448 1835 1590 1861 Mattltaeus
1605 1844 1612 1861 ;
1631 1843 1640 1858 ι
1659 1834 1681 1860 Α
1693 1838 1770 1862 sexta

985 1886 1075 1909 autetn
1093 1882 1160 1909 hora
1178 1883 1295 1909 tenebrae
1317 1881 1397 1908 factae
1425 1884 1490 1908 sunt
1513 1888 1595 1915 super
1615 1879 1769 1907 universam

985 1932 1084 1954 terram
1111 1935 1198 1962 usque
1225 1927 1258 1954 ad
1274 1927 1368 1954 horam
1390 1934 1501 1953 nonam.
1527 1925 1558 1951 Et
1573 1925 1647 1952 circa
1674 1925 1768 1952 horam

985 1981 1083 2000 nouam
1107 1973 1235 1999 clamavit
1257 1972 1339 2000 Jesus
1366 1980 1432 1999 voce
1459 1979 1556 2004 magna
1574 1970 1668 1998 dicens
1687 1979 1694 1997 :
1714 1969 1768 2003 Eli,

984 2018 1036 2049 Eli,
1053 2017 1134 2045 Latna
1157 2018 1341 2045 Sabaclttltani
1355 2018 1388 2045 ".
1409 2028 1418 2043 ι
1440 2017 1516 2044 Tunc
1543 2017 1634 2052 itaque
1645 2025 1707 2044 cum
1720 2016 1771 2044 llo~

985 2065 1105 2092 minibus
1134 2065 1246 2100 degens,
1272 2063 1415 2092 clamando
1442 2071 1537 2091 omnes
1564 2063 1769 2096 cohortabatur.

985 2115 1015 2137 ut
1031 2111 1154 2138 venirent
1175 2114 1397 2144 uiaturarentque
1419 2109 1452 2136 ad
1472 2109 1533 2143 ejus
1549 2109 1701 2136 doctrinam
1718 2118 1726 2136 ι
1743 2112 1770 2136 et

985 2154 1199 2190 quatriduauum
1217 2158 1354 2181 mortuum
1379 2154 1499 2181 clamore
1515 2161 1614 2188 magno
1627 2153 1769 2182 evocabat.

204 2193 303 2244 ἐνατην
320 2193 394 2244 (opm;
409 2207 457 2234 τοῦ
473 2193 576 2238 πάθουξ
591 2193 689 2233 ἀνεὸοα
705 2208 780 2242 φωνῇ
807 2193 911 2242 μεγάλῇ
921 2214 927 2220 ·

986 2201 1038 2229 Sed
1055 2201 1136 2228 etiam
1154 2201 1227 2228 circa
1243 2208 1342 2227 nonam
1354 2200 1491 2235 passionis
1511 2200 1618 2230 horam.
1633 2199 1770 2226 olamabat

142 2255 187 2282 καὶ
212 2254 283 2290 μετὰ
310 2253 397 2280 ταῦτα
418 2253 515 2280 πάλιν·
547 2262 556 2278 ι
572 2252 685 2286 Κράξας
709 2252 782 2286 φωνῇ
813 2250 928 2286 μεγάλῃ,

142 2301 231 2336 ἀφῆκε
253 2300 285 2326 τὸ
305 2299 423 2334 πνεῦμα.
455 2298 509 2326 Καὶ
533 2298 587 2325 ἰδοὺ
612 2297 642 2324 τὸ
663 2297 860 2331 καταπέτασμα
882 2295 929 2321 τοῦ

141 2346 205 2373 ναοῦ
218 2345 330 2381 ἐσχίσθη
341 2346 381 2376 εις
392 2344 448 2375 δύο,
462 2344 508 2370 καὶ
521 2344 537 2378 ἡ
550 2344 585 2378 γῆ
597 2343 716 2378 ἐσείσθη,
729 2343 776 2369 καὶ
789 2343 816 2368 αἰ
831 2342 929 2377 πέτραι

142 2392 310 2428 ὲρρἀησαν,
328 2390 375 2417 καὶ
393 2390 427 2416 τὰ
442 2391 560 2424 μνημεῖα
574 2388 758 2424 ἀνεῴχθησαν,
778 2388 824 2414 καὶ
846 2388 930 2415 πολλὰ

143 2436 257 2473 σώματα
276 2436 331 2462 τῶν
350 2435 559 2470 κεκοιμημένων
581 2435 665 2469 ἁγίων
685 2433 877 2469 ἠγέρθησαν-ι
898 2434 932 2460 τὰ

142 2482 262 2511 τοσαῦτα
283 2482 331 2518 τῆς
350 2482 470 2517 μεγάλης
490 2479 572 2508 αὑτοῦ
590 2480 682 2514 φωνῆς
707 2480 827 2514 ἐνεργεῖν
852 2478 932 2504 δυνα-

145 2527 240 2564 μένης.
258 2528 290 2554 Εἰ
305 2527 333 2554 δὲ
347 2526 502 2562 ἐπιστήσειε
525 2534 577 2557 τις,
600 2525 637 2556 ὡς
660 2524 688 2558 ἐξ
709 2525 813 2551 ἐκείνου
832 2524 878 2549 καὶ
892 2524 932 2554 εἰς

143 2574 223 2611 δεῦρο
242 2574 303 2601 καθ’
321 2573 386 2608 ὅλης
402 2573 452 2607 τῆς
468 2571 618 2607 ἀνθρώπων
640 2571 803 2605 οἰκουμένης
822 2570 850 2595 ἐν
871 2571 931 2600 ταῖς

144 2620 303 2656 ἐκκλησίαις
328 2619 410 2646 αὑτοῦ
437 2618 495 2653 βοᾷ,
524 2617 648 2644 σπεύδειν
674 2617 719 2643 ἐπὶ
747 2617 776 2642 τὸ
801 2615 931 2648 ζωοποιὸν

144 2665 225 2693 αὑτοῦ
242 2665 319 2701 πόμα
330 2664 506 2700 παρακαλῶν,
520 2663 567 2690 καὶ
580 2663 644 2694 τοὺς
659 2664 718 2693 ταῖς
735 2661 802 2697 πρὸς
819 2661 931 2687 θάνατον

144 2711 292 2747 ἁμαρτίαις
329 2708 549 2744 νενεκρωμένους
579 2706 819 2741 ἀνακαλούμενος·
842 2705 881 2740 τῷ
902 2713 931 2731 τε

982 2255 1047 2275 voce
1061 2254 1160 2282 magna
1176 2256 1182 2274 Σ
1204 2255 1236 2274 ac
1257 2251 1350 2281 postea
1381 2253 1490 2273 rursutn
1511 2255 1517 2272 Ζ
1534 2254 1543 2269 Ι
1559 2245 1687 2272 Clamans
1702 2252 1773 2272 νοω

983 2300 1093 2327 magna,
1110 2293 1201 2320 emisit
1212 2292 1350 2327 spiritum.
1368 2292 1400 2318 Et
1415 2299 1479 2319 ecce
1491 2291 1578 2317 velum
1595 2289 1685 2324 templi
1698 2290 1770 2316 scis-

986 2347 1047 2366 sum
1062 2343 1103 2366 est
1116 2339 1142 2366 in
1153 2339 1218 2370 duo,
1236 2342 1263 2365 et
1279 2342 1351 2365 terra
1365 2342 1438 2364 uiola
1463 2341 1515 2368 est,
1535 2341 1561 2364 et
1576 2343 1657 2371 petrae
1677 2336 1774 2363 scissae

984 2390 1058 2416 sunt,
1075 2389 1101 2412 et
1117 2389 1293 2412 monumenta
1306 2388 1398 2419 aperta
1413 2388 1487 2414 sunt,
1501 2388 1537 2411 et.
1552 2383 1635 2415 multa
1648 2389 1770 2416 corpora

986 2435 1144 2458 sanctorum
1158 2431 1203 2466 qui
1228 2431 1396 2457 dormierant
1412 2433 1621 2456 resurrexcrnnt
1638 2429 1658 2455 ¹.
1678 2437 1688 2453 ι
1707 2427 1773 2454 Haec

986 2477 1091 2504 scilicet
1107 2485 1203 2511 magna
1220 2477 1304 2511 ipsius
1321 2484 1372 2503 vox
1400 2477 1481 2503 edere
1511 2479 1627 2509 poterat.
1645 2474 1722 2507 Quod
1746 2475 1770 2502 si

983 2522 1044 2556 quis
1056 2521 1209 2548 consideret
1227 2521 1272 2555 qui
1298 2521 1332 2547 ab
1346 2521 1392 2547 illo
1414 2520 1448 2547 ad
1477 2520 1528 2546 hoc
1551 2527 1637 2554 usque
1662 2523 1770 2554 tempus

985 2576 1032 2602 per
1047 2571 1134 2594 totum
1146 2567 1239 2594 orbem
1264 2568 1291 2593 in
1312 2566 1438 2594 ecclesiis
1453 2567 1510 2593 suis
1522 2567 1580 2601 ipse
1594 2566 1704 2598 clamet,
1723 2573 1770 2592 co-

985 2613 1100 2641 liortans
1115 2613 1239 2648 singulos
1261 2617 1290 2639 ut
1312 2616 1449 2639 maturent
1477 2612 1509 2639 ad
1529 2612 1665 2639 viviﬁcum
1682 2611 1770 2646 ipsius

986 2662 1095 2694 potum;
1113 2666 1146 2685 ac
1171 2666 1303 2686 revocans
1330 2658 1390 2684 illos
1410 2657 1457 2692 qui
1473 2657 1635 2684 mortalibus
1652 2656 1771 2691 peccatis

985 2706 1113 2733 exstint-t
1140 2710 1221 2738 sunt;
1247 2704 1340 2732 audiat
1367 2704 1432 2732 item
1458 2704 1619 2731 clamantem
1643 2703 1772 2739 passione

179 2788 202 2806 “
220 2787 300 2816 Joan.
314 2795 345 2816 ιι.
359 2785 452 2813 13-”.
489 2785 511 2801 ’⁵
531 2784 609 2812 Joan.
630 2791 685 2815 MK,
705 2782 800 2809 28-50.
839 2783 861 2798 ⁸⁵
881 2782 929 2809 Joa

986 2791 1029 2816 tm,
1051 2783 1094 2810 57.
1134 2783 1155 2798 ³⁷
1176 2782 1253 2810 Joan.
1271 2791 1320 2815 xu,
1341 2782 1435 2810 ill-46.
1474 2782 1497 2799 ⁹⁵
1516 2781 1593 2809 Joan.
1617 2789 1654 2814 ιι,
1674 2780 1767 2812 L143.

147 2824 170 2840 ¹¹
187 2823 283 2851 Matth.
305 2829 390 2853 xxvn,
410 2820 455 2853 43,
479 2820 523 2847 46.
563 2821 571 2835 ί
594 2819 658 2845 ibid.
693 2818 782 2845 ,ἕο-Ἣ..

183 2879 222 2916 (Ι)
237 2878 323 2911 Σώζοι
339 2879 530 2906 ἀναϐιαστον.
546 2877 625 2905 Forte
640 2875 721 2909 σώζει
734 2875 932 2903 ἀκαταὸιαστον

986 2874 1004 2902 al
1019 2873 1157 2903 ἀδιαστον.
1175 2870 1253 2901 Enn.
