2041 3215
262 184 311 213 731

609 181 745 214 ΕυεΕΒιι
762 179 998 214 ΕΑΞΞΑΒΙΕΝδίδ
1016 180 1091 208 OPP.
1111 179 1201 207 PARS
1219 179 1308 207 ιιι.-
1325 175 1529 219 EXEGETICA.

1835 171 1889 199 ⁷52

261 247 312 270 sua
328 242 361 270 ad
380 245 466 271 totum
484 241 588 274 orbem,
602 241 689 276 magis
700 247 782 276 quam
795 244 861 267 tunc
877 239 910 267 ad
926 238 1048 270 Sionem,

1102 238 1230 274 βοωμένῳ
1256 236 1339 264 αὑτοῦ
1368 235 1449 262 πάθει
1473 234 1524 268 τὴν
1552 231 1698 267 σύμπασαν
1725 229 1889 266 οἰκουμένην

263 289 399 324 siquidem
417 299 427 315 ι
448 289 476 318 in
496 295 607 316 omnem
623 292 725 315 terram
739 287 824 314 exivit
837 294 922 314 sonus
943 293 1049 318 earum,

263 339 292 364 et
307 336 334 362 in
350 335 417 364 lines
440 335 515 362 orbis
541 338 622 362 terra!
648 334 730 361 verba
755 340 850 361 eorum
865 333 893 366 ';
907 342 916 358 ι
934 333 958 359 is
986 339 1053 359 sane

264 380 333 408 sciet
349 388 399 408 cur
421 380 448 407 in
470 379 599 414 praesenti
611 387 642 406 ex
658 379 718 413 ejus
741 386 858 413 persona
873 377 976 404 dictum
993 377 1029 404 sit
1043 383 1050 402 :

267 427 428 454 «Laboravi
461 426 595 456 clamans,
621 432 711 452 rauca:
747 425 824 451 factae
859 428 924 451 sunt
960 423 1052 450 fauces

264 480 341 500 mete.
362 483 372 498 ι
386 472 453 499 Nam
469 472 545 499 vocis
562 471 623 506 ejus
653 471 882 506 persevcrantiam
913 469 955 496 his
982 468 1052 495 imii-

264 523 318 546 cat.
337 518 397 546 Non
415 518 487 549 enim
505 525 566 545 cum
582 518 666 544 semel
679 518 826 544 clamasset
838 516 988 549 abscessit;
1004 515 1052 542 sed

265 572 375 600 semper
397 564 594 599 discipulorum
618 571 684 590 voce
713 564 812 590 clamat
838 566 864 589 et
881 562 914 589 ad
929 562 1051 588 omnium

265 611 371 637 animas
385 609 553 637 vociferatur
571 619 577 636 :
593 616 700 644 semper
724 610 787 635 item
821 608 853 634 ad
876 607 983 634 Patrem
1000 608 1053 634 cla-

265 661 378 693 matpro
395 655 429 683 iis
440 656 486 690 qui
505 656 630 690 inipsum
649 654 834 681 crediderunt.
852 654 942 686 Quare
952 652 1052 680 deinde

266 700 406 736 subjungit
423 708 430 726 :
451 710 460 726 ι
481 700 642 728 Defecerunt
666 700 738 727 oculi
759 700 811 727 mei
825 699 888 726 dum
925 707 1005 734 spero
1024 700 1051 725 in

265 747 351 774 Deum
377 754 477 774 meum.
507 756 515 772 ι
545 746 597 773 Pro
619 747 665 773 illo
692 751 802 778 autem,
823 755 832 771 ι
849 745 1019 777 defecerunt,
1041 754 1049 770 ι

265 792 375 827 Aquila,
393 791 532 819 «confecti
565 796 638 823 sunt,
667 793 725 823 ait,
761 791 832 818 oculi
860 791 923 821 mei,
956 798 1052 825 exspe-

267 841 374 869 ctantes
390 837 483 865 Deum.
498 846 506 862 I
518 837 659 864 Clamabat
675 844 756 872 porro
766 841 792 863 et
802 835 1002 863 voriferahatur
1017 835 1052 861 ob

269 882 470 910 multitudinem
486 883 658 909 inimicorum
676 890 800 909 suorum.
816 882 892 914 Quod
906 882 949 908 his
963 881 1052 907 verbis

269 927 390 954 declarat
405 935 412 953 ε
433 937 441 952 ι
461 927 630 963 Multiplicati
649 932 713 956 sunt
729 936 811 963 super
825 928 937 962 capillos
955 927 1052 961 capitis
1069 922 1088 948 Β

265 974 318 1001 mei
338 975 383 1008 qui
415 975 531 1002 oderunt
561 983 603 1002 me
626 976 721 1010 gratis.
747 985 756 1000 ›
775 974 852 1007 Quod
875 975 898 1001 si
930 974 1052 1001 Ecclesia

264 1019 324 1053 ejus
341 1020 377 1047 sit
394 1028 495 1055 corpus
508 1022 579 1055 ejus,
597 1021 747 1048 secundum
763 1021 935 1056 Apostolutn,
952 1020 997 1054 qui
1026 1019 1052 1046 id

264 1066 343 1093 docet
355 1065 397 1093 bis
413 1066 504 1094 verbis
522 1076 528 1093 :
549 1076 558 1092 ‹
578 1065 633 1093 Vos
650 1070 739 1092 autem
762 1066 829 1093 estis
855 1073 955 1100 corpus
971 1064 1052 1092 Chri-

264 1110 311 1141 sti,
325 1115 352 1137 et
368 1111 491 1138 membra
506 1119 538 1138 ex
563 1116 642 1146 parte
654 1112 680 1144 3;
697 1121 707 1137 ι
724 1111 825 1138 dixeris
846 1103 969 1138 membra
991 1118 1053 1137 cor-

264 1157 342 1191 poris
364 1165 424 1191 quze
450 1158 536 1192 magis
566 1158 722 1184 necessaria
754 1162 829 1190 sunt,
856 1161 948 1191 atque,
965 1161 993 1183 ut
1016 1157 1053 1183 ita

267 1203 370 1234 dicam,
385 1211 493 1234 sensus,
511 1211 559 1230 eos
577 1211 610 1230 ex
637 1204 737 1238 popttlo
764 1210 824 1230 esse
841 1204 886 1237 qui
905 1203 1052 1229 necessarii

264 1247 416 1281 habentur;
434 1252 474 1279 ut,
492 1249 569 1275 verbi
585 1249 678 1279 causa,
696 1253 777 1283 caput
796 1248 915 1283 przefecti
936 1247 1050 1280 fuerint;

264 1299 306 1322 os,
333 1292 475 1326 magistri;
502 1300 593 1324 aures,
629 1294 777 1327 prudentes
796 1293 951 1325 auditores;
969 1293 1051 1323 oculi,

264 1337 310 1372 qui
332 1337 359 1364 in
375 1337 523 1372 Scripturis
537 1339 709 1372 pcrspicaccs
728 1342 806 1370 sunt;
827 1346 934 1370 manus,
947 1339 993 1373 qui
1010 1345 1053 1364 re—

265 1383 317 1410 bus
333 1383 444 1418 agendis
458 1384 638 1418 promptiores
658 1393 663 1410 :
677 1389 758 1418 atque
773 1392 834 1410 cum
856 1384 972 1418 quadam
988 1392 1053 1418 pro-

268 1428 393 1463 portione
409 1430 449 1456 sic
464 1430 568 1464 reliqua
590 1431 713 1465 corporis
739 1430 861 1457 membra
884 1430 1052 1458 distribuan-

268 1479 323 1502 tur.
336 1474 398 1501 Pari
414 1476 494 1502 modo
509 1476 622 1510 capillos
651 1477 787 1512 intelligas
811 1485 872 1505 esse
896 1478 1048 1505 multitudi-

266 1526 328 1546 nem
344 1523 440 1552 totam,
455 1528 487 1546 ac
502 1520 666 1555 superﬂuam
685 1522 791 1548 turbam
810 1530 916 1555 eorum,
933 1524 977 1557 qui
1004 1524 1053 1550 ali-

265 1573 349 1600 quem
382 1569 509 1592 ornatum
549 1568 597 1593 toti
635 1567 743 1601 corpori
778 1568 936 1598 conciliant,
963 1577 1051 1603 neque

266 1615 357 1638 tamen
373 1612 485 1646 perinde
501 1613 647 1639 necessarii
663 1618 726 1640 sunt
745 1621 777 1640 ac
792 1614 898 1648 reliqua
916 1615 1049 1642 membra.

266 1655 380 1683 Talibus
394 1657 474 1691 igitur
485 1657 590 1691 capillis
605 1658 690 1685 multo
705 1659 796 1693 plures
824 1666 937 1685 numero
953 1659 1053 1686 fuerint

265 1701 313 1736 qui
330 1702 410 1728 alieni
423 1707 486 1729 sunt
502 1710 517 1728 a
533 1703 594 1734 ﬁde,
613 1708 706 1738 utpote
721 1704 766 1738 qui
785 1704 811 1730 in
824 1704 877 1730 lata
891 1708 914 1731 el
932 1705 1051 1738 spatiosa

265 1748 309 1774 via
340 1747 477 1774 incedant.
494 1747 675 1780 Quamobrem
693 1750 796 1776 dictum
815 1755 858 1777 est
874 1759 880 1776 :
898 1759 906 1774 ι
921 1749 1052 1784 Multipli-

270 1793 326 1820 cati
339 1798 403 1821 sunt
417 1802 499 1829 super
514 1795 628 1830 capillos
645 1796 742 1830 capitis
760 1796 813 1822 mei
824 1796 994 1831 quiodcrunt
1009 1805 1052 1824 me

266 1840 360 1874 gratis.
368 1849 377 1865 ι
388 1839 477 1868 Gratis
485 1845 573 1867 autem
581 1839 815 1873 odisse'dicuntur,
824 1842 871 1876 qui
880 1842 980 1868 nullam
990 1850 1052 1877 pro-

267 1884 338 1911 ferre
351 1885 440 1912 valent
454 1886 510 1913 odii
526 1894 648 1918 causam,
662 1890 691 1913 ut
721 1887 768 1922 qui
794 1888 914 1915 salutare
939 1888 1050 1915 verbum

266 1935 484 1966 persequuntur,
498 1940 560 1959 cum
576 1934 649 1959 nulla
662 1934 806 1961 incusandi
818 1934 878 1969 ejus
902 1935 973 1962 ratio
986 1943 1051 1970 sup-

266 1980 350 2011 petat.
366 1976 420 2004 Pro
437 1978 485 2005 illo
510 1984 610 2012 autem,
630 1988 638 2005 ι
656 1979 703 2014 qui
728 1979 845 2006 oderunt
867 1988 910 2007 me
924 1982 1018 2016 gratis,
1039 1992 1048 2008 ι

266 2023 458 2058 Symmachus,
482 2034 491 2050 ‹
510 2026 632 2052 odientes
655 2033 708 2057 me,
724 2026 824 2061 inquit,
850 2027 908 2054 sine
925 2036 1018 2055 causa.
1040 2039 1048 2054 ι

265 2066 306 2095 Illi
321 2069 422 2103 itaque,
439 2070 487 2099 ait.
505 2071 680 2105 multiplicati
693 2076 758 2098 sunt
779 2074 840 2107 plus
864 2081 944 2108 quam
959 2074 1050 2109 capilli

266 2113 364 2148 capitis
381 2114 444 2141 mei.
462 2114 532 2147 Quin
547 2116 627 2142 etiam
641 2117 787 2144 confortati
803 2123 865 2145 sunt
877 2119 977 2146 inimici
994 2128 1052 2154 per-

266 2163 413 2194 sequentes
436 2167 509 2187 eum.
526 2160 558 2186 Et
590 2169 656 2188 sane
678 2162 771 2190 videre
785 2168 837 2196 est,
850 2171 905 2197 quo
930 2168 1050 2199 tempore

265 2204 447 2240 persequmdi
482 2205 598 2233 facultas
636 2207 726 2241 datur,
752 2208 913 2240 confortari,
946 2210 1048 2242 extolli,

1085 302 1087 305 -
1104 286 1204 321 μᾶλλον
1220 285 1236 320 ἢ
1252 285 1314 311 τότε
1334 282 1420 314 Σιὼν,
1439 281 1554 316 ἐπείπερ
1577 289 1587 305 ι
1610 279 1649 311 εἰς
1666 279 1755 306 πᾶα-ω
1771 276 1819 312 τὴν
1835 277 1892 311 γῆν

1102 331 1211 367 ἐξῆλθεν
1236 331 1251 356 ὁ
1267 330 1383 365 φθόγγος
1407 327 1507 358 αὐτῶν,
1532 326 1578 353 καὶ⁴
1594 326 1634 356 είς
1654 324 1688 350 τὰ
1710 323 1815 359 πέρατα
1838 323 1893 358 τῆς

1102 377 1264 412 οἰκουμένης
1289 375 1323 402 τὰ
1343 376 1451 409 ῥήματα
1476 372 1580 399 αὐτῶν·
1599 380 1608 397 ›
1634 370 1736 398 εἴσεται
1759 369 1834 401 ὅπως
1858 369 1891 395 ὲν

1101 425 1158 455 τοῖς
1175 422 1365 458 προκειμένοις
1388 420 1418 453 ἐξ
1439 419 1520 447 αὑτοῦ
1546 417 1690 453 προσώπου
1716 416 1823 451 εῐρηται
1845 414 1889 447 τὸ,

1105 479 1114 495 ι
1133 469 1282 495 Ἑκοπίασα
1310 467 1427 502 κράζων,
1455 464 1635 500 ἑϐραγχίασεν
1648 464 1661 489 ὁ
1682 461 1787 498 λάρυγξ
1798 469 1862 496 μου.
1877 471 1888 487 ι

1103 516 1139 542 Τὺ
1167 515 1220 550 γὰρ
1244 514 1399 549 παράμονον
1426 511 1507 539 αὐτοῦ
1533 511 1583 546 τῆς
1607 509 1670 545 βοῆς
1706 508 1750 535 διὰ
1785 507 1889 534 τούτων

1104 560 1240 595 σημαίνει.
1269 559 1305 585 Οὐ
1331 558 1387 593 γὰρ
1413 556 1486 588 ἆπαξ
1514 554 1578 582 ποτὲ
1604 554 1703 588 βοήσας
1732 550 1887 587 παρῆλθεν·

1103 606 1159 632 ἀλλ’
1180 606 1223 632 ἀεὶ
1244 605 1293 640 βοᾷ
1312 605 1357 631 καὶ
1380 604 1514 639 κέκραγεν
1537 602 1575 633 εἰς
1596 601 1645 631 τὰς
1668 599 1777 626 πάντων
1798 597 1890 632 ψυχὰς

1103 651 1145 678 διὰ
1157 651 1211 678 τῶν
1226 651 1307 677 αὐτοῦ
1326 649 1465 686 μαθητῶν
1482 649 1524 675 ἀεὶ
1538 648 1565 674 δὲ
1577 647 1623 673 καὶ
1639 646 1706 681 πρὸς
1719 645 1765 671 τὸν
1777 643 1890 679 Πατέρα

1104 698 1153 733 βοᾷ
1170 699 1239 733 ὑπὲρ
1262 697 1316 724 τῶν
1335 698 1374 728 εἰς
1397 696 1475 722 αὐτὸν
1501 693 1731 720 πεπιστευκότων.
1757 690 1803 717 Διὸ
1824 689 1889 725 ἑξῆς

1104 743 1237 777 ἐπιλέγειι
1280 753 1288 768 ι
1311 742 1446 774 Ἐξέλιπον
1478 742 1502 767 οἱ
1525 738 1657 774 ὀφθαλμοί
1684 746 1734 773 μου
1760 737 1814 764 ἀπὸ
1839 735 1888 762 τοῦ

1104 790 1222 822 ἐλπίζειν
1252 798 1285 824 με
1314 789 1359 814 ἐπὶ
1384 788 1428 814 τὸν
1458 787 1522 813 Θεόν
1551 794 1612 821 μου.
1627 795 1636 810 ι
1668 783 1739 810 Ἂντὶ
1767 781 1796 808 δὲ
1820 781 1887 812 τοῦ,

1107 844 1115 860 ι
1130 835 1262 867 ἐξέλιπον,
1288 844 1296 859 ι
1321 835 1335 859 ὁ
1358 833 1490 864 Ἀκύλας,
1517 841 1526 856 ι
1560 829 1762 864 Ἐτελέσθησαν,
1793 827 1888 861 φησὶν,

1103 882 1127 907 οἱ
1144 880 1275 915 ὀφθαλμοί
1294 888 1344 915 μου
1369 878 1560 913 περιμένοντες
1589 876 1634 902 τὸν
1646 875 1741 901 Θεόν.»
1760 872 1840 899 Ἐὁόα
1859 871 1890 898 δὲ

1104 928 1150 953 καὶ
1167 926 1309 961 ἐκεκράγει
1335 925 1379 953 διὰ
1403 925 1433 951 τὸ
1457 924 1556 958 πλῆθος
1579 922 1633 949 τῶν
1658 919 1763 955 ἐχθρῶν
1785 917 1892 945 αὺτοῦ-η

1102 974 1116 999 ὃ
1130 973 1161 1008 δὴ
1179 973 1326 1008 παρίστησι
1348 972 1447 1005 λέγων’
1482 980 1490 996 ι
1507 967 1727 1003 Ἐπληούνθησαν
1747 965 1818 1001 ὑπὲρ
1838 964 1889 996 τὰς

1102 1020 1197 1054 τρίχας
1214 1019 1264 1053 τῆς
1279 1018 1398 1053 κεφαλῆς
1420 1026 1469 1053 μου
1491 1017 1515 1042 οἱ
1535 1014 1674 1051 μισοῦντές
1696 1021 1729 1049 με
1748 1011 1886 1047 δωρεᾴνει

1103 1067 1134 1092 Εἰ
1155 1065 1183 1091 δὲ
1203 1064 1282 1099 σῶμα
1294 1063 1376 1090 αὐτοῦ
1388 1063 1538 1097 τυγχάνειὴ
1551 1058 1695 1094 Ἐκκλησία
1710 1056 1801 1088 αὑτοῦ,
1817 1055 1890 1083 κατὰ

1103 1113 1147 1138 τὸν
1167 1111 1335 1142 Ἀπόστολον,
1353 1110 1382 1141 ὃς
1398 1110 1520 1137 ἐδίδασκε
1531 1108 1617 1141 λέγων
1626 1115 1632 1121 ”
1655 1115 1663 1133 ι
1675 1105 1769 1140 ’Υμεῖς
1782 1103 1812 1130 δέ
1825 1103 1890 1129 ἐστε

1104 1158 1182 1193 σῶμα
1194 1157 1311 1192 Χριστοῦ
1329 1157 1375 1184 καὶ
1393 1156 1461 1191 μέλη
1477 1157 1509 1181 ὲκ
1527 1154 1624 1190 μέρους
1635 1162 1641 1168 -
1664 1162 1673 1178 ι
1701 1151 1787 1182 εἴποις
1805 1149 1838 1176 ἂν
1854 1148 1890 1175 τὰ

1106 1204 1155 1238 μὲν
1175 1203 1374 1237 ἀναγκαιότερα
1402 1202 1467 1236 μέλη
1491 1201 1537 1227 τοῦ
1559 1200 1693 1235 σώματος,
1713 1199 1759 1225 καὶ
1779 1197 1829 1228 τὰ,
1849 1197 1884 1223 ἶν’

1102 1248 1187 1278 οὕτως
1205 1248 1290 1278 εἴπω,
1310 1246 1483 1281 αἰσθητήρια,
1497 1246 1558 1276 τοὺς
1575 1245 1738 1278 ἀναγκαίους
1755 1241 1825 1270 εἶναι
1839 1241 1889 1269 τοῦ

1103 1293 1183 1319 λαοῦ’
1211 1290 1265 1319 οἷον
1288 1292 1408 1327 κεφαλὴν
1429 1293 1490 1323 τοὺς
1517 1291 1698 1327 ἡγουμένους,
1723 1289 1809 1324 στόμα
1824 1289 1890 1321 τοὺς

1103 1339 1288 1370 διδασκάλους,
1309 1339 1355 1365 καὶ
1379 1339 1442 1369 τοὺς
1460 1337 1587 1368 συνετοὺς
1608 1335 1744 1372 ἀκροατὰς
1762 1334 1797 1362 τὰ
1818 1331 1888 1366 ὦτα,

1102 1386 1164 1416 τοὺς
1195 1384 1348 1419 ὸφῢαλμοὺς
1382 1384 1445 1415 τοὺς
1479 1383 1649 1418 ὅιορατικοὺς
1677 1382 1730 1408 τῶν
1761 1381 1888 1416 Γραῴν,

1103 1431 1196 1465 χεῖρας
1212 1430 1273 1460 τοὺς
1298 1429 1549 1463 πρακτικωτέρους,
1573 1427 1676 1459 τούτοις
1696 1435 1726 1453 τε
1750 1426 1889 1461 ἀναλόγως

1102 1475 1137 1501 τὰ
1152 1475 1233 1501 λοιπὰ
1251 1475 1319 1510 μέλη
1335 1474 1381 1501 τοῦ
1397 1474 1530 1509 σώματος,
1544 1472 1583 1505 οἷς
1601 1473 1743 1500 ἀκόλουθον
1758 1473 1800 1508 εἴη
1817 1473 1889 1499 νοεῖν

1102 1521 1198 1557 τρίχας
1211 1519 1279 1548 εἶναι
1296 1521 1341 1548 τοῦ
1360 1522 1458 1553 παντὸς
1474 1522 1508 1548 τὰ
1523 1521 1622 1557 πλήθη,
1640 1520 1686 1547 καὶ
1700 1520 1745 1546 τὸν
1761 1519 1889 1554 περιττὲν

1103 1567 1180 1603 ὄχλον
1198 1568 1329 1603 φέροντας
1353 1568 1402 1603 μέν
1424 1577 1484 1594 τινα
1503 1567 1604 1602 κόσμον
1631 1567 1683 1602 ὅλῳ
1707 1564 1746 1600 τῷ
1768 1564 1889 1599 σώματι,

1105 1613 1142 1648 μὴ
1168 1613 1220 1648 μὴν
1243 1613 1394 1646 ἀναγκαίαν
1418 1612 1478 1638 τινὰ
1508 1612 1603 1647 χρῆσιν
1630 1610 1724 1646 ὁμοίαν
1744 1608 1778 1636 τὰ
1806 1609 1890 1635 λοιπὰ

1105 1659 1182 1694 μέλη.
1202 1659 1261 1685 Τῶν
1273 1657 1319 1685 οὖν
1331 1658 1459 1686 τοιούτων
1477 1658 1577 1693 τριχῶν
1592 1656 1681 1692 πολλῷ
1698 1656 1817 1683 πλεῖστοι
1833 1653 1890 1682 εἷεν

1103 1704 1135 1730 ἂν
1155 1705 1178 1731 οί
1198 1704 1332 1739 ἀλλότριοι
1352 1704 1402 1739 τῆς
1426 1704 1553 1736 πίστεως,
1571 1704 1617 1730 ἂτε
1637 1703 1668 1739 δὴ
1688 1702 1736 1738 τὴν
1757 1702 1894 1729 πλατεῖαν.

1103 1752 1150 1777 καὶ
1182 1751 1230 1786 τὴν
1262 1751 1416 1786 εὐρύχωρον
1452 1750 1614 1785 βαδίζοντες.
1657 1749 1702 1777 Διὸ
1744 1748 1887 1775 λέλεκται·

1105 1805 1113 1821 ι
1127 1795 1346 1831 Ἐπληοὺνοησαν
1369 1796 1438 1831 ὑπὲρ
1457 1795 1505 1827 τὰς
1519 1795 1611 1831 τρίχας
1629 1795 1678 1830 τῆς
1693 1793 1815 1829 κεφαλῆς
1837 1801 1894 1829 μου.

1102 1843 1126 1868 οἱ
1145 1842 1286 1877 μισοῦντές
1306 1851 1338 1877 με
1355 1842 1468 1877 δωρεάν.
1486 1851 1495 1867 ›
1521 1841 1627 1877 Δωρεὰν
1644 1841 1672 1869 δὲ
1690 1842 1778 1876 μισεῖν
1795 1840 1889 1874 λέγον-

1102 1896 1147 1913 ται
1164 1888 1188 1914 oi
1205 1889 1255 1914 οὐκ
1273 1888 1379 1923 ἔχοντες
1397 1887 1485 1913 αἰτίαν
1498 1888 1584 1914 εἰπεῖν
1608 1886 1654 1913 τοῦ
1677 1886 1783 1922 μίσους,
1807 1886 1846 1918 ὡς
1864 1886 1889 1912 oi

1102 1932 1146 1959 τὸν
1163 1933 1293 1968 σωτήριον
1306 1933 1382 1967 λόγον
1394 1932 1537 1964 διώκοντες
1550 1933 1596 1961 καὶ
1613 1932 1693 1968 μηδὲν
1709 1932 1889 1967 καταμέμφε-

1104 1978 1164 2004 σθαι
1185 1978 1259 2013 αὺτῷ
1275 1978 1428 2014 δυνάμενοι.
1454 1979 1525 2005 Ἀντὶ
1541 1978 1569 2005 δὲ
1586 1979 1643 2011 τοῦ,
1666 1988 1676 2004 ι
1694 1979 1718 2005 οι
1744 1979 1888 2014 μισοῦντές

1103 2031 1137 2058 με
1158 2023 1302 2057 δωρεὰν,›
1330 2024 1344 2049 ό
1371 2023 1533 2058 Σύμμαχος,
1565 2033 1574 2048 ι
1602 2024 1633 2049 Οἱ
1659 2023 1802 2059 μισοῦντές
1834 2032 1886 2060 με,

1103 2068 1196 2103 φησὶν,
1226 2068 1364 2100 ἀναιτίως,
1392 2078 1401 2094 ι
1422 2064 1501 2097 Οὗτοι
1521 2067 1567 2096 οὖν
1590 2068 1688 2104 μᾶλλον
1708 2069 1888 2101 ἐπλεόνασαν,

1103 2114 1194 2148 φησὶν,
1219 2114 1236 2149 ἢ
1258 2114 1286 2140 αἱ
1307 2114 1399 2149 τρίχες
1424 2115 1473 2149 τῆς
1498 2114 1619 2149 κεφαλῆς
1644 2123 1705 2150 μου.
1733 2114 1815 2141 Ἀλλὰ
1840 2114 1893 2147 καὶ,

1102 2158 1325 2195 ὲκραταιώθησαν
1341 2160 1366 2186 οἱ
1383 2159 1475 2195 ἐχθροὶ
1489 2160 1572 2186 αὑτοῦ
1589 2161 1613 2186 ot
1629 2159 1770 2192 διώκοντες
1794 2161 1887 2187 αὐτόν.

1104 2205 1168 2235 Ἴδοι
1187 2205 1252 2239 γοῦν
1267 2214 1319 2237 τις,
1336 2205 1397 2234 καθ’
1414 2206 1527 2233 ἕκαστον
1547 2206 1640 2243 καιρόν
1658 2206 1718 2233 καθ’
1734 2206 1763 2233 ὃν
1779 2205 1887 2233 διώκειν

265 2251 405 2285 mutaque
417 2258 497 2286 posse
515 2252 640 2279 inimicos
655 2253 724 2287 ejus.
752 2253 854 2288 lnjuste
879 2260 967 2282 autem
986 2264 1047 2290 per-

1103 2251 1322 2286 συγχωροῦνται,
1349 2252 1582 2287 κραταιουμένους
1607 2253 1654 2284 καὶ
1679 2253 1889 2288 ἐπαιρομένουςι

266 2302 419 2332 sequuntur
429 2298 516 2328 illum,
528 2302 554 2326 et
567 2299 652 2333 gratis
667 2300 793 2327 oderunt.
806 2301 873 2328 Cum
889 2303 960 2329 enim
975 2303 1049 2329 nulla

265 2343 354 2371 subsit
372 2343 522 2371 inimicitiae
537 2352 637 2377 causa,
654 2353 742 2380 neque
766 2353 977 2374 conscntaneam
1006 2356 1050 2374 ra-

265 2388 368 2416 tionem
386 2388 515 2423 proferre
525 2389 633 2416 valeant
646 2398 695 2416 cur
710 2395 925 2425 persequantur,
949 2391 1050 2425 injuste

264 2438 356 2461 tamen
373 2439 481 2461 vexant.
498 2435 546 2462 ille
561 2443 626 2462 vero
655 2444 716 2462 cum
741 2437 809 2462 nihil
837 2438 967 2470 rapuerit,
981 2437 1049 2463 nihil

265 2478 372 2513 injuria
387 2480 519 2512 intulerit,
532 2481 695 2516 supplicium
710 2482 769 2509 luit.
782 2482 848 2509 Nam
861 2483 884 2510 si
899 2483 1049 2510 secundum

265 2525 338 2559 leges
354 2532 441 2558 preme
454 2534 468 2552 a
492 2527 546 2554 reis
574 2528 727 2562 repetendae
745 2529 809 2560 sint,
824 2537 912 2563 neque
929 2530 986 2564 ipse
1001 2537 1049 2556 ne-

264 2577 318 2604 que
335 2573 456 2603 germani
480 2572 539 2606 ejus
564 2572 691 2608 discipuli
711 2574 801 2609 aliquo
816 2575 843 2601 in
870 2574 989 2602 facinore
1002 2574 1049 2601 de-

264 2615 393 2650 prehensi
419 2620 495 2644 sunt.
529 2616 594 2645 Jure
623 2627 688 2654 ergo
711 2620 748 2646 ait
766 2629 772 2646 :
790 2630 798 2645 ι
817 2620 883 2653 Quae
900 2629 954 2647 non
970 2621 1047 2656 rapui

264 2664 331 2687 tunc
360 2660 546 2687 exsolvebam.
572 2671 580 2688 ›
606 2663 645 2689 Ac
671 2669 794 2698 tempore
825 2665 963 2699 passionis
993 2673 1049 2692 sua:

264 2706 348 2740 gratis
359 2705 546 2740 cruciabatur,
563 2712 589 2734 et
604 2709 768 2743 supplicium
781 2710 882 2741 luebat,
899 2719 960 2737 cum
981 2711 1048 2738 nulli

263 2751 392 2785 injuriam
407 2751 527 2780 fecisset.
546 2752 635 2785 Quare
654 2759 718 2781 tunc.
733 2755 839 2782 (licebat
859 2764 865 2781 :
886 2766 895 2781 ‹
911 2756 976 2789 Quae
994 2765 1047 2783 non

263 2796 342 2831 rapui
353 2801 419 2824 tunc
441 2797 634 2831 exsolvcbam;
657 2809 666 2825 ι
693 2800 761 2833 sive,
792 2802 942 2828 secundum
967 2802 1049 2836 Aqui-

300 2885 311 2906 ι
332 2884 404 2919 I’sal,
426 2893 503 2921 xvut,
524 2887 549 2915 5.
589 2887 599 2903 ³
620 2886 627 2915 Ι
647 2887 710 2916 Cor.
733 2897 780 2923 xu,
800 2889 845 2918 27.

1103 2296 1149 2322 καὶ
1164 2296 1249 2322 πολλὰ
1268 2297 1432 2331 δυναμένους
1450 2298 1512 2329 τοὺς
1527 2298 1640 2333 ἐχθροὺς
1661 2298 1754 2325 αὑτοῦ.
1775 2298 1887 2330 ’Λδίκως

1101 2341 1128 2368 δὲ
1143 2342 1222 2368 αὐτὸν
1236 2342 1376 2369 διώκουσιν
1390 2341 1472 2375 οὗτοι,
1488 2343 1535 2370 καὶ
1550 2344 1662 2379 ἑμίσουν
1675 2344 1755 2371 αὑτὸν
1770 2344 1887 2380 δωρεάν.

1101 2388 1244 2423 Μ-ηδεμίαν
1259 2388 1312 2423 γὰρ
1328 2388 1434 2424 ἔχοντες
1450 2389 1575 2415 ὑπόθεσιν
1589 2389 1699 2425 ἔχθρας,
1717 2390 1784 2425 μηδὲ
1798 2390 1887 2423 αίτίας

1101 2433 1187 2460 εἰπεῖν
1202 2433 1329 2466 εὐλόγους
1343 2431 1393 2460 οἷοὶ
1414 2441 1443 2458 τε
1460 2430 1493 2459 δῖ’
1509 2433 1552 2464 ἃςι
1562 2433 1715 2465 διώκουσιν,
1731 2434 1807 2469 ὅμως
1826 2433 1886 2460 ἀδί-

1101 2487 1157 2509 κως
1180 2479 1261 2506 αὒτὸν
1279 2479 1429 2506 διώκουσιν.
1461 2480 1489 2506 '0
1506 2480 1535 2506 δὲ
1558 2480 1627 2515 ὑπὲρ
1648 2477 1685 2506 ὧν
1711 2480 1748 2515 μὴ
1765 2480 1886 2515 ἥρπασε,

1102 2524 1169 2560 μηδὲ
1185 2524 1306 2559 ἠδίκησε,
1324 2525 1434 2555 κόλασιν
1451 2526 1604 2560 ὑπέμεινεν.
1622 2526 1654 2552 Et
1677 2525 1731 2561 γὰρ
1751 2524 1823 2552 κατὰ
1842 2526 1885 2552 νό-

1103 2578 1168 2604 μους
1193 2571 1325 2605 προσήκει
1343 2571 1420 2606 δίκην
1438 2571 1646 2607 εἰσπράττεσθαι
1671 2572 1734 2603 τοὺς
1756 2571 1885 2606 totum.

1101 2625 1167 2648 τας,
1183 2615 1244 2642 οὔτε
1264 2616 1292 2642 δὲ
1308 2617 1389 2648 αὐτὸς
1409 2616 1470 2643 οὕτε
1492 2617 1517 2643 οἱ
1537 2616 1619 2650 αὐτοῦ
1636 2617 1743 2652 γνήσιοι
1765 2617 1885 2653 μαθηταὶ

1100 2662 1209 2697 ἦλωσάν
1229 2671 1294 2688 ποτε
1320 2663 1365 2689 ἐπὶ
1385 2663 1557 2699 παρανομίᾳ·
1581 2663 1692 2694 εἰκότως
1714 2663 1813 2698 φησίν·
1834 2663 1884 2690 (Ἃ

1101 2709 1150 2743 οὑχ
1166 2709 1276 2743 ἦρπασα
1298 2709 1357 2735 τότε
1374 2710 1543 2736 ἀπετίννυον.
1556 2719 1566 2736 ›
1582 2710 1638 2736 Καὶ
1650 2709 1720 2736 κατὰ
1732 2709 1777 2736 τὸν
1791 2709 1883 2744 καιρὸν

1099 2755 1127 2781 δὲ
1148 2755 1195 2780 τοῦ
1217 2755 1318 2787 πάθους
1340 2755 1421 2782 αὐτοῦ
1443 2755 1544 2790 δωρεὰν
1568 2755 1679 2790 ἔπασχε,
1699 2755 1747 2782 καὶ
1765 2755 1835 2791 ὑπὲρ
1847 2751 1883 2782 ὧι

1103 2801 1138 2836 μὴ
1157 2801 1279 2836 ἠδικήκει
1302 2802 1436 2837 τιμωρίαν
1458 2801 1553 2828 ἐδίδου.
1580 2800 1625 2827 Διὸ
1640 2800 1686 2827 καὶ
1701 2800 1761 2826 τότε
1777 2799 1881 2834 ἔλεγεν,-
