2041 3215
141 191 193 220 753

709 189 964 218 COMMENTARIA
982 189 1016 217 IN
1034 183 1203 218 PSALMOS.

1237 146 1308 185 (νδ

1718 187 1769 217 τω

142 258 152 275 ι
169 246 204 274 ’Δ
228 246 279 282 οὐχ
300 246 424 283 ἥρπαζον
448 246 509 273 τότε
530 246 703 274 ἀπτίννυον·
721 256 730 273 ι
744 247 774 282 ἢ,
793 246 863 275 κατὰ
882 247 922 274 τοι

980 248 1056 275 lam:
1079 258 1088 274 ι
1109 247 1175 282 Quae
1192 255 1246 276 non
1262 247 1396 275 violenter
1418 247 1520 286 abstuli
1549 250 1617 275 tunc
1640 247 1770 275 restitue-

134 293 277 322 ,Ἀκύλαν-
297 295 349 321 «Ἀ
363 294 414 321 οὐκ
429 293 583 329 ἐϐιασάμην
598 293 659 320 τότε
675 293 853 330 ἐπέστρεφον.
865 303 874 320 ι

177 360 186 377 ι
197 349 228 377 ⁸0
239 349 316 383 Θεὸς,
334 350 365 376 σὺ
379 349 464 384 ἔγνως
476 349 525 385 τὴν
542 350 697 386 ἀφροσύνην
713 359 774 386 μου.
795 360 803 376 ι
823 351 928 386 Ὠσπερ

137 395 312 431 ἀνεγκλήτως
324 396 338 421 ὁ
353 395 424 427 θεῖος
436 394 596 426 Ἀπόστολος
605 396 705 430 μωρὸν
713 396 766 423 τοῦ
775 396 849 423 Θεοῦ
859 397 912 423 ὼνό
921 411 927 416 -

140 450 210 477 μασε
221 441 254 468 τὸ
265 440 352 472 πάθος
362 441 409 467 τοῦ
421 441 558 476 Σωτῆρος,
571 441 619 467 καὶ
632 441 774 468 ἀσθένειαν
785 442 831 468 τὸν
845 450 927 468 σταυ-

140 489 195 524 ρὸν,
215 487 315 515 εἰπών·
331 497 340 513 ι
352 487 525 524 Ἐσταυρὼϐη
538 487 568 520 ἐξ
583 488 724 519 ἀσθενείας
735 497 758 514 ⁸)
770 489 817 515 καὶ
830 488 909 515 πάλιν
918 497 925 504 ·

139 545 148 562 ε
165 535 262 571 Ἡμεῖς
295 534 322 561 δὲ
353 533 526 569 κηρύσσομεν
560 534 676 569 Χριστὸν
709 534 925 570 ἐσταυρωμένον,

142 579 281 612 Ἰουδαίοις
299 579 347 615 μὲν
363 577 520 610 σκάνδαλον,
541 577 630 604 ἔθνεσι
643 578 671 605 δὲ
694 579 815 614 μωρίαν·
837 579 877 605 ὅτι
897 579 927 605 τὸ

138 625 229 662 μωρὸν
243 624 290 652 τοῦ
307 624 374 651 Θεοῦ
395 623 546 659 σοφώτερον
560 623 614 650 τῶν
628 623 778 660 ἀνθρώπων
794 624 862 656 ἐστὶ,
880 625 926 651 καὶ

135 672 165 699 τὸ
179 671 294 703 ἀσθενὲς
310 671 357 698 τοῦ
369 669 437 697 Θεοῦ
455 670 630 706 ἰσχυρότερον
655 670 708 696 τῶν
729 664 881 705 ἀνθρώπων
891 679 897 687 η
913 680 923 697 ι

133 718 206 745 οὕτω
225 718 272 745 καὶ
292 716 340 744 νῦν
360 717 409 744 οὐκ
430 717 463 744 ἂν
485 717 618 753 ἁμάρτοις
635 717 684 752 τὴν
711 717 827 744 ἐνταῦθα
847 717 924 752 λεγο-

134 764 221 801 μένην
245 764 401 800 ἀφροσύνην
425 763 624 800 παραπλησίως
647 764 746 799 νοήσας
769 765 802 799 τῇ
827 764 926 799 ὀνομα-

133 811 226 846 σθείσῃ
241 809 316 847 παρὰ
330 810 368 845 τῷ
387 810 540 846 Ἀποστόλῳ
557 809 655 846 μωρίᾳ.
676 809 755 835 Ἀλλὰ
769 810 817 836 καὶ
831 810 925 845 ὥσπερ

132 858 206 891 ἔγνω
221 856 323 893 Κύριος
347 857 412 888 τοὺς
434 857 514 888 ὄντας
535 856 635 888 αὑτοῦ,
656 856 770 892 ἐπείπερ
791 856 924 892 ἐξαίρετοί

131 903 204 935 τινές
224 903 294 930 εἰσιν
308 904 333 930 οἱ
349 903 400 938 τῆς
415 903 462 929 τοῦ
475 903 542 930 Θεοῦ
563 903 690 938 γνώσεως
709 902 921 939 κατηξιωμένοι·

131 949 218 981 οὕτως
231 949 310 984 καὶὴ
335 949 452 976 ἐνταῦθα
477 949 627 985 ἀφροσύνη,
645 949 707 981 ἀξία
728 949 776 983 τῆς
797 948 924 982 γνώσεως

130 994 303 1030 τυγχάνουσα
325 994 373 1021 τοῦ
397 994 475 1026 Θεοῦ,
503 995 589 1029 μέγαν
610 994 670 1020 τινὰ
689 994 735 1020 καὶ
759 993 843 1029 βαθὺν
866 991 922 1028 εἶχε

130 1039 218 1075 λόγον.
243 1040 280 1066 οῡ
301 1039 356 1074 γὰρ
385 1039 461 1075 παρὰ
486 1039 534 1075 τὴν
562 1040 610 1075 σὴν
633 1039 740 1075 βουλὴν,
764 1039 824 1066 οὐδὲ
848 1039 923 1075 παρὰ

130 1086 179 1122 τὴν
206 1085 256 1122 σὴν
271 1085 371 1120 γνῶσιν
393 1085 511 1120 ἐγένετο,
539 1086 631 1121 φησὶν,
655 1087 671 1121 ἡ
696 1085 836 1121 ἀφροσύνη
859 1095 921 1121 μου.

131 1131 201 1162 Ποία
225 1131 255 1159 δὲ
280 1131 348 1167 αῦτη
374 1132 398 1160 εἰ
428 1132 464 1167 μὴ
488 1133 504 1167 ή
525 1131 691 1167 νομιζομένη
725 1133 780 1164 τοῖς
801 1132 921 1165 πολλοῖς;

136 1176 181 1209 Ὧς
201 1177 256 1213 γὰρ
277 1177 294 1212 ὴ
314 1176 403 1212 μωρία
420 1177 546 1212 Ἕλλησιν
574 1177 711 1212 ἐνομίζετο
735 1177 835 1213 μωρία,
853 1178 924 1205 κατά

133 1221 226 1256 βαθεῖς
255 1221 284 1248 δὲ
306 1221 402 1256 λόγους
428 1222 496 1248 Θεοῦ
529 1222 728 1248 συνεστελεῐτο*
760 1223 807 1250 καὶ
833 1221 867 1259 ἦν
893 1223 923 1249 τὸ

131 1267 196 1304 παρ’
211 1267 366 1303 ἀνθρώποις
385 1268 477 1303 μωρὸν
500 1268 676 1304 νομιζόμενον
702 1268 853 1305 σοφώτερον
870 1269 922 1296 τῶν

130 1313 300 1350 ἀνθρώπων·
323 1314 457 1349 ηὐδόκησε
482 1314 536 1350 γὰρ
560 1315 574 1340 ὁ
596 1314 663 1346 Θεὸς
685 1314 728 1341 διὰ
751 1315 800 1350 τῆς
818 1315 923 1351 μωρίας

129 1360 175 1387 τοῦ
191 1360 368 1396 κηρύγματος
383 1361 468 1387 σῶσαι
490 1360 552 1392 τοὺς
570 1360 756 1392 πιστεύοντας
773 1361 858 1393 οὕτως
876 1362 922 1388 καὶ

131 1405 320 1442 ἡάφροσύνη,
342 1406 374 1441 ἣν
397 1406 430 1432 δι’
455 1406 528 1441 ἡμᾶς
550 1406 654 1441 ὑπῆλθε
682 1406 803 1438 κενώσας
827 1407 922 1433 ἑαυτὸν

130 1453 176 1479 καὶ
200 1451 308 1488 μορφὴν
321 1451 414 1478 δούλου
437 1452 526 1479 λαϐὼν
540 1453 586 1479 καὶ
607 1453 702 1488 μέχρις
718 1453 833 1479 θανάτου
850 1462 922 1488 παρ-

130 1498 225 1531 ελθὼν,
258 1499 400 1535 σοφωτέρα
423 1499 472 1534 τῆς
497 1499 550 1525 τῶν
578 1499 727 1535 ἀνθρώπων
760 1499 855 1533 σοφίας
876 1498 920 1535 ἦν.

135 1545 164 1574 ’0
175 1545 255 1581 λόγος
268 1545 322 1582 γὰρ
345 1547 359 1572 ό
379 1545 426 1572 τοῦ
444 1545 561 1581 σταυροῦ
578 1547 634 1577 τοῖς
653 1546 701 1581 μὲν
714 1546 920 1581 ἀπολλυμένοις,

979 293 1053 320 bam.
1069 303 1079 319 ι

1014 349 1099 377 Vsus.
1115 351 1141 376 ι.
1160 358 1169 375 ι
1191 349 1272 381 Deus,
1291 353 1319 376 tu
1343 350 1397 377 scis
1424 349 1606 384 insipientiam
1636 356 1736 376 meam.
1755 358 1764 373 ι

979 395 1216 429 Quemadmodum
1255 396 1365 423 divinus
1393 395 1540 430 Apostolus
1568 395 1678 422 stultum
1704 394 1764 425 hi,

978 442 1134 476 passionem
1152 440 1303 468 Salvatoris
1315 461 1322 473 ,
1338 445 1366 468 et
1383 449 1504 472 crucem,
1521 441 1706 469 inﬁrmitatem
1721 441 1765 467 in-

978 489 1108 522 culpatim
1123 488 1231 515 vocavit
1253 488 1349 515 dicens
1370 497 1376 514 :
1396 497 1405 513 ι
1424 487 1577 515 Crucilixus
1590 492 1675 515 estex
1690 487 1765 514 inﬁr-

977 534 1074 561 mitate
1086 534 1118 565 ‘;
1137 543 1147 560 ι
1166 541 1196 560 ac
1220 541 1350 561 rursum:
1370 543 1379 558 ι
1400 532 1455 560 Nos
1480 539 1569 561 autem
1587 534 1765 568 praedicamus

977 577 1117 605 Christum
1144 577 1318 609 cruciﬁxum,
1334 577 1437 605 Iudaeis
1459 578 1570 613 quidem
1587 578 1763 611 scandalum,

977 623 1106 657 gentibus
1121 627 1211 649 autem
1240 623 1396 655 stultitiam,
1410 624 1474 658 quia
1497 624 1569 659 quod
1593 624 1706 652 stultum
1723 627 1766 650 est

977 668 1036 700 Dei.
1053 669 1205 703 sapientius
1220 674 1262 697 est
1275 669 1447 698 hominibus:
1458 670 1566 705 etquod
1576 669 1712 698 intirmum
1722 672 1765 699 est

977 714 1036 746 Dei,
1050 715 1147 742 fortius
1155 719 1197 742 est
1209 715 1366 743 hominibus
1375 716 1404 749 ⁸;
1418 726 1426 741 ι
1437 717 1477 744 sic
1488 720 1516 744 ct
1531 717 1558 743 in
1574 716 1700 751 praesenti
1709 722 1764 742 non

980 761 1163 793 aberraveris,
1180 762 1203 788 si
1222 762 1407 796 insipientiam
1429 762 1472 790 hic
1498 766 1688 793 memoratam,
1706 760 1766 796 pari

976 806 1082 833 ratione
1104 807 1239 842 intelligas
1256 812 1337 842 atque
1361 808 1506 835 stultitiam
1523 808 1558 835 ab
1573 807 1706 843 Apostolo
1722 805 1766 834 di-

976 855 1057 878 ctam.
1073 851 1125 878 Sed
1142 852 1213 878 sicut
1229 853 1304 879 novit
1322 852 1453 880 Dominus
1468 853 1515 888 qui
1530 858 1594 880 sunt
1604 853 1676 888 ejus,
1696 860 1763 888 quo-

975 896 1049 923 niam
1062 896 1172 931 quidam
1187 897 1280 925 selecti
1293 898 1417 927 homines
1431 903 1495 928 sunt
1504 898 1551 926 Dei
1560 899 1717 934 cognitione
1727 898 1766 930 di-

975 943 1060 976 gnati,
1086 942 1121 969 ita
1145 942 1197 970 hoc
1225 943 1285 973 loco
1311 944 1467 979 insipientia
1482 945 1538 978 illa,
1551 952 1612 979 qum
1625 945 1707 980 digna
1722 947 1765 971 est

976 987 1022 1014 Dei
1047 989 1212 1023 cognitione,
1231 998 1357 1025 magnam
1382 990 1603 1026 profundamque
1629 991 1764 1018 rationem

975 1033 1180 1069 habuit.Neque
1193 1035 1264 1062 enim
1279 1041 1377 1070 praeter
1392 1036 1559 1064 voluntatem
1573 1043 1604 1063 ac
1615 1041 1712 1072 praeter
1721 1043 1766 1064 co-

974 1079 1124 1114 gnitionem
1138 1084 1212 1106 tuam
1229 1080 1335 1108 fuitilla
1363 1081 1520 1117 insipientia
1542 1089 1613 1109 mea.
1633 1081 1763 1116 Quaenam

975 1125 1032 1159 illa,
1045 1126 1097 1153 nisi
1109 1134 1169 1161 qua:
1185 1127 1247 1154 talis
1271 1136 1286 1154 a
1306 1128 1400 1155 multis
1416 1128 1579 1165 reputatur?
1594 1127 1671 1155 Sicut
1693 1128 1765 1155 enim

975 1171 1134 1207 insipientia
1148 1174 1193 1200 illa
1208 1174 1311 1202 Grzecis
1328 1175 1485 1210 insipientia
1506 1175 1709 1207 :estimabatur,
1722 1182 1765 1202 se-

975 1221 1097 1247 cundum
1114 1222 1278 1256 profundam
1293 1230 1358 1250 vero
1379 1222 1426 1250 Dci
1447 1223 1593 1254 rationem,
1613 1222 1646 1249 ad
1666 1221 1764 1250 melius

975 1267 1152 1301 vertebatur;
1168 1272 1194 1294 ct
1211 1267 1282 1302 quod
1301 1268 1336 1295 ab
1354 1268 1513 1295 hominibus
1523 1267 1636 1294 stultum
1651 1267 1766 1305 putaba-

976 1316 1031 1345 tur,
1057 1313 1209 1347 sapientius
1229 1318 1287 1341 erat
1305 1314 1481 1346 hominibus;
1499 1321 1562 1340 nam
1587 1312 1642 1340 Deo
1663 1313 1765 1348 placuit

975 1366 1022 1393 per
1039 1358 1180 1386 stultitiam
1194 1359 1397 1393 przedicationis
1405 1360 1549 1387 credentes
1560 1360 1650 1387 salvos
1663 1359 1763 1391 facere,

976 1406 1015 1434 sic
1030 1410 1056 1432 et
1071 1406 1198 1436 stultitia,
1210 1414 1291 1441 quam
1308 1411 1418 1441 propter
1432 1414 1483 1433 nos
1506 1407 1600 1437 subiit,
1617 1406 1765 1433 humilians

974 1451 1106 1485 scipsum.
1137 1451 1253 1478 fortnam
1295 1453 1365 1479 servi
1402 1452 1552 1487 accipiens,
1566 1457 1593 1479 et
1615 1460 1702 1487 usque
1729 1451 1766 1479 ad

975 1501 1091 1524 mortem
1111 1498 1256 1529 accedens.
1281 1499 1433 1533 sapientior
1458 1499 1515 1534 ipsa
1547 1499 1688 1526 hominum
1719 1507 1764 1526 sa-

975 1544 1076 1579 pientia
1094 1549 1161 1571 erat.
1175 1544 1242 1570 Nam
1261 1545 1352 1572 crucis
1366 1546 1434 1573 ratio
1448 1547 1625 1580 pereuntibus
1641 1546 1763 1581 quidem,

130 1593 212 1628 φησὶν
239 1593 253 1618 ό
279 1591 461 1624 ’Δπόστολος,
489 1592 579 1627 μωρία
604 1592 693 1623 ἐστὶν,
715 1593 738 1619 εἰ
763 1592 791 1618 δὲ
819 1592 919 1628 μωρία,

975 1590 1063 1625 inquit
1077 1589 1236 1625 Apostolus.
1257 1590 1374 1618 stultitia
1390 1596 1441 1620 est.
1458 1591 1537 1624 Quod
1557 1592 1580 1620 si
1606 1589 1719 1620 stultitia
1737 1596 1765 1620 et

128 1639 176 1665 καὶ
198 1637 358 1673 ἀφροσύνη,
389 1639 446 1669 τοῖς
471 1638 499 1664 δὲ
524 1638 690 1674 σωζομένοις
717 1640 782 1674 ἡμῖν
808 1638 922 1674 δύναμις

128 1682 196 1710 Θεοῦ
227 1684 296 1710 ἑστι.
328 1683 434 1719 Ταύτην
464 1682 509 1710 οὖν
535 1684 584 1719 τὴν
612 1684 768 1720 ἀφροσύνην
800 1685 847 1711 καὶ
873 1684 921 1720 τὴν

130 1728 235 1764 μωρίαν
260 1728 311 1756 οὐκ
336 1729 470 1764 ἠγνόησεν
491 1731 505 1756 ὁ
531 1729 613 1762 Θεός·
635 1730 717 1757 αὐτοῦ
748 1730 802 1766 γὰρ
832 1731 922 1766 κρίσει

128 1774 285 1811 γεγένηται,
317 1776 362 1802 Διό
386 1784 486 1811 φησιν·
517 1785 526 1801 ‹
545 1776 573 1803 ’0
600 1776 680 1808 Θεὸς,
705 1777 736 1803 σὺ
760 1777 846 1811 ἔγνως
873 1776 921 1812 τὴν

127 1821 285 1858 ἀφροσύνην
302 1830 364 1857 μου.
381 1830 390 1847 ι
425 1821 576 1857 Ἀπήλλαξε
602 1821 630 1848 δὲ
649 1823 723 1857 ἡμᾶς
750 1823 921 1858 πραγμάτων

127 1865 320 1905 ὸΣύμμαχος,
339 1867 510 1903 ἑρμηνεύσας
529 1867 576 1894 καὶ
597 1868 698 1894 είπώνι
728 1877 737 1893 ε
749 1868 778 1894 '0
794 1868 870 1900 Θεὸς,
888 1869 920 1895 σὺ

127 1914 202 1948 οἶδας
216 1915 267 1951 τὴν
283 1914 411 1950 ἀπειρίαν
434 1923 485 1950 μου
498 1923 505 1929 ·
523 1924 531 1939 ι
561 1915 690 1951 ἀπειρίαν
706 1915 806 1952 δηλαδὴ
825 1917 875 1951 τὴν
892 1917 921 1943 ἐν

128 1961 292 1999 ἀνθρώποις.
315 1962 371 1997 Τῆς
384 1961 438 1997 γὰρ
452 1962 480 1989 ἐν
497 1961 649 1997 ἀνθρώποις
670 1962 769 1994 κακίας
783 1962 921 1998 ἀλλότριος

128 2009 176 2040 ὣν,
190 2009 242 2045 τὴν
256 2008 342 2044 καλὴν
358 2007 458 2043 ταύτην
472 2008 598 2048 ἀπειρίαν
614 2008 758 2044 ἀνατίθησι
774 2009 806 2044 τῇ
822 2008 921 2043 γνώσει

127 2054 174 2082 τοῦ
193 2054 292 2083 ἑαυτοῦ
307 2054 424 2090 Πατρός.
445 2055 501 2084 Καὶ
517 2055 583 2090 ἄλλη
605 2055 633 2081 δὲ
649 2054 744 2090 Γραφὴ
761 2055 821 2081 θεία
837 2056 921 2090 ἀφροο

129 2101 213 2139 σύνης
230 2101 367 2137 μέμνηται
383 2100 430 2127 τοῦ
445 2100 572 2137 Σωτῆρος
590 2100 742 2136 συμφώνως
761 2102 793 2136 τῇ
810 2110 919 2137 προκει‹

130 2147 210 2185 μένῃ.
228 2146 386 2182 Γέγραπται
409 2146 475 2180 γοῦν
495 2146 523 2172 ἐν
536 2147 701 2182 Παροιμίαις
713 2155 719 2161 ·
740 2156 748 2171 ι
761 2146 830 2173 Τάδε
848 2147 921 2181 λέγει

127 2193 197 2231 ἀνὴρ
219 2194 276 2225 τοῖς
300 2193 457 2220 πιστεύουσι
476 2192 546 2228 Θεῷ,
567 2193 613 2219 καὶ
635 2193 767 2228 παύομαι.
795 2193 921 2229 Ἀφρονέ-

129 2248 227 2271 στατος
244 2239 300 2275 γάρ
321 2240 380 2274 εἰμι
403 2239 512 2265 πάντων
538 2238 700 2274 ἀνθρώπων,
719 2239 766 2265 καὶ
789 2239 920 2275 φρόνησις

128 2284 272 2321 ἀνθρώπου
285 2284 335 2311 οὐκ
347 2284 419 2310 ἔστιν
433 2285 462 2311 ἐν
475 2284 545 2319 ἐμοί.
556 2284 621 2315 Θεὸς
634 2284 752 2319 δεδίδαχὲ
766 2294 798 2319 με
814 2286 919 2320 σοφίαν,

128 2332 176 2359 καὶ
201 2331 302 2367 γνῶσιν
329 2331 414 2365 ἁγίων
438 2332 554 2366 ἔγνωκα.
570 2341 578 2357 ι
609 2332 664 2358 Καὶ
693 2332 722 2358 ἐν
744 2332 848 2363 τούτοις
867 2333 921 2368 γὰρ

128 2377 238 2405 πάντων
265 2377 314 2413 μὲν
336 2377 487 2413 ἀνθρώπων
513 2378 711 2413 ἀφρονέστατον
737 2378 831 2405 ἑαυτὸν
852 2376 921 2406 εἶναι

127 2423 214 2458 λέγει,
229 2423 277 2450 καὶ
291 2424 422 2460 φρόνησιν
445 2424 588 2460 ἀνθρώπου
611 2425 648 2459 μὴ
669 2424 828 2459 ἐσχηκέναι·
847 2426 921 2460 ὅμως

127 2467 156 2495 δὲ
174 2467 240 2504 παρ’
254 2467 336 2495 αὑτοῦ
356 2467 403 2494 τοῦ
416 2468 482 2494 Θεοῦ
500 2468 651 2503 δεδιδάχθαι
668 2469 717 2503 τὴν
735 2470 921 2505 πνευματικὴν

129 2513 236 2548 σοφίαν,
254 2513 302 2539 καὶ
314 2513 363 2547 τὴν
377 2513 478 2547 γνῶσιν
491 2513 544 2540 τῶν
559 2514 642 2547 ἁγίων
657 2514 815 2547 ἐγνωκέναι.
842 2515 920 2542 Ἀλλὰ

129 2558 176 2587 καὶ
195 2569 206 2586 ι
228 2560 257 2587 αί
287 2559 474 2596 πλημμέλειαί
496 2569 564 2595 μου,
590 2562 689 2595 φησὶν,
722 2561 775 2587 ἀπὸ
800 2562 848 2588 σοῦ
872 2562 921 2588 οὐκ

129 2604 337 2641 ἀπεκρύξησαν.
353 2615 361 2630 ι
389 2605 420 2630 Et
441 2604 496 2640 γὰρ
519 2602 590 2640 ἦσάν
612 2614 683 2642 τινες
706 2607 734 2632 ὲν
750 2607 811 2641 ἐμοὶ
832 2606 922 2641 πλημ-

131 2649 247 2684 μέλειαι,
269 2650 304 2677 δι’
326 2650 359 2682 ἃς
380 2650 418 2686 τῷ
440 2651 547 2686 σταυρῷ
565 2660 598 2686 με
616 2652 830 2687 προσετίμησαν,
852 2653 922 2687 τάχα

130 2703 182 2722 που
205 2696 238 2723 σὺ
258 2696 367 2732 πρῶτος
383 2696 484 2730 ἔγνως,
507 2696 537 2722 ὃν
552 2696 693 2726 λανθάνειν
712 2696 787 2723 οὐδὲν
805 2694 861 2723 οἷον
875 2706 919 2724 τε·

131 2740 188 2767 ἀλλ’
201 2740 382 2777 obob/5:012)
400 2738 481 2777 ἦσαν.
503 2741 548 2767 Διὸ
565 2742 590 2768 οἱ
608 2741 749 2780 μισοῦντές
767 2751 799 2777 με
817 2742 921 2781 δωρεὰν

132 2786 259 2825 ἑμίσουν,
298 2787 345 2815 καὶ
373 2788 398 2814 οἱ
433 2787 609 2820 ὲκδιώκοντὲς
636 2797 669 2823 με
697 2788 798 2819 ἀδίκως
830 2788 847 2814 ἆ
874 2788 923 2823 οὐχ

132 2832 245 2874 ﬁmum:
271 2833 447 2870 ἐξὲπραττον.
479 2834 555 2861 Ἐπεὶ
577 2833 604 2860 δὲ
622 2833 850 2869 ψευδομάρτυρας
876 2834 922 2860 καὶ

171 2912 180 2928 ⁵
199 2911 220 2940 ll
237 2912 301 2940 Cor.
323 2921 381 2948 xm,
403 2913 427 2940 t.
467 2915 476 2928 '
498 2913 506 2940 l
525 2914 584 2941 Cor.
609 2921 626 2945 i,
647 2912 740 2940 23-25.

974 1636 1131 1671 insipientia
1145 1641 1197 1668 est,
1218 1636 1299 1664 nobis
1314 1641 1404 1663 tamen
1421 1637 1537 1665 salutem
1570 1638 1658 1666 nactis
1675 1638 1764 1666 virtus

974 1680 1020 1708 Dei
1035 1685 1087 1708 est.
1103 1680 1177 1708 llanc
1193 1681 1276 1716 igitur
1297 1681 1483 1717 insipientiam
1502 1688 1529 1709 et
1548 1683 1692 1710 stultitiam
1709 1691 1764 1710 non

973 1727 1109 1763 ignoravit
1129 1726 1218 1762 Deus;
1236 1735 1299 1754 nam
1328 1727 1416 1762 ipsius
1439 1728 1544 1763 judicio
1567 1729 1682 1757 exstitit.
1701 1729 1765 1756 Ideo

973 1773 1031 1800 ait:
1051 1783 1060 1798 ι
1081 1773 1162 1806 Deus,
1190 1779 1218 1802 tu
1248 1775 1304 1802 scis
1338 1775 1523 1810 insipientiam
1557 1783 1657 1802 meam.
1679 1785 1689 1802 ι
1708 1774 1764 1803 Nos

972 1827 1038 1846 vero
1055 1818 1237 1854 Symmachus
1252 1820 1286 1850 ab
1309 1820 1360 1847 hac
1377 1828 1407 1851 re
1430 1820 1577 1855 expedivit,
1605 1820 1645 1848 sic
1676 1821 1763 1848 inter-

973 1869 1097 1900 pretatus
1113 1875 1119 1892 :
1139 1875 1148 1891 ‹
1169 1865 1251 1896 Deus,
1269 1870 1297 1893 tu
1313 1866 1368 1893 scis
1381 1866 1545 1901 imperitiam
1562 1874 1661 1901 meam,
1683 1876 1693 1893 ι
1712 1867 1766 1894 im-

973 1911 1098 1946 peritiam
1114 1911 1220 1939 scilicet
1236 1920 1296 1949 quze
1320 1913 1348 1940 in
1371 1912 1530 1940 hominibus
1548 1917 1600 1940 est.
1613 1912 1680 1940 Nam
1700 1922 1762 1940 cum

973 1957 1007 1984 ab
1024 1957 1165 1984 hominum
1192 1958 1296 1985 malitia
1327 1959 1434 1986 alienus
1451 1963 1536 1991 esset,
1552 1959 1623 1987 hanc
1649 1960 1764 1994 probam

973 2005 1137 2040 imperitiam
1155 2005 1245 2032 Patris
1273 2006 1315 2034 sui
1357 2006 1506 2043 cognitioni
1535 2006 1668 2041 assignat.
1692 2005 1764 2033 Alibi

972 2058 1081 2085 quoque
1094 2051 1186 2078 divina
1204 2051 1347 2088 Scriptura
1361 2053 1526 2088 insipientia;
1543 2052 1694 2079 Salvatoris
1706 2059 1764 2080 me-

972 2097 1062 2130 minit,
1082 2096 1181 2135 hisque
1210 2102 1355 2131 consonat.
1386 2098 1526 2139 Scriptum
1556 2099 1648 2134 itaque
1669 2102 1712 2126 est
1735 2098 1765 2126 in

972 2143 1128 2171 Proverbiis
1161 2154 1167 2171 :
1187 2153 1196 2170 ι
1226 2144 1288 2172 Ηαξο
1301 2145 1369 2173 dicit
1388 2146 1430 2175 vir
1456 2146 1632 2175 credentibus
1649 2146 1714 2178 Deo.
1737 2150 1766 2173 et

972 2197 1062 2217 cesso.
1089 2189 1274 2218 Stultissimus
1285 2191 1358 2219 cnim
1375 2200 1436 2220 sum
1463 2193 1585 2220 omnium
1611 2193 1764 2224 hominum,

972 2239 999 2262 et
1015 2236 1160 2274 prudentia
1184 2236 1303 2265 hominis
1320 2245 1374 2265 non
1396 2243 1438 2266 est
1465 2239 1492 2266 in
1510 2247 1565 2266 me.
1586 2238 1658 2266 Deus
1672 2238 1766 2265 docuit

975 2288 1019 2307 me
1035 2281 1209 2318 sapientiam,
1223 2286 1250 2309 et
1264 2283 1448 2318 cognitionem
1464 2289 1622 2311 sanctorum
1644 2282 1736 2310 novi‘.
1752 2291 1762 2308 ι

976 2326 1004 2353 In
1022 2327 1066 2355 his
1084 2335 1204 2363 namque
1216 2336 1246 2355 se
1263 2329 1386 2356 omnium
1412 2330 1554 2356 hominum
1575 2328 1766 2363 insipientissi-

976 2379 1050 2398 mum
1070 2373 1240 2407 pronuntiat,
1261 2377 1288 2400 et
1315 2373 1489 2409 prudentiam
1513 2373 1632 2400 hominis
1661 2381 1690 2400 se
1709 2380 1764 2399 non

976 2419 1076 2446 habere
1092 2419 1158 2446 dicit
1176 2428 1182 2446 :
1198 2419 1245 2447 sed
1272 2423 1363 2452 tamen
1381 2420 1415 2446 ab
1434 2419 1493 2455 ipso
1509 2418 1565 2446 Deo
1584 2419 1711 2446 edoctum
1736 2427 1765 2447 se

976 2465 1148 2500 spiritualem
1167 2465 1341 2499 sapientiam,
1357 2469 1384 2492 et
1400 2464 1584 2500 cognitionem
1607 2470 1765 2492 sanctorum

976 2519 1058 2539 nosse
1070 2514 1177 2538 narrat.
1195 2510 1248 2538 Sed
1266 2511 1360 2543 etiam,
1381 2510 1480 2546 inquit,
1493 2519 1503 2536 ‹
1521 2510 1621 2538 delicta
1637 2519 1723 2538 meaa
1739 2515 1766 2538 te

974 2564 1030 2584 non
1062 2562 1125 2584 sunt
1157 2557 1327 2585 abscondita.
1346 2566 1356 2583 ι
1375 2556 1441 2584 Nam
1460 2557 1482 2584 si
1510 2557 1635 2593 quaedam
1662 2558 1690 2585 in
1722 2566 1766 2586 me

975 2603 1076 2631 delicta
1101 2608 1205 2635 essent,
1235 2604 1270 2631 ob
1294 2611 1355 2639 qua:
1383 2611 1427 2631 me
1456 2604 1531 2631 cruci
1556 2604 1765 2639 destinaverint,

976 2657 1042 2677 sane
1055 2653 1084 2676 tu
1102 2649 1206 2685 primus
1220 2657 1328 2682 nosses,
1342 2650 1384 2676 cui
1404 2650 1490 2677 latere
1507 2650 1575 2677 nihil
1591 2654 1699 2685 potest;
1716 2650 1764 2681 sed

976 2696 1051 2723 nulla
1063 2701 1152 2723 erant.
1174 2696 1264 2728 Quare
1275 2697 1320 2732 qui
1333 2696 1448 2724 oderant
1460 2705 1512 2729 me,
1527 2697 1612 2732 gratis
1629 2697 1742 2724 oderant
1756 2706 1763 2722 :

976 2746 1003 2770 et
1015 2742 1061 2778 qui
1074 2742 1311 2778 persequebantur
1327 2751 1380 2776 me,
1402 2743 1505 2778 injuste
1527 2752 1588 2779 qua:
1615 2752 1670 2771 non
1687 2744 1764 2780 rapui

976 2788 1131 2824 exigebant.
1149 2788 1219 2827 Quia
1244 2798 1310 2817 vero
1323 2789 1407 2817 falsos
1430 2793 1514 2818 testes
1538 2794 1565 2818 et
1581 2790 1764 2826 symphantas

976 2834 1010 2861 ad
1029 2842 1072 2862 me
1087 2836 1273 2863 accusandum
1303 2836 1502 2870 subornarunt,
1516 2842 1544 2865 tu
1565 2838 1649 2872 nosti,
1665 2837 1762 2874 inquit,

782 2913 791 2925 ‘
812 2911 892 2940 Prov.
915 2920 977 2944 xu,
1001 2913 1054 2940 1-5.
