2041 3215
268 198 320 225 733

600 191 736 222 EUSEBll
755 187 996 220 C/ESARIENSIS
1013 185 1090 215 OPP.
1110 183 1202 212 PARS
1220 183 1264 211 Ill.
1285 198 1321 205 —-
1340 181 1546 211 EXEGETICA.

1853 178 1904 207 756

268 257 340 285 Dens
352 263 417 284 num
435 256 500 291 quid
514 258 658 290 peccatum
675 262 690 280 ιι
710 260 753 280 me
778 253 822 279 sit.
837 251 931 286 Neque
952 249 1025 277 enim
1039 248 1056 275 si

1115 246 1286 280 συκοφάντας
1304 245 1420 280 ἔστησαν
1437 244 1467 270 ὲν
1481 244 1514 278 τῇ
1533 242 1592 269 κατ’
1610 240 1676 277 ἐμοῦ
1693 240 1854 276 κατηγορία,
1873 241 1905 268 σὺ

267 302 392 338 quaedam
403 302 472 329 mihi
500 301 599 328 delicta
616 301 749 330 inessent.
768 298 817 325 tibi
831 301 924 325 essent
942 295 1059 323 occulta.

266 347 300 375 Et
317 347 396 378 alias,
413 347 436 374 si
451 351 545 373 nostra
562 345 621 379 ipse
638 348 748 379 peccata
766 342 906 374 abstersit,
919 346 946 368 et
973 341 1061 367 factus

266 382 373 429 estt'pro
396 393 478 420 nobis
502 391 692 421 maledictum,
709 390 746 416 ita
768 393 797 416 ut
819 388 853 415 de
866 388 913 415 illo
926 387 1034 414 dicatur
1053 394 1060 412 :

270 451 278 466 ι
300 439 360 475 ipse
378 442 492 474 peccata
513 442 606 464 nostra
632 441 733 471 portat,
747 441 773 463 et
796 442 845 470 pro
861 435 939 462 nobis
955 434 1062 461 crucia-

267 491 322 514 tur.
340 486 372 512 Et
388 487 447 520 ipse
458 485 619 512 vulneratus
637 487 679 510 est
696 487 808 517 propter
822 485 934 515 peccata
954 483 1059 511 nostra,

268 533 422 560 infirmatus
438 536 479 558 est
502 535 612 565 propter
632 528 791 562 iniquitates
821 530 942 553 nostras.
959 526 990 552 lit
1009 525 1059 552 Do-

268 579 362 606 minus
379 576 494 604 tradidit
510 583 572 603 eum
598 575 718 610 peccatis
748 573 880 600 nostris'.
898 581 908 598 ›
928 571 1001 603 Haec,
1019 571 1061 598 in-

268 625 337 659 quit.
361 623 461 650 delicta
497 629 547 657 pro
571 619 728 647 hominibus
763 618 897 653 suscepi:
918 621 948 644 tu
973 617 1058 649 nosti,

268 670 351 701 Deus,
366 669 431 705 quia
447 676 501 695 non
519 666 677 694 abscondita
700 666 748 692 tibi
777 669 851 692 sunt.
871 663 965 698 Neque
981 663 1056 691 enim

268 720 367 752 praeter
381 715 527 742 consilium
544 719 618 740 tuum
645 712 740 739 istliaae
766 711 887 739 susccoi.
903 709 992 742 Quare
1015 710 1059 736 illa

269 763 364 790 notitia
381 766 428 788 tua
444 761 525 796 digna
543 758 668 787 effecisti.

302 904 386 932 Vens.
403 905 427 930 7.
443 913 452 929 ‹
472 903 532 931 Non
547 902 713 930 erubescant
738 902 765 928 in
777 909 821 928 me
836 900 882 935 qui
896 903 1059 935 exspectant

1113 290 1196 324 οἶδας,
1222 292 1315 327 φησὶν,
1339 293 1353 318 ὁ
1367 290 1451 322 Θεὸς,
1475 290 1502 316 εἴ
1514 289 1575 315 τινά
1595 297 1640 324 μοι
1663 286 1902 322 πεπλημμέληται.

1112 338 1149 365 Οὐ
1171 338 1225 374 γὰρ
1248 338 1281 364 ἂν
1301 336 1456 372 ὲκρύϐησάν
1482 345 1530 366 σε.
1554 335 1580 361 εἴ
1600 342 1672 365 τινες
1697 331 1767 369 ἦσαν
1790 333 1820 359 ὲν
1843 333 1906 368 ἐμοὶ

1113 384 1307 420 πλημμέλειαι.
1321 384 1375 411 Καὶ
1389 383 1488 414 ἄλλως.
1500 383 1524 408 εἰ
1536 381 1585 412 τὰς
1596 380 1733 416 ἡμετέρας
1749 378 1906 415 ἀνεμάξατο

1112 431 1264 466 ἁμαρτίας,
1283 430 1330 456 καὶ.
1346 429 1458 464 γέγονεν
1476 428 1546 462 ὑπὲρ
1569 426 1646 463 ἡμῶν
1668 426 1790 461 κατάρα,
1806 426 1844 457 ὡς
1860 425 1906 452 λέ-

1111 477 1207 511 γεσθαι
1232 477 1297 512 περὶ
1324 475 1422 502 αὐτοῦ·
1453 485 1461 500 ι
1479 472 1564 504 Οὗτος
1589 473 1638 505 τὰς
1661 472 1799 508 ἁμαρτίας
1822 472 1904 507 ἡμῶν

1112 521 1200 558 φέρει,
1219 521 1265 548 καὶ
1290 521 1354 556 περὶ
1368 519 1446 555 ἡμῶν
1468 519 1604 546 ὀδυνᾶται.
1627 518 1682 544 Καὶ
1704 517 1785 549 αὐτὸς
1804 517 1905 553 ἐτραυ-

1113 567 1231 603 ματίσθη
1248 567 1293 594 διὰ
1308 567 1358 599 τὰς
1374 565 1509 602 ἁμαρτίας
1528 565 1616 601 ἡμῶν,
1632 565 1679 591 καὶ
1701 563 1904 600 μεμαλάκισται

1111 614 1154 641 διὰ
1167 614 1218 645 τὰς
1234 613 1349 649 ἀνομίας
1364 612 1452 649 ἡμῶν.
1467 612 1522 638 Καὶ
1533 611 1635 647 Κύριος
1652 610 1808 646 παρέδωκεν
1821 610 1904 637 αὐτὸν

1110 661 1168 691 ταῖς
1181 661 1329 696 ἁμαρτίαις
1341 659 1445 695 ἡμῶν.»
1463 658 1517 686 Καὶ
1530 658 1640 690 ταύτας,
1657 657 1732 694 φησὶ,
1748 658 1797 689 τὰς
1812 658 1903 694 πλημ-

1112 705 1222 740 μελείας
1248 706 1319 741 ὑπὲρ
1350 705 1501 742 ἀνθρώπων
1528 704 1710 739 ἀνεδεξάμην·
1743 704 1775 730 σὺ
1803 703 1902 737 ἔγνως,

1110 752 1124 777 ὁ
1140 750 1216 782 Θεὸς,
1228 751 1289 777 ἐπεὶ
1313 751 1350 786 μὴ
1373 751 1568 786 ἀπεκρύὸησάν
1584 759 1623 777 σε.
1644 750 1681 776 υὺ
1702 748 1756 785 γὰρ
1773 749 1835 784 δίχα
1851 749 1902 784 τῆς

1111 797 1160 832 σῆς
1177 797 1330 833 βουλήσεως
1360 798 1462 830 ταύτας
1486 797 1672 832 ἀνεδεξάμην·
1694 796 1734 822 διὸ
1756 795 1804 822 καὶ
1822 795 1903 828 ἀξίας

1110 841 1158 877 τῆς
1173 842 1272 869 σαυτοῦ
1286 843 1413 878 γνώσεως
1425 843 1510 875 αὑτὰς
1522 843 1650 878 ἐποιήσω.

1134 908 1142 922 ι
1149 898 1194 934 Μὴ
1203 899 1410 934 αἰσχυνθείησαν
1418 899 1516 934 ἐπ’ὲμὲ
1528 900 1553 925 οἱ
1562 899 1743 934 ὑπομένοντες
1752 907 1791 930 σε,
1802 897 1902 934 Κύριε,

268 955 305 983 te,
333 950 457 981 Domine,
484 949 596 975 Domine
619 949 761 975 virtutum.
783 957 792 972 ι
809 945 878 979 Quia
907 944 1056 972 doetrinam

1112 944 1198 980 Κύριε
1210 945 1264 972 τῶν
1280 945 1429 981 δυνάμεων.
1438 956 1447 971 ι
1458 946 1567 981 Ἐπειδὴ
1581 946 1630 981 τὴν
1645 946 1712 982 ἐμὴν
1727 945 1903 973 διδασκαλίαν

267 1005 354 1025 meatu
369 997 507 1032 sapientes
531 995 614 1029 hujus
631 995 724 1022 szeculi
747 994 939 1024 criminantur,
957 992 1059 1026 ipsam-

267 1051 320 1079 que
333 1042 438 1078 pellunt
453 1046 483 1069 ut
499 1041 659 1076 insipientia
680 1043 707 1067 et
734 1039 850 1066 stultitia
868 1039 975 1073 plenam
996 1044 1059 1072 pro—

266 1094 326 1125 pter
357 1089 569 1125 ignominiosam
596 1095 717 1118 crueem,
745 1094 842 1121 precor
860 1094 891 1113 ac
918 1093 993 1120 rogo.
1011 1092 1059 1112 eos

266 1136 313 1171 qui
330 1135 447 1163 credunt
469 1135 496 1161 in
512 1142 555 1161 me
573 1134 622 1161 abs
637 1138 663 1160 te
683 1133 786 1160 servari
813 1132 1006 1161 immutabiles.
1022 1132 1059 1158 ita

267 1186 297 1210 ut
326 1190 467 1218 nunquam
499 1181 673 1208 erubescant.
691 1179 782 1213 Quare
799 1183 826 1206 lu
845 1179 913 1214 ipse,
934 1178 1057 1209 Domine,

268 1228 382 1256 Domine
412 1228 555 1258 virtutum,
573 1234 621 1254 eos
648 1226 695 1261 qui
722 1229 834 1261 propter
874 1224 1056 1259 cognitionem

266 1279 341 1302 tuam
373 1282 388 1301 τι
414 1282 457 1302 me
485 1273 615 1300 traditam
641 1273 849 1307 impugnantur,
884 1270 930 1306 qui
964 1270 1057 1305 gravia

266 1328 373 1355 semper
385 1320 538 1354 patiuntur.
548 1323 575 1346 et
588 1326 675 1353 usque
689 1317 723 1344 ad
737 1321 851 1344 mortem
865 1320 1052 1352 perseverant,

266 1375 300 1394 ne
324 1367 511 1400 derelinquas,
529 1373 562 1391 ne
590 1365 617 1392 in
643 1372 686 1391 me
707 1369 850 1399 sperantes
883 1363 1056 1391 confundan-

264 1416 321 1446 tur,
336 1412 383 1448 qui
402 1415 429 1439 te
452 1411 537 1439 Deum
567 1410 652 1439 Israel
675 1411 834 1445 exquirunt.
850 1410 964 1437 Etiamsi
986 1410 1057 1437 enim

265 1465 291 1486 te
305 1460 370 1487 olim
386 1467 441 1486 non
456 1462 613 1490 noscerent,
629 1458 693 1492 quia
706 1457 877 1485 dmmonihus
893 1457 973 1484 malis
991 1457 1057 1484 sub—

264 1505 315 1533 diti
332 1509 412 1533 erant
425 1514 432 1539 ;
447 1509 474 1532 at
485 1505 541 1539 jam
555 1512 617 1531 cum
627 1508 654 1531 te
664 1509 790 1536 noscant.
800 1505 827 1531 in
842 1505 965 1531 omnium
983 1504 1055 1530 obli-

264 1552 373 1579 vionem
390 1556 536 1583 venerunt,
552 1556 634 1586 teque
654 1551 742 1578 solum
768 1550 916 1585 quaerendo
931 1558 1057 1585 persevc-

265 1602 336 1625 rant.
352 1598 536 1631 Quamobrem
552 1597 688 1632 supplicio
706 1605 741 1624 nc
764 1597 982 1628 confundantur,
1003 1605 1055 1624 neu
1071 1608 1091 1635 ρ

267 1653 277 1669 ι
298 1643 449 1677 ignominia
473 1642 638 1676 afficiantur;
660 1652 669 1668 ι
694 1643 734 1669 sic
762 1643 835 1669 enim
861 1644 1057 1678 interpretatus

266 1686 449 1722 Symmachus
473 1691 515 1715 est
533 1695 539 1713 :
559 1697 568 1712 ι
590 1687 630 1715 Ne
661 1687 867 1714 confundantur
893 1695 975 1722 super
1001 1695 1056 1720 me,

265 1734 312 1769 qui
331 1737 492 1768 exspectant
508 1738 545 1767 te,
560 1734 675 1762 Domine
688 1734 760 1761 Deus
776 1734 919 1765 virtutum,
936 1742 969 1761 ne
980 1734 1058 1768 igno-

265 1779 350 1806 minia
374 1778 530 1806 afficiantur
553 1787 636 1814 super
657 1787 700 1806 me
717 1780 764 1815 qui
789 1785 915 1815 quierunt
930 1783 967 1810 te,
986 1779 1058 1807 Deus

265 1825 359 1852 Israel.
383 1834 392 1851 ι
414 1823 550 1853 Observes
581 1833 663 1860 porro
702 1825 841 1861 quomodo
872 1825 976 1852 dictum
1010 1825 1056 1856 sit.

267 1879 278 1896 ε
302 1869 428 1901 Domine.
445 1869 558 1898 Domine
578 1872 728 1904 virtutum;
748 1881 757 1897 ι
776 1871 812 1898 ita
835 1875 865 1898 ut
891 1878 990 1898 nomen
1005 1870 1058 1896 Do-

264 1915 332 1943 mini
345 1915 500 1950 repetitum,
517 1919 544 1943 et
564 1916 597 1943 ad
613 1915 698 1943 Deum
719 1917 912 1943 universorum
941 1916 1057 1943 relatum

262 1962 310 1990 sit.

301 2019 387 2047 Vens.
401 2020 428 2051 8,
443 2019 470 2047 9.
490 2029 498 2045 ι
519 2019 655 2053 Quoniam
685 2025 797 2055 propter
821 2024 849 2047 te
875 2019 994 2048 sustinui
1009 2027 1058 2054 op-

264 2067 420 2102 probrium.
437 2067 545 2101 operuit
567 2066 694 2093 confusio
724 2066 819 2093 facienti
846 2075 946 2093 meam.
970 2076 978 2092 I
999 2066 1057 2092 Cur

263 2111 328 2143 teri,
346 2112 447 2146 inquit,
466 2112 591 2139 homines
612 2113 647 2138 ob
670 2115 780 2146 peccata
807 2119 856 2139 sua
873 2111 1054 2146 correptioni-

265 2157 317 2187 bus
330 2163 355 2184 et
370 2157 528 2192 opprobriis
554 2158 757 2192 subjiciuntur;
773 2165 822 2193 ego
847 2165 912 2184 vero
925 2158 971 2192 qui
994 2165 1057 2192 pec-

264 2209 356 2231 calutn
375 2212 431 2231 non
448 2204 521 2235 novi.
540 2209 652 2238 propter
670 2208 696 2231 te
719 2204 837 2232 sustinui
865 2204 1054 2240 opprobrium,

263 2251 328 2286 quia
345 2254 373 2277 tu
388 2250 457 2285 ipse,
472 2249 544 2278 Deus
573 2250 715 2277 hominum
740 2256 855 2282 amator,
869 2258 919 2285 pro
937 2250 1055 2277 humano

263 2303 365 2333 genere
380 2303 424 2323 me
441 2300 583 2330 percolunt
597 2295 700 2328 fecisti;
716 2301 744 2323 ut
761 2297 806 2331 qui
824 2297 940 2324 credunt
955 2296 982 2323 in
998 2304 1051 2329 me,

260 2341 369 2379 justitia
384 2341 546 2370 efﬁciantur.
563 2341 620 2369 lmo
639 2341 721 2370 etiam
738 2352 747 2367 ‹
763 2347 874 2377 propter
890 2347 915 2369 te
934 2342 1053 2369 sustinui

262 2389 450 2424 opprobrium,
467 2398 476 2414 ι
492 2397 554 2415 cum
569 2397 603 2416 ex
621 2388 763 2416 voluntate
779 2392 825 2415 tua
836 2396 878 2416 me
889 2388 922 2415 ad
937 2388 1052 2415 nihilum

262 2435 366 2470 redegi.
391 2439 418 2462 et
446 2435 480 2462 ad
501 2439 616 2462 mortem
633 2435 729 2470 usque’
742 2434 877 2470 depressi,
907 2443 962 2470 quo
986 2440 1054 2462 tem-

263 2488 329 2517 pore
355 2485 553 2516 praetereuntes
580 2481 820 2516 blasphemabant,
850 2486 991 2509 moventes
1008 2490 1054 2508 ca-

262 2528 318 2562 pita
336 2535 384 2554 sua
401 2531 428 2554 et
442 2527 565 2554 dicentes
581 2537 587 2554 :
607 2537 615 2552 ι
633 2526 702 2559 Vah,
716 2527 763 2562 qui
775 2527 895 2555 destruis
911 2528 1052 2563 templum,

262 2577 290 2602 et
315 2573 342 2599 in
368 2573 456 2601 tribus
478 2574 575 2602 diebus
603 2574 734 2605 aedificas,
753 2574 859 2601 salvum
889 2573 933 2601 fac
957 2579 1052 2602 temet-

264 2619 365 2654 ipsum.
379 2619 407 2645 Si
427 2618 513 2647 Filius
527 2619 574 2648 Dei
590 2629 630 2652 es,
645 2620 781 2648 descende
793 2621 827 2648 de
842 2629 935 2648 cruce.
953 2621 1053 2648 Simili-

263 2669 305 2692 ter
316 2667 343 2692 et
360 2665 500 2700 principes
521 2667 695 2696 sacerdotum
713 2667 860 2694 illndentes
876 2674 938 2693 cum
963 2673 1054 2693 sacer-

263 2711 374 2738 dotibus
398 2715 425 2738 et
437 2710 544 2738 Scribis
571 2716 597 2739 et
621 2712 768 2741 Pharisais
788 2713 917 2740 dicebant
946 2720 953 2737 :
978 2712 1052 2740 Alios

264 2757 356 2784 salvos
385 2756 460 2787 fecit,
477 2757 598 2791 seipsum
626 2766 681 2785 non
705 2762 794 2793 potest
820 2758 925 2785 salvum
951 2757 1052 2785 facere.

265 2802 294 2830 Si
322 2811 370 2830 rex
400 2803 486 2830 Israel
509 2807 563 2834 est,
581 2804 731 2832 descendat
759 2813 831 2833 nunc
854 2805 888 2832 de
920 2812 1012 2834 cruce.
1026 2809 1053 2831 ct

263 2848 407 2877 credemus
427 2849 464 2876 ei.
486 2849 611 2884 Speravit
644 2851 669 2877 in
696 2851 790 2884 Deum,
809 2851 908 2886 eripiat
932 2859 1005 2884 eum,
1028 2850 1051 2878 si

301 2916 311 2933 ⁷
330 2915 380 2947 Isa.
404 2924 462 2950 Llll,
484 2917 544 2945 4-6.

1111 991 1135 1017 οἱ
1156 991 1233 1025 σοφοὶ
1254 992 1301 1018 τοῦ
1317 992 1414 1024 αἰῶνος
1430 992 1523 1018 τούτου
1544 991 1740 1024 διαϐάλλουσιν,
1758 992 1903 1019 ἐλαύνουσί

1110 1046 1139 1063 τε
1159 1038 1242 1073 αὐτὴν
1261 1038 1298 1070 ὡς
1318 1039 1418 1074 μεστὴν
1436 1039 1591 1075 ἀφροσύνης
1605 1040 1652 1066 καὶ
1676 1040 1779 1074 μωρίας
1793 1040 1837 1066 διὰ
1854 1041 1903 1067 τὸν

1110 1084 1291 1111 ἑπονεὶδιστον
1309 1085 1434 1120 σταυρὸν,
1449 1085 1580 1111 ἀντιϐολῶ
1596 1085 1642 1111 καὶ
1658 1085 1762 1120 δέομαι,
1777 1086 1841 1117 τοὺς
1861 1087 1903 1118 εἰς

1109 1132 1159 1166 ἐμὲ
1175 1131 1351 1163 πιστεύοντας
1366 1130 1545 1166 φυλάττεσθαι
1560 1131 1612 1157 ὑπὸ
1630 1130 1675 1157 σοῦ
1693 1131 1900 1167 ὰδιατρέπτους,

1109 1179 1146 1210 ὡς
1166 1179 1270 1214 μήποτε
1284 1178 1523 1214 ωταισχυνθῆναι.
1540 1178 1584 1204 Διὸ
1603 1179 1634 1204 σὺ
1652 1178 1746 1210 αὐτὸς,
1763 1175 1786 1204 ὦ
1800 1179 1901 1214 Κύριε,

1109 1225 1195 1260 Κύριε
1216 1224 1270 1251 τῶν
1291 1224 1442 1259 δυνάμεων,
1468 1224 1530 1256 τοὺς
1555 1223 1773 1260 πολεμουμένους
1788 1223 1833 1250 διὰ
1850 1226 1903 1261 τὴν

1110 1271 1158 1306 σὴν
1183 1271 1300 1305 γνῶσιν,
1326 1271 1359 1306 ἣν
1384 1271 1428 1296 ὑπ’
1454 1270 1521 1306 ἐμοῦ
1551 1270 1754 1307 παρειλήφασι,
1783 1271 1903 1298 πάντοτε

1109 1318 1294 1353 ὑπομένοντας
1308 1317 1342 1343 τὰ
1355 1317 1430 1344 δεινὰ
1445 1317 1492 1344 καὶ
1510 1317 1589 1354 μέχρι
1602 1318 1718 1344 θανάτου
1735 1318 1904 1354 καρτεροῦν-

1108 1372 1172 1396 τας,
1193 1363 1229 1399 μὴ
1247 1363 1446 1399 ἐγκαταλείπῃς
1459 1384 1466 1395 ,
1486 1364 1552 1400 μηδὲ
1574 1364 1774 1400 ὲντραπείησαν
1795 1364 1904 1401 θαρσή-

1110 1418 1205 1441 σαντες
1227 1410 1270 1435 επ*
1284 1409 1362 1444 ἐμοὶ,
1383 1409 1408 1436 οἱ
1430 1409 1460 1435 σὲ
1481 1409 1526 1435 τὸν
1540 1409 1606 1435 Θεὸν
1622 1408 1668 1435 τοῦ
1687 1408 1796 1445 Ἰσραὴλ
1818 1408 1904 1445 ἐκζη-

1108 1456 1227 1488 τοῦντες.
1237 1456 1268 1482 Et
1281 1455 1335 1492 γὰρ
1343 1456 1391 1483 καὶ
1402 1455 1435 1482 τὰ
1453 1456 1568 1491 μάλιστα
1580 1453 1650 1491 ἦσάν
1659 1464 1724 1482 ποτε
1739 1456 1904 1490 ἀγνοοῦντές

1109 1512 1138 1529 σε
1159 1503 1202 1529 διὰ
1220 1503 1250 1529 τδ
1265 1503 1375 1538 δαίμοσι
1396 1503 1526 1538 πονηροῖς
1543 1502 1734 1534 δεδουλῶσθαι,
1755 1502 1823 1529 me:
1839 1503 1901 1536 νῦν,

1109 1548 1264 1583 ἐπιγνόντες
1287 1556 1334 1579 σε,
1360 1549 1470 1575 πάντων
1493 1547 1542 1582 μὲν
1565 1546 1649 1582 λήθην
1673 1547 1851 1582 ἐποιήσαντο,
1871 1547 1903 1573 σὲ

1108 1594 1136 1620 δὲ
1168 1594 1246 1629 μόνον
1275 1593 1425 1620 διατελοῦσι
1455 1592 1609 1628 ζητοῦντες.
1644 1592 1689 1618 Διὸ
1719 1593 1833 1619 ἱκετεύω
1862 1593 1903 1629 μὴ

1109 1636 1455 1676 καταισχυνθῆναιαὺτοὺς,
1474 1639 1545 1674 μηδὲ
1559 1649 1568 1664 ι
1582 1639 1770 1674 ἀσχημονῆσαι
1782 1648 1789 1654 ·
1806 1649 1815 1666 ι
1827 1639 1905 1667 οὕτω

1108 1687 1163 1722 γὰρ
1175 1687 1346 1722 ήρμήνευσεν
1360 1688 1374 1713 ὁ
1386 1686 1533 1721 Σύμμαχος
1544 1685 1642 1712 εἰπών·
1660 1696 1668 1710 ι
1681 1686 1725 1721 Μὴ
1737 1694 1905 1721 καταισχυν-

1109 1732 1219 1767 Οείησαν
1242 1732 1285 1758 ἐπ’
1310 1731 1371 1767 ἐμοὶ
1396 1732 1421 1757 οἱ
1444 1731 1648 1765 προσδοκῶντες
1671 1738 1717 1762 σε,
1742 1731 1829 1766 Κύριε
1849 1731 1904 1759 Θεὲ

1108 1778 1162 1804 τῶν
1181 1778 1322 1814 δυνάμεων
1334 1786 1340 1792 ·
1360 1777 1396 1813 μὴ
1410 1777 1631 1813 ἀσχημονήσαιεν
1651 1777 1694 1804 ἐπ’
1711 1778 1761 1813 ἐμὲ
1775 1779 1800 1804 οἱ
1818 1777 1905 1814 ἐκζη-

1109 1824 1217 1856 τοῦντές
1243 1832 1283 1856 σε,
1308 1824 1357 1850 Θεὲ
1377 1823 1424 1850 τοῦ
1445 1824 1562 1859 Ἰσραήλ.
1580 1833 1589 1849 ι
1621 1824 1761 1860 Ἐπιτήρει
1780 1824 1809 1850 δὲ
1825 1825 1904 1857 ὅπως

1109 1871 1216 1907 εἴρηται
1227 1870 1266 1902 τὸ,
1277 1880 1285 1896 ι
1299 1870 1394 1906 Κύριε,
1408 1869 1554 1905 Κύριετῶν
1562 1869 1712 1905 δυνάμεων,
1724 1879 1733 1896 ι
1747 1870 1908 1906 δευτεροῦν-

1109 1926 1154 1949 τος
1170 1917 1216 1944 τοῦ
1231 1917 1310 1951 λόγου
1333 1917 1382 1953 τὴν
1399 1917 1571 1954 κυριολογίαν
1581 1917 1628 1943 καὶ
1639 1915 1685 1943 ἐπὶ
1696 1916 1743 1943 τὸν
1759 1916 1813 1943 τῶν
1831 1917 1904 1944 ὅλων

1109 1964 1175 1990 Θεὸν
1188 1963 1405 1999 ἀναπέμποντος.

1149 2032 1157 2048 ι
1173 2022 1234 2048 ’Ὁτι
1250 2021 1331 2047 ἕνεκά
1351 2029 1397 2047 σου
1419 2021 1560 2056 ὑπήνεγκα
1582 2020 1744 2055 ὀνειδισμὸν,
1765 2019 1904 2056 ἐκάλυψεν

1109 2068 1226 2104 ἐντροπὴ
1244 2067 1275 2094 τὸ
1291 2067 1437 2103 πρόσωπόν
1456 2076 1515 2102 μου.
1530 2077 1539 2093 ›
1571 2068 1603 2093 Οἱ
1626 2067 1675 2102 μὲν
1689 2067 1788 2098 λοιποὶ,
1805 2069 1902 2103 φησιν,

1108 2114 1243 2150 ἄνθρωποι
1263 2114 1297 2140 δι’
1314 2114 1417 2145 οἰκείας
1439 2114 1577 2149 ἁμαρτίας
1597 2113 1719 2148 ὲλέγχοις
1736 2114 1782 2140 καὶ
1801 2113 1902 2140 ὀνειδι-

1109 2161 1187 2196 σμοῖς
1209 2159 1421 2186 ὐποὸάλλονται·
1444 2159 1499 2193 ἐγὼ
1517 2159 1545 2186 δὲ
1565 2160 1579 2185 ὁ
1603 2159 1640 2194 μὴ
1659 2159 1739 2193 γνοὺς
1760 2160 1902 2195 ἁμαρτίαν

1107 2205 1189 2232 ἓνεκὰ
1204 2214 1249 2232 σου
1266 2206 1407 2240 ὑπήνεγκα
1419 2205 1569 2240 ὀνειδισμόν
1579 2213 1585 2220 '
1604 2205 1751 2241 ἐπειδήπερ
1771 2206 1803 2231 σὺ
1818 2206 1903 2239 αὐτὸς

1107 2252 1121 2278 ὁ
1134 2251 1322 2287 φιλάνθρωπος
1333 2251 1399 2283 Θεὸς
1417 2252 1487 2287 ὑπὲρ
1505 2251 1552 2278 τοῦ
1566 2251 1620 2278 τῶν
1635 2252 1786 2287 ἀνθρώπων
1802 2254 1901 2287 γένους

1107 2298 1244 2335 ἁμαρτίαν
1259 2307 1292 2334 με
1308 2298 1449 2333 ἐποίησας.
1471 2299 1544 2330 ὅπως
1561 2299 1585 2324 οἱ
1602 2299 1776 2330 πιστεύοντες
1791 2301 1831 2331 εἱς
1848 2301 1900 2336 ἐμὲ

1105 2346 1236 2380 γένωνται
1245 2344 1413 2379 δικαιοσύνη.
1423 2344 1502 2371 Ἀλλὰ
1516 2346 1562 2371 καὶ
1574 2355 1583 2370 ‹
1595 2345 1677 2371 ἓνεκά
1692 2354 1737 2371 σου
1754 2346 1900 2381 ὑπήνεγκα

1107 2390 1273 2426 ὀνειδισμὸν,
1291 2399 1300 2415 ι
1320 2389 1363 2416 διὰ
1377 2389 1426 2425 τὴν
1439 2390 1488 2425 σὴν
1513 2389 1609 2425 βουλὴν
1631 2390 1752 2421 κενώσας
1778 2391 1900 2425 ἐμαυτὸν

1105 2437 1153 2463 καὶ
1179 2436 1260 2472 μέχρι
1286 2436 1402 2463 θανάτου
1435 2435 1620 2468 ταπεινώσας,
1653 2437 1713 2463 καθ’
1743 2437 1772 2463 ὃν
1802 2439 1899 2473 καιρὸν

1105 2483 1128 2509 οἱ
1160 2482 1416 2518 παραπορευόμενοι
1445 2481 1636 2517 ἐϐλασφήμουν
1679 2482 1818 2514 κινοῦντες
1849 2483 1898 2516 τὰς

1104 2528 1225 2563 κεφαλὰς
1239 2528 1328 2555 αὐτῶν
1342 2528 1388 2555 καὶ
1401 2528 1525 2563 λέγοντες
1537 2536 1543 2543 ⁸
1569 2538 1577 2554 ι
1593 2528 1650 2555 Οὐὰ
1666 2530 1680 2555 ὁ
1697 2529 1840 2557 καταλύων
1852 2530 1898 2556 τὸν

1104 2576 1183 2604 ναὺν.
1208 2576 1255 2601 καὶ
1277 2576 1304 2601 ὲν
1331 2576 1419 2611 τρισὶν
1450 2575 1566 2611 ἡμέραις
1601 2575 1768 2611 οἰκοδομῶν,
1809 2576 1897 2604 σῶσον

1106 2622 1227 2649 σεαυτόν.
1254 2622 1285 2648 Εἰ
1297 2622 1362 2655 Υἱὸς
1387 2620 1411 2648 εἴ
1445 2621 1492 2648 τοῦ
1515 2622 1598 2654 Θεοῦ,
1620 2622 1753 2658 κατάϐηθι
1774 2623 1829 2649 ἀπὸ
1849 2623 1897 2650 τοῦ

1105 2667 1231 2704 σταυροῦ.
1257 2668 1370 2703 Ὁμοίως
1390 2668 1418 2694 δὲ
1438 2669 1485 2695 καὶ
1507 2670 1531 2695 οἱ
1556 2669 1694 2704 ἀρχιερεῖς
1716 2669 1896 2703 ἐμπαίζοντες

1105 2713 1175 2749 μετὰ
1201 2713 1256 2740 τῶν
1277 2714 1371 2750 ἱερέων
1390 2714 1437 2741 καὶ
1456 2714 1648 2750 Γραμματέων
1670 2714 1717 2741 καὶ
1739 2714 1896 2750 Φαρισαίων

1104 2760 1207 2794 ἔλεγον·
1220 2760 1334 2792 ’Ἄλλους
1356 2760 1468 2794 ἔσωσεν,
1492 2760 1587 2787 ἑαυτὸν
1609 2761 1639 2787 οὺ
1663 2760 1774 2787 δύναται
1789 2759 1893 2788 σῶσαι.

1104 2807 1136 2833 Εἰ
1161 2806 1287 2842 βασιλεὺς
1306 2806 1414 2842 Ἰσραήλ
1435 2806 1510 2840 ἐστι,
1538 2806 1684 2833 καταϐάτω
1703 2806 1750 2833 νῦν
1769 2807 1824 2834 ἀπὸ
1846 2806 1893 2833 τοῦ

1105 2854 1233 2888 σταυροῦ,
1257 2853 1302 2880 καὶ
1324 2852 1506 2888 πιστεύσομεν
1529 2851 1614 2888 αὐτῷ.
1637 2852 1770 2880 Πέποιθεν
1785 2852 1832 2879 ἐπὶ
1847 2852 1892 2879 τὸν
