2041 3215
147 194 200 223 737

711 191 965 221 COMMENTARIA
985 190 1018 218 IN
1037 190 1207 219 PSALMOS.

1237 156 1290 198 Ls
1407 208 1413 211 η
1720 190 1774 219 738

147 253 228 280 Θεόν·
247 251 374 289 ρυσάσθω
400 252 493 284 αὑτὸν,
519 252 543 278 εἰ
569 250 642 278 ϐέλει
665 251 757 279 αὐτόν.
779 249 847 278 Εἷπε
871 250 934 286 γὰρ,

989 250 1049 277 vult
1067 257 1141 277 eum.
1169 249 1243 276 Dixit
1265 248 1350 281 enim,
1366 249 1431 284 quia
1455 248 1548 277 Filius
1566 249 1613 277 Dei
1639 256 1699 277 sum
1719 249 1741 275 '.
1764 260 1774 276 ι

147 299 187 325 ὅτι
207 298 275 326 Θεοῦ
289 298 352 330 Υἱός
373 299 440 333 εἰμι.
461 308 470 324 )
491 298 583 324 Ταῦτα
605 297 637 333 δὴ
663 296 709 324 οὖν
733 296 867 328 θεσπίζων
890 298 936 323 ἐπὶ

146 344 194 371 τοῦ
219 344 362 380 παρόντος,
389 344 486 379 φησιν·
514 344 598 370 (Ὅτι
621 344 703 370 ἕνεκά
726 352 772 369 σου
795 343 936 378 ὑπήνεγκα

147 390 307 426 ὀνειδισμὸν,
327 390 460 424 ἐκάλυψεν
480 389 598 425 ἐντροπὴ
619 389 650 415 τὸ
669 390 813 424 πρόσωπόν
849 397 909 424 μου.
923 398 932 414 ›

147 438 184 463 Οὐ
206 437 261 473 γὰρ
285 437 319 463 δι’
344 437 482 472 ἁμαρτίας
505 436 585 471 ἐμὰς,
610 436 671 462 οὐδὲ
693 435 737 461 διὰ
760 435 936 470 παρανόμους

147 483 278 518 πράξεις,
294 482 370 514 ἀλλ’,
390 491 399 508 t
417 482 499 509 ἕνεκά
516 490 562 508 σου
582 491 591 507 ι
618 482 665 508 καὶ
684 481 729 507 τὸν
754 480 935 516 προλεχθέντα

149 539 158 555 ι
177 528 329 564 ὀνειδισμὸν
346 529 493 563 ὑπέμεινα,
505 529 554 554 καὶ
566 527 597 553 τὸ
609 527 754 562 πρόσωπόν
772 535 822 561 μου
839 526 935 552 ἐκάλυ-

146 574 195 610 ψεν
215 575 332 610 ἐντροπὴ
344 582 350 589 ·
365 583 373 600 ι
393 574 421 608 ἢ,
439 573 508 600 κατὰ
530 573 575 599 τὸν
593 572 749 607 Σύμμαχον,
767 581 775 596 ‹
789 571 935 604 Ἐκάλυψεν

147 621 334 656 ἀτχημόνησις
345 620 376 647 τὺ
392 620 536 655 πρόσωπον
549 618 641 646 αὑτοῦ.
658 629 667 644 ›
684 619 738 645 Καὶ
745 618 831 644 ταῦτα
846 618 935 644 πάντα

148 667 290 702 ὑπέμεινα,
309 667 401 702 φησὶν,
414 665 497 692 ἕνεκά
510 674 567 697 σου,
585 665 723 691 τουτέστιν
736 665 816 690 ἕνεκα
823 664 870 690 τοῦ
887 663 934 690 σοῦ

147 712 308 748 Θελὴματος.
333 712 412 738 ’Δλλὰ
433 711 480 738 καὶ
502 719 512 736 ι
527 709 782 746 ἁπηλλοτριωμὲνος
804 708 934 744 ἐγενήθην

145 759 200 790 τοῖς
210 759 334 793 ἀδελφοῖς
354 767 404 794 μου
415 778 421 789 ,
438 758 485 784 καὶ
511 757 584 790 ξένος
602 758 658 788 τοῖς
674 757 740 787 υἱοῖς
762 755 812 790 τῆς
834 755 934 789 μητρός

147 813 207 840 μου.
225 814 235 830 ›
254 804 307 830 Δύο
322 804 351 830 δὲ
363 804 490 838 τάγματα
500 803 529 828 ὲν
542 801 646 833 τούτοις
657 801 830 836 παρίστησιν⁸
846 799 874 825 ἒν
886 799 934 834 μὲν

144 850 175 876 τὸ
185 849 241 875 τῶν
257 848 363 883 ἀληθῶς
380 847 499 881 ἀδελφῶν
514 846 594 873 αὐτοῦ
606 866 613 878 ,
628 843 668 877 οἷς
688 845 802 880 ἐγενήθη
819 843 935 879 ἀπηλλο-

144 894 304 930 τριωμένος·
322 894 415 929 ἕτερον
431 892 500 918 δὲτὸ
514 892 567 918 τῶν
581 891 645 917 υἱῶν
656 891 706 925 τῆς
723 890 824 925 μητρὸς
839 889 932 920 αὑτοῦ,

988 296 1051 323 llaec
1075 303 1150 323 nunc
1179 295 1333 322 vaticinans
1359 295 1450 322 dicit:
1472 305 1481 320 ι
1503 295 1638 328 Quoniam
1665 299 1778 330 propter

986 347 1014 370 te
1041 342 1161 368 sustinui
1182 342 1370 376 opprobrium,
1386 342 1494 376 operuit
1520 341 1647 368 confusio
1677 341 1775 368 faciem

986 396 1085 415 meam.
1099 397 1109 413 ι
1125 387 1183 414 Non
1197 388 1269 415 enim
1287 387 1322 414 ob
1339 392 1448 421 peccata
1467 391 1493 414 et
1516 387 1638 422 improha
1654 386 1777 414 facinora

986 441 1064 466 mea;
1082 433 1130 460 sed
1146 442 1155 458 ι
1175 438 1285 468 propter
1301 436 1326 460 te
1352 442 1361 458 ι
1380 432 1539 467 prmdictum
1564 442 1573 458 ι
1592 432 1775 467 opprobrium

985 479 1116 510 sustinui,
1126 483 1153 505 et
1170 479 1280 513 operuit
1295 478 1421 505 confusio
1435 478 1533 505 faciem
1548 486 1635 505 meam
1651 487 1658 511 ;
1676 488 1685 504 ι
1706 480 1775 510 sive,

986 525 1135 552 secundum
1163 524 1355 560 Symmachum
1374 534 1380 551 :
1399 533 1409 550 α
1428 524 1542 559 Operuit
1563 525 1710 559 ignominia
1733 524 1778 551 fa-

986 571 1055 597 ciem
1069 571 1140 605 ejus.
1159 581 1168 596 ›
1188 570 1220 597 Et
1233 571 1290 599 haec
1304 571 1407 603 omnia,
1422 571 1510 605 inquit
1523 590 1531 600 .
1548 575 1659 605 propter
1674 576 1699 598 te
1714 578 1777 605 pas—

986 623 1033 643 sus
1053 623 1125 648 sum,
1140 616 1166 643 id
1192 619 1245 648 est,
1268 621 1379 650 propter
1404 617 1571 644 voluntatem
1590 621 1675 643 tuam.
1703 617 1774 649 Quin

985 663 1064 689 etiam
1089 673 1098 688 (
1127 668 1274 691 extraneus
1300 662 1390 690 factus
1413 671 1473 690 sum
1500 662 1632 690 fratribus
1650 664 1729 694 meis,
1750 668 1777 691 et

985 706 1146 741 peregrinus
1169 706 1232 733 ﬁliis
1251 706 1348 734 matris
1373 714 1449 734 mese.
1473 716 1482 732 ι
1503 706 1575 734 Duos
1601 707 1646 734 hic
1667 707 1778 734 ordines

986 751 1142 785 signiﬁcat;
1165 751 1280 778 alterum
1308 759 1402 778 eorum
1431 752 1477 786 qui
1505 760 1568 779 vere
1599 753 1701 780 fratres
1718 753 1777 787 ejus

985 800 1073 828 erant,
1091 797 1190 832 quibus
1203 800 1350 824 extraneus
1368 796 1457 824 factus
1470 802 1529 830 est;
1547 798 1662 825 alterum
1679 806 1776 825 eorum

985 842 1031 876 qui
1047 841 1094 867 ﬁlii
1121 841 1217 868 matris
1245 841 1304 875 ejus
1320 845 1409 874 erant,
1425 841 1472 869 sed
1496 850 1551 868 non
1580 842 1680 869 fratres
1704 842 1776 876 cjus,

985 888 1084 923 quibus
1099 888 1258 923 peregrinus
1275 887 1387 916 effectus
1402 892 1453 916 est.
1481 888 1513 915 Et
1537 893 1628 917 tamen
1655 891 1776 924 oportuit

144 926 174 968 οὑ
191 926 245 977 μην
261 926 382 975 ἀδελφῶν
405 939 486 966 αὑτοῦ
498 958 505 969 ,
519 936 561 973 οἷς
576 937 690 973 ἐγενήθη
704 937 786 969 ξένος.
810 936 865 962 Καὶ
883 936 934 971 μὴν

989 933 1059 960 ﬁlios
1077 933 1174 960 matris
1187 933 1258 967 ejus.
1275 941 1336 960 cum
1356 933 1454 961 fratres
1472 934 1533 969 ejus
1547 938 1649 964 essent.
1663 935 1777 969 perinde

144 987 228 1023 ιχρῆν
245 987 320 1018 υἱοὺς
337 986 439 1022 μητρὸς
456 984 549 1016 αὑτοῦ,
565 984 644 1016 ὂντας
666 983 806 1017 ἀδελφοὺς,
825 983 872 1009 καὶ
889 983 937 1008 αὑ-

143 1034 206 1065 τοὺς
224 1032 325 1068 ὁμοίως
345 1034 401 1063 τοῖς
423 1031 564 1067 προτέροις
582 1029 770 1065 χρηματίζειν.
801 1028 869 1054 Ἀλλ’
887 1028 937 1054 οὐκ

143 1079 269 1115 ὠνόμασε
281 1079 344 1110 τοὺς
359 1079 431 1109 υἱοὺς
443 1078 491 1112 τῆς
513 1076 614 1111 μητρὸς
626 1075 766 1109 ἀδελφοὺς,
780 1074 817 1105 ὡς
828 1074 937 1109 ἑτέρους

143 1126 223 1157 ὄντας
234 1124 335 1160 δηλαδὴ
347 1123 422 1159 παρὰ
436 1124 466 1149 τὸ
479 1123 583 1158 πρῶτον
601 1121 693 1156 τάγμα
708 1121 762 1147 τῶν
776 1119 937 1155 ὀνομασθέν-

142 1171 333 1205 ⁴τοωβδιελφῶν
350 1169 445 1196 αὑτοῦ.
466 1169 504 1204 (ι)
522 1169 568 1199 Εἰς
582 1166 627 1194 οὖν
642 1167 772 1201 ἀδελφοὺς
789 1166 836 1201 μὲν
855 1164 935 1191 αὑτοῦ

143 1217 318 1252 γεγεγονέναι
332 1217 394 1247 τοὺς
408 1215 489 1242 αὑτοῦ
505 1214 638 1250 μαθητὰς,
653 1223 686 1240 πε
691 1214 717 1248 ρὶ
722 1210 757 1239 ὦν
767 1214 813 1239 καὶ
821 1213 848 1238 ὲν
856 1212 898 1238 ἑτέ
903 1220 937 1247 pst

143 1262 235 1298 φησιν’
252 1272 261 1288 ε
283 1260 442 1295 Ἀπαγγελῶ
449 1260 480 1286 τὸ
491 1260 577 1295 ὄνομά
589 1268 635 1285 σου
653 1260 709 1290 τοῖς
729 1258 851 1292 ἀδελφοῖς
867 1265 916 1291 μου
928 1276 934 1288 ,

143 1310 190 1336 καὶ
199 1310 229 1336 ὲν
244 1308 319 1344 μέσῳ
334 1307 498 1343 Ἐκκλησίας
507 1307 621 1341 ὑμνήσω
630 1314 670 1331 σε.
684 1315 692 1330 ι
704 1305 758 1331 Καὶ
768 1305 796 1330 ὲν
805 1304 843 1339 τῷ
852 1304 937 1337 Εὐαγ-

143 1355 225 1391 γελίῳ
237 1356 270 1390 τῇ
282 1354 377 1389 Μαρίᾳ
396 1353 490 1388 φανεὶς
507 1352 575 1387 μετὰ
591 1352 639 1387 τὴν
657 1352 688 1378 ἐκ
705 1350 809 1385 νεκρῶν
821 1350 936 1376 ἀνάστα-

143 1409 185 1428 σιν
198 1400 289 1435 ἐλεγε-
302 1409 310 1425 t
323 1399 442 1434 Πορεύου
460 1398 526 1434 πρὸς
542 1398 606 1429 τοὺς
621 1396 752 1430 ἀδελφούς
769 1404 829 1431 μου,
842 1395 888 1421 καὶ
897 1392 935 1420 εἶ-

144 1454 192 1474 πον
206 1447 307 1478 αὐτοῖς·
326 1445 477 1472 Ἀναϐαίνω
491 1444 559 1479 πρὸς
571 1444 617 1469 τὸν
630 1442 740 1478 Πατέρα
757 1450 806 1476 μου
822 1442 868 1467 καὶ
879 1441 935 1467 Πα-

143 1493 210 1529 τέρα
227 1492 314 1528 ὑμῶν,
327 1493 373 1519 καὶ
386 1491 451 1517 Θεόν
462 1499 511 1526 μου
524 1490 571 1517 καὶ
579 1489 645 1515 Θεὸν
654 1488 757 1524 ὑμῶν.»
769 1487 880 1518 Τούτοις
890 1485 935 1513 οὖν

143 1541 197 1571 τοῖς
214 1538 338 1573 ἀδελφοῖς
354 1537 436 1564 αὐτοῦ
455 1535 708 1572 ἀπηλλοτριωμένος
725 1533 841 1569 ἐγενήθη
865 1533 936 1559 κατὰ

144 1585 240 1622 καιρὸν
250 1584 297 1611 τοῦ
311 1584 475 1620 δηλουμένου
488 1583 600 1614 πάθους,
613 1582 656 1608 ὅτε
670 1582 769 1612 πάντες
779 1581 802 1606 οἱ
817 1580 935 1615 μαθηταὶ

143 1631 226 1658 αὑτοῦ
241 1631 356 1665 ἀφέντες
370 1630 450 1657 αὑτὸν
472 1630 585 1664 ἔφευγον
598 1648 605 1660 ,
620 1627 701 1658 αὑτός
713 1635 742 1652 τε
756 1628 769 1653 ὁ
786 1627 933 1661 κορυφαῖος

143 1678 196 1705 τῶν
207 1677 364 1704 ἀποστόλων
379 1677 481 1712 Πέτρος
494 1677 630 1711 ἠρνήσατο
647 1673 727 1701 αὑτὸν
748 1674 848 1709 τρίτον.
869 1673 935 1699 Τού-

143 1733 199 1757 τοις
209 1724 285 1758 ξένος
299 1724 344 1751 καὶ
356 1722 610 1759 ἁπηλλοτριωμένος
619 1720 745 1756 ἐγενήθη·
760 1721 816 1751 τοῖς
828 1719 856 1745 δὲ
869 1720 934 1750 uici;

142 1769 193 1804 τῆς
208 1768 312 1804 μητρὸς
326 1768 418 1799 αὑτοῦ,
435 1768 465 1794 οὐ
484 1767 536 1802 μὴν
549 1767 596 1793 καὶ
612 1766 735 1800 ἀδελφοῖς
750 1763 823 1792 οὖσιν
842 1764 934 1795 αὑτοῦ,

143 1815 218 1849 ξένος
232 1815 338 1849 γέγονε.
368 1814 512 1849 Μέμνηται
536 1813 563 1839 δὲ
582 1813 612 1839 τὸ
627 1812 791 1847 Εὑαγγέλιον
814 1810 935 1845 ἀδελφῶν

144 1860 225 1888 αὑτοῦ
241 1861 289 1887 καὶ
306 1860 417 1895 μητρὸς,
427 1860 482 1891 ὅτε,
494 1859 577 1886 ἐλθὼν
591 1860 630 1890 εἰς
646 1859 695 1893 τὴν
711 1857 828 1892 πατρίδα
841 1856 934 1888 αὑτοῦ,

143 1907 283 1934 ἐδίδασκεν
301 1907 329 1933 ἐν
346 1908 379 1942 τῇ
398 1907 553 1940 συναγωγῇ,
570 1905 606 1937 ὡς
623 1904 823 1939 ἐκπλήσσεσθαι
837 1904 935 1934 αὐτοὺς

144 1953 192 1981 καὶ
205 1952 306 1986 λέγειν·
327 1961 335 1977 ι
352 1951 436 1978 Πόθεν
453 1951 540 1986 τούτῳ
558 1953 574 1986 ἡ
592 1951 671 1985 σοφία
691 1950 775 1985 etiam;
791 1950 846 1984 Οὐχ
859 1947 935 1980 οὗτός

144 1998 218 2025 ἐστιν
229 1998 244 2023 ὁ
254 1995 301 2023 τοῦ
316 1996 439 2027 τέκτονος
452 1996 523 2028 υἱός;
539 1996 595 2030 Οὐχ
608 1996 624 2030 ἡ
646 1996 737 2030 μήτηρ
752 1993 834 2020 αὑτοῦ
852 1993 898 2019 καὶ
910 1993 934 2018 οἱ

143 2043 255 2078 ἀδελφοὶ
270 2042 352 2070 αὑτοῦ
369 2042 414 2069 καὶ
424 2043 451 2069 αἱ
467 2042 578 2076 ἀδελφαὶ
586 2040 667 2067 αὑτοῦ
682 2042 766 2066 πᾶσαι
782 2040 849 2075 πρὸς
862 2039 934 2074 ἡμᾶς

132 2090 212 2123 stat;
226 2089 311 2116 Πόθεν
330 2088 418 2124 τούτῳ
424 2088 508 2115 ταῦτα
542 2089 647 2119 πάντας
662 2096 671 2112 ›
682 2086 744 2113 Ἐὰν
757 2085 805 2121 μὲν
818 2082 863 2110 οὖν
874 2084 935 2115 τοὺς

132 2136 174 2171 -ὲν
191 2135 232 2171 τῷ
254 2135 324 2170 μετὰ
341 2136 434 2170 χεῖρας
460 2134 621 2169 λεγομένους
643 2133 717 2163 υἱοὺς
736 2130 837 2167 μητρὸς
853 2130 934 2157 αὑτοῦ

143 2181 255 2213 τούτους
274 2179 343 2207 εἶναι
362 2180 535 2215 ὲκλάϐοιμεν,
552 2178 659 2213 ἀνάγκη
671 2178 720 2212 τὴν
734 2176 812 2210 ἁγίαν
829 2175 935 2211 Παρθέ-

144 2235 188 2255 νον
204 2227 313 2264 μητέρα
324 2228 405 2262 φάναι
424 2225 563 2261 γεγονέναι
576 2225 629 2250 τῶν
642 2222 744 2250 λοιπῶν
756 2220 876 2256 ἀδελφῶν
886 2221 935 2246 αὑ-

987 983 1068 1013 atque
1093 979 1199 1013 priores
1225 979 1380 1013 nuncupari
1410 978 1520 1007 fratres.
1535 979 1570 1005 At
1596 979 1668 1006 ﬁlios
1683 980 1779 1007 matris

987 1025 1084 1052 fratres
1098 1032 1152 1051 non
1164 1024 1282 1055 vocavit,
1300 1028 1394 1059 utpote
1411 1025 1479 1051 alios
1491 1029 1518 1051 et
1528 1024 1653 1051 diversos
1670 1032 1685 1050 a
1702 1026 1777 1059 prio-

988 1079 1017 1098 re
1029 1071 1126 1098 ordine
1149 1078 1243 1098 corum
1261 1070 1307 1105 qui
1331 1071 1431 1098 fratres
1446 1071 1535 1098 vocati
1562 1074 1636 1098 sunt.
1665 1069 1777 1098 Fratres

987 1125 1052 1152 ergo
1068 1118 1140 1151 ejus.
1155 1117 1283 1152 discipuli
1303 1117 1487 1150 existimandi,
1501 1117 1535 1144 de
1545 1117 1643 1151 quibus
1657 1117 1721 1143 alibi
1735 1117 1778 1143 di—

987 1165 1024 1191 cit
1041 1174 1046 1191 :
1066 1174 1075 1189 ι
1093 1164 1215 1191 Narrabo
1233 1172 1331 1191 nomen
1349 1169 1425 1191 tuum
1454 1164 1585 1191 fratribus
1614 1164 1692 1195 meis,
1708 1167 1734 1190 et
1749 1164 1777 1191 in

987 1211 1075 1238 medio
1085 1211 1217 1237 Ecclesiae
1230 1210 1346 1238 laudabo
1358 1214 1384 1237 te
1396 1211 1417 1238 ⁹.
1439 1220 1448 1236 ›
1466 1210 1499 1236 Et
1515 1211 1540 1236 in
1556 1209 1702 1244 Evangelio
1716 1214 1776 1244 post

987 1257 1215 1284 resurrectionem
1238 1264 1271 1283 ex
1294 1257 1421 1288 mortuis,
1442 1264 1503 1283 cum
1525 1255 1617 1283 Maria
1634 1256 1709 1283 visus
1723 1261 1775 1287 est,

986 1302 1094 1329 dicebat
1116 1311 1123 1330 :
1147 1311 1157 1328 ί
1174 1301 1249 1330 Vade
1270 1302 1304 1329 ad
1331 1302 1429 1329 fratres
1457 1309 1543 1333 meos,
1571 1305 1599 1328 ct
1628 1301 1672 1328 dic
1697 1301 1774 1328 illis:

987 1349 1112 1376 Ascenth
1123 1348 1156 1375 ad
1167 1348 1275 1375 Patrem
1288 1356 1376 1375 meum
1392 1353 1417 1375 et
1430 1347 1537 1375 Patrem
1546 1351 1678 1378 vestrum,
1692 1346 1775 1374 Deum

986 1403 1077 1422 meum
1094 1400 1121 1422 et
1137 1395 1222 1422 Deum
1238 1399 1359 1422 vestrum
1374 1395 1405 1421 ‘°.
1426 1404 1435 1420 ι
1453 1393 1501 1421 His
1522 1394 1614 1428 itaque
1644 1393 1775 1421 fratribus

986 1441 1044 1469 suis
1053 1445 1201 1468 extraneas
1217 1439 1307 1468 factus
1322 1445 1364 1468 est
1382 1444 1503 1475 tempore
1515 1440 1651 1474 praedicta)
1669 1439 1776 1474 passio-

986 1488 1039 1518 nis.
1057 1486 1167 1521 quando
1187 1494 1283 1513 onmcs
1304 1486 1433 1521 discipuli
1446 1486 1507 1520 ejus
1524 1486 1619 1512 relicto
1639 1493 1670 1512 co
1689 1485 1776 1520 fugie-

987 1520 1189 1567 bantaipseque
1216 1520 1371 1567 praecipuus
1401 1532 1588 1566 apostolorum
1617 1531 1714 1558 Petrus
1735 1535 1775 1558 ter

987 1579 1095 1613 negavit
1108 1586 1182 1605 eum.
1200 1577 1247 1605 His
1273 1578 1434 1613 peregrinus
1458 1582 1485 1604 et.
1500 1582 1648 1605 extraneus
1663 1577 1775 1604 effectus

987 1628 1037 1652 est.
1058 1624 1135 1651 Filiis
1162 1625 1226 1651 item
1257 1624 1353 1650 matris
1369 1631 1436 1655 suae,
1451 1623 1497 1658 qui
1523 1624 1621 1651 fratres
1650 1624 1692 1650 sui
1718 1631 1773 1650 non

986 1672 1074 1702 erant,
1091 1669 1250 1704 peregrinus
1274 1668 1335 1695 fuit.
1363 1668 1484 1695 Meminit
1500 1675 1581 1702 porro
1599 1667 1772 1702 Evangelium

987 1714 1102 1741 fratrum
1128 1718 1155 1742 et
1179 1713 1275 1741 matris
1293 1713 1363 1748 ejus,
1378 1713 1425 1740 ubi
1452 1721 1513 1739 cum
1531 1713 1653 1739 venisset
1677 1713 1703 1738 in
1728 1720 1775 1746 pa-

986 1761 1064 1787 triam
1081 1767 1170 1791 suam,
1187 1759 1304 1786 docebat
1328 1759 1355 1785 in
1385 1766 1532 1793 synagoga,
1549 1758 1585 1784 ita
1605 1762 1633 1784 ut
1649 1758 1700 1792 ipsi
1717 1762 1775 1784 stu-

986 1809 1080 1840 perent
1097 1812 1128 1831 ac
1143 1805 1265 1831 dicerent
1282 1814 1287 1831 :
1312 1814 1321 1830 r
1342 1803 1418 1830 Unde
1447 1804 1510 1830 huic
1535 1803 1668 1837 sapientia
1694 1803 1777 1830 haec?

984 1850 1081 1878 Nonne
1095 1850 1139 1877 hic
1151 1854 1193 1876 est
1207 1849 1275 1876 fabri
1294 1849 1383 1877 filius?
1398 1848 1494 1875 Nonne
1509 1852 1595 1875 mater
1606 1848 1665 1882 ejus
1679 1854 1705 1875 et
1722 1848 1776 1875 fra.

986 1899 1042 1923 tres
1053 1895 1124 1929 ejus,
1143 1898 1169 1921 et
1183 1902 1293 1922 sorores
1320 1895 1379 1928 ejus
1401 1900 1497 1920 omnes
1519 1892 1590 1927 apud
1615 1901 1665 1919 nos
1690 1893 1777 1920 sunt?

987 1944 1063 1971 Unde
1082 1943 1147 1969 huic
1173 1943 1230 1969 hanc
1249 1942 1340 1969 omnia
1357 1942 1397 1967 “‘2
1415 1951 1423 1967 ι
1440 1941 1467 1967 Si
1483 1941 1566 1975 igitur
1591 1940 1662 1968 filios
1679 1941 1776 1967 matris

985 1990 1045 2024 ejus
1061 1990 1089 2016 in
1111 1989 1163 2016 hoc
1192 1989 1296 2023 psalmo
1312 1989 1351 2015 sic
1369 1992 1493 2018 vocatos.
1512 1994 1560 2022 pro
1578 1987 1638 2014 istis
1655 1985 1774 2021 accipia-

985 2043 1058 2068 mus,
1076 2043 1189 2063 necesse
1203 2039 1245 2062 cst
1268 2041 1318 2062 nos
1343 2037 1465 2061 sanctam
1485 2033 1632 2068 Virginem,
1653 2033 1774 2067 reliquo-

985 2089 1046 2108 rum
1067 2081 1183 2108 fratrum
1205 2081 1263 2115 cjus
1281 2084 1395 2107 matrem
1420 2080 1522 2107 dicere.
1541 2077 1639 2106 Verum
1654 2078 1777 2106 Jacobus

986 2129 1031 2164 qui
1054 2128 1153 2155 dicitur
1184 2127 1267 2154 frater
1283 2126 1401 2156 Domini,
1418 2133 1470 2152 non
1489 2125 1597 2152 videtur
1614 2125 1775 2160 peregrinus

985 2176 1036 2210 ipsi
1052 2174 1147 2207 fuisse,
1164 2181 1215 2201 nec
1231 2173 1292 2201 ﬁdei
1307 2172 1334 2199 in
1355 2173 1443 2207 ipsum
1460 2176 1625 2204 cxtraneus;
1636 2171 1692 2197 imo
1709 2177 1775 2197 vero

986 2228 1057 2247 unus
1074 2227 1106 2246 ex
1132 2219 1166 2245 iis
1195 2218 1242 2253 qui
1259 2224 1320 2244 cunt
1351 2216 1446 2251 primis
1471 2216 1543 2242 inter
1556 2222 1700 2250 germanos
1714 2214 1775 2248 ejus

143 2273 200 2300 τοῦ.
225 2272 295 2299 Ἀλλ’
309 2273 480 2308 ἐπιφαίνεται
499 2270 624 2301 Ἰάκωϐος
642 2270 656 2295 ὁ
668 2267 838 2304 χρηματίσας
850 2266 931 2292 αὑτοῦ

986 2265 1135 2299 discipulos
1150 2266 1248 2294 erant;
1265 2263 1302 2289 ita
1316 2266 1343 2289 ut
1362 2262 1420 2296 ipse
1432 2261 1535 2296 primus
1552 2260 1775 2294 Hierosolymita—

144 2318 258 2354 ἀδελφὸς
272 2319 321 2345 οὐκ
333 2317 538 2352 ἀπεξενωμένος
546 2315 628 2342 αὑτοῦ
639 2314 768 2349 γεγονὼς,
783 2312 842 2338 οὐδὲ
857 2311 934 2338 ἁλλό-

143 2373 219 2401 τριος
234 2364 286 2400 τῆς
300 2366 340 2397 εις
354 2365 433 2391 αὑτὸν
448 2363 575 2394 πίστεως,
589 2359 629 2392 εἷς
643 2361 671 2387 δὲ
684 2359 737 2386 τῶν
754 2358 857 2394 σφόδρα
866 2366 933 2393 γνη-

145 2411 211 2438 σίων
229 2410 312 2437 αὑτοῦ
330 2409 467 2446 μαθητῶν’
484 2409 521 2440 ὡς
536 2409 583 2435 καί
593 2408 637 2433 τὸν
653 2406 746 2441 θρόνον
755 2404 933 2436 ἀναδέξασθαι

146 2457 254 2493 πρῶτον
265 2457 316 2492 τῆς
328 2457 357 2483 ὲν
373 2456 568 2492 Ἰεροσολύμοις
587 2453 760 2488 Ἐκκλησιας.
778 2451 832 2478 Καὶ
843 2451 867 2476 οἱ
883 2449 935 2476 λοι-

136 2505 191 2543 ποὶ
203 2503 232 2531 δὲ
246 2502 328 2530 αὑτοῦ
345 2503 468 2538 ἀδελφοὶ,
488 2504 512 2529 εἰ
528 2502 576 2529 καὶ
591 2500 626 2528 τὶ
640 2500 755 2536 μάλιστα
772 2498 830 2525 κατ’
847 2496 933 2533 ἀρχὰς

145 2550 195 2578 οὐκ
208 2549 349 2577 ἐπίστευον
366 2550 405 2581 εἰς
422 2550 512 2580 αὑτὸν,
527 2547 595 2575 ἀλλὰ
611 2546 678 2582 μετὰ
694 2545 780 2572 ταῦτα
795 2543 869 2579 δῆλοί
881 2544 934 2568 εισι

146 2595 350 2627 πιστεύσαντες.
369 2595 480 2630 Ἱστορεῖ
491 2595 512 2620 δ’
528 2592 573 2621 οὖν
590 2593 620 2619 τὸ
638 2591 811 2626 Εὐαγγέλιον,
829 2590 866 2620 ὡς
880 2588 933 2623 ἄρα

145 2642 162 2678 ἡ
179 2643 269 2678 μήτηρ
282 2641 364 2669 αὑτοῦ
380 2642 427 2668 καὶ
437 2642 461 2668 οἱ
476 2640 584 2675 ἁδελιροὶ
597 2638 678 2666 αὑτοῦ
696 2637 867 2672 εἱστήκεισαν
882 2634 934 2667 ἔξω

147 2687 290 2724 ζητοῦντες
304 2687 417 2723 λαλῆσαι
429 2686 513 2722 αὐτῷ.
526 2685 581 2713 Καὶ
595 2686 622 2711 ὲν
636 2685 696 2715 ταῖς
710 2682 829 2717 Πράξεσι
839 2680 867 2707 δὲ
878 2678 932 2706 τῶν

147 2733 302 2760 ἀποστῶων
313 2732 447 2764 λέλεκται,
464 2731 501 2763 ὡς
517 2731 571 2767 ἄρα
580 2728 649 2765 ἦσαν
662 2729 686 2755 οἱ
702 2727 843 2754 ἀπᾶστολοι
856 2725 931 2760 κοινῇ

148 2778 246 2810 πάντες
260 2777 526 2815 προσκαρτεροῦντες
542 2777 575 2811 τῇ
593 2775 728 2811 προσευχῇ
751 2772 798 2798 σὺν
817 2769 933 2806 Μαριὰμ

181 2836 192 2852 ⁸
212 2834 308 2862 Ποτιιι.
328 2841 416 2864 xxv",
436 2833 529 2861 40-άῦ.
568 2834 578 2850 ⁹
597 2831 670 2859 Psal.
692 2837 749 2861 xxI,
770 2829 816 2855 ‘25.
856 2827 876 2843 ”
896 2826 934 2854 ιιοε

998 2833 1044 2858 xx,
1067 2825 1110 2851 17.

149 2870 192 2898 n.
233 2871 254 2886 ”
276 2872 336 2897 Act.
358 2877 376 2901 ι,
400 2869 443 2896 tt.

185 2917 223 2953 tt)
239 2917 340 2944 Textus
354 2915 475 2942 vitiatus.

986 2319 1026 2338 nae
1042 2310 1170 2337 Ecclesia:
1185 2309 1313 2335 thronum
1340 2307 1486 2341 acciperet.
1516 2305 1622 2339 Reliqui
1635 2305 1697 2331 item
1714 2303 1776 2338 ejus

985 2357 1095 2387 fratres,
1111 2355 1162 2382 etsi
1181 2362 1195 2380 a
1209 2353 1343 2388 principio
1361 2360 1415 2379 non
1428 2352 1571 2378 crederent
1590 2351 1616 2376 in
1630 2351 1730 2384 ipsum,
1747 2354 1774 2375 at

984 2405 1089 2431 certum
1115 2405 1156 2429 est
1181 2408 1228 2426 eos
1259 2405 1353 2434 postea
1381 2398 1539 2425 credidisse.
1569 2396 1667 2423 Narrat
1700 2395 1773 2423 enim

985 2448 1158 2483 Evangelium
1176 2447 1207 2479 ¹¹,
1221 2451 1335 2472 matrem
1360 2448 1387 2471 et
1412 2443 1511 2470 fratres
1527 2442 1587 2477 ejus
1614 2442 1687 2469 foras
1715 2445 1773 2469 ste-

986 2496 1054 2522 tisse
1068 2495 1222 2529 qnazrentes
1236 2498 1298 2518 cum
1315 2489 1426 2525 alloqui.
1444 2488 1477 2515 Et
1495 2489 1521 2515 in
1539 2487 1652 2515 Actibus
1666 2491 1775 2522 aposto-

988 2541 1076 2567 lorum
1094 2539 1115 2554 ”
1128 2537 1238 2567 dicitur,
1265 2535 1349 2562 fuisse
1364 2535 1503 2570 apostolos
1521 2541 1575 2560 una
1596 2539 1775 2567 perseveram-

987 2590 1029 2613 lcs
1044 2585 1072 2611 in
1086 2583 1211 2611 oratione
1222 2588 1283 2608 cum
1303 2580 1388 2607 Maria
1403 2582 1489 2608 matre
1502 2580 1562 2615 ejus
1585 2582 1612 2606 et
1641 2578 1773 2605 fratribus

988 2632 1058 2667 ejus.
1085 2629 1137 2663 Qui
1163 2636 1228 2664 ergo
1247 2627 1419 2655 existimetur
1446 2627 1480 2654 iis
1506 2626 1666 2662 peregrinus
1692 2624 1773 2652 esse?

985 2676 1082 2704 Nullus
1106 2675 1198 2709 itaque
1221 2672 1299 2699 locus
1325 2676 1448 2706 superest
1473 2676 1503 2698 ut
1520 2670 1553 2698 de
1579 2670 1613 2697 iis
1639 2669 1769 2696 dicatur:

989 2732 998 2748 ι
1017 2721 1169 2749 Extraneus
1182 2719 1271 2745 factus
1288 2724 1348 2744 sum
1365 2717 1498 2746 fratribus
1508 2716 1587 2748 meis,
1603 2719 1630 2742 et
1649 2712 1771 2750 peregri-

987 2777 1039 2796 nus
1056 2768 1118 2795 filiis
1135 2765 1230 2793 matris
1252 2771 1328 2791 meae.
1347 2773 1356 2789 ›
1378 2763 1437 2791 Non
1460 2764 1532 2791 enim
1550 2763 1583 2789 iis
1600 2761 1771 2796 peregrinus.

1155 2824 1174 2838 ”
1197 2821 1290 2849 Matth.
1308 2828 1380 2854 'xm,
1410 2820 1503 2849 5-5-56.
1562 2820 1582 2834 "
1604 2816 1698 2845 M:.ttb.
1719 2822 1769 2849 xtl,
