2041 3215
276 180 328 210 739

623 178 759 208 EUSEHll
777 179 1016 208 C/ESARIENSIS
1035 181 1110 210 OPP.
1131 182 1220 210 PARS
1236 181 1277 210 lll.
1290 198 1325 203 —
1344 181 1550 211 EXEGETICA.

1856 180 1913 209 πο

275 238 325 271 sed
339 238 453 265 multum
470 238 607 273 pretiosus
619 243 689 270 erat,
702 239 739 266 ita
758 242 787 265 ut
799 239 957 267 nullatenus
971 240 1061 268 crede-

1117 244 1150 278 τῇ
1169 242 1251 278 μητρὶ
1265 242 1346 269 αὑτοῦ
1360 243 1406 269 καὶ
1417 243 1473 274 τοῖς
1487 241 1610 276 ἀδελφοῖς
1624 240 1716 268 αὑτοῦ.
1735 241 1796 273 Πῶς
1805 239 1853 267 οὖν
1866 240 1913 267 δύ-

275 293 305 312 re
321 285 400 311 liceat
412 289 578 312 memoratos
595 285 695 313 fratres
706 285 767 319 ejus
782 285 853 314 ﬁlios
865 285 956 314 Maria:
968 286 1064 316 fuisse.

274 331 327 358 Alii
346 337 413 358 sane
428 330 531 358 fuerint
544 332 591 366 qui
610 332 637 358 in
655 333 761 367 psalmo
779 332 826 358 lilii
845 333 940 359 matris
951 332 1011 367 ejus
1025 333 1067 360 di-

273 380 385 408 cuntur,
407 377 563 412 quibusque
583 382 733 405 extraneus
753 377 843 404 factus
858 381 911 404 est.
928 376 1066 412 lntelligas

274 430 357 457 porro
368 427 483 450 matrem
499 423 609 457 quidem
625 423 686 458 ejus
702 431 763 452 esse
774 423 932 450 Judazorum
943 424 1066 459 Syuago-

273 476 334 504 gam
360 477 525 504 omnemque
551 471 743 505 cognationem
769 469 919 498 secundum
944 478 1064 503 carnem,

273 520 368 541 eorum
393 514 498 542 scilicet
519 515 566 549 qui
589 523 622 542 ex
641 515 852 542 circumcisione
872 519 970 548 erant;
997 515 1066 543 filios

273 568 339 588 vero
351 561 508 595 hujusmodi
521 562 629 594 matris,
645 569 693 589 eos
710 562 756 596 qui
771 561 861 596 ipsum
880 562 1064 596 abnegarunt,

273 614 306 634 ac
320 607 451 634 dixerunt
469 617 475 634 :
496 615 505 632 ι
528 607 606 634 Hunc
619 612 710 635 autem
725 607 867 635 nescimus
878 606 951 635 unde
963 607 998 634 sit
1015 607 1062 635 ’δη

272 651 346 686 Ideo,
365 660 428 680 cum
446 653 521 680 illum
548 653 723 689 peregrinum
743 653 944 683 existimarent.
957 653 1066 681 dicebat

271 698 335 726 eis:
355 707 364 723 ι
383 698 438 725 Cur
449 698 582 733 loquelam
609 707 696 726 meam
717 707 771 726 non
786 699 898 726 nostis?
917 700 984 734 quia
1010 707 1066 727 non

272 744 390 779 potestis
413 744 510 772 audire
524 753 679 772 sermonem
703 753 794 772 meum
808 746 841 772 ".
860 755 869 772 ι
887 745 1065 782 Peregrinum

271 790 354 817 etiam
373 790 449 817 illum
465 791 596 826 putabant
610 799 673 818 cum
689 791 813 819 dicerent
830 801 837 820 ε
856 801 866 818 ι
885 791 981 820 Nonne
997 792 1066 820 bene

271 834 389 863 dicimus
403 843 464 868 nos,
476 836 540 871 quia
556 835 748 865 Samaritanus
762 845 792 866 es
810 842 850 870 tu,
860 843 886 866 et
901 838 1064 866 daemonium

271 881 357 910 habes
373 882 414 908 “?
434 891 443 908 ι
461 883 553 915 Quare
567 883 678 910 dicebat
694 884 735 912 eis
752 894 759 912 :
779 893 787 910 ι
809 884 866 920 Ego
877 887 939 913 veni
964 886 991 913 in
1013 894 1065 914 no-

1117 296 1195 314 ναται
1207 288 1311 320 τούτοις
1325 287 1398 320 ξένος
1411 285 1480 314 εἶναι
1497 286 1650 322 νομίζεσθαι
1661 287 1756 319 ;’⁷Ωστε
1771 287 1808 322 μὴ
1817 286 1912 322 χώραν

1117 333 1189 367 ἔχειν
1210 332 1274 368 περὶ
1295 331 1396 358 τούτων
1412 331 1538 366 λέγεσθαι
1554 332 1594 364 τὸ,
1611 341 1620 357 ι
1643 331 1913 367 Ἀπηλλοτριωμένος

1117 378 1249 414 ἐγενήθην
1264 380 1321 410 τοῖς
1334 378 1459 413 ἀδελφοῖς
1473 386 1523 413 μου
1536 397 1544 409 ,
1559 378 1605 404 καὶ
1618 378 1692 411 ξένος
1708 379 1765 410 τοῖς
1778 378 1847 410 υἱοῖς
1859 378 1913 413 τῆς

1119 425 1220 460 μητρός
1234 433 1294 460 μου.
1317 433 1326 450 ι
1337 425 1374 451 Οὐ
1390 424 1445 459 γὰρ
1458 422 1492 460 ἦν
1504 425 1606 451 τούτων
1616 424 1699 458 ξένος,
1707 424 1828 451 ἀλλὰκαὶ
1840 424 1914 459 ἄγαν

1116 470 1215 504 τίμιος·
1232 469 1269 501 ὡς
1282 469 1378 504 μηκέτι
1388 469 1451 501 τοὺς
1464 469 1662 504 προλεχθέντας
1680 469 1762 496 αὐτοῦ
1779 468 1913 504 ἀδελφοὺς

1117 516 1192 547 υἱοὺς
1214 513 1282 542 εἶναι
1305 516 1353 552 τῆς
1374 515 1483 551 Μαρίας
1501 516 1638 551 ἡγεῖσθαι,
1654 514 1742 550 ἕτεροι
1762 515 1784 541 δ’
1801 514 1836 542 ἂν
1854 512 1912 542 εἷεν

1117 562 1193 597 παρὰ
1206 562 1317 593 τούτους
1333 562 1357 588 οί
1378 561 1421 588 διὰ
1438 561 1484 588 τοῦ
1501 561 1608 596 ψαλμοῦ
1633 561 1774 596 λεγόμενοι
1789 560 1841 587 υἱοὶ
1858 561 1912 597 τῆς

1119 604 1222 639 μητρὸς
1233 604 1327 636 αὐτοῦς
1344 601 1385 636 οἷς
1400 604 1474 636 ξένος
1482 603 1609 640 ἐγενήθη.
1623 603 1739 639 Νοήσεις
1755 603 1784 630 δὲ
1801 604 1912 640 μητέρα

1119 650 1168 685 μὲν
1182 650 1231 686 τὴν
1243 649 1296 676 τῶν
1309 649 1443 676 Ἰουδαίων
1454 649 1618 684 Συναγωγὴν
1625 649 1673 676 καὶ
1681 650 1771 676 πᾶσαν
1781 649 1831 685 τὴν
1840 650 1913 678 κατὰ,

1118 697 1208 732 σάρκα
1224 695 1381 730 συγγένειαν
1399 695 1453 721 τῶν
1470 696 1502 722 ὲκ
1522 695 1675 731 περιτομῆς
1689 703 1696 710 ·
1713 695 1787 727 υἱοὺς
1807 695 1837 723 δδ
1859 695 1912 732 τῆς

1116 742 1243 778 τοιαύτης
1259 742 1361 777 μητρὸς
1373 743 1436 774 τοὺς
1457 741 1661 777 ἀρνησαμένους
1671 741 1762 774 αὐτὸν,
1776 742 1825 768 καὶ
1834 742 1912 779 εἰρη-

1117 788 1214 820 κότας·
1234 797 1244 814 ί
1256 787 1355 814 Τοῦτον
1368 787 1397 814 δὲ
1416 787 1466 813 οὐκ
1488 786 1597 821 οἴδαμεν
1628 785 1710 813 πόθεν
1729 786 1820 813 ἐστίν·
1835 796 1846 813 ι
1864 787 1912 814 Διὸ

1116 836 1208 870 ἔλεγεν
1225 835 1316 866 αὐτοῖς
1326 854 1333 867 ,
1351 834 1443 870 ἐπειδὴ
1459 833 1533 867 ξένον
1549 833 1629 860 αὐτὸν
1646 832 1779 868 ἐνόμιζον·
1801 842 1811 859 α
1822 832 1874 860 Διὰ
1882 833 1912 860 τί

1115 882 1165 918 τὴν
1177 881 1271 908 λαλιὰν
1291 881 1341 917 τὴν
1362 881 1431 916 ἐμὴν
1451 880 1481 906 οὐ
1500 880 1666 914 γινώσκετε;
1688 879 1730 906 ὃτι
1747 879 1778 906 οὺ
1793 878 1910 907 δύνασθε

271 928 346 956 mine
361 928 451 956 Patris
468 929 531 960 mei,
547 935 574 956 et
589 937 643 957 non
661 929 788 965 accipitis
810 938 872 964 me;
887 931 910 958 si
930 931 1000 959 alius
1017 939 1061 959 ve-

1116 929 1225 956 ὰκούειν
1241 929 1286 955 τὸν
1305 928 1384 962 λόγον
1397 928 1443 954 τὸν
1463 927 1538 962 ἐμόν.
1554 936 1563 953 ι
1582 926 1662 953 Ξένον
1678 925 1707 952 δὲ
1722 926 1805 953 αὐτὸν
1827 925 1910 954 πάλιν

270 974 342 1002 nerit
358 974 385 1000 in
403 973 515 1001 nomine
529 975 653 1009 proprio,
667 975 757 1010 ipsum
776 975 918 1010 accipietis
937 976 968 1002 ".
991 984 1000 1001 ι
1018 975 1065 1003 Sic

268 1020 354 1055 igitur
373 1020 538 1055 peregrinus
554 1024 582 1047 et
596 1026 744 1049 extraneus
758 1021 848 1049 factus
863 1025 905 1049 est
928 1022 992 1049 ﬁliis
1007 1029 1066 1049 ma-

269 1066 320 1094 tris
334 1074 401 1094 suaz.
416 1066 480 1094 Hzec
499 1074 581 1101 porro
601 1067 694 1094 omnia
713 1068 846 1096 sustinuit
867 1069 902 1096 ob
915 1076 987 1101 eam,
1005 1077 1065 1104 quae

269 1119 332 1139 mox
346 1112 470 1145 allcrtur,
488 1120 612 1145 causam,
624 1122 707 1149 quam
720 1116 880 1143 necessario
898 1116 996 1151 aperit,
1023 1116 1065 1143 di-

267 1165 334 1185 cens
348 1167 356 1186 ε

1116 975 1231 1011 ἡγοῦντο
1246 974 1380 1008 λέγοντες
1399 983 1408 999 ι
1421 973 1458 1000 οὺ
1475 972 1565 1004 καλῶς
1576 973 1658 1008 ἡμεῖς
1670 971 1785 1007 λέγομεν
1801 972 1844 999 ὃτι
1855 971 1911 999 Σα-

1119 1022 1249 1057 μαρείτης
1257 1018 1282 1046 εἴ
1295 1021 1336 1050 σὺ,
1354 1020 1401 1046 καὶ
1411 1019 1547 1054 δαιμόνιον
1561 1018 1648 1054 ἕχειςς
1664 1028 1673 1044 ι
1686 1018 1733 1045 Διὸ
1749 1018 1826 1052 ἔλεγε
1841 1018 1913 1054 πρὸς

1117 1067 1223 1099 αὐτούς·
1237 1076 1246 1093 ι
1259 1066 1330 1101 Ἐγὼ
1341 1065 1458 1101 ἐλήλυθα
1467 1067 1495 1092 ὲν
1502 1065 1540 1100 τῷ
1548 1065 1662 1099 ὀνόματι
1671 1064 1719 1091 τοῦ
1728 1064 1836 1101 Πατρός
1846 1073 1911 1100 μου,

1118 1116 1164 1142 καὶ
1180 1116 1210 1141 οὺ
1228 1112 1381 1149 λαμϐάνετέ
1403 1120 1451 1148 με·
1465 1111 1512 1138 ἐὰν
1526 1111 1604 1143 ἄλλος
1617 1111 1681 1147 ἔλθῃ
1700 1112 1729 1138 ὲν
1744 1111 1785 1146 τῷ
1798 1111 1912 1147 ὀνόματι

1117 1161 1156 1196 τῷ
1167 1161 1234 1196 ἰδίῳ,
1249 1161 1352 1187 ἐκεῖνον
1361 1157 1490 1194 λήψεσθε.
1502 1167 1510 1183 ι
1523 1157 1600 1183 Οὕτω
1612 1156 1701 1184 τοίνυν
1717 1156 1791 1189 ξένος
1806 1156 1856 1184 καὶ
1863 1156 1914 1184 ἀλ-

268 1202 373 1240 λότριος
387 1204 481 1239 γέγονε
495 1207 552 1237 τοῖς
567 1207 635 1238 υἱοῖς
647 1207 696 1242 τῆς
709 1208 811 1243 μητρὸς
824 1207 917 1234 αὑτοῦ.
931 1208 1060 1236 Ταῦταδὲ
1080 1210 1169 1235 πάντα
1180 1208 1310 1243 ὑπέμεινε
1319 1207 1362 1233 διὰ
1375 1205 1425 1242 τὴν
1439 1204 1638 1238 ὲπιλεγομένην
1663 1203 1764 1236 αἰτίαν,
1787 1204 1821 1240 ἢν
1827 1204 1914 1238 ἀνατ-

267 1250 354 1281 καίως
365 1251 514 1287 παρίστησι
528 1252 626 1286 λέγων·

303 1308 386 1337 Vsus.
402 1310 495 1337 ἰο-15.
516 1319 525 1335 ι
546 1310 680 1343 Quoniam
701 1310 776 1337 zelus
799 1309 897 1338 domus
915 1313 969 1338 tuae
984 1319 1060 1338 com-

267 1356 324 1384 edit
339 1364 392 1389 me.
419 1360 446 1384 et
467 1357 616 1392 opprobria
636 1357 862 1392 exprobrantium
883 1357 935 1384 tibi
958 1357 1061 1384 cecide-

268 1408 332 1430 runt
348 1411 430 1438 super
447 1411 500 1430 me.
523 1413 533 1429 ›
558 1403 627 1436 Quia
642 1403 715 1430 enim
741 1403 826 1430 multa
853 1406 921 1430 usus
951 1403 1060 1435 ﬁducia,

266 1457 314 1477 eos
329 1450 377 1485 qui
389 1450 499 1477 domum
517 1449 606 1477 Patris
622 1450 675 1481 sui.
693 1449 806 1477 domum
826 1449 1019 1485 negotiationis
1035 1454 1062 1477 et

267 1497 426 1532 speluncam
440 1497 578 1523 latronqu
593 1496 739 1529 faciebant,
753 1496 920 1532 coarguebat
932 1501 960 1524 et
975 1497 1060 1532 pelle-

266 1543 309 1570 bat
322 1565 328 1576 ,
343 1543 405 1571 ideo
420 1543 622 1571 insidiabantur
634 1543 695 1578 ipsi.
715 1543 793 1576 Quod
805 1543 925 1571 declarat
940 1551 1057 1579 evange-

267 1590 338 1620 lista,
353 1589 465 1617 dicens:
485 1599 494 1615 ι
515 1589 547 1616 Et
567 1597 650 1624 prope
671 1593 730 1617 erat
755 1589 861 1617 Pascha
887 1589 1055 1622 Iudaeorum,

265 1640 292 1661 ct
304 1634 429 1662 ascendit
444 1633 524 1661 Iesus
544 1631 743 1669 Jerosolymam
760 1643 766 1660 :
785 1638 812 1660 et
829 1634 933 1661 invenit
947 1634 975 1661 in
992 1638 1061 1660 tem-

266 1681 311 1715 plo
328 1680 477 1708 vendentes
504 1688 569 1708 oves
592 1684 619 1707 et
645 1681 739 1712 boves,
761 1683 788 1707 et
812 1680 1060 1707 nummulariorum

266 1726 361 1753 ell'udit
385 1735 423 1754 aes
447 1730 475 1754 et
500 1734 621 1754 mensas.
639 1725 672 1752 Et
686 1727 720 1754 iis
733 1726 780 1761 qui
801 1727 945 1754 columbas
961 1726 1062 1754 vende-

266 1772 333 1799 bant
355 1772 444 1800 dixit:
462 1771 574 1800 Auferte
601 1772 655 1799 ista
687 1772 763 1802 hinc.
796 1776 824 1799 et
855 1772 941 1799 nolite
971 1771 1062 1800 facere

266 1819 377 1846 domum
392 1819 481 1847 Patris
495 1819 560 1851 mei,
585 1818 686 1846 donum
708 1818 902 1853 negotiationis
918 1819 950 1846 ¹⁸.
972 1828 982 1844 ι
996 1818 1061 1851 Qui-

266 1864 319 1892 bus
345 1865 513 1900 subjungit:
540 1873 550 1890 ί
580 1863 726 1892 Recordali
748 1869 812 1892 sunt
839 1864 966 1899 discipuli
991 1864 1060 1899 ejus,

266 1911 330 1946 quia
365 1911 498 1947 scriptum
530 1916 600 1940 est:
628 1911 708 1939 Zelus
735 1911 833 1939 donius
867 1916 920 1939 tum
943 1911 1063 1939 comedit

265 1958 350 1985 me".
365 1967 374 1983 ›
385 1957 438 1985 Sed
461 1958 544 1985 etiam
560 1958 706 1993 opprobria
723 1958 947 1993 exprobrantium
963 1957 1018 1985 Deo
1034 1958 1062 1985 in

265 2012 296 2032 se
316 2005 462 2039 recipiens,
479 2013 575 2032 eorum
605 2006 678 2032 ultor
693 2004 764 2032 fuit:
788 2005 966 2040 quamobrem
991 2002 1064 2033 dice-

265 2050 312 2078 bat
326 2059 333 2077 :
348 2060 357 2076 ι
369 2050 402 2077 Et
417 2051 563 2086 opprobria
587 2051 810 2086 exprobrantium
834 2050 882 2078 tibi
904 2050 1063 2078 ceciderunt

265 2104 347 2131 super
362 2104 415 2124 me.
436 2106 445 2122 ι
463 2096 524 2124 Non
537 2096 627 2125 ferens
643 2097 716 2125 enim
732 2105 780 2125 eos
797 2098 843 2132 qui
857 2097 987 2132 operibus
1003 2097 1062 2125 suis

265 2143 445 2180 opprobrium
460 2143 602 2178 religionis
617 2143 723 2179 legibus
737 2143 903 2174 inferebant,
923 2143 1062 2178 principes

265 2191 354 2226 gentis
369 2189 546 2225 coarguebat.
563 2189 654 2222 Quare
670 2189 765 2217 turbas
782 2193 809 2216 et
830 2188 982 2224 discipulos
996 2195 1062 2216 suos

1152 1319 1161 1336 ‹
1182 1310 1243 1336 Ὀτι
1258 1310 1271 1336 ὀ
1293 1308 1372 1345 ζῆλος
1395 1308 1443 1335 τοῦ
1458 1309 1534 1335 οἴκου
1564 1317 1612 1336 σου
1629 1309 1769 1344 κατέφαγε
1796 1318 1848 1345 με,
1863 1309 1913 1336 καὶ

1113 1357 1139 1382 οἱ
1168 1355 1313 1389 ὀνειδισμοὶ
1335 1354 1390 1381 τῶν
1425 1354 1607 1387 ὀνειδιζόντων
1642 1363 1671 1381 σε
1701 1356 1841 1383 ἐπέπεσαν
1867 1348 1911 1383 ἐπ’

1114 1401 1174 1435 ἐμέ.
1198 1409 1207 1425 ι
1238 1399 1346 1435 Ἐπειδὴ
1369 1400 1440 1435 γὰρ,
1473 1400 1558 1436 πολλῇ
1587 1400 1729 1436 παρρησίᾳ
1758 1400 1912 1437 χρώμενος,

1114 1447 1177 1478 τοὺς
1198 1446 1243 1472 τὸν
1264 1444 1338 1473 οἷκον
1364 1446 1412 1473 τοῦ
1441 1447 1548 1483 Πατρὸς
1568 1447 1652 1473 αὐτοῦ
1670 1445 1744 1474 οἷκον
1776 1447 1912 1483 ἐμπορίου

1113 1493 1159 1519 καὶ
1197 1493 1328 1529 σπήλαιον
1358 1493 1464 1529 λῃστῶν
1502 1493 1647 1526 ποιοῦντας
1674 1494 1774 1530 ήλεγχέ
1804 1502 1834 1520 τε
1865 1494 1913 1522 καὶ

1113 1539 1221 1574 ἤλαυνε,
1237 1539 1334 1566 τούτου
1348 1540 1427 1576 χάριν
1456 1539 1634 1566 ἐπεϐούλευον
1657 1540 1740 1576 αὐτῷ·
1760 1540 1773 1567 ὀ
1792 1539 1824 1575 δὴ
1842 1546 1913 1576 παρ-

1112 1575 1216 1622 ίστησιν
1225 1588 1238 1613 ὀ
1247 1575 1541 1622 εὐαγγελιστὴςεῐπών·
1554 1597 1563 1613 ‹
1574 1587 1627 1614 Kal
1635 1586 1669 1624 ἦν
1681 1575 1763 1622 ἐγγὺς
1771 1587 1802 1614 τὸ
1812 1575 1912 1623 Πάσχα

1110 1632 1164 1658 τῶν
1187 1632 1331 1664 Ἰουδαίων,
1347 1633 1394 1659 καὶ
1410 1632 1493 1668 ἀνέϐη
1509 1633 1523 1658 ὀ
1544 1632 1648 1668 Ἰησοῦς
1662 1633 1702 1664 είς
1723 1631 1909 1669 Ἱεροσόλυμα-

1112 1679 1158 1705 xui.
1173 1687 1252 1714 ευρεν
1271 1680 1300 1704 ἐν
1314 1678 1352 1713 τῷ
1368 1678 1433 1714 ἱερῷ
1450 1679 1608 1711 πωλοῦντας
1626 1679 1751 1714 πρόϐατα
1767 1680 1814 1706 καὶ
1833 1679 1908 1714 βόας,

1113 1726 1160 1751 καὶ
1173 1725 1227 1751 τῶν
1245 1725 1427 1752 κολλυϐιστῶν
1438 1725 1529 1760 ἐξέχεε
1537 1726 1570 1752 τὰ
1582 1725 1705 1761 κέρματα
1719 1725 1767 1752 καὶ
1779 1725 1829 1757 τὰς
1843 1734 1910 1761 τρασ

1113 1770 1207 1803 πέζας.
1218 1772 1272 1797 Καὶ
1279 1772 1336 1802 τοῖς
1346 1771 1394 1802 τὰς
1403 1771 1570 1807 περιστερὰς
1583 1771 1718 1798 πωλοῦσιν
1727 1770 1813 1798 εἶπενε
1829 1773 1912 1807 Ἄρει.⁸

1111 1826 1141 1843 τε
1155 1817 1241 1844 ταῦτα
1259 1817 1395 1850 ἐντεῦθεν,
1407 1818 1455 1845 καί
1473 1817 1510 1854 μὴ
1528 1819 1629 1844 ποιεῖτε
1644 1818 1688 1845 τὸν
1702 1816 1775 1844 οἷκον
1792 1818 1840 1844 τοῦ
1855 1818 1911 1845 Πα-

1111 1862 1175 1898 τρός
1183 1872 1233 1898 μου
1245 1860 1317 1889 οἷκον
1328 1863 1459 1899 ἐμπορίου
1470 1871 1476 1877 ·
1491 1873 1500 1889 ι
1515 1863 1647 1898 ἐπιλέγει⁸
1662 1873 1670 1888 ι
1683 1863 1875 1899 Ἐμνήσθησαν
1885 1864 1909 1890 οἱ

1114 1908 1234 1944 μαθηταὶ
1247 1908 1340 1941 αὑτοῦ,
1355 1910 1395 1936 ὅτι
1412 1910 1606 1946 γεγραμμένον
1621 1910 1704 1936 ἐστίν’
1720 1910 1749 1937 '0
1764 1909 1848 1945 ζῆλος
1861 1910 1909 1937 τοῦ

1112 1955 1187 1982 οἴκου
1206 1964 1252 1982 σου
1264 1955 1404 1991 κατέφαγε
1417 1964 1461 1991 με,
1479 1966 1488 1982 ι
1512 1955 1591 1983 Ἀλλὰ
1607 1956 1726 1987 καὶτοὺς
1740 1956 1909 1992 ὀνειδισμοὺς

1111 2001 1166 2027 τῶν
1180 2002 1363 2034 ὀνειδιζόντων
1381 2002 1426 2029 τὸν
1446 2002 1512 2029 Θεὸν
1526 2003 1566 2034 εἰς
1581 1999 1677 2029 ἑαυτῦν
1696 2002 1908 2038 ἀνύαμὸάνων,

1113 2047 1218 2081 ἔκδικος
1235 2049 1342 2083 ἐγένετο
1355 2048 1516 2076 τούτων-διὸ
1523 2048 1610 2083 ἔλεγε·
1626 2058 1635 2074 ι
1648 2048 1703 2076 Καὶ
1717 2050 1741 2075 οἱ
1758 2049 1909 2085 ὀνειδισμοὶ

1113 2095 1166 2121 τῶν
1181 2095 1362 2127 ὀνειδιζόντων
1383 2103 1413 2121 σε
1430 2095 1568 2122 ἐπέπεσαν
1579 2094 1623 2121 ἐπ’
1636 2095 1697 2131 ὲμέ.
1715 2105 1724 2122 ι
1740 2096 1777 2122 Οὐ
1792 2095 1848 2131 γὰρ
1862 2094 1909 2130 φέ-

1115 2151 1168 2178 ρων
1178 2144 1240 2174 τοὺς
1254 2142 1297 2169 διὰ
1315 2143 1368 2169 τῶν
1383 2142 1491 2170 οἰκείων
1503 2143 1592 2180 ἔργων
1608 2143 1709 2176 ὄνειδος
1726 2143 1909 2180 πραστρίὸον-

1113 2197 1162 2221 τας
1172 2188 1211 2224 τῷ
1226 2189 1276 2224 τῆς
1293 2189 1445 2222 θεοσεϐείας
1465 2190 1550 2226 νόμῳ,
1568 2189 1632 2221 τοὺς
1651 2190 1777 2225 ἐλέγχους
1789 2190 1908 2216 ἐποιεῖτο

265 2236 474 2268 cohortabatur,
494 2235 590 2264 dicens
607 2244 614 2263 :
633 2245 642 2261 ι
664 2235 754 2270 Super
779 2234 938 2262 cathedram
960 2233 1060 2269 Moysis

1114 2235 1184 2262 κατὰ
1191 2235 1245 2262 τῶν
1260 2233 1398 2271 ἀρχόντων
1410 2235 1456 2262 τοῦ
1466 2236 1568 2269 ἔθνους.
1582 2236 1627 2263 Διὸ
1634 2238 1689 2267 τοῖς
1697 2235 1785 2271 ὄχλοις
1797 2236 1907 2268 καὶτοῖς

264 2283 395 2311 sederunt
411 2281 514 2310 Scriba“.
526 2285 552 2309 et
568 2280 700 2308 Pharismi
718 2289 726 2308 :
742 2281 835 2307 omnia
849 2288 914 2316 ergo
925 2287 1055 2315 quaecun-

263 2338 317 2366 que
330 2329 450 2357 dixerint
465 2327 545 2355 vobis
563 2326 644 2354 facite
662 2331 688 2354 et
702 2329 820 2360 servate,
829 2326 979 2353 secundum
991 2333 1056 2360 ope—

264 2386 294 2406 ra
307 2382 398 2405 autem
413 2384 509 2404 eorum
525 2375 612 2402 nolite
629 2374 729 2402 facere.
748 2373 849 2401 Dicunt
863 2374 946 2407 enim,
959 2377 986 2400 et
1001 2380 1056 2400 non
1074 2392 1079 2397 .

264 2424 367 2452 faciunt
379 2423 413 2449 ⁸ο,
441 2433 450 2448 ι
475 2421 578 2449 Deinde
601 2429 666 2448 vero
685 2427 804 2455 arguens
829 2419 887 2446 haec
904 2419 933 2446 in
961 2425 1056 2446 eorum

263 2475 408 2503 personam
423 2467 579 2503 proferebat
597 2474 603 2492 :
621 2475 630 2491 ι
654 2465 700 2493 Vae
710 2465 800 2497 vobis,
817 2464 922 2492 Scriba:
942 2468 969 2491 et
984 2458 1056 2491 Plia—

262 2514 333 2541 ris-.ei
348 2513 508 2548 hypocritaz,
524 2513 589 2548 quia
601 2512 730 2540 clauditis
748 2519 862 2547 regnum
877 2511 1011 2538 caelorum
1026 2511 1055 2538 in

262 2564 410 2594 conspectu
427 2559 567 2587 hominum
582 2559 625 2593 “;
646 2568 655 2585 ι
675 2566 707 2586 ac
722 2566 834 2586 rursum
850 2567 857 2585 :
879 2567 889 2584 ι
907 2557 953 2585 Vae
964 2557 1053 2589 vobis,

263 2606 366 2633 Scriba:
393 2608 420 2632 et
448 2604 589 2638 Pharisaei,
604 2605 669 2640 quia
695 2604 799 2632 similes
828 2603 895 2632 estis
919 2603 1051 2638 sepulcris

260 2651 397 2681 dealbatis
412 2652 444 2677 “.
465 2660 474 2676 ›
491 2650 532 2678 0b
551 2651 621 2678 tales
638 2651 731 2686 itaque
756 2650 956 2685 correptiones,
987 2648 1053 2676 insi-

261 2698 321 2726 dias
345 2697 399 2733 ipsi
417 2702 560 2732 pararunt.
590 2697 762 2733 Quapropter
782 2697 828 2724 bic
854 2696 914 2723 ait:
934 2705 943 2721 ι
971 2694 1052 2722 Zelus

260 2746 358 2772 domus
373 2748 426 2770 ture
435 2743 553 2770 comedit
563 2751 616 2775 me,
628 2749 655 2771 et
665 2743 812 2778 opprobria
825 2741 1052 2777 exprobrantium

260 2792 310 2821 tibi
328 2791 487 2820 ceciderunt
501 2797 585 2825 super
596 2797 648 2817 me.
662 2789 695 2815 Et
709 2789 807 2825 operui
820 2789 847 2816 in
870 2788 977 2825 jejunio
992 2786 1053 2813 ani-

297 2871 318 2886 “
336 2870 414 2897 Joan.
437 2877 475 2900 Ix,
495 2868 541 2896 29.
580 2869 601 2884 “’
619 2867 697 2895 Joan.
720 2875 780 2898 rm,
799 2867 844 2893 45.
884 2866 906 2882 ι’
927 2865 993 2892 ibid.
1015 2863 1059 2892 48.

1113 2865 1119 2880 ⁷
1139 2863 1218 2891 Joan.
1240 2873 1267 2899 v,
1290 2863 1333 2891 l5.

260 2908 284 2925 "
295 2906 389 2934 Matth.
412 2912 491 2938 mu,
511 2904 538 2937 2,
560 2904 586 2931 5.
625 2904 645 2919 ¹¹
668 2903 732 2930 ibid.
750 2903 775 2929 5.
815 2903 837 2916 ¹¹
859 2900 925 2928 ibid.
950 2900 995 2927 ζ27.

1112 2282 1247 2317 μαθηταῖς
1259 2282 1341 2308 αὑτοῦ
1359 2282 1580 2318 παρῄνειλέγων·
1599 2292 1608 2308 ‹
1631 2283 1691 2309 Ἐπὶ
1704 2281 1754 2317 τῆς
1771 2282 1907 2317 καθέδρας

1110 2328 1248 2359 Μωῦσέως
1267 2327 1396 2356 ἐκάθισαν
1412 2329 1437 2355 at
1452 2329 1628 2364 Γραμματεῖς
1641 2328 1688 2354 καὶ
1708 2327 1732 2354 οἱ
1746 2328 1907 2363 Φαρισαῖον

1110 2373 1198 2399 πάντα
1212 2371 1258 2400 οὖν
1268 2374 1318 2402 ὅσα
1330 2373 1362 2400 ἂν
1380 2374 1493 2401 εἴπωσιν
1506 2375 1570 2410 ὑμῖν
1587 2374 1717 2409 ποιήσατε
1726 2374 1772 2400 καὶ
1784 2375 1906 2410 τηρεῖτε”

1110 2419 1180 2446 κατὰ
1195 2419 1223 2445 δὲ
1239 2419 1273 2446 τὰ
1286 2419 1354 2456 ἔργα
1369 2420 1458 2446 αὐτῶν
1477 2420 1514 2456 μὴ
1530 2421 1640 2446 ποιεῖτε.
1655 2420 1773 2454 Λέγουσι
1787 2420 1843 2456 γὰρ
1860 2420 1908 2447 καὶ

1109 2467 1140 2493 οὺ
1155 2465 1287 2494 ποιοῦσιν.
1305 2477 1313 2492 ι
1330 2465 1459 2503 Εἴθ’ὲξῆς
1472 2467 1630 2503 ἀπελέγχων
1645 2467 1744 2499 αὐτοὺς
1757 2468 1798 2499 είς
1814 2467 1906 2495 αὐτῶν

1109 2513 1253 2549 πρόσωπον
1270 2513 1373 2548 ἔλεγεν·
1386 2524 1394 2540 ι
1407 2513 1475 2541 Οὐαὶ
1490 2515 1565 2549 ὑμῖν;
1574 2515 1751 2550 Γραμματεῖς
1759 2515 1807 2541 καὶ
1821 2513 1907 2550 Φαρι-

1110 2561 1179 2586 σαῖοι
1198 2559 1356 2596 ὑποκριταὶ,
1372 2561 1412 2588 ὃτι
1422 2562 1527 2588 κλείετε
1540 2561 1589 2597 τὴν
1602 2561 1740 2596 βασιλείαν
1752 2560 1807 2588 τῶν
1822 2561 1906 2597 οὑραο

1108 2605 1161 2631 νῶν
1176 2605 1331 2641 ἔμπροσθεν
1348 2605 1402 2631 τῶν
1420 2605 1587 2642 ἀνθρώπων·
1609 2616 1617 2632 ι
1641 2606 1688 2632 καὶ
1706 2605 1797 2632 πάλιν·
1815 2615 1824 2630 ε
1836 2605 1905 2632 Οὐαὶ

1105 2649 1179 2684 ὑμῖν,
1197 2651 1372 2685 γραμματεῖς
1392 2650 1438 2677 καὶ
1457 2651 1614 2686 Φαρισαῖοι,
1639 2649 1679 2677 ὅτι
1701 2649 1904 2685 παρομοιάζετε

1103 2695 1199 2730 τάφοις
1225 2694 1435 2730 κεκονιαμένοις.
1453 2706 1462 2722 ι
1483 2695 1542 2722 Τῶν
1564 2694 1628 2730 γοῦν
1646 2695 1773 2722 τοιούτων
1784 2694 1904 2730 ἐλέγχων

1105 2741 1186 2768 ἕνεκα
1196 2741 1244 2776 τὴν
1253 2740 1397 2777 ἐπιϐουλὴν
1407 2741 1481 2777 αὐτῷ
1495 2741 1733 2768 συνεσκευάσαντο.
1749 2740 1851 2776 Διόπερ
1861 2741 1904 2766 ὲν-

1106 2785 1193 2813 ταῦθά
1201 2795 1294 2823 φησιν·
1312 2796 1321 2812 ι
1333 2787 1362 2812 '0
1378 2785 1458 2821 ζῆλος
1472 2786 1519 2813 τοῦ
1534 2786 1609 2813 οἴκου
1629 2793 1674 2812 σου
1693 2785 1832 2820 κατέφαγέ
1849 2793 1882 2820 με
1893 2803 1902 2817 ,

1391 2864 1412 2880 "
1431 2863 1511 2892 Joan.
1533 2872 1563 2897 ιι,
1584 2864 1667 2891 13-16
1729 2864 1750 2881 ⁹¹
1765 2863 1831 2891 ibid.
1855 2861 1898 2889 Π.
