2041 3215
272 186 326 214 753

637 185 772 214 EUSEBII
792 184 1033 213 CASSARIENSIS
1049 185 1122 213 OPP.
1144 184 1232 212 PARS
1251 184 1293 213 III.
1314 200 1349 206 -
1368 185 1569 213 EXEGETICA.

1849 188 1902 216 7M

272 247 409 274 videntem
436 254 466 274 se
487 246 563 273 brevi
586 252 648 281 post
675 251 797 281 tempore
815 246 882 280 ipsis
907 250 1052 273 extraneum

1117 246 1201 272 ταῦτα
1216 245 1375 282 ἐπληροῦτο,
1393 247 1436 273 ὅτε
1455 247 1547 274 λοιπὸν
1562 245 1705 282 αἰρομένου
1720 247 1766 273 τοῦ
1783 249 1902 283 νυμφίου

273 291 341 324 fore,
355 296 382 319 et
401 297 486 319 lotmn
510 301 542 319 cx
566 293 780 319 circumcisione
804 292 932 326 populum
952 293 1062 326 sangui-

273 346 334 365 nem
351 346 430 366 suum
448 340 652 373 postulaturum
667 346 739 369 esse,
757 338 866 365 Petrum
888 343 1060 373 negaturum,

271 388 300 410 et
315 383 380 410 talia
406 388 503 409 contra
527 392 555 410 sc
581 384 761 418 pcrpetramla
783 392 863 414 esse;
891 389 919 409 ιιι
941 384 1061 410 futurum

272 433 347 456 esset
372 430 499 456 tenebras
526 430 617 455 ntnnia
648 429 751 454 circum
782 428 944 458 obvolvct‘e.
977 430 1060 455 solcm

271 475 361 510 ipsum
378 475 532 505 obscurari,
558 475 646 500 velum
671 475 761 508 templi
789 475 887 505 scindi,
916 476 1061 509 omniaque

271 522 336 548 olim
351 522 378 548 in
393 520 494 548 lsraelc
512 521 665 547 veneranda
683 521 783 552 everti;
799 521 925 547 nimirum
947 529 1058 555 regnum

270 568 569 599 eorum,sacerdolium
582 571 607 593 ct
625 567 722 593 Sancta
739 572 911 599 sanctorum;
928 569 1059 593 omnium-

271 622 324 648 que
342 621 435 640 eorum
457 612 637 646 abjectioncm
658 616 683 638 et
705 612 839 638 excidium
857 612 1001 639 confertim
1019 613 1059 639 l‘u-

268 662 363 684 turum
379 666 386 684 :
405 665 458 683 non
475 658 541 688 vcri,
558 657 679 691 inquam,
693 657 818 684 absimilc
839 663 890 689 est,
908 658 994 692 ipsum
1013 659 1058 685 lm-

269 711 332 730 rum
343 711 425 730 causa
439 712 591 730 macerasse
611 705 636 730 in
651 704 755 738 jejunio
778 705 897 731 animam
925 714 1012 737 suam,
1031 711 1058 732 et

236 775 239 777 .
269 750 396 784 posuisse
414 751 603 776 vestimentum
620 758 699 776 suum
717 759 839 777 sarem-.1.
861 751 919 783 Qun
933 752 1056 778 llC(“.lllS.’l

270 796 346 830 impii
360 796 483 822 homines
495 797 582 831 ipsum
599 797 757 827 irridebant.
771 797 834 823 dum
853 798 911 823 loco
925 800 1057 833 parulioltu

269 840 396 868 futilibus
409 842 465 867 suis
482 842 653 867 sormonibus
679 847 860 876 nugarcntur;
877 843 984 877 alioque
1004 844 1056 870 dici

269 893 390 921 tempore
407 888 431 913 in
451 889 533 921 portis
559 888 677 920 collecti,
694 896 740 915 eos
753 889 799 922 qui
818 890 992 922 ριτῡιρινὶὺιιιιι
1010 899 1056 924 per

1115 293 1160 318 καὶ
1176 293 1199 317 οἱ
1217 292 1334 327 μαθηταὶ
1345 293 1425 318 αὑτοῦ
1438 294 1589 327 ἐνήστευον.
1672 290 1712 324 οἷς
1724 294 1773 320 οὐκ
1788 294 1903 326 ἀπεικὸς

1113 336 1146 373 ἦν
1160 339 1205 364 καὶ
1224 339 1303 364 αὑτὸν
1319 339 1485 373 προορῶντα,
1500 339 1537 369 ὡς
1549 339 1646 373 μικρὸν
1657 338 1769 374 ὕστερον
1783 340 1903 375 ἀπηλλο-

1113 384 1261 419 τριωμένος
1277 385 1351 410 ἔσται
1374 385 1472 415 αὐτοῖς,
1490 385 1536 410 καὶ
1553 385 1589 416 ὡς
1603 385 1632 410 τὸ
1648 386 1700 411 πᾶν
1714 386 1788 417 ἔθνος
1804 386 1853 412 τοῦ
1871 388 1903 413 ἐκ

1113 430 1263 464 περιτομῆς
1279 430 1343 455 λαοῦ
1363 430 1393 455 τὸ
1408 427 1475 464 αἷμα
1495 430 1577 455 αὑτοῦ
1595 430 1782 465 ἐξαιτήσεται,
1802 433 1848 458 καὶ
1864 433 1902 463 ὡς

1112 477 1213 511 Πέτρος
1228 476 1305 502 αὑτὸν
1321 477 1478 511 ἀρνήσεται,
1496 477 1542 501 καὶ
1554 476 1664 503 τοιαῦτα
1675 478 1733 504 κατ’
1745 478 1827 504 αὐτοῦ
1842 479 1902 505 τολ-

1113 522 1274 556 μηθήσεται,
1288 521 1356 547 ὥστε
1376 522 1467 553 σκότος
1484 522 1620 548 διαλαϐεῖν
1636 523 1664 548 τὸ
1679 523 1813 558 περιέχον,
1824 524 1901 559 ἥλιόν

1110 576 1138 593 τε
1155 567 1235 593 αὐτὸν
1252 568 1424 602 σκοτισθῆναι
1437 590 1443 599 ,
1460 569 1505 594 καὶ
1523 568 1551 593 τὸ
1570 569 1768 604 καταπέτασμα
1785 570 1831 596 τοῦ
1848 571 1902 596 νεὼ

1112 614 1267 648 σλισθῆναι,
1299 614 1484 649 ἀνατραπῆναί
1508 623 1536 640 τε
1570 615 1658 640 πάντα
1688 615 1721 641 τὰ
1740 615 1824 641 πάλαι
1852 617 1900 642 τοῦ

1116 658 1221 693 Ἰσραὴλ
1238 659 1333 693 σεμνὰ,
1352 659 1421 692 λέγω
1438 660 1464 685 δὲ
1478 659 1525 694 τὴν
1540 659 1673 694 βασιλείαν
1686 660 1774 686 αὐτῶν
1792 661 1840 687 καὶ
1851 662 1901 696 τὴν

1111 705 1257 740 ἱερωσύνην
1275 706 1321 730 καὶ
1339 705 1372 731 τὰ
1386 706 1466 738 ’Ἅγια
1482 706 1534 731 τῶν
1551 706 1646 739 ἁγίων·
1664 706 1771 732 πάντων
1789 716 1817 732 τε
1838 707 1902 732 τού-

1110 761 1162 777 των
1180 751 1313 785 ἀποϐολὴν
1334 752 1379 776 καὶ
1393 752 1546 787 ἀνατροπὴν
1564 753 1663 787 ἀθρόαν
1678 753 1821 786 γενέσθαι·
1837 754 1900 779 τού-

1109 807 1161 823 των
1177 798 1258 823 ἕνεκα
1278 799 1326 823 οὐκ
1349 798 1461 829 ἀπεικὸς
1478 796 1510 833 ἦν
1530 798 1608 824 αὑτὸν
1627 800 1785 824 καταπονεῖν
1801 800 1830 825 ἐν
1850 808 1899 834 νη-

1110 845 1185 878 στεία
1201 844 1247 878 τὴν
1266 844 1352 878 ψυχὴν
1366 844 1457 873 αὑτοῦ,
1475 844 1521 869 καὶ
1534 844 1634 869 τιθέναι
1648 843 1678 869 τὸ
1697 844 1798 878 ἔνδυμα
1813 845 1898 871 αὑτοῦ

1109 891 1209 916 σάκκον
1229 891 1271 923 ἐφ’
1286 888 1307 923 ᾧ
1323 891 1368 915 καὶ
1388 890 1530 923 ἐχλεύαζον
1549 890 1628 915 αὐτον
1644 892 1666 916 oi
1691 891 1798 921 ἀσεϐεῖς
1812 911 1818 922 ,
1838 892 1900 917 ἀντὶ

268 934 418 960 calumnias
445 934 471 959 in
499 934 585 967 ipsum
609 939 727 961 structas
749 935 775 960 in
794 943 913 961 errorem
938 936 1052 963 deduce-

1109 936 1264 971 παραϐολῆς
1275 938 1333 967 ταῖς
1351 937 1408 962 κατ’
1424 937 1504 962 αὑτοῦ
1514 937 1669 971 διηγήσεσιν
1680 937 1821 971 ἁδολεσχοῦ
1828 946 1897 969 ντες·

267 985 345 1014 rent;
367 984 489 1015 tempore
507 985 597 1006 autem
615 981 678 1011 cibi,
696 982 758 1007 vino
775 986 800 1008 ct
812 981 937 1008 ebrietati
957 990 1055 1009 vacan-

266 1032 318 1057 les.
332 1028 483 1054 cantilenas
510 1030 605 1053 contra
631 1027 719 1058 ipsum
744 1028 866 1054 ederent.
894 1028 983 1060 Quare
1011 1029 1054 1055 ille

266 1074 405 1109 operiebat
424 1074 449 1099 in
470 1073 575 1107 jejunio
593 1073 711 1099 animum
729 1081 818 1105 suam,
835 1078 861 1100 et
885 1076 1002 1109 ponebat
1017 1077 1055 1102 in-

265 1119 425 1147 dumentum
452 1127 530 1145 suum
551 1126 673 1147 saccum.
693 1119 773 1152 idque
786 1127 834 1152 pro
851 1120 964 1146 aliorum
983 1122 1055 1148 salu-

265 1169 292 1192 te
306 1172 340 1191 ex
352 1160 483 1191 bonita'tis
498 1164 690 1198 cxsuperantia
708 1165 862 1198 prmslobat.

1109 984 1154 1009 καὶ
1165 984 1208 1008 τὸν
1219 983 1266 1017 μὲν
1281 983 1358 1009 ἄλλον
1369 983 1462 1017 καιρὺν
1476 983 1525 1017 τῆς
1539 983 1654 1017 ἡμέρας,
1670 984 1697 1008 ἐν
1714 984 1773 1014 ταῖς
1799 983 1899 1015 πύλαις

1110 1029 1301 1063 συναγόμενοι,
1313 1029 1374 1059 τοὺς
1392 1028 1424 1054 δι’
1442 1028 1530 1054 αὐτῶν
1551 1029 1740 1064 διερχομένους
1757 1031 1818 1060 ταῖς
1836 1030 1898 1056 κατ’

1108 1074 1189 1099 αὺτοῦ
1207 1073 1341 1104 διαϐολαῖς
1353 1073 1484 1099 ἑπλὰνων·
1502 1075 1530 1099 ἐν
1542 1074 1568 1099 δὲ
1579 1074 1617 1108 τῷ
1626 1074 1713 1109 καιρῷ
1725 1074 1772 1109 τῆς
1782 1075 1897 1109 τροφῆς,

1109 1122 1170 1155 οἴνῳ
1187 1121 1232 1146 καὶ
1255 1120 1323 1155 μέθῃ
1342 1120 1526 1154 σχολάζοντες,
1547 1120 1617 1154 ᾠδὰς
1642 1121 1813 1147 συνετίθεσαν
1837 1124 1898 1149 κατ’

1108 1167 1199 1192 αὑτοῦ.
1216 1166 1260 1192 Διδ
1274 1166 1473 1192 συνεκάλυπτεν
1488 1168 1515 1192 ἐν
1530 1167 1639 1202 νηστείᾳ
1650 1167 1791 1202 τὴνψυχὴν
1802 1168 1898 1202 αὑτοῦ,

265 1210 313 1237 καὶ
328 1210 431 1236 ὲτιθετο
448 1210 476 1235 τὸ
512 1210 612 1243 ἔνδυμα
637 1210 718 1236 αὑτοῦ
737 1211 852 1242 σάκκον,
889 1212 957 1247 ὑπὲρ
978 1214 1025 1247 τῆς
1058 1214 1157 1249 ἑτέρων
1183 1213 1332 1247 σωτηρίας,
1356 1213 1388 1238 δι’
1414 1214 1565 1248 ὑπερϐολὴν
1589 1214 1792 1249 φιλανθρωπίας
1810 1215 1898 1241 ταῦτα

265 1258 403 1293 πράττων.

302 1317 385 1343 Vens.
399 1316 442 1343 M.
458 1325 467 1341 ‹
479 1315 534 1351 Ego
551 1324 616 1343 vero
628 1317 780 1344 orationem
796 1324 884 1344 meam
899 1318 931 1345 ad
950 1322 985 1350 te,
1002 1318 1053 1345 Do-

266 1364 349 1395 mine,
367 1366 474 1397 tempus
502 1363 675 1397 beneplaciti,
699 1362 790 1390 Deus:
821 1363 851 1390 In
880 1364 1054 1392 multitudine

265 1409 459 1437 misericordix
473 1412 525 1435 tuae
537 1408 633 1436 exaudi
650 1417 702 1436 me.
724 1419 732 1435 ι
751 1409 790 1436 llli
808 1410 928 1444 quidem,
941 1412 988 1443 ait,
1006 1412 1053 1438 de—

264 1455 399 1485 ridebant,
421 1453 651 1488 amictionemque
673 1461 761 1480 meam
781 1454 969 1481 traducebant.
996 1456 1053 1490 Ego

264 1509 328 1528 vero
345 1500 563 1535 perseverabam,
580 1500 730 1527 orationem
756 1509 844 1528 meam
860 1501 911 1528 tibi
937 1501 1052 1528 Domino

263 1547 390 1575 oﬁ‘erens.
407 1547 541 1574 Observes
565 1554 648 1581 porro
674 1547 764 1578 velim,
787 1547 948 1574 llebraicam
979 1547 1052 1575 Scri-

266 1597 374 1628 pturam
389 1592 433 1619 hic
447 1600 555 1627 quoque
570 1596 688 1627 quatuor
712 1593 864 1619 litterarum
877 1601 943 1621 voce
957 1593 1049 1621 Domi-

265 1647 330 1666 num
347 1639 509 1673 exprim‘ere.
524 1638 561 1665 Te
574 1646 640 1665 vero
657 1637 802 1665 Dominum
819 1638 969 1673 deprecans
983 1640 1053 1667 dice-

263 1685 327 1712 bam
344 1693 351 1710 :
370 1693 378 1708 ι
397 1683 518 1718 Tempus
536 1684 711 1718 beneplaciti,
728 1683 819 1716 Deus;
841 1693 850 1710 ›
869 1685 937 1716 sive,
953 1692 1053 1712 secun-

264 1730 329 1757 dum
341 1728 533 1764 Symmachum
547 1738 553 1755 :
568 1738 576 1753 ι
587 1728 705 1763 Tempus
718 1728 959 1756 reconciliationis.
969 1728 1050 1760 Deus,

263 1776 291 1802 in
304 1774 477 1802 multitudine
495 1774 691 1801 misericordiae
711 1779 764 1801 tua:
774 1774 874 1801 exaudi
891 1782 943 1802 me.
962 1785 970 1800 ι
985 1774 1052 1802 Nam

263 1821 287 1848 si
302 1820 369 1848 alias
389 1828 436 1847 vox
453 1824 499 1846 tua
519 1819 608 1847 Patris
620 1820 672 1847 mei
689 1820 755 1846 mihi
767 1819 825 1846 hzec
836 1819 979 1847 testiﬁcata
993 1824 1050 1847 est:

266 1877 276 1893 ι
297 1866 347 1893 Hic
363 1871 405 1894 est
424 1866 509 1893 Filius
535 1874 612 1893 meus
637 1865 753 1893 dilectus
776 1866 803 1892 in
822 1873 876 1900 quo
901 1865 966 1892 mihi
984 1865 1052 1892 bene

262 1913 415 1948 complacui
436 1913 476 1947 ";
498 1923 507 1939 ι
526 1920 599 1939 nunc
619 1912 738 1939 maxime
753 1916 859 1947 tempus
889 1907 1050 1946 beneplaciti

262 1964 306 1988 est
323 1970 329 1987 :
343 1967 428 1994 quare
443 1967 541 1994 precor
565 1963 595 1984 ut
612 1958 639 1985 in
664 1957 838 1984 multitudine
857 1957 1052 1984 misericordiae

262 2008 318 2032 tua;
333 2004 463 2031 exaudias
479 2012 530 2036 mc,
546 2007 573 2030 et
589 2003 616 2029 in
641 2002 755 2030 veritate
777 2002 875 2030 salutis
893 2005 945 2029 tua:
958 2010 1051 2029 serves

261 2057 315 2077 me.
340 2049 400 2076 Non
424 2050 571 2076 humanam
595 2050 695 2084 quippe
721 2048 830 2083 postulo
858 2048 984 2079 salutem,
1003 2047 1051 2075 sed

261 2103 365 2122 veram.
381 2094 455 2121 Talis
468 2102 551 2128 porro
564 2099 606 2122 est
627 2103 686 2129 qua:
702 2103 735 2122 ex
747 2099 774 2121 te
788 2093 924 2129 provenit,
939 2101 992 2129 qua
1007 2101 1051 2120 me

261 2147 330 2176 rogo
355 2139 424 2174 eripi
451 2147 466 2165 a
482 2140 539 2166 luto
556 2143 587 2166 ut
608 2148 663 2166 non
687 2139 793 2174 inﬁgar.
808 2139 830 2165 A
844 2147 899 2174 quo
912 2139 980 2172 luto,
997 2138 1050 2166 nisi

262 2184 297 2212 de
315 2192 369 2219 qtto
384 2184 508 2218 superius
522 2183 665 2210 dicebam:
690 2193 699 2208 ε
724 2183 826 2211 lnﬁxus
847 2190 907 2211 sum
933 2183 961 2209 in
986 2183 1051 2210 limo

261 2231 400 2267 profundi.
418 2235 445 2257 et
460 2237 513 2256 non
526 2235 567 2257 est
582 2229 750 2256 substantia?
764 2239 772 2255 ι
785 2228 851 2255 Nam
866 2229 910 2264 qui
923 2229 1049 2263 superius

1144 1325 1152 1341 ι
1172 1314 1256 1349 Κάγὼ
1267 1315 1323 1350 δὲή
1338 1316 1472 1351 προσευχὴ
1486 1324 1535 1350 μου
1557 1315 1624 1351 πρὸς
1639 1316 1678 1350 σὲ,
1690 1317 1786 1353 Κύριε,
1800 1327 1898 1356 καιρος

1105 1360 1237 1392 εὐδοκίας,
1257 1361 1271 1387 ὁ
1284 1360 1349 1392 Θεὸς
1359 1369 1365 1375 ⁸
1381 1361 1409 1387 ἐν
1429 1361 1468 1396 τῷ
1483 1361 1579 1397 πλήθει
1594 1362 1640 1389 τοῦ
1658 1363 1748 1393 ἐλέους
1763 1372 1810 1390 σου
1828 1365 1897 1391 ὲπά-

1105 1404 1201 1431 κουσόν
1220 1413 1281 1439 μου.
1299 1415 1308 1431 ι
1326 1405 1357 1431 Οἱ
1374 1405 1423 1440 μὲν
1450 1406 1608 1441 ἐχλεύαζον,
1623 1408 1698 1443 φησὶ,
1709 1408 1756 1434 καὶ
1770 1409 1896 1445 διέσυρον

1105 1450 1155 1482 τὰς
1180 1450 1250 1486 ἐμὰς
1273 1450 1418 1482 κακώσεις·
1444 1451 1498 1492 ἐγὼ
1523 1452 1551 1478 δὲ
1580 1454 1827 1490 προσεκαρτέρουν,
1845 1456 1896 1491 τὴν

1105 1497 1175 1532 ἐμὴν
1192 1497 1345 1532 προσευχήν
1358 1505 1398 1523 σοι
1414 1497 1453 1533 τῷ
1464 1497 1558 1533 Κυρίῳ
1568 1500 1789 1535 προσαναφέρων.
1810 1495 1894 1537 Τήρει

1104 1543 1142 1575 δὲ,
1159 1543 1198 1575 ὡς
1216 1543 1262 1569 καὶ
1279 1543 1393 1569 ἐνταῦθα
1411 1543 1456 1569 τὸν
1474 1544 1575 1579 Κύριον
1591 1544 1634 1571 διὰ
1648 1545 1695 1571 τοῦ
1718 1546 1894 1582 τετραγράμ-

1105 1598 1157 1625 μου
1173 1590 1189 1624 ἡ
1209 1589 1340 1625 Ἑϐραῖκὴ
1355 1590 1564 1625 ἐπισημαίνεται
1580 1592 1683 1627 γραφή.
1697 1593 1849 1628 Εύχόμενος
1864 1593 1894 1621 δὲ

1104 1636 1171 1672 πρὸς
1187 1636 1215 1662 σὲ
1227 1637 1271 1662 τὺν
1287 1636 1388 1672 Κύριον
1397 1637 1482 1662 ταῦτα
1493 1636 1595 1671 ἔλεγον
1617 1647 1626 1663 ι
1641 1639 1743 1674 Καιρὸς
1758 1639 1892 1671 εὐδοκίας.

1103 1682 1118 1707 ὁ
1136 1681 1210 1713 Θεόςι
1230 1692 1238 1707 ι
1253 1682 1281 1717 ἦ,
1296 1681 1366 1708 κατὰ
1381 1683 1426 1708 τὸν
1433 1682 1589 1718 Σύμμαχον·
1609 1693 1618 1709 ε
1630 1684 1724 1720 καιρὸς
1737 1685 1891 1720 διαλλαγῆς,

1110 1727 1138 1753 Ὀ
1146 1728 1222 1760 Θεὸς,
1237 1728 1266 1754 ἐν
1278 1727 1316 1763 τῷ
1324 1728 1421 1764 πλήθει
1429 1728 1476 1755 τοῦ
1487 1729 1578 1761 ἐλέους
1586 1738 1632 1755 σου
1643 1731 1793 1757 ἐπάκουσον
1805 1740 1866 1766 μου.
1880 1740 1890 1756 ι

1104 1773 1135 1799 El
1148 1773 1201 1809 γὰρ
1221 1773 1267 1800 καί
1284 1782 1348 1800 ποτε
1360 1774 1453 1800 ἄλλοτε
1469 1775 1527 1810 ήσὴ
1536 1774 1582 1801 τοῦ
1597 1775 1702 1810 Πατρὸς
1720 1776 1893 1812 ἐμαρτύρησε

1103 1820 1179 1855 φωνὴ
1196 1820 1320 1854 λέγουσα·
1342 1830 1351 1847 ι
1365 1818 1448 1853 Οὗτός
1462 1823 1534 1848 ἐστιν
1544 1823 1558 1848 ὁ
1574 1822 1637 1853 Υἱός
1652 1831 1701 1858 μου
1716 1824 1730 1849 ὀ
1740 1824 1891 1859 ἀγαπητὸς,

1102 1868 1131 1894 ὲν
1143 1865 1165 1901 ᾦ
1180 1867 1328 1903 ηὐδόκησα.
1345 1878 1354 1894 ι
1379 1868 1458 1895 Ἀλλὰ
1471 1868 1518 1895 νῦν
1535 1869 1651 1904 μάλιστα
1664 1870 1759 1905 καιρός
1776 1871 1892 1907 ἐπιτῆς

1102 1913 1235 1945 εὐδοκίας¹
1250 1913 1289 1939 διὸ
1305 1913 1418 1940 ἱκετεύω
1434 1915 1463 1941 ἐν
1488 1914 1526 1949 τῷ
1548 1915 1642 1950 πλήθει
1659 1915 1705 1942 τοῦ
1728 1916 1820 1948 ἐλέους
1844 1925 1891 1943 σου

1102 1958 1253 1984 ἑπακοῦσαί
1267 1966 1329 1993 μου,
1343 1959 1389 1985 καὶ
1404 1959 1432 1985 ὲν
1443 1959 1557 1995 ἀληθείᾳ
1565 1960 1615 1995 τῆς
1627 1961 1762 1996 σωτηρίας
1775 1969 1822 1988 σου
1839 1961 1892 1988 σῶ⁶

1103 2001 1146 2028 σαί
1161 2011 1204 2037 με.
1223 2003 1259 2029 Οὐ
1278 2003 1332 2038 γὰρ
1351 2003 1523 2040 ἀνθρωπίνης
1540 2005 1634 2040 δέομαι
1651 2006 1804 2040 σωτηρίας,
1821 2006 1891 2033 ἀλλὰ

1100 2048 1149 2083 τῆς
1160 2048 1285 2083 ἀληθοῦς
1304 2049 1421 2083 Τοιαύτη
1440 2049 1468 2075 δέ
1485 2050 1559 2076 ἐστιν
1575 2051 1591 2085 ὴ
1609 2050 1685 2086 παρὰ
1705 2050 1762 2083 σοῦ,
1778 2051 1839 2078 καθ’
1857 2052 1891 2087 ἢν

1102 2093 1220 2128 σωθῆναι
1231 2094 1342 2120 ἱκετεύω
1350 2094 1403 2120 ἀπὸ
1414 2095 1510 2130 πηλοῦ,
1521 2095 1565 2122 ἵνα
1579 2096 1616 2131 μὴ
1630 2096 1756 2131 ἐμπαγῶ.
1774 2096 1854 2123 Ποιου
1863 2097 1890 2123 δὲ

1100 2138 1198 2174 πηλοῦ,
1206 2139 1222 2175 ἢ
1236 2140 1300 2175 περὶ
1306 2136 1336 2166 οὗ
1343 2141 1470 2176 ἀνωτέρω
1479 2141 1581 2175 ἔλεγον·
1595 2151 1604 2167 ‹
1616 2141 1766 2179 Ἐνεπάγην
1774 2144 1814 2175 εἰς
1823 2143 1890 2179 ὓλην

1101 2182 1192 2219 βυθοῦ,
1205 2185 1252 2211 καὶ
1265 2186 1315 2212 οὐκ
1324 2185 1396 2212 ἐστιν
1407 2186 1553 2218 ὑπόστασις
1563 2195 1570 2219 ;
1585 2197 1594 2212 ι
1604 2187 1635 2213 'H
1648 2187 1702 2222 γὰρ
1711 2189 1840 2225 ἀνωτέρω
1846 2188 1890 2215 λε-

1100 2230 1193 2265 χθεϊσα
1204 2231 1260 2262 ἰλὺς
1270 2231 1350 2266 βυθοῦ
1361 2231 1478 2258 ἐνταῦθα
1486 2232 1570 2267 πηλὸς
1581 2232 1889 2269 ὠνόμασται.Σημαίνει

261 2279 345 2306 limus
370 2276 497 2312 profundi
529 2276 620 2303 dictus
649 2280 706 2307 est,
735 2275 780 2302 hic
809 2275 895 2302 lutum
922 2281 1048 2313 vocatur,

1104 2276 1128 2302 δὲ
1140 2276 1183 2303 διὰ
1193 2276 1293 2303 τούτων
1306 2277 1354 2312 τὴν
1369 2277 1415 2303 τοῦ
1440 2277 1564 2312 σώματος
1580 2279 1609 2304 ἐν
1629 2278 1668 2313 τῷ
1681 2278 1787 2314 θανάτῳ
1801 2279 1888 2311 λύσιν,

260 2323 310 2352 llis
352 2331 433 2359 porro
472 2322 606 2357 signiﬁcat
654 2322 818 2349 solutionem
855 2322 978 2356 corporis
1020 2322 1048 2348 in

260 2374 365 2402 morte,
398 2370 431 2397 de
460 2377 514 2404 qua
547 2369 575 2395 in
609 2368 663 2395 alio
686 2368 726 2396 sic
751 2367 937 2402 loquebatur:
956 2377 965 2392 ε
989 2366 1047 2393 Non

260 2418 435 2452 derelinques
456 2416 575 2443 animam
603 2422 690 2442 meam
713 2415 741 2441 in
766 2413 883 2445 inferno,
900 2420 951 2440 nec
970 2412 1048 2440 dabis

259 2468 385 2492 sanctum
399 2467 475 2489 tuum
491 2461 585 2489 videre
597 2461 802 2495 corruptionem
817 2460 851 2487 ’⁸.
872 2469 882 2485 ι
900 2458 951 2491 Qui
967 2458 1049 2494 igitur

261 2517 276 2535 a
293 2512 381 2535 morte
395 2508 562 2539 detinentur,
587 2507 789 2541 corruptionem
812 2505 897 2540 passi,
919 2505 945 2532 in
961 2513 1047 2540 eaque

260 2554 414 2585 constituti,
433 2562 494 2581 cum
512 2554 540 2580 in
562 2560 593 2580 ea
608 2552 826 2587 permanserint,
842 2551 916 2578 inﬁxi
933 2556 997 2578 sunt
1019 2551 1046 2578 in

260 2600 318 2627 luto
336 2609 342 2626 :
359 2606 408 2633 ego
424 2606 488 2625 vero
502 2598 611 2626 etiamsi
634 2597 831 2628 descenderim,
847 2597 879 2624 ad
898 2597 983 2623 lutum
1000 2605 1046 2624 us-

260 2653 313 2680 que
329 2644 477 2671 humilians
495 2645 638 2678 meipsum,
653 2651 750 2679 precor
769 2647 859 2670 tamen
876 2643 918 2670 his
934 2643 1043 2671 verbis:

263 2701 272 2717 ι
295 2690 375 2725 Eripe
390 2696 432 2716 me
450 2689 483 2716 de
506 2690 574 2721 luto,
591 2694 620 2716 ut
644 2697 698 2716 non
723 2688 831 2723 inﬁgar.
850 2697 859 2714 ι
874 2688 939 2721 Qua:
960 2697 1041 2723 porro

260 2736 475 2771 subsequuntur,
488 2734 601 2761 virtutes
612 2734 640 2760 in
654 2734 711 2769 ipsa
724 2739 811 2760 morte
825 2734 891 2761 sitas
900 2734 1040 2767 denotant,

259 2790 275 2809 a
289 2783 387 2818 quibus
403 2781 469 2816 eripi
485 2789 514 2808 se
530 2784 606 2816 rogat
621 2779 715 2807 dicens
729 2788 735 2806 :
752 2789 762 2805 ι
781 2779 891 2806 Liberer
903 2779 938 2806 ab
951 2780 984 2806 iis
996 2780 1042 2814 qui

260 2828 377 2857 oderunt
390 2835 444 2859 me,
460 2831 487 2854 et
504 2826 537 2854 de
552 2825 695 2861 profundis
708 2833 851 2861 aquarum.
865 2824 923 2852 Non
941 2833 983 2853 me
996 2825 1043 2853 de-

299 2920 321 2939 ”
336 2919 429 2948 Matth.
451 2926 493 2951 tu,
514 2918 562 2954 i7;
579 2925 645 2951 ινιι,
660 2917 685 2944 5.
725 2917 746 2932 ’⁸
766 2916 839 2944 Psal.
859 2924 904 2949 xv,
925 2916 968 2943 10,

1100 2322 1164 2358 περὶ
1188 2320 1222 2357 ἦς
1251 2323 1279 2349 ὲν
1308 2323 1393 2358 ἑτέρῳ
1414 2322 1532 2358 ἔφασκεν
1549 2332 1555 2338 ·
1576 2333 1585 2349 ‹
1611 2324 1667 2350 Οὐκ
1683 2325 1889 2360 ἐγκαταλείψεις

1098 2367 1148 2402 τὴν
1173 2367 1262 2402 ψυχήν
1289 2377 1339 2403 μου
1365 2369 1405 2395 εἰς
1430 2369 1474 2395 τὸν
1507 2369 1596 2404 ᾅδην,
1627 2370 1687 2396 οὐδὲ
1716 2370 1812 2403 δώσεις
1844 2372 1889 2398 τὸν

1097 2413 1169 2439 ὅσιόν
1196 2422 1243 2440 σου
1269 2414 1331 2440 ἰδεῖν
1356 2414 1513 2450 διαφθοράν.
1536 2425 1545 2441 ι
1568 2416 1600 2442 Ol
1621 2416 1670 2450 μὲν
1692 2414 1738 2442 οὖν
1764 2416 1816 2443 ὑπὸ
1841 2417 1888 2443 τοῦ

1098 2458 1214 2486 θανάτου
1238 2460 1428 2496 κρατηθέντες,
1448 2461 1595 2497 διαφθορὰν
1617 2462 1812 2498 ὑπομείναντες
1843 2464 1889 2490 καὶ

1098 2505 1126 2531 ὲν
1145 2505 1231 2541 φθορᾷ
1248 2506 1398 2541 γενόμενοι,
1416 2507 1642 2543 έναπομείναντές
1654 2516 1683 2534 τε
1698 2508 1778 2543 αὐτῇ,
1790 2508 1889 2535 ὲνεπά-

1097 2560 1185 2586 γησαν
1197 2552 1236 2583 εἰς
1252 2552 1296 2578 τὸν
1314 2552 1408 2587 πηλόν.
1429 2553 1498 2587 Ἐγὼ
1514 2554 1542 2579 δὲ
1559 2554 1583 2579 εἰ
1597 2554 1644 2580 καὶ
1655 2553 1788 2589 κατῆλθον
1802 2552 1888 2579 κενώ-

1100 2605 1149 2628 σας
1173 2597 1288 2632 ὲμαυτὸν
1319 2598 1398 2634 μέχρι
1422 2599 1533 2625 τούτου’
1560 2599 1616 2626 ἀλλ’
1642 2599 1753 2626 ἱκετεύω
1782 2599 1885 2633 λέγων·

1102 2653 1111 2668 ι
1124 2643 1214 2669 Σῶσόν
1230 2652 1263 2678 με
1272 2643 1325 2670 ἀπὸ
1336 2644 1433 2679 πηλοῦ,
1446 2645 1489 2672 ἵνα
1507 2645 1544 2681 μὴ
1558 2645 1683 2680 ὲμπαγῶ.
1699 2654 1708 2670 ι
1722 2645 1762 2671 Τὰ
1777 2645 1806 2671 δὲ
1824 2646 1886 2681 ἑξῆς

1094 2689 1273 2724 ἐπιλεγόμενα
1289 2689 1339 2721 τὰς
1356 2691 1384 2716 ὲν
1400 2691 1473 2726 αὐτῷ
1487 2691 1526 2726 τῷ
1541 2691 1647 2726 θανάτῳ
1663 2691 1791 2726 δυνάμεις
1816 2699 1886 2726 παρ-

1096 2734 1214 2770 ίστησιν·
1231 2736 1276 2770 ἀφ’
1289 2733 1326 2763 ὧν
1349 2737 1479 2772 ῥυσθῆναι
1495 2737 1602 2773 εὔχεται
1619 2738 1713 2772 λέγων·
1724 2747 1733 2763 ‹
1745 2738 1884 2773 Ῥυσθείην

1095 2782 1127 2807 ὲκ
1137 2781 1191 2807 τῶν
1204 2782 1353 2817 μισούντων
1368 2792 1401 2818 με
1415 2784 1461 2810 καὶ
1474 2784 1505 2810 ὲκ
1519 2784 1573 2811 τῶν
1586 2783 1688 2819 βαθέων
1703 2783 1756 2810 τῶν
1769 2783 1881 2810 ὑδάτων.

1095 2827 1139 2862 Μή
1154 2836 1187 2862 με
1201 2829 1424 2856 καταποντισάτω
1443 2830 1568 2864 καταιγὶς
1590 2829 1694 2862 ὓδατος,
1713 2828 1780 2865 μηδὲ
1800 2837 1883 2856 κατα-
