2041 3215
255 157 307 185 Ὴιῖ

573 154 708 183 EUSEBII
728 153 970 183 CIESARIENSS
989 154 1041 184 0P!

1094 154 1179 183 PARS
1200 153 1244 183 lll.
1266 169 1299 174 —
1320 153 1533 182 EXEGETICA.

1833 155 1887 181 ἰιῖ

253 215 349 250 operui
369 214 396 241 in
408 213 513 250 jejunio
532 213 650 240 animam
674 220 772 244 meam,
790 217 817 240 et
835 213 937 241 factum
951 218 993 241 est
1015 214 1041 241 in

1096 215 1224 240 στένωσιν
1241 213 1342 248 λέγων·
1363 222 1371 239 ι
1392 213 1445 239 Καὶ
1470 212 1642 247 συνεκάλυψα
1661 212 1690 238 ὲν
1710 212 1823 248 νηστείᾳ
1838 211 1889 248 τὴν

253 261 430 297 opprobrium
455 260 532 288 mihi.
559 258 593 286 Et
619 259 697 294 posui
727 260 920 287 vestimentum
953 267 1042 287 meum

253 303 375 336 saccum.
393 318 402 333 ι
417 306 524 335 Patrem
540 306 633 341 itaque
649 306 762 341 rogabat
772 306 830 333 haec
852 310 881 333 ut
896 306 1043 341 respiceret

253 358 281 383 et
294 354 481 382 consideraret
495 361 555 388 quae
573 360 623 388 pro
635 352 717 379 nobis
734 352 883 379 certamina
905 352 1044 379 sustinue-

252 402 298 428 rit.
314 400 404 434 Quare
417 399 523 427 dicebat
542 408 548 426 :
563 408 575 424 ι
592 397 703 426 intende
716 398 813 425 anima:
829 406 904 429 meaz,
918 402 944 425 et
959 398 1042 425 libera

250 454 323 474 eam.
343 455 355 472 ο
375 445 475 472 Deinde
486 452 550 473 vero
567 448 639 472 recte
657 443 726 471 facta
745 443 892 471 ostendens
910 452 970 476 sua,
982 451 1043 479 quae

252 495 282 518 ut
302 491 348 518 ille
371 490 501 526 respiciat
527 489 665 521 obsecrat,
690 489 777 525 pergit
795 498 801 516 :
823 498 831 514 ι
851 488 967 524 Propter
991 489 1043 516 iui-

252 537 340 564 micos
355 544 431 564 meos
445 537 519 571 eripe
538 544 590 563 me.
606 535 646 563 Tu
663 535 717 563 scis
737 535 932 570 improperiuin
952 543 1043 562 meum

252 587 278 608 et
288 583 479 610 confusionem
488 590 587 614 meam,
597 587 622 609 et
631 582 808 609 reverentiam
817 590 914 609 meam.
924 592 932 607 ι
944 582 1043 615 Quem-

253 628 402 656 admodum
415 629 487 655 enim
503 636 584 663 supra
601 628 706 655 dicebat
725 637 730 654 :
748 637 757 653 ι
776 626 817 654 Τιι
836 628 891 655 scis
912 627 1044 662 insipien-

254 674 319 700 tiam
334 681 433 705 meam,
452 678 479 700 et
495 673 592 700 delicta
606 680 663 699 mea
685 681 699 699 ιι
727 676 753 700 te
770 680 824 699 non
843 677 907 699 sunt
931 672 1044 700 abscon-

254 719 330 752 dita;
353 728 362 744 ι
383 718 424 745 sic
441 723 467 746 et
492 726 574 746 nunc.
597 721 655 749 tua,
672 717 773 752 inquit,
791 717 945 752 cognitione
962 716 1043 752 digna

255 766 320 791 sunt
345 763 507 798 improperia
533 771 601 789 mea.
630 762 666 790 De
699 763 753 790 illis
775 770 883 798 quoque
917 762 1043 797 superius

255 810 352 845 agebat
364 809 458 837 dicens
480 819 486 837 :
507 819 515 834 ι
533 809 685 844 Opprobria
699 809 922 844 exprobrantium
937 809 984 835 tibi
999 817 1044 836 ce-

255 855 381 883 ciderunt
397 863 479 891 super
493 863 545 882 nte.
564 865 573 880 ›
595 855 822 891 Quandoquidem
846 855 929 891 igitur
943 863 977 882 ex
997 855 1043 890 ju-

255 902 328 930 dicio
340 906 388 929 tuo
403 906 431 930 et
448 906 516 929 nutu
531 902 678 937 opprobria
704 903 822 930 sustinui
838 906 865 929 et
894 902 1042 938 ignominia

253 949 360 983 plenam
378 948 544 983 passionem,
563 949 623 975 ideo
640 949 721 976 dico:
738 957 747 973 ι
771 948 811 975 Tu
830 948 885 976 scis
905 948 1042 983 imprope-

252 994 325 1020 rium
341 1001 431 1021 meum
446 998 473 1021 et
487 994 678 1021 confusionem
700 1001 787 1020 meam
814 998 841 1021 et
863 993 1042 1021 reverentiam

253 1046 352 1066 meam.
373 1048 382 1064 ι
400 1039 596 1066 Coufusionem
613 1039 685 1066 nosti
704 1047 803 1070 meam,
825 1046 879 1065 non
902 1038 1042 1073 indignam

252 1085 349 1112 notitia
374 1089 438 1118 tua,
464 1089 492 1113 et
519 1087 699 1114 reverentiam
727 1093 775 1113 seu
802 1085 943 1121 pudorem,
961 1093 1041 1120 quem

252 1131 383 1163 sustinui,
401 1139 464 1158 cum
480 1141 490 1156 ι
511 1132 623 1159 dorsqu
638 1141 726 1160 meum
742 1132 804 1160 dedi
829 1132 863 1158 ad
887 1132 1002 1167 ﬂagella,
1016 1136 1043 1158 et

251 1178 350 1205 faciem
373 1186 460 1206 meam
473 1178 508 1206 ad
532 1179 637 1214 alapas.
656 1189 664 1204 ι
685 1179 778 1214 Neque
804 1178 862 1213 pari
888 1182 969 1212 atque
992 1185 1043 1212 ego

252 1223 360 1251 ratione
373 1224 532 1262 cruciantes
549 1232 593 1252 me
617 1225 688 1252 nosti
713 1234 719 1251 :
740 1232 830 1259 neque
852 1224 924 1250 enim
941 1223 978 1249 illi
996 1230 1043 1249 co-

249 1269 374 1304 gnitione
386 1273 432 1296 tua
448 1270 532 1304 digni.
544 1269 633 1303 Quare
650 1271 683 1298 de
699 1271 752 1298 illis
770 1270 831 1297 dico
845 1279 850 1296 :
866 1279 875 1295 ι
893 1269 995 1296 Contra
1017 1272 1043 1296 te

252 1320 317 1344 sunt
336 1323 430 1343 omnes
440 1316 487 1351 qui
507 1316 640 1343 tribulant
655 1324 707 1344 me.
729 1326 737 1342 ι
756 1315 794 1342 Ita
810 1323 892 1351 porro
907 1319 1002 1341 contra
1016 1318 1042 1342 te

252 1366 327 1394 sunt,
343 1367 374 1390 ut
390 1363 528 1390 contraria
556 1363 604 1389 tibi
624 1363 767 1398 eligentes,
784 1370 882 1397 meque
907 1362 1040 1392 cruciant,

252 1409 320 1436 nihil
336 1409 462 1437 utilitatis
488 1417 520 1436 ex
544 1409 699 1436 ministerio
725 1416 784 1436 meo
806 1408 890 1440 nacti,
910 1412 991 1443 atque
1014 1407 1042 1434 in

250 1463 330 1483 suam
347 1455 496 1490 perniciem
513 1455 650 1482 cruciant.
671 1454 753 1482 Addit
770 1459 864 1490 postea
883 1463 890 1482 :
909 1463 919 1480 ι
938 1453 1043 1488 Impro-

250 1502 356 1537 perium
370 1502 537 1537 exspectavit
554 1509 602 1528 cor
621 1509 710 1528 meum
725 1505 753 1528 et
768 1501 915 1528 miseriam.
937 1510 946 1526 ›
963 1500 1042 1533 Quod

250 1547 354 1575 clarius
384 1548 581 1583 interpretatus
612 1546 795 1583 Syulurathus
831 1552 873 1574 est
908 1547 1003 1574 dicens
1033 1555 1039 1572 :

254 1604 262 1620 ι
282 1595 479 1629 lmproperium
496 1594 630 1629 confregit
644 1602 693 1621 cor
707 1602 808 1625 meatu,
820 1599 847 1621 et.
863 1594 987 1621 dolebam
1002 1602 1009 1625 ;
1029 1603 1037 1619 ι

250 1640 347 1674 Aquila
366 1647 442 1671 vero,
459 1649 468 1666 ‹
491 1640 700 1676 lmproperium,
725 1640 826 1676 inquit,
845 1640 975 1668 contrivit
994 1647 1041 1667 cor

248 1692 352 1715 meum.
367 1689 393 1711 et
406 1685 566 1720 desperatus
584 1694 654 1713 sum.
667 1696 677 1712 ο

251 1730 374 1767 ἠνιώμην
390 1740 398 1746 -

288 1777 372 1807 Vlns.
391 1778 494 1807 22-25.
513 1789 522 1806 (
542 1779 575 1807 Et
598 1781 716 1808 sustinui
730 1781 777 1816 qui
791 1781 874 1808 simul
892 1782 1042 1808 contrista~

252 1828 338 1858 retur,
351 1830 378 1853 et
390 1833 444 1852 non
457 1825 523 1859 fuit;
532 1830 557 1854 et
566 1826 613 1862 qui
625 1826 825 1858 consolaretur,
837 1832 924 1854 etnon
941 1826 1041 1854 inveni.

252 1870 286 1897 Et
306 1870 442 1898 dederunt
454 1871 480 1898 in
501 1879 592 1900 escam
608 1880 696 1899 meam
712 1871 757 1903 fel,
775 1873 842 1899 etin
858 1872 903 1900 siti
920 1879 979 1899 mea
993 1879 1042 1906 po-

252 1921 379 1945 taverunt
400 1926 444 1946 me
467 1922 554 1946 aceto.
575 1929 584 1945 ι
598 1918 754 1946 Secundum
780 1918 973 1954 Symmachum
991 1926 1040 1945 au-

251 1968 306 1991 tem
323 1974 329 1991 :
348 1974 356 1990 ι
375 1964 407 1991 Et
417 1965 611 2000 exspectabam
638 1966 684 2001 qui
707 1966 789 1993 simul
816 1966 1038 1996 contristaretur.

251 2014 279 2037 et
294 2018 348 2037 non
363 2009 429 2043 fuit;
442 2007 476 2038 et
491 2014 692 2043 consolantem,
708 2015 735 2039 et
750 2020 804 2039 non
822 2011 924 2039 inveni.
943 2011 975 2038 Et
998 2011 1039 2037 in-

250 2054 381 2089 jiciebant
398 2056 425 2082 in
436 2055 527 2083 cibum
542 2064 630 2083 meum
647 2056 693 2087 fel,
709 2061 737 2084 et
750 2057 778 2084 in
794 2057 837 2084 siti
853 2064 912 2084 mea
929 2061 1040 2092 potave-

252 2103 317 2125 runt
332 2107 375 2126 me
390 2104 478 2127 aceto.
497 2111 506 2126 ι
523 2101 678 2137 Discipulos
688 2103 748 2136 ejus
756 2107 879 2138 tempore
890 2103 1038 2138 passionis,

253 2146 313 2180 ipso
324 2144 465 2177 derelicto,
478 2146 617 2182 etl‘ugisse,
629 2157 717 2183 neque
728 2154 820 2176 tamen
833 2149 927 2176 dolore
940 2157 1040 2176 vacuos

252 2191 348 2224 fuisse,
360 2191 439 2220 docet
454 2193 640 2230 Evangelium.
655 2195 723 2222 Cum
734 2196 807 2222 enim
824 2195 920 2224 Petrus
933 2196 1041 2224 ﬂevisse

1094 259 1183 295 ψυχήν
1201 267 1263 295 μου,
1285 259 1332 285 καὶ
1357 255 1473 294 ἐγενήθη
1497 258 1537 289 είς
1559 257 1727 292 ὀνειδισμοὺς
1745 257 1816 293 ὲμοί.
1833 253 1890 284 Καὶ

1094 306 1195 341 ἐθέμην
1222 305 1252 332 τὸ
1273 304 1375 340 ἑνδυμά
1401 313 1451 340 μου
1472 304 1583 330 σάκκον.
1608 313 1616 330 ι
1641 302 1704 330 Ἐπὶ
1719 304 1824 335 τούτοις
1840 300 1892 330 οὖν

1096 352 1142 378 καὶ
1165 351 1315 388 παρεκάλει
1338 350 1383 377 τὸν
1405 351 1514 386 Πατέρα
1529 349 1662 385 ἐμϐλέψαι
1677 350 1723 376 καὶ
1737 349 1890 376 θεάσασθαι

1093 398 1156 428 τοὺς
1173 397 1269 429 ἄθλους
1284 396 1330 428 οὓς
1359 396 1430 432 ὑπὲρ
1456 396 1534 431 ἡμῶν
1561 394 1707 431 ὑπέμεινε·
1730 392 1771 422 διὸ
1791 394 1889 430 ἔλεγεν

1098 453 1106 468 ι
1128 443 1249 479 Πρόσχες
1273 444 1306 478 τῇ
1333 442 1405 478 ψυχῇ
1430 450 1498 478 μου,
1522 442 1570 468 καὶ
1595 441 1731 477 λύτρωσαι
1758 439 1854 476 αὑτήν.
1877 449 1887 466 ι

1095 487 1161 516 Εἶτα
1177 489 1282 521 δεικνὺς
1305 489 1386 516 αὑτοῦ
1408 489 1443 516 τὰ
1460 487 1659 524 κατορθώματα
1687 485 1727 519 οἷς
1753 486 1889 523 ἐμϐλέψαι

1096 535 1255 571 παρεκάλει,
1273 534 1402 569 ἐπιλέγει·
1415 544 1425 561 ι
1439 535 1539 561 Ἕνεκα
1553 533 1607 560 τῶν
1621 533 1726 570 ὲχθρῶν
1739 542 1790 569 μου
1806 530 1890 569 ῥῦσαί

1097 590 1140 617 με.
1157 582 1192 608 Σὺ
1205 581 1369 616 γιγνώσκεις
1384 581 1429 607 τὸν
1442 581 1591 616 ὀνειδισμόν
1607 589 1656 616 μου
1667 580 1714 606 καὶ
1727 579 1777 615 τὴν
1793 577 1890 615 αἰσχύ-

1094 633 1143 657 νην
1161 633 1221 659 μου,
1235 624 1283 651 καὶ
1297 625 1346 660 τὴν
1362 625 1496 660 ὲντροπήν
1519 634 1579 660 μου.
1599 635 1608 650 ι
1629 624 1674 656 Ὦς
1689 625 1743 660 γὰρ
1759 625 1890 661 ἀνωτέρω

1095 669 1188 704 ἔλεγεο
1221 679 1231 695 ι
1258 670 1295 696 Σὺ
1321 670 1406 704 ἔγνως
1437 670 1486 705 τὴν
1513 670 1668 706 ἀφροσύνην
1697 679 1758 706 μου,
1783 671 1831 697 καὶ
1858 671 1889 698 ai

1096 716 1279 752 πλημμέλειαι
1299 726 1348 752 μου
1364 717 1417 743 ἀπὸ
1431 717 1477 743 σοῦ
1495 717 1545 743 οὐκ
1561 716 1774 752 ἀπεκρὺὃησαν·
1792 727 1801 743 ι
1817 716 1890 744 οὕτω

1095 763 1140 789 καὶ
1154 763 1201 789 νῦν
1223 763 1273 798 τῆς
1298 763 1357 798 σῆς,
1374 764 1453 799 φησὶ,
1476 762 1603 798 γνώσεως
1624 763 1801 798 τυγχάνουσιν
1818 763 1890 796 ἄξιοι

1095 809 1119 834 οι
1145 808 1291 844 ὀνειδισμοὶ
1319 817 1382 844 μου.
1413 809 1523 844 Ἐδήλου
1539 809 1567 836 δὲ
1591 809 1656 844 περὶ
1681 808 1782 836 τούτων
1797 810 1845 836 καὶ
1859 810 1891 836 ἐν

1095 856 1151 886 τοῖς
1166 854 1319 890 ἔμπροσθεν
1336 854 1439 889 λέγων’
1457 864 1466 880 ι
1488 856 1542 882 Καὶ
1553 856 1578 881 οἱ
1595 855 1740 891 ὀνειδισμοὶ
1754 856 1808 882 τῶν
1819 856 1892 883 ὀνει-

1093 900 1220 933 διζόντων
1251 909 1280 927 σε
1297 900 1434 927 ἐπέπεσαν
1456 901 1499 926 ἐπ’
1525 900 1586 936 ἐμὲ.
1604 910 1612 926 ι
1635 901 1711 927 Ἐπεὶ
1733 901 1821 929 τοίνυν

1093 946 1182 982 κρίσει
1212 946 1257 972 καὶ
1274 945 1312 981 σῷ
1332 945 1466 982 πνεύματι
1478 946 1540 978 τοὺς
1554 946 1721 981 ὀνειδισμοὺς
1742 946 1889 982 ὑπέμεινα,

1094 991 1140 1018 καὶ
1158 991 1188 1017 τὸ
1211 991 1309 1027 μεστὸν
1330 991 1460 1027 αἰσχύνης
1483 991 1514 1017 τὺ
1533 991 1627 1023 πάθος,
1639 991 1683 1018 διὰ
1699 991 1777 1018 τοῦτό
1799 1000 1888 1028 φημι·

1096 1048 1105 1064 ‹
1123 1039 1159 1064 Σὺ
1174 1037 1318 1072 γινώσκεις
1334 1038 1379 1064 τὸν
1394 1038 1544 1072 ὁνειδισμόν
1563 1047 1614 1073 μου
1629 1039 1675 1064 καὶ
1692 1038 1740 1074 τὴν
1755 1037 1891 1074 αἰσχύνην

1095 1092 1156 1118 μου,
1176 1085 1222 1110 καὶ
1239 1084 1288 1118 τὴν
1313 1084 1446 1119 ἐντροπὴν
1463 1092 1523 1119 μου,
1544 1094 1552 1109 ι
1573 1084 1629 1119 Τὴν
1657 1084 1706 1120 μὲν
1727 1083 1796 1120 ἐμὴν
1815 1082 1891 1118 οῐόας

1093 1129 1224 1165 αἰσχύνην
1242 1131 1292 1156 οὐκ
1314 1128 1396 1157 οὖσαν
1418 1130 1530 1162 ἁναξίιῖν
1547 1130 1595 1166 τῆς
1615 1131 1663 1165 σῆς
1677 1130 1813 1165 γνώσεως.
1834 1131 1891 1158 Καὶ

1093 1176 1141 1212 τὴν
1166 1177 1299 1212 ἐντροπὴν
1326 1185 1387 1212 μου,
1415 1177 1449 1212 ἣν
1477 1177 1622 1212 ὑπέμεινα,
1640 1186 1649 1202 ι
1670 1176 1716 1203 τὸν
1735 1177 1818 1203 νῶτόν
1837 1185 1891 1212 μου

1092 1223 1154 1255 δοὺς
1172 1224 1212 1255 είς
1230 1224 1366 1258 μάστιγας
1392 1224 1439 1250 καὶ
1462 1223 1512 1255 τὰς
1536 1224 1664 1258 σιαγόνας
1682 1232 1733 1260 μου
1751 1224 1790 1256 εις
1808 1224 1892 1260 ῥαπί-

1094 1277 1195 1303 σματα,
1214 1278 1222 1294 ι
1239 1268 1394 1302 γινώσκεις.
1410 1269 1509 1295 Οὐκέτι
1525 1268 1552 1294 δὲ
1564 1269 1664 1304 ὁμοίως
1677 1269 1739 1305 ἐμοὶ
1754 1269 1818 1301 τοὺς
1832 1268 1891 1296 θλί-

1093 1314 1190 1346 6οντάς
1215 1323 1248 1350 με
1268 1314 1430 1349 γινώσκεις’
1454 1315 1484 1341 οὺ
1507 1315 1561 1351 γὰρ
1582 1315 1630 1351 τῆς
1655 1315 1891 1351 σῆς-’τυγχάνουσι

1093 1360 1219 1394 γνώσεως
1243 1360 1322 1393 ἄξιοι.
1349 1360 1394 1387 Διὸ
1422 1361 1486 1396 περὶ
1503 1360 1592 1388 αὐτῶν
1615 1370 1703 1397 φημι,
1721 1369 1730 1386 t
1752 1360 1890 1388 Ἐναντιον

1094 1406 1141 1433 σοῦ
1156 1406 1257 1438 πάντες
1283 1407 1307 1433 οἱ
1321 1406 1457 1438 θλίϐοντὲς
1476 1415 1519 1442 με.
1534 1417 1543 1433 ›
1554 1406 1632 1434 Οὕτω
1648 1406 1676 1433 δέ
1688 1407 1756 1433 εἰσιν
1768 1407 1891 1435 ἐναντίον

1094 1453 1150 1484 σοῦ,
1168 1453 1205 1485 ὡς
1219 1453 1253 1480 τὰ
1273 1453 1381 1479 ἐναντία
1399 1454 1440 1480 σοὶ
1452 1453 1640 1490 προῃρημένοι
1651 1463 1657 1468 ·
1676 1453 1797 1480 θλίϐουσι
1812 1452 1842 1481 δέ
1855 1463 1890 1490 με

1095 1500 1177 1536 μηδὲν
1191 1500 1374 1536 ὠφελούμενοι
1392 1501 1423 1527 ἐκ
1445 1501 1495 1536 τῆς
1510 1500 1579 1536 ἐμῆς
1595 1500 1752 1536 θεραπεί-λς,
1766 1501 1814 1528 καὶ
1834 1500 1891 1528 θλί-

1094 1548 1170 1574 ϐουσι
1183 1547 1226 1574 διὰ
1239 1547 1289 1581 τῆς
1297 1547 1387 1573 αὐτῶν
1399 1546 1545 1578 ἀπωλείας.
1555 1545 1611 1572 Εἶτ’
1624 1547 1763 1581 ἐπιλέγει·
1777 1556 1785 1572 ι
1804 1547 1890 1574 Ὀνει-

1093 1593 1188 1632 δισμὺν
1211 1592 1412 1628 προσεδόκησεν
1439 1593 1455 1628 ὴ
1481 1592 1579 1628 καρδία
1608 1601 1659 1628 μου
1683 1593 1730 1620 καὶ
1749 1592 1890 1620 ταλαιπω-

1095 1639 1154 1675 ρίαν
1164 1648 1170 1653 ·
1194 1649 1203 1664 ›
1218 1638 1232 1665 ὃ
1247 1639 1279 1673 δὴ
1293 1638 1458 1674 σαφέστερον
1472 1639 1644 1674 ἡρμήνευσεν
1659 1640 1672 1665 ὀ
1690 1639 1840 1675 Σύμμαχος
1848 1640 1889 1666 εἰ-

1094 1684 1168 1711 πών·
1190 1694 1199 1709 ι
1225 1684 1388 1719 Ὀνειδισμδς
1402 1684 1516 1717 κατέαξε
1532 1684 1580 1720 τὴν
1611 1683 1723 1721 καρδίαν
1750 1693 1813 1721 μου,
1841 1683 1889 1712 καὶ

427 1741 436 1757 ι
455 1733 469 1758 ὀ
499 1732 528 1758 δὲ
565 1733 691 1766 Ἀκύλας,
716 1743 725 1758 ι
753 1733 928 1768 Ὀνειδισμὸς,
959 1734 1035 1769 φησὶ,
1051 1731 1194 1767 συνέτριψε
1209 1732 1257 1767 τὴν
1269 1731 1380 1767 καρδίαν
1399 1740 1460 1766 μου,
1473 1731 1520 1757 καὶ
1536 1730 1724 1768 ἁπεγνώσθην.
1748 1741 1758 1757 ι

1134 1789 1142 1804 ι
1166 1779 1220 1805 Καὶ
1237 1779 1370 1814 ὑπέμεινα
1390 1777 1619 1813 συλλυπούμενον,
1634 1778 1680 1805 καὶ
1692 1778 1740 1813 οὐχ
1754 1778 1886 1814 ὑπῆρξεν,

1097 1825 1144 1851 καὶ
1166 1824 1386 1860 παρακαλοῦντα,
1401 1824 1448 1850 καὶ
1473 1824 1522 1859 οὺχ
1547 1819 1635 1860 εὖρον.
1651 1825 1707 1851 Kal.
1727 1824 1831 1852 ἔδωκαν
1848 1826 1889 1858 είς

1095 1872 1125 1898 τὸ
1139 1872 1236 1907 βρῶμὰ
1250 1880 1300 1907 μου
1314 1872 1404 1908 χολὴν.
1422 1872 1469 1898 καὶ
1480 1873 1520 1904 εἰς
1534 1873 1583 1908 τὴν
1596 1872 1674 1908 δίψαν
1691 1881 1742 1908 μου
1759 1873 1888 1901 ὲπότισάν

1096 1926 1129 1953 με
1146 1917 1215 1949 ὄξος.
1239 1927 1248 1943 ι
1274 1917 1352 1944 Κατὰ
1368 1917 1396 1943 δὲ
1412 1918 1457 1943 τὸν
1473 1917 1619 1953 Σύμμαχον
1630 1925 1636 1932 ·
1657 1927 1667 1942 ‹
1683 1918 1738 1945 Καὶ
1757 1918 1887 1954 ἀνέμενον

1094 1963 1323 1999 συλλυπούμενον,
1340 1964 1386 1989 καὶ
1400 1963 1449 1998 οὑχ
1466 1963 1582 1998 ὑπῆρξε,
1601 1964 1648 1991 καὶ
1665 1963 1886 2000 παρηγοροῦντα,

1095 2009 1140 2035 καὶ
1163 2008 1211 2043 οὑχ
1236 2008 1360 2045 εὕρισκον
1375 2017 1381 2023 “
1397 2009 1452 2035 Καὶ
1476 2009 1619 2036 ἐνέϐαλλον
1647 2010 1687 2041 εἰς
1712 2009 1762 2045 τὴν
1782 2012 1888 2047 τροφήν

1096 2063 1146 2089 μου
1173 2054 1265 2090 χολὴν,
1286 2055 1332 2081 καὶ
1348 2056 1376 2081 ἐν
1391 2056 1423 2090 τῇ
1441 2055 1511 2090 δίψει
1533 2064 1583 2091 μου
1599 2055 1729 2083 ὲπότισάν
1742 2065 1775 2091 με
1788 2056 1861 2090 δξος.
1872 2067 1884 2083 ι

1096 2101 1156 2127 Ὅτι
1172 2101 1221 2136 μὲν
1230 2101 1253 2127 οἱ
1263 2101 1384 2136 μαθηταὶ
1397 2101 1490 2132 αὑτοῦ,
1504 2101 1699 2134 καταλιπόντες
1713 2102 1806 2134 αὐτὸν,
1822 2103 1888 2138 ἔφυ-

1095 2156 1142 2182 γον
1159 2148 1229 2174 κατὰ
1248 2148 1294 2175 τὸν
1309 2148 1356 2175 τοῦ
1378 2148 1481 2180 πάθους
1497 2149 1602 2185 καιρὸν,
1616 2149 1691 2185 ὅμως
1706 2149 1729 2176 δ’
1743 2150 1831 2182 ἐκτὸς
1841 2149 1887 2177 λύ-

1095 2201 1149 2229 πης
1164 2194 1214 2220 οὐκ
1229 2191 1310 2229 ἦσαν,
1321 2193 1441 2221 διδάσκει
1455 2195 1484 2220 τὸ
1497 2195 1671 2229 Εὐαγγέλιον.
1685 2195 1748 2222 Ὅτε
1763 2195 1819 2232 γὰρ
1835 2196 1887 2223 Πέ-

252 2245 346 2266 amare
371 2238 526 2273 scribatur;
545 2248 577 2267 ac
601 2241 700 2276 reliqui
721 2242 879 2276 congregati
908 2242 935 2269 in
959 2242 1039 2269 domo

1094 2247 1153 2274 τρος
1174 2239 1382 2275 ἀναγέγραπται
1405 2239 1648 2275 ἁποκλαυσάμενος
1675 2240 1793 2276 πικρῶς.
1807 2241 1835 2267 οῖ
1856 2249 1885 2268 τε

252 2291 305 2311 una
326 2283 441 2312 latuisse
465 2290 576 2321 propter
592 2291 694 2314 metum
711 2287 869 2314 Judmorum
898 2288 1039 2321 ferantur;

252 2334 424 2364 nequaquam
434 2330 529 2358 dolore
538 2333 617 2359 vacui
629 2337 718 2360 erant.
736 2332 798 2360 Haec
811 2334 894 2369 igitur
909 2334 943 2361 de
955 2335 1041 2361 choro

251 2375 439 2409 apostolorum
452 2376 525 2404 dicta
545 2377 628 2406 fuisse
644 2382 740 2413 putare
755 2383 970 2407 consentaneum
986 2388 1040 2407 non

251 2424 308 2454 est;
325 2421 371 2448 sed
393 2422 426 2450 de
444 2424 635 2452 cruciantibus
655 2424 732 2451 illum
747 2426 781 2452 de
791 2425 893 2460 quibus
910 2425 1013 2453 dictum
1032 2436 1039 2455 :

253 2473 262 2490 ι
281 2464 383 2492 Contra
410 2470 437 2494 te
461 2471 526 2495 sunt
543 2476 638 2497 omnes
660 2470 706 2504 qui
734 2470 866 2497 tribulant
889 2479 941 2498 me.
958 2480 967 2496 ι
986 2470 1041 2506 Ego

250 2511 351 2545 quippe
364 2513 455 2540 omnia
478 2522 527 2549 pro
542 2515 651 2542 illorum
666 2516 756 2544 salute
771 2517 896 2552 agebant,
913 2519 1040 2552 operiens

251 2556 279 2582 in
295 2556 401 2590 jejunio
417 2558 535 2585 animam
554 2568 653 2593 meam,
672 2569 754 2589 sacco
781 2567 861 2590 utens
889 2563 1039 2590 indumenti

251 2601 312 2628 loco
328 2611 335 2635 ;
356 2602 394 2629 illi
405 2611 471 2630 vero
487 2604 521 2631 iis
531 2607 669 2633 contraria
682 2609 887 2642 perpetrabant.
902 2609 982 2635 modo
993 2616 1042 2636 ex—

251 2649 414 2683 probrantes
439 2650 668 2688 traducentesque
689 2653 793 2688 jejunia
820 2662 890 2686 inea,
919 2663 982 2681 mox
1014 2655 1040 2681 iu

251 2695 498 2729 compotationibus
512 2697 570 2725 suis
584 2702 679 2726 contra
696 2708 739 2727 me
759 2701 916 2735 psallentes,
935 2708 966 2728 ac
982 2708 1041 2728 om-

252 2741 296 2766 nia
317 2741 411 2776 potius
427 2746 549 2776 agentes,
568 2751 649 2777 quam
665 2749 694 2772 ut
711 2753 819 2773 mecum
840 2746 1041 2773 contristaren-

251 2789 306 2813 tur.
327 2786 382 2821 Ego
397 2795 460 2814 vero
480 2796 531 2823 pro
556 2789 610 2817 illis
625 2790 720 2818 dolore
736 2792 898 2825 alliciebar;
915 2792 952 2819 illi
976 2799 1041 2819 vero

252 2837 307 2857 non
323 2839 375 2857 una
393 2839 499 2859 mecum
515 2833 643 2861 dolebant
655 2839 682 2862 et
695 2836 865 2870 angebantur
881 2845 887 2863 :
902 2844 952 2864 nec
966 2836 1042 2871 quis-

251 2876 325 2910 piam
344 2876 414 2904 inter
428 2877 487 2906 illos
504 2877 553 2906 fuit
571 2879 616 2915 qui
631 2887 674 2908 me
691 2881 891 2909 consolaretur.
908 2880 962 2909 Sed
974 2881 1041 2909 nihil

1092 2284 1180 2311 λοιποὶ
1195 2285 1360 2321 συνηγμένοι
1375 2285 1422 2312 καὶ
1439 2286 1485 2320 ὑφ’
1503 2286 1551 2312 ’ἐνα
1580 2286 1800 2322 κρυπταζόμενοι
1813 2284 1887 2315 οἷκον

1091 2330 1135 2357 διὰ
1146 2331 1191 2357 τὸν
1203 2330 1284 2365 φόϐον
1296 2331 1350 2357 τῶν
1370 2331 1512 2363 Ἰουδαίων,
1522 2333 1572 2358 οὐκ
1585 2331 1637 2365 ἔξω
1653 2331 1740 2367 λύπης
1750 2332 1886 2369 ὑπῆρχον.

1092 2378 1149 2404 Οὺκ
1164 2377 1197 2404 ἂν
1207 2375 1254 2404 οὖν
1265 2377 1396 2413 ἁρμόσειε
1412 2378 1499 2405 ταῦτα
1517 2379 1580 2415 περὶ
1593 2379 1638 2405 τοῦ
1656 2379 1737 2414 χοροῦ
1751 2379 1806 2405 τῶν
1818 2381 1887 2406 ἀπο-

1093 2423 1193 2450 στόλων
1218 2423 1355 2458 λέγεσθαι,
1374 2424 1441 2451 ἀλλὰ
1465 2426 1529 2460 περὶ
1551 2425 1604 2451 τῶν
1632 2425 1777 2452 Θλιῆόντων
1794 2426 1886 2456 αὐτὴν,

1093 2469 1156 2504 περὶ
1170 2466 1207 2496 ὧν
1230 2469 1337 2504 ἔλεγεν·
1358 2480 1366 2495 ι
1379 2471 1513 2497 Ἐναντίον
1533 2471 1580 2498 σοῦ
1599 2472 1698 2503 πάντες
1708 2473 1731 2498 οἱ
1750 2471 1887 2503 ῦλίόοντές

1094 2524 1137 2551 με.
1154 2525 1162 2541 ι
1186 2515 1255 2550 Ἐγὼ
1275 2516 1324 2551 μὲν
1341 2516 1395 2552 γὰρ
1421 2517 1510 2544 πάντα
1534 2519 1603 2554 ὑπὲρ
1616 2519 1666 2554 τῆς
1687 2518 1777 2545 αὐτῶν
1800 2527 1888 2553 σωτη-

1094 2562 1153 2596 ρίας
1172 2562 1288 2594 ἐποίουν,
1318 2563 1463 2590 καλύπτων
1475 2565 1504 2590 ὲν
1520 2565 1632 2600 νηστείξι
1648 2565 1698 2600 τὴν
1714 2564 1805 2600 ψυχήν
1823 2572 1886 2600 μου,

1093 2607 1188 2642 σάκκῳ
1203 2615 1234 2633 τε
1253 2607 1381 2643 ὲνδὺματι
1398 2608 1538 2643 χρώμενος
1548 2617 1554 2623 ·
1567 2609 1592 2635 οἱ
1608 2609 1636 2635 δὲ
1650 2608 1685 2635 τὰ
1701 2609 1810 2636 ἐναντία
1824 2608 1886 2636 τοὺ-

1091 2661 1148 2684 τοις
1158 2653 1302 2689 ἔπραττον,
1321 2655 1381 2680 τοτὲ
1397 2655 1447 2689 μὲν
1467 2655 1640 2687 ὀνειδίζοντες
1654 2655 1702 2682 καὶ
1712 2655 1886 2691 διασύροντες

1091 2698 1141 2730 τὰς
1163 2698 1232 2734 ὲμὰς
1244 2699 1379 2734 νηστείας,
1393 2700 1453 2726 τοτὲ
1465 2700 1494 2726 δὲ
1510 2701 1539 2727 ὲν
1554 2701 1614 2732 ταῖς
1626 2700 1780 2736 παροινίαις
1795 2700 1885 2728 αὐτῶν

1092 2743 1151 2770 κατ’
1171 2743 1237 2778 ἐμοῦ
1254 2744 1411 2778 ψάλλοντες,
1423 2746 1471 2772 καὶ
1484 2746 1573 2772 πάντα
1588 2745 1688 2781 μᾶλλον
1702 2746 1719 2781 ἢ
1736 2746 1886 2774 συλλυπού-

1094 2799 1178 2826 μενοι.
1196 2790 1281 2825 Κάγὼ
1300 2792 1349 2826 μὲν
1368 2792 1438 2828 ὑπὲρ
1454 2792 1544 2819 αὐτῶν
1563 2793 1654 2827 ἀλγῶν
1670 2793 1846 2829 ἐλυπούμην⁴
1859 2793 1884 2820 οἱ

1091 2837 1119 2863 δὲ
1136 2837 1166 2864 οὐ
1182 2837 1330 2873 συνήλγουν
1347 2847 1401 2873 μοι,
1413 2838 1473 2865 οὐδὲ
1489 2838 1658 2873 συνέπασχον
1667 2847 1674 2854 ·
1687 2838 1745 2865 ἀλλ’
1759 2839 1820 2866 οὐδὲ
1831 2847 1883 2866 πα-

1095 2883 1227 2919 ράκλητος
1245 2892 1286 2916 τις
1309 2883 1398 2912 αὐτῶν
1421 2885 1461 2917 εἰς
1477 2885 1547 2921 ἐμὴν
1569 2885 1745 2921 παραμυθίαν
1760 2885 1882 2922 εὓρηται.
