2041 3215
244 175 294 204 751

578 173 716 203 EL'SEBll
736 171 976 202 CIESARIENSIS
994 171 1069 200 OPP.
1091 171 1180 200 PARS
1199 171 1244 199 Ill.
1262 187 1297 192 ——
1316 170 1521 200 EXEGETICA.

1814 170 1876 202 775!

226 237 392 269 "rabuntur;
413 245 422 262 ι
437 239 463 262 et
479 235 621 270 sequentia
645 235 782 263 similiter.
802 234 862 262 Non
878 234 951 262 enim
967 241 1032 261 con-

1086 233 1143 259 ἐστι
1158 233 1191 259 τὰ
1208 233 1277 268 μετὰ
1289 234 1392 269 χεῖρας.
1404 233 1440 260 Τὸ
1454 233 1517 269 γὰρ,
1532 243 1541 259 ‹
1561 233 1732 269 Γενηθήτωή
1751 233 1877 270 τράπεζα

241 279 405 311 sentaneum
422 285 474 314 est,
494 289 556 309 eum
570 281 617 316 qui
633 281 714 308 nobis
736 281 860 316 praecipit
887 285 916 308 ut
933 280 1034 306 malum

239 336 293 364 pro
311 328 383 355 malo
398 336 452 355 non
466 327 624 365 reddamus,
641 326 689 354 sed
701 335 846 362 precemur
866 334 916 362 pro
933 326 967 354 iis
988 327 1034 360 qui

242 375 324 403 nobis
335 375 488 402 molestiam
503 377 609 405 creant,
623 378 650 400 et
664 377 693 400 ut
708 373 914 403 benedicamus,
927 379 977 399 nec
991 380 1034 399 ex-

240 428 395 452 secrentur,
412 421 593 455 inimicosque
608 419 766 454 diligamus,
785 418 942 454 hujusmodi
963 419 1033 445 mala

242 468 304 495 aliis
322 467 480 503 imprecari.
492 466 551 494 Non
567 467 688 501 oplatiro
704 465 796 501 igitur,
809 473 897 500 neque
916 465 1034 500 impera-

242 515 298 540 tivo
316 513 408 545 modo,
421 513 467 540 sed
495 513 646 540 secundum
674 512 800 539 traditam
818 513 950 539 rationem
977 513 1033 539 haec

243 560 403 596 propheticc
415 559 589 594 pronuntiata
606 563 680 586 sunt.
694 557 746 584 Pro
758 558 791 585 iis
801 557 873 584 enim
891 565 952 592 qua:
966 565 1032 584 con-

244 611 286 633 tra
313 615 356 634 me
384 606 443 633 ausi
465 609 668 641 perpetrarunt,
686 605 742 632 haec
772 605 845 640 ipsos
874 605 1030 639 excipient:

242 661 339 681 mensa
358 660 453 680 eorum
483 653 536 680 illis
560 660 614 678 non
640 651 673 678 ad
695 651 926 686 suppeditandum
940 651 1032 678 cibum

244 699 308 730 erit,
321 699 369 726 sed
380 699 407 725 in
422 699 559 733 laqueum,
573 702 599 725 et
615 700 642 724 in
654 697 850 725 retributiones
865 703 892 723 et
910 697 936 724 in
953 705 1033 724 scan-

235 744 348 775 ‘dalum,
366 744 430 779 quia
443 743 577 771 dederunt
595 743 623 770 in
636 750 728 770 escam
744 750 832 770 meam
851 742 896 770 fel.
911 742 1031 770 Mensam

236 796 328 825 ‘porro
341 790 449 817 Iudaici
465 790 556 825 populi
576 797 656 824 quam
675 788 778 816 dixeris
800 796 872 820 esse,
890 789 944 816 nisi
964 788 1033 815 divi-

245 838 319 865 nitus
344 837 492 872 inspiratus
517 835 683 870 Scripturas,
700 843 769 869 quas
790 835 915 861 meditari
933 838 960 861 et
975 842 1032 861 me-

244 883 359 909 moriter
384 882 506 917 proferre
525 881 631 909 solent?
646 880 767 913 Quarum
791 880 984 915 contemplatio
1004 885 1032 906 et

1086 279 1184 311 αὐτῶν,
1205 289 1214 306 ›
1229 279 1375 306 ἀκουστέον
1391 279 1451 306 ἀντὶ
1464 280 1522 312 τοῦ,
1538 290 1546 306 ι
1561 282 1721 316 γενήσεται·
1739 290 1749 306 ι
1769 280 1816 307 καὶ
1834 280 1876 312 τὸ,

1089 335 1098 351 ι
1124 325 1346 361 Σκοτισθήτωσαν
1367 327 1392 352 οἱ
1414 326 1547 362 ὀφθαλμοὶ
1566 326 1665 358 αὐτῶν,
1687 337 1696 352 ι
1721 327 1781 353 ἀντὶ
1815 327 1875 359 τοῦ,

1089 382 1097 397 ι
1115 372 1348 408 σκοτισθήσονται’
1374 382 1383 399 ι
1408 374 1454 399 καὶ
1469 373 1502 399 τὰ
1520 373 1583 409 ἑξῆς
1607 374 1712 405 τούτοις
1729 373 1878 409 παραπλη-

1087 420 1161 453 σίως.
1181 421 1219 447 Οὐ
1241 421 1295 457 γὰρ
1311 421 1366 456 ἔχει
1380 419 1459 455 λόγον
1473 421 1519 447 τὸν
1534 421 1599 456 ἡμῖν
1619 421 1822 458 προστάττοντα
1838 421 1878 456 μὴ

1085 467 1286 494 ἀνταποδιδόναι
1306 469 1390 495 κακὸν
1409 469 1469 496 ἀντὶ
1484 468 1581 499 κακοῦ,
1594 467 1662 494 ἀλλὰ
1677 467 1879 503 προσεύχεσθαι

1086 513 1158 549 ὑπὲρ
1168 513 1222 540 τῶν
1238 514 1456 550 ἐπηρεαζόντων,
1472 514 1519 541 καὶ
1534 513 1655 547 εὐλογεῖν
1673 513 1720 540 καὶ
1737 512 1774 548 μὴ
1791 521 1878 539 κατα-

1085 559 1192 595 ρᾶσθαι,
1208 560 1317 595 ἀγαπᾷν
1335 560 1363 586 δὲ
1377 561 1425 587 καὶ
1443 560 1505 591 τοὺς
1527 559 1651 595 ἐχθροὺς,
1667 558 1748 585 αὑτὸν
1763 557 1879 584 τοιαῦτα

1084 604 1263 640 κατεύχεσθαι
1294 606 1408 641 ἑτέροις.
1433 606 1490 631 οὐκ
1517 604 1651 636 εὐκτικῶς
1681 603 1787 636 τοίνυν,
1816 603 1878 629 οὐδὲ

1084 651 1301 687 προστακτικῶς.
1315 652 1385 679 κατὰ
1402 652 1431 678 δὲ
1448 652 1492 678 τὸν
1509 651 1674 678 ἀποδοθέντα
1690 650 1792 686 τρόπον
1808 657 1878 684 προ-

1083 697 1205 732 φητικῶς
1222 697 1270 724 καὶ
1283 697 1369 724 ταῦτα
1381 697 1516 724 λέλεκται.
1537 697 1607 723 Ἀνθ’
1622 693 1660 724 ὧν
1675 696 1730 732 γὰρ
1744 695 1880 732 τετολμή-

1083 751 1148 769 κασι
1175 743 1221 769 καὶ
1246 743 1426 778 διεπράξαντο
1449 745 1510 770 κατ’
1535 743 1613 778 ἐμοῦ.
1638 742 1753 770 τοιαῦτα
1776 741 1879 774 αὐτοὺς

1083 787 1246 820 διαδέξεται·
1265 789 1281 824 ή
1301 788 1424 824 τράπεζα
1440 789 1529 815 αὐτῶν
1554 789 1630 815 ἔσται
1657 788 1747 820 αὺτοῖς
1766 788 1817 814 οὐκ
1838 788 1879 819 εἰς

1083 833 1232 869 παράθεσιν
1257 834 1370 870 τροφῆς,
1390 834 1446 861 ἀλλ’
1471 835 1512 866 εἰς
1529 834 1628 868 παγίδα
1644 834 1691 861 καὶ
1708 834 1747 865 είς
1763 833 1881 859 ἀνταπο-

1083 880 1170 912 δόσεις
1196 881 1242 906 καὶ
1269 881 1308 912 εἰς
1332 880 1490 913 σκάνδαλον,
1520 880 1578 907 ἀνθ’
1603 877 1640 906 ὧν
1665 879 1769 906 ἔδωκαν
1786 880 1829 912 εἰς
1848 880 1881 906 τὸ

245 928 434 963 intelligentia,
451 927 605 954 animarum
623 926 826 953 rationabilium
844 933 935 953 escam
956 934 1030 953 com-

1085 926 1181 962 βρῶμὰ
1194 935 1245 962 μου
1262 926 1354 962 χολήν.
1367 926 1512 962 Τρὰπεζαν
1529 926 1557 952 δὲ
1570 926 1616 952 τοῦ
1637 926 1773 953 Ἰουδαίων
1784 925 1881 957 ἔθνους

243 975 386 1009 plectitur,
397 973 482 1001 dictio
494 977 584 1000 autem
601 980 702 1000 mensa:
717 973 776 999 loco
790 977 843 1000 est.

1084 972 1144 999 τίνα
1156 972 1188 998 ἂν
1204 973 1290 1004 εἴποις
1301 972 1316 1007 ἢ
1328 972 1376 1004 τὰς
1388 971 1579 1003 θεοπνεύστους
1589 971 1709 1007 Γραφὰς,
1718 972 1751 1003 ἃς
1763 971 1885 1007 μελετᾷ)

240 1021 290 1046 ικαὶ
313 1019 540 1055 ἀποστοματίζειν
561 1019 705 1051 εἰώθεισιν;
722 1016 789 1054 ὤνὴ
810 1019 859 1054 μὲν
877 1019 976 1055 θεωρία
1008 1020 1055 1046 καὶ
1073 1020 1089 1054 ἠ
1117 1019 1220 1055 νόησις,
1232 1019 1325 1054 ψυχῶν
1336 1019 1438 1055 τροφὴν
1453 1019 1568 1054 λογικῶν
1586 1019 1745 1055 περιέχει,ἡ
1761 1019 1790 1045 δὲ
1805 1017 1886 1052 λέξις

240 1066 381 1101 τραπέζης
397 1065 488 1101 χώραν
507 1066 638 1101 περιέχει,

277 1122 355 1150 Hanc
378 1123 469 1157 itaque
485 1130 608 1149 mensam
629 1131 735 1155 eorum,
751 1131 849 1158 nempe
867 1123 974 1150 obviam
991 1124 1033 1150 di-

241 1168 586 1203 vinarum-'Scripturarum
602 1169 758 1202 lectionem,
771 1169 837 1204 ipsis
849 1171 877 1196 in
892 1169 1031 1204 laqueum,

243 1219 270 1240 et
282 1213 311 1241 in
325 1213 520 1241 retributiones
531 1213 593 1241 etin
607 1214 767 1242 scandalum
780 1214 837 1242 fore
847 1215 1030 1250 praenuntiat;

244 1263 325 1295 atque
343 1267 398 1286 non
421 1264 519 1286 natura
541 1259 622 1286 talem
640 1268 712 1291 esse,
730 1260 777 1288 sed
793 1260 860 1295 ipsis
874 1260 1032 1295 huiusmodi

244 1305 375 1333 futuram.
393 1305 422 1332 ld
435 1306 511 1333 enim
529 1306 571 1333 his
583 1306 674 1333 verbis
693 1306 864 1341 signiﬁcatur
881 1316 888 1333 :
905 1316 914 1332 ι
933 1306 1033 1334 Coram

242 1352 311 1387 ipsis
325 1351 371 1378 ﬁat
386 1359 480 1378 mensa
497 1359 591 1378 eorum
607 1353 634 1378 in
649 1352 774 1386 laqueum
790 1357 817 1380 et
832 1353 859 1379 in
874 1352 1034 1380 retributio-

216 1402 224 1407 ’
242 1404 293 1426 nes
315 1400 343 1424 et
357 1396 386 1424 in
412 1397 583 1425 scandalum.
604 1407 614 1424 ι
641 1396 697 1425 lloe
716 1402 806 1425 autem
828 1405 910 1432 opere
931 1397 958 1424 in
979 1398 1033 1425 illis

241 1444 405 1477 completur.
426 1442 537 1471 Divinas
565 1451 684 1479 namque
709 1443 868 1479 Seripturas
895 1444 1032 1479 legentes,

239 1489 343 1516 exinde
365 1489 470 1524 laqueis
490 1490 691 1524 eomplieantur
707 1498 714 1516 :
728 1497 823 1518 earum
842 1490 943 1525 quippe
958 1490 1031 1518 dicta

241 1539 341 1570 praeter
351 1543 443 1563 veram
454 1536 598 1563 scientiam
611 1537 788 1571 excipientes,
804 1544 963 1572 rectumque
977 1544 1034 1565 ver-

241 1583 340 1610 borum
363 1589 474 1609 sensum
492 1586 661 1613 evextentes;
685 1582 718 1610 iis
734 1583 767 1610 ad
790 1591 844 1609 nun
864 1582 1031 1610 credendum

239 1627 385 1655 Servatori
407 1627 513 1654 seducti
535 1631 609 1656 sunt.
636 1629 694 1654 [mo
709 1629 791 1655 etiam
817 1636 911 1656 mensa
937 1636 1031 1656 eorum

243 1672 311 1710 ipsis
339 1672 365 1699 in
400 1673 594 1700 retributiones
624 1674 748 1701 vertitur.
780 1674 858 1707 Quod
890 1675 963 1702 enim
997 1675 1036 1702 le-

240 1720 350 1747 ctiones
363 1727 419 1746 non
432 1719 600 1754 intelligant,
616 1720 657 1747 vel
671 1720 735 1748 inde
749 1720 902 1748 [acinorum
920 1729 1034 1748 suorum

242 1767 271 1793 in
289 1765 378 1800 ipsum
392 1773 488 1800 ρωπος
504 1765 591 1793 luunt.
607 1764 698 1799 Quare
711 1765 891 1802 Symmachus
906 1775 955 1802 pro
969 1767 1033 1799 illo,

247 1822 255 1837 ι
269 1814 296 1838 et
312 1811 340 1838 in
357 1811 571 1840 retributiones.
582 1821 591 1838 ι
603 1813 702 1846 vertit,
715 1822 724 1838 ‹
738 1817 764 1839 et
782 1812 808 1839 in
824 1813 988 1848 supplicium
1001 1822 1008 1846 ;
1023 1822 1031 1839 ι

241 1858 310 1893 quin
324 1858 405 1885 etiam
422 1858 451 1886 in
467 1858 628 1886 scandalum
640 1867 733 1886 coram
749 1859 815 1894 ipsis
829 1867 925 1887 mensa
939 1867 1035 1886 eorum

242 1906 369 1933 vertitur.
392 1904 470 1932 Nuda
492 1906 593 1941 quippe
618 1906 701 1933 verba
723 1906 844 1941 legentes
860 1905 1033 1941 impingunt,

243 1959 375 1979 arcanum
400 1959 496 1979 eorum
519 1959 632 1979 sensum
656 1960 710 1978 non
734 1953 884 1987 capientes.
911 1952 1034 1987 Exempli

242 2005 327 2025 causa
337 2018 345 2030 ,
358 2005 420 2025 cum
433 1998 565 2030 audiunt,
580 2003 624 2030 ut,
641 1998 801 2026 adveniente
814 1998 939 2030 Christo,
952 1998 1034 2026 simul

243 2049 338 2078 pascet
352 2044 432 2078 lupus
444 2052 506 2071 cum
522 2052 610 2079 agno,
625 2049 652 2071 et
668 2045 770 2079 pardus
783 2053 846 2072 eum
863 2044 940 2072 bme
952 2052 1035 2072 accu-

247 2089 342 2120 habit,
359 2089 401 2116 leo
416 2092 442 2116 et
458 2089 510 2117 bos
525 2090 669 2117 comedent
684 2091 777 2124 paleas
799 2090 840 2123 ³⁶;
866 2090 924 2117 hinc
947 2093 974 2118 et
995 2091 1034 2117 si-

245 2134 322 2161 milia
338 2142 393 2161 non
409 2134 608 2169 intelligente-5,
627 2135 789 2162 adveniente
803 2134 917 2162 Christo
933 2134 960 2161 in
977 2134 1035 2161 haec

245 2180 416 2215 impingunt;
428 2180 492 2215 quia
507 2180 564 2207 haec
577 2188 631 2207 non
643 2181 767 2208 sensibili
783 2181 864 2208 modo
875 2181 902 2207 in
913 2181 974 2215 ejus
987 2181 1036 2208 ad-

243 2230 328 2254 ventu
341 2227 524 2262 contigerunt.
543 2225 590 2253 Sic
604 2234 670 2261 ergo
685 2226 815 2262 prazdicta
831 2235 926 2254 eorum
939 2234 1034 2255 mensa

1123 1121 1230 1157 Ταύτην
1243 1121 1331 1148 τοίνυν
1343 1121 1391 1156 τὴν
1403 1120 1543 1157 τράπεζαν
1561 1119 1661 1151 αὐτῶν,
1670 1120 1720 1156 τὴν
1733 1120 1884 1157 πρόχειρον

1085 1167 1139 1194 τῶν
1164 1166 1242 1192 θείων
1259 1166 1374 1201 Γραῳῶν
1397 1166 1548 1199 ἀνάγνωσιν
1565 1163 1743 1200 προαγορεύει
1768 1165 1883 1194 ἔσεσθαι

1085 1212 1176 1243 αὐτοῖς
1192 1213 1231 1243 εἰς
1243 1211 1344 1245 παγίδα
1356 1212 1402 1237 καὶ
1416 1211 1455 1242 είς
1468 1211 1660 1242 ἀνταποδόσεις
1677 1211 1725 1237 καὶ
1744 1211 1784 1243 είς
1797 1212 1882 1238 σκάν-

1085 1258 1180 1285 δαλον·
1198 1258 1246 1284 καὶ
1260 1257 1370 1283 ἔσεσθαι
1384 1257 1468 1292 αὐτὴν
1484 1257 1611 1293 τοιαύτην
1628 1257 1730 1289 αὐτοῖς,
1749 1258 1780 1283 οὐ
1799 1258 1882 1292 φύσει

1084 1303 1166 1331 οὖσαν
1183 1304 1320 1339 τοιαύτην,
1333 1304 1390 1330 ἀλλ’
1407 1304 1499 1336 αὐτοῖς
1516 1303 1626 1330 ἔσεσθαι
1643 1303 1780 1339 τοιαύτην.
1795 1305 1881 1331 Τοῦτο

1084 1350 1138 1386 γὰρ
1152 1349 1278 1385 σημαίνει
1292 1350 1306 1376 ό
1325 1349 1402 1383 λόγος
1417 1349 1528 1376 εἰπών-ι
1548 1349 1678 1376 Ἐνώπιον
1693 1349 1782 1376 αὐτῶν
1798 1358 1881 1386 γενης

1085 1396 1159 1432 θήτω
1174 1397 1190 1432 ἡ
1207 1396 1331 1431 τράπεζα
1344 1396 1434 1423 αὐτῶν
1453 1398 1493 1429 είς
1513 1397 1625 1431 παγίδα,
1644 1398 1690 1424 καὶ
1701 1398 1742 1429 εἰς
1761 1398 1879 1425 ἀνταπο-

1083 1443 1172 1475 δόσεις
1188 1443 1235 1470 καὶ
1247 1444 1287 1475 είς
1302 1443 1459 1470 σκάνδαλον.
1473 1453 1481 1468 ι
1496 1443 1624 1480 Ἐργῳδὲ
1635 1443 1713 1470 τοῦτο
1728 1444 1768 1476 εἰς
1780 1444 1880 1476 αὐτοὺς

1086 1489 1246 1524 πληροῦται.
1264 1489 1330 1520 Ταῖς
1346 1489 1410 1523 γοῦν
1427 1489 1513 1520 θείαις
1528 1489 1650 1524 Γραφαῖς
1668 1490 1880 1524 ἐντυγχάνοντες

1086 1535 1116 1569 ἐξ
1140 1535 1230 1562 αὐτῶν
1247 1535 1341 1569 παγίσι
1362 1535 1577 1572 περιπείρονται,
1595 1535 1696 1571 ἑτέρως
1711 1535 1728 1571 ἦ
1746 1536 1818 1562 κατὰ
1834 1536 1880 1562 τὸν

1086 1583 1173 1617 ἀληθῆ
1183 1582 1244 1609 νοῦν
1254 1581 1470 1617 ἐκλαμϐάνοντες
1482 1581 1529 1613 τὰς
1538 1581 1635 1615 λέξεις,
1647 1581 1694 1608 καὶ
1705 1581 1880 1618 διαστρέφον-

1085 1638 1130 1661 τες
1140 1629 1184 1655 τὸν
1197 1630 1225 1655 ὲν
1238 1629 1332 1660 αὑταῖς
1342 1627 1420 1663 ὀρθὸν
1430 1628 1519 1662 λόγον,
1526 1628 1555 1661 eg
1563 1628 1652 1655 αὐτῶν
1664 1635 1694 1655 τε
1704 1629 1878 1661 είςάπιστίαν

1085 1675 1132 1702 τοῦ
1149 1674 1276 1710 Σωτῆρος
1293 1674 1528 1710 περιπειρόμενοι.
1548 1673 1628 1700 Ἀλλὰ
1645 1674 1692 1701 καὶ
1709 1675 1748 1705 είς
1761 1675 1880 1701 ἀνταπο-

1084 1721 1172 1753 δόσεις
1183 1720 1287 1756 γίνεται
1300 1721 1390 1752 αὐτοῖς
1402 1721 1419 1756 ἡ
1428 1720 1552 1756 τράπεζα
1567 1720 1665 1747 αὐτῶν.
1683 1721 1727 1747 Ἐν
1737 1721 1791 1756 γὰρ
1805 1721 1880 1756 αὐτῷ

1084 1768 1172 1802 τούτῳ
1188 1767 1227 1802 τῷ
1245 1766 1282 1802 μὴ
1299 1767 1417 1793 συνιέναι
1432 1766 1466 1793 τὰ
1481 1766 1698 1802 ἀναγνῶσματα,
1715 1766 1879 1798 ἀπολαμϐά-

1085 1821 1176 1840 νουσιν
1189 1810 1227 1839 ὧν
1240 1812 1357 1848 ἔδρασαν
1374 1813 1433 1839 κατ’
1450 1811 1531 1839 αὐτοῦ
1548 1812 1597 1848 τὴν
1613 1812 1759 1848 τιμωρίαν.
1777 1812 1879 1849 Διόπερ

1085 1859 1099 1885 ὁ
1111 1858 1259 1894 Σύμμαχος
1273 1858 1332 1884 ἀντὶ
1344 1857 1403 1890 τοῦ,
1417 1867 1427 1882 ‹
1441 1857 1488 1884 καὶ
1504 1857 1544 1888 είς
1557 1856 1748 1888 ἀνταποδόσεις
1757 1877 1765 1889 ,
1778 1857 1880 1890 eratsi;-

1085 1905 1241 1939 τιμωρίαν,
1265 1904 1448 1939 ἡρμήνευσεν.
1476 1902 1557 1929 Ἀλλὰ
1587 1902 1635 1930 καὶ
1658 1903 1698 1935 είς
1728 1903 1878 1930 σκάνδαλον

1086 1951 1190 1985 γίνεται
1208 1950 1323 1976 ἐνώπιον
1340 1949 1429 1976 αὐτῶν
1446 1949 1463 1985 ὴ
1478 1948 1602 1985 τράπεζα
1619 1949 1718 1975 αὐτῶν.
1735 1948 1879 1975 Σκανδαλί-

1087 1995 1176 2028 ζονται
1190 1995 1245 2032 γὰρ
1258 1995 1468 2031 ἐντυγχάνοντες
1481 1995 1571 2029 ψιλαῖς
1586 1995 1646 2026 ταῖς
1660 1994 1759 2027 λέξεσι,
1778 1995 1825 2021 καὶ
1841 1995 1878 2030 μὴ

1087 2043 1222 2074 συνιέντες
1235 2042 1284 2077 τὴν
1296 2043 1325 2069 ἐν
1339 2042 1435 2073 αὐταῖς
1449 2041 1565 2076 θεωρίαν
1576 2049 1581 2055 ·
1595 2039 1650 2067 οἷον
1661 2041 1817 2073 ἀκούοντες,
1829 2041 1878 2074 ὡς,

1084 2089 1246 2119 ἐπιστάντος
1258 2087 1304 2114 τοῦ
1316 2086 1445 2123 Χριστοῦ,
1459 2086 1678 2122 συμϐοσκήσεται
1701 2085 1782 2118 λύκος
1809 2086 1879 2121 μετὰ

1082 2133 1177 2169 ἀρνὸς,
1187 2133 1233 2160 καὶ
1245 2132 1376 2168 πάρδαλις
1389 2131 1623 2158 συναναπαύσεται
1635 2131 1740 2167 ἐρίφῳ,
1752 2132 1799 2158 καὶ
1809 2131 1880 2158 λέων

1086 2179 1133 2206 καὶ
1153 2178 1216 2214 βοῦς
1232 2179 1348 2213 φάγεται
1363 2179 1467 2214 ἄχυρα·
1493 2177 1578 2204 ταῦτα
1597 2177 1644 2204 καὶ
1661 2177 1694 2204 τὰ
1710 2177 1823 2204 τοιαῦτα
1840 2178 1878 2214 μὴ

1088 2225 1232 2257 συνιέντες,
1248 2224 1467 2256 σκανδαλίζονται
1487 2225 1533 2251 ἐπὶ
1547 2223 1586 2259 τῷ
1600 2224 1739 2258 ἐληλυθότι
1755 2223 1876 2260 Χριστῷ,

245 2273 296 2301 fuit
311 2281 404 2300 coram
419 2273 487 2308 ipsis
503 2273 531 2300 in
547 2273 675 2308 laqueum
688 2292 696 2305 ,
710 2277 737 2299 et
753 2273 780 2300 in
795 2273 990 2300 retributiones
1006 2276 1032 2300 et

1086 2273 1128 2299 ὃτι
1145 2271 1183 2307 μὴ
1204 2270 1342 2306 αἰσθητῶς
1358 2271 1466 2304 ἐγένετο
1478 2270 1565 2297 ταῦτα
1577 2271 1606 2296 ἐν
1622 2271 1655 2305 τῇ
1674 2270 1756 2297 αὑτοῦ
1773 2279 1876 2307 παρου-

245 2320 273 2347 in
288 2319 459 2347 scandalum.
475 2318 592 2354 Haecque
607 2319 681 2354 passi
706 2323 787 2350 sunt,
808 2320 872 2354 quia
893 2319 1033 2346 obscurati

244 2371 309 2395 sunt
324 2366 396 2393 oculi
408 2373 504 2394 eorum
518 2370 546 2393 ut
560 2374 615 2393 non
633 2366 757 2393 viderent
768 2385 775 2397 ,
789 2365 854 2401 quia
870 2369 1034 2400 respuerunt

243 2414 332 2440 lucem
345 2412 546 2440 illuminantem
559 2419 668 2439 omnem
685 2411 838 2443 hominem,
851 2415 878 2438 et
893 2411 956 2445 quia
972 2419 1035 2438 ocu-

244 2461 284 2486 los
301 2459 433 2486 habentes
448 2467 503 2486 non
520 2458 669 2489 videbant,
685 2463 712 2485 et
726 2465 807 2486 aures
830 2457 962 2484 habentes
979 2465 1033 2484 non

243 2504 401 2532 audiebant.
425 2505 610 2532 lncrassatum
628 2505 700 2531 enim
721 2509 764 2531 est
787 2511 836 2531 cor
858 2511 966 2535 eorum,
991 2512 1035 2531 sc-

243 2550 364 2577 cundum
376 2551 485 2583 Isaiam,
505 2555 531 2578 et
544 2552 638 2578 oculos
650 2551 826 2582 obturarunt,
840 2557 975 2585 auresque
987 2558 1034 2585 ag-

244 2601 396 2633 gravarunt
407 2596 441 2624 ⁸⁷.
459 2597 551 2629 Quare
563 2597 606 2624 hic
619 2597 818 2632 praenuntiatur
832 2607 838 2624 :
854 2606 862 2622 ι
874 2596 1032 2624 Obscurcn-

243 2646 289 2669 tur
298 2642 372 2669 oculi
385 2649 480 2668 eorum
496 2650 530 2668 ne
545 2641 664 2668 videant.
682 2651 690 2668 ι
707 2641 796 2668 Alium
811 2649 921 2676 quoque
935 2649 1030 2669 casum

244 2695 339 2716 eorum
353 2689 427 2714 clare
438 2687 605 2714 vaticinatur
618 2688 661 2715 his
676 2687 768 2715 verbis
780 2697 785 2714 :
798 2697 806 2712 ε
818 2687 850 2713 Et
863 2687 975 2715 dorsum
984 2695 1033 2714 veo-

244 2741 306 2760 tum
322 2740 431 2768 semper
446 2733 558 2759 incurva
569 2752 576 2764 ,
595 2742 604 2758 ι
618 2732 645 2759 id
658 2737 701 2760 est
713 2752 720 2764 ,
735 2742 743 2759 ι
761 2733 919 2760 incurvabis
933 2741 940 2766 ;
959 2742 968 2758 ι
983 2736 1009 2759 et
1023 2741 1030 2760 :

248 2778 378 2806 (Ell'unde
390 2786 473 2813 super
487 2786 534 2806 eos
545 2779 614 2805 iram
627 2779 850 2810 tuamnseilicet,
863 2779 1028 2810 tefl‘tindesp

244 2829 271 2852 et
285 2833 292 2851 :
311 2823 417 2852 «Furor
432 2825 480 2851 ira:
497 2829 550 2852 tute
564 2824 778 2860 comprehendat
794 2833 841 2854 eos
852 2825 1011 2858 ,mimirum
1021 2846 1029 2859 .

278 2903 305 2924 ⁸⁵
322 2905 376 2932 lia.
397 2911 436 2935 ιι,
456 2902 483 2930 6.
522 2903 543 2919 ³⁷
563 2902 615 2931 lsa.
635 2911 672 2934 VI,
694 2903 736 2930 lt).

1087 2319 1141 2353 σία.
1162 2317 1255 2349 Οὕτως
1267 2315 1312 2344 οὖν
1325 2318 1342 2353 ἡ
1359 2317 1517 2343 ἀποδοθεῖσα
1530 2316 1618 2343 αὐτῶν
1630 2317 1754 2353 τράπεζα
1766 2317 1877 2351 γέγονεν

1086 2364 1201 2391 ἐνώπιον
1217 2364 1307 2390 αὐτῶν
1323 2364 1363 2394 είς
1380 2363 1491 2397 παγίδα,
1508 2363 1556 2389 καὶ
1571 2364 1610 2394 είς
1623 2363 1816 2395 ἀνταποδόσεις
1830 2364 1876 2390 καὶ

1086 2411 1126 2441 είς
1137 2409 1293 2437 σκάνδαλον.
1303 2409 1357 2436 Καὶ
1365 2408 1449 2434 ταῦτα
1459 2409 1635 2441 πεπόνθασιν,
1647 2408 1796 2445 ἐπειδήπερ
1805 2410 1878 2436 ἐσκο-

1086 2455 1217 2491 τίσθησαν
1231 2455 1256 2481 οί
1270 2454 1403 2489 ὀφθαλμοὶ
1417 2453 1506 2480 αὐτῶν
1520 2454 1569 2480 τοῦ
1589 2454 1625 2490 μὴ
1643 2454 1751 2489 βλέπειν
1763 2473 1771 2486 ,
1788 2454 1833 2482 διὰ
1849 2455 1880 2482 τὸ

1087 2500 1261 2538 παρῃτῆσθαι
1271 2501 1302 2527 τὸ
1317 2500 1374 2535 φῶς
1388 2501 1418 2527 τὸ
1432 2500 1547 2535 φωτίζον
1562 2500 1651 2527 πάντα
1661 2499 1819 2536 ἄνθρωπον,
1831 2500 1879 2526 καὶ

1086 2548 1148 2574 ἐπεὶ
1159 2547 1314 2582 ὀφθαλμοὺς
1332 2546 1437 2582 ἔχοντες
1453 2546 1502 2573 οὐκ
1522 2545 1645 2577 ἔϐλεπον.
1661 2546 1708 2573 καὶ
1726 2542 1782 2572 ὦτα
1804 2545 1878 2581 ἕχον·

1085 2602 1130 2625 τες
1151 2594 1200 2620 οὐκ
1228 2593 1335 2628 ἢκουον.
1363 2591 1516 2628 Ἐπαχύνθη
1539 2592 1593 2628 γὰρ
1610 2594 1627 2627 ὴ
1650 2592 1748 2628 καρδία
1767 2591 1874 2624 αὐτῶν,
1906 2588 1910 2598 ἶ

1085 2638 1155 2667 κατὰ
1167 2639 1213 2666 τὸν
1233 2638 1355 2670 Ἡσαΐαν,
1378 2638 1424 2665 καὶ
1445 2639 1508 2669 τοὺς
1524 2637 1679 2673 ὀφθαλμοὺς
1700 2638 1874 2674 ἐκάμμυσαν,

1087 2687 1133 2713 καὶ
1156 2686 1189 2713 τὰ
1208 2684 1264 2712 ὦτα
1298 2686 1443 2721 ὲὸἀγρυναν.
1464 2686 1509 2712 Διὸ
1536 2686 1715 2723 προαγορεύει
1735 2687 1847 2721 φάσκων
1861 2687 1876 2713 ό

1086 2733 1178 2767 λόγος⁸
1199 2733 1441 2768 «Σκοτισθήτωσαν
1464 2733 1488 2759 οἱ
1513 2732 1646 2768 ὀφθαλμοὶ
1665 2733 1754 2760 αὐτῶν
1775 2733 1822 2759 τοῦ
1837 2732 1876 2769 μὴ

1088 2779 1205 2814 βλέπειν.
1219 2779 1297 2806 ι’Καὶ
1310 2778 1373 2806 ἄλλο
1385 2779 1412 2805 δὲ
1425 2778 1547 2814 ἐναργῶς
1562 2779 1668 2814 συμϐὰν
1678 2780 1769 2811 αὐτοῖς
1783 2779 1878 2806 θεσπί-

1086 2825 1126 2858 ζει
1137 2825 1238 2860 λέγων·
1255 2834 1266 2852 ι
1277 2825 1332 2852 Καὶ
1343 2825 1388 2851 τὸν
1399 2824 1482 2852 νῶτον
1495 2824 1583 2852 αὐτῶν
1596 2824 1740 2857 διαπαντὸς
1752 2824 1879 2861 σύγκαμ-
