2041 3215
176 182 228 211 ’153

738 186 988 216 COMMENTARIA
1008 188 1041 216 ιη
1061 187 1240 216 PSALMOS.'

1251 143 1305 181 ω

1759 189 1805 213 ιω

174 243 235 278 dav,
247 251 258 268 ι
278 242 341 270 ἀντὶ
359 243 407 270 τοὺ
417 265 425 278 ,
447 253 457 270 ι
471 244 657 280 συγκάμψεις·
671 255 680 272 ι
702 246 760 278 καὶ,
773 256 783 272 ι
797 248 911 284 Ἐκχεον
927 250 966 276 ἐπ’

1024 258 1033 272 ε
1050 248 1272 283 comprehendet.
1286 256 1295 272 ι
1311 246 1454 280 Quomodo
1469 250 1559 274 autem
1576 245 1671 273 istbme
1684 248 1745 280 post
1758 243 1808 272 Ju-

175 288 273 320 αὐίιποὺς
283 288 332 325 τὴν
339 289 423 326 ὀργήν
440 298 486 317 σου
498 311 504 323 ,
519 301 527 316 ι
545 292 605 318 ἀντὶ
617 292 675 324 τοῦ,
688 302 697 318 ι
709 293 816 328 ἐκχεεῖς
824 303 831 309 ·
839 304 848 320 ›
860 294 917 327 καὶ,
930 304 939 321 ι
954 296 970 322 ὁ

176 334 260 370 θυμὸς
275 335 325 371 τῆς
345 336 430 371 ὀργῆς
454 345 501 363 σου
520 337 668 365 καταλάϐοι
685 340 791 371 αὐτοὺς,
805 350 813 365 ι
833 340 894 367 ἀντὶ
911 341 967 372 τοῦ,

178 390 187 406 ι
199 381 410 418 κιταλήψεται.»
430 383 524 415 Ὅπως
538 384 566 410 δὲ
586 385 632 410 καὶ
647 385 731 412 ταῦτα
750 387 818 421 μετὰ
834 387 882 422 τὴν
898 388 968 414 κατὰ

174 425 222 454 τοῦ
234 427 360 463 Σωτῆρος
374 428 452 463 ἡμῶν
466 429 568 464 τόλμαν
582 429 622 465 τῷ
643 430 776 456 Ἰουδαίων
790 432 963 466 συμϐέϐηκεν

175 471 263 503 ἔθνει,
284 473 315 499 οὺ
334 473 464 509 δυσχερὲς
483 475 660 509 καταμαθεῖν.
687 474 774 501 Πάλαι
792 476 839 510 μὲν
856 476 910 512 γὰρ
925 475 969 502 διὰ

175 519 224 550 τὰς
237 516 459 555 εἰδώλολατρείας
469 519 557 546 αὐτῶν
573 520 679 555 ἐχθροῖς
692 522 737 547 καὶ
750 521 889 556 πολεμίοις
901 522 968 557 πρός

174 564 264 600 ὀλίγον
276 566 371 600 καιρὸν
383 566 538 593 ἐδουλοῦντο
548 574 554 581 ·
570 565 618 593 εἴτ’
630 566 707 600 αὖθις
719 567 767 603 τὴν
781 568 883 594 οἰκείαν
894 568 969 594 ἐλευ-

176 610 269 646 θερίαν
285 610 436 646 ὲλάμϐανον
447 620 454 627 ·
470 612 613 647 αὐτόνομοί
628 621 657 639 τε
680 614 728 640 καὶ
751 614 968 640 αὐτοϐαπίλευτοι

175 657 318 689 διετέλουν,
330 657 438 693 τδῐερὺν
451 658 496 684 καὶ
508 658 556 694 τὴν
567 659 596 685 ἐν
609 659 684 695 αὐτῷ
698 660 767 686 κατὰ
778 660 822 686 τὸν
830 660 969 691 lilio-Iasio);

175 703 257 738 νόμον
276 703 403 740 λατρείαν
419 704 619 740 διατρέχοντες·
642 705 711 740 μετὰ
727 706 755 732 δὲ
772 706 821 741 τὴν
835 706 905 732 κατὰ
920 706 969 732 τοῦ

177 749 303 785 Σωτῆρος
316 750 395 784 ἡμῶν
407 750 565 786 ἐπιϐουλὴν,
579 751 688 779 πάντων
702 751 808 788 ἁθρόως
821 751 969 787 ὲττερήθη-

177 803 242 821 σαν·
265 796 422 831 πολιορκίαν
435 805 463 823 τε
480 797 527 823 καὶ
544 797 664 825 δουλείαν
684 798 733 833 τὴν
748 798 800 824 ὑπὸ
824 797 969 833 Ῥωμαίοις

178 841 385 877 ὑπομείναντες,
406 841 543 877 διέμειναν
560 842 631 870 οὕτω
651 844 790 875 ταπεινοὶ,
808 844 855 870 καὶ
873 843 967 878 μηκέτ’

176 887 323 914 ἀνανεῦσαι
338 887 510 923 δεδυνημένοι
521 897 527 904 ·
548 889 561 915 ὂ
574 889 605 924 δὴ
623 889 749 924 σημαίνει
761 891 777 924 ἡ
795 889 862 925 μετὰ
876 891 968 924 χεῖρας

1020 295 1141 322 decorum
1155 297 1252 321 contra
1267 292 1440 320 Servatorem
1454 296 1579 319 nostrum
1596 292 1687 319 audax
1700 290 1807 318 facinus

1019 340 1092 376 genti
1107 339 1291 375 contigerint,
1312 346 1366 365 non
1382 338 1492 365 diliicile
1508 339 1650 365 intellectu
1665 341 1718 365 est.
1734 336 1804 364 Nam

1020 387 1084 412 olim
1100 386 1221 421 quidem,
1237 385 1398 411 idololatria:
1413 392 1469 411 suae
1483 392 1576 412 causa.
1591 384 1765 410 inimicorum
1780 387 1808 409 et

1021 432 1141 459 hostium
1167 430 1295 458 servituti
1318 429 1352 457 ad
1376 429 1458 456 breve
1479 433 1588 463 tempus
1609 428 1807 459 tradebantur;

1020 478 1119 505 deinde
1141 477 1170 504 in
1191 476 1335 512 pristinam
1358 475 1512 502 libertatem
1534 474 1761 505 restituebantur,
1776 481 1808 500 ac

1020 525 1063 553 sui
1083 525 1155 559 juris
1180 524 1293 558 suisque
1314 522 1427 557 regibus
1449 521 1550 549 subditi
1572 520 1722 555 degebant,
1739 524 1809 548 tem-

1020 557 1111 606 plum,
1127 557 1287 604 cultumque
1308 569 1345 596 ibi
1362 577 1393 596 ex
1418 567 1517 603 Moysis
1542 567 1600 600 lege
1619 567 1808 601 praescriptum
1847 557 1851 561 ”

1021 615 1253 650 frequentabant;
1271 619 1332 649 post
1348 612 1462 640 insidias
1478 619 1542 639 vero
1563 615 1660 638 contra
1680 610 1806 638 Salvato-

1020 670 1076 690 rem
1092 666 1217 689 nostrum
1234 664 1374 691 structas,
1391 659 1521 686 otnnibus
1541 657 1686 685 confertim
1709 656 1807 692 privati

1020 712 1085 735 sunt
1099 718 1104 735 :
1119 713 1202 742 atque
1215 706 1359 734 obsidione
1373 709 1399 732 et
1414 704 1546 731 servitute
1558 703 1689 731 Romanis
1700 710 1811 738 oppres-

1020 755 1043 782 si
1054 775 1061 786 ,
1081 754 1121 780 sic
1137 753 1257 787 abjecti,
1274 759 1309 779 ne
1321 750 1431 785 quidem
1447 754 1531 784 caput
1544 750 1651 785 erigere
1665 749 1808 778 audentes.

1020 803 1221 828 remanserunt.
1245 797 1324 830 Quod
1346 798 1396 823 hac
1418 796 1559 832 prophetia
1581 795 1752 831 signiﬁcatur
1766 795 1808 822 his

1019 845 1130 873 verbis:
1146 854 1155 870 ι
1171 844 1204 871 Et
1219 844 1331 871 dorsum
1347 850 1442 870 eorum
1466 849 1573 876 semper
1595 842 1720 869 incurva.
1737 850 1746 866 ι
1761 841 1809 867 Δις

1019 892 1100 919 tende
1113 898 1178 918 vero
1193 890 1226 917 ad
1243 888 1310 916 illud
1321 909 1328 920 ,
1342 898 1351 913 ι
1364 895 1483 923 semper.
1499 897 1509 913 ›
1520 887 1578 914 Non
1592 887 1665 919 enim
1681 886 1714 914 ad
1729 887 1810 913 brerc

177 933 330 969 προφητεία
346 934 375 961 ὲν
388 934 426 969 τῷ
440 935 529 970 λέγειν
538 943 545 950 θ
566 944 574 960 ι
588 936 642 962 Καὶ
654 935 700 962 τὸν
711 936 796 963 νῶτον
811 936 900 963 αὐτῶν
914 936 966 963 δια-

1022 943 1129 972 tempus
1145 941 1174 964 ut
1188 936 1252 963 olim
1264 955 1271 967 ,
1287 934 1334 963 sed
1346 944 1357 960 ι
1370 942 1488 969 semper,
1503 943 1512 959 ι
1525 934 1572 961 ait.
1585 933 1638 960 Pro
1648 940 1702 968 quo
1712 932 1809 967 Aquila

176 979 275 1010 παντὸς
295 979 482 1016 σύγκαμψον.»
512 981 632 1017 Πρόσχες
646 981 700 1016 γὰρ
714 982 788 1013 ὅπως
801 981 907 1017 εἴρηται
926 982 966 1013 τὺ,

178 1033 187 1050 ι
200 1024 364 1058 διαπαντός·
380 1035 390 1051 ι
410 1026 439 1053 οὺ
461 1026 514 1062 γὰρ
531 1027 600 1063 πρὸς
616 1027 705 1061 ὀλίγον
721 1028 783 1054 τινὰ
802 1027 896 1063 χρόνον
916 1037 967 1055 κα-

176 1069 230 1102 θὼς
241 1070 336 1098 ἄλλοτε
347 1069 464 1106 ἐγένετο,
478 1072 555 1104 ἀλλὰ,
572 1083 580 1098 ι
591 1073 768 1105 διαπαντὸς,»
783 1074 874 1109 φησίν.
898 1074 967 1101 Ἀνθ“

175 1111 233 1142 οὗ”ὀ
248 1115 298 1151 μὲν
317 1116 432 1148 Ἀκύλας
451 1117 623 1153 ἡρμήνευσεο
645 1127 653 1142 ι
666 1118 721 1144 Καὶ
735 1118 797 1150 τοὺς
808 1117 908 1150 νώτους
920 1119 969 1145 αὑ-

174 1159 228 1187 τῶν
241 1160 386 1197 ἐνδελεχῶς
399 1162 534 1189 ἀτόνωσον
544 1171 550 1177 “
564 1172 572 1188 ι
587 1164 600 1190 ὁ
612 1163 639 1189 δὲ
653 1164 800 1199 Σύμμαχος
810 1173 816 1179 ·
833 1174 843 1189 ι
853 1164 907 1190 Καὶ
919 1165 968 1196 τὰς

175 1207 262 1242 ὀσφῦς
278 1208 371 1236 αὐτῶν.
387 1209 532 1242 διαπαντὸς
549 1210 729 1246 ὲξὰρθρωσον.
745 1221 753 1236 ι
776 1211 830 1237 Καὶ
846 1211 925 1238 τοῦτο
940 1212 969 1239 δὲ

146 1291 151 1299 λ
176 1254 267 1286 αὐτοῖς
287 1254 388 1290 συνέβη
402 1263 408 1271 ’
426 1256 486 1282 ἐπεὶ
500 1257 516 1291 ἡ
532 1254 600 1292 ὀργὴ
619 1256 666 1282 τοῦ
686 1257 758 1283 Θεοῦ⁶
768 1257 858 1283 οὐκέτι
877 1257 968 1293 μέτρῳ

145 1328 157 1345 Α.
177 1299 249 1327 κατὰ
261 1300 415 1338 ’ξδήπαλαιὺν
429 1302 559 1337 μετῆλθεν
574 1302 671 1334 αὐτούς
682 1312 688 1317 -
704 1304 720 1337 ὴ
740 1303 814 1330 πᾶσα
824 1303 851 1330 δὲ
864 1303 968 1339 ἀθρόως

129 1369 133 1372 .
177 1346 236 1373 κατ’
246 1346 337 1373 αὐτῶν
349 1346 473 1383 ἐξεχύθη.
486 1348 530 1374 Διὸ
540 1348 694 1382 ἐπιλέγεται
705 1358 711 1363 ·
723 1349 852 1384 «Ἔκχεον
864 1349 906 1375 ἐπ’
918 1350 967 1375 αὺ-

174 1393 241 1424 τοὺς,
251 1392 397 1429 τὴν.ὸργήν
410 1403 471 1425 σου,
484 1395 530 1421 καὶ
542 1395 556 1421 ὀ
569 1395 652 1430 θυμὸς
665 1395 714 1429 τῆς
725 1395 811 1430 ὀργῆς
825 1404 871 1422 σου
885 1404 968 1422 κατα-

175 1437 255 1466 λάσοι-
267 1440 375 1472 αὐτούς.
390 1450 398 1465 ι
417 1440 503 1467 Τοῦτο
515 1441 542 1467 δὲ
557 1441 603 1467 καὶ
621 1442 648 1467 ὲν
663 1442 746 1477 ἑτέρῳ
760 1442 886 1476 δηλοῦται
900 1442 968 1476 ψαλ-

177 1482 220 1520 μῷ
235 1484 274 1519 τῷ
288 1486 402 1521 φήσαντι
413 1495 419 1500 ·
439 1496 448 1510 ι
467 1486 556 1517 Ἰνατί,
569 1487 581 1511 ὁ
592 1486 667 1518 Θεὸς,
680 1486 782 1513 ἀπώσω
803 1488 842 1518 εὶς
854 1487 928 1518 τέλος
941 1496 964 1517 ς»

175 1530 229 1556 Καὶ
242 1531 256 1556 ὁ
276 1530 346 1563 θεῖος
357 1532 384 1558 δὲ
393 1532 554 1564 ’Δπὸστολος
567 1532 672 1565 τούτοις
688 1533 842 1568 συμφώνως
858 1533 965 1568 ἔλεγεν·

178 1586 187 1602 ι
200 1577 323 1612 Ἔφθασε
338 1578 366 1604 δὲ
385 1579 428 1604 ἐπ’
445 1579 542 1610 αὐτοὺς
559 1580 574 1614 ἠ
595 1579 662 1618 ὀργὴ
679 1581 717 1611 εἰς
732 1580 832 1612 τέλος.»
854 1580 965 1616 Πρῶτον

1022 983 1217 1018 interpretatus
1237 985 1298 1009 est:
1315 991 1323 1006 ι
1341 980 1373 1007 Et
1397 980 1479 1007 dorsa
1503 987 1598 1007 eorum
1623 979 1810 1007 indesinenter

1019 1036 1118 1056 etierva
1133 1038 1140 1061 ;
1158 1038 1168 1054 ι
1185 1027 1368 1063 Symmachus
1395 1034 1478 1058 vero.
1496 1036 1505 1051 ι
1523 1025 1556 1052 Et
1582 1025 1690 1053 lumbos
1713 1032 1808 1052 eorum

1020 1083 1128 1109 semper
1153 1074 1277 1102 debilita.
1297 1073 1398 1106 »ρυοά
1426 1073 1508 1099 etiam
1537 1072 1640 1099 accidit
1665 1071 1737 1104 illis;
1768 1072 1809 1099 ira

1019 1121 1119 1155 quippe
1136 1120 1182 1147 Dei
1199 1127 1254 1146 non
1270 1127 1332 1146 cum
1347 1126 1477 1147 mensura
1493 1118 1630 1153 quadam,
1646 1121 1676 1144 ut
1690 1117 1810 1151 antiqui-

1021 1171 1075 1197 tus,
1091 1166 1243 1192 invasiteos
1254 1173 1260 1197 ;
1271 1164 1319 1192 sed
1333 1168 1389 1191 tota
1402 1163 1547 1191 confertim
1556 1162 1640 1191 effusa
1647 1167 1699 1190 est.
1711 1162 1810 1196 Quam-

1019 1212 1112 1239 obrem
1136 1211 1265 1239 additur:
1281 1221 1289 1237 ι
1306 1210 1419 1238 Eﬂ‘unde
1442 1217 1525 1245 super
1546 1217 1594 1236 eos
1615 1209 1683 1235 iram
1711 1212 1785 1235 tuam
1799 1227 1807 1238 ,

1018 1262 1046 1286 et
1066 1259 1142 1285 furor
1163 1258 1210 1285 ira:
1231 1261 1284 1285 tua:
1303 1256 1518 1292 comprehendat
1533 1263 1591 1283 eos.
1608 1265 1617 1280 ι
1632 1254 1688 1282 Hoc
1703 1255 1731 1282 in
1755 1255 1809 1281 alio

1019 1306 1083 1332 item
1111 1304 1217 1339 psalmo
1243 1303 1403 1331 enuntiatur
1433 1302 1477 1329 his
1504 1301 1619 1329 verbis:
1648 1310 1658 1326 ι
1686 1300 1806 1334 thuid.

1019 1350 1109 1382 Deus,
1127 1350 1249 1385 repnlisti
1266 1350 1292 1376 in
1309 1349 1390 1376 ﬁnem
1403 1349 1425 1365 ³⁸
1437 1350 1448 1374 ‘l
1468 1357 1478 1374 ›
1493 1347 1540 1375 llis
1554 1348 1638 1375 etiam
1652 1346 1743 1373 atlinia
1760 1347 1809 1373 hal

1019 1397 1064 1424 bet
1076 1396 1186 1424 divinus
1202 1396 1350 1430 Apostolus
1364 1405 1370 1423 :
1386 1405 1395 1421 ‹
1411 1395 1536 1422 Pervenit
1554 1394 1582 1421 in
1596 1401 1643 1421 eos
1658 1393 1697 1420 ira
1724 1393 1751 1420 in
1777 1392 1809 1419 ti-

1019 1450 1081 1469 nem
1096 1442 1128 1469 ".
1145 1452 1154 1468 ι
1170 1441 1262 1468 Primo
1277 1441 1368 1476 itaque
1384 1448 1478 1468 mensa
1503 1448 1599 1467 eorum
1620 1440 1672 1466 fuit
1693 1439 1760 1473 ipsis
1779 1438 1808 1465 in

1020 1489 1147 1522 laqueum
1162 1507 1169 1518 ,
1186 1487 1286 1514 deinde
1302 1488 1374 1514 oculi
1390 1494 1485 1514 eorum
1501 1486 1643 1514 obscurati
1657 1490 1723 1513 sunt
1737 1494 1745 1518 ',
1761 1493 1810 1519 pa-

1020 1538 1078 1561 stca
1094 1534 1206 1561 dorsum
1224 1541 1318 1561 eorum
1335 1541 1444 1568 semper
1458 1533 1631 1559 incurvatum
1648 1535 1707 1562 est,
1723 1531 1808 1558 etl'usa

1019 1579 1124 1606 scilicet
1139 1579 1165 1605 in
1182 1579 1244 1605 illos
1260 1578 1299 1604 ira
1315 1578 1372 1605 Dei.
1391 1578 1449 1605 Sub
1463 1578 1520 1604 haec
1537 1582 1629 1604 autem
1645 1576 1721 1603 aliud
1739 1576 1809 1610 ipsis

175 1619 221 1649 οὖν
230 1624 247 1657 ἡ
260 1623 384 1659 τράπεζα
398 1624 486 1651 αὐτῶν
502 1625 608 1659 ἐγένετο
622 1626 713 1657 αὐτοῖς
725 1628 763 1657 εὶς
778 1626 875 1660 παγίδα
885 1634 892 1642 ·
907 1624 966 1653 εἶτα

1018 1631 1180 1653 eventurum
1197 1626 1363 1652 vaticinatur
1376 1624 1471 1652 dicens
1484 1634 1490 1651 :

169 1669 200 1695 οἱ
215 1668 350 1704 δφθαλμοὶ
366 1670 455 1697 αὐτῶν
469 1671 637 1703 ὲσκοτίζοντο
647 1679 653 1685 ·
670 1669 728 1697 εἶτα
745 1672 758 1697 ὁ
773 1671 856 1703 νῶτος
873 1671 961 1698 αὐτῶν
980 1671 1125 1702 διαπαντὸς
1136 1671 1302 1706 ἐκάμπτετο,
1321 1670 1369 1705 τῆς
1384 1669 1430 1695 τοῦ
1446 1668 1513 1695 Θεοῦ
1527 1669 1613 1704 ὀργῆς
1638 1669 1680 1695 ἐπ’
1711 1668 1809 1700 αὐτοὺς

175 1714 350 1751 ἐκχεομένης.
368 1716 445 1743 Μετὰ
456 1717 484 1743 δὲ
494 1716 579 1744 ταῦτα
590 1716 653 1744 ἄλλο
663 1726 689 1743 τι
699 1718 860 1752 γενήσεσθαι
875 1718 966 1750 αὐτοῖς
985 1717 1164 1753 προαγορεύει
1178 1717 1300 1752 φάσκων·

213 1774 377 1811 «Γενηθήτω
395 1776 411 1811 ἠ
432 1775 545 1808 ἔπαυλις
567 1777 655 1804 αὐτῶν
675 1779 885 1814 ἠρημωμένην-³
905 1780 965 1806 ἀντὶ

175 1820 233 1853 τοῦ,
247 1821 454 1856 γενηθήσεται·
466 1832 475 1848 ι
488 1824 534 1850 καὶ
542 1824 570 1850 ἐν
580 1826 635 1856 τοῖς
643 1825 817 1860 σκηνώμασιν
824 1826 913 1852 αὐτῶν
928 1826 965 1862 μὴ

175 1867 246 1894 ἔστω
260 1869 274 1895 ὁ
293 1868 440 1895 κατοικῶν
457 1879 466 1895 ›
484 1870 543 1896 ἀντὶ
556 1870 612 1902 τοῦ,
627 1871 670 1905 μὴ
689 1872 803 1900 ἔσεται.
822 1873 896 1899 Ἔδει
910 1873 965 1909 γὰρ

178 1914 246 1950 μηδὲ
276 1914 356 1940 τοῦτο
375 1915 520 1950 παρελθεῖν
536 1916 585 1952 τὴν
603 1918 774 1953 προφητικὴν
791 1918 889 1952 γνῶσιν
901 1926 908 1933 ·
929 1919 966 1951 ὡς

176 1959 230 1995 ἄρα
246 1959 293 1986 καὶ
308 1959 324 1994 ὴ
341 1959 454 1991 ἔπαυλις
468 1960 557 1987 αὐτῶν
578 1961 653 1988 ἔσται
671 1962 788 1998 ἕρημοςι
805 1963 821 1997 ἢ
837 1963 907 1989 κατὰ
921 1964 966 1989 τὸν

175 2005 335 2041 Σύμμαχον,
351 2015 361 2031 ι
373 2006 499 2042 ἀοίκητος
510 2015 516 2022 ·
543 2017 551 2032 ι
564 2007 580 2043 ἢ
594 2008 664 2035 κατὰ
673 2010 718 2035 τὸν
738 2009 862 2041 Ἀκύλαν,
877 2019 886 2035 ι
896 2011 967 2044 ἠφα-

175 2051 298 2087 νισμένη.
307 2061 316 2077 ι
329 2052 460 2078 Ἐπαυλιν
475 2053 502 2079 δὲ
517 2054 605 2080 αὐτῶν
616 2054 664 2090 τὴν
681 2055 857 2091 Ἰερουσαλὴμ
869 2055 968 2090 ὀνομά-

176 2096 217 2130 ζει
228 2117 236 2130 ,
253 2097 344 2124 οὐκέτι
361 2097 428 2124 Θεοῦ
445 2098 522 2124 πόλιν
535 2097 634 2131 οὖσαν,
659 2100 716 2126 ἀλλ’
733 2101 822 2127 αὐτῶν
842 2101 964 2129 ἔπαυλιν.

177 2141 222 2169 Διὸ
236 2142 284 2168 καὶ
298 2141 400 2177 ἔρημον
416 2143 499 2178 αὐτὴν
514 2143 624 2170 ἔσεσθαί
642 2153 722 2180 φησιν
732 2153 740 2161 ·
757 2145 770 2171 ὃ
786 2145 817 2181 δὴ
831 2147 877 2172 καὶ
888 2146 967 2181 ,ἔργῳ

175 2187 324 2215 δείκνυται.
342 2186 400 2214 Εἶτ’
416 2182 538 2222 ἐπιλέγει
549 2198 555 2205 ’
584 2199 592 2215 ι
603 2190 658 2217 Καὶ
673 2191 702 2217 ἐν
719 2192 774 2223 τοῖς
791 2192 966 2227 σκηνώ-μασιν

176 2235 265 2262 αὐτῶν
290 2234 327 2270 μὴ
340 2234 410 2261 ἔστω
424 2236 438 2261 δ
455 2235 589 2262 κατοικῶν
601 2256 609 2267 ,
623 2246 631 2262 ι
651 2236 681 2269 ἐξ
696 2236 784 2263 αὐτῶν
798 2238 897 2273 δηλαδὴ
913 2238 966 2264 τῶν

178 2280 261 2307 πάλαι
269 2280 420 2315 οἰκητόρων
430 2288 436 2295 ·
448 2280 462 2306 ὃ
472 2281 518 2306 καὶ
532 2281 597 2308 αὐτὸ
610 2282 758 2317 ὀφθαλμοῖς
770 2283 786 2317 ἡ
798 2283 911 2318 ἀλήθεια
919 2285 965 2312 τοῦ

177 2326 255 2361 λόγου
264 2326 436 2362 παρίστησιν.
446 2327 477 2353 Εί
486 2327 550 2361 γοῦν
560 2336 602 2359 τις
610 2327 731 2361 ἀφίκοιτο
740 2329 778 2360 εἰς
788 2329 849 2360 τοὺς
858 2330 966 2363 τόπους,

177 2371 226 2399 Bo;
239 2371 272 2399 ἃν
285 2371 333 2407 τὴν
350 2373 468 2408 ἐσχάτην
483 2373 599 2408 ἐρημίαν
615 2373 661 2400 τοῦ
673 2374 754 2400 τόπου
765 2383 771 2389 ·
793 2375 926 2403 Ἰουδαίων
938 2377 966 2403 δὲ

1051 1776 1135 1804 Vsus.
1148 1776 1243 1804 26-29.
1263 1786 1272 1802 ι
1290 1775 1349 1803 Fiat
1365 1775 1497 1803 habitatio
1510 1781 1606 1802 eorum
1620 1773 1744 1805 deserta;
1761 1782 1769 1798 ι
1782 1772 1808 1800 id

1016 1827 1057 1850 est
1068 1843 1075 1854 ,
1086 1823 1131 1857 ﬁet
1146 1831 1155 1849 :
1172 1833 1180 1847 ι
1197 1829 1221 1850 et
1236 1822 1263 1849 in
1277 1822 1462 1849 tabernaculis
1476 1829 1571 1848 eorum
1585 1828 1638 1847 non
1654 1820 1689 1847 sit
1705 1819 1751 1854 qui
1767 1819 1809 1845 in-

1017 1869 1136 1900 habitet,
1160 1878 1169 1894 ι
1186 1869 1306 1900 scilicet,
1325 1877 1376 1895 non
1400 1868 1460 1895 erit.
1480 1868 1514 1894 At
1532 1867 1604 1893 enim
1620 1865 1806 1900 propheticam

1017 1916 1140 1941 notitiam
1162 1914 1189 1941 id
1211 1915 1350 1949 praeterire
1372 1922 1425 1941 non
1447 1913 1586 1949 oportuit,
1610 1912 1683 1946 quod
1709 1919 1808 1946 nempe

1017 1961 1150 1988 habitatio
1163 1969 1257 1988 eorum
1271 1960 1380 1988 deserta
1396 1960 1485 1987 futura
1499 1961 1550 1993 sit;
1566 1959 1623 1985 sive
1634 1978 1641 1990 ,
1656 1957 1806 1984 secundum

1018 2007 1212 2043 Symmachum
1222 2027 1229 2039 ,
1242 2007 1446 2034 «inhabitabilis
1457 2006 1545 2039 pvel,
1558 2004 1708 2032 secundum
1720 2003 1798 2038 Aqui-

1017 2055 1071 2081 lam
1081 2075 1088 2087 ,
1100 2063 1109 2079 ι
1122 2054 1221 2081 deleta.
1235 2064 1243 2079 ι
1257 2053 1458 2080 Habitationem
1479 2060 1575 2079 eorum
1597 2055 1675 2079 vocat
1696 2050 1806 2077 Jeroso—

1017 2101 1117 2136 lymam
1128 2121 1135 2132 ,
1150 2108 1211 2134 quae
1226 2108 1281 2127 non
1298 2099 1371 2126 ultra
1386 2099 1486 2126 civitas
1503 2098 1550 2126 Dei
1565 2102 1624 2129 est,
1642 2097 1689 2125 sed
1711 2104 1805 2125 eorum

1018 2147 1161 2174 habitatio.
1185 2146 1275 2179 Quare
1299 2145 1436 2173 desertam
1460 2145 1518 2172 fore
1543 2144 1631 2177 dicit;
1653 2144 1724 2179 quod
1747 2143 1807 2179 ipso

1019 2201 1100 2228 opere
1116 2193 1324 2227 comprobatur.
1342 2191 1440 2219 Subdit
1456 2195 1551 2226 postea
1566 2200 1572 2218 :
1589 2200 1598 2216 ι
1614 2190 1647 2216 Et
1666 2191 1692 2216 in
1715 2190 1807 2217 taber-

1018 2239 1125 2266 naculis
1148 2240 1242 2265 eorum
1268 2246 1322 2265 non
1346 2238 1444 2272 sitqui
1467 2237 1618 2268 inhabitet,
1636 2247 1644 2262 ι
1658 2244 1689 2263 ex
1708 2236 1807 2271 priscis

1018 2285 1125 2312 scilicet
1142 2284 1241 2312 incolis
1255 2293 1262 2317 ;
1281 2284 1354 2318 quod
1370 2284 1459 2319 ipsum
1475 2284 1556 2310 etiam
1572 2282 1660 2310 oculis
1675 2283 1713 2308 rei
1737 2281 1808 2308 veri<

1017 2336 1059 2358 tas
1073 2331 1161 2358 oil'ert.
1179 2330 1206 2358 Si
1223 2332 1286 2365 quis
1307 2331 1380 2358 enim
1403 2330 1461 2356 loca
1481 2330 1578 2359 adeat,
1597 2333 1747 2355 extremam
1768 2327 1805 2354 ibi

1018 2377 1191 2405 solitudinem
1206 2376 1357 2411 conspiciet
1371 2384 1378 2407 ;
1391 2374 1547 2402 Judaaorum
1561 2374 1637 2401 nullo
1649 2373 1765 2400 audente
1778 2373 1806 2399 in

177 2416 272 2443 οὐδένα
290 2417 430 2452 τολμῶντα
448 2418 597 2445 ἐπιϐαίνειν
609 2420 642 2455 τῇ
660 2419 746 2452 πόλει,
762 2420 866 2455 μήτιγε
883 2422 966 2448 οἰκεῖν

1020 2423 1114 2450 urbem
1130 2424 1262 2450 accedere
1273 2442 1279 2452 .
1294 2422 1394 2449 nodum
1407 2421 1489 2448 isthic
1502 2421 1624 2447 habitare
1637 2429 1644 2450 ;
1658 2420 1712 2446 imo
1723 2419 1805 2446 etiam

176 2461 284 2489 αὐτόθι·
304 2462 360 2488 ἀλλ’
375 2462 435 2489 οὐδὲ
449 2463 555 2499 οἴκησις
575 2464 704 2501 Ἰουδαῑκὴ
720 2466 919 2501 περιλέλειπται
934 2468 963 2493 ἐν

176 2508 215 2544 τῷ
228 2508 304 2544 τόπῳ
317 2529 324 2541 ,
349 2508 386 2539 ὦς
401 2517 461 2535 τινα
474 2509 528 2535 τῶν
546 2510 679 2545 Ἐλλήνων
695 2513 778 2538 οἰκεῖν
793 2513 820 2538 ἐν
835 2513 903 2548 αὐτῇ
917 2513 962 2540 δύ-

175 2555 283 2582 νασθαι.
300 2554 347 2581 Διὸ
359 2554 498 2581 λέλεκται·
519 2565 527 2580 ι
542 2557 595 2584 Kal
609 2558 637 2583 ἐν
651 2559 706 2589 τοῖς
723 2558 898 2594 σκηνώμασι-ι
915 2561 963 2585 αὑ-

174 2600 228 2626 τῶν
243 2600 281 2636 μὴ
290 2600 360 2627 ἔστω
371 2602 384 2627 ὁ
395 2601 538 2628 κατοικῶν·
552 2612 560 2627 ι
572 2603 587 2637 ἦ
603 2603 671 2629 κατὰ
683 2603 727 2630 τὸν
740 2604 908 2639 Σύμμαχον-ι
922 2606 966 2631 Ίέν

175 2647 234 2678 ταῖς
246 2648 359 2681 σκηναῖς
367 2647 455 2673 αὐτῶν
468 2647 504 2682 μὴ
514 2647 583 2674 ἔστω
594 2650 608 2675 ὀ
619 2649 760 2677 κατοικῶν,
773 2660 782 2675 ι
799 2651 898 2686 Ἂρδην
909 2651 963 2686 γὰρ

176 2692 208 2718 ἐκ
229 2691 338 2728 βάθρων
360 2693 445 2719 πᾶσαι
467 2692 556 2718 αὐτῶν
576 2695 604 2720 αἱ
621 2696 718 2730 σκηναὶ
735 2696 781 2722 καὶ
800 2697 827 2722 αἱ
843 2696 963 2731 οἰκήσεις

176 2739 396 2774 κατεσκάφησαν.
427 2740 496 2775 Ὅρα
512 2741 600 2767 τοίνυν
613 2741 718 2767 ὁπόσων
733 2742 935 2777 ἐμνημόνευσεν
950 2744 963 2768 ὁ

177 2784 265 2819 λόγος,
278 2785 397 2821 ἐρημίας
407 2785 453 2812 τοῦ
467 2786 544 2820 ἁγίου
556 2787 638 2813 τόπου
649 2806 656 2818 ,
669 2788 821 2823 ἀφανισμοῦ
834 2788 886 2815 τῶν
898 2797 963 2823 σκη-

177 2831 309 2867 νωμάτων
323 2831 423 2864 αὐτῶν,
439 2831 484 2859 τοῦ
499 2832 592 2864 ἔθνους
605 2832 751 2865 παντελοῦς
762 2833 960 2866 ταπεινώσεως,

211 2909 233 2926 ³⁸
254 2908 326 2938 Psal.
348 2917 445 2943 Lxxtu,
468 2910 492 2939 l.
531 2910 552 2927 "
573 2910 581 2937 Ι
602 2910 698 2939 Thess.
722 2919 752 2944 ιι,
775 2911 817 2938 l6.

1019 2470 1121 2496 nullum
1140 2469 1347 2495 ibitJudteorum
1362 2468 1547 2495 habitaculum
1563 2467 1687 2494 relictum
1702 2471 1743 2494 est
1760 2467 1805 2493 ubi

1017 2514 1174 2542 Grarcormn
1199 2515 1336 2549 quispiam
1362 2514 1488 2540 habitare
1511 2513 1609 2548 possit.
1633 2512 1807 2548 Quapropter

1018 2561 1119 2587 dictum
1136 2565 1178 2587 est
1191 2570 1196 2588 :
1209 2571 1217 2586 ι
1234 2561 1265 2586 lit
1280 2561 1308 2587 in
1324 2560 1511 2587 tabernaculis
1525 2567 1622 2585 eorutn
1637 2566 1691 2585 non
1708 2558 1744 2586 sit
1757 2559 1804 2593 qui

1020 2607 1169 2639 inhabitet;
1183 2616 1192 2632 ι
1205 2607 1258 2638 vel,
1269 2605 1418 2633 secundum
1436 2605 1641 2640 Symmachum,
1652 2613 1661 2629 ‹
1671 2604 1699 2631 in
1715 2604 1805 2631 taber-

1016 2652 1122 2679 naculis
1134 2658 1228 2678 eorum
1242 2659 1295 2677 non
1306 2651 1342 2678 sit
1354 2650 1401 2685 qui
1413 2648 1720 2677 inhabitetaﬂadicitus
1730 2648 1802 2676 enim

1016 2702 1043 2725 et
1056 2706 1071 2723 a
1087 2697 1368 2724 fundamentisomnia
1382 2697 1559 2723 tabernacula
1575 2695 1746 2723 etdomicilia
1760 2704 1805 2723 co-

1015 2752 1076 2771 rum
1089 2744 1180 2771 excisa
1193 2748 1266 2771 sunt.
1282 2743 1475 2770 Animadverte
1488 2743 1571 2778 igitur
1585 2745 1650 2777 quot
1662 2746 1688 2768 et
1701 2747 1803 2776 quanta

1016 2789 1060 2815 hic
1075 2793 1272 2820 memorentur,
1288 2789 1376 2815 sancti
1399 2789 1451 2816 loci
1472 2787 1610 2819 solitudo,
1632 2787 1740 2815 evulsio
1763 2790 1802 2813 ta-

1017 2835 1226 2863 bernaculorum
1249 2835 1386 2870 ipsorum,
1410 2840 1530 2863 extrema
1554 2835 1641 2870 gentis
1665 2833 1783 2868 abjectio
1799 2853 1807 2866 ,
