2041 3215
263 200 318 231 ιε)

604 197 738 228 EL'SERII
756 196 998 226 CJESARIENSIS
1017 194 1094 225 OPP.
1109 193 1201 223 PARS
1218 192 1307 222 ιιι.-
1321 187 1528 219 EXEGETICA.

1840 187 1892 217 τω

258 267 343 299 supra
359 260 466 289 dicebat
480 270 486 288 :
504 269 513 287 ι
527 260 561 288 Et
575 267 658 296 super
670 259 794 288 dolorem
809 259 955 287 vulnerum
970 264 1044 286 meo-

1097 255 1207 291 γέγονε·
1225 253 1266 280 διὸ
1276 252 1370 287 ἔλεγεν
1382 250 1513 287 ἀνωτέρω
1523 258 1529 265 ·
1550 258 1560 275 ι
1571 247 1630 299 ΚαίΣ
1642 248 1688 275 ἐπὶ
1702 247 1734 299 to
1836 246 1892 299 τίῖιν

245 316 319 338 ‘rum
332 309 507 337 addiderunt.
523 318 533 335 ι
546 308 661 336 Dolebat
673 308 746 335 enim
762 315 813 343 pro
828 307 864 336 iis
878 307 924 342 qui
939 307 966 334 in
983 315 1045 342 per-

256 354 364 382 niciem-
382 354 475 385 ibant,
497 358 524 381 et
546 353 700 389 patiebatur
720 361 814 380 eorum
836 360 920 380 causa
941 354 986 387 qui
1012 352 1045 378 ad

256 399 371 427 salutem
393 399 442 426 abs
465 407 495 427 se
516 402 689 433 procuratam
713 405 767 425 non
791 398 962 425 accederent.
984 397 1046 424 Ideo

257 454 306 474 seu
330 446 428 474 dolens
455 446 610 472 clamabat:
627 455 635 470 I
651 444 673 472 0
688 445 828 479 generatio
855 444 994 471 incredula
1019 449 1046 471 et

255 500 400 528 perversa,
422 499 566 526 quousque
588 492 730 519 vobiscum
748 492 818 519 ero?
839 499 983 526 quousque
996 499 1045 519 vos

254 540 345 574 patiar
359 539 404 565 ιιι
417 548 426 565 ι
441 537 504 565 Ideo
518 538 600 565 dicit:
615 547 623 563 ι
636 537 691 573 Ego
707 545 767 565 sum
781 545 883 571 pauper
896 542 923 564 ct
937 537 1043 569 dolens,

255 585 331 613 salus
345 588 392 612 tua
402 604 410 617 ,
426 584 514 616 Deus,
532 584 654 618 suscepit
670 591 723 610 me.
740 592 749 609 ι
764 582 812 610 llis
829 590 913 618 porro
928 584 1043 615 salutem

254 630 413 658 subindicat
424 638 478 665 qua
490 635 552 665 post
563 634 675 656 mortem
688 629 833 657 donandus
843 633 893 657 est.
902 629 970 656 Nam
981 637 1043 656 cum

255 676 360 711 pridem
385 676 486 703 inﬁxus
508 677 535 703 in
556 676 621 702 limo
648 675 795 710 profundi,
815 676 921 702 venerit
938 676 965 702 in
982 675 1045 702 alti-

254 723 379 751 tudinem
397 724 499 755 maris,
518 727 547 750 ut
564 723 590 749 in
606 722 748 757 prophetia
764 722 872 749 dicebat
884 741 892 754 ,
906 722 962 756 jam
980 729 1044 749 vero

255 769 341 800 dicit,
365 779 374 795 ι
390 769 470 797 Salus
497 775 561 800 tua,
578 769 648 797 Deus
661 789 668 801 ,
699 769 820 804 suscepit
847 777 909 796 me:
927 778 937 794 ι
951 773 1043 804 aperte

254 816 376 844 declarat
401 823 450 848 se,
476 820 618 851 postquam
644 815 671 842 in
696 815 869 842 altitudinem
892 815 977 843 maris
997 823 1043 843 re-

252 866 348 894 nerat,
362 866 505 897 postquam
518 865 666 889 memorata
680 861 807 895 superius
821 869 921 896 passus
936 861 1042 894 fuerat,

251 907 438 942 patrocinium
461 912 639 935 consecutum
663 914 734 935 esse.
759 907 849 940 Quare
867 908 894 934 in
912 907 1044 935 vicesimo

1098 300 1263 338 τραυμάτων
1280 307 1331 335 μου
1349 296 1533 334 προσέθηκαν.
1554 305 1564 322 ι
1583 294 1679 329 Ἦλτει
1702 293 1757 329 γὰρ
1775 293 1822 320 ἐπὶ
1835 294 1891 325 τοῖς

1098 347 1303 382 ἀπολλυμένοις,
1318 345 1365 371 καὶ
1376 343 1552 379 ὑπερέπασχε
1563 341 1617 368 τῶν
1630 341 1667 376 μὴ
1680 340 1846 376 προσιόντων

1097 395 1130 421 δι’
1150 392 1234 421 αὑτοῦ
1255 389 1457 428 προξενουμένῃ
1474 388 1605 423 σωτηρίᾳ.
1631 387 1677 414 Διὸ
1689 386 1783 421 ὥσπερ
1799 385 1891 420 ἀλγῶν

1097 441 1162 467 ἐϐόα
1171 449 1177 454 ·
1196 449 1205 465 ‹
1219 437 1253 465 Ὠ
1269 437 1351 473 γενεά
1365 437 1462 463 ἄπιστε
1479 435 1526 462 καὶ
1538 433 1752 470 διεστραμμένη.
1763 433 1816 465 ἕως
1825 433 1892 460 πότε

1099 487 1157 523 μεθ’
1185 485 1261 521 ὑμῶν
1284 484 1359 519 είμι;
1383 483 1434 513 ἓως
1458 481 1522 507 πότε
1553 480 1684 515 ἀνέχομαι
1704 478 1798 514 ὑμῶν;
1817 488 1827 505 ›
1845 478 1893 505 Διό

1097 543 1163 569 φησι
1175 541 1182 548 ·
1204 542 1213 558 ι
1226 530 1336 567 Πτωχὸς
1352 530 1399 556 καὶ
1410 528 1502 562 ἀλγῶν
1517 526 1572 562 ἐγώ
1585 527 1656 561 είμι·
1671 526 1687 561 ἡ
1699 526 1820 561 σωτηρία
1831 533 1890 557 σου,

1095 580 1110 605 ὁ
1133 579 1216 611 Θεὸς,
1233 573 1395 604 ἀντελάϐετό
1412 583 1472 610 μου.
1487 583 1497 600 ι
1509 573 1660 600 Αίνίττεται
1680 571 1709 598 δὲ
1728 571 1773 598 διὰ
1787 571 1893 598 τούτων

1095 627 1145 662 τὴν
1166 625 1235 662 μετὰ
1251 624 1296 652 τὸν
1311 624 1425 651 θάνατον
1442 621 1523 650 αὑτοῦ
1540 618 1688 655 σωτηρίαν.
1715 619 1748 645 Εἰ
1762 618 1817 653 γὰρ
1833 618 1892 644 ἑνε-

1096 673 1170 707 πάγη
1185 673 1224 703 είς
1242 671 1308 707 ὓλην
1322 670 1403 705 βυθοῦ
1416 690 1423 700 ,
1443 669 1490 696 καὶ
1503 666 1585 703 ἦλθεν
1597 668 1637 699 εἰς
1651 666 1686 693 τὰ
1701 665 1770 700 βάθη
1781 663 1832 700 τῆς
1842 663 1890 691 θα-

1095 719 1197 754 λάσσης
1207 738 1213 750 ,
1230 718 1268 749 ὡς
1282 717 1326 743 διὰ
1342 716 1397 743 τῶν
1411 714 1460 751 τῆς
1478 713 1646 750 προφητείας
1660 710 1754 748 ἐδήλου
1764 730 1772 743 ,
1790 710 1849 738 νυνὶ
1862 710 1895 737 δέ

1096 774 1191 801 φησιν·
1210 774 1219 790 ι
1231 765 1263 791 Ἦ
1277 763 1397 799 σωτηρία
1414 771 1472 792 σου,
1485 763 1499 788 ὀ
1512 760 1578 793 Θεὸς
1588 780 1596 791 ,
1619 757 1783 786 ἀντελάϐετό
1797 765 1869 794 per
1878 767 1888 783 ι

1096 811 1190 846 σαφῶς
1215 810 1378 845 παρίστησιν
1403 806 1573 842 ἀντιλήψεως
1598 804 1792 840 τετυχηκέναι,
1822 802 1894 839 μετὰ

1094 857 1124 883 τὸ
1147 855 1305 892 ἐληλυθέναι
1323 855 1364 886 είς
1382 853 1418 880 τὰ
1438 853 1505 888 βάθη
1525 852 1576 887 τῆς
1595 850 1750 886 θαλάσσης,
1772 848 1843 885 μετὰ
1860 848 1894 875 τὸ

1095 902 1257 930 πεπονθέναι
1271 901 1305 928 τὰ
1318 900 1510 936 προλεχθέντα.
1525 898 1570 926 Διδ
1580 897 1627 925 καὶ
1641 899 1669 925 ὲν
1681 901 1723 924 κα¹
1733 895 1835 934 ψαλμῷ
1845 894 1895 922 τὸν

254 941 343 986 primo
364 951 468 986 psalmo
493 952 623 986 hymnum
639 961 648 977 ι
661 959 710 987 pro
735 953 912 987 susceptione
935 953 1043 979 matuti-

1097 958 1106 974 ι
1119 948 1190 983 ὐπὲρ
1207 948 1259 982 τῆς
1270 946 1441 981 ἀντιλήψεως
1457 945 1506 980 τῆς
1520 944 1634 980 ἑωθινῆς
1645 953 1656 969 ι
1669 943 1827 978 ἀνέπεμπεν
1840 941 1896 987 ὗμ-

253 1006 288 1024 na
300 998 338 1023 ⁵⁸»
349 998 459 1025 emittit.
474 998 576 1026 Deinde
587 1006 664 1027 vero.
677 1002 707 1025 ut
718 998 898 1033 patrocinium
910 1006 1039 1026 consecu-

253 1048 308 1075 tus,
322 1043 356 1070 ad
369 1044 533 1077 jucundiora
550 1052 705 1071 sermonem
721 1045 858 1071 convertit
872 1044 982 1080 hymnis
992 1044 1044 1071 Pa-

253 1094 321 1117 trem
335 1090 490 1121 celebrans,
505 1098 567 1118 cum
581 1090 619 1116 ait
629 1098 654 1122 ,ι
668 1089 796 1116 Laudabo
810 1097 907 1117 nomen
922 1089 968 1117 Dei
981 1097 1044 1116 cum

252 1135 370 1163 ramico.
388 1146 396 1161 ι
412 1135 479 1162 Cum
497 1135 613 1162 meloJia
630 1140 720 1163 autem
737 1139 764 1162 et
777 1135 888 1162 cantico
902 1143 1045 1163 sermones

252 1181 386 1217 proferre,
406 1181 433 1207 id
467 1181 575 1216 signum
599 1182 691 1216 gaudii
718 1185 745 1208 et
775 1181 879 1208 laetitia:
905 1185 972 1209 erat.
992 1181 1044 1209 Sed

251 1228 335 1255 etiam
350 1236 359 1252 ι
374 1227 553 1262 magnilicabo
568 1234 641 1260 eum,
663 1236 672 1252 ι
696 1227 793 1262 inquit.
813 1227 920 1253 scilicet
935 1227 1045 1254 Patrem

253 1282 343 1302 suum.
356 1272 407 1306 Qui
423 1273 608 1307 magniﬁrabit
620 1279 713 1308 postea
730 1273 853 1307 subjicit,
868 1282 877 1298 ι
896 1273 922 1300 in
937 1273 1043 1306 laude,»

252 1319 320 1351 sive,
334 1318 483 1345 secundum
501 1318 637 1352 Aquilam,
658 1327 667 1343 ι
689 1318 716 1344 in
731 1319 881 1353 gratiarum
895 1319 1013 1345 actione.
1034 1329 1043 1344 ι

253 1364 408 1391 Gratiarum
425 1372 491 1392 vero
507 1364 641 1392 actioz-em
675 1368 701 1392 et
728 1364 838 1391 laudem
861 1372 915 1399 qua
936 1364 1045 1392 Patrem

250 1408 339 1437 Filius
366 1410 523 1445 magniﬁcat
551 1409 697 1445 intelliges,
727 1410 750 1437 si
777 1409 846 1437 Novi
878 1409 1046 1438 Testamenti

251 1456 390 1491 mysteriis
418 1457 539 1483 animum
554 1455 698 1488 adhibens,
721 1456 767 1483 ubi
784 1455 906 1484 Ecclesia
926 1456 973 1484 Dei
998 1465 1046 1491 per

251 1506 338 1529 totum
348 1503 442 1529 orbem
452 1502 485 1529 ad
502 1502 652 1537 gratiarum
667 1502 799 1535 actiones,
813 1502 846 1529 ad
856 1502 1046 1530 rationabilem

251 1552 279 1575 et
297 1548 356 1576 sine
369 1547 445 1575 fumo
465 1548 568 1575 cultum
596 1547 651 1575 Dco
667 1548 837 1575 oﬂ‘erendum
853 1548 977 1575 instituta
992 1553 1045 1576 est.

252 1593 326 1621 Laus
346 1593 440 1622 isthmc
459 1597 486 1621 et
511 1594 662 1629 gratiarum
689 1594 761 1621 actio
778 1595 919 1629 corporeis
935 1595 1045 1627 hostiis,

1095 1002 1148 1021 νον.
1163 991 1219 1019 Εἶθ’
1232 992 1270 1024 ὡς
1282 991 1372 1027 τυχὼν
1386 990 1571 1026 ἀντιλήψεως,
1590 987 1749 1025 μεταϐάλλει
1765 987 1830 1019 τοὺς
1846 986 1894 1014 λό-

1094 1048 1159 1074 γους
1173 1039 1219 1066 ἐπὶ
1232 1038 1262 1065 τὸ
1277 1037 1461 1073 φαιδρότερον,
1479 1035 1580 1072 ὕμνους
1594 1034 1765 1070 ἀναπέμπων
1777 1033 1817 1068 τῷ
1827 1034 1895 1060 ἑαυ-

1095 1086 1141 1113 τοῦ
1161 1086 1263 1120 Πατρὶ,
1283 1085 1313 1110 ὲν
1333 1081 1374 1115 οἷς
1394 1092 1476 1119 φησιν
1490 1091 1497 1097 ·
1528 1092 1537 1107 ί
1550 1081 1654 1108 Αἰνέσω
1680 1080 1711 1106 τὸ
1734 1079 1819 1114 ὄνομα
1843 1079 1898 1106 τοῦ

1095 1131 1162 1158 Θεοῦ
1180 1132 1238 1167 μετ’
1252 1130 1332 1166 ᾠδῆς.
1341 1140 1349 1155 ι
1363 1129 1399 1155 Τὸ
1414 1128 1442 1155 δὲ
1456 1129 1526 1163 μετά
1542 1127 1638 1163 μέλους
1655 1126 1701 1153 καὶ
1713 1125 1783 1161 ᾠδῆς
1795 1125 1897 1160 λόγους

1096 1177 1299 1214 προσφέρεσθαι
1314 1176 1345 1202 σύ
1351 1176 1446 1211 μϐολον
1462 1173 1496 1210 ἦν
1507 1173 1641 1209 θυμηδίας
1653 1172 1700 1200 καὶ
1711 1172 1895 1208 εὐφροσύνης.

1103 1225 1182 1251 Ἀλλὰ
1198 1224 1245 1250 καὶ
1265 1234 1273 1248 ι
1295 1222 1437 1258 μεγαλυνῶ
1465 1221 1559 1252 αὑτὸν,
1578 1230 1586 1246 ι
1605 1220 1703 1256 φησίν·
1721 1219 1800 1255 δῆλον
1815 1219 1838 1246 δ’
1851 1219 1897 1246 ὅτι

1095 1271 1141 1297 τὸν
1157 1269 1238 1297 αὐτοῦ
1261 1269 1383 1304 Πατέρα.
1410 1268 1471 1299 Πῶς
1497 1267 1525 1293 δὲ
1549 1266 1596 1293 καὶ
1623 1266 1706 1292 αὑτὸν
1734 1264 1896 1300 μεγαλυνεῖ,

1096 1316 1216 1350 ἐπιλέγει
1228 1315 1300 1350 ἑξῆς,
1328 1324 1337 1340 ‹
1356 1315 1384 1340 ἐν
1404 1313 1533 1340 αἰνέσει-ι
1559 1312 1575 1347 ἢ
1606 1310 1677 1338 κατὰ
1692 1310 1738 1337 τὸν
1760 1309 1893 1342 Ἀκύλαν,

1100 1364 1142 1389 ιὲν
1160 1361 1329 1397 εὐχαριστίᾳ.
1338 1370 1347 1386 ι
1365 1360 1479 1395 Νοήσεις
1497 1359 1584 1393 δὲτὴν
1599 1356 1775 1393 εὐχαριστίαν
1784 1356 1833 1383 καὶ
1842 1355 1898 1392 τὴν

1097 1410 1200 1435 αἴνεσιν
1214 1408 1247 1434 δι’
1259 1406 1293 1443 ἦς
1304 1408 1318 1433 ὁ
1331 1406 1394 1437 Υἱὸς
1411 1405 1556 1441 μεγαλύνει
1580 1405 1626 1431 τὸν
1642 1403 1760 1437 Πατέρα,
1778 1402 1898 1438 ὲπιπήα

1097 1463 1147 1486 σας
1162 1455 1216 1485 τοῖς
1238 1452 1396 1488 μυστηρίοις
1425 1452 1474 1486 τῆς
1505 1450 1608 1485 Καινῆς
1633 1449 1782 1484 Διαθήκης,
1806 1449 1835 1475 ὲν
1850 1445 1898 1481 οἷς

1097 1498 1158 1525 καθ’
1175 1498 1239 1533 ὅλης
1255 1498 1304 1533 τῆς
1319 1496 1482 1531 οἰκουμένης
1498 1497 1514 1530 ἡ
1535 1495 1684 1530 Ἐκκλησία
1693 1494 1740 1521 τοῦ
1752 1494 1821 1520 Θεοῦ
1842 1494 1897 1527 τὰς

1097 1536 1272 1579 εὐχαριστίας
1285 1543 1332 1570 καὶ
1348 1543 1396 1574 τὰς
1413 1542 1525 1576 λογικὰς
1542 1541 1589 1568 καὶ
1607 1542 1746 1572 ἀκάπνους
1761 1539 1896 1576 λατρείας

1097 1590 1243 1626 ἀναφέρειν
1259 1589 1299 1624 τῷ
1323 1588 1382 1624 Θεῷ
1407 1588 1585 1623 παρείληφεν.
1611 1586 1684 1622 Αὕτη
1703 1586 1732 1613 δὲ
1758 1587 1775 1622 ἡ
1790 1587 1897 1619 αἰνεσις

252 1647 313 1674 ψιιι³
340 1639 404 1666 olim
433 1639 586 1666 secundum
612 1640 698 1674 legem
726 1640 827 1676 Moysis
849 1641 1044 1674 otferebantur,

1097 1638 1145 1664 καὶ
1161 1638 1177 1672 ὴ
1192 1634 1353 1672 εὐχαριστία
1370 1634 1438 1661 πολὺ
1466 1634 1598 1669 κρείττων
1616 1633 1744 1669 τυγχάνει
1760 1633 1815 1659 τῶν
1839 1641 1898 1660 σω-

251 1685 339 1711 ιιιιιιιο
355 1685 530 1719 ρηεειιιιιιίοι
553 1689 605 1712 est.
636 1686 823 1717 Quamobrem
849 1687 943 1721 adjicit
966 1697 996 1715 τι
1012 1687 1046 1714 Et

254 1730 375 1765 placebit
400 1730 515 1758 Domino
536 1738 621 1766 super
631 1732 748 1758 vitulum
774 1733 923 1764 novellum,
941 1741 1046 1761 cornua

251 1775 449 1809 producentem
466 1779 492 1801 et
511 1776 638 1810 ungulas.
655 1785 663 1801 ι
685 1775 714 1802 Si
733 1784 852 1810 namque
866 1777 900 1804 de
918 1778 951 1806 iis
960 1778 1045 1805 Judaei

252 1820 416 1855 gloriantur,
450 1822 539 1849 sciant
556 1822 651 1856 utique
678 1822 758 1857 longe
779 1824 918 1850 meliorem
938 1824 1046 1860 Deoque

253 1868 434 1902 acceptiorem
453 1875 542 1895 meam
563 1868 714 1903 gratiarum
739 1869 876 1897 actionem
892 1874 919 1897 et
938 1871 1045 1898 laudem

251 1920 334 1947 supra
368 1914 527 1940 memoratis
558 1921 629 1941 esse.
668 1913 852 1946 Quamobrem
894 1916 1045 1942 secundum

252 1957 446 1994 Symmachum
465 1959 576 1991 dicitur,
595 1968 604 1985 ι
620 1959 652 1986 Ει
681 1960 799 1994 placebit
819 1960 936 1988 Domino
947 1962 1043 1996 magis,

251 2012 335 2039 quam
347 2005 396 2032 bos
413 2010 520 2038 taurus,
543 2006 660 2040 ungulas
687 2005 842 2039 diffindens,
871 2013 1015 2036 cornutus.
1032 2017 1042 2033 )

251 2051 308 2077 Cur
321 2051 365 2077 hic
384 2052 500 2078 vitulum
530 2052 614 2084 dicat,
631 2060 685 2079 non
703 2053 777 2080 aliud
803 2054 902 2080 animal
917 2055 943 2081 in
960 2055 1045 2082 sacri-

253 2096 315 2123 licio
328 2095 419 2123 oﬂ'erri
434 2097 557 2127 solitum.
584 2106 638 2124 nun
655 2099 715 2125 sine
736 2099 861 2126 examine
884 2100 1046 2134 praztermit-

253 2142 377 2169 tendum.
408 2142 475 2169 Nam
508 2151 540 2170 ex
572 2144 738 2172 animalibus
772 2145 923 2172 secundum
960 2146 1044 2180 legem

253 2187 355 2223 Moysis
376 2188 512 2216 immolari
542 2189 641 2223 jussis,
672 2191 725 2217 alia
747 2198 779 2217 ex
808 2196 933 2218 armento
951 2192 1043 2222 boum,

254 2233 306 2260 alia
323 2241 355 2260 ex
377 2241 458 2268 grege
470 2235 560 2261 ovium
572 2235 790 2265 adducebantur.
806 2236 859 2262 alia
872 2244 905 2262 ex
927 2237 1044 2263 volatili—

252 2278 324 2311 bus;
342 2287 457 2313 quorum
474 2280 526 2306 alia
543 2280 667 2312 masculi,
683 2282 736 2307 alia
754 2280 862 2307 femina:
876 2285 954 2308 erant
968 2291 975 2315 ;
992 2282 1044 2308 alia

253 2329 449 2359 spontaneaex
467 2326 592 2356 arbitrio.
612 2327 665 2353 alia
692 2335 724 2354 ex
744 2327 855 2360 debito;
871 2328 923 2354 alia
937 2329 1044 2355 sacrifi-

253 2372 326 2398 citnu
343 2373 483 2403 salutaris,
502 2373 553 2399 alia
580 2381 628 2407 pro
654 2378 766 2408 peccato
796 2375 1045 2407 vocabantur;alia

256 2426 306 2452 pro
321 2426 429 2445 summo
452 2419 605 2451 sacerdote,
622 2420 674 2446 alia
705 2428 752 2454 pro
781 2420 910 2448 universo
934 2421 1044 2455 populo,

254 2464 306 2490 alia
317 2471 365 2497 pro
377 2465 500 2498 principe
516 2470 646 2499 peccante
672 2466 867 2493 oﬂerebantur.
889 2466 956 2492 Cum
986 2474 1045 2493 ma-

255 2517 338 2543 gnum
353 2510 445 2544 itaque
462 2511 489 2537 in
506 2511 548 2538 his
560 2511 707 2539 discrimen
722 2517 811 2544 esset,
838 2520 979 2547 nunquam
1005 2517 1046 2539 ιιι--

255 2562 318 2581 men
334 2562 383 2588 pro
396 2555 518 2590 principe
529 2557 650 2591 quolibet
667 2557 707 2583 vel
725 2565 774 2591 pro
789 2558 918 2593 quopiam
939 2559 1045 2592 privato

253 2600 358 2627 vitulus
388 2601 561 2629 offerebatur.
590 2602 699 2631 \‘itulus
733 2605 871 2631 masculus
898 2605 1044 2639 aliquando

253 2647 466 2681 immolabatur;
485 2649 633 2683 aliquando
648 2657 723 2681 vero,
740 2658 801 2676 cum
828 2654 883 2677 tota
907 2658 1044 2686 synagoga

251 2693 281 2720 in
295 2697 438 2728 peccatum
468 2694 544 2729 lapsa
571 2699 654 2728 esset,
687 2696 826 2729 sacerdos,
853 2697 900 2731 qui
926 2697 1045 2724 univcrsi

251 2739 345 2775 populi
367 2747 414 2767 seu
431 2745 513 2775 caput
527 2745 595 2772 crat.
620 2746 649 2768 ut
670 2742 775 2776 peccati
791 2750 907 2770 consors
930 2743 1043 2770 vitulum

253 2784 394 2814 otTerebat.
411 2785 474 2813 llaec
495 2794 577 2821 porro
603 2788 629 2813 in
652 2787 773 2814 Levitico
799 2788 997 2823 deprehendas,
1017 2789 1043 2817 in

253 2840 307 2867 quo
320 2832 468 2860 scribitur:
488 2842 497 2859 ι
516 2832 549 2859 Et
560 2833 667 2860 locutus
681 2839 720 2861 est
730 2833 862 2861 leminlls
871 2834 904 2861 ad
921 2834 1041 2869 Moyscm

255 2911 257 2913 ί
292 2927 314 2943 ⁸¹
336 2926 430 2955 Matth.
453 2933 519 2960 nn,
543 2926 585 2954 l6.
624 2925 646 2942 ⁸³
666 2925 739 2954 Psal.
763 2936 818 2961 xxi,
842 2928 865 2954 l.

1100 1683 1222 1718 ματικῶν
1232 1681 1344 1714 θυσιῶν,
1354 1681 1408 1707 τῶν
1420 1680 1491 1706 κατὰ
1505 1680 1550 1707 τὸν
1559 1679 1698 1711 Μωῡσέως
1710 1679 1792 1714 νόμον
1807 1678 1897 1706 πάλαι

1097 1728 1321 1765 προσαγομένων.
1344 1726 1390 1753 Διὸ
1403 1726 1534 1760 ὲπιλέγει’
1551 1735 1560 1751 ‹
1574 1727 1629 1752 Καὶ
1646 1725 1739 1761 ἀρέσει
1750 1724 1897 1761 τῷΚυρίῳ

1097 1774 1166 1810 ὑπὲρ
1185 1773 1285 1809 μόσχον
1302 1771 1373 1805 νέον,
1402 1772 1504 1807 κέρατα
1520 1769 1670 1806 ἐκφέροντα
1696 1770 1744 1796 καὶ
1758 1769 1857 1801 ὁπλάς.
1883 1779 1894 1796 ι

1097 1821 1128 1846 Et
1145 1819 1200 1855 γὰρ
1216 1818 1263 1845 ἐπὶ
1290 1818 1395 1850 τούτοις
1428 1817 1605 1852 σεμνύνονται
1629 1816 1761 1843 Ἰουδαίων
1786 1815 1896 1848 παῖδες,

1098 1866 1225 1897 ι’στωσαν,
1242 1865 1283 1891 ὅτι
1296 1864 1363 1890 πολὺ
1383 1863 1494 1899 βελτίων
1511 1863 1558 1890 καὶ
1572 1862 1611 1898 τῷ
1634 1861 1694 1897 Θεῷ
1706 1861 1899 1897 προτιμοτέρα

1096 1913 1112 1947 ἡ
1125 1911 1178 1947 ἐμὴ
1191 1911 1352 1946 εὐχαριστία
1370 1910 1417 1937 καὶ
1439 1911 1455 1945 ὴ
1472 1909 1524 1945 ἐμὴ
1537 1910 1640 1941 αίνεσις
1661 1909 1716 1936 τῶν
1729 1908 1898 1945 προλεχθέν-

1095 1967 1160 1986 των.
1176 1958 1222 1984 Διὸ
1235 1957 1305 1983 κατὰ
1326 1957 1372 1983 τὸν
1393 1955 1540 1991 Σύμμαχον
1558 1956 1675 1991 εἴρηται·
1697 1965 1706 1981 ι
1722 1956 1779 1982 Καὶ
1796 1955 1897 1991 ἀρέσει

1096 2003 1134 2039 τῷ
1149 2003 1244 2039 Κυρίῳ
1272 2003 1371 2039 μᾶλλον
1387 2002 1404 2037 ἢ
1433 2002 1495 2036 βοῦς
1520 2001 1620 2037 ταῦρος
1651 2001 1780 2037 διχηλῶν,
1809 2003 1899 2037 κερά-

1098 2059 1189 2086 στης.)
1207 2050 1258 2076 Διὰ
1271 2050 1335 2076 τίδὲ
1349 2048 1469 2075 ἐνταῦθα
1481 2048 1581 2084 μόσχου
1599 2048 1763 2083 μνημονεύει
1777 2048 1826 2074 καὶ
1842 2048 1897 2084 οὐχ

1097 2098 1189 2133 ἑτέρου
1206 2097 1278 2129 τινος
1294 2097 1349 2123 τῶν
1365 2097 1568 2133 προσφέρεσθαι
1581 2095 1715 2122 εἰωθότων
1741 2095 1781 2126 εἰς
1796 2094 1898 2122 θυσίαν

1097 2143 1183 2175 ζώων,
1199 2143 1272 2175 ἄξιον
1291 2142 1328 2178 μὴ
1361 2142 1549 2172 ἀϐασανίστως
1581 2140 1735 2175 παρελθεῖν.
1755 2138 1816 2164 Τῶν
1837 2138 1897 2175 γὰρ

1097 2189 1167 2216 κατὰ
1190 2188 1234 2215 τὸν
1257 2188 1395 2219 Μωῡσέως
1408 2188 1489 2222 νόμον
1513 2186 1623 2213 θύεσθαι
1648 2184 1897 2221 προσταττομένων

1097 2234 1173 2267 ζώων
1191 2235 1226 2260 τὰ
1244 2234 1292 2269 μὲν
1309 2234 1338 2266 ἐξ
1362 2233 1463 2269 ἀγέλης
1482 2233 1550 2268 βοῶν
1579 2232 1743 2268 προσήγετο,
1763 2230 1798 2257 τὰ
1810 2230 1840 2257 δὲ
1860 2230 1897 2257 ἐκ

1098 2281 1252 2316 προϐάτων,
1268 2281 1300 2307 τὰ
1320 2280 1348 2306 δὲ
1367 2280 1420 2307 ἀπὸ
1440 2279 1581 2306 πετεινῶν·
1600 2279 1648 2305 καὶ
1658 2278 1692 2305 τὰ
1711 2278 1761 2313 μὲν
1776 2277 1895 2313 ἄῤῥενα,

1098 2328 1132 2354 τὰ
1146 2328 1173 2354 δὲ
1189 2327 1280 2363 θήλεα·
1299 2327 1347 2353 καὶ
1366 2326 1400 2353 τὰ
1416 2327 1465 2361 μὲν
1486 2326 1598 2352 ἑκούσια
1624 2325 1695 2351 κατὰ
1719 2323 1894 2360 προαίρεσιν.

1098 2374 1133 2400 τὰ
1149 2373 1177 2400 δὲ
1195 2374 1264 2400 κατὰ
1281 2373 1401 2409 ὀφειλὴν·
1423 2373 1469 2399 καὶ
1497 2373 1531 2399 τὰ
1557 2372 1606 2407 μὲν
1631 2371 1788 2407 ὠνομάζετο
1810 2370 1895 2398 θυσία

1100 2421 1245 2456 σωτηρίου,
1258 2420 1293 2447 τὰ
1306 2421 1334 2447 δὲ
1355 2420 1424 2456 ὑπὲρ
1452 2420 1599 2455 ἁμαρτίας
1625 2419 1671 2445 καὶ
1693 2418 1729 2444 τὰ
1758 2417 1807 2453 μὲν
1821 2417 1895 2452 ὑπὲρ

1099 2467 1146 2493 τοῦ
1164 2465 1313 2503 ἀρχιερέως
1329 2466 1525 2502 προσεφέρετο,
1549 2466 1583 2492 τὰ
1599 2465 1627 2492 δὲ
1647 2465 1717 2500 ὑπὲρ
1732 2464 1832 2495 παντὸς
1844 2463 1894 2490 τοῦ

1100 2513 1175 2544 λαοῦ,
1191 2513 1225 2539 τὰ
1239 2513 1267 2539 δὲ
1283 2512 1352 2548 ὑπὲρ
1366 2512 1496 2547 ἄρχοντος
1515 2511 1714 2547 ἡμαρτηκότος.
1742 2510 1848 2546 Πολλῆς
1863 2510 1894 2537 δὲ

1098 2559 1181 2595 οὔσης
1204 2562 1232 2587 ἐν
1252 2559 1356 2590 τούτοις
1382 2559 1523 2593 διαψορᾶς,
1538 2557 1597 2584 οὐδὲ
1618 2557 1727 2583 πώποτε
1753 2556 1824 2592 ὑπὲρ
1844 2555 1893 2582 τοῦ

1099 2604 1225 2640 τυχόντος
1237 2606 1377 2641 ἄρχοντος,
1394 2603 1448 2630 οὐδ’
1465 2603 1534 2639 ὑπὲρ
1553 2602 1655 2629 ἰδιώτου
1685 2602 1781 2638 ἀνδρὸς
1793 2603 1894 2638 μόσχος

1099 2652 1255 2687 ἀνετέρετο.
1273 2652 1342 2678 Ποτὲ
1356 2651 1384 2677 δὲ
1400 2651 1413 2677 ό
1428 2650 1527 2685 μόσχος
1539 2651 1553 2676 ό
1568 2649 1655 2685 ἄρρην
1668 2648 1770 2681 ἐθύετο,
1797 2648 1892 2675 ἄλλοτε

1099 2699 1198 2733 πᾶσαὴ
1217 2697 1362 2732 ωναγωγὴ
1380 2695 1503 2731 ἁμαρτίᾳ
1528 2694 1744 2730 περιπεπτώκει,
1759 2694 1832 2730 ὑπὲρ
1855 2691 1891 2730 ἧς

1097 2746 1143 2771 καὶ
1161 2744 1240 2776 αὐτὸς
1256 2746 1270 2771 ὁ
1297 2745 1386 2779 ἱερεὺς
1412 2743 1506 2778 ὥσπερ
1537 2742 1642 2777 κεφαλὴ
1666 2740 1703 2768 ὢν
1727 2740 1773 2768 τοῦ
1790 2739 1890 2771 παντὸς

1096 2790 1160 2817 λαοῦ
1178 2791 1228 2825 τῆς
1244 2791 1381 2826 ἁμαρτίας
1407 2789 1534 2821 κοινωνὸς
1562 2789 1608 2815 τὸν
1629 2788 1727 2824 μόσχον
1754 2787 1887 2823 προσῆγε.

1097 2836 1189 2864 Ταῦτα
1201 2837 1228 2863 δὲ
1254 2838 1282 2863 ἐν
1298 2836 1433 2872 Λευιτικῷ
1461 2835 1551 2871 εὕροις
1581 2834 1614 2862 ἂν
1628 2834 1788 2869 ἐπιστήσας,
1820 2827 1889 2866 ἀνῷ
