2041 3215
142 214 193 244 761

707 212 957 242 οοιυεΝτΑιιιΑ
975 210 1008 240 IN
1027 212 1196 241 PSALMOS.
1235 198 1255 229 ι
1273 187 1296 220 θ’

1715 212 1776 241 ἸΘΞ

142 271 311 308 γέγραπται*
325 279 336 296 ο
354 268 408 298 Καὶ
421 269 535 306 ὲλάλησι
547 269 650 307 Κύριος
666 271 735 307 πρὸς
754 270 875 305 Μωῡσῆν
887 270 931 300 λέ-

982 269 1093 298 dicens:
1104 270 1229 306 Loquere
1245 270 1278 298 ad
1286 269 1357 298 ﬁlios
1370 269 1464 303 Israel,
1475 270 1591 299 dicens:
1602 269 1631 298 Si
1642 277 1776 299 summus

143 326 209 352 των·
231 316 356 353 Δάλησον
369 316 437 353 πρὸς
451 317 514 349 τοὺς
529 317 604 348 υἱοὺς
624 317 732 352 Ἰσραὴλ
744 316 840 350 λέγων·
869 315 931 343 Ἐὰν

142 363 157 389 ὁ
171 362 316 398 ἀρχιερεὺς
331 363 346 389 ὸ
358 362 538 398 κεχρισμένος
556 362 668 399 ἁμάρτῃ
698 363 746 389 τοῦ
765 362 830 389 λαὸν
844 362 932 398 ἁμαρ-

142 409 209 440 τεῖν,
227 405 276 434 καὶ
291 407 421 443 προσάξει
448 408 513 444 περὶ
542 408 590 444 τῆς
620 408 758 444 ἁμαρτίας
789 407 871 435 αὐτοῦ
898 406 932 444 ἧς

142 454 260 488 ἥμαρτε,
281 453 379 488 μόσχον
393 454 425 479 ἐκ
452 452 521 487 βοῶν
549 453 663 488 ἄμωμον
679 453 718 488 τῷ
746 454 866 489 Κυρίῳ-ι
885 456 932 482 καὶ

143 499 216 534 ἑξῆς·
238 508 248 525 ι
267 499 330 526 Ἐὰν
349 499 378 526 δὲ
395 500 469 525 πᾶσα
495 500 639 535 συναγωγὴ
662 500 768 536 Ἰσραὴλ
800 501 930 537 ἀγνοήσῃ,

143 545 189 572 καὶ
207 545 277 581 λάθῃ
290 545 366 580 ῥῆμα
392 545 422 577 ἐξ
448 546 594 581 ὀφθαλμῶν
621 546 670 581 τῆς
689 547 859 582 συναγωγῆς·
886 548 932 574 καὶ

143 592 276 627 ποιήσωσι
296 591 359 626 μίαν
373 591 425 618 ἀπὸ
438 591 533 618 πασῶν
551 591 604 618 τῶν
619 592 734 619 ἐντολῶν
753 593 799 620 τοῦ
819 593 930 628 Κυρίου,

142 638 159 673 ἢ
176 637 206 664 οὐ
226 637 414 672 ποιηθήσεται,
430 637 476 663 καὶ
494 637 685 672 πλημμελῶσι,
703 639 749 664 καὶ
763 639 870 673 γνωσθῇ
884 639 933 664 αύ-

143 683 197 715 τοῖς
214 683 231 718 ἡ
242 682 365 718 ἁμαρτία
380 682 414 717 ἢν
432 683 555 718 ἥμαρτον
571 684 600 710 ὲν
611 683 690 719 αὐτῇ·
710 684 756 710 καὶ
771 684 901 719 προσάξει
915 684 931 720 ἡ

144 728 288 765 συναγωγὴ
306 729 404 765 μόσχον
417 729 449 756 lx
465 729 533 765 βοῶν
550 730 674 766 περὶτῆς
687 731 834 766 ἁμαρτίας.
855 741 864 758 ι
878 732 932 758 Καὶ

145 774 213 809 μετά
238 773 326 801 ταῦτα
339 775 356 810 ἡ
371 774 476 811 ἱστορία
492 774 596 809 εἰσάγει
625 776 695 812 ὑπὲρ
708 776 755 803 τοῦ
783 777 932 813 ἀρχιερέως

143 819 238 847 θυσίαν
263 820 373 856 μόσχον,
400 821 430 848 ὲν
453 818 494 853 οἷς
518 820 637 857 εἴρηται·
671 831 682 848 ι
700 822 754 849 Καὶ
772 823 931 859 προσήγαγε

141 864 263 901 Μωῦοῆς
277 865 323 893 τὸν
336 865 434 901 μόσχον
448 866 493 894 τὸν
502 868 566 902 περὶ
583 867 634 902 τῆς
646 868 792 903 ἁμαρτίας,
806 869 854 896 καὶ
868 868 931 896 ἐπέ-

143 910 226 947 θηκεν
255 911 359 947 ’Δαρὼν
373 912 420 939 καὶ
431 912 455 939 oi
471 913 523 940 ulol.
537 913 621 940 αὑτοῦ
634 913 686 944 τὰς
708 915 803 950 χεῖρας
823 915 869 941 ἐπὶ
882 915 931 950 τὴν

142 956 262 992 κεφαλὴν
278 956 324 984 τοῦ
338 957 438 992 μόσχου
451 957 497 984 τοῦ
511 958 560 993 τῆς
577 959 724 995 ἁμαρτίας,
753 960 800 987 καὶ
816 960 931 996 ἔσφαξεν

142 1002 249 1029 αὐτόν.)
274 1003 355 1038 Ὁρᾷς
371 1003 417 1030 ἐπὶ
436 1004 522 1035 ποίοις
537 1005 552 1030 ὁ
569 1005 668 1040 μόσχος
687 1006 872 1042 προσεφέρετο
886 1007 932 1032 ἐπὶ

142 1047 217 1084 πάσῃ
229 1049 263 1083 τῇ
278 1049 422 1084 συναγωγῇ
443 1049 550 1085 Ἰσραὴλ
575 1050 745 1087 ἁμαρτούσῃ,
760 1051 806 1078 καὶ
820 1052 865 1078 ἐπὶ
880 1052 931 1089 ἀρ-

141 1094 228 1128 χιερεῖ
253 1093 443 1129 ἡμαρτηκότι·
468 1095 516 1121 καὶ
542 1095 591 1130 οὐχ
617 1095 710 1128 ἁπλῶς
741 1098 930 1133 ἡμαρτηκότι,

141 1138 208 1165 ἀλλὰ
223 1139 273 1165 καὶ
301 1138 340 1174 τῷ
356 1139 412 1175 λαῷ
429 1140 507 1176 αίτίῳ
523 1141 660 1176 γενομένῳ
688 1142 836 1178 ἁμαρτίας·
859 1143 932 1178 λέγει

142 1184 206 1220 γάρ·
223 1184 307 1211 «Ἐὰν
320 1186 335 1212 ό
357 1186 502 1221 ἀρχιερεὺς
515 1187 529 1212 ὁ
552 1188 729 1222 κεχρισμένος
750 1188 861 1225 ἁμάρτῃ
884 1189 931 1216 τοῦ

141 1231 187 1256 τὸν
202 1230 266 1257 λαὺν
280 1231 425 1266 ἁμαρτεῖν·
435 1242 444 1257 ι
461 1232 518 1258 ἀνθ’
535 1230 565 1259 οὗ
579 1233 593 1259 ὁ
617 1232 730 1265 Ἀκύλας
749 1235 930 1271 ἡρμήνευσεν·

145 1287 153 1302 I
173 1277 220 1308 Et;
235 1277 428 1313 πλημμέλησιν
447 1277 494 1304 τοῦ
511 1278 604 1305 λαοῦ.»
625 1280 702 1306 Ἐπεὶ
716 1281 806 1307 τοίνυν
822 1282 891 1308 κατὰ
903 1282 932 1308 τὸ

144 1322 277 1358 σωτήριον
294 1322 380 1354 πάθος
402 1323 425 1349 οἱ
456 1324 595 1359 ἀρχιερεῖς
615 1324 662 1351 καὶ
687 1326 711 1351 οἱ
734 1325 864 1361 ἄρχοντες
884 1327 931 1353 τοῦ

148 1365 281 1392 Ἰουδαίων
300 1366 393 1398 ἔθνους
409 1368 580 1403 συνήχθησαν
609 1368 654 1395 ἐπὶ
677 1369 707 1395 τὸ
720 1370 785 1397 αὐτὸ
801 1371 871 1398 κατὰ
884 1371 932 1398 τοῦ

142 1412 246 1448 Κυρίου
259 1413 306 1439 καὶ
322 1413 393 1440 κατὰ
415 1414 464 1440 τοῦ
489 1415 608 1450 Χριστοῦ
625 1416 718 1448 αὑτοῦ,
741 1417 780 1452 τῷ
802 1427 832 1444 τε
851 1419 932 1445 παντὶ

141 1455 195 1492 λαῷ
215 1457 379 1493 διαστροειεῆς
396 1458 472 1485 αὐτοὶ
500 1460 643 1494 γεγόνασιν
662 1461 753 1488 αἴτιοι·
780 1462 932 1498 γέγραπται

142 1503 205 1539 γάρ·
223 1512 233 1528 ι
251 1504 305 1530 Καὶ
321 1504 344 1530 οἱ
363 1505 499 1540 ἀρχιερεῖς
520 1505 567 1532 καὶ
593 1507 623 1533 τὸ
638 1507 774 1543 συνέδριον
799 1508 858 1535 ὅλον
871 1509 932 1545 ἐζή-

141 1557 204 1576 τουν
217 1550 453 1587 ψευδομαρτυρίαν
468 1553 537 1579 κατά
548 1553 594 1580 τοῦ
617 1553 713 1588 Ἰησοῦ,
724 1555 797 1586 ὅπως
810 1555 933 1582 θανωτώα

142 1605 226 1624 σωσιν
238 1597 346 1624 αὐτόν’»
363 1598 409 1625 καὶ
421 1598 500 1625 πάλιν
515 1599 589 1635 ἑξῆς·
605 1609 614 1625 ι
626 1601 657 1627 Οἱ
684 1600 712 1626 δὲ
729 1601 867 1637 ἀρχιερεῖς
884 1602 931 1628 καὶ

141 1643 166 1670 οἱ
179 1643 360 1679 πρεσϐύτεροι
375 1643 486 1671 ἔπεισαν
499 1645 561 1676 τοὺς
574 1645 668 1680 ὄχλους
679 1646 723 1672 ἵνα
739 1647 870 1682 αἰτήσωσι
886 1647 930 1674 τὸν
944 1633 965 1661 C

142 1689 298 1725 Βαραϐϐᾶν,
318 1690 363 1717 τον
375 1689 403 1716 δὲ
423 1691 527 1725 Ἰησοῦν
544 1691 739 1718 ἀπολέσωσιν-ι
755 1692 840 1728 Χρεία
853 1693 881 1719 δὲ
896 1690 931 1728 ἦν

141 1736 303 1772 καθάρσεως
316 1738 373 1769 τοῖς
389 1737 473 1764 ταῦτα
498 1738 687 1773 τετολμηκόσι,
704 1740 750 1765 καὶ
772 1739 866 1771 θυσίας
882 1741 931 1767 οὐκ

141 1782 235 1819 ἄλλης,
249 1783 266 1818 ἢ
279 1783 328 1819 τῆς
339 1783 384 1810 διὰ
398 1783 444 1810 τοῦ
462 1783 572 1819 μόσχου,
601 1784 639 1816 ὡς
660 1785 869 1821 μεμαρτύρηται
887 1786 932 1812 διὰ

140 1829 192 1865 τῆς
205 1829 383 1866 προτεθείσης
396 1830 648 1866 Γραφῆς·είκότως,
661 1831 717 1858 Οὐκ
725 1831 852 1867 αἰσθητὸν
865 1831 930 1866 ἐγὼ,

142 1876 221 1912 φησὶ,
239 1876 339 1912 μόσχον
358 1877 514 1913 προσφέρω,
528 1876 573 1903 διὰ
585 1877 640 1904 τῶν
656 1877 841 1913 προκειμένων
853 1878 866 1904 ό
877 1878 933 1904 Σω-

141 1922 194 1959 τὴρ
210 1922 300 1958 ἡμῶν,
319 1922 387 1949 ἀλλὰ
403 1922 453 1959 τὴν
481 1922 604 1958 καθαρὰν
617 1923 663 1950 καὶ
686 1924 801 1959 ἄναιμον
825 1923 931 1955 θυσίαν,

141 1968 175 2003 ῆν
190 1967 272 1999 αὐτὸς
284 1967 339 2002 ἐγὼ
352 1968 559 2003 συνεστησάμην
586 1969 615 1994 ὲν
627 1970 659 2003 τῇ
682 1968 799 2003 ἐμαυτοῦ
820 1968 931 2003 Ἐκκλη-

144 2013 189 2049 σίᾳ
199 2013 243 2040 διὰ
259 2013 308 2048 τῆς
325 2013 440 2049 ἁναίμου
454 2013 500 2040 καὶ
511 2013 617 2049 ἀπύρου
634 2014 815 2050 λειτουργίας,
833 2015 882 2048 τῆς
898 2015 931 2041 δι’

143 2060 282 2092 αἰνέσεωςο
299 2060 360 2095 ἣτις
386 2060 479 2096 ἀρέσει
505 2060 543 2095 τῷ
572 2060 632 2096 Θεῷ
656 2061 755 2096 μᾶλλον
781 2061 831 2096 ἢό
857 2060 932 2096 παρὰ

142 2108 256 2134 Μωῠσεϊ
270 2107 430 2142 νενομοθετη
435 2108 514 2142 μένος
527 2106 634 2142 μόσχος.
652 2108 696 2134 Διὸ
708 2107 843 2134 λέλεκται·
855 2116 863 2133 ι
876 2108 932 2134 Με-

143 2153 251 2187 γαλυνῶ
267 2153 349 2181 αὑτὸν
362 2154 390 2180 ὲν
406 2154 515 2180 αἰνέσει.
531 2152 585 2180 Καὶ
600 2154 693 2189 ἁρέσει
709 2154 748 2188 τῷ
760 2153 845 2189 Θεῷ,ι
860 2155 876 2189 ἡ
893 2154 934 2181 al-

144 2208 217 2232 νεσις
227 2199 339 2236 δηλαδὴ,
354 2209 363 2226 ι
377 2200 447 2235 ὑπὲρ
459 2199 559 2235 μόσχον
573 2200 643 2231 νέον,
659 2200 762 2235 κέρατα
778 2200 933 2236 ἐκφέροντα

143 2247 190 2273 καὶ
203 2246 299 2278 ὁπλάς.
313 2256 323 2273 ›
343 2247 457 2281 ’Ἔτυχον
470 2246 493 2272 δ’
507 2246 540 2273 ἂν
556 2246 680 2280 ἀφέσεως
705 2246 752 2273 καὶ
775 2246 933 2282 καθάρσεως

982 317 1112 346 sacerdos
1122 318 1169 354 qui
1182 320 1283 345 unctus
1296 321 1339 345 est
1352 317 1514 352 peccaverit,
1538 320 1571 345 ut
1596 325 1712 354 peccare
1726 316 1767 345 fa-

981 363 1037 391 ciat
1047 364 1186 399 populum,
1201 363 1296 392 oﬂ'eret
1313 371 1363 399 pro
1386 367 1497 399 peccato
1524 372 1575 392 suo
1592 372 1646 400 quo
1669 371 1768 400 pecca~

981 410 1031 442 vit,
1048 410 1162 438 vitulum
1178 418 1211 438 ex
1224 409 1312 437 bobus
1338 410 1543 437 immaculatum
1564 409 1681 439 Domino
1696 411 1735 444 “;
1755 419 1765 437 ι

982 462 1014 483 ac
1030 455 1129 483 deinde
1144 462 1151 481 ε
1171 464 1180 480 ι
1194 455 1271 488 Quod
1295 455 1317 482 si
1337 455 1427 482 omnis
1445 462 1582 490 synagoga
1596 455 1678 482 Israel
1694 456 1769 490 igno-

983 501 1093 533 raverit.
1117 504 1145 528 et
1167 501 1277 528 latuerit
1299 501 1411 528 verbum
1436 509 1469 528 ex
1492 501 1580 529 oculis
1606 509 1767 537 synagogas:

982 552 1029 574 aut
1047 547 1237 574 feceritunum
1265 555 1298 574 ex
1316 547 1447 574 omnibus
1470 547 1613 582 praeceptis
1643 547 1772 579 Domini;

982 597 1029 620 aut
1046 601 1101 620 non
1117 592 1222 624 fecerit,
1240 596 1267 620 et
1280 592 1425 628 deliquerit
1443 597 1471 620 et
1498 593 1656 628 cognoverit
1672 600 1767 628 pecca-

982 644 1039 666 tum
1054 647 1133 667 suum
1148 647 1203 674 quo
1225 639 1364 673 peccavit;
1379 638 1475 666 olferet
1501 646 1639 675 synagoga
1652 639 1772 666 vitulum

982 694 1013 713 ex
1028 687 1115 714 bobus
1132 694 1182 721 pro
1193 689 1306 720 peccato
1320 685 1353 713 ⁵⁵.
1371 695 1380 711 ι
1399 685 1456 716 Sub
1468 685 1525 713 haec
1541 689 1631 712 autem
1656 692 1706 720 pro
1731 693 1775 712 sa-

982 731 1091 758 cerdote
1102 731 1241 758 inducitur
1268 731 1294 758 in
1324 731 1490 759 sacriﬁcium
1518 731 1632 764 vitulus,
1648 739 1711 758 nam
1726 730 1769 757 di-

982 777 1053 804 citur
1066 784 1073 802 :
1088 786 1097 802 ι
1110 775 1143 804 Et
1157 776 1256 803 obtulit
1267 776 1375 811 Moyses
1393 775 1510 803 vitulum
1524 783 1574 810 pro
1598 779 1731 810 peccato:
1743 779 1771 802 et

982 823 1249 857 imposuitAaronet
1271 821 1317 849 ﬁlii
1339 822 1511 857 ejusmanus
1525 829 1610 856 super
1637 825 1720 856 caput
1729 821 1771 848 vi-

982 868 1030 895 tuli
1048 876 1097 903 pro
1109 872 1234 904 peccato,
1249 871 1278 895 et
1288 868 1441 896 immolavit
1463 875 1525 895 eum
1537 867 1571 894 ".
1587 877 1597 894 ι
1615 867 1697 896 Vides
1709 867 1772 902 qui-

982 915 1034 942 bus
1044 915 1078 943 de
1089 915 1182 942 causis
1193 915 1296 942 vitulus
1311 914 1458 942 oll‘erretur
1478 921 1529 949 pro
1539 913 1669 942 universa
1685 921 1771 949 syna-

983 968 1050 997 goga
1067 960 1177 988 lsraelis
1200 964 1344 996 peccante,
1369 965 1395 987 et
1417 967 1467 995 pro
1495 967 1604 987 summo
1629 960 1771 987 sacerdote

982 1011 1111 1042 peccante
1123 1015 1131 1040 ;
1143 1014 1193 1035 nec
1210 1007 1291 1034 modo
1303 1010 1444 1042 peccante,
1472 1006 1520 1033 sed
1542 1006 1625 1033 etiam
1641 1005 1771 1040 populum

982 1052 1010 1080 in
1026 1056 1168 1088 peccatum
1189 1052 1353 1086 inducente;
1371 1052 1438 1079 dicit
1464 1052 1553 1079 enim:
1572 1062 1582 1077 ι
1601 1051 1630 1080 Si
1646 1060 1771 1081 summus

982 1099 1122 1131 sacerdos,
1136 1099 1181 1134 qui
1193 1103 1294 1127 unctus
1304 1103 1356 1130 est.
1375 1099 1538 1134 peccaverit,
1561 1102 1590 1126 ut
1604 1106 1716 1134 peccare
1732 1098 1773 1125 ΐοι-

982 1146 1209 1181 οἱοιροριιιυιη.»
1227 1145 1281 1173 Pro
1293 1153 1348 1180 quo
1376 1145 1474 1181 Aquila
1505 1145 1545 1173 sic
1576 1145 1772 1181 interpretatus

981 1195 1043 1218 est:
1062 1200 1071 1216 ι
1091 1190 1119 1218 In
1146 1191 1276 1218 delictum
1301 1191 1405 1226 populi.
1423 1200 1432 1216 ι
1461 1190 1530 1224 Quia
1560 1190 1772 1226 igiturtempore

983 1238 1120 1273 passionis
1150 1237 1257 1265 Domini
1286 1238 1385 1265 summi
1416 1237 1575 1265 sacerdotes
1590 1242 1617 1265 et
1633 1237 1772 1272 principes

982 1281 1102 1310 Judaica:
1134 1282 1223 1317 gentis
1254 1287 1442 1310 convenerunt
1471 1282 1498 1309 in
1529 1290 1612 1309 unum
1640 1283 1772 1310 adversus

982 1331 1126 1359 Dominum
1143 1335 1170 1359 et
1187 1332 1319 1359 adversus
1342 1331 1483 1358 Christum
1500 1331 1571 1365 ejus.
1596 1331 1701 1365 totique
1727 1338 1773 1365 po-

983 1379 1047 1414 pulo
1077 1378 1262 1413 perversionis
1285 1381 1413 1405 auctores
1443 1377 1531 1409 fuere,
1565 1377 1698 1412 scriptum
1731 1380 1772 1403 est

982 1425 1070 1453 enim:
1085 1434 1094 1450 ι
1109 1424 1251 1459 Principes
1267 1424 1442 1452 sacerdotum
1468 1427 1496 1451 et
1521 1423 1667 1450 consilium
1685 1426 1771 1450 totum

982 1471 1141 1507 quaerebant
1152 1471 1250 1498 falsum
1269 1470 1457 1498 testimonium
1473 1475 1567 1496 contra
1585 1469 1690 1502 Jesum,
1701 1476 1772 1504 que-

983 1516 1064 1544 modo
1080 1517 1162 1543 morti
1177 1515 1316 1543 traderent
1323 1523 1386 1543 eum
1398 1516 1435 1549 ‘7;
1451 1525 1460 1541 ι
1478 1523 1510 1542 ac
1525 1523 1650 1542 rursum:
1666 1524 1675 1540 ι
1693 1514 1771 1542 Prin~

983 1563 1058 1598 cipes
1072 1563 1247 1590 sacerdotum
1266 1567 1293 1589 et
1313 1562 1436 1590 seniores
1460 1565 1659 1596 persuaserunt
1683 1561 1772 1589 turbis

985 1613 1145 1645 utpetercnt
1169 1608 1332 1641 Barabbam,
1348 1607 1439 1636 Jesum
1463 1615 1528 1635 vero
1548 1607 1693 1642 perderent
1709 1607 1742 1634 ⁸⁸.
1759 1617 1770 1633 ι

982 1655 1016 1684 lis
1028 1663 1109 1690 porro
1123 1655 1169 1690 qui
1184 1654 1247 1681 talia
1260 1654 1319 1682 ausi
1335 1654 1442 1681 fuerant
1451 1654 1688 1689 purgationeopus
1701 1658 1770 1686 erat,

981 1706 1009 1730 et
1023 1701 1170 1734 sacriﬁcio,
1187 1709 1241 1728 non
1256 1701 1310 1728 alio
1323 1708 1404 1735 quam
1423 1701 1513 1732 vituli,
1525 1704 1554 1728 ut
1568 1699 1710 1735 Scriptura
1723 1708 1771 1728 su-

982 1749 1075 1784 perius
1091 1749 1172 1775 allata
1198 1748 1372 1775 testiﬁcatur.
1388 1747 1454 1775 Jure
1473 1748 1516 1774 hic
1537 1747 1666 1775 Servator
1680 1751 1774 1775 noster

983 1796 1038 1822 ait:
1055 1795 1114 1822 Non
1139 1795 1295 1822 sensibilem
1313 1802 1363 1829 ego
1380 1794 1495 1820 vitulum
1514 1793 1633 1828 profero,
1661 1793 1709 1821 sed
1724 1801 1774 1828 pu-

982 1849 1040 1868 ram
1052 1844 1078 1868 et
1093 1841 1263 1868 incruentam
1290 1840 1418 1871 hostiam,
1439 1847 1519 1874 quam
1536 1847 1587 1874 ego
1601 1839 1659 1874 ipse
1679 1840 1706 1866 in
1723 1839 1773 1866 Ec-

982 1887 1066 1915 clesia
1096 1894 1155 1914 mea
1170 1886 1313 1917 constitui,
1334 1894 1383 1920 per
1411 1886 1585 1912 incruentum
1609 1884 1710 1919 etigue
1724 1892 1773 1911 va-

983 1940 1064 1959 cuum
1079 1931 1271 1962 ministerium,
1289 1930 1361 1965 quod
1379 1930 1458 1957 laude
1483 1930 1668 1965 persolvitur;
1699 1929 1772 1964 quod

984 1985 1050 2005 sane
1065 1977 1120 2005 Deo
1135 1978 1214 2012 longe
1241 1977 1380 2011 acceptius
1395 1980 1421 2002 et
1439 1976 1544 2011 gratius
1556 1976 1618 2006 erit,
1634 1983 1716 2009 quam
1728 1975 1774 2002 ille

984 2023 1086 2058 Moysis
1101 2023 1159 2058 lege
1183 2023 1342 2057 assignatus
1358 2021 1470 2048 vitulus.
1484 2021 1656 2055 Quapropter
1667 2020 1772 2047 dictum

983 2073 1025 2096 est
1040 2078 1046 2096 :
1066 2077 1075 2094 ι
1088 2067 1266 2103 Magniﬁcabo
1278 2075 1339 2094 cum
1360 2067 1386 2093 in
1401 2066 1492 2093 laude.
1509 2065 1541 2091 Et
1552 2066 1669 2100 placebit
1679 2065 1744 2095 Deo,
1760 2074 1770 2091 ι

983 2115 1045 2143 laus
1070 2115 1192 2147 scilicet,
1223 2123 1232 2139 ι
1247 2121 1329 2148 super
1358 2113 1475 2140 vitulum
1499 2112 1647 2144 novellum,
1669 2119 1774 2139 cornua

983 2161 1178 2197 producentem
1194 2164 1221 2188 et
1234 2159 1361 2195 ungulas.
1383 2168 1392 2185 )
1411 2158 1444 2185 Et
1458 2166 1524 2186 sane
1542 2159 1650 2185 veniam
1675 2159 1774 2193 purga-

983 2209 1140 2244 tionemque
1150 2215 1212 2235 cum
1234 2207 1371 2243 principes
1385 2206 1569 2237 sacerdotum,
1584 2210 1641 2232 tum
1657 2204 1774 2240 populus

983 2255 1073 2283 omnis
1104 2254 1245 2282 consecuti
1277 2257 1380 2287 essent,
1415 2253 1437 2281 si
1469 2260 1569 2280 novum
1603 2255 1630 2278 et
1655 2251 1775 2278 salutare

142 2292 196 2320 τῶν
212 2292 415 2328 ἡμαρτημένων
442 2292 533 2324 αὐτοῖς
558 2292 582 2318 οί
601 2292 739 2327 ἀρχιερεῖς
763 2292 810 2318 και)⁵
835 2293 859 2318 οἱ
886 2292 932 2319 τοῦ

984 2301 1190 2330 Testamentum
1213 2300 1407 2336 suscipientes,
1432 2298 1479 2325 tali
1507 2297 1643 2326 sacriﬁcio
1657 2297 1773 2324 fuissent

143 2337 243 2370 παντὸς
256 2337 357 2370 ἔθνους,
371 2339 395 2364 εί
414 2338 548 2374 κέχρηντο
561 2337 646 2373 ταύτῃ
659 2339 692 2373 τῇ
705 2337 794 2373 θυσίᾳ,
806 2338 856 2373 τὴν
869 2346 930 2364 και-

99 2377 103 2381 .
143 2384 190 2420 νῆν
206 2384 255 2411 καὶ
274 2385 406 2420 σωτήριον
420 2384 558 2419 Διαθήκην
574 2384 800 2420 παραδεξάμενοι.

177 2428 245 2458 Ε’ῐτα
258 2430 340 2466 εὐχὴν
355 2430 509 2465 ἀναπέμπει
529 2431 543 2456 ό
563 2430 722 2466 προλεχθεὶς
742 2429 848 2465 πτωχὸς
863 2430 932 2465 ὑπὲρ

142 2476 196 2504 τῶν
210 2476 409 2512 παραπλησίως
423 2476 497 2512 αὺτῷ
526 2476 651 2512 πτωχῶν,
668 2476 732 2511 περὶ
759 2473 796 2503 ὧν
814 2476 933 2503 διδάσκει

143 2522 239 2557 λέγων·
255 2532 265 2548 ι
276 2522 414 2558 Μακάριοι
430 2523 455 2549 οἱ
479 2523 582 2558 πτωχοὶ
607 2522 645 2557 τῷ
663 2522 809 2557 πνεύματι,
826 2523 866 2548 ὃτι
886 2522 934 2548 αὐ-

142 2567 196 2594 τῶν
209 2568 283 2594 ἐστιν
297 2567 314 2603 ή
328 2567 449 2603 βασιλεία
474 2568 528 2594 τῶν
544 2567 694 2603 οὐρανῶν.»
723 2567 776 2594 Καί
802 2575 868 2603 φησι
889 2566 934 2593 διὰ

141 2613 190 2650 τῆς
203 2613 296 2649 εὐχῆς·
316 2623 324 2639 ι
337 2613 476 2641 Ἰδὲτωσαν
496 2614 598 2649 πτωχοὶ
615 2614 661 2641 καὶ
673 2613 929 2649 εὑφρανθήτωσαν.»

142 2659 259 2696 Εὖχεται
289 2659 318 2686 δὲ
344 2660 395 2695 ήδη
419 2660 485 2686 ποτὲ
501 2661 541 2692 είς
570 2660 639 2695 ἔργα
654 2660 777 2696 χωρῆσαι
805 2659 839 2686 τὰ
865 2668 931 2695 προ-

142 2706 283 2742 λεχθέντα,
295 2706 366 2733 ὥστε
376 2706 525 2742 ὀφθαλμοῖς
538 2706 606 2732 αὐτὰ
617 2706 765 2733 θεάσασθαι
781 2706 844 2737 τοὺς
859 2707 933 2741 εἰρη-

145 2752 242 2787 μένους
259 2752 393 2787 πτωχοὺς,
422 2751 522 2787 δηλαδὴ
551 2752 614 2783 τοὺς
643 2751 766 2787 μαθητὰς
787 2750 868 2778 αὐτοῦ
885 2751 933 2777 καὶ

143 2798 205 2830 τοὺς
217 2798 393 2830 ἀποστόλους,
408 2799 481 2825 Ἰδεῖν
495 2798 523 2825 δὲ
539 2798 644 2830 τούτοις
657 2797 764 2833 εὔχεται
780 2797 827 2833 τὴν
841 2797 934 2824 ἀποδο-

146 2843 288 2880 μασμὲνην
303 2843 367 2878 ὑμῖν
394 2843 532 2878 βασιλείαν
556 2843 609 2870 ἀπὸ
634 2843 786 2879 καταϐολῆς
800 2843 929 2878 κόσμου.»

178 2901 201 2918 ⁸⁵
229 2900 316 2929 Levii.
351 2909 388 2933 Iv,
419 2902 474 2930 1-5.
514 2902 535 2918 ⁸⁵
561 2902 626 2930 ibid.
642 2902 738 2934 13,“.

147 2936 168 2960 ’ἓ
187 2935 282 2964 Matth.
307 2945 334 2969 v,
349 2935 377 2965 '5.

789 2902 810 2917 "
825 2901 911 2929 chit.
929 2908 992 2934 vni,
1013 2900 1053 2927 li.

984 2348 1037 2376 usi.

1018 2424 1120 2452 Deinde
1128 2423 1271 2451 mendicus
1286 2422 1333 2450 ille
1346 2421 1499 2449 orationem
1515 2419 1630 2447 ellundit
1645 2426 1694 2454 pro
1707 2426 1775 2454 pau-

982 2471 1093 2506 peribus
1107 2470 1149 2498 sui
1165 2468 1313 2499 similibus,
1330 2467 1364 2494 de
1376 2467 1476 2501 quibus
1493 2465 1550 2492 liam
1564 2464 1662 2492 tradit:
1678 2474 1687 2490 ι
1699 2464 1774 2493 Beati

982 2523 1116 2552 pauperes
1143 2514 1254 2549 spiritu,
1283 2511 1413 2547 quoniam
1440 2511 1562 2545 ipsorum
1591 2514 1633 2537 est
1660 2517 1776 2545 regnum

982 2562 1114 2589 caelorum
1132 2561 1165 2587 δν.
1181 2569 1190 2584 ι
1210 2558 1239 2585 In
1253 2558 1379 2585 oratione
1396 2565 1461 2584 vero
1486 2563 1535 2583 sua
1560 2556 1598 2582 ait
1613 2564 1619 2582 :
1636 2565 1644 2581 ι
1660 2554 1776 2582 Videant

983 2614 1118 2643 pauperes
1133 2611 1160 2633 et
1174 2606 1307 2633 laetentur.
1325 2613 1334 2629 ι
1354 2602 1414 2630 Jam
1432 2607 1521 2630 autem
1534 2606 1662 2637 precatur
1678 2605 1776 2636 utque:

984 2661 1067 2689 supra
1077 2652 1149 2680 dicta
1161 2655 1225 2679 sunt
1240 2650 1377 2682 eveniant,
1393 2649 1429 2676 ita
1446 2654 1475 2676 ut
1485 2656 1621 2684 pauperes
1638 2648 1696 2680 isti,
1723 2648 1776 2674 sci-

984 2701 1047 2728 licet
1065 2699 1193 2734 discipuli
1219 2702 1246 2726 et
1274 2696 1390 2732 apostoli
1418 2695 1472 2728 sui,
1496 2695 1614 2723 videant.
1645 2693 1775 2721 Prceatur

984 2756 1048 2775 vero
1065 2752 1094 2774 ut
1107 2745 1214 2773 laudem
1239 2744 1312 2771 illam
1326 2743 1412 2770 vitulo
1427 2742 1534 2770 novello
1550 2748 1652 2768 cornua
1669 2739 1773 2774 produ-

986 2797 1065 2822 cente
1084 2796 1112 2820 et
1133 2791 1249 2826 ungulas
1269 2791 1415 2825 gratiorem
1443 2787 1624 2824 conspiciant.
1651 2785 1684 2812 Et
1705 2792 1773 2813 sane

990 2850 999 2867 ι
1019 2841 1056 2868 Ea
1077 2847 1142 2867 vero
1155 2846 1215 2873 qua:
1246 2845 1356 2865 sursum
1385 2840 1428 2864 est
1455 2835 1605 2863 Jerusalem
1622 2833 1704 2860 libera
1718 2837 1773 2864 est,

1101 2900 1121 2915 ⁵⁷
1139 2898 1233 2925 Matth.
1265 2904 1338 2928 xxvt,
1363 2895 1407 2923 59.
1456 2895 1479 2911 "
1506 2893 1698 2924 Maltinxxvn,
1725 2890 1772 2919 20.
