2041 3215
117 167 174 196 ’τῦθ

687 166 939 195 COMMENTARIA
956 167 990 195 IN
1009 167 1178 196 PSALMOS.

1236 174 1261 205 [ν
1276 166 1293 204 ‘i
1702 176 1755 205 770

122 226 213 261 ἀλγῶν
228 226 285 261 ἐγώ
297 227 364 262 ειμι,
380 227 397 261 ἡ
415 226 537 262 σωτηρία
561 234 618 257 σου,
636 227 650 252 ὁ
661 226 735 259 Θεὸς,
753 226 906 253 ἀντελάϐετ(

967 227 994 258 in
1004 227 1130 263 prasenti
1146 231 1239 262 postea
1256 227 1321 255 dicit
1334 237 1341 256 :
1360 237 1370 256 ι
1390 228 1447 265 Ego
1456 237 1521 258 vero
1535 238 1640 264 egenus
1650 236 1676 261 et
1685 239 1754 269 pau-

123 281 190 309 μου·
210 282 219 298 ι
241 272 372 304 ὡσαύτως
390 272 418 299 δὲ
439 273 485 299 καὶ
503 273 532 299 ὲν
551 272 590 306 τῷ
608 272 677 308 μετὰ
693 274 785 308 χεῖρας
810 271 910 308 προῖὼν

123 319 236 352 φάσκει·
251 327 261 343 ι
282 317 353 353 Ἐγὼ
368 317 397 344 δὲ
415 318 521 353 πτωχὸς
537 317 584 345 καὶ
601 317 702 353 πένης,
725 317 739 343 ὁ
758 317 834 349 Θεὸς,
851 317 911 353 βοή-

115 364 204 401 εθησόν
217 373 273 400 μοι.
292 373 302 390 ι
316 364 397 390 Ὥστε
414 364 460 390 καὶ
476 364 519 390 διὰ
531 364 611 390 τοῦτο
629 364 783 398 ἀναγκαίως
797 364 911 400 ἐπιγρά-

123 419 182 446 φειν
199 421 208 436 ε
227 411 269 443 είς
287 410 317 437 τὸ
341 410 428 442 τέλος.
448 420 457 436 ι
481 410 543 436 Ἐὰν
572 410 622 445 μὲν
639 408 685 437 οὖν
706 411 738 436 ἐκ
766 409 911 446 προσώπου

122 458 167 485 τοῦ
183 456 266 484 Δαυτδ
279 457 395 491 λέγοιτο,
410 456 495 488 εἴποι,
514 456 547 483 ἆν
570 457 610 483 ὖτι
626 456 743 492 μεγάλου
762 456 911 491 βασιλεύων

67 532 72 537 _
122 504 231 536 ἔθνους,
257 502 360 539 σφόδρα
389 502 590 534 πλουσιώτατος
611 501 663 534 ὢν,
692 503 742 529 οὐκ
764 503 857 537 ἠγνόει
881 502 912 529 τὸ

122 549 226 585 φάο-κον
242 549 346 584 λόγιον·
363 559 372 575 ‹
391 549 465 584 Ὀσῳ
484 549 570 584 μέγας
587 546 629 579 ei,
647 549 766 584 τοσούτῳ
781 548 910 575 ταπεινοῦ

122 595 249 628 σεαυτὸν,
267 596 313 622 καὶ
333 593 447 622 ἐνώπιον
464 596 566 631 Κυρίου
584 595 711 631 εὑρήσεις
727 596 818 631 χάριν.
838 605 846 620 ι
866 595 911 622 Διὸ

122 641 324 678 μετριοφρονῶν
344 641 391 668 καὶ⁴
413 641 632 676 ταπεινοφρονὼν
649 642 697 667 καὶ
718 640 826 676 ἀληθῶς
846 650 910 677 σμι-

121 688 228 725 κρύνων
244 687 357 720 ἑαυτὸν,
380 688 427 714 καὶ
451 687 520 723 πρὸς
541 687 571 713 τὸ
594 687 708 722 μέγεθος
732 688 841 723 ἀφορῶν
864 687 910 714 τοῦ

120 734 236 762 πλούτου
251 734 302 770 τῆς
319 734 503 770 χρηστότητος
520 733 566 760 τοῦ
577 733 645 760 Θεοῦ
656 755 663 766 ,
678 734 784 769 πτωχὸν
799 733 845 760 καὶ
862 734 911 761 m3-

119 789 188 817 νητα
213 781 310 808 ἑαυτὸν
336 780 380 807 διὰ
403 780 458 806 τῶν
482 779 670 815 προκειμένων
696 779 819 815 ὠνόμασε
833 789 839 795 ·
864 780 910 806 καὶ

119 825 271 863 ἀρχόμενος
290 826 318 855 δὲ
338 825 384 851 τοῦ
399 825 490 859 λόγου,
505 826 543 856 ὡς
561 824 643 860 μηδὲν
663 824 738 860 αὺτῷ
758 824 909 860 συμϐαλλο-

121 873 215 906 μένου,
233 871 300 906 μήτε
316 870 441 902 πλούτου,
458 871 526 906 μήτε
545 869 692 904 βασιλείας,
711 870 777 905 μήτε
798 870 846 905 τῆς
862 870 908 896 τοῦ

119 917 221 950 παντὸς
241 917 332 949 ἔθνους
348 916 474 953 βοηθείας
484 936 491 948 ,
511 917 577 952 μήτε
591 917 639 952 τῆς
660 915 689 948 ἐξ
704 917 846 952 ἀσκήσεως
863 925 909 942 που
925 913 946 941 Β

120 962 260 999 ρισθείσης
282 962 356 998 αὐτῷ
377 962 559 998 δικαιοσύνης,
584 963 633 998 τὴν
657 963 731 998 παρά
759 962 838 997 μόνου
863 961 910 988 τοῦ

118 1008 187 1036 Θεοῦ
208 1009 334 1045 βοήθειαν
352 1008 535 1044 ὲξῄτει).ἐγων
545 1017 552 1023 ·
574 1019 582 1034 ι
594 1009 624 1035 Ὀ
640 1009 715 1040 Θεὸς,
730 1009 769 1040 εἰς
782 1008 830 1043 τὴν
846 1008 909 1043 βοή-

119 1055 194 1082 θειάν
209 1064 260 1091 μου
272 1055 399 1091 πρόσχες.
413 1054 510 1090 Κύριε,
529 1055 567 1086 εἰς
578 1055 608 1081 τὸ
619 1054 751 1089 βοηθῆσαί
767 1063 811 1090 μοι
826 1054 909 1080 σπεῦ-

119 1109 174 1127 σον.
194 1111 203 1127 ι
228 1101 314 1136 Ὁρῶν
337 1101 364 1127 δὲ
381 1100 495 1131 πολλοὺς
518 1100 760 1135 διαφθονουμένους
785 1101 817 1135 τῇ
840 1098 910 1126 κατά

111 1147 184 1174 θεον
196 1146 280 1174 αὑτοῦ
294 1147 417 1183 προκοπῇ
435 1146 481 1172 καὶ
497 1145 692 1180 βασκαίνοντας
707 1147 788 1173 αὑτοῦ
804 1148 836 1182 τῇ
853 1155 907 1173 σω-

112 1193 202 1229 τηρίᾳ
221 1194 271 1229 τῆς
288 1193 393 1228 ψυχῆς,
417 1191 571 1227 προσετίθει
588 1192 634 1221 τὸ,
650 1201 659 1217 ι
680 1192 907 1228 Λίσχυνθήτωσαν

116 1240 165 1267 καὶ
190 1239 402 1275 ὲντραπήτωσαν
428 1239 452 1265 ot
478 1237 624 1273 ζητοῦντες
649 1239 698 1274 τὴν
724 1239 812 1274 ψυχήν
845 1248 906 1275 μου.

117 1283 390 1318 ”Ᾱποστραφήτωσαν
404 1283 444 1314 είς
460 1283 493 1310 τὰ
511 1283 598 1309 ὀπίσω
610 1283 656 1310 καὶ
672 1284 908 1320 καταισχυνοήτω-

117 1339 167 1357 σαν
183 1331 210 1357 οἱ
226 1329 382 1366 βουλόμενοί
400 1338 445 1365 μοι
464 1330 546 1357 κακά.
569 1331 833 1366 Ἀποστραφήτωσαν
854 1340 907 1357 πα-

113 1376 236 1414 ραυτίκα
251 1375 438 1411 αἰσχυνόμενοι
451 1376 476 1402 οἱ
491 1375 615 1410 λέγοντές
631 1385 691 1411 μοι,
708 1374 789 1410 Εὖγε,
803 1375 876 1411 εὖγε.
894 1386 905 1403 ι

116 1423 166 1450 Διά
175 1422 278 1449 τούτων
286 1422 340 1458 γὰρ
347 1421 472 1457 ὁμολογεῖ
480 1422 560 1453 αὐτὸς
571 1422 619 1457 μὲν
629 1423 717 1458 ἑαυτῷ
731 1423 768 1459 μὴ
778 1423 907 1450 δύνασθαι

115 1469 266 1504 ἐπαρκεῖν,
283 1467 385 1495 δεῖσθαι
403 1468 432 1494 δὲ
448 1468 497 1499 τῆς
516 1467 590 1504 παρὰ
612 1468 659 1494 τοῦ
671 1469 823 1504 κρείττονος
843 1469 910 1510 βοηῖ

112 1513 210 1546 Ὀείας·
227 1513 277 1547 ὦς,
291 1513 317 1540 εί
334 1514 371 1549 μὴ
384 1513 460 1548 τύχοι
476 1514 586 1550 ταύτης,
603 1514 705 1550 ἔρημος
719 1514 846 1549 ἐσόμενος
859 1515 907 1541 καὶ

117 1554 348 1595 ἐλεγχθησῦμενος
362 1559 478 1595 ἀσθενὴς
486 1560 533 1587 καὶ
547 1560 627 1586 πλέον
635 1560 710 1586 οὐδὲν
724 1560 740 1595 ἢ
755 1560 849 1595 θνητὸς
859 1562 906 1587 ἄν-

117 1605 244 1641 θρωπος·
259 1605 307 1632 καὶ
322 1605 359 1637 ὡς
375 1606 398 1632 οἱ
412 1605 504 1642 ἐχθροὶ
521 1606 601 1632 αὑτοῦ
614 1606 848 1642 ὲπιχαιρεσίκακοί
866 1616 906 1633 τι-

115 1659 160 1683 νες
179 1651 258 1683 δντες
279 1651 390 1678 πεσόντι
413 1651 487 1686 αὐτῷ
506 1651 734 1686 ὲπαναϐήσονται.
754 1652 787 1679 Εἰ
801 1652 828 1678 δὲ
845 1652 907 1687 βοη-

115 1697 164 1726 θοῦ
192 1697 269 1733 τύχοι
295 1697 341 1724 τοῦ
369 1697 447 1730 Θεοῦ,
473 1697 553 1729 αὐτὸς
579 1697 628 1733 μὲν
660 1697 734 1724 ἔσται
757 1697 905 1733 ἁνώτερος·

116 1744 250 1779 αισχῠνην
267 1743 297 1770 δὲ
317 1743 513 1778 καταχεοῦνται
534 1744 558 1770 oi.
577 1743 627 1778 τῆς
641 1743 722 1770 αὑτοῦ
743 1743 832 1778 ψυχῆς
849 1742 907 1769 ὲπί-

115 1790 223 1821 σωλοιι
236 1790 337 1822 οἵτινες
361 1790 402 1824 ἐφ’
417 1790 519 1826 ἑκάστῃ
535 1789 632 1826 πράξει
646 1789 715 1816 κατὰ
727 1789 811 1821 πόδας
823 1789 905 1816 αὑτοῦ

117 1837 255 1873 βαίνοντες
261 1836 309 1863 καὶ
315 1835 478 1872 πειρώμενοι
486 1836 652 1871 ὲπιλαμϐἁνε
657 1835 717 1862 σθαι
724 1835 805 1862 αὐτοῦ
816 1835 905 1870 λέγειν

111 1882 256 1914 εἰώθασιν,
273 1891 283 1908 ί
298 1880 369 1916 Εὖγε
378 1902 386 1914 ,
403 1879 465 1916 εὖγε
477 1902 483 1913 ,
498 1891 508 1908 ο
523 1881 561 1912 ὠς
572 1881 605 1908 ἂν
619 1881 845 1916 ἐπιτυγχάνοντες
857 1882 904 1909 καὶ

113 1930 177 1957 κατ’
191 1928 275 1964 εὐχὰς
290 1929 454 1964 πράττοντες
465 1929 494 1954 ὲν
509 1925 551 1959 οἷς
565 1928 646 1954 αὑτὸν
665 1927 828 1961 σφάλλεσθαι
844 1928 903 1954 ἑνό-

117 1975 206 2010 ιιιιζον.
226 1973 296 2001 Εἰ.δὲ
315 1973 362 2000 ἐπὶ
378 1974 423 2000 τὸν
438 1973 551 2009 ἃδτῆρά
561 1982 601 2004 τις
615 1973 743 2009 ἀναφέροι
759 1972 844 1999 ταῦτα
861 1972 905 1999 διὰ

113 2019 164 2056 τὴν
175 2019 354 2047 ἀποδοθεῖσαν
369 2019 470 2051 αἰτίαν,
487 2019 561 2054 ἐρεῖ,
575 2019 616 2045 ὅτι
638 2019 701 2050 τοὺς
719 2018 904 2045 ἐπιϐουλεύον-

113 2074 165 2098 τας
176 2064 261 2092 αὐτοῦ
274 2064 313 2100 τῷ
323 2065 395 2100 λόγῳ
409 2065 456 2092 καὶ
468 2067 500 2100 τῇ
515 2064 684 2100 διδασκαλία,
699 2064 738 2100 τῷ
748 2073 778 2091 τε
793 2065 903 2100 μεγάλῳ

113 2111 223 2148 σώματι
237 2111 288 2147 τῆς
306 2111 469 2147 Ἐκκλησίας
488 2110 570 2138 αὐτοῦ
591 2110 701 2146 θεωρῶν
719 2111 897 2146 ἐπανισταμέ-

964 281 1012 308 per
1026 282 1097 308 sum,
1117 274 1197 306 Deus,
1215 274 1313 306 adiuva
1339 282 1392 303 me.
1418 285 1427 302 ι
1444 276 1482 304 ita
1508 281 1537 307 ut
1562 286 1592 306 ea
1612 278 1646 307 de
1668 287 1753 307 causa

965 328 974 345 ‹
991 319 1018 346 in
1043 319 1123 347 linem
1143 330 1152 346 ι
1180 321 1336 347 necessario
1366 321 1542 351 inscribatur.
1569 324 1646 358 Quod
1674 326 1699 354 si
1717 333 1754 356 ex

963 373 1081 400 persona
1098 366 1209 394 Davidis
1226 366 1393 402 proferatur,
1410 368 1485 396 dicas
1502 371 1565 397 licet
1583 372 1672 406 ipsum
1693 380 1754 400 ma-

962 421 1021 447 gna:
1040 413 1127 448 gentis
1149 421 1249 449 regem,
1267 421 1299 442 ac
1314 415 1500 448 ditissimum,
1526 424 1581 445 non
1612 419 1754 453 ignorasse

963 465 1053 486 tamen
1070 459 1172 486 dictum
1200 460 1290 488 illud:
1320 470 1329 486 ι
1349 460 1457 494 Quanto
1485 463 1573 497 major
1599 472 1644 496 es,
1676 469 1754 493 tanto

962 504 1050 539 magis
1070 505 1186 539 teipsnm
1212 505 1344 540 humilia,
1370 510 1398 533 et
1422 506 1449 533 in
1471 512 1619 542 conspectu
1643 508 1752 537 Domini

962 550 1085 578 invenies
1098 552 1213 587 gratiam
1228 553 1273 579 "‘.
1286 562 1295 578 ι
1310 552 1401 585 Quare
1417 554 1556 581 moderate
1572 558 1599 582 et
1614 555 1754 584 humiliter

962 598 1094 629 sentiens.
1110 606 1227 633 vereque
1243 606 1303 626 sese
1321 607 1433 634 parvum
1455 605 1597 635 reputans,
1615 609 1647 628 ac
1664 603 1752 636 respi-

960 644 1038 671 ciens
1054 645 1269 680 magnitudinem
1283 645 1439 673 divitiarum
1459 646 1590 675 bonitatis
1607 647 1673 681 Dei,
1691 656 1754 684 ege-

962 689 1026 716 num
1045 698 1075 717 se
1099 695 1125 718 et
1142 697 1288 726 pauperem
1317 691 1345 718 in
1369 693 1495 726 prmsenti
1519 694 1644 722 vocavit:
1671 698 1754 729 atque

961 743 1115 763 sermonem
1132 737 1252 768 ordiens,
1269 743 1301 763 ac
1319 736 1343 764 si
1362 737 1481 770 divitiae,
1510 745 1640 774 regnum,
1669 741 1754 769 totius

961 782 1052 817 populi
1069 783 1179 815 auxilia,
1195 784 1313 820 itemque
1333 784 1438 819 justitia
1456 791 1505 819 per
1527 786 1752 815 exercitationem

961 832 1128 862 comparata,
1146 829 1214 855 nihil
1230 829 1282 857 sibi
1307 829 1476 863 conferrent,
1492 830 1577 859 solius
1600 830 1647 859 Dei
1673 832 1752 860 auxi-

961 873 1026 900 lium
1056 874 1199 908 expetebat
1228 875 1346 904 dieens:
1370 884 1381 903 ι
1407 875 1496 909 Deus,
1527 876 1556 904 in
1585 877 1750 912 adiutorium

962 925 1051 945 meum
1061 919 1169 947 intende
1179 929 1185 953 ;
1196 920 1319 954 Domine,
1332 922 1366 949 ad
1377 922 1560 958 adjuvandum
1572 930 1614 951 me
1623 923 1748 952 festina.)

962 966 1190 994 Animadvertens
1208 972 1297 995 autem
1325 969 1458 1004 plurimos
1478 978 1540 998 esse
1556 971 1603 1005 qui
1628 978 1679 998 suo
1708 979 1752 999 se-

961 1013 1080 1038 cundum
1097 1012 1180 1039 Deum
1197 1013 1340 1049 profectui,
1355 1016 1439 1043 livore
1453 1015 1538 1050 ducti,
1550 1024 1582 1044 ac
1593 1017 1676 1044 saluti
1688 1018 1750 1044 ani-

960 1065 1011 1085 mae
1024 1065 1080 1085 sua:
1102 1059 1264 1092 inviderent,
1280 1061 1346 1088 illud
1371 1062 1491 1097 adjecit:
1512 1072 1521 1089 ι
1538 1062 1751 1091 Confundantur

960 1107 986 1131 et
1001 1110 1177 1132 revereanlur
1196 1107 1242 1141 qui
1260 1111 1386 1142 quaerunt
1400 1108 1518 1135 animam
1536 1117 1634 1137 meam.
1663 1109 1750 1137 Aver-

959 1153 1052 1178 tantur
1076 1156 1227 1180 retrorsqu
1251 1158 1277 1181 et
1304 1155 1467 1183 erubescant
1489 1156 1535 1191 qui
1563 1157 1657 1184 volunt
1681 1157 1749 1185 mihi

959 1195 1039 1220 mala.
1054 1194 1221 1223 Avertantur
1239 1198 1332 1226 statim
1361 1200 1556 1227 erubescentes
1577 1201 1624 1236 qui
1654 1203 1750 1229 dicunt

957 1240 1035 1273 mihi,
1048 1240 1132 1277 Euge,
1147 1250 1225 1278 euge.
1245 1253 1254 1270 ι
1272 1243 1320 1271 His
1340 1246 1486 1273 conliletur
1499 1254 1529 1274 se
1543 1254 1598 1274 non
1614 1247 1666 1274 sibi
1681 1249 1749 1277 satis

957 1294 1029 1318 esse,
1043 1287 1091 1314 sed
1108 1287 1155 1315 Dei
1176 1289 1278 1317 auxilio
1296 1298 1386 1326 egere.
1404 1290 1537 1318 Futurum
1554 1293 1656 1328 quippe
1669 1298 1747 1327 erat,

959 1333 981 1360 si
993 1333 1020 1360 id
1034 1341 1088 1361 non
1101 1341 1326 1370 consequeretur,
1343 1341 1373 1364 ut
1394 1337 1519 1366 desertus
1532 1343 1616 1371 esset,
1627 1347 1660 1367 ac
1672 1341 1748 1368 inﬁr-

958 1387 1019 1407 mus
1033 1380 1156 1416 nihilque
1166 1382 1252 1418 magis
1263 1391 1344 1418 quam
1361 1385 1483 1413 mortalis
1496 1385 1576 1413 homo
1593 1385 1744 1422 deprehen-

958 1425 1078 1458 deretur,
1088 1427 1246 1463 inimicique
1260 1429 1356 1457 alienis
1366 1430 1444 1458 malis
1461 1431 1623 1466 gaudentes,
1639 1433 1746 1468 lapsum

958 1479 988 1499 se
1002 1472 1124 1501 invasuri
1137 1478 1238 1502 essent.
1258 1474 1286 1502 Si
1310 1483 1375 1503 vero
1392 1477 1544 1511 adjutorem
1569 1477 1654 1506 Deum
1677 1487 1748 1507 nan-

958 1519 1116 1552 cisceretur,
1133 1521 1301 1556 superiorem
1319 1529 1348 1549 se
1364 1522 1421 1550 l'ore
1436 1523 1587 1559 animaeque
1613 1532 1670 1553 sum
1693 1525 1748 1554 ini-

959 1564 1044 1592 micos
1056 1565 1160 1599 pudore
1175 1566 1308 1594 sull'usum
1332 1567 1366 1595 iri
1388 1568 1525 1603 sperabat.
1555 1569 1588 1596 Hi
1611 1570 1684 1597 enim
1711 1570 1747 1598 ad

958 1610 1064 1644 singula
1081 1616 1155 1646 gesta
1166 1612 1225 1646 ejus
1233 1620 1247 1639 e
1255 1613 1370 1648 vestigio
1381 1614 1538 1643 incedentes
1551 1616 1746 1654 observabant,

959 1654 1103 1690 ipsumque
1130 1657 1359 1691 comprehendere
1386 1659 1527 1688 studentes
1559 1661 1651 1689 dicere
1673 1663 1747 1691 sole-

959 1699 1034 1734 bant,
1049 1710 1059 1727 ι
1080 1701 1153 1737 Euge
1165 1722 1173 1734 ,
1192 1710 1269 1738 euge,
1287 1712 1296 1729 ι
1315 1704 1392 1738 quasi
1413 1712 1441 1731 re
1463 1705 1533 1733 bene
1554 1711 1629 1742 gesta
1653 1712 1681 1735 et
1696 1716 1747 1743 pro

958 1751 1020 1774 voto
1036 1748 1211 1780 succedenle,
1227 1755 1288 1775 cum
1307 1749 1412 1784 lapsum
1429 1758 1491 1778 eum
1514 1756 1651 1786 putarent.
1668 1753 1747 1787 Quod

958 1792 981 1821 si
993 1793 1056 1828 quis
1070 1794 1128 1821 haec
1143 1794 1176 1821 ad
1195 1794 1362 1822 Salvatorem
1384 1795 1420 1823 ob
1441 1804 1524 1832 super
1537 1798 1665 1826 traditam
1679 1807 1747 1828 cau-

959 1846 1016 1866 sam
1032 1839 1142 1872 rel'erat,
1161 1840 1185 1868 is
1200 1841 1288 1874 dicet,
1312 1842 1401 1877 ipsum
1416 1850 1478 1870 cum
1496 1849 1619 1872 cerneret
1637 1853 1685 1873 eos
1698 1847 1746 1882 qui

958 1886 1041 1913 verbo
1062 1890 1090 1914 et
1120 1886 1252 1915 doctrina:
1278 1895 1336 1916 suae
1358 1896 1510 1924 magnoque
1533 1889 1662 1918 Ecclesiae
1689 1900 1746 1921 sua:

958 1931 1067 1966 corpori
1088 1931 1300 1965 insidiabantur,
1319 1932 1459 1968 insurgere
1475 1941 1506 1962 ac
1527 1934 1685 1970 frequenter
1697 1937 1746 1964 ad-

956 1984 1054 2004 versus
1078 1976 1151 2003 illam
1168 1978 1371 2012 persecutiones
1390 1979 1530 2013 excitare;
1548 1987 1643 2009 eorum
1667 1982 1746 2011 mali-

955 2024 1019 2050 tiam
1032 2026 1215 2056 exsecratum,
1233 2023 1304 2052 hanc
1319 2025 1479 2061 prophetice
1499 2028 1651 2056 orationem
1675 2029 1746 2057 emi-

955 2069 1035 2101 sisse,
1050 2068 1155 2104 hocque
1171 2069 1268 2097 orandi
1286 2070 1442 2099 institutum
1465 2071 1595 2101 Ecclesia:
1617 2081 1675 2102 suae
1689 2079 1746 2103 tra-

953 2111 1065 2139 didisse.

111 2167 186 2192 mc,
199 2159 248 2186 καὶ
259 2158 323 2190 τοὺς
341 2158 476 2193 διωγμοὺς
496 2158 613 2192 συνεχῶς
631 2157 690 2184 κατ’
705 2157 791 2193 αὐτῆς
813 2158 1006 2192 ἐνεργοῦντας,
1022 2159 1287 2196 ἀππροπιαζὸμενος
1317 2162 1407 2190 αὐτῶν
1437 2163 1487 2201 τὴν
1513 2165 1628 2200 κακίαν,
1644 2166 1747 2203 ταύτην

112 2205 292 2242 προφητικῶς
318 2205 457 2240 ἀνέπεμπε
483 2205 533 2240 τὴν
554 2204 652 2240 εὐχὴν,
677 2205 746 2231 οὕτω
768 2205 823 2231 δεῖν
846 2205 971 2241 εὔχεσθαι
987 2207 1118 2249 διῇἀσκων
1129 2208 1178 2244 τὴν
1201 2209 1363 2246 Ἐκκλησίαν
1379 2211 1472 2240 αὑτοῦ.

150 2260 162 2278 ι
183 2251 419 2287 ’Δγαλλιάσθωσαν
435 2252 481 2278 καὶ
496 2252 724 2288 εὐφρανθήτωσαν
741 2253 786 2279 ἐπὶ
799 2253 828 2279 σὲ
839 2253 906 2280 πάν-

993 2252 1076 2282 Vsus.
1097 2255 1124 2287 5,
1144 2256 1170 2282 6.
1182 2264 1192 2281 ι
1206 2255 1349 2284 Exsultent
1367 2262 1393 2285 ct
1410 2258 1535 2286 laetentur
1544 2267 1627 2295 super
1643 2265 1670 2289 te
1686 2269 1746 2289 om-

107 2305 158 2330 ’τες
173 2298 200 2325 οἱ
218 2297 368 2334 ζητοῦντές
382 2307 422 2325 σε,
438 2307 447 2323 ι
467 2298 507 2325 Τὰ
528 2298 577 2333 μὲν
599 2297 695 2334 πρῶτα
718 2298 904 2334 ἀνατρεπτικὰ

110 2341 147 2380 ἦν
175 2343 232 2370 ¹οῶν
250 2344 396 2371 ἐναντίων·
425 2344 578 2375 ἀκολούθως
596 2343 623 2370 δὲ
644 2343 679 2370 τὰ
701 2344 814 2380 δεύτερα
834 2345 902 2380 ὑπὲρ

111 2389 168 2417 τῶν
181 2390 291 2417 οἰκείων
311 2390 467 2426 πρεσϐεύει.
486 2390 540 2418 Καὶ
559 2391 582 2417 εί
607 2390 655 2426 μὲν
672 2391 688 2416 ἦ
707 2390 787 2417 Δαυῒδ
806 2390 902 2427 δικαίῳ

109 2435 274 2472 πρέπουσαν
287 2436 368 2472 εὐχὴν
384 2438 512 2469 ἐποιεῖτο,
530 2437 567 2468 ὡς
581 2436 613 2463 ἂν
629 2437 730 2468 πάντες
741 2438 764 2463 οἱ
777 2437 822 2463 τὸν
836 2437 902 2464 Θεὸν

108 2481 269 2517 ζητοῦντες,
286 2479 324 2510 ὧν
347 2480 388 2514 εἷς
413 2483 460 2510 καὶ
484 2483 565 2514 αὒτθις
588 2480 637 2518 ἦν,
654 2483 839 2517 ἀγαλλιάσεως
855 2483 902 2510 καὶ

109 2526 284 2563 εὐφροσύνης
295 2527 432 2563 μετέχοιεν
442 2528 495 2554 τῶν
511 2528 614 2564 ἐχθρῶν
628 2529 883 2564 καταισχυνομένων
893 2538 899 2545 ·

109 2573 136 2600 οι
154 2573 184 2600 δὲ
204 2573 365 2608 ἀγαπῶντες
382 2574 412 2601 τὸ
431 2575 563 2610 σωτήριον
586 2575 631 2601 τοῦ
648 2575 715 2602 Θεοῦ
737 2575 840 2609 λέγοιεν
854 2574 899 2607 ἂν,

112 2619 342 2655 ιΜεγαλυνθήτω
367 2621 381 2647 ὁ
403 2621 484 2652 Θεός·
502 2631 511 2647 ι
539 2622 586 2648 καὶ
605 2622 684 2648 τοῦτο
713 2622 750 2657 μὴ
773 2621 899 2654 εἰσάπαξ,

111 2665 181 2701 μηδὲ
203 2665 244 2692 ἑνί
270 2674 335 2692 ποτε
361 2667 447 2702 χαιρῷ
460 2687 466 2697 ,
484 2667 551 2694 ἀλλά
565 2668 708 2699 διαπαντὸς
728 2668 849 2702 λέγοιεν,
863 2677 901 2694 νι-

108 2710 215 2744 κῶντος
240 2711 270 2738 ὲν
293 2711 384 2744 αὐτοῖς
405 2713 452 2739 καὶ
467 2713 500 2740 δι’
518 2713 607 2739 αὐτῶν
628 2714 682 2740 πᾶν
705 2713 751 2740 τὸν
770 2714 900 2748 πολέμιον

108 2756 188 2791 γένος
200 2756 250 2784 τοῦ
263 2757 342 2784 Θεοῦ.
358 2758 389 2784 El
403 2759 432 2785 δὲ
444 2760 458 2785 ό
476 2759 570 2794 Σωτὴρ
582 2760 636 2790 τοῖς
656 2759 842 2794 προλεχθεῖσιν
861 2759 900 2795 (l)

108 2802 268 2835 ἀκολούθως
285 2802 327 2839 εἴη
346 2804 416 2840 ὑπὲρ
428 2805 482 2832 τῶν
505 2804 535 2837 ἐξ
553 2804 680 2832 ἁπάντων
697 2805 850 2841 τῶῃὲθνῶν
862 2806 901 2838 εἰς

143 2850 179 2867 ⁷¹⁶
192 2849 281 2877 Eccll.
300 2858 339 2880 Ill,
354 2850 398 2878 20.

146 2898 184 2932 ω
200 2897 311 2927 Asina.

956 2307 1004 2327 nes
1020 2301 1066 2335 qui
1084 2306 1209 2336 quzerunt
1222 2306 1257 2330 te.
1277 2312 1286 2329 ι
1311 2303 1406 2331 Priora
1427 2305 1536 2340 quidem
1555 2307 1588 2333 ad
1618 2307 1745 2336 inimicos

954 2347 1117 2375 avertendos
1133 2348 1205 2375 dicta
1231 2353 1314 2382 sunt;
1334 2351 1454 2378 secunda
1470 2359 1534 2378 vero
1548 2359 1598 2386 pro
1614 2352 1745 2381 domesti-

953 2392 994 2418 cis
1015 2393 1180 2427 supplicant.
1199 2392 1232 2421 Et
1253 2401 1319 2420 sane
1346 2393 1456 2428 quidem
1483 2395 1566 2423 David
1591 2397 1744 2425 orationem

951 2436 1026 2471 justo
1043 2443 1238 2474 congruentem
1255 2440 1357 2473 emisit,
1376 2446 1503 2475 precatus
1516 2446 1545 2469 ut
1561 2443 1681 2471 universi
1696 2445 1744 2479 qui

953 2482 1038 2510 Deum
1057 2484 1209 2519 requirunt,
1227 2493 1260 2513 ex
1276 2494 1392 2520 quorum
1406 2487 1450 2515 ille
1463 2495 1578 2516 numero
1590 2493 1650 2516 erat
1661 2510 1669 2521 ,
1687 2490 1744 2517 ini-

955 2529 1033 2556 micis
1044 2530 1148 2564 pudore
1162 2530 1284 2563 suffusis.
1297 2533 1488 2561 exsultationis
1499 2538 1526 2561 et
1546 2535 1636 2570 gaudii
1660 2537 1745 2571 parti-

955 2574 1030 2609 cipes
1046 2575 1110 2603 sint.
1140 2576 1159 2604 ii
1178 2585 1242 2604 vero
1265 2579 1311 2613 qui
1327 2579 1444 2614 diligunt
1470 2580 1591 2608 salutare
1607 2579 1665 2614 Dei,
1682 2580 1745 2616 jure

955 2620 1091 2653 dixerint,
1121 2631 1130 2647 ‹
1164 2623 1351 2658 Magnilicetur
1381 2624 1526 2659 Dominus;
1550 2636 1559 2652 ι
1587 2626 1668 2654 idaue
1690 2633 1744 2655 non

955 2668 1049 2700 semel,
1065 2668 1112 2695 sed
1125 2670 1198 2696 omni
1209 2674 1341 2705 tempore,
1353 2671 1417 2706 quia
1428 2671 1486 2707 ipse
1496 2671 1626 2700 Dominus
1637 2674 1664 2700 in
1676 2673 1744 2709 ipsis

954 2713 1131 2749 ipsorumque
1145 2722 1228 2750 opera
1246 2724 1333 2752 genus
1355 2725 1436 2745 omne
1462 2718 1682 2746 adversariorum
1694 2718 1743 2746 Dei

955 2760 1090 2795 proﬂigal.
1108 2760 1186 2793 Quod
1209 2762 1231 2789 si
1258 2761 1382 2790 Salvator
1407 2764 1546 2798 praedictis
1560 2765 1651 2793 verbis
1675 2771 1743 2793 usus

956 2806 1002 2838 sil,
1013 2810 1212 2841 consequenter
1236 2807 1270 2835 de
1295 2809 1423 2838 omnibus
1448 2810 1575 2846 gentibus
1593 2810 1620 2837 in
1635 2817 1665 2838 se
1681 2816 1742 2838 crc-
