2041 3215
315 162 363 189 7-7I

648 158 783 187 EUSEBH
801 157 1039 187 CJESARIENSIS
1059 156 1134 184 OPP.
1155 155 1247 183 PARS
1261 155 1304 182 Ill.
1327 169 1362 175 —
1380 151 1588 181 EXEGETICA.
1884 150 1928 177 77!

315 219 443 248 dentibus
458 217 575 246 dixerit:
593 226 602 243 ι
619 217 761 245 Exsultent
773 220 801 245 et
819 216 945 243 laetentur
962 215 990 243 in
1007 220 1033 243 te
1046 222 1105 243 om-

1157 215 1238 241 αὺτὴν
1250 212 1480 243 πεπιστευκότων,
1494 211 1568 246 λέγοι
1581 211 1614 237 ἂν
1627 210 1667 242 τὸ,
1680 220 1691 235 ι
1713 209 1928 244 Ἀγαλλιάσθωσαν

316 274 365 294 nes
377 265 422 300 qui
437 268 562 299 quarunt
578 268 613 291 te.
634 273 643 289 ›
662 262 721 290 Non
735 264 807 290 enim
831 262 916 289 Judaei
932 262 1037 293 solum,
1060 270 1106 288 nc-

315 322 369 349 que
395 313 412 340 ii
434 312 481 347 qui
504 320 533 339 se
559 319 591 339 ex
609 311 764 338 Abrahamo
781 313 856 336 ortos
873 308 1041 343 gloriantur;
1060 307 1106 333 sr-d

317 359 466 388 universim
481 363 507 385 et
526 357 666 385 indeﬁnite
678 364 774 383 omnes
789 362 903 390 prorsus
924 354 970 388 qui
982 357 1107 386 quaerunt

316 411 353 439 te,
366 414 400 433 ex
414 405 512 440 quovis
526 411 624 439 genere
637 402 747 433 fuerint,
767 410 775 426 ι
792 401 930 428 exsultent
942 403 968 426 et
983 399 1107 425 kctentur

316 454 343 479 in
356 456 393 486 te,
405 455 431 479 et
444 451 552 483 dicant,
579 450 766 484 Magniﬁcetur
783 448 854 475 Deus
871 457 876 473 :
906 457 914 472 ι
935 447 1015 480 idque
1034 446 1106 472 omni

317 503 438 533 tempore
450 497 544 524 dicant
559 496 604 530 qui
620 495 736 530 diligunt
758 495 878 521 salutare
897 497 984 523 tuum,
1002 492 1107 519 scilicet

317 545 500 573 Salvatorem.
512 544 557 577 qui
574 550 644 576 srcpe
668 542 693 567 in
722 539 871 574 Scripturis
889 539 1009 566 salutare
1023 544 1106 563 voca-

316 597 375 626 tur;
392 600 473 628 quem
489 592 606 626 diligunt
621 590 638 616 ii
652 609 659 620 .
683 588 728 623 qui
754 588 906 614 doctrinam
922 586 981 620 ejus
997 585 1024 611 in
1038 584 1107 610 dile—

321 639 415 665 ctione
431 645 498 672 pura
524 636 651 671 operibus
669 634 768 661 fovent.
785 643 793 658 ι
813 632 867 667 Ego
880 639 944 659 vero
959 637 1061 665 egenus
1081 633 1107 656 et

318 691 426 718 pauper
439 691 498 710 sunt
514 691 519 708 :
536 681 617 712 Deus,
630 680 727 712 adiuva
746 687 797 705 me.
814 688 822 703 ι
841 677 922 704 David
935 683 1054 711 quoque,
1066 675 1102 701 di-

317 738 365 756 ves
382 736 444 756 cum
461 732 543 758 esset,
561 727 697 754 humiliter
717 725 860 753 sentiebat,
878 731 980 758 gnarus
1004 721 1107 748 scilicet

318 774 516 809 magnitudinis
533 773 578 800 Dei
593 792 598 804 ,
628 778 653 798 ct
668 771 740 806 quod
758 778 787 798 se
805 770 872 797 nihil
899 777 960 796 esse
993 768 1105 794 videret.

317 821 407 853 Quare
423 821 507 847 solius
522 819 599 846 fortis
615 818 699 854 [Dei]
716 825 793 852 opem
810 815 972 851 implorabat
994 814 1104 841 dicens:

320 877 330 892 ι
351 867 438 897 Deus,
465 867 562 900 adjuva
591 873 657 891 me:
689 864 798 899 adjutor
827 870 904 889 meus
928 865 955 888 ct
980 861 1108 887 liberator

1159 260 1204 287 xui.
1219 258 1448 294 εὐφρανθήτωσαν
1461 256 1507 283 ἐπὶ
1522 256 1563 282 σοὶ
1578 255 1676 286 πάντες
1687 255 1710 280 οἱ
1724 253 1860 289 ζητοῦντές
1873 263 1907 280 σε.
1919 264 1926 280 ι

1158 307 1203 341 Μὴ
1230 306 1285 342 γὰρ
1309 306 1383 340 μόνοι
1405 303 1535 334 Ἰουδαῖοι,
1556 302 1623 337 μηδὲ
1646 302 1669 327 οξ
1694 301 1739 326 τὸν
1756 299 1873 335 Ἀϐραὰμ
1887 300 1928 326 αὖα

1158 352 1280 387 χοῦντες,
1382 349 1495 376 καθόλου
1511 348 1557 374 καὶ
1573 347 1706 381 ἀορίστως
1720 346 1816 376 πάντες
1826 345 1877 372 ὅσοι
1889 345 1929 380 δή-

1158 406 1223 423 ποτε
1247 398 1294 423 καὶ
1317 396 1347 429 ἐξ
1370 396 1426 422 οἴου
1452 395 1548 428 γένους
1573 390 1627 419 εἷεν
1651 392 1675 418 οἱ
1701 390 1870 426 ὲκζητοῦντές
1891 399 1928 422 σε,

1160 453 1169 468 ι
1185 441 1409 477 ἀγαλλιάσθωσαν
1419 440 1464 466 καὶ
1479 438 1706 474 εὐρρανοήτωσαν
1718 437 1763 463 ἐπὶ
1780 436 1828 466 σοὶ,
1846 436 1886 462 καὶ
1893 435 1929 461 λε-

1158 489 1291 523 γέτωσαν,
1309 486 1512 521 Μεγαλυνῦήτω
1525 486 1538 511 ὁ
1551 485 1616 515 Θεὸς
1626 492 1632 498 “
1657 493 1665 509 ι
1685 481 1731 509 καὶ
1745 483 1820 509 τοῦτο
1830 481 1929 516 λεγέτω-

1159 544 1208 561 σαν
1222 534 1367 565 διαπαντὸς
1383 534 1407 559 οἱ
1421 531 1582 567 ἀγαπῶντες
1599 530 1629 556 τὸ
1647 529 1777 564 σωτήριόν
1794 536 1851 554 σου’
1863 527 1929 554 αὐτὸν

1157 580 1256 615 δηλαδὴ
1273 579 1318 605 τὸν
1336 578 1450 612 Σωτῆρα
1471 576 1604 611 σωτήριον
1617 572 1748 608 πολλαχοῦ
1768 572 1818 598 τῶν
1831 570 1929 607 Γραφῶν

1157 624 1360 660 ὠνομασμένον,
1379 623 1407 649 ὃν
1424 622 1565 656 ἀγαπῶσιν
1579 621 1603 646 οἱ
1619 620 1651 646 δι’
1665 619 1751 655 ἔργων
1765 619 1812 653 τὴν
1824 617 1929 643 διδασκα-

1158 672 1216 698 λίαν
1233 670 1315 697 αὑτοῦ
1329 672 1356 696 ὲν
1370 669 1465 704 ἀγάπῃ
1482 667 1589 703 καθαρᾷ
1603 666 1787 701 περιέποντες.
1803 673 1812 689 ι
1831 662 1891 697 Ἐγὼ
1906 662 1928 688 δὲ

1158 718 1265 752 πτωχὸς
1281 717 1326 743 καὶ
1339 716 1433 750 πένης·
1446 716 1459 740 ὸ
1468 714 1544 745 Θεὸς,
1563 712 1694 748 βοήθησον
1716 719 1768 746 μοι.
1787 719 1796 735 ι
1807 709 1855 736 Καὶ
1863 708 1929 735 Δαυῖό

1159 765 1284 795 πλούσιος
1300 763 1337 789 ὢν
1361 760 1598 796 ἐταπεινοφρόνει,
1628 759 1675 785 ᾰτε
1703 757 1801 791 γνῶσιν
1821 756 1881 792 ἔχων
1890 755 1927 781 τοῦ

1161 812 1291 847 μεγέθους
1313 809 1359 836 τοῦ
1384 808 1468 840 Θεοῦ,
1492 807 1537 834 καὶ
1557 807 1588 832 τὸ
1604 805 1686 841 μηδὲν
1700 804 1794 831 ἑαυτὸν
1810 800 1928 839 ὁρῶν.Διδ

1158 859 1207 894 τὴν
1222 857 1298 893 παρὰ
1317 856 1397 891 μόνου
1421 854 1467 881 τοῦ
1495 852 1604 888 ἰσχυροῦ
1623 852 1748 887 βοήθειαν
1768 850 1878 886 ἐξῃτεῖτο
1895 847 1929 874 λέ-

318 921 395 941 rueus
410 922 439 941 es
455 918 493 942 tu,
509 911 630 941 Domine,
656 917 689 937 ne
711 908 835 935 moreris.
864 917 873 933 ι
895 906 1020 934 Christus
1037 914 1105 939 quo-

1157 913 1227 939 γων·
1247 913 1255 929 ι
1274 904 1303 929 '0
1318 903 1403 933 Θεὸς,
1421 901 1552 937 βοήθησον
1568 909 1611 936 μοι
1624 909 1630 914 ·
1657 898 1752 934 βοηθός
1774 906 1822 933 μου
1838 896 1878 923 καὶ
1892 894 1927 931 ῥύ-

317 968 369 993 que
380 967 440 986 eum
453 959 528 985 dives
539 961 622 987 esset,
637 960 748 991 propter
768 962 818 981 nos
836 962 936 988 egenus
952 953 1040 979 factus
1053 956 1104 984 est,

316 1010 347 1032 ut
360 1005 452 1032 docuit
464 1003 573 1030 divinus
586 1001 732 1036 Apostolus
744 1001 778 1026 "°.
794 999 975 1032 Quamobrem
986 998 1106 1032 seipsum

317 1051 436 1086 Spiritus
453 1049 555 1075 auxilio
574 1046 795 1076 commendabat,
810 1052 859 1080 pro
881 1044 979 1079 populo
994 1051 1044 1071 suo
1060 1043 1107 1069 de-

316 1104 443 1132 precans.
461 1099 488 1122 et
514 1101 562 1128 pro
577 1092 715 1125 Ecclesia;
730 1100 763 1119 ne
777 1091 881 1118 diutius
903 1095 1024 1124 tempore
1045 1096 1107 1123 per-

316 1144 488 1170 secutionum
506 1141 674 1175 impugnata,
693 1138 766 1173 gravi
792 1138 856 1164 hinc
873 1137 1038 1164 detrimento
1054 1134 1107 1161 aﬂi<

316 1187 623 1220 cert-tunQuamobrem
638 1186 676 1212 ait
691 1195 696 1210 :
717 1194 724 1209 ι
737 1182 1107 1218 AdjutorIncusetliberator

317 1243 393 1262 meo;
416 1242 446 1260 es
462 1237 500 1264 tu,
515 1232 638 1261 Domine,
655 1238 689 1257 ne
710 1230 835 1256 moreris.
857 1238 865 1254 ι
888 1228 928 1254 An
955 1235 1035 1262 porro
1049 1227 1107 1253 haec

316 1279 351 1306 ad
365 1284 470 1312 tempus
487 1276 623 1312 passionis
642 1275 795 1302 Servatoris
818 1273 983 1304 referantur,
1000 1277 1027 1299 tu
1050 1273 1107 1307 ipse

316 1324 476 1352 consideres
504 1323 596 1350 velim.
621 1320 844 1355 Quandoquidem
857 1320 929 1347 enim
954 1319 980 1345 in
1006 1326 1107 1353 praece-

315 1371 393 1399 denti
415 1370 505 1396 illatas
527 1368 579 1395 sibi
608 1368 765 1394 vexationes
781 1366 943 1400 descripsit;
969 1364 1106 1399 quomodo

317 1416 478 1443 intraverint
491 1422 568 1449 aqua:
584 1421 671 1448 usque
688 1413 722 1439 ad
735 1413 853 1439 animam
869 1419 944 1439 suam
957 1431 964 1442 ,
981 1411 1027 1445 qui
1045 1411 1107 1437 inli-

317 1470 368 1489 xus
380 1462 414 1489 sit
427 1462 454 1488 in
472 1461 535 1487 limo
552 1459 688 1495 profundi.
703 1460 807 1486 venerit
821 1458 847 1484 in
863 1457 1034 1484 allitudinetn
1050 1464 1107 1482 ma-

316 1509 366 1540 ris,
382 1506 552 1541 multiplicati
576 1506 629 1533 sint
645 1513 727 1540 super
742 1505 856 1539 capillos
883 1503 980 1538 capitis
1000 1503 1041 1530 sui
1059 1503 1106 1537 qui

317 1562 346 1581 se
366 1553 450 1588 gratis
465 1552 592 1582 oderunt,
607 1556 632 1578 et
649 1552 701 1577 alia
726 1552 808 1577 multa
837 1550 935 1577 iliitlem
951 1549 1031 1575 allata
1047 1557 1107 1583 per-

316 1607 413 1634 pessus
439 1599 490 1631 sit;
515 1598 576 1632 jure
605 1598 675 1624 hanc
702 1597 927 1631 supplicationem
958 1596 1032 1622 Patri
1057 1603 1107 1622 suo

316 1644 415 1671 emittit
430 1643 545 1669 dicens:
567 1652 575 1666 l
597 1641 666 1668 Deus
680 1661 687 1672 ,
711 1641 738 1667 in
756 1640 921 1674 adiutorium
947 1647 1038 1666 meum
1066 1639 1107 1664 in-

316 1688 414 1720 tende;
431 1687 554 1718 Domine,
581 1686 613 1713 ad
633 1686 816 1719 adjuvandum
850 1693 892 1711 me
921 1685 1029 1712 festina.
1050 1693 1059 1710 ι
1081 1688 1108 1710 et

316 1736 425 1759 cmtera.
445 1732 515 1764 Quia
530 1731 715 1765 apostolorum
731 1738 843 1757 suorum
867 1730 989 1756 ordinent
1006 1730 1107 1756 amoris

317 1779 359 1806 sui
377 1786 460 1805 causa
477 1785 574 1812 magna
597 1778 624 1803 in
642 1776 803 1804 confusione
818 1781 970 1803 versantem
987 1775 1105 1807 videbat,

317 1824 453 1852 secundas
468 1831 516 1859 pro
530 1823 576 1850 illo
593 1830 673 1849 voces
688 1822 801 1855 edebat;
818 1826 845 1848 ut
860 1826 971 1855 accepto
984 1828 1108 1848 resurre—

316 1870 417 1897 ctionis
442 1877 508 1900 suae,
526 1862 608 1904 quam
638 1869 697 1903 ejus
722 1867 829 1895 videndi
850 1867 940 1901 cupidi
966 1871 1108 1901 exspecta-

317 1917 392 1948 bant,
410 1917 517 1948 nuntio,
537 1915 720 1942 exsultatione
731 1919 757 1941 et
770 1914 861 1940 lmtttia
881 1913 974 1948 repleti
1001 1920 1108 1947 semper

316 1963 456 1994 dicerent,
487 1972 497 1988 ι
524 1961 710 1996 Magnilicetur
726 1960 879 1987 Dominus:
901 1969 909 1985 ι
939 1959 990 1994 ipsi
1007 1959 1108 1994 quippe

315 2013 394 2036 erant
409 2009 455 2044 qui
467 2008 617 2044 diligebant
632 2008 753 2035 salutare
771 2007 869 2042 ipsius.

648 2154 669 2181 ll
679 2153 758 2181 LXX.

648 2155 654 2180 l
679 2154 758 2181 LXX.

352 2202 436 2229 Vens.
456 2200 512 2227 1-5.
536 2209 544 2225 ‹
565 2199 593 2226 In
611 2155 646 2232 te(,
661 2154 787 2230 )Domine.
818 2199 935 2233 speravi,
963 2206 1016 2225 non
1043 2206 1109 2226 con-

1159 960 1224 986 στης
1237 959 1287 985 μου
1303 947 1328 976 εἴ
1342 950 1385 981 σὺ,
1398 949 1492 984 Κύριε,
1509 947 1545 983 μὴ
1558 945 1697 982 χρονίσῃς.
1713 954 1721 971 ι
1738 943 1791 970 Καὶ
1807 941 1927 977 ὁΧριστὸς

1158 998 1185 1024 δὲ
1202 997 1327 1027 πλούσιος
1345 996 1382 1022 ὢν
1399 995 1431 1021 δι’
1449 996 1524 1030 ἡμᾶς
1547 992 1719 1027 ἐπτώχευσεν
1730 1011 1737 1023 ,
1755 991 1792 1022 ὡς
1804 988 1927 1021 ἐδίδαξενό

1158 1044 1227 1075 θεῖος
1249 1042 1416 1073 ’Ᾱπόστολος.
1442 1042 1487 1067 Διὸ
1513 1041 1559 1067 καὶ
1584 1039 1681 1066 ἑαυτὸν
1707 1037 1821 1065 ἀνετίθει
1840 1037 1869 1071 τῇ
1891 1033 1927 1061 τοῦ

1157 1090 1313 1125 Πνεῦματος
1332 1089 1452 1125 βοηθείᾳ,
1470 1086 1628 1123 πρεσϐεύων
1642 1086 1712 1121 ὑπὲρ
1724 1084 1769 1111 τοῦ
1790 1082 1850 1110 λαοῦ
1862 1079 1926 1108 αὑτοῦ

1158 1136 1265 1171 καὶτῆς
1284 1134 1458 1170 Ἐκκλησίας,
1475 1133 1513 1164 ὡς
1530 1132 1562 1159 ἂν
1577 1132 1625 1167 μὴ,
1641 1133 1681 1163 εἰς
1704 1131 1821 1166 μακροὺς
1836 1128 1927 1164 χρόνους

1162 1182 1353 1217 πολεμουμένη
1367 1181 1395 1207 ἐν
1409 1182 1465 1212 τοῖς
1482 1180 1589 1214 καιροῖς
1608 1178 1661 1204 τῶν
1679 1176 1814 1212 διωγμῶν,
1829 1173 1927 1210 μεγάλην

1158 1228 1335 1261 ἀπενέγκοιτο
1365 1226 1476 1261 βλάϐην.
1500 1225 1546 1251 Διό
1572 1231 1654 1259 φησι·
1686 1233 1694 1248 ι
1710 1222 1808 1258 Βοηθός
1831 1228 1874 1255 μου
1892 1217 1927 1243 καὶ

1159 1273 1259 1309 ρύστης
1276 1282 1326 1308 μου
1348 1270 1372 1298 εἷ
1388 1273 1436 1303 σὺ,
1456 1270 1552 1306 Κύριε,
1571 1270 1607 1305 μὴ
1628 1269 1766 1305 χρονίσῃς.
1781 1276 1790 1293 ι
1808 1266 1837 1294 El
1851 1265 1876 1291 δὲ
1891 1263 1927 1309 καὶ

1157 1319 1244 1346 ταῦτα
1269 1319 1430 1353 ἀναφέροιτο
1454 1318 1499 1343 ἐπὶ
1526 1316 1571 1343 τὸν
1597 1316 1695 1351 καιρὸν
1712 1314 1758 1341 τοῦ
1778 1313 1871 1343 πάθους
1890 1308 1927 1335 τοῦ

1158 1366 1283 1401 Σωτῆρος
1299 1365 1393 1400 ἡμῶν,
1411 1364 1457 1390 καὶ
1479 1363 1559 1394 αὐτὸς
1584 1362 1754 1397 ἐπιστήσεις.
1774 1357 1872 1392 Ἐπειδὴ
1885 1354 1928 1389 γὰρ

1157 1411 1303 1446 διέγραψεν
1318 1411 1345 1437 ὲν
1363 1410 1401 1445 τῷ
1416 1410 1468 1444 πρὸ
1483 1409 1576 1435 τούτου
1599 1407 1647 1439 τὰς
1671 1408 1730 1433 κατ’
1750 1404 1826 1432 αὐτοῦ
1843 1404 1928 1429 ἐπανα-

1160 1459 1268 1489 στάσεις
1279 1466 1285 1472 ·
1302 1458 1375 1489 ὅπως
1397 1466 1426 1483 τε
1453 1456 1607 1482 εἰσέλθοσαν
1630 1455 1715 1481 ὕδατα
1732 1454 1782 1484 ἓως
1798 1452 1842 1487 τῆς
1857 1448 1928 1484 ψυχῆς

1158 1504 1252 1535 oti-:05,
1270 1504 1317 1529 καὶ
1333 1503 1451 1538 ἐνεπάγη
1466 1503 1505 1533 εἰς
1522 1501 1587 1537 ὕλην
1604 1500 1700 1536 βυθοῦ,
1713 1500 1758 1526 καὶ
1769 1499 1804 1531 ὡς
1814 1496 1884 1533 ἦλθεν
1896 1495 1928 1525 εἰς

1158 1550 1192 1576 τὰ
1211 1551 1278 1584 βάθη
1297 1550 1346 1584 τῆς
1367 1549 1518 1583 Θαλάσσης·
1538 1546 1747 1582 ὲπληθύνθησάν
1766 1554 1794 1572 τε
1814 1544 1875 1578 ὑπὲρ
1888 1539 1928 1570 τὰς

1134 1593 1141 1600 ¹
1159 1596 1254 1631 τρίχας
1270 1596 1318 1630 τῆς
1336 1595 1455 1630 κεφαλῆς
1472 1594 1554 1620 αὑτοῦ
1572 1594 1597 1620 οἱ
1617 1593 1759 1628 μισοῦντές
1777 1600 1808 1627 με
1824 1587 1926 1624 δωρεῶν

1159 1642 1275 1668 πέπονθέ
1288 1650 1317 1667 τε
1331 1642 1380 1667 ὅσα
1397 1641 1443 1668 καὶ
1460 1640 1566 1676 εἴρηται
1578 1648 1584 1654 '
1604 1639 1718 1671 εἰκότως
1737 1638 1784 1674 τὴν
1808 1634 1927 1671 παροῦσαν

1157 1687 1248 1723 δέησιν
1262 1687 1417 1722 ἀντιπέμπει
1435 1686 1502 1721 πρὸς
1517 1686 1562 1712 τὸν
1575 1685 1687 1721 Πατέρα
1698 1685 1782 1719 λέγων
1791 1691 1797 1697 ”
1811 1692 1819 1708 ι
1830 1682 1855 1708 Ὀ
1864 1678 1927 1709 Θεὸς.

1158 1734 1197 1763 εἰς
1211 1733 1259 1767 τὴν
1278 1732 1403 1768 βοήθειάν
1420 1741 1470 1767 μου
1488 1732 1616 1767 πρόσχες·
1632 1732 1730 1767 Κύριε,
1748 1731 1786 1762 εἰς
1801 1729 1828 1755 τὸ
1843 1725 1927 1763 βοηθῆ-

1159 1779 1203 1805 σαί
1221 1787 1265 1813 μοι
1284 1778 1411 1809 σπεῦσον,
1427 1787 1435 1803 ι
1453 1778 1499 1804 κοιλ¹
1514 1778 1548 1804 τὰ
1563 1777 1669 1809 τούτοις
1686 1775 1823 1804 ἀκόλουθα.
1838 1770 1928 1804 Ἐπειδὴ

1158 1826 1232 1860 ἑώρα
1264 1825 1294 1851 τὸ
1324 1825 1416 1860 τάγμα
1442 1824 1495 1850 τῶν
1518 1824 1675 1850 ἀποστόλων
1701 1822 1780 1850 αὑτοῦ
1810 1822 1837 1847 ὲν
1859 1817 1927 1851 πολλῇ

1160 1872 1287 1906 συγχύσει
1312 1870 1494 1905 γεγενημένον
1518 1870 1561 1896 διὰ
1584 1870 1632 1904 τὴν
1647 1871 1713 1906 περὶ
1729 1869 1807 1896 αὑτὸν
1825 1865 1926 1900 ἀγάπην,

1159 1917 1207 1948 τὰς
1231 1917 1358 1951 δευτέρας
1385 1917 1456 1952 ὑπὲρ
1485 1916 1574 1942 αὐτῶν
1600 1916 1711 1951 προΐετο
1734 1912 1927 1949 φωνὰς,ὃπωςν

1158 1964 1340 1994 ἀπολαϐόντες
1369 1963 1449 1989 αὑτοῦ
1476 1963 1525 1997 τὴν
1556 1962 1704 1989 ἀνάστασιν
1733 1962 1764 1996 ἢν
1790 1958 1928 1994 περιέμενον

1158 2010 1302 2042 ποθοῦντες
1321 2010 1395 2041 ἰδεῖν,
1413 2009 1581 2045 πληρωθεῖεν
1595 2008 1781 2042 ἀγαλλιάσεως
1793 2006 1837 2033 καὶ
1847 2004 1927 2037 εὐφρο-

1160 2057 1251 2091 σύνης,
1270 2057 1394 2090 λέγοντες
1423 2056 1579 2087 διαπαντός·
1594 2065 1602 2080 ι
1615 2055 1814 2089 Μεγαλυνθήτω
1826 2053 1839 2078 ὁ
1849 2048 1925 2080 Θεδςιο

1161 2103 1235 2129 αὐτοὶ
1252 2103 1326 2134 ὄντες
1343 2103 1366 2129 οξ
1384 2102 1546 2136 ἀγαπῶντες
1558 2101 1588 2128 τὸ
1604 2102 1736 2137 σωτήριον
1752 2098 1838 2127 αὐτοῦ.

1533 2157 1571 2183 0'.

1198 2215 1207 2230 ι
1225 2206 1287 2231 Ἐπὶ
1301 2206 1341 2231 σοὶ
1351 2226 1358 2237 ,
1374 2205 1459 2240 Κύριε
1469 2225 1475 2236 ,
1494 2204 1605 2239 ἤλπισα,
1625 2203 1662 2238 μὴ
1673 2199 1885 2236 καταισχυνθεξην
1894 2196 1926 2226 εἰς

319 2248 417 2275 fundar
433 2247 460 2274 in
476 2251 618 2277 aeternum,
637 2246 662 2272 in
687 2245 792 2279 justitia
819 2250 864 2271 tua
892 2245 976 2272 libera
1007 2253 1049 2272 me
1078 2248 1105 2271 ct

1157 2252 1201 2278 τὸν
1217 2252 1312 2283 αἰῶνα,
1330 2253 1358 2278 ὲν
1374 2253 1406 2287 τῇ
1423 2250 1578 2286 δικαιοσύνῃ
1601 2258 1647 2276 σου
1666 2249 1743 2285 ῥῦσαί
1765 2256 1805 2283 με,
1825 2245 1866 2272 καὶ
1879 2241 1925 2275 ἑξέ-

317 2295 394 2330 eripe
407 2301 460 2321 me.
481 2303 490 2320 ι
509 2292 558 2320 His
571 2292 670 2320 similia
683 2292 838 2319 tricesimus
858 2300 966 2327 quoque
985 2292 1108 2326 psalmus

317 2341 485 2373 circumfert,
507 2340 558 2367 hoc
577 2339 642 2367 item
672 2339 753 2366 modo
782 2347 863 2367 orsus
880 2348 886 2366 :
905 2348 915 2364 ι
937 2339 967 2366 In
982 2342 1028 2372 te,
1058 2338 1110 2366 Do-

317 2389 401 2421 mine,
415 2387 533 2423 speravi,
550 2393 603 2414 non
614 2385 769 2413 eonfundar
782 2385 809 2412 in
823 2389 966 2417 aeternum,
981 2384 1010 2411 in
1024 2383 1108 2419 justi-

318 2436 355 2461 tia
379 2438 425 2461 tua
442 2434 527 2461 libera
543 2441 595 2461 me.
609 2432 713 2460 lnclina
730 2433 764 2459 ad
784 2440 827 2459 me
846 2439 940 2459 aurem
956 2436 1030 2458 tuam
1043 2431 1077 2457 ".
1095 2440 1105 2457 ι

320 2480 372 2508 Sed
387 2481 432 2508 ille
446 2481 568 2516 quidem,
585 2490 594 2505 ι
612 2480 639 2507 1η
653 2480 744 2512 linem,
757 2489 766 2505 ι
780 2483 806 2507 et
821 2489 830 2504 ι
842 2478 967 2506 Psalmus
980 2478 1085 2512 Davidi,
1096 2487 1106 2504 ι

319 2526 469 2561 inscriptus
483 2531 544 2559 est;
561 2527 605 2553 hic
619 2530 709 2554 autem
725 2526 805 2554 titulo
821 2529 906 2553 caret.
932 2524 978 2553 llle
1000 2525 1110 2553 confes-

319 2571 425 2598 sionem
444 2579 505 2598 cum
523 2572 722 2606 supplicatione
746 2573 878 2605 continet,
900 2572 944 2599 hic
957 2578 1021 2599 vero
1046 2578 1108 2606 pro-

321 2615 413 2650 phetia
428 2615 537 2643 videtur
550 2624 611 2643 esse
623 2624 654 2643 ex
681 2624 797 2651 persona
813 2616 963 2644 Salvatoris
989 2616 1106 2651 prolata.

318 2661 408 2694 Quare
427 2669 437 2686 ι
457 2660 566 2689 Davidis
591 2673 600 2686 ο
622 2667 754 2690 consueto
773 2671 849 2690 more
875 2671 929 2690 non
956 2651 1105 2696 inscriptus

318 2711 370 2735 est.
386 2707 489 2734 Dixerit
506 2706 622 2735 fortasse
633 2709 770 2743 quispiam
797 2713 924 2744 oportere
943 2709 1019 2735 illum
1039 2715 1106 2743 prae-

318 2753 477 2782 cedentibus
486 2753 661 2788 conjungere,
678 2755 749 2790 quod
770 2763 895 2791 magnam
916 2763 978 2784 cum
993 2755 1047 2782 illis
1059 2755 1107 2782 lia-

353 2831 377 2848 "
386 2831 408 2858 ll
420 2831 483 2859 Cor.
494 2839 553 2864 ml,
569 2832 595 2859 9.
633 2833 655 2847 ⁷⁷
669 2832 742 2860 Psal.
756 2842 821 2864 xxx,
831 2833 859 2866 ‘2,
871 2834 898 2861 5.

1158 2298 1204 2324 λου
1230 2306 1272 2333 με.
1293 2307 1302 2323 ι
1319 2297 1359 2324 Τὰ
1388 2296 1600 2331 ἰσοδυναμοῦντα
1622 2294 1726 2326 τούτοις
1750 2293 1794 2320 καὶ
1816 2292 1830 2318 ὁ
1850 2288 1870 2316 λ’
1887 2294 1926 2333 πε·

1160 2332 1244 2379 ριέχει
1263 2343 1378 2379 ψαλμὸς,
1390 2342 1485 2369 τοῦτον
1501 2342 1548 2368 καὶ
1563 2341 1644 2373 αὐτὸς
1655 2340 1803 2377 ἀρχόμενος
1816 2337 1857 2364 τὸν
1873 2332 1924 2379 τρό-

1158 2378 1220 2416 πον.
1242 2398 1251 2414 ι
1266 2388 1327 2415 Ἐπὶ
1346 2387 1402 2420 σοὶ,
1420 2388 1521 2423 Κύριε,
1537 2387 1656 2424 ἤλπισα,
1673 2386 1710 2422 μὴ
1721 2378 1925 2424 καταισχυνθειην

1159 2435 1199 2466 εἰς
1214 2434 1260 2460 τὸν
1273 2434 1369 2465 αἰῶνα,
1386 2433 1415 2460 ὲν
1432 2422 1470 2469 τῇγ
1484 2422 1641 2468 δικαιοσύνῃ
1655 2440 1701 2458 σου
1715 2429 1793 2467 ῥῦσαι
1810 2435 1850 2463 με.
1869 2422 1924 2469 Κλῖς

1159 2490 1203 2508 νον
1218 2480 1286 2517 πρὸς
1304 2480 1338 2515 μὲ
1349 2480 1379 2506 τὸ
1394 2477 1441 2511 οὖς
1452 2466 1512 2506 σου.
1528 2489 1536 2505 ι
1555 2466 1740 2509 ’Δλλίεκείνος
1752 2476 1809 2512 μὲν,
1830 2482 1838 2498 ι
1848 2471 1889 2501 Εἰς
1899 2466 1924 2517 τξ

1158 2512 1250 2559 τέλος,
1266 2536 1275 2553 ι
1296 2512 1343 2553 διαὶ
1367 2535 1377 2551 ι
1390 2525 1505 2560 Ψαλμδς
1519 2524 1559 2560 τῷ
1572 2523 1667 2556 Δαυῒδ,
1684 2533 1693 2549 ι
1712 2512 1924 2555 ὲπεγέγραπτσ⁸⁶

1158 2573 1186 2599 δὲ
1199 2571 1294 2608 παρὼν
1308 2559 1512 2607 ἀνεπιγραπτος
1524 2559 1664 2606 τυγχάνει.
1680 2569 1809 2597 Κάκεῖνος
1822 2564 1866 2600 μὲν
1877 2559 1924 2608 ἑξο-

1161 2605 1306 2653 μολόγησιν
1328 2618 1377 2644 σὺν
1397 2605 1525 2653 ιαετηρία
1546 2605 1692 2652 περιεῖχεν,
1715 2616 1729 2642 ὁ
1745 2614 1772 2641 δὲ
1791 2605 1923 2647 προξητεία

1158 2664 1246 2691 εοικεν
1265 2665 1298 2691 ἐκ
1318 2663 1465 2700 προσώπου
1490 2663 1537 2690 τοῦ
1560 2663 1685 2699 Σωτῆρος
1708 2653 1921 2700 προενηνεγμένη·

1158 2709 1204 2736 Διὸ
1215 2710 1275 2736 οὐδὲ
1294 2698 1497 2746 ἐπιγέγραπται
1507 2709 1639 2745 συνήθως,
1652 2718 1661 2734 ι
1680 2708 1726 2735 τοῦ
1736 2705 1821 2734 Δαυῒό.
1836 2712 1844 2729 ι
1856 2698 1923 2746 Emi"

1158 2755 1180 2781 δ’
1195 2755 1228 2782 ἄν
1251 2764 1292 2787 τις
1316 2743 1463 2793 προσήκειν
1489 2743 1753 2793 συμπεριλαμϐάνειν
1779 2749 1852 2779 αὐτδν
1877 2743 1922 2774 τ’)τὶ

351 2888 390 2924 (ί)
412 2887 443 2915 In
466 2888 578 2924 Vulgata
594 2889 703 2923 titulus,
722 2888 855 2917 Filiorum
869 2888 991 2917 Ionadab
1007 2895 1030 2919 et
1045 2891 1162 2918 nriorum
1177 2891 1346 2919 canticorum.
