2041 3215
284 162 340 191 775

623 158 754 187 EUSEBII
774 157 1014 187 CESARIENSIS
1033 157 1108 186 ΟΡΡ.
1128 156 1218 185 PARS
1236 156 1280 184 ll'l.
1299 171 1335 176 —
1355 155 1560 184 EXEGETICA.

1861 151 1914 180 776

282 223 373 250 tuam,
388 221 415 245 et
439 217 515 244 salva
533 223 583 243 'me
593 215 628 241 ¹¹.
648 224 657 240 ι
678 214 736 242 Imo
753 215 833 250 quasi
854 222 889 241 ex
909 213 1072 241 necessitate

1125 213 1151 240 δὲ
1165 212 1360 248 κεκαθαρμένη
1372 211 1422 243 τὰς
1438 211 1590 246 ἱκετηρὶους
1601 210 1692 244 φωνὰς
1707 209 1774 244 πρὸς
1790 208 1837 236 τὸν
1848 209 1915 236 Θεὸν

282 264 372 292 Deum
389 263 427 290 ita
441 262 556 297 rogabat
572 271 578 288 :
595 270 604 286 ι
621 260 687 288 Esto
709 261 776 288 mihi
793 261 819 288 in
834 260 919 288 Deum
935 264 1073 295 protecto—

286 317 345 338 rem
359 313 386 337 et
401 309 430 336 in
444 309 535 336 locum
551 307 698 338 munitum,
718 311 748 334 ut
763 307 869 334 salvum
883 314 925 334 me
943 306 1039 335 facias.
1061 316 1070 332 ι

285 355 354 384 Nam
370 363 432 382 cum
451 354 522 381 Deus
536 353 654 389 protegit
665 357 692 380 et
703 357 868 388 propugnat,
882 360 936 379 non
952 360 1001 388 pro
1012 353 1074 379 nul-

285 401 339 429 lius
356 401 436 436 pretii
459 400 568 427 homine
591 399 617 426 id
645 399 712 434 agit,
733 400 864 433 Solusque
883 398 1020 433 perfectus
1046 399 1073 425 id

286 445 341 474 Deo
354 446 446 473 dicere
459 446 547 473 valeat
564 454 571 473 :
589 453 598 470 ι
617 445 750 477 Quoniam
769 446 969 472 ﬁrmamentum
983 453 1072 471 meum

285 496 313 519 et
326 491 462 527 refugium
477 498 567 518 meum
582 498 614 518 es
630 495 670 518 tu.
692 500 700 516 I
720 489 773 517 Pro
785 498 838 524 quo
853 491 961 525 Aquila,
979 500 987 515 ι
1001 490 1074 523 Quo-

286 538 361 567 niam
378 542 455 574 petra
470 545 530 565 mea
548 541 575 564 et
591 537 746 572 prmsidium
764 544 865 567 meum,
885 546 894 562 ι
911 536 1074 570 interpreta-

283 589 332 612 tus
344 587 404 616 est;
418 582 600 618 Symmachus
610 589 684 613 vero,
706 590 714 606 ι
729 581 864 614 Quoniam
881 586 959 616 petra
973 588 1033 608 mea
1047 585 1074 609 et

285 630 423 665 refugium
438 637 528 657 meum
542 627 767 656 estuJ—tDeuS
781 636 870 657 meus.
885 627 961 662 eripe
978 636 1021 655 me
1041 628 1074 655 de

286 682 370 702 manu
385 674 549 709 peccatoris,
565 679 591 700 et
605 672 640 700 de
659 680 741 700 manu
755 677 852 699 contra
868 673 954 708 legem
969 673 1074 708 agentis

284 724 315 748 et
338 719 434 754 iniqui.
450 718 584 752 Quoniam
600 722 630 747 tu
655 726 684 746 es
702 718 834 752 patientia
851 725 922 749 mea,
939 717 1072 749 Domine,

288 774 351 802 spes
366 774 426 793 mea
439 774 454 792 a
467 766 612 799 juventute
634 772 705 792 mea.
726 775 735 790 ι
760 763 808 791 Vir
834 764 969 798 perfectus
994 764 1073 798 quasi

288 812 427 847 propriam
458 811 660 846 possessionem
687 809 772 837 Deum
809 811 919 836 invocat
958 810 1072 841 dicens.

291 867 300 882 ι
321 856 392 884 Deus
405 863 481 883 meus
498 865 504 882 :
525 865 535 881 ι
552 855 616 890 quia
632 853 780 890 promissio
797 854 889 889 dignis
905 861 920 880 a
939 853 992 881 Deo
1010 854 1074 881 data

1123 258 1292 293 ἀναπέμπων
1307 277 1315 289 ,
1336 259 1383 284 καὶ
1397 257 1438 287 τὸ,
1456 266 1464 282 ι
1486 256 1582 282 κλῖνον
1593 254 1664 290 πρὸς
1685 253 1720 290 μὲ
1741 251 1832 285 τὸοῦς
1855 261 1915 286 σου,

1123 306 1171 332 καὶ
1188 304 1274 331 σῶσόν
1286 312 1330 339 με,
1349 313 1358 329 ι
1378 303 1479 337 ἔλεγεν.
1494 301 1574 328 Ἀλλὰ
1584 302 1632 328 καὶ
1647 301 1686 332 ὡς
1703 299 1862 334 ἀναγκαίως
1875 299 1917 336 τῷ

1123 352 1182 387 Θεῷ
1205 351 1352 387 παρεκάλει
1372 349 1475 384 λέγων’
1494 357 1503 373 ι
1524 347 1606 374 Favet")
1629 355 1674 382 μοι
1689 347 1729 378 εἰς
1747 345 1815 373 Θεὸν
1831 346 1919 382 ὑπερ-

1123 397 1258 432 ασπιστὴν
1267 397 1314 423 καὶ
1331 396 1371 427 εἰς
1387 394 1468 421 τόπον
1484 392 1582 429 ὀχυρὸν
1595 391 1643 419 τοῦ
1658 391 1744 420 σῶσαί
1761 392 1920 428 με.»ῐ]ροα-

1125 441 1228 474 σπὶζων
1241 441 1295 477 γὰρ
1308 442 1322 467 ὁ
1333 441 1399 472 Θεὸς
1419 441 1467 466 καὶ
1485 438 1663 474 ὑπερμαχῶν,
1677 438 1727 464 οὐκ
1740 437 1774 464 ἂν
1789 437 1858 473 περὶ
1874 445 1921 473 μισ

1124 487 1192 523 κροῦ
1203 495 1274 518 τινος
1284 486 1356 513 τοῦτ’
1367 485 1478 520 ἐποίησε
1488 493 1495 499 ·
1514 484 1593 519 μόνος
1603 483 1632 510 δὲ
1648 484 1662 510 ὁ
1674 483 1778 514 τέλειος
1793 482 1868 509 εἴποι
1885 481 1921 509 ἂν

1123 533 1162 568 τῷ
1181 533 1252 568 Θεῷ·
1271 542 1281 558 ι
1301 533 1361 558 Ὀτι
1376 531 1520 567 στερέωμα
1549 538 1600 565 μου
1625 530 1672 556 καὶ
1696 527 1842 563 καταφυγή
1867 535 1920 563 μου

1126 579 1157 606 σὺ
1175 576 1209 605 εἴ.
1227 588 1236 604 ι
1255 577 1324 605 Ἀνθ“
1341 575 1397 604 οὔὸ
1416 577 1465 612 μὲν
1488 576 1619 607 Ἀκύλας”
1646 584 1656 601 ι
1675 575 1736 601 Ὅτι
1754 574 1844 610 πέτρα.
1867 581 1920 609 μου

1125 624 1172 650 καὶ
1197 623 1329 660 ὀχύρωμά
1353 632 1414 659 μου,
1437 632 1446 649 ›
1463 623 1636 659 ἡρμήνευσεν
1648 630 1655 637 ⁸
1667 623 1682 648 ὁ
1703 621 1732 648 δὲ
1748 620 1917 656 Σύμμαχος·

1127 670 1203 696 (Ότι
1217 670 1302 705 πέτρα
1315 678 1364 704 μου
1377 669 1422 696 καὶ
1434 669 1577 704 καταφυγή
1589 677 1639 703 μου
1647 665 1718 694 sint.
1727 677 1736 693 ι
1745 677 1794 692 -ι
1805 667 1836 694 Ὁ
1849 666 1919 698 Θεός

1126 725 1188 752 μου,
1203 715 1283 752 ῥῦσαί
1303 724 1338 751 με
1355 717 1387 743 ἐκ
1398 716 1490 751 χειρὸς
1507 714 1681 751 ἁμαβωλοῦ,
1707 714 1755 742 καλ⁵
1771 714 1806 741 ἐκ
1827 712 1920 750 χειρὸς

1125 763 1349 799 παρανομοῦντος
1363 764 1410 790 καὶ
1418 763 1583 795 ἀδικοῦντος.
1597 764 1659 790 Ὂτι
1674 763 1706 789 σὺ
1723 760 1748 789 εἴ
1758 763 1775 798 ἠ
1792 762 1919 799 ὑπομονῇ

1127 817 1189 844 μου,
1204 809 1301 845 Κύριε,
1318 809 1421 845 ἠελπίς
1437 818 1489 844 μου
1502 810 1534 836 ὲκ
1543 809 1668 844 νεότητός
1680 817 1741 844 μου.
1751 818 1761 834 I
1777 809 1807 835 '0
1815 808 1920 840 τέλειος

1124 856 1219 893 ὥσπερ
1250 856 1315 884 [διον
1342 857 1438 891 κτῆμα
1462 856 1508 882 τὸν
1533 856 1598 883 Θεὸν
1619 855 1788 882 ἐπικαλεῖται
1813 856 1917 891 λέγων’

288 907 331 930 est
346 902 388 929 his
402 901 490 928 verbis
511 910 517 928 :
543 909 552 925 ι
571 900 625 927 Ero
642 900 752 927 illorutn
778 900 860 930 Deus,
885 904 911 926 et
924 899 976 934 ipsi
993 903 1073 926 erunt

1128 913 1136 928 ι
1161 903 1191 929 '0
1209 903 1276 935 Θεός
1298 911 1367 936 pou‘
1390 912 1398 928 ι
1422 903 1587 938 Ἐπειδήπερ
1613 902 1763 936 ἐπαγγελία
1786 901 1847 928 ἐστὶ
1868 901 1918 929 τοῦ

288 948 354 976 mihi
371 947 487 983 populus
502 947 536 974 ⁸⁸.
553 956 563 972 δ
580 946 631 979 Qui
644 953 709 973 vero
724 945 801 977 dicit,
814 955 823 971 ι
850 946 879 972 In
894 949 931 977 te.
948 945 1073 978 Domine,

288 993 407 1028 speravi,
428 1002 437 1018 ι
451 997 479 1020 et
493 991 585 1019 omnia
598 995 660 1026 post
676 991 779 1025 putavit
794 997 823 1018 ut
835 992 880 1018 nui
892 991 946 1018 Deo
960 999 990 1018 se
999 999 1075 1019 eom-

284 1040 418 1071 tuitteret,
435 1039 497 1073 jure
508 1038 593 1069 dicat,
609 1047 619 1063 ι
641 1037 712 1064 Deus
726 1045 815 1065 meus.
842 1047 852 1063 ι
876 1037 950 1072 Eripi
965 1045 1031 1065 vero
1045 1045 1075 1065 se

286 1085 322 1111 de
336 1092 416 1111 manu
433 1083 585 1119 peccatoris
600 1087 687 1118 rogat,
710 1090 745 1110 ne
759 1083 842 1118 gestis
859 1083 917 1110 suis
934 1083 1072 1118 peccatori

285 1131 330 1158 vel
346 1131 440 1165 iniquo
456 1129 554 1157 similis
569 1129 666 1157 eradat
680 1138 688 1158 :
711 1136 795 1163 quare
811 1129 896 1161 addit,
915 1138 924 1154 ι
939 1128 976 1156 De
992 1136 1073 1156 manu

288 1179 441 1212 peccatoris
454 1181 482 1204 et.
497 1177 531 1204 de
544 1184 624 1203 manu
639 1179 736 1202 contra
749 1176 833 1211 legem
852 1175 959 1210 agentis
975 1167 1004 1203 et
1019 1175 1073 1202 ini-

287 1224 349 1258 qui;
369 1233 379 1249 ι
390 1231 422 1249 ac
435 1231 468 1250 ne
479 1223 512 1250 iis
524 1222 664 1257 subjectus
676 1221 727 1254 sit;
740 1221 787 1249 sed
796 1221 894 1248 merito
909 1220 1004 1253 Deum,
1018 1229 1074 1248 non

284 1269 377 1297 solum
392 1269 428 1295 ob
441 1269 523 1295 allata
542 1268 679 1303 superius,
696 1267 743 1295 sed
758 1267 839 1294 etiam
854 1267 889 1294 ob
905 1267 1075 1302 subsequen—

284 1320 330 1342 tes
347 1322 457 1346 causas.
486 1315 538 1342 sibi
563 1313 647 1341 Deum
675 1313 802 1348 appellat.
831 1312 911 1342 Nam,
930 1312 1028 1348 inquit,
1045 1317 1074 1340 tu

285 1361 355 1388 mihi
373 1360 504 1395 patientia
519 1367 561 1390 es,
577 1364 605 1386 tu
621 1367 684 1394 spes
707 1367 766 1386 mea
786 1366 801 1385 ιι
820 1358 975 1393 juventute.
1001 1358 1075 1386 Nun-

284 1414 369 1441 quam
383 1406 455 1433 etum
471 1410 496 1432 te
508 1410 666 1440 exspectare
681 1404 785 1436 destiti,
802 1412 890 1439 neque
903 1404 953 1431 l'uit
968 1408 1075 1439 tempus

287 1459 342 1484 ιιιιο
371 1459 426 1478 non
452 1455 478 1477 te
498 1451 565 1478 mihi
592 1450 619 1477 in
645 1458 720 1486 spent
750 1458 940 1485 proponerem.
968 1449 1074 1483 Qualit-

281 1499 382 1526 «ohrem
406 1505 473 1532 rogo
494 1505 529 1524 ex
558 1505 639 1524 manu
669 1502 844 1532 peccatorum
867 1502 892 1524 et
919 1496 1073 1531 iniquorum

282 1552 366 1579 eripi.

1123 948 1191 974 Θεοῦ
1219 949 1283 984 περὶ
1308 949 1362 975 τῶν
1385 948 1468 981 ἀξίων
1490 948 1626 982 λέγουσα·
1653 957 1662 973 ι
1688 947 1806 982 Ἕτομαι
1827 947 1919 975 αὐτῶν

1123 994 1200 1026 Θεὸς,
1224 994 1272 1021 καὶ
1291 994 1368 1021 αὐτοὶ
1392 993 1498 1020 ἔσονταί
1520 1002 1566 1029 μοι
1593 993 1668 1025 λαός.
1689 1003 1698 1019 ι
1725 993 1753 1019 '0
1771 993 1800 1020 δὲ
1818 993 1918 1028 λέγων,

1127 1049 1137 1066 ι
1159 1041 1220 1067 Ἐπὶ
1237 1040 1288 1072 σοὶ,
1309 1040 1406 1075 Κύριε,
1422 1039 1534 1074 ἤλπισα,
1555 1049 1563 1065 ι
1581 1040 1627 1066 καὶ
1639 1039 1727 1066 πάντα
1743 1038 1860 1075 δεύτερα
1874 1037 1920 1065 θά-

1126 1095 1215 1121 μενος,
1229 1086 1274 1112 ἐπὶ
1291 1085 1370 1121 μόνον
1383 1086 1413 1113 δὲ
1421 1086 1466 1112 τὸν
1484 1086 1549 1112 Θεὸν
1563 1085 1657 1112 ἑαυτὸν
1669 1084 1828 1121 ἐπιρῤἱψας.
1845 1084 1919 1111 εικό-

1124 1141 1177 1164 τως
1189 1131 1262 1159 εἴποι
1271 1132 1314 1164 ἂν,
1331 1142 1339 1158 ι
1365 1133 1394 1159 ὐ
1409 1133 1474 1164 Θεός
1490 1140 1551 1168 μου.
1571 1141 1581 1157 ι
1602 1131 1747 1166 Ῥυσθῆναι
1762 1130 1791 1158 δὲ
1815 1131 1849 1157 ὲκ
1860 1139 1919 1166 χει-

1126 1178 1171 1214 ᾢς
1205 1178 1370 1214 άμαρτωλοῦ
1408 1178 1536 1214 εὔχεται,
1562 1179 1606 1205 ἴνα
1633 1178 1670 1214 μὴ
1694 1179 1756 1210 ταῖς
1783 1177 1918 1212 πράξεσιν

1124 1223 1216 1257 ὅμοιος
1225 1223 1336 1257 γένηται
1347 1222 1385 1257 τῷ
1394 1216 1561 1258 ἁμαρτωλῷ,
1575 1221 1642 1257 esse
1654 1221 1693 1257 τῷ
1702 1221 1917 1258 παρανομοῦντι·

1124 1268 1165 1294 διὸ
1180 1268 1318 1302 ἐπιλέγει·
1336 1277 1344 1293 ι
1367 1267 1512 1303 Ἑκχειρὸς
1529 1267 1705 1303 ἁμαρτωλοῦ,
1723 1267 1771 1294 καὶ
1781 1267 1814 1294 ὲκ
1825 1267 1919 1303 χειρὸς

1126 1314 1347 1350 παρανομοῦντος
1363 1314 1409 1341 καὶ
1423 1313 1596 1346 ἀδικοῦντος·
1616 1323 1625 1339 ι
1643 1313 1714 1341 ἀλλὰ
1725 1314 1773 1340 καὶ
1786 1313 1862 1345 ὅπως
1879 1314 1919 1349 μὴ

1125 1360 1280 1396 ὑποχείριος
1302 1360 1416 1395 γένηται
1441 1362 1497 1392 τοῖς
1521 1359 1663 1392 τοιούτοις,
1686 1359 1804 1394 εὐλόγως
1824 1359 1854 1386 δὶ
1872 1358 1920 1386 τὸν

1124 1407 1190 1433 Θεὸν
1220 1406 1317 1433 ἑαυτοῦ
1345 1407 1411 1433 Θεὸν
1438 1406 1565 1441 ὀνομάζοι
1592 1406 1635 1438 ἂν,
1662 1406 1696 1433 οὐ
1721 1406 1802 1442 μόνον
1819 1405 1865 1433 διὰ
1884 1404 1921 1433 τὰ

1126 1452 1278 1488 ἔμπροσθεν
1292 1453 1452 1488 λελεγμένα,
1471 1453 1540 1480 ἀλλὰ
1561 1452 1609 1479 καὶ
1626 1452 1670 1479 διὰ
1683 1452 1732 1485 τὰς
1749 1452 1813 1488 ἑξῆς
1825 1451 1920 1480 ἐπιλε-

1125 1499 1243 1533 γομένας
1269 1499 1367 1531 αἰτίας.
1390 1500 1426 1526 Σὺ
1447 1500 1502 1536 γάρ
1523 1509 1585 1535 μου,
1606 1500 1683 1535 φησι,
1696 1499 1841 1535 τυγχάνεις
1854 1500 1922 1527 ὕπον

1128 1544 1204 1580 μονὴ,
1219 1546 1267 1572 καὶ
1283 1545 1314 1572 σύ
1334 1555 1384 1582 μου
1402 1546 1480 1578 ἐλπὶς
1489 1547 1521 1573 ὲκ
1536 1547 1671 1581 νεότητος.
1681 1545 1720 1573 Οὐ
1736 1545 1792 1581 γὰρ
1807 1545 1920 1573 πώποτε

282 1590 405 1617 διέλιπον
422 1599 452 1616 σε
472 1590 626 1625 ὑπομένων,
644 1589 704 1616 οὐδὲ
716 1589 812 1623 γέγονέ
829 1597 870 1620 τις
885 1589 991 1624 καιρὸς.
1010 1589 1038 1615 ἐν
1053 1585 1074 1622 ᾧ
1093 1590 1153 1626 οὐχί
1180 1600 1208 1618 σε
1231 1593 1387 1628 προεθέμην
1407 1592 1527 1628 ἐμαυτοῦ
1555 1592 1660 1619 ἐλπίδα.
1674 1588 1725 1620 Ὧν
1751 1592 1832 1628 χάριν
1863 1592 1920 1619 εκε-

283 1637 359 1665 τεύω
372 1638 405 1664 ὲκ
421 1637 511 1673 χειρὸς
531 1636 701 1672 ἁμαρτωλῶν
716 1637 763 1663 καὶ
785 1636 1012 1671 παρανομούντων
1031 1638 1172 1674 ρυσϐῆναι.

324 1696 409 1724 Vens.
424 1697 452 1728 6,
468 1697 493 1724 7.
510 1705 520 1722 ‹
535 1696 565 1723 In
581 1699 608 1723 te
621 1696 800 1723 conﬁrmatus
814 1704 874 1723 sum
887 1704 920 1723 ex
938 1701 1026 1728 utero,
1038 1697 1071 1724 de

1162 1709 1172 1726 ι
1198 1700 1260 1727 Ἐπὶ
1282 1699 1313 1727 σὲ
1335 1700 1534 1737 ὲπεστηρῐχθην
1555 1700 1610 1727 ἀπὸ
1626 1699 1752 1735 γαστρὸς,
1767 1700 1799 1726 ἐκ
1815 1699 1921 1730 κοιλίας

287 1745 385 1770 ventre
399 1742 496 1769 matris
507 1749 573 1769 metr
586 1746 614 1768 tu
628 1749 658 1768 cs
674 1745 813 1776 protector
823 1749 911 1769 meus.
932 1751 942 1768 ι
962 1741 1000 1769 De
1021 1741 1074 1769 Da-

288 1788 333 1816 vid
351 1796 460 1824 quoque
477 1788 531 1816 dici
544 1788 633 1815 valeat
646 1787 718 1822 quod
735 1795 750 1814 a
767 1792 860 1814 tenera
885 1788 1030 1823 juventute
1045 1788 1074 1816 in

287 1835 344 1863 Deo
358 1835 487 1870 speravit.
507 1833 574 1861 Nam
589 1834 700 1868 juvenis
719 1841 781 1860 cum
804 1839 886 1867 esset,
906 1838 933 1861 et
948 1839 1075 1869 pasceret

287 1888 353 1908 oves
370 1880 455 1909 Jessa
468 1880 556 1916 patris
571 1880 626 1912 sui.
643 1880 696 1907 ttde
710 1887 743 1907 ac
760 1888 808 1915 spe
823 1881 851 1907 in
867 1880 963 1911 Deum.
976 1881 1003 1908 in
1019 1881 1076 1909 leo—

286 1935 338 1955 nes
354 1930 382 1954 et
397 1935 476 1955 ursos
492 1926 624 1958 irruebat,
647 1929 677 1953 ut.
698 1929 821 1953 servaret
844 1933 909 1954 oves
937 1935 944 1954 :
973 1926 1074 1954 bonum

289 1977 428 2009 pastorem
442 1973 580 2004 imitatus,
602 1972 636 1999 de
654 1980 709 2007 quo
720 1971 824 1998 dicitur
840 1981 847 1999 :
865 1981 875 1998 ι
893 1971 1076 2005 Quemadmo-

288 2020 354 2046 dum
370 2026 432 2046 cum
444 2019 596 2046 extraxerit
606 2022 700 2053 pastor
715 2025 748 2045 er
764 2025 813 2045 ore
837 2018 924 2045 leonis
939 2017 994 2045 duo
1006 2025 1076 2045 cru-

288 2072 331 2097 ra,
355 2069 402 2092 aut
427 2064 589 2099 particulam
615 2064 746 2091 auriculae
760 2063 794 2091 ⁸⁷.
818 2073 827 2089 ι
842 2062 899 2091 Sed
915 2065 997 2091 etiam
1012 2071 1075 2092 cum

288 2116 357 2144 puer
376 2112 460 2139 esset,
478 2109 605 2144 spiritum
623 2109 772 2144 malignum
795 2117 828 2137 ex
846 2109 929 2137 Saule
945 2109 1073 2144 peliehat,

287 2155 373 2190 idque
385 2154 410 2181 vi
428 2155 490 2182 tidei
506 2159 534 2182 et
547 2155 606 2190 spei
622 2155 650 2182 in
669 2155 764 2182 Deum.
784 2155 893 2182 Att-nim
917 2155 944 2182 id
965 2162 1076 2189 quoque

287 2203 381 2238 iuveni
397 2202 521 2233 cuilibet,
533 2202 580 2237 qui
598 2201 643 2229 Dei
657 2203 791 2230 electione
807 2202 935 2237 dignatus
949 2202 994 2232 sit,
1005 2209 1075 2236 qua—

288 2249 324 2277 iis
340 2252 399 2276 erat
413 2247 585 2279 Timotheus.
602 2249 646 2282 qui
659 2255 674 2274 a
688 2256 772 2282 puero
789 2255 882 2275 sacras
891 2247 1009 2274 Litteras
1021 2247 1077 2274 edi-

285 2296 404 2326 uicerat.
422 2294 514 2322 dicere
527 2294 671 2329 competit,
691 2303 702 2319 ι
722 2293 792 2328 Spes
807 2302 866 2321 mea
892 2302 907 2320 a
932 2294 1076 2328 juventute

288 2349 360 2369 inea.
383 2351 392 2367 I
413 2340 480 2367 Illud
505 2343 606 2372 autem,
626 2349 634 2365 ι
659 2340 688 2366 ln
707 2344 733 2367 te
750 2339 926 2366 conﬁrmatus
953 2347 1014 2366 sum
1041 2347 1074 2367 ex

1127 1745 1231 1781 μητρός
1248 1754 1300 1781 μου
1315 1746 1347 1772 σύ
1363 1755 1413 1781 μου
1434 1743 1459 1772 si
1480 1746 1644 1781 σκεπαστὴς.
1668 1755 1677 1771 ι
1690 1745 1727 1772 Τὸ
1740 1745 1789 1780 μὲν
1809 1745 1842 1771 ὲκ
1856 1745 1921 1776 νέας

1122 1790 1232 1825 ἡλικίας
1247 1791 1293 1818 ἐπὶ
1317 1791 1364 1817 τὸν
1389 1791 1456 1818 Θεὸν
1470 1790 1589 1823 ἐλπίζειν
1608 1790 1706 1825 λέγοιτ’
1730 1790 1762 1817 ἂν
1785 1790 1833 1817 καὶ
1855 1790 1920 1825 περὶ

1123 1836 1171 1863 τοῦ
1185 1837 1274 1863 Δαυῖδ.
1293 1837 1434 1873 Ἐπείπερ,
1452 1837 1512 1869 νέος
1525 1836 1563 1863 ὢν
1576 1837 1624 1864 καὶ
1639 1837 1791 1872 ποιμαίνων
1805 1836 1840 1863 τά
1852 1836 1919 1873 πρό-

1125 1883 1193 1910 ϐατα
1212 1884 1311 1910 Ἰεσσαὶ
1339 1884 1385 1911 τοῦ
1415 1883 1528 1919 πατρὸς,
1547 1883 1636 1911 πίστει
1651 1883 1698 1910 καὶ
1720 1883 1808 1910 ἑλπίδι
1829 1885 1864 1919 τῇ
1878 1883 1919 1916 εἰς

1123 1928 1170 1955 τὸν
1183 1929 1249 1956 Θεὸν
1266 1930 1312 1956 καὶ
1327 1929 1416 1957 λέουσι
1430 1929 1480 1956 καὶ
1496 1930 1608 1966 ἄρκτοις
1627 1929 1706 1965 ἐπῄει
1721 1930 1771 1965 τῆς
1783 1929 1840 1956 τῶν
1855 1937 1920 1965 προ-

1125 1975 1216 2002 ϐάτων
1239 1975 1375 2011 σωηρῖας
1393 1976 1492 2002 ἕνεκα·
1508 1975 1554 2002 τὸν
1563 1974 1648 2002 καλὸν
1666 1975 1835 2010 μιμούμενος
1855 1983 1917 2002 ποιμ-

1126 2021 1204 2057 μένα,
1223 2022 1288 2057 περὶ
1304 2017 1334 2047 οὗ
1353 2021 1547 2057 εἴρηταιῚὊν
1556 2022 1656 2057 τρόπον
1672 2022 1736 2048 ὅταν
1759 2021 1887 2058 hostem
1899 2022 1917 2048 ὁ

1125 2067 1227 2102 ποιμὴν
1241 2068 1273 2094 ὲκ
1295 2067 1427 2102 στόματος
1442 2067 1489 2094 τοῦ
1506 2067 1613 2099 λέοντος
1633 2067 1680 2094 δύο
1698 2067 1791 2103 σκέλη,
1807 2068 1823 2104 ἢ
1838 2068 1917 2095 λοϐὸν

1125 2112 1215 2140 ὠτίου.
1231 2122 1240 2139 ι
1260 2112 1340 2139 Ἀλλὰ
1354 2114 1401 2140 καὶ
1415 2114 1556 2149 παιδάριον
1566 2113 1605 2140 ὢν
1619 2114 1757 2149 ἧλαυνετὸ
1768 2114 1917 2150 τινεῦματδ

1126 2158 1244 2194 πονηρὸν
1260 2159 1314 2186 ἀπὸ
1324 2159 1372 2186 τοῦ
1391 2159 1477 2187 Σαοὺλ
1491 2159 1604 2195 δυνάμει
1619 2161 1739 2192 πίστεως
1746 2161 1794 2187 καὶ
1808 2160 1917 2192 ἐλπίδος

1125 2202 1175 2236 τῆς
1185 2203 1224 2234 εις
1242 2203 1287 2229 τὸν
1300 2203 1376 2230 Θεόν.
1392 2204 1517 2231 Ἐπειδὰν
1526 2205 1574 2232 καὶ
1592 2205 1646 2237 πᾶς
1659 2206 1673 2231 ὁ
1684 2205 1716 2231 ἐκ
1730 2205 1794 2237 νέας
1809 2206 1918 2240 ἡλικίας

1125 2249 1175 2283 τῆς
1189 2248 1262 2276 κατὰ
1276 2249 1342 2275 Θεὸν
1359 2249 1474 2285 ἐκλογῆς
1490 2250 1702 2286 κατηξιωμένος,
1713 2248 1769 2282 οἷος
1781 2249 1816 2287 ἦν
1831 2251 1917 2286 Τιμό-

1125 2292 1186 2325 Θεος
1202 2295 1234 2320 ἐκ
1251 2294 1344 2326 παιδὸς
1357 2294 1421 2329 ἅγια
1436 2295 1589 2331 Γραμματα
1614 2296 1782 2332 μεμαθηκὼς
1794 2297 1836 2329 τὸ,
1852 2307 1862 2323 ι
1885 2297 1917 2325 Ἡ

1127 2338 1205 2370 ἐλπίς
1220 2347 1271 2374 μου
1283 2340 1315 2366 ὲκ
1328 2339 1452 2375 νεότητός
1466 2349 1526 2376 μου.
1543 2350 1551 2366 ι
1563 2341 1599 2368 Τὸ
1609 2341 1647 2373 δὲ,
1662 2351 1670 2366 ι
1682 2342 1745 2368 Ἐπὶ
1762 2342 1791 2368 σὲ
1805 2342 1918 2378 ἐπεστη·

285 2393 377 2420 utero,
393 2388 427 2415 de
441 2390 535 2414 ventre
548 2386 645 2413 matris
655 2393 721 2413 tuea:
735 2390 763 2412 tu
773 2389 955 2423 egprotector
967 2392 1071 2417 meus,»

1127 2373 1225 2420 ρίχϐηνν
1236 2384 1289 2411 άπὸ
1303 2373 1431 2421 γαστρὸς,
1444 2373 1476 2412 ἐκ
1489 2385 1592 2418 κοιλίας
1611 2387 1712 2422 μητρός
1738 2395 1799 2422 μου,
1816 2387 1849 2413 σύ
1867 2373 1918 2422 μοι)

289 2434 341 2461 soli
353 2433 499 2460 conveniat
517 2431 652 2459 Salvatori
667 2435 771 2460 nostro.
783 2431 829 2466 qui
846 2430 1039 2458 immaculatus
1049 2435 1076 2458 et

287 2479 357 2505 mlul
373 2479 533 2513 Inquinatus
549 2482 608 2504 erat
631 2484 686 2512 quo
707 2481 830 2512 tempore
846 2477 873 2504 in
890 2480 968 2504 utero
986 2481 1076 2512 gesta~

285 2527 378 2549 .t-atur.
393 2521 460 2548 Nam
478 2522 575 2556 reliqui
591 2522 715 2549 homines
732 2528 838 2553 omnes,
860 2521 925 2548 dum
938 2526 1016 2548 utero
1026 2529 1074 2556 ge-

286 2568 410 2595 stiuntur
433 2571 460 2594 et
474 2568 588 2602 primam
613 2567 738 2601 corporis
764 2567 986 2594 constitutionem
1004 2567 1075 2594 acci-

291 2614 377 2648 piunt,
399 2605 477 2647 quasi
494 2614 546 2640 ritu
562 2614 716 2649 plantarum
732 2614 865 2646 viventes,
881 2621 969 2648 neque
985 2614 1075 2642 sensi-

286 2659 340 2687 bus
364 2666 452 2694 neque
478 2664 568 2686 mente
595 2667 692 2687 sensus
718 2664 849 2695 sequente
872 2664 1001 2693 utuntur;
1024 2659 1072 2687 sed

291 2706 370 2732 etiam
389 2705 449 2740 ipsa
466 2706 590 2740 principe
602 2707 686 2734 animi
705 2710 783 2741 parte
799 2710 827 2734 et
850 2709 941 2734 mente
954 2705 1072 2733 demersi

286 2751 357 2779 nihil
370 2759 385 2778 a
402 2759 493 2779 verme
513 2751 651 2779 ditl'erunt.
669 2751 721 2784 Qui
737 2756 828 2780 autem
845 2751 900 2778 Deo
912 2751 988 2782 dicit,
1013 2759 1022 2775 ι
1044 2749 1073 2777 In

285 2801 316 2824 te
329 2796 507 2824 conﬁrmatus
532 2803 592 2823 smn
615 2805 647 2822 cx
665 2800 752 2828 utero,
772 2806 781 2822 ι
808 2804 862 2822 ιιοιι
886 2795 966 2822 modo
982 2803 1011 2822 se
1025 2794 1071 2821 Dei

1125 2425 1151 2453 εἷ
1174 2428 1340 2462 σκεπαπτὴς,
1360 2438 1369 2453 I
1386 2429 1458 2464 μόνῳ
1471 2429 1504 2456 ἂν
1529 2429 1645 2466 άρμόζοι
1655 2430 1695 2466 τῷ
1712 2431 1820 2466 Σωτῆρι
1839 2432 1919 2468 ἡμῶν

1124 2472 1255 2508 άθολώτῳ
1280 2473 1327 2499 καὶ
1349 2473 1493 2509 ἀσυγχύτῳ
1520 2474 1657 2510 γενομένῳ
1684 2474 1744 2501 καθ’
1775 2475 1807 2501 ὃν
1839 2477 1920 2502 ἐκυο-

1128 2521 1236 2554 φορεῐτο
1247 2519 1351 2554 καιρόν.
1366 2520 1398 2546 υἱ
1416 2519 1464 2555 μὲν
1478 2519 1531 2555 γὰρ
1553 2520 1641 2547 λοιποὶ
1661 2520 1762 2552 πάντες
1779 2520 1919 2557 ἂνθρωποι

1125 2564 1156 2590 ὲν
1173 2564 1212 2599 τῷ
1228 2565 1397 2597 κυΐσκεσθαι,
1423 2565 1470 2592 καὶ
1493 2565 1604 2601 πρώτην
1619 2566 1766 2601 λαμϐάνειν
1787 2566 1919 2594 σύστασιν

1126 2611 1173 2636 τοῦ
1191 2611 1325 2645 σώματος,
1343 2611 1457 2647 φυτικὴν
1466 2611 1562 2648 ὥσπερ
1572 2612 1645 2647 ζωὴν
1660 2613 1771 2645 ζῶντες,
1785 2612 1849 2639 οὔτε
1865 2614 1920 2644 to";

1125 2655 1171 2682 τοῦ
1183 2656 1307 2691 σώματος
1313 2656 1509 2692 αἰσθητηρίοις,
1522 2656 1583 2684 οὔτε
1589 2659 1622 2692 τῇ
1628 2658 1733 2693 διανοίᾳ.
1744 2658 1918 2693 παρακολου⁶

1127 2702 1209 2738 Θούσῃ
1235 2702 1399 2738 κέχρηνται’
1419 2703 1486 2731 ἀλλὰ
1503 2705 1551 2731 καὶ
1566 2704 1596 2730 τὸ
1610 2703 1772 2739 ἡγεμονικὸν
1784 2703 1852 2730 αὐτὸ
1870 2703 1918 2730 καὶ

1125 2747 1171 2774 τὸν
1185 2748 1247 2774 νοῦν
1263 2747 1472 2784 βεϐαπτισμένοι
1486 2769 1493 2781 ,
1507 2749 1582 2776 οὐδὲν
1598 2748 1738 2784 σκώληκος
1753 2748 1876 2783 διενέγκο
1883 2757 1917 2776 μεν

1127 2794 1169 2821 ἄν.
1193 2795 1222 2820 ’0
1239 2794 1268 2821 δὲ
1288 2795 1375 2830 λέγων
1388 2795 1427 2831 τῷ
1453 2795 1524 2832 Θεῷ,
1543 2806 1552 2829 ι
1579 2796 1639 2822 Ἐπὶ
1663 2796 1691 2823 σὲ
1715 2794 1916 2831 ὲπεστηρίχεην

319 2875 346 2891 ·⁶¹
362 2874 436 2904 Psal.
456 2882 520 2906 nx,
533 2873 563 2901 5.
601 2873 624 2889 ⁸⁸
641 2873 738 2901 l-Izcch.
760 2881 862 2905 xxxvii,
877 2873 921 2900 ‘23.
962 2872 983 2889 ³⁷
997 2871 1080 2900 Amos
1094 2879 1132 2904 ut,
1146 2871 1188 2898 l2.
