2041 3215
154 182 205 208 777

711 180 963 207 COMMENTARM
986 181 1017 207 LV
1032 180 1206 209 .PSALHOS.
1236 171 1285 202 7°

1717 183 1768 208 ηε

148 240 202 268 ἀπὸ
215 239 342 275 γαστρὸς,
362 249 371 264 ι
388 239 418 265 οὐ
436 239 515 274 μόνον
529 239 628 274 γνῶσιν
650 240 775 273 ἐμφαίνει
787 239 923 275 utut-7310.1

986 241 1141 274 cognitione
1154 240 1286 267 imbutum
1303 241 1388 267 fuisse
1411 241 1540 272 oslemlit,
1553 241 1600 269 sed
1613 241 1695 268 etiam
1713 249 1763 266 tnu-

148 285 226 318 Θεοῦ,
240 285 307 312 ἀλλὰ
324 285 369 312 καὶ
383 285 512 320 μεγίστην
526 284 625 320 ἀρετὴν
645 284 767 319 φιλοθέου
783 285 933 320 δυνάμεως,

148 332 180 359 δι’
195 330 230 368 ἧς
238 331 281 358 ἐπ’
299 331 379 358 αὐτον
399 331 444 357 τὸν
461 331 527 357 Θεὸν
555 332 721 368 ἐστηρίζετο.
743 332 797 358 Καὶ
816 331 934 363 τοιοῦτος

148 376 181 413 ἦν
206 378 384 412 κυῖσκόμενος
402 377 447 403 καὶ
470 378 498 403 ἐν
513 371 613 413 γαστρὶ
629 379 677 413 τῆς
689 378 791 412 μητρὸς
815 377 932 412 συλλαμ-

148 421 305 453 6ανόμενος.
317 421 354 448 Τὸ
366 421 405 451 δὲ,
424 430 433 446 ‹
458 422 504 448 Ἐκ
523 421 626 453 κοιλίας
640 422 742 458 μητρός
759 431 809 457 μου
822 420 848 448 εἴ
872 430 933 448 σκε-

148 471 264 502 παστης,
277 477 285 493 ι
305 466 415 494 δύναται
429 468 475 494 καὶ
486 468 531 493 ἐπὶ
546 468 653 495 πάντων
671 468 808 503 ἁρμόζειν.
828 468 859 495 Εἰ
880 468 933 503 γὰρ

150 513 187 549 μὴ
213 513 280 540 Θεοῦ
307 509 421 548 δύναμις
442 513 569 549 ἐφρούρει
593 514 640 540 χώ
666 513 797 548 ἐφύλαττε
813 513 843 540 τὸ
864 514 934 540 κατὰ

148 559 266 595 γαπ-ρος
285 554 471 595 κυῖοκόμενον,
493 559 546 586 οὐδ’
562 559 594 586 ἂν
619 560 742 595 συνέστη,
761 559 855 586 οὐδ’ἂν
870 569 933 595 μετ-

147 604 211 640 έσχε
230 604 314 640 ζωῆς,
336 606 404 641 μήτε
419 607 494 631 πνεῖν
506 605 665 640 δυνάμενον,
677 606 745 641 μήτε
760 607 816 637 τοῖς
832 606 933 637 λοιποῖς

149 650 298 686 κεχρῆπθαι
311 649 507 686 αἰσθητηρίοις.
534 650 617 677 Πάλιν
634 650 662 676 δὲ
679 650 725 677 καὶ
743 651 771 676 ἐν
785 651 872 686 τούτῳ
889 650 932 677 λέ-

148 703 213 729 γων,
231 703 240 720 ι
254 694 291 720 Σύ
315 703 365 730 μου
386 692 410 721 εἷ
431 695 596 730 σκεπαστὴς,
616 705 625 721 ι
641 695 781 730 ἐνέφαινεν
797 695 933 731 ἐξαίρετόν

149 749 174 766 τι
187 740 332 775 ἐσχηκέναι
346 740 419 775 παρὰ
426 741 488 772 τοὺς
499 741 608 773 λοιποὺς
621 741 682 772 τοὺς
694 743 722 767 ἐν
733 741 820 776 κοιλίᾳ
832 741 933 777 μητρὸς

149 785 357 822 συλληφθέντας.
386 786 462 821 Τάχα
482 786 536 822 γὰρ
558 787 604 813 ἐπὶ
624 788 672 822 μὲν
694 788 743 823 τῆς
763 787 816 813 τῶν
832 787 932 814 λοιπῶν

144 832 299 868 ἀνθρώπων
316 832 447 866 γενέσεως
461 832 534 859 ἄλλοι
547 834 618 865 τινὲς
631 834 813 869 ἐφεστήκασιν
824 833 932 868 ἄγγελοι

144 877 348 913 διακονούμενοι
370 879 402 913 τῇ
416 878 531 905 ἑκάστου
554 880 594 911 εἰς
606 879 653 905 τὸν
669 879 725 914 βίον
742 879 867 915 παρόδῳ·
886 881 931 906 ἐπὶ

983 293 1062 319 gnam
1080 293 1110 313 se
1124 286 1261 317 virtutem,
1280 287 1389 321 vimque
1405 287 1506 314 amoris
1521 293 1585 322 erga
1605 287 1699 317 Deum,
1712 293 1766 320 qua

983 330 1010 355 in
1029 330 1089 364 ipso
1109 330 1333 362 conﬁrmabatur,
1354 331 1481 358 habuisse
1496 332 1675 358 demonstrat.
1691 329 1767 358 Talis

983 379 1073 403 autem
1088 377 1117 403 in
1137 382 1214 404 utero
1229 381 1255 404 et
1281 377 1308 403 in
1330 380 1424 403 ventre
1448 377 1544 404 matris
1554 377 1707 404 conclusus
1721 377 1768 403 ille

982 427 1052 449 erat.
1069 422 1137 449 Illud
1153 430 1228 454 vero,
1248 433 1257 448 ι
1277 422 1314 450 De
1324 428 1419 450 ventre
1431 423 1526 450 matris
1539 431 1604 450 mea:
1618 427 1647 450 tu
1660 431 1690 451 cs
1702 430 1768 458 pro-

982 473 1079 501 tector,
1097 479 1106 494 ι
1133 469 1260 497 omnibus
1279 470 1426 496 convenire
1440 469 1536 505 possit.
1550 469 1608 497 Nisi
1627 470 1700 497 enim
1717 469 1764 497 Dei

982 513 1069 542 virtus
1084 515 1236 542 custodiret
1258 512 1299 542 ac'
1316 518 1440 543 servaret
1466 514 1550 542 letum
1576 516 1658 547 uteri,
1675 523 1765 550 neque

983 560 1160 592 tormaretur,
1186 569 1275 597 neque
1298 562 1360 588 vita:
1385 561 1522 597 particeps
1536 566 1619 594 esset,
1637 570 1700 589 cum
1715 570 1766 590 nec

983 607 1128 641 respirare,
1143 615 1194 634 nec
1214 608 1326 643 reliquis
1349 608 1475 636 sensibus
1502 609 1541 635 uti
1565 608 1676 636 valeret.
1695 608 1766 636 Rur-

983 659 1097 687 sumque
1106 660 1168 679 cum
1185 652 1262 684 dicit,
1275 662 1284 678 ‹
1297 653 1337 680 Tu
1346 662 1376 681 es
1390 657 1530 689 protector
1545 661 1633 684 meus,
1647 663 1655 680 ι
1671 662 1700 682 se
1716 655 1766 681 ali—

982 697 1047 732 quid
1056 699 1235 733 praestantius
1249 699 1362 734 reliquis
1380 699 1537 727 hominibus
1552 699 1582 727 in
1597 703 1693 727 ventre
1708 708 1766 726 rna-

983 743 1033 771 lris
1063 745 1203 779 conceptis
1236 745 1365 773 habuisse
1393 749 1602 773 commonstrat.
1636 745 1766 774 Fortasse

982 789 1081 824 quippe
1098 789 1124 816 in
1146 790 1314 825 reliquorum
1330 791 1472 818 hominum
1483 792 1658 826 generatione
1674 792 1761 827 angeli

982 833 1093 868 quidam
1106 834 1207 861 adsunt
1225 836 1396 870 singulorum
1415 836 1449 863 ad
1463 837 1548 863 vitam
1564 837 1698 872 ingressui
1713 837 1765 863 mi-

983 879 1149 913 nistrantes;
1165 882 1193 907 in
1207 882 1381 915 generatione
1395 888 1458 908 vero
1475 881 1630 909 Servatoris
1644 882 1704 917 ipse
1714 881 1766 909 Pa-

147 923 175 949 δὲ
189 922 241 958 τῆς
254 923 386 957 γενέσεως
412 923 458 950 τοῦ
487 924 612 960 Σωτῆρος
623 945 630 955 ,
647 925 726 957 αὐτὸς
742 923 776 960 ἦν
800 926 814 951 ὸ
837 926 927 961 Πατὴρ

980 929 1021 952 ter
1037 929 1175 959 protector
1189 926 1248 960 ejus
1262 929 1338 959 erat;
1354 934 1440 961 quare
1457 927 1484 953 in
1506 927 1566 962 ipso
1582 928 1764 954 continuaba-

149 969 304 1005 σκεπαστὴς
316 969 398 996 αὑτοῦ
410 970 566 1006 γιγνόμενος
576 979 582 986 ·
601 971 640 997 διὸ
650 972 697 998 καὶ
711 971 757 998 ἐπὶ
777 972 856 998 αὑτὸν
881 973 930 998 ἐπ-

147 1016 315 1053 εστηρίζετο.
333 1016 426 1049 Οὕτως
450 1017 594 1049 διαπαντὸς
620 1028 628 1043 ι
655 1018 771 1054 ὕμνησιν
796 1029 806 1044 ι
833 1020 928 1046 ἑαυτοῦ

148 1061 203 1099 εἶχε
217 1064 263 1090 τὸν
280 1063 396 1099 Πατέρα.
413 1063 458 1090 Διὸ
473 1064 608 1098 ἐπιλέγει·
627 1073 637 1090 ‹
663 1066 707 1092 Ἐν
719 1066 760 1092 σοὶ
775 1067 791 1101 ἡ
815 1065 930 1101 ὖμνησίς

149 1118 199 1144 μου
212 1109 366 1141 διαπαντός.
384 1119 392 1135 ι
406 1110 443 1136 Οὺ
457 1109 511 1146 γὰρ
531 1110 635 1137 διέλιπέ
655 1120 716 1138 τινα
731 1112 825 1147 καιρὸν
839 1112 930 1147 ὑμνῶν

145 1153 192 1181 τὸν
218 1154 336 1190 Πατέρα,
365 1154 382 1190 ἢ
410 1155 456 1181 καὶ
479 1155 646 1191 ὑμνούμενος
674 1157 719 1183 ὑπ’
734 1157 816 1183 αὐτοῦ
837 1159 882 1184 ἐπὶ
896 1160 928 1194 τῇ

146 1199 264 1236 τοσαύτῃ
274 1201 390 1237 ὑπακοῇ.
415 1201 494 1233 Ἀλλ’,
516 1202 548 1228 Ἢ
564 1202 612 1237 μέν
624 1202 688 1238 ἐμὴ,
708 1203 798 1237 φησὶν,
817 1203 928 1235 αῐνεσις,

146 1246 163 1281 ἣ
177 1246 224 1273 καὶ
240 1246 354 1282 ὕμνησις
369 1248 397 1273 ἐν
414 1248 455 1273 σοὶ
464 1247 558 1282 γέγονε
573 1247 727 1280 διαπαντός.
744 1249 775 1275 Οἱ
789 1248 817 1274 δὲ
839 1249 930 1275 πολλοὶ

146 1291 200 1317 τῶν
223 1291 382 1327 ἀνθρώπων,
409 1292 491 1328 μηδὲν
508 1293 608 1319 τούτων
628 1293 813 1329 ἐπιστάμενοι,
837 1294 930 1330 ὥσπερ

145 1337 227 1372 τέρας
240 1338 387 1374 ἐκτήσαντο
408 1347 451 1373 με.
467 1338 612 1375 Τεράστιον
623 1339 688 1373 γοῦν
705 1349 731 1366 τι
749 1341 864 1375 πρᾶγμα
875 1343 930 1373 τοῖς

147 1382 253 1414 πολλοῖς
279 1383 420 1419 ἐγενόμην,
447 1384 484 1415 ὡς
498 1384 612 1419 διάφορα
635 1386 699 1421 περὶ
722 1385 789 1420 ἐμοῦ
809 1386 930 1420 δοξάζειν

145 1426 262 1458 αὐτούς·
284 1428 330 1454 και
347 1437 420 1459 τινας
442 1429 491 1463 μὲν
502 1429 567 1455 Θεὸν
583 1427 652 1456 εἶναι
667 1431 785 1465 ἄσαρκον
803 1432 847 1457 καὶ
858 1431 929 1458 ἀσώ-

145 1481 241 1508 ματον,
263 1473 370 1509 δοκήσει
398 1475 477 1509 μόνον
502 1475 616 1510 ὀφθέντα
642 1477 687 1502 ἐπὶ
709 1477 770 1511 γῆς,
793 1478 928 1512 ἡγεῖσθαι,

145 1518 222 1550 τινας
235 1518 263 1546 δὲ
276 1519 352 1558 ψιλὸν
367 1520 517 1555 ἄνθρωπον,
538 1521 575 1552 ὡς
592 1522 673 1557 μηδὲν
689 1522 767 1549 πλέον
780 1523 854 1559 παρὰ
866 1524 928 1556 τοὺς

144 1563 255 1596 λοιποὺς
266 1565 400 1600 ἐσχηκότα
412 1574 418 1580 ·
433 1566 479 1593 καὶ
496 1567 591 1599 ἄλλους
604 1567 654 1601 μὲν
669 1568 748 1603 ἀραῖς
765 1570 810 1595 καὶ
827 1570 927 1605 δυσφη-

144 1610 222 1646 μίαις
239 1611 410 1643 ὑποϐάλλειν,
420 1612 529 1649 ἐτέρους
545 1613 573 1639 δὲ
588 1614 676 1640 σέϐειν
697 1615 742 1641 καὶ
756 1618 926 1651 προσκυνεῖν.

145 1656 233 1694 Τέρας
245 1657 274 1683 δέ
286 1658 343 1688 τοῖς
357 1658 438 1684 πᾶσιν
454 1658 560 1694 ἀληθῶς
573 1659 683 1693 γέγονεν
701 1660 714 1685 ὸ
728 1660 793 1695 ἐμὸς
805 1661 927 1693 θάνατος.

144 1702 182 1729 Τὸ
198 1702 253 1739 γὰρ
267 1703 381 1739 σταυρὸν
406 1704 548 1739 ὑπομεῖναι
571 1704 636 1731 Θεὸν
654 1705 727 1738 ὅντα,
751 1707 796 1733 καὶ
817 1707 928 1734 τοιαῦτα

145 1748 240 1776 παθεῖν
261 1748 306 1776 τδν
330 1749 432 1785 ἑτέροις
457 1749 528 1785 ζωὴν
556 1752 762 1786 κεχαρισμένον,
788 1753 868 1789 τέρας
895 1751 929 1789 ἦν

143 1793 261 1829 ἀληθῶς.
287 1793 332 1820 Διό
354 1803 451 1830 φησιν’
476 1804 486 1820 ι
514 1795 586 1821 Ὠσεὶ
613 1796 694 1831 τέρας
717 1797 847 1833 ἐγενήθην
874 1800 928 1830 τοῖς

144 1839 260 1870 πολλοῖς.
280 1849 289 1865 ι
311 1839 379 1866 Ἀλλ’
391 1840 419 1866 ἐν
436 1841 501 1867 πᾶσι
518 1841 621 1873 τούτοις
634 1842 677 1873 σὺ,
691 1843 766 1877 φησι,
785 1852 794 1868 ε
808 1843 903 1879 βοηθός
916 1854 924 1869 ι

143 1893 195 1920 μου
211 1885 328 1919 γέγονας
345 1895 354 1910 ι
373 1887 502 1922 κραταιός
514 1895 520 1901 “
543 1896 551 1911 ι
570 1887 631 1913 οὐδὲ
646 1887 699 1923 γὰρ
716 1888 793 1914 ἄλλον
814 1890 928 1925 ἐκτησά-

143 1939 198 1967 μην
214 1930 320 1967 βοηθόν.
335 1931 426 1958 Πάντα
440 1932 493 1967 γὰρ
507 1930 540 1967 ἦν
556 1933 668 1969 δεύτερα
682 1935 728 1960 καὶ
742 1935 927 1970 ὕποϐεδηκὸτα

141 1978 192 2013 τὴν
206 1977 276 2013 ἐμὴν
299 1977 411 2013 δύναμιν
424 1986 430 1992 ⁸
446 1979 477 2005 σὺ
501 1978 528 2004 δὲ
547 1979 635 2013 μόνος,
652 1980 681 2006 ὃν
699 1980 793 2007 ἐλπίδα
810 1981 926 2016 ἐμαυτὸν

142 2023 355 2059 ὑπεγραψάμην,
379 2033 387 2050 ι
404 2024 499 2059 βοηθός
517 2035 525 2050 ι
540 2034 590 2059 μου
607 2025 721 2059 γέγονας
737 2036 745 2051 ε
758 2027 896 2061 κραταιός.
915 2037 923 2053 ι

142 2069 197 2096 Καὶ
224 2069 295 2096 κατὰ
317 2070 361 2096 τὸν
376 2070 521 2105 Σύμμαχον
541 2070 570 2096 δέ
589 2071 689 2106 ὁμοίως
710 2072 831 2107 εἴρηται·
847 2083 856 2099 ι
882 2075 926 2100 Σοὶ

142 2114 344 2151 ἐπεπηρίχθην
364 2115 418 2142 ἀπὸ
439 2116 566 2151 γαστρὸς,
585 2118 639 2143 ἀπὸ
653 2118 707 2144 τῶν
727 2119 867 2147 ἐνδοσθίων
878 2121 925 2156 τῆς

142 2160 247 2195 μητρός
269 2169 320 2196 μου
347 2162 378 2187 σὺ
402 2161 505 2193 ἐπείδὲς
528 2170 572 2197 με.
588 2163 635 2194 Εἰς
653 2164 682 2190 σὲ
702 2165 717 2199 ἡ
736 2164 854 2202 ἁναμονή
873 2175 924 2201 μου

141 2205 297 2242 ἐνδελεχῶς,
313 2207 377 2234 ὡσεὶ
392 2208 474 2242 τέρας
495 2208 628 2243 ἐγενόμην
641 2211 697 2241 τοῖς
709 2211 813 2242 πολλοῖς
823 2220 829 2226 ·
850 2214 881 2239 σὺ
897 2213 923 2238 δὲ

141 2252 303 2288 πετωίθησίς
322 2262 373 2289 μου
390 2254 497 2290 ἰσχυρά.
516 2265 525 2280 ι

177 2319 187 2336 ι
201 2309 376 2346 Πληρωθήτω
384 2310 413 2337 τὺ
425 2311 510 2346 στόμα
517 2321 566 2347 μου
575 2312 713 2345 αἰνέσεως,
726 2314 799 2345 ὅπως
812 2314 924 2350 ὑμνήσω

140 2356 189 2393 τὴν
199 2355 278 2390 δόξαν
295 2365 352 2387 σου,
366 2357 430 2393 ὅλην
445 2358 494 2393 τὴν
505 2358 610 2394 ἡμέραν
629 2358 678 2393 τὴν
691 2359 924 2395 μεγαλοπρέπειαν

141 2409 200 2429 σου.
216 2411 226 2428 ι
244 2402 313 2438 Ἤδη
331 2403 379 2438 μὲν
396 2403 464 2430 κατὰ
486 2403 530 2430 τὸν
548 2403 715 2438 παρελθόντα
732 2405 825 2440 χρόνον
838 2405 924 2441 ὕμνη-

141 2446 182 2478 σίς
195 2454 259 2482 μου,
271 2448 363 2482 φησιν,
387 2448 415 2473 ἐν
439 2447 479 2474 σοὶ
493 2447 587 2482 γέγονε
600 2448 742 2481 διαπαντός
752 2457 759 2463 ·
778 2449 846 2485 πλὴν
857 2450 924 2477 ἀλλὰ

139 2491 188 2518 καὶ
198 2491 263 2527 περὶ
279 2491 325 2517 τοῦ
340 2491 479 2527 μέλλοντος
488 2491 592 2527 δέομαι,
606 2491 644 2524 ὡς
658 2492 691 2519 ἂν
704 2492 799 2529 μέχρις
807 2493 924 2528 ἐσχάτης

139 2535 214 2573 ὥρας
229 2536 277 2563 τοῦ
294 2536 351 2572 βίου
365 2537 396 2563 τὸ
413 2537 499 2572 πόμα
513 2546 563 2572 μου
579 2538 629 2572 τῆς
646 2538 696 2573 σῆς
713 2539 841 2570 αἰνέσεως
856 2540 923 2575 πλη-

139 2581 220 2618 ρῷτο,
236 2582 283 2609 καὶ
296 2582 380 2613 οὕτως
389 2591 420 2616 γε
436 2582 571 2618 πληρῷτο,
586 2583 624 2615 ὡς
639 2583 739 2618 μηδένα
757 2583 848 2619 χώραν
861 2593 922 2620 σχο-

138 2626 273 2660 λάζουσαν
297 2626 367 2662 ἔχειν
397 2628 461 2663 πρὸς
476 2628 506 2654 τὸ
522 2627 585 2656 ἄλλο
609 2637 635 2655 τι
654 2629 826 2663 φθέγγεσθαί,
856 2630 922 2665 μηδέ

138 2672 293 2709 ἀνθρώποις
317 2673 436 2708 ὁμιλεῖν·
460 2674 506 2700 καὶ
528 2673 606 2700 τοῦτό
635 2683 679 2709 μοι
708 2674 826 2710 ὑπάρξαι
854 2675 922 2707 ἀξιῶ

138 2719 209 2746 κατά
224 2719 314 2746 πᾶσαν
327 2719 443 2755 ἡμέραν,
458 2719 502 2746 καὶ
514 2720 544 2746 ὲν
556 2720 594 2755 τῷ
609 2720 688 2746 παντὶ
701 2721 787 2756 χρόνῳ
798 2721 921 2757 τῆςέμῆς

140 2764 212 2800 ζωῆς
225 2765 262 2800 μὴ
278 2765 497 2801 ἀποστερηθῆναι
505 2766 551 2792 καὶ
559 2766 743 2802 ἀωρῤιφῆναι
759 2767 861 2802 ταύτης
872 2768 921 2802 τῆς

138 2811 258 2847 χάριτος,
269 2810 320 2837 κᾶν
335 2811 382 2837 ἐπὶ
395 2812 495 2847 γήραος
510 2812 578 2847 οὐδῷ
592 2812 645 2838 δέοι
655 2812 764 2846 φθάσαι,
781 2813 848 2848 μηδέ
872 2814 920 2848 μὲ-

138 2865 198 2892 χρις
204 2857 320 2892 ἐσχάτης
326 2857 520 2892 τελευτῆςᾶλλο
527 2858 551 2883 τί
559 2866 591 2892 με
598 2858 748 2893 πρᾶττεινῆ
756 2859 921 2894 πληροῦσθαι

139 2903 168 2929 τδ
180 2903 267 2935 στόμα
281 2911 331 2944 μου
344 2904 391 2939 τῆς
409 2904 458 2938 σῆς
476 2904 602 2935 αἰνέσεως
613 2904 659 2930 καὶ
678 2904 725 2939 τῆς
744 2904 791 2938 σῆς
807 2905 920 2939 μεγαλο-

261 2951 392 2981 Ρλτιιοι.
410 2951 468 2981 Gn.
489 2952 604 2982 XXIII.

983 975 1037 997 tur.
1056 970 1101 998 Sic
1122 979 1230 1007 semper
1257 981 1266 998 ι
1291 972 1475 1000 cantationem
1492 982 1502 998 ι
1521 973 1617 1000 habuit
1631 973 1660 1000 in
1674 973 1765 1000 Patris

982 1016 1100 1044 laudem.
1117 1016 1207 1049 Quare
1222 1018 1316 1046 subdit
1333 1027 1340 1045 -.
1361 1027 1371 1044 ι
1391 1017 1419 1045 In
1435 1022 1461 1045 te
1475 1018 1596 1046 cantatio
1611 1026 1670 1046 mea
1693 1027 1766 1046 sem-

982 1069 1038 1096 per.
1061 1071 1070 1088 ι
1089 1062 1198 1090 Nullum
1222 1066 1295 1091 enim
1311 1064 1485 1099 praetermisit
1505 1068 1624 1100 tempus,
1641 1065 1707 1100 quin
1723 1066 1764 1093 vel

981 1108 1089 1136 Patrem
1103 1109 1213 1145 hymnis
1239 1110 1401 1143 celebraret,
1424 1111 1464 1138 vel
1492 1111 1527 1138 ab
1542 1111 1602 1146 ipso
1624 1119 1674 1146 pro
1688 1116 1763 1138 tanta

980 1155 1160 1190 obsequentia
1184 1157 1378 1184 celebraretur.
1406 1156 1507 1185 Verum
1535 1159 1583 1191 ait,
1607 1157 1680 1185 Laus
1707 1158 1764 1185 sive

981 1201 1101 1229 cantatio
1112 1209 1172 1229 mea
1184 1202 1210 1229 in
1221 1208 1246 1230 te
1255 1202 1306 1230 fuit
1318 1210 1435 1238 semper.
1449 1202 1595 1231 Hominum
1608 1210 1673 1231 vero
1685 1203 1763 1230 multi

981 1247 1077 1274 horum
1094 1248 1191 1283 ignari,
1211 1253 1340 1284 tanquam
1360 1250 1514 1285 prodigium
1537 1257 1580 1277 me
1597 1250 1762 1278 habuerunt.

981 1291 1169 1327 Prodigiosum
1189 1302 1255 1329 ergo
1270 1294 1410 1329 quidpiam
1435 1295 1529 1323 multis
1549 1294 1663 1323 etiectus
1690 1303 1763 1328 sum,

981 1337 1016 1364 ita
1031 1341 1061 1364 ut
1082 1339 1108 1365 in
1136 1339 1226 1367 varias
1244 1341 1278 1368 de
1304 1349 1347 1368 me
1366 1341 1516 1369 sententias
1534 1342 1659 1374 abirent;
1674 1346 1701 1370 et
1717 1342 1762 1369 alii

980 1382 1088 1418 quidem
1105 1382 1188 1411 Deum
1203 1392 1286 1412 carne
1308 1393 1422 1413 vacuum
1437 1391 1465 1414 et
1481 1387 1682 1421 incorporeum,
1705 1387 1762 1414 sola

979 1427 1070 1462 specie
1081 1428 1169 1456 visum
1184 1429 1212 1456 in
1228 1433 1301 1457 terra
1322 1435 1468 1465 putarent;
1485 1432 1531 1460 alii
1549 1432 1653 1459 nudum
1673 1432 1762 1459 homi-

980 1479 1051 1505 nem,
1069 1472 1136 1500 nihil
1154 1473 1216 1508 plus
1239 1482 1321 1509 quam
1337 1475 1383 1502 alii
1399 1475 1559 1509 habentem;
1576 1476 1622 1502 alii
1634 1483 1762 1502 exsecra-

979 1517 1101 1545 tionibus
1113 1522 1141 1546 et
1157 1520 1290 1548 conviciis
1306 1528 1348 1548 me
1362 1521 1544 1555 subiicerent;
1570 1521 1615 1548 alii
1641 1521 1762 1548 colerent

978 1567 1005 1590 et
1021 1563 1177 1592 adorarent.
1194 1564 1266 1592 Mors
1291 1573 1356 1593 vero
1374 1573 1434 1594 mea
1457 1566 1584 1594 omnibus
1607 1566 1760 1602 prodigium

980 1609 1059 1643 plane
1072 1609 1132 1636 fuit.
1154 1609 1220 1637 Nam
1236 1618 1298 1638 eum
1314 1611 1360 1647 qui
1374 1611 1448 1639 Deus
1465 1617 1538 1640 esset
1554 1620 1665 1640 crucem
1682 1614 1762 1641 susti-

980 1663 1053 1688 nere,
1069 1660 1096 1683 et
1107 1656 1171 1683 talia
1187 1657 1243 1692 pati
1257 1665 1320 1684 eum
1341 1657 1388 1693 qui
1417 1659 1478 1685 aliis
1501 1659 1584 1685 vitam
1599 1659 1760 1694 impertiret,

981 1708 1041 1728 vere
1053 1702 1207 1737 prodigium
1224 1707 1293 1729 erat.
1310 1702 1493 1736 Quamobrem
1509 1704 1567 1731 ait:
1587 1713 1597 1729 ε
1618 1703 1759 1739 Tanquam

979 1747 1132 1782 prodigium
1146 1747 1236 1776 factus
1250 1756 1311 1776 sum
1321 1750 1426 1777 multis.
1442 1759 1451 1776 ι
1470 1750 1522 1778 Sed
1538 1751 1566 1778 in
1579 1751 1622 1778 his
1633 1752 1760 1779 omnibus

977 1796 1006 1818 tu
1024 1792 1101 1825 mihi,
1119 1793 1217 1828 inquit,
1237 1803 1246 1820 ι
1265 1795 1374 1829 adjutor
1393 1794 1482 1828 fortis,
1518 1805 1527 1821 ι
1563 1795 1649 1824 fuisti.
1669 1796 1760 1832 Neque

976 1837 1049 1864 enim
1075 1838 1140 1865 mihi
1165 1839 1235 1866 alius
1255 1839 1364 1874 adjutor
1390 1840 1507 1868 exstitit.
1534 1839 1632 1868 Omnia
1659 1842 1760 1877 quippe

976 1883 1071 1910 virtuti
1083 1891 1150 1911 mea:
1163 1884 1290 1912 inferiora
1306 1890 1333 1913 et
1353 1886 1466 1921 imparia
1477 1891 1557 1913 erant
1574 1896 1580 1913 :
1598 1891 1626 1913 tu
1642 1895 1706 1914 vero
1716 1896 1760 1915 so—

977 1928 1030 1959 lus,
1048 1936 1129 1963 quem
1143 1929 1207 1955 inihi
1221 1930 1248 1956 in
1261 1938 1335 1965 spem
1351 1931 1479 1966 ascripsi,
1501 1931 1576 1959 fuisti
1597 1932 1664 1959 mihi
1684 1942 1692 1958 ε
1712 1933 1761 1959 ad-

975 1974 1050 2008 jutor
1065 1974 1154 2002 fortis.
1176 1985 1184 2001 ι
1203 1975 1358 2004 Secundqu
1369 1977 1563 2012 Symmachum
1579 1978 1644 2005 item
1662 1978 1758 2006 simili-

977 2025 1017 2047 ter
1034 2021 1145 2054 dicitur,
1166 2032 1175 2047 ι
1196 2021 1256 2049 Tibi
1274 2023 1452 2050 conﬁrmatus
1478 2031 1538 2051 sum
1553 2032 1586 2052 ex
1606 2028 1710 2056 ventre,
1724 2033 1758 2052 ex

976 2066 1127 2093 visceribus
1143 2067 1238 2094 matris
1258 2074 1324 2095 mea;
1339 2071 1369 2094 tu
1386 2067 1528 2103 respexisti
1550 2076 1603 2096 me.
1626 2068 1655 2095 ιιι
1671 2073 1696 2096 te
1712 2077 1759 2103 pa-

975 2111 1070 2139 tientia
1096 2120 1156 2139 uiea
1179 2117 1322 2148 perpetuo,
1344 2118 1474 2149 tanquam
1500 2115 1653 2150 prodigium
1669 2116 1759 2143 factus

975 2166 1035 2185 sum
1052 2158 1145 2186 multis
1163 2168 1169 2186 :
1185 2163 1214 2186 tu
1228 2167 1293 2187 vero
1309 2159 1407 2188 ﬁducia
1425 2168 1484 2187 mea
1496 2161 1585 2188 fortis.
1606 2171 1615 2187 ι

1009 2310 1092 2338 Vens.
1115 2310 1190 2338 8-H.
1226 2319 1234 2336 ε
1270 2310 1417 2346 Repleatur
1439 2319 1471 2339 os
1500 2320 1588 2339 meum
1607 2313 1695 2345 laude,
1727 2318 1756 2340 ut

974 2361 1081 2384 cantem
1114 2356 1226 2391 gloriam
1254 2361 1351 2388 tuam,
1382 2361 1438 2384 tota
1470 2358 1515 2385 die
1540 2359 1755 2394 magnitudinem

974 2407 1060 2432 tuam.
1081 2413 1089 2428 ι
1106 2402 1166 2430 Iam
1194 2404 1340 2439 praeterito.
1362 2404 1460 2438 inquit,
1487 2409 1618 2442 tempore,
1634 2408 1756 2433 cantatio

974 2455 1034 2475 mea
1050 2449 1077 2476 in
1094 2452 1120 2476 te
1138 2448 1188 2476 fuit
1202 2457 1310 2484 semper
1326 2459 1333 2476 :
1360 2454 1487 2477 caeterum
1502 2458 1552 2485 pro
1569 2450 1661 2478 futuro
1685 2460 1756 2487 quo-

973 2501 1026 2528 que
1040 2494 1174 2530 supplico,
1190 2498 1219 2521 ut
1231 2495 1264 2522 ad
1280 2497 1403 2523 ultimam
1424 2496 1486 2524 vitm
1508 2497 1602 2524 horam
1619 2505 1650 2526 os
1663 2506 1754 2526 meum

973 2540 1053 2567 laude
1067 2545 1111 2568 tua
1126 2542 1272 2576 repleatur,
1288 2546 1314 2569 et
1330 2542 1365 2569 ita
1383 2542 1530 2577 repleatur,
1547 2547 1577 2570 ut
1590 2544 1663 2572 aliud
1674 2545 1754 2580 quid-

972 2587 1043 2622 piam
1060 2587 1197 2622 loquendi,
1214 2587 1256 2615 vel
1271 2595 1333 2615 cum
1350 2589 1506 2617 hominibus
1522 2590 1647 2617 versandi
1663 2592 1754 2619 nullus

972 2632 1091 2668 supersit
1111 2633 1189 2661 locus
1204 2642 1211 2660 :
1225 2641 1322 2669 meque
1338 2635 1459 2669 quotidie
1474 2639 1501 2661 et
1523 2639 1580 2663 toto
1606 2636 1668 2664 vita
1688 2645 1754 2664 mea:

972 2679 1089 2707 decursu
1116 2679 1153 2706 ita
1177 2684 1365 2715 comparatum
1382 2688 1443 2709 esse
1464 2688 1541 2716 rogo.
1558 2686 1589 2709 ut
1603 2683 1649 2710 tali
1665 2684 1753 2718 gratia

970 2726 1083 2753 orbatus
1099 2732 1239 2759 nunquam
1253 2732 1304 2752 nec
1315 2725 1447 2760 depulsus
1460 2727 1510 2754 slm
1526 2737 1532 2754 :
1549 2731 1633 2763 utque
1644 2730 1752 2757 etiamsi

971 2771 1005 2799 ad
1018 2772 1098 2798 limen
1112 2771 1261 2799 senectutis
1277 2770 1422 2804 devenero,
1440 2773 1507 2800 nihil
1532 2775 1604 2801 aliud
1632 2775 1665 2802 ad
1682 2783 1753 2802 rnor-

970 2821 1023 2844 tem
1036 2823 1120 2851 usque
1131 2823 1269 2850 peragam,
1282 2823 1373 2850 quam,
1384 2816 1454 2851 quod
1469 2817 1607 2850 repleatur
1619 2825 1649 2845 os
1661 2826 1752 2846 meum

971 2863 1049 2889 laude
1067 2865 1093 2888 et
1111 2861 1313 2896 magniﬁcentia
1331 2866 1388 2889 tua.
1406 2862 1459 2890 Pro
1479 2863 1525 2891 illo
1545 2868 1645 2894 autem,
1665 2873 1674 2888 ι
1694 2867 1752 2891 tota

970 2907 1025 2941 die,
1044 2918 1051 2934 ι
1074 2907 1268 2943 Symmachus,
1289 2918 1297 2934 ε
1318 2916 1365 2943 per
1391 2915 1498 2937 omnem
1526 2908 1608 2940 diem,
1637 2919 1646 2934 ι
1666 2909 1751 2936 edidit

1553 2955 1591 2985 25
