2041 3215
280 179 331 209 779

612 179 746 207 EUSEBll
767 175 1008 207 CESA'RIENSIS
1028 176 1104 206 OPP.
1126 176 1216 205 PARS
1235 175 1324 205 HL—
1340 173 1544 205 EXEGETICA.

1846 177 1900 204 780

281 259 291 276 ι
308 249 464 285 Repleatur,
481 250 581 285 inquit,
609 258 640 278 os
657 257 748 278 meum
764 250 844 277 laude
859 254 917 282 tua,
940 257 987 284 per
1004 239 1048 276 om

1114 247 1257 284 πρεπείας.
1281 247 1353 273 Ἀντὶ
1367 247 1395 274 δὲ
1406 247 1464 279 τοῦ,
1477 257 1485 272 ι
1501 246 1564 282 ὃλην
1580 246 1629 281 τὴν
1643 245 1759 283 ἡμέραν,
1773 256 1782 271 ι
1799 247 1814 272 ὁ
1826 246 1899 282 Σύμ-

278 304 340 324 nem
355 295 438 328 diem.
460 295 488 322 in
509 295 609 323 decore
626 301 672 322 tuo
689 303 723 323 ne
747 295 865 330 abjicias
880 303 924 322 me
941 299 1064 329 tempore

278 341 438 369 senectutis.
466 351 476 368 ι
497 339 564 367 Nam
591 340 614 367 si
639 340 672 368 ad
691 344 861 367 senectutem
879 347 966 373 usque
980 339 1063 365 vitam

278 387 406 414 devenire
424 393 513 414 meam
531 389 667 421 oporteat.
686 393 741 412 non
771 385 862 411 abnuo
876 391 884 410 :
898 383 925 410 id
941 382 1063 418 supplico

277 438 394 467 tantum,
407 439 437 460 ut
450 440 482 460 os
495 440 588 459 meum
609 439 749 466 nunquam
772 431 853 458 ﬁnem
878 430 960 456 faciat
990 429 1063 456 cele-

278 479 375 508 brandi
387 479 495 507 laudem
510 482 586 505 tuam
601 482 628 505 et
641 477 870 513 magniﬁcentiam
880 481 965 503 tuam.
984 474 1062 508 Quod

277 525 302 554 si
322 525 472 553 senectutis
489 531 573 552 causa
597 523 745 558 aliquando
763 524 835 550 vires
857 529 899 549 me
923 521 1060 553 deﬁciant,

277 579 312 599 ne
331 576 396 598 tunc
412 570 522 605 quidem
538 577 582 596 me
595 569 782 604 derelinquas.
801 567 863 594 Hac
887 567 914 594 in
939 567 1062 594 oratione

277 618 371 645 dicere
385 616 514 644 convenit
531 620 589 643 tum
607 615 749 647 Davidem,
764 619 821 642 tum
839 615 964 650 quemvis
978 613 1062 641 homi-

276 670 338 689 nem
363 662 530 697 religiosum.
548 660 740 688 Animadverte
764 667 846 695 porro
869 660 1006 694 quomodo
1027 659 1061 687 de

277 707 418 736 Salvatore
430 708 463 735 ab
474 707 606 743 Apostolo
621 707 733 734 dicatur
747 715 754 734 :
774 716 783 732 ι
799 706 953 733 Cruciﬁxus
968 710 1010 733 est
1026 714 1060 733 ex

275 754 443 785 inﬁrmitate,
460 753 508 781 sed
524 753 591 780 vivit
605 761 639 781 ex
651 753 752 780 virtute
771 752 818 780 Dei
831 753 864 779 ⁸⁸.
886 762 896 777 ι
913 751 969 778 Etsi
986 752 1058 778 enim

275 808 308 827 ex
322 800 481 827 inﬁrmitate
496 799 645 826 cruciﬁxus
658 799 694 826 sit
714 807 722 831 ;
736 804 763 825 at
777 805 832 824 non
849 797 882 824 ab
899 797 961 824 aliis
979 804 1059 832 supe-

274 849 352 873 ratus
367 855 374 872 :
389 846 446 880 ipse
461 845 560 880 quippe
570 852 631 871 sese
646 844 783 871 inﬁrmum
797 843 897 875 eﬂ‘ecit,
916 850 999 877 seque
1011 842 1059 870 de-

275 890 395 916 dititium
410 889 567 916 hominibus
585 888 696 915 obtulit.
710 887 789 920 Quod
804 888 886 915 etiam
904 887 962 922 ipse
977 887 1058 914 docet

1117 302 1212 329 μαχος,
1228 303 1237 318 ι
1251 293 1321 320 κατὰ
1331 295 1420 320 πᾶσαν
1439 293 1546 329 ἡμέραν
1565 302 1573 318 ι
1587 292 1716 324 ἐξέδωκε’
1736 301 1745 318 ι
1761 292 1899 328 Πλησθέίη

1113 340 1144 366 τὸ
1157 340 1245 374 στόμα
1265 347 1311 365 σου
1330 339 1422 370 αῖνους
1438 347 1485 364 σου
1502 338 1573 365 κατα
1591 339 1679 365 πᾶσαν
1690 337 1806 373 ἡμέραν,
1820 338 1850 364 ἐν
1864 339 1898 373 τῇ

1113 385 1264 421 εὐπρεπείᾳ
1283 393 1328 411 σου
1355 383 1391 419 μὴ
1412 383 1552 420 ἀποϐάλῃς
1568 392 1600 418 με
1618 383 1705 419 καιρῷ
1720 384 1822 419 γήρως.
1839 393 1848 410 ι
1866 385 1900 410 Εἰ

1113 431 1166 466 γὰρ
1179 430 1232 457 δέοι
1259 430 1306 456 καὶ
1325 429 1405 465 μέχρι
1428 429 1521 465 γήρως
1539 430 1699 464 παρατεῖναι
1715 429 1763 464 τὴν
1779 429 1898 463 ἠλικίαν,

1112 476 1190 503 τοῦτο
1206 475 1255 510 μὲν
1268 476 1299 501 οὐ
1320 474 1510 510 παραιτητέον,
1522 473 1636 500 ἱκετεύω
1652 473 1679 500 δὲ
1689 473 1725 509 μὴ
1742 474 1899 509 ἀποστερη-

1113 522 1190 557 θῆναί
1210 530 1274 548 ποτε
1298 521 1345 547 τοῦ
1360 520 1553 556 πεπληρῶσθαι
1574 520 1604 546 τὸ
1619 520 1706 555 στόμα
1719 528 1768 555 μου
1782 520 1833 555 τῆς
1847 519 1901 555 σῆς

1112 569 1240 599 αἰνέσεως
1261 568 1307 594 καὶ
1329 567 1377 602 τῆς
1392 567 1442 602 σῆς
1460 563 1705 602 μεγαλοπρεπείας.
1722 566 1752 592 Εἰ
1769 566 1797 592 δὲ
1809 566 1901 602 καιρῷ

1111 623 1163 641 τινι
1174 613 1217 640 διὰ
1230 613 1317 648 γῆρας
1329 612 1435 639 ἐκλίποι
1448 613 1464 647 ἡ
1491 611 1566 647 ἰσχύς
1578 620 1638 647 μου,
1655 611 1722 647 μηδὲ
1737 611 1797 638 τότε
1815 620 1849 646 με
1865 612 1899 638 σὺ

1111 659 1311 693 ἐγκαταλίποις.
1334 658 1426 685 Ταῦτα
1443 658 1492 694 μὲν
1507 656 1552 684 οὖν
1569 657 1682 693 ἁρμόζοι
1699 658 1732 684 ἂν
1745 657 1836 691 λέγειν
1850 658 1899 684 καὶ

1111 705 1149 740 τῷ
1159 704 1240 732 Δαυῖδ
1254 705 1300 731 καὶ
1322 706 1402 731 παντὶ
1423 703 1557 739 ἀνθρώπῳ
1578 702 1696 738 θεοφιλεῖ
1709 703 1738 730 ὲν
1753 704 1812 734 ταῖς
1828 703 1900 739 πρὸς

1109 751 1154 777 τὸν
1171 751 1235 778 Θεὸν
1256 750 1417 786 ἱκετηρίαις.
1442 749 1502 776 Ἐπὶ
1514 749 1542 775 δὲ
1557 748 1603 775 τοῦ
1612 749 1735 784 Σωτῆρος
1750 749 1899 784 ἐπίστησον

1109 797 1182 828 ὅπως
1194 798 1300 832 εἴρηται
1322 796 1361 831 τῷ
1384 795 1535 830 Ἀποστόλῳ
1549 795 1588 827 τὸ,
1606 805 1615 820 ι
1636 793 1808 830 Ἐσταυρώθη
1826 794 1855 821 δὲ
1867 794 1898 827 ἐξ

1109 842 1261 874 ἀσθενείας,
1277 841 1344 869 ἀλλά
1358 842 1390 877 ζῇ
1406 842 1439 868 ἐκ
1453 841 1593 876 δυνάμεως
1606 840 1683 868 Θεοῦ.
1702 850 1712 866 ι
1730 842 1761 867 El
1777 840 1833 876 γάρ
1848 842 1897 867 καὶ

1109 888 1138 921 ἐξ
1162 888 1304 920 ἀσθενείας
1331 887 1500 923 ἐσταυρώθη,
1522 886 1579 913 ἀλλ’
1593 886 1650 913 οῠτι
1667 895 1698 920 γε
1715 887 1835 922 νικηθεὶς
1850 887 1896 921 ὑφ’

274 936 317 962 his
328 935 435 963 verbis:
456 944 467 960 ι
487 934 571 963 Nemo
586 935 657 962 tollit
671 935 789 961 animam
802 941 889 960 meam
905 941 920 959 a
936 941 995 960 me:
1009 933 1056 960 sed

1109 933 1219 969 ἐτέρων,
1235 933 1315 964 αὐτὸς
1327 933 1355 959 δὲ
1375 932 1469 959 ἑαυτὸν
1480 932 1580 967 ἀσθενῆ
1595 933 1720 967 ποιήσας,
1738 933 1785 959 καὶ
1799 932 1897 958 ἑαυτὸν

273 987 323 1014 ego
334 987 406 1015 pono
423 987 483 1007 eam
501 987 515 1006 a
531 980 644 1014 meipso.
658 979 824 1006 Potestatem
839 979 926 1006 habeo
939 979 1060 1014 ponendi

272 1033 343 1058 eam,
352 1029 378 1052 et
389 1029 551 1060 potestatem
561 1025 648 1052 habeo
660 1024 809 1060 recipiendi
820 1032 880 1052 eam
888 1025 921 1052 εν.
937 1035 946 1051 ι
957 1025 1058 1058 Quem-

273 1071 419 1098 admodum
447 1071 530 1106 igitur
558 1070 712 1097 humiliavit
736 1070 923 1106 semetipsum,
941 1070 1057 1098 formam

272 1116 344 1143 servi
360 1116 517 1150 accipiens;
535 1116 576 1143 sic
593 1123 653 1143 sese
673 1115 812 1142 inﬁrmum
840 1115 940 1148 eﬂ‘ecit,
973 1119 1002 1143 ut
1023 1115 1058 1142 ab

272 1162 429 1189 hominibus
444 1162 503 1196 capi
516 1165 620 1196 posset,
639 1166 723 1197 utque
733 1170 842 1190 crucem
857 1162 972 1195 subiret,
992 1171 1001 1187 ι
1017 1162 1057 1188 fa-

271 1212 333 1236 ctus
345 1207 476 1235 obediens
491 1217 500 1233 l
516 1207 590 1234 Patri
609 1218 618 1233 ι
637 1215 725 1243 usque
741 1209 774 1236 ad
799 1213 924 1240 mortem,
941 1212 1057 1236 mortem

272 1258 363 1281 autem
378 1253 470 1280 crucis
481 1253 515 1280 9°.
534 1262 546 1278 θ
565 1252 656 1286 Quare
671 1253 719 1286 ait;
743 1263 752 1280 ι
773 1253 842 1281 Cum
859 1254 988 1282 defecerit
1001 1255 1058 1281 vir-

272 1305 317 1327 tus
333 1307 403 1332 mea,
420 1307 454 1326 ne
464 1299 641 1334 derelinquas
658 1307 710 1327 me.
728 1310 737 1326 ι
755 1299 859 1328 Deinde
874 1307 935 1327 cum
950 1301 1058 1335 passio-

270 1353 333 1373 nem
349 1347 539 1378 memorasset,
556 1345 693 1378 passionis
718 1348 861 1372 auctorum
891 1345 1056 1372 mentionem

270 1391 337 1417 facit
351 1390 446 1418 dicens
462 1399 469 1416 :
488 1399 497 1414 ι
520 1389 588 1422 Quia
607 1390 734 1417 dixerunt
750 1390 854 1418 inimici
870 1391 922 1418 mei
938 1391 1015 1422 mihi,
1030 1395 1057 1418 et

270 1437 316 1471 qui
329 1436 521 1463 custodiebant
536 1435 654 1462 animam
678 1443 783 1469 meam;
807 1446 816 1462 ι
832 1437 889 1464 sive
906 1437 1056 1464 secundum

271 1481 476 1518 Symmachum,
496 1490 506 1507 ι
525 1481 558 1508 Et
572 1482 617 1516 qui
632 1482 817 1509 observabant
827 1483 946 1509 animam
957 1491 1056 1516 meam,

271 1528 422 1556 consilium
434 1527 554 1555 inierunt
570 1527 652 1555 simul
668 1528 791 1555 dicentes
802 1548 810 1561 ,
826 1527 898 1556 Deus
913 1528 1058 1563 dereliquit

269 1581 347 1607 eum;
369 1573 564 1608 persequimini
586 1577 613 1612 et
640 1573 861 1608 comprehendite
890 1581 972 1606 eum,
992 1575 1056 1608 quia

269 1627 325 1647 non
337 1623 379 1646 est
395 1619 442 1668 qui
457 1618 566 1653 eripiat.
583 1628 592 1643 ι
612 1617 673 1646 llazc
695 1619 796 1654 quippe
810 1618 939 1646 dicebant
951 1620 1055 1653 princi-
1067 1639 1088 1668 ο

269 1672 320 1700 pes
336 1663 507 1691 sacerdotum
523 1667 550 1690 et
564 1664 611 1698 qui
630 1671 692 1691 cum
710 1664 744 1691 iis
767 1667 856 1696 erant,
874 1665 902 1690 in
930 1668 1053 1700 tempore

269 1709 409 1746 passionis
426 1713 567 1736 moventes
580 1710 670 1744 capita
688 1717 737 1737 sua
764 1713 792 1737 et
819 1710 859 1737 sic
883 1710 1027 1745 loquentes
1044 1719 1052 1738 :

1109 980 1245 1016 παραδοὺς
1254 979 1408 1014 ὑποχείριον
1428 978 1580 1014 ἀνθρώποις
1592 986 1598 993 ’
1616 979 1631 1004 ὃ
1646 978 1678 1013 δὴ
1700 978 1821 1004 διδάσκει
1843 978 1897 1012 φά-

1108 1034 1195 1053 σκων·
1210 1035 1219 1051 ι
1234 1024 1328 1056 Οὐδεὶς
1352 1024 1422 1060 αἴρει
1443 1024 1492 1059 τὴν
1506 1024 1593 1059 ψυχήν
1607 1033 1657 1059 μου
1671 1024 1717 1050 ἀπ’
1732 1022 1799 1059 ἐμοῦ
1809 1031 1817 1038 ·
1837 1024 1897 1050 ἀλλ’

1108 1071 1162 1106 ἐγὼ
1171 1070 1266 1106 τίθημι
1282 1070 1366 1106 αὐτὴν
1383 1071 1430 1096 ἀπ’
1442 1069 1569 1105 ἐμαυτοῦ.
1592 1069 1729 1102 Ἐξουσίαν
1740 1069 1793 1104 ἔχω
1809 1069 1896 1096 θεῖναι

1107 1117 1202 1152 αὐτὴν,
1218 1117 1265 1144 καὶ
1279 1117 1402 1148 ἐξουσίαν
1415 1116 1468 1151 ἔχω
1485 1115 1576 1142 λαϐεῖν
1592 1116 1687 1151 αὐτὴν.
1706 1125 1715 1141 ι
1731 1115 1836 1152 Ὥσπερ
1848 1113 1897 1142 οὖν

1107 1164 1239 1190 ἐκένωσεν
1255 1163 1335 1194 αὐτὸς
1352 1162 1445 1189 ἑαυτὸν
1461 1162 1567 1198 μορφὴν
1584 1162 1677 1188 δούλου
1693 1161 1793 1193 λαϐὼν,
1807 1162 1897 1194 οὕτως

1106 1208 1206 1243 ἀσθενῆ
1219 1208 1313 1235 ἑαυτὸν
1337 1208 1493 1244 εἰργάσατο,
1515 1208 1589 1239 ὅπως
1605 1208 1705 1239 ἀλωτὸς
1723 1208 1836 1242 γένηται
1853 1208 1897 1235 ἁν-

1107 1254 1235 1290 Θρώποις,
1247 1255 1293 1281 καὶ
1311 1255 1353 1281 ἵνα
1371 1254 1486 1290 σταυρὸν
1498 1254 1621 1289 ὑπομένῃ
1641 1263 1650 1279 ι
1671 1254 1791 1289 ὑπήκοος
1806 1253 1896 1288 γιγνό-

1109 1309 1188 1336 μενος
1210 1310 1220 1326 ι
1238 1300 1277 1336 τῷ
1304 1300 1392 1336 Πατρὶ
1408 1310 1416 1325 ι
1441 1300 1520 1336 μέχρι
1547 1299 1672 1331 θανάτου,
1702 1299 1749 1326 καὶ
1778 1299 1894 1326 θανάτου

1108 1346 1234 1382 σταυροῦ.
1252 1356 1261 1372 ι
1279 1346 1323 1372 Διό
1347 1354 1427 1381 φησιν
1438 1354 1445 1360 ·
1466 1355 1475 1371 ι
1500 1346 1544 1372 Ἐν
1559 1345 1596 1380 τῷ
1608 1345 1743 1371 ἐκλείπειν
1753 1345 1802 1379 τὴν
1817 1344 1896 1381 ἰσχύν

1109 1401 1159 1428 μου
1175 1393 1212 1428 μὴ
1233 1391 1417 1427 ἐγκαταλίπῃς
1441 1400 1485 1427 με.
1504 1401 1513 1417 ι
1532 1389 1598 1418 Εἶτα
1612 1391 1704 1426 ἐπειδὴ
1723 1390 1770 1417 τοῦ
1790 1390 1895 1422 πάθους

1107 1438 1203 1465 ἑαυτοῦ
1216 1438 1401 1474 ἐμνημόνευσε
1419 1439 1465 1464 καὶ
1480 1438 1533 1464 τῶν
1547 1438 1576 1464 τὸ
1593 1437 1678 1469 πάθος
1699 1437 1896 1473 ἐργασαμένων

1106 1476 1259 1516 ἀκολούθως
1285 1486 1400 1511 ποιεῖται
1425 1484 1534 1519 μνήμην
1558 1483 1660 1518 λέγων·
1677 1493 1685 1509 ι
1704 1484 1763 1510 Ὀτι
1778 1481 1858 1510 εἶπαν
1868 1484 1895 1510 οἱ

1106 1531 1199 1567 ἐχθροί
1208 1540 1257 1566 μου
1273 1531 1344 1566 ἐμοὶ,
1357 1530 1404 1557 καὶ
1415 1531 1438 1556 oi
1448 1529 1629 1564 φυλάσσοντες
1641 1530 1691 1565 τὴν
1703 1529 1791 1565 ψυχήν
1805 1537 1857 1565 μου
1867 1538 1892 1555 Ἰ

1106 1577 1123 1612 ἦ
1140 1576 1208 1604 κατὰ
1235 1577 1281 1603 τὸν
1299 1576 1453 1611 Σύμμαχον,
1478 1585 1486 1600 ι
1512 1576 1565 1602 Καὶ
1582 1576 1605 1601 οἱ
1629 1575 1823 1610 ἐπιτηροῦντες
1843 1575 1895 1610 τὴν

1104 1622 1192 1658 ψυχήν
1205 1631 1256 1658 μου
1283 1621 1476 1648 ἐϐουλεύσαντο
1493 1621 1539 1647 ἐπὶ
1559 1621 1588 1648 τὸ
1610 1621 1675 1647 αὐτὸ
1699 1621 1841 1655 λέγοντες’
1864 1621 1895 1647 ’0

1105 1667 1171 1698 Θεὸς
1190 1667 1365 1700 ἐγκατέλιπεν
1383 1666 1478 1693 αὐτόν·
1501 1660 1683 1699 καταδιώξατε
1706 1667 1752 1692 καὶ
1775 1666 1896 1693 καταλά-

1106 1712 1166 1739 σετε
1179 1713 1268 1744 αὑτὸν,
1281 1713 1322 1738 ’ὁτι
1345 1713 1396 1739 οὐκ
1418 1712 1490 1738 ἐστιν
1510 1713 1523 1738 ὸ
1541 1712 1679 1747 ῥυόμενος.
1701 1721 1710 1737 ι
1731 1711 1824 1739 Ταῦτα
1839 1711 1894 1749 γὰρ

272 1765 283 1782 ι
299 1755 352 1789 Qui
366 1755 483 1782 destruit
497 1755 627 1789 templum
645 1759 672 1782 et
688 1755 716 1782 in
731 1755 821 1782 tribus
836 1754 934 1783 diebus
950 1757 1055 1783 excitat

1107 1758 1198 1793 ελεγον
1220 1759 1244 1785 οἱ
1265 1759 1402 1794 ἀρχιερεῖς
1418 1758 1465 1785 καὶ
1477 1758 1501 1784 οί
1520 1758 1567 1784 σὺν
1584 1758 1672 1789 αὐτοῖς
1689 1757 1759 1784 κατὰ
1774 1758 1820 1784 τὸν
1833 1766 1895 1785 και-

269 1801 347 1834 illud,
360 1801 429 1828 alios
442 1801 532 1829 salvos
544 1800 619 1832 fecit,
638 1801 758 1836 seipsum
776 1809 831 1828 non
847 1805 935 1836 potest
948 1802 1053 1830 salvum

1108 1804 1152 1839 ρὸν
1166 1804 1213 1830 τοῦ
1242 1804 1354 1836 πάθους,
1380 1803 1517 1834 κινοῦντες
1532 1803 1621 1830 αὐτῶν
1641 1803 1690 1835 τὰς
1709 1803 1829 1838 κεφαλὰς
1845 1805 1894 1831 καὶ

269 1848 369 1876 facere.
389 1847 418 1875 Si
431 1855 478 1875 rex
495 1846 578 1874 lsrael
595 1851 648 1880 est,
662 1846 811 1875 descendat
825 1855 898 1875 nunc
908 1848 942 1876 de
957 1856 1051 1881 cruce,

1107 1849 1244 1884 λέγοντες·
1266 1859 1276 1875 ι
1299 1850 1329 1876 'O
1355 1849 1496 1876 καταλύων
1525 1850 1570 1876 τὸν
1594 1849 1656 1876 ναὸν
1686 1849 1732 1876 καὶ
1746 1851 1775 1876 ἐν
1802 1851 1894 1885 τρισὶν

269 1898 296 1922 et
308 1894 452 1922 credemus
465 1893 490 1920 ei
504 1894 537 1919 9'.
562 1902 571 1918 ι

1107 1895 1222 1931 ἡμέραις
1252 1895 1366 1930 ἐγείρων
1394 1894 1486 1925 αὑτὸν,
1508 1894 1603 1926 ἄλλους
1621 1894 1733 1925 ἔσωσεν,
1750 1895 1846 1920 ἑαυτὸν
1863 1895 1893 1921 οὐ

267 1939 376 1967 δύναται
391 1940 486 1966 σῶσαι.
507 1939 538 1965 Εἰ
571 1938 695 1974 βασιλεύς
711 1939 768 1966 ἐστι
793 1939 839 1966 τοῦ
863 1939 987 1977 Ἰσραὴλ,
1009 1940 1153 1968 καταϐάτω
1170 1941 1217 1968 νῦν
1231 1941 1285 1967 ἀπὸ
1296 1940 1342 1967 τοῦ
1359 1940 1474 1976 σταυροῦ
1487 1960 1494 1972 ,
1519 1940 1567 1968 καὶ
1581 1940 1763 1976 πιστεύσομεν
1775 1941 1861 1977 αὐτῷ.
1881 1951 1890 1966 ι

305 1997 388 2025 Vens.
406 1996 499 2024 12-16.
518 2005 528 2021 ι
559 1995 642 2028 Deus,
658 2004 692 2023 ne
711 1997 847 2031 elongeris
868 2004 883 2023 a
907 2005 960 2029 me,
981 1997 1052 2026 Deus

267 2043 296 2070 in
312 2042 445 2070 auxilium
474 2049 564 2068 meum
590 2042 707 2076 respice.
727 2052 736 2068 ι
757 2042 862 2069 Inimici
888 2042 943 2070 mei
968 2050 1051 2078 supra

268 2088 414 2116 memorati
435 2087 574 2120 dicebant,
591 2097 601 2113 ι
618 2087 690 2116 Deus
704 2087 848 2122 dereliquit
865 2095 927 2115 eum
946 2098 952 2115 :
973 2098 983 2115 ι
1000 2096 1051 2124 ego

269 2138 360 2161 autem
374 2141 441 2168 rogo
457 2134 644 2168 deprecorque
659 2137 686 2160 te
709 2132 794 2160 Deum
811 2141 913 2165 meum,
928 2138 958 2160 ut
975 2133 1051 2162 adsis

267 2187 375 2214 semper
400 2179 477 2211 mihi,
497 2186 585 2214 neque
599 2179 694 2213 procul
711 2186 726 2205 a
752 2186 795 2206 me
810 2179 933 2211 recedas,
951 2180 998 2206 sed
1017 2180 1051 2208 ad

266 2226 398 2253 auxilium
415 2232 505 2252 meum
520 2225 662 2260 respicias.
674 2223 712 2252 Te
725 2225 825 2259 quippe
838 2224 990 2259 adjutorem
1003 2233 1051 2252 na-

1143 2007 1151 2024 ι
1176 1999 1205 2025 '0
1216 1998 1293 2030 Θεὸς,
1306 1997 1343 2033 μὴ
1356 1997 1496 2034 μακρύνῃς
1510 1998 1556 2024 ἀπ’
1567 1997 1634 2033 ἐμοῦ
1645 2005 1652 2012 ³
1666 1998 1680 2023 ὁ
1694 1997 1769 2029 Θεὸς,
1787 1999 1828 2030 είς
1842 1998 1893 2034 τὴν

1105 2044 1228 2080 βοήθειάν
1247 2052 1297 2079 μου
1311 2044 1438 2079 πρόσχες.
1451 2054 1460 2069 ι
1470 2038 1506 2070 Ὀἱ
1527 2043 1576 2079 μέν
1596 2042 1788 2078 προλεχθέντες
1799 2043 1893 2079 ἐχθροί

1106 2099 1156 2126 μου
1180 2090 1286 2124 ἔλεγον·
1309 2100 1319 2116 ι
1341 2090 1370 2117 '0
1395 2090 1460 2122 Θεὸς
1486 2090 1662 2125 ἐγκατέλιπεν
1686 2090 1783 2117 αὑτόν·
1806 2100 1816 2116 ι
1837 2090 1892 2124 ἐγὼ

1104 2135 1132 2162 δὲ
1146 2135 1276 2162 ἀντιϐολῶ
1290 2135 1337 2162 καὶ
1359 2135 1455 2171 δέομαί
1469 2145 1499 2162 σε
1520 2136 1565 2162 τὸν
1580 2135 1698 2171 ἐμαυτοῦ
1715 2135 1781 2162 Θεὸν
1797 2137 1892 2171 παρεῖ-

1104 2182 1148 2208 ναί
1179 2190 1223 2217 μοι
1251 2182 1408 2215 διαπαντὸς,
1441 2183 1508 2218 μηδὲ
1537 2183 1644 2218 μακράν
1671 2191 1721 2217 μου
1750 2182 1891 2213 ῐστασθαι,

1105 2228 1247 2264 προσέχειν
1263 2228 1291 2255 δὲ
1316 2229 1356 2260 είς
1372 2228 1421 2264 τὴν
1443 2228 1568 2264 βοήθειάν
1591 2237 1651 2264 μου.
1673 2229 1707 2254 Σὲ
1723 2228 1777 2264 γὰρ
1796 2228 1892 2264 βοηθὸν

266 2275 339 2303 ctus,
353 2271 437 2306 probe
457 2271 515 2298 scio
535 2277 579 2297 me
594 2277 689 2297 omnes
705 2270 833 2297 inimicos
855 2278 931 2298 meos
947 2271 1050 2305 pudore

1107 2273 1249 2309 κτώμενος,
1263 2272 1311 2301 οἷδ“
1329 2275 1369 2301 ὅτι
1391 2275 1491 2309 ὂψομαι
1510 2274 1771 2309 καταισχυνομένους
1787 2275 1892 2307 πάντας

265 2318 386 2346 suﬁ‘usos
407 2317 530 2345 visurum
556 2323 628 2343 esse.
646 2315 714 2343 illud
730 2319 831 2349 autem,
849 2325 858 2341 ι
881 2316 1053 2344 confundan-

264 2369 320 2397 tur,
340 2374 350 2390 ι
363 2371 412 2399 pro
427 2367 558 2390 consueto
570 2362 598 2389 in
610 2362 703 2389 divina
719 2361 861 2396 Scriptura
873 2370 960 2394 more,
977 2370 1052 2389 nunc

264 2419 374 2446 quoque
401 2418 451 2445 pro
474 2419 483 2434 ι
514 2408 719 2436 confundentur
745 2418 754 2434 ›
773 2407 877 2435 dictum
903 2412 962 2441 est;
986 2408 1051 2435 illud

266 2457 342 2487 item,
362 2465 371 2481 ι
400 2460 426 2483 et
442 2455 580 2487 deﬁciant,
604 2464 613 2480 ›
631 2462 680 2490 pro
703 2463 713 2480 ι
733 2453 860 2481 deﬁcient
875 2453 1051 2482 detrahentes

265 2502 362 2529 animae
377 2509 452 2533 mete,
474 2511 483 2527 I
509 2501 625 2535 positum
641 2505 703 2533 est;
731 2499 789 2527 sive
804 2499 953 2526 secundum
973 2499 1051 2535 Sym—

265 2547 404 2578 machum,
425 2556 435 2572 (
455 2546 604 2574 adversarii
621 2547 718 2573 anima:
728 2554 803 2574 mete.
823 2556 832 2571 ι
849 2546 990 2579 Quomodo
1001 2555 1050 2574 au-

265 2597 321 2621 tem
338 2593 443 2628 pudore
460 2593 557 2621 suﬁ‘usi
577 2592 728 2620 defecerint
742 2582 789 2628 qui
806 2601 899 2620 necem
914 2593 975 2627 ejus
991 2601 1050 2620 mo-

265 2639 307 2667 liti
322 2642 397 2671 sunt.
415 2647 470 2666 non
487 2639 569 2674 longo
586 2639 666 2666 nobis
678 2647 805 2667 sermone
818 2639 972 2674 disquirere
981 2645 1050 2673 opus

265 2690 308 2715 est
322 2695 329 2714 :
345 2693 407 2713 nam
423 2693 457 2713 ex
469 2693 502 2713 eo
517 2688 638 2720 tempore
653 2685 780 2721 princeps
791 2685 964 2713 sacerdotum
979 2684 1049 2719 apud

265 2741 314 2761 eos
331 2732 441 2768 penitus
463 2731 573 2763 defecit,
597 2731 798 2759 Pharisaeorum
816 2740 880 2759 vero
898 2739 933 2759 ne
950 2739 1050 2759 nomen

265 2779 374 2813 quidem
392 2782 527 2812 superest,
551 2784 640 2812 neque
664 2777 796 2804 memoria
814 2777 868 2804 ulla
886 2777 1049 2812 dignitatum

1105 2329 1154 2355 μου
1169 2319 1232 2350 τοὺς
1254 2320 1378 2355 ἐχθρούς.
1402 2320 1439 2346 Τὸ
1459 2320 1498 2352 δὲ,
1519 2330 1528 2346 ι
1547 2319 1779 2356 αἰσχυνθήτωσαν,
1802 2330 1812 2346 ι
1831 2330 1893 2348 συν-

1103 2365 1174 2401 ήθως
1185 2368 1218 2402 τῇ
1231 2366 1290 2402 θείᾳ.
1300 2366 1394 2402 Γραφῇ
1413 2366 1460 2392 καὶ
1477 2366 1525 2393 νῦν
1541 2366 1601 2393 ἀντὶ
1616 2365 1674 2398 τοῦ,
1685 2365 1893 2401 «αἰσχυνθήσον-

1102 2420 1146 2438 ται
1164 2422 1172 2438 ι
1189 2413 1312 2448 εἴρηται·
1338 2414 1384 2439 καὶ
1399 2412 1439 2443 τὸ,
1462 2422 1471 2437 ι
1496 2411 1706 2444 ἔκλειπέτωσαν,
1724 2421 1734 2438 ι
1751 2412 1812 2438 ἀντὶ
1831 2412 1891 2444 τοῦ,

1107 2467 1115 2483 ι
1135 2457 1303 2492 ἐκλείψουσιν
1316 2458 1340 2484 οἱ
1358 2449 1574 2489 ἐνδιαῦάλλοντες
1587 2458 1637 2494 τὴν
1650 2458 1740 2493 ψυχήν
1757 2466 1808 2492 μου
1821 2466 1829 2472 ·
1846 2468 1856 2484 ι
1874 2458 1891 2494 ἢ

1103 2503 1174 2529 κατά
1183 2503 1228 2529 τὸν
1242 2503 1399 2539 Σύμμαχον,
1414 2512 1423 2528 ι
1435 2504 1459 2529 οἱ
1470 2503 1651 2538 ἀντικείμενοι
1719 2503 1791 2538 ψυχῇ
1810 2512 1888 2538 μου.»

1105 2548 1196 2580 Ὅπως
1206 2548 1234 2575 δὲ
1247 2548 1434 2575 ἐκλελοίπασιν
1451 2548 1582 2585 αἰσχύνην
1595 2549 1793 2584 καταχεάμενοι
1809 2550 1835 2575 οἱ
1846 2549 1892 2576 τὸν

1103 2592 1216 2620 Θάνατον
1237 2594 1311 2629 αὑτῷ
1330 2594 1521 2629 τυρεύσαντες,
1540 2595 1570 2621 ού
1591 2594 1702 2630 μακρῶν
1712 2596 1776 2630 ἡμῖν
1792 2595 1835 2621 δεῖ
1845 2595 1890 2622 λὸ-

1102 2647 1157 2672 γων
1168 2647 1174 2654 '
1192 2640 1272 2665 ὁπότε
1286 2639 1314 2672 ἐξ
1327 2640 1430 2666 ἐκείνου
1444 2640 1582 2667 ἐκλέλοιπε
1597 2641 1650 2672 πᾶς
1665 2640 1811 2676 ἀρχιερεὺς
1824 2642 1890 2676 παρ’

1102 2685 1203 2717 αὐτοῖς,
1216 2686 1369 2721 Φαρισαίων
1391 2686 1418 2713 δὲ
1440 2687 1500 2713 οὐδὲ
1521 2687 1606 2721 ὸνομα
1621 2686 1660 2712 ἔτι
1680 2686 1813 2718 λείπεται,
1830 2686 1890 2713 οὐδὲ

1104 2733 1197 2767 μνήμη
1219 2731 1274 2758 τῶν
1296 2733 1361 2768 παρ’
1378 2733 1468 2764 αὐτοῖς
1478 2732 1648 2768 ἀξιωμάτων.
1676 2732 1813 2764 Ἐξέλιπον
1835 2732 1890 2767 γὰρ

1102 2779 1232 2814 ἄρχοντες
1245 2778 1275 2810 ἐξ
1295 2778 1380 2805 Ἰούδα
1399 2780 1445 2806 καὶ
1460 2780 1605 2816 ἡγούμενοι
1621 2781 1652 2806 ἐκ
1665 2779 1717 2806 τῶν
1732 2778 1829 2815 μηρῶν
1840 2777 1890 2807 αὐ-

304 2878 326 2906 ll
345 2877 408 2905 Cor.
426 2883 485 2909 nn,
499 2876 526 2903 4.
564 2876 585 2892 ⁸³
607 2874 684 2904 Ioan.
707 2883 733 2909 x,
753 2875 792 2903 i8.
831 2875 964 2913 "Philip.
983 2885 1013 2910 Il,
1031 2876 1058 2905 8.
1078 2877 1115 2914 _"
1130 2876 1225 2904 Matth.
1243 2884 1327 2909 xxvii,
1342 2877 1376 2905 ιο
