2041 3215
136 192 185 220 781

702 192 954 221 COMMENTARIA
974 192 1007 219 IN
1027 191 1195 219 PSALMOS.
1215 189 1237 210 ’⁷

1709 193 1759 222 782

135 250 194 282 τοῦ,
213 250 264 286 τῆς
280 250 441 287 προσδοκίας
454 251 508 278 τῶν
524 251 607 278 ὲονῶν
626 252 777 288 ἐπιστάσης
790 252 863 281 κατὰ
875 252 924 287 τὴν

983 259 1081 279 :orum.
1096 250 1259 279 Defecerunt
1273 250 1373 286 quippe
1387 251 1523 287 principes
1539 258 1572 280 ex
1587 251 1658 280 Iuda
1674 256 1701 280 et
1708 253 1761 280 du-

137 295 217 322 τοῦτο
245 295 425 328 Θεσπίζουσαν
443 296 621 332 προφητείαν.
633 297 689 323 Καὶ
709 296 771 323 οὔτε
795 296 925 332 βασιλεῖς,

138 341 198 368 οὔτε
212 342 354 377 ἡγεμόνες,
368 341 430 368 οὔτε
442 342 512 374 τινὲς
521 342 586 377 παρ’
597 343 688 374 αὐτοῖς
704 343 830 369 δυνάσται
846 344 925 374 εἰσὶν,

138 388 197 415 οὐδὲ
213 397 240 414 τι
249 387 342 423 τάγμα
360 387 413 414 τῶν
429 388 511 415 πάλαι
527 389 590 424 παρ’
606 389 697 420 αὐτοῖς
714 389 797 415 ὄντων
819 389 926 424 περιλέ-

139 437 259 463 λειπται·
288 436 529 471 καταισχυνθέντες
552 437 580 463 δὲ
607 437 708 468 πάντες
739 437 925 463 ἐκλελοίπασιν

140 485 163 510 οι
177 483 365 514 διαῦάλλοντες
390 483 470 509 αὑτοῦ
490 483 538 518 τὴν
561 483 661 518 ψυχήν.
680 484 723 509 Ἐν
738 483 817 517 ὁποίᾳ
837 483 865 509 δὲ
882 484 925 509 αξ-

141 529 226 566 σχύνῃ
251 529 429 564 τυγχάνουσιν
453 530 536 556 εἰσέτι
558 530 605 556 καὶ
621 529 668 555 νῦν
681 530 706 555 οἱ
721 529 774 555 τῶν
792 529 926 555 Ἰουδαίων

142 575 304 612 προεστάναι
334 575 521 611 νομιζόμενοι,
544 574 660 611 ὁρῶντες
679 575 792 606 ἑαυτοὺς
812 576 860 610 μὲν
882 575 926 601 διὰ

142 622 233 656 πάσης
250 620 362 655 Γραφῆς
381 621 427 647 ἐπὶ
441 620 672 655 εἰδωλολατρείαις
689 620 925 655 διαϐεῆλημένους,

141 668 228 695 πάντα
242 667 270 694 δὲ
288 667 322 693 τὰ
341 666 401 693 καθ’
417 667 481 702 ὅλης
495 667 544 702 τῆς
561 667 724 702 οἰκουμένης
739 666 801 702 ἔθνη
819 666 862 692 διὰ
876 666 926 701 τῆς

141 713 186 740 τοῦ
202 712 320 748 Χριστοῦ
343 712 515 744 διδασκαλίας
532 712 580 747 τῆς
602 712 840 748 πατροπαραδότου
860 712 928 738 πλά-

140 767 189 795 νης
203 759 424 795 μεταϐεϐληκότα
433 767 439 773 '
454 759 483 784 ἐν
492 756 532 790 οἷς
539 759 591 794 ἤδη
604 759 792 794 τυγχάνουσιν,
810 759 925 794 ὲντροπῇ

141 805 257 842 ὁρῶντες
272 806 385 837 ’ἑαυτοὺς
403 806 451 840 μὲν
466 805 516 840 τῆς
528 805 667 840 βασιλικῆς
682 805 772 832 αὐτῶν
790 805 926 840 μητροπό-

142 853 210 884 λεως
223 852 271 878 καὶ
284 852 462 887 ἁποὸλήτους,
474 851 604 886 ’Έλληνας
618 851 646 878 δὲ
662 851 760 886 ἄνδρας
775 850 927 884 ἁλλογενεῖς

141 898 189 926 καὶ
214 897 378 933 ἀλλοφύλους
400 898 445 924 τὸν
468 898 548 924 τόπον
574 897 663 924 αὐτῶν
689 897 838 928 οἰκοῦντας,
857 896 928 923 κατὰ

143 945 234 976 πάσας
252 952 281 970 τε
298 943 431 979 ἐπαρχίας
451 943 498 969 καὶ
520 942 620 978 χώρας,
641 943 688 969 καὶ
706 943 797 974 πόλεις

142 989 226 1016 ἐθνῶν
237 989 287 1021 τὰς
300 989 364 1025 περὶ
380 988 426 1015 τυῦ
442 989 566 1024 Σωτῆρος
583 988 754 1024 προφητικὰς
769 987 859 1022 φωνὰς
879 996 928 1022 κη-

143 1036 307 1071 ρύττοντας;
325 1035 446 1070 Αίσχύνη
464 1035 492 1061 δὲ
511 1034 618 1070 ἀληθῶς
641 1035 687 1060 καὶ
706 1034 822 1069 ἐντροπὴ
836 1033 928 1060 κατεί-

140 1083 226 1119 ληφεν
242 1083 331 1110 αὐτῶν
355 1082 404 1114 τὰς
421 1081 519 1117 ψυχὰς,
536 1082 582 1107 τὸν
598 1081 660 1116 χθὲς
671 1081 703 1107 δι’
721 1080 809 1107 αὐτῶν
821 1079 930 1116 σταυρῷ

141 1128 329 1165 παραδοθέντα
345 1128 406 1154 καθ’
427 1128 490 1164 ὅλης
509 1129 559 1164 τῆς
585 1127 745 1162 οἰκουμένης
762 1127 930 1161 προσκυνού-

143 1183 223 1210 μενον
242 1175 289 1201 καί¹
307 1173 515 1209 θεολογούμενον
535 1173 672 1209 ὁρῶντας·
690 1173 708 1200 ἃ
729 1173 761 1208 δὴ
779 1172 930 1207 ἐπληροῦτο

141 1220 296 1252 ἀκολούθως
307 1222 340 1255 τῇ
355 1219 425 1255 μετὰ
438 1221 532 1255 χεῖρας
553 1220 703 1255 προρρήσει
718 1219 862 1254 λεγούσῃ-ι
879 1218 930 1244 Πε-

144 1266 345 1302 ριϐαλὲσθωσαν
362 1265 491 1301 αἰσχύνην
509 1265 555 1292 καὶ
566 1265 698 1301 ἐντροπὴν
710 1266 735 1292 οί
744 1265 888 1300 ζητοῦντες
897 1265 930 1290 τὰ

143 1312 216 1339 κακά
231 1321 302 1347 μοι.»
313 1312 367 1338 Καὶ
381 1309 452 1338 οὗτοι
469 1311 517 1345 μὲν
530 1311 591 1338 τάδε
606 1311 754 1338 πείσονται·
773 1320 781 1335 ι
793 1310 863 1344 Ἐγὼ
873 1310 928 1341 δὲ,›

144 1358 191 1385 ὑπ’
206 1357 296 1385 αὐτῶν
304 1357 337 1384 τὰ
352 1357 468 1384 τοσαῦτα
478 1357 628 1389 πεπονθὼς,
643 1366 652 1382 ι
671 1357 824 1388 διαπαντὸς,
839 1357 930 1391 φησιν,

144 1404 239 1436 ὲλπιῶ,
251 1405 297 1431 καὶ
311 1404 458 1440 προσθήσω
472 1404 518 1430 ἐπὶ
544 1405 633 1430 πᾶσαν
646 1403 693 1438 τὴν
714 1403 815 1430 αἴνεσὶν
842 1411 899 1429 σου.
919 1412 928 1428 ι

150 1449 226 1476 Ἐπεὶ
244 1449 273 1475 δὲ
310 1448 379 1475 κατὰ
406 1448 510 1479 πάντας
536 1449 598 1479 τοὺς
637 1447 856 1483 ἑρμηνεύσαντας
882 1446 931 1477 τὸ,

147 1504 158 1521 ι
171 1495 318 1531 προσθήσω
333 1515 341 1527 ,
362 1505 371 1520 ι
383 1495 508 1521 λέλεκται
526 1495 540 1521 ὅ
558 1503 587 1521 τε
613 1493 727 1525 Ἀκύλας
740 1493 820 1527 φησὶ,
839 1502 848 1518 ι
878 1493 933 1518 Καὶ

145 1541 293 1577 προσθήσω
309 1541 355 1567 ὲπὶ
372 1541 461 1572 πάσας
478 1541 609 1575 ὑμνήσεις
619 1548 626 1556 ’
649 1550 658 1565 ›
675 1540 721 1566 καὶ
736 1541 750 1566 ὁ
763 1539 910 1574 Σύμμαχος
923 1559 930 1569 ,

147 1599 157 1615 ι
179 1588 226 1615 καὶ
244 1587 389 1624 προσθήσω
399 1588 455 1618 τοῖς
472 1586 578 1621 ὕμνοις·
596 1595 604 1611 ι
622 1586 671 1621 ὅρα
683 1586 706 1612 εἰ
723 1585 759 1620 μὴ
774 1584 932 1620 προσθήκην

975 304 1022 324 ces
1037 305 1071 324 ex
1084 296 1236 324 femoribus
1255 296 1327 331 ejus,
1340 304 1403 324 cum
1419 297 1575 326 advenisset
1589 299 1760 334 exspectatio

976 342 1097 377 gentium
1113 342 1146 374 ³⁸,
1157 341 1307 369 secundum
1328 342 1498 377 prophetiam
1523 343 1580 370 haec
1607 343 1760 371 vaticinan-

976 393 1041 416 tem.
1055 388 1095 416 Ac
1110 395 1198 423 neque
1221 395 1311 423 reges,
1327 396 1416 423 neque
1434 389 1529 421 duces.
1548 398 1636 424 neque
1652 390 1698 417 ulli
1716 397 1761 425 pe-

976 443 1024 462 nes
1035 443 1082 463 eos
1095 438 1237 471 magnates
1255 439 1329 467 sunt,
1346 442 1401 462 non
1417 435 1485 462 ordo
1504 436 1638 471 quispiam
1654 437 1761 471 prisco-

976 489 1037 509 rum
1050 482 1259 516 magistratuum
1275 482 1329 509 iIIis
1347 486 1487 517 superstes
1513 487 1573 515 est;
1600 484 1648 510 sed
1663 492 1760 511 omnes

976 526 1023 561 qui
1035 526 1216 553 detrahebant
1233 526 1331 554 animae
1356 527 1427 561 ejus,
1457 527 1566 555 confusi
1591 527 1758 556 defecerunt.

977 573 1084 605 Quanta
1100 579 1164 599 vero
1174 572 1200 598 in
1216 571 1381 600 confusione
1391 577 1537 600 versantur
1553 574 1697 609 hodieque,
1712 576 1760 610 qui

976 617 1078 645 Iudaeis
1105 625 1222 652 praeesse
1237 621 1381 652 putantur,
1409 618 1534 646 videntes
1559 627 1588 647 se
1613 621 1713 654 passim
1732 621 1760 648 in

979 663 1130 698 Scripturis
1140 663 1300 690 idololatria:
1311 664 1421 692 nomine
1435 665 1572 698 accusari,
1587 673 1682 694 omnes
1698 674 1762 694 vero

978 717 1025 744 per
1038 709 1131 736 orbem
1146 713 1239 744 gentes
1256 717 1305 744 per
1319 710 1423 737 Christi
1440 710 1593 738 doctrinam
1613 719 1627 738 a
1649 716 1762 747 paterno
1790 725 1796 732 ι

977 762 1070 782 errore
1083 754 1235 782 descivisse
1253 762 1303 782 :ac
1321 755 1348 782 in
1362 756 1463 790 quibus
1485 757 1553 785 locis
1579 758 1633 792 jam
1647 758 1761 793 degunt,

978 808 1028 827 nec
1042 800 1102 828 sine
1112 800 1277 828 confusione
1288 806 1444 835 cernentes,
1458 810 1487 829 se
1496 803 1607 837 quidem
1624 805 1698 839 regia
1713 812 1762 832 sua

977 846 1124 882 metropoli
1135 850 1265 874 extrusos
1280 855 1311 875 ac
1323 847 1454 882 deiectos,
1471 848 1581 876 Graecos
1597 853 1687 878 autem
1700 851 1764 878 alie.

979 893 1092 928 nigeuas
1108 897 1135 920 et
1151 897 1298 922 extraneos
1311 895 1399 921 locum
1418 903 1497 922 suum
1512 895 1680 930 incolentes;
1698 905 1764 932 gen-

819 943 880 974 τοὺς
897 942 926 974 ἐξ
942 943 962 970 Β
976 943 1072 974 tesque
1084 940 1111 966 in
1126 940 1254 968 omnibus
1269 941 1429 976 provinciis,
1443 942 1602 977 regionibus
1613 943 1764 970 eturbibus

980 985 1156 1020 propheticas
1173 985 1331 1013 Servatoris
1347 994 1428 1014 voces
1444 987 1645 1022 praedicantes?
1658 987 1762 1015 Confu-

980 1031 1021 1058 sio
1044 1039 1138 1058 revera
1153 1037 1180 1058 et
1194 1032 1343 1066 ignominia
1361 1032 1466 1060 animas
1485 1041 1579 1060 eorum
1598 1033 1707 1066 invasit,
1724 1033 1762 1060 vi-

980 1077 1075 1104 dentes
1086 1084 1147 1103 eum
1157 1077 1203 1112 qui
1215 1077 1250 1105 ab
1260 1077 1326 1112 ipsis
1339 1078 1467 1105 hesterna
1480 1078 1524 1106 die
1539 1078 1573 1105 ad
1589 1086 1699 1106 crucem
1708 1083 1765 1106 tra—

980 1121 1053 1149 ditus
1061 1127 1113 1154 est,
1124 1129 1172 1156 per
1179 1126 1265 1149 totum
1276 1122 1369 1150 orbem
1378 1123 1485 1150 adorari
1494 1123 1632 1159 Deumque
1639 1124 1766 1159 praedica-

981 1166 1022 1199 ri,-
1033 1174 1094 1201 qua:
1103 1174 1169 1194 sane
1178 1167 1287 1202 impleta
1298 1172 1361 1195 sunt
1372 1173 1570 1204 consequenter
1579 1169 1611 1196 ad
1619 1169 1687 1196 hanc
1697 1177 1766 1204 prat-

981 1212 1128 1239 dietiouem
1138 1212 1176 1240 sic
1186 1212 1331 1241 habentem
1346 1224 1353 1242 :
1369 1218 1382 1239 ἰ
1400 1210 1552 1242 induantur
1564 1215 1726 1243 confusione
1739 1220 1766 1242 et

981 1259 1133 1285 reverentia
1139 1259 1183 1294 qui
1190 1263 1316 1294 qumrunt
1325 1260 1393 1287 mala
1402 1261 1477 1288 mihi.
1485 1260 1532 1288 ιΕι
1539 1261 1575 1288 illi
1585 1260 1692 1296 quidem
1701 1261 1766 1288 talia

982 1305 1119 1339 patientur
1129 1313 1137 1331 :
1149 1314 1158 1330 (
1171 1311 1302 1340 egovero,
1317 1316 1325 1332 )
1341 1307 1388 1339 ait,
1401 1308 1528 1335 totmalis
1539 1307 1690 1336 aﬂ‘ectusab
1703 1308 1765 1340 illis.

984 1361 993 1375 ι
1006 1359 1113 1386 semper
1129 1353 1254 1386 sperabo,
1273 1357 1300 1380 et
1323 1352 1450 1387 adjiciam
1477 1361 1559 1388 super
1579 1362 1687 1382 omnem
1707 1355 1766 1382 lau-

981 1397 1042 1425 dem
1060 1402 1161 1425 tuam.»
1184 1398 1252 1425 Cum
1267 1403 1357 1426 autem
1378 1400 1413 1426 ab
1428 1400 1556 1427 omnibus
1574 1400 1767 1436 interpretibus

985 1453 994 1469 ι
1005 1444 1131 1478 adjiciam
1147 1454 1156 1470 ι
1167 1444 1284 1477 dicatur,
1295 1449 1320 1472 et
1332 1445 1428 1479 Aquila
1439 1446 1479 1473 sic
1488 1446 1596 1478 habeat,
1612 1455 1621 1471 α
1633 1446 1766 1482 Adjiciam

982 1498 1065 1525 super
1082 1498 1177 1518 omnes
1192 1491 1318 1526 hymnos,
1341 1501 1350 1517 ›
1367 1491 1547 1527 Symmachus
1563 1499 1637 1525 vero,
1654 1493 1706 1520 «Et
1721 1494 1768 1520 ad-

981 1535 1073 1570 jiciam
1093 1536 1218 1571 hymnis;
1232 1546 1240 1562 ι
1260 1536 1321 1563 vide
1336 1544 1401 1563 num
1428 1537 1537 1572 hymnis
1556 1537 1646 1566 Patris
1661 1539 1704 1566 sui
1720 1539 1768 1565 atl-

983 1581 1164 1610 ditamentum
1194 1581 1300 1614 fecerit,
1325 1581 1430 1609 Novum
1453 1582 1658 1611 Testamentqu
1677 1584 1767 1612 Veteri

145 1635 292 1670 ἐποιήσατο
310 1635 364 1664 τοῖς
380 1633 426 1659 τοῦ
442 1632 545 1667 Πατρὺς
560 1631 663 1666 ὕμνοις,
677 1630 725 1666 τὴν
748 1630 849 1665 Καινὴν
874 1631 931 1656 Δια-

989 1629 1105 1656 addens.
1125 1628 1218 1664 Neque
1231 1629 1304 1656 enim
1322 1629 1411 1663 priora
1431 1630 1551 1661 sustulit,
1572 1638 1635 1657 cum
1649 1632 1768 1658 secunda

146 1682 232 1717 θήκην
248 1680 315 1715 πρὸς
332 1681 364 1715 τῇ
389 1679 493 1712 Παλαιᾷ
511 1677 656 1713 παραδούς.
671 1677 708 1703 Οὺ
735 1677 787 1712 γὰρ
795 1676 882 1703 ἀνεῖλε
899 1676 933 1702 τὰ

146 1725 254 1762 πρῶτα,
268 1723 423 1759 εἰσαγαγὼν
438 1723 473 1750 τὰ
488 1722 612 1758 δεύτερα,
628 1722 786 1758 προσθήκην
795 1723 823 1749 δὲ
837 1723 931 1757 ἐποιή-

146 1779 227 1799 σατοο
245 1770 292 1797 καὶ
306 1770 385 1796 τοῦτό
399 1771 472 1796 ἐστιν
485 1770 577 1805 εὑρεῖν
591 1770 618 1795 ἐν
631 1770 691 1800 ταῖς
705 1768 786 1794 αὑτοῦ
805 1768 932 1795 διδασκα-

145 1816 226 1848 λίαις,
238 1816 270 1843 δι’
285 1813 321 1842 ὦν
339 1825 419 1850 φησιν
431 1823 437 1829 “
459 1825 467 1840 ι
479 1815 593 1851 Ἐρρέθη
609 1816 664 1846 τοίς
678 1814 810 1850 ἀρχαίοις,
832 1815 868 1841 Οὺ
884 1823 933 1849 φο-

145 1863 266 1894 νεύσεις”
284 1861 340 1896 ἐγὼ
355 1862 382 1888 δὲ
395 1862 466 1896 λέγω
475 1882 482 1893 ,
496 1861 561 1896 μηδὲ
573 1860 738 1896 ὀργίζεσθαι.
756 1860 869 1896 Ἐρρέθη
880 1862 934 1891 τοῖς

145 1908 280 1944 ἀρχαίοις,
294 1908 330 1934 Οὺ
347 1906 516 1942 μοιχεύσεις·
532 1906 587 1940 ἐγὼ
610 1907 730 1941 δὲλέγω,
752 1907 819 1941 μηδὲ
842 1906 934 1932 ἐπιϐυ-

147 1956 224 1990 μεϊν’
244 1963 253 1980 ι
273 1954 318 1981 καὶ
334 1954 384 1980 ὅσα
400 1953 467 1980 ἄλλα
483 1953 594 1980 τοιαῦτα
611 1953 769 1989 προσθήκην
782 1953 876 1987 ἔχοντα
891 1953 934 1978 διὰ

146 2001 196 2036 τῆς
208 2000 395 2035 πνευματικῆς
407 1999 522 2034 Θεωρίας
536 2008 565 2025 τε
579 1999 626 2026 καὶ
636 1999 781 2034 ἑρμηνείας
792 1998 838 2024 τοῦ
852 1999 933 2033 νόμον

146 2046 176 2072 ὲν
189 2047 223 2082 τῇ
242 2045 389 2081 Ἐκκλησία
403 2045 485 2071 αὑτοῦ
502 2045 690 2081 παραδέδοται.
715 2044 794 2071 Ἀλλὰ
815 2045 861 2071 καὶ
877 2054 886 2069 ι
906 2045 935 2071 τὸ

147 2091 237 2127 στόμα
268 2100 339 2126 μου,
385 2091 486 2126 φησὶν,
516 2091 659 2125 ἀναγγελεῖ
691 2091 740 2126 τὴν
763 2090 934 2126 δικαιοσύνην

147 2147 205 2165 σου.
219 2147 228 2163 ι
239 2137 276 2164 Τὸ
294 2137 349 2174 γὰρ
365 2137 527 2172 Εὐαγγέλιον
536 2137 706 2173 δικαιοσύνην
718 2137 843 2172 ἐμφαίνει
856 2137 933 2166 Θεοῦ,

147 2185 341 2216 οὐκΊουδαίοις
358 2184 448 2220 μόνοις
459 2184 650 2219 ἀφωρισμένον
662 2183 756 2218 ὥσπερ
768 2183 781 2209 ὁ
795 2183 838 2209 διὰ
852 2184 933 2210 Μωῶ

147 2230 218 2262 ctu);
230 2229 322 2265 νόμος.
339 2229 384 2256 Διό
399 2237 480 2264 φησιν
491 2230 505 2255 ὁ
525 2228 683 2260 ’Δπόστολος
695 2237 701 2242 ·
718 2238 726 2253 ι
742 2228 780 2254 Οὐ
795 2228 849 2263 γὰρ
857 2228 935 2254 ἐπαι-

148 2275 280 2311 σχύνομαι
297 2275 327 2302 τὸ
339 2275 514 2309 Εὑαγγέλιον.
533 2274 650 2309 Δύναμις
664 2274 716 2310 γὰρ
729 2273 796 2300 Θεοῦ
810 2274 882 2300 ἐστιν
896 2275 935 2306 εἰς

148 2321 286 2358 σωτηρίαν
299 2321 380 2348 παντὶ
394 2321 432 2356 τῷ
445 2321 611 2353 πιστεύοντι,
642 2320 760 2356 Ἰουδαίῳ
774 2329 803 2346 τε
828 2320 934 2356 πρῶτον

147 2368 195 2395 καὶ
209 2367 330 2403 Ἕλληνι.
351 2367 513 2402 Δικαιοσύνη
528 2367 580 2402 γὰρ
599 2366 666 2393 Θεοῦ
683 2367 712 2392 ὲν
735 2365 810 2401 αὺτῷ
830 2366 934 2392 ἀποκα-

147 2413 285 2440 λύπτεται.
313 2423 322 2439 ι
339 2413 384 2439 Διὸ
409 2412 524 2439 ἐνταῦθα
542 2411 679 2439 λέλεκται”
704 2421 712 2436 ι
731 2411 767 2437 Τὸ
778 2410 864 2446 στόμα
885 2420 933 2445 μου

148 2457 294 2493 ἀναγγελεῖ
308 2457 357 2493 τὴν
369 2456 540 2492 δικαιοσύνην
556 2465 613 2490 σου,
626 2456 690 2491 ὅλην
704 2456 753 2491 τὴν
766 2456 870 2491 ἡμέραν
885 2456 934 2490 τὴν

150 2504 288 2539 σωτηρίαν
301 2512 348 2530 σου
359 2511 366 2518 ’
388 2513 397 2529 ι
415 2503 432 2539 ἢ
446 2502 515 2530 κατὰ
530 2503 574 2528 τὸν
591 2501 748 2537 Σύμμαχον,
771 2511 780 2525 ι
798 2501 867 2528 κατὰ
887 2502 936 2527 πᾶ-

150 2558 199 2577 σαν
213 2550 322 2586 ἡμέραν
337 2550 385 2586 τὴν
401 2549 536 2584 σωτηρίαν
553 2558 610 2575 σου.
632 2558 641 2574 ι
664 2549 719 2575 Καὶ
741 2547 820 2574 τοῦτο
836 2547 862 2574 δέ
880 2549 937 2574 ἐστι

149 2595 338 2632 πληρούμενον
353 2595 464 2630 θεωρεῖν
476 2594 535 2621 καθ’
543 2594 606 2629 ὅλης
620 2594 670 2629 τῆς
682 2594 842 2629 οἰκουμένης
855 2602 861 2608 -
879 2594 907 2619 ἐν

148 2640 179 2667 τὸ
194 2641 284 2676 στόμα
301 2640 347 2667 τοῦ
365 2640 490 2675 Σωτῆρος
506 2639 586 2675 ἡμῶν
602 2639 646 2665 διὰ
660 2639 713 2665 τῶν
730 2638 808 2665 θείων
822 2639 938 2674 Γραφῶν

150 2687 232 2713 πᾶσιν
249 2685 402 2722 ἀνθρώποις
420 2686 462 2720 ἐφ’
478 2686 595 2721 ἑκάστης
615 2686 721 2721 ἡμέρας
742 2686 791 2722 τὴν
805 2686 837 2712 δι’
855 2686 937 2713 αὑτοῦ

150 2730 362 2767 προξενηθείσαν
389 2731 475 2757 ἆπασι
497 2730 633 2766 σωτηρίαν
647 2730 785 2765 κηρύττει.
803 2731 937 2765 Ἐπιλέγει

150 2776 179 2804 δὲ
191 2777 389 2809 τοῦτοις,ι”οτι
402 2777 451 2804 οὐκ
461 2776 545 2811 ἔγνων
558 2777 761 2812 γραμματείας.
777 2785 786 2802 ι
798 2777 853 2808 Τὰς
864 2777 937 2808 κλεῖς

148 2823 291 2860 εἰληφότες
308 2824 356 2859 τῆς
371 2823 518 2858 βασιλείας,
533 2823 579 2850 καὶ
594 2824 661 2858 μήτε
682 2823 758 2850 αὐτοὶ
778 2823 936 2858 εἰσερχόμευ

985 1674 1096 1708 adjecit,
1115 1675 1162 1702 sed
1177 1674 1394 1702 additamentum
1409 1675 1510 1702 effecit.
1539 1675 1616 1708 Quod
1637 1677 1718 1704 etiam
1741 1677 1768 1703 in

983 1721 1043 1754 ejus
1064 1720 1188 1747 doctrina
1203 1721 1323 1755 reperire
1344 1725 1396 1753 est,
1424 1721 1468 1748 ubi
1489 1721 1528 1748 ait
1552 1731 1558 1748 :
1579 1712 1706 1750 «Dictum
1726 1728 1768 1750 est

984 1767 1117 1801 antiquis,
1135 1766 1193 1794 Non
1213 1767 1341 1800 occides;
1359 1775 1409 1802 ego
1425 1773 1514 1795 autem
1539 1768 1601 1795 dico
1629 1769 1716 1799 vobis.
1730 1767 1770 1796 Ne

985 1812 1153 1841 irascamini.
1170 1813 1277 1840 Dictum
1290 1818 1332 1840 est
1347 1814 1478 1849 antiquis,
1493 1814 1551 1842 Non
1567 1815 1767 1849 mmchaberis;

984 1866 1035 1893 ego
1061 1864 1151 1885 autem
1167 1859 1229 1886 dico
1252 1860 1341 1890 vobis,
1359 1860 1398 1886 he
1420 1860 1624 1895 concupiscatis
1636 1862 1686 1893 ³³.»
1704 1866 1730 1890 ct
1745 1864 1767 1889 si

985 1912 1038 1938 qua
1067 1904 1177 1935 similia,
1204 1912 1264 1939 quas
1293 1905 1428 1939 spirituali
1452 1914 1534 1933 sensu
1553 1910 1587 1933 τοι.
1607 1907 1769 1942 interpreta-

986 1951 1060 1976 tione
1085 1950 1232 1981 intellecta,
1250 1955 1277 1977 et
1301 1951 1516 1978 additamentum
1543 1952 1595 1987 legi
1613 1952 1767 1983 inferentia.

986 1997 1012 2023 in
1033 1996 1154 2023 Ecclesia
1182 1997 1243 2031 ejus
1267 1997 1365 2025 tradita
1392 2001 1468 2025 sunt.
1490 1997 1544 2025 Sed
1559 1999 1653 2030 etiam,
1670 1999 1768 2034 inquit.

989 2048 1039 2068 «οε
1056 2048 1146 2068 meum
1160 2041 1478 2076 annuntiahitjustitiam
1500 2046 1585 2070 tuam.
1597 2052 1607 2069 ι
1630 2043 1768 2079 Siquidem

984 2087 1118 2121 justitiam
1136 2087 1182 2115 Dei
1200 2088 1309 2116 exhibet
1323 2088 1508 2124 Evangelium,
1525 2097 1577 2117 non
1588 2089 1689 2118 Iudaeis
1701 2092 1770 2118 dun-

987 2136 1061 2159 laxat
1076 2132 1253 2165 destinatum,
1269 2137 1298 2159 ut
1312 2134 1355 2161 lex
1369 2142 1417 2169 per
1428 2134 1547 2170 Moysem
1571 2135 1645 2164 data.
1667 2135 1769 2169 Quam-

986 2178 1079 2205 obrem
1096 2179 1134 2205 ait
1148 2178 1312 2213 Apostolus:
1333 2189 1342 2206 ‹
1358 2179 1418 2208 Νυη
1434 2182 1506 2208 enim
1528 2183 1660 2210 erubesco
1678 2182 1769 2210 Evan-

987 2225 1097 2258 gelium.
1124 2224 1218 2253 Virtus
1235 2227 1306 2254 enim
1322 2226 1368 2254 Dei
1381 2233 1423 2255 est
1443 2228 1471 2255 in
1489 2229 1603 2256 salutem
1619 2229 1693 2256 omni
1708 2237 1769 2257 cre-

987 2271 1072 2302 denti,
1090 2270 1184 2298 Judazo
1199 2273 1316 2307 primum
1332 2277 1359 2300 et
1370 2273 1476 2303 Graeco.
1503 2273 1613 2301 Justitia
1627 2275 1700 2302 enim
1722 2275 1770 2303 Dei

989 2316 1015 2343 in
1032 2325 1065 2344 eo
1079 2318 1215 2345 revelatur
1234 2319 1283 2345 ".i
1294 2318 1398 2347 idcirco
1409 2320 1454 2347 hic
1468 2320 1588 2347 dicitur:
1606 2330 1614 2346 ι
1627 2320 1663 2347 Os
1681 2328 1770 2348 meum

989 2363 1303 2399 annuntiabitjustiliam
1313 2370 1397 2396 tuam,
1407 2370 1464 2392 tota
1476 2366 1520 2393 die
1533 2366 1647 2393 salutem
1660 2371 1732 2394 tuam
1745 2377 1768 2400 ;ι

989 2409 1046 2436 sive
1071 2410 1222 2437 secundum
1248 2410 1453 2444 Symmachum,
1481 2420 1490 2436 ι
1505 2410 1558 2438 Per
1575 2419 1684 2439 omnem
1700 2412 1770 2440 diem

991 2454 1107 2481 salutem
1126 2460 1231 2482 tuam.»
1254 2455 1337 2490 ldque
1353 2464 1401 2490 per
1419 2461 1504 2483 totum
1519 2456 1613 2484 orbem
1630 2457 1771 2493 impletum

990 2500 1081 2527 videre
1108 2506 1170 2527 est:
1192 2500 1220 2527 in
1244 2508 1298 2535 quo
1314 2510 1345 2528 os
1363 2501 1512 2530 Salvator-is
1529 2503 1616 2529 nostri
1632 2511 1680 2538 per
1702 2504 1772 2531 diri-

990 2552 1039 2571 nas
1071 2544 1231 2580 Scripturas
1247 2547 1376 2574 erunibus
1392 2547 1548 2575 hominibus
1563 2549 1684 2584 quotidie
1698 2551 1771 2577 salu-

990 2594 1044 2617 tem
1059 2591 1093 2618 ab
1112 2599 1142 2618 se
1155 2593 1283 2621 omnibus
1307 2597 1481 2628 procuratam
1499 2595 1638 2629 praedicat.
1662 2595 1709 2624 llis
1721 2597 1770 2624 ad

986 2636 1058 2669 jicit,
1089 2648 1097 2661 ι
1111 2636 1245 2670 Quoniam
1272 2645 1327 2666 non
1345 2640 1459 2674 cognovi
1480 2640 1671 2669 litteraturam.
1696 2652 1705 2667 ι
1720 2642 1771 2675 Qui

989 2682 1112 2710 claribus
1131 2683 1209 2719 regni
1224 2685 1353 2719 acceptis,
1370 2693 1457 2720 neque
1470 2686 1521 2721 ipsi
1538 2687 1770 2722 ingrediebantur.

992 2735 1079 2762 neque
1093 2728 1162 2756 alios
1187 2729 1290 2764 ingredi
1312 2731 1510 2764 concedebant,
1526 2732 1706 2760 litteraturam
1723 2733 1772 2761 de—

992 2777 1127 2803 tinebant.
1148 2776 1204 2812 Ego
1230 2786 1307 2812 vero,
1334 2780 1432 2815 inquit,
1453 2780 1499 2815 qui
1531 2781 1632 2816 Moysis
1661 2783 1771 2817 srriptis

991 2831 1045 2850 non
1063 2823 1185 2856 attendo,
1203 2833 1291 2860 neque
1314 2834 1472 2862 corpoream
1497 2828 1563 2862 legis
1591 2829 1769 2856 litteraturam

185 2902 208 2918 "
220 2901 289 2929 Gen.
304 2909 378 2935 nix,
397 2902 438 2929 10.
477 2903 499 2919 ³³
515 2901 609 2929 Matth.
623 2911 648 2936 ν,
662 2902 706 2935 21,
721 2902 766 2935 ‘27,
780 2901 825 2930 28.
865 2901 887 2918 9‘
904 2900 931 2927 Iit

989 2901 1122 2934 1,16,”.
