2041 3215
279 189 332 217 Ἠδ

615 189 748 217 EUSEBI!
768 188 822 215 (LE
828 188 1008 217 SARIENSIS
1027 190 1059 217 Ol

1124 189 1213 218 PARS
1233 190 1278 216 lll.
1299 206 1333 210 —
1353 190 1556 218 ΕΧΕΟΕΤΠἸΑ.

1848 193 1897 222 786

277 249 420 284 discipulis
440 248 507 276 meis
526 248 638 280 tradidi,
653 256 708 275 non
732 249 846 283 cognovi
863 249 1054 276 litteraturam.

1111 259 1145 276 μοι
1163 250 1231 285 μήτε
1247 250 1350 284 ἑτέροις
1378 249 1580 285 συγχωροῦντες
1596 269 1602 280 ,
1630 249 1680 281 τὰς
1704 251 1897 285 γραμματείας

277 293 347 328 Quid
361 298 451 321 autem
466 294 559 321 nosti?
583 293 611 320 ld
628 299 721 328 postea
734 294 857 321 declarat
872 294 980 322 dicens:
997 304 1005 320 1
1018 294 1059 321 ln-

277 341 367 372 troibo
378 340 405 367 in
420 340 557 374 potentias
579 339 687 366 Domini
705 339 824 371 Domini,
839 344 866 367 et
886 340 1059 367 memorabor

278 387 392 422 justitia:
408 386 594 414 tumsolins.»
616 385 682 413 Nam
702 386 855 413 litteratura
870 385 971 413 Judazis
992 387 1058 414 solis

277 435 458 470 competehat.
482 433 530 469 qui
556 439 595 461 ter
618 434 646 460 in
669 441 741 460 anno
762 433 957 469 Jcrosolymam
983 433 1058 461 adire

275 479 455 514 jubebantur;
470 485 558 512 eaque
573 477 656 504 multa
673 478 725 505 alia
741 478 824 505 ardua
841 485 890 505 nec
903 478 1056 505 necessaria

277 526 443 554 continebat.
466 525 522 560 Ego
535 533 600 553 vero
626 525 652 552 in
675 525 794 560 potentia
828 523 933 551 Domini
950 524 1055 551 Domini

278 573 306 599 in
328 571 465 600 Ecclesias
485 579 561 598 meas
578 570 707 604 intraibo,
723 575 748 597 et
762 570 933 597 memorabor
944 570 1058 605 justitim

276 622 329 644 tua:
345 617 440 645 solius.
454 616 563 644 Justitia
582 624 698 652 namque
722 615 811 643 Patris
824 621 892 649 erat,
919 621 948 644 ut
963 625 1058 644 onmes

277 663 401 691 homines
423 662 532 690 Graecos
549 663 630 690 simul
645 667 672 689 et
690 662 822 690 barbaros
838 670 888 690 sua
903 663 1058 698 cognitione

277 709 402 740 donaret,
418 712 445 736 et
460 712 490 736 ut
505 708 532 735 in
549 708 623 735 omni
638 708 707 741 loco,
727 715 816 743 neque
827 708 854 735 in
870 716 925 735 uno
939 712 967 735 ut
981 709 1056 741 olim,

277 755 330 786 coli
347 762 376 782 se
392 754 566 790 praeciperet;
583 754 621 780 ita
644 758 674 780 ut
699 754 734 781 ab
758 755 865 782 oriente
889 755 947 782 sole
970 762 1058 789 usque

278 801 311 828 ad
331 801 499 829 occidentem
523 808 622 829 nomen
638 800 699 835 ejus
717 801 904 829 celebraretur
925 802 952 828 in
967 802 1056 837 genti-

277 847 329 874 bus
339 847 373 874 ’³.

1111 296 1244 329 κατεῖχον,
1266 294 1336 328 Ἐγὼ
1346 295 1383 326 δὲ,
1399 296 1474 330 φησι,
1491 295 1527 330 μὴ
1540 294 1579 330 τῷ
1597 295 1734 327 Μωῦσέως
1755 296 1898 331 συγγράμ-

1112 349 1176 376 ματι
1188 340 1337 375 προσέχων,
1348 340 1414 375 μηδὲ
1427 341 1476 372 τὰς
1491 340 1537 367 τοῦ
1550 341 1632 375 νόμον
1642 341 1798 375 σωματικὰς
1810 350 1899 376 γραμ-

1112 387 1226 420 ματείας
1241 387 1297 417 τοῖς
1307 387 1425 421 ἐμαυτοῦ
1439 386 1575 422 παραδοὺς
1588 386 1730 421 μαθηταῖς,
1746 387 1796 412 οὐκ
1810 386 1899 419 ἔγνων

1111 432 1311 467 γραμματείας.
1331 431 1362 457 Τί
1378 431 1407 458 δὲ
1427 431 1531 465 ἑγνωςς
1552 432 1629 466 Ἑξῆς
1649 431 1774 465 διασαφεῖ
1790 431 1878 465 λέγων
1889 439 1895 446 ·

1114 487 1122 502 1
1145 477 1389 511 Εἰσελεύσομαιείς
1402 477 1559 508 δυναστείας
1582 477 1682 513 Κυρίου
1706 477 1825 512 Κυρίου,
1850 477 1898 504 καὶ

1113 524 1302 560 μνησθήσομαι
1325 525 1374 559 τῆς
1391 524 1561 559 δικαιοσύνης
1579 533 1625 550 σου
1646 524 1736 559 μόνου.
1758 534 1767 550 t
1783 525 1816 550 At
1847 524 1899 560 μὲν

1111 570 1164 605 γὰρ
1178 572 1366 605 γραμματεῖαι
1397 570 1531 601 Ἰουδαίοις
1554 570 1645 605 μόνοις
1668 571 1821 606 ἣρμοττον,
1837 569 1898 606 τρὶς

1110 615 1157 640 τοῦ
1167 615 1290 642 ἐνιαυτοῦ
1307 615 1569 650 παρακελευομένοις
1585 616 1709 651 ἀπαντᾷν
1729 617 1769 648 είς
1791 616 1826 642 τὰ
1848 615 1898 642 Ἱε-

1111 662 1257 697 ροσόλυμα,
1271 662 1356 689 πολλά
1368 671 1396 689 τε
1408 663 1474 690 ἄλλα
1486 663 1603 698 δυσχερῆ
1627 662 1675 689 καὶ
1691 663 1741 689 οὐκ
1760 662 1901 697 ἀναγκαῖα

1111 710 1256 743 περιεῖχον.
1283 707 1353 742 Ἐγὼ
1367 709 1396 735 δὲ
1411 710 1439 735 ὲν
1451 709 1593 744 δυναστείᾳ
1604 709 1707 744 Κυρίου
1726 708 1842 744 Κυρίου,
1858 709 1899 741 εἰς

1110 753 1159 785 τὰς
1174 753 1292 788 ἐμαυτοῦ
1315 754 1476 790 Ἑκκλησίας
1496 754 1694 790 εἰσελεύσομαι,
1714 755 1761 781 καὶ
1776 754 1902 789 μνησθή-

1111 808 1192 834 σομαι
1205 800 1254 835 τῆς
1266 800 1437 836 δικαιοσύνης
1451 809 1496 826 σου
1513 801 1603 835 μόνου.
1617 800 1778 835 Δικαιοσύνη
1787 799 1842 835 γὰρ
1849 798 1901 826 τοῦ.

1110 845 1215 880 [ἰατρὸς
1229 843 1262 880 ἧν
1278 846 1308 872 τὸ
1320 845 1422 877 πάντας
1436 845 1595 882 ἀνθρώπους
1614 846 1746 881 ’Έλληνας
1769 846 1828 881 ἅμα
1851 845 1900 872 καὶ

277 892 428 929 βαρϐάρους
443 892 492 927 τῆς
517 891 598 918 αὐτοῦ
615 891 814 926 καταξιωθῆναι
839 891 982 924 γνώσεως,
1004 890 1051 916 καὶ
1074 889 1104 916 τὸ
1129 891 1157 916 ἐν
1169 892 1248 918 παντὶ
1266 892 1350 927 τόπῳ,
1366 892 1432 918 ἀλλὰ
1447 892 1544 927 μηκέτι
1558 893 1586 919 ὲν
1613 893 1653 918 ἐνὶ
1675 892 1818 928 ἐπιτρέψαι
1849 892 1911 919 λα--

274 941 380 978 τρεύειν
393 940 480 976 αὐτῷ·
513 941 582 968 ὥστε
602 940 655 966 ἀπὸ
666 939 801 967 ἀνατολῶν
824 938 899 974 ἡλίου
925 938 1004 973 μέχρι
1026 937 1136 972 δυσμῶν
1158 939 1316 972 δοξάζεσθαι
1328 939 1408 966 αὐτοῦ
1425 940 1454 966 τὸ
1470 940 1553 975 ὄνομα
1566 940 1594 966 ὲν
1607 941 1662 971 τοῖς
1675 939 1789 966 ἔθνεσιν.

313 1001 394 1028 Vsus.
421 1000 465 1028 Π.
492 1009 501 1026 1
517 1000 600 1032 Deus,
617 1000 734 1027 docuisti
749 1007 791 1026 me
807 1007 821 1026 a
835 999 976 1033 juventute
990 1006 1059 1030 mea,

1150 1009 1158 1023 1
1181 999 1209 1026 Ὀ
1221 999 1296 1032 Θεὸς,
1310 1000 1429 1033 ἐδίδαξας
1442 1009 1475 1035 με
1490 1001 1522 1027 ἐκ
1533 1000 1657 1035 νεότητός
1675 1009 1736 1032 μου,
1751 1001 1798 1029 καὶ
1817 1001 1900 1037 μέχρι

275 1052 301 1075 et
320 1055 407 1082 usque
427 1054 501 1074 nunc
517 1047 702 1082 pronuntiabo
727 1045 862 1072 mirabilia
877 1050 950 1072 tua.»
977 1044 1058 1071 Solus

276 1093 403 1121 Servatur
422 1092 529 1120 Patrem
553 1092 606 1120 sibi
630 1092 789 1128 magistrum
820 1091 948 1119 ascribit:
974 1098 1059 1125 quare

275 1138 444 1166 contribules
468 1139 528 1173 ejus
551 1137 696 1165 dicebant:
716 1136 813 1164 1Unde
838 1137 902 1164 huic
923 1136 1057 1171 sapientia

275 1188 362 1216 tanta,
378 1188 406 1212 et
430 1183 568 1210 virtutes?
590 1182 685 1210 Nonne
708 1183 752 1209 hic
769 1186 811 1209 est
830 1182 898 1209 fabri
919 1182 990 1208 [ilius
998 1181 1056 1207 ’θῖι

275 1228 363 1258 Ριιοὶη
377 1229 479 1265 quippe
495 1229 619 1256 sciebant
634 1229 722 1263 ipsum
738 1235 791 1255 non
810 1227 948 1262 magistris
971 1227 1060 1253 homi-

276 1274 358 1301 nibus
371 1281 482 1309 operam
500 1273 617 1301 dedisse.
649 1272 718 1305 Quia
734 1273 816 1307 igitur
829 1271 915 1299 forma
931 1271 1003 1299 servi
1014 1279 1060 1297 ac-

276 1323 366 1354 cepta,
390 1322 418 1346 et
456 1318 553 1345 habitu
582 1319 710 1346 inventus
740 1321 769 1344 ut
802 1316 893 1347 homo,
927 1316 1059 1351 puerilem

277 1371 404 1392 emensus
420 1367 462 1391 est
480 1367 599 1395 aetatem,
615 1371 647 1390 ac
670 1362 783 1398 perinde
799 1365 880 1397 atque
895 1369 946 1389 nos
961 1362 1060 1396 juven-

277 1411 343 1438 tntis
360 1417 448 1437 annos
466 1409 599 1440 decurrit.
625 1410 726 1444 illoque
746 1412 869 1443 tempore
896 1415 951 1434 non
977 1407 1061 1434 disci-

277 1456 370 1492 plinis,
400 1463 453 1483 non
470 1456 609 1490 magistris
628 1462 744 1490 .operam
766 1454 855 1488 dedit;
883 1453 930 1481 sed
959 1455 1060 1480 virtute

278 1503 369 1530 divina
384 1502 544 1537 proﬁciebat
563 1506 641 1529 aetate
660 1505 687 1529 et
701 1501 836 1536 sapientia
849 1505 876 1527 et
887 1499 974 1536 gratia
989 1499 1060 1534 apud

278 1548 361 1576 Deum
381 1551 408 1575 et
426 1548 569 1580 homines;
592 1547 655 1581 jsre
672 1547 715 1573 hic
729 1547 767 1573 ait
787 1556 794 1574 :
821 1545 924 1578 1Deus,
943 1544 1060 1572 docuisti

278 1601 322 1621 me
343 1601 358 1620 a
372 1593 513 1628 juventute
527 1600 597 1625 mea,
614 1596 640 1619 et
666 1600 753 1627 usque
779 1599 851 1619 nunc
879 1591 1061 1627 pronuntiabo

278 1639 414 1666 mirabilia
429 1642 496 1672 tua;
510 1647 519 1663 ι
535 1639 608 1672 quod
623 1638 705 1664 etiam
723 1646 806 1672 penes
820 1638 971 1672 discipulos
985 1645 1059 1665 meos

1109 1043 1155 1069 τοῦ
1170 1044 1216 1070 νῦν
1229 1044 1370 1079 ἀναγγελῶ
1383 1045 1417 1071 τὰ
1431 1045 1569 1080 θαυμάσια
1583 1054 1641 1072 σου.
1652 1055 1661 1072 ι
1673 1045 1760 1077 Μόνος
1776 1047 1789 1072 6
1803 1046 1901 1082 Σωτὴρ

1108 1088 1153 1113 τὸν
1168 1088 1276 1123 Πατέρα
1292 1089 1450 1116 διδάσκαλον
1465 1091 1663 1126 ἐπιγράφεται·
1677 1091 1771 1127 διόπερ
1786 1092 1812 1118 οἱ
1824 1093 1901 1128 ὲντῇ

1109 1134 1217 1169 πατρίδι
1234 1134 1316 1161 αὑτοῦ
1328 1135 1436 1169 ἔλεγον·
1457 1146 1465 1160 1
1485 1135 1569 1162 Πόθεν
1586 1136 1673 1171 τούτῳ
1690 1137 1764 1163 πᾶσα
1786 1138 1804 1172 ἡ
1819 1137 1901 1172 σοφία

1109 1179 1178 1214 αὕτη
1194 1179 1239 1205 καὶ
1253 1181 1279 1206 αἱ
1296 1181 1442 1215 δυνάμεις;
1456 1182 1510 1216 Οὐχ
1527 1180 1602 1213 οὗτός
1623 1183 1696 1208 ἐστιν
1710 1183 1724 1208 6
1741 1182 1788 1209 τοῦ
1805 1183 1902 1210 τέκτο-

1109 1234 1153 1256 νος
1176 1226 1248 1258 υἱός;
1269 1235 1277 1250 ι
1299 1227 1415 1261 ᾜδεσαν
1443 1227 1497 1263 γὰρ
1517 1227 1639 1263 ἀκριὸὦς
1666 1227 1703 1263 μὴ
1727 1229 1902 1261 διδασκάλοις

1109 1271 1262 1307 ἀνθρώποις
1279 1273 1484 1308 προσεσχηκότα
1498 1274 1589 1300 αὐτόν.
1615 1274 1692 1300 Ἐπεὶ
1704 1275 1804 1306 τοίνυν,
1831 1283 1903 1311 μορ-

1111 1319 1164 1354 φὴν
1179 1318 1270 1345 δούλου
1283 1318 1381 1350 λαϐὼν,
1399 1319 1446 1345 καὶ⁴
1460 1320 1578 1354 σχήματι
1600 1319 1719 1354 εὑρεθεὶς
1734 1319 1772 1351 ὡς
1791 1319 1902 1356 ἄνθρω-

1111 1372 1169 1396 πος,
1187 1363 1234 1399 τὴν
1247 1364 1373 1398 παιδικὴν
1385 1363 1490 1398 διῆλθεν
1505 1364 1611 1399 ἠλικίαν
1622 1384 1629 1396 ,
1647 1365 1694 1391 καὶ
1709 1365 1757 1400 τῆς
1774 1365 1902 1401 νεότητος

1110 1409 1158 1445 τὴν
1171 1409 1244 1444 ὤραν
1263 1409 1362 1444 ὁμοίως
1376 1410 1440 1445 ἡμῖν
1457 1410 1615 1444 ὑπέμεινεν·
1632 1410 1693 1437 οὔτε
1709 1411 1736 1437 δὲ
1748 1411 1902 1448 διατριϐαῖς

1111 1455 1271 1490 προσέσχεν,
1281 1454 1342 1481 οὔτε
1354 1455 1523 1487 διδασκάλοις
1537 1457 1606 1483 κατὰ
1623 1456 1718 1484 τοῦτον
1729 1457 1776 1483 τὸν
1791 1458 1902 1494 χρόνον,

1111 1502 1222 1536 δυνάμει
1239 1500 1266 1527 δὲ
1288 1501 1364 1536 θεῖκῇ
1379 1501 1546 1536 προέκοπτεν
1565 1502 1657 1538 ἡλικίᾳ
1675 1503 1722 1529 καὶ
1743 1504 1834 1539 σοφίᾳ,
1854 1505 1903 1531 καί⁸

1112 1547 1201 1582 χάριτι
1225 1546 1300 1581 παρὰ
1313 1545 1372 1581 Θεῷ
1386 1546 1432 1572 καὶ
1457 1546 1626 1582 ἀνθρώποις·
1647 1548 1760 1580 εἰκότως
1782 1549 1904 1576 ἐνταῦθά

1112 1602 1206 1628 φησιν·
1226 1602 1235 1618 1
1264 1594 1292 1619 Ὀ
1305 1592 1380 1625 Θεὸς,
1399 1593 1521 1625 ἐδίδαξας
1539 1602 1571 1628 με
1586 1595 1617 1619 ὲκ
1633 1594 1758 1629 νεότητός
1773 1603 1835 1630 μου,
1853 1596 1905 1622 καὶ

1114 1640 1194 1674 μέχρι
1207 1639 1252 1665 τοῦ
1265 1639 1312 1665 νῦν
1325 1639 1467 1673 ἀναγγελῶ
1483 1639 1516 1666 τὰ
1528 1639 1668 1675 Θαυμάσιά
1682 1649 1729 1666 σου
1742 1649 1748 1656 ·
1763 1650 1772 1666 ι
1783 1641 1831 1668 καὶ
1844 1643 1903 1672 τοῖς

279 1688 402 1712 servetur
418 1690 505 1718 usque
521 1684 555 1709 ad
568 1683 833 1710 consummationem
848 1683 958 1710 saeculi:
977 1687 1015 1715 et,
1031 1686 1059 1709 ut

1111 1686 1186 1720 ἐμοῖς
1202 1685 1349 1720 φυλαχθείη
1365 1685 1497 1721 μαθηταῖς
1512 1685 1592 1721 μέχρι
1606 1686 1761 1718 συντελείας
1771 1686 1819 1713 τοῦ
1835 1687 1904 1714 αίῶ-

279 1730 378 1758 dixerit
395 1729 544 1764 quispiam,
559 1736 645 1763 usque
661 1728 695 1755 ad
724 1733 903 1760 senectutem.
921 1732 947 1755 et
962 1728 996 1754 ad
1015 1736 1062 1755 us-

278 1782 331 1811 que
349 1778 514 1809 postremam
538 1773 813 1803 consummationem,
839 1776 866 1800 te
888 1780 998 1799 rursum
1013 1772 1060 1799 de-

278 1828 385 1857 precor,
407 1819 490 1852 Deus,
508 1827 541 1846 ne
559 1826 602 1846 me
627 1818 821 1853 derelinquas;
837 1818 885 1846 sed
902 1817 968 1845 mihi
986 1817 1060 1845 adsis

278 1874 311 1894 ac
327 1874 376 1903 per
392 1873 436 1894 me
458 1865 592 1892 mirabilia
607 1868 652 1891 tua
675 1863 808 1898 opereris,
833 1873 842 1888 1
854 1863 940 1890 donec
956 1871 1062 1890 annun-

277 1915 341 1942 tiem
358 1913 498 1941 brachium
520 1916 596 1939 tuum
616 1910 788 1946 generationi
811 1909 896 1942 omni,
915 1917 976 1945 qua!
991 1918 1059 1937 ven-

278 1965 338 1988 tura
355 1963 423 1988 est»
438 1958 506 1986 Nam
521 1965 652 1994 praesens,
668 1957 768 1993 inquit,
779 1957 920 1992 generatio
938 1960 1061 1984 tortuosa

278 2011 320 2033 est
330 2011 357 2033 et
371 2012 511 2040 perversa,
533 2004 670 2039 generatio
698 2004 770 2030 mala
787 2008 814 2031 et
829 2004 966 2031 adultera.
985 2001 1060 2035 Qua-

279 2054 390 2086 propter
409 2051 437 2077 in
463 2050 555 2076 futura
579 2049 756 2084 generatione
787 2049 956 2076 annuntiabo
991 2056 1061 2083 lpo-

280 2097 391 2124 tentiam
410 2101 484 2123 tuam
499 2100 526 2123 et
549 2095 684 2130 justitiam
709 2099 796 2128 tuam,
813 2095 895 2128 Deus,
919 2102 1006 2130 usque
1032 2094 1060 2121 in

280 2139 428 2171 altisnima,
441 2143 468 2166 et
479 2146 539 2174 quae
553 2139 643 2166 fecisti
659 2139 818 2174 ntagnalia.»
833 2139 874 2166 Tu
889 2140 957 2174 ipse,
970 2138 1060 2170 Pater,

279 2193 328 2222 per
344 2193 387 2213 me
402 2185 459 2212 haec
472 2185 612 2218 omnibus,
628 2186 676 2220 qui
692 2189 754 2221 post
778 2185 861 2212 futuri
879 2190 945 2212 sunt
974 2185 1061 2212 homi-

279 2233 370 2264 nibus,
386 2236 413 2260 et
427 2235 549 2260 venturae
567 2232 736 2268 generationi
752 2231 936 2262 annuntiabis,
952 2235 978 2258 et
993 2239 1060 2266 pra:-

278 2279 416 2308 dicahitur
427 2279 534 2314 justitia
549 2282 596 2306 tua
612 2286 697 2313 usque
713 2279 740 2304 in
755 2277 899 2305 altissima.
915 2277 982 2305 Nam
998 2284 1060 2304 cum

278 2326 297 2354 ii
312 2326 358 2362 qui
372 2325 399 2352 in
415 2329 489 2353 terra
498 2329 574 2357 sunt,
585 2325 698 2352 salutem
710 2328 920 2358 consequentur,
932 2324 1059 2359 gaudium

277 2372 330 2399 erit
347 2373 374 2399 in
399 2371 488 2403 ctelis,
503 2371 617 2406 angelis,
633 2369 679 2404 qui
705 2369 732 2396 in
762 2369 903 2397 altissimis
924 2370 1057 2401 habitant,

278 2418 420 2444 hominum
439 2417 520 2444 saluti
545 2415 756 2451 gratulantibus.
778 2415 922 2442 Seneclam
950 2422 1015 2442 vero
1030 2420 1057 2442 et

279 2464 386 2491 senium
404 2470 438 2490 ne
461 2463 601 2490 cuncteris
624 2462 726 2493 dicere.
744 2469 803 2489 esse
818 2461 1017 2496 discipulorum
1033 2467 1060 2487 et

280 2508 409 2535 Ecclesiae
435 2508 522 2543 ipsius
539 2508 746 2543 perfectionem.
776 2507 805 2534 Si
823 2514 942 2542 namque
957 2514 1058 2541 corpus

279 2555 339 2588 ejus
354 2553 473 2581 Ecclesia
481 2559 533 2589 est,
545 2560 574 2582 ut
587 2555 679 2582 docuit
689 2554 835 2589 Apostolus
852 2553 962 2581 dicens:
983 2562 992 2579 1
1007 2552 1062 2580 Vos

280 2603 370 2627 autem
385 2600 452 2627 estis
463 2608 563 2636 corpus
578 2600 679 2628 Christi
693 2605 720 2627 et
731 2600 850 2627 membra
861 2607 894 2626 ex
906 2602 984 2634 parte
993 2599 1035 2632 9";
1049 2608 1057 2623 ι

281 2653 344 2681 pars
361 2645 490 2673 Ecclesia:
514 2651 540 2674 ct
566 2647 671 2674 senium
695 2647 755 2682 ejus
778 2651 934 2681 opportune
953 2646 1061 2673 dicatur

279 2698 352 2723 esse,
380 2690 441 2725 ejus
470 2691 497 2718 in
517 2692 644 2725 praesenti
667 2693 723 2718 vita
749 2692 900 2719 secundum
931 2691 1058 2717 virtutem

280 2737 490 2768 consummatio,
516 2741 578 2771 post
599 2745 682 2772 quam
710 2743 793 2765 exuta
821 2737 930 2764 mortali
957 2744 989 2763 ac
1006 2740 1061 2763 ter-

281 2789 346 2809 rena
364 2782 430 2814 vita,
447 2781 552 2808 cmlesti
575 2783 717 2809 mansione
733 2783 854 2818 dignata,
870 2787 897 2809 et
912 2781 1060 2816 conjuncta

281 2826 410 2855 lteclesia:
435 2826 678 2862 primogenitorum
703 2827 904 2863 deseriptorum
925 2827 952 2854 in
970 2826 1058 2858 caelis,

316 2907 338 2922 "
354 2903 457 2932 Malach
491 2912 510 2938 ι,
525 2905 568 2934 ll.
608 2905 631 2922 ’⁸
649 2903 743 2932 Matth.
759 2912 819 2938 χιιι,
833 2904 926 2933 54-55.

1112 1740 1157 1762 νος
1167 1740 1173 1745 ·
1186 1732 1233 1758 καὶ
1248 1732 1285 1763 ὡς
1297 1731 1329 1758 ἄν
1344 1741 1386 1763 τις
1398 1732 1480 1763 εἴποι,
1500 1733 1580 1767 μέχρι
1598 1733 1691 1768 γήρως
1717 1733 1766 1760 καὶ
1784 1733 1836 1769 τῆς
1861 1736 1903 1766 είς

1113 1778 1195 1812 ἄκρον
1209 1777 1382 1810 τελειώσεως,
1400 1778 1429 1804 σὲ
1445 1778 1526 1805 πάλιν
1541 1779 1586 1804 τὸν
1596 1779 1661 1805 Θεὸν
1675 1779 1788 1806 ἱκετεύω
1808 1780 1846 1816 μή
1866 1790 1902 1816 με

1114 1823 1317 1857 ἐγκαταλιπεῖν,
1335 1826 1453 1851 συνεῖναι
1468 1824 1496 1851 δέ
1512 1833 1556 1859 μοι
1571 1825 1617 1851 καὶ
1633 1825 1667 1851 τὰ
1689 1825 1830 1861 θαυμάσια
1853 1835 1904 1853 σου

1113 1869 1232 1903 ἐνεργεῖν
1243 1868 1276 1894 δι’
1294 1868 1370 1903 ἐμοῦ,
1390 1879 1398 1894 ι
1415 1869 1466 1901 ἓως
1483 1869 1637 1903 ὰναγγείλω
1649 1869 1693 1895 τὸν
1712 1869 1843 1905 βραχίονα
1853 1878 1903 1897 σου

1112 1916 1144 1949 τῇ
1160 1916 1241 1950 γενεᾷ.
1254 1915 1327 1951 πάσῃ
1336 1917 1368 1950 τῇ
1382 1915 1525 1950 ἐρχομένῃ.
1534 1925 1543 1941 ›
1554 1915 1585 1941 Ἡ
1598 1915 1651 1951 γὰρ
1664 1914 1722 1947 νῦν,
1738 1916 1815 1951 φησὶ,
1830 1924 1905 1953 παρ-

1112 1960 1179 1987 οῦσα
1200 1961 1282 1995 γενεὰ
1308 1961 1401 1988 σκολιὰ
1417 1962 1545 1996 τυγχάνει
1559 1962 1604 1988 καὶ
1618 1961 1833 1998 διεστραμμένη,
1853 1963 1904 1989 καὶ

1112 2005 1191 2040 γενεὰ
1206 2005 1312 2041 πονηρὰ
1322 2005 1367 2031 καὶ
1383 2005 1516 2040 μοιχαλίς.
1539 2006 1585 2032 Διὸ
1605 2007 1638 2041 τῇ
1661 2007 1742 2042 γενεᾷ
1765 2008 1798 2042 τῇ
1823 2007 1905 2042 ἐρχο-

1113 2052 1181 2088 μένῃ
1195 2051 1342 2086 ἀπαγγελῶ
1363 2061 1371 2076 1
1383 2052 1431 2087 τὴν
1447 2051 1607 2078 δυναστείαν
1620 2061 1666 2078 σου
1681 2052 1730 2079 καὶ
1740 2053 1789 2088 τὴν
1799 2051 1905 2079 δικαιο-

1113 2088 1195 2133 σύνην
1209 2106 1266 2129 σου,
1281 2098 1296 2123 6
1309 2097 1384 2129 Θεὸς,
1400 2097 1452 2128 ἕως
1465 2097 1518 2123 τῶν
1531 2097 1659 2132 ὑψίστων,
1681 2098 1700 2124 ὅ.
1721 2106 1750 2124 τε
1770 2098 1903 2133 ἐποίησας

1113 2144 1252 2179 μεγαλεῖα.
1269 2153 1278 2170 t
1295 2144 1330 2169 Σὺ
1341 2143 1420 2174 αὐτὸς
1433 2145 1446 2170 6
1460 2143 1563 2179 Πατὴρ,
1580 2144 1613 2170 δι’
1634 2143 1700 2179 ἐμοῦ
1719 2143 1805 2171 ταῦτα
1832 2145 1903 2171 πᾶσι

1111 2192 1167 2222 τοῖς
1180 2190 1247 2226 μετὰ
1260 2190 1345 2217 ταῦτα
1363 2190 1555 2225 γενησομένοις
1568 2189 1721 2224 ἀνθρώποις
1736 2190 1784 2216 καὶ
1804 2191 1839 2226 τῇ
1851 2199 1901 2224 γε·

1111 2237 1158 2272 νεᾷ
1171 2238 1204 2272 τῇ
1232 2236 1365 2271 ἐρχομένῃ
1386 2235 1568 2269 ἀπαγγελεῖς,
1592 2236 1639 2262 καὶ
1663 2234 1866 2271 κηρυχθήσεται
1883 2237 1901 2272 ἡ

1111 2283 1266 2317 δικαιοσύνη
1278 2290 1325 2308 σου
1336 2283 1387 2313 ἓως
1398 2282 1451 2309 τῶν
1465 2282 1593 2316 ὑψίστων.
1604 2281 1768 2316 Σωζομένων
1780 2282 1836 2318 γὰρ
1846 2282 1902 2309 τῶν

1113 2329 1159 2354 ἐπὶ
1175 2328 1239 2363 γῆς.
1255 2327 1327 2363 χαρὰ
1342 2327 1418 2354 ἔσται
1433 2329 1462 2354 ὲν
1479 2327 1613 2362 οὐρανοῖς,
1632 2327 1834 2363 συγχαιρόντων
1845 2327 1900 2354 τῶν

1111 2373 1139 2398 ὲν
1153 2374 1209 2403 τοῖς
1226 2372 1346 2406 ὑψίστοις
1365 2371 1510 2398 οἰκούντων
1525 2372 1646 2406 ἀγγέλων
1667 2373 1701 2407 τῇ
1714 2371 1769 2398 τῶν
1792 2372 1901 2408 ἀνθρώ-

1111 2424 1169 2441 πων
1182 2416 1312 2450 σωτηρίᾳ,
1328 2416 1418 2450 Γῆρας
1427 2416 1456 2441 δὲ
1470 2416 1516 2442 καὶ
1532 2416 1663 2451 πρεσϐεία
1675 2417 1712 2453 μὴ
1723 2417 1796 2444 ὕκνει
1811 2417 1903 2452 λέγειν

1112 2460 1159 2495 τὴν
1175 2461 1330 2496 τελειότητα
1345 2461 1399 2488 τῶν
1413 2461 1494 2488 αὐτοῦ
1511 2462 1638 2497 μαθητῶν
1652 2463 1698 2489 καὶ
1712 2463 1760 2498 τῆς
1787 2463 1902 2499 Ἐκκλη-

1113 2507 1173 2538 σίας
1185 2507 1277 2534 αὑτοῦ.
1294 2508 1325 2534 Εἰ
1339 2508 1393 2543 γὰρ
1412 2507 1490 2543 σῶμα
1501 2508 1581 2534 αὑτοῦ
1598 2510 1615 2544 ὴ
1637 2508 1784 2544 Ἐκκλησία
1799 2510 1901 2545 τυγχά-

1112 2561 1161 2584 νει,
1173 2552 1210 2584 ὼς
1224 2552 1342 2586 ἐδίδαξεν
1354 2554 1368 2579 6
1389 2554 1548 2586 Ἀπόστολος
1556 2553 1640 2580 εἰπών
1649 2562 1655 2569 ·
1671 2562 1679 2580 1
1692 2554 1785 2589 Ὑμεῖς
1795 2555 1826 2582 δέ
1839 2556 1899 2582 ἐστι

1114 2599 1193 2633 σῶμα
1217 2599 1334 2635 Χριστοῦ
1357 2600 1405 2626 καὶ
1423 2600 1491 2636 μέλη
1517 2602 1548 2627 ὲκ
1576 2599 1689 2635 μέρους
1709 2609 1719 2626 t
1741 2600 1826 2636 μέρος
1851 2602 1900 2637 τῆς

1120 2644 1280 2680 Ἑκκλησίας
1297 2646 1343 2672 καὶ
1355 2646 1496 2681 πρεσϐεῖον
1510 2646 1594 2680 αὐτῆς
1616 2645 1712 2680 λέγοιτ’
1733 2645 1767 2673 ἂν
1787 2647 1900 2679 είκότως

1112 2691 1129 2724 ἡ
1143 2690 1202 2717 κατ’
1218 2691 1318 2727 ἀρετὴν
1329 2690 1376 2726 τὴν
1392 2692 1420 2717 ὲν
1435 2691 1473 2726 τῷ
1487 2691 1599 2726 παρόντι
1611 2691 1660 2727 βίῳ
1674 2691 1828 2723 τελείωσις,
1841 2691 1891 2727 μεθ

1113 2735 1156 2770 ἢν,
1175 2736 1268 2772 ὥσπερ
1279 2737 1471 2773 ἀποδυσαμένη
1484 2737 1529 2763 τὸν
1538 2738 1583 2764 ἐπὶ
1592 2738 1643 2773 γῆς
1652 2737 1747 2773 θνητὸν
1759 2737 1827 2772 βίον,
1839 2738 1899 2765 ἁναι

1112 2782 1313 2817 καινισθήσεται
1328 2782 1378 2818 τῆς
1393 2783 1518 2817 οὐρανίου
1536 2783 1674 2819 διατρισῆς
1697 2783 1893 2818 καταξιωθησο

1113 2827 1192 2862 μένη,
1213 2829 1403 2865 συναπτομένη
1418 2837 1447 2855 τε
1461 2830 1494 2864 τῇ
1512 2828 1657 2865 Ἐκκλησία
1681 2829 1734 2856 τῶν
1759 2829 1897 2864 πρωτοτό-

966 2905 986 2921 "
1001 2905 1010 2931 Ι
1025 2905 1088 2932 Cor.
1100 2911 1150 2938 xu,
1164 2903 1208 2933 27.
