2041 3215
167 179 220 209 785

733 178 984 210 COMMENTANA
1001 178 1035 206 IN
1052 177 1223 208 PSALMOS.
1266 179 1285 214 7
1305 182 1324 207 ο

1743 178 1797 207 ’186

166 247 222 268 κων
234 238 290 266 τῶν
307 237 564 275 ἀπογεγραμμένων
576 238 605 265 ἐν
615 238 750 274 οὐρανοῖς.
764 238 843 266 οὕτω
852 240 944 275 νοήσει

995 265 997 272 λ
1012 238 1199 267 renovabitur.
1222 236 1269 266 Sic
1284 238 1347 265 itent
1370 238 1507 274 intelligas
1521 239 1595 275 quod
1612 239 1740 275 superius
1753 240 1797 267 di-

167 285 258 313 καὶτὸ
271 285 401 321 ἀνωτέρω
412 284 574 320 λελεγμένον
594 285 623 311 ιν
638 283 686 320 τῷ,
706 293 716 310 ι
735 284 781 320 Μὴ
803 284 959 322 ἀπορρίψῃς

167 338 201 366 με
220 331 260 362 sic
276 330 372 366 καιρὸν
382 331 485 366 γήρως,
502 331 530 357 ἐν
546 329 584 365 τῷ
599 329 735 356 ἐκλείπειν
747 330 796 365 τὴν
815 329 891 365 ἰσχύν
907 338 957 365 μου

167 376 205 412 μὴ
227 376 413 412 ὲγκαταλίπῃς
432 384 475 411 με.
503 386 512 402 ι
539 376 619 403 Κατὰ
644 375 699 412 γὰρ
727 376 823 411 ἑτέραν
845 376 957 412 ἐκδοχὴν

165 421 347 458 ὑπερεύχεται
366 422 414 457 τῆς
443 421 606 456 Ἐκκλησίας
629 420 729 453 αὑτοῦ,
750 421 793 447 ἵνα
816 421 844 447 ὲν
869 420 956 457 καιρῷ

164 467 213 503 τῆς
228 467 300 495 κατὰ
315 467 367 503 γῆν
382 467 553 503 μακρότητος
565 468 602 503 μὴ
615 467 798 504 ἀπορριφοείη
809 476 816 482 ·
834 467 895 493 εἰδὲ
909 468 956 494 καὶ

163 513 223 540 τότε
237 513 391 549 ὲκλείπειή
410 513 486 548 ἰσχὺς
497 512 600 548 αὐτῆς,
625 513 691 548 μηδὲ
715 513 776 539 τότε
798 512 955 546 ἐγκαταλει-

163 560 254 597 φθείη.
270 561 419 597 Συμϐαίνει
435 560 490 596 γὰρ
506 560 636 591 πολλάκις
650 551 789 586 ἐκλείπειν
803 559 874 586 κατὰ
892 559 955 590 τοὺς

162 608 275 643 καιροὺς
299 607 354 634 τῶν
378 606 506 642 διωγμῶν
520 626 527 638 ,
551 606 660 633 ἐπειδὰν
672 606 696 632 οι
720 604 813 632 πολλοὶ
833 604 880 631 τοῦ
903 604 955 630 σώ-

163 662 248 689 ματος
273 653 324 688 τῆς
352 653 513 688 Ἑκκλησίας
533 653 566 679 δι’
591 652 732 680 ἀσθένειαν
761 651 876 683 πίστεως
915 651 955 684 ἐξ-

158 700 305 735 ομνὺονται
321 699 370 735 τὴν
390 701 490 733 ’πίστιντ
512 700 566 726 Καὶ
592 700 695 734 μήποτε
720 698 806 725 ταῦτα
832 697 954 732 ἀναπέμ-

160 754 240 773 πεται
251 747 297 773 ἐπὶ
314 746 361 773 τὸν
376 746 470 781 καιρὸν
481 746 531 781 τῆς
548 745 725 776 ἀποστασίας,
735 744 798 779 περὶ
813 740 844 770 οὗ
855 743 951 779 καιροῦ

157 793 172 819 ὸ
193 792 354 824 ’Δπόστολος
381 792 504 819 ἐδίδασκε
531 791 632 825 λέγων·
658 801 668 816 ‹
692 790 754 817 Ἐὰν
781 790 818 825 μὴ
844 789 909 825 ἔλθῃ
935 790 952 824 ἡ

157 838 310 866 ἀποστασία
342 838 469 874 πρῶτον,
506 838 552 865 καὶ
594 837 772 872 ἀποκαλυφθῇ
809 836 951 872 ἄνθρωπος

157 883 206 920 τῆς
233 884 390 920 ἁμαρτίας,
422 885 436 910 ὸ
465 884 528 915 Υἱὸς
556 884 606 919 τῆς
633 883 780 914 ἀπωλείας.
813 892 822 908 ι
851 881 951 909 Τοῦτον

155 928 185 955 δὲ
212 929 259 957 τὸν
289 930 385 966 καιρὸν
423 931 437 956 ὸ
461 930 556 966 Σωτὴρ
586 929 680 965 ἐδήλου
707 929 813 963 λέγων·
846 938 855 954 ι
873 926 947 964 Ἀρσ.
964 927 984 955 Β

156 975 243 1003 ὶλθὼν
270 977 285 1002 ὸ
310 976 374 1008 Υἱὸς
395 976 442 1003 τοῦ
467 976 611 1012 ἀνθρώπου
642 976 752 1011 εὑρήσει
781 976 831 1012 τὴν
857 976 948 1002 πίστιν

155 1021 202 1048 ἰπὶ
215 1021 267 1057 τῆς
282 1022 350 1058 γῆς
365 1032 373 1048 ι
390 1024 445 1049 Καὶ
469 1023 549 1050 πάλιν
561 1032 569 1038 ·
595 1033 604 1049 ι
618 1023 667 1050 Διὰ
680 1023 708 1050 δὲ
723 1023 753 1049 τὸ
766 1022 948 1057 πληθυνθῆναι

154 1069 204 1103 τὴν
218 1068 344 1104 ἀνομίαν,
357 1068 509 1104 ψυγήσεται
525 1070 542 1105 ἡ
558 1069 651 1105 ἀγάπη
668 1068 721 1096 τῶν
733 1068 849 1102 πολλῶν.
862 1078 871 1094 ›
882 1068 947 1095 Τότε

154 1114 210 1150 γὰρ
225 1114 302 1141 ἔσται
322 1115 456 1150 γηραλέον
473 1116 519 1142 καὶ
537 1115 648 1146 ἀσθενὲς
664 1116 694 1142 τὸ
718 1115 797 1151 σῶμα
818 1115 867 1150 τῆς
888 1115 947 1141 Ἐκ-

154 1160 280 1196 κλησίας,
290 1161 359 1187 Ἀλλ’
373 1161 415 1188 ἵνα
434 1161 501 1197 μηδὲ
520 1162 580 1188 τότε
602 1162 704 1197 ἔρημος
725 1161 917 1197 καταλειφθείη
933 1162 947 1187 ὁ

154 1207 218 1238 λαὸς
233 1207 328 1239 αὐτοῦ,
346 1208 501 1242 ἀναγκαίως
523 1208 572 1241 τὰς
592 1209 772 1245 προκειμένας
789 1209 946 1244 ἀναπέμπει

155 1252 246 1285 φωνάς
256 1261 263 1267 θ
283 1262 292 1278 ι
304 1253 333 1279 '0
350 1253 425 1285 Θεὸς,
443 1254 485 1285 τίς
498 1255 696 1291 ὁμοιωθήσεται
710 1264 765 1287 σοι;
780 1256 863 1286 Ὅσας
880 1255 947 1281 ἔδει·

154 1298 203 1331 ξάς
229 1307 275 1334 μοι
301 1299 404 1334 θλίψεις
427 1300 527 1333 πολλὰς
554 1301 600 1328 καὶ
625 1302 714 1334 muti;
728 1312 737 1328 ι
760 1302 806 1328 καὶ
822 1301 855 1328 τὰ
870 1301 943 1336 ἑξῆς.

153 1344 225 1376 Τοὺς
237 1345 362 1380 ἀκριϐεῖς
378 1346 475 1380 λόγους
491 1347 551 1374 καθ’
569 1347 615 1379 οὓς
627 1349 640 1374 ὁ
656 1348 721 1379 Θεὸς
735 1347 782 1375 τοῦ
802 1347 865 1374 ἰδίου
879 1347 944 1374 Υίοῦ

151 1391 204 1418 οὐκ
230 1392 366 1426 ἐφείσατο,
389 1393 446 1420 ἀλλ’
460 1394 531 1430 ὑπὲρ
553 1395 632 1430 ἡμῶν
655 1395 762 1421 πάντων
788 1394 946 1430 παρέδωκεν

152 1438 245 1470 αὑτὸν,
265 1439 302 1474 μὴ
328 1439 426 1473 γνόντα
450 1448 480 1466 τε
504 1441 585 1467 αὑτὸν
610 1441 746 1476 ἁμαρτίαν
773 1441 841 1477 ὑπὲρ
866 1441 945 1476 ἡμῶν

154 1484 291 1520 ἁμαρτίαν
308 1485 445 1521 ἐποίησεν,
459 1486 547 1518 οὐδεὶς
563 1486 673 1514 δύναται
694 1486 806 1513 διελθεῖν
826 1487 842 1522 ἢ
865 1487 945 1522 μόνος

152 1531 243 1562 αὐτός.
265 1540 274 1557 ι
287 1531 336 1563 Τίς
354 1531 408 1568 γὰρ
434 1532 504 1567 ἔγνω
522 1533 584 1560 νοῦν
604 1534 716 1569 Κυρίου,
731 1533 760 1565 ὃς
781 1533 944 1568 συμβιὸἀσει

153 1575 250 1608 αὑτόν;
266 1585 275 1600 ι
295 1575 356 1602 Οὐδ’
374 1577 407 1604 ἆν
431 1578 555 1605 ὲπιὸάλοι
577 1587 619 1609 τις
634 1579 667 1613 τῇ
689 1577 736 1605 τοῦ
757 1577 825 1605 Θεοῦ
842 1578 942 1614 κρίσει,

150 1622 204 1648 οὐδ’
222 1621 255 1649 ἂν
281 1621 386 1658 ἐξεύροι
411 1624 475 1656 τοὺς
498 1624 653 1659 λογισμοὺς,
675 1624 708 1650 δι’
725 1624 771 1656 οὓς
796 1614 978 1657 ἑνεδείξατοδ

153 1668 192 1704 τῷ
208 1669 357 1705 Μονογενεί
378 1669 481 1705 Θλίψεις
496 1670 596 1702 πολλὰς
610 1671 657 1697 καὶ
671 1670 758 1697 κακά·
777 1671 808 1697 οὐ
827 1671 875 1705 μὲν
890 1671 944 1697 εἴα-

154 1722 200 1741 σεν
223 1715 303 1742 αὐτὸν
325 1715 354 1741 ὲν
374 1715 482 1747 αὑταῖς·
504 1716 561 1742 ἀλλ’
575 1715 740 1751 ἐπιστρέψας
762 1714 942 1752 ὲζωοποίησεν

149 1760 232 1787 αὐτὸν
250 1761 297 1787 καὶ
313 1762 345 1788 ἐκ
366 1761 419 1788 τῶν
441 1762 565 1789 ἀϐύσσων
583 1763 631 1797 τῆς
644 1763 695 1798 γῆς
713 1762 792 1789 πάλιν
805 1763 942 1798 ἀνήγαγεν

149 1807 241 1834 αὐτόν.
259 1808 366 1843 Σφόδρα
381 1808 409 1834 δὲ
426 1808 547 1844 ἀκριϐῶς
562 1809 668 1844 εἴρηται
682 1810 722 1841 τὸ,
738 1809 878 1842 (Ἔδειξάς
897 1819 941 1845 μοι

150 1851 255 1888 θλίψεις
269 1853 368 1886 πολλὰς
384 1854 430 1880 καὶ
444 1854 527 1882 κακά,
540 1865 548 1879 ι
560 1853 632 1881 Ἰδὼν
644 1854 698 1890 γὰρ
709 1854 758 1887 τὰς
773 1855 877 1889 θλίψεις
894 1855 941 1881 καὶ

149 1898 182 1926 τὰ
207 1899 396 1934 ὀνομαζόμενα
418 1900 505 1931 κακὰ,
530 1900 579 1934 οὐχ
603 1900 673 1927 ἑάλω
696 1901 740 1926 ὑπ’
756 1900 856 1932 αὐτῶν,
880 1900 940 1927 οὐδὲ

149 1944 253 1980 ἡττήθη
265 1953 272 1960 ο
291 1945 423 1981 κρείττων
439 1946 466 1972 δὲ
484 1946 592 1972 πάντων
610 1947 765 1982 γενόμενος,
784 1946 885 1982 θεωρὸς
906 1944 939 1981 ἦν

149 1992 252 2019 αὑτῶνσ
269 1992 308 2024 ὡς
328 1993 436 2019 πάντων
455 1993 555 2027 μᾶλλον
571 1994 658 2019 εἰπεῖν
670 1993 702 2019 ἂν
716 1993 757 2024 τὸ,
775 2002 784 2018 ι
797 1993 841 2019 Ἑν
859 1993 939 2018 παντὶ

149 2038 313 2074 θλιϐόμενοι,
338 2038 394 2065 ἀλλ’
408 2039 438 2065 οὐ
463 2039 722 2074 στενοχωρούμενοι·
745 2038 937 2074 ἀπορούμενοι,

148 2084 204 2111 ἀλλ’
221 2084 273 2112 οὐκ
297 2085 522 2121 ἐξαπορούμενοι·
548 2084 789 2120 καταϐαλλόμενοι,
814 2085 870 2111 ἀλλ’
888 2085 938 2111 οὐκ

148 2131 419 2167 ἐγκαταλειπόμενοι.
437 2141 446 2157 ι
464 2130 556 2158 Ταῦτα
579 2131 633 2166 γὰρ
648 2131 754 2163 Παῦλος
773 2131 820 2157 καὶ
841 2131 865 2157 οἱ
886 2140 938 2157 πα-

149 2177 293 2214 ραπλήσιοι
308 2177 399 2214 ὼφελη
404 2178 478 2213 μένοι
493 2178 538 2204 τὸν
556 2176 715 2204 διδάσκαλον
729 2177 831 2211 ἔλεγον.
841 2177 937 2204 Ἀϐύσ-

149 2231 211 2256 eoo;
225 2223 253 2251 δὲ
269 2224 321 2259 γῆς
335 2223 450 2250 ἐνταῦθα
473 2223 522 2259 τὴν
543 2222 598 2250 τῶν
619 2223 803 2258 καταχθονίων
820 2223 870 2258 γῆν
883 2223 936 2259 χώ-

148 2279 198 2306 ραν
212 2269 353 2312 ὠνόμαζεν
364 2278 370 2285 ·
391 2269 406 2296 ὃ
419 2269 450 2305 δὴ
468 2269 609 2305 σαφηνίζει
626 2270 640 2295 ὸ
656 2269 815 2301 Ἀπόστολος
828 2269 915 2303 λέγων
927 2278 933 2285 ·

150 2325 159 2342 ι
173 2316 219 2352 Μὴ
234 2317 325 2351 εἴπῃς,
339 2316 386 2348 Τίς
401 2316 584 2352 καταὸήσεται
595 2316 632 2347 είς
646 2315 695 2351 τὴν
708 2315 834 2348 ἄϐυσσον,
858 2324 936 2342 τουτ-

147 2362 204 2390 έστι
216 2362 333 2399 Χριστὸν
345 2364 378 2389 ὲκ
387 2362 493 2398 νεκρῶν
504 2363 652 2397 ἀναγαγεῖν
665 2371 671 2394 ;
693 2372 702 2388 ι
714 2362 769 2388 Καὶ
780 2363 808 2387 ὲν
820 2362 859 2397 τῷ
876 2361 935 2388 Ἰὼϐ

146 2408 198 2436 δὲό
210 2409 388 2452 χρηματίζων
402 2408 476 2443 αὑτῷ
490 2409 591 2445 Κύριος
606 2409 697 2442 ἐλεγε-
717 2407 832 2440 ιἯλθες
848 2408 875 2435 δὲ
890 2409 936 2435 ἐπὶ

146 2455 236 2490 πηγὴν
252 2454 399 2491 θαλάσσης,
417 2457 446 2482 ὲν
467 2455 495 2482 δὲ
517 2455 617 2490 ἴχνεσιν
633 2455 751 2481 ἀϐύσσου
769 2455 937 2490 περιεπάτη-

147 2501 381 2536 σα;.“Δνοίγονται
403 2502 432 2528 δέ
453 2511 494 2528 σοι
513 2502 587 2537 φόϐῳ
605 2502 687 2529 πύλαι
704 2502 834 2529 Θανάτου’
852 2503 936 2530 πυλω-

147 2547 188 2583 ροὶ
200 2547 231 2574 δὲ
248 2546 310 2583 ᾅδου
330 2547 428 2579 ἰδόντες
443 2556 472 2574 σε
489 2547 616 2584 ἔπτηξαν.
634 2558 642 2574 ι
653 2549 681 2576 Ὀ
701 2549 730 2576 δὲ
751 2550 835 2576 εἰπὼν
846 2549 938 2576 ὲνταῦ-

146 2592 190 2625 θα,
206 2602 216 2619 ι
233 2593 287 2620 Καὶ
304 2594 336 2620 ἐκ
356 2593 411 2620 τῶν
429 2594 555 2621 ἀϐύσσων
569 2595 619 2628 τῆς
633 2596 685 2631 γῆς
702 2596 782 2623 πάλιν
799 2598 935 2633 ἀνήγαγες

147 2646 192 2674 με,
210 2649 220 2666 r
236 2640 330 2674 σαφῶς
348 2640 466 2672 ἐδίδαξεν
481 2641 576 2666 ἑαυτὸν
591 2642 802 2677 κατεληλυθέναι
827 2645 866 2675 εἰς
887 2644 937 2675 τὰς

144 2684 281 2717 ἀσύσσους
293 2685 342 2720 τῆς
354 2686 417 2720 γῆς,
433 2687 479 2713 καὶ
496 2687 576 2713 πάλιν
588 2687 788 2723 ἀνεληλυθέναι.
804 2689 860 2716 Οὐκ
876 2688 934 2717 οἴδα

144 2729 173 2757 δὲ
192 2731 273 2763 εἴτις
293 2731 404 2758 δύναται
426 2733 528 2768 ἑτέρως
546 2733 670 2760 ἐκλαϐεῖν
693 2734 778 2761 ταῦτα
792 2735 807 2770 ἢ
823 2736 870 2762 ἐπὶ
888 2736 933 2763 τὸν

145 2775 261 2812 Σωτῆρα
273 2778 320 2804 καὶ
332 2778 433 2814 Κύριον
448 2779 524 2814 ἡμῶν
535 2780 679 2815 ἀναφέρων
691 2781 740 2815 τὴν
754 2782 930 2816 προφητείαν.

175 2864 233 2903 _"_ll
245 2865 342 2895 Thess.
359 2875 389 2896 ll.
411 2868 436 2893 3.
475 2869 497 2884 ⁹⁹
514 2869 591 2902 Lur.,
603 2878 679 2903 xt'm,
691 2872 716 2899 8.

146 2898 351 2936 'Job,xuvm,
373 2903 414 2937 l6,
436 2903 478 2931 i7.

1009 284 1102 312 citur:
1122 283 1183 311 «Ne
1204 283 1335 319 projicias
1363 291 1406 311 me
1430 285 1458 311 in
1481 289 1607 321 tempore
1630 286 1797 318 senectutis,

1008 341 1070 362 cum
1082 333 1191 360 deﬁciet
1208 333 1295 360 virtus
1315 339 1385 366 mea,
1401 340 1435 360 ne
1449 333 1623 368 derelinquas
1636 341 1706 362 me.»
1723 333 1792 362 Nam

1008 378 1160 407 secundum
1186 378 1268 406 aliam
1294 379 1492 413 expositionem
1513 387 1562 414 pro
1593 380 1716 408 Ecclesia
1741 388 1794 409 sua

1008 429 1145 461 precatur,
1162 430 1191 452 ut
1208 433 1243 453 ne
1256 426 1283 452 'm
1302 429 1423 461 tempore
1447 430 1563 454 terrena:
1588 427 1662 455 illius
1680 427 1792 455 diutur-

1007 471 1102 498 nitatis
1124 471 1295 505 projiaiatur.
1320 470 1398 504 Quod
1426 472 1450 499 si
1475 476 1541 499 tunc
1568 472 1677 500 deﬁciat
1703 473 1791 503 virtus

1006 517 1077 550 eg-us,
1095 521 1174 552 rogat
1195 521 1224 544 ut
1241 524 1276 545 ne
1295 517 1336 545 sic
1356 517 1466 553 quidem
1485 518 1702 554 derelinquatur.
1722 519 1792 548 Con-

1005 564 1086 598 tingit
1112 564 1184 591 enim
1214 564 1386 600 plerumque,
1412 568 1443 592 ut
1471 566 1694 600 persecutionum
1719 570 1790 594 tem-

1003 618 1072 645 pore
1087 610 1207 642 deﬁciat,
1225 618 1289 637 cum
1309 611 1387 638 multi
1405 619 1437 638 ex
1455 611 1584 639 Ecclesize
1607 620 1722 647 corpore
1754 613 1790 641 ob

1005 655 1067 682 ﬁdei
1084 655 1282 689 inﬁrmitatem,
1303 664 1363 683 eam
1386 656 1525 692 abjurant.
1545 657 1616 685 Num
1640 658 1710 686 forte
1732 658 1790 686 haec

1004 701 1147 729 referenda
1169 702 1204 730 ad
1223 706 1333 738 tempus
1350 702 1525 736 defectionis,
1544 704 1578 733 de
1603 712 1658 740 quo
1674 705 1790 741 Aposto-

1004 748 1047 777 lus
1073 749 1130 776 haec
1158 749 1268 776 docuit:
1295 749 1375 777 «Nisi
1396 750 1501 777 venerit
1518 750 1638 779 defectio
1660 752 1788 786 primum,

1002 798 1029 822 et
1046 795 1185 823 revelatus
1214 795 1297 822 fuerit
1323 795 1404 823 homo
1428 797 1544 831 peccati,
1563 797 1636 825 ﬁlius
1661 798 1789 833 perditio-

1002 841 1046 868 nis
1054 841 1103 868 η.»
1126 840 1184 868 Hoc
1198 848 1262 869 vero
1279 845 1388 876 tempus
1413 841 1542 870 Servator
1565 843 1717 872 declaravit
1734 844 1778 872 his

1001 888 1106 916 verbis:
1121 897 1130 914 ‹
1142 887 1212 915 Num
1225 889 1337 916 veniens
1350 888 1434 917 Filius
1447 889 1567 917 hominis
1577 890 1697 919 inveniet
1707 891 1789 920 ﬁdem

998 942 1081 969 super
1098 939 1196 962 terram
1208 935 1248 961 "f
1261 944 1270 961 I
1287 939 1314 963 et
1330 943 1445 963 rursum
1459 946 1466 965 :
1482 945 1491 963 ι
1507 936 1540 964 Ει
1555 938 1685 973 quoniam
1701 939 1790 966 abun-

999 981 1073 1008 davit
1098 982 1237 1017 iniquitas,
1260 981 1419 1017 refrigescet
1433 983 1555 1011 Charitas
1576 984 1725 1012 multorum
1738 986 1758 1012 ¹.
1774 994 1784 1011 ι

999 1027 1076 1055 Tunc
1092 1028 1164 1056 enim
1179 1036 1280 1063 corpus
1296 1028 1425 1057 Ecclesiae
1439 1029 1517 1057 senio
1531 1029 1686 1058 confectum
1701 1034 1729 1058 et
1743 1030 1787 1058 in-

999 1074 1106 1102 ﬁrmum
1124 1075 1187 1102 erit.
1206 1074 1306 1102 Verum
1327 1083 1361 1103 ne
1376 1076 1423 1102 illo
1444 1080 1568 1112 tempore
1590 1077 1717 1105 desertus
1736 1084 1787 1113 po-

999 1121 1079 1156 pulus
1093 1121 1154 1155 ejus
1175 1122 1358 1157 relinquatur,
1380 1123 1538 1150 necessario
1560 1123 1611 1151 has
1627 1123 1730 1158 profert
1742 1133 1788 1153 vo-

997 1175 1062 1194 ces:
1079 1176 1087 1193 ι
1103 1166 1185 1198 Deus.
1203 1168 1266 1202 quis
1286 1167 1385 1195 similis
1405 1168 1458 1195 erit
1473 1168 1543 1196 tibi?
1555 1169 1678 1202 Quantas
1693 1174 1788 1198 osten-

997 1213 1063 1241 disti
1087 1214 1152 1241 mihi
1169 1214 1361 1243 tribulationes
1387 1215 1487 1243 multas
1503 1219 1530 1242 ct
1557 1216 1644 1243 mala?
1659 1227 1668 1242 ι
1692 1221 1719 1244 et
1738 1225 1787 1245 ete-

997 1263 1066 1287 tera.
1083 1259 1151 1287 Nam
1172 1266 1329 1287 accuratam
1347 1260 1482 1288 rationem
1500 1268 1550 1289 cur
1565 1261 1636 1289 Deus
1651 1261 1721 1290 Filio
1735 1270 1786 1290 suo

997 1314 1051 1333 non
1069 1307 1232 1341 pepercerit,
1251 1307 1300 1340 sed
1322 1315 1372 1342 pro
1391 1307 1472 1336 nobis
1494 1308 1622 1336 omnibus
1643 1309 1787 1336 tradiderit

997 1351 1073 1379 illum
1085 1361 1092 1385 ;
1109 1359 1141 1379 ac
1152 1359 1214 1379 cum
1228 1356 1369 1387 peccatum
1383 1360 1438 1380 non
1451 1357 1554 1386 nosset,
1571 1358 1711 1388 peccatum
1722 1361 1785 1381 eum

997 1404 1046 1431 pro
1059 1396 1138 1424 nobis
1148 1396 1280 1430 eﬁ‘ccerit,
1297 1405 1378 1426 nemo
1390 1402 1489 1433 praeter
1499 1399 1588 1434 ipsum
1604 1399 1692 1427 solum
1703 1407 1785 1427 enar-

996 1450 1057 1470 rare
1073 1447 1173 1477 potest.
1194 1452 1203 1469 ι
1219 1443 1287 1476 Quis
1301 1445 1374 1472 enim
1388 1445 1464 1472 novit
1475 1453 1588 1473 sensum
1606 1444 1724 1478 Domini,
1736 1446 1784 1482 qui

996 1488 1115 1516 instruat
1133 1497 1196 1517 eum
1207 1490 1236 1516 '7
1250 1499 1260 1516 ι
1278 1489 1370 1525 Neque
1381 1491 1454 1518 enim
1470 1492 1533 1526 quis
1546 1492 1574 1519 in
1589 1492 1636 1520 Dei
1648 1492 1784 1527 judicium

997 1543 1058 1563 sese
1080 1535 1229 1563 immittere
1249 1536 1358 1568 audeat,
1386 1544 1475 1572 neque
1495 1538 1611 1565 consilia
1631 1538 1784 1573 deprehen-

996 1582 1060 1609 dere
1073 1582 1170 1617 possit,
1188 1582 1266 1617 queis
1282 1581 1429 1618 Unigenito
1453 1591 1504 1611 suo
1528 1584 1649 1612 ostendit
1671 1584 1782 1611 tribula-

994 1629 1085 1656 tiones
1101 1632 1129 1656 et
1143 1629 1228 1656 multa
1242 1629 1325 1656 mala.
1341 1628 1435 1664 Neque
1452 1630 1479 1657 in
1493 1630 1528 1658 iis
1543 1630 1632 1665 ipsum
1648 1630 1780 1663 deseruit,

993 1674 1040 1703 sed
1057 1682 1208 1703 conversus
1226 1674 1376 1702 viviﬁcavit
1388 1683 1461 1707 eum,
1479 1680 1506 1703 et
1528 1676 1562 1703 de
1579 1676 1686 1712 abyssis
1701 1680 1782 1704 terra:

992 1721 1090 1748 iterum
1108 1721 1217 1749 reduxit
1235 1730 1308 1749 eum.
1327 1722 1542 1751 Accuratissime
1565 1727 1656 1751 autem
1678 1724 1780 1752 dictum

992 1767 1042 1795 fuit
1061 1768 1138 1800 illttd,
1158 1777 1167 1793 ι
1183 1767 1333 1796 Ostendisti
1348 1769 1414 1795 mihi
1428 1769 1619 1797 tribulationes
1636 1770 1738 1799 multas
1753 1775 1780 1798 et

992 1814 1072 1841 mala.
1090 1823 1100 1839 ι
1131 1814 1199 1841 Cum
1226 1814 1395 1850 prospiceret
1417 1815 1490 1842 enim
1517 1816 1725 1848 tribulationes,
1751 1822 1780 1844 et

991 1859 1076 1886 multa
1096 1860 1141 1886 illa
1158 1868 1219 1895 qua
1235 1865 1368 1887 vocantur
1383 1861 1465 1893 mala,
1483 1869 1537 1889 non
1558 1866 1655 1897 captus
1672 1863 1706 1890 ab
1724 1863 1778 1891 illis

991 1913 1079 1941 neque
1102 1906 1190 1933 victus
1212 1909 1272 1940 est;
1296 1906 1345 1933 sed
1365 1906 1493 1934 omnibus
1511 1909 1635 1942 superior
1653 1908 1776 1941 effectus.

990 1953 1228 1989 contemplabatur
1251 1961 1300 1985 ea;
1327 1953 1364 1980 ita
1385 1958 1416 1980 ut
1433 1954 1476 1982 his
1496 1955 1610 1983 vocibus
1632 1956 1775 1991 plusquam

989 2007 1085 2027 omnes
1109 2000 1155 2027 alii
1182 2007 1249 2028 usus
1273 2000 1309 2028 sit
1325 2010 1331 2027 :
1351 2009 1361 2025 ‹
1377 1999 1405 2026 1η
1423 2001 1552 2028 omnibus
1571 2001 1775 2030 tribulationem

990 2046 1118 2081 patimur,
1130 2046 1178 2073 sed
1191 2054 1245 2072 non
1259 2046 1448 2081 angustiamur
1462 2056 1468 2073 :
1481 2047 1647 2081 aporiamur.
1661 2047 1708 2076 sed
1721 2056 1776 2076 non

989 2091 1165 2119 destituimur
1180 2102 1186 2119 :
1201 2092 1356 2127 dejieimur.
1372 2093 1418 2120 sed
1433 2101 1487 2120 non
1502 2093 1747 2130 dcrelinquimur‘.
1764 2106 1773 2120 ι

988 2137 1051 2166 Ηαιο
1066 2138 1166 2173 quippe
1182 2137 1296 2170 Paulus.
1320 2143 1346 2166 et
1361 2139 1407 2174 qui
1425 2147 1518 2174 parem
1545 2144 1627 2175 atque
1645 2141 1776 2177 magister

988 2184 1033 2212 ille
1048 2184 1192 2212 utilitatem
1209 2190 1386 2220 perceperant
1400 2185 1537 2213 dicebant.
1558 2186 1679 2222 Abyssos
1696 2191 1776 2215 terrae

987 2230 1031 2257 hic
1053 2230 1201 2258 inferorum
1226 2231 1363 2266 regionem
1385 2232 1514 2259 vocavit:
1535 2233 1607 2267 quod
1627 2233 1775 2268 Apostolus

987 2276 1104 2311 explicat
1114 2276 1225 2304 dicens:
1240 2287 1248 2302 ι
1264 2277 1303 2305 Ne
1315 2278 1391 2305 dicas
1403 2287 1409 2304 :
1419 2277 1489 2310 Quis
1501 2278 1647 2306 descendet
1659 2279 1686 2305 in
1697 2279 1776 2314 abys-

988 2322 1087 2356 sum‘;
1103 2322 1130 2350 id
1151 2326 1203 2354 est,
1227 2322 1368 2350 Christum
1394 2331 1426 2350 ex
1451 2323 1568 2351 mortuis
1595 2323 1745 2350 reducere?
1762 2333 1771 2348 ι

988 2367 1019 2394 Et
1034 2368 1062 2395 in
1076 2367 1128 2395 Job
1139 2376 1248 2404 quoque
1263 2368 1393 2396 Dominus
1407 2369 1454 2403 qui
1471 2369 1498 2396 in
1513 2369 1573 2404 ipso
1584 2369 1695 2396 oracula
1712 2368 1775 2396 fun-

986 2413 1065 2441 debat
1085 2414 1142 2441 haec
1160 2414 1275 2448 protulit
1290 2423 1297 2441 :
1312 2424 1321 2440 ι
1339 2413 1444 2441 Venisti
1465 2421 1529 2441 vero
1554 2414 1582 2441 in
1600 2413 1702 2442 fontem
1717 2422 1775 2441 ma-

985 2461 1034 2491 ris,
1053 2461 1080 2487 in
1103 2461 1227 2496 vestigiis
1244 2464 1336 2487 autem
1359 2461 1450 2496 abyssi
1467 2460 1623 2489 ambulasti.
1641 2461 1775 2496 Aperiun-
1808 2472 1809 2475 η

986 2512 1031 2534 tur
1046 2515 1111 2534 vero
1135 2507 1183 2534 tibi
1199 2508 1298 2534 timore
1315 2511 1401 2541 porta:
1416 2507 1513 2534 mortis
1530 2518 1536 2535 :
1555 2508 1662 2535 ostiarii
1682 2513 1773 2536 autem

987 2553 1086 2580 inferni
1109 2553 1232 2581 videntes
1256 2558 1283 2580 te
1304 2554 1447 2581 conterriti
1474 2559 1537 2581 sunt
1547 2555 1569 2580 ⁵.
1587 2563 1596 2580 ι
1615 2553 1668 2588 Qui
1691 2563 1774 2590 porro

986 2598 1030 2625 hic
1051 2599 1099 2629 ait,
1131 2607 1140 2623 ι
1157 2598 1190 2625 Ει
1216 2597 1250 2625 de
1278 2598 1386 2634 abyssis
1409 2603 1488 2626 terra:
1515 2599 1614 2627 iterum
1639 2599 1773 2628 reduxisti

987 2653 1040 2677 me,
1057 2655 1066 2670 ι
1083 2645 1156 2672 clare
1168 2644 1262 2672 docuit!
1277 2652 1307 2673 se
1320 2647 1347 2672 in
1362 2644 1478 2681 abyssos
1493 2649 1573 2674 terrae
1583 2645 1772 2678 descendisse.

988 2698 1020 2718 ac
1038 2698 1146 2718 rursum
1168 2691 1336 2719 ascendisse.
1352 2690 1408 2719 Nec
1428 2692 1486 2719 scio
1501 2696 1592 2719 utrum
1608 2693 1670 2728 quis
1685 2693 1774 2720 valeat

989 2736 1045 2763 haec
1059 2736 1112 2763 alio
1130 2737 1256 2771 accipere
1280 2735 1372 2769 modo,
1394 2743 1475 2771 quam
1497 2736 1531 2763 ad
1557 2736 1730 2764 Servatorem
1747 2740 1774 2765 et

989 2782 1131 2810 Dominum
1140 2787 1264 2809 nostrum
1272 2782 1414 2810 referendo
1421 2783 1601 2818 prophetiam.
1609 2782 1634 2811 ls
1642 2783 1700 2818 ipse
1709 2790 1774 2811 vero

759 2873 764 2886 '
782 2872 874 2900 Matth.
894 2882 967 2906 μιν,
995 2874 1035 2901 l2.
1075 2875 1084 2889 ¹
1102 2873 1179 2901 Rom.
1193 2881 1230 2906 XI,
1248 2873 1290 2901 54.
1332 2873 1341 2887 ³
1356 2871 1377 2898 ll
1389 2872 1452 2900 Cor.
1470 2881 1507 2905 iv,
1520 2873 1547 2903 8,
1587 2873 1597 2888 δ
1609 2872 1687 2900 Rom.
1700 2881 1727 2905 x,
1741 2873 1768 2900 7.
