2041 3215
257 159 310 192 7117

593 166 727 194 EUSEBII
747 166 987 194 CAESARIENSl-S
1006 166 1082 194 OPP.
1104 165 1197 192 PARS
1214 164 1258 193 111.
1269 179 1306 186 -
1322 163 1526 192 EXEGL'TICA.

1831 158 1883 185 788

256 224 412 260 subjungit:
425 234 434 249 1
446 224 633 260 Multiplicasti
654 226 884 261 magniﬁcentiam
903 234 1002 257 meam,
1017 231 1041 254 et

1101 227 1130 253 '0
1144 226 1166 252 δ’
1183 226 1264 257 αὐτὸς
1279 225 1400 258 ἐπιλέγει
1411 233 1417 239 ·
1436 233 1445 250 1
1457 223 1636 254 Ἐπ).εόνασας
1658 221 1707 257 τὴν
1734 219 1884 256 μεγαλοσύ-

256 278 406 297 conversus
416 271 574 297 consolatus
586 280 616 298 cs
633 279 686 298 me.
703 282 712 297 1
729 272 871 304 Quomodo
887 278 975 299 autem
993 273 1043 299 Pa-

257 320 298 342 ter
318 316 539 351 umltiplicavcrit
566 317 797 351 magniﬁcentiam
826 318 964 353 L'nigeniti
989 320 1042 350 sui,

257 362 308 388 nisi
320 370 381 388 cum
398 362 518 389 ostendit
534 363 571 389 illi
588 364 780 391 tribulationes
798 365 898 391 multas
914 370 940 391 et
957 366 1044 391 mala?

256 406 489 439 Quemadmodum
516 408 589 435 enim
613 410 776 443 agonothcta
799 411 953 444 quispiam,
981 419 1042 437 cum

257 453 400 480 adversum
420 455 520 481 multos
542 455 671 481 athletam
687 461 795 482 exercet
819 464 908 488 suum,
927 457 987 490 ejus
1011 457 1044 482 li-

256 499 366 533 quidius
393 501 521 527 virtutem
545 501 678 532 ostendit,
701 501 810 535 quando
837 510 899 528 cum
921 503 1042 529 omnium

256 545 385 572 victorem
404 546 549 580 praedicat;
565 546 658 573 eodem
674 547 754 573 modo
771 547 850 574 Pater
862 547 922 574 Filii
937 549 1042 583 magni-

257 592 392 618 ﬁcentiam
409 598 438 618 ut
451 593 580 620 omnibus
602 594 689 628 palatii
713 594 824 625 faceret,
844 594 936 621 multis
954 595 1042 629 ipsum

255 637 482 666 tribulationibus
496 643 522 666 et
537 639 615 666 malis
633 640 829 673 circuuuledit;
848 645 877 666 ut
895 645 971 675 parta
982 649 1044 667 (1011-

255 690 298 710 ira
326 692 422 711 omnes
447 686 576 717 victoria,
608 687 678 721 apud
712 695 807 713 omnes
837 687 1042 722 praadiealclur.

255 730 345 762 Quare
363 731 420 758 ait:
437 742 444 756 1
462 731 646 766 Multiplicasti
665 732 895 767 magniﬁcentiam
912 741 1017 765 meam;
1032 743 1040 758 1

256 775 303 803 sed
322 781 383 810 post
406 777 462 803 hinc
479 778 582 809 omnia,
598 778 698 812 inquit,
720 788 727 803 1
744 785 895 805 conversus
915 779 1043 805 consola-

256 826 301 849 tus
316 830 346 849 es
362 831 413 849 me.
432 833 440 848 1
458 823 518 855 Quo
541 828 621 858 pacto
640 824 797 850 consolatus
814 832 875 850 eum
889 828 940 855 est,
961 832 1042 859 supc-

256 869 314 896 rius
337 869 428 895 docuit
453 870 494 896 his
518 870 608 896 verbis
625 880 630 896 :
648 880 655 894 1
672 870 705 895 lit
725 878 875 897 conversus
901 871 1042 897 111-1116115ιὶ

256 920 308 944 me,
325 917 350 939 et
362 913 394 939 de
410 914 516 948 abyssis
529 918 608 941 terra:
623 915 719 941 iterum
735 915 868 942 reduxisti
883 924 934 943 me.
954 927 963 941 1
980 916 1041 943 lla-c

255 959 354 993 quippe
373 960 525 987 consolatio
543 965 612 992 erat,
630 969 711 995 quam
729 962 877 996 Apostolus
893 962 938 989 his
949 962 1041 989 decla-

255 1012 343 1031 ravit:
362 1015 369 1029 1
386 1006 498 1040 l’roptcr
516 1007 588 1041 quod
614 1012 639 1033 et
662 1007 732 1034 Deus
749 1005 881 1035 exaltavit
905 1009 994 1039 illum,
1017 1013 1042 1035 et

254 1052 327 1079 dedit
344 1052 381 1077 illi
399 1061 508 1083 nomen,
524 1053 598 1087 quod
621 1057 662 1079 est
682 1062 763 1088 super
779 1062 858 1080 omne
875 1061 994 1086 nomen;
1011 1058 1042 1080 ut

254 1098 283 1125 in
305 1098 414 1124 nomine
435 1097 500 1125 .lcsu
525 1107 605 1125 omne
632 1108 702 1133 genu
727 1100 851 1126 ﬂectatur
875 1101 1040 1131 coelestium,

255 1145 425 1172 tcrtcstrium
441 1150 467 1172 ct
485 1145 653 1172 illiCl'IIOI‘lllll
668 1146 687 1171 ⁸.
707 1156 714 1170 1

290 1237 373 1264 Vens.
387 1237 485 1265 2221».
509 1249 516 1263 1
533 1237 599 1264 Nam
617 1243 643 1263 11
659 1247 707 1272 ego
723 1240 872 1265 tuniitebor
888 1240 935 1266 tibi
952 1240 977 1266 in
993 1248 1038 1266 va-

254 1284 293 1310 sis
310 1283 408 1318 psalmi
424 1284 567 1311 veritatcm
586 1288 670 1311 tuam.
688 1294 697 1309 1
715 1283 756 1311 Tu
769 1284 835 1311 mihi
850 1284 960 1320 quidem
973 1285 1041 1317 haec,

253 1329 345 1362 Pater,
370 1330 522 1365 praebuisti,
548 1330 646 1365 inquit.
673 1329 738 1358 Post
758 1332 858 1359 multas
883 1332 955 1360 enim
981 1332 1045 1359 illas

253 1376 457 1409 tribulationes,
475 1382 537 1412 post
554 1378 684 1413 praedicta
706 1379 789 1410 mala,
809 1388 818 1404 1
833 1386 986 1408 conversus
1000 1381 1042 1407 vi-

253 1423 369 1450 vilicasti
388 1431 442 1455 me,
459 1428 488 1451 et
500 1423 535 1451 de
551 1424 659 1459 ahyssis
684 1431 763 1453 teme
784 1425 885 1453 iterum
909 1425 1042 1454 reduxisti

253 1477 307 1502 me,
325 1479 334 1495 1
349 1473 378 1497 et
394 1470 555 1498 consolatus
586 1478 630 1498 me
646 1479 688 1503 es,
713 1471 900 1506 multiplicans
918 1471 1043 1507 magniﬁ-

253 1514 373 1541 centiam
389 1523 488 1543 meam.
507 1515 563 1551 Ego
578 1524 642 1544 vero
658 1524 707 1551 pro
722 1517 830 1544 collatis
850 1516 900 1546 abs
924 1521 950 1545 te
974 1517 1042 1544 mihi

253 1561 394 1588 beneﬁciis
409 1562 496 1589 vicem
514 1562 677 1598 rependens,
694 1571 704 1588 1
718 1563 870 1591 conﬁtebor
884 1563 933 1591 tibi
947 1564 975 1591 in
995 1571 1043 1590 va-

254 1607 294 1634 sis
322 1607 419 1641 psalmi
433 1617 440 1635 :
457 1617 467 1634 1
482 1615 545 1635 nam
562 1617 571 1633 1
587 1608 652 1643 quid
680 1609 829 1636 retribuam
851 1608 967 1636 Domino
993 1616 1042 1644 pro

254 1654 382 1682 amnibus
397 1662 458 1690 qua
475 1655 604 1683 retribuit
618 1655 684 1682 mihi
697 1656 728 1682 '?
743 1666 752 1682 1
772 1655 829 1683 lmo
844 1664 910 1683 vero
927 1665 1044 1692 appara-

255 1701 292 1727 tis
307 1700 381 1727 vasis
402 1700 450 1728 tibi
473 1702 700 1736 congruentibus,
722 1703 949 1738 concinnatisque
967 1704 1042 1738 psal-

255 1745 353 1773 modiae
371 1746 563 1775 instrumentis
586 1751 612 1775 te
635 1748 735 1784 dignis,
756 1756 805 1784 per
829 1749 888 1776 haec
901 1750 1042 1777 veritatem

254 1797 330 1819 tuam
345 1792 462 1820 cantabo
474 1793 535 1826 tibi,
549 1794 673 1829 talesque
685 1795 810 1822 excitabo
821 1795 953 1828 citharas,
964 1797 1043 1832 queis

256 1837 326 1865 labia
340 1846 400 1866 mea
416 1839 603 1872 exsultahunt,
623 1848 730 1868 necnon
747 1850 757 1866 1
773 1841 863 1868 anima
884 1850 944 1869 mea
959 1850 1042 1877 quam

250 1883 406 1923 redemisti,
423 1893 433 1909 1
450 1884 584 1913 reducens
597 1893 656 1912 eam
677 1886 712 1913 de
726 1886 834 1921 abyssis
855 1890 945 1919 terra),
960 1891 988 1914 et
1002 1888 1043 1914 vi-

254 1929 368 1957 viﬁcans
384 1937 445 1957 eam
467 1934 611 1966 postquam
630 1935 748 1958 mortem
767 1932 951 1959 sustinuerat.
969 1931 1047 1966 Vasa_

253 1979 344 2003 autem
364 1980 391 2003 et
414 1977 596 2004 instrumenta
616 1976 670 2005 Deo
686 1982 775 2013 grata,
787 1978 888 2013 quibus
906 1978 1043 2014 hodieque

252 2022 379 2049 Christus
395 2021 442 2050 Dei
457 2030 506 2058 per
520 2027 608 2050 totum
624 2024 719 2051 orbem
733 2025 866 2060 psalmos,
884 2025 1001 2061 hymnos
1014 2030 1042 2053 et

253 2068 349 2095 laudes
365 2068 439 2095 Patri
453 2069 562 2102 emittit,
579 2078 640 2105 qua:
650 2071 754 2098 dixeris
767 2079 839 2104 esse,
855 2072 908 2099 nisi
925 2073 1041 2108 populos

253 2112 281 2139 in
297 2112 415 2147 singulis
431 2113 562 2141 Ecclesiis
575 2116 781 2143 consistentes?
797 2124 915 2151 quorum
935 2117 1041 2145 animas

253 2166 424 2194 componens
436 2159 484 2187 Dei
500 2159 631 2192 Verbum,
647 2162 776 2197 ipsasque
797 2170 853 2190 uno
873 2164 1042 2199 symphoniae

252 2208 280 2233 et
304 2205 457 2233 harmoniae
484 2206 593 2234 vinculo
621 2206 695 2234 Patri
722 2208 867 2244 colligatis,
895 2209 1040 2237 amabilem

252 2251 417 2287 dulcemque
446 2253 660 2280 modulationem
689 2254 798 2281 emittit.
830 2254 860 2281 Si
887 2255 950 2290 quis
975 2263 1040 2291 ergo

253 2299 337 2326 animi
357 2299 456 2334 gratia,
472 2299 654 2327 instrumenta
673 2299 719 2327 illa
736 2299 893 2327 Iudaeorum
905 2304 1040 2333 veterum,

253 2344 411 2372 inanimatis
423 2353 456 2372 ex
474 2345 586 2373 chordis
604 2346 731 2378 conﬂata,
750 2353 782 2373 ac
798 2354 853 2373 non
868 2347 1040 2373 articulatam

251 2398 347 2419 vocem
360 2391 536 2426 prol'erentia,
553 2399 616 2419 cum
634 2392 743 2428 hymnis
760 2392 787 2420 in
802 2392 904 2420 Christi
919 2392 1041 2420 Ecclesia

252 2444 267 2463 a
287 2438 497 2466 rationabilibus
514 2439 659 2466 animabus
675 2437 731 2466 Deo
745 2438 858 2467 emissis
872 2439 1039 2472 contulerit;

252 2482 322 2509 nihil
337 2483 364 2510 in
389 2483 432 2511 his
448 2483 538 2512 simile
553 2484 749 2519 deprehendet.
766 2484 870 2518 Quovis
891 2484 963 2512 enim
981 2491 1041 2512 cor-

252 2535 336 2562 poreo
351 2529 482 2563 psalterio
495 2530 669 2565 praestantior
684 2534 727 2558 est
743 2531 900 2564 multitudo,
916 2538 977 2566 qum
991 2538 1039 2565 per

252 2579 340 2602 tntum
360 2575 455 2602 orbem
471 2583 526 2603 uno
540 2580 686 2609 concentu,
702 2576 849 2604 harmonia
869 2585 934 2609 una,
952 2576 1039 2605 Deum

251 2619 299 2655 qui
314 2627 397 2655 super
413 2621 504 2648 omnia
518 2626 561 2649 est
575 2622 705 2649 celebrat.
722 2621 809 2657 Cuius
824 2622 977 2650 ministerio
992 2622 1011 2648 F
1014 2622 1039 2649 1-

252 2667 308 2695 lius
330 2675 359 2694 se
374 2666 450 2694 Patri
475 2668 591 2703 psallere
608 2669 756 2697 conﬁtetur
770 2670 885 2697 dicens:
903 2679 912 2695 1
929 2669 995 2696 Nam
1011 2673 1040 2697 et

252 2721 303 2749 ego
317 2713 468 2742 conﬁtebor
484 2714 533 2741 tibi
548 2715 576 2742 in
592 2716 664 2743 vasis
677 2716 776 2751 psalmi
790 2716 932 2743 veritatem
949 2719 1036 2748 tuam,

252 2758 333 2787 Deus.
352 2770 361 2786 1
380 2759 441 2787 Non
455 2760 527 2787 ultra
546 2761 619 2788 enim
635 2761 747 2796 ﬁguras,
763 2770 819 2790 non
835 2763 959 2794 umbras,
983 2770 1039 2789 non

252 2807 375 2840 symbola
393 2806 484 2840 qualia
500 2807 570 2842 apud
587 2807 706 2842 illoyscm
723 2813 812 2840 erant,
835 2809 882 2837 sed
898 2809 1039 2837 veritatem

305 2900 310 2911 ‘
329 2897 427 2933 Philip.
443 2905 472 2931 lt,
489 2899 505 2926 9
546 2900 554 2915 ⁷
568 2899 639 2927 Pral.
656 2906 717 2932 cxv,
737 2900 781 2928 12.

1095 283 1142 308 νην
1163 282 1223 307 μου,
1240 273 1287 297 καὶ
1302 271 1467 306 ἐπιστρέψας
1483 268 1672 304 παρεκάλεσάς
1688 277 1731 303 με.
1746 278 1754 293 1
1774 268 1836 298 Πῶς
1855 267 1885 293 δὲ.

1094 319 1254 344 ἐπλεόνασεν
1272 318 1286 342 ό
1305 317 1399 351 Πατὴρ
1423 316 1472 351 τὴν
1491 314 1675 350 μεγαλοσύνην
1697 313 1743 339 τοῦ
1761 314 1884 346 Μονογε-

1094 365 1154 395 νοῦς
1169 364 1262 395 αὐτοῦ,
1275 364 1290 398 ἢ
1305 364 1347 389 διὰ
1360 363 1405 388 τοῦ
1420 362 1502 394 δεῖξαι
1519 361 1592 395 αὑτῷ
1605 360 1707 394 θλίψεις
1720 359 1819 390 πολλὰς
1836 359 1885 385 καὶ

1095 410 1183 441 κακά;
1203 410 1307 443 Ὥσπερ
1332 409 1385 443 γάρ
1409 416 1449 439 τις
1468 406 1649 440 ἀγωνοθέτης,
1666 405 1772 436 πολλοῖς
1792 412 1884 439 παρα-

1095 456 1198 481 ϐάλλων
1214 455 1258 480 τὸν
1277 455 1371 480 ἑαυτοῦ
1386 454 1515 488 ἀθλητὴν,
1533 452 1662 487 μειζόνως
1676 450 1757 477 αὑτοῦ
1770 451 1818 486 τὴν
1837 451 1886 476 ἀν-

1093 502 1183 536 δρείαν
1201 501 1376 531 ἐπιδείκνυσι,
1395 500 1506 534 νικῃτὴν
1528 500 1609 526 αὑτὸν
1633 498 1758 525 ἀπάντων
1781 497 1885 531 ἀνακησ

1096 547 1214 581 ρὺττων·
1231 547 1275 573 τὸν
1291 548 1371 573 αὑτὸν
1390 548 1489 582 τρόπον
1503 547 1550 572 καὶ
1573 547 1586 572 ὁ
1612 545 1715 580 Πατὴρ,
1732 544 1780 579 τὴν
1798 551 1885 578 μεγα-

1094 594 1206 628 λοσύνην
1222 594 1268 619 τοῦ
1283 593 1346 619 Tia-3
1364 595 1418 624 τοῖς
1437 594 1502 619 πᾶσι
1516 591 1634 627 φανερὰν
1650 591 1813 621 ἐπιδεικνὺς,
1829 590 1885 616 θλί-

1093 641 1153 674 ψεις
1171 640 1270 670 πολλὰς
1293 640 1339 665 καὶ
1364 639 1438 665 κακὰ
1462 638 1642 673 περιέϐαλλεν
1653 636 1736 671 αὐτῷ,
1750 636 1787 667 ὡς
1805 635 1837 662 ἂν
1852 636 1887 662 τὰ

1095 686 1165 712 κατὰ
1187 687 1294 711 πάντων
1314 686 1450 720 ἀράμενος
1467 685 1623 719 νικητήρια,
1638 682 1713 718 παρὰ
1738 683 1793 712 107.;
1818 682 1886 707 πᾶσι

1095 731 1253 765 κηροχθείη.
1272 730 1317 756 Διό
1334 738 1427 764 φησιν·
1450 740 1458 754 1
1471 729 1652 760 Ἑπλεὸνασας
1668 728 1716 763 τὴν
1732 726 1886 762 μεγαλοσύ-

1095 785 1142 811 νην
1167 776 1342 811 μου.1’Λλλὰ
1367 775 1434 810 μετὰ
1458 775 1544 801 ταῦτα
1571 775 1668 804 πάντα,
1694 774 1786 808 φησὶν,
1804 782 1813 798 1
1829 773 1887 799 έπι-

1096 822 1213 857 στρέψας
1230 821 1418 857 παρεκάλεσάς
1436 830 1479 856 με.
1497 831 1505 846 1
1522 820 1583 851 Πῶς
1599 820 1626 845 δὲ
1643 818 1829 854 παρεκάλεσεν
1841 818 1888 844 αὺ-

1096 869 1151 902 τὸν,
1166 868 1337 904 προεδίδαξεν
1361 868 1489 902 ἀνωτέρω
1510 867 1607 893 εἰπών·
1625 875 1633 891 1
1647 866 1701 891 Καὶ
1718 864 1888 899 ἐπιστρέψας

1057 908 1080 937 Β
1094 916 1278 950 ἐζωοποίτλσάς
1295 924 1339 950 με,
1357 916 1402 941 καὶ
1419 916 1449 940 ἐκ
1466 915 1520 939 τῶν
1535 913 1660 940 ἀϐύσσων
1674 912 1724 946 τῆς
1737 911 1789 946 γῆς
1805 911 1889 938 πάλιν

1093 963 1230 997 ἀνήγαγες
1246 971 1289 996 με.
1305 972 1313 987 1
1330 962 1403 996 Αὕτη
1418 962 1471 996 γάρ
1487 959 1520 996 ἦν
1542 962 1558 994 ἠ
1583 958 1764 994 παράκλησις,
1780 958 1814 993 ἣν
1837 958 1887 984 καὶ

1093 1010 1106 1034 ὁ
1125 1009 1284 1040 Ἀπόςτολκ
1307 1008 1478 1043 παρέστησεν
1502 1006 1602 1033 εἰπών’
1627 1015 1635 1031 1
1652 1005 1696 1031 Διὸ
1714 1005 1761 1031 καὶ
1784 1006 1797 1031 ὁ
1820 1005 1888 1036 Θεὸς

1094 1053 1271 1088 ὑπερύψωσεν
1299 1054 1389 1083 αὑτὸν,
1408 1053 1454 1078 καὶ
1479 1052 1626 1087 ἐχαρίσατο
1650 1050 1723 1084 αὐτῷ
1743 1050 1839 1084 ὄνομα,
1856 1049 1888 1075 τὸ

1093 1101 1159 1135 ὑπὲρ
1176 1101 1229 1126 πᾶν
1244 1100 1327 1135 ὄνομα
1339 1109 1344 1114 ”
1362 1101 1404 1126 ἵνα
1421 1102 1449 1126 ὲν
1465 1100 1503 1134 τῷ
1516 1099 1627 1133 ὀνόματι
1650 1097 1737 1133 Ἰησοῦ
1752 1098 1806 1122 πᾶν
1820 1097 1887 1131 γόνυ

1093 1146 1199 1181 κάμψῃ,
1229 1146 1409 1179 ἐπουρανῖων,
1429 1145 1476 1171 καὶ
1504 1144 1643 1177 ἐπιγείων,
1674 1143 1720 1169 καὶ
1751 1141 1887 1177 καταχθο-

1093 1193 1166 1217 νίων.
1185 1202 1193 1217 1

1130 1247 1138 1262 1
1152 1238 1205 1263 Καὶ
1219 1238 1271 1271 γὰρ
1285 1238 1338 1270 ἐγὼ
1351 1237 1497 1272 ἐξομολογή
1504 1237 1585 1272 σομαί
1602 1245 1641 1262 σοι
1658 1237 1686 1262 ἐν
1702 1236 1810 1263 σκεύεσι
1822 1235 1888 1269 ψαλ-

1094 1284 1145 1319 μοῦ
1159 1286 1208 1319 τὴν
1225 1284 1352 1320 ἀλήθειάν
1370 1292 1428 1310 σου.
1444 1293 1454 1309 1
1473 1284 1509 1310 Σὺ
1529 1283 1578 1319 μὲν
1599 1283 1662 1318 ἐμοὶ
1678 1282 1775 1314 ταῦτα,
1791 1281 1889 1316 φησὶν,

1092 1326 1115 1356 ὦ
1135 1329 1236 1366 Πάτερ,
1253 1329 1391 1366 παρέσχου
1402 1338 1408 1344 ·
1429 1329 1497 1364 μετὰ
1518 1329 1572 1365 γὰρ
1589 1328 1639 1361 τὰς
1663 1328 1763 1360 πολλὰς
1780 1328 1888 1362 θλίψεις

1093 1378 1140 1405 καὶ
1161 1377 1195 1404 τὰ
1219 1377 1368 1412 λελεγμένα
1389 1376 1463 1404 κακὰ
1482 1387 1491 1402 1
1508 1375 1676 1411 ἐπιστρέψας
1697 1374 1890 1410 ὲζωοποίησάς

1095 1434 1138 1460 με,
1151 1425 1198 1451 καὶ.
1210 1426 1242 1451 ὲκ
1252 1424 1306 1450 τῶν
1317 1423 1444 1451 ἀϐύσσων
1454 1424 1503 1460 τῆς
1515 1423 1567 1458 γῆς
1582 1422 1662 1449 πάλιν
1673 1421 1810 1456 ἀνήγαγές
1822 1430 1866 1456 με,
1874 1431 1885 1447 1

1093 1472 1141 1497 καὶ
1165 1470 1355 1506 παρεκάλεσάς
1378 1479 1423 1506 με,
1448 1470 1600 1502 πλεονάσας
1623 1469 1673 1505 τὴν
1698 1468 1887 1504 μεγαλοσύνην

1095 1525 1163 1553 μοιι⁸
1178 1516 1255 1551 κάγὼ
1270 1516 1309 1548 δὲ,
1324 1516 1505 1552 ἀμειϐόμενος
1521 1516 1571 1548 τὰς
1585 1517 1625 1548 είς
1642 1515 1692 1551 ἐμέ
1709 1523 1757 1542 σου
1771 1515 1887 1557 εὐεργε-

1096 1564 1166 1596 σίας,
1186 1572 1195 1588 1
1218 1562 1452 1598 ὲξομολογήσομαί
1473 1571 1514 1589 σοι
1535 1563 1564 1589 ὲν
1584 1562 1692 1589 σκεύεσι
1711 1560 1834 1597 ψαλμοῦ·
1858 1561 1888 1587 τί

1094 1609 1148 1645 γὰρ
1160 1609 1346 1636 ἀνταποδώσω
1361 1608 1400 1644 τῷ
1408 1609 1503 1645 Κυρίῳ
1515 1609 1580 1644 περί
1593 1609 1701 1636 πάντων
1718 1604 1756 1634 ὧν
1765 1607 1887 1634 ἀνταπέ-

1092 1654 1164 1682 δωκέ
1179 1663 1241 1690 μοι;
1257 1664 1267 1681 1
1277 1654 1357 1682 Ἀλλά
1368 1655 1423 1691 γὰρ
1433 1655 1467 1682 τά
1478 1663 1518 1681 σοι
1534 1654 1673 1690 πρέποντα
1688 1653 1772 1689 σκεύη
1785 1661 1886 1689 καταρ-

1093 1700 1244 1736 τιζόμενος,
1257 1701 1361 1735 ὄργανά
1371 1700 1400 1726 τέ
1415 1708 1461 1726 σου
1473 1700 1534 1732 ἄξια
1544 1699 1701 1735 ψαλμῳδίας
1715 1699 1886 1726 κατασκευὰ-

1094 1754 1154 1778 σας,
1170 1745 1203 1772 δι’
1218 1745 1307 1772 αὐτῶν
1320 1746 1370 1781 τὴν
1383 1744 1510 1781 ἀλήθειάν
1522 1754 1568 1772 σου
1578 1744 1656 1780 ψαλῶ
1668 1753 1719 1776 σοι,
1737 1744 1782 1770 καὶ
1797 1744 1887 1770 τοιαύ-

1092 1801 1142 1824 τας
1159 1801 1200 1819 σοι
1216 1792 1332 1828 κιθάρας
1343 1793 1497 1828 ἀναστήσω,
1511 1792 1543 1818 δι’
1559 1788 1596 1819 ὧν
1611 1791 1645 1818 τὰ
1655 1791 1730 1827 χείλη
1743 1799 1793 1826 μου
1804 1790 1886 1825 ἀγαλ-

1092 1838 1225 1870 λιάσεται,
1240 1838 1308 1865 ἀλλὰ
1332 1839 1380 1866 καὶ
1404 1848 1413 1865 1
1426 1840 1443 1874 ὴ
1465 1839 1539 1874 ψυχή
1566 1847 1628 1874 μου,
1639 1838 1673 1873 ἥν
1695 1836 1851 1873 έλυτρώτω,
1873 1847 1885 1862 1

1093 1884 1261 1916 ἁναϐιῦάσας
1275 1885 1359 1920 αὐτὴν
1370 1885 1402 1911 ὲκ
1413 1884 1467 1911 τῶν
1480 1884 1607 1911 ἀὸύσσων
1620 1883 1670 1918 τῆς
1686 1882 1748 1918 γῆς,
1762 1883 1808 1909 καὶ
1821 1882 1889 1914 ζωο-

1094 1931 1210 1966 ποιήσας
1226 1930 1311 1966 αὐτὴν
1335 1930 1395 1966 μεθ’
1411 1930 1440 1957 δν
1457 1930 1586 1965 ὑπέμεινε
1606 1929 1731 1957 θάνατον.
1746 1929 1835 1965 Σκεύη
1854 1929 1885 1956 δὲ

1092 1977 1140 2003 καὶ
1163 1977 1265 2013 ὗργανα
1285 1977 1324 2012 τῷ
1348 1977 1407 2012 Θεῷ
1429 1976 1624 2012 κεχαρισμένα,
1637 1976 1670 2002 δι’
1685 1972 1723 2003 ὧν
1735 1976 1819 2003 εἰσέτι
1836 1976 1885 2003 καὶ

1093 2023 1140 2050 νῦν
1164 2024 1179 2050 ὁ
1201 2023 1319 2059 Χριστὸς
1342 2023 1388 2050 τοῦ
1413 2023 1480 2050 Θεοῦ
1504 2023 1564 2050 καθ’
1581 2022 1645 2058 ὅλης
1659 2023 1709 2058 τῆς
1721 2023 1884 2059 οἰκουμένης

1092 2068 1251 2106 ψαλμῳδίας
1264 2069 1421 2105 ἀναπέμπει
1438 2078 1485 2096 και
1499 2068 1600 2105 ὕμνους
1615 2069 1662 2095 καὶ
1673 2068 1763 2100 αἵνους
1780 2068 1819 2104 τῷ
1832 2069 1885 2095 Πα-

1092 2117 1147 2152 cpt,
1159 2116 1235 2148 τίνας
1253 2116 1286 2143 ἂν
1302 2116 1389 2147 εἴποις
1400 2116 1417 2151 ἢ
1428 2116 1492 2148 τοὺς
1508 2116 1569 2143 καθ’
1580 2115 1697 2151 ἑκάστην
1722 2115 1883 2151 Ἐκκλησίαν

1092 2161 1189 2194 laetis;
1202 2159 1251 2188 Ὧν
1276 2161 1325 2193 τὰς
1346 2161 1434 2196 ψυχὰς
1460 2161 1598 2193 συντείνας
1612 2162 1626 2188 ὁ
1639 2161 1686 2187 τοῦ
1702 2160 1769 2187 Θεοῦ
1786 2160 1885 2194 Λόγος,

1093 2209 1237 2244 συμφωνίᾳ
1250 2216 1280 2235 τε
1297 2208 1343 2234 καὶ
1363 2207 1480 2243 ἁρμονίᾳ
1495 2208 1544 2243 μιᾷ
1559 2207 1757 2243 συνδησάμενος
1771 2206 1810 2242 τῷ
1827 2207 1884 2234 Πα-

1093 2255 1147 2290 τρὶ,
1165 2254 1302 2291 προσφιλῆ
1326 2254 1374 2281 καὶ
1398 2255 1489 2290 ἡδεῖαν
1512 2254 1668 2290 ἀναπέμπει
1694 2253 1884 2289 μελῳδίαν,Εἰ

1093 2301 1158 2336 γοῦν
1179 2310 1221 2333 τις
1243 2302 1281 2333 ὡς
1296 2302 1324 2327 ὲν
1342 2300 1492 2337 παραθέσει
1508 2300 1651 2336 σύγκρισιν
1672 2301 1809 2336 ποιήσοιτο
1829 2299 1884 2326 τῶν

1093 2348 1176 2375 πάλαι
1201 2347 1276 2383 παρὰ
1295 2347 1430 2379 Ἰουδαίοις
1444 2348 1607 2383 σωματικῶν
1630 2347 1754 2383 ὀργάνων
1768 2346 1797 2379 ἐξ
1812 2346 1884 2381 ἀψύ-

1092 2403 1147 2429 χων
1173 2394 1275 2430 χορδῶν
1299 2393 1570 2429 κατεσκευασμένων,
1587 2394 1679 2429 φωνήν
1696 2402 1726 2420 τε
1748 2393 1884 2429 ἄναρθρον

1093 2439 1272 2475 ὲξηχούντων,
1286 2439 1334 2467 καὶ
1347 2440 1402 2467 τῶν
1415 2441 1443 2467 ὲν
1456 2441 1489 2476 τῇ
1504 2439 1622 2475 Χριστοῦ
1640 2439 1788 2475 Ἐκκλησία
1795 2440 1828 2466 ὲκ
1839 2439 1885 2466 λο-

1093 2487 1180 2521 γικῶν
1193 2487 1286 2523 ψυχῶν
1301 2486 1536 2522 ἀναπεμπομένων
1553 2485 1645 2521 ὓμνων
1662 2485 1702 2520 τῷ
1717 2485 1787 2520 Θεῷ,
1807 2485 1884 2512 οὐδὲν

1092 2532 1125 2560 ἃν
1150 2533 1228 2569 εὖροι
1246 2534 1346 2569 ὅμοιον.
1365 2532 1469 2564 Παντὸς
1489 2532 1543 2568 γὰρ
1564 2532 1705 2568 κρείττονα
1725 2532 1884 2567 σωματικοῦ

1092 2578 1242 2615 ψαλτηρίου
1265 2580 1396 2615 τυγχάνει
1418 2578 1453 2605 τὰ
1476 2578 1566 2614 πλήθη
1578 2578 1613 2605 τὰ
1628 2577 1687 2605 καθ’
1701 2577 1765 2613 ὅλης
1780 2578 1831 2612 τῆς
1845 2578 1881 2604 οξ·

1094 2624 1230 2660 κουμένης
1244 2625 1389 2661 συμφωνίᾳ
1403 2625 1452 2660 μιᾷ
1463 2625 1509 2651 καὶ
1522 2624 1640 2661 ἁρμονίᾳ
1655 2624 1699 2651 τὸν
1715 2624 1762 2650 ἐπὶ
1774 2624 1883 2651 πάντων

1092 2671 1159 2698 Θεὸν
1175 2672 1321 2707 ὑμνοῦντα,
1338 2672 1371 2699 δι’
1381 2669 1418 2698 ὧν
1431 2673 1446 2698 ὀ
1461 2672 1524 2703 Υἱὸς
1539 2680 1578 2706 τῳ
1589 2672 1677 2707 Πατρὶ
1691 2670 1802 2705 ψάλλειν
1816 2671 1882 2706 ὁμο-

1090 2717 1165 2752 λογεῖ
1181 2718 1309 2752 φάσκων·
1328 2728 1336 2744 1
1352 2719 1407 2746 Καὶ
1432 2718 1487 2754 γὰρ
1510 2718 1565 2751 ἐγὼ
1587 2717 1819 2754 ὲξομολογήσομαί
1841 2725 1882 2744 σοι

1091 2763 1121 2790 ἐν
1135 2763 1244 2791 σκεύεσι
1254 2764 1362 2800 ψαλμοῦ
1375 2765 1425 2800 τὴν
1439 2764 1568 2800 ἀλήθειάν
1581 2772 1639 2796 σου,
1653 2764 1667 2790 ὁ
1679 2763 1772 2795 Θεός.1
1783 2762 1882 2790 Οὐκέτι

1091 2809 1147 2846 γὰρ
1159 2810 1270 2843 τύπους,
1280 2811 1339 2838 οὐδὲ
1358 2811 1435 2843 σκιὰς
1450 2811 1495 2838 καὶ
1510 2806 1693 2846 σᾶμὸολα,οῗα
1707 2807 1741 2845 ἦν
1756 2808 1789 2836 τὰ
1806 2808 1880 2844 παρὰ⁵
