2041 3215
153 191 205 221 789

678 210 699 222 ».
719 190 973 221 concauam
990 190 1025 217 IN
1044 189 1214 219 PSALMOS’.
1249 176 1275 214 Ἴ
1293 172 1299 203 ¹

1733 194 1785 223 790

153 252 274 283 Μωῦσεί,
287 251 337 286 τὴν
362 251 390 277 δὲ
414 251 543 287 ἀλήθειαν
562 251 612 287 τὴν
638 252 687 288 σὴν
703 254 872 289 παραστήσω
886 253 938 283 τοῖς

995 255 1069 277 luam
1086 250 1243 277 hominibus
1260 249 1416 283 declarabo,
1431 254 1458 277 et
1477 259 1486 276 ι
1501 251 1616 286 psallam
1633 251 1682 279 tibi
1700 251 1728 279 in
1745 253 1785 279 ci-

151 295 314 331 ἀνθρώποις,
327 298 374 323 καὶ
398 307 406 323 ι
420 297 498 332 ψαλῶ
523 306 564 324 σοι
586 298 615 325 ἐν
638 299 749 335 κιθάρᾳ,
763 301 777 326 ὁ
797 300 872 334 αγιος
894 299 940 326 τοῦ

158 344 282 378 Ἰσραήλ·
298 354 308 370 θ
328 344 344 379 ἢ
361 345 432 371 κατὰ
450 345 497 372 τὸν
517 345 642 378 ’Ᾱκύλαν,
662 356 671 372 ε
686 347 839 382 Μελῳδήσω
856 356 896 374 σοι
913 349 941 374 ἐν

151 390 260 426 κιθάρᾳ,
278 390 338 425 ἅγιε
361 391 478 427 Ἰσραήλ.
497 401 506 417 ι
518 391 597 419 Ἀλλὰ
613 393 660 419 καὶ
678 402 686 419 ι
700 393 892 427 ἁγαλλιάσετιιι
906 393 941 420 τὰ

150 436 225 472 χείλη
243 445 306 472 μου,
320 437 383 463 ὅταν
398 437 476 471 ψαλῶ
493 446 534 464 σοι
545 447 551 453 ·
570 448 578 464 ι
594 438 610 474 ἢ
628 439 698 465 κατὰ
714 439 759 465 τὸν
781 439 939 475 Σύμμαχον.

153 492 163 508 ι
176 483 338 518 Εὑφημήσει
355 483 388 510 τὰ
404 484 481 519 χείλη
501 493 563 519 μου,
581 485 645 511 ὅταν
665 485 812 520 μελῳδήσω
826 494 876 517 σοι,
893 487 940 512 καὶ

150 528 252 564 ἡψυχὴ
268 537 331 564 μου,
345 529 378 564 ἢν
394 529 614 565 ὲλυτρὼσω.Ἔτι
628 530 656 556 δὲ
672 532 745 565 καὶὴ
763 531 873 565 γλῶσσά
888 540 938 566 μου

150 573 298 608 μελητήσει
319 574 383 609 ὃλην
404 574 454 610 τὴν
474 575 582 611 ἡμέραν
602 575 650 611 τὴν
666 576 839 610 δικαιοσύνην
852 584 909 602 σου.
927 586 936 602 ι

150 618 233 654 Χείλη
247 619 274 645 δὲ
291 620 338 646 καὶ
353 619 478 654 γλῶσσαν
492 620 574 647 αὑτοῦ
588 621 744 656 μελετῶσαν
767 621 815 657 τὴν
838 621 939 648 δικαιο-

151 665 232 700 σύνην
242 665 289 692 τοῦ
303 666 409 702 Πατρὸς
424 667 473 693 οὐκ
492 667 525 693 ἂν
546 667 678 703 ἁμάρτοις
696 666 779 694 εἰπὼν
791 668 854 699 τοὺς
865 668 893 694 ἐν
906 669 938 703 τῇ

155 710 302 748 Ἐκκλησία
316 713 397 739 αὑτοῦ
411 713 613 748 ἀσκήσειθείων
625 714 711 748 λόγων
723 715 836 745 ἑαυτοὺς
849 715 940 741 ἀνατε-

149 757 283 790 θεικότας.
306 759 361 785 Καὶ
383 759 468 786 ταῦτα
493 760 591 791 πάντα,
615 760 691 795 φησὶ,
716 761 830 795 ποιήσω,
852 770 861 785 ε
876 760 940 786 ὅταν

146 804 312 839 αἰσχυνθιῖκῖι
337 806 384 832 καὶ
408 806 578 841 ὲντραπῶσιν
603 807 628 833 οἱ
653 806 795 841 ζητοῦντες
816 807 850 833 τὰ
866 806 940 833 κακά

147 859 208 886 μοι·
225 861 234 877 ι
252 851 267 886 ἢ
282 851 352 878 κατὰ
365 852 410 878 τὸν
423 852 581 887 Σύμμαχον,
602 853 680 879 «Ὅτι
702 853 938 889 κατῃσχύνθησαν,

147 897 164 933 ἢ
181 897 221 924 ὅτι
236 898 423 933 ἀπωρύγησαν
437 899 461 925 οί
479 899 622 934 ζητοῦντες
638 899 687 935 τὴν
702 900 822 926 κάκωσιν
841 909 890 935 μου
901 909 908 915 ³
927 910 936 926 ο

996 297 1085 328 thara,
1107 300 1221 324 sanctus
1244 295 1336 323 Israel.
1355 306 1363 322 ι
1387 297 1450 325 Sive
1469 299 1620 326 secundum
1646 298 1783 333 Aquilam.

998 352 1008 368 ‹
1024 342 1187 369 Modulabor
1208 342 1258 369 tibi
1284 342 1311 369 in
1332 342 1448 375 cithara,
1472 348 1566 371 sancte
1583 344 1679 371 lsrael.
1700 354 1713 370 ι
1730 343 1783 372 Sed

994 388 1077 415 etiam
1109 388 1310 415 «exsultabunt
1341 388 1412 416 labia
1443 397 1520 422 mea,
1547 398 1609 417 cum
1638 394 1783 417 cantavero

995 434 1061 468 libi;
1077 445 1086 461 ε
1104 434 1163 462 sive
1179 434 1330 462 secundum
1347 434 1551 470 Symmachum,
1570 445 1578 461 ι
1594 436 1779 464 Celebrabunt

995 478 1066 505 labia
1091 486 1150 506 mea
1175 486 1239 506 eum
1267 478 1428 506 modulabor
1454 480 1512 512 tibi,
1540 485 1568 507 et
1595 480 1685 508 anima
1711 489 1782 513 mea,

994 531 1079 558 quam
1092 523 1243 550 redemisti.
1261 522 1314 550 Sed
1330 527 1357 551 et
1378 524 1469 559 lingua
1485 532 1543 552 mea
1561 529 1617 551 tota
1630 525 1674 552 die
1695 526 1782 553 medi-

994 569 1098 596 tabitur
1111 568 1245 603 justitiam
1268 572 1355 596 tuam.
1371 578 1381 596 ›
1400 568 1483 596 Labia
1506 574 1596 597 autem
1614 575 1640 598 et
1663 571 1781 606 linguam

994 615 1053 650 ejus
1069 614 1247 642 meditantem
1265 615 1402 650 justitiam
1416 615 1519 648 Patris,
1540 624 1598 643 non.
1612 616 1782 645 aberraveris

994 662 1017 689 si
1035 661 1111 688 dicas
1128 668 1176 688 eos
1199 669 1260 688 esse
1275 662 1322 696 qui
1346 661 1374 688 in
1397 661 1519 690 Ecclesia
1540 663 1628 698 ipsius
1649 666 1783 691 exercita-

994 707 1062 734 tioni
1078 707 1177 734 divinae
1195 706 1344 741 Scriptura;
1365 715 1426 736 sese
1445 715 1657 738 consecrarunt.
1676 710 1708 738 Et
1724 711 1783 738 haec

993 752 1095 785 omnia,
1113 753 1212 787 inquit,
1236 752 1345 786 faciam,
1373 762 1382 779 l
1400 762 1464 781 cum
1489 755 1597 783 confusi
1619 760 1647 783 et
1671 757 1783 785 reveriti

994 799 1097 826 fuerint
1112 799 1159 833 qui
1176 803 1305 834 quaerunt
1322 799 1394 826 mala
1415 799 1500 834 mihi;
1516 795 1526 826 ἱ
1547 801 1615 834 sive,
1631 803 1782 830 secundum

995 843 1200 879 Symmachum,
1220 853 1230 869 ‹
1244 843 1313 877 Quia
1330 844 1439 872 confusi
1457 849 1532 878 sunt,
1551 850 1599 873 aut
1612 847 1676 882 quia
1691 847 1782 875 effossi

993 894 1058 917 sunt
1073 890 1119 924 qui
1131 893 1257 925 quaerunt
1268 890 1441 918 aﬂlictionem
1453 899 1552 923 meam,
1569 902 1581 918 ι
1596 893 1666 925 sive,
1683 901 1767 921 seeuu

148 943 164 978 ἢ
181 943 252 970 κατὰ
266 944 311 970 τὸν
327 944 452 976 Ἀκύλαν,
465 945 541 971 (Ὅτι
557 945 782 981 κατῃσχύνθησαν
793 947 817 972 οἱ
829 946 938 981 ζητοῦν-

992 939 1057 966 dum
1079 939 1217 973 Aquilam,
1246 949 1256 964 ‹
1272 939 1341 972 Quia
1367 939 1475 967 confusi
1498 944 1563 967 sunt
1586 941 1633 976 qui
1656 949 1782 976 quaerunt

148 997 193 1021 τες
214 990 315 1016 κακίαν
340 999 400 1025 μου.
416 1000 425 1016 ›
443 991 561 1026 Πάρεστι
578 991 606 1017 δὲ
622 992 668 1019 καὶ
683 992 773 1018 ταῦτα·
786 992 857 1027 ἔργῳ
873 992 942 1028 πλη-

149 1035 268 1070 ρούμενα
284 1036 412 1072 θεωρεῖψ
434 1038 590 1073 ἁπανταχοῦ
608 1039 661 1072 γὰρ
684 1039 735 1073 γῆς
753 1038 808 1064 τῶν
827 1038 942 1073 Ἐκκλη-

149 1081 213 1109 σιῶν
229 1082 277 1109 τοῦ
295 1083 420 1119 Σωτῆρος
441 1084 490 1119 τὴν
511 1084 682 1120 δικαιοσύνην
696 1084 742 1111 τοῦ
757 1084 823 1111 Θεοῦ
840 1084 941 1121 διεξερ-

147 1129 279 1164 χομένων,
293 1130 340 1156 καὶ
357 1130 439 1157 αὑτοῦ
459 1131 487 1157 δὲ
510 1131 593 1164 σκεύη
609 1130 737 1165 ἐκλογῆς,
754 1127 798 1157 οἷα
814 1131 941 1166 προλελε-

146 1183 218 1208 κται,
237 1176 284 1202 καὶ
307 1176 410 1211 δργανα
426 1176 523 1211 λογικὰ
536 1177 575 1212 τῷ
588 1178 676 1213 Πατρὶ
699 1177 938 1213 καταρτιζομένου,

144 1220 327 1257 ἀνυμνοῦντός
345 1232 373 1249 τε
390 1224 433 1250 ἀεὶ
448 1224 481 1250 δι’
494 1224 584 1250 αὐτῶν
598 1225 644 1251 τὸν
668 1225 713 1251 ἐπὶ
737 1225 846 1252 πάντων
862 1226 938 1259 Θεὸν,

145 1267 276 1303 αἰσχύνην
290 1270 497 1305 περιϐάλλονται
520 1272 544 1297 οἱ
564 1271 658 1307 ἐχθροὶ
674 1272 772 1298 αὐτοῦ’
789 1272 940 1307 ἐνετράπη-

147 1314 196 1341 σάν
207 1323 237 1341 τε
250 1316 297 1342 καὶ
307 1316 481 1352 ἐντρέπονται
493 1318 517 1343 ol
536 1317 679 1353 ζητοῦντες
695 1317 770 1353 αὐτῷ
788 1318 869 1345 κακά.
887 1315 938 1345 Οὖ-

144 1368 185 1388 τοι
193 1361 224 1388 δέ
235 1363 303 1388 εἰσιν
313 1364 336 1389 οι
348 1363 508 1398 θηρεύοντες
521 1364 569 1399 μὲν
581 1364 670 1395 πάσας
680 1364 839 1400 προφάσεις,
848 1364 939 1401 ῠὸρεις

145 1414 174 1432 τε
189 1407 236 1433 καὶ
252 1407 388 1440 διαϐολὰς,
406 1409 453 1435 καὶ
471 1409 645 1444 βλασφημίας
663 1411 722 1436 κατ’
734 1409 815 1437 αὑτοῦ
832 1419 939 1446 περινο-

145 1451 248 1485 οὖντες,
268 1454 403 1489 μηδεμίαν
426 1455 455 1481 δὲ
471 1455 642 1491 εὑρίσκοντες
664 1456 793 1482 ὑπόθεσιν
803 1456 937 1492 διαϐολῆς,

148 1499 214 1534 μήτε
230 1500 291 1526 κατ’
303 1499 396 1532 αὐτοῦ,
413 1501 480 1536 μήτε
494 1501 544 1536 τῆς
560 1501 722 1537 Ἐκκλησίας
734 1502 826 1529 αὐτοῦ.
836 1502 880 1529 Διὸ
891 1512 939 1530 κα-

145 1545 288 1580 ταχέονται
300 1546 430 1582 αἰσχύνην
447 1548 494 1573 καὶ
511 1548 687 1583 ὲντρὲπονται
708 1549 775 1583 πρὸς
793 1548 823 1575 τὸ
839 1550 937 1584 μηκέτι

149 1590 232 1626 μηδὲν
255 1590 360 1626 τολμᾷν
383 1591 508 1627 διαϐολῆς
528 1592 602 1624 ἄξιον
617 1592 766 1619 ἐπικαλεῖν.
785 1593 840 1619 Καὶ
853 1593 937 1619 ταῦτα

146 1636 235 1663 πάντα
257 1636 330 1672 ἔργῳ
354 1637 502 1673 πληροῦται
519 1638 671 1673 συμφώνως
687 1640 719 1674 τῇ
738 1639 880 1675 φασκούσῃ
894 1640 937 1666 διὰ

144 1682 199 1709 τῶν
211 1683 400 1718 προκειμένων
416 1684 582 1719 προφητείᾳ·
602 1694 610 1710 ι
619 1686 701 1711 Ὅταν
713 1685 878 1720 αίσχυνθῶσι
891 1686 937 1712 καὶ
965 1706 970 1710 .

144 1728 316 1764 ἐντραπῶσιν
340 1730 365 1755 οἱ
393 1729 536 1764 ζητοῦντες
552 1730 584 1757 τὰ
601 1731 672 1757 κακά
691 1739 744 1766 μοι.
762 1741 770 1756 ι
790 1732 855 1757 Τότε
872 1731 935 1766 γὰρ,

145 1775 238 1810 φησὶν,
250 1776 313 1802 ὅταν
328 1777 353 1802 οἱ
367 1776 458 1812 ἐχθροὶ
471 1777 712 1813 καταισχύνωνται,
727 1777 783 1811 ἐγὼ
794 1777 871 1812 ψαλῶ
883 1786 935 1810 σοι,

144 1821 192 1848 καὶ
207 1821 441 1858 ἑξομολογήσομαί
466 1832 505 1850 σοι
530 1824 569 1859 τῷ
591 1823 709 1859 ἐμαυτοῦ
735 1824 895 1859 Πατρί.Ἔτι
909 1824 937 1850 δὲ

144 1868 192 1894 καὶ
211 1877 220 1894 ι
235 1869 252 1904 ὴ
271 1869 383 1902 γλῶσσά
402 1879 452 1905 μου
469 1870 532 1905 ὅλην
547 1870 596 1905 τὴν
612 1871 718 1906 ἡμέραν
731 1871 878 1906 μελητήσει
888 1871 937 1906 τὴν

143 1912 317 1949 δικαιοσύνην
335 1922 392 1941 σου.
408 1923 418 1940 ι

361 1970 414 1997 ΕΙΣ
430 1971 637 1998 ΣΟΛΟΜΩΝΤΑ
658 1972 718 1999 OA'.

183 2016 234 2042 «Ὀ
250 2016 363 2049 Θεὺς,τὸ
379 2017 466 2053 κρίμα
483 2026 529 2043 σου
546 2017 583 2052 τῷ
601 2018 705 2052 βασιλεῖ
720 2018 773 2050 δός.
790 2028 798 2044 ›
809 2019 840 2044 Οἱ
850 2018 937 2045 λοιποὶ

143 2062 192 2090 τοῦ
211 2072 221 2089 ι
241 2063 413 2099 Σολομῶντος
435 2073 444 2089 ι
464 2064 731 2099 ἡρμήνευσαν.”Εστι
743 2065 772 2091 δὲ
786 2066 832 2091 καὶ
845 2065 937 2100 ἕτερος

143 2108 192 2135 τοῦ
209 2109 292 2135 αὐτοῦ
309 2109 337 2135 ὲν
352 2110 412 2141 ταῖς
427 2109 510 2145 ᾠδαῖς
527 2109 580 2136 τῶν
594 2110 697 2137 ἀναΰαθ
702 2110 770 2146 μῶν,
783 2108 814 2137 οὗ
826 2112 843 2146 ἡ
853 2111 935 2147 ἀρχή’

146 2164 158 2180 ι
169 2155 231 2181 Ἐὰν
249 2155 287 2190 μὴ
306 2154 407 2190 Κύριος
429 2155 595 2192 οἰκοδομήσῃ
617 2154 700 2188 οἷκον,
718 2157 758 2188 εἰς
774 2156 862 2192 μάτην
877 2158 938 2183 ὲκο-

144 2201 247 2228 πίασαν
263 2201 287 2227 οἱ
297 2201 501 2237 οἰκοδομοῦντες
516 2201 607 2229 αὐτόν.
623 2211 633 2227 ι
643 2202 687 2232 Ἐν
703 2199 743 2233 οἷς
759 2202 846 2229 ἔοικεν
860 2204 874 2229 ὀ
887 2203 935 2229 Σο-

143 2245 236 2282 λομὼν
258 2247 305 2274 ἐπὶ
320 2248 353 2282 τῇ
369 2247 524 2282 κατασκευῇ
550 2246 598 2273 τοῦ
621 2247 707 2279 οῐκου,
720 2247 750 2274 ὃν
774 2248 884 2284 ἤγειρεν
907 2249 936 2275 ὲν

993 985 1132 1013 miseriam
1150 993 1249 1012 meam.
1269 994 1280 1011 ι
1296 984 1360 1012 ΙΙωο
1377 993 1462 1019 porro
1483 993 1565 1020 opere
1581 987 1719 1022 completa
1740 988 1783 1015 vi-

992 1032 1056 1059 dere
1077 1032 1150 1059 licet.
1179 1031 1246 1058 Nam
1273 1039 1336 1059 cum
1363 1032 1465 1067 ubique
1490 1036 1626 1060 terrarum
1653 1033 1782 1062 Ecclesia:

993 1077 1147 1105 Servatoris
1155 1077 1292 1112 justitiam
1305 1078 1352 1105 Dei
1369 1082 1511 1110 enarrent,
1524 1079 1638 1114 ipseque
1650 1079 1782 1107 Servator

992 1131 1056 1151 vasa
1070 1123 1224 1155 electionis,
1242 1124 1334 1158 qualia
1352 1131 1434 1159 supra
1455 1125 1529 1151 dicta
1545 1129 1618 1158 sunt,
1637 1129 1665 1154 et
1680 1127 1781 1154 instru-

991 1174 1081 1197 menta
1090 1170 1263 1197 rationabilia
1274 1169 1348 1197 Patri
1364 1175 1509 1206 praeparet,
1522 1179 1682 1207 semperque
1697 1173 1781 1200 Deum

990 1216 1037 1251 qui
1054 1223 1138 1251 supra
1160 1217 1253 1243 omnia
1275 1221 1317 1244 est
1336 1219 1369 1245 iis
1394 1218 1577 1251 concelebret,
1594 1219 1697 1246 inimici
1718 1219 1781 1253 ejus

991 1262 1153 1290 confusione
1169 1262 1332 1296 induuntur,
1359 1271 1391 1291 ac
1413 1265 1519 1293 confusi
1543 1269 1570 1293 et
1591 1265 1701 1293 reveriti
1717 1271 1781 1293 sunt

990 1309 1038 1343 qui
1057 1313 1185 1344 quaerunt
1211 1310 1262 1344 ipsi
1285 1310 1366 1337 mala.
1391 1310 1422 1337 lii
1440 1319 1506 1338 vero
1529 1316 1602 1344 sunt,
1621 1312 1666 1346 qui
1684 1319 1780 1340 omnes

990 1356 1150 1383 occasiones
1174 1360 1320 1389 venantur,
1350 1358 1542 1390 contumelias,
1572 1358 1725 1386 calumnias
1754 1362 1781 1385 et

990 1401 1175 1436 blasphemias
1190 1405 1285 1429 contra
1299 1410 1362 1430 eum
1382 1404 1549 1438 excogitant,
1565 1404 1723 1438 nullamque
1737 1411 1780 1431 re-

991 1447 1099 1481 periunt
1116 1448 1157 1474 vel
1178 1449 1205 1475 in
1225 1449 1314 1483 ipsum
1340 1449 1381 1476 vel
1401 1449 1429 1475 in
1456 1449 1604 1476 Ecclesiam
1621 1449 1708 1484 ipsius
1733 1456 1781 1476 ca-

990 1494 1101 1521 lumniae
1116 1502 1239 1522 causam.
1255 1495 1346 1527 Quare
1361 1496 1466 1530 pudore
1486 1495 1681 1524 suﬂ'unduntur
1694 1499 1721 1522 et
1734 1502 1780 1522 re-

991 1542 1130 1572 verentur,
1153 1539 1229 1574 quod
1254 1540 1327 1567 ultra
1349 1549 1403 1568 non
1428 1541 1547 1568 audeant
1570 1540 1711 1576 quidpiam
1734 1547 1780 1567 ca-

991 1587 1101 1614 lumniae
1115 1587 1250 1623 proferre.
1267 1587 1300 1615 Et
1318 1589 1375 1616 haec
1387 1590 1480 1616 omnia
1495 1597 1578 1624 opere
1595 1589 1778 1625 complentur.

990 1634 1142 1661 secundum
1165 1635 1337 1670 prophetiam
1358 1643 1418 1671 quae
1447 1637 1474 1663 in
1502 1635 1716 1671 praecedentibus
1739 1636 1779 1663 sic

989 1679 1081 1711 habet,
1098 1689 1108 1704 ‹
1121 1678 1189 1706 Cum
1214 1680 1323 1708 confusi
1341 1685 1368 1709 et
1393 1681 1504 1709 reveriti
1524 1680 1626 1708 fuerint
1642 1681 1688 1715 qui
1709 1688 1780 1715 qua:-

988 1728 1053 1751 runt
1070 1725 1141 1751 mala
1156 1725 1233 1752 mihi.
1251 1735 1260 1751 ι
1277 1725 1354 1753 Tunc
1371 1726 1456 1758 enim,
1472 1726 1572 1761 inquit,
1590 1733 1652 1753 cum
1675 1724 1779 1752 inimici

988 1767 1202 1802 confundeutur,
1218 1776 1269 1804 ego
1289 1770 1403 1805 psallam
1419 1771 1479 1803 tibi,
1501 1771 1605 1805 tibique
1619 1769 1693 1797 Patri
1719 1777 1780 1797 meo

988 1814 1150 1842 conﬁtebor.
1165 1814 1335 1850 lnsuperque
1358 1825 1367 1841 ι
1382 1816 1474 1851 lingua
1489 1824 1550 1843 mea
1565 1820 1620 1843 tota
1634 1815 1679 1842 die
1693 1815 1779 1843 medi-

988 1860 1092 1887 tabitur
1106 1861 1242 1896 justitiam
1255 1865 1339 1888 tuam.
1358 1872 1367 1887 ι

1189 1964 1223 1992 ΙΝ
1240 1964 1451 1991 SA'LOMONEM
1467 1964 1562 1992 LXXI.

1024 2010 1107 2038 Vens.
1123 2012 1148 2043 Ι,
1160 2011 1187 2038 2.
1211 2021 1219 2037 ι
1237 2011 1307 2039 Deus
1323 2011 1456 2046 judicium
1475 2017 1549 2039 tuum
1568 2012 1622 2046 regi
1640 2011 1685 2039 da.
1701 2022 1711 2038 ι
1729 2011 1778 2039 Re-

988 2056 1066 2092 liqui,
1092 2067 1101 2082 ‹
1117 2056 1283 2091 Salomonis,
1300 2067 1308 2084 ι
1326 2058 1498 2092 interpretati
1523 2061 1597 2085 sunt.
1617 2057 1665 2085 Est
1687 2061 1778 2085 autem

988 2107 1015 2131 et
1031 2104 1101 2132 alius
1115 2104 1237 2139 ejusdem
1265 2105 1294 2131 in
1314 2103 1431 2131 canticis
1451 2104 1595 2140 graduum,
1622 2104 1701 2138 cujus
1722 2105 1777 2131 ini-

990 2149 1057 2177 tium
1070 2159 1077 2177 :
1092 2157 1102 2175 ι
1118 2149 1175 2177 Nisi
1198 2149 1332 2178 Dominus
1353 2149 1530 2178 aediﬁcaverit
1544 2150 1668 2183 domum,
1690 2150 1718 2177 in
1733 2158 1779 2177 va-

989 2203 1055 2224 num
1080 2196 1277 2230 laboraverunt
1297 2196 1345 2231 qui
1368 2196 1507 2224 aediﬁcant
1526 2204 1585 2224 eam
1599 2197 1619 2225 ’ς
1637 2207 1646 2223 ι
1662 2197 1700 2224 Ex
1717 2198 1776 2233 qui<

988 2242 1040 2271 bus
1057 2242 1166 2270 videtur
1190 2241 1365 2270 Salomonem
1391 2242 1418 2269 in
1442 2243 1649 2271 constructione
1669 2243 1778 2275 domus,

151 2292 357 2328 Ἰεροσολύμοις,
375 2293 484 2329 πρῶτος
503 2293 585 2325 αὐτὸς
606 2293 786 2329 οἰκοδομήσας
796 2294 827 2320 τὺ
843 2294 936 2322 αὐτόθι

990 2296 1071 2324 quam
1103 2289 1233 2317 excitavit
1255 2289 1284 2317 in
1307 2289 1476 2322 Jerusalem,
1502 2297 1565 2316 nam
1594 2289 1653 2324 ipse
1674 2289 1780 2324 primus

147 2338 229 2374 ἱερὸν,
246 2338 296 2374 τὴν
320 2339 391 2375 ᾠδὴν
415 2339 591 2375 πεποιῆσθαι,
608 2340 786 2368 διδάσκουσαν
810 2339 879 2375 μόνα
904 2340 939 2368 τὰ

144 2383 193 2410 τοῦ
207 2383 276 2410 Θεοῦ
292 2384 495 2420 οἰκοδομήματα
519 2384 679 2417 διαιωνίζειν
690 2393 697 2400 ·
712 2384 746 2410 τὰ
759 2384 813 2420 γὰρ
833 2384 938 2420 ἁνθρὼ‹

146 2438 211 2456 πινα
235 2429 323 2466 καιρῷ
340 2430 515 2457 συνίστασθαι
528 2439 535 2446 ·
557 2430 571 2457 ὃ
593 2430 625 2466 δὴ
648 2431 694 2457 καὶ
710 2430 799 2466 ἀπέϐη
821 2429 869 2456 ἐπὶ
887 2430 938 2465 τῆς

146 2475 229 2502 αὐτοῦ
251 2475 395 2511 οἰκοδομῆς
406 2484 413 2490 ·
432 2475 484 2502 οὐκ
497 2476 537 2507 εἰς
555 2475 660 2511 μακρὸν
675 2475 739 2509 γοῦν
759 2475 774 2501 ὁ
796 2475 842 2501 ὑπ’
855 2473 937 2515 αὑτοῦ

147 2521 376 2554 κατασκευασθεὶς
395 2521 462 2554 νεὼς
488 2522 540 2549 ὑπο
559 2521 736 2549 Βαευλωνίων
751 2521 938 2557 κατελύθη.Ἦ

145 2567 174 2594 δὲ
188 2568 257 2603 μετὰ
268 2568 362 2604 χεῖρας
375 2568 527 2604 προφητεία
542 2568 596 2595 εἴτε
613 2570 652 2600 είς
665 2569 745 2595 αὐτὸν
759 2568 883 2595 λέλεκται
892 2569 937 2595 τὺν

146 2614 317 2649 Σολομῶντα,
329 2614 385 2641 εἴτε
398 2614 479 2641 αὐτοῦ
497 2615 554 2642 ἐστι
563 2615 633 2642 κατὰ
647 2616 710 2648 τοὺς
726 2615 835 2648 λοιποὺς
852 2616 938 2651 ὲρμηέ

146 2660 259 2692 νευτάς·
274 2661 300 2687 οἱ
314 2660 387 2695 λόγοι
403 2661 495 2697 ἔτερόν
516 2670 577 2688 τινα
602 2662 754 2697 παριστῶσι
768 2662 937 2698 προφητευό-

150 2714 239 2740 μενον.
260 2707 306 2733 Διὸ
322 2706 384 2733 οὔτε
398 2707 514 2743 ψαλμδς,
532 2708 592 2735 οὕτε
609 2708 675 2746 ᾠδὴξ
689 2708 751 2735 οὔτε
765 2708 859 2743 ὕμνος,
875 2707 937 2735 οὔτε

148 2758 173 2777 τι
184 2750 490 2788 τούτοιςηπαραπλήσιον
504 2753 715 2789 ἐπιγέγραπται.
724 2754 793 2781 Ἀλλ’
805 2754 862 2781 ἐστι
875 2763 939 2790 προ-

148 2796 246 2832 φητεία
263 2797 426 2830 θεσπίζουσα
442 2799 661 2835 ἁναφανήσεσθαί
672 2809 732 2827 τινα
745 2801 774 2826 ὲν
785 2800 938 2836 ἀνθρώποις

148 2844 272 2879 πενήτων
296 2845 343 2870 καὶ
369 2845 485 2879 πτωχῶν
510 2846 631 2881 σωτῆρα,
648 2846 695 2873 καὶ
716 2846 809 2875 τοῦτον
836 2847 938 2875 ἄνωθέν

183 2921 195 2936 ⁸
207 2920 279 2949 Psal.
296 2929 388 2956 cun,
411 2924 436 2950 I.

989 2336 1119 2371 templum
1143 2335 1200 2363 illic
1230 2337 1376 2369 exstruxit,
1401 2336 1452 2364 hoc
1474 2336 1612 2363 canticum
1634 2335 1777 2363 edidisse:

989 2391 1044 2419 quo
1059 2383 1199 2417 docemur,
1225 2384 1283 2411 sola
1308 2383 1355 2412 Dei
1370 2383 1485 2411 aediﬁcia
1513 2387 1645 2411 aeternum
1670 2391 1779 2419 penna-

989 2438 1071 2463 nere;
1088 2430 1208 2457 humana
1232 2431 1334 2465 quippe
1352 2438 1403 2465 pro
1427 2434 1549 2467 tempore
1573 2430 1660 2457 solum
1684 2431 1779 2458 consi-

989 2480 1066 2504 stunt
1079 2485 1086 2503 ι
1099 2476 1171 2511 quod
1187 2476 1269 2503 etiam
1287 2476 1314 2503 in
1329 2475 1389 2509 ejus
1411 2475 1596 2504 exstructione
1613 2481 1702 2503 actum
1719 2481 1779 2511 est;

988 2530 1044 2549 non
1059 2522 1106 2550 diu
1130 2522 1202 2549 enim
1224 2526 1319 2556 postea
1334 2522 1465 2557 templum
1482 2522 1516 2549 ab
1526 2529 1559 2549 eo
1574 2521 1747 2555 aediﬁcatum,
1763 2531 1779 2550 a

988 2568 1146 2604 Babyloniis
1170 2568 1293 2595 dirutum
1310 2567 1371 2595 fuit.
1391 2567 1515 2596 Praesens
1538 2576 1603 2596 vero
1622 2569 1775 2605 prophetia,

989 2615 1047 2642 sive
1063 2615 1090 2641 in
1106 2613 1280 2641 Salomonem
1298 2613 1371 2641 dicta
1392 2618 1450 2647 est,
1468 2614 1525 2642 sive
1541 2614 1692 2643 secundum
1711 2615 1778 2642 reli-

989 2668 1059 2699 quos
1070 2661 1246 2696 interpretes,
1263 2661 1351 2697 ipsius
1366 2660 1521 2689 Salomonis
1534 2664 1586 2689 est.
1601 2660 1693 2689 Series
1703 2665 1779 2689 certe

989 2708 1126 2735 sermonis
1154 2707 1239 2735 alium
1266 2708 1423 2743 quempiam
1443 2707 1576 2736 vaticinio
1604 2708 1776 2735 enuntiatum

989 2754 1130 2782 declarare
1157 2753 1277 2782 videtur.
1301 2753 1392 2787 Quare
1417 2761 1506 2789 neque
1529 2754 1663 2789 psalmus,
1691 2762 1787 2790 neque-

988 2800 1137 2833 canticum,
1156 2809 1244 2835 neque
1260 2800 1389 2836 hymnus.
1406 2809 1494 2836 neque
1516 2801 1657 2836 quidpiam
1677 2800 1783 2832 simile,

989 2845 1140 2881 inscriptus
1151 2849 1201 2873 est.
1217 2845 1269 2873 Sed
1280 2853 1322 2874 cst
1329 2846 1470 2881 prophetia
1485 2846 1671 2881 praenuntiam
1682 2852 1777 2880 quem—
