2041 3215
154 191 206 218 τῑὶὸ

705 193 959 222 εοιιιιεΝι-Αιιιλ
978 193 1012 221 IN
1033 191 1201 221 PSALMUS.
1249 181 1296 212 η’

1733 190 1786 222 794

152 250 198 278 τοῦ
222 250 307 278 Θεοῦ·
331 252 379 279 καὶ
400 252 492 287 τρίτον
518 252 548 278 ὃν
570 252 715 288 ἀνείληφεν
744 253 888 289 ἄνθρωπον
913 255 936 281 ιι

997 253 1103 289 psalmo
1121 252 1177 279 ait:
1195 260 1205 277 ι
1226 250 1282 287 Ego
1304 255 1396 280 autem
1408 251 1578 280 constitutus
1599 259 1661 280 sum
1687 260 1736 280 rex
1750 252 1786 280 ab

153 298 310 333 σπέρματος
317 297 397 324 Δαυῖδ
404 298 433 331 ἐξ
445 298 527 325 αὑτοῦ
543 307 573 325 τε
586 299 635 325 τοῦ
653 299 826 335 Σολομῶντος
839 299 940 334 γεννώ-

154 352 243 379 μενον,
258 344 353 380 ἕτερον
377 344 442 371 ὅντα
458 344 535 381 παρὰ
555 346 602 372 τὸν
630 345 742 381 βασιλέα
757 346 802 372 τὸν
825 346 868 373 διὰ
893 345 939 372 τοῦ

152 390 259 426 ψαλμοῦ
279 391 365 425 φάντα
376 399 382 406 ·
400 401 410 416 ι
429 391 500 426 Ἐγὼ
517 391 545 418 δὲ
567 392 736 428 κατεστάθην
754 392 878 428 βασιλεὺς
895 393 940 419 ὑπ’

152 436 233 463 αὑτοῦ
259 437 306 464 ἐπὶ
320 437 390 464 Σιὼν
416 438 479 474 ὅρος
505 438 582 472 ἅγιον
606 439 688 465 αὑτοῦ
701 459 708 471 ,
731 439 895 474 διαγγέλλων
910 439 941 466 τὸ

152 483 316 519 πρόσταγμα
330 484 443 520 Κυρίου.
457 485 559 520 Κύριος
567 483 628 512 εἷπε
637 485 704 521 πρὸς
717 486 750 521 μέ
761 496 767 502 ·
783 486 846 518 Υἱός
855 495 905 521 μου
915 483 941 512 εἴ

153 529 184 557 σύ
197 535 204 545 ⁶
222 530 278 564 ἐγὼ
293 531 413 566 σήμερον
422 532 577 567 γεγέννηκά
597 541 637 559 σε.
654 533 768 568 Αἵτησαι
780 533 845 569 παρ’
860 532 940 568 ἐμοῦ,

152 575 199 603 κά).
214 575 293 602 δώσω
309 584 351 603 σοι
369 576 432 612 ἔθνη
458 577 507 613 τὴν
532 578 714 614 κληρονομίαν
739 587 784 605 σου
795 600 803 610 ,
821 579 869 606 καὶ
891 579 940 614 τὴν

151 622 316 658 κατάσχεσιν
342 632 388 650 σου
411 624 446 650 τὰ
467 624 573 659 πέρατα
593 624 644 660 τῆς
665 627 725 661 γῆς.
744 635 753 651 ι
769 625 816 652 Διὰ
838 625 941 652 τούτων

150 668 204 704 γὰρ
213 669 306 703 σαφῶς
316 671 466 703 καταστὰς,
476 670 568 697 ἀκούει
583 672 650 706 πρὸς
660 672 707 698 τοῦ
718 672 824 708 Πατρός
834 681 840 687 ”
854 682 862 698 ι
877 673 940 704 Υἱός

151 723 202 750 μου
229 713 255 742 εἴ
279 715 331 742 σύ·
360 716 416 751 ἐγὼ
442 717 561 753 σήμερον
584 718 738 752 γεγέννηκά
763 727 802 744 σε.
827 718 941 754 Αἴτησαι

150 763 214 798 παρ’
225 761 304 798 ἐμοῦ,
319 763 366 789 καὶ
380 763 458 790 δώσω
475 772 515 790 σοι
530 763 593 798 ἔθνη
607 764 656 800 τὴν
670 764 852 800 κληρονομίαν
864 773 938 791 σου.»

149 804 210 833 Οἵδε
232 807 261 834 δὲ
284 807 332 834 καὶ
355 808 437 840 αὐτὸς
456 810 470 835 ὁ
495 809 620 844 Σολομὼν
644 810 690 836 τὸν
708 810 771 837 Υἰὸν
791 811 839 837 τοῦ
861 810 940 843 Θεοῦ,

151 853 246 888 σοφίαν
267 854 408 889 ὀνομάζων
422 855 513 887 αὑτὸν,
531 856 560 881 ὲν
576 853 616 887 οἷς
642 855 671 888 ἐξ
688 856 770 883 αὑτοῦ
794 856 940 892 προσώπου

149 899 176 925 ἐν
200 898 365 935 Παροιμίαις
392 900 455 926 τάδε
474 900 573 936 φησίν·
595 911 604 926 ι
634 900 704 935 Ἐγὼ
728 902 744 937 ἡ
765 902 848 936 Empta
872 910 937 928 κατι

993 307 1026 327 co
1041 306 1124 334 super
1142 297 1207 326 Sion
1223 301 1343 325 montem
1374 303 1498 326 sanctum
1526 298 1604 334 ejus,
1631 298 1785 334 praedicans

994 348 1159 380 praeceptum
1178 343 1293 371 Domini.
1310 343 1442 372 Dominus
1467 344 1536 372 dixit
1555 344 1590 372 ad
1611 353 1672 372 me:
1698 343 1786 373 Filius

994 399 1072 419 meus
1090 399 1120 418 es
1132 395 1172 422 tu,
1190 397 1241 425 ego
1265 390 1345 417 hodie
1358 391 1439 424 genui
1457 394 1494 417 te.
1518 389 1629 418 Postula
1645 399 1660 417 a
1674 399 1717 418 me
1730 411 1738 423 ,
1757 395 1786 418 et

994 437 1065 465 dabo
1082 437 1130 464 tibi
1148 440 1244 471 gentes
1267 435 1455 462 lucreditatem
1474 439 1564 468 tuam,
1585 439 1612 463 et
1635 437 1787 472 possessio-

993 491 1055 511 nem
1081 487 1156 510 tuam
1181 482 1313 510 terminos
1341 485 1421 510 terra:
1435 482 1457 510 ’.
1487 491 1496 508 ι
1520 481 1569 509 His
1596 482 1669 510 enim
1692 487 1786 518 aperte

993 530 1170 560 constitutus,
1188 529 1246 556 haec
1274 536 1289 555 a
1313 527 1395 555 Patre
1420 528 1514 555 audit:
1532 537 1541 554 ι
1561 528 1646 556 Filius
1662 536 1739 556 meus
1755 537 1785 555 es

993 580 1033 607 tu,
1050 583 1101 610 ego
1121 574 1202 603 hodie
1219 574 1302 610 genui
1319 579 1353 601 te.
1367 573 1477 602 Postula
1492 581 1507 600 a
1529 581 1582 606 me,
1599 577 1625 601 et
1646 574 1715 601 dabo
1736 574 1783 600 tibi

993 625 1088 656 gentes
1111 620 1298 647 haereditatem
1323 624 1409 646 tuam.
1436 628 1446 644 1
1473 618 1553 645 Novit
1580 626 1662 653 porro
1685 622 1711 645 et
1727 618 1785 652 ipse

995 666 1123 693 Salomon
1140 664 1240 692 Filium
1257 664 1315 696 Dei,
1328 664 1375 699 qui
1387 664 1477 699 ipsum
1494 664 1656 699 sapientiam
1665 662 1782 690 vocatin

993 711 1160 743 Proverbiis,
1178 711 1223 738 ubi
1236 718 1270 738 ex
1286 710 1345 745 ejus
1357 717 1474 744 persona
1493 710 1533 738 sic
1549 710 1687 745 loquitur:
1702 719 1711 735 ι
1729 709 1785 745 Ego

995 757 1134 794 Sapientia
1147 757 1295 785 inliabitavi
1314 756 1470 788 consilium,
1482 761 1510 784 et
1525 755 1678 788 scientiam,
1694 758 1722 782 et
1736 763 1783 783 co-

994 807 1151 842 gitationem
1164 813 1214 841 ego
1225 804 1360 832 invocavi.
1374 803 1424 832 Per
1438 811 1481 832 me
1493 811 1572 838 reges
1588 806 1703 837 regnant
1714 802 1753 835 ¹⁰;
1772 812 1781 828 ι

994 860 1026 879 ac
1037 851 1155 880 deinde:
1174 861 1183 877 ι
1209 850 1341 878 Dominus
1366 849 1468 876 creavit
1485 856 1529 876 me
1552 848 1660 875 initium
1677 847 1783 875 viarum

995 906 1105 927 suarum
1121 898 1148 924 in
1168 904 1251 931 opera
1272 904 1320 923 sua
1336 905 1342 922 :
1361 899 1424 922 ante
1439 882 1571 921 .saaculum
1586 893 1709 921 fundavit
1725 901 1779 924 me,

148 946 288 980 εσκήνωσα
301 945 407 981 βουλὴν,
423 947 470 973 καὶ
485 947 584 981 γνῶσιν
597 947 644 973 καὶ
654 947 757 974 ἔννοιαν
774 947 828 982 ἐγὼ
840 949 936 974 ἐπεκα-

991 950 1136 980 antequam
1155 947 1262 971 montes
1277 943 1479 969 collocarentur
1493 951 1498 968 :
1516 945 1579 968 ante
1590 947 1687 968 omnes
1698 939 1782 967 colles

148 990 278 1027 λεσάμην.
293 992 333 1018 Δι’
346 991 414 1027 ἐμοῦ
431 991 553 1027 βασιλεῖς
567 993 753 1028 βασιλεύουσι·
769 1003 778 1019 ι
797 994 843 1020 καὶ
859 994 921 1030 ἑξῆς
931 1004 937 1010 ο

151 1046 159 1062 ι
181 1036 284 1072 Κύριος
307 1037 399 1064 ἐκτισέ
432 1047 465 1073 με
485 1039 571 1074 ἀρχὴν
592 1038 660 1065 ὁδῶν
693 1039 775 1066 αὑτοῦ
807 1040 847 1071 είς
872 1039 940 1075 ἔργα

146 1082 239 1110 αὑτοῦ.
257 1083 314 1119 Πρὸ
327 1083 373 1110 τοῦ
394 1084 492 1116 αἰῶνος
506 1085 670 1120 ἐθεμελίωσέ
685 1093 729 1120 με,
750 1085 803 1120 πρὸ
821 1085 868 1111 τοῦ
889 1085 939 1120 ὅρη

146 1128 335 1165 ἑδρασθῆναι·
363 1130 416 1166 πρὸ
445 1130 474 1156 δὲ
500 1130 609 1157 πάντων
638 1130 738 1165 βουνῶν
761 1132 842 1166 γεννᾷ
869 1140 936 1166 με.»

146 1175 272 1211 Γὲννημᾱ
286 1176 375 1203 τοίνυν
399 1176 445 1203 τοῦ
460 1176 526 1203 Θεοῦ
541 1177 557 1212 ἡ
583 1177 662 1212 σοφία
684 1178 731 1204 καὶ
745 1179 759 1204 ὁ
776 1178 840 1209 Υἱὸς
856 1178 938 1204 αὑτοῦ

145 1222 346 1258 ὀΜονογενής·
364 1223 413 1249 καὶ
438 1223 505 1259 περὶ
519 1223 600 1249 αὑτοῦ
622 1223 671 1258 τὴν
693 1223 833 1259 παροῦσαν
857 1222 939 1258 εὐχὴν

144 1268 302 1303 ἀναπέμπει
319 1268 334 1294 ὁ
350 1268 475 1303 Σολομὼν
490 1269 616 1303 φάσκων
637 1279 645 1294 ι
665 1269 693 1295 ὐ
704 1269 780 1301 Θεὸς,
796 1269 827 1295 τὸ
849 1269 937 1305 κρίμα

145 1322 192 1341 σου
216 1314 256 1350 τῷ
273 1314 378 1350 βασιλεῖ
400 1315 462 1348 δὺς,
485 1324 495 1342 ι
516 1316 595 1351 δῆλον
618 1316 640 1342 δ’
663 1316 704 1342 ὅτι
728 1315 768 1351 τῷ
793 1316 939 1349 Μονογενεῖ

145 1361 224 1396 Λόγῳ
237 1369 295 1387 σου.
315 1361 426 1397 Ἐπειδὴ
443 1361 498 1397 γὰρ
511 1361 620 1398 ἔκρινας
636 1362 717 1388 αὑτὸν
730 1362 775 1388 ἐπὶ
788 1361 840 1396 γῆς
854 1360 939 1396 ὀφθῆ-

144 1415 199 1439 ναι,
212 1407 257 1433 ἵνα
275 1407 312 1442 μὴ
332 1407 412 1442 μόνον
429 1407 483 1434 τῶν
501 1408 561 1434 κατ’
579 1407 712 1444 οὐρανῶν,
732 1407 801 1434 ἀλλὰ
822 1407 868 1433 καὶ
883 1406 937 1433 τῶν

145 1451 190 1478 ἐπὶ
205 1452 258 1487 γῆς
271 1451 410 1487 βασιλεύῃ,
421 1452 499 1478 τοῦτο
511 1453 541 1479 τὸ
554 1453 642 1488 κρίμα
654 1453 704 1488 ἤδη
717 1452 782 1478 ποτε
796 1453 841 1478 ἐπὶ
852 1452 937 1487 πέρας

144 1497 267 1531 ἀγέσθω·
283 1499 330 1524 καὶ
346 1498 395 1533 τὴν
409 1498 582 1534 δικαιοσύνην
598 1499 626 1525 δὲ
641 1499 690 1534 τὴν
707 1499 755 1534 σὴν
770 1499 810 1534 τῷ
823 1499 874 1534 υἱῷ
889 1498 936 1525 τοῦ

145 1543 278 1578 βασιλέως
291 1543 345 1576 δὸς,
359 1544 455 1577 ὁΘεός·
466 1545 522 1571 υίοῦ
536 1545 668 1580 βασιλέως
681 1545 796 1572 ἐνταῦθα
809 1545 855 1571 τοῦ
866 1544 937 1572 κατὰ

144 1589 234 1626 σάρκα
242 1590 386 1626 νοουμένου
402 1592 434 1617 ὲκ
447 1591 604 1627 σπέρματος
610 1591 701 1623 Δαυῒδ,
713 1591 742 1617 ὃν
755 1591 835 1622 αὐτὸς
848 1590 936 1625 ἐαυτῷ

992 990 1079 1026 gignit
1093 998 1136 1018 me
1149 990 1181 1017 ”.
1200 998 1209 1015 ι
1224 988 1318 1016 Proles
1335 988 1418 1024 igitur
1433 987 1480 1014 Dei
1496 992 1538 1014 est
1552 987 1686 1021 sapientia
1697 991 1725 1014 et
1736 984 1782 1012 Fi-

992 1036 1044 1062 lius
1069 1034 1130 1070 ejus
1153 1034 1334 1069 Unigenitus:
1361 1033 1449 1068 deque
1476 1033 1523 1059 illo
1552 1032 1681 1059 Salomon
1711 1032 1782 1059 hanc

992 1078 1081 1106 fundit
1089 1079 1241 1105 oralionem
1252 1078 1362 1106 dicens:
1378 1087 1387 1103 ι
1402 1077 1623 1111 Deus,judicium
1635 1080 1710 1103 tuum
1723 1077 1781 1107 reet

990 1125 1037 1155 da,
1056 1134 1065 1151 ι
1084 1124 1190 1152 scilicet
1205 1124 1351 1159 Unigenito
1365 1123 1455 1151 Verbo
1478 1127 1536 1151 tuo.
1554 1122 1623 1156 Quia
1639 1123 1713 1151 enim
1735 1123 1783 1158 ju-

990 1171 1090 1199 dicasti
1108 1175 1137 1198 ut
1153 1171 1180 1198 in
1195 1174 1269 1198 terra
1287 1170 1436 1202 videretur,
1456 1174 1485 1196 ut
1499 1178 1552 1197 non
1568 1170 1648 1196 modo
1662 1169 1782 1197 ctelesti-

991 1219 1053 1250 bus,
1065 1218 1112 1245 sed
1126 1218 1208 1245 etiam
1225 1216 1342 1244 terrenis
1357 1220 1499 1251 regnaret;
1515 1216 1566 1243 boc
1582 1215 1715 1249 judicium
1723 1215 1781 1251 jam

989 1265 1100 1292 demum
1120 1264 1153 1291 ad
1178 1264 1325 1291 terminum
1355 1262 1516 1290 deducatur.
1547 1262 1686 1290 Justitiam
1716 1262 1781 1290 item

989 1316 1063 1338 tuam
1081 1310 1136 1337 filio
1152 1310 1223 1345 regis
1235 1329 1242 1341 ,
1262 1317 1279 1337 ο
1295 1309 1367 1336 Deus
1380 1329 1386 1340 ,
1403 1309 1523 1336 concede
1537 1318 1543 1336 :
1561 1309 1606 1336 hic
1626 1316 1692 1336 vero
1709 1308 1782 1336 [ilius

989 1356 1062 1390 regis
1087 1355 1249 1389 intelligitur
1264 1354 1415 1382 secundum
1433 1361 1544 1381 carnem
1559 1361 1593 1380 ex
1609 1353 1712 1381 semine
1728 1352 1781 1380 Da-

989 1402 1044 1433 vid,
1060 1409 1141 1436 quem
1159 1400 1205 1427 Dei
1219 1400 1348 1431 Verbum,
1366 1400 1437 1435 quod
1456 1404 1535 1427 antea
1549 1399 1708 1433 exsistebat,
1727 1399 1780 1426 sibi

988 1455 1021 1475 ex
1047 1447 1148 1482 Spiritu
1174 1450 1270 1474 sancto
1302 1450 1329 1473 et
1358 1450 1454 1474 sancta
1477 1445 1588 1480 Virgine
1618 1445 1778 1473 constituit:

988 1500 1068 1529 quem
1091 1492 1154 1519 item
1172 1496 1239 1527 pulo
1255 1491 1430 1519 Salomonem
1458 1491 1486 1517 in
1508 1490 1665 1522 Proverbiis
1682 1490 1780 1517 subin-

988 1540 1081 1567 dicare
1093 1539 1135 1566 his
1147 1539 1256 1566 verbis:
1275 1547 1283 1563 ι
1303 1538 1370 1570 Quis
1385 1538 1508 1565 ascendit
1523 1538 1550 1564 in
1566 1538 1665 1565 caelum
1686 1543 1713 1565 et
1732 1537 1780 1564 de-

988 1586 1099 1614 cendit?
1115 1585 1183 1619 Quis
1213 1586 1388 1621 congregavit
1418 1588 1515 1612 ventos
1548 1585 1576 1612 in
1601 1585 1686 1612 sinu?
1711 1584 1780 1617 Quis

142 1635 157 1662 ὁ
185 1634 279 1670 προὼν
293 1635 341 1662 τοῦ
357 1635 424 1663 θεοῦ
451 1637 537 1677 Λόγος
559 1637 589 1669 ἐξ
612 1637 689 1671 ἁγίου
710 1637 868 1672 Πνεῦματος
888 1636 934 1662 καὶ

989 1632 1121 1659 convertit
1135 1638 1232 1665 aquam
1254 1630 1281 1657 in
1296 1629 1513 1658 vestimentum?
1535 1629 1602 1662 Quis
1621 1628 1780 1656 dominatus

142 1680 192 1715 τῆς
204 1680 289 1716 ἁγίας
301 1681 443 1719 Παρθένου
466 1684 649 1718 συνεστήσατο
659 1692 665 1698 ·
679 1683 708 1709 ὃν
726 1683 774 1709 καὶ
788 1684 816 1708 ὲν
836 1683 936 1716 Παροι-

146 1726 221 1767 ﬂat;
234 1730 399 1758 αἰνίττεσθαι
416 1730 461 1757 τὸν
470 1730 534 1757 Σολο
539 1730 631 1765 μῶντα
641 1730 708 1765 ἡγοῦ
714 1739 761 1765 μαι
773 1730 806 1756 δι’
816 1726 853 1755 ὧν
861 1724 935 1764 ’γρά-

145 1777 361 1812 φειλέγων·ιΤίς
375 1777 458 1812 ἀνέϐη
469 1777 508 1808 εἰς
517 1776 561 1803 τὸν
572 1776 684 1812 οὐρανὸν
693 1776 738 1802 καὶ
753 1776 854 1810 κατέϐη
867 1784 874 1807 ;
888 1775 935 1807 Τις

145 1823 298 1859 συνήγαγεν
310 1823 427 1858 ἀνέμους
441 1824 469 1849 ἐν
482 1823 590 1858 κόλπῳς
605 1823 654 1854 Τίς
668 1822 848 1858 συνέστρεψεν
864 1822 935 1856 ὕδωρ

144 1870 172 1896 ὲν
181 1869 284 1905 ἱματίῳ
296 1877 303 1901 ;
314 1868 363 1901 Τίς
372 1869 507 1905 ἐκράτησε
519 1869 628 1895 πάντων
637 1869 691 1894 τῶν
703 1869 795 1904 ἄκρων
806 1869 857 1903 τῆς
867 1868 935 1902 γῆς,

144 1916 176 1943 Τί
186 1916 272 1951 ὄνομα
286 1915 370 1950 αὐτῷ,
385 1916 431 1941 καὶ
446 1915 473 1941 τί
486 1915 569 1950 ὄνομα
585 1914 625 1950 τῷ
638 1914 695 1949 Υἱῷ
711 1914 811 1947 adeo-3;
829 1924 837 1939 ι
857 1913 935 1939 υΰτω

144 1960 197 1996 γὰρ
215 1961 392 1996 ἡρμήνευσαν
408 1960 433 1986 οἱ
455 1960 558 1986 λοιποί·
578 1960 593 1986 ὸ
617 1960 666 1995 μὲν
697 1959 811 1991 Ἀκύλας
830 1958 914 1985 εἰπών
927 1967 933 1973 '

146 2015 156 2031 ε
171 2005 204 2032 Τί
217 2006 305 2041 ὄνομα
320 2005 405 2041 αὐτῷ,
418 2007 466 2032 καὶ
476 2005 503 2032 τί
516 2006 601 2041 ὄνομα
617 2005 658 2040 τῷ
675 2005 731 2041 Υἱῴ
745 2005 846 2037 αὑτοῦ;
864 2014 872 2031 ι
888 2004 936 2031 καὶ

143 2053 157 2079 ὸ
167 2052 315 2080 Θωδοσίων
323 2052 424 2088 ὁμοίως
432 2060 438 2067 ·
446 2061 455 2078 ι
464 2052 497 2078 Τί
511 2051 596 2087 ὄνομα
612 2051 695 2086 αὐτῷ,
707 2051 752 2078 καὶ
761 2052 786 2077 τί
800 2051 884 2086 ονομα
896 2051 935 2087 τῷ

144 2097 201 2133 Υἰῷ
217 2096 318 2130 αὐτοῦ;
334 2106 343 2123 ›
365 2097 462 2132 Σαφῶς
480 2097 535 2132 γὰρ
551 2098 580 2124 ὲν
603 2096 708 2128 τούτοις
730 2097 779 2132 μὲν
795 2097 935 2133 κρατήσας

143 2143 192 2179 τῆς
207 2143 270 2179 γῆς,
288 2143 336 2170 καὶ
352 2142 549 2178 καταὸεσηκὼς
564 2143 610 2169 καὶ
626 2141 745 2169 ἀνελθὼν
758 2143 798 2174 εἰς
810 2142 933 2178 οὐρανὸν,

143 2190 178 2217 τά
191 2198 224 2217 τε
238 2189 321 2217 λοιπὰ
334 2189 448 2225 δεόμενα
460 2189 509 2224 τῆς
527 2188 596 2215 κατὰ
612 2189 708 2224 σχολὴν
721 2188 868 2224 ἑρμηνείας
888 2197 935 2214 πε-

145 2235 277 2272 ποιηκὼς,
294 2236 381 2268 οὐδεὶς
397 2235 430 2262 ἂν
443 2235 547 2270 γένοιτο
556 2235 649 2270 ἔτερος
657 2234 705 2262 τοῦ
718 2233 784 2260 Υἱοῦ
796 2234 843 2260 τοῦ
854 2233 933 2265 Θεοῦ,

143 2283 174 2316 ὃς
185 2282 257 2310 αὐτὰ
270 2283 302 2318 δὴ
315 2283 403 2309 ταῦτα
415 2282 548 2308 διδάσκων
567 2281 660 2314 ἔλεγεν
671 2289 677 2295 ·
699 2290 708 2306 ι
723 2280 816 2312 Οὐδεὶς
834 2280 934 2307 ἀναϐέ-

988 1682 1029 1706 est
1041 1677 1162 1705 omnium
1184 1676 1279 1703 ﬁnium
1307 1676 1405 1703 terrai?
1421 1675 1498 1708 Quod
1519 1683 1617 1702 nomen
1642 1674 1723 1710 ejus.
1753 1679 1780 1702 et

986 1725 1057 1760 quod
1071 1732 1169 1752 nomen
1187 1724 1241 1751 ﬁlio
1269 1723 1330 1758 ejus
1343 1723 1385 1750 "?
1404 1733 1413 1749 ι
1442 1722 1487 1750 Sic
1507 1723 1579 1750 enim
1608 1721 1780 1756 interpretati

989 1776 1056 1799 sunt
1077 1771 1186 1806 reliqui.
1202 1771 1298 1805 Aquila
1325 1770 1431 1798 scilicet
1449 1770 1562 1797 dicens:
1590 1779 1599 1795 ι
1618 1768 1696 1802 Quod
1729 1775 1780 1795 no-

986 1826 1047 1845 men
1063 1817 1133 1852 ipsi,
1154 1821 1181 1844 ct
1204 1816 1276 1851 quod
1296 1823 1393 1843 nomen
1411 1816 1467 1842 tilio
1489 1815 1567 1849 ejus?
1588 1824 1596 1840 ι
1629 1813 1780 1841 Theodotio

986 1864 1129 1895 similiter,
1159 1872 1168 1888 ι
1188 1862 1265 1895 Quod
1293 1870 1392 1889 nomen
1417 1862 1494 1896 ejus,
1525 1865 1552 1888 ct
1578 1859 1650 1895 quod
1679 1867 1783 1886 nomen

987 1910 1041 1937 tilio
1058 1910 1141 1944 ejus?
1158 1920 1167 1935 ι
1185 1909 1266 1936 Clare
1285 1909 1357 1936 enim
1375 1908 1421 1943 qui
1437 1908 1481 1934 hic
1499 1906 1585 1934 fertur
1595 1910 1675 1933 teme
1694 1905 1782 1939 impe—

985 1963 1071 1987 rasse,
1085 1955 1261 1983 descendisse
1283 1959 1310 1981 et
1323 1953 1481 1982 ascendisse
1499 1953 1526 1979 in
1541 1952 1654 1985 coelum,
1669 1955 1696 1978 et
1715 1950 1780 1978 reli-

985 2008 1038 2036 qua
1063 1999 1219 2035 peregisse,
1251 2006 1312 2034 qua:
1336 1998 1446 2025 nonnisi
1473 2004 1520 2032 per
1542 1996 1628 2023 otium
1649 1995 1785 2030 explicari:

985 2049 1111 2081 possunt,
1127 2045 1220 2072 nullus
1234 2045 1304 2071 alius
1320 2051 1401 2079 quam
1418 2043 1504 2070 Filius
1525 2041 1572 2069 Dei
1600 2041 1683 2068 fuerit
1694 2062 1702 2074 ,
1733 2040 1785 2075 qui

985 2093 1043 2120 haec
1059 2093 1118 2128 ipsa
1135 2091 1250 2120 docebat
1274 2091 1318 2119 bis
1343 2090 1433 2118 verbis
1451 2099 1457 2116 ε
1480 2098 1489 2114 ι
1508 2087 1594 2115 Nemo
1612 2086 1736 2114 ascendit
1752 2086 1780 2113 in

989 2139 1106 2171 cmlum,
1134 2138 1188 2165 nisi
1213 2137 1259 2172 qui
1276 2136 1309 2164 de
1326 2136 1395 2163 cmlo
1421 2133 1564 2162 descendit
1591 2131 1676 2159 Filius
1690 2131 1786 2158 homi-.

970 2187 1029 2213 -nis
1045 2185 1077 2211 ".
1099 2194 1108 2211 )
1129 2184 1181 2218 Qui
1197 2188 1287 2211 autem
1314 2182 1358 2209 hic
1374 2180 1459 2208 Filius
1475 2180 1534 2214 ejus
1554 2178 1665 2210 dicitur,
1681 2184 1780 2204 secun-

985 2233 1050 2259 dum
1068 2239 1179 2259 carnem
1197 2230 1377 2265 intelligatur,
1393 2235 1474 2263 quam
1487 2234 1518 2254 cx
1536 2224 1640 2252 semine
1657 2222 1742 2250 David
1753 2226 1781 2249 et

987 2278 1143 2306 Salomonis
1157 2276 1255 2304 factam
1271 2277 1384 2310 accepit.

145 2315 229 2366 σηκεν
244 2331 284 2362 εἰς
296 2315 344 2356 τὸν
359 2330 474 2365 οὐρανὸν
495 2330 519 2355 εἰ
538 2329 576 2364 μὴ
590 2329 603 2355 ὁ
617 2329 648 2355 ἐκ
665 2327 712 2354 τοῦ
735 2327 848 2363 οὐρανοῦ
865 2327 987 2359 καταὸὰς
1006 2328 1021 2354 ὁ
1051 2326 1114 2358 Υἱὸς
1138 2325 1185 2352 τοῦ
1210 2323 1368 2360 ἀνθρώπουθ
1394 2333 1403 2348 ι
1423 2322 1452 2348 '0
1465 2321 1486 2347 δ’
1499 2319 1614 2346 ἐνταῦθα
1636 2315 1781 2366 λεγόμενος

145 2363 226 2403 etde
243 2377 308 2409 Υἱὸς
323 2377 364 2412 εῐη
379 2363 412 2403 aiv
429 2378 443 2403 ὀ
454 2376 525 2403 κατὰ
541 2363 639 2412 σάρκα
653 2375 806 2410 νοούμενος,
820 2375 854 2410 ἢν
884 2375 1030 2411 ἀνείληφεν
1046 2375 1078 2401 ὲκ
1096 2374 1254 2409 σπέρματος
1271 2370 1352 2397 Δαυῖδ
1369 2369 1414 2396 καὶ
1430 2366 1600 2402 Σολομῶντος
1619 2363 1782 2399 γενομένηνι

185 2433 255 2460 Ἀλλ’
275 2433 337 2460 ἐπεὶ
353 2433 486 2460 Ἰουδαίων
502 2433 595 2464 παῖδες
615 2433 667 2464 τὰς
683 2433 868 2469 προκειμένας
882 2433 936 2459 τῶν

1024 2431 1077 2459 Sed
1090 2432 1154 2466 quia
1169 2430 1255 2458 Judaei
1270 2429 1320 2456 has
1342 2426 1553 2454 Proverbiorum
1571 2430 1651 2450 voces
1666 2421 1780 2448 univer-

145 2479 303 2516 Παροιμιῶν
319 2479 409 2515 φωνὰς
424 2480 464 2511 εις
479 2480 525 2507 τὸν
544 2480 590 2506 ἐπὶ
605 2480 714 2507 πάντων
732 2479 798 2505 Θεὸν
818 2479 932 2511 ἀνάξου-

145 2534 197 2558 σιν,
208 2526 258 2552 οὐκ
275 2526 374 2557 εἰδότες
386 2526 431 2552 τὸν
443 2526 506 2553 Υἱὸν
514 2526 560 2553 τοῦ
576 2526 655 2557 Θεοῦ,
667 2525 785 2552 δεικτέον
796 2525 888 2556 αὐτοῖς
902 2526 934 2551 ὲκ

144 2571 197 2598 τῶν
210 2572 400 2607 προκειμένων
412 2573 449 2605 ὡς
468 2572 532 2598 Υἱὸν
551 2572 630 2604 Θεοῦ,
648 2571 742 2606 σαφῶς
756 2572 802 2598 καὶ
821 2572 933 2607 διαρρή-

144 2616 192 2651 δην
205 2617 372 2653 παρίστησιν
385 2619 401 2653 ἠ
421 2617 517 2655 Γραφὴ
531 2617 646 2652 λέγουσα
656 2626 662 2632 ·
684 2627 692 2643 ι
705 2618 738 2644 Τί
748 2617 834 2652 ὄνομα
848 2616 934 2651 αὐτῷ,

145 2663 191 2689 καὶ
198 2663 226 2689 τί
241 2663 325 2699 ὅνομα
342 2663 382 2699 τῷ
397 2663 455 2699 Υἰῷ
471 2663 569 2695 αὐτοῦς
587 2674 596 2689 ι
610 2664 723 2691 Φάσκων
738 2663 766 2690 δὲ
780 2664 794 2690 ὸ
813 2663 890 2697 λόγος
906 2664 934 2689 ὲν

144 2708 182 2743 τῷ
194 2708 294 2746 ψαλμῷ
307 2718 313 2722 ·
326 2719 336 2735 ι
353 2711 383 2737 '0
397 2710 474 2742 Θεὸς,
486 2711 516 2737 τὸ
527 2710 615 2746 κρίμα
630 2719 676 2737 σου
689 2710 728 2745 τῷ
745 2710 850 2745 βασιλεῖ
861 2710 931 2741 δὸς,ι

146 2753 208 2781 ἄλλο
222 2752 290 2782 εἶναι
302 2755 332 2782 τὸ
342 2756 431 2791 κρίμα
444 2756 519 2791 παρὰ
530 2755 580 2791 τὴν
592 2756 682 2791 κρίσιν
694 2756 825 2783 διδάσκει.
838 2756 933 2791 Κρίμα

145 2800 199 2836 γὰρ
214 2801 245 2827 τὸ
261 2801 335 2833 ἅπαξ
351 2801 429 2834 δόξαν
443 2801 482 2837 τῷ
494 2801 553 2837 Θεῷ
569 2802 614 2828 καὶ
629 2802 659 2828 τὸ
674 2801 767 2837 κριθὲν
781 2802 846 2836 παρ’
859 2801 933 2836 αὑτῴ

145 2847 286 2882 τυγχάνει·
311 2848 401 2883 κρίσις
422 2847 450 2874 δὲ
476 2848 529 2874 τῶν
553 2848 720 2883 κρινομένων
743 2847 894 2883 διάκρισις,

182 2937 192 2953 ⁸
206 2936 277 2966 Psal.
292 2946 322 2971 Il,
336 2938 396 2966 6-8.
437 2938 458 2954 ¹⁹
470 2937 549 2966 Prov.
568 2946 627 2970 vni,
645 2937 685 2966 l2.
725 2938 744 2954 “
758 2937 825 2965 ibid.
840 2937 884 2971 22,
900 2936 945 2963 '23.

984 2486 1077 2505 surum
1093 2478 1147 2505 Deo
1173 2476 1302 2506 referent,
1319 2474 1473 2501 nescientes
1499 2470 1596 2498 Filium
1626 2468 1675 2496 Dei
1702 2467 1779 2494 hisce

984 2525 1075 2552 verbis
1095 2524 1173 2559 quasi
1193 2530 1256 2550 vere
1277 2521 1373 2548 Filium
1390 2519 1436 2546 Dei
1452 2515 1695 2546 demonstrandum
1712 2514 1782 2550 ipsis

985 2577 1056 2602 esse,
1071 2569 1098 2596 id
1116 2569 1190 2596 clare
1207 2572 1234 2595 et
1251 2570 1344 2602 aperte
1358 2564 1500 2599 Scriptura
1526 2562 1647 2590 declarat
1663 2561 1706 2588 his
1721 2567 1780 2587 ver-

986 2616 1045 2643 bis:
1060 2625 1069 2641 ι
1081 2615 1160 2648 Quod
1175 2621 1274 2642 nomen
1288 2613 1359 2647 ejus,
1368 2615 1395 2639 et
1406 2610 1479 2646 quod
1492 2617 1589 2637 nomen
1599 2607 1668 2635 Filio
1677 2607 1750 2642 ejus?
1766 2616 1775 2632 ι

988 2663 1056 2690 Cum
1081 2666 1170 2688 aulem
1185 2660 1328 2695 Scriptura
1348 2658 1375 2685 in
1394 2657 1498 2692 psalmo
1515 2656 1594 2688 dicit,
1612 2664 1622 2681 ι
1641 2654 1723 2685 Deus,
1738 2653 1780 2688 ju-

988 2709 1090 2737 dicium
1116 2711 1192 2734 tuum
1218 2707 1273 2741 regi
1295 2705 1346 2738 da;
1369 2714 1377 2729 ι
1400 2703 1538 2731 diversum
1561 2709 1622 2729 esse
1644 2700 1780 2736 judicium

987 2763 1003 2782 a
1017 2754 1186 2790 judicatione
1201 2752 1290 2779 docet.
1305 2750 1372 2777 Nam
1398 2749 1531 2785 judicium
1549 2752 1591 2775 est
1606 2747 1677 2782 quod
1693 2746 1779 2773 semel

988 2800 1042 2829 Deo
1063 2799 1191 2835 placitum
1210 2804 1236 2825 et
1249 2797 1400 2832 jndicatum
1419 2799 1480 2829 est;
1496 2794 1629 2830 judicatio
1652 2800 1718 2820 vero
1734 2795 1778 2819 est

987 2855 1080 2874 eorum
1095 2853 1155 2880 quac
1167 2845 1326 2879 judicantur
1343 2849 1467 2873 examen,
1486 2841 1557 2876 quod
1584 2838 1707 2874 sequitur
1728 2845 1780 2872 pro

986 2937 1006 2952 "
1022 2934 1101 2962 Prov.
1114 2935 1158 2963 5‘0.
1176 2933 1198 2961 ί.
1256 2933 1278 2949 ’⁵
1292 2932 1371 2960 Joan.
1385 2939 1426 2964 ιιι,
1448 2930 1490 2958 l5.
