2024 3214
245 183 296 212 795

579 183 714 211 EUSEBH
733 182 976 211 CESARIENSIS
996 182 1071 211 OPP.
1093 182 1182 210 PARS
1202 182 1293 212 lll.—
1308 181 1514 210 EXEGETICA.

1818 179 1875 208 τω,

243 242 342 269 merito
357 241 471 277 singulis
490 242 553 269 data
575 242 728 271 retributio.
753 242 844 275 Quare
858 242 902 269 hic
917 250 971 269 non
989 242 1029 277 ju-

1083 242 1282 278 παρακολουθεῖ
1296 241 1327 268 τὸ
1351 242 1410 268 κατ’
1427 240 1504 273 ἀξίαν
1527 237 1724 275 ἀπονεμητικδν
1748 238 1866 274 ἑκάστῳ.

243 287 406 321 dicationem
431 289 551 323 postulat
567 290 624 324 regi
639 289 709 320 dari.
726 289 774 317 sed
794 289 927 324 judicium
939 309 947 321 .
973 289 1031 316 sive

243 335 406 362 sententiam
422 338 450 362 et
465 334 593 369 placitum
607 334 697 362 Patris
711 335 745 362 de
761 334 854 362 divino
867 334 927 361 Filii
942 335 985 362 sui
997 334 1031 362 ad

243 378 369 407 homines
384 379 512 406 adventu.
541 379 679 406 Iudicium
704 380 796 415 itaque
823 381 896 415 regi,
923 381 1029 415 justitia

243 432 309 452 vero
322 425 378 452 lilio
392 426 464 460 regis
478 425 568 452 datur.
584 426 646 460 Ipse
657 426 757 460 quippe
774 433 821 453 rex
833 426 939 460 justitia
959 430 1029 457 erat,

243 474 274 497 ut
301 471 423 497 declarat
451 470 597 506 Apostolus
623 471 741 499 dicens:
762 481 771 497 ι
792 472 844 505 Qui
874 472 962 499 factus
987 476 1030 500 est

242 514 322 542 nobis
339 515 473 550 sapientia
489 523 503 542 a
520 515 585 548 Deo,
598 516 705 551 justitia
721 517 785 544 item
800 522 827 545 et
839 518 1028 550 sanctiﬁcatio,

242 565 270 588 et
283 562 434 597 redemptio
447 562 479 590 ¹⁴.
499 571 508 588 ι
529 562 591 590 Haec
616 565 706 598 itaque
724 562 813 590 Patris
842 563 949 597 justitia
974 564 1030 591 lilio

241 606 315 641 regis
340 607 403 633 data
433 612 474 636 est
507 616 541 635 ex
565 609 668 636 semine
693 607 776 635 David
802 608 953 635 secundum
969 617 1030 636 car-

244 659 306 678 nem
336 651 430 680 facto:
451 653 478 680 in
495 661 549 688 quo
575 661 625 681 ceu
647 654 675 680 in
699 654 800 688 templo
823 654 953 681 habitavit
982 654 1028 682 Dei

241 698 355 725 verbum
381 704 408 726 et
429 700 560 734 sapientia
583 703 611 727 et
631 700 747 735 justitia.
766 700 883 728 Causam
900 708 964 728 vero
979 709 1030 728 cur

240 742 348 777 iustitia
364 749 513 772 memorato
529 746 584 772 lilio
599 746 671 781 regis
688 746 751 773 data
768 747 804 774 sit
815 766 823 778 ,
839 747 935 774 deinde
950 747 1028 774 docet

243 789 286 817 his
302 790 409 817 verbis:
429 800 438 816 ι
455 790 583 819 Judicare
593 792 722 826 populum
739 796 815 819 tuum
830 793 856 820 in
871 793 989 827 justitia,
1002 798 1030 821 et

243 841 377 869 pauperes
392 839 454 863 tuos
470 836 497 863 in
511 837 629 874 judicio.
647 847 657 864 ι
672 837 823 873 Oportebat
838 839 911 866 enim
927 846 1028 874 paupe-

242 886 288 907 res
305 879 362 912 Dei,
380 885 406 908 et
421 882 551 916 populum
563 871 624 916 ej'us
644 882 671 910 in
688 871 847 911 hominibus
858 891 874 910 a
888 871 943 912 tilio
957 871 1028 920 regis

1083 289 1182 324 Διόπερ
1204 288 1320 315 ἐνταῦθα
1338 288 1368 314 οὐ
1383 288 1431 324 τὴν
1452 287 1541 322 κρίσιν
1562 285 1632 318 ἀξιοί
1653 285 1743 312 δοῦναι
1755 285 1794 320 τῷ
1818 283 1866 320 βα-

1085 335 1164 361 σιλεῖ·
1181 334 1248 361 ἀλλὰ
1263 335 1294 361 τὸ
1312 334 1410 370 κρίμα,
1421 333 1543 360 τουτέστι
1553 332 1584 359 τὸ
1601 332 1689 367 δόγμα
1701 331 1748 358 καὶ
1762 330 1793 356 τὸ
1807 338 1874 366 κριῆ

1084 381 1129 408 θέν
1144 381 1182 416 τῷ
1197 381 1282 417 Πατρὶ
1303 380 1368 416 περὶ
1387 379 1438 414 τῆς
1462 380 1502 411 εις
1524 377 1683 414 ἀνθρώπους
1709 375 1868 411 θεοφανείας

1083 426 1175 453 αὑτοῦ.
1192 427 1228 453 Τὸ
1247 426 1297 462 μὲν
1314 424 1361 452 οὖν
1383 425 1469 460 κρίμα
1488 423 1528 458 τῷ
1545 423 1649 458 βασιλεί
1669 422 1772 449 δέδοται
1783 430 1790 436 ι
1805 422 1822 456 ἠ
1839 420 1868 446 δὲ

1082 472 1238 507 δικαιοσύνη
1255 472 1294 507 τῷ
1308 471 1358 507 υἱῷ
1372 470 1419 497 τοῦ
1433 469 1573 505 βασιλέως.
1588 468 1747 503 Δικαιοσύνη
1766 467 1820 503 γὰρ
1833 463 1868 502 ἦν

1083 518 1163 550 αὐτὸς
1177 519 1192 544 6
1211 518 1355 553 βασιλεὺς,
1379 517 1472 550 ὥσπερ
1490 512 1536 542 οὖν
1563 513 1725 550 παρίστησιν
1745 514 1759 540 ὁ
1788 513 1868 539 Ἀπό-

1084 564 1176 596 οτολος
1190 563 1289 590 εἰπών·
1310 572 1319 589 ι
1334 564 1382 595 *ος
1399 562 1513 598 ἐγενήθη
1533 561 1599 596 ἡμῖν
1625 559 1705 594 σοφία
1720 559 1774 586 ἀπὸ
1787 559 1867 590 Θεοῦ,

1081 609 1238 644 δικαιοσύνη
1253 617 1284 635 τε
1294 608 1342 635 καὶ
1354 608 1498 642 ἁγιασμδς,
1511 606 1558 633 καὶ
1572 604 1758 640 ἀπολύτρωσις
1776 602 1870 639 »Αὕτη

1082 656 1168 683 τοίνυν
1181 656 1197 691 ἡ
1213 655 1260 682 τοῦ
1272 654 1378 690 Πατρδς
1390 653 1546 687 δικαιοσύνη
1558 651 1596 687 τῷ
1610 651 1667 686 Υίῷ
1676 651 1722 677 τοῦ
1738 649 1869 686 βασιλέως

1082 703 1185 729 δέδοται
1208 701 1247 737 τῷ
1264 703 1296 728 ἐκ
1317 700 1474 736 σπέρματος
1494 698 1576 725 Δαυτδ
1595 697 1665 725 κατά
1685 697 1775 733 σάρκα
1791 704 1869 731 γενο-

1084 748 1172 784 μένῳ·
1197 749 1226 774 ἐν
1242 744 1264 782 ᾧ
1286 746 1445 782 κατῴκησεν
1464 745 1558 780 ὥσπερ
1575 745 1602 770 ἐν
1618 742 1675 778 ναῷ
1700 744 1714 770 ό
1734 742 1781 768 τοῦ
1801 741 1870 768 Θειῦ

1081 794 1158 828 λόγος
1173 795 1220 820 καὶ
1241 794 1258 829 ἡ
1276 793 1368 827 σοφία,
1388 792 1435 818 καὶ
1448 792 1465 826 ἡ
1481 789 1649 825 δικαιοσύνη.
1666 788 1720 825 Τὴν
1737 788 1765 814 δὲ
1781 787 1882 814 αἰτίαν.

1082 840 1128 866 τοῦ
1142 840 1250 876 δοθῆναι
1272 839 1320 874 τὴν
1341 837 1514 872 δικαιοσύνην
1530 836 1568 872 τῷ
1584 835 1730 872 δηλωθέντι
1752 834 1804 869 υίῷ
1822 833 1882 860 τεῦ.

1084 885 1228 920 βασιλέως,
1246 883 1310 919 ἑξῆς
1332 884 1452 911 διδάσκει
1466 883 1567 917 λέγων·
1590 891 1599 908 ι
1615 881 1726 917 Κρίνειν
1747 880 1792 907 τδν
1807 879 1873 906 λαόν

242 925 270 952 in
285 925 392 960 justitia
405 926 525 961 judicari
544 938 550 956 :
568 928 633 963 quia
659 929 714 956 alio
737 930 818 957 modo
837 938 927 966 regem
939 939 1029 959 susce-

1081 941 1126 960 σου
1140 933 1169 959 ἐν
1185 931 1353 967 δικαιοσύνῃ,
1367 930 1414 957 καὶ
1426 930 1489 961 τοὺς
1502 927 1626 962 πτωχούς
1642 936 1688 954 σου
1702 927 1731 953 ὲν
1747 926 1849 962 κρίσει.
1860 936 1870 952 ι

242 973 314 1007 pturi
335 980 389 999 non
409 977 497 1000 erant.
514 973 699 1007 Quamobrem
717 975 833 1003 formam
857 977 928 1004 servi
956 978 1029 1005 acri-

242 1017 320 1052 piens
333 1023 360 1045 et
373 1019 467 1046 babitu
480 1020 606 1048 inventus
624 1024 653 1047 ut
664 1021 756 1052 homo,
772 1029 820 1056 per
831 1021 928 1049 Filium
941 1023 1029 1050 homi—

242 1063 286 1092 nis
303 1072 383 1099 quem
401 1067 560 1101 assumpsit,
581 1075 614 1095 ex
635 1067 764 1095 omnibus
788 1069 915 1103 gentibus
930 1077 1030 1097 secun-

240 1111 305 1138 dum
325 1112 377 1139 hoc
388 1113 455 1148 justi
471 1113 523 1140 viri
536 1114 639 1141 dictum
654 1114 705 1150 (l),
720 1123 730 1140 ι
743 1115 824 1150 elegit
835 1115 885 1143 sibi
899 1116 1028 1151 populum

241 1158 407 1192 peculiarem
422 1160 461 1192 ";
483 1168 492 1184 ι
511 1167 619 1188 necnon
636 1167 684 1188 eos
695 1160 742 1196 qui
759 1161 804 1188 hic
816 1169 950 1196 pauperes
969 1164 1028 1196 ejus

242 1208 388 1236 vocantur,
406 1213 476 1239 quos
498 1205 544 1233 ille
561 1206 657 1234 beatos
681 1207 812 1242 praedicat
842 1207 885 1235 his
911 1208 1001 1235 verbis
1021 1218 1026 1235 :

245 1255 256 1273 ι
278 1247 354 1276 Beati
374 1257 509 1285 pauperes
531 1251 642 1285 spiritu,
676 1253 804 1287 quoniam
837 1253 960 1287 ipsorum
987 1259 1029 1281 est

242 1302 388 1330 regnorum
398 1296 530 1323 calorum
545 1297 576 1324 “.
598 1307 608 1324 ›
623 1297 655 1324 Et
665 1298 733 1326 alias
748 1299 781 1326 de
794 1298 901 1334 justitia
913 1299 969 1327 haec
980 1299 1029 1326 do-

240 1343 286 1366 cet
301 1341 449 1374 Apostolus
463 1351 470 1369 :
492 1351 500 1367 ι
520 1340 580 1368 Non
593 1343 665 1370 enim
678 1343 812 1371 erubesco
827 1343 1003 1379 Evangelium
1021 1354 1028 1371 ι

241 1384 331 1412 virtus
348 1386 420 1413 enim
442 1385 489 1414 Dei
505 1391 547 1414 est
563 1387 590 1414 in
608 1389 724 1416 salutem
740 1389 813 1416 omni
831 1390 965 1423 credenti,
982 1389 1030 1417 Ju-

241 1431 301 1458 dao
314 1432 442 1466 primum,
458 1437 485 1460 et
499 1431 604 1462 Graeco.
619 1432 730 1461 Iustitia
742 1435 815 1462 enim
834 1435 862 1461 in
873 1435 933 1470 ipso
952 1443 1029 1462 leve—-

241 1477 316 1504 latuc
328 1477 360 1505 ⁸⁷,
386 1487 396 1504 ι
418 1477 456 1506 De
472 1478 640 1514 pauperibus
654 1480 718 1507 item
731 1480 789 1507 hazc
811 1481 869 1516 ipse
883 1481 1003 1508 declarat
1021 1492 1027 1509 :

243 1532 254 1548 ι
276 1521 370 1550 Videte
388 1524 461 1551 enim
478 1525 652 1552 vocationem
668 1529 805 1559 ,vestram,
827 1525 938 1558 fratres,
965 1527 1029 1561 quia

241 1576 296 1595 non
323 1569 400 1596 multi
422 1570 560 1605 sapientes
576 1571 726 1598 secundum
743 1579 865 1604 carnem,
881 1580 936 1599 non
951 1573 1028 1600 multi

241 1614 360 1646 nobiles,
378 1623 432 1642 non
453 1617 529 1643 multi
543 1621 669 1652 potentes
689 1627 696 1645 ε
720 1618 768 1646 sed
784 1626 844 1653 quae
857 1619 940 1646 stulta
966 1623 1030 1646 sunt

242 1659 350 1692 mundi,
361 1660 442 1695 elegit
452 1660 534 1693 Deus,
551 1665 581 1688 ut
594 1661 746 1690 confundat
765 1664 926 1698 sapientes;
944 1667 972 1691 et
987 1665 1030 1690 in-

243 1706 322 1732 ﬁrma
340 1710 368 1733 et
379 1707 596 1741 contemptibilia
613 1707 706 1742 elegit,
723 1712 750 1734 et
762 1715 794 1735 ea
813 1716 874 1743 quae
890 1717 944 1736 non
956 1715 1030 1741 sunt,

242 1756 272 1779 ut
284 1760 316 1780 ea
329 1760 389 1788 que
398 1758 472 1785 sunt,
485 1752 659 1786 destrueret;
680 1758 709 1780 ut
725 1761 779 1781 non
796 1754 928 1789 glorietur
941 1755 1032 1783 omnis

242 1806 308 1826 caro
322 1799 349 1825 in
365 1804 513 1834 conspectu
529 1798 576 1826 Dei
590 1799 623 1826 ¹⁸.
645 1809 654 1825 ι

1044 1600 1063 1628 C

1082 979 1155 1006 Ἔδει
1173 978 1226 1015 γὰρ
1242 979 1305 1009 τοὺς
1317 977 1442 1012 πτωχοὺς
1456 975 1503 1002 τοῦ
1520 974 1587 1001 Θεοῦ
1602 974 1706 1001 καὶτὸν
1721 974 1750 1000 ὲν
1764 971 1873 1009 ἀνθρώ-

1080 1033 1141 1056 ποις
1157 1024 1220 1050 λαὸν
1241 1022 1322 1050 αὑτοῦ
1341 1023 1392 1049 ὑπὸ
1407 1022 1454 1048 τοῦ
1475 1021 1534 1047 υἱοῦ
1548 1020 1595 1047 τοῦ
1621 1020 1752 1055 βασιλέως
1766 1019 1875 1056 διακρί-

1079 1070 1172 1097 νεσθαι
1187 1071 1217 1096 ὲν
1231 1068 1400 1104 δικαιοσύνῃ·
1417 1067 1477 1095 ἐπεὶ
1500 1067 1537 1102 μὴ
1553 1065 1673 1102 ἐχώρουν
1692 1065 1779 1097 ἄλλως
1794 1064 1874 1098 δέξα-

1081 1115 1141 1143 σθαι
1155 1115 1199 1142 τδν
1215 1115 1336 1150 βασιλέα.
1353 1114 1452 1149 Διόπερ
1475 1113 1580 1148 μορφὴν
1600 1111 1692 1138 δούλου
1716 1110 1805 1138 λαϐὼν
1825 1110 1886 1139 καὶ.Δ

1081 1163 1199 1196 σχήματι
1224 1160 1345 1196 εὑρεθεὶς
1371 1160 1409 1191 ὡς
1433 1159 1586 1194 ἄνθρωπος,
1603 1158 1636 1184 δι’
1667 1152 1698 1183 οὗ
1726 1155 1875 1191 ἀνείληφεν

1080 1207 1146 1234 Υίοῦ
1164 1207 1308 1242 ἀνθρώπου
1326 1205 1356 1238 ἐξ
1373 1206 1500 1232 ἁπάντων
1513 1205 1567 1231 τῶν
1585 1203 1668 1231 ἐθνῶν
1686 1203 1755 1230 κατὰ
1773 1202 1822 1229 τοῦ
1834 1202 1876 1230 δι-

1080 1253 1157 1280 καίου
1176 1253 1265 1287 λόγον.
1291 1262 1300 1278 ι
1317 1252 1457 1285 ἐξελέξατο
1478 1250 1566 1286 ἐαυτῷ
1586 1250 1649 1276 λαὸν
1674 1248 1844 1284 περιούσιον,
1860 1257 1872 1274 ι

1080 1301 1126 1327 καὶ
1142 1301 1204 1331 τοὺς
1229 1299 1413 1334 καλουμένους
1436 1297 1519 1324 αὑτοῦ
1536 1297 1670 1331 πτωχοὺς,
1687 1295 1734 1326 οὓς
1755 1294 1804 1321 καὶ
1820 1302 1873 1329 μα-

1080 1346 1200 1382 καρίζων
1216 1346 1290 1379 ἔλεγε
1302 1354 1308 1360 ·
1327 1355 1336 1370 ι
1350 1344 1487 1379 Μακάριοι
1511 1344 1535 1370 οἱ
1554 1342 1656 1377 πτωχοὶ
1675 1341 1712 1376 τῷ
1726 1341 1872 1375 πνεύματι.

1079 1392 1120 1418 ὅτι
1132 1390 1220 1418 αὐτῶν
1234 1392 1307 1417 ἐστιν
1321 1391 1338 1426 ἡ
1351 1390 1473 1425 βασιλεία
1482 1389 1536 1415 τῶν
1546 1387 1678 1424 οὐρανῶν.
1691 1397 1700 1412 ι
1716 1386 1772 1413 Καὶ
1783 1385 1884 1417 ἀλλως,

1079 1437 1108 1464 δὲ
1123 1437 1188 1473 περ)⁵
1209 1437 1260 1471 τῆς
1282 1435 1454 1471 δικαιοσύνης
1476 1435 1596 1461 διδάσκει
1615 1435 1629 1461 ὁ
1650 1433 1810 1464 Ἀπόο-τολος
1828 1433 1873 1460 λέ-

1080 1491 1136 1517 γων
1145 1491 1152 1498 ·
1167 1492 1176 1508 ι
1189 1483 1226 1509 Ob
1238 1482 1292 1518 γὰρ
1307 1483 1506 1517 ἐπαισχύνομαι
1520 1481 1551 1508 τὸ
1562 1480 1726 1515 Εὑαγγέλιον
1736 1489 1743 1495 ·
1757 1479 1886 1515 δύναμις-

1080 1529 1134 1564 γὰρ
1147 1529 1215 1555 Θεοῦ
1237 1530 1310 1556 ἐστιν
1329 1529 1368 1560 εἰς
1390 1528 1526 1563 σωτηρίαν
1548 1527 1631 1554 παντὶ
1649 1526 1688 1561 τῷ
1705 1526 1873 1557 πιστεύοντι,

1087 1574 1207 1610 Ἰουδαίῳ
1222 1583 1252 1601 τε
1267 1574 1373 1610 πρῶτον
1393 1574 1440 1600 καὶ
1454 1573 1574 1609 Ἕλληνι.
1591 1572 1754 1607 Δικαιοσύνη
1773 1571 1828 1607 γὰρ
1842 1572 1873 1598 ἐν

1081 1619 1155 1654 αύτῷ
1167 1619 1397 1646 ἀποκαλύπτεται.
1414 1629 1423 1645 ι
1440 1619 1495 1646 Καὶ
1512 1619 1577 1654 περὶ
1592 1618 1647 1645 τῶν
1660 1617 1775 1653 πτωχῶν
1790 1616 1888 1644 πάλιν»

1080 1666 1094 1691 ὸ
1115 1666 1195 1697 αὐτὸς
1209 1666 1334 1700 διασαφεῖ
1355 1665 1442 1700 λέγων
1453 1674 1460 1680 ·
1478 1675 1487 1691 ι
1503 1665 1621 1692 Βλέπετε
1634 1664 1687 1700 γὰρ
1703 1664 1753 1700 τὴν
1776 1663 1868 1700 κλῆσιε

1081 1710 1168 1746 ὑμῶν,
1184 1711 1292 1746 ἀδελφοί
1302 1720 1308 1727 α
1323 1712 1364 1738 ὅτι
1379 1711 1408 1738 οὺ
1424 1711 1517 1738 πολλοὶ
1533 1710 1610 1745 σοφοὶ
1631 1710 1703 1737 κατὰ
1724 1710 1824 1745 σάρκα,
1839 1709 1886 1737 οὐ,

1081 1757 1174 1784 πολλοὶ
1195 1758 1324 1792 εὐγενεῖς,
1339 1758 1370 1784 οὺ
1395 1757 1487 1784 πολλοὶ
1502 1757 1627 1784 δυνατοί-
1647 1756 1715 1783 ἀλλά
1739 1756 1774 1782 τὰ
1792 1755 1873 1791 μωρά

1081 1802 1128 1829 τοῦ
1145 1803 1247 1838 κόσμου
1273 1803 1413 1836 ἐξελέξατο
1432 1803 1445 1829 ὁ
1466 1802 1546 1834 Θεὸς.
1561 1802 1604 1829 ἵνα
1627 1800 1793 1836 καταισχύνῃ
1810 1800 1874 1831 τοὺς

242 1844 355 1879 σοφούς·
371 1845 418 1871 καὶ
439 1844 473 1872 τὰ
487 1844 586 1880 ἀσθενῆ
604 1845 650 1871 καὶ
669 1844 703 1871 τὰ
717 1845 915 1881 ἐξουθενημένα
938 1846 1089 1880 ἐξελέξατο,
1103 1848 1198 1875 καὶτὰ
1215 1850 1253 1885 μὴ
1265 1849 1340 1881 ὄντα,
1374 1849 1418 1875 ἵνα
1448 1848 1483 1875 τά
1502 1848 1568 1874 ὄντα
1598 1848 1778 1883 καταργήσῃ·
1796 1847 1871 1878 ὅπως

243 1895 281 1931 μὴ
298 1894 469 1930 καυχήσηται
486 1894 561 1920 πᾶσα
573 1893 642 1930 σὰρξ
654 1893 770 1920 ἐνώπιον
783 1893 829 1920 τοῦ
841 1894 919 1921 Θεοῦ.
932 1905 940 1920 ι

278 1953 361 1982 Vens.
378 1955 405 1982 5.
423 1964 433 1981 ι
455 1955 612 1990 Suscipiant
626 1959 732 1984 montes
754 1964 848 1991 pacem
874 1956 984 1991 populo,
1002 1960 1030 1983 et

242 2000 327 2027 colles
340 2001 487 2036 justitiam.
504 2012 513 2028 ι
527 2002 628 2030 Praeter
644 2003 735 2038 priora
747 2003 804 2030 [nec
820 2011 928 2038 quoque
944 2003 1031 2038 spiri-

242 2049 288 2074 tus
301 2048 478 2082 propheticus
493 2053 629 2083 precatur,
644 2053 674 2076 ut
695 2053 801 2077 montes
826 2050 961 2084 quondam
980 2057 1029 2084 po-

246 2091 312 2126 pulo
325 2092 427 2124 infesti,
444 2094 531 2127 posita
549 2094 701 2126 inimicitia,
718 2101 811 2129 pacem
823 2103 884 2122 cum
901 2102 934 2122 eo
946 2094 1025 2122 habe-

245 2141 317 2168 rent.
332 2142 360 2165 et
372 2143 400 2165 ut
418 2139 501 2166 colles
514 2140 669 2174 praedictam
680 2139 815 2174 justitiam
827 2141 914 2167 eidem
929 2141 1030 2175 populo

243 2183 451 2210 annuntiarent.
477 2183 535 2210 Jam
565 2184 670 2219 pridem
687 2186 760 2212 enim
780 2188 887 2213 montes
906 2193 967 2212 cum
986 2193 1030 2220 po-

242 2229 307 2264 pulo
332 2228 492 2257 inimicitias
519 2234 685 2265 gesserunt,
722 2234 749 2258 et
776 2231 860 2258 colles
890 2231 1027 2260 similiter.

1122 1967 1131 1982 ι
1153 1956 1372 1983 Ἀναλαὸἑτωσαν
1386 1955 1421 1982 τὰ
1441 1955 1491 1991 ὅρη
1507 1955 1616 1990 εἰρήνην
1630 1954 1669 1989 τῷ
1686 1954 1754 1989 λαῷ,
1778 1954 1826 1981 καὶ
1846 1955 1871 1981 at

1085 2003 1174 2039 βουνοὶ
1185 2001 1367 2037 δικαιοσύνην.
1384 2010 1393 2027 ι
1409 2001 1481 2036 Πρὸς
1497 2002 1554 2033 τοῖς
1570 2000 1712 2036 προτέροις
1727 1998 1774 2027 καὶ
1787 1999 1872 2026 ταῦτα.

1083 2048 1114 2075 τὸ
1133 2047 1239 2083 πνεῦμα
1258 2048 1289 2073 τὸ
1308 2046 1475 2083 προφητικὸν
1493 2045 1612 2081 εὔχεται,
1625 2046 1699 2077 ὅπως
1716 2046 1750 2072 τὰ
1773 2046 1823 2081 ὅρη
1838 2045 1875 2073 τὰ.

1084 2094 1166 2121 πάλαι
1185 2093 1361 2129 ὲχθραίνοντα
1381 2093 1420 2128 τῷ
1441 2092 1498 2127 λαῷ
1513 2092 1678 2127 είρηνεύσειε
1700 2093 1768 2128 πρὸς
1791 2092 1873 2119 αὐτὸν

1083 2139 1264 2175 ἀπωθούμενα
1285 2139 1334 2174 τὴν
1356 2139 1475 2175 ἔχθραν,
1499 2140 1545 2165 καὶ
1566 2140 1640 2171 ὅπως
1661 2140 1685 2165 οἱ
1711 2139 1799 2174 βουνοὶ
1823 2141 1874 2175 τὴν

1084 2185 1279 2221 προλεχθεῐσαν
1304 2185 1476 2220 δικαιοσύνην
1497 2185 1537 2220 τῷ
1563 2185 1638 2220 αὐτῷ
1656 2185 1712 2220 λαῷ
1731 2186 1872 2220 εὐαγγελί-

1083 2229 1192 2262 ζωνται.
1206 2230 1341 2265 Πρότερον
1358 2230 1407 2265 μὲν
1419 2229 1474 2265 γὰρ
1488 2229 1523 2256 τὰ
1545 2230 1596 2266 ὅρη
1621 2229 1720 2266 ἔχθραν
1734 2228 1790 2266 εἶχε
1805 2229 1873 2266 πρὸς

240 2273 310 2301 Cum
324 2278 415 2302 autem
434 2275 507 2302 illius
529 2276 600 2311 regis
615 2276 745 2311 populum
766 2276 832 2303 olim
856 2281 1027 2312 extraneum,

1081 2277 1126 2303 τὸν
1146 2277 1219 2309 λαδν,
1238 2277 1284 2303 καὶ
1301 2278 1325 2303 οἱ
1341 2277 1428 2312 βουνοί.
1451 2276 1598 2308 ὡσαύτωςο
1611 2277 1656 2303 ὅτε
1669 2276 1698 2303 δὲ
1710 2278 1724 2304 δ
1745 2277 1802 2309 υίὸς
1824 2277 1872 2305 τοῦ

241 2321 383 2355 proprium
399 2320 452 2348 sibi
472 2321 548 2353 facit,
576 2325 644 2349 tunc
661 2325 779 2354 montes,
800 2325 829 2348 ut
856 2322 901 2349 hic
929 2330 1031 2350 vocan-

241 2371 297 2398 tur,
314 2374 408 2401 pacem
423 2374 485 2394 cum
506 2367 609 2403 populo
634 2367 743 2395 habent.
770 2367 877 2395 Montes
897 2371 986 2394 autem
1003 2371 1030 2395 et

240 2412 325 2439 colles
335 2421 429 2447 pacem
445 2421 507 2440 cum
524 2414 625 2449 populo
639 2413 782 2446 habentes,
794 2421 863 2448 quos
879 2421 941 2441 esse
955 2413 1032 2441 dixe-

241 2458 291 2488 ris,
306 2459 358 2485 nisi
374 2460 534 2494 angelorum
547 2460 674 2492 chorum,
689 2464 717 2487 et
730 2459 773 2487 his
788 2459 944 2494 superiores
958 2459 1030 2486 divi—

241 2512 292 2532 nas
308 2505 442 2534 virtutes?
457 2514 517 2541 quae
530 2515 592 2534 cum
606 2506 672 2533 olim
687 2507 805 2542 populus
816 2510 964 2534 extraneus
974 2505 1029 2533 Dco

241 2556 324 2582 esset,
342 2551 502 2580 inimicitias
519 2561 580 2580 cum
604 2560 638 2580 eo
662 2553 812 2588 gerebant;
837 2560 911 2580 nunc
937 2556 1028 2580 autem

241 2604 305 2624 cum
319 2596 345 2623 in
364 2598 567 2632 possessionem
584 2598 632 2626 ﬁlii
647 2598 720 2634 regis
736 2599 852 2631 venerit,
869 2599 959 2634 posita
974 2599 1028 2626 ini-

242 2642 357 2675 micitia,
373 2644 468 2670 amica:
483 2643 543 2678 ejus
556 2645 657 2672 ell'ecta:
671 2649 744 2672 sunt.
761 2644 830 2677 Quis
846 2645 882 2672 sit
895 2653 960 2673 vero
977 2653 1028 2679 po-

243 2689 324 2723 pulus
339 2697 373 2717 ex
390 2689 519 2717 omnibus
533 2691 659 2725 gentibus
679 2695 792 2718 coactus
821 2691 958 2726 intelliges
971 2711 978 2722 ,
1004 2691 1027 2718 si

243 2734 288 2763 his
300 2735 428 2763 conferas
444 2734 583 2763 Zachariae
599 2737 781 2772 prophetiam,
799 2745 860 2772 qua:
870 2739 911 2765 sic
926 2737 1007 2764 habet
1020 2746 1026 2764 :

281 2812 321 2840 “l
336 2814 400 2842 Cor.
419 2821 439 2846 l,
451 2814 496 2842 50.
536 2814 558 2829 "
572 2813 716 2847 Dettt.nv,
733 2814 761 2842 2.
801 2815 822 2830 ¹⁶
839 2815 933 2842 Matth.
950 2823 974 2848 v,
991 2815 1018 2843 5.

281 2904 319 2939 (ι)
338 2903 395 2936 Vel,
409 2903 549 2931 secundum
567 2904 679 2939 justltiw
692 2904 829 2933 rationem.

1059 2815 1079 2831 "
1097 2813 1174 2842 Rom.
1192 2823 1210 2847 ι,
1226 2813 1267 2841 ll).

1080 2322 1211 2358 βασιλέως
1239 2323 1304 2350 ἴδιον
1321 2323 1468 2358 ἐποιήσατο
1483 2323 1528 2349 τὸν
1553 2322 1617 2350 λαὸν
1644 2323 1727 2350 πάλαι
1753 2323 1875 2358 ἀπηλλο-

1078 2368 1228 2404 τριωμένον
1245 2366 1338 2399 αὑτοῦ,
1352 2366 1502 2402 τηνικαῦτα
1525 2367 1572 2394 καὶ
1597 2367 1633 2393 τὰ
1649 2367 1803 2403 καλούμενα
1827 2369 1872 2394 ἐν-

1079 2414 1166 2441 ταῦθα
1182 2414 1233 2450 ὅρη
1249 2413 1463 2450 είρηνεύειπρδς
1475 2413 1520 2440 τὸν
1532 2414 1606 2440 λαόν.
1622 2415 1692 2450 ὐρη
1705 2414 1733 2440 δὲ
1748 2414 1795 2440 καὶ
1811 2413 1873 2448 βου-

1081 2460 1142 2492 νοὺς
1158 2459 1346 2496 εἰρηνεύοντας
1363 2458 1516 2495 ἀνθρώποις
1537 2459 1613 2491 τίνας
1628 2459 1662 2486 ἂν
1688 2459 1776 2491 εἴποις
1792 2459 1808 2494 ἢ
1826 2459 1873 2486 τὸν

1084 2506 1206 2541 ἀγγέλων
1229 2506 1310 2542 χορὸν
1333 2505 1381 2532 καὶ
1396 2505 1445 2538 τὰς
1461 2505 1563 2532 τούτων
1580 2501 1718 2541 ἀνωτέραέ
1737 2505 1812 2537 θείας
1828 2505 1872 2532 δυ-

1083 2553 1194 2588 νάμεις;
1210 2553 1237 2579 αῖ
1261 2552 1344 2579 πάλαι
1361 2553 1420 2588 μὲν,
1435 2552 1479 2578 ὅτε
1501 2551 1640 2588 ἀλλότριος
1662 2550 1696 2587 ἦν
1709 2552 1724 2578 ὁ
1739 2551 1801 2583 λαὸς
1823 2550 1871 2578 τοῦ

1083 2598 1160 2631 Θεοῦ,
1177 2598 1274 2634 ἐχθραὶ
1289 2596 1360 2634 ἦσαν
1376 2597 1459 2625 αὶτοῦ
1471 2606 1478 2613 ·
1494 2597 1541 2625 νῦν
1552 2598 1575 2624 δ’
1598 2598 1643 2624 ὅτε
1660 2598 1753 2633 κτῆμα
1775 2597 1871 2632 γέγονε

1082 2644 1128 2670 τοῦ
1149 2643 1207 2670 υἱοῦ
1225 2642 1270 2670 τοῦ
1288 2642 1435 2678 βασιλέως,
1461 2641 1642 2678 ἱφιλιώθησαν
1663 2642 1736 2677 αὐτῷ
1753 2642 1870 2677 μεταϐα-

1082 2689 1172 2721 λόντες
1185 2689 1235 2724 τῆς
1250 2688 1360 2724 ἔχθρας.
1381 2689 1500 2724 Νοησεις
1513 2688 1541 2714 δὲ
1556 2687 1602 2714 τὸν
1619 2688 1648 2721 ἐξ
1669 2687 1796 2714 ἁπάντων
1816 2687 1870 2713 τῶν

1082 2735 1166 2763 ἐθνῶν
1186 2735 1354 2771 συνηγμένον
1370 2734 1443 2767 λαὸν,
1462 2734 1594 2770 παραθεὶς
1606 2734 1709 2766 τούτοις
1723 2734 1772 2769 τὴν
1788 2733 1817 2760 ἐν
1831 2732 1870 2767 τῷ

1309 2813 1348 2840 “l
1365 2813 1426 2841 Cor.
1441 2821 1460 2848 ι,
1477 2813 1571 2840 ‘26-'29.
1598 2842 1600 2845 _
