2024 3214
134 174 183 202 79⁸1

699 174 951 204 COMMENTARIA
969 175 1003 203 ιΝ
1022 175 1194 204 PSALMOS.

1241 164 1268 199 Ἴ
1287 164 1296 193 ⁸
1420 194 1423 196 -
1703 177 1760 204 'm

132 231 256 266 Ζαχαρία
279 231 465 266 προφητείαν.
487 227 538 258 ᾆδε
561 231 711 265 λέγουσαν·
734 242 743 257 ‹
767 233 852 267 Χαῖρε
874 232 921 259 καὶ

975 241 984 257 ε
1003 232 1098 260 Gaude
1113 236 1141 260 et
1155 232 1258 263 laetare,
1275 232 1328 259 ﬁlia
1347 231 1423 259 Sion.
1439 231 1508 260 Ecce
1527 239 1577 259 rex
1592 235 1657 267 tuus
1671 235 1757 266 venit,

132 275 288 311 εὐφραίνου,
308 275 426 311 θύγατερ
437 275 514 303 Σιών,
524 275 588 302 Ἰδοὺ
604 276 618 302 ὁ
634 275 757 311 βασιλεύς
780 285 826 303 σου
845 275 923 313 ἔρχε-

132 330 185 354 ται,
202 322 250 348 καὶ
261 321 468 357 κατασκηνώσει
486 323 514 348 ὲν
538 322 612 357 μέσῳ
629 330 687 355 σου,
713 322 786 356 λέγει
808 321 920 358 Κύριος.

133 368 187 395 Καὶ
200 366 417 402 καταφεύξονται
435 367 498 403 ἔθνη
514 367 599 394 πολλὰ
618 368 664 394 ἐπὶ
683 368 727 394 τὸν
743 367 858 404 Κύριον.
874 368 921 395 καὶ

134 412 239 440 ἔσονταί
261 421 306 448 μοι
321 413 361 444 είς
378 412 457 445 λαὸν,
476 413 553 447 κάγὼ
574 412 669 448 ἔσομαι
685 414 776 445 αὐτοῖς
791 415 830 446 είς
844 408 920 449 Θεὸν.

134 459 187 486 Καὶ
219 458 387 493 γνώσονται,
412 460 453 485 ὅτι
483 458 586 495 Κύριος
616 460 811 496 παντοκράτωρ
836 460 920 494 ἑξαπ-

133 503 249 531 έσταλκέ
265 513 299 539 με
311 503 379 540 πρὸς
393 503 433 531 σέ.
446 514 455 530 ι
466 504 563 539 Σαφῶς
573 504 627 540 γὰρ
637 504 680 531 διὰ
689 504 791 531 τούτων
802 505 855 531 ἀπὸ
866 505 921 531 τῶν

133 549 229 582 ἐθνῶν,
246 549 304 576 ἀλλ’
318 550 368 576 οὐκ
381 549 434 576 ἀπὸ
451 549 498 576 τοῦ
522 549 656 576 Ἰουδαίων
673 549 764 582 ἔθνους
781 550 920 582 συντάξειν

133 595 214 627 αὐτὸς
231 594 320 630 ἐαυτῷ
329 594 393 622 λαὸν
407 596 421 622 ό
436 595 537 630 Κύριος
553 593 767 629 εὐαγγελίζεται.
782 593 874 630 Τούτῳ
888 594 920 630 δὴ

132 639 178 668 οὖν
195 641 234 676 τῷ
248 640 305 676 λαῷ
318 641 345 667 at
356 641 484 677 δυνάμεις
498 642 525 668 αί
542 640 720 676 ὑπερκόσμιοι
737 641 783 667 καὶ.
797 640 825 667 αἱ
838 640 921 674 ἀγγε-

133 687 217 720 λικαὶ,
232 686 282 723 δρη
298 687 346 714 καὶ
365 687 454 722 βουνοί
477 686 593 713 ἐνταῦθα
612 686 826 722 ὀνομαζόμεναι,
845 685 921 721 εἰρή-

133 741 230 760 νευσαν
246 733 436 769 ὲχθραῑνουσαι
453 733 483 759 τὸ
498 733 572 769 πρὶν,
587 733 630 759 ὅτε
646 734 679 768 τῇ
694 732 766 768 ἀθέῳ
778 734 920 767 προσεῖχεν

133 779 350 815 εἰδωλολατρεία.
374 780 407 806 Ai
431 779 452 806 δ’
473 779 554 806 αὑταὶ
579 779 752 814 δικαιοσύνην
781 778 921 813 εὐαγγελί-

133 825 224 858 ζονται
242 825 282 860 τῷ
304 825 379 860 αὺτῴ
396 824 466 860 λαῷ·
487 825 545 860 ἦτοι
563 824 607 851 τὸν
630 824 746 859 Χριστὸν
766 823 812 850 τοῦ
834 823 919 854 Θεοῦ,

133 872 213 900 αὑτὸν
227 872 292 898 ὄντα
302 872 351 907 τὴν
365 871 547 906 δικαιοσύνην,
567 871 583 906 ἢ
599 870 629 896 τὸ
647 871 778 906 σωτήριον
800 869 921 903 Εὐαγγέ-

971 282 999 306 et
1014 278 1148 305 habitabit
1163 278 1190 304 in
1207 277 1296 305 medio
1314 278 1363 309 tui.
1377 278 1444 305 dicit
1459 277 1600 306 Dominus.
1614 277 1647 305 Et
1661 279 1758 308 confu-

971 326 1046 361 gient
1060 328 1154 360 gentes
1171 324 1263 351 multa:
1286 323 1320 350 ad
1332 323 1490 357 Dominum,
1507 328 1534 352 et
1548 330 1629 352 erunt.
1643 325 1710 352 mihi
1727 325 1759 352 in

972 371 1114 408 populum,
1126 374 1154 398 et
1167 378 1217 406 ego
1233 377 1280 398 ero
1295 370 1336 397 eis
1352 370 1381 397 in
1406 370 1503 397 Deum.
1530 370 1564 398 Et
1588 376 1758 407 cognoscent

970 418 1034 454 quia
1050 417 1184 444 Dominus
1200 417 1375 451 omnipotens
1390 417 1465 444 misit
1483 424 1526 445 me
1545 417 1577 444 ad
1593 421 1620 444 te
1631 419 1663 445 η.
1682 429 1692 444 ι
1708 417 1758 446 His

970 464 1071 499 quippe
1084 463 1228 494 Dominus,
1254 470 1287 490 ex
1310 462 1439 497 gentibus
1465 469 1505 495 se,
1522 470 1577 489 non
1590 470 1624 489 ex
1641 461 1757 489 Iudaica

971 512 1061 544 gente,
1075 507 1126 535 sibi
1140 508 1271 543 populum
1283 511 1513 542 congregaturum
1527 514 1588 534 esse
1611 507 1757 541 perspicue

970 554 1123 582 denuntiat.
1147 552 1218 580 Huic
1244 560 1311 580 sane
1334 553 1435 588 populo
1451 553 1568 580 virtutes
1590 560 1650 587 qua:
1673 560 1758 588 supra

970 600 1102 627 mundum
1123 603 1150 627 et
1167 589 1299 634 angelicae
1324 603 1400 631 sunt,
1431 598 1476 626 hic
1501 603 1609 625 montes
1625 601 1653 625 et
1672 598 1757 626 colles

969 650 1084 678 vocata,
1097 645 1131 672 ad
1144 645 1221 681 pacis
1243 643 1417 672 conditiones
1436 647 1589 677 venerunt;
1606 651 1666 679 qua:
1680 644 1759 677 olim,

970 700 1032 719 cum
1041 692 1158 727 populus
1165 690 1247 726 impie
1256 691 1418 718 idololatria:
1426 689 1661 723 haereretjnfestae
1667 694 1757 717 erant.

971 738 1018 766 Hae
1034 746 1099 765 vero
1113 738 1179 772 ipsa:
1193 737 1330 771 justitiam
1345 737 1433 765 eidem
1456 737 1558 772 populo
1580 736 1757 767 annuntiant,

971 783 1099 812 videlicet
1113 782 1253 810 Christum
1278 782 1337 815 Dei,
1354 782 1401 817 qui
1422 789 1487 809 vere
1497 782 1605 817 justitia
1624 786 1683 815 est;
1701 782 1759 809 sive

971 830 1093 858 salutare
1116 828 1306 864 Evangelium,
1337 828 1418 863 cujus
1448 834 1532 855 causa
1558 827 1661 855 dictum
1684 831 1726 854 est
1749 837 1758 854 ;

974 886 983 902 ι
1003 875 1165 910 Suscipiant
1177 878 1285 902 montes
1302 881 1395 909 pacem
1411 872 1524 908 populo,
1541 876 1568 899 et
1585 872 1760 907 collesjusti-

133 918 198 950 λιον,
212 917 246 944 δι’
259 917 273 944 ὃ
287 917 411 943 λέλεκται
421 925 427 931 ⁸
443 926 452 942 ‹
470 915 690 943 Ἀναλαὸέτωσαν
701 915 735 941 τὰ
747 915 798 951 ὅρη
811 915 920 949 εἰρήνην

973 922 1048 949 tiam.
1072 931 1081 947 ι
1101 920 1163 947 llaec
1175 927 1259 954 porro
1273 918 1411 949 evenient,
1427 918 1491 953 quia
1504 920 1670 945 memoratus
1687 917 1758 944 ﬁlius

131 962 169 998 τῷ
195 962 268 997 λαῷ,
290 962 337 988 καὶ
357 963 381 988 οἱ
410 961 498 996 βουνολ⁸
521 961 702 995 δικαιοσύνην.
726 970 736 986 ι
759 960 813 986 Καὶ
835 958 920 985 ταῦτα

131 1009 218 1040 ἔσται,
233 1007 326 1043 ἐπειδὴ
338 1007 352 1033 ὁ
366 1006 525 1043 προλεχθεὶς
539 1007 595 1038 υίὸς
604 1006 651 1032 τοῦ
666 1005 797 1041 βασιλέως
811 1015 820 1030 ι
834 1005 921 1040 κρινεῖ

131 1055 193 1086 τοὺς
210 1054 333 1089 πτωχοὺς
355 1052 401 1079 τοῦ
418 1052 482 1079 λαοῦ
493 1073 499 1085 ,
526 1053 572 1079 καὶ
590 1052 671 1078 σώσει
697 1052 760 1083 τοὺς
777 1052 850 1082 υἱοὺς
866 1050 920 1077 τῶν

132 1100 272 1136 πενήτων·
288 1109 298 1125 ›
319 1098 415 1134 κρίνας
431 1098 485 1133 γὰρ
501 1098 631 1134 πρότερον
645 1097 736 1130 ἀξίους
752 1095 821 1123 εἶναι
835 1105 921 1132 σωτη-

133 1144 202 1180 ρίας,
219 1143 305 1176 οὓτως
329 1143 427 1174 αὐτοὺς
447 1142 539 1174 σώζει.
564 1143 601 1168 Οὐ
623 1143 678 1178 γὰρ
702 1143 838 1178 ἀκρίτως,
862 1140 920 1177 μετ’

132 1188 318 1224 ἑξητασμένης
339 1188 368 1215 δὲ
382 1189 498 1224 κρίσεως
514 1188 563 1223 τὴν
579 1188 715 1223 σωτηρίαν
737 1187 851 1223 παρέχει
865 1187 921 1218 τοῖς

131 1234 229 1262 ἑαυτοῦ
248 1236 366 1270 πτωχοῖς
382 1235 429 1262 καὶ
448 1236 504 1266 τοῖς
523 1235 591 1266 υἱοῖς
606 1234 660 1261 τῶν
676 1235 809 1270 πενήτων,
826 1232 863 1262 ὦν
874 1234 920 1262 καὶ

131 1283 148 1318 ἡ
171 1281 324 1317 προφητεία
350 1281 485 1316 μέμνηται
503 1280 633 1315 λέγουσα·
658 1290 667 1307 ι
686 1281 920 1315 Εὑαγγελίσασθαι

131 1329 249 1364 πτωχοῖς
261 1327 413 1355 ἀπέσταλκε
430 1336 478 1362 με·
494 1326 610 1362 κηρῦξαι
628 1327 808 1362 αἰχμαλώτοις
825 1329 920 1363 ἄφεσιν

132 1375 179 1402 καὶ
195 1374 306 1408 τυφλοῖς
320 1373 475 1408 ἀνάϐλεψιν.
485 1383 493 1399 ι
505 1374 633 1408 Πτωχοὺς
648 1373 675 1399 δὲ
690 1374 782 1406 ποίους
794 1375 885 1410 φησιν,
902 1375 919 1410 ἢ

130 1420 192 1452 τοὺς
209 1419 374 1454 δυναμένους
389 1418 488 1454 ὁμοίως
510 1417 607 1453 Παύλῳ
623 1418 729 1452 λέγειν·
746 1428 754 1444 ε
772 1420 851 1455 Ἀχρι
871 1420 920 1455 τῆς

131 1465 191 1501 ἄρτι
209 1464 285 1500 ὥρας
302 1466 350 1491 καὶ
378 1464 513 1499 πεινῶμεν
538 1464 584 1490 καὶ
597 1456 728 1499 διψῶμεν,
743 1464 789 1490 καὶ
816 1473 920 1500 γυμνη-

131 1511 256 1547 τεύομεν,
279 1511 327 1537 καὶ
341 1509 552 1545 κολαφιζόμεθα,
570 1510 617 1536 καὶ
629 1510 814 1545 ἀστατοῦμεν·
832 1520 841 1535 ι
858 1510 920 1542 τούς

130 1565 159 1585 τε
182 1557 285 1593 ὁμοίως
301 1557 397 1592 Πέτρῳ
422 1556 578 1591 φήσανταςι
597 1565 605 1581 ι
626 1556 768 1591 ¹Αργύριον
785 1557 832 1582 καὶ
854 1565 920 1591 χρυ-

132 1604 187 1631 σίον
201 1603 251 1638 οὐχ
267 1603 384 1639 ὑπάρχει
401 1611 455 1638 μοι.
473 1612 482 1627 ι
497 1602 641 1634 Τοιούτους
657 1602 684 1628 δὲ
701 1602 824 1637 πτωχοὺς
839 1603 919 1634 αὐτὸς
933 1599 954 1627 C

131 1649 219 1685 ἑαυτῷ
242 1647 430 1684 παρεσκεύαζε
452 1647 592 1683 παραινῶν
611 1647 647 1682 μὴ
671 1647 785 1682 κτῆσθαι
810 1648 920 1683 χρυσίον

132 1697 199 1734 μηδὲ
217 1696 348 1732 ἀργύριον
372 1692 411 1727 είς
430 1692 478 1727 τάξ
495 1695 592 1727 ζώνας,
621 1695 658 1730 μὴ
680 1695 770 1731 πήραν
793 1695 834 1726 εἰς
850 1695 918 1726 ὁδὸν,

131 1743 200 1779 μηδὲ
215 1742 262 1769 δύο
279 1742 395 1778 χιτῶνας
407 1762 414 1775 ,
432 1742 497 1778 μηδὲ
512 1741 672 1777 ὑποδήματα
682 1762 689 1773 ,
717 1742 783 1778 μηδὲ
812 1742 917 1777 ῥάϐδον.

133 1799 142 1816 ι
156 1789 280 1816 Toto-3:0:
295 1789 324 1816 δὲ
339 1787 408 1824 ἦσαν
421 1789 468 1815 καὶ
483 1789 507 1814 οἱ
524 1788 607 1815 πάλαι
624 1788 811 1824 περιελθόντες
823 1790 851 1814 ὲν
869 1797 920 1824 μη-

129 1836 238 1868 λωταῖς,
250 1836 279 1862 ὲν
295 1834 407 1869 αἰγείοις
427 1835 576 1870 δέρμασιν,
593 1834 804 1870 ὑστερούμενοι,
829 1834 919 1861 θλιϐό-

131 1890 216 1918 μενοι,
239 1881 470 1917 κακουχούμενοι,
484 1882 513 1908 ὲν
533 1882 661 1917 ἐρημίαις
688 1881 858 1917 πλανώμενοι
873 1882 920 1908 καὶ

129 1927 216 1963 ὄρεσι,
233 1927 280 1954 καὶ
294 1927 446 1962 σπηλαίοις,
460 1927 506 1953 καὶ
525 1929 585 1959 ταῖς
598 1928 677 1958 ὀπαῖς
692 1928 742 1962 τῆς
754 1927 813 1962 γῆς.
822 1937 831 1953 ι
850 1927 919 1953 Ἀλλ’

130 1975 154 2000 εί
172 1974 223 2009 μὲν
246 1973 348 2000 τούτων
374 1974 453 2008 μόνον
470 1973 671 2008 ἐμνημόνευσεν
685 1974 700 1999 ὁ
725 1973 820 2007 λόγος,
851 1974 919 2000 ἀπο-

130 2019 270 2047 κέκλειστο
290 2020 343 2051 πᾶς
359 2021 373 2046 ὀ
400 2019 437 2054 μὴ
451 2019 586 2051 τοιοῦτος·
611 2018 659 2045 νῦν
682 2019 710 2046 δὲ
732 2020 779 2046 καὶ
795 2019 920 2055 δεύτερον

130 2066 224 2102 τάγμα
247 2065 457 2101 καταριθμεῖται
483 2065 613 2099 φάσκων·
645 2074 655 2090 ‹
673 2065 728 2091 Καὶ
752 2064 832 2091 σώσει
858 2064 920 2096 τοὺς

131 2112 205 2143 υἱοὺς
219 2110 274 2137 τῶν
290 2111 424 2146 πενήτων.
440 2119 449 2136 ι
470 2110 529 2136 Υἱοὶ
549 2110 577 2136 δὲ
599 2111 721 2145 πενήτων
731 2108 800 2145 ἦσαν
820 2110 844 2136 οί
866 2110 920 2136 τῶν

130 2156 288 2184 ἀποστόλων
303 2157 351 2183 καί
379 2155 507 2191 μαθητῶν
531 2156 577 2182 τοῦ
603 2155 729 2190 Σωτῆρος
749 2154 828 2190 ἡμῶν
850 2154 920 2189 γνώ-

133 2211 217 2239 ριμοι,
228 2202 337 2233 ὁποίους
350 2201 438 2237 δηλῶν
451 2203 465 2228 ὁ
481 2201 640 2233 Ἀπόστολος
651 2201 742 2235 ἔλεγεν
752 2209 758 2215 ·
771 2211 780 2226 ι
793 2201 853 2227 Ἐὰν
866 2200 920 2237 γὰρ

132 2249 247 2281 πολλοὺς
261 2248 451 2283 παιδαγωγοὺς
465 2248 545 2283 ἔχητε
562 2248 591 2273 ὲν
604 2247 724 2283 Χριστῷ,
742 2247 799 2273 ἀλλ’
811 2248 840 2273 οὑ
857 2247 919 2274 πολ-

131 2294 193 2327 λοὺς
207 2294 342 2331 πατέρας·
359 2296 387 2321 ὲν
399 2294 453 2329 γὰρ
468 2294 578 2330 Χριστῷ
592 2293 678 2328 Ἰησοῦ
691 2293 745 2327 ἐγὼ
758 2293 830 2328 ὑμᾶς
846 2294 921 2327 ὲγέν-
938 2285 959 2312 Ῑ)

131 2347 218 2376 νησα·
236 2349 246 2366 ι
262 2341 310 2367 καὶ
325 2340 422 2367 πάλιν·
444 2350 454 2365 ε
469 2340 558 2366 Τέκνα
576 2348 625 2375 μου
638 2359 645 2370 ,
667 2339 714 2371 οὒς
738 2340 817 2366 πάλιν
834 2339 920 2366 ὠδίνω

131 2386 211 2422 ἄχρις
224 2383 255 2413 οὗ
272 2386 401 2422 μορφωθῇ
414 2386 530 2421 Χριστὸς
546 2387 574 2412 ὲν
586 2387 658 2420 ὑμῖν.
675 2396 684 2411 ι
701 2385 781 2412 Ἀλλὰ
795 2385 856 2417 τοὺς
872 2386 921 2420 μὲν

134 2432 259 2467 πτωχοὺς
273 2431 370 2458 ἑαυτοῦ
387 2432 434 2458 καὶ
450 2432 511 2463 τοὺς
527 2431 601 2463 υἱοὺς
615 2431 669 2457 τῶν
683 2431 806 2466 πενήτων
821 2431 869 2456 σὺν
880 2430 920 2456 δι-

131 2478 260 2514 καιοσύνῃ
275 2479 322 2505 καὶ
337 2479 403 2514 ὀρθῇ
421 2479 511 2514 κρίσει
533 2478 613 2510 σώζει
625 2487 631 2494 ·
650 2478 695 2504 τὸν
707 2478 735 2504 δὲ
748 2478 920 2513 συκοφάντην

133 2525 323 2561 προῃρημένον
339 2525 355 2560 ἥ
375 2526 423 2552 καὶ
437 2525 482 2551 τὸν
497 2525 559 2552 λαὸν
575 2524 657 2552 αὐτοῦ
674 2525 722 2551 καὶ
736 2524 785 2560 τὴν
806 2525 920 2559 Ἐκκλη-

134 2571 193 2598 σίαν
207 2571 335 2606 πολεμεῖν
352 2571 456 2607 (μυρίοι
477 2572 505 2598 δὲ
525 2571 689 2606 συκοφάνται
700 2572 749 2607 τὴν
758 2572 920 2606 Ἐκκλησίαν

133 2616 215 2644 αὐτοῦ
229 2616 422 2652 διαϐάλλουσι),
436 2617 482 2644 καὶ
497 2618 541 2644 τὸν
554 2618 610 2653 βίον
625 2618 679 2645 τῶν
691 2619 719 2645 ἐν
773 2618 921 2654 Ἐκκλησία

134 2663 215 2690 αὐτοῦ
230 2663 434 2700 διαπρεπόντων
457 2663 530 2690 ἄλλοι
549 2664 773 2699 συκοφαντοῦσιν·
797 2661 834 2691 ὧν
859 2666 920 2697 ἐπι-

135 2709 238 2745 στήσας
250 2711 282 2745 τῇ
296 2710 408 2744 τελευτῇ
425 2709 472 2736 τοῦ
490 2709 562 2744 βίου,
580 2710 639 2744 ὄψει
651 2711 725 2742 ὅπως
747 2711 852 2746 εἴρηται
878 2711 918 2743 τὸ,

136 2754 206 2782 «Καὶ
218 2755 382 2782 ταπεινώσει
401 2756 581 2791 συκοφάντην.
596 2756 668 2788 ι’Τίς
684 2756 738 2792 γὰρ
754 2757 808 2783 τῶν
822 2765 919 2792 τυραν-

179 2858 200 2874 ¹⁹
219 2857 302 2885 Zaeh.
320 2867 350 2891 ιι,
367 2859 410 2891 10,
428 2859 471 2886 Η.

137 2892 158 2909 ³⁸
175 2893 184 2920 l
201 2894 264 2920 Cor.
291 2902 326 2926 Iv,
350 2894 391 2921 i5.
431 2895 452 2910 ³⁸
469 2894 527 2924 Gal.
547 2903 584 2924 ιν.
604 2894 645 2923 19.

525 2859 548 2876 ³⁸
565 2860 688 2895 lsa.txi,
706 2861 729 2888 ί.
742 2862 762 2878 ²¹
780 2860 865 2890 lCor.
877 2862 905 2895 4,
925 2862 968 2889 Η.

971 968 1044 1003 regis
1064 977 1072 993 ι
1091 966 1228 1002 judicabit
1247 973 1379 1001 pauperes
1396 963 1500 1000 populi,
1525 967 1552 991 et
1567 964 1659 991 salvos
1676 963 1758 991 faciet

972 1015 1041 1042 ﬁlios
1058 1020 1224 1049 pauperum;
1245 1021 1254 1038 ι
1271 1019 1335 1038 nam
1352 1019 1414 1038 cum
1441 1010 1518 1045 prius
1544 1009 1632 1037 salute
1661 1009 1759 1045 dignos

968 1061 1132 1096 judicassot,
1144 1059 1184 1087 sic
1195 1059 1236 1086 eis
1248 1058 1363 1086 salutem
1381 1056 1512 1092 impertit.
1534 1055 1594 1082 Non
1611 1055 1683 1083 enim
1699 1055 1760 1082 sine

971 1106 1072 1143 praevio
1094 1106 1211 1141 judicio,
1229 1098 1287 1132 ised
1316 1104 1458 1139 prazmisso
1482 1102 1619 1134 examine,
1643 1101 1758 1129 salutem

972 1154 1074 1189 praebet
1084 1151 1251 1187 pauperibus
1268 1151 1326 1178 suis
1337 1155 1364 1177 et
1379 1149 1441 1176 ﬁliis
1454 1156 1618 1184 pauperum,
1639 1155 1757 1182 quorum

971 1200 1113 1236 prophetia
1128 1197 1252 1225 meminit
1263 1197 1357 1224 dicens
1371 1206 1378 1223 τ
1397 1205 1406 1221 ι
1424 1194 1619 1230 Evangelilare
1630 1193 1759 1229 pauperi-

972 1250 1023 1275 bus
1041 1246 1116 1274 misit
1137 1253 1181 1273 me
1195 1255 1201 1272 :
1216 1244 1365 1280 praedicare
1379 1242 1495 1278 captivis
1510 1241 1711 1272 dimissionem,
1731 1243 1760 1267 et

971 1293 1052 1321 caacis
1068 1293 1145 1320 visus
1157 1289 1359 1318 restitutionem
1375 1289 1408 1316 ‘°.
1426 1298 1435 1314 ι
1453 1287 1593 1316 Mendicos
1606 1295 1674 1315 vero
1688 1295 1759 1322 quos

971 1340 1019 1370 ait,
1032 1338 1086 1365 nisi
1097 1345 1145 1364 eos
1158 1336 1204 1371 qui
1219 1334 1330 1370 perinde
1343 1339 1423 1369 atque
1437 1333 1540 1360 Paulus
1552 1332 1644 1360 dicere
1656 1333 1759 1366 valent,

974 1396 983 1411 ‹
1005 1384 1097 1419 Usque
1115 1383 1142 1410 in
1158 1382 1229 1409 hanc
1244 1382 1338 1408 horam
1352 1385 1379 1408 et
1393 1380 1531 1407 esurimus
1545 1383 1572 1406 et
1590 1379 1709 1411 sitimus,
1731 1383 1761 1409 et.

971 1431 1036 1459 nndi
1049 1437 1153 1461 sumus,
1173 1433 1199 1456 et
1215 1427 1338 1462 colaphis
1355 1427 1494 1458 credimur,
1510 1430 1538 1454 et
1553 1426 1697 1453 instabiles
1709 1433 1759 1453 su—

972 1484 1034 1504 mus
1046 1477 1067 1492 "
1090 1485 1096 1502 :
1119 1485 1128 1501 )
1144 1479 1226 1509 atque
1238 1482 1287 1501 eos
1304 1474 1349 1508 qui
1364 1481 1427 1499 cum
1440 1472 1522 1500 Petro
1536 1472 1593 1499 haec
1607 1471 1683 1498 eﬁari
1695 1479 1759 1506 pos-

972 1525 1047 1552 sunt,
1064 1530 1073 1546 ‹
1086 1519 1235 1555 Argentum
1252 1522 1279 1545 et.
1294 1525 1390 1544 aurum
1406 1524 1459 1544 non
1476 1520 1518 1544 est
1529 1516 1637 1543 mihi“.
1656 1525 1666 1541 ›
1677 1515 1759 1543 Tales

973 1568 1025 1596 sibi
1039 1573 1173 1602 pauperes
1188 1564 1304 1600 paravit,
1315 1563 1476 1599 praecipiens
1487 1563 1540 1590 illis
1557 1566 1587 1589 ut
1600 1570 1654 1589 non
1669 1562 1759 1597 possi-

971 1615 1066 1642 derent
1091 1620 1188 1640 auruum
1214 1618 1302 1646 neque
1327 1613 1469 1645 argentum
1495 1609 1523 1636 in
1553 1608 1642 1641 zonis,
1669 1616 1759 1644 neque

971 1668 1063 1697 peram
1075 1659 1108 1686 ad
1122 1659 1206 1690 viam,
1219 1665 1307 1692 neque
1323 1656 1391 1684 duas
1409 1655 1527 1687 tunicas,
1545 1662 1634 1690 neque
1655 1654 1759 1681 calcea-

972 1711 1074 1738 menta,
1093 1712 1184 1739 neque
1195 1703 1298 1738 virgam
1310 1702 1344 1728 ".
1358 1701 1521 1735 Hnjnsmodi
1538 1700 1602 1727 item
1618 1703 1696 1727 erant
1718 1699 1758 1726 illi

970 1753 1035 1779 olim
1052 1761 1060 1777 ι
1080 1751 1285 1778 circumeuntes
1301 1748 1328 1774 in
1344 1747 1464 1778 melotis,
1481 1746 1509 1773 in
1530 1745 1646 1782 pellibus
1668 1745 1759 1780 capri-

971 1800 1026 1832 nis,
1044 1802 1166 1833 egentes,
1197 1795 1355 1830 angustiati,
1382 1793 1484 1825 aﬁlieti,
1510 1793 1538 1820 in
1565 1791 1759 1821 solitudinibus

971 1850 1109 1876 errantes,
1127 1843 1155 1870 in
1171 1842 1321 1871 montibus.
1336 1841 1363 1867 in
1380 1839 1519 1875 speluncis
1532 1844 1558 1866 et
1571 1839 1597 1865 in
1616 1838 1759 1866 foramini-

971 1893 1023 1920 bus
1038 1895 1117 1918 terra:
1128 1889 1162 1916 “.
1182 1898 1191 1914 ι
1220 1887 1273 1915 Sed
1289 1887 1312 1914 si
1332 1887 1414 1913 hosce
1427 1885 1514 1912 solum
1531 1891 1621 1912 sermo
1637 1891 1757 1911 comme-

971 1940 1115 1967 morasset,
1147 1934 1275 1962 exclusus
1306 1940 1372 1960 sane
1392 1932 1462 1959 foret
1495 1930 1621 1965 quisquis
1646 1929 1680 1956 iis
1702 1937 1758 1956 non

972 1983 1072 2012 similis
1090 1984 1173 2009 esset.
1192 1979 1227 2006 At
1247 1980 1304 2014 jam
1320 1979 1403 2005 alium
1418 1977 1541 2005 ordinem
1556 1979 1699 2003 enumerat
1716 1975 1760 2002 di—

970 2036 1048 2061 cens,
1067 2036 1076 2053 σ
1094 2026 1128 2054 Et
1140 2026 1232 2053 salvos
1246 2025 1327 2052 faciet
1343 2024 1412 2051 ﬁlios
1424 2029 1585 2058 pauperum.
1599 2031 1608 2047 ι
1620 2020 1683 2048 Filii
1695 2029 1758 2048 vero

971 2081 1119 2110 pauperum
1134 2075 1212 2099 erant
1228 2071 1414 2106 apostolorum
1430 2072 1456 2096 et
1479 2068 1675 2103 discipulorum
1697 2066 1759 2094 Ser-

970 2120 1074 2147 vatoris
1088 2119 1174 2146 nostri
1188 2118 1257 2149 noti.
1272 2125 1341 2152 quos
1361 2115 1507 2151 Apostolus
1518 2114 1593 2141 hisce
1613 2112 1704 2141 verbis
1716 2112 1759 2139 in-

973 2167 1090 2194 dicavit:
1107 2175 1115 2191 ι
1136 2165 1203 2193 Nam
1217 2164 1268 2193 etsi
1291 2163 1393 2190 multos
1409 2161 1571 2198 patdagogos
1589 2159 1710 2187 habeatis
1731 2159 1759 2185 in

972 2213 1093 2246 Christo,
1110 2212 1158 2240 sed
1179 2219 1234 2239 non
1252 2221 1258 2238 :
1280 2210 1380 2237 multos
1395 2213 1506 2245 patres:
1519 2208 1546 2235 in
1563 2207 1671 2234 Christo
1685 2205 1759 2233 enim

971 2259 1036 2287 Jesu
1051 2266 1100 2294 ego
1123 2266 1171 2286 vos
1187 2258 1266 2294 genui
1276 2258 1316 2290 “;
1341 2266 1350 2282 ι
1368 2264 1400 2283 ac
1422 2262 1533 2282 rursum
1558 2262 1566 2280 ι
1588 2262 1598 2278 ‹
1616 2251 1677 2279 Filii
1693 2251 1757 2282 mei,

973 2313 1043 2340 quos
1060 2312 1171 2332 rursum
1188 2303 1323 2339 parturio,
1339 2302 1426 2329 donec
1442 2301 1574 2328 formetur
1588 2298 1714 2325 Christus
1729 2297 1758 2323 in

973 2351 1050 2378 vobis
1064 2351 1096 2376 “.
1114 2360 1122 2376 ι
1137 2349 1238 2376 Verum
1255 2355 1390 2384 pauperes
1401 2354 1468 2374 suos
1483 2349 1510 2373 et
1525 2344 1595 2371 ﬁlios
1607 2341 1758 2378 pauperum

970 2396 1151 2432 cumjustitia
1166 2400 1193 2423 et
1207 2399 1283 2422 recto
1300 2393 1406 2429 judicio
1428 2393 1516 2420 salute
1530 2391 1623 2417 donat.
1647 2388 1759 2416 Calum-

971 2442 1087 2469 niatoris
1101 2446 1203 2472 autem,
1216 2439 1263 2475 qui
1283 2439 1310 2466 in
1327 2438 1446 2465 animum
1462 2435 1568 2463 induxit
1582 2434 1713 2470 populum
1731 2436 1759 2460 et

973 2487 1122 2515 Ecclesiam
1145 2486 1205 2521 ejus
1229 2487 1388 2519 impugnare
1426 2486 1508 2517 (nam
1535 2480 1657 2509 sexcenti
1675 2487 1757 2515 syco-

972 2533 1081 2567 phanta:
1108 2536 1171 2559 sunt
1200 2530 1246 2564 qui
1267 2529 1416 2556 Ecclesiam
1441 2527 1501 2562 ejus
1525 2525 1757 2561 calumniantur);

971 2576 1026 2602 imo
1042 2576 1123 2603 etiam
1136 2574 1254 2601 aliorum
1269 2573 1316 2608 qui
1336 2572 1413 2608 probi
1439 2571 1557 2599 instituti
1569 2571 1644 2599 viros
1663 2571 1691 2598 in
1706 2569 1758 2597 Ec-

970 2619 1054 2648 clesia
1064 2619 1126 2654 ejus
1143 2618 1331 2655 sycophantiis
1342 2618 1487 2653 impetunt,
1499 2617 1561 2644 vita:
1576 2617 1679 2645 exitum
1696 2624 1758 2652 per-

973 2666 1106 2702 pendens.
1128 2665 1213 2700 probe
1229 2665 1362 2699 intelliges
1387 2671 1435 2691 cur
1450 2663 1566 2695 dicatur,
1585 2673 1595 2688 ε
1621 2663 1654 2690 Ει
1669 2663 1759 2690 humi-

973 2712 1050 2739 liahit
1074 2711 1312 2739 calumniatorem.
1332 2720 1341 2736 ι
1359 2710 1426 2743 Quis
1445 2710 1518 2737 enim
1534 2717 1640 2741 eorum,
1657 2709 1703 2743 qui
1719 2712 1758 2743 ty-

972 2759 1086 2785 rannice
1113 2757 1140 2784 in
1167 2755 1317 2783 Salvatoris
1341 2755 1427 2783 nostri
1460 2755 1608 2783 Ecclesiam
1631 2757 1755 2789 egerunt,

1042 2806 1056 2823 ρ

1018 2863 1040 2879 ²¹
1055 2861 1115 2890 Act.
1132 2869 1172 2895 ιιι,
1186 2860 1213 2889 6.
1263 2861 1287 2877 "
1304 2860 1399 2889 Matth.
1415 2869 1440 2893 κ,
1453 2860 1479 2887 9.
1519 2859 1541 2875 "
1559 2858 1640 2887 llcbr.
1656 2866 1693 2892 xI,
1708 2857 1753 2885 57.
