2024 3214
260 184 313 212 799

594 180 727 210 EUSEBH
747 177 987 208 CESARIENSIS
1005 177 1052 205 Olli

1103 175 1191 205 PARS
1210 175 1254 211 ΠΙ.
1275 189 1307 196 -
1325 173 1530 202 EXEGETICA.

1834 170 1886 198 8Γῦ

261 251 375 278 eamque
392 242 557 277 blasphemis
577 243 658 270 dictis
675 246 702 269 et
715 240 903 277 sycophantiis
919 239 1046 266 traduxe-

1103 238 1258 269 νευσάντων,
1282 236 1394 272 καὶ¹τὴν
1413 235 1460 262 τοῦ
1477 234 1602 269 Σωτηρος
1624 241 1703 268 ημων
1725 230 1888 266 Ἐκκλησίαν

261 291 335 320 runt,
354 288 477 321 deiectus
492 295 546 314 non
564 287 637 314 fuit?
651 286 719 320 Quis
734 294 767 314 ex
784 285 953 320 sapientibus
967 284 1048 318 huius

263 333 355 360 szeculi
367 333 489 369 linguam
504 341 581 360 suam
595 333 705 360 exacuit
720 336 815 359 contra
837 331 955 359 divinam
974 330 1049 358 Scri-

263 383 382 414 pturam,
403 379 468 415 quin
483 379 669 415 sycophantiae
685 385 742 406 suae
766 378 881 413 pignora
905 376 1049 405 retulerit?

263 423 317 452 Sed
334 432 397 452 cum
414 425 484 452 bene
503 424 581 451 multi
601 424 776 459 sycophantae
789 428 883 450 contra
898 421 1048 449 Ecclesiam

262 469 324 502 ejus
336 469 548 501 insurrexerint.
565 476 716 504 omnesque
727 475 842 503 prorsus
853 467 950 502 dejecti
962 471 989 494 et
1003 466 1051 493 hu-

263 515 360 542 Iniliati
383 515 503 547 fuerint;
522 514 581 550 ipse
601 518 692 541 tamen
709 521 762 541 una
782 520 843 540 cum
855 512 912 539 sole
926 519 1051 548 perman-

263 567 358 593 surus,
376 569 408 588 ac
424 561 536 596 perinde
552 566 633 596 atque
646 561 687 588 sol
696 560 828 588 doctrina:
841 567 897 587 sua:
912 560 997 587 radiis
1009 564 1051 587 to-

262 611 322 633 turn
338 607 434 634 orbem
448 607 637 634 illustraturus
652 606 825 642 praedicitur;
840 610 866 633 et
878 609 941 633 ante
956 606 1050 632 lunam

263 653 373 681 futurus
399 654 614 688 pmnuntiatur;
648 653 704 680 sive
737 652 888 680 secundum
913 652 1050 686 Aquilam,

265 706 275 723 ι
293 698 325 725 Et
340 699 366 725 in
382 698 478 725 faciem
496 698 580 732 lunae;
598 709 607 724 ι
621 702 669 724 aut
680 696 831 724 secundum
844 696 1049 732 Symmachum,

265 752 275 768 ι
293 742 326 770 Et
340 744 367 770 in
384 747 533 778 conspectu
557 743 627 770 lunae
642 742 824 778 permanebit.
847 751 857 768 ι
884 741 943 768 Non
965 741 1051 772 enim,

264 795 329 816 ante
345 790 449 821 lunam,
466 789 493 816 id
505 794 556 823 est,
573 793 720 824 antequam
742 789 807 816 luna
830 788 924 821 fieret;
943 788 990 816 sed
1005 795 1052 815 co-

264 842 335 868 ram,
357 834 384 862 id
407 841 459 867 est,
488 835 516 862 in
541 842 691 870 conspecxu
720 835 792 862 luna:
814 837 856 862 est
872 834 1050 869 reputandus.

265 881 498 914 Quemadmodum
515 881 588 907 enim
610 880 653 907 sol
679 880 751 907 diem
771 876 857 907 efficit
883 886 946 906 cum
970 886 1053 914 super

264 932 366 954 terram
390 926 516 959 advenit;
533 927 597 953 luna
610 933 675 953 vero
688 925 792 953 lumine
806 932 857 952 suo
875 925 963 953 noctis
978 930 1050 952 tene-
1068 922 1088 950 Β

265 973 329 999 liras
342 972 424 1000 solvit
448 980 455 999 :
474 972 568 999 eodem
587 972 668 1000 modo
682 972 729 1007 qui
749 972 777 998 in
798 972 930 999 vaticinio
954 971 1050 1004 fertur,

264 1018 375 1053 perinde
392 1022 474 1053 atque
486 1019 549 1044 luna
562 1017 668 1044 animas
683 1018 710 1044 in
726 1017 847 1045 tenebris
861 1022 888 1044 et
902 1021 980 1044 nocte
992 1024 1052 1043 ver-

263 1068 358 1092 santes
374 1064 524 1096 illuminat;
542 1067 623 1099 atque
650 1063 734 1091 veluti
761 1064 802 1090 sol
828 1067 914 1090 totum
932 1062 1053 1090 illustrat

264 1111 369 1143 orbem,
385 1118 417 1138 ac
434 1114 575 1145 permanet
594 1114 621 1137 et
646 1114 804 1145 perseverat
825 1117 912 1145 usque
933 1109 966 1137 ad
986 1118 1053 1138 cono

264 1157 474 1184 snmmationem
491 1157 592 1184 saeculi.
615 1155 742 1189 Quandiu
758 1157 830 1183 enim
852 1156 893 1183 sol
911 1160 997 1183 totum
1008 1164 1053 1183 or-

264 1202 325 1230 bem
339 1202 468 1233 lmtificat,
488 1202 581 1229 tasdiu
597 1206 624 1229 et
648 1202 695 1230 ille
711 1210 764 1229 una
785 1210 848 1229 cum
864 1203 922 1230 sole
946 1210 1054 1238 perma-

264 1257 333 1276 nens
345 1252 372 1275 et
389 1256 568 1284 perseverans
583 1248 724 1275 hominum
737 1248 844 1276 animas
854 1249 990 1276 illuminat
1001 1258 1008 1282 ;
1021 1258 1053 1276 ac

264 1293 378 1329 perinde
396 1297 478 1328 atque
489 1293 551 1320 luna
564 1293 644 1328 plena
659 1294 686 1321 in
696 1294 889 1329 generationes
898 1295 1053 1330 generatio-

265 1347 328 1367 num
343 1338 493 1374 perdurare
509 1338 623 1366 dicitur.

301 1497 382 1526 Vnus.
407 1498 462 1526 es.
481 1508 490 1525 ι
514 1498 666 1527 Descendet
683 1498 756 1526 sicut
787 1498 879 1534 pluvia
898 1498 926 1525 in
953 1498 1053 1530 vellus,

265 1549 292 1571 et
310 1544 381 1571 sicut
403 1544 542 1572 stillicidia
559 1544 692 1571 stillantia
716 1551 799 1579 super
822 1547 933 1570 terram.
964 1553 973 1569 ι
1001 1543 1053 1570 De-

1100 284 1285 320 βλασφημίαις
1304 283 1352 309 καὶ
1379 280 1570 315 συκοφαντίαις
1598 277 1831 314 περιϐαλλόντων,
1856 277 1887 303 οὗ

1098 330 1311 362 τεταπείνωται;
1334 328 1381 360 Τίς
1406 327 1460 354 τῶν
1485 325 1574 360 σοφῶν
1599 324 1646 352 τοῦ
1667 323 1763 355 αἰῶνος
1780 322 1887 353 τούτου,

1098 377 1148 412 τὴν
1163 375 1245 402 αὑτοῦ
1262 375 1386 410 γλῶτταν
1403 374 1537 409 ἀκονήσας
1554 371 1624 399 κατὰ
1642 371 1692 406 τῆς
1708 370 1887 397 θειιπνεύστου

1099 423 1221 459 Γραφῆς,
1238 423 1269 448 οὐ
1283 421 1317 448 τὰ
1335 421 1461 456 ἐπίχειρα
1479 419 1596 447 πέπονθε
1619 418 1669 453 τῆς
1688 416 1886 452 συκοφαντίαςς

1107 469 1187 496 Ἀλλὰ
1203 468 1258 505 γὰρ
1274 468 1406 494 πλείστων
1421 468 1490 494 ὅσων
1511 465 1696 501 ἐπισταμένων
1713 463 1889 498 συκοφαντῶν

1100 516 1171 544 κατὰ
1184 516 1234 551 τῆς
1250 514 1413 550 Ἑκκλησίας
1423 513 1516 545 αὐτοῦ,
1528 513 1636 540 πάντων
1647 520 1676 538 τε
1689 511 1760 538 κατὰ
1774 510 1888 545 καιροὺς

1101 561 1318 597 ταπεινουμένων
1330 580 1337 593 ,
1354 560 1434 593 αὐτὸς
1449 559 1673 595 συμπαραμένειν
1695 557 1734 593 τῷ
1758 557 1826 593 ήλίῳ
1843 557 1888 583 θε-

1102 609 1236 641 σπίζεται,
1255 608 1355 644 ὁμοίως
1372 607 1438 643 ἡλίῳ
1453 608 1513 638 ταῖς
1530 606 1627 640 αὐγαῖς
1643 605 1693 640 τῆς
1710 603 1792 632 αὑτοῦ
1813 603 1889 630 διδα-

1103 655 1215 687 σκαλίας
1227 656 1272 682 τὸν
1286 654 1431 690 σύμπαντα
1444 653 1629 688 καταλάμπων
1643 653 1745 687 κόσμον
1755 659 1763 667 ·
1776 651 1824 678 καὶ
1837 650 1891 687 πρὸ

1101 701 1150 737 τῆς
1166 701 1279 736 σελήνης
1295 699 1324 726 δέ
1334 707 1340 715 ·
1356 699 1372 735 ἢ
1388 699 1457 726 κατὰ
1468 698 1513 725 τὸν
1528 698 1654 730 Ἀκύλαν,
1668 707 1676 723 ι
1690 698 1744 724 Καὶ
1755 697 1794 728 είς
1806 696 1892 732 πρόσ-

1101 754 1175 773 ωπον
1190 747 1239 781 τῆς
1254 745 1384 782 σελήνης·
1400 754 1408 771 ι
1435 745 1452 780 ἢ
1472 744 1542 771 κατὰ
1566 744 1612 771 τὸν
1637 743 1794 779 Σύμμαχον,
1811 753 1821 768 ι
1835 743 1891 770 Καὶ

1102 789 1256 825 ἔμπροσθεν
1270 789 1320 823 τῆς
1340 788 1453 825 σελήνης
1467 788 1598 824 διαμενεῖ.
1619 797 1628 814 ι
1641 788 1678 815 Οὐ
1701 787 1756 824 γὰρ
1770 787 1825 824 πρὸ
1841 788 1891 824 τῆς

1104 836 1228 871 σελήνης,
1243 835 1368 862 τουτέστι
1391 835 1455 870 πρὶν
1471 834 1596 868 γενέσθαι
1613 833 1662 870 τὴν
1680 834 1795 869 σελήνην
1807 843 1814 849 ·
1832 833 1891 860 ἀλλ’

1103 881 1217 908 ἐνώπιον
1229 880 1324 916 ὥσπερ
1339 879 1386 906 καὶ
1406 879 1560 915 ἔμπροσθεν
1571 878 1721 914 ἡγούμενος
1742 878 1793 914 τῆς
1812 878 1892 915 σελή-

1103 936 1161 963 νης.
1178 927 1283 962 Ὥσπερ
1297 926 1350 962 γὰρ
1363 925 1438 961 ἥλιος
1462 926 1509 962 μὲν
1525 926 1631 962 ἡμέραν
1648 924 1796 961 ἐργάζεται
1819 925 1892 961 ὑπὲρ

1101 975 1154 1009 γῆς
1168 973 1312 1009 γενόμενος
1323 981 1329 988 -
1353 971 1451 1008 σελήνη
1467 972 1495 998 δὲ
1515 972 1611 1003 νυκτὸς
1633 971 1734 998 διαλύει
1748 971 1779 998 τὸ
1796 971 1892 1003 σκότος

1101 1020 1140 1055 τῷ
1164 1019 1263 1054 ἑαυτῆς
1285 1018 1371 1053 φωτί·
1387 1019 1432 1045 τὸν
1455 1017 1537 1044 αὐτὸν
1560 1016 1661 1052 τρόπον
1683 1015 1729 1042 καὶ
1748 1015 1763 1041 ό
1783 1023 1893 1050 προφη-

1101 1066 1244 1101 τευὸμενος
1259 1066 1360 1101 ὁμοίως
1374 1066 1423 1101 μὲν
1440 1064 1537 1099 σελήνῃ
1550 1063 1599 1094 τὰς
1613 1063 1642 1088 ὲν
1657 1062 1744 1097 σκότῳ
1755 1061 1802 1088 καὶ
1814 1062 1894 1087 νυκτὶ

1102 1112 1288 1148 τυγχανούσας
1303 1112 1391 1147 ψυχὰς
1407 1109 1529 1146 φωτίζει,
1555 1109 1622 1144 ἡλίῳ
1642 1108 1670 1135 δὲ
1693 1106 1894 1144 παραπλησίως

1102 1159 1147 1186 τὸν
1162 1158 1309 1194 σύμπαντα
1328 1157 1500 1192 καταλάμπει
1523 1155 1634 1192 κόσμον,
1650 1154 1771 1189 διαμένει
1793 1161 1824 1180 τε
1845 1153 1894 1180 καὶ

1103 1204 1312 1241 συμπαραμένει
1328 1204 1390 1239 ἄχρι
1410 1204 1459 1239 τῆς
1476 1202 1628 1234 συντελείας
1650 1201 1696 1228 τοῦ
1722 1200 1831 1232 αἰῶνος.
1845 1200 1893 1232 Et;

1101 1253 1164 1279 ὅσον
1177 1252 1231 1288 γὰρ
1243 1252 1318 1287 ἥλιος
1335 1251 1379 1277 τὸν
1398 1251 1542 1286 σύμπαντα
1561 1249 1702 1285 φαιδρύνει
1721 1248 1834 1284 κόσμον,
1853 1249 1894 1280 είς

1101 1298 1227 1325 τοσοῦτον
1240 1298 1287 1324 καὶ
1300 1297 1380 1329 αὐτὸς
1392 1297 1431 1332 τῷ
1447 1297 1515 1332 ἡλίῳ
1531 1295 1751 1332 ωμπαραμένων
1766 1296 1814 1322 καὶ
1831 1303 1894 1322 συν-

1103 1343 1289 1379 εκτεινόμενος
1315 1343 1364 1374 τὰς
1394 1343 1447 1368 τῶν
1477 1340 1628 1378 ἀνθρώπων
1650 1340 1762 1376 φωτίζει
1785 1340 1892 1376 ψυχάς·

1103 1390 1232 1421 ὡσαύτως
1247 1389 1276 1416 δὲ
1292 1390 1338 1416 καὶ
1356 1388 1454 1426 σελήνῃ
1475 1388 1624 1424 πλησιφαεϊ
1639 1387 1837 1424 παραπλησίως
1853 1388 1894 1419 είς

1103 1436 1199 1472 γενεὰς
1214 1435 1314 1471 γενεῶν
1328 1435 1437 1469 λέγεται
1449 1434 1582 1470 διαρκεῖν.

1141 1503 1149 1518 ι
1164 1492 1356 1528 Καταϐήσεται
1370 1491 1407 1523 ὡς
1420 1491 1497 1522 ὑετὸς
1511 1490 1557 1517 ἐπὶ
1573 1490 1667 1521 πόκον,
1684 1489 1732 1516 καὶ
1747 1489 1814 1515 ὡσεὶ
1829 1497 1896 1515 στα-

1103 1538 1180 1573 γόνες
1196 1537 1340 1569 στάζουσαι
1354 1537 1400 1563 ἐπὶ
1420 1535 1470 1571 τὴν
1483 1535 1546 1571 γῆν.
1558 1545 1567 1562 ι
1583 1534 1742 1562 Κατάϐασιν
1758 1533 1805 1561 τοῦ
1824 1533 1894 1561 Θεοῦ

266 1597 393 1617 scensum
410 1589 456 1617 Dei
471 1589 550 1617 Verbi
566 1589 714 1625 intelligas,
730 1589 754 1617 si
773 1589 931 1617 consideres
942 1590 1052 1623 deprcs-

1103 1585 1189 1619 Λόγου
1204 1585 1319 1620 νοήσεις,
1334 1583 1483 1618 ἐπιστήσας
1501 1584 1534 1618 τῇ
1545 1581 1694 1609 καταϐάσει
1714 1581 1760 1608 καὶ
1774 1582 1808 1616 τῇ
1825 1589 1897 1617 συμ-

265 1637 371 1663 sionem
387 1639 414 1661 et
425 1636 680 1670 attemperationem
692 1642 746 1669 qua
759 1642 789 1662 se
804 1634 946 1661 hominum
961 1634 1052 1669 parvi-

266 1681 316 1708 tati
333 1680 484 1715 adaptavit,
499 1688 560 1707 cum
583 1689 593 1705 ι
614 1679 768 1707 humiliavit
791 1679 969 1713 semetipsum
998 1678 1053 1706 for-

266 1732 337 1752 mam
348 1725 419 1752 servi
431 1723 582 1759 accipiens,
592 1727 619 1751 et
631 1723 727 1750 habitu
737 1723 863 1751 inventus
873 1727 903 1750 ut
911 1723 992 1750 homo
1002 1723 1050 1749 ³⁷.»

266 1769 357 1802 Quare
369 1769 480 1801 dicitur,
499 1778 509 1794 ι
528 1767 691 1796 Descendet.
711 1777 720 1794 ι
737 1767 856 1795 Necesse
871 1775 936 1794 vero
957 1766 1007 1794 fuit
1024 1771 1053 1794 ut

264 1815 390 1850 exemplo
403 1815 546 1850 prophetia
568 1817 690 1842 uteretur
706 1814 812 1848 dicens,
830 1824 839 1841 ι
867 1815 945 1842 Sicut
960 1815 1053 1850 pluvia

265 1861 294 1889 in
310 1862 406 1889 vellus.
425 1870 434 1887 ›
450 1860 528 1894 Quod
539 1861 666 1889 similiter
681 1861 779 1896 reliqui
792 1868 888 1889 omnes
896 1861 1051 1893 ediderunt,

265 1909 363 1944 Aquila
393 1909 510 1942 sciliCet,
539 1918 548 1934 ‹
578 1908 611 1935 Et
634 1908 782 1937 descendet
803 1908 877 1936 sicut
905 1908 998 1943 pluvia
1026 1909 1053 1935 in

266 1956 379 1992 pellem;
400 1964 410 1981 ι
431 1954 623 1991 Symmachus,
653 1963 663 1980 ‹
695 1953 849 1982 Descendct
865 1954 938 1981 sicut
955 1962 1001 1982 ros
1026 1954 1053 1982 in

265 2003 369 2035 vellus;
399 2011 409 2028 ι
438 2003 553 2037 parique
574 2002 655 2029 modo
685 2001 784 2036 reliqui
810 2002 985 2036 interpretes.
1004 2001 1055 2028 de-

267 2049 403 2076 clarantes
432 2047 525 2079 Verbi,
554 2048 627 2082 quod
657 2048 685 2075 in
715 2048 876 2083 prophetia,
904 2047 991 2074 fertur
1020 2055 1052 2074 ex

267 2093 388 2126 sublimi,
404 2093 463 2121 sive
477 2101 510 2120 ex
523 2094 592 2128 ipsis
606 2094 695 2127 cmlis,
711 2094 873 2121 descensum
889 2093 915 2120 in
928 2097 1027 2120 terram
1044 2102 1051 2120 :

267 2139 413 2175 ipsumque
439 2139 532 2173 quiete
558 2146 590 2166 ac
615 2141 727 2170 sensim,
753 2139 911 2166 adVertente
934 2139 1052 2172 nemine,

267 2185 444 2212 descendisse
463 2184 680 2212 subindicantes.
704 2184 799 2211 Pluvia
813 2185 913 2220 quippe
926 2185 953 2212 in
966 2185 1054 2215 vellus

266 2231 391 2259 insensili
407 2230 487 2258 modo
503 2230 563 2258 sine
578 2230 693 2265 strepitu
711 2229 873 2257 demittitur.
890 2229 959 2263 Quia
971 2229 1053 2265 igitur

1105 1631 1242 1667 περιφορᾷ
1257 1630 1316 1657 καθ’
1332 1630 1365 1666 ἢν
1378 1625 1619 1665 συμπεριενεχθεὶς
1633 1629 1666 1664 τῇ
1677 1627 1730 1654 τῶν
1740 1626 1896 1663 ἀνθρώπων

1106 1677 1286 1713 σμικρότητι,
1312 1685 1321 1701 ε
1342 1675 1522 1702 ἐταπείνωσεν
1545 1674 1638 1701 ἑαυτὸν
1667 1673 1773 1710 μορφὴν
1799 1673 1894 1700 δούλου

1103 1722 1203 1755 λαϐὼν,
1224 1723 1270 1749 καὶ
1287 1722 1416 1757 σχήματις
1424 1720 1544 1757 εὑρεθεὶς
1559 1720 1598 1752 ὡς
1621 1720 1773 1756 ἅνθρωπος.
1790 1729 1799 1745 ι
1823 1721 1864 1746 Δι’
1880 1719 1895 1746 δ

1104 1769 1248 1796 λέλεκταιο
1278 1779 1288 1794 ι
1307 1768 1509 1803 Καταϐήοεται.
1532 1777 1541 1793 ι
1576 1766 1744 1801 Ἀναγκαίως
1777 1766 1806 1793 δὲ
1847 1767 1896 1793 καὶ

1104 1815 1306 1851 παραδείγματι
1334 1814 1465 1850 κέχρηται
1495 1813 1646 1849 προφητεία
1671 1813 1796 1847 φήσασα,
1816 1822 1825 1838 ε
1852 1812 1896 1844 Ὡς

1105 1861 1180 1893 ὑετὸς
1210 1861 1256 1888 ἐπὶ
1294 1860 1386 1887 πόκον.
1415 1869 1423 1886 ι
1455 1861 1488 1886 Ὃ
1512 1860 1544 1895 δὴ
1570 1858 1721 1894 συμφώνως
1750 1860 1775 1886 ol
1805 1859 1896 1886 λοιτωὶ

1105 1905 1202 1937 πάντες
1214 1906 1388 1941 ήρμήνευσαν
1397 1912 1403 1919 ’
1423 1904 1537 1936 ’Λκύλας
1550 1905 1598 1940 μὲν
1609 1904 1703 1937 εἰπὼν,
1721 1914 1730 1930 ι
1742 1905 1796 1932 Καὶ
1809 1913 1895 1932 κατα-

1105 1952 1218 1988 ϐήσεται
1234 1951 1272 1982 ὡς
1285 1951 1362 1983 ὑετὸς
1380 1951 1426 1977 ἐπὶ
1442 1951 1558 1987 κουράν*
1577 1960 1586 1977 ›
1602 1951 1749 1986 Σύμμαχος
1759 1951 1798 1982 δὲ.
1816 1961 1826 1977 ‹
1838 1952 1896 1978 Κα-

1103 1996 1251 2033 ταϐήσεται
1274 1997 1312 2029 ὼς
1333 1997 1428 2033 δρόσος
1463 1997 1509 2024 ἐπὶ
1531 1997 1630 2024 πόκον·
1654 2007 1663 2023 ι
1687 1997 1733 2024 καὶ
1752 1998 1777 2024 οι
1807 1997 1896 2024 λοιποὶ

1105 2043 1272 2079 ἐρμηνευταὶ
1286 2044 1387 2079 ὁμοίως
1397 2052 1404 2058 ·
1422 2043 1608 2079 παριστῶντες
1622 2043 1669 2070 τοῦ
1691 2044 1778 2078 Λόγου
1800 2043 1850 2080 τὴν
1865 2044 1895 2077 ἐξ

1105 2087 1188 2123 ὕψους
1202 2089 1250 2125 τὴν
1275 2088 1304 2121 ἐξ
1327 2088 1418 2116 αὐτῶν
1440 2089 1563 2125 οὐρανῶν
1578 2089 1688 2117 κάθοδον
1705 2090 1751 2116 ἐπὶ
1773 2090 1831 2128 γῆς.
1848 2090 1894 2118 τοῦ

1104 2136 1358 2172 προφητευσμένου·
1376 2137 1423 2163 καὶ
1448 2137 1486 2168 ὠς
1498 2137 1590 2172 ἡρέμα
1614 2137 1659 2164 καὶ
1675 2137 1763 2172 ἠσυχῆ
1781 2137 1894 2172 μηδενὸς

1103 2175 1264 2217 αἰσθομένου
1277 2182 1476 2218 καταϐέϐηκεν.
1489 2183 1581 2214 ’Υετὸς
1597 2183 1652 2218 γὰρ
1667 2183 1714 2210 ἐπὶ
1729 2183 1814 2210 πόκον
1830 2192 1883 2210 κατ

1107 2229 1170 2261 ιὼν,
1196 2228 1402 2265 ὰνεπαισθήτως
1430 2230 1477 2256 καὶ
1507 2229 1627 2265 ἀψοφητὶ
1656 2230 1788 2256 κάτεισιν.
1818 2230 1895 2257 Ἐπεὶ

267 2273 421 2302 Servatoris
444 2274 533 2302 nostri
551 2274 690 2310 generatio
707 2273 858 2301 secundum
875 2281 987 2301 carnem
1005 2274 1052 2301 tali

1105 2277 1194 2304 τοίνυν
1218 2278 1235 2312 ή
1254 2276 1325 2303 κατὰ
1353 2277 1442 2312 σάρκα
1464 2277 1571 2311 γένεσις
1588 2277 1635 2304 τοῦ
1664 2277 1789 2313 Σωτῆρος
1816 2277 1893 2313 ήμῶν

265 2321 471 2356 dispensatione
486 2320 557 2348 facta
574 2324 628 2352 est,
646 2324 675 2347 ut
688 2327 722 2347 ne
732 2327 765 2347 ex
774 2321 873 2347 vicinis
885 2320 994 2355 quidem
1009 2321 1051 2348 ul-

265 2367 308 2394 lus
320 2367 508 2403 conceptionis
525 2371 552 2394 et
576 2371 671 2402 partus
684 2371 787 2394 sancta;
807 2365 927 2401 Virginis
946 2371 1050 2402 myste-

266 2413 336 2440 rium
349 2413 391 2441 vel
402 2413 534 2449 cogitaret
542 2413 583 2441 vel
598 2413 722 2446 audiret;
740 2412 813 2448 quod
831 2412 920 2446 ipsum
933 2419 1052 2447 praesens

266 2465 356 2485 sermo
367 2458 551 2486 subindicavit
562 2458 657 2486 dicens
668 2467 674 2485 :
691 2468 700 2483 ι
717 2457 868 2486 Descendct
879 2457 950 2484 sicut
962 2457 1053 2493 pluvia

266 2504 294 2531 iu
308 2503 410 2537 vellus;
430 2515 438 2530 ι
456 2510 483 2532 et
499 2505 581 2537 alias,
595 2505 660 2540 quia
677 2505 764 2533 vellus
779 2505 870 2532 Ovium
895 2506 974 2541 pellis
998 2510 1052 2540 est,

265 2549 288 2576 si
312 2549 416 2584 cogites
441 2550 614 2579 Servatorem
640 2551 728 2586 ipsum
751 2551 788 2578 ita
806 2552 945 2584 docuisse.
964 2562 973 2578 ‹
992 2552 1052 2580 Νοη

265 2595 326 2622 veni
342 2595 396 2623 nisi
412 2596 446 2623 ad
463 2604 529 2625 oves
545 2605 606 2633 qua:
620 2598 761 2632 perierunt
775 2598 873 2626 domus
893 2599 976 2627 Israel
993 2599 1049 2634 ¹⁸;ι

264 2648 386 2676 praesens
413 2641 516 2669 dictum
542 2643 701 2678 hujusmodi
730 2644 790 2671 voci
815 2645 967 2680 coaptabis.
995 2644 1054 2672 Non

264 2687 337 2714 enim
353 2686 386 2714 ad
402 2687 484 2714 aliam
499 2692 606 2723 gentem
619 2688 772 2722 descendit,
791 2690 839 2718 sed
855 2690 890 2718 ad
906 2691 992 2719 solam
1009 2690 1054 2718 Ju-

264 2733 390 2766 daieam,
425 2741 509 2768 penes
536 2743 618 2770 quam
647 2741 833 2765 commoratus
856 2742 909 2766 est.
943 2737 1052 2765 Primus

265 2787 330 2815 ergo
341 2781 400 2813 ejus
415 2779 564 2808 descensus
584 2782 647 2809 talis
659 2783 720 2814 fuit,
735 2784 825 2818 qualis
838 2784 938 2819 pluviae
952 2783 980 2811 in
993 2784 1050 2811 vel-

265 2825 308 2854 lus
335 2825 485 2854 secundum
507 2827 564 2862 jam
582 2827 709 2855 traditam
740 2829 884 2858 rationem.
912 2829 977 2857 Post
993 2829 1049 2857 haec

301 2875 322 2890 ¹⁷
342 2873 442 2908 Philip.
456 2883 486 2906 ll,
498 2875 525 2903 8.
566 2876 589 2892 ’⁸
608 2875 704 2904 Matth.
721 2885 765 2910 vv,
782 2877 828 2904 (ξι,

304 2924 338 2958 (ις
359 2922 440 2950 Forte
455 2925 519 2955 τοῖς.

1103 2323 1231 2359 τοιαύτην
1245 2323 1376 2359 ἀνείληφε
1389 2323 1439 2359 τὴν
1451 2325 1617 2359 οἰκονομίαν,
1629 2324 1666 2355 ὡς
1683 2323 1785 2359 μηδένα
1800 2325 1896 2359 νοῆσαι

1106 2370 1172 2406 μηδὲ
1188 2370 1363 2406 ἀκουσθῆναι,
1376 2370 1442 2406 μηδὲ
1454 2370 1515 2402 τοὺς
1525 2370 1563 2405 (1)
1572 2371 1604 2397 ἐκ
1620 2369 1748 2404 γειτόνων
1756 2369 1897 2397 οίκοῦσιτὺ

1107 2417 1254 2452 μυστήριον
1272 2416 1322 2452 τῆς
1340 2416 1496 2452 συλλήψεως
1509 2418 1556 2443 καὶ
1569 2416 1615 2443 τοῦ
1629 2416 1739 2443 τοκετοῦ
1752 2416 1803 2451 τῆς
1817 2416 1897 2450 ἁγίας

1105 2462 1255 2499 Παρθένου.
1280 2462 1359 2489 Τοῦτ’
1384 2463 1466 2494 αὐτὸς
1495 2463 1509 2489 ὁ
1542 2461 1637 2498 παρὼν
1664 2461 1774 2498 ᾐνίξατο
1799 2462 1895 2496 λόγος,

1106 2508 1208 2536 εἰπών·
1228 2517 1238 2534 ‹
1253 2508 1446 2544 Καταϐήσεται
1465 2507 1503 2540 ὡς
1528 2508 1603 2540 ὑετὸς
1630 2509 1676 2534 ἐπὶ
1693 2508 1792 2534 πόκον·
1819 2518 1828 2534 ι
1850 2508 1896 2535 καὶ

1106 2553 1202 2587 ἄλλως,
1218 2554 1311 2588 ἐπειδὴ
1328 2555 1412 2586 πόκος
1429 2554 1572 2589 προϐάτων
1593 2554 1674 2590 δορὰ,
1700 2554 1800 2590 νοήσας
1822 2555 1896 2586 ὅπως

1105 2599 1187 2632 αὐτὸς
1201 2600 1325 2627 ἐδίδασκε
1347 2600 1434 2634 λέγων
1453 2601 1467 2627 ό
1482 2601 1593 2637 Σωτήρ·
1611 2610 1619 2626 ι
1639 2601 1696 2628 Οὺκ
1717 2598 1800 2636 ἦλθον
1818 2602 1844 2628 εἰ
1858 2601 1895 2636 μὴ

1107 2647 1147 2687 εἰς
1173 2646 1207 2673 τὰ
1233 2646 1358 2682 πρόϐατα
1382 2646 1417 2674 τὰ
1441 2647 1600 2674 ἀπολωλότα
1628 2646 1703 2673 οἴκου
1735 2647 1864 2682 Ἰσραήλ·
1884 2656 1892 2671 ι

1106 2692 1272 2727 ὲφαρμόσεις
1288 2693 1319 2719 τὺ
1335 2694 1420 2728 παρὸν
1433 2692 1523 2728 λόγιον
1542 2695 1575 2729 τῇ
1590 2692 1673 2721 αὑτοῦ
1684 2694 1769 2728 φωνῇ.
1785 2693 1824 2720 Οὐ
1841 2693 1895 2728 γὰρ

1106 2739 1160 2768 ἐπὶ.
1176 2739 1269 2774 ἕτερον
1291 2738 1367 2771 ἔθνος
1389 2739 1592 2776 καταϐέϐηκεν,
1613 2740 1670 2767 ἀλλ’
1696 2739 1741 2766 ἐπὶ
1760 2739 1842 2775 μόνον
1864 2739 1895 2766 τὸ

1111 2785 1253 2817 Ἰουδαίων,
1268 2785 1332 2821 παρ’
1349 2783 1390 2817 οἷς
1406 2786 1451 2813 καὶ
1465 2786 1514 2818 τὰς
1530 2786 1670 2822 διατριϐὰς
1684 2787 1841 2821 ἐποιήσατο.
1860 2786 1893 2812 Ἦ

1106 2831 1154 2865 μὲν
1173 2829 1218 2858 οὖν
1239 2831 1334 2867 πρώτη
1358 2833 1508 2865 κατάϐασις
1532 2833 1614 2860 αὑτοῦ
1628 2833 1737 2868 γέγονεν
1756 2833 1794 2865 ὡς
1817 2832 1893 2864 ὑετὸς
