2024 3214
156 175 203 204 801

716 174 966 202 COMM'ENTARIA
987 174 1019 201 IN
1037 173 1207 202 μελιτος.
1243 158 1284 192 ’⁸⁸

1718 178 1772 206 802

154 235 201 262 ἐπὶ
230 233 314 261 πόκον
330 233 398 260 κατὰ
423 233 485 265 τοὺς
508 232 689 264 ἀωδοθέντας
719 233 852 267 τρόπους·
876 233 938 267 μετὰ

995 236 1095 263 autem,
1108 239 1162 259 non
1179 232 1250 259 ultra
1265 231 1335 260 sicut
1362 233 1387 258 in
1413 233 1509 266 vellus,
1529 233 1575 261 sed
1598 241 1696 269 magno
1710 243 1772 264 cum

155 278 238 306 ταῦτα
255 278 284 306 δὲ
309 278 399 305 οὐκέτι
426 278 463 310 ὡς
489 279 534 305 ἐπὶ
559 278 660 309 πόκον,
690 277 757 304 ἀλλὰ
787 278 836 303 σὺν
858 277 941 313 πολλῇ

156 323 260 360 κινήσει
270 333 276 338 ·
294 324 341 350 καὶ
353 323 454 355 κτύπος
467 323 629 356 ἐξάκουστος
638 323 733 357 γέγονε
747 323 807 350 καθ’
819 323 882 358 ὅλης
894 323 942 358 τῆς

156 369 317 404 οίκουμένης
328 370 344 404 ἡ
356 369 513 397 διδασκαλία
525 369 617 396 αὑτοῦ.
630 369 667 395 Δι’
679 369 693 396 ὃ
703 368 855 402 ὲπιλὲγεται
867 368 940 403 ἑξῆς,

159 423 168 439 ι
181 414 228 440 καὶ
243 414 309 440 ὡσεὶ
332 414 460 448 σταγόνες
475 414 620 446 στάζουσαι
643 413 690 440 ἐπὶ
710 413 760 449 τήν
776 413 836 448 γῆν.
848 423 857 439 ι
874 413 942 440 22rd.-

156 459 232 493 γόνες
244 459 298 496 γὰρ
314 459 330 494 ἡ
353 459 467 493 ψεκάδες
484 459 553 486 κατὰ
571 459 633 490 τοὺς
648 459 758 490 λοιποὺς
773 458 941 494 ὲρμηνευτὰς

158 505 301 537 στάζουσαι
318 505 364 531 ὲπὶ
387 506 436 540 τὴν
453 505 503 540 γῆν
530 505 618 532 οὐκέτ’
636 504 769 540 ἀψοφητὶ,
789 504 836 530 σὺν
853 504 942 540 πολλῷ

156 552 183 577 δὲ
201 552 279 587 ψόφῳ
292 551 412 578 κατίασι.
431 551 486 577 Καὶ
502 551 580 577 τοῦτο
591 551 619 577 δὲ
634 550 708 582 τέλος
722 550 877 585 ἐτύγχανεν,
898 550 941 576 ore

156 599 195 629 είς
206 598 296 624 πᾶσαν
307 597 356 633 τὴν
369 597 420 632 γῆν
436 597 546 632 ἐξῆλθεν
560 598 574 623 ὁ
585 596 701 631 φθόγγος
720 596 774 622 τῶν
787 595 941 623 ἀποστόλων

155 643 246 674 αὑτοῦ.
256 643 306 670 ’καὶ
318 644 358 675 είς
371 643 406 669 τὰ
422 643 526 677 πέρατα
539 643 589 677 τῆς
607 642 767 677 οἰκουμένης
782 642 816 669 τὰ
833 643 941 679 ρὴματα

156 689 254 716 αὐτῶν.

189 746 299 778 Τούτοις
313 746 375 781 ἑξῆς
386 746 501 782 εἴρηται·
529 756 539 773 ι
561 747 695 774 Ἀνατελεῖ
706 748 735 774 έν
748 747 808 779 ταῖς
824 745 941 782 ἡμέραις

155 792 235 819 αὺτοῦ
248 792 404 827 δικαιοσύνη
420 792 466 819 καὶ
480 792 580 828 πλῆθος
594 794 705 829 εἰρήνης
714 802 720 808 ·
741 803 750 819 ι
768 793 840 820 κατὰ
850 793 879 818 δὲ
893 792 940 819 τὸν

162 838 285 872 Ἀκύλαν,
300 848 308 864 ι
323 838 471 874 Βλαστήσει
492 840 521 865 ὲν
536 839 652 875 ἡμέραις
669 839 752 866 αὑτοῦ
774 839 876 870 δίκαιος
894 839 940 865 καὶ

155 883 255 919 πλῆθος
269 884 379 919 εἰρήνης
390 891 397 898 ’
413 893 422 909 ι
443 883 511 910 κατὰ
527 883 555 909 δὲ
569 883 616 909 τὸν
638 882 793 918 Σύμμαχον,
813 892 822 908 ‹
847 881 939 916 ’Δνθὴ-

155 937 195 955 σει
215 929 243 954 ὲν
269 929 328 959 ταῖς
348 927 464 963 ἡμέραις
493 926 574 953 αὑτοῦ
596 927 709 958 δίκαιος.
732 935 741 952 ι
767 925 883 961 Ἡμέραι
912 924 940 951 δὲ

153 973 199 1000 τοῦ
221 973 346 1008 Σωτῆρος
373 972 450 1008 ἡμῶν
476 973 503 999 αἱ
529 972 582 999 ἀπὸ
606 971 656 1006 τῆς
680 971 830 1007 παρουσίας
857 970 939 997 αὐτοῦ

155 1020 234 1056 μέχρι
244 1019 294 1055 τῆς
306 1018 460 1050 συντελείας
475 1018 521 1045 τοῦ
531 1018 628 1050 αἰῶνος
635 1018 821 1054 νοηθὴσονται.
835 1017 940 1053 ’Ὠσπερ

153 1064 206 1100 γὰρ
222 1064 356 1099 ἀκούομεν
374 1064 415 1095 τὸ,
435 1073 444 1089 ι
471 1063 514 1090 Ἐν
531 1064 590 1095 ταῖς
613 1063 730 1098 ἡμέραις
746 1062 836 1094 Δαυῖδ,
855 1072 864 1088 ι
880 1063 937 1095 καὶ,

156 1119 164 1135 ι
189 1110 233 1136 Ἑν
254 1109 370 1145 ἡμέραις
392 1109 541 1145 ἰεροὸοάμ,
570 1118 579 1135 ι
602 1109 688 1140 οὓτως
715 1107 768 1135 εἷεν
790 1109 822 1136 ἂν
838 1109 939 1144 ἡμέραι

151 1155 197 1182 τοῦ
218 1155 446 1191 Σωτῆρος
470 1154 539 1181 Ἀλλ’
560 1155 659 1180 ἐκεῖνοι
677 1154 736 1189 μὲν,
753 1155 821 1190 πρὸς
849 1154 938 1188 ὀλίγον

100 1215 103 1218 λ
151 1202 290 1236 φανέντες,
305 1201 401 1228 θᾶττον
418 1200 639 1236 ἀπεσϐέσθησαν·
657 1200 691 1227 δι’
708 1201 722 1227 ὃ
737 1201 782 1227 καὶ¹
797 1201 825 1227 αι
839 1200 939 1237 ἡμέραι

151 1246 240 1273 αὐτῶν
262 1245 401 1279 ἐξέλιπον·
420 1246 448 1272 αἱ
468 1245 497 1272 δὲ
518 1245 621 1281 ἡμέραι
643 1245 690 1272 τοῦ
717 1245 842 1281 Σωτῆρος
862 1245 939 1281 ἡμῶν

151 1292 246 1319 ὁπόσαι
268 1291 441 1326 τυγχάνουσι,
455 1291 560 1325 φθάσας
575 1291 589 1317 ὁ
605 1291 682 1325 λόγος
693 1291 828 1326 ἐδήλωσεν
843 1290 936 1317 εἰπών·

154 1347 163 1363 ι
181 1338 392 1374 Συμπαραμενεῖ
403 1336 442 1373 τῷ
452 1337 518 1372 ἡλίῳ
532 1337 578 1363 καὶ
595 1337 748 1373 ἔμπροσθεν
760 1337 810 1372 τῆς
825 1336 939 1372 σελήνης

150 1384 247 1418 γενεὰς
261 1384 375 1418 γενεῶν·
398 1393 407 1410 ι
426 1381 466 1415 οἷς
483 1383 635 1415 ἀκολούθως
652 1383 699 1410 καὶ
713 1383 794 1415 αὐτὸς
807 1384 863 1415 τοῖς
878 1384 939 1410 ἑαυ-

150 1429 196 1456 τοῦ
222 1429 354 1465 μαθηταῖς
368 1429 550 1464 ἐπηγγέλλετο
571 1428 671 1462 λέγων·
691 1437 700 1453 ε
724 1427 789 1455 Ἰδοὺ
808 1427 862 1462 ἐγὼ
878 1428 935 1463 μεθ’

150 1475 228 1511 ὑμῶν
244 1476 302 1511 εἰμι
318 1475 382 1512 ἄχρι
401 1475 450 1510 τῆς
471 1474 621 1506 συντελείας
641 1473 687 1500 τοῦ
702 1473 813 1506 αἰῶνος·
835 1483 844 1499 ›
862 1473 939 1500 Οὕτω

150 1522 204 1558 γὰρ
213 1522 312 1558 ἡμελλε
327 1521 549 1558 συμπαραμένειν
563 1521 600 1556 τῷ
615 1520 691 1556 ἡλίῳ.
714 1520 817 1547 Οὐκοῦν
835 1521 863 1547 ὲν
879 1521 937 1552 ταῖς

994 282 1080 309 motu,
1099 278 1206 305 sonitus
1223 278 1280 305 sive
1292 278 1416 305 doctrina
1429 279 1489 313 ejus
1510 287 1559 314 per
1573 283 1660 307 totum
1680 281 1773 308 orbem

995 324 1027 351 ad
1042 324 1162 351 omnium
1181 330 1262 351 aures
1281 324 1411 358 pervasit.
1428 324 1517 358 Quare
1532 325 1641 352 additur
1665 326 1772 358 deinde,

997 379 1007 396 ε
1023 373 1050 398 et
1064 370 1134 397 sicut
1148 369 1286 397 stillicidia
1312 369 1440 397 stillantia
1455 378 1536 405 super
1549 375 1660 398 terram.
1681 381 1689 397 ι
1709 371 1774 398 Stil-

994 415 1083 442 Iicidia
1104 422 1230 450 namque,
1248 414 1304 442 sive
1320 423 1329 439 ε
1349 418 1432 449 guttae
1452 415 1524 442 roris
1543 425 1551 441 ι
1568 416 1715 443 secundum
1734 424 1776 444 re-

994 462 1082 496 liquos
1114 461 1287 495 interpretes,
1318 461 1452 488 stillantes
1478 469 1561 495 super
1590 465 1700 492 terram,
1719 469 1774 488 non

994 515 1106 542 prorsus
1121 507 1180 535 sine
1199 507 1327 542 strepitu,
1346 507 1392 534 sed
1418 514 1518 542 magno
1541 515 1602 534 cum
1621 508 1710 535 sonitu
1725 508 1776 534 de-

994 553 1137 580 scendunt.
1158 551 1186 578 ιιι
1214 559 1278 579 vero
1305 557 1361 579 tum
1380 552 1460 580 linem
1479 553 1596 587 accepit,
1620 553 1729 588 quando
1746 552 1773 580 in

993 606 1101 626 omnem
1118 602 1217 625 terram
1230 597 1314 625 exivit
1340 606 1425 626 sonus
1456 599 1642 633 apostolorum
1661 599 1731 633 ejus,
1748 602 1775 626 et

993 644 1022 671 in
1038 645 1105 672 lines
1120 644 1195 671 orbis
1211 649 1289 672 terra:
1305 644 1387 671 verba
1402 652 1507 672 eorum.

1029 744 1086 772 Sub
1098 744 1156 772 haec
1173 745 1273 772 dicitur
1287 754 1294 771 ε
1315 753 1324 770 ‹
1340 743 1450 772 Orietur
1464 745 1490 771 in
1505 744 1601 772 diebus
1615 745 1675 779 ejus
1693 745 1775 780 justi-

993 790 1029 817 tia
1046 794 1073 818 et
1089 790 1254 817 abundantia
1271 790 1381 825 pacisp
1402 791 1551 818 secundum
1560 790 1685 826 Aquilam
1700 799 1773 822 vero,

995 847 1004 862 ε
1020 836 1189 864 Germinabit
1205 837 1231 863 in
1246 836 1343 864 diebus
1367 836 1426 871 ejus
1447 836 1550 871 justus.
1567 840 1594 864 et
1609 837 1775 864 abundantia

991 879 1083 914 pacis;
1101 889 1111 905 ›
1135 879 1285 907 secundum
1311 879 1503 915 Symmachum
1525 888 1601 912 vero,
1629 889 1639 905 ε
1656 880 1775 908 Florcbit

992 926 1019 951 in
1034 925 1129 953 diebus
1143 925 1204 960 ejus
1216 925 1318 960 justus.
1337 935 1345 951 ι
1373 925 1435 953 Dies
1449 930 1538 953 autem
1554 925 1707 953 Servatoris
1723 935 1768 953 no-

991 971 1040 999 stri
1066 972 1100 999 ab
1124 972 1241 999 adventu
1269 972 1329 1007 ejus
1351 979 1439 1007 usque
1459 972 1491 999 ad
1513 972 1774 1000 consummationem

991 1017 1080 1045 saeuli
1096 1017 1265 1052 intelligendi
1277 1021 1351 1045 sunt.
1363 1017 1421 1050 Qua
1432 1018 1538 1045 ratione
1552 1018 1624 1045 enim
1635 1018 1773 1050 audimus,

993 1073 1002 1089 ‹
1016 1063 1045 1090 lu
1069 1063 1165 1091 diebus
1194 1063 1294 1096 David;
1312 1064 1342 1091 In
1358 1063 1454 1092 diebus
1475 1061 1635 1097 Jeroboam;
1652 1073 1661 1090 ι
1679 1064 1773 1092 eodem

990 1117 1103 1144 prorsus
1139 1109 1220 1136 modo
1243 1110 1302 1137 dies
1318 1109 1480 1137 \Servatoris
1509 1110 1595 1137 nostri
1623 1110 1774 1144 excipiendi

991 1159 1063 1181 sunt.
1091 1154 1143 1182 Sed
1160 1155 1200 1182 illi
1215 1155 1324 1191 quidem
1337 1163 1399 1182 cum
1415 1156 1449 1182 ad
1464 1156 1546 1183 breve
1562 1159 1669 1190 tempus
1680 1163 1776 1191 super-

990 1200 1068 1227 stites
1080 1197 1208 1233 fuissent,
1224 1201 1299 1228 brevi
1320 1201 1448 1229 exstincti
1467 1205 1542 1234 sunt,
1566 1209 1652 1237 quare
1667 1201 1725 1229 dies
1741 1202 1774 1228 il-

989 1245 1077 1273 lorum
1092 1246 1261 1275 defecerunt.
1280 1246 1342 1275 Dies
1357 1255 1422 1275 vero
1438 1247 1591 1275 Servatoris
1605 1248 1691 1276 nostri
1707 1253 1774 1283 quot

989 1292 1055 1324 sint,
1073 1300 1155 1328 supra
1169 1293 1336 1321 declaratum
1355 1293 1398 1322 bis
1408 1293 1499 1321 verbis
1515 1297 1557 1321 est
1572 1303 1578 1320 :
1598 1302 1607 1318 ‹
1628 1293 1773 1322 Permane-

988 1337 1028 1365 bit
1045 1345 1106 1365 cum
1123 1339 1180 1366 sole
1198 1343 1226 1366 et
1246 1343 1308 1367 ante
1328 1339 1432 1372 lunam,
1448 1339 1476 1366 in
1492 1339 1681 1374 generationes
1693 1339 1774 1374 gehe-

988 1384 1134 1411 rationum.
1153 1394 1162 1411 ι
1197 1384 1403 1420 Consequenter
1417 1386 1450 1413 ad
1463 1386 1520 1413 haec
1535 1386 1616 1413 verba
1631 1386 1774 1421 discipulis

989 1430 1046 1457 suis
1069 1430 1125 1457 haec
1139 1431 1276 1465 pollicitus
1296 1436 1356 1460 est:
1375 1441 1385 1457 ‹
1403 1431 1473 1459 Ecce
1486 1439 1536 1467 ego
1554 1432 1694 1460 vobiscum
1713 1441 1773 1459 sum

989 1483 1077 1510 usque
1099 1475 1133 1503 ad
1158 1477 1421 1503 consummationem
1446 1477 1539 1504 saeculi
1553 1477 1593 1510 ”;
1611 1486 1621 1503 ›
1648 1477 1685 1503 ita
1700 1477 1773 1504 enim

989 1529 1050 1549 cum
1065 1521 1122 1550 sole
1135 1530 1330 1557 permansurus
1345 1527 1414 1550 erat.
1429 1521 1521 1558 Itaque
1531 1523 1558 1549 in
1569 1523 1664 1550 diebus
1674 1523 1772 1557 ipsius,

150 1568 267 1603 ἡμέραις
283 1568 376 1600 αὑτοῦ,
396 1568 456 1594 καθ’
471 1567 503 1600 ἃς
517 1567 729 1603 συμπαραμενεῖ
744 1566 782 1603 τῷ
795 1567 873 1602 ἡλίῳ,
891 1567 938 1594 καὶ

989 1569 1065 1603 queis
1088 1576 1150 1595 cum
1176 1568 1233 1595 sole
1259 1564 1444 1603 permanebit,
1471 1571 1499 1595 et
1525 1568 1606 1595 simili
1630 1576 1684 1603 quo
1708 1568 1773 1595 luna

149 1614 249 1648 ὁμοίως
261 1614 358 1650 σελήνῃ
370 1613 419 1645 τὰς
432 1613 485 1640 τῶν
501 1615 529 1640 ὲν
541 1614 629 1648 σκότῳ
641 1614 754 1648 φωτίσει
767 1612 865 1648 ψυχὰς,
879 1613 940 1639 ἁνα-

150 1659 251 1694 λάμψει
267 1660 313 1686 ἐπὶ
331 1659 421 1695 πάσης
437 1659 486 1695 τῆς
507 1659 558 1694 γῆς
580 1659 782 1694 δικαιοσύνη-ἢ
804 1658 938 1685 κατὰ.τὺν

156 1705 281 1738 Ἀκύλαν,
302 1714 312 1732 ι
327 1706 443 1737 δίκαιος·
466 1716 475 1732 ι
492 1705 583 1732 οὐκέτι
599 1705 674 1741 παρὰ
694 1705 829 1737 Ἰουδαίοις
847 1705 938 1741 μόνοις

150 1751 208 1784 ἑνός
229 1760 279 1778 που
302 1753 349 1779 καὶ
362 1752 488 1787 δευτέρου
510 1751 709 1787 ὀνομαζομένου
736 1751 852 1782 δικαίου,
877 1750 937 1777 καθ’

149 1797 213 1832 ὅλης
224 1797 253 1823 δὲ
262 1797 312 1832 τῆς
327 1797 489 1833 οἰκουμένης
506 1797 608 1833 μυρίων
621 1798 650 1823 ὲν
663 1796 771 1832 Χριστῷ
784 1796 938 1831 δικαιουμέ-

150 1852 212 1870 νων.
233 1844 269 1870 Τὸ
281 1844 310 1871 δὲ
324 1844 425 1879 πλῆθος
439 1844 492 1871 τῶν
508 1844 619 1870 δικαίων
632 1844 686 1870 τῶν
703 1844 731 1870 ὲν
747 1844 806 1875 ταῖς
820 1843 938 1879 ἡμέραις

149 1890 195 1917 τοῦ
208 1891 335 1926 Σωτῆρος
355 1890 505 1917 ἀνθούντων
523 1892 569 1917 καὶ
584 1891 671 1926 φωτὸς
690 1890 767 1926 δίκην
780 1889 937 1916 ἀνατελλόν-

149 1944 202 1962 των
214 1936 315 1971 όμοίως
324 1936 362 1971 τῷ
376 1936 478 1964 ἑαυτῶν
490 1937 611 1973 φωστῆρι
625 1937 731 1972 νοήσεις
744 1935 798 1962 ἀπὸ
810 1935 859 1962 τοῦ
875 1936 939 1971 πλή-

150 1981 213 2014 θους
227 1982 281 2008 τῶν
305 1982 459 2018 ἁπανταχοῦ
478 1983 529 2018 γῆς
550 1982 696 2019 μαρτύρων
717 1981 799 2008 αὐτοῦ
815 1981 862 2008 καὶ
884 1981 938 2008 τῶν

150 2027 221 2054 κατά
233 2027 282 2063 τὴν
300 2027 462 2063 Ἐκκλησίαν
476 2028 558 2055 αὑτοῦ
572 2028 618 2055 τὸν
638 2027 781 2062 ἀγγελικὸν
795 2027 824 2053 ἐν
838 2035 937 2053 παντε-

150 2071 191 2099 λεῖ
204 2072 299 2108 ἁγνείᾳ
319 2072 522 2108 κατορθούντων
539 2072 606 2108 βίον.
621 2073 652 2099 Et
672 2072 700 2098 δὲ
722 2071 769 2098 καὶ
783 2070 937 2106 δικαιοσύνη

150 2118 179 2144 ὲν
193 2119 255 2150 ταῖς
267 2117 383 2154 ἡμέραις
395 2117 478 2145 αὐτοῦ
494 2117 623 2154 ἀνθήσειν
643 2117 777 2149 λέλεκται,
794 2117 840 2143 καὶ
860 2116 939 2143 τοῦτο

149 2164 223 2195 ὅπως
237 2163 270 2191 δι’
288 2163 375 2199 ἔργων
398 2163 547 2199 πληροῦται
566 2162 624 2189 ἔστι
648 2161 817 2198 καταμαθεῖν
836 2162 868 2188 ὲκ
890 2161 937 2187 τοῦ

151 2210 188 2246 μὴ
204 2209 347 2241 Ἰουδαίους
368 2209 473 2244 μόνους,
491 2208 558 2235 ἀλλὰ
582 2208 629 2235 καὶ
643 2208 697 2235 πᾶν
711 2207 785 2239 ἔθνος
798 2206 937 2233 καλεῖσθαι

150 2256 197 2284 ἐπὶ
208 2256 259 2292 τὴν
276 2255 365 2283 ἔνθεον
382 2255 482 2287 πίστιν,
499 2255 608 2287 δούλους
623 2263 653 2281 τε
667 2254 695 2288 ἐξ
710 2253 767 2280 ῐσου
784 2254 840 2285 τοῖς
861 2253 936 2280 ἐλευ-

988 1613 1087 1645 modo,
1113 1613 1219 1640 animas
1235 1612 1261 1639 in
1276 1612 1395 1640 tenebris
1414 1613 1518 1647 positas
1533 1612 1695 1640 illuminabit
1705 1633 1713 1644 ,
1728 1612 1774 1645 ju-

987 1659 1061 1686 stitia
1095 1658 1196 1686 lucebit
1222 1658 1250 1686 in
1274 1658 1402 1685 universa
1426 1662 1514 1692 terra;
1540 1659 1596 1686 sive
1621 1658 1771 1686 secundum

987 1705 1123 1742 Aquilam,
1145 1714 1153 1730 ι
1167 1704 1268 1740 justus.
1286 1714 1295 1730 )
1314 1703 1370 1731 Nec
1386 1705 1457 1731 ultra
1482 1704 1554 1740 apud
1574 1703 1684 1731 Iudaeos
1711 1708 1773 1731 tau-

988 1757 1044 1779 tum
1065 1758 1137 1779 unus
1157 1753 1209 1778 aut
1232 1749 1300 1776 alter
1315 1749 1407 1783 justus
1433 1749 1636 1781 nominabitur;
1653 1749 1700 1777 sed
1725 1757 1773 1784 per

987 1801 1073 1824 totum
1110 1796 1202 1824 orbem
1228 1794 1327 1823 inﬁniti
1352 1795 1380 1822 ln
1400 1793 1509 1822 Christo
1540 1794 1772 1830 justiﬁcabuntur.

988 1842 1186 1870 Multitudinem
1211 1845 1302 1868 autem
1323 1840 1471 1875 justorum.
1490 1839 1536 1875 qui
1559 1839 1586 1866 in
1600 1840 1696 1871 diebus
1712 1840 1774 1866 Ser-

986 1888 1089 1914 vatoris
1099 1888 1184 1914 nostri
1195 1886 1354 1916 ﬂoruerunt,
1367 1889 1393 1913 et
1406 1885 1452 1920 qui
1469 1885 1579 1912 luminis
1595 1884 1689 1916 instar,
1704 1892 1768 1917 per.-

988 1933 1050 1960 inde
1072 1936 1152 1967 atque
1176 1932 1296 1965 ipsorum
1313 1930 1456 1962 luminare,
1474 1929 1560 1956 exorti
1577 1932 1650 1958 sunt,
1668 1928 1768 1955 intelli-

987 1986 1034 2014 ges
1049 1986 1082 2005 ex
1096 1976 1270 2004 multitudine
1296 1980 1444 2010 martyrum
1468 1975 1527 2009 ejus
1549 1982 1597 2010 per
1616 1974 1769 2002 universam

988 2028 1100 2055 terram,
1123 2029 1272 2057 eorumque
1295 2021 1341 2056 qui
1357 2021 1384 2048 in
1401 2020 1522 2048 Ecclesia
1539 2021 1598 2054 ejus
1621 2020 1770 2056 angelicam

988 2069 1070 2096 vitam
1079 2075 1140 2095 cum
1152 2067 1225 2094 omni
1240 2068 1366 2094 castitate
1380 2066 1525 2094 duxerunt.
1543 2065 1620 2098 Quod
1632 2065 1654 2092 si
1668 2065 1770 2092 dictum

987 2118 1039 2145 est,
1059 2114 1179 2141 futurum
1202 2120 1263 2140 esse
1279 2117 1308 2139 ut
1321 2112 1427 2146 justitia
1451 2111 1478 2139 in
1501 2111 1674 2148 diebusejus
1691 2111 1772 2138 elllo—

987 2163 1076 2188 rescat
1086 2169 1092 2193 ;
1102 2164 1128 2187 et
1143 2161 1194 2187 hoc
1207 2165 1262 2194 quo
1277 2162 1358 2193 pacto
1370 2158 1477 2185 eveniat
1493 2157 1556 2184 hinc
1571 2157 1688 2188 edisees,
1698 2157 1771 2191 (μιυά

987 2212 1043 2232 non
1060 2209 1164 2232 tantum
1180 2203 1278 2236 Judaei,
1292 2203 1339 2232 sed
1355 2203 1436 2231 etiam
1456 2210 1551 2230 omnes
1567 2206 1661 2237 gentes
1678 2201 1711 2230 ad
1725 2201 1770 2228 di-

987 2250 1079 2278 vinam
1101 2250 1180 2277 ﬁdem
1194 2252 1295 2276 vocata:
1308 2249 1373 2279 sint.
1393 2256 1425 2275 ac
1446 2248 1516 2275 servi
1530 2248 1631 2282 pariter
1645 2249 1671 2274 et
1692 2246 1770 2273 liberi

151 2285 243 2338 θέροιξ
251 2302 394 2335 θεοσεϐεἰν,
409 2302 456 2329 καὶ
470 2285 588 2337 πένητας
599 2285 704 2337 ομοίως
720 2302 776 2332 τοῖς
790 2299 935 2331 πλουσίοις,

990 2297 1072 2325 Deum
1089 2296 1190 2326 colant,
1205 2301 1339 2329 pauperes
1356 2285 1466 2328 perinde
1478 2296 1559 2327 atque
1575 2292 1684 2323 divites,
1695 2290 1772 2325 pria-

150 2347 284 2383 ἄρχοντάς
296 2356 327 2374 τε
347 2347 395 2374 σὺν
407 2347 569 2383 ἀρχομένοις
584 2347 631 2373 σὺν
651 2345 733 2381 πολλῇ
747 2343 813 2371 Θεοῦ
837 2343 937 2378 δικαιο-

152 2393 228 2430 σύνῃ.
242 2394 338 2425 Ὅπως
353 2394 381 2420 δὲ
395 2393 495 2429 πλῆθος
518 2394 628 2429 είρὴνης
641 2391 823 2419 ἀνατέταλκεν
836 2391 865 2417 ὲν
878 2391 937 2422 ταῖς

150 2439 326 2475 δηλωθείσαις
350 2439 397 2466 τοῦ
425 2439 548 2475 Σωτῆρος
574 2438 651 2474 ἡμῶν
681 2437 815 2473 ἡμέραις,
843 2437 936 2470 νοῆσαι

151 2485 223 2512 ἐστιν
240 2486 424 2520 ἐπιστήσαντα
435 2487 468 2521 τῇ
485 2484 649 2511 καταστάσει
660 2483 714 2509 τῶν
730 2481 782 2519 πρὸ
790 2482 840 2518 τῆς
852 2481 934 2509 αὐτοῦ

152 2531 303 2566 παρουσίας
316 2532 496 2567 πραγμάτων,
514 2531 581 2558 Καθ’
594 2531 628 2566 ἢν
646 2530 676 2556 τὺ
692 2529 802 2564 σύμπαν
819 2527 874 2554 τῶν
894 2528 938 2554 ἀν-

152 2577 268 2613 θρώπων
297 2577 374 2612 γένος
398 2576 508 2613 διῄρητο
530 2575 760 2611 ἁποτετμημένων
787 2573 880 2608 ὥσπερ
907 2572 937 2606 ἐξ

152 2624 210 2655 ἑνὸς
234 2623 359 2658 σώματος
381 2623 420 2654 είς
438 2621 521 2657 μυρία
542 2620 727 2656 διεσπαρμένα
748 2618 827 2654 μέλη,
850 2617 937 2645 ἀλλων

152 2669 239 2700 ἄλλως
258 2668 342 2694 ὲθνῶν
367 2667 449 2694 πάλαι
473 2666 603 2702 πρότερον
626 2663 832 2700 ἀφωρισμένων,
859 2662 937 2689 πολε-

155 2714 274 2750 μούντων
290 2722 319 2740 τε
336 2713 458 2748 ἀλλήλοις
471 2713 518 2739 καὶ
530 2710 746 2746 πολεμουμένων·
762 2708 808 2736 καὶ
820 2707 873 2734 τῶν
887 2707 936 2743 μὲν

152 2759 382 2796 τυραννουμένων,
400 2758 454 2785 τῶν
470 2757 497 2784 δὲ
511 2755 781 2792 δημοκρατουμένων,
793 2753 892 2789 ἑτέρων
908 2753 936 2780 δὲ

152 2805 399 2842 ὀλιγαρχουμένων·
418 2803 561 2839 τοπάρχων
572 2804 631 2830 κατ’
644 2802 718 2833 ἔθνος
739 2800 786 2828 καὶ
798 2799 936 2835 τυράννων

188 2885 211 2901 η
226 2883 319 2917 )lattb.
342 2890 436 2915 nvm,
451 2882 495 2910 20.

989 2344 1063 2378 cipes
1079 2349 1141 2369 cum
1152 2340 1281 2371 subditis,
1296 2347 1358 2366 cum
1371 2339 1455 2366 multa
1473 2337 1519 2364 Dei
1539 2337 1643 2372 justitia
1657 2336 1718 2372 [pie
1731 2337 1773 2363 vi~

989 2387 1082 2424 vaut].
1108 2386 1167 2419 Qun
1182 2389 1262 2420 pacto
1278 2389 1368 2411 autem
1390 2382 1557 2410 abundantia
1572 2382 1647 2416 pacis
1668 2381 1695 2408 in
1717 2389 1772 2409 iue-

990 2433 1103 2462 moratis
1118 2430 1266 2458 Salvatoris
1282 2429 1368 2457 nostri
1380 2428 1475 2456 diebus
1489 2430 1548 2454 orta
1563 2427 1610 2459 sit,
1624 2427 1708 2462 probe
1722 2428 1771 2454 iu—

987 2478 1119 2513 telligitur
1138 2484 1172 2505 ex
1197 2483 1289 2503 rerum
1313 2477 1377 2501 ante
1402 2474 1519 2509 primum
1545 2473 1604 2508 ejus
1624 2473 1770 2500 adventum

987 2523 1152 2552 conditione.
1181 2520 1240 2554 Quo
1265 2524 1385 2554 tempore
1408 2523 1494 2546 totum
1520 2519 1667 2546 humanum
1684 2526 1771 2554 genus

988 2577 1038 2597 ceu
1054 2576 1087 2596 ex
1103 2574 1159 2595 uno
1180 2573 1295 2600 corpore
1319 2565 1345 2592 in
1364 2564 1468 2592 inﬁnita
1479 2564 1598 2591 membra
1623 2564 1687 2591 hinc
1707 2563 1771 2591 inde

988 2615 1110 2650 dispersa
1124 2613 1241 2640 divisum
1255 2615 1324 2638 erat.
1356 2610 1424 2637 Nam
1437 2614 1532 2644 gentes
1547 2610 1606 2637 alia:
1619 2610 1673 2637 alio
1689 2609 1771 2636 modo

989 2668 1004 2688 a
1015 2659 1113 2695 priscis
1125 2658 1182 2692 jam
1196 2655 1364 2691 temporibus
1374 2654 1467 2682 divisae
1478 2655 1600 2686 fuerant;
1617 2655 1770 2688 bellumque

989 2706 1059 2734 inter
1073 2711 1102 2732 se
1116 2703 1263 2739 gerebant.
1288 2701 1322 2728 ab
1345 2701 1459 2735 aliisque
1475 2700 1703 2735 impugnabantur
1720 2707 1726 2724 :
1743 2701 1771 2723 et

990 2751 1036 2778 alii
1048 2749 1156 2785 quidem
1171 2747 1294 2783 tyrannis
1307 2746 1409 2774 subditi
1423 2750 1511 2778 erant,
1535 2745 1580 2772 alii
1592 2742 1769 2774 democratiu,

990 2797 1035 2825 alii
1053 2802 1201 2831 paucorum
1226 2793 1367 2822 dominatu
1383 2793 1569 2829 regebantur,
1594 2789 1730 2826 toparchac
1744 2792 1770 2815 et
