2024 3214
271 186 328 214 805

609 185 743 213 EUSEBII
761 185 1003 214 CAESARIENSIS
1020 186 1095 214 OPP.
1117 186 1210 214 PARS
1228 187 1273 214 Ill.
1293 202 1326 207 —
1341 187 1543 215 EXEGETICA.

1849 191 1903 218 804

272 244 381 278 tyranni
403 244 470 271 varii
489 245 636 280 imperium
653 246 831 279 obtinebam;
847 250 878 273 ut
892 247 990 274 vicinis
1005 255 1049 274 ιιοι

1110 248 1291 284 κρατούντων·
1305 248 1342 280 ὡς
1355 248 1458 284 ἄμικτα
1476 247 1602 276 εἶναικαὶ
1617 249 1704 276 ἄϐατα
1720 252 1775 282 τοῖς
1792 251 1905 286 πλησιω

268 288 388 316 facultas
401 293 472 316 esset
483 290 516 316 ad
531 290 660 317 ﬁnitimas
670 291 795 325 regiones
807 293 987 324 commeandi,
996 293 1058 328 quia

268 335 346 361 nulla
360 339 433 363 esset
448 337 577 368 societas,
591 337 717 371 bellaque
733 338 907 373 inexpiabilia
924 342 951 365 et
964 339 1056 374 impla-

270 382 372 409 cabiles
397 383 547 410 inimicitias
568 384 674 418 jamdiu
691 393 778 420 usque
790 385 823 411 ad
837 384 991 413 Servatoris
1010 393 1060 412 no-

270 428 320 454 stri
345 433 453 464 tempus
479 429 669 464 perdurarent.
700 430 738 457 Ex
760 439 814 465 quo
837 435 926 458 autem
944 431 1059 458 sublatis

268 474 382 508 regulis,
399 475 557 502 monarchia
574 475 701 510 gentibus
716 476 809 502 multis
825 476 978 511 imperavit.
997 483 1059 503 vere

269 519 321 546 fuit
336 520 502 547 abundantia
522 521 608 556 pacis,
618 524 644 548 et
656 522 850 548 commercium
868 521 1057 548 universarum

269 565 407 599 gentium;
435 565 472 592 ita
499 570 528 593 nt
552 573 634 601 opere
659 567 851 601 comprobetur
868 566 918 593 hoc
934 567 1058 594 testimo-

270 611 347 637 nium
361 611 413 638 soli
428 610 566 638 Servatori
593 617 689 639 nostro
700 613 853 639 convenire.
880 611 955 639 llanc
967 616 1057 639 autem

269 655 464 682 abundantiam
473 656 547 690 pacis
559 664 765 690 permansuram
781 657 819 683 ait
832 656 933 684 «donec
949 656 1058 684 aufera-

269 705 314 728 tur
323 701 474 734 luua,isive
481 702 629 729 secundum
641 701 777 736 Aquilam,
787 709 945 737 «usquequo
960 703 1055 735 lunap

269 747 322 779 vel,
350 746 500 774 secundum
525 746 728 781 Symmachum,
758 757 767 772 ε
790 747 877 774 donec
900 748 1058 782 antiquetur

269 792 345 818 luna.
363 801 373 817 ι
391 791 568 824 Quandonam
584 792 771 826 antiquabitur
784 792 867 819 luna?
883 793 913 819 In
930 799 1058 819 consum-

269 838 389 865 matione
413 838 513 869 saeculi.
537 845 590 873 qua
617 838 673 866 haec
699 838 840 874 prophetia
864 838 1022 874 implebitur
1048 847 1055 865 :

271 893 282 908 ε
298 882 344 911 Sol
363 887 389 910 et
404 883 466 910 luna
479 883 703 910 obscurabuntur
717 884 771 917 ³⁰;»
791 891 823 911 ac
839 892 959 916 rursum,
976 894 985 909 ‹
997 883 1056 912 Non

269 926 321 952 crit
336 926 386 954 tibi
402 926 443 954 scl
456 927 484 953 in
496 927 582 954 lucem
597 927 662 959 diei,
672 935 759 962 neque
774 928 837 955 luna
853 928 1018 955 illuminabit
1030 933 1056 956 te
1072 927 1093 955 Β

269 977 350 998 noctu
362 972 394 1000 ³¹,
411 981 420 998 ι
439 971 534 1007 Itaque
545 973 774 1007 quemadmodum
790 974 918 1008 superius
933 982 995 1002 cum
1008 974 1055 1009 qui

269 1017 296 1043 in
311 1017 438 1044 vaticinio
454 1017 551 1050 fertur,
565 1026 626 1045 cum
642 1018 701 1045 sole
716 1026 923 1053 permansurum
937 1018 1056 1046 declara-

267 1062 331 1095 bat;
353 1063 394 1089 sic
411 1063 467 1097 jam
492 1063 686 1090 abundantiam
704 1063 780 1098 pacis
794 1064 829 1090 ab
849 1071 881 1091 eo
897 1064 1054 1092 hominibus

267 1107 456 1141 procurandae,
473 1115 561 1142 usque
575 1107 609 1134 ad
620 1109 883 1136 consummationem
894 1109 1054 1136 duraturam

267 1160 328 1179 esse
340 1153 504 1180 vaticinatur
517 1162 524 1180 :
541 1153 614 1188 quod
634 1154 739 1181 scilicet
756 1154 846 1189 quiete
861 1161 894 1182 ac
909 1155 968 1182 sine
983 1159 1054 1182 stre-

267 1200 324 1234 pitu
341 1200 369 1226 in
384 1198 526 1226 Judaicam
550 1204 657 1235 gentem
677 1204 791 1227 ventura
805 1200 859 1232 sit,
875 1205 902 1228 et
915 1201 988 1235 quod
1006 1202 1055 1229 im-

267 1244 373 1278 pletura
391 1244 428 1272 sit
444 1249 532 1272 totum
556 1245 650 1273 orbem
675 1246 762 1274 instar
779 1246 979 1274 stillicidiorum
997 1248 1053 1275 stil-

267 1290 380 1317 lantium
406 1298 487 1325 super
506 1294 619 1319 terram.
649 1291 725 1324 Quod
746 1293 808 1319 item
834 1292 955 1319 futurum
971 1293 1007 1320 sit
1024 1298 1053 1321 ut

264 1336 371 1370 iustitia
385 1337 491 1364 oriatur
503 1337 531 1364 in
542 1338 639 1366 diebus
649 1338 709 1371 ejus
723 1342 804 1373 atque
821 1338 988 1366 abundantia
1003 1347 1051 1375 pa-

266 1382 320 1415 cis,
333 1381 389 1416 jam
405 1383 532 1417 superius
547 1387 791 1411 commonstratum
805 1388 858 1412 est.

301 1481 358 1510 Sub
370 1483 427 1511 haec
438 1483 527 1517 docet,
538 1492 593 1512 non
607 1485 725 1520 quodam
738 1486 837 1521 angulo
845 1490 924 1515 terrae
931 1488 1050 1516 cireum-

265 1529 441 1557 scribendum
465 1530 633 1558 dominatum
655 1532 715 1566 ejus
735 1539 812 1565 esse;
829 1535 876 1560 sed
898 1533 1049 1562 dominatu-

264 1582 325 1602 rum
342 1575 430 1610 ipsum
445 1583 506 1603 esse
517 1577 644 1604 omnibus
655 1577 790 1612 gentibus.
813 1577 994 1610 Quamobrem
1007 1580 1049 1607 di-

264 1624 337 1646 ctum
351 1623 392 1646 est
406 1628 414 1647 :
433 1618 481 1646 «Et
493 1620 677 1647 dominabitur
694 1629 709 1648 a
722 1623 790 1649 mari
804 1631 890 1658 usque
906 1624 938 1650 ad
948 1632 1046 1652 mare.)

264 1663 332 1690 Nam
350 1663 373 1690 si
389 1664 498 1690 termini
513 1664 622 1699 quidam
639 1669 719 1693 terras
736 1671 810 1699 sunt,
825 1668 870 1703 qui
887 1668 973 1703 ipsam
1000 1673 1051 1697 cir-

264 1716 436 1744 cumquaque
461 1709 595 1742 ambiant,
608 1711 733 1738 videlicet
754 1713 839 1739 maria
858 1713 1048 1750 Oceanusque,

263 1755 311 1789 qui
334 1755 369 1781 ab
388 1754 546 1782 hominibus
567 1757 788 1793 praeternavigari
812 1761 920 1794 nequit;
938 1769 1003 1790 sane
1021 1763 1049 1790 id

263 1799 337 1834 quod
352 1799 386 1826 ab
400 1800 527 1828 omnibus
542 1801 661 1836 undique
675 1803 797 1831 maribus
811 1806 976 1838 continetur,
995 1807 1048 1835 Do-

263 1845 349 1878 mino,
363 1845 408 1880 qui
426 1847 634 1880 prtenuntiatur,
651 1848 834 1889 conﬁtebitur.
862 1851 995 1884 Quocirca
1009 1853 1048 1881 di-

263 1892 334 1918 citur
350 1900 356 1918 :
377 1901 386 1917 ‹
405 1891 438 1918 Ει
452 1892 639 1920 dominabitur
655 1901 669 1920 a
691 1896 758 1922 mari
774 1904 860 1932 usque
883 1898 916 1925 ad
931 1907 1016 1927 mare.
1034 1910 1043 1926 ι

264 1936 371 1963 Dictum
388 1941 478 1964 autem
495 1938 634 1973 impletum
650 1941 770 1974 noveris,
786 1942 810 1969 si
831 1944 983 1979 perpendas
998 1945 1044 1973 Dei

262 1979 398 2009 Ecclesias
415 1982 514 2016 ubique
531 1987 663 2010 terrarum
674 1984 811 2013 Christum
823 1988 893 2021 eius,
901 1987 1045 2017 Dominum

262 2027 418 2061 praedicare.
435 2028 487 2055 Sed
502 2029 584 2056 etiam
605 2038 620 2056 a
637 2030 748 2059 flumine
762 2040 849 2070 usque
864 2035 898 2062 ad
914 2037 1044 2064 terminos

260 2072 337 2099 orbis
361 2077 494 2100 terrarum
519 2074 721 2104 dominaturum
737 2085 799 2105 eum
815 2082 970 2109 necessario
985 2090 1044 2117 pro-

261 2117 380 2145 nuntiat.
406 2117 461 2146 Nos
482 2120 582 2154 quippe
602 2121 724 2150 ediscere
746 2131 815 2159 opus
832 2130 889 2152 erat
909 2128 1042 2155 undeuam

259 2162 392 2190 doctrinae
415 2163 522 2191 initium
547 2165 679 2194 ducturus
701 2168 737 2196 sit
762 2178 768 2196 :
795 2171 928 2205 significat
952 2179 1042 2202 autem

260 2208 423 2243 principium
438 2209 490 2244 ipsi
508 2209 628 2238 futurum
642 2219 704 2240 esse
723 2221 739 2240 a
753 2214 872 2244 (lumine.
898 2217 975 2250 Quod
988 2219 1041 2246 flu-

259 2260 322 2280 men
346 2253 446 2280 indicat
468 2254 642 2292 Evangelium
665 2255 759 2286 dicens
787 2268 794 2286 :
815 2270 824 2285 ι
840 2260 916 2289 Tunc
938 2264 1042 2292 accedit

257 2299 338 2328 Jcsus
351 2307 365 2326 a
380 2299 490 2327 Galilaa
504 2301 531 2327 in
543 2300 688 2331 Jnrdanem
702 2305 735 2331 ad
750 2303 894 2340 Joannem,
911 2312 940 2334 ut
954 2309 1044 2344 bapti-

258 2349 366 2372 zaretur
381 2345 416 2372 ab
429 2353 472 2373 eo.
501 2345 548 2373 Ille
565 2350 654 2375 autem
668 2349 829 2384 prohibebat
843 2359 905 2379 eum
922 2353 1015 2382 dicens
1033 2365 1039 2382 :

257 2390 312 2426 Ego
327 2399 341 2417 a
358 2397 382 2418 te
396 2392 482 2419 debeo
497 2392 639 2427 baptizari,
656 2399 683 2422 et
704 2399 733 2422 tu
757 2397 834 2424 venis
855 2398 888 2425 ad
909 2406 961 2426 me.
994 2399 1041 2428 Ille

257 2440 346 2463 autem
371 2437 540 2471 respondens
559 2437 627 2465 dixit
641 2439 665 2466 ei
690 2449 697 2467 :
716 2441 781 2469 Sine
801 2443 898 2476 modo,
914 2445 953 2471 sic
968 2446 1040 2473 cnim

255 2480 334 2508 decet
358 2490 408 2510 nos
433 2483 546 2519 implere
570 2491 677 2512 omnem
692 2485 828 2520 justitiam
848 2488 882 2516 ³⁸.
897 2499 907 2515 ι
925 2490 1040 2523 Quando

255 2531 398 2571 postquam
415 2529 570 2563 baptizatus
597 2530 704 2563 fuisset,
732 2542 741 2557 ‹
760 2533 853 2568 Aperti
880 2539 944 2562 sunt
965 2537 1038 2571 cmli,

254 2574 281 2597 et
293 2570 359 2596 vidit
367 2569 496 2605 Spiritum
513 2572 558 2601 Dei
573 2573 781 2604 descendentem
795 2578 865 2606 sicut
883 2569 1036 2608 columbam

254 2620 281 2642 et
298 2615 449 2643 venientem
469 2626 552 2653 super
566 2620 665 2654 ipsum.
692 2621 725 2648 Et
740 2631 789 2650 vox
804 2624 838 2652 de
849 2626 926 2653 cmlis
943 2626 1035 2654 audita

253 2665 295 2688 est
312 2661 406 2689 dicens
423 2672 430 2689 :
450 2662 500 2691 Hic
513 2669 555 2692 est
577 2665 662 2695 Filius
686 2675 762 2696 meus
782 2669 906 2704 dilectus,
930 2672 956 2699 in
980 2681 1035 2708 quo

227 2748 231 2751 ι
254 2707 321 2734 mihi
346 2709 497 2742 complacui
513 2710 545 2738 ".
566 2721 575 2737 ι
604 2712 641 2740 Ex
658 2714 703 2741 illo
717 2723 833 2752 namque
856 2721 977 2753 tempore
990 2720 1035 2746 do-

253 2753 373 2781 minatus
389 2754 448 2788 ejus
461 2756 571 2790 agnosci
586 2759 679 2793 cmpit.
696 2760 763 2789 Miro
776 2770 883 2798 quoque
891 2763 971 2792 modo
986 2765 1035 2792 hu-

249 2798 297 2832 jus
328 2801 448 2829 ﬂuminis
482 2803 647 2832 mentionem
682 2806 766 2836 Isaias
791 2810 920 2845 propheta
946 2810 1031 2845 facit,

1111 294 1210 330 χώροις
1232 294 1266 320 τὰ
1291 294 1342 329 τῆς
1366 294 1419 320 τῶν
1438 295 1566 329 γειτόνων
1580 295 1687 331 χώρας·
1713 296 1848 332 πολέμους
1872 306 1904 325 τι

1110 341 1258 372 ἀσπόνδους
1271 341 1316 367 καὶ
1330 340 1429 376 ἔχθρας
1440 341 1660 373 ἀκαταλλάκτως
1673 343 1704 369 ἐκ
1719 343 1824 378 μακροῦ
1836 344 1906 371 αἰῶ-

1110 396 1155 419 νος
1169 387 1248 422 μέχρι
1265 387 1311 413 τοῦ
1329 387 1456 422 Σωτῆρος
1477 387 1555 423 ἡμῶν
1575 389 1742 415 συνεστάναι.
1765 389 1810 422 Ἐξ
1827 390 1903 417 ὲκεί-

1110 439 1156 456 νου
1169 430 1197 457 δὲ
1212 431 1303 466 πάσης
1317 430 1483 467 πολυαρχίας
1498 432 1618 458 ἐκποδὼν
1637 433 1777 468 ἀρθείσης,
1797 443 1902 471 μοναρ-

1110 475 1156 511 χία
1169 475 1222 502 τῶν
1233 476 1365 502 πλείστων
1380 475 1464 503 ὲθνῶν
1477 477 1677 513 ὲπικεκράτηκε
1688 487 1694 492 ·
1710 479 1805 512 γέγονέ
1820 488 1850 506 τε
1863 480 1902 511 ὼς

1109 522 1216 558 ἀληθῶς
1242 523 1344 558 πλῆθος
1368 523 1489 558 εἰρήνης,
1514 523 1655 550 κοινωνίαν
1683 525 1729 551 καὶ
1758 525 1899 560 ἐπιμιξίαν

1109 569 1287 605 κτησαμένων
1302 570 1488 597 ἁπάντωντῶν
1502 570 1585 597 ὲθνῶν
1594 579 1600 586 ·
1611 571 1649 602 ὡς
1663 571 1736 607 ἔργῳ
1751 575 1900 608 μαρτυρεῖ-

1110 615 1170 642 σθαι
1183 616 1232 651 τὴν
1248 617 1276 642 ὲν
1291 616 1368 652 χερσὶ
1391 617 1542 652 μαρτυρίαν
1559 617 1631 652 μόνῳ
1645 617 1683 653 τῷ
1701 618 1808 654 Σωτῆρι.
1818 619 1899 654 ἡμῶν

1109 661 1340 696 ὲφαρμὸττουσαν.
1355 661 1439 688 Τοῦτο
1457 662 1486 688 δὲ
1501 662 1532 688 τὸ
1548 662 1648 698 πλῆθος
1662 663 1711 698 τῆς
1724 665 1835 700 εἰρήνης
1847 674 1899 691 πα-

1111 706 1236 741 ραμένειν
1259 707 1340 742 φησὶν
1360 717 1369 732 ι
1389 707 1442 739 ἕως
1462 704 1493 734 οὗ
1515 708 1695 745 ἀνταναιρεθῇ
1712 711 1728 745 ἡ
1754 710 1865 747 σελήνη·
1885 721 1894 737 ι

1108 751 1124 786 ἢ
1143 751 1213 777 κατὰ
1227 751 1272 777 τὸν
1289 751 1413 783 Ἀκύλαν,
1434 761 1443 777 ι
1462 752 1514 784 ἓως
1533 750 1563 780 οῦ
1585 753 1600 788 ἡ
1627 753 1739 789 σελήνη·
1762 764 1771 780 ι
1785 756 1803 791 ἦ
1827 756 1897 783 κατὰ

1107 795 1151 821 τὸν
1167 795 1321 830 Σύμμαχον,
1334 806 1342 820 ι
1355 796 1407 828 ἕως
1419 797 1595 830 παλαιώσεως
1606 799 1655 834 τῆς
1667 799 1790 836 σελήνης.
1808 811 1816 825 ι
1828 801 1897 828 Πότε

1107 841 1136 868 δὲ
1163 842 1325 869 παλαιοῦται
1350 842 1466 879 σελήνη;
1493 844 1572 871 Κατὰ
1597 845 1647 880 τὴν
1673 846 1828 874 συντέλειαν
1847 848 1895 875 τοῦ

1106 888 1213 921 αἰῶνος,
1228 889 1287 915 καθ’
1304 890 1337 924 ἣν
1364 889 1571 925 πληρωθήσεται
1590 892 1605 927 ἡ
1621 892 1762 926 φάσκουσα
1786 903 1895 931 προφη-

1106 935 1182 962 τεία·
1202 944 1211 960 ι
1232 935 1261 961 ’0
1279 935 1354 970 ἥλιος
1375 936 1421 962 καὶ
1434 937 1451 971 ἡ
1466 937 1563 973 σελήνη
1588 939 1782 967 συσκοτάσουσι
1794 949 1802 956 ’
1820 950 1831 967 ι
1849 942 1896 969 καὶ

1107 981 1186 1008 πάλιν
1197 990 1203 996 ·
1219 990 1228 1006 ι
1243 980 1300 1007 Οὐκ
1315 981 1389 1008 ἔσται
1403 991 1442 1009 σοι
1458 984 1472 1009 ό
1485 983 1605 1018 ἥλιοςεὶς
1615 984 1672 1018 φῶς
1685 986 1799 1022 ἡμέρας.
1810 988 1896 1024 οὐδὲή

1107 1025 1204 1060 σελήνη
1213 1028 1352 1059 φωτιεῐσοι
1365 1026 1413 1067 τὴν
1421 1027 1515 1054 νύκτα.
1527 1038 1536 1054 ι
1547 1029 1650 1056 Οὐκοῦν
1662 1031 1755 1067 ὥσπερ
1764 1032 1896 1070 ἀνωτέρω

1107 1072 1328 1107 συμπαραμένειν
1341 1073 1378 1107 τῷ
1395 1072 1461 1108 ἡλίῳ
1473 1074 1517 1100 τὴν
1538 1077 1774 1112 πραφητευόμενον
1788 1079 1894 1114 ἐδήλου,

1105 1116 1189 1149 οὕτως
1201 1118 1247 1145 καὶ
1261 1119 1377 1146 ἐνταῦθα
1391 1120 1420 1146 τὸ
1434 1120 1534 1155 πλῆθος
1550 1122 1599 1156 τῆς
1610 1122 1655 1148 ὑπ’
1666 1123 1748 1150 αὐτοῦ
1761 1125 1895 1163 προξενη-

1104 1164 1256 1200 θησομένης
1271 1166 1424 1199 ἀνθρώποις
1439 1168 1550 1202 εἰρήνης
1567 1169 1648 1204 μέχρι
1670 1170 1719 1205 τῆς
1736 1171 1894 1205 συντελείας

1103 1209 1254 1244 διαρκέσειν
1277 1211 1409 1242 θεσπίζει.
1435 1212 1528 1245 Ὅπως
1552 1214 1600 1249 μὲν
1633 1213 1679 1241 οὗν
1707 1217 1893 1254 καταϐήσεται

1103 1254 1194 1289 ἡρέμα
1210 1256 1257 1281 καὶ
1274 1255 1392 1291 ἀψοφητὶ
1418 1257 1464 1283 ἐπὶ
1480 1258 1509 1284 τὸ
1528 1259 1661 1287 Ἰουδαίων
1680 1260 1766 1294 ἔθνος,
1791 1263 1842 1290 καὶ
1855 1263 1893 1296 ὡς

1103 1300 1241 1336 πληρώσει
1256 1302 1306 1336 τήν
1323 1302 1468 1337 σύμπασαν
1484 1305 1644 1341 οἰκουμένην
1659 1306 1735 1343 δίκην
1753 1309 1891 1343 σταγόνων

1103 1345 1257 1378 σταζουσῶν
1272 1347 1318 1373 ἐπὶ
1329 1347 1378 1382 τῆς
1400 1348 1460 1383 γῆς,
1479 1350 1525 1376 καὶ
1537 1349 1577 1382 ὡς
1592 1351 1748 1388 δικαιοσύνη
1765 1354 1891 1382 ἀνατελεῖ

1101 1391 1129 1416 ὲν
1142 1392 1201 1423 ταῖς
1216 1392 1333 1427 ἡμέραις
1344 1393 1426 1420 αὐτοῦ
1441 1394 1487 1420 καὶ
1500 1395 1600 1430 πλῆθὀς
1611 1397 1730 1433 εῑρήνης.
1741 1398 1889 1435 δεδήλωται

1100 1435 1144 1462 διὰ
1159 1436 1212 1463 τῶν
1224 1438 1384 1473 εἰρημένων.

1141 1493 1220 1528 Ἑξῆς
1232 1494 1259 1521 δὲ
1278 1494 1406 1529 διδάσκει,
1424 1496 1464 1523 ὅτι
1482 1497 1518 1533 μὴ
1539 1499 1567 1524 ἐν
1583 1499 1668 1536 γωνίᾳ
1685 1501 1736 1536 γῆς
1756 1510 1890 1538 περιγρα-

1099 1539 1214 1574 φήσεται
1231 1540 1343 1576 αὺτοῦή
1359 1541 1513 1569 δεσποτεία’
1536 1545 1674 1579 κυριεύσει
1692 1546 1720 1572 δὲ
1733 1547 1788 1573 τῶν
1804 1549 1889 1576 ἐθνῶν

1102 1585 1238 1612 ἁπάντων.
1259 1587 1297 1612 Δι’
1310 1587 1324 1613 ὃ
1346 1587 1485 1615 λέλεκται·
1503 1598 1512 1614 ι
1532 1591 1586 1616 Καὶ
1601 1594 1811 1628 κατακυριεύσει
1835 1596 1888 1622 ἀπὺ

1103 1630 1239 1666 θαλάσσης
1253 1633 1304 1664 ἕως
1320 1632 1464 1669 θαλάσσης.
1485 1644 1494 1660 ι
1513 1635 1544 1662 Εἰ
1566 1637 1620 1672 γάρ
1635 1638 1694 1665 ἐστί
1707 1648 1767 1666 τινα
1782 1641 1887 1676 πέρατα

1102 1676 1163 1711 γῆς,
1183 1676 1201 1703 ἃ
1214 1677 1246 1712 δὴ
1260 1679 1399 1714 πανταχοῦ
1413 1680 1550 1712 κυκλοῦσι,
1564 1682 1694 1710 θάλασσαι
1717 1685 1843 1718 Ὠκεανός
1857 1696 1886 1714 τε

1102 1722 1253 1757 ἀπέραντος
1267 1724 1418 1759 ἀνθρώποις
1427 1734 1434 1740 ·
1446 1725 1524 1753 τοῦτο
1538 1728 1645 1754 πάντων
1655 1729 1719 1756 εἵσω
1731 1730 1786 1757 τῶν
1800 1732 1886 1760 ἀπαν-

1100 1768 1182 1802 ταχοῦ
1196 1769 1336 1797 θαλασσῶν
1350 1771 1450 1807 Κύριον
1476 1773 1636 1809 ὁμολογήσει
1657 1775 1702 1802 τδν
1723 1777 1886 1814 θεσπιζόμε-

1100 1822 1155 1839 νον.
1167 1814 1206 1839 Δι’
1220 1815 1234 1840 ὃ
1247 1815 1369 1842 λέλεκται
1378 1825 1385 1832 ·
1403 1826 1413 1842 ε
1427 1817 1481 1844 Καὶ
1496 1821 1704 1855 κατακυριεύσει
1720 1823 1773 1850 ἀπὸ
1787 1824 1886 1852 θαλάσ-

1100 1867 1150 1894 σης
1167 1859 1218 1891 ἓως
1234 1860 1378 1897 θαλάσσης.
1397 1872 1406 1889 ι
1422 1863 1514 1899 Γνῴης
1528 1864 1550 1891 δ’
1567 1865 1600 1892 ἂν
1614 1867 1661 1893 τοῦ
1678 1867 1757 1902 λόγου
1774 1870 1804 1896 τὺ
1817 1871 1886 1898 ἀπο-

1098 1905 1216 1941 τέλεσμα
1241 1907 1352 1934 συνιδὼν
1375 1908 1448 1941 ὃπως
1469 1911 1623 1946 ἁπανταχοῦ
1637 1913 1688 1948 γῆς
1705 1915 1732 1941 αἱ
1754 1916 1801 1942 τοῦ
1816 1917 1884 1945 Θεοῦ

1104 1951 1260 1988 Ἐκκλησίαι
1268 1953 1313 1980 τὸν
1326 1954 1442 1989 Χριστὸν
1455 1956 1535 1983 αὑτοῦ
1546 1957 1646 1993 Κύριον
1663 1960 1883 1997 ἀναγορεύουσιν.

1104 1997 1182 2024 Ἀλλὰ
1200 1998 1245 2025 καὶ
1261 1998 1315 2025 ἀπὸ
1328 2001 1449 2035 ποταμοῦ
1463 2001 1515 2034 ἓως
1527 2003 1580 2030 τῶν
1595 2006 1720 2041 περάτων
1733 2007 1784 2042 τῆς
1798 2010 1884 2037 οἰκου-

1099 2043 1181 2078 μένης
1192 2045 1415 2079 κατακυριεύσειν
1429 2047 1509 2074 αὐτόν
1525 2057 1591 2084 φησι
1615 2051 1705 2087 σφόδρ’
1715 2052 1881 2087 ἀναγκαίαις.

1103 2088 1200 2124 Ἐχρῆν
1213 2089 1266 2124 γὰρ
1282 2090 1356 2125 ἡμᾶς
1380 2091 1475 2126 μαθεῖν
1497 2094 1593 2121 ὁπόθεν
1609 2096 1718 2132 ἄρξεται
1740 2099 1791 2134 τῆς
1811 2100 1881 2127 διδα-

1097 2134 1223 2183 σκαλίας
1241 2137 1366 2171 σημαίνει
1379 2137 1418 2170 δὲ,
1429 2138 1467 2170 ὡς
1484 2139 1536 2176 ἄρα
1552 2140 1626 2168 ἔσται
1644 2143 1742 2180 αὐτῷἡ
1758 2147 1880 2183 καταρχὴ

1095 2179 1149 2228 ἀπὸ
1165 2181 1297 2216 ποταμοῦ.
1316 2182 1423 2210 ’Όντινα
1435 2186 1554 2221 ποταμὸν
1576 2189 1722 2225 παρίστησι
1743 2191 1774 2218 τὸ

1094 2223 1182 2273 γέλιον
1194 2225 1296 2273 ιράσκον
1307 2234 1314 2241 ·
1331 2235 1341 2252 ι
1357 2227 1423 2254 Τότε
1434 2223 1635 2264 παραγίνεταιό
1651 2223 1755 2269 Ἰησοῦς
1765 2237 1821 2263 ἀπὸ
1830 2223 1879 2273 si};

1058 2268 1236 2305 ΒΓαλιλαίας
1263 2271 1310 2297 ἐπὶ
1333 2271 1378 2298 τὸν
1408 2273 1541 2310 Ἰορδάνην
1567 2277 1635 2312 πρὸς
1659 2268 1804 2316 Ἰωάννην,
1831 2268 1877 2310 τοῦ

1094 2314 1271 2351 βαπτισθῆναι
1287 2317 1333 2344 ὑπ’
1357 2319 1449 2346 αὑτοῦ.
1472 2321 1500 2347 '0
1514 2321 1543 2348 δὲ
1563 2322 1707 2351 διεκώλυεν
1730 2314 1811 2354 αύτὸν
1835 2328 1878 2354 λέ-

1092 2365 1162 2404 γων·
1184 2359 1254 2393 Ἐγὼ
1268 2361 1362 2395 χρείαν
1378 2362 1431 2397 ἔχω
1446 2364 1498 2391 ὑπὸ
1513 2365 1560 2392 σοῦ
1580 2366 1770 2404 βαπτισθῆναι,
1782 2373 1830 2399 καὶ
1844 2374 1876 2400 σὺ

1091 2403 1158 2453 ἔρχῃ
1181 2404 1249 2453 πρὸς
1266 2406 1308 2453 μέ.
1329 2406 1357 2433 '0
1368 2407 1396 2434 δὲ
1410 2409 1568 2445 ἀποκριθεὶς
1586 2411 1662 2440 εἶπεν
1684 2403 1775 2451 αύτῷ⁸
1792 2419 1877 2453 Ἄφες

1090 2449 1169 2485 ἄρτι·
1185 2450 1256 2478 οὕτω
1267 2451 1321 2487 γὰρ
1337 2453 1441 2489 πρέπον
1451 2456 1508 2482 ἐστὶ
1519 2457 1660 2493 πληρῶσαι
1677 2449 1765 2488 πᾶσαν
1775 2449 1876 2492 δικαιοζ

1091 2493 1183 2545 σύνηνῖ
1205 2496 1299 2545 ι-Ὄτε.
1311 2498 1379 2545 μετα
1388 2498 1426 2545 τὸ.
1434 2499 1613 2538 βαπτισθῆναι
1624 2505 1705 2532 αὐτὸν
1720 2516 1730 2532 ι
1755 2508 1876 2545 Ἦνοίγη-

1090 2546 1139 2566 σαν
1155 2541 1179 2566 οἱ
1197 2542 1315 2577 οὐρανοὶ,
1334 2544 1380 2570 καὶ
1400 2542 1453 2571 εἶδε
1469 2546 1499 2572 τὺ
1522 2547 1633 2584 Πνεῦμα
1646 2551 1693 2577 τοῦ
1707 2552 1775 2580 Θεοῦ
1790 2541 1875 2582 καταζ

1090 2584 1180 2638 ϐαῖνον
1191 2586 1229 2637 ως
1243 2590 1404 2638 περιστερὰν
1417 2592 1463 2618 καὶ
1475 2593 1623 2628 ἐρχόμενον
1635 2597 1675 2628 εἰς
1691 2598 1779 2627 αὑτὸν.
1794 2602 1870 2638 Φωνή

1127 2631 1160 2676 εκ
1179 2631 1231 2658 τῶν
1243 2633 1364 2668 οὐρανῶν
1384 2635 1503 2672 ἠκούσθη
1519 2638 1648 2673 λέγουσα’
1666 2641 1749 2676 Οὗτός
1770 2631 1872 2674 ὲστινό

1088 2675 1150 2722 Υλίός
1168 2685 1218 2711 μου
1234 2678 1248 2704 ὁ
1262 2679 1410 2715 ἀγαπητὸς.
1428 2683 1458 2709 ἐν
1472 2681 1494 2717 ᾧ
1506 2685 1652 2721 ηὑδόκησα.
1674 2697 1684 2714 ›
1706 2675 1750 2722 Ἐξ
1766 2691 1871 2719 ἐκείνου

1086 2720 1140 2773 γὰρ
1152 2723 1430 2773 γνωρίςεσθαιλαὺτοῦ
1447 2729 1548 2764 ἤρξατο
1564 2732 1579 2766 ή
1596 2720 1871 2773 κυριότηςίΠαραδό-

1086 2765 1138 2798 ξως
1156 2767 1183 2793 δὲ
1199 2769 1292 2796 τούτου
1311 2771 1446 2807 μέμνηται
1464 2774 1510 2801 τοῦ
1525 2765 1646 2814 ποταμοῦ
1658 2765 1841 2816 καίλΗσαὶας
1854 2785 1870 2811 ὁ

1085 2815 1224 2850 προφήτης
1241 2817 1479 2855 εὐαγγελιζόμενος
1491 2823 1541 2858 τὴν
1555 2823 1667 2860 ἔρημον,
1682 2827 1709 2854 ὲν
1751 2815 1867 2865 ἐκηρύτ-

306 2878 395 2907 “doc!
412 2880 486 2912 ",10.
530 2882 549 2898 ²¹
564 2881 615 2910 Isa.
633 2891 678 2916 ω,
695 2884 738 2912 19.
778 2886 800 2902 ³⁸
816 2886 911 2916 Matth.
929 2897 970 2922 ιιι,
988 2890 1046 2917 lS-l

1120 2891 1218 2921 "ibid.
1234 2894 1332 2926 l(i,17.
