2024 3214
136 180 190 210 8οὸ

707 182 960 211 COMMENTARIA
979 184 1012 211 IN
1032 184 1200 213 PSALMOS.
1234 186 1280 216 Ἠ

1709 189 1761 217 806

136 249 181 266 τεν
199 240 326 275 Ἰωάννης
337 240 351 266 ό
365 239 530 275 Βατι-τιστής.
550 239 629 267 Ὲῦόα
638 240 660 267 δ’
675 238 721 267 οῦν
731 240 826 275 λέγων·
847 251 856 266 ι
875 241 927 267 Εὖ-

976 242 1166 277 evangelizans
1182 242 1319 270 desertum
1341 244 1369 271 in
1392 252 1447 280 quo
1461 246 1625 280 praedicabat
1641 243 1762 274 Joannes

136 286 281 322 φράνϐητι,
305 286 407 321 ἔρημος
424 286 539 321 διψῶσα,
555 287 726 321 ἀγαλλιάσθω
749 287 851 323 ἔρημος
873 288 921 314 καὶ

137 332 249 358 ἀνοείτω
264 332 302 363 ὡς
316 332 423 366 κρίνον⁸
442 332 488 357 καὶ
504 332 643 367 ἑξανθήτει
661 333 706 358 καὶ
730 332 921 366 ἀγαλλιάσεται

136 378 169 403 τὰ
183 377 274 412 ἔρημα
288 377 332 403 τοῦ
353 378 493 412 Ἰορδάνου.
514 387 523 403 ι
552 379 623 403 ’Λντὶ
640 378 710 410 τίνος
726 379 778 414 γὰρ
801 380 848 413 οὐχ
864 379 922 404 ἑτέ-

138 432 183 459 ρου
203 424 339 458 μέμνηται
370 424 491 457 ποταμοῦ
516 425 529 449 ὁ
546 423 670 454 τοσοῦτπ
692 425 843 460 προφήτης,
865 425 922 451 ἀλλ’

136 469 217 495 αὐτοῦ
240 469 286 494 τοῦ
309 469 438 504 Ἰορδάνου
456 469 502 494 καὶ
526 469 575 503 τῆς
592 470 694 504 ἐρήμου
717 470 787 504 ἀμφὶ
813 470 921 496 τοῦτον·

136 514 305 549 εὐφροσύνην
325 523 354 540 τε
379 515 425 541 καὶ
447 515 603 548 ἁγαλλίασιν
619 517 649 549 τῇ
674 516 769 550 ἐρήμῳ
794 516 839 541 τοῦ
861 517 925 551 Ἰορ-

136 561 225 593 δάνου,
242 561 298 587 ἀλλ’
309 561 369 595 οὐχὶ
383 562 415 595 τῇ
435 561 620 597 Ἰερουσαλὴμ,
632 562 691 587 οὐδὲ
709 563 741 597 τῇ
757 562 835 597 λοιπῇ
860 564 924 588 ’1ου-

136 606 198 642 ὁαίᾳ
229 606 446 640 εὐαγγελίζεταις
478 608 580 633 υὺκοῦν
609 607 705 642 ἔχομεν
728 608 773 634 καὶ
796 608 870 643 παρὰ
887 608 925 643 τῷ

144 651 240 686 Ἡσαΐᾳ.
262 652 310 687 τὴν
325 652 440 687 δήλωσιν
464 652 510 678 τοῦ
529 653 649 687 ποταμοῦ
674 654 737 688 περὶ
764 650 794 679 οῦ
812 662 892 688 φησιν
912 655 925 679 ὁ

137 697 231 733 παρὼν
246 698 334 731 λόγος,
353 708 361 723 ι
378 699 432 725 Καὶ
448 699 501 724 ἀπὸ
525 699 646 733 ποταμοῦ
661 699 712 730 ἕως
735 699 787 725 τῶν
802 700 926 734 περάτων

137 745 184 779 τῆς
196 745 360 780 οἰκουμένης
378 754 386 770 ι
403 744 628 779 κατακυριεύσειν
653 745 697 770 τον
720 746 925 780 προφητευόμε-

138 800 190 817 νον.
220 791 384 825 Ὀφθαλμοίς
402 791 429 816 δὲ
448 791 615 825 παραλαϐεῖν
640 790 696 816 ἐστι
722 791 753 816 δι’
770 791 856 826 ἔργων
882 800 926 817 κε-

138 836 295 870 χωρηκυίας
309 835 358 866 τὰς
374 836 624 871 προαναφωνήσεις,
646 835 765 869 ὁρῶντας
783 837 862 871 μέχρι
874 838 927 863 τῶν

138 882 263 916 περάτων
279 882 329 915 τῆς
342 882 394 916 γῆς
409 883 436 907 ἐν
449 883 507 912 ταῖς
529 882 699 916 Ἐκκλησίαις
714 882 793 907 αὑτοῦ
809 883 927 917 κυριολο-

138 928 269 963 γούμενον
285 927 329 954 τὸν
345 927 461 962 Χριστὸν
472 928 517 953 τοῦ
535 927 612 953 Θεοῦ.

833 975 879 1000 καὶ
897 976 920 1000 οἱ

138 1019 228 1054 ἐχθροὶ
238 1019 319 1046 αὐτοῦ
335 1019 398 1054 χοῦν
415 1019 540 1051 λείξουσι.
557 1030 565 1045 ι
581 1020 675 1055 Σφόδρ⁷
689 1020 840 1051 ἀκολούθως
854 1020 922 1055 μετὰ

174 983 183 999 α
213 973 341 999 Ἑνώπιον
365 973 445 999 αὑτοῦ
464 974 660 1008 προπεσοῦνται
680 974 815 1006 Αἰθίοπες,

136 1066 166 1092 τὸ
182 1067 277 1096 είττεῖν,
299 1076 307 1090 ‹
324 1067 539 1101 Κατακυριεῦσει
565 1067 617 1092 ἀπὺ
642 1066 777 1101 θαλάσσης
797 1067 848 1098 ἕως
873 1067 921 1093 Θα-

137 1111 248 1147 λάσσης,
262 1112 307 1138 καὶ
324 1112 376 1138 ἀπὸ
393 1112 514 1147 ποταμοῦ
531 1112 582 1143 ἕως
595 1113 718 1147 περάτων
734 1113 782 1147 τῆς
796 1113 921 1147 οἰκουμέ-

138 1166 194 1193 νης,
211 1167 219 1182 ›
233 1157 369 1183 Αίθιόττων
383 1157 593 1192 ἐμνημόνευσεν,
607 1158 631 1182 οἳ
644 1158 676 1182 τὰ.
688 1157 786 1191 ἔσχατοι
799 1157 848 1191 τῆς
862 1158 921 1183 καθ’

136 1205 210 1239 ἡμᾶς
233 1204 393 1239 οἰκουμένης
407 1203 519 1234 οἰκοῦσι,
537 1203 571 1229 τά
586 1212 615 1228 τε
641 1203 708 1238 πρὸς
723 1203 853 1234 ἀνατολὰς
876 1203 922 1229 καὶ

137 1250 170 1276 τὰ
190 1250 258 1285 πρὸς
273 1249 367 1275 δύοντα
387 1249 470 1283 ἥλιον.
491 1248 571 1274 Ὅθεν
586 1248 631 1274 καὶ
653 1248 728 1283 παρὰ
743 1250 797 1279 τοῖς
813 1248 863 1280 ἔξω
876 1249 922 1275 τοῦ

138 1295 197 1321 καθ’
217 1296 289 1330 ημᾶς
309 1295 387 1328 λόγου
401 1295 468 1321 κατὰ
483 1294 561 1328 φύσιν
575 1294 697 1329 εἰρῆσθαι
710 1294 782 1320 δοκεῖ
798 1294 836 1327 τὸ,

167 1393 321 1426 Αἰθίοπας,
335 1393 379 1419 τοι
395 1393 482 1428 διχθὰ
496 1392 646 1420 δεδαίαται
660 1393 782 1428 ἔσχατοι
796 1393 921 1428 ἀνδρῶν·

170 1430 204 1455 01
216 1428 276 1463 μὲν
289 1428 458 1463 δυσομένου
473 1429 641 1462 caepim-oc,
656 1430 684 1455 οἱ
694 1428 720 1455 δ⁴
734 1429 881 1462 ἀνιόντος.

135 1504 192 1531 Καὶ
216 1505 245 1531 ὲν
263 1504 348 1539 ἑτέρῳ
364 1504 392 1530 δὲ
416 1504 524 1540 εἴρηται
544 1503 661 1540 ψαλμῷ·
677 1514 686 1531 ι
704 1505 831 1533 Αἰθιοπία
856 1515 923 1541 προ-

138 1548 236 1582 φθάσει
257 1550 335 1583 χεῖρα
352 1548 435 1583 αὐτῆς
451 1547 488 1583 τῷ
503 1547 579 1583 Θεῷ·
601 1557 610 1573 t
628 1548 675 1574 καὶ
689 1548 768 1574 πάλιν
788 1549 817 1575 ὲν
837 1548 924 1584 ἑτέρῳ

138 1596 265 1631 προφήτῃ
284 1594 421 1621 λέλεκται·
441 1604 450 1619 ε
472 1595 519 1621 Ἐκ
541 1595 666 1631 περάτων
686 1594 815 1630 ποταμῶν
836 1595 924 1622 Αἰθιο-

137 1640 203 1672 πίας
216 1640 333 1667 οἴσουσιν
344 1640 436 1672 οὐσίας
452 1649 505 1676 μοι.
526 1651 535 1667 ι
554 1641 608 1667 Καὶ
625 1641 653 1667 ἐν
665 1641 720 1673 τοῖς
735 1641 925 1676 προκειμένοις

136 1686 165 1712 δὲ
184 1686 338 1718 ἀκολούθως
358 1686 461 1719 τούτοις
478 1686 518 1719 τὺ,
541 1696 551 1712 ι
577 1686 706 1713 Ἐνώπιον
721 1686 803 1713 αὑτοῦ
825 1695 926 1723 προπε-

135 1732 246 1759 σοῦνται
268 1732 404 1764 Αἰθίοπες,
425 1743 433 1758 ι
452 1733 619 1765 θεσπίζεται.
646 1734 684 1759 Δι’
703 1729 739 1759 ὧν
764 1733 892 1760 ἁπάντων
911 1734 925 1759 ό

136 1778 216 1812 λόγος
244 1778 370 1814 σημαίνει
388 1778 422 1805 τὰ
445 1778 547 1814 ἔσχατα
563 1780 612 1814 τῆς
627 1780 678 1814 γῆς
695 1779 743 1815 τὴν
757 1778 802 1805 τοῦ
821 1787 926 1815 προφη-

136 1824 281 1860 τευομένου
304 1823 404 1858 γνῶσιν
435 1824 630 1860 ἀναλήψεσθαι,
656 1825 702 1851 καὶ¹
729 1825 925 1860 προσκυνήσειν

137 1870 221 1905 αὐτῷ,
247 1871 467 1906 προσπίπτοντας
483 1872 531 1897 καὶ
555 1871 619 1905 γόνυ
633 1871 782 1902 κλίνοντας.
796 1872 838 1897 Δι’
852 1871 866 1897 ὃ
882 1870 925 1897 λέ-

137 1916 230 1943 λεκται
260 1916 331 1943 κατὰ
355 1916 400 1942 τὸν
428 1915 556 1943 ’Δκῦλαν-
579 1925 588 1941 ‹
608 1917 656 1948 Εἰς
676 1916 821 1952 πρόσωπον
841 1916 924 1944 αὑτοῦ

137 1961 290 1997 κάμψουσιν
322 1961 464 1992 Αἰθίοπες·
493 1970 503 1987 ι
530 1960 601 1988 κατὰ
628 1961 657 1988 δὲ
685 1961 731 1988 τὸν
759 1961 922 1997 Σύμμαχον

139 2017 149 2033 ι
164 2007 339 2043 Ἐμπροσθεν
361 2007 443 2034 αὑτοῦ
466 2006 624 2035 ὀκλάσουσιν
645 2008 784 2039 Αίθίοπες.
805 2018 814 2034 ι
833 2008 882 2035 Διὰ
895 2008 924 2035 δὲ

136 2054 189 2081 τῶν
202 2054 336 2081 Αἰθιόπων
350 2054 404 2080 τῶν
420 2053 454 2080 τὰ
469 2054 571 2089 ἔσχατα
586 2054 635 2089 τῆς
649 2054 701 2089 γῆς
719 2055 865 2082 οἰκούντων
876 2056 923 2082 καὶ

135 2100 170 2127 τὰ
180 2100 245 2127 εἴσω
256 2100 304 2135 τῆς
323 2099 484 2136 οἰκουμένης
504 2100 567 2135 ἔθνη
586 2100 727 2136 δηλοῦνται
754 2101 807 2127 Καὶ
824 2101 924 2137 πρόδη-

135 2146 179 2174 λον
193 2147 268 2178 ὃπως
282 2145 437 2181 ἁπανταχοῦ
450 2146 500 2182 γῆς
511 2147 535 2173 οἱ
549 2148 588 2178 εἰς
601 2147 681 2174 αὑτὸν
700 2148 921 2179 πεπιστευκότες,

135 2193 199 2227 γόνυ
218 2192 354 2224 κλίναντες
367 2192 414 2219 καὶ
430 2193 469 2224 εἰς
483 2192 566 2228 αὐτὴν
582 2193 780 2228 προπίπτοντες
795 2193 845 2228 τὴν
859 2194 921 2228 γῆν,

134 2237 167 2264 δι’
184 2236 266 2263 αὐτοῦ
287 2236 336 2273 τὴν
353 2236 537 2272 προσκύνησιν
553 2236 591 2271 τῷ
614 2236 660 2262 ἐπὶ
675 2236 783 2262 πάντων
799 2235 922 2271 ἀναπέμ-

135 2291 216 2309 πουσι
230 2281 299 2317 Θεῷ.
323 2281 404 2308 Ἀλλὰ
427 2283 474 2309 καὶ
492 2282 516 2308 οἱ
533 2281 625 2316 ἐχθροὶ
647 2280 740 2312 αὐτοῦ,
763 2281 840 2317 φησὶ,
857 2281 922 2316 χοῦν

134 2328 277 2360 λείξουσιν,
292 2327 501 2363 ἐξομοιωθέντες
519 2327 558 2362 τῷ
575 2326 678 2353 ἑαυτῶν
696 2326 778 2361 πατρὶ
798 2325 838 2361 τῷ
850 2326 919 2360 ὕφει,

134 2373 180 2400 ἐπὶ
194 2373 234 2408 τῷ
249 2373 341 2409 στήθει
368 2373 414 2399 καὶ
430 2373 463 2408 τῇ
481 2372 570 2407 κοιλία
591 2371 775 2407 πορευομένῳ,
799 2371 846 2397 καὶ
869 2370 921 2405 γῆν

134 2419 251 2446 ἐσθίοντι
264 2418 334 2445 κατὰ
347 2419 396 2454 τὴν
411 2417 440 2450 ἐξ
456 2417 542 2454 ἀρχῆς
560 2417 707 2453 γενομένην
723 2415 796 2451 αὒτῷ
812 2416 923 2452 προστί-

137 2474 228 2501 μησιν.
246 2464 324 2491 Οὕτω
347 2465 370 2491 δ’
385 2462 430 2491 οὖν
453 2464 512 2499 ὕψει
530 2464 592 2495 τοὺς
617 2463 666 2497 τῆς
686 2462 847 2496 Ἐκκλησίας
875 2460 921 2487 τοῦ

133 2510 252 2546 Χριστοῦ
272 2510 416 2545 πολεμίους
429 2510 474 2536 τὸν
488 2509 552 2545 χοῦν
566 2509 612 2535 καὶ
631 2509 680 2540 τὰς
698 2507 856 2543 σωματικὰς
868 2507 925 2543 ἡδο-

134 2556 182 2588 νὰς
197 2555 459 2592 περιλιχμωμένους.
475 2556 506 2581 Et
520 2555 573 2590 γὰρ
592 2554 623 2582 τὸ
640 2554 729 2589 σῶμα,
744 2550 819 2589 ᾧπερ
835 2554 923 2580 κεῖται

134 2602 151 2637 ἡ
163 2601 247 2637 ψυχὴ,
258 2601 323 2637 χοῦς
337 2601 477 2637 ἀνείρηται
488 2601 559 2628 κατὰ
570 2601 619 2636 τὴν
631 2601 787 2635 φάσκουσαν
801 2599 921 2635 Γραφήν·

137 2657 146 2673 ε
169 2647 285 2674 Ἔλαϐεν
297 2649 312 2674 ὸ
325 2647 391 2679 Θεὸς
408 2646 472 2682 χοῦν
490 2647 544 2673 ἀπὸ
557 2647 607 2682 τῆς
621 2646 683 2681 γῆς,
699 2646 747 2673 καὶ
763 2645 864 2672 ἔπλασε
877 2645 923 2671 τὸν

135 2694 292 2730 ἄνθρωπον·
313 2703 323 2720 t
338 2695 363 2721 οἱ
386 2694 431 2720 τὸν
453 2693 517 2729 χοῦν
546 2692 777 2728 περιλιχμώμενοι
803 2692 850 2718 καὶ
873 2691 922 2723 τὰς

133 2741 183 2775 τῆς
197 2740 297 2776 σαρκὸς
309 2740 473 2776 ἡδυπαθείας
494 2739 628 2775 τιμῶντες
644 2738 834 2774 διαὸέὸληνται
856 2737 923 2764 εἰκό-

135 2795 197 2819 τως.
216 2787 253 2819 ὡς
271 2786 304 2813 ἂν
319 2787 410 2823 ἐχθροὶ
429 2787 475 2814 τοῦ
490 2786 624 2822 σωτηρίου
647 2785 825 2821 τυγχάνοντες
832 2785 920 2819 λόγου.

142 2832 210 2859 Ἀλλ’
230 2830 301 2860 οὗτοι
325 2834 373 2869 μὲν
394 2833 524 2860 τοιοῦτοι’
546 2832 576 2859 τὺ
595 2832 617 2859 δ’
633 2831 725 2867 ἕτερον
750 2832 844 2867 τάγμα
868 2831 922 2858 τῶν

172 2911 193 2927 ³⁸
209 2911 263 2940 lsa.
278 2920 359 2944 xxxv,
382 2919 400 2938 ι.
442 2912 463 2928 ³⁸
484 2910 564 2938 Hom.
583 2910 664 2945 Odys.
681 2910 706 2940 l.

941 936 963 964 Β

939 1627 960 1656 C

938 2299 960 2329 Ι)

974 285 1105 322 Baptista.
1128 287 1173 315 Sic
1189 288 1234 316 ille
1251 289 1385 316 clamabat
1402 300 1409 317 τ
1431 300 1439 316 ι
1456 291 1560 319 Laztare
1574 292 1712 321 desertum
1728 295 1764 323 si-

973 332 1060 363 tiens,
1079 333 1197 359 exsultet
1212 334 1331 360 solitudo
1350 339 1375 361 et
1392 335 1485 362 ﬂoreat
1510 338 1582 364 sicut
1608 339 1694 365 lililun
1711 349 1717 366 τ
1735 346 1763 367 ct

973 377 1107 405 ﬂorebunt
1123 383 1148 405 et
1160 379 1337 406 exsultabunt
1348 380 1454 407 deserta
1467 379 1591 411 Jordunis
1601 385 1649 412 “.i
1671 386 1762 418 Quare

974 431 1027 450 non
1044 425 1115 450 alius
1137 425 1257 452 ﬂuminis
1279 426 1443 453 mentionem
1468 432 1559 455 tantus
1574 431 1703 465 propheta
1722 432 1761 459 l'a-

974 470 1027 499 cit.
1048 478 1129 504 quam
1152 470 1295 502 Jordanis.
1322 477 1348 498 et
1366 473 1521 500 solitudinis
1543 476 1762 512 circumpositio;

975 516 1151 550 laetitiamque
1174 521 1200 543 et
1223 518 1431 546 exsultationem
1452 519 1560 547 deserto
1575 521 1701 551 Jordanis
1714 532 1762 550 an-

975 563 1092 593 nuntiat,
1109 570 1162 589 non
1175 567 1264 590 autem
1280 563 1523 600 Jerosolymzcmoc
1536 567 1645 601 reliquae
1653 568 1760 596 Judzeae.

976 608 1058 634 Adest
1084 615 1149 634 sane
1167 608 1236 642 apud
1263 608 1352 642 ipsum
1370 609 1465 636 Isaiam
1496 610 1646 638 declaratio
1675 612 1762 639 ﬂumi-

976 653 1029 684 nis,
1047 654 1080 680 de
1097 661 1152 688 quo
1170 654 1215 680 hic
1238 654 1347 687 dicitur,
1366 664 1375 679 ι
1398 655 1429 681 Et
1454 663 1468 682 a
1492 656 1602 685 ﬂumine
1626 666 1712 692 usque
1728 660 1761 686 ad

975 700 1110 726 terminus
1134 700 1207 726 orbis
1227 704 1359 726 terrarum
1380 710 1388 725 ι
1406 700 1608 729 dominatttrum
1626 711 1687 730 esse
1701 712 1762 731 eum

976 744 1022 779 qui
1038 745 1065 771 in
1085 745 1325 772 vaticiniodertur.
1358 745 1486 781 Licetque
1503 748 1704 781 przcdictionem
1722 750 1763 776 vel

977 791 1044 824 ipsis
1059 791 1146 817 oculis
1157 792 1316 825 completam
1329 792 1539 826 deprehendere,
1551 802 1611 820 cum
1625 795 1763 821 videamus

978 837 1116 863 Christum
1135 837 1181 863 Dei
1198 844 1285 871 usque
1300 837 1331 863 ad
1345 839 1477 865 terminos
1490 842 1568 866 teme
1589 840 1616 866 in
1635 840 1763 868 Ecclesiis

979 882 1040 916 ejus
1055 886 1083 908 ut
1098 881 1239 909 Dominum
1256 883 1396 910 celebrari.

1008 972 1091 999 Vens.
1114 972 1203 998 9-H.
1229 982 1237 998 ‹
1256 972 1353 999 Coram
1376 974 1421 1000 illo
1444 974 1585 1008 procident
1608 974 1762 1010 Ethiopcs,

973 1024 999 1046 et
1015 1019 1116 1045 inimici
1134 1019 1194 1053 ejus
1210 1024 1310 1046 terram
1329 1020 1441 1054 lingent.
1462 1030 1470 1046 I
1502 1021 1653 1048 Admodum
1668 1029 1763 1049 conse-

972 1069 1097 1099 quenter,
1122 1069 1265 1099 postquam
1290 1066 1405 1097 dixerat,
1427 1076 1435 1091 ι
1451 1066 1640 1093 Dominabitur
1656 1074 1670 1093 a
1686 1075 1763 1094 mare

974 1119 1059 1145 usque
1075 1111 1106 1137 ad
1121 1119 1206 1141 mare,
1227 1115 1253 1137 et
1269 1119 1283 1137 a
1296 1111 1407 1139 ﬂumine
1430 1120 1515 1146 usque
1530 1113 1561 1139 ad
1577 1113 1707 1140 terminos
1721 1121 1762 1140 or-

974 1158 1014 1185 his
1030 1162 1174 1188 terrarum,
1190 1167 1198 1183 ι
1215 1157 1359 1193 {Ethiopas
1376 1159 1546 1190 memoravit,
1563 1160 1608 1193 qui
1625 1160 1700 1187 orbis
1715 1169 1763 1188 no-

973 1204 1021 1229 stri
1046 1208 1167 1229 extrema
1194 1203 1336 1236 incolunt,
1356 1208 1411 1229 tum
1431 1211 1462 1230 ea
1487 1212 1547 1238 qua:
1570 1204 1602 1230 ad
1618 1205 1760 1237 orientem,

973 1252 1030 1274 tum
1047 1256 1078 1275 ea
1093 1256 1153 1283 qua:
1166 1248 1198 1274 ad
1211 1255 1338 1275 occasum
1351 1249 1417 1275 solis
1431 1250 1481 1276 sita
1501 1252 1574 1276 sunt.
1600 1248 1677 1277 Unde
1689 1251 1761 1285 apud

971 1300 1091 1324 exteros,
1113 1294 1195 1320 dictis
1209 1294 1312 1321 nostris
1329 1302 1446 1321 consona
1468 1295 1618 1321 secundum
1631 1296 1669 1322 rei
1686 1301 1762 1323 natu-

974 1348 1031 1366 ram
1049 1340 1184 1366 habentur
1198 1339 1224 1366 in
1237 1339 1302 1366 illo:

1009 1396 1150 1431 Ethiopas
1161 1397 1206 1431 qui
1217 1396 1341 1431 bifariam
1353 1397 1432 1424 divisi
1442 1402 1502 1425 sunt
1517 1398 1603 1424 ultimi
1614 1398 1760 1430 hominum,

1009 1432 1063 1458 Atii
1079 1432 1181 1467 quidem
1203 1431 1237 1458 ad
1261 1431 1419 1459 occidentem
1431 1453 1438 1465 ,
1464 1433 1511 1459 alii
1528 1433 1562 1459 ad
1577 1434 1701 1503 mantnt}:
1715 1443 1763 1504 ~'30-

1620 1477 1661 1495 em
1705 1489 1711 1495 .

1620 1477 1661 1495 em
1678 1477 1711 1495 ".

974 1513 1004 1540 In
1020 1512 1073 1540 alio
1087 1521 1195 1548 quoque
1208 1513 1312 1548 psalmo
1329 1513 1432 1540 dictum
1444 1517 1486 1541 est
1504 1522 1511 1540 :
1530 1513 1763 1549 uEthiopia.por-

973 1559 1042 1594 riget
1059 1566 1167 1586 manum
1185 1566 1262 1587 suam
1280 1558 1335 1586 Deo
1350 1559 1388 1591 ";
1405 1568 1413 1585 I
1432 1566 1464 1586 ac
1481 1559 1579 1586 iterum
1598 1560 1626 1586 in
1640 1560 1693 1586 alio
1701 1567 1762 1594 pro-

975 1604 1079 1637 pheta:
1106 1614 1115 1630 ‹
1134 1604 1172 1631 Ex
1197 1604 1322 1631 terminis
1345 1603 1487 1632 ﬂuminum
1504 1604 1650 1638 [Ethiopia-
1674 1605 1762 1633 ferent

976 1649 1157 1677 substantiam
1183 1649 1294 1676 mihi".
1316 1659 1325 1675 ι
1344 1649 1372 1676 In
1398 1649 1442 1677 his
1466 1650 1530 1676 item
1553 1657 1674 1677 consona
1695 1658 1762 1678 voce

975 1694 1141 1722 vaticinatur
1155 1695 1211 1727 ille,
1231 1704 1241 1720 (
1254 1695 1353 1721 (loram
1370 1694 1416 1722 illo
1430 1695 1574 1729 procident
1587 1695 1759 1731 Ethiopes.»

975 1739 1059 1772 Qucis
1072 1740 1200 1767 omnibus
1211 1739 1381 1775 signiﬁcatur
1393 1739 1527 1773 futurum,
1539 1745 1568 1767 ut
1580 1741 1690 1768 termini
1707 1746 1762 1769 ter-

975 1793 1012 1812 ra:
1028 1784 1088 1819 ejus
1112 1785 1158 1819 qui
1179 1785 1205 1811 in
1228 1784 1371 1820 prophetia
1395 1785 1553 1822 enuntiatur
1581 1786 1760 1821 cognitionem

974 1830 1118 1866 recipiant,
1137 1838 1169 1858 ac
1188 1831 1362 1865 procidentes
1376 1833 1403 1857 et
1418 1837 1506 1865 genua
1530 1829 1680 1862 ﬂectentes,
1698 1831 1762 1858 ado-

974 1879 1035 1902 rent
1049 1876 1150 1910 ipsum.
1168 1875 1360 1908 Quamobrem,
1379 1874 1529 1901 secundum
1543 1874 1679 1908 Aquilam,
1695 1875 1762 1902 dici—

974 1924 1029 1953 tur,
1050 1929 1059 1945 ι
1074 1920 1115 1947 Ad
1140 1920 1236 1947 facient
1259 1919 1319 1953 ejus
1341 1918 1494 1946 curvabunt
1519 1925 1549 1946 se
1569 1918 1730 1954 Ethiopes;
1747 1928 1758 1945 ι

974 1965 1124 1993 secundum
1143 1963 1335 2000 Symmachum
1349 1967 1451 1993 autem,
1470 1972 1479 1988 α
1495 1962 1523 1989 In
1540 1967 1687 1998 conspectu
1699 1964 1760 1998 ejus

973 2010 1152 2045 procumbent
1180 2008 1334 2044 Ethiopes.
1355 2018 1364 2034 ι
1383 2007 1436 2035 Per
1449 2007 1590 2042 Ethiopes
1604 2012 1693 2036 autem
1712 2009 1760 2044 qui

973 2059 1094 2083 extrema
1107 2058 1186 2081 terra:
1200 2053 1333 2086 incolunt,
1348 2057 1444 2088 gentes
1453 2053 1535 2080 etiam
1553 2061 1614 2088 qua:
1629 2054 1700 2080 intra
1717 2063 1761 2082 or-

973 2100 1035 2128 bem
1056 2103 1131 2133 sunt,
1155 2099 1322 2126 indicantur.
1348 2098 1575 2134 Manifestumque
1595 2104 1648 2133 est,
1660 2100 1761 2135 ubique

973 2138 1119 2177 terrarum,
1140 2144 1187 2179 qui
1201 2144 1228 2170 in
1243 2143 1332 2179 ipsum
1343 2144 1469 2176 credunt,
1481 2151 1569 2180 genua
1583 2144 1723 2172 ﬂectentes
1733 2149 1762 2172 et

973 2190 1001 2217 in
1013 2194 1113 2217 terram
1126 2189 1348 2224 procumbentes,
1358 2196 1405 2223 per
1413 2197 1475 2216 eum
1484 2189 1670 2217 adorationem
1681 2197 1760 2217 suam

972 2236 1164 2263 universorum
1180 2235 1234 2262 Deo
1244 2235 1379 2263 emittere.
1396 2234 1452 2262 Imo
1465 2235 1545 2263 etiam
1564 2236 1611 2267 ait,
1627 2245 1637 2261 ‹
1653 2235 1760 2262 Inimici

966 2282 1033 2316 ‘ejus
1049 2285 1150 2309 terram
1170 2281 1291 2316 lingent,
1306 2290 1316 2307 ι
1335 2281 1405 2315 patri
1425 2288 1476 2308 suo
1500 2281 1620 2315 serpenti
1643 2281 1759 2313 similes,

974 2327 1019 2362 qui
1036 2327 1063 2354 in
1078 2331 1186 2362 pectore
1200 2330 1226 2353 et
1241 2329 1334 2353 ventre
1356 2325 1478 2361 graditur
1488 2345 1496 2357 ,
1520 2329 1547 2353 et
1560 2330 1658 2353 terram
1674 2333 1761 2353 come-

975 2374 1031 2405 dit.
1050 2372 1199 2401 secundum
1222 2372 1351 2399 inﬂictam
1368 2372 1418 2399 sibi
1440 2379 1455 2398 a
1476 2371 1610 2406 principio
1640 2379 1759 2406 ptenam.

977 2419 1022 2447 Sic
1037 2419 1129 2446 videas
1143 2418 1270 2445 inimicos
1282 2417 1409 2445 Ecclesiae
1424 2417 1536 2449 Christi,
1550 2421 1650 2445 terram
1665 2422 1692 2445 et
1703 2426 1763 2445 cor—

976 2471 1074 2499 poreas
1089 2462 1244 2497 voluptates
1257 2462 1370 2496 lingere.
1388 2459 1417 2487 Si
1429 2460 1501 2488 enim
1513 2461 1677 2495 corpus,cui
1691 2462 1762 2489 inest

976 2509 1078 2541 anima,
1092 2508 1181 2543 pulvis
1194 2507 1297 2534 dictum
1312 2510 1354 2534 est
1368 2506 1517 2534 secundum
1530 2506 1600 2534 hanc
1614 2506 1762 2542 Scriptum

974 2561 1080 2585 vocem,
1099 2562 1108 2579 ε
1122 2553 1235 2587 Accepit
1250 2551 1321 2579 Deus
1336 2551 1474 2586 pulverem
1495 2559 1529 2579 ex
1543 2557 1627 2584 terra,
1641 2557 1668 2580 et
1679 2553 1760 2581 etiar—

973 2600 1057 2627 mavit
1068 2599 1205 2626 hominem
1219 2598 1252 2630 ",
1269 2608 1279 2624 ι
1296 2598 1343 2633 qui
1355 2601 1455 2625 terram
1468 2598 1584 2633 lingunt,
1595 2599 1763 2626 carnalibus-

973 2653 1026 2681 que
1041 2646 1228 2681 voluptatibus
1246 2644 1347 2672 addicti
1372 2647 1446 2675 sunt,
1462 2644 1534 2678 jure,
1551 2648 1643 2680 utpote
1656 2645 1761 2672 saluta-

976 2692 1013 2719 ris
1027 2691 1103 2718 verbi
1117 2690 1232 2722 inimici,
1253 2690 1324 2717 male
1339 2688 1463 2716 audiunt.
1484 2688 1538 2716 Sed
1554 2690 1581 2716 hi
1596 2690 1705 2724 quidem
1720 2695 1762 2716 ta-

975 2739 1016 2766 les
1032 2748 1038 2765 :
1056 2738 1126 2764 alius
1147 2741 1237 2764 autem
1254 2736 1321 2763 ordo
1335 2742 1430 2763 eorum
1453 2735 1499 2770 qui
1519 2743 1633 2771 regnum
1658 2735 1761 2763 Christi

975 2787 1157 2819 cognoscunt,
1178 2782 1250 2810 dona
1267 2782 1319 2817 ipsi
1335 2781 1439 2813 aﬂ'eret,
1457 2785 1487 2808 ut
1499 2782 1526 2809 in
1541 2782 1682 2817 prophetia
1707 2781 1761 2809 fer—

974 2835 1019 2858 tur
1036 2830 1078 2858 his
1100 2829 1191 2857 verbis
1209 2837 1216 2857 :
1239 2838 1249 2854 ‹
1269 2828 1355 2864 Reges
1371 2827 1483 2855 Tharsis
1495 2831 1522 2855 et
1538 2827 1633 2855 insulae
1648 2834 1760 2855 munera

763 2910 784 2926 ³⁸³
797 2909 868 2937 Psal.
889 2917 972 2942 uvu,
989 2908 1033 2936 32.
1071 2908 1092 2925 ’τ
1110 2907 1193 2943 Soph.
1211 2915 1252 2940 ut,
1271 2906 1314 2934 10.
1353 2906 1374 2923 ³·
1391 2905 1457 2934 Gen.
1477 2912 1507 2938 ιι,
1522 2903 1546 2931 7.
