2024 3214
136 222 187 251 809

700 222 956 251 COHMENTARIA
972 222 1008 251 IN
1027 222 1201 252 PSALMOS.
1259 221 1266 245 ἶ

1716 228 1769 254 810

135 282 216 317 αὐτῷ.
236 282 269 309 '0
280 281 313 318 δὴ
338 282 384 310 καὶ
402 281 524 317 Μωῦσῆς
539 282 569 309 ὲν
593 282 698 318 μεγάλῃ
716 281 773 318 ᾠδῇ
790 282 915 309 ἐδίδασκε

980 282 1016 310 ei.
1038 292 1047 308 ι
1075 281 1154 315 Quod
1170 288 1237 310 sane
1253 281 1317 310 huic
1332 282 1407 311 dicto
1422 283 1503 312 affine
1517 289 1559 314 est
1573 294 1579 312 :
1607 295 1618 311 ο
1638 284 1771 315 Dominus

134 329 180 356 ὡδί
202 337 241 364 πη
258 329 322 365 περὶ
339 329 458 365 Χριστρῦ
479 329 582 362 λέγων·
605 338 614 354 ε
633 329 820 365 Εὐφράνθητε,
848 329 927 365 οὖρα-

133 377 182 409 νοὶ,
201 377 260 412 ἅμα
276 376 360 412 αὐτῷ,
379 377 426 403 καὶ
447 376 713 413 προσκυνησάτωσαν
729 375 804 411 αὐτῷ
825 375 926 407 πάντες

133 423 241 458 ἄγγελοι
257 422 337 450 Θεοῦ.
358 433 367 449 ι
381 421 460 450 Οὗτοι
473 423 542 458 δῆτα
559 424 584 450 οι
600 422 729 457 βασιλεῖς,
750 423 863 457 ἀφανεῖς
878 422 926 449 καὶ

131 468 241 505 ἀόρατοι
265 468 319 495 τῶν
339 468 423 495 ὲΘνὼν
450 468 591 503 ἄρχοντες,
619 468 856 502 προσκυνήσαντες
879 466 924 492 τὸν

130 514 235 542 ἑαυτῶν
255 514 367 550 Κύριον,
389 513 439 546 τὰς
455 515 501 541 ὑπ’
523 515 613 545 αὐτοῖς
630 514 719 548 ψυχὰς
741 512 814 548 δῶρα
842 521 927 547 προσ-

130 561 196 596 ῆγον
206 561 291 596 αὐτῷ.
306 561 405 596 Διόπερ
413 561 518 591 τούτοις
531 560 594 595 ἑξῆς
609 560 742 594 συνῆπται
756 559 793 585 τό·
809 569 817 583 ‹
833 559 925 585 Πάντα

128 606 163 633 τά
188 607 252 642 εονη
275 607 461 633 δουλεύσουσιν
488 606 570 641 αὐτῷ.
593 616 601 631 ›
622 606 768 640 Σύμφωνον
789 605 810 631 δ’
828 605 860 631 ἂν
883 604 925 639 εἴη

129 652 207 680 τοῦτο
236 653 275 688 τῷ
298 654 413 688 φήσαντι
438 653 520 687 λόγῳ·
543 662 550 677 ι
572 652 673 685 Κύριος
696 650 755 677 εἷπε
781 651 848 686 πρὸς
871 650 920 685 μέ·

129 698 192 730 Υἱός
209 707 261 734 μου
276 697 302 725 εἶ
316 699 347 725 σύ
358 707 364 713 ·
383 700 437 733 ἐγὼ
449 700 568 734 σήμερον
583 698 736 733 γεγέννηκά
752 706 791 724 σε.
805 698 920 732 Λῖτησαι

129 746 194 781 παρ’
211 744 290 781 ἐμοῦ,
306 745 354 772 καὶ
375 745 453 771 δώσω
467 754 507 771 σοι
523 745 585 779 Ξονη
599 745 647 779 τὴν
665 743 846 779 κληρονομίαν
862 752 919 775 σου,

129 793 174 817 και
193 790 244 826 τὴν
259 790 422 825 κατάσχεσιν
437 799 482 816 σου
494 790 527 816 τὰ
543 790 648 825 πέρατα
664 789 714 824 τῆς
728 790 787 824 γῆς.
810 799 818 814 ι
843 790 874 815 Ὃ
888 789 920 824 δὴ

128 837 174 863 καὶ
198 836 345 863 πεπεῖσθαι
363 837 416 872 χρὴ
440 836 678 872 πληρωῡήσεσυαι,
695 836 732 862 ὅτ’
749 835 781 861 ἂν
800 836 830 861 τὸ
852 835 919 870 πλὴ-

129 890 208 917 ρωμα
224 882 278 908 τῶν
292 882 376 908 ἐθνῶν
387 882 505 917 εἰσέλθῃ,
524 883 569 908 καὶ
588 882 704 916 μάλιστα
720 881 790 908 κατὰ
806 881 855 916 τὴν
865 881 920 907 δευ-

980 328 1049 357 dixit
1063 327 1098 355 ad
1112 335 1172 356 me:
1185 327 1272 356 Filius
1287 336 1365 357 meus
1374 337 1404 357 es
1417 334 1457 362 tu,
1474 338 1524 366 ego
1540 331 1622 359 hodie
1635 333 1717 368 genui
1732 337 1770 362 te.

979 373 1092 402 Postula
1121 381 1137 401 ιι
1159 382 1214 406 me,
1242 378 1269 402 et
1294 374 1365 403 dabo
1389 375 1438 403 tibi
1461 381 1556 411 gentes
1583 377 1770 409 haereditatem

978 425 1064 451 tuam.
1087 423 1114 447 et
1130 420 1332 455 possessionem
1356 424 1430 448 tuam
1455 422 1586 451 terminos
1610 427 1688 451 terra:
1700 425 1734 453 “.
1756 435 1767 452 ›

977 466 1054 499 Quod
1083 473 1149 493 sane
1171 470 1332 494 eventurum
1357 467 1418 494 esse
1443 467 1607 495 credendum
1622 490 1628 500 ,
1658 471 1770 505 quando

978 511 1119 548 plenitudo
1134 511 1256 546 gentium
1278 511 1402 547 ingressa
1429 511 1523 544 fuerit,
1542 515 1713 550 maximeque
1739 517 1769 544 in

978 558 1100 586 secundo
1115 562 1142 585 et
1156 558 1251 585 divino
1267 556 1423 586 Servatoris
1441 560 1528 586 nostri
1542 560 1668 589 adventu.
1687 562 1766 591 Tune

977 611 1073 631 omnes
1087 611 1164 638 reges
1181 603 1335 631 adorabunt
1352 594 1426 636 ἒιιιιι,
1444 608 1471 632 et
1485 613 1581 634 omnes
1598 611 1692 642 gentes
1706 616 1765 636 ser-

976 650 1049 676 vicnl.
1065 657 1103 680 et.
1121 659 1130 674 ι
1149 650 1181 676 Ει
1196 649 1241 676 hic
1257 650 1378 677 omnium
1396 649 1456 678 finis
1472 652 1534 683 erit,
1548 659 1609 679 cum
1624 654 1769 681 tradiderit

975 694 1090 731 regnum
1119 695 1174 723 Deo
1198 700 1224 723 et
1254 695 1348 728 Patri,
1371 704 1433 724 cum
1466 697 1633 726 destruxerit
1658 707 1768 728 omnem

975 741 1157 776 principatum
1190 745 1223 778 et_
1242 748 1349 768 omnem
1375 746 1536 776 potestatem
1567 748 1593 771 et
1625 746 1764 774 virtutem.

974 786 1087 821 Oportet
1111 787 1184 814 enim
1210 795 1272 814 cum
1297 795 1421 822 regnare,
1450 788 1536 816 donec
1563 794 1645 820 portat
1669 799 1767 819 omnes

974 833 1101 860 inimicos
1118 834 1169 860 sub
1193 833 1308 868 pedibus
1331 833 1400 865 suis,
1426 839 1453 861 et
1479 836 1629 864 novissima
1654 838 1766 866 mimica

973 880 1131 907 destruatur
1148 887 1221 908 mors
1234 881 1267 908 ⁸⁵.
1290 890 1299 906 ι

126 927 207 963 τέραν
223 928 270 954 τοῦ
287 928 412 963 Σωτῆρος
427 927 503 963 ἡμῶν
520 928 689 962 θεοφάνειαν.
703 928 769 953 Τότε
794 927 858 961 γοῦν
879 927 978 958 παντες
998 927 1022 952 οἱ
1041 926 1160 960 βασιλεῖς
1178 927 1414 962 προσκυνήσουσιν
1435 928 1521 963 αὐτῷ,
1549 930 1596 956 καὶ
1617 931 1706 958 πάντα
1729 940 1773 960 ea,

126 974 189 1010 ἔθνη
203 974 391 1000 δουλεύσουσιν
408 974 492 1009 αὐτῷ.
514 983 522 999 ι
547 974 601 1000 Καὶ
615 974 693 1000 τοῦτο
709 974 785 1000 ἔσται
799 973 828 999 τὸ
848 973 956 999 πάντων
969 972 1054 1003 τέλος,
1071 972 1109 998 ὅτ’
1130 971 1163 998 ἂν
1190 972 1328 1007 παραδιδῷ
1348 972 1397 1007 τὴν
1422 972 1561 1008 βασιλείαν
1578 975 1616 1010 τῷ
1635 976 1694 1011 Θεῷ
1717 978 1764 1005 καὶ

125 1022 224 1058 Πατρὶ,
240 1022 278 1049 ὅτ’
297 1022 329 1049 ἂν
352 1024 514 1058 καταργήσῃ
536 1023 625 1049 πᾶσαν
651 1021 738 1057 ἀρχὴν
775 1021 821 1047 καὶ
843 1021 933 1046 πᾶσαν
970 1019 1094 1052 ἐξουσίαν
1125 1019 1172 1045 καὶ
1197 1019 1322 1054 δύναμιν.
1345 1021 1392 1046 Δεῖ
1418 1020 1472 1056 γὰρ
1496 1022 1576 1048 αὑτὸν
1601 1022 1762 1057 βασιλεύειν,

125 1069 189 1106 ἄχρι
208 1066 238 1096 οὗ
251 1069 283 1105 θῇ
305 1070 409 1100 πάντας
428 1070 491 1101 τοὺς
513 1070 625 1105 ἐχθροὺς
646 1070 698 1095 ὑπὸ
717 1069 800 1099 πόδας
821 1068 915 1099 αὐτοῦ,
936 1068 1050 1103 ἔσχατος
1064 1067 1160 1103 ἐχθρὸς
1177 1069 1354 1103 καταργεῖται
1366 1068 1514 1101 ἀθάνατος.
1537 1080 1545 1096 ι

162 1136 172 1152 ι
189 1126 251 1154 Ὀτι
269 1126 402 1162 ἐρρύσατο
425 1126 532 1162 πτωχὸν
549 1128 581 1153 ἐκ
595 1126 736 1157 δυνάστου,
754 1127 800 1153 καὶ
812 1127 914 1161 πένητα

1003 1124 1087 1152 Vens.
1105 1125 1148 1152 12.
1170 1134 1179 1151 ι
1192 1125 1261 1158 Quia
1277 1125 1400 1152 liberavit
1411 1134 1557 1161 pauperem
1571 1136 1585 1154 a
1601 1133 1722 1162 potente.
1735 1135 1761 1158 et

123 1170 145 1207 ᾧ
161 1173 211 1208 οὐχ
230 1173 336 1208 ὑπῆρχε
352 1172 479 1208 βοηθός.ι
503 1173 575 1198 Ἀντὶ
595 1173 651 1199 τοῦ·
671 1182 680 1198 ι
701 1173 760 1199 Ὅτι
780 1172 914 1208 ἐρρύσατο

124 1220 233 1255 πτωχὸν
250 1221 282 1246 ὲκ
293 1219 433 1252 δυνάστου,
454 1230 462 1246 ι
479 1220 493 1246 ὁ
507 1220 664 1255 Σύμμαχος·
684 1230 693 1245 ι
716 1221 776 1246 ’Ότι
788 1219 919 1252 ὲξελεῖται

125 1265 229 1301 πένητα
259 1265 419 1302 οἰμώζοντα.
442 1276 450 1292 ι
469 1267 505 1293 Οὐ
533 1266 586 1302 γὰρ
603 1267 640 1297 ὡς
661 1266 710 1301 ἤδη
732 1265 916 1301 γεγενημένα,

125 1311 181 1338 ἀλλ’
200 1311 238 1343 ὡς
256 1311 387 1346 μέλλοντα
407 1312 514 1338 ἔσεσθαι
537 1312 624 1338 ταῦτα
646 1312 777 1344 θεσπίζει.
798 1312 868 1347 ’Ὁρα
890 1311 917 1337 δὲ

124 1355 219 1388 ὁσάκις
230 1356 277 1382 τοῦ
291 1356 398 1391 πτωχυῦ
411 1356 584 1392 μνημονεύει,
598 1357 705 1391 πρῶτον
716 1356 809 1383 εἰπών·
826 1366 833 1381 ι
851 1356 918 1391 Κρί-

124 1409 180 1428 νειν
196 1401 242 1428 τὸν
259 1401 322 1428 λαόν
347 1410 393 1427 σου
409 1403 437 1427 ὲν
453 1402 620 1439 δικαιοσύνῃ,
638 1404 684 1429 καὶ⁸
707 1403 771 1433 τοὺς
793 1403 918 1438 πτωχοὺς

124 1448 152 1474 ὲν
161 1448 262 1484 κρίσει·
275 1448 427 1484 ιδεύτερον,
440 1458 449 1474 ι
463 1449 558 1484 Κρινεῖ
574 1450 636 1481 τοὺς
652 1450 775 1484 πτωχοὺς
786 1450 832 1475 τοῦ
841 1449 915 1481 λαοῦ,

124 1493 170 1519 καὶ
183 1494 266 1521 σώσει
277 1494 339 1525 τοὺς
353 1495 427 1526 υἱοὺς
438 1495 491 1520 τῶν
511 1495 648 1530 πενήτων·
672 1504 681 1520 )
695 1495 743 1521 καὶ
758 1494 804 1521 νῦν
820 1495 915 1521 πάλιν·

126 1549 135 1565 ι
153 1541 215 1567 Ὅτι
236 1540 370 1575 ἐρρύσατο
392 1541 497 1575 πτωχὸν
519 1542 550 1567 ἐκ
565 1541 694 1567 δυνάστου
710 1541 755 1567 καὶ
773 1541 877 1576 πένητα
895 1538 916 1574 ᾧ

123 1586 171 1622 οὐχ
181 1587 289 1622 ὑπῆρχε
299 1587 403 1623 βοηθός·
413 1597 420 1613 ι
432 1586 572 1619 καὶαῦθις·
586 1598 594 1613 ι
608 1588 731 1614 Φείσεται
746 1588 853 1623 πτωχοῦ
870 1589 916 1614 καὶ

125 1632 251 1668 πένητος,
267 1633 313 1659 καὶ
330 1633 418 1668 ψυχὰς
439 1635 562 1669 πενήτων
585 1634 675 1660 σώσει.
698 1644 706 1660 ι
724 1632 807 1669 Οἶμαι
829 1634 856 1660 δὲ
873 1634 916 1660 διὰ

122 1680 225 1706 τούτων
241 1679 369 1706 ἁπάντων
391 1680 515 1715 πτωχοὺς
531 1681 577 1706 καὶ
601 1680 719 1715 πένητας
741 1680 833 1706 καλεῖν
853 1680 916 1712 τοὺς

123 1725 288 1757 ἀποστόλους
302 1726 348 1752 καὶ
362 1726 424 1757 τοὺς
441 1726 563 1761 μαθητὰς
575 1726 621 1752 τοῦ
634 1726 759 1762 Σωτῆρος
775 1726 863 1761 ἡμῶν,
878 1726 912 1758 οἳ,

123 1768 171 1804 τὴν
187 1769 221 1795 δι’
236 1770 316 1796 αὑτὸν
338 1771 473 1805 πτωχείαν
496 1771 680 1806 ἀνειληφότες,
697 1771 746 1806 τὴν
770 1772 809 1802 εἰς
830 1772 914 1807 ἄκρον

123 1815 224 1851 ἀρετῆς
240 1815 402 1842 ἐλαύνουσαν
416 1815 573 1851 κατώρθουν
588 1816 761 1851 φιλοσοφίαν·
779 1817 811 1844 δι’
823 1817 837 1843 ὃ
851 1818 914 1853 περὶ

122 1860 211 1887 αὐτῶν
233 1861 347 1894 Ἡσαΐας
366 1863 414 1897 μὲν
434 1862 618 1897 προανεψώνει
640 1862 726 1896 λέγων
738 1871 745 1877 ·
763 1872 772 1888 ‹
791 1863 913 1898 Εὗαγγε-

122 1905 246 1933 λίσασθαι
271 1909 388 1941 πτωχοῖς
408 1907 561 1933 ἀπέσταλκε
580 1916 622 1942 με.
645 1917 654 1933 ι
678 1908 770 1939 Ἀυτδς
782 1908 809 1934 δὲ
825 1909 838 1934 ὁ
855 1909 911 1935 Σω-

122 1951 184 1987 τὴρ,
201 1952 293 1984 αὐτοῖς
309 1952 490 1988 προσομιλῶν,
508 1953 599 1987 ἐλεγε-
621 1962 629 1978 ι
650 1954 790 1989 Μακάριοι
802 1955 826 1980 οἱ
839 1963 912 1980 πτω-

122 1997 174 2032 χοὶ,
183 1998 225 2025 ὃτι
236 1998 326 2025 αὐτῶν
340 2000 412 2025 ἐστιν
423 2000 440 2034 ἡ
455 1999 576 2034 βασιλεία
586 1999 640 2026 τῶν
650 2000 782 2035 οὐρανῶν.
796 2001 887 2027 Πάντα
900 2010 908 2025 ι

122 2041 167 2071 οὖν
180 2053 190 2070 ι
210 2044 245 2070 τὰ
259 2044 321 2080 ἔθνη
334 2044 522 2071 δουλεύσουσιν
536 2045 619 2080 αὐτῷ,
631 2046 671 2072 ὅτι
688 2046 823 2082 ἐρρύσατο
837 2056 911 2073 πτω-

122 2090 168 2125 χὸν
185 2091 217 2117 ὲκ
233 2090 372 2123 δυνάστου,
388 2091 435 2117 καὶ
451 2091 555 2127 πένητα.
601 2091 650 2126 οὐχ
664 2092 770 2127 ὑπῆρχε
783 2092 886 2127 βοηθός.
899 2103 908 2118 ι

122 2138 158 2165 Τδ
176 2139 241 2174 γὰρ,
258 2148 266 2164 ι
283 2138 333 2171 ὅτι,
349 2149 358 2164 ι
378 2138 452 2174 παρὰ
467 2140 533 2165 πᾶσι
555 2141 610 2171 τοῖς
627 2140 807 2174 ὲρμηνευταῖς
824 2138 869 2165 καὶ
882 2139 911 2165 ἐν

121 2185 190 2220 αὐτῇ
215 2186 248 2220 τῇ
284 2185 412 2221 Ἐὃραῖκῇ
435 2187 524 2220 γραφῇ
564 2186 705 2220 κείμενον,
732 2185 911 2218 αἰτιολογικὸν

120 2229 260 2265 τυγχάνει,
280 2230 401 2257 διδάσκον
425 2232 497 2262 ὅπως
517 2230 605 2257 πάντα
621 2231 655 2257 τὰ
673 2230 736 2266 ἔθνη
758 2230 910 2257 δουλεύσειν

122 2276 222 2313 ἠμελλε
248 2276 287 2312 τῷ
306 2278 420 2313 Σωτῆρι.
448 2278 533 2304 Τοῦτο
560 2277 624 2312 γὰρ,
651 2278 726 2312 φησι,
755 2278 908 2312 γενήσεται,

124 2332 134 2350 ε
151 2323 244 2359 ἐπειδὴ
263 2323 371 2359 ρύσεται
392 2323 498 2358 πτωχὸν
516 2324 547 2350 ὲκ
566 2324 713 2350 δυνάστου·
732 2334 740 2349 ι
759 2323 796 2355 ὡς
819 2324 842 2350 εἰ
863 2332 910 2350 σα-

121 2369 251 2405 φέστερον
259 2369 359 2403 ἔλεγεν·
369 2370 430 2396 ’Ὁτι
441 2370 493 2396 τῶν
508 2370 662 2396 ἀποστόλων
670 2368 751 2395 αὐτοῦ
762 2369 792 2396 τὺ
805 2369 907 2404 τάγμα,

119 2415 174 2442 τῶν
183 2415 217 2443 δι’
227 2415 307 2442 αὐτὸν
321 2415 435 2450 πτωχῶν
452 2416 498 2442 καὶ
509 2419 640 2451 πενήτων,
649 2415 760 2450 ῥύσεται
772 2415 825 2441 ἀπὺ
842 2424 907 2441 παν-

119 2461 166 2493 τὸς
177 2461 318 2488 δυνάστου.
335 2461 443 2488 Πολλῶν
459 2462 514 2497 γὰρ
536 2461 674 2488 δυναστῶν
692 2461 796 2497 ὁρατῶν
815 2470 844 2488 τε
862 2461 908 2488 καὶ

120 2506 232 2541 ἀφανῶν
245 2507 439 2543 ἀντικειμένων
453 2508 500 2535 καὶ
513 2508 734 2543 ἐπανισταμένων
748 2507 852 2539 τούτοις
864 2507 908 2534 αὺ-
926 2521 947 2548 D

119 2554 177 2585 τοῖς
188 2553 245 2585 τοῖς
254 2555 370 2589 πτωχοῖς
383 2553 430 2581 καὶ
445 2555 502 2585 τοῖς
514 2554 636 2589 πένησιν,
651 2554 742 2586 αὐτὸς,
758 2554 855 2588 ἀφανεῖ
865 2554 909 2579 δυ-

120 2598 202 2634 νάμει
218 2598 392 2635 προασπιζων
404 2600 503 2631 αὐτῶν,
518 2602 549 2626 ὲκ
561 2601 667 2626 πάντων
675 2600 772 2631 αὐτοὺς
788 2599 910 2635 ῥύσεται,

121 2645 189 2681 πρὸς
203 2644 291 2681 τὸ·μή
307 2645 460 2681 κωλυθῆναι
475 2647 524 2681 τὴν
544 2647 577 2673 δι’
594 2646 683 2673 αὐτῶν
699 2646 909 2681 ἐπιτελουμένην

121 2690 167 2717 τοῦ
182 2691 359 2725 εὐαγγελικοῦ
377 2693 553 2728 κηρύγματος
573 2692 732 2729 ὑπηρεσίαν.
757 2693 811 2719 Καὶ
829 2692 908 2719 τοῦτο

122 2736 219 2772 πράξει
236 2737 323 2764 συνὼν
340 2738 439 2770 αὐτοῖς,
461 2738 519 2765 καθ’
530 2739 564 2774 ἣν
580 2739 721 2774 ποιήσεται
732 2739 800 2774 πρὸς
810 2739 911 2769 αὐτοὺς

123 2783 286 2818 ἐπαγγελίαν
301 2784 405 2818 φήσας·
423 2794 432 2810 ι
459 2785 525 2811 Ἰδοὺ
542 2784 597 2819 ἐγὼ
615 2785 673 2820 μεθ’
692 2784 769 2820 ὑμῶν
782 2786 838 2820 εἰμι
857 2785 909 2811 πά-

123 2836 171 2861 σας
180 2829 229 2860 τὰς
239 2830 256 2864 ή
261 2829 292 2864 μέ
296 2838 346 2865 ρας
358 2830 409 2861 ἕως
420 2831 470 2865 τῆς
484 2830 637 2861 συντελείας
648 2831 694 2856 τοῦ
705 2830 811 2861 αἰῶνος.
832 2840 840 2855 ι
858 2830 909 2857 Οὕ-

123 2881 175 2905 τως
190 2872 236 2901 οἷον
253 2874 299 2901 καὶ
322 2874 447 2908 ἐφείσατο
461 2873 568 2909 πτωχοῦ
585 2874 631 2900 καὶ
649 2874 772 2909 πένητος,
790 2875 837 2900 καὶ
858 2873 908 2908 ψυ-

432 2953 454 2969 "
471 2952 557 2980 lCor.
570 2960 616 2984 xv,
633 2952 724 2980 2L26.

542 2999 662 3030 XXIII.

158 2954 181 2970 “
192 2952 266 2983 Psal.
282 2961 313 2986 tt,
326 2953 353 2986 ’1,
367 2953 393 2981 8.

279 3001 420 3033 Parnm:
444 3000 503 3031 Gn.

762 2952 784 2968 “
804 2951 857 2980 lsa.
872 2958 918 2978 ut
936 2952 961 2985 i,

969 1180 1115 1208 pauperem
1129 1173 1241 1200 cuinon
1258 1177 1317 1200 erat
1334 1173 1453 1207 adjutor.
1473 1184 1481 1199 ι
1502 1174 1554 1201 Pro
1572 1175 1638 1203 illo:
1661 1186 1670 1201 ι
1691 1176 1761 1209 Quia

969 1217 1096 1244 liberavit
1109 1225 1254 1252 pauperem
1266 1226 1280 1244 a
1293 1222 1413 1253 potente,
1427 1229 1435 1244 ι
1448 1219 1629 1255 Symmachus
1642 1231 1647 1248 :
1666 1231 1675 1247 ‹
1691 1221 1761 1255 Quia

968 1262 1065 1297 eripiet
1089 1271 1235 1298 pauperem
1262 1263 1421 1297 eiulantem.
1452 1275 1460 1289 ι
1492 1265 1554 1292 Πιιδε
1579 1267 1679 1302 quippe
1704 1275 1760 1296 non

969 1309 1048 1344 quasi
1076 1309 1132 1343 jam
1160 1309 1310 1341 evenerint,
1339 1310 1386 1336 sed
1410 1315 1440 1337 ut
1466 1310 1556 1338 futura
1584 1313 1758 1343 vaticinatur.

969 1355 1180 1382 Animadvertas
1201 1356 1281 1382 velim
1307 1356 1413 1390 quoties
1436 1364 1582 1392 pauperem
1605 1365 1759 1395 memoret;

969 1401 1057 1435 primo
1067 1408 1128 1427 cum
1144 1401 1181 1427 ait
1195 1410 1202 1428 :
1216 1411 1225 1426 ‹
1244 1400 1370 1428 Judicare
1394 1403 1523 1437 populum
1539 1408 1615 1431 tuum
1632 1405 1659 1432 in
1673 1405 1758 1441 justi-

969 1447 1016 1478 tia,
1034 1450 1061 1473 ct
1076 1454 1210 1482 pauperes
1225 1453 1286 1474 tuos
1302 1447 1329 1474 in
1343 1447 1449 1482 judicio
1463 1458 1470 1481 ;
1492 1458 1501 1474 ι
1519 1450 1659 1478 secundo:
1677 1461 1686 1477 ι
1710 1451 1759 1479 Ju-

968 1492 1069 1519 dicabit
1082 1499 1214 1527 pauperes
1235 1493 1338 1527 populi,
1358 1496 1385 1519 et
1405 1494 1495 1521 salvos
1512 1494 1592 1522 faciet
1606 1495 1676 1523 filios
1691 1503 1758 1531 pau-

967 1546 1081 1573 perum;
1099 1548 1108 1563 ι
1121 1542 1148 1565 et
1164 1546 1237 1565 nunc
1254 1539 1352 1566 iterum
1371 1549 1377 1566 :
1396 1549 1405 1564 ι
1430 1539 1499 1573 Quia
1515 1541 1640 1570 liberavit
1656 1551 1760 1579 paupe-

968 1592 1023 1612 rem
1040 1592 1055 1611 a
1067 1589 1186 1620 potente.
1198 1589 1225 1612 et
1242 1593 1388 1620 pauperem
1400 1587 1443 1613 cui
1460 1594 1513 1614 non
1528 1593 1587 1615 erat
1605 1590 1728 1624 adiutor;
1746 1601 1756 1616 ι

968 1640 999 1659 ac
1015 1640 1124 1659 rursum
1142 1641 1148 1659 :
1168 1641 1177 1657 ‹
1206 1631 1302 1659 Parcet
1314 1634 1427 1668 pauperi
1443 1637 1469 1661 et
1487 1635 1579 1670 inopi.
1605 1641 1632 1663 et
1652 1638 1759 1665 animas

968 1684 1118 1712 pauperum
1134 1676 1224 1705 salvas
1238 1677 1331 1705 faciet.
1349 1688 1358 1704 ι
1376 1679 1502 1706 Arbitror
1516 1688 1598 1715 porro
1610 1681 1653 1709 his
1669 1684 1758 1709 omni-

967 1723 1018 1750 bus
1035 1723 1062 1750 in
1079 1723 1146 1750 locis
1163 1723 1252 1758 ipsum
1268 1727 1411 1759 apostolos
1425 1729 1452 1752 et
1466 1726 1614 1761 discipulos
1629 1727 1758 1757 Servato‘

968 1769 1007 1796 ris
1025 1769 1122 1803 nostri,
1138 1777 1272 1804 pauperes
1290 1773 1317 1797 et
1340 1770 1436 1806 inopes
1449 1778 1556 1804 vocare,
1579 1773 1626 1808 qui
1646 1778 1758 1810 propter

967 1815 1056 1850 ipsum
1075 1820 1262 1851 paupertatem
1280 1817 1439 1849 subeuntes,
1456 1817 1655 1853 philosophiam
1682 1821 1754 1848 illam

969 1862 1003 1888 ad
1022 1862 1133 1889 virtutis
1153 1861 1290 1897 fastigium
1307 1862 1466 1889 evehentem
1493 1863 1629 1892 colebant.
1656 1864 1757 1898 Quam-

967 1908 1060 1935 obrem
1076 1907 1133 1934 haec
1154 1908 1188 1935 de
1212 1907 1265 1935 illis
1292 1907 1378 1936 Isaias
1400 1909 1621 1943 praenuntiabat:
1642 1920 1651 1935 ‹
1670 1910 1756 1938 Evan-

966 1954 1083 1988 gelizare
1103 1952 1270 1987 pauperibus
1291 1953 1366 1980 misit
1381 1961 1423 1981 me
1434 1953 1467 1981 “.
1488 1963 1498 1979 ›
1513 1954 1572 1988 Ipse
1586 1963 1649 1982 Vero
1662 1955 1756 1984 Domi-

966 2007 1019 2026 nus
1035 2006 1082 2026 eos
1097 1999 1238 2034 alloquens
1256 1999 1362 2027 dicebat
1380 2009 1386 2027 :
1406 2009 1415 2025 ι
1433 2000 1507 2027 Beati
1527 2008 1670 2035 pauperes,
1685 2009 1755 2037 quo-

966 2045 1038 2071 niam
1056 2045 1177 2080 ipsorum
1204 2049 1248 2072 est
1275 2053 1388 2080 regnum
1410 2047 1587 2074 cielorum".
1619 2047 1720 2076 Omnes
1740 2058 1750 2075 ι

966 2099 1030 2126 ergo
1048 2101 1056 2117 ι
1068 2095 1163 2126 gentes
1177 2092 1341 2126 servicntei,
1358 2092 1423 2127 quia
1439 2093 1566 2120 liberavit
1577 2102 1721 2130 pauperem
1737 2103 1753 2124 ιι

966 2140 1086 2171 potente,
1105 2141 1131 2164 et
1147 2145 1293 2173 pauperem
1310 2138 1353 2164 cui
1371 2145 1425 2165 non
1442 2143 1500 2166 erat
1517 2139 1636 2174 adiutor.
1658 2150 1668 2165 ι
1685 2139 1752 2167 Nam

966 2183 1043 2215 illud,
1063 2192 1072 2209 ‹
1091 2184 1168 2218 quia,
1188 2193 1196 2209 ι
1214 2183 1285 2218 apud
1301 2192 1395 2212 omnes
1414 2186 1586 2220 interpretes,
1604 2189 1631 2213 et
1650 2187 1678 2213 in
1694 2186 1753 2222 ipsa

965 2228 1097 2257 chraica
1126 2229 1262 2264 scriptura
1297 2230 1436 2265 positum,
1474 2238 1583 2258 causam
1618 2231 1752 2264 denotat,

964 2275 1066 2303 docens
1082 2283 1131 2302 cur
1156 2275 1277 2303 futurum
1301 2277 1380 2304 situt
1405 2285 1498 2305 omnes
1516 2282 1609 2312 gentes
1633 2278 1752 2305 serviant

965 2320 1125 2354 Servatori;
1143 2322 1170 2348 id
1185 2329 1303 2356 namque
1320 2322 1375 2355 fiet,
1401 2322 1500 2357 inquit,
1521 2332 1529 2347 (
1546 2323 1609 2357 quia
1626 2323 1752 2350 liberavit

963 2372 1109 2400 pauperem
1127 2373 1142 2392 a
1158 2369 1268 2401 potente
1283 2374 1290 2399 ;
1308 2375 1317 2391 θ
1335 2373 1366 2392 ac
1382 2365 1406 2392 si
1419 2365 1521 2392 clarius
1543 2366 1648 2392 diceret
1661 2375 1668 2392 :
1681 2365 1751 2398 Quia

963 2413 1149 2447 apostolorum
1173 2420 1297 2443 suorum,
1314 2412 1360 2446 qui
1377 2416 1487 2447 propter
1512 2412 1600 2446 ipsum
1618 2419 1750 2446 pauperes

963 2461 989 2484 et
1007 2457 1103 2493 inopes
1113 2461 1204 2489 erant,
1219 2457 1341 2484 ordinem
1355 2457 1480 2484 liberabit
1492 2457 1526 2484 ab
1538 2457 1612 2483 omni
1629 2461 1748 2492 potente.

963 2503 1031 2530 Cum
1049 2504 1127 2531 multi
1154 2504 1227 2530 enim
1251 2506 1375 2538 potentes
1395 2503 1518 2531 visibiles
1547 2506 1574 2529 et
1599 2502 1751 2530 invisibiles

964 2549 1108 2577 adversum
1116 2549 1177 2576 illos
1185 2556 1319 2584 pauperes
1326 2552 1352 2576 et
1361 2548 1455 2583 inopes
1469 2548 1622 2583 insurgent,
1639 2548 1749 2576 eosdem

965 2596 1022 2630 ipse
1041 2596 1148 2623 occulta
1158 2595 1260 2622 virtute
1274 2598 1407 2630 proteget,
1416 2602 1504 2630 exque
1517 2594 1646 2622 omnibus
1655 2595 1740 2622 libera

964 2642 1014 2674 bit,
1031 2646 1060 2669 ut
1074 2649 1109 2669 ne
1122 2642 1195 2677 quod
1212 2642 1264 2677 ipsi
1283 2642 1385 2669 obeunt
1400 2641 1563 2676 evangelicae
1578 2640 1749 2676 praedicatio-

963 2689 1005 2715 nis
1021 2688 1202 2716 ministerium
1220 2687 1413 2723 praapediatur.
1436 2687 1521 2722 idque
1545 2687 1605 2722 ipse
1627 2694 1749 2722 praesens

962 2735 1069 2767 efﬁciet,
1085 2736 1235 2762 secundum
1252 2736 1286 2762 ab
1299 2742 1328 2762 se
1345 2734 1504 2762 tradendam
1529 2735 1747 2769 promissionem,

963 2789 1015 2816 qua
1032 2781 1098 2808 dicit
1113 2790 1119 2808 :
1140 2790 1150 2807 ι
1169 2781 1238 2809 Ecce
1253 2789 1302 2817 ego
1316 2782 1457 2808 vobiscum
1474 2789 1534 2809 sum
1549 2781 1677 2808 omnibus
1691 2779 1751 2806 dic-

962 2828 1014 2854 bus
1039 2835 1126 2862 usque
1148 2827 1182 2854 ad
1210 2827 1474 2855 consummationem
1500 2827 1592 2863 saeculi
1603 2826 1637 2854 “.
1664 2835 1674 2852 ι
1703 2824 1749 2852 Sic

963 2873 1055 2909 itaque
1070 2874 1190 2909 pepercit
1208 2874 1321 2910 pauperi
1338 2878 1364 2901 et
1380 2875 1462 2909 inopi,
1479 2881 1506 2901 et
1527 2876 1632 2901 animas
1648 2880 1749 2909 paupe-

1259 2953 1282 2970 “
1292 2952 1388 2980 Matth.
1410 2959 1505 2986 xxvm,
1520 2951 1566 2979 20.

1549 2996 1590 3027 26

1000 2951 1023 2968 "
1037 2951 1131 2980 Matth.
1147 2960 1173 2987 ν,
1193 2952 1219 2980 5.
