2024 3214
241 166 302 220 ‘8”

238 2850 242 2863 ι

591 191 727 219 EUSEBII
745 188 988 218 CESARIENSIS
1007 188 1084 217 OPP.
1105 188 1195 216 PARS
1214 189 1256 216 Ill.
1277 205 1312 210 ——
1324 189 1530 218 EXEGETICA.

1835 189 1886 217 8V2

252 262 312 282 rum
322 254 411 282 salvas
420 253 484 282 fecit
496 264 501 281 :
515 254 724 290 haecqueomnia
734 252 877 288 discipulis
884 256 908 280 et
917 252 1041 284 apostoli:

1099 260 1150 286 χας
1178 255 1300 287 πενήτων
1326 251 1428 278 ἔσωσε·
1446 260 1492 278 και
1517 250 1603 277 ταῦτα
1626 250 1716 278 πάντα
1734 251 1790 282 τοῖς
1805 251 1887 277 αὐτοῦ

253 303 312 331 suis
321 301 446 337 praebuit,
455 302 518 328 utin
526 308 634 328 omnem
647 305 747 327 terram
756 304 842 327 enret
851 307 937 327 sonus
949 307 1044 327 eorum

253 354 280 375 et
296 349 324 375 in
345 347 414 378 ﬁnes
424 347 499 374 orbis
526 353 605 374 terra:
632 347 714 375 verba
734 354 839 374 eorum.
860 346 963 373 Horum
981 354 1045 374 vero

253 403 403 431 pauperum
416 399 443 423 et
456 396 566 429 inopum
583 394 689 421 animas
702 401 734 420 ex
750 394 843 420 usuris
858 397 886 419 et
901 393 1045 428 iniquitate

253 441 379 473 redemit,
407 444 437 468 ιιι
462 440 563 468 nemini
587 439 727 475 quidpiam
752 439 892 467 deberent.
917 438 995 471 Quod
1021 439 1044 466 si

252 488 417 523 quandoque
440 486 519 514 fenus
539 485 710 521 acceperint,
728 485 765 512 ita
791 488 820 511 ut
841 488 964 511 veterum
980 491 1046 519 pec-

253 538 377 561 catorum
397 533 436 560 rei
457 533 611 565 exsistant;
635 537 662 558 at
688 531 747 566 ipse
770 530 892 566 pretioso
910 531 1046 566 sanguine

253 587 302 614 pro
319 579 373 606 illis
398 578 500 606 tradito
518 577 632 605 redemit
649 578 754 604 animas
774 584 869 604 eorum
884 586 891 604 :
914 577 987 604 unde
1003 576 1047 603 di—

253 625 334 652 vinus
356 624 504 660 Apostolus
523 624 579 650 haec
596 623 710 651 docuit:
728 632 737 648 1
757 622 885 650 Christus
903 630 953 650 nos
966 623 1045 650 rede-

253 670 303 697 mit
318 669 352 696 de
378 669 524 696 maledicto
538 669 616 704 legis,
643 668 733 695 factus
758 676 809 703 pro
825 667 905 695 nobis
931 668 1046 696 maledi—

252 719 327 742 ctum
340 715 372 742 δ’.
397 725 406 742 ι
425 714 492 742 Nam
510 715 574 750 quia
592 715 730 742 debitores
745 718 824 742 erant
838 714 890 749 legi
906 713 1002 750 Moysi,
1017 718 1045 742 et

253 769 313 796 qum
340 761 444 796 scripto
471 760 570 787 tradita
599 763 664 788 sunt
689 768 743 787 nou
773 760 962 795 impleverant,
992 761 1044 789 Sub

253 807 400 834 maledicto
410 806 507 834 deinde
520 811 607 838 erant,
628 806 701 841 quod
713 814 768 833 non
784 810 869 833 totam
885 806 971 840 legem
986 813 1044 833 ser-

251 855 374 880 vassent.
387 851 522 887 Scriptum
534 851 635 886 quippe
650 856 726 878 erat:
742 860 752 877 1
776 850 937 878 hlaledietus
954 851 1044 878 omnis

251 898 298 933 qui
319 906 374 926 non
395 898 516 925 manebit
536 898 563 925 in
583 898 711 925 omnibus
730 905 790 932 qua:
809 898 913 932 scripta
933 901 997 924 sunt
1014 897 1041 924 in

1097 299 1231 334 μαθηταῖς
1245 300 1290 325 καὶ
1303 298 1462 329 ἀποστόλοις
1477 299 1617 333 παρεῖχεν,
1634 297 1666 322 ἵν’
1682 298 1721 328 εἰς
1735 298 1824 323 πᾶσαν
1839 297 1888 332 τὴν

1096 345 1146 380 γῆν
1163 344 1265 377 ἐξέλθοι
1280 345 1294 371 ὁ
1306 344 1422 378 φθόγγος
1439 343 1540 375 αὐτῶν,
1556 344 1602 369 καὶ
1619 344 1659 374 εἰς
1672 343 1706 369 τὰ
1721 343 1827 378 πέρατα
1840 345 1889 378 τῆς

1095 391 1256 426 οἰκουμένης
1275 391 1308 417 τὰ
1326 392 1435 426 ῥήματα
1453 390 1553 417 αὐτῶν.
1572 389 1680 416 Τούτων
1701 389 1730 415 δὲ
1746 389 1800 415 τῶν
1817 398 1891 416 πτω-

1096 438 1150 473 χῶν
1168 438 1217 465 καὶ
1230 438 1284 464 τῶν
1306 439 1428 473 πενήτων
1442 438 1474 464 ἐκ
1496 438 1576 464 τόκου
1594 437 1639 464 καὶ
1653 436 1683 469 ἐξ
1705 436 1812 469 ἀδικίας
1827 437 1889 463 ἐλυ-

1095 485 1219 520 τρώσατο
1234 484 1283 515 τὰς
1295 483 1394 519 ψυχὰς,
1407 484 1482 515 ὅπως
1495 484 1590 520 μηδενὶ
1603 482 1686 519 μηδὲν
1702 482 1846 517 ὀφείλοιεν.
1857 483 1890 509 Et

1095 531 1123 557 δε
1139 530 1184 557 καί
1201 539 1265 556 ποτε
1282 530 1479 565 δεδανεισμένοι
1490 529 1627 566 ὥφλησαν,
1640 529 1709 556 ὥστε
1725 529 1834 564 ἐνόχους
1845 529 1891 556 αὺ-

1095 577 1157 608 τοὺς
1169 576 1294 610 γενέσθαι
1309 576 1430 602 παλαιῶν
1446 576 1663 611 ἁμαρτημάτων,
1680 575 1737 602 ἀλλ’
1753 575 1846 607 αὐτὸς,
1859 574 1891 602 τὸ

1095 620 1164 657 αἷμα
1181 623 1210 648 τὸ
1225 623 1313 657 τίμιον
1330 622 1426 657 λύτρον
1441 622 1511 657 ὑπὲρ
1527 622 1616 648 αὐτῶν
1630 621 1702 654 δοὺς,
1718 620 1892 657 ἐλυτρώσατο

1094 670 1144 701 τὰς
1157 669 1244 704 ψυχὰς
1268 668 1356 695 αὐτῶν
1368 677 1374 683 ·
1390 668 1451 695 ὅθεν
1474 670 1488 694 ό
1509 668 1579 699 Θεῖος
1594 667 1753 699 Ἀπόστολος
1767 667 1891 694 ἐδίδασκε

1095 715 1197 748 λέγων·
1216 725 1224 739 1
1245 714 1361 748 Χριστὸς
1378 715 1452 749 ἡμᾶς
1473 714 1638 749 ἐξηγόρασεν
1657 715 1688 740 ὲκ
1701 713 1751 749 τῆς
1763 713 1890 748 κατάρας

1094 761 1141 788 τοῦ
1158 761 1251 796 νόμου,
1269 760 1413 794 γενόμενος
1433 761 1502 796 ὑπὲρ
1519 760 1596 795 ἡμῶν
1613 760 1730 795 κατάρα.
1749 768 1758 785 ι
1778 758 1890 794 Ἐπειδὴ

1095 806 1149 842 γὰρ
1165 806 1298 842 χρεῶσται
1309 804 1378 841 ἦσαν
1393 805 1440 832 καὶ
1449 806 1584 840 ὀφειλέται
1596 806 1645 841 τῆς
1657 805 1796 837 Μωῦσέως
1805 813 1890 841 νομο-

1095 851 1198 883 θεσίας,
1223 852 1272 878 οὐκ
1302 852 1437 887 ἐπλήρουν
1452 852 1479 878 δὲ
1498 853 1533 878 τὰ
1555 851 1749 888 γεγραμμένα,
1770 849 1822 878 εἶθ’
1836 851 1890 878 ὑπὸ

1096 898 1216 934 κατάραν
1231 896 1300 933 ἦσαν
1311 918 1317 929 ,
1344 898 1386 924 διὰ
1400 898 1430 924 τὸ
1449 898 1485 933 μὴ
1513 898 1601 924 πάντα
1619 898 1663 924 τὸν
1680 898 1760 933 νόμον
1785 896 1890 932 φυλάτ-

251 932 324 970 libro
335 943 413 978 legis,
431 946 461 969 ut
489 942 572 970 faciat
595 951 627 971 ea
641 943 673 970 ⁵⁸.
695 953 703 968 ι
724 942 821 970 Merito
844 948 953 977 ereptos
980 943 1041 970 illos

1094 932 1325 980 τεινίΓέγραπτο
1351 945 1420 980 γάρ·
1441 932 1454 969 1
1477 932 1695 980 Ἐπικατάρατος
1714 932 1773 975 πᾶς
1788 943 1819 975 ὃς
1837 943 1890 970 οὒκ

251 997 284 1015 ex
305 989 351 1015 tali
365 989 569 1020 maledictione,
587 996 619 1016 ex
641 990 734 1017 usuris
752 992 778 1016 et
795 989 940 1023 iniquitate
962 989 1040 1016 rede-

251 1036 310 1066 mit,
329 1035 416 1062 factus
428 1035 539 1070 prnillis
555 1035 746 1062 maledictum:
757 1036 914 1070 traditoque
929 1043 1039 1062 eorum-

250 1082 311 1109 dem
335 1082 423 1117 gratia
446 1082 566 1116 pretioso
587 1082 733 1118 sanguine.
757 1083 798 1110 sic
827 1082 879 1110 sibi
905 1083 1040 1117 pretiosos

250 1127 349 1154 elicuit.
369 1127 459 1160 Quare
474 1128 526 1155 sub
542 1128 598 1155 luec
618 1128 730 1161 dicitur,
749 1137 759 1154 1
776 1128 810 1155 Et
827 1129 977 1164 pretiosum
991 1137 1041 1156 no-

251 1181 313 1200 men
337 1181 432 1200 eorum
453 1181 546 1200 coram
561 1174 626 1207 illo;
646 1184 655 1200 ι
677 1174 738 1201 ideo
757 1174 818 1201 illos
847 1175 887 1202 sic
905 1175 1041 1202 allocutus

250 1219 381 1247 scribitur
397 1229 404 1247 :
423 1229 433 1246 1
450 1219 539 1248 Nolite
554 1220 672 1256 gaudere
689 1221 817 1255 quoniam
828 1221 961 1248 daemonia
977 1222 1041 1248 sub-

249 1265 384 1300 jiciuntur
399 1265 479 1294 vobis
496 1276 503 1294 :
521 1267 636 1301 gaudete
658 1271 749 1294 autem
775 1272 803 1294 et
820 1267 955 1294 exsultate
977 1268 1040 1302 quia

249 1312 362 1340 nomina
378 1317 469 1340 vestra
488 1313 589 1347 scripta
604 1317 667 1340 sunt
679 1314 707 1340 in
723 1313 799 1341 coelis
807 1314 840 1340 δε.
858 1323 867 1339 ›
884 1313 940 1341 Cur
950 1317 1040 1340 autem

250 1366 351 1386 nomen
364 1366 458 1387 eorum
478 1360 628 1394 pretiosum
651 1363 710 1387 erat
726 1367 818 1387 coram
836 1360 893 1392 illo,
907 1360 960 1387 nisi
975 1360 1039 1395 quia

251 1406 309 1439 ipse
325 1405 438 1432 nomina
462 1405 515 1432 illis
537 1405 630 1433 indere
650 1405 780 1441 dignatus
805 1410 858 1439 est,
885 1405 1038 1439 Simonem,

250 1450 363 1478 Petrum
391 1459 571 1487 nuncupans;
600 1451 751 1484 Thomam,
779 1452 941 1489 Didymum;
969 1453 1040 1480 ﬁlios

250 1496 385 1529 Zebeda’i,
403 1497 569 1534 Bonnerges,
583 1499 656 1533 quod
674 1499 828 1534 explicatur
843 1500 895 1534 ﬁlii
907 1500 1040 1528 tonitrui?

250 1541 307 1570 luto
325 1550 389 1570 vero
403 1544 552 1571 universim
570 1545 691 1572 omnium
706 1552 803 1572 nomen
819 1545 969 1579 pretiosum
981 1549 1041 1573 erat

1093 989 1206 1024 ἐμμένει
1223 991 1290 1016 πᾶσι
1309 991 1364 1020 τοῖς
1386 989 1588 1025 γεγραμμένοις
1608 990 1636 1015 ὲν
1651 988 1690 1024 τῷ
1720 988 1814 1024 βιϐλίῳ
1840 988 1889 1016 τοῦ

1092 1036 1175 1069 νόμου
1215 1035 1262 1062 τοῦ
1300 1036 1409 1070 ποιῆσαι
1442 1035 1520 1061 αὑτά.
1544 1045 1552 1060 ι
1570 1035 1688 1066 Εἰκότως
1711 1034 1814 1070 ταύτης
1838 1035 1889 1070 τῆς

1091 1082 1160 1117 ἀρᾶς
1180 1081 1365 1116 ἐλευθερώσας
1386 1081 1493 1113 αὐτοὺς,
1514 1081 1545 1107 ὲκ
1568 1080 1648 1107 τόκου
1664 1081 1710 1107 καὶ
1731 1079 1761 1111 ἑξ
1781 1079 1890 1111 ἀδικίας

1091 1128 1235 1163 ὲλυτροῦτο
1257 1128 1363 1159 αὐτοὺς,
1395 1127 1537 1162 γινόμενος
1561 1127 1632 1162 ὑπὲρ
1648 1126 1737 1153 αὐτῶν
1760 1126 1887 1162 κατάρα·

1092 1175 1184 1200 καὶτὸ
1212 1175 1302 1209 τίμιον
1330 1174 1410 1200 αὑτοῦ
1431 1172 1499 1209 αἷμα
1513 1173 1582 1210 ὑπὲρ
1605 1173 1694 1200 αὐτῶν
1720 1172 1817 1205 διδοὺς,
1841 1169 1889 1200 καὶ

1091 1221 1161 1246 οὕτω
1183 1221 1290 1256 τιμίους
1317 1219 1405 1255 ἑαυτῴ
1430 1218 1659 1255 ἀπεργαζόμενος.
1688 1219 1732 1245 Διὸ
1761 1218 1888 1246 λέλεκται

1092 1268 1169 1303 ὲξῆς”
1190 1277 1198 1293 1
1220 1268 1275 1294 Καὶ
1299 1267 1407 1301 ἔντιμον
1426 1267 1456 1292 τὸ
1481 1266 1566 1302 ὄνομα
1590 1266 1680 1293 αὐτῶν
1703 1265 1818 1292 ἐνώπιον
1837 1265 1888 1292 αὖ-

1091 1313 1148 1339 τοῦ.
1171 1323 1179 1338 ι
1199 1313 1279 1339 Ὅθεν
1305 1312 1511 1347 ἀναγέγραπται
1539 1311 1658 1348 εἰρηκὼς
1681 1311 1748 1347 πρὸς
1769 1311 1886 1344 αὐτοῦς*

1095 1369 1103 1385 1
1121 1359 1166 1394 Μὴ
1187 1358 1307 1394 χαίρετε,
1329 1359 1370 1385 ὃτι
1390 1358 1424 1385 τὰ
1450 1358 1577 1394 δαιμόνια
1598 1358 1662 1393 ὑμῖν
1684 1357 1886 1384 ὑποτάσσεται·

1091 1406 1199 1441 χαίρετε
1215 1405 1243 1432 δὲ
1257 1406 1304 1431 καὶ
1321 1405 1496 1439 ἀγαλλιᾶσθε,
1511 1405 1552 1431 ὃτι
1567 1404 1600 1430 τὰ
1613 1404 1733 1439 ὀνόματα
1748 1403 1827 1439 ὑμῶν
1839 1404 1887 1439 ἰτ-

1091 1451 1246 1487 γέγραπται
1263 1452 1290 1477 ἐν
1308 1453 1363 1482 τοῖς
1377 1451 1509 1485 οὐρανοῖς.
1532 1460 1541 1476 ι
1560 1450 1608 1477 Διὰ
1621 1451 1646 1476 τί
1660 1450 1687 1477 δὲ
1694 1450 1729 1488 τὸ,
1741 1450 1827 1486 ὖνομα
1839 1450 1888 1478 αὒ-

1090 1499 1144 1525 τῶν
1158 1499 1264 1533 ἔντιμον
1279 1496 1312 1534 ἦν
1325 1498 1438 1524 ἐνώπιον
1452 1497 1545 1529 αὑτοῦ,
1562 1497 1619 1524 ἀλλ’
1633 1497 1783 1533 ἐπειδήπερ
1802 1497 1886 1530 αὐτὸς

1092 1545 1138 1571 καὶ
1150 1544 1204 1571 τῶν
1218 1545 1357 1579 ὀνομάτων
1373 1544 1471 1575 αὐτοὺς
1481 1543 1569 1578 ἠξίου,
1581 1543 1626 1569 τὸν
1643 1543 1691 1578 μὲν
1707 1543 1819 1579 Σίμωνα
1833 1543 1888 1570 Πί-

251 1594 343 1613 coram
361 1587 418 1614 illo.
436 1587 519 1622 quue
536 1588 673 1623 signiﬁcat
688 1588 830 1624 Evangelii
845 1591 985 1625 scriptura
1001 1590 1038 1617 di-

1092 1600 1154 1626 τρον
1170 1591 1298 1623 ἀνειπὼν,
1316 1591 1361 1617 τὸν
1378 1591 1405 1616 δὲ
1425 1590 1526 1625 θωμᾶν
1545 1590 1669 1625 Δίδυμον,
1686 1589 1749 1621 τούς
1767 1598 1797 1616 τε
1813 1590 1887 1623 υἱοὺς

251 1641 336 1660 cene:
356 1641 365 1658 1
380 1632 436 1659 Hos
450 1633 593 1661 duodecim
612 1635 693 1670 elegit
707 1634 798 1667 Jesus,
815 1644 884 1671 quos
901 1637 1039 1671 apostolos

252 1679 404 1706 nominavit
414 1678 449 1706 ⁸³.
472 1689 482 1706 ι
501 1678 554 1707 Pro
572 1680 618 1708 illo
634 1685 736 1714 autem,
755 1691 764 1707 1
785 1690 886 1710 nomen
903 1691 1009 1716 eorum,
1028 1694 1037 1710 ›

251 1724 385 1752 llebraica
396 1725 546 1760 scriptura,
563 1735 572 1751 1
586 1727 698 1762 sanguis
719 1735 825 1762 eorum,
842 1738 850 1754 I
864 1729 1038 1764 circumfert;

253 1775 336 1804 atque
351 1769 449 1806 reliqui
464 1770 504 1798 sic
520 1770 692 1806 interpretati
711 1778 785 1805 sunt,
799 1774 898 1809 Aquila
914 1764 1021 1803 scilicet
1032 1786 1038 1803 :

254 1825 263 1840 1
282 1815 314 1843 Et
331 1815 512 1844 honorabitur
527 1818 640 1853 sanguis
660 1825 756 1846 eorum
773 1819 800 1847 in
826 1820 914 1848 oculis
933 1821 1010 1856 ejus;
1028 1832 1038 1848 ι

252 1861 432 1898 Symmachus
445 1871 510 1891 vero
522 1874 529 1891 :
545 1874 554 1890 1
567 1863 600 1892 Et
612 1865 748 1900 pretiosus
755 1868 807 1894 erit
819 1867 931 1903 sanguis
945 1876 1039 1895 eorum

250 1916 344 1936 coram
359 1909 415 1937 illo.
432 1919 441 1935 ι
454 1909 538 1943 Queis
553 1915 647 1946 aperte
671 1919 766 1940 necem
787 1913 895 1941 illorum
913 1914 1041 1942 subindi-

250 1955 333 1987 cavit,
358 1962 412 1990 qua
436 1955 538 1991 singuli
568 1957 646 1984 vario
673 1958 798 1994 martyrii
823 1967 923 1995 genere
949 1959 1040 1988 affecti

251 2006 325 2033 sunt.
341 2008 374 2028 ac
397 2002 468 2029 alius
492 2003 546 2030 alio
565 2003 647 2031 modo
672 2004 707 2032 ob
732 2005 920 2034 testimonium
943 2007 976 2034 de
994 2007 1040 2034 illo

250 2048 344 2074 datum
361 2048 504 2083 sanguinis
518 2057 632 2084 agonem
654 2050 756 2084 subiit;
774 2052 811 2078 ita
823 2057 854 2079 ut
873 2053 907 2080 de
925 2053 979 2081 illis
997 2054 1041 2081 di-

250 2098 329 2121 catur
345 2103 354 2122 ι
373 2103 382 2120 1
397 2093 521 2122 Pretiosa
539 2096 566 2123 in
587 2101 734 2132 conspectu
752 2097 859 2126 Domini
880 2108 954 2128 mors
977 2109 1041 2128 san-

250 2143 357 2166 ctorum
373 2139 473 2174 ejus".
495 2149 504 2166 ι
523 2139 571 2168 lsti
588 2142 662 2169 enim
685 2143 775 2171 simile
795 2144 847 2171 hoc
867 2152 976 2180 quoque
999 2147 1041 2174 di-

251 2189 326 2211 ctum
350 2188 393 2212 est
409 2194 416 2212 :
435 2194 445 2211 1
462 2185 496 2213 Et
513 2187 662 2221 pretiosum
691 2196 792 2216 nomen
821 2197 915 2218 eorum
947 2199 1039 2219 coram

251 2230 308 2258 illo.
329 2239 339 2257 ι

1091 1639 1234 1666 Ζεὸεδαίου
1248 1639 1420 1671 Βοανεῖργες,
1438 1637 1505 1672 ὅπερ
1529 1635 1708 1672 ἑρμηνεύεται
1721 1635 1780 1662 vlol
1794 1635 1889 1670 βρον-

1091 1686 1144 1720 τῆς
1155 1695 1161 1719 ;
1177 1685 1256 1712 ’Δλλὰ
1267 1684 1313 1712 καὶ
1325 1683 1396 1710 κατὰ
1409 1683 1439 1709 τὸ
1451 1683 1539 1710 κοινὸν
1552 1683 1661 1710 πάντων
1675 1681 1763 1708 αὐτῶν
1778 1681 1887 1717 ἔντιμον

1091 1733 1176 1767 ὄνομα
1192 1730 1224 1766 ἦν
1251 1730 1364 1757 ἐνώπιον
1386 1729 1478 1756 αὑτοῦ.
1497 1728 1582 1755 Τοῦτο
1599 1728 1627 1754 δὲ
1649 1726 1682 1763 ἦν
1705 1728 1774 1762 ὅπερ
1788 1728 1888 1763 eme-q-

1094 1778 1197 1813 μήνατο
1214 1778 1231 1811 ἡ
1248 1775 1294 1802 τοῦ
1309 1774 1474 1809 Εὑαγγελίου
1489 1775 1581 1810 γραφὴ
1595 1774 1705 1809 φήσασα
1715 1781 1721 1788 ·
1738 1782 1748 1799 1
1768 1772 1887 1806 Τούτους

1090 1823 1154 1854 τοὺς
1167 1822 1270 1849 δώδεκα
1283 1819 1422 1853 ἐξελέξατο
1435 1822 1448 1847 ὁ
1463 1819 1576 1855 Ἰησοῦς,
1591 1819 1637 1851 οὓς
1658 1819 1706 1846 καὶ
1719 1818 1887 1851 ἀποστόλους

1091 1869 1241 1904 ὠνόμασεν.
1262 1877 1270 1893 ι
1282 1867 1355 1894 Ἀντὶ
1366 1867 1393 1893 δὲ
1407 1866 1464 1900 τοῦ,
1483 1876 1491 1892 1
1505 1866 1535 1893 τὸ
1549 1866 1634 1902 ὄνομα
1646 1865 1802 1898 αὐτῶν,ιτὸ
1814 1863 1887 1901 alga

1091 1914 1199 1946 αὐτῶν,
1229 1916 1246 1950 ὴ
1266 1914 1396 1949 Ἐδραῖκὴ
1414 1913 1506 1948 γραφὴ
1525 1913 1660 1948 περιέχει·
1680 1912 1751 1939 οὕτω
1774 1911 1804 1938 δὲ
1837 1912 1885 1939 καὶ

1091 1963 1115 1988 οἱ
1134 1961 1222 1988 λοιποὶ
1240 1961 1430 1996 ήρμήνευσανι
1450 1960 1464 1985 ὁ
1486 1960 1535 1994 μὲν
1553 1958 1666 1990 Ἀκύλας
1685 1957 1779 1985 εἰπών’
1806 1967 1817 1984 ι
1831 1957 1886 1985 Καὶ

1091 2007 1270 2042 τιμηθήσεται
1294 2006 1324 2031 τὸ
1339 2003 1408 2040 αἷμα
1430 2004 1518 2032 αὐτῶν
1536 2006 1564 2031 ὲν
1584 2004 1734 2040 ὀφθαλμοῖς
1752 2003 1857 2030 αὐτοῦ·
1872 2012 1883 2029 ι

1092 2055 1105 2080 ὁ
1121 2053 1148 2079 δὲ
1169 2053 1326 2088 Σύμμαχος·
1353 2060 1362 2077 1
1384 2052 1439 2077 Kal.
1460 2051 1549 2086 τίμιον
1569 2050 1644 2077 ἔσται
1662 2050 1693 2077 τὺ
1708 2048 1778 2085 αἷμα
1796 2048 1887 2077 nimim

1092 2099 1206 2126 ἐνώπιον
1220 2097 1312 2125 αὑτοῦ.
1337 2108 1345 2122 ›
1365 2098 1403 2123 Δι’
1420 2093 1456 2123 ὧν
1473 2096 1566 2131 σαφῶς
1582 2094 1690 2131 ᾐνίξατο
1703 2095 1749 2122 τὸν
1770 2095 1886 2122 θάνατον

1092 2146 1144 2172 τῶν
1160 2144 1370 2180 προλεχοέντων,
1384 2139 1421 2169 ὧν
1440 2143 1453 2169 ὁ
1468 2142 1561 2173 καθεὶς
1577 2141 1698 2169 ποικίλον
1709 2141 1842 2177 ὖτέμεινε
1855 2140 1886 2168 τὸ

1092 2189 1138 2216 τοῦ
1155 2189 1304 2225 μαρτυρίου
1322 2188 1408 2219 τέλος,
1425 2187 1503 2218 ἄλλος
1523 2187 1609 2218 ἄλλως
1623 2186 1666 2213 διὰ
1681 2186 1729 2222 τὴν
1746 2187 1786 2219 είς
1803 2186 1885 2213 αὐτὸν

1095 2234 1247 2271 μαρτυρίαν
1269 2234 1315 2260 τὸν
1331 2234 1364 2260 δι’
1385 2233 1500 2268 αἵματος
1519 2232 1668 2268 ὑπομείνας
1692 2232 1803 2266 ἀγῶνα¹
1819 2231 1885 2258 ὥστ’

250 2278 373 2314 εἰρῆσθαι
397 2280 461 2316 περὶ
483 2280 586 2307 αὐτῶνο
610 2290 619 2306 ‹
639 2281 735 2317 Τίμιος
757 2283 871 2310 ἐνώπιον
896 2284 993 2320 Κυρίοι
1023 2287 1037 2312 ὁ
1057 2285 1170 2315 θάνατος
1183 2282 1236 2309 τῶν
1251 2282 1332 2308 ὁσίων
1345 2280 1437 2307 αὐτοῦ.
1461 2290 1470 2306 ›
1485 2280 1577 2316 Τούτῳ
1591 2279 1645 2316 γὰρ
1677 2280 1771 2315 ὅμοιον
1784 2278 1884 2315 τυγχά-

249 2334 290 2352 νει
309 2326 357 2353 καὶ
382 2327 408 2354 τὸ
432 2327 500 2363 μετὰ
520 2329 613 2364 χεῖρας
635 2329 754 2364 φάσκων
777 2340 787 2356 ‹
804 2332 859 2358 Καὶ
885 2332 992 2368 ἔντιμον
1007 2333 1037 2359 τὸ
1053 2333 1137 2368 ὄνομα
1153 2331 1241 2358 αὐτῶν
1257 2329 1369 2356 ἐνώπιον
1384 2328 1475 2355 αὑτοῦ.
1492 2338 1501 2354 ι

286 2384 368 2414 Vens.
389 2386 492 2419 15,16.
511 2397 520 2413 1
541 2386 572 2413 Et
587 2388 659 2415 vivet
694 2392 721 2416 et
744 2389 853 2417 dabitur
871 2391 895 2417 ei
915 2391 949 2418 de
974 2399 1041 2419 auro
1058 2396 1079 2422 ι)

249 2429 366 2464 Arabiae,
383 2435 410 2459 et
423 2433 541 2460 orabunt
563 2433 596 2461 de
619 2434 679 2469 ipso
695 2442 814 2470 semper.
834 2445 844 2462 ι
861 2435 911 2464 Hie
931 2437 1038 2465 videtur

251 2477 318 2504 mihi
335 2478 412 2510 illud,
429 2488 437 2505 1
454 2484 480 2507 et
497 2480 580 2513 vivet,
599 2491 608 2507 ι
626 2481 685 2509 voci
711 2481 867 2511 Servatoris
887 2483 1038 2519 discipulos

251 2522 416 2557 .tlloquentis
430 2525 554 2553 accinere
564 2535 571 2553 :
583 2536 592 2551 ι
611 2526 681 2555 Ecce
691 2536 741 2563 ego
750 2529 889 2557 vobiscum
903 2538 963 2557 sum
981 2538 1040 2556 om-

252 2567 333 2595 nibus
349 2568 445 2596 diebus
462 2578 548 2605 usque
563 2572 597 2599 ad
608 2574 873 2602 consummationem
889 2575 1037 2603 saeculi”:

253 2612 287 2640 Ut
298 2613 370 2640 enim
383 2614 443 2650 ejus
458 2616 504 2650 qui
517 2616 544 2643 in
558 2619 687 2646 vaticinio
703 2619 790 2648 fertur
807 2623 1038 2656 permansionem,

249 2663 278 2686 et
301 2659 384 2686 vitam
410 2661 437 2687 in
468 2661 603 2690 infinitum
631 2665 776 2694 durantem
800 2667 963 2700 declararet,
987 2668 1038 2694 hac

252 2713 317 2732 usus
339 2713 405 2733 voce
426 2710 479 2738 est,
495 2716 504 2732 1
527 2711 554 2734 et
569 2708 652 2736 vivet.
672 2719 681 2736 ι
700 2710 833 2738 Diuturna
857 2711 958 2747 quippe
982 2712 1037 2738 vita

251 2758 319 2785 opus
335 2756 394 2779 erat
416 2752 450 2779 ad
467 2753 596 2786 praedicta
619 2763 701 2790 opera
725 2756 841 2785 edenda.
861 2757 889 2784 Si
906 2758 998 2793 itaque
1016 2757 1039 2786 is

250 2797 296 2831 qui
323 2798 349 2824 in
367 2799 510 2834 prophetia
528 2800 623 2833 fertur,
639 2801 771 2836 judicabit
799 2804 930 2839 populum
958 2812 1038 2832 suutn

286 2867 307 2882 ‘9
320 2867 378 2895 (iul.
400 2877 439 2901 Ill,
457 2871 497 2898 i5.

251 2911 344 2936 χιι-ιιι,
363 2903 408 2931 20.

552 2872 575 2889 ⁸⁰
592 2872 668 2900 Deut.
689 2882 772 2907 xxvu,
790 2874 836 2903 26.
873 2877 893 2892 “
910 2876 976 2904 Luc.
997 2886 1009 2904 ι
1021 2898 1027 2910 ,
1044 2877 1089 2904 20.

1133 2400 1141 2415 1
1161 2389 1215 2416 Καὶ
1231 2388 1340 2423 ζήσεται
1356 2388 1403 2414 καὶ
1415 2386 1557 2423 δοθήσεται
1573 2386 1648 2422 αὑτῴ
1661 2387 1694 2413 ὲκ
1709 2385 1756 2413 τοῦ
1770 2385 1886 2423 χρυσίου

1092 2438 1139 2473 τῆς
1157 2436 1293 2471 Ἂραῧίας,
1315 2435 1362 2461 καὶ
1384 2433 1577 2470 προσεύξονται
1590 2433 1655 2470 περὶ
1673 2433 1756 2460 αὑτοῦ
1770 2433 1889 2461 διαπαν-

1091 2483 1146 2513 τός.
1169 2490 1177 2506 ›
1197 2481 1276 2506 Δοκεῖ
1291 2488 1335 2515 μοι
1355 2478 1470 2505 ἐνταῦθα
1487 2478 1526 2510 τὸ,
1544 2488 1553 2504 1
1575 2479 1623 2505 καὶ
1637 2478 1760 2514 ζήσεται,
1777 2487 1787 2504 ι
1804 2479 1890 2516 συνᾴ-

1093 2528 1148 2554 δειν
1161 2529 1193 2562 τῇ
1212 2527 1336 2562 σωτηρίῳ
1351 2526 1426 2560 φωνῇ
1444 2525 1554 2561 φησάσῃ
1567 2525 1636 2560 πρὸς
1649 2525 1713 2556 τοὺς
1733 2524 1816 2552 αὑτοῦ
1834 2533 1887 2562 μα-

1095 2574 1193 2608 θητάς”
1214 2583 1222 2598 1
1246 2573 1310 2598 Ὶόοὺ
1326 2571 1381 2606 ἐγὼ
1396 2571 1454 2607 μεθ’
1469 2571 1545 2606 ὑμῶν
1566 2572 1623 2606 εἰμι
1642 2572 1731 2604 πάσας
1752 2572 1802 2604 τὰς
1816 2572 1887 2608 ἡμέ-

1095 2628 1144 2656 ρας
1160 2620 1212 2651 ἓως
1232 2619 1280 2654 τῆς
1295 2618 1449 2649 συντελείας
1473 2617 1519 2645 τοῦ
1535 2617 1642 2650 αἰῶνος.
1661 2627 1670 2644 ι
1687 2618 1745 2644 Ἵνα
1766 2618 1823 2654 γὰρ
1835 2618 1886 2655 τὴν

1093 2664 1253 2701 παραμονὴν
1274 2665 1321 2691 καὶ
1343 2664 1391 2699 τὴν
1404 2663 1618 2700 παρατείνουσαν
1633 2663 1672 2695 είς
1685 2663 1799 2700 ἄπειρον
1809 2663 1886 2700 ’ζωὴν

1092 2712 1138 2738 τοῦ
1155 2712 1394 2747 προρητευομένου
1418 2711 1593 2747 παραστήσῃ,
1607 2711 1730 2746 ἐπήγαγε
1745 2710 1787 2743 τὸ,
1808 2720 1818 2737 1
1837 2712 1886 2738 καὶ

1093 2758 1213 2794 ζήσεται.
1231 2768 1239 2783 ν
1264 2758 1380 2793 Μακρᾶς
1402 2758 1456 2793 γὰρ
1484 2757 1536 2784 ἔδει
1561 2757 1632 2792 ζωῆς
1655 2757 1696 2788 είς
1713 2756 1885 2792 κατόρθωσιν

1092 2802 1145 2830 τῶν
1166 2801 1329 2838 εἰρημένων.
1355 2803 1385 2829 Et
1407 2803 1473 2837 γοῦν
1492 2804 1506 2829 ὁ
1529 2802 1765 2838 προφητευόμενος
1797 2803 1884 2838 κρινεί

1147 2875 1247 2903 “Luc.
1278 2883 1314 2906 vt.
1334 2876 1376 2904 15.
1430 2877 1452 2892 ⁸⁵
1467 2876 1539 2904 Psal.
1567 2883 1628 2908 ευ,
1648 2875 1688 2901 l5.
1741 2875 1763 2890 "
1785 2874 1880 2902 Matth.
