2024 3214
120 225 172 255 813

679 223 933 254 COMMENTARIA
946 224 985 253 ‘lN
1004 224 1176 254 PSALMOS.
1229 206 1248 237 ⁷
1262 202 1271 229 Ι

1691 223 1746 251 διι-

119 284 162 311 τὺν
174 282 237 309 λαδν
255 281 337 309 αὑτοῦ
352 274 381 308 ὲν
395 281 562 317 δικαιοσύνῃ,
579 281 627 308 καὶ
640 282 704 314 τοὺς
719 283 843 318 πτωχοὺς
856 282 905 309 αὑ-

958 284 985 311 in
1001 284 1108 319 justitia
1125 288 1154 312 et
1167 290 1299 319 pauperes
1317 290 1383 310 suos
1401 282 1429 310 in
1443 282 1557 317 judicio,
1573 287 1600 310 et
1616 281 1746 309 humilia-

118 330 205 357 τοΰιὲν
218 329 319 364 κρίσει,
334 328 381 354 καὶ.
401 329 525 355 ταπεινοῖ
537 328 718 363 συκοφάντην,
733 328 779 355 καὶ
793 337 905 364 συμπαο

121 377 232 413 ραμενεῖ
247 375 285 410 τῷ
298 375 374 410 ἡλίῳ,
389 374 631 410 κατακυριεύσειτε
644 374 698 401 ἀπὸ
706 375 842 411 θαλάσσης
854 376 906 407 ἕως

119 422 265 457 θαλάσσης,
278 421 325 448 καὶ
345 421 400 448 ἀπὸ
420 420 542 456 ποταμοῦ
563 420 616 453 ἓως
637 421 691 448 τῶν
713 422 838 457 περάτων
856 422 906 457 τῆς

119 467 294 502 οἰκουμένης·
324 466 437 498 εἰκότως
468 466 615 501 μακροῦῐου
641 466 713 501 ζωῆς
740 467 791 493 ἔδει
820 467 903 502 αὐτῷ.

119 513 179 545 Πῶς
190 522 218 539 τε
236 513 396 546 ὑποταγεῖεν
408 512 481 546 αὑτῷ
496 512 622 544 Αἰθίοπες
635 513 682 539 καὶ
700 513 818 547 βασιλεῖς
833 513 905 548 Θαρ-

119 560 174 590 σεῖς
186 558 233 584 καὶ
248 558 335 592 νῆσοι,
352 557 567 592 προσκυνήσουσί
580 566 608 583 τε
622 557 695 591 αὺτῴ
709 557 807 588 πάντες
818 558 841 583 oi
859 557 905 592 βα-

119 604 200 635 σιλεῖς
220 603 268 638 τῆς
294 603 357 637 γῆς,
383 603 429 628 καὶ
455 602 541 627 πάντα
568 601 602 628 τὲ
630 602 693 637 ἕϐνη
719 602 905 628 δουλεύσουσιν

118 647 204 683 αὗτῷ;
223 648 330 674 Τούτων
356 647 410 682 γὰρ
434 647 514 673 ’ἑνεκα
541 648 648 673 πάντων
677 647 805 681 διαρκοῦς
834 647 905 681 αὐτῷ

119 692 189 728 ζωῆς
210 692 274 719 ἔδει.
295 693 340 719 Διὸ
362 693 429 728 μετᾶ
447 691 531 718 ταῦτα
551 692 639 718 πάντα
661 692 748 723 καλῶς
763 692 808 717 καὶ
821 692 905 726 ἀναγ-

119 739 204 770 καίως
223 739 400 773 ἐπενήνεκται
423 738 464 769 τὸ,
482 747 490 762 ι
509 738 555 764 καὶ
575 737 686 772 ζήσεται
698 746 704 752 ·
724 747 732 763 ι
748 737 840 764 ’τοῦτον
860 738 907 772 δη-

119 784 251 821 λουμένης
271 785 316 811 τὸν
334 785 433 820 τρόπον
448 784 495 819 τῆς
514 784 560 809 τοῦ
586 783 821 819 προφητευομένου
838 783 905 810 ἀθα-

118 831 198 858 νάτου
211 831 257 857 καὶ
268 831 376 857 αἰωνίου
395 830 475 865 ζωῆς.
589 830 610 856 δ’
624 829 730 864 εἴρηται
742 837 748 843 ⁶
768 838 777 854 ι
795 829 849 855 Καὶ
864 829 905 854 δο-

117 876 228 912 θήσεται
244 875 316 910 αὑτῷ
329 877 361 902 ἐκ
373 876 420 902 τοῦ
443 876 553 910 χρυσίου
575 876 623 910 τῆς
641 875 779 910 Ἀραϐίας.
800 885 809 900 ι
833 875 905 901 ’Λντὶ

96 947 99 950 ,
116 921 144 947 δὲ
160 920 219 952 τοῦ,
238 930 247 946 ι
267 920 317 955 τῆς
337 920 475 955 Ἀραὸίας,
496 930 504 945 ι
523 919 603 946 πάλιν
619 920 635 954 ἠ
656 919 785 954 Ἐϐραῖκὴ
812 917 904 953 γραφὴ

116 966 147 993 τὸ
165 976 175 992 ι
192 965 266 993 Σαὸἁ
285 976 294 991 ι
320 966 458 1001 περιέχει·
484 966 509 991 οἵ
530 974 559 991 τε
582 965 669 991 λοιποὶ
694 964 859 999 ἑρμηνευταὶ
874 965 906 998 τῇ

116 1011 197 1047 ὁμοίᾳ
214 1011 360 1047 κέχρηνται
379 1013 412 1046 τῇ
435 1012 520 1046 φωνῇ.
539 1009 682 1045 Τροπικῶς
706 1010 754 1044 μὲν
770 1007 816 1035 οὖν
834 1009 904 1035 εἴποι

116 1057 147 1085 ἄν
162 1066 204 1088 τις
220 1057 250 1083 τὸ
265 1057 374 1092 χρυσίον
391 1056 468 1082 τοῦτο
481 1056 621 1092 σημαίνειν
635 1056 680 1082 τὸν
701 1056 730 1082 ἐν
751 1054 905 1089 ἀνθρώποις

117 1102 308 1138 καθαρώτατον
327 1101 399 1128 νοῦν.
422 1101 477 1127 Καὶ
491 1102 560 1127 κατὰ
576 1101 694 1136 ἱστορίαν
713 1101 741 1126 δὲ
754 1100 905 1135 ἐπληροῦτο

116 1148 146 1175 τὺ
157 1148 258 1182 λόγιον,
274 1148 317 1174 ὅτε
332 1149 355 1173 οἱ
372 1147 401 1179 ἐξ
420 1147 551 1182 ἀνατολῆς
575 1147 654 1182 μάγοι
676 1147 797 1178 ἐλθόντες
824 1146 905 1172 παῖδα

116 1194 180 1222 ὄντα
204 1194 410 1229 προσεκύνησαν
433 1193 477 1219 τον
505 1194 627 1229 Σωτῆρα,
658 1193 848 1229 προσήνεγκαν
875 1202 904 1219 τε

116 1240 190 1276 αὐτῷ
203 1240 311 1276 χρυσίον
328 1241 374 1267 καὶ
393 1240 498 1267 λίϐανον
514 1240 561 1266 καὶ
586 1240 717 1275 σμύρναν.
736 1241 779 1275 Μή
797 1249 861 1266 ποτε
877 1240 905 1267 δὲ

117 1285 163 1312 καὶ
173 1285 214 1316 τὸ,
235 1295 243 1310 ι
261 1284 381 1320 ζήσεται,
402 1295 410 1310 ι
428 1287 466 1317 εἰς
479 1286 581 1311 ἐκεῖνον
597 1285 759 1320 ἁναᾳέρεται
777 1285 822 1311 τὸν
843 1285 905 1319 χρό-

116 1339 170 1363 νον,
193 1331 254 1358 καθ’
271 1331 300 1357 ὃν
326 1330 458 1366 Ἡρώδης,

121 1376 219 1413 Ἰησοῦ,
239 1387 248 1403 ι
264 1377 373 1412 πέμψας
391 1378 477 1404 ἀνεῖλε
499 1377 600 1408 πάντας
613 1377 675 1408 τοὺς
689 1377 751 1411 περὶ
770 1376 907 1411 τὴν,Βηο-

115 1421 180 1457 λεὲμ
198 1422 296 1454 παῖδας
330 1423 383 1448 ἀπὸ
401 1422 504 1454 διετοῦς
526 1423 572 1448 καὶ
594 1422 750 1457 κατωτέρω,
770 1422 840 1448 κατὰ
859 1422 905 1448 τὸν

116 1468 211 1503 χρόνον
236 1467 266 1494 ὃν
287 1468 423 1503 ὴκρίϐωσε
451 1468 526 1503 παρὰ
542 1467 596 1494 τῶν
620 1468 724 1502 μάγων.
748 1478 756 1492 ι
771 1467 835 1493 Τότε
850 1467 904 1502 γὰρ

485 1331 665 1357 ἐπιϐουλεύων
687 1331 844 1365 νηπιάζοντι
866 1330 905 1365 τῷ

115 1514 311 1551 χρηματισθεὶς
331 1515 345 1541 ὁ
363 1515 471 1550 Ἰωσὴφ,
494 1515 629 1550 παρέλαϐε
656 1514 762 1549 Μαρίαν
784 1514 834 1549 τὴν
859 1522 906 1547 γυ-

115 1562 197 1588 ναῖκα.
212 1560 294 1587 αὐτοῦ
308 1560 354 1587 καὶ
371 1561 401 1586 τὸ
417 1561 530 1592 παιδίον,
551 1562 597 1586 καὶ
611 1560 782 1595 ἀνεχώρησεν
804 1560 843 1590 είς
859 1559 905 1585 Δῖ-

116 1614 227 1640 γυπτον.
246 1606 291 1632 Διὸ
302 1606 388 1632 ταῦτα
405 1606 568 1637 θεσπίζουσα
585 1608 600 1641 ὴ
616 1606 739 1641 παροῦσα
753 1606 904 1641 προφητεία

118 1651 278 1687 προῦλεγεν,
302 1653 342 1678 ὅτι
373 1661 381 1676 ι
401 1651 522 1687 ζήσεται,
545 1653 590 1678 καὶ
614 1652 757 1686 δοθήσεται
781 1651 855 1686 αὐτῷ
875 1652 906 1678 ἐκ

116 1697 161 1723 τοῦ
174 1696 286 1732 χρυσίου
299 1696 348 1730 τῆς
369 1696 497 1731 Ἀραϐίας
516 1707 524 1722 ι
544 1696 590 1723 τοῦ
606 1696 659 1723 ἀπὸ
673 1697 746 1722 Σαεά
756 1705 762 1711 ·
780 1696 845 1722 ὡσεὶ
860 1705 907 1723 σα-

117 1744 246 1779 φέστερον
261 1744 335 1777 ἔλεγε
355 1753 363 1768 ι
381 1744 426 1769 τοῦ
441 1743 579 1770 ἐκλεκτοῦ.
596 1754 604 1769 ι
630 1745 661 1770 'H
676 1744 729 1779 γὰρ
747 1743 820 1769 Σαῆὰ
836 1743 906 1778 αὕτη

117 1791 162 1817 καὶ
184 1790 216 1816 τὸ
238 1790 377 1817 Σαῦαῖτῶν
399 1790 473 1822 ἔθνος
493 1791 601 1824 λέγεται
619 1788 688 1816 εἶναι
711 1791 759 1826 τῆς
779 1790 907 1825 Ἀραϐίας

116 1835 165 1871 τῆς
181 1836 350 1872 καλουμένης
372 1837 537 1872 Εὐδαίμονος
548 1845 554 1851 ·
573 1836 697 1862 ἐντεῦθέν
714 1845 742 1862 τε
761 1838 906 1871 ἱστορεῖται

116 1881 154 1918 τῷ
168 1882 304 1918 Σολομῶνι
324 1882 454 1918 φέρεσθαι
470 1882 538 1917 μετᾶ
555 1882 607 1908 τῶν
629 1882 713 1908 ἄλλων
730 1883 776 1907 καὶ
796 1881 907 1917 χρυσίον

117 1927 254 1955 ἐκλεκτόν.
280 1929 334 1954 Καὶ
355 1928 443 1960 ἄλλως
463 1927 490 1953 δὲ
512 1928 603 1958 αὐτοῖς
625 1926 774 1961 ὀςιΟαλμοῖς
799 1926 907 1961 ὁρῶμεν

117 1974 145 2000 ἐν
169 1975 231 2006 ταῖς
258 1974 417 2008 ἐκκλησίαις
440 1973 557 2008 Χριστοῦ
584 1972 667 2008 μυρία
692 1972 821 2007 κειμήλια
854 1971 907 1997 ἀπὸ

117 2020 228 2055 χρυσίου
249 2020 368 2056 καθαροῦ
393 2021 433 2052 εἰς
452 2019 533 2046 αὑτοῦ
556 2028 585 2045 τε
607 2019 688 2054 τιμὴν
710 2018 905 2053 ἁφιερούμενα.

115 2067 237 2098 Εἰκότως
253 2064 299 2093 οὖν
311 2066 371 2092 οὐδὲ
386 2067 437 2101 τὴν
451 2065 551 2092 τούτων
569 2066 677 2100 μνήμην
693 2065 814 2100 παριδεῖν
830 2064 907 2099 ἠξίω-

116 2119 162 2138 σεν
177 2112 192 2138 ὁ
206 2111 295 2145 λόγος.
315 2111 450 2145 Ἐπιλέγει
470 2110 498 2137 δὲ
514 2110 576 2145 ἑξῆς
590 2119 596 2126 δ
618 2120 625 2135 ι
644 2111 699 2137 Καὶ
714 2109 907 2146 προσεύξονται

115 2158 180 2193 περὶ
207 2157 289 2185 αὑτοῦ
316 2157 456 2193 διηνεκῶς,
482 2157 525 2183 διὰ
551 2157 641 2191 πάσης
668 2157 773 2192 ἡμέρας
794 2157 907 2188 ἕκαστος

114 2203 258 2238 εὐλογήσει
281 2203 370 2230 αὐτόν.
393 2213 401 2228 ›
421 2203 457 2229 σὺ
475 2203 559 2229 δεῖδὲ
584 2203 687 2229 πολλῶν
713 2202 799 2236 λόγων
815 2204 854 2234 είς
878 2203 907 2230 τὸ

115 2250 291 2286 παραστῆσαι
302 2249 375 2280 ὅπως
389 2249 489 2280 πάντες
501 2249 525 2274 οἰ
542 2249 580 2280 εἰς
593 2248 761 2283 τὸνΧριο-τὸν
778 2248 823 2274 τοῦ
839 2248 907 2274 Θεοῦ

115 2294 328 2325 πεπιστευκότες
338 2294 524 2326 ἁδιαλείπτους
537 2294 718 2329 ἀναφέρουσιν
731 2294 813 2329 εὐχὰς
828 2304 875 2320 «πε
881 2295 906 2330 ρ).

113 2339 210 2371 αὐτοῦ,
226 2350 236 2366 ι
253 2340 290 2372 ὡς
304 2339 336 2366 ἂν
350 2339 434 2375 ἔχοιεν
447 2341 527 2367 αὐτὸν
545 2341 597 2367 αἰεὶ
614 2340 735 2371 συνόντα,
752 2341 797 2366 καὶ
811 2340 906 2374 βοηθὸν

114 2386 209 2418 αὐτοῖς
232 2387 298 2413 πᾶσι
315 2386 484 2421 γιγνόμενον.
507 2387 550 2417 Ὠς
573 2386 601 2412 δὲ
626 2386 670 2414 διὰ
695 2385 786 2420 πάσης
801 2385 907 2421 ἡμέρας

113 2431 231 2464 hanc;
247 2432 351 2466 εὐλογεῖ
367 2432 457 2463 αὐτὸν,
479 2432 520 2463 τίς
540 2431 573 2458 ἂν
593 2431 771 2467 ἁμφιϐάλλοι;
788 2431 906 2466 Νύκτωρ

114 2478 182 2512 γοῦν
205 2478 253 2505 καί
278 2477 337 2512 μεθ’
353 2478 458 2513 ἡμέραν
487 2478 575 2504 πλεῖον
600 2479 649 2513 τῆς
668 2478 803 2512 ἀναπνοῆς
831 2478 907 2504 πᾶσα

115 2524 189 2560 ψυχὴ
211 2524 266 2551 τῶν
288 2525 327 2556 είς
348 2523 429 2550 αὑτὸν
453 2524 572 2559 γνησίως
603 2523 832 2554 πεπιστευκότων,
857 2523 906 2559 τὴν

116 2570 302 2606 προσηηορίαν
316 2570 396 2597 αὑτοῦ
412 2570 519 2604 τιμῶσα
534 2570 580 2596 καὶ
602 2570 717 2596 σέϐουσα
733 2570 839 2603 εὐλογεῖ
855 2570 904 2595 αὑ-

116 2615 172 2647 τὸν,
196 2615 367 2650 πεπεισμένη
387 2616 425 2646 είς
441 2615 539 2649 ἑαυτὴν
562 2615 750 2650 ἀντιστρέφειν
765 2614 815 2649 τὴν
830 2614 905 2642 εὐλο-

118 2660 190 2695 γίαν,
206 2661 360 2692 ἀκολούθως
377 2660 458 2696 λογίῳ
474 2662 512 2692 εἰς
529 2660 610 2687 αὐτοῦ
626 2660 770 2696 πρόσωπον
785 2661 903 2696 Χριστοῦ

119 2708 248 2743 φήσαντι·
259 2717 269 2732 ‹
279 2708 310 2734 Οί
324 2706 496 2741 εὐλογοῦντες
511 2715 541 2732 σε
549 2707 717 2741 εὐλόγηνται,
735 2707 782 2733 καὶ
798 2707 822 2733 οἱ
837 2716 902 2733 κατ-

120 2752 255 2789 αρώμενοί
277 2761 306 2779 σε
328 2753 537 2787 κεκατήρανται.
562 2762 570 2776 ι
586 2752 666 2778 Ὅῦεν
683 2753 729 2778 καὶ
742 2751 818 2785 αὒξει
839 2753 905 2788 ὁση-

122 2798 202 2835 μέραι
218 2798 264 2826 καὶ
276 2798 390 2833 πληθύει
404 2798 434 2824 τὸ
446 2798 614 2834 Χριστιανῶν
628 2798 715 2831 γένος,
729 2797 772 2824 διὰ
787 2799 817 2824 τὸ
830 2799 906 2833 μετέ-

120 2852 176 2880 χειν
194 2844 245 2880 τῆς
261 2845 293 2870 ἐκ
309 2843 376 2870 Θεοῦ
392 2844 526 2877 εὐλογίας,
542 2841 574 2878 ἧς
585 2843 714 2870 ἀπολαύει
730 2843 772 2870 διὰ
787 2844 817 2870 τὸ
831 2844 902 2871 ἀδια-

154 2935 177 2952 ⁸⁸
192 2935 289 2964 Matth.
306 2942 336 2968 ιι,
360 2933 401 2962 16.
438 2934 462 2951 ⁸⁸
476 2932 556 2962 Num.
571 2941 644 2967 utv,
657 2933 683 2961 9.

958 330 998 358 bit
1009 330 1250 363 calumniatorem,
1263 333 1290 356 et
1308 329 1480 364 permanebit
1494 336 1556 356 cum
1576 328 1645 359 sole.
1656 328 1745 355 domi-

958 376 1122 411 nabiturque
1133 383 1149 403 a
1163 375 1233 402 mari
1249 382 1336 409 uSque
1352 374 1385 401 ad
1410 382 1485 402 mare
1499 379 1526 402 et
1542 382 1557 401 a
1570 373 1680 402 flumine
1698 382 1745 402 us-

958 429 1011 456 que
1023 421 1057 448 ad
1072 421 1203 448 terminos
1212 420 1288 448 orbis
1301 425 1433 447 terrarum
1445 428 1451 450 ;
1463 419 1525 454 jure
1535 419 1585 454 ipsi
1598 420 1677 455 longa
1690 420 1746 447 vita

959 476 1038 502 opus.
1055 467 1129 494 Alias
1151 467 1222 494 enim
1239 474 1294 502 quo
1322 470 1401 499 pacto
1427 465 1478 499 ipsi
1502 465 1603 492 subditi
1629 465 1748 494 fuissent

960 512 1113 547 1Ethiopes,
1130 521 1236 540 necnon
1252 521 1328 548 reges
1343 511 1456 538 Tharsis
1468 514 1494 538 et
1510 511 1614 543 insulae,
1630 511 1674 545 qui
1697 510 1747 537 ad—

959 562 1085 586 orassent
1096 567 1158 586 eum
1176 566 1271 585 omnes
1292 565 1370 593 ηερε
1382 562 1471 589 terrae,
1490 561 1516 583 et
1531 564 1625 583 outnes
1653 560 1748 591 gentes

959 605 1173 633 serviissentei,?
1188 604 1291 631 Horum
1310 605 1382 631 cuitu
1400 603 1521 630 omnium
1536 610 1617 629 causa
1636 603 1747 636 perenni

959 651 1013 678 vita
1035 650 1085 685 ipsi
1105 658 1173 685 opus
1198 654 1267 677 erat.
1294 649 1467 684 Quapropter
1492 649 1542 675 sul)
1571 649 1629 675 bmc
1656 648 1747 675 omnia

959 698 1043 732 probe
1065 705 1096 724 ac
1114 698 1272 724 necessario
1291 695 1491 726 afferturillud,
1508 703 1516 720 ι
1534 694 1642 722 etvivet
1658 703 1664 721 :
1685 703 1694 719 ι
1709 694 1749 722 sic

959 750 1076 778 namque
1089 742 1150 777 ejus
1166 742 1213 777 qui
1232 742 1258 768 in
1281 741 1413 769 vaticinio
1440 741 1600 768 enuntiatur
1618 739 1684 773 vita,
1698 739 1750 766 ima

959 789 1084 817 mortalis
1101 792 1127 815 et
1146 793 1246 815 zeterna
1264 788 1321 815 fore
1338 788 1506 823 prmdicitur.
1528 787 1661 821 Deinceps
1677 786 1750 813 addi-

959 839 1004 862 tu-r
1021 844 1027 860 :
1045 845 1053 860 ι
1072 835 1105 862 Et
1123 834 1234 861 dabitur
1247 835 1271 862 ei
1288 835 1321 862 de
1337 843 1404 861 auro
1419 834 1535 861 Arabiae.
1553 843 1561 859 ι
1578 833 1632 861 Pro
1643 833 1691 860 illo
1705 840 1752 859 au-

959 885 1025 913 tem,
1037 890 1046 907 1
1057 881 1194 912 Arabiae,»
1208 889 1319 908 rursum
1335 880 1468 908 Hebraica
1484 880 1622 915 scriptura
1635 889 1643 905 ι
1660 880 1748 907 διώξῃ

959 928 1133 960 circumfert;
1150 936 1182 955 ac
1196 928 1295 962 reliqui
1314 928 1477 962 interpretes
1502 926 1584 954 simili
1603 934 1671 953 voce
1686 929 1752 954 sunt

959 974 1012 1001 usi.
1030 973 1133 1002 Dixerit
1160 975 1310 1010 quispiam.
1326 974 1371 1001 hic
1388 982 1486 1001 aurum
1507 973 1613 1007 tropice
1629 973 1751 1000 indicare

959 1022 1134 1056 purissimam
1150 1021 1177 1048 in
1194 1021 1353 1047 hominibus
1377 1025 1506 1047 mentem.
1538 1019 1693 1047 Secundum
1711 1020 1752 1046 hi-

959 1066 1071 1093 storiam
1086 1070 1175 1093 autem
1190 1066 1330 1101 impletum
1345 1066 1412 1093 illud
1429 1066 1489 1096 fuit,
1508 1065 1616 1100 quando
1629 1065 1699 1100 magi
1716 1064 1752 1091 ab

960 1113 1070 1140 Oriente
1105 1116 1251 1144 venerunt,
1280 1116 1306 1140 et
1339 1112 1511 1140 Servatorem
1537 1117 1602 1139 tunc
1635 1119 1750 1146 puerum

960 1159 1149 1190 adoraverunt,
1168 1159 1379 1193 obtuleruntquc
1392 1159 1416 1185 ei
1430 1166 1537 1191 aurum,
1554 1158 1617 1185 titus
1632 1161 1658 1184 et
1674 1164 1752 1193 myr-

959 1204 1046 1231 rham.
1064 1203 1133 1230 Num
1152 1204 1221 1231 forte
1247 1204 1324 1235 illud,
1342 1213 1351 1229 (
1369 1204 1450 1234 viret.
1468 1214 1476 1228 ι
1498 1204 1524 1230 in
1547 1203 1573 1230 id
1592 1208 1697 1238 tempus
1711 1209 1752 1230 re-

960 1249 1073 1280 feratur.
1092 1258 1145 1285 quo
1170 1249 1268 1276 infanti
1288 1249 1352 1277 Jesu
1368 1249 1483 1276 insidias
1499 1257 1600 1284 parans
1616 1248 1748 1277 Herodes.

962 1305 971 1320 ι
988 1296 1098 1323 mittens
1127 1296 1227 1322 occidit
1257 1303 1353 1322 omnes
1375 1303 1486 1329 pueros,
1509 1295 1554 1329 qui
1579 1297 1658 1321 erant
1674 1293 1747 1320 circa

958 1340 1115 1368 Betlllchem
1126 1341 1251 1367 ahimalu
1263 1345 1288 1367 et
1298 1339 1380 1368 infra.
1393 1339 1542 1367 secundum
1554 1342 1661 1374 tempus
1676 1337 1749 1373 quod

958 1386 1125 1420 exquisierat
1148 1393 1162 1412 a
1187 1385 1315 1420 magis".
1333 1396 1341 1411 ι
1359 1385 1437 1413 Tunc
1453 1386 1525 1412 cnim
1549 1392 1682 1420 responso
1701 1393 1749 1411 ac—

958 1436 1048 1466 cepto.
1066 1431 1166 1466 Ioseph
1181 1433 1330 1466 assumpsit
1347 1431 1459 1458 Mariam
1476 1431 1619 1466 coniugem
1632 1439 1709 1459 suam
1723 1434 1751 1458 et

958 1486 1084 1512 puerum,
1101 1481 1128 1505 et
1143 1478 1257 1505 secessit
1278 1479 1305 1504 in
1325 1478 1483 1513 1Egyptum.
1501 1477 1592 1511 Quare
1608 1477 1665 1505 haec
1679 1485 1750 1512 ιρι-οη

959 1524 1049 1559 phetia
1063 1523 1237 1551 vaticinando
1250 1524 1433 1558 praenuntiat:
1448 1533 1456 1548 ι
1470 1522 1548 1550 Vivet
1563 1526 1590 1549 et
1600 1522 1711 1550 dabitur
1723 1522 1750 1550 ei

958 1569 990 1596 de
1005 1577 1072 1596 auro
1086 1569 1203 1599 Arabiae.
1222 1579 1229 1594 ι
1247 1577 1294 1596 seu
1310 1569 1342 1595 de
1355 1568 1444 1601 Saba;
1461 1575 1492 1594 ac
1506 1568 1528 1595 si
1539 1567 1660 1602 apertius
1673 1567 1751 1594 dice-

959 1620 1010 1647 ret,
1030 1626 1039 1641 ‹
1056 1617 1152 1644 electo.
1174 1625 1183 1642 ι
1204 1615 1272 1642 Nam
1288 1616 1345 1642 haec
1363 1615 1438 1649 regio
1465 1614 1536 1640 Saba
1558 1618 1584 1642 et
1609 1621 1675 1649 gens
1699 1612 1752 1640 Sa-

958 1659 1104 1691 baitarum,
1114 1659 1216 1686 dicitur
1224 1668 1285 1687 esse
1293 1659 1495 1694 Arabkequam
1503 1658 1622 1686 Felicem
1630 1662 1750 1686 vocant:

958 1714 990 1733 ex
1007 1713 1060 1740 qua
1079 1705 1218 1733 Salomoni
1241 1713 1349 1740 quoque
1367 1705 1478 1731 allatum
1499 1712 1561 1731 cum
1577 1704 1639 1732 aliis
1664 1703 1752 1734 fuisse

958 1759 1054 1778 aurum
1074 1753 1190 1779 electum
1214 1759 1368 1779 enarratur.
1388 1750 1421 1778 Et
1440 1752 1508 1779 alias
1530 1759 1641 1787 quoque
1660 1751 1688 1778 in
1704 1759 1757 1779 ec-r

958 1798 1049 1825 clesiis
1064 1798 1166 1825 Christi
1184 1798 1291 1825 infinita
1309 1798 1433 1826 ridemus
1449 1805 1482 1825 ex
1498 1805 1566 1824 auro
1580 1805 1650 1832 puro
1663 1797 1752 1825 cime-

958 1846 994 1873 lia
1013 1846 1041 1873 in
1063 1846 1123 1880 ejus
1137 1846 1269 1874 honorem
1296 1848 1468 1872 consecrata.
1487 1843 1585 1871 Merito
1599 1844 1684 1879 igitur
1697 1843 1751 1870 ho-

958 1900 1018 1919 rum
1046 1892 1179 1919 memoria
1201 1898 1374 1926 nequaquam
1401 1890 1585 1925 przetermissa
1606 1889 1668 1916 fuit.
1686 1888 1750 1917 Mox

958 1937 1144 1971 subjungitur,
1159 1946 1168 1961 ι
1191 1936 1223 1962 Et
1240 1936 1359 1963 orabunt
1372 1935 1404 1962 de
1420 1936 1480 1970 ipso
1501 1942 1619 1969 semper,
1631 1937 1688 1961 tota
1706 1934 1751 1962 die

959 1983 1059 2018 singuli
1084 1983 1246 2010 benedicent
1270 1989 1343 2009 eum.
1363 1991 1372 2007 ι
1390 1981 1450 2008 Νοη
1464 1980 1557 2008 multis
1572 1980 1663 2008 verbis
1681 1987 1751 2015 opus

959 2029 992 2056 ad
1014 2028 1209 2056 declarandum
1223 2035 1277 2063 quo
1293 2031 1373 2062 pacto
1391 2034 1487 2054 omnes
1501 2026 1547 2061 qui
1566 2027 1594 2053 in
1606 2025 1747 2053 Christum

959 2074 1006 2101 Dei
1031 2074 1216 2105 crediderunt,
1238 2073 1427 2100 indesinenter
1442 2079 1538 2107 preces
1555 2071 1669 2098 eﬂ‘erant
1685 2079 1695 2096 ι
1715 2071 1752 2098 de

960 2121 1016 2153 illo,
1034 2130 1043 2146 ι
1064 2123 1094 2147 ιιι
1110 2120 1185 2147 illum
1204 2126 1311 2154 semper
1336 2126 1429 2146 secum
1450 2117 1579 2148 habeant,
1597 2120 1624 2145 et
1641 2117 1750 2151 adjuto-

959 2175 1016 2194 rem
1034 2167 1061 2194 in
1073 2166 1201 2194 omnibus
1211 2165 1418 2193 nanciscantur.
1434 2163 1512 2196 Quod
1522 2168 1611 2190 autem
1626 2163 1751 2198 quotidie

961 2211 1061 2246 singuli
1077 2211 1240 2238 benedicant
1255 2211 1289 2241 ei,
1309 2209 1371 2244 quis
1393 2208 1578 2236 dubitaverit?
1591 2216 1653 2234 nam
1669 2212 1749 2235 nocte

959 2261 985 2285 ct
1002 2257 1045 2284 die
1059 2256 1157 2283 anima:
1174 2256 1296 2283 omnium
1309 2256 1337 2282 in
1350 2256 1440 2290 ipsum
1459 2255 1565 2282 sincere
1578 2253 1749 2280 credentium

924 2313 945 2340 ι)
960 2303 1139 2338 frequentius,
1154 2310 1235 2336 quam
1252 2302 1399 2336 respirent,
1413 2307 1512 2327 nomen
1530 2299 1590 2334 ejus
1605 2299 1699 2325 colunt
1715 2305 1749 2325 ac

960 2351 1137 2378 venerantur,
1153 2347 1260 2382 ipsique
1274 2346 1440 2374 benedicunt
1455 2354 1461 2370 ε
1478 2348 1560 2371 certae
1575 2344 1602 2371 in
1618 2352 1648 2370 se
1669 2344 1750 2371 reﬂe-

961 2393 996 2419 cti
1012 2393 1093 2419 talem
1117 2391 1346 2419 benedictionem.
1365 2389 1516 2417 secundum
1532 2388 1583 2414 hoc
1605 2388 1631 2414 in
1653 2395 1748 2422 perso-

961 2445 1022 2464 nam
1036 2436 1139 2464 Christi
1160 2436 1261 2463 dictum
1279 2443 1286 2460 :
1306 2444 1314 2459 ι
1331 2433 1382 2466 Qui
1401 2432 1564 2460 benedicunt
1588 2430 1649 2462 tibi,
1663 2431 1750 2458 benc-

959 2483 1024 2509 dicti
1046 2485 1120 2514 sunt,
1138 2485 1164 2509 et
1181 2481 1227 2516 qui
1252 2479 1420 2507 maledicunt
1444 2477 1509 2509 tibi,
1531 2476 1714 2503 maledicti".
1734 2486 1745 2501 ι

960 2528 1142 2561 Quamobrem
1157 2526 1278 2562 quotidie
1290 2525 1389 2552 crescit
1404 2529 1430 2551 et
1444 2527 1560 2557 augetur
1573 2522 1748 2550 Christiano-

959 2581 1019 2600 rum
1045 2581 1141 2607 genus.
1157 2571 1230 2606 quod
1252 2570 1453 2598 benedictionis
1479 2568 1524 2596 Dei
1547 2575 1662 2596 consors
1684 2572 1744 2595 est:

960 2623 990 2643 ea
1008 2615 1107 2650 quippe
1125 2615 1235 2645 fruitur.
1259 2614 1323 2649 quia
1343 2621 1452 2648 semper
1467 2612 1578 2640 Christo
1596 2612 1683 2647 ipsius
1698 2612 1745 2639 be-

961 2661 1082 2692 nedicit,
1111 2660 1260 2687 secundum
1291 2660 1361 2686 hanc
1381 2658 1550 2693 Scripturam
1578 2658 1713 2686 dicentem
1735 2667 1742 2683 :

961 2716 970 2731 ‹
990 2705 1058 2733 Tota
1071 2707 1115 2734 die
1130 2706 1291 2733 benedicent
1308 2706 1344 2733 ei.
1365 2715 1374 2731 ι
1389 2705 1547 2740 ﬂorumque
1566 2711 1679 2732 causam
1693 2704 1746 2731 dc-

957 2752 1043 2778 clarat
1054 2752 1148 2778 dicens
1165 2760 1171 2777 :
1188 2760 1197 2776 ι
1215 2750 1273 2777 Erit
1290 2750 1490 2778 firmamentum
1506 2750 1533 2777 in
1545 2753 1617 2777 terra
1628 2750 1655 2776 in
1670 2756 1748 2776 sum-

957 2798 1008 2825 mis
1027 2798 1169 2825 montium.
1189 2806 1199 2823 ›
1220 2796 1267 2824 His
1288 2801 1378 2824 autem
1400 2797 1503 2824 indicat
1521 2796 1669 2824 Ecclesium
1684 2794 1748 2829 eius

957 2845 984 2872 in
999 2844 1076 2872 ﬁrma
1091 2844 1202 2872 virtutis
1223 2844 1310 2879 ipsius
1327 2848 1403 2880 petra
1426 2843 1570 2871 fundatam
1597 2842 1747 2869 [irritatam-
