2024 3214
297 219 350 247 815

630 215 766 245 EUSEBll
785 214 1026 244 CIESAMENSIS
1045 215 1121 244 OPP.
1142 214 1234 243 PARS
1254 215 1343 261 lll.—
1355 214 1570 243 EXEGETICA.
1861 216 1904 244 816

295 286 360 314 que,
371 278 470 306 elatam
483 279 546 306 item
561 278 752 311 etexaltatam,
763 282 790 306 et
805 286 885 314 quast
902 277 929 305 in
944 277 1076 305 cacumini

1137 276 1253 308 λείπτως
1275 276 1321 304 τὸν
1345 276 1461 312 Χριστὸν
1480 274 1562 301 αὐτοῦ
1584 274 1702 308 εὐλογεῖν
1722 271 1861 305 ἀκολούθως
1878 275 1903 309 τῇ

295 325 429 352 montium
443 325 534 357 sitam,
558 325 585 351 in
601 325 770 359 propheticis
797 324 902 352 scilicet
918 327 946 351 et
970 328 1083 358 aposto-

295 371 357 399 licis
368 371 470 404 verbis,
486 370 565 406 queis
584 370 706 398 Ecclesia
734 370 891 398 Servatoris
907 371 996 399 nostri
1017 378 1082 399 con-

296 417 424 444 struitur.

1140 322 1209 358 μετὰ
1224 323 1318 358 χεῖρας
1335 323 1429 357 γραφῇ
1448 320 1591 357 φασκούσῃ
1602 328 1609 335 ·
1632 329 1641 346 ι
1659 320 1739 356 Ὅλην
1758 320 1904 356 τὴνημέραν

1136 368 1328 404 εὐλογήσουσιν
1355 368 1448 394 αὐτόν’
1470 377 1479 393 ι
1499 367 1554 393 Καὶ
1571 366 1602 393 τὸ
1620 366 1720 393 τούτων
1740 367 1818 393 αἴτιον
1835 366 1904 401 παρί-

1135 423 1214 450 στησι
1229 414 1330 448 λέγων·
1352 423 1362 440 ι
1384 415 1479 440 Ἔσται
1495 414 1634 449 στήριγμα
1647 412 1675 438 ὲν
1687 413 1718 447 τῇ
1735 413 1769 447 γῇ
1781 412 1820 438 ἐπ’
1833 412 1904 447 ἄκρου

293 463 346 490 τῶν
364 463 460 498 ὀρέων.
478 472 487 488 ι
503 463 580 490 Οὕτω
596 462 625 489 δὲ
645 462 772 497 σημαίνει
794 462 843 498 τὴν
862 461 1025 497 Ἐκκλησίαν
1037 462 1118 488 αὐτοῦ
1139 462 1374 498 τεθεμελιωμένην
1397 461 1445 487 καὶ
1463 459 1663 496 ὲστηριγμένην
1679 459 1724 485 ἐπὶ
1745 458 1792 494 τὴν
1812 458 1903 494 ἀρραγῆ

293 510 343 545 τῆς
358 511 441 537 αὐτοῦ
454 510 595 545 δυνάμεως
609 510 718 545 πέτραν,
744 509 902 545 ἐπηρμένην
932 509 961 536 δὲ
978 510 1025 536 καὶ
1058 509 1216 546 ὐψωμένην,
1233 510 1271 541 ὡς
1286 510 1320 536 ἂν
1338 509 1384 535 ἐπὶ
1406 508 1479 544 ἄκρα
1493 508 1579 543 ὀρέων
1595 506 1735 542 κειμένην,
1749 505 1904 542 προφητικῶν

293 556 394 592 δηλαδὴ
408 557 456 584 καὶ
472 556 657 584 ἀποπολικῶν
671 556 767 590 λόγων,
782 555 822 588 οἷς
836 557 853 592 ἡ
876 556 1023 592 Ἐκκλησία
1034 555 1081 583 τοῦ
1094 557 1221 593 Σωτῆρος
1235 556 1314 593 ἡμῶν
1330 556 1556 592 ὲποικοδομεῖται.

330 615 412 644 Vens.
429 616 475 650 16,
498 616 541 643 l7.
560 625 570 642 ‹
591 614 826 651 Superextolletur
849 623 932 651 super
946 615 1080 644 Libanum

293 662 399 690 I'ructus
427 661 499 697 ejus.
515 666 542 689 et
557 661 692 689 ﬂorebunt
709 661 742 689 de
765 661 876 689 civitate
899 661 971 688 sicut
987 660 1079 688 fenum

295 712 385 736 terrae.
407 717 417 734 I
443 708 502 741 Qua
525 708 630 736 ratione
646 706 812 739 Servatoris,
829 707 876 743 qui
892 707 919 735 in
938 708 1080 743 prolihetia

291 753 462 786 enuntiatur,
487 753 594 782 fructus
610 761 693 788 super
712 752 846 781 Libanum
873 754 1007 781 exaltatus
1033 754 1078 786 sit,

293 798 439 834 intelliges,
451 799 475 826 si
490 799 602 834 colligas
611 806 642 826 ea
653 806 713 834 quae
722 799 749 826 in
762 799 912 833 prophetiis
927 799 961 826 de
975 798 1079 826 Libano

291 843 431 871 dicuntur.
447 843 554 871 Dictum
575 844 676 879 quippe
697 849 739 872 est
761 845 789 870 in
811 843 902 871 Isaia;
922 854 930 870 |
946 844 1014 872 Ecce
1030 845 1079 872 Do-

291 889 384 917 minus
411 889 530 916 Sabaoth
555 891 702 917 conturbat
726 889 864 926 gloriosos
886 898 947 918 cum
970 890 1078 918 fortitu-

1173 626 1183 643 ι
1207 617 1441 652 Ὑπεραρθήσεται
1455 616 1524 650 ὑπὲρ
1541 614 1587 641 τὸν
1602 613 1718 641 Λίϐανον
1729 613 1743 640 6
1756 612 1849 649 καρπὸς
1864 611 1903 638 αὐ-

1133 663 1191 695 τοῦ,
1208 664 1254 690 καὶ
1277 662 1470 697 ἐξανθήσουσιν
1487 662 1519 688 ὲκ
1542 660 1645 693 πόλεως
1669 659 1734 686 ὡσεὶ
1755 659 1843 694 χόρτος
1862 659 1902 693 τῆς

1134 711 1195 746 γῆς.
1221 718 1230 736 ι
1245 710 1339 741 ὀπως
1355 708 1498 744 ὑπερήρθη
1512 706 1559 734 τοῦ
1576 705 1812 742 προφητευομένου
1829 704 1904 739 Σωτῆ-

1134 763 1180 790 ρος
1205 755 1284 790 ἡμῶν
1309 755 1323 781 ὁ
1347 754 1452 789 καρπὸς
1471 753 1542 790 ὑπὲρ
1563 752 1610 780 τὸν
1633 752 1747 779 Λίϐανον
1767 751 1861 786 νοήσεις
1875 749 1903 775 τὰ

1134 801 1198 836 περὶ
1213 800 1259 828 τοῦ
1273 800 1390 827 Λιϐάνου
1405 801 1434 827 ὲν
1451 799 1631 835 προφητείαις
1645 797 1790 833 λελεγμένα
1804 804 1903 829 συναγα-

1133 847 1199 882 γών.
1219 847 1333 883 Εἴρηται
1349 847 1377 874 δὲ
1393 847 1422 873 ὲν
1446 846 1496 882 μὲν
1513 845 1551 881 τῷ
1572 845 1688 881 Ἡσαΐᾳ·
1705 853 1714 870 ι
1735 843 1797 870 Ἰδοὺ
1812 843 1840 878 δὴ
1856 841 1902 868 Κύ-

1134 903 1190 929 ριος
1227 893 1340 921 Σαϐαὼθ
1379 893 1561 928 συνταράσσει
1595 891 1660 923 τοὺς
1693 890 1813 923 εὐδόξους
1846 887 1903 924 μετὰ

290 935 355 963 dine
364 935 401 968 '7;
420 944 429 961 ι
441 939 468 962 et
482 940 576 971 postea
592 945 600 963 ε
618 945 627 961 ι
646 935 766 964 Libanus
782 940 872 964 autem
885 944 947 964 cum
963 937 1076 964 excelsis

1133 940 1239 975 ἰσχύος·
1255 949 1265 966 ι
1289 940 1335 966 καὶ
1351 938 1431 974 ἑξῆς·
1452 947 1462 964 ί
1488 938 1517 965 '0
1533 938 1562 965 δὲ
1581 937 1699 968 Λίϐανος
1716 936 1764 963 σὺν
1783 936 1834 966 τοῖς
1846 933 1903 969 ὑψηο

289 981 408 1010 cadet”.
421 991 431 1008 ι
449 981 478 1009 In
491 981 623 1010 Zacharia
635 989 699 1010 vero
715 982 802 1010 fertur
816 993 822 1010 :
839 992 848 1008 ι
861 982 953 1018 Aperi,
963 983 1076 1015 Libane.

288 1031 383 1063 portas
401 1034 473 1061 tuas,
488 1031 517 1056 et
538 1027 650 1055 devoret
670 1027 741 1063 ignis
766 1028 864 1056 cedrus
876 1033 936 1056 tuas
948 1029 981 1056 ".
1003 1038 1012 1055 ι
1033 1028 1078 1055 bi—

284 1078 362 1100 ctum
381 1073 444 1101 item
462 1072 513 1100 fuit
530 1073 557 1101 in
573 1073 704 1101 vicesimo
715 1077 812 1101 octavo
828 1074 935 1110 psalmo
951 1083 959 1100 ι
978 1083 988 1100 ‹
1006 1074 1078 1103 Cou-

288 1119 388 1155 fringet
403 1119 536 1147 Dominus
555 1120 653 1148 cedros
669 1119 777 1154 Libani,
791 1124 818 1148 et
843 1121 1010 1149 comminuet
1031 1129 1078 1149 eas

288 1171 420 1202 tanquam
445 1165 562 1193 vitulum
590 1166 722 1193 Libanum
732 1166 765 1193 ‘°.
782 1175 792 1192 ι
815 1165 870 1194 Has
890 1174 972 1202 porro
995 1174 1077 1195 voces

288 1220 354 1240 sane
372 1211 505 1240 obscuras
525 1212 643 1248 explicat
667 1211 810 1247 Scriptura
825 1212 852 1239 in
871 1211 1016 1240 Ezechiele
1035 1212 1078 1240 di-

287 1267 354 1287 cens
369 1268 376 1286 :
392 1267 402 1284 ε
417 1258 515 1294 Aquila
540 1258 654 1293 grandis
679 1265 840 1294 magnarum
858 1258 975 1291 alarum,
996 1259 1077 1294 longo

287 1305 474 1334 membrorum
501 1305 596 1338 ductu,
621 1305 702 1340 plena
730 1304 879 1340 unguibus,
909 1304 1078 1340 ductumque

287 1350 392 1379 habens
424 1355 454 1378 ut
481 1349 652 1385 ingrediatur
678 1350 706 1377 in
734 1348 880 1381 Libanum,
905 1353 932 1377 et
955 1350 1079 1378 exsecuit

288 1401 382 1425 tenera
396 1396 520 1430 cedri“;
540 1406 550 1422 ι
564 1396 665 1431 quibus
679 1395 789 1423 subdit:
809 1404 818 1421 ε
834 1395 902 1424 Cum
917 1396 1077 1424 veneritrex

288 1443 448 1480 Babylonis,
466 1449 493 1472 et
519 1443 661 1478 ingressus
678 1442 760 1470 fuerit
773 1442 800 1469 in
819 1441 982 1477 Jerusalem,
1000 1451 1079 1471 assu-

288 1494 344 1518 met
363 1490 541 1526 principes".
554 1499 562 1515 I
577 1489 625 1518 His
635 1489 734 1525 quippe
749 1491 823 1517 clare
843 1489 985 1525 prophetia
999 1490 1077 1525 aqui—

284 1536 340 1564 lam
353 1537 482 1572 grandem
497 1544 658 1572 magnarum
673 1537 789 1568 alarum,
805 1543 895 1571 regem
916 1535 1078 1571 Babylonio-

285 1590 346 1610 rum
354 1582 560 1618 interpretatur;
568 1581 700 1609 Libanum
709 1589 772 1609 vero
778 1581 939 1610 Jerusalem.
950 1581 1077 1624 Reliquo-

1130 985 1186 1018 λοῖς
1200 986 1331 1012 πεσεῖται.
1349 994 1358 1010 ι
1374 983 1506 1011 Λέλεκται
1521 982 1550 1009 δὲ
1566 983 1613 1010 καὶ
1625 982 1654 1008 ἐν
1669 980 1804 1016 Ζαχαρία·
1815 988 1824 1005 ι
1836 978 1901 1005 Διάν-

1129 1031 1211 1065 οιξον,
1240 1031 1255 1056 6
1277 1031 1404 1064 Λίϐανος,
1423 1030 1472 1062 τὰς
1494 1029 1581 1060 πύλας
1600 1037 1657 1060 σου,
1671 1028 1719 1055 καὶ¹
1740 1024 1903 1060 καταφαγὲτω

1129 1077 1185 1113 πῦρ
1198 1076 1246 1109 τὰς
1260 1077 1372 1113 κέδρους
1385 1085 1442 1103 σου.
1461 1085 1470 1101 ›
1485 1075 1600 1111 Εἴρηται
1611 1073 1639 1100 δὲ
1653 1074 1700 1100 καὶ
1715 1074 1743 1100 ὲν
1755 1072 1796 1108 κη’
1805 1068 1902 1106 ψαλμῷ⁵

1133 1134 1142 1150 ι
1158 1123 1302 1159 Συντρίψει
1322 1123 1371 1154 τὰς
1393 1122 1506 1157 κέδρους
1521 1120 1568 1147 τοῦ
1586 1119 1716 1152 Λιϐάνου,
1738 1119 1783 1145 καὶ
1796 1116 1903 1144 λεπτυνεῐ

1129 1169 1214 1201 αὑτὰς
1228 1169 1265 1201 ὡς
1284 1169 1329 1196 τὸν
1351 1166 1452 1204 μόσχον
1470 1167 1516 1194 τὸν
1540 1166 1672 1193 Λιϐανον.
1693 1175 1701 1192 ι
1725 1160 1903 1191 Ἐπιλύεταιδὲ

1128 1216 1230 1248 ταύτας
1242 1216 1292 1247 τὰς
1306 1215 1398 1250 φωνὰς
1410 1215 1524 1249 ἀσαφεῖς
1539 1213 1621 1245 οὔσας
1634 1213 1649 1239 6
1661 1212 1737 1249 παρὰ
1748 1211 1785 1247 τῷ
1798 1207 1903 1242 Ἐζεκιὴ).

1129 1262 1242 1297 φάσκων
1258 1261 1336 1296 λόγος
1348 1269 1354 1276 ·
1375 1270 1384 1287 ι
1407 1261 1436 1286 '0
1451 1260 1530 1291 ἀετὸς
1546 1260 1560 1285 6
1582 1259 1670 1294 μέγας
1690 1260 1704 1286 ὁ
1721 1255 1904 1293 μεγαλοπτέρυ-

1129 1317 1186 1342 γος,
1203 1309 1218 1334 6
1239 1307 1343 1339 πλατὺς
1363 1308 1396 1342 τῇ
1415 1305 1536 1337 ἐκτάσει,
1566 1305 1675 1341 πλήρης
1692 1304 1803 1340 ὀνύχων,
1818 1303 1844 1334 ὃς
1858 1301 1904 1336 ἔχει

1128 1355 1158 1382 τὸ
1172 1355 1268 1390 ἥγημα
1281 1353 1410 1380 εἰσελθεῖν
1423 1353 1463 1384 είς
1478 1352 1524 1379 τὸν
1545 1351 1670 1382 Λίϐανον,
1684 1351 1730 1378 καὶ
1751 1347 1862 1382 ἀπέκοψε
1874 1346 1903 1372 τὰ

1128 1398 1221 1426 ἁπαλὰ
1241 1400 1290 1434 τῆς
1306 1398 1417 1433 κέδροψ
1438 1407 1447 1423 ι
1461 1394 1502 1428 οἷς
1515 1396 1578 1432 ἑξῆς
1589 1396 1757 1431 ἐπιλέγεται·
1775 1405 1783 1421 ι
1803 1394 1860 1420 Ὅτε
1876 1391 1903 1418 ἂν

1129 1446 1192 1482 ἔλθῃ
1204 1446 1217 1472 6
1231 1445 1357 1481 βασιλεὺς
1373 1444 1532 1476 Βαϐυλῶνος
1548 1444 1596 1471 καὶ
1608 1443 1718 1479 εἰσέλθῃ
1731 1443 1770 1474 είς
1786 1441 1903 1476 Ἰερουσα-

1128 1492 1193 1528 λὴμ,
1212 1492 1259 1519 καὶ
1273 1491 1388 1527 λήψεται
1404 1491 1467 1522 τοὺς
1484 1490 1628 1526 ἄρχοντας.
1644 1499 1653 1515 ι
1679 1488 1774 1524 Σαφῶς
1797 1486 1846 1522 γὰρ
1867 1482 1902 1510 διὰ

1127 1537 1230 1564 τούτων
1250 1538 1268 1573 ὴ
1291 1535 1445 1573 προφητεία
1470 1536 1516 1562 τὸν
1537 1535 1586 1570 μὲν
1607 1534 1687 1561 ἀετὸν
1703 1534 1749 1560 τὸν
1775 1532 1852 1568 μέγαν
1865 1528 1903 1555 τὶν

1131 1583 1366 1619 μεγαλοπτέρυγον
1377 1582 1422 1609 τὸν
1440 1581 1553 1617 βασιλέα
1573 1581 1626 1607 τῶν
1641 1578 1814 1607 Βαϐυλωνίων
1825 1574 1900 1612 ήρμή·

285 1635 347 1655 rum
359 1627 423 1654 item
435 1627 626 1662 prophetarum
640 1627 723 1660 dicta,
734 1634 783 1654 ceu
796 1627 830 1654 de
845 1626 949 1654 Libano
958 1621 1074 1662 prolata.

1129 1637 1218 1660 νευσε,
1234 1628 1280 1654 τὸν
1296 1628 1325 1655 δὲ
1344 1628 1459 1655 Λίϐανον
1474 1625 1719 1662 τὴνΊερουσαλήμ.
1742 1621 1903 1659 Ἐφαρμόσεις

284 1673 462 1709 Jerosolyma:
477 1673 594 1708 aptabis.
607 1672 686 1700 Enim
708 1681 772 1701 vero
787 1681 868 1700 nemo
883 1681 916 1701 ex
929 1673 1076 1701 circumci-

286 1720 364 1748 sione
381 1719 459 1747 l'ateri
474 1718 592 1751 dubitet,
610 1719 643 1746 iis
658 1726 719 1754 quae
730 1719 764 1747 de
777 1718 881 1746 Libano
894 1719 1023 1746 dicuntur
1034 1718 1077 1746 Je-

285 1765 452 1800 rosolymam
478 1763 648 1791 adumbrari.
677 1772 686 1789 ι
713 1763 978 1799 Superexaltabitur,
1006 1774 1015 1790 ι
1045 1768 1075 1792 ιιι

285 1810 339 1838 fert
353 1817 443 1838 sermo
459 1817 592 1846 praesens,
606 1819 615 1834 α
626 1817 708 1845 super
719 1809 853 1837 Libanum
868 1809 974 1837 fruetus
985 1809 1072 1845 ejus,»

285 1856 392 1884 scilicet
408 1855 562 1883 Servatoris
581 1854 614 1882 de
631 1862 686 1890 quo
699 1854 841 1890 prophetia
859 1854 990 1889 loquitur.
1004 1853 1074 1881 Fru-

284 1907 347 1931 ctus
361 1906 451 1930 autem
465 1902 525 1937 ejus
534 1901 597 1937 quis
614 1901 706 1933 fuerit,
722 1901 774 1929 nisi
790 1900 912 1928 Ecclesia
922 1900 1009 1936 ipsius
1027 1908 1076 1935 per

284 1955 371 1978 totum
389 1949 485 1977 orbem
501 1949 618 1981 Iit-mata,
636 1948 670 1976 de
683 1955 737 1984 qua
756 1947 898 1976 dicebatur
913 1958 919 1975 :
936 1957 944 1972 ι
961 1947 1019 1974 Erit
1031 1947 1075 1974 ﬂr-

283 2000 452 2024 mamentum
474 1995 503 2022 in
518 2000 592 2022 terra
609 1995 638 2022 in
657 1993 773 2022 summis
799 1993 950 2022 montium?
967 2003 976 2020 ι
999 1993 1093 2020 Hauc‘

284 2042 377 2077 itaque
395 2048 478 2076 super
492 2040 626 2068 Libanum
649 2040 822 2068 exaltandam
838 2048 900 2068 esse
913 2040 941 2067 in
957 2039 1075 2075 prophe-

284 2087 323 2114 tia
340 2087 450 2115 dicitur.
464 2086 540 2114 Licet
552 2086 623 2113 enim
639 2085 760 2114 Libanus
773 2086 829 2119 ille.
846 2093 944 2121 nempe
960 2085 1074 2113 Jcroso—

284 2133 369 2168 lyma,
381 2132 446 2159 olim
460 2130 548 2166 gloria
563 2130 634 2157 aﬂiei
648 2134 675 2158 et
689 2129 787 2159 ﬂorere
802 2131 878 2158 visus
895 2130 949 2163 sit;
964 2135 992 2157 at
1006 2138 1075 2164 prm-

284 2178 411 2206 stantiori
440 2177 704 2212 incomparabilique
736 2176 817 2203 modo
851 2175 1073 2211 superexaltatus

284 2225 335 2252 fuit
344 2223 498 2253 Servatoris
510 2223 596 2250 nostri
611 2222 726 2255 fructus,
736 2229 784 2250 seu
796 2221 917 2250 Ecclesia
930 2229 977 2257 per
985 2225 1072 2249 totum

282 2272 375 2300 urbem
395 2271 554 2299 constituta.
567 2270 625 2298 Sub
635 2270 693 2297 haec
703 2273 793 2297 autem
806 2269 921 2305 populos
931 2269 959 2295 in
975 2267 1071 2302 singu-

283 2318 318 2346 lis
333 2317 448 2345 nrbibus
461 2316 592 2344 collectos
610 2303 868 2350 multitudinemque
883 2321 1010 2349 magnam
1028 2313 1071 2340 in-
1088 2303 1110 2332 ο

282 2365 355 2392 dicat
375 2364 419 2392 his
442 2363 553 2392 verbis:
573 2372 582 2389 ι
601 2361 633 2390 Et
653 2361 791 2390 ﬂorebunt
812 2361 846 2388 de
869 2360 980 2388 civitate
999 2360 1071 2387 sicut

282 2412 376 2439 fenum
392 2415 479 2439 terrai.
497 2420 508 2436 ›
524 2408 592 2437 illud
607 2417 700 2445 porro,
724 2418 733 2435 ε
749 2407 783 2436 de
794 2407 916 2439 civitate,
938 2416 947 2433 ι
966 2406 1070 2434 dictum

282 2462 334 2490 est.
351 2458 430 2493 quasi
449 2457 566 2493 singulis
585 2457 611 2484 in
627 2455 784 2484 civitatibus
800 2458 827 2482 et
841 2453 971 2482 omnibus
991 2453 1019 2480 in
1031 2453 1071 2480 lo-

281 2504 333 2532 cis.
348 2503 406 2531 lmo
420 2504 502 2532 etiam
518 2503 641 2531 Ecclesia
657 2503 756 2538 ipsius,
769 2502 804 2530 ob
819 2501 930 2536 politica
946 2504 973 2528 et
992 2507 1071 2527 evan-

283 2550 379 2586 gelica,
396 2551 474 2585 queis
493 2550 588 2581 utitur,
603 2549 740 2582 instituta,
760 2547 859 2575 civitas
879 2546 927 2574 Dei
944 2550 1069 2574 vocatur.

282 2597 374 2630 Quare
385 2596 491 2623 dictum
507 2599 568 2623 est:
585 2604 594 2621 ι
609 2594 735 2622 Gloriosa
757 2593 834 2621 dicta
851 2597 918 2620 sunt
930 2591 964 2619 de
979 2595 1015 2624 te,
1029 2591 1070 2618 εἰ-

281 2641 353 2668 vitas
364 2639 459 2674 Dei";
475 2644 520 2667 iet
534 2647 644 2668 rursum
658 2648 665 2667 :
683 2648 693 2664 ι
710 2636 845 2666 Fluminis
854 2638 971 2672 impetus
984 2635 1071 2663 laetiﬁ-

282 2690 347 2714 cant
367 2686 504 2714 civitatem
525 2685 573 2713 Dei
583 2685 615 2714 “.
632 2695 642 2711 ι
657 2684 727 2718 Quia
747 2692 814 2720 ergo
838 2683 935 2711 civitas
956 2682 1001 2710 illa
1024 2681 1072 2708 Dei

282 2733 365 2761 ﬂuvio
374 2733 402 2761 in
412 2740 442 2761 se
455 2732 620 2763 exundante,
633 2739 681 2760 seu
694 2730 787 2761 verbo.
803 2729 928 2765 irrigata,
945 2734 1071 2763 magnam

282 2779 386 2814 profert
402 2778 489 2806 turba:
504 2778 533 2805 in
559 2776 681 2805 Ecclesia
702 2776 824 2805 collectae
844 2773 1072 2806 multitudinem;

279 2826 342 2861 jure
361 2825 510 2861 adjicitur:
529 2834 539 2851 ι
560 2824 591 2851 Et
605 2823 740 2852 ﬂorebunt
755 2823 790 2851 de
808 2822 921 2850 civitate
937 2821 1009 2849 sicut
1028 2821 1071 2849 Ie-

317 2884 338 2900 "
353 2884 405 2912 lsa.
433 2891 460 2913 κ,
481 2883 524 2910 35.
581 2883 603 2899 ⁵⁸
618 2881 683 2910 ibid.
700 2881 744 2908 54.
783 2882 804 2897 δ’
821 2880 904 2908 Zach.
923 2888 961 2913 ιι,
976 2881 1002 2908 1.

281 2919 304 2934 ⁶¹
321 2917 394 2947 Psal.
416 2926 525 2952 Luxvi,
543 2919 568 2946 ὅ.
604 2919 625 2934 εδ
646 2916 718 2944 Psal.
736 2924 797 2950 xu,
817 2916 842 2944 5.

1057 2881 1079 2896 "
1092 2880 1165 2909 Psal.
1195 2889 1291 2913 xxviii,
1309 2881 1335 2912 5,
1353 2880 1379 2908 6.

1128 1673 1157 1700 δὲ
1173 1673 1220 1700 καὶ
1236 1672 1270 1700 τὰ
1282 1672 1358 1709 παρὰ
1370 1674 1426 1704 τοῖς
1441 1672 1543 1703 λοιποῖς
1559 1673 1713 1707 προφήταις
1728 1671 1818 1704 ὥσπερ
1831 1664 1901 1694 Λιϐά-

1126 1728 1173 1746 νου
1195 1719 1344 1754 λελεγμένα
1368 1720 1401 1754 τῇ
1425 1717 1614 1755 Ἰερουσαλήμ.
1642 1716 1712 1744 Ἀλλ’
1736 1715 1794 1742 οὐδὲ
1808 1713 1856 1740 τῶν
1874 1712 1902 1737 ἐκ

1126 1767 1278 1802 περιτομῆς
1295 1774 1335 1797 τις
1349 1765 1514 1801 ἀμφιϐαλλοι
1531 1764 1564 1791 ἂν
1581 1764 1619 1800 μὴ
1635 1764 1697 1800 οὐχὶ
1721 1762 1783 1798 περὶ
1797 1761 1841 1796 τῆς
1857 1758 1899 1786 Ίε⁸

1128 1812 1267 1848 ρουσαλὴμ
1280 1812 1446 1839 αἰνίττεσθαι
1461 1811 1602 1847 ὁμολογεῖν
1615 1809 1650 1837 τὰ
1667 1809 1731 1846 περὶ
1744 1807 1851 1836 Λιϐάνου
1863 1803 1900 1830 λε-

1126 1858 1253 1894 λεγμένα.
1280 1867 1289 1884 ι
1315 1857 1550 1893 ’Υπεραρθήσεται
1568 1865 1577 1882 ›
1595 1856 1697 1888 τοίνυν,
1713 1855 1742 1881 τὸ
1764 1853 1844 1888 παρὸν
1862 1848 1901 1876 λό-

1126 1904 1184 1938 γιόν
1201 1912 1292 1939 φησιν,
1322 1913 1330 1929 ι
1352 1903 1422 1939 ὑπὲρ
1438 1902 1483 1928 τὸν
1506 1902 1620 1928 Λίϐανον
1637 1903 1652 1928 6
1669 1900 1772 1937 καρπὸς
1790 1895 1873 1927 αὐτοῦ,
1890 1903 1900 1920 ι

1126 1950 1226 1986 δηλαδὴ
1254 1949 1300 1977 τοῦ
1323 1947 1563 1985 προφητευομένου
1586 1948 1723 1984 Σωτῆρος.
1750 1943 1856 1981 Καρπὺς
1877 1941 1902 1967 δδ

1125 1998 1206 2025 αὑτοῦ
1224 1998 1264 2031 τίς
1280 1998 1313 2025 ἂν
1329 1997 1459 2033 γένοιτοῆ
1482 1995 1630 2031 Ἐκκλησία
1645 1994 1727 2022 αὑτοῦ
1749 1995 1765 2029 ἡ
1779 1991 1834 2019 καθ’
1847 1989 1901 2024 ὅλης

1126 2047 1176 2081 τῆς
1209 2044 1370 2080 οἰκουμένης
1402 2042 1606 2078 ὲστηριγμένη,
1637 2041 1703 2077 περὶ¹
1730 2038 1763 2076 ἧς
1790 2037 1899 2070 ὲλέγετο”

1128 2100 1138 2116 ι
1162 2091 1258 2117 Ἔσται
1275 2090 1414 2125 στήριγμα
1430 2090 1458 2115 ὲν
1475 2089 1508 2124 τῇ
1523 2089 1558 2123 γῇ
1571 2088 1614 2114 ἐπ’
1627 2088 1712 2123 ἄκρον
1729 2085 1781 2112 τῶν
1796 2083 1897 2119 ὀρέως)

1126 2137 1200 2172 Αὕτη
1216 2136 1304 2164 τοίνυν
1319 2134 1554 2171 ὑπεραρθήσεσθαν
1573 2134 1643 2170 ὑπὲρ
1657 2133 1703 2160 τὸν
1720 2131 1829 2159 Λίϐανον
1843 2134 1900 2172 προ-

1126 2182 1273 2218 φητεὺεται
1284 2190 1290 2196 ·
1311 2183 1335 2209 εί
1349 2181 1403 2217 γὰρ
1415 2181 1462 2208 καὶ
1481 2179 1554 2212 ἕδοξέ
1573 2188 1638 2206 ποτε
1658 2179 1673 2205 6
1689 2176 1814 2214 δηλωθεὶς
1829 2171 1901 2201 Δίδα-

1125 2236 1180 2260 νος,
1200 2227 1272 2262 λέγω
1286 2227 1315 2254 δὲ
1331 2227 1349 2262 ἡ
1367 2226 1555 2262 Ἰερουσαλὴμ,
1576 2223 1735 2257 δοξάζεσθαι
1751 2221 1796 2248 καὶ
1810 2218 1899 2246 ἀνθεῖν.

1126 2274 1182 2301 ἀλλ’
1204 2273 1346 2310 ὑπερήρθη
1363 2273 1410 2299 καὶ
1425 2272 1492 2298 πολὺ
1507 2271 1615 2298 κάλλιον
1635 2270 1743 2305 ἐκείνης
1758 2263 1900 2310 ἀσυγκρίτῳ

1125 2320 1245 2356 ὑπεροχῇ
1261 2319 1309 2346 τοῦ
1326 2319 1451 2354 Σιιτῆρος
1474 2317 1552 2353 ἡμῶν
1576 2318 1590 2343 6
1610 2316 1726 2353 καρπὸς,
1741 2315 1757 2350 ἡ
1772 2311 1829 2340 καθ’
1843 2309 1898 2356 ἔλης

1124 2355 1224 2401 δηλαδὴ
1246 2366 1296 2400 τῆς
1318 2364 1480 2399 οίκουμένης
1501 2361 1650 2398 Ἐκκλησία
1676 2360 1781 2396 γέγονε.
1801 2355 1898 2383 Τούτοις

1124 2412 1188 2446 ἑξῆς
1201 2411 1263 2442 τοὺς
1280 2411 1360 2442 λαοὺς
1382 2410 1445 2441 τοὺς
1463 2409 1534 2436 κατὰ
1554 2409 1643 2434 πᾶσαν
1657 2407 1734 2433 πόλιν
1749 2407 1898 2446 συγκροτους

1125 2442 1221 2493 μένους
1235 2458 1281 2484 καὶ
1295 2456 1330 2483 τὰ
1343 2456 1428 2482 πολλὰ
1446 2454 1537 2490 πλήθη
1554 2454 1702 2490 παρίστησι
1715 2451 1816 2485 λέγων·
1834 2457 1842 2471 ι
1851 2442 1898 2493 ΚΕ)

1122 2489 1316 2540 έξανθήσουσιν
1331 2503 1364 2529 ἐκ
1382 2489 1570 2533 πόλεωςγὼσεὶ
1585 2489 1679 2536 χόρτος
1698 2498 1748 2532 τῆς
1767 2495 1823 2531 γῆς.
1842 2502 1850 2517 ν
1867 2489 1897 2516 Τδ

1124 2550 1163 2581 δὲ,
1184 2559 1192 2574 ι
1211 2550 1243 2576 ἐκ
1268 2549 1382 2580 πόλεως,
1401 2558 1410 2573 ι
1428 2549 1545 2584 εἰρηται,
1562 2546 1622 2574 ἀντὶ
1642 2545 1700 2577 τοῦ,
1717 2542 1775 2570 καθ’
1793 2539 1897 2584 ἑκάστην

1125 2595 1202 2622 πόλιν
1215 2595 1261 2622 καὶ
1275 2594 1345 2621 κατὰ
1361 2581 1556 2621 πάντα-τοπον.
1576 2591 1655 2618 Ἀλλὰ
1670 2590 1717 2618 καὶ
1732 2590 1749 2625 ἡ
1766 2581 1897 2618 Ὶιέκκλ²’λσ(⁴“ι

1124 2638 1207 2665 αὑτοῦ
1228 2638 1304 2670 πόλις
1327 2638 1483 2673 ὠνόμασται
1500 2637 1546 2663 τοῦ
1569 2635 1637 2662 Θεοῦ
1659 2634 1705 2662 διὰ
1726 2633 1774 2668 τὴν
1794 2631 1822 2656 ὲν
1837 2625 1895 2673 alii?

1126 2683 1321 2718 συνισταμένην
1334 2670 1449 2717 νόμιμον
1460 2682 1507 2708 καὶ.
1516 2679 1696 2714 εὺαγγελικὴν
1707 2673 1845 2703 πολιτείαν.
1855 2670 1897 2719 θεδ

1124 2715 1246 2754 λέλεκται
1257 2737 1263 2742 ·
1285 2715 1495 2763 «τΔεδοςασμένα
1519 2725 1634 2761 ἐλαλήθη
1651 2723 1714 2759 περὶ
1729 2720 1785 2751 σοῦ,
1798 2719 1814 2753 ὴ
1830 2715 1896 2742 πόλις

1124 2774 1170 2801 τοῦ
1184 2773 1251 2801 Θεοῦ
1261 2783 1268 2790 ο
1286 2784 1294 2800 ι
1310 2774 1357 2800 καὶ
1369 2773 1448 2800 πάλιν
1459 2782 1465 2788 ·
1488 2783 1496 2798 ι
1514 2771 1567 2799 Τοῦ
1582 2769 1703 2806 ποταμοῦ
1717 2767 1751 2794 τὰ
1762 2763 1896 2806 ὁρμήματίξ

1125 2821 1301 2856 εὐφραίνουσι
1325 2820 1374 2856 τὴν
1398 2820 1474 2857 πόλιν
1496 2819 1542 2845 τοῦ
1565 2817 1642 2845 Θεοῦ.
1663 2826 1673 2842 ι
1693 2813 1766 2842 Ἐπεὶ
1782 2809 1862 2836 τοίνυν
1879 2803 1895 2837 ἡ

1434 2880 1454 2896 ⁸³
1470 2878 1568 2906 Ezecb.
1592 2875 1695 2907 muli.
1734 2867 1829 2898 "ibist.
1857 2860 1892 2888 12-
