2024 3214
124 148 174 177 817

689 147 946 177 οοιιιιΕΝτΑιιιΑ
964 148 999 177 lN
1015 148 1185 179 PSALMOS.
1224 139 1265 171 τί

124 209 202 241 πόλις
223 208 271 235 τοῦ
292 207 371 240 Θεοῦ,
391 207 558 244 ἀρδευομένη
578 207 618 244 τῷ
641 208 670 236 ἐν
692 208 762 244 αὐτῇ
784 207 915 244 πλημμύ-

971 216 1032 236 num
1047 211 1137 236 terrae.
1157 217 1166 235 I
1191 207 1371 236 Praemittitur
1388 215 1456 237 sane
1480 206 1667 240 multitudini,
1694 215 1756 243 quae

125 264 197 294 ροντι
209 254 334 290 ποταμῷ,
351 253 434 289 λόγῳ,
456 253 522 281 πολὺ
538 254 639 290 πλῆθος
660 254 791 290 προφέρει
808 255 861 281 τῶν
884 256 914 282 ὲν

124 303 157 338 τῇ
180 301 330 337 Ἐκκλησία
340 300 591 337 συγκροτουμένων,
605 300 717 333 εἰκότως
729 301 897 328 ἐπιλέλεκται
906 310 912 317 ’

129 358 138 375 ι
152 348 206 375 Καὶ
219 347 410 382 ὲξανθήσουσιν
426 347 458 373 ὲκ
471 347 574 378 πόλεως
586 346 652 372 ὡσεὶ
663 347 758 382 χόρτος
774 348 823 382 τῆς
834 347 912 383 γῆς..

126 396 277 432 Προηγεῖτο
292 395 341 430 μὲν
353 392 398 421 οὖν
412 394 458 421 τοῦ
470 395 566 430 χόρτου
579 394 656 430 δίκην
666 394 838 428 ὲξανθοῦντος
851 395 917 431 πλή-

126 442 187 474 θους
207 442 221 468 ό
238 440 452 477 προλελεγμένος
475 441 581 476 καρπὸς
601 441 694 473 αὐτοῦ,
712 441 778 468 πολὺ
805 441 915 476 βελτίων

127 489 172 515 καὶ
200 488 334 524 κρείττων
360 487 502 522 τυγχάνων
523 486 570 514 τοῦ
593 487 691 523 χόρτου
719 487 769 522 τῆς
790 488 840 523 γῆς
853 496 859 502 ·
876 488 916 514 διὸ

127 533 308 569 προτέτακται
322 533 363 560 τό·
382 542 391 559 ‹
403 532 636 568 ’Υπεραρθήσεται
650 533 720 568 ὑπὲρ
740 532 787 559 τὸν
803 533 916 559 Λίϐανον

126 581 140 607 ὁ
163 579 269 616 καρπὸς
284 579 381 606 αὐτοῦ·
402 589 411 605 ι
434 579 503 615 μετὰ
516 579 544 606 δὲ
560 579 605 606 τὸν
628 579 733 615 καρπὸν
747 579 792 606 τὸν
812 579 917 615 ἐξαίρε-

128 634 181 657 τον,
196 625 260 656 τοὺς
273 625 302 651 ὲν
316 625 350 660 τῇ
373 624 520 660 Ἐκκλησία
543 624 644 660 δηλαδὴ
665 625 915 660 καρποφοροῦντας,

127 671 160 698 τὰ
174 670 256 697 λοιπὰ
269 670 358 706 πλήθη
381 670 545 706 καταριθμεῖ
565 670 608 697 διὰ
623 670 680 697 τοῦ*
702 680 711 696 ι
731 671 787 697 Καὶ
806 670 917 706 ἐξανθὴ-

129 726 219 744 σουσιν
239 718 270 744 ὲκ
291 717 395 749 πόλεως
413 717 479 743 ὡσεὶ
502 717 596 752 χόρτος
615 717 664 752 τῆς
680 717 741 751 γῆς,
760 727 770 744 υ
795 715 849 744 Εἶτ’
871 717 918 743 ἐπὶ

127 764 232 796 τούτοις
251 764 375 798 λέγεται’
401 773 409 789 ι
428 764 524 790 Ἔσται
541 764 570 790 τὸ
591 764 675 799 ονομα
695 763 777 791 αὐτοῦ
797 764 836 796 είς
856 764 919 796 τοὺς

127 811 237 842 αἰῶνας.
254 820 263 836 ι
282 810 460 846 Διαμένοντος
473 810 501 837 δὲ
518 810 565 837 καὶ
576 810 775 842 διαιωνίζοντος
788 810 834 837 τοῦ
852 811 919 846 Χρι-

129 854 190 881 στοῦ
203 855 344 890 ὀνόματος,
358 855 639 891 συμπαρεκτείνεσθαι
653 856 700 882 καὶ
711 855 740 883 τὸ
749 855 918 891 Χριστιανῶν

969 255 1056 283 instar
1081 254 1135 282 l‘eni
1161 254 1326 287 el‘llorescit,
1354 259 1521 282 memoratus
1546 253 1653 282 fructus
1680 253 1754 288 ejus.

970 306 1050 338 longe
1074 300 1257 337 praestabilior
1281 300 1432 335 meliorque
1452 300 1514 328 fcno
1535 305 1634 333 terrae;
1658 307 1756 336 quam-

970 348 1064 376 obrem
1074 347 1251 383 praepositum
1261 346 1311 374 fuit
1321 346 1387 374 illud
1399 356 1406 374 :
1418 356 1428 373 ι
1443 346 1698 382 Superexaltabitur
1712 354 1756 374 su-

969 402 1017 430 per
1034 393 1169 421 Libanum
1185 392 1292 421 fructus
1308 393 1368 428 ejus
1384 401 1392 420 :
1412 403 1421 420 ι
1440 397 1502 428 post
1518 393 1635 420 fructum
1664 396 1757 420 autem

970 441 1047 468 illum
1073 440 1284 475 praecellentem,
1302 439 1431 467 videlicet
1447 443 1509 474 post
1529 447 1575 467 eos
1592 439 1638 474 qui
1657 439 1685 466 in
1704 437 1757 466 Ec-

970 487 1053 515 clesia
1068 486 1247 519 t'ructiiicant,
1264 486 1399 521 reliquam
1419 485 1623 513 multitudinem
1642 493 1757 513 enume-

971 539 1023 565 rat,
1039 533 1080 561 sic
1096 532 1192 560 dicens
1209 540 1216 557 :
1237 541 1245 558 t
1262 531 1296 558 Et
1308 531 1444 559 ﬂorebunt
1454 531 1489 559 de
1502 531 1612 559 civitate
1635 531 1707 559 sicut
1718 531 1757 560 fe-

970 587 1036 606 num
1052 583 1142 606 terrae.
1158 587 1168 604 ›
1183 577 1340 606 Secundum
1355 577 1414 605 haec
1430 577 1551 605 dicitur:
1566 577 1644 605 «Erit
1659 585 1758 605 nomen

971 626 1031 661 ejus
1046 625 1074 653 in
1087 624 1197 653 saecula.
1217 633 1228 651 ι
1245 624 1313 652 Cum
1338 632 1421 660 porro
1446 631 1546 652 nomen
1567 623 1672 651 Christi
1696 631 1758 659 per-

971 676 1054 708 petuo
1082 674 1201 703 maneat,
1227 673 1429 705 consequenter
1457 677 1523 698 sane
1539 669 1760 697 Christianorum

971 727 1072 748 nomen
1089 718 1260 747 tantumdem
1278 717 1412 753 temporis
1436 717 1618 753 permanebit.
1634 716 1692 744 Hoc
1710 724 1761 744 au-

973 771 1025 794 tem
1037 773 1138 794 nomen
1150 765 1225 801 quod
1241 769 1283 793 est
1294 771 1377 800 super
1385 771 1466 792 omne
1476 772 1576 792 nomen
1587 768 1651 792 ante
1665 763 1762 791 mundi

972 811 1197 840 constitutionem
1215 815 1275 839 erat
1294 819 1300 838 :
1314 817 1400 845 quare
1408 809 1512 837 dictum
1529 813 1592 838 est:
1611 819 1621 836 ι
1636 809 1707 837 Ante
1719 815 1763 838 so-

972 859 1024 886 lem
1039 860 1184 893 permanet
1205 864 1305 884 nomen
1321 855 1392 891 ejus.
1412 865 1422 882 ι
1441 855 1575 891 Superius
1599 863 1709 891 quoque
1723 855 1766 883 di—

127 900 212 935 ὕνομα
227 900 371 927 ἀκόλουθον
385 899 418 927 ἃν
433 901 486 936 εἴη.
504 900 588 927 Τοῦτο
609 901 637 927 δὲ
653 901 683 927 τὸ
706 900 791 936 ὄνομα
805 901 835 927 τὸ
852 900 918 936 ὑπὲρ

972 903 1096 937 cebatur,
1110 909 1320 938 permansurum
1333 908 1395 930 esse
1405 908 1467 929 cum
1483 901 1541 928 sole
1556 905 1583 928 et
1595 901 1760 928 antelunam

129 947 182 974 πᾶν
197 946 282 982 ΰνομα
298 947 346 973 καὶ
368 946 421 982 πρὸ
440 947 489 982 τῆς
504 946 550 973 τοῦ
567 946 670 982 κόσμου
688 946 844 978 συστάσεως
864 945 897 982 ἦν
910 955 917 962 ·

127 993 166 1020 διὸ
179 992 302 1028 εῐρηται’
324 1003 333 1018 ι
353 993 409 1028 Πρὸ
424 993 471 1020 τοῦ
489 993 565 1028 ἡλίου
587 993 709 1028 διαμένει
725 993 754 1019 τὸ
770 993 855 1028 ὄνομα
870 993 919 1019 αὐ-

127 1038 185 1066 τοῦ.
207 1047 216 1064 ι
235 1038 291 1065 Καὶ
311 1038 439 1074 ἀνωτέρω
454 1038 482 1064 δὲ
499 1039 607 1073 ἐλέγετο
632 1038 856 1074 συμπαραμένειν
880 1038 919 1074 τῷ

128 1083 195 1119 ἡλίῳ
211 1083 260 1110 καὶ
281 1083 334 1119 πρὸ
344 1084 393 1119 τῆς
408 1084 522 1120 σελήνης
533 1085 572 1116 εἰς
584 1084 680 1118 γενεὰς
694 1084 806 1118 γενεῶν.
823 1085 920 1111 Ὀτιδὲ

127 1129 215 1157 ταῦτα
232 1130 262 1157 οὐ
281 1130 393 1157 δυνατὸν
412 1130 495 1166 θνητῇ
514 1131 669 1166 ἐφαρμόσαι
687 1131 776 1165 φύσει,
798 1131 919 1165 φθάσαν-

128 1184 172 1208 τες
189 1175 239 1210 ἢδη
265 1176 485 1211 παρεστήσαμεν.
510 1176 588 1203 Μετὰ
612 1176 697 1202 ταῦτα
723 1176 752 1202 δὲ
777 1176 918 1203 λέλεκται·

131 1231 140 1247 ι
157 1221 212 1247 Καὶ
230 1220 473 1256 ὲνευλογηθήσεται
489 1222 518 1248 ὲν
533 1221 608 1257 αὐτῷ
629 1221 718 1249 πάντα
734 1221 769 1248 τὰ
792 1221 854 1256 ἔθνη
871 1221 920 1255 τῆς

129 1268 189 1303 γῆς.
222 1277 232 1293 ι
266 1265 313 1299 Οἷς
342 1267 515 1303 παραθήσεις
544 1268 588 1295 τὸν
621 1268 745 1303 φήσαντα
775 1268 844 1303 πρὸς
876 1268 920 1295 τὸν

135 1313 261 1350 Ἀϐραὰμ
283 1315 423 1349 χρησμόν·
448 1323 457 1340 ‹
476 1314 530 1341 Καὶ
548 1314 804 1350 ἐνευλογηθήσονται
832 1315 860 1340 ὲν
881 1314 921 1350 τῷ

129 1359 267 1395 σπέρματί
284 1368 331 1386 σου
351 1360 440 1386 πάντα
455 1360 489 1386 τὰ
511 1360 574 1396 ἔθνη
598 1360 648 1395 τῆς
668 1360 730 1395 γῆς.
751 1370 760 1386 ι
783 1361 839 1387 Καὶ
861 1360 920 1394 θέα,

128 1406 202 1438 ὅπως
225 1406 242 1442 ή
265 1406 333 1441 πρὸς
363 1406 408 1432 τὸν
433 1406 558 1442 Ἀϐραὰμ
582 1406 732 1440 ἐπαγγελία
759 1406 921 1441 ἐφυλάττετο

129 1451 200 1479 κατὰ
210 1452 324 1488 χρόνους
335 1453 519 1489 ἀνανεουμένη
533 1453 566 1479 δι’
583 1452 697 1479 ἑκάστου
713 1454 861 1490 προφήτου.
876 1454 920 1489 Τῷ

129 1498 177 1533 μὲν
200 1497 256 1534 γὰρ
276 1498 401 1534 ’Ἀϐραὰμ
425 1498 525 1534 πρώτῳ
551 1499 660 1526 λέλεκτο
670 1499 718 1525 τό·
738 1508 747 1524 ι
768 1499 921 1535 Εὐλογηθή-

128 1552 218 1571 σονται
236 1545 265 1571 ὲν
279 1544 317 1579 τῷ
333 1545 470 1580 σπέρματί
482 1553 529 1572 σου
546 1545 634 1572 πάντα
647 1545 681 1572 τὰ
692 1545 754 1581 ἔθνη
770 1545 819 1580 τῆς
834 1545 917 1580 γῆς’)

129 1589 198 1624 μετὰ
213 1589 242 1615 δὲ
256 1589 345 1616 ταῦτα
361 1590 375 1617 ό
395 1589 494 1617 Ἰακὼϐ
511 1590 646 1623 θεσπίζων
661 1591 725 1625 περὶ
739 1590 786 1617 τοῦ
802 1590 919 1627 Χριστοῦ

127 1635 335 1670 ἀναγέγραπται
358 1635 494 1672 εἰρηκώς⁸
516 1646 524 1662 ι
550 1637 608 1663 Οὐκ
633 1637 753 1672 ἐκλείψει
776 1637 867 1673 ἅρχων
891 1637 920 1671 ὲξ

133 1682 218 1710 Ἰούδα
233 1683 285 1715 ἕως
298 1683 331 1710 ἂν
343 1683 407 1719 ἔλθῃ
422 1684 436 1710 ὂ
452 1684 596 1711 ἀπόκειται
613 1686 667 1720 (1)·
685 1685 732 1712 καὶ
746 1685 826 1717 αὐτὸς
846 1685 920 1712 ἔσται

128 1728 277 1765 προσδοκία
289 1729 384 1757 ἐθνῶν.
412 1739 421 1757 ι
440 1731 496 1757 Καὶ
511 1732 539 1757 ὲν
554 1731 609 1762 τοῖς
630 1730 698 1765 μετὰ
715 1730 800 1757 ταῦτα
815 1730 921 1766 χρόνοις

127 1773 206 1808 αὖθις
222 1774 330 1811 εἴρηται
351 1774 396 1802 διὰ
416 1775 463 1801 τοῦ
486 1775 617 1810 Βαλαάμ·
643 1784 651 1801 ι
677 1775 860 1808 Ἔξελεύσεται
876 1776 921 1802 ἇν-

128 1822 238 1858 θρωπος
267 1822 300 1848 ἐκ
325 1820 373 1848 τοῦ
400 1821 556 1857 σπέρματος
584 1821 675 1853 αὐτοῦ,
705 1822 751 1848 καὶ
779 1822 917 1857 κυριεύσει

127 1867 212 1895 ἐθνῶν
228 1867 342 1894 πολλῶν.
365 1877 374 1893 t
393 1868 448 1894 Καὶ
464 1868 584 1903 Μωῦσῆς
600 1868 628 1895 δὲ
644 1868 698 1895 τῶν
713 1868 798 1895 ἐθνῶν
821 1870 850 1895 ὲν
864 1869 919 1905 ᾠδῇ

130 1913 234 1948 μεγάλῃ
260 1912 382 1948 μέμνητο
405 1913 509 1947 λέγων’
538 1923 547 1939 ι
567 1913 756 1950 Εὐφράνθητε,
774 1914 838 1951 ἔθνη
858 1915 922 1946 λαὸς

129 1959 230 1986 αὐτοῦ·
261 1960 308 1987 καὶ
332 1960 599 1995 προσκυνησάτωσαν
630 1960 705 1996 αὐτῷ
734 1960 836 1992 πάντες
869 1961 922 1987 υίοὶ

129 2004 207 2032 Θεοῦ.
223 2014 233 2031 ι
248 2005 340 2037 Οὕτως
356 2003 401 2032 οὖν
415 2005 461 2031 καὶ
475 2005 590 2032 ἐνταῦθα
604 2005 638 2032 τὰ
653 2006 721 2041 πρὸς
735 2006 781 2034 τὸν
798 2006 922 2042 Ἀϐραὰμ

129 2051 173 2078 διὰ
198 2050 247 2078 τοῦ
268 2051 393 2088 χρησμοῦ
420 2051 620 2087 τεθεσπισμένα
646 2052 868 2088 ὲπαναλαμὸάνει
893 2053 922 2080 τὸ

129 2098 217 2132 λόγιον
231 2097 354 2124 διδάσκον
366 2098 417 2125 οὐκ
431 2098 517 2130 ἄλλως
531 2098 547 2133 ἢ
564 2099 607 2125 διὰ
619 2098 665 2125 τοῦ
681 2099 799 2134 Χριστοῦ
813 2099 922 2135 πληρω-

129 2141 270 2177 θήσεσθαι,
293 2141 413 2176 φάσκον·
439 2152 448 2168 ι
475 2143 530 2169 Καὶ
553 2143 780 2178 εὐλογηθήσονται
803 2144 832 2170 ἐν
848 2144 922 2180 αὐτῷ

971 950 999 978 in
1029 949 1221 985 generationes
1247 948 1467 984 generationum.
1491 946 1570 980 Quod
1600 954 1665 974 vero
1692 946 1760 975 illud

970 996 1080 1024 mortali
1096 999 1203 1023 natura:
1217 995 1340 1030 coaptari
1357 997 1487 1029 nequeat.
1508 993 1565 1028 jam
1582 991 1762 1028 comprobare

971 1041 1178 1077 occupavimus.
1197 1040 1254 1068 Sub
1275 1041 1333 1068 haec
1347 1044 1438 1067 autem
1458 1039 1581 1067 dicitur:
1601 1048 1610 1065 ι
1630 1038 1664 1066 Et
1679 1039 1762 1066 bene-

971 1087 1206 1122 dicenturinipso
1215 1094 1311 1114 omnes
1327 1089 1422 1122 gentes
1431 1089 1522 1113 terrae.
1540 1095 1550 1112 ι
1570 1085 1676 1118 Quibus
1692 1092 1761 1113 con-

972 1133 1044 1161 feras
1065 1133 1145 1161 velim
1161 1133 1214 1160 hoc
1229 1135 1372 1161 oraculum
1387 1132 1422 1160 ad
1437 1131 1624 1160 Abrahamum
1643 1130 1737 1159 datum
1752 1141 1759 1159 :

974 1188 983 1204 ι
999 1178 1032 1206 Ει
1061 1179 1258 1207 benedicentur
1284 1179 1312 1206 in
1342 1179 1447 1207 semine
1469 1182 1517 1206 tuo
1540 1185 1637 1206 omnes
1667 1181 1763 1212 gentes

971 1226 1095 1254 terrae".
1117 1235 1126 1252 ι
1144 1226 1177 1253 Et
1203 1225 1350 1262 perpende,
1370 1232 1474 1261 quaeso,
1491 1224 1703 1261 promissionem
1728 1220 1763 1252 ad

971 1271 1158 1299 Abrahamum
1182 1271 1293 1304 factam,
1320 1269 1501 1306 subsequenti
1522 1273 1645 1304 tempore
1666 1275 1762 1296 serva-

971 1323 1039 1351 tam,
1054 1325 1087 1346 ac
1101 1325 1150 1353 per
1167 1317 1292 1353 singulos
1316 1316 1465 1352 prophetas
1487 1319 1644 1343 renovatam
1665 1313 1761 1342 fuisse.

971 1364 1079 1392 Atenim
1101 1363 1257 1391 Abrahamo
1273 1363 1393 1398 primum
1408 1362 1511 1390 dictum
1531 1360 1602 1388 fuit:
1619 1370 1629 1386 ‹
1646 1359 1763 1388 Benedi-

971 1414 1071 1438 centur
1085 1410 1112 1437 in
1137 1409 1242 1437 semine
1257 1412 1305 1436 tuo
1327 1416 1424 1436 omnes
1444 1411 1538 1443 gentes
1561 1411 1650 1435 terrae.
1671 1416 1680 1432 ι
1697 1406 1764 1435 Post

972 1455 1030 1483 haec
1041 1453 1127 1482 Jacob
1140 1454 1174 1482 de
1191 1453 1301 1482 Christo
1314 1454 1469 1481 vaticinans
1485 1452 1590 1481 dixisse
1605 1451 1738 1480 scribitur
1752 1460 1759 1478 :

975 1509 984 1525 ε
1002 1499 1063 1527 Non
1079 1499 1187 1527 dei.eiet
1203 1498 1332 1534 princeps
1347 1506 1380 1526 ex
1397 1498 1478 1530 Juda,
1494 1497 1582 1525 donec
1599 1496 1691 1525 veniat
1711 1497 1759 1524 cui

973 1545 1122 1581 repositum
1132 1548 1174 1573 est
1190 1548 1236 1573 :et
1252 1545 1310 1580 ipse
1324 1544 1377 1572 erit
1392 1543 1561 1579 exspectatio
1574 1543 1695 1579 gentium
1703 1543 1735 1571 “.
1749 1551 1760 1570 ι

973 1591 1130 1619 Secundum
1152 1591 1211 1619 haec
1228 1594 1352 1626 tempora
1369 1598 1479 1617 rursum
1497 1597 1512 1617 a
1524 1589 1636 1617 Balaam
1656 1589 1762 1618 dictum

971 1641 1033 1665 est:
1054 1646 1065 1664 σ
1083 1637 1245 1673 Egredietur
1267 1636 1350 1664 homo
1366 1644 1399 1664 ex
1421 1636 1526 1664 semine
1542 1635 1612 1671 ejus,
1631 1640 1658 1664 et
1668 1632 1762 1665 .domi-

971 1683 1083 1711 nabitur
1092 1683 1221 1719 gentibus
1235 1683 1330 1711 multis
1340 1682 1372 1709 "’.
1387 1692 1397 1708 ›
1419 1681 1524 1718 Moyses
1537 1681 1603 1709 item
1619 1681 1647 1709 in
1663 1689 1765 1717 magno

972 1729 1079 1757 cantico
1092 1729 1213 1765 gentium
1222 1729 1345 1756 meminit
1354 1728 1448 1756 dicens
1463 1737 1490 1756 ιι
1507 1727 1658 1760 ιωιοαιίηἰ,
1668 1732 1766 1763 gentes

972 1776 1091 1810 populus
1106 1775 1166 1810 ejus
1183 1783 1191 1802 :
1208 1779 1235 1803 et
1246 1774 1360 1803 adorent
1378 1783 1440 1802 eum
1462 1782 1559 1803 omnes
1576 1774 1625 1801 ﬁlii
1641 1773 1729 1802 Dei“.
1751 1784 1761 1800 ι

972 1822 1019 1850 Sic
1035 1823 1119 1858 igitur
1133 1823 1185 1850 hoc
1208 1823 1270 1850 loco
1293 1830 1354 1858 quae
1376 1830 1425 1858 per
1443 1822 1584 1850 oraculum
1604 1822 1763 1850 Abrahamo

973 1869 1158 1904 praenuntiata
1181 1868 1291 1895 fuerant
1309 1872 1497 1899 resumuntur.
1515 1867 1580 1895 dum
1597 1875 1629 1896 ea
1651 1875 1705 1895 non
1727 1868 1764 1896 ab

971 1915 1025 1943 alio
1045 1923 1127 1951 quam
1150 1922 1166 1942 a
1185 1915 1296 1943 Christo
1319 1914 1457 1949 implenda
1477 1921 1539 1941 esse
1561 1913 1693 1941 docemur
1718 1913 1762 1941 his

971 1961 1088 1989 verbis:
1108 1960 1171 1994 «.Et
1186 1960 1384 1988 benedicentur
1409 1959 1437 1986 in
1465 1959 1525 1994 ipso
1547 1966 1644 1987 omnes
1666 1963 1762 1995 gentes

973 2013 1063 2035 terrae.
1082 2017 1090 2033 ι
1108 2006 1210 2034 Deinde
1222 2014 1286 2034 vero
1304 2007 1362 2033 ait:
1385 2014 1394 2031 ι
1414 2004 1516 2032 Omnes
1535 2008 1630 2040 gentes
1650 2005 1761 2032 beatum

973 2053 1161 2089 praedicabunt
1177 2060 1252 2080 eum.
1273 2062 1281 2078 ι
1296 2051 1438 2085 Quomodo
1452 2052 1562 2079 beatum
1574 2050 1762 2086 praedicabunt

972 2107 1034 2127 eum
1051 2107 1147 2127 omnes
1157 2098 1272 2134 gentes?
1285 2105 1333 2133 per
1343 2096 1540 2125 beatitudinem
1555 2103 1633 2124 suam
1645 2095 1762 2132 gratiam

973 2146 1033 2181 ejus
1049 2145 1231 2173 declaranles.

129 2189 216 2217 πάντα
234 2189 269 2216 τὰ
285 2189 347 2225 ἔθνη
379 2190 429 2225 τῆς
444 2190 507 2225 γῆς.
525 2200 534 2216 ι
557 2189 614 2216 Εἴθ’
628 2191 691 2225 ἑξῆς
711 2200 777 2227 φησι
795 2200 802 2206 '
821 2201 829 2217 ι
846 2192 939 2219 Πάντα
957 2193 991 2220 τὰ
1013 2193 1076 2228 ἔθνη
1099 2191 1279 2228 μακαριοῦσιν
1298 2191 1390 2219 αὐτόν.
1409 2201 1418 2217 ›
1440 2191 1500 2224 Πῶς
1522 2191 1550 2218 δὲ
1582 2190 1762 2226 μακαριοῦσιν

127 2237 208 2264 αὐτὸν
219 2237 308 2264 πάντα
328 2238 361 2264 τὰ
378 2237 458 2272 Etim;
472 2237 516 2264 διὰ
531 2237 580 2272 τῆς
592 2238 621 2263 ὲν
637 2238 729 2270 αὐτοῖς
747 2239 947 2275 μακαριότητος
960 2240 1009 2276 τὴν
1023 2240 1053 2273 ἐξ
1063 2240 1145 2267 αὐτοῦ
1160 2240 1239 2275 χάριν
1260 2239 1443 2276 παριστῶντα.

164 2293 174 2309 ‹
191 2282 344 2318 Εὐλογητὸς
359 2283 461 2319 Κύριος
479 2285 493 2310 ό
508 2283 574 2315 Θεὸς
594 2284 711 2319 Ἰσραὴλ,
729 2286 743 2311 ό
756 2285 840 2311 ποιῶν
853 2284 915 2312 θαυι

1008 2287 1091 2314 Vsns.
1107 2286 1150 2318 l8,
1165 2287 1210 2313 20.
1227 2295 1236 2311 ι
1250 2285 1414 2314 Benedictus
1432 2285 1565 2312 Dominus
1576 2284 1648 2312 Deus
1664 2282 1760 2317 israel,

129 2328 214 2364 μάσια.
229 2329 318 2366 μόνος..
339 2339 349 2355 ι
368 2329 559 2365 Εὐλογούμενα
572 2329 607 2356 τὰ
631 2329 694 2365 ἔθνη
714 2331 742 2356 ἐν
758 2330 797 2365 τῷ
814 2339 921 2366 προφη-

127 2375 265 2410 τευομὲνῳ
278 2375 349 2402 κατὰ
363 2375 393 2401 τὸ
406 2375 494 2409 λόγιον
508 2375 538 2401 τὸ
553 2375 641 2410 φῆσαν
651 2383 658 2390 ο
678 2385 686 2400 ι
704 2376 758 2402 Καὶ
770 2376 919 2412 εὐλογηθή-

129 2428 220 2447 σονται
237 2421 267 2446 ὲν
288 2420 362 2453 αὐτῷ
382 2421 470 2447 πάντα
495 2420 529 2446 τὰ
552 2421 632 2456 ἔθνη·
654 2431 662 2446 ι
682 2421 757 2454 αὔξει
776 2422 826 2458 τὴν
850 2422 920 2449 κατὰ

128 2466 194 2493 Θεὸν
205 2466 329 2501 αὔξησιν,
343 2467 389 2493 καὶ
400 2466 524 2502 πληθύει,
537 2467 584 2493 καὶ
594 2467 643 2502 τῆς
654 2467 705 2502 γῆς
717 2469 918 2503 κατακυριεπι.

127 2513 227 2549 Διόπερ
244 2513 325 2548 φησὶν
336 2514 350 2540 ό
364 2513 434 2546 θεῖος
448 2514 607 2546 Ἀπόστολος
617 2523 623 2529 ·
643 2524 651 2540 ι
667 2514 818 2550 Εὐλογητὸς
829 2516 843 2541 ὁ
854 2516 919 2548 Θεὸς

127 2559 142 2586 ό
160 2559 312 2596 εὐλογήσας
335 2560 409 2595 ἡμᾶς
426 2561 454 2587 ὲν
478 2561 553 2597 πάσῃ
578 2560 687 2596 εὐλογίᾳ
704 2562 885 2596 πνευματικῇ.
907 2570 917 2587 ι

128 2605 206 2633 οὔτω
220 2605 249 2632 δὲ
265 2605 370 2641 ἔχοντα,
390 2606 546 2640 ἁντευλογεί
563 2607 607 2633 τὸν
621 2607 670 2642 τῆς
688 2607 813 2641 εὐλογίας
828 2607 919 2639 αὐτοῖς

128 2650 213 2677 αἴτιον
227 2651 421 2686 γεγενημένον.
437 2652 483 2678 Διὸ
498 2651 604 2686 πρῶτον
621 2652 670 2686 μὲν
685 2651 853 2686 ἐμακάριζον
869 2652 918 2678 αὐ-

128 2697 182 2728 τὸν,
199 2694 259 2724 εἶτα
280 2697 327 2724 καὶ
348 2697 468 2732 εὐλογεῖν
488 2697 641 2724 διδάσκεται
664 2697 708 2724 διὰ
734 2696 781 2724 τοῦ
810 2697 918 2731 λέγειν·

131 2751 140 2766 ε
158 2742 311 2779 Εὐλογητὸς
326 2743 426 2779 Κύριος
442 2744 456 2770 ὁ
469 2743 535 2775 Θεὸς
556 2743 673 2779 Ἰσραὴλ,
687 2744 701 2770 ό
717 2743 799 2770 ποιῶν
812 2743 916 2778 θαυμά-

129 2795 173 2814 σια
196 2788 285 2820 μόνος.
308 2797 317 2814 ›
342 2788 480 2820 Ἐπιτήρει
502 2789 540 2823 δὲ,
563 2789 600 2821 ὡς
624 2790 737 2816 ἕκαστον
765 2789 848 2825 μέρος
868 2790 915 2824 τῆς

163 2837 265 2863 “Gen.
279 2844 350 2865 nu.
368 2837 410 2864 l8.
449 2836 547 2865 “Gen.
565 2845 637 2865 λιιν.
655 2838 694 2865 ιυ.

165 2886 203 2918 Η)
220 2883 291 2920 Lege
305 2882 328 2918 ᾧ
339 2884 492 2913 ἀπόκειται.

972 2334 1019 2369 qui
1051 2333 1117 2361 facit
1143 2332 1279 2360 mirabilia
1309 2332 1396 2359 solus.
1419 2341 1427 2357 ι
1447 2333 1515 2358 Cum
1542 2337 1636 2366 gentes
1664 2330 1690 2357 in
1714 2337 1759 2362 eo.

972 2387 1053 2414 quem
1070 2378 1212 2414 prophetia
1224 2378 1338 2409 indicat,
1353 2376 1572 2404 benedictionem
1590 2375 1758 2411 acceperint,

972 2431 1052 2461 prout
1070 2426 1200 2461 superius
1216 2425 1351 2452 habetur:
1368 2433 1377 2449 ι
1395 2423 1428 2451 Et
1437 2423 1635 2451 benedicentur
1651 2423 1678 2450 in
1700 2422 1760 2458 ipso

971 2478 1067 2498 omnes
1095 2474 1206 2506 gentes;
1233 2480 1242 2495 ι
1259 2469 1418 2496 accessione
1449 2470 1578 2496 crescunt
1607 2467 1759 2495 secundum

972 2515 1069 2547 Deum,
1093 2513 1313 2549 multiplicantur
1330 2519 1356 2541 et
1378 2517 1458 2540 terra:
1480 2512 1669 2540 dominantur.
1685 2513 1761 2545 Qua-

969 2562 1080 2594 propter
1092 2558 1131 2585 ait
1151 2557 1263 2585 divinus
1279 2557 1427 2593 Apostolus
1445 2567 1451 2585 :
1470 2567 1479 2582 ι
1496 2556 1659 2585 Benedictus
1675 2557 1759 2589 Deus.

969 2604 1015 2638 qui
1028 2603 1165 2631 benedixit
1174 2611 1225 2631 nos
1237 2603 1265 2630 in
1273 2603 1348 2631 omni
1357 2603 1549 2631 benedictione
1560 2603 1698 2639 spirituali
1708 2604 1739 2631 ".
1748 2614 1758 2629 ι

969 2650 1038 2678 Cum
1055 2650 1092 2677 ita
1107 2657 1191 2684 porro
1211 2657 1242 2678 se
1258 2657 1303 2678 res
1317 2649 1427 2680 habeat.
1443 2649 1645 2678 benedictionis
1661 2654 1760 2677 aucto-

969 2704 1025 2723 rem
1042 2703 1057 2723 e
1079 2702 1214 2723 converso
1241 2695 1416 2722 benedicunt.
1433 2695 1524 2728 Quare
1543 2696 1632 2730 primo
1648 2695 1758 2730 quidem

970 2742 1079 2770 beatum
1092 2741 1242 2776 praedicant
1257 2748 1338 2774 eum;
1355 2740 1454 2768 deinde
1473 2739 1653 2769 benedicendi
1671 2740 1758 2767 ratio-

969 2796 1030 2816 nem
1051 2788 1200 2815 edocentur
1226 2786 1268 2814 his
1280 2786 1371 2815 verbis
1387 2796 1393 2814 :
1411 2795 1421 2813 ι
1440 2785 1602 2815 Benedictus
1626 2786 1760 2816 Dominus

734 2839 755 2854 ⁸⁷
772 2838 852 2866 Num.
876 2845 951 2871 XHV,
966 2837 1008 2864 l9.
1049 2837 1070 2854 τε
1084 2837 1152 2864 Deut
1182 2843 1266 2868 sun,
1285 2835 1328 2863 45.
1363 2835 1384 2851 ἐ
1403 2834 1501 2871 Eplics.
1520 2843 1539 2864 ι.
1557 2836 1582 2863 5.
