2024 3214
145 149 201 180 831

697 149 952 179 centimanum
966 150 998 179 IN
1016 151 1186 181 PSALMOS.
1232 131 1279 175 Ἦ

1722 142 1776 179 se!

155 217 203 246 ρης
218 208 292 235 πᾶσα
306 209 322 243 ἡ
341 208 375 243 γῆ
398 208 447 244 τῆς
460 208 538 243 δόξης
554 207 647 236 αὑτοῦ.
665 217 674 234 ι
698 209 776 235 Ἀλλὰ
787 209 873 236 ταῦτα
889 210 938 245 μὲν

993 210 1079 238 divina
1090 210 1346 246 prmnuntiabantur
1361 220 1368 238 :
1385 217 1466 246 opere
1489 214 1580 238 autem
1601 197 1775 245 compleban-

153 254 230 290 θεῖκῇ
250 253 402 290 προγνώσει
416 253 572 285 ἐθεσπίζετο
586 253 669 280 πάλαι
682 262 689 269 ·
707 254 797 290 ἔργοις
817 255 844 281 δὲ
857 255 941 290 ἐπλη-

154 297 233 334 ροῦτο
249 298 382 333 πρότερον
396 299 412 333 ῆ
430 298 475 324 τὸν
493 298 607 334 Σωτῆρα
622 299 668 325 καὶ
685 299 786 335 Κύριον
798 301 814 335 ἠ
820 299 876 335 μῶν
889 301 941 335 Ίη-

156 342 218 370 σοῦν
238 343 285 369 τὸν
301 343 417 378 Χριστὸν
431 342 470 378 τῷ
491 343 544 369 τῶν
561 343 711 379 ἀνθρώπων
728 345 880 380 ἐπιλάμψαι
895 345 941 379 γέ-

155 397 214 416 νει’
236 388 291 415 ἰδοὺ
309 389 363 424 γὰρ
384 389 443 415 καθ’
467 390 538 424 ἡμᾶς
554 390 652 422 αὐτοὺς
671 391 872 428 ἀνατέτραπται
891 392 941 427 μὲν

157 435 230 463 πᾶσα
240 434 382 470 δαιμονικὴ
394 435 480 471 πλάνη
489 443 496 450 ·
509 435 672 471 πεπλήρωκε
682 436 711 462 δὲ
724 436 770 471 τὴν
781 437 941 473 οἱκουμένην

157 478 267 506 ἃπασαν
281 479 298 514 ἡ
316 479 462 514 Ἐκκλησία
487 480 616 515 Χριστοῦ,
637 481 682 507 τὸν
701 482 767 507 Θεὸν
789 482 895 518 Ἰσραὴλ
913 484 942 509 ἐν

156 524 231 559 πάσῃ
255 525 289 559 τῇ
313 525 347 559 γῇ
371 523 527 556 δοξάζουσα.
555 526 611 552 Καὶ
633 526 781 562 ἐπειδήπερ
803 527 887 554 ταῦτα
913 528 943 554 τὸ

157 569 270 605 Πνεῦμα
283 569 313 596 τὸ
330 570 406 604 ᾶγιον
417 571 593 606 προφητικῶς
608 571 739 606 μέλλοντα
755 573 863 600 ἔσεσθαι
877 583 942 609 προ-

156 615 297 650 ανιφώνει,
306 617 382 652 χορὸς
389 617 511 651 ἀγγέλων
521 618 651 645 ὑπακούει
661 619 699 654 (ί)
710 621 902 656 συνευχόμενος
909 623 941 656 τῇ

157 663 210 690 τῶν
227 663 397 699 πραγμάτων
412 664 560 698 τελειώσει,
576 665 753 700 πιστούμενός
766 675 795 693 τε
814 667 883 694 αὐτὰ
898 668 944 693 καὶ

157 708 253 744 λέγων’
278 718 287 735 ε
308 709 426 742 Γένοιτο,
444 711 565 744 γένοιτο·
586 721 595 737 ι
619 711 634 746 ἢ
658 712 729 738 κατὰ
748 713 793 739 τὸν
819 713 942 746 ’Λκύλαν,

160 763 170 782 ι
187 755 412 790 πεπιστωμένως,
427 757 653 791 πεπιστωμένως,
673 766 681 782 ι
699 757 714 792 ἢ
728 757 798 784 κατὰ
812 758 857 784 τὸν
870 758 944 793 Σύμ-

159 808 262 836 μαχον·
281 810 290 827 ‹
313 801 398 837 Ἀμὴν
418 803 464 829 καὶ
487 803 560 838 ἀμήν
572 811 579 818 ·
597 812 605 827 ι
624 800 664 834 οἷς
688 802 750 839 ἑξῆς
769 803 922 837 ὲπιλέγεται
936 812 943 818 θ

162 854 171 872 ι
193 845 330 879 Ἐξέλιπον
351 847 430 882 ὕμνοι
459 847 541 874 Δαυῖδ
561 847 606 875 τοῦ
630 848 688 874 υἱοῦ
707 849 814 875 Ἰεσσαί.
840 858 849 874 ι
875 849 944 875 Ἀνθ’

157 887 188 919 οὗ
207 891 222 918 ὸ
237 891 287 927 μὲν
304 892 451 928 Σύμμαχος
466 894 638 929 ἡρμήνευε-εν
652 903 658 908 ι
681 903 689 919 ι
715 894 944 929 Ἐπετελέσθησαν

159 938 310 973 προσευχαὶ
326 938 406 965 Δαυῖδ
426 938 483 965 υἱοῦ
508 939 605 966 Ἰεσσαί
619 947 624 953 ·
640 949 650 965 ι
664 941 678 966 ὁ
692 940 720 966 δὲ
738 940 883 967 Θεοδοτίων
898 942 945 968 κα)⁵

158 982 176 1018 ἡ
192 983 304 1019 πέμπτη
320 984 442 1016 ἕκόοσις·
461 995 469 1010 ι
493 986 779 1022 Ἀνεκεφαλαιώθησαν
796 988 944 1023 προσευχαὶ

157 1028 237 1056 Δαυῖδ
254 1029 311 1056 υἱοῦ
332 1030 438 1057 Ἰεσσαί.
459 1040 467 1056 ι
492 1032 522 1057 0t
539 1031 587 1066 μὲν
603 1029 649 1058 οὖν
666 1032 774 1068 ἄπειροι
798 1033 847 1067 τῆς
868 1034 944 1068 ἀκρι-

158 1073 234 1106 Galam;
245 1074 292 1101 τοῦ
307 1075 519 1111 ἀναγνώσματος
531 1077 579 1111 οὐχ
599 1077 636 1108 ὡς
651 1078 732 1113 μέρος
747 1078 792 1104 τοῦ
805 1079 864 1105 ὅλου
877 1078 944 1113 ψαλ-

159 1120 211 1156 μοῦ
235 1116 393 1156 ἐξειλήφασι
412 1122 452 1153 τὸ,
478 1132 486 1148 ι
514 1123 651 1156 Ἐξέλιπον
678 1123 757 1158 ὕμνοι
781 1124 862 1152 Δαυῖδ
885 1125 942 1152 ι)ἱοῦ

164 1165 276 1193 Ἰεσσαί·
295 1176 305 1192 ι
329 1166 385 1193 ἀλλ’
402 1167 440 1199 ὡς
457 1167 554 1200 ἔξωθεν
569 1169 619 1204 τῆς
634 1170 801 1205 προφητείαις
823 1179 945 1206 παραγε-

158 1211 317 1246 γραμμένον
330 1212 494 1246 ἀνέγνωσαν.
510 1213 542 1239 Αἱ
555 1213 582 1240 δὲ
599 1213 688 1240 λοιπαὶ
705 1215 846 1250 ἑρμηνεῖαι
869 1217 943 1251 καὶὴ

165 1255 296 1292 Ἐσραῖκὴ
317 1257 408 1293 γραφὴ
431 1258 524 1292 σαφῶς
547 1259 721 1295 παρίστησιν,
744 1260 784 1286 ὅτι
800 1261 845 1287 καὶ
858 1261 944 1288 ταῦτα

158 1299 243 1337 μέρος
258 1302 386 1337 τυγχάνει
401 1302 447 1328 τοῦ
463 1303 522 1329 ὅλου
536 1304 652 1339 ψαλμοῦ.
673 1305 780 1341 Ἐπειδὴ
798 1306 852 1342 γὰρ
863 1307 944 1333 Δαυῒδ

158 1346 310 1382 ὁβασιλεὺς
330 1349 358 1375 ὲν
375 1351 537 1385 προσευχαῖς
554 1350 656 1377 ἐτίθετο
674 1352 716 1378 ἀεὶ
728 1352 878 1387 ἐπιλάμψαι
897 1352 944 1379 τοῦ

158 1391 286 1428 Σωτῆρος
310 1394 359 1428 τὴν
381 1395 414 1420 ὲκ
435 1395 591 1431 σπέρματος
616 1397 697 1423 αὐτοῦ
716 1398 945 1434 προφωνουμὲνην

159 1437 280 1472 γένεσιν·
296 1439 398 1474 ταύτης
411 1440 439 1466 δὲ
455 1441 495 1472 είς
506 1440 573 1476 ἔργα
593 1443 743 1479 χωρούσης,
766 1443 860 1478 ἔμελλε
880 1453 946 1480 συμ-

159 1483 327 1521 πληροῦσθαι
339 1485 426 1512 πάντα
437 1486 470 1512 τὰ
482 1489 726 1523 προπειρητευμὲνα
735 1498 741 1504 ·
754 1489 865 1522 εἰκότως
878 1490 945 1525 μετά

159 1530 190 1558 τὺ
205 1531 392 1567 συμπέρασμα
409 1531 462 1558 τῶν
480 1532 701 1568 προλελεγμένων
719 1534 883 1567 ἐπιλέγεται,
906 1535 942 1566 ὡς

988 260 1036 282 tur
1051 255 1127 290 prius
1141 263 1224 291 quam
1233 255 1364 284 Servatur
1377 259 1404 284 et
1418 255 1551 284 Dominus
1579 258 1674 284 noster
1694 255 1775 283 Iesus

990 302 1116 330 Christus
1145 301 1266 329 humano
1291 302 1384 337 generi
1408 302 1531 330 illuceret
1548 309 1554 328 :
1573 309 1638 330 ecce
1658 309 1776 337 namque
1809 316 1811 318 -

990 351 1112 382 tempore
1127 351 1222 376 nostro
1238 355 1351 375 eversus
1363 351 1406 375 est
1418 347 1507 375 omnis
1522 347 1676 375 diabolicus
1686 355 1775 385 error.

992 396 1076 420 totam
1089 401 1154 421 vero
1170 397 1272 421 terram
1285 391 1399 428 replevit
1422 392 1543 422 Ecclesia
1560 393 1676 427 Christi,
1686 392 1776 421 Deum

994 438 1077 467 Israel
1099 439 1127 466 in
1150 443 1208 468 toto
1234 439 1298 467 orbe
1314 439 1400 475 gloria
1413 439 1541 467 alliciens.
1565 438 1598 466 Et
1625 439 1690 475 quia
1718 438 1776 466 hanc

993 485 1111 520 Spiritus
1142 491 1254 513 sanctus
1285 485 1443 521 prophetice
1476 485 1566 512 futura
1601 485 1775 520 praedixerat,

993 533 1096 560 chorus
1122 533 1280 568 angelorum
1306 531 1453 568 respondet
1478 539 1533 559 una
1557 531 1708 567 deprecans
1727 538 1777 566 pro

994 579 1034 607 rei
1048 579 1295 611 consummatione,
1312 579 1414 614 illaque
1431 577 1597 606 conﬁrmans
1614 585 1646 605 ac
1660 577 1774 606 dicens:

996 636 1005 652 ι
1024 625 1094 658 Fiat,
1110 625 1155 652 ﬁat
1169 629 1181 657 ,‘
1195 634 1204 650 ι
1217 624 1274 652 sive
1289 624 1440 652 secundum
1465 624 1603 660 Aquilam,
1621 634 1630 650 ι
1650 623 1777 658 ﬁdeliter,

995 671 1108 698 ﬁdeliter
1121 679 1128 703 ;
1143 679 1152 696 ι
1174 673 1221 697 aut
1239 667 1391 697 seCundum
1415 668 1608 705 Symmachum
1624 677 1631 695 :
1655 677 1665 694 ι
1680 669 1776 701 Amen,

995 724 1082 743 amen.
1101 725 1110 741 ι
1126 715 1209 749 Qua-is
1223 716 1322 744 deinde
1340 715 1467 743 additur:
1481 724 1491 741 ι
1508 714 1672 742 Defecerunt
1685 714 1778 750 hymni

996 759 1080 786 David
1094 759 1140 786 ﬁlii
1157 759 1266 788 Iessaa.«
1279 759 1334 787 Pro
1344 768 1397 795 quo
1408 759 1591 796 Symmachus
1601 759 1781 794 sicinterpre-

996 809 1070 831 tatur
1084 813 1090 830 :
1103 813 1112 830 ‹
1122 804 1251 832 Perfecta:
1262 809 1325 832 sunt
1335 804 1474 832 orationes
1487 803 1572 831 David
1585 803 1632 831 ﬁlii
1647 802 1733 831 Iessae
1745 810 1753 835 ;
1767 810 1778 826 ν

996 849 1148 877 Theodotio
1170 853 1260 877 autem
1291 852 1318 876 et
1343 848 1440 883 quinta
1469 847 1574 874 editio:
1602 845 1782 881 «Recognitae

959 888 981 915 Β
995 901 1060 924 sunt
1071 896 1210 924 orationes
1226 895 1313 922 David
1326 894 1374 922 ﬁlii
1391 894 1484 922 Iessaa.
1495 902 1505 919 ι
1527 892 1580 926 Qui
1592 892 1718 920 lectionis
1732 898 1781 918 ac-

994 941 1164 969 curationem
1189 941 1338 976 ignorant,
1370 939 1428 966 base
1459 938 1542 966 verba
1559 957 1566 969 ,
1594 936 1782 964 «Defecerunt

995 988 1086 1023 hymni
1101 987 1183 1014 David
1202 986 1248 1013 ﬁlii
1261 985 1355 1018 Iessaz,
1369 994 1378 1011 ι
1396 992 1445 1020 pro
1459 988 1535 1020 parte
1549 983 1646 1018 psalmi
1661 990 1716 1010 non
1733 982 1783 1009 ba-

994 1034 1074 1066 bent;
1091 1033 1138 1062 sed
1154 1033 1232 1069 quasi
1255 1040 1312 1060 rem
1337 1036 1414 1060 extra
1439 1030 1611 1066 prophetiam
1625 1032 1652 1056 et
1667 1028 1782 1063 adjecti-

995 1080 1059 1107 tiam
1081 1080 1184 1114 legunt.
1213 1078 1314 1106 Verum
1336 1077 1448 1112 reliquae
1475 1075 1726 1111 interpretationes,
1754 1078 1782 1101 et

994 1126 1054 1160 ipsa
1068 1124 1204 1152 Hebraica
1225 1124 1374 1159 scriptura,
1386 1123 1461 1150 clare
1489 1123 1708 1150 commonstrant
1723 1119 1783 1146 hac

994 1179 1103 1207 quoque
1117 1171 1203 1198 totius
1214 1169 1311 1206 psalmi
1327 1174 1431 1205 partem
1445 1176 1516 1197 esse.
1529 1167 1599 1201 Quia
1608 1166 1681 1195 enim
1696 1164 1782 1192 David

994 1224 1042 1244 rex
1059 1217 1087 1244 in
1102 1216 1277 1244 orationibus
1289 1216 1347 1243 suis
1366 1222 1474 1250 semper
1489 1213 1645 1245 insistebat,
1662 1215 1693 1240 ut
1703 1214 1783 1240 ortus

996 1261 1216 1296 Scrvatoris,qui
1231 1269 1264 1288 ex
1279 1259 1383 1288 semine
1395 1267 1445 1287 suo
1457 1258 1616 1295 proditurus
1637 1260 1707 1290 erat,
1718 1256 1784 1284 illu-

994 1311 1132 1340 eescerct;
1150 1306 1213 1341 quia
1231 1313 1293 1333 cum
1319 1304 1353 1331 ad
1363 1300 1496 1332 'eﬁ‘ectum
1523 1302 1673 1338 perductus
1696 1305 1782 1334 esset,

995 1351 1400 1386 futurumeratutomniaqua:
1425 1349 1453 1377 in
1480 1347 1632 1384 prophetiis
1655 1346 1782 1375 feruntur

995 1397 1193 1433 implerentur;
1211 1396 1274 1431 jure
1290 1399 1352 1431 post
1377 1394 1570 1430 praedictorum
1595 1392 1782 1428 complemen-

995 1447 1053 1471 tum
1068 1443 1188 1475 additur,
1203 1442 1341 1478 perl‘ectas
1356 1446 1383 1469 et
1405 1441 1555 1477 completas
1572 1438 1701 1474 superius
1719 1445 1782 1465 esse

996 1489 1107 1516 Davidis
1131 1488 1280 1516 orationes.
1304 1487 1397 1514 Potest
1419 1486 1503 1514 etiam
1523 1485 1600 1517 illud,
1630 1494 1639 1511 ι
1654 1483 1784 1519 perfectae

996 1540 1060 1563 sunt
1075 1538 1121 1562 aut
1134 1534 1302 1566 defecerunt,
1319 1542 1328 1559 ›
1346 1531 1505 1568 prophetice
1519 1531 1634 1566 intelligi
1645 1530 1783 1559 defutura

957 1555 1029 1584 C‘“;

160 1576 214 1613 ἄρα
237 1577 451 1614 ἐπετελέσθησαν
475 1579 521 1605 καὶ
549 1579 794 1616 συνεπληρώθησαν
822 1581 864 1607 διὰ
889 1582 942 1607 τῶν

995 1576 1116 1617 tempore
1129 1589 1135 1607 :
1147 1588 1210 1608 nam
1238 1579 1345 1615 singula
1360 1586 1420 1614 quae
1444 1578 1570 1613 superius
1585 1581 1782 1605 enumerantur

161 1621 381 1659 προλελεγμένων
399 1624 426 1649 αἱ
445 1623 490 1649 τοῦ
511 1624 592 1650 Δανῖδ
612 1625 767 1660 προσευχαί.
788 1625 902 1653 Δύναται
916 1627 944 1653 δὲ

159 1665 199 1699 τὸ,
217 1676 227 1692 ι
249 1667 462 1703 ἐπετελέσθησαν
484 1669 500 1703 ἢ
525 1669 658 1702 ἐξέλιπον,
675 1681 684 1696 ι
704 1672 880 1707 προφητικῶς
901 1672 945 1699 λέ-

159 1711 254 1746 γεσθαι
269 1714 309 1745 εις
324 1713 451 1748 μέλλοντα
464 1713 557 1749 χρόνον
570 1723 576 1728 ·
588 1715 642 1741 τῶν
654 1715 706 1751 γὰρ
721 1718 944 1753 προκατηριομη-

161 1757 250 1793 μένων
263 1758 376 1785 ἕκαστον
391 1760 534 1795 γενήσεται
547 1761 615 1787 ἐπὰν
631 1762 676 1787 καὶ
691 1763 882 1791 ἐπιτελεσοῶσι
898 1766 945 1792 καὶ

161 1803 395 1840 συμπληρωθῶσιν
414 1805 441 1832 αἱ
465 1807 613 1842 προσευχαὶ
633 1808 713 1834 Δαυῖδ
732 1809 778 1835 τοῦ
801 1810 859 1837 υἱοῦ
878 1811 944 1838 Ἰεσ-

160 1847 215 1876 σαί.
232 1849 418 1885 Εὐκαιρότατα
430 1851 458 1877 δὲ
473 1851 517 1878 διὰ
529 1853 573 1879 τὸν
585 1855 817 1890 προφητευόμενον
830 1857 945 1892 Χριστὸν

159 1893 205 1920 τοῖ’)
228 1894 295 1922 Θεοῦ
316 1896 518 1931 ἐμνημόνευσεν
541 1899 590 1933 οὑχ
614 1899 705 1932 ἁπλῶς
727 1910 736 1926 ‹
751 1901 798 1928 τοῦ
826 1903 916 1935 Δαυῖδ,
933 1913 942 1929 ι

159 1937 228 1966 ἀλλὰ
240 1940 310 1975 μετὰ
326 1941 484 1978 προσθήκης
499 1952 508 1968 ί
525 1943 571 1970 τοῦ
585 1944 642 1970 υἱοῦ
665 1945 776 1973 ἰεσσαί-
798 1957 806 1973 ι
825 1948 867 1974 ἵνα
884 1957 946 1975 συν-

160 1987 271 2024 ἅψωμεν
282 1991 313 2026 τῇ
327 1991 451 2028 παρούσῃ
465 1994 556 2028 γραφῇ
577 1994 626 2029 τὴν
643 1994 753 2022 Ἡσαΐου
768 1997 945 2032 προφητείαν,

159 2035 192 2062 δι’
208 2033 242 2072 ἧς
261 2036 295 2063 τά
310 2037 390 2072 ὃμοια
410 2039 473 2074 περὶ
491 2039 538 2066 τοῦ
555 2040 671 2075 Χριστοῦ
686 2042 842 2074 θεσπίζεται
863 2045 891 2070 ἐν
906 2042 947 2076 οἷς

160 2081 286 2119 ιῐρηται’
303 2093 313 2109 ‹
337 2084 520 2117 Ἐξελεύσεται
544 2086 639 2121 ῥάϐδος
663 2088 695 2114 ὲκ
716 2089 864 2125 τῆςτρίζης
882 2091 947 2117 Ἰεσ-

161 2129 215 2161 σαὶ,
230 2129 277 2156 καὶ
292 2129 371 2162 ἄνθος
384 2132 415 2157 ὲκ
431 2131 480 2166 τῆς
497 2131 574 2167 ῥίζης
590 2134 753 2168 ἀναϐήσεται
765 2144 771 2150 ·
786 2136 833 2162 καὶ
848 2137 947 2163 ἐπανα-

160 2173 293 2201 παύσεται
313 2175 356 2202 ἐπ’
375 2176 456 2203 αὑτὸν
477 2178 507 2203 τὸ
524 2178 635 2213 Πνεῦμα
658 2179 704 2206 τοῦ
726 2180 805 2212 Θεοῦ,
823 2191 832 2206 ι
851 2182 897 2208 καὶ
912 2182 945 2209 τὰ

994 1633 1059 1656 tunc
1066 1627 1202 1661 evenient,
1211 1634 1274 1654 cum
1283 1626 1419 1654 orationes
1426 1624 1535 1652 Davidis
1547 1623 1595 1651 ﬁlii
1605 1623 1689 1652 Iesse
1698 1622 1781 1659 perii--

993 1674 1100 1702 cientur
1107 1678 1134 1702 et
1141 1673 1181 1701 rei
1186 1681 1233 1708 psa
1244 1672 1438 1707 implebantur.
1445 1670 1682 1706 Opportunissime
1690 1673 1783 1697 autem

994 1725 1104 1756 propter
1111 1719 1248 1748 Christum
1259 1718 1307 1746 Dei
1316 1718 1363 1754 qui
1372 1718 1401 1745 in
1412 1717 1542 1745 vaticinio
1548 1715 1706 1749 fertur,non
1716 1714 1783 1742 «Da-

995 1766 1080 1794 vidisn
1092 1770 1198 1794 tantum
1209 1766 1289 1798 dixit,
1303 1764 1350 1792 sed
1359 1772 1422 1792 eum
1433 1764 1485 1792 hoc
1493 1763 1688 1795 additamento,
1708 1771 1718 1787 ι
1734 1761 1783 1788 ﬁlii

994 1812 1092 1847 Iessa;
1104 1823 1113 1840 ι
1138 1816 1167 1840 ut
1184 1812 1249 1839 huic
1270 1811 1422 1846 scripturaa,
1442 1810 1518 1837 Isaias
1537 1809 1706 1845 prophetiam
1718 1808 1784 1836 sub-

993 1860 1140 1895 jungamus
1147 1857 1312 1894 quaesimilia
1319 1857 1353 1884 de
1360 1857 1469 1884 Christo
1477 1855 1651 1887 vaticinatur,
1660 1861 1722 1882 cum
1729 1854 1783 1881 ait:

998 1915 1007 1931 ε
1021 1905 1179 1940 Egredietur
1194 1895 1270 1939 virga
1286 1902 1319 1929 de
1328 1901 1418 1929 radice
1428 1901 1522 1934 Iessaz,
1537 1904 1564 1928 et
1581 1899 1630 1928 llos
1643 1899 1677 1927 de
1691 1898 1784 1926 radice

994 1951 1055 1986 ejus
1081 1949 1224 1981 ascendet,
1248 1952 1274 1975 et
1298 1948 1452 1982 requiescet
1478 1953 1561 1982 super
1575 1953 1638 1973 eum
1663 1944 1783 1979 Spiritus

995 1995 1043 2023 Dei
1055 1996 1094 2027 ⁷⁸,
1108 2004 1117 2021 ι
1138 1998 1165 2022 et
1177 1997 1274 2021 caetera
1285 2012 1293 2025 ,
1319 1992 1420 2028 quibus
1437 1991 1566 2026 adjicitur
1578 2000 1585 2019 :
1605 2000 1613 2016 ι
1629 1990 1662 2016 Ει
1673 1989 1724 2017 erit
1738 1997 1783 2017 ra-

996 2041 1043 2068 dix
1055 2040 1150 2072 Jessaa,
1174 2044 1200 2067 ct
1215 2039 1262 2074 qui
1281 2042 1410 2074 exsurget
1433 2038 1569 2073 imperare
1588 2036 1726 2072 gentibus,
1754 2035 1782 2063 ln

996 2087 1056 2122 ipso
1068 2091 1164 2122 gentes
1181 2085 1333 2120 sperabunt
1348 2085 1383 2111 ⁷τ.
1395 2094 1404 2111 ι
1425 2083 1509 2112 Vides
1527 2083 1600 2111 enim
1618 2091 1675 2119 quo
1703 2087 1784 2120 pacto

995 2133 1040 2160 hic
1052 2140 1099 2168 per
1109 2131 1229 2159 radicem
1243 2130 1327 2158 Iesse
1336 2130 1443 2158 vocatio
1457 2130 1580 2165 gentium
1594 2128 1782 2158 annuntietur.

996 2179 1034 2207 ita
1055 2183 1085 2206 ut
1109 2177 1327 2206 additamentum
1344 2177 1422 2210 illud,
1442 2187 1450 2202 ι
1469 2175 1619 2207 ﬁliiIesste,
1636 2185 1645 2201 ι
1663 2183 1719 2202 non
1727 2174 1784 2202 fru—

159 2219 232 2255 ἑξῆς·
251 2217 292 2252 οἷς
302 2221 467 2256 ἐπιλέγεται·
485 2233 493 2248 ε
510 2224 563 2250 Καὶ
577 2224 652 2251 ἔσται
667 2226 683 2260 ἡ
698 2226 759 2261 ῥίζα
773 2226 818 2252 τοῦ
836 2227 943 2261 Ἰεσσαὶ,

999 2231 1055 2255 stra
1072 2226 1101 2253 in
1126 2225 1178 2253 hac
1204 2224 1346 2260 prophetia
1368 2224 1469 2259 jaceat.
1484 2223 1553 2251 Cum
1574 2226 1666 2250 autem
1679 2221 1783 2249 Christi

159 2265 205 2292 καὶ
219 2266 234 2292 ό
249 2266 426 2302 ἀνιστάμενος
445 2268 539 2304 ἄρχειν
557 2270 652 2303 ἐθνῶν,
671 2272 713 2297 ἐπ’
732 2271 804 2307 αὐτῷ
823 2272 885 2309 ἔθνη
901 2274 945 2300 ὲ).-

158 2310 274 2338 πιοῦσιν.
293 2322 302 2338 ι
324 2313 404 2349 Ὁρᾷς
421 2314 473 2350 γὰρ
489 2315 562 2347 ὅπως
582 2317 628 2343 καὶ
650 2317 764 2343 ἐνταῦθα
777 2317 820 2344 διὸ.
839 2319 888 2353 τῆς
904 2319 944 2354 ῥί-

158 2355 208 2392 ζης
227 2357 325 2384 Ἰεσσαὶ
339 2359 356 2393 ἡ
377 2359 471 2394 κλῆσις
487 2361 540 2387 τῶν
561 2361 644 2387 ἐθνῶν
661 2363 839 2397 ἀναφωνεῖται
851 2372 857 2378 “
874 2364 943 2391 ὥστε

157 2401 196 2438 μὴ
209 2403 296 2439 μάτην
312 2404 379 2440 μηδὲ
398 2406 447 2441 τὴν
462 2407 620 2442 προσθήκην
635 2408 684 2443 τὴν
703 2419 711 2433 ι
730 2408 777 2435 τοῦ
795 2409 853 2436 υἱοῦ
876 2411 942 2436 Ἰεσ-

997 2280 1112 2309 regnum
1121 2276 1148 2300 et
1164 2272 1287 2307 gentium
1306 2271 1414 2300 vocatio
1437 2270 1598 2297 annuntiata
1611 2267 1724 2299 fuerint,
1738 2267 1784 2294 hic

996 2321 1198 2354 peropportune
1216 2317 1378 2344 terminatur
1396 2315 1517 2344 secunda
1535 2322 1600 2350 pars
1617 2313 1680 2341 libri
1702 2314 1782 2341 Psal-

996 2371 1114 2396 morum,
1129 2370 1189 2397 quas
1201 2369 1217 2390 a
1236 2362 1447 2398 quadragesimo
1468 2362 1555 2396 primo
1565 2359 1673 2395 incipit,
1696 2363 1723 2387 et
1755 2359 1784 2387 in

995 2413 1156 2444 praesentem
1170 2408 1304 2444 psalmum
1317 2407 1426 2436 desinit.

156 2449 203 2478 σαὶ
217 2459 227 2476 ι
247 2451 276 2477 ἐν
293 2452 326 2487 τῇ
348 2454 514 2491 προκειμένῃ
537 2455 666 2490 φέρεσθαι
685 2457 845 2493 προφητείᾳ.
863 2458 941 2484 Κατὰ
960 2458 1055 2493 καιρὸν
1076 2457 1105 2483 δὲ
1126 2455 1260 2488 ἐνταῦθα,
1276 2454 1395 2490 Χριστοῦ
1418 2454 1555 2489 βασιλείας
1577 2453 1624 2481 καὶ⁸
1660 2453 1784 2490 κλήσεως

156 2495 240 2522 ἐθνῶν
258 2496 504 2535 εὐαγγελισθεῐσης,
525 2500 554 2526 τὸ
577 2500 700 2536 δεύτερον
726 2501 807 2536 μέρος
826 2502 876 2536 τῆς
899 2502 989 2536 βίϐλου
1012 2502 1066 2528 τῶν
1079 2500 1201 2536 Ψαλμῶν
1216 2499 1438 2535 περιγράφεται,
1472 2498 1621 2535 ἀρξάμενον
1647 2499 1697 2534 μὲν
1730 2501 1784 2527 ἀπὺ

158 2541 264 2578 πρώτου
286 2544 334 2569 καὶ
357 2545 587 2580 τεσσαρακοστοῦ.
613 2546 766 2581 καταλῆξαν
787 2548 814 2574 δὲ
837 2549 875 2579 εἰς
897 2548 941 2574 τὸν
962 2547 1030 2583 μετά
1047 2548 1150 2582 χεῖρας.

159 2598 224 2627 ΤΩΝ
249 2600 566 2628 ΕΠΙΓΕΓΡΑΜΜΕΝΩΝ
590 2603 659 2629 ΤΟΥ
682 2604 769 2630 ΔΣΑΦ
795 2605 943 2631 ΨΛΛΜΩΝ

440 2637 472 2662 ΔΙ
494 2637 667 2665 ΠΕΡΙΟΧΛΙ.

535 2683 574 2708 Α’.

188 2724 221 2752 ΟΞ
229 2726 277 2753 τοῦ
291 2727 386 2762 Ἀονὰρ
396 2728 626 2763 ἐπιγεγραμμένοι
640 2731 692 2757 εἰοὶ
704 2731 753 2766 μὲν
769 2731 814 2758 τὸν
830 2731 945 2767 ἀριθμου

185 2804 212 2831 1⁸
224 2806 276 2831 lsa.
292 2805 373 2836 n.1,
411 2806 434 2821 ⁷⁷
454 2806 519 2834 ibid.
541 2807 584 2834 10.

1047 2603 1265 2631 ARGUMENTA
1283 2602 1497 2630 PSALMORUM
1518 2602 1576 2636 QUI
1602 2603 1728 2631 ASAPll-l

1256 2637 1527 2667 lNSCRIBUNTUR.

1377 2682 1398 2710 Ι.

1031 2731 1129 2759 Psalmi
1141 2731 1188 2766 qui
1199 2730 1300 2765 Amp/ri
1313 2729 1501 2758 inscribuntur
1513 2730 1655 2758 duodecim
1667 2737 1782 2759 numero

189 2860 227 2894 (Ι)
254 2860 425 2895 Ὑπακούιιν,
438 2862 465 2890 id
478 2867 518 2891 est
534 2865 695 2891 respondere.
710 2862 777 2891 Vide
792 2863 818 2891 in
835 2862 943 2891 Onomm

993 2871 1004 2890 ο
1019 2862 1052 2891 ad
1073 2862 1161 2898 Opera
1175 2862 1202 2891 S.
1220 2862 1373 2892 Athanasii.
