2024 3214
249 132 303 159 825

586 131 720 161 EUSEBI]
740 133 982 164 CIESARIENSIS
999 134 1075 163 OPP.
1095 134 1186 162 PARS
1205 134 1248 163 Ill.
1264 151 1300 156 ——
1316 136 1522 165 EXEGETICA.

1821 137 1871 164 824

249 193 314 218 sunt
331 189 386 226 (Ι),
403 197 520 225 quorum
543 199 614 219 unus
635 200 650 219 a
667 193 781 229 reliquis
798 194 926 223 undecim
942 195 1024 231 sejun

1087 195 1130 227 ιϐ’,
1144 193 1247 222 τούτων
1262 196 1290 222 δὲ
1305 193 1561 232 εἴςιάπεσχοινισται
1585 198 1633 232 τῆς
1658 197 1712 223 τῶν
1726 198 1871 232 προκειμέ-

246 239 320 266 ctus,
330 243 362 263 ac
375 241 438 264 ante
448 236 703 273 quinquagesimum
714 240 881 268 constitutus
892 244 944 269 est.
963 242 1036 274 Qua-

247 281 418 316 dragesimus
435 289 522 309 nonus
536 283 627 318 itaque
640 284 762 318 psalmus
775 285 875 320 ΑειιρΙιὶ
888 287 1035 322 inscriptus

246 328 303 354 ost.
320 325 399 360 cujus
417 327 454 354 rei
470 335 580 355 causam
592 347 599 358 .
615 329 704 363 qualis
720 332 777 356 tum
794 331 987 364 succurrebat,
1006 332 1034 360 in

245 371 305 405 ejus
322 372 492 406 expositione
513 373 668 401 retulimus.
694 373 802 403 Primus
822 380 912 404 autem
931 377 1032 413 Asaphi

244 417 385 451 psalmus,
411 418 444 446 de
465 426 520 453 quo
542 418 599 452 jam
617 419 717 454 agitur,
744 422 904 457 propincum
930 423 1034 451 inducit

244 461 346 497 ingenti
364 463 546 490 admiratione
562 467 672 498 captum
687 465 720 493 de
737 466 944 502 longanimitate
959 469 1031 504 opti-

243 509 280 535 mi
305 508 368 540 Dei,
392 509 480 544 deque
501 509 562 543 ejus
578 517 642 545 erga
658 511 756 546 impios
773 513 935 546 tolerantia,
954 515 1033 543 ittm-

243 562 298 588 que
315 553 350 581 de
366 555 446 582 venia
464 555 642 590 peccantibus
658 564 800 586 concessa.
816 558 874 592 Qua
890 559 924 587 de
938 568 967 588 re
980 561 1030 588 ob-

243 604 418 635 stupescens,
431 608 492 628 sese
509 605 537 627 ut
566 602 766 636 pusillanimem
781 611 813 631 ac
827 613 896 639 pene
910 614 1031 634 commo-

242 649 318 678 tum,
335 650 417 681 atque
431 647 528 674 animae
543 655 639 682 gressu
654 657 780 677 eversum
795 652 938 687 coarguit;
957 653 1030 688 quod

241 692 345 720 videret
362 693 507 728 impiorum
524 697 550 721 et
570 695 712 723 atheorum
735 696 876 726 hominum
898 707 942 727 res
966 708 1030 734 pro-

240 748 319 776 spere
334 741 441 770 cedere.
461 743 596 771 Caeterum
612 748 757 780 postquam
776 746 803 773 in
820 747 955 782 principio
971 756 1028 775 rem

240 795 312 823 aegre
328 787 401 816 ferre
417 789 494 816 visus
512 789 600 817 fuerat
611 810 617 821 ,
637 790 663 818 in
681 793 860 826 sequentibus
877 793 1028 822 infaustum

238 841 334 861 eorum
354 835 455 862 exitum
483 836 648 864 vaticinatur
672 838 787 866 dicens:
818 839 940 874 Dejecisli
965 849 1026 873 eos,

238 880 302 907 dum
320 880 518 909 extollerentur.
547 882 684 915 Quomodo
703 885 769 919 facti
788 892 851 913 sunt
871 888 899 914 in
920 888 1026 916 desola-
1044 871 1064 899 Β

239 927 335 954 tionem
350 926 437 954 subito
449 930 461 955 ἕ)
476 927 646 962 Defecerunt,
665 931 799 964 perierunt
812 938 919 967 propter
933 935 1027 961 incon-

237 971 426 1000 siderationem
441 981 518 1000 suam
535 974 568 1006 ⁷⁸,
584 979 611 1001 et
626 983 687 1010 quae
701 981 864 1012 sequuntur.

273 1074 417 1103 Secundus
435 1076 468 1104 de
486 1084 540 1111 qua
554 1085 646 1105 rerum
662 1079 820 1108 conditione
843 1081 869 1108 in
885 1083 975 1117 primo
988 1084 1027 1112 di-

236 1123 310 1148 ctum
326 1121 362 1148 sit
375 1122 472 1149 edocet
482 1142 489 1155 ,
503 1123 648 1158 deplorans
661 1129 826 1160 postremam
839 1126 1024 1157 Romanorum

235 1170 358 1202 tempore
377 1167 554 1205 Jerosolymte
573 1171 743 1199 obsidionem
757 1193 764 1205 ,
785 1173 1026 1212 obsidentiumque

236 1218 329 1242 motus
345 1219 371 1242 et
384 1220 460 1250 gesta
475 1216 598 1244 declarat
610 1217 653 1245 his
669 1219 760 1247 verbis
773 1230 780 1247 :
801 1220 898 1256 Ulquid
912 1242 918 1254 .
938 1222 1023 1256 Deus,

235 1261 358 1294 repulisti
375 1261 402 1288 in
420 1262 517 1296 ﬁnem,
534 1263 622 1291 iratus
638 1270 676 1292 est
696 1266 773 1300 furor
791 1272 852 1294 tuus
873 1277 951 1302 super
967 1278 1024 1297 oves

235 1313 342 1339 pascua!
359 1310 411 1333 tum
422 1308 434 1334 ?
445 1307 546 1342 quibus
562 1308 657 1342 adjicit
674 1319 681 1336 τ
703 1310 788 1343 Quasi
808 1311 834 1338 in
855 1311 922 1338 silva
942 1312 1026 1348 ligno-

235 1359 295 1379 rum
315 1352 450 1380 securibus
469 1354 624 1382 exciderunt
639 1355 740 1391 januas
761 1357 818 1391 eius
839 1359 866 1385 in
891 1359 1023 1393 idipsum,

234 1398 263 1426 in
277 1399 364 1426 securi
377 1404 401 1426 et
417 1401 491 1427 ascia
506 1399 657 1435 dejecerunt
676 1411 745 1429 eam.
768 1403 947 1432 Incenderunt
965 1406 1025 1441 igne

234 1446 416 1473 sanctuarium
433 1451 528 1480 tuum;
542 1448 643 1484 quibus
657 1448 753 1476 iterum
768 1450 924 1486 subjungit:
941 1451 1024 1486 Signa

234 1495 327 1517 nostra
343 1499 394 1518 non
410 1492 539 1525 vidimus,
554 1493 614 1528 jam
632 1501 684 1520 non
705 1499 746 1521 est
764 1494 909 1529 propheta,
931 1500 956 1522 et
975 1504 1023 1522 nos

233 1544 286 1564 mm
302 1543 437 1572 cognoscet
453 1539 568 1574 amplius
582 1540 615 1566 τ’.
632 1540 699 1568 Nam
715 1541 787 1576 quod
801 1540 884 1574 dicit,
901 1546 1023 1577 tempore

233 1583 387 1611 obsidionis
404 1584 486 1613 istius
501 1586 649 1621 prophetas
667 1596 722 1614 non
737 1588 894 1622 exstitisse;
912 1588 939 1616 id
957 1596 1024 1616 sane

233 1629 365 1663 postremi
381 1637 476 1657 eorum
493 1632 591 1659 excidii
608 1638 799 1667 argumentum
815 1638 866 1661 est.
883 1634 946 1662 Haec
959 1643 1024 1662 vero

233 1677 417 1708 congruenter
434 1679 496 1709 post
511 1677 704 1708 praedictiones
719 1680 753 1706 dc
767 1679 878 1707 Christo
894 1680 1023 1715 superius

232 1718 392 1747 enuntiatas
404 1721 493 1754 posita
506 1726 580 1749 sunt.
595 1721 664 1756 Quia
678 1724 750 1751 enim
766 1725 855 1759 ipsum
868 1726 1022 1754 venientem

233 1769 290 1793 non
306 1769 490 1799 acceperunt,
508 1768 668 1795 necessario
687 1776 746 1795 eam
758 1788 765 1800 ,
786 1777 847 1804 qua:
866 1774 927 1804 post
945 1775 1022 1798 tanta

232 1807 261 1835 in
278 1808 418 1837 Christum
436 1809 559 1840 facinora
574 1813 650 1848 ipsos
667 1814 768 1843 invasit
779 1835 786 1848 ,
806 1816 936 1844 ultionem
953 1817 1022 1844 vati-

232 1853 350 1884 cinatur.

601 2002 644 2029 Ill.

267 2040 376 2072 Tertius
395 2045 498 2081 Asaphi
518 2048 641 2082 psalmus
660 2050 687 2077 in
708 2050 789 2079 flnem
816 2053 933 2080 remittit
956 2062 1018 2082 eum

231 2086 278 2132 qui
294 2087 386 2122 priora
401 2090 498 2125 legerit
512 2112 519 2124 ,
535 2092 716 2130 hortaturque
730 2105 762 2123 ne
776 2097 912 2132 disperdat
927 2100 962 2126 ⁸⁸.
979 2100 1019 2127 Ad

231 2131 289 2159 hmc
302 2137 392 2160 autem
406 2135 502 2163 titulus
515 2138 649 2172 psalmum
664 2146 688 2167 et
701 2141 839 2169 canticum
853 2142 943 2178 ipsum
957 2152 1019 2172 esse

230 2176 368 2211 declarat,
385 2180 450 2214 quia
465 2189 560 2210 eorum
577 2184 623 2218 qui
642 2184 669 2211 in
684 2185 825 2214 Christum
842 2176 1019 2217 crediderunt

229 2224 381 2258 gratiarum
409 2228 544 2256 actionem
570 2231 774 2266 complectitur.
800 2233 929 2262 Divinum
953 2236 1018 2264 item

226 2268 360 2304 judicium
373 2278 507 2301 memorat
516 2294 523 2307 ,
537 2281 684 2311 narratque
697 2278 833 2312 quomodo
844 2281 1019 2309 constituerit

229 2314 300 2342 dicm
311 2316 409 2351 judicii
419 2339 426 2351 ,
440 2327 494 2354 quo
505 2319 600 2349 reddet
612 2322 760 2358 unicuique
772 2325 923 2353 secundum
935 2334 1017 2361 opera

228 2362 307 2396 eius,
329 2363 366 2390 ita
388 2368 417 2392 ut
442 2365 489 2401 qui
513 2367 540 2394 in
564 2370 691 2404 praesenti
707 2371 763 2397 vita
778 2372 909 2399 aerumnis
926 2372 1017 2401 afﬂicti

228 2406 350 2441 fuerint,
367 2409 458 2438 futura
477 2411 505 2439 in
526 2412 581 2441 Deo
597 2415 717 2450 reposita
733 2424 782 2451 spe
796 2425 851 2444 non
867 2418 1015 2453 excidant;

229 2453 277 2487 qui
294 2462 360 2482 vero
381 2456 432 2484 hoc
449 2461 571 2493 tempore
586 2461 650 2487 elati
673 2467 768 2489 contra
784 2462 923 2492 Christum
939 2473 1017 2493 arro—

229 2503 326 2533 ganter
340 2503 462 2535 egerint,
479 2503 610 2532 ultionem
632 2505 660 2533 in
677 2507 769 2534 l'utnra
785 2508 840 2535 vita
856 2517 912 2537 non
931 2509 1017 2538 decli—

228 2549 304 2572 nent.
327 2545 498 2583 Quapropter
517 2558 551 2577 ex
572 2559 688 2586 persona
711 2555 917 2589 apostolorum,
933 2555 1016 2584 disci-

228 2591 355 2626 pulorum
371 2596 398 2619 et
418 2597 648 2632 evangelistarum
672 2599 824 2629 Salvatoris
845 2602 935 2630 nostri
957 2603 1015 2631 hac

227 2638 388 2672 pronuntiat
403 2647 410 2666 :
427 2639 615 2675 Conﬁtebimur
630 2646 678 2672 tibi
688 2667 694 2677 ,
706 2646 789 2679 Deus,
802 2652 826 2674 et
838 2648 1016 2676 inuocabimus

226 2692 320 2712 nomen
335 2689 419 2713 tuum.
433 2685 471 2714 De
482 2687 516 2716 iis
528 2697 594 2717 vero
605 2691 652 2726 qui
666 2691 692 2718 in
706 2691 875 2722 Salvatorem
889 2698 1016 2723 nostrum

1086 251 1139 268 νων
1156 245 1189 268 ια’
1203 243 1358 277 συναφείας,
1374 243 1572 271 κατατέτακται
1591 243 1619 270 δὲ
1635 243 1687 279 πρὸ
1705 243 1752 270 τοῦ
1768 247 1789 269 ν’
1804 243 1872 278 ψαλ-

1087 288 1188 323 μοῦ.”0
1203 288 1268 323 γοῦν
1294 289 1335 324 μθ¹
1351 290 1551 326 ἐπιγέγραπται
1573 290 1625 317 τοῦ
1647 290 1753 324 Ἀσάφ·
1772 290 1822 325 τὴν
1845 290 1871 317 δὲ

1085 335 1272 362 ὑποπεσοῦσαν
1296 337 1361 372 ἡμίν
1384 337 1473 364 αἰτίαν
1495 337 1558 369 τοὺς
1581 337 1678 368 τόπους
1697 337 1869 372 διηγούμενοι

1084 381 1292 418 παρεθήκαμεν.
1306 383 1420 417 Εἰοάγει
1434 383 1462 410 δὲ
1478 384 1492 410 6
1510 383 1579 419 μετὰ
1592 385 1685 419 χεῖρας
1701 383 1811 419 πρῶτος
1833 383 1870 410 ὢν

1082 427 1130 454 τοῦ
1147 427 1243 463 Ἀσάφ,
1255 428 1300 455 τὸν
1314 430 1454 465 προφήτην
1468 429 1712 465 ὐπερθαυμάζοντα
1723 429 1752 455 τὸ
1767 430 1870 465 μακρό-

1083 473 1168 509 θυμον
1184 474 1230 500 τοῦ
1247 475 1403 509 παναγάοου
1419 475 1498 506 Θεοῦ,
1518 475 1565 502 καὶ
1582 475 1630 510 τὴν
1646 475 1692 501 ἐπὶ
1704 477 1759 507 τοῖς
1774 475 1870 502 ἀσεεέ-

1084 528 1126 546 σιν
1140 519 1314 554 ἀνεξικακίαν
1328 521 1421 553 αὑτοῦ,
1437 522 1485 557 τήν
1499 530 1528 548 τε
1543 521 1712 557 ἐνδιδομένην
1728 521 1871 557 συγχώρη·

1082 575 1125 594 σιν
1148 569 1201 599 τοῖς
1216 568 1418 603 ἁμαρτάνουσιν
1429 576 1435 583 ’
1451 568 1483 604 ἣν
1498 567 1793 603 ὑπερεκπληττόμενος,
1807 567 1870 593 ἑαυ-

1081 613 1127 640 τοῦ
1142 616 1292 650 κατηγορεῖ
1305 615 1342 646 ὡς
1353 614 1576 650 ὀλιγοψυχοῦντος
1586 614 1633 641 καὶ
1646 613 1743 650 μικροῦ
1756 614 1812 641 δεῖν
1823 623 1870 641 σα-

1081 659 1231 691 λευθέντος,
1243 660 1350 696 καὶτῆς
1367 661 1454 696 ψυχῆς
1471 661 1520 692 τὰς
1536 661 1628 695 βάσεις
1643 660 1868 696 περιτραπέντος,

1080 706 1113 732 δι’
1124 706 1156 737 ἂς
1171 705 1244 742 ἐώρα
1254 706 1308 733 τῶν
1318 707 1422 734 ἀσεϐῶν
1434 707 1480 734 καὶ
1492 707 1579 734 ἀθέων
1589 707 1692 743 ἀνδρῶν
1704 707 1869 741 εὐπραγίας.

1081 752 1153 787 Πλὴν
1177 752 1401 788 ἀποδυσπετήσας
1425 754 1454 779 ὲν
1479 755 1535 785 τοῖς
1558 753 1684 789 πρώτοις,
1700 753 1801 788 προῖὼν
1819 753 1870 788 τὴν

1079 798 1269 834 καταστροφὴν
1284 799 1374 826 αὐτῶν
1387 799 1508 831 θεσπίζει
1518 799 1605 834 λέγων
1615 808 1621 815 ·
1634 799 1802 832 Κατέόαλες
1813 800 1869 826 αὐ-

1079 844 1150 877 τοὺς
1165 846 1200 872 ἐν
1214 845 1253 877 τῷ
1265 844 1441 880 ἐπαρθῆναι.
1458 845 1524 878 Πῶς
1542 844 1680 880 ἐγένοντο
1697 846 1740 878 εις
1758 845 1871 879 ἐρ-ήμιὼ

1078 899 1130 918 ση-
1143 892 1270 924 ἐξάπιιπ
1279 900 1287 923 ;
1297 891 1464 923 Ἐξέλιπον,
1480 890 1635 918 ἀπώλοντο
1647 891 1695 918 διὰ
1708 891 1766 925 τὴν
1781 891 1871 918 ἀδου-

1076 935 1149 962 λίαν
1162 935 1273 968 αὐτῶν,
1290 936 1337 962 καὶ
1353 935 1388 962 τὰ
1403 936 1508 967 τούτοις
1522 935 1666 962 ἀκόλουθα.

1452 1036 1490 1063 B'.

1118 1081 1146 1107 '0
1159 1080 1283 1117 δεῦτερος
1294 1081 1339 1107 ἐπὶ
1356 1081 1445 1113 ποίαις
1456 1081 1646 1117 περιστάσεσιν
1658 1080 1692 1108 τὰ
1701 1081 1731 1107 ὲν
1740 1080 1780 1116 τῷ
1792 1089 1871 1114 πρω-

1076 1135 1115 1162 τῳ
1131 1127 1242 1154 λέλεκτο
1254 1127 1385 1160 διδάσκει,
1401 1127 1602 1163 ἀποδυρόμενος
1621 1127 1670 1162 τῆς
1688 1126 1870 1162 Ἰερουσαλὴμ

1075 1173 1125 1208 τὴν
1141 1173 1258 1208 ἐσχάτην
1274 1173 1441 1209 πολιορκίαν,
1459 1174 1492 1209 ἦν
1508 1173 1640 1200 πέπονθεν
1660 1173 1707 1200 ἐπὶ
1723 1173 1778 1199 τῶν
1800 1173 1870 1200 Ῥω-

1078 1218 1183 1253 μαϊκῶν
1198 1218 1313 1254 χρόνων,
1329 1219 1470 1254 σημαίνων
1492 1227 1522 1245 τε
1545 1219 1594 1254 τὴν
1616 1219 1799 1246 ἐπανάστασιν
1811 1218 1870 1245 τῶν

1075 1264 1120 1290 τὸν
1144 1263 1225 1290 τόπον
1248 1263 1500 1300 πολιορκησάντων·
1515 1265 1530 1291 ὃ
1542 1265 1573 1301 δὴ
1591 1266 1739 1301 παρίστησι
1756 1265 1846 1300 φήσας
1857 1274 1866 1281 ·

1077 1310 1141 1336 Ἵνα
1148 1310 1186 1341 τί,
1202 1311 1218 1337 ό
1231 1309 1313 1342 Θεὸς,
1322 1310 1430 1337 ἀπώσω
1443 1312 1487 1343 εις
1494 1311 1590 1344 τέλος,
1603 1311 1732 1346 ὀῳγίσθη
1744 1313 1761 1338 ὁ
1772 1311 1871 1345 θυμός

1075 1363 1133 1382 σου
1154 1356 1202 1382 ἐπὶ
1223 1357 1354 1390 πρόϐατα
1375 1356 1471 1392 νομῆς
1494 1365 1568 1389 o'ov;
1585 1355 1633 1389 Οἷς
1649 1357 1712 1392 ἑξῆς
1726 1358 1846 1392 ἐπιλέγει
1859 1367 1867 1373 ·

1080 1401 1128 1434 Ὠς
1137 1403 1172 1428 ἐν
1183 1401 1282 1437 δρυμῷ
1297 1403 1398 1435 ξύλων
1409 1403 1527 1436 ἀξίναις
1540 1403 1691 1438 ἐξέκοψαν
1705 1404 1757 1436 τὰς
1774 1404 1871 1438 θύρας

1074 1448 1170 1483 αὐτῆς
1182 1448 1231 1475 ἐπὶ
1245 1448 1278 1475 τὸ
1292 1449 1375 1480 αὐτὸ,
1388 1449 1422 1476 ἐν
1437 1449 1545 1476 πέλυκι
1559 1449 1607 1476 καὶ
1621 1449 1805 1484 λαξευτηρίῳ
1814 1459 1871 1477 κα-

1075 1494 1220 1529 τέρραξιιν
1230 1494 1335 1529 αὐτήν.
1345 1495 1540 1529 Ἐι-επύρισαν
1548 1496 1583 1522 ἑν
1594 1495 1665 1530 πυρὶ
1681 1495 1713 1522 τὸ
1725 1496 1870 1530 ἀγιαστή-

1072 1540 1140 1575 ριόν
1155 1548 1213 1568 σου
1223 1549 1229 1556 '
1244 1538 1284 1572 οἷς
1297 1538 1374 1572 αὖθις
1391 1540 1512 1575 ἐπιλέγει
1523 1550 1529 1556 ·
1543 1541 1580 1568 Τὰ
1590 1541 1698 1576 σημεῖα
1711 1540 1796 1575 ἡμῶν
1809 1543 1869 1569 οὐκ

1073 1586 1202 1621 εἴδομεν·
1218 1588 1273 1614 οὐκ
1296 1586 1382 1613 ἔστιν
1404 1586 1448 1613 ἔτι
1475 1587 1640 1621 προφήτης,
1656 1587 1703 1614 καὶ
1726 1586 1804 1621 ἡμᾶς
1829 1588 1870 1615 οὐ

1074 1631 1219 1666 γνώσεται
1231 1632 1275 1659 ἔτι
1284 1641 1291 1647 ·
1305 1631 1343 1667 τῷ
1355 1632 1409 1667 γὰρ
1425 1633 1538 1666 φάσκειν
1555 1633 1654 1668 μηκέτι
1666 1633 1808 1669 προφήτας
1818 1642 1869 1667 γε-

1074 1677 1182 1711 γονέναι
1198 1677 1268 1704 κατά
1283 1677 1332 1713 τὴν
1348 1678 1514 1713 δηλουμένην
1528 1678 1684 1714 πολιορκίαν
1704 1681 1816 1714 σημεῖον
1830 1677 1870 1714 ἦν

1072 1722 1122 1757 τῆς
1138 1723 1255 1758 ὑστάτης
1280 1723 1368 1750 αὐτῶν
1393 1724 1705 1756 ἀποπτώσεως.’⁷Επεται
1728 1725 1756 1751 δὲ
1778 1724 1868 1752 ταῦτα

1074 1768 1177 1804 σφόδρα
1191 1768 1344 1801 ἀκολούθως
1359 1771 1420 1802 ταῖς
1435 1769 1479 1796 διὰ
1498 1769 1552 1796 τῶν
1568 1769 1722 1805 ἔμπροσθεν
1738 1770 1803 1805 περὶ
1816 1770 1867 1797 τοῦ

1072 1813 1191 1849 Χριστοῦ
1208 1814 1360 1849 λεχθεεσαις
1375 1815 1570 1851 προρρήσεσιν.
1581 1815 1688 1850 Ἐπειδὴ
1704 1815 1758 1851 γὰρ
1773 1815 1868 1842 ἐλθόν-

1071 1866 1105 1886 τα
1116 1860 1198 1886 αὑτὸν
1212 1860 1249 1896 μὴ
1261 1861 1451 1896 παρεδέξαντο,
1464 1862 1620 1896 ἀναγκαίως
1633 1862 1682 1898 τὴν
1697 1861 1869 1890 ἐπελθοῦσαν

1072 1906 1164 1937 αὐτοῖς
1177 1906 1262 1942 ὀργὴν
1280 1907 1350 1942 μετὰ
1371 1907 1404 1934 τὰ
1420 1908 1480 1935 κατ’
1493 1907 1575 1935 αὐτοῦ
1590 1908 1758 1943 τολμηθέντα
1772 1908 1868 1942 αὐτοῖς

1072 1949 1205 1982 θεσπίζει.

1445 2009 1482 2036 I".

1111 2053 1140 2079 Ὀ
1155 2053 1246 2090 τρίτος
1259 2053 1304 2081 τοῦ
1325 2054 1410 2090 ’Λσὰφ
1426 2056 1466 2087 εἰς
1479 2055 1596 2087 τὸτέλος
1610 2056 1792 2092 παραπέμπει
1817 2057 1867 2084 τὸν

1070 2100 1126 2130 τοῖς
1142 2099 1285 2135 προτέροις
1300 2101 1507 2136 ὲντετυχηκότα,
1525 2102 1571 2127 καὶ
1591 2103 1719 2138 παραινεῖ
1737 2101 1785 2136 μὴ,
1798 2102 1864 2129 δια-

1070 2144 1195 2178 φθεῖραι.
1205 2145 1367 2181 Ἑπιγράφει
1380 2155 1410 2173 τε
1425 2146 1493 2183 πρὸς
1505 2147 1620 2179 τούτοις,
1638 2148 1679 2174 ὅτι
1696 2148 1742 2174 καὶ
1755 2148 1865 2183 ψαλμὺς

1071 2191 1113 2226 εἴη
1139 2191 1186 2217 καὶ
1208 2191 1281 2227 ᾡδή-
1299 2191 1391 2227 ἐπειδὴ
1418 2192 1539 2228 περιέχει
1561 2194 1737 2229 εὐχαριστίαν
1751 2194 1805 2221 τῶν
1821 2196 1864 2227 εις

1071 2236 1117 2263 τὸν
1141 2237 1257 2272 Χριστὸν
1273 2238 1502 2264 πεπιστευκότων.
1520 2238 1575 2265 Καὶ
1597 2239 1646 2275 τὴν
1669 2239 1715 2266 τοῦ
1735 2239 1803 2266 Θεοῦ
1824 2240 1865 2266 δι-

1071 2284 1243 2319 καιοκρισίαν
1258 2284 1405 2321 παρίστησι
1419 2285 1550 2312 διδάσκων
1572 2287 1647 2318 ὅπως
1670 2287 1784 2323 ἔστησεν
1797 2288 1864 2324 ὴμέ-

1073 2338 1122 2364 ραν
1139 2331 1266 2366 κρίσεως,
1283 2328 1341 2368 ὲνῇ
1357 2331 1490 2359 ἀποδώσει
1512 2333 1619 2368 ἑκάστῳ
1642 2333 1714 2360 κατὰ
1737 2333 1771 2362 τὰ
1793 2334 1863 2369 ἔργα

1071 2375 1164 2404 αὑτοῦ.
1179 2377 1233 2403 Καὶ
1248 2377 1310 2404 οὔτε
1326 2379 1350 2404 οι
1365 2378 1436 2405 κατὰ
1453 2378 1500 2405 τὸν
1513 2379 1634 2415 παρόντα
1651 2379 1708 2414 βίον
1720 2380 1862 2416 κακούμε-

1070 2430 1110 2448 νοι
1122 2424 1171 2458 τῆς
1189 2423 1263 2459 παρὰ
1276 2423 1314 2460 τῷ
1331 2423 1390 2460 Θεῷ
1407 2424 1557 2461 μελλούσης
1572 2425 1678 2458 ἐλπίδος
1692 2426 1863 2453 ἀπο-πεσοῦν-

1069 2477 1125 2501 ται,
1135 2468 1191 2495 οὗθ’
1200 2470 1224 2495 οἱ
1239 2469 1308 2496 κατὰ
1324 2469 1368 2496 τὸν
1378 2471 1513 2497 ἐνεστῶτα
1529 2471 1624 2507 καιρὸν
1637 2471 1800 2507 ἐπαρθέντες
1813 2472 1862 2498 καὶ

1070 2514 1366 2551 καταλαζονευσάμενοι
1387 2516 1434 2543 τοῦ
1450 2517 1568 2552 Χριστοῦ
1583 2516 1755 2553 ἀτιμώρητον
1769 2517 1859 2550 ἕξουσι

1068 2560 1112 2587 τὸν
1133 2561 1201 2595 μετὰ
1218 2562 1304 2588 ταῦτα
1320 2562 1385 2597 βίον.
1400 2563 1445 2590 Διὸ
1467 2564 1498 2591 ἐκ
1520 2563 1664 2600 προσώπου
1682 2565 1730 2599 μὲν
1741 2564 1797 2590 τῶν
1812 2563 1858 2590 τοῦ

1069 2605 1194 2641 Σωτῆρος
1206 2606 1286 2641 ἡμῶν
1300 2607 1455 2635 ἀποστόλων
1468 2609 1515 2636 καὶ
1538 2609 1667 2645 μαθητῶν
1682 2610 1729 2636 καὶ
1744 2609 1859 2643 εὐαγγε-

1068 2650 1167 2677 λιστῶν
1189 2652 1326 2687 ἀναφωνεῑ
1353 2654 1398 2681 τό·
1421 2655 1716 2691 Ἐξομολογησόμεθά
1746 2662 1817 2687 σοι,
1841 2655 1858 2681 ὁ

1071 2697 1153 2730 Θεὸς,
1165 2698 1214 2725 καὶ
1235 2699 1474 2736 ἐπικαλεσάμεθα
1487 2701 1521 2729 τὸ
1540 2701 1634 2737 ὄνομά
1645 2709 1720 2729 σου·
1749 2701 1813 2738 περὶ
1829 2698 1857 2727 δὲ

261 2764 284 2779 ⁷³
307 2763 379 2792 Psal.
391 2772 476 2798 Lxxn,
497 2766 541 2799 18,
556 2767 599 2795 l9.
636 2769 659 2784 τ’
673 2769 745 2799 Psal.
759 2779 856 2805 Lxxni,
870 2773 924 2801 1-9.
965 2773 988 2789 '°
1003 2773 1023 2802 P

1075 2781 1178 2810 txxtv,
1189 2774 1213 2802 Ι.

263 2855 300 2889 (ί)
319 2854 383 2882 \‘ide
397 2863 480 2891 supra
500 2856 532 2884 ad
551 2857 620 2893 psal.
636 2865 697 2887 uix
717 2858 802 2886 initio.
