2024 3214
122 135 172 164 825

687 132 939 162 COMMENTARIA
960 131 994 159 IN
1009 130 1180 159 PSALMOS.

1251 90 1366 157 αημ

1702 129 1755 157 826

122 195 175 222 τῶν
187 195 222 222 τὰ
237 195 308 222 κατὰ
321 194 366 222 τοῦ
380 195 593 232 Σωτῆροςὴμῶν
605 195 800 232 τολμησάντων
813 197 916 231 προῖων

980 193 1033 220 alia
1049 201 1110 220 ausi
1127 196 1192 220 sunt
1208 191 1259 220 sub
1278 192 1335 219 htec
1351 191 1445 227 adjicit
1462 201 1468 219 :
1485 191 1550 218 Dixi
1564 190 1662 226 iniquis
1674 197 1685 217 :
1701 189 1760 216 No-

125 242 218 276 ὲπὰγει
235 242 275 268 τόν
293 240 372 268 Εἶπα
388 241 449 274 τοῖς
467 242 694 277 παρανομοῦσν
717 241 766 276 Μὴ
791 249 917 276 παρανο-

122 289 211 324 μεῑτε,
227 288 276 314 καὶ
300 287 363 320 τοῖς
383 287 604 322 ἁμαρτάνουσι·
619 288 667 322 Μὴ
685 289 800 322 ὺψοῦτε
817 287 916 323 κέρας.

125 335 170 369 Μὴ
186 335 323 369 Arta/pere
339 336 383 367 εὶς
393 335 472 368 ὕψος
482 334 514 361 τὸ
525 334 615 368 κέρας
630 334 723 369 ὑμῶν,
734 334 777 368 μὴ
798 333 919 361 λαλεῖτε

125 381 199 408 κατὰ
215 381 269 408 τοῦ
287 381 361 408 Θεοῦ
387 381 515 408 ἀδικίαν.
536 380 592 408 Εἶθ’
611 381 674 413 ἑξῆς
689 380 718 413 ἐξ
734 380 817 407 αὑτοῦ
835 389 919 415 προσ-

125 426 198 453 ώπου
218 426 265 452 τοῦ
280 426 398 462 Χριστοῦ
415 426 540 462 ἐπιφέρει
557 426 602 453 τό·
713 425 747 452 δὲ
761 424 919 460 ἀπαγγελῶ

125 472 167 504 εὶς
187 472 241 498 τὸν
259 470 364 503 αἰῶνα,
383 471 473 506 ψαλῶ
489 471 530 504 τῷ
544 471 605 504 Θεῷ
623 471 731 500 Ἰακώϐ.
745 470 801 498 Καὶ
821 470 920 497 πάντα

125 515 160 544 τὰ
174 516 285 552 κέρατα
297 516 356 543 τῶν
365 516 548 552 ἁμαρτωλῶν
557 516 733 548 συνθλάσω,
746 515 794 542 καὶ
803 516 920 551 suam}

125 571 209 592 σεται
227 564 262 591 τὰ
281 563 389 591 κέρατα
407 564 460 591 τοῦ
473 563 601 590 δικαίου.

507 622 545 648 Δ’.

160 667 216 694 Καὶ
231 668 246 693 ό
260 666 356 703 παρὼν
363 666 469 702 ψαλμὺς
485 666 610 693 λέλεκται
619 667 670 694 Ἐν
684 666 790 701 ὕμνοις
800 674 806 681 ·
822 667 852 692 οὐ
870 665 919 701 μό-

126 722 170 741 νον
183 713 252 740 ἀλλὰ
275 714 322 740 καὶ
342 713 399 749 ᾠδὴ
419 714 547 748 τυγχάνει
561 713 764 748 ἀναπέμπουσα
779 714 818 744 εἰς
832 713 862 740 τὸ
876 713 921 739 τέ-

128 759 181 792 λος.
199 760 351 795 Διαγράφει
374 760 402 786 δὲ
419 759 473 786 τῶν
491 759 541 794 μὲν
560 759 717 787 ἀποστόλων
733 759 780 786 τοῦ
795 759 922 794 Σωτῆρος

128 807 174 833 καὶ
191 809 240 843 τῆς
260 805 422 841 Ἐκκλησίας
436 806 518 832 αὐτοῦ
535 805 584 841 τὴν
604 806 763 840 ἀσφάλειαν,
787 805 870 832 αὑτοῦ
893 805 922 832 δὲ

128 854 176 889 τὴν
189 854 217 880 ὲν
230 853 325 888 εἰρήνῃ
343 852 424 888 μονὴν
437 853 484 879 καὶ
496 852 600 885 στάσιν,
611 853 658 879 καὶ
672 853 720 887 τὴν
732 852 778 879 ἐπὶ
791 852 841 887 τῆς
856 852 923 878 Ίου-

129 899 205 931 Eata;
222 898 375 935 παρουσίαν
386 907 392 913 ·
412 899 458 925 καὶ
469 898 506 930 ὡς
517 899 534 934 ἡ
549 897 662 934 ἀληθινὴ
673 897 755 924 αὑτοῦ
771 897 861 929 πόλις,
874 896 922 923 καὶ

128 945 157 972 τὺ
173 944 243 972 Σιὼν
259 945 321 981 ὅρος
332 945 362 972 τὸ
379 944 505 980 ἀληθινὸν
526 944 609 971 αὐτοῦ
629 945 785 980 οἰκητήριον
807 943 922 970 πάντοτε

129 991 308 1029 εἰρηνεύεται,
333 991 393 1018 οὐδὲ
413 991 524 1018 πώποτε
540 990 648 1027 ἐχθροῖς
664 990 820 1026 ὑποχείριον
833 989 924 1024 γιγνό‹

131 1039 259 1075 μενον.“υ
275 1038 307 1073 δὴ
322 1037 449 1074 σημαίνει
461 1036 564 1071 λέγων·
589 1035 732 1069 Γνωστὸς
749 1036 784 1062 ὲν
798 1034 836 1069 τῇ
852 1036 923 1062 Ἰου-

128 1086 197 1120 δαίᾳ
213 1087 229 1112 ό
247 1085 329 1117 Θεὸς,
342 1085 378 1111 ὲν
388 1083 429 1116 τῷ
449 1082 569 1118 Ἰσραὴλ
578 1081 655 1117 μέγα
667 1081 698 1108 τὸ
711 1081 805 1116 ὄνομα
819 1080 923 1108 αὐτοῦ.

135 1130 392 1165 Ἐγενήθηέὶρήνη
406 1131 422 1157 ό
433 1129 526 1161 τόπος
537 1128 631 1155 αὑτοῦ
643 1127 691 1155 καὶ
702 1127 735 1154 τὸ
750 1125 927 1162 κατοικητή-

128 1185 194 1211 ριον
204 1175 299 1203 αὐτοῦ
312 1175 348 1202 ἐν
358 1173 446 1202 Σιών.
458 1171 515 1200 Εἴθ’
526 1172 590 1208 ἑξῆς
603 1172 657 1199 τῶν
668 1172 773 1208 ἐχθρῶν
785 1171 867 1198 αὑτοῦ
878 1171 926 1198 καὶ

129 1222 183 1249 τῶν
196 1222 246 1257 τῆς
262 1219 425 1256 Ἐκκλησιας
435 1219 518 1247 αὑτοῦ
533 1219 670 1254 πολεμίων
682 1219 731 1254 τὴν
743 1218 847 1245 πτῶσιν
861 1226 926 1253 παρ-

131 1270 237 1305 ίστησιν
261 1265 312 1295 ὧδε
337 1267 464 1302 φάσκων·
489 1266 571 1293 Ἐκεῖ
586 1265 750 1300 συνέτριψε
772 1264 808 1291 τὰ
833 1263 925 1299 κράτη

130 1315 189 1342 τῶν
212 1314 318 1348 τόξων,
335 1314 432 1340 ὅπλον
457 1312 505 1339 καὶ
520 1312 675 1347 ῥομφαίαν
700 1311 750 1338 καὶ
775 1311 926 1345 πόλεμον

130 1361 178 1389 καὶ
195 1361 290 1388 πάλιν·
316 1359 542 1395 Ὲταράχθησαν
555 1358 667 1390 πάντες
678 1359 705 1385 οι
728 1356 927 1390 ἀσύνετοιετῆ

131 1407 248 1442 καρδίᾳ.
266 1406 428 1432 ’Ύπνωσαν
450 1405 550 1432 ὕπνον
565 1403 674 1436 αὐτῶν,
694 1403 743 1430 καὶ
763 1403 819 1437 οὐχ
838 1401 929 1438 εὗρον

131 1453 223 1481 οὐδὲν
239 1452 351 1485 πάντες
362 1453 390 1479 οὶ
404 1451 512 1486 ἄνδρες
524 1451 577 1478 τοῦ
591 1451 726 1478 πλούτου
747 1450 813 1482 ταῖς
823 1450 929 1485 χερσὶν

131 1499 241 1528 αὐτῶν.
250 1498 316 1526 Ἀπὸ
329 1496 526 1532 ὲπιτιμήσεώς
536 1504 605 1528 σου,
619 1497 635 1523 ὁ
650 1495 722 1528 Θεὸς
740 1495 849 1528 Ἰακὼϐ,
863 1496 929 1523 ὲνύ-

968 239 1016 266 lite
1031 239 1120 273 inique
1133 246 1229 273 agere;
1244 242 1266 264 el
1283 237 1494 273 delinquentibus
1508 245 1517 264 :
1532 236 1625 264 Nolite
1638 235 1760 263 exaltare

968 293 1060 311 cornu.
1079 283 1170 311 Nolite
1183 283 1310 310 extollere
1325 285 1351 310 in
1367 284 1452 310 altum
1467 291 1548 310 cornu
1563 286 1679 309 uestrum
1689 301 1697 313 ,
1708 289 1760 308 no-

969 330 1015 357 lite
1033 330 1106 365 loqui
1127 329 1255 356 adversus
1276 329 1361 356 Deum
1382 329 1559 364 iniquitatem.
1574 327 1677 355 Deinde
1694 334 1760 354 vero

968 385 1001 404 ex
1019 383 1136 411 persona
1151 376 1239 410 ipsius
1254 374 1356 402 Christi
1374 375 1468 402 addit:
1485 373 1541 408 Ego
1557 379 1644 401 autem
1660 381 1761 400 annun-

969 421 1042 448 tiabo
1065 422 1092 448 in
1114 421 1261 453 saeuiunt,
1287 420 1400 447 cantabo
1422 420 1477 447 Deo
1497 420 1590 447 Iacob.
1616 419 1651 446 Et
1669 419 1760 446 omnia

970 476 1070 494 cornua
1098 472 1267 501 peccatorum
1296 466 1487 501 confringant,
1516 471 1541 493 et
1568 465 1759 493 “dilabuntur

970 522 1070 541 cornua
1080 514 1161 548 justi.

1344 622 1389 649 IV.

1007 669 1131 697 Praesens
1151 676 1261 704 quoque
1280 668 1403 703 psalmus
1418 666 1450 694 In
1477 667 1584 703 hymnis
1603 668 1624 684 "
1642 667 1761 702 dicitur;

972 716 1039 752 quin
1060 716 1142 743 etiam
1163 715 1302 742 canticum
1321 718 1362 741 est
1380 713 1413 740 ad
1434 714 1515 741 linem
1536 714 1692 742 remittens.
1712 714 1763 742 Dc-

973 762 1070 791 scribit
1093 769 1157 789 vero
1181 760 1370 796 apostolorum
1401 759 1556 788 Servatoris
1582 766 1607 788 et
1634 760 1764 789 Ecclesiae

972 810 1061 845 ipsius
1082 808 1279 841 securitatem;
1302 807 1390 842 ipsius
1409 815 1475 834 vero
1495 806 1598 835 Christi
1620 809 1764 844 paciﬁcans

973 855 1144 882 mansionem
1161 857 1189 881 et
1206 858 1308 881 statum
1321 873 1329 886 ,
1345 853 1461 888 ejusque
1479 853 1505 880 in
1523 852 1644 881 Iudaeam
1662 854 1766 881 adven~

975 902 1043 930 tum.
1073 899 1227 935 Narratque
1255 906 1348 927 veram
1371 899 1433 933 ejus
1463 899 1619 932 civitatem,
1645 903 1673 927 et
1699 899 1766 927 Sion

974 951 1095 974 montem
1106 965 1114 979 ,
1131 945 1192 980 eius
1208 953 1303 973 verum
1322 945 1491 972 domicilium
1505 965 1511 977 ,
1532 944 1558 972 in
1575 952 1642 980 pace
1657 954 1766 981 semper

974 991 1095 1024 versari,
1115 999 1204 1027 neque
1224 998 1345 1026 unquam
1361 990 1389 1017 in
1404 990 1526 1017 hostium
1546 990 1678 1018 ditionem
1699 999 1767 1018 ven-

975 1042 1067 1065 turum
1082 1046 1155 1066 esse.
1178 1037 1257 1071 Quod
1277 1044 1344 1065 sane
1361 1036 1405 1063 his
1422 1036 1514 1064 verbis
1531 1036 1684 1071 signiﬁcat:
1706 1036 1767 1064 No-

976 1090 1018 1113 tus
1037 1086 1064 1112 in
1078 1084 1176 1112 Juda'a
1193 1084 1264 1112 Deus
1276 1105 1283 1116 ,
1300 1085 1327 1111 in
1345 1083 1432 1111 Israel
1449 1091 1575 1118 magnum
1590 1091 1683 1110 nomen
1698 1083 1766 1118 ejus.

976 1131 1079 1159 Factus
1092 1135 1132 1159 est
1146 1139 1199 1166 pas:
1214 1131 1288 1158 locus
1304 1131 1361 1165 ejus
1372 1150 1379 1162 ,
1392 1134 1417 1157 et
1432 1129 1562 1156 habitatio
1577 1129 1635 1165 ejus
1650 1130 1677 1156 in
1690 1129 1767 1157 Sion.

978 1176 1036 1204 Sub
1053 1177 1111 1204 haec
1128 1176 1303 1204 inimicorum
1329 1176 1407 1210 ejus,
1431 1183 1539 1204 necnon
1561 1175 1690 1204 Ecclesiae
1708 1176 1769 1211 ejus

977 1223 1098 1251 hostium
1114 1223 1221 1250 ruinam
1242 1223 1365 1250 declarat
1381 1223 1425 1250 his
1445 1222 1555 1250 verbis:
1578 1221 1621 1249 Ibi
1640 1223 1769 1258 confregit

977 1270 1109 1304 potentias
1131 1277 1258 1301 arcuum,
1285 1269 1386 1301 telum,
1409 1268 1527 1303 gladium
1550 1273 1576 1295 et
1597 1268 1716 1300 bellum;
1738 1276 1770 1296 ac

978 1323 1088 1343 rursum
1102 1324 1109 1342 :
1124 1315 1236 1342 Turbati
1249 1321 1311 1342 sunt
1325 1323 1414 1342 omnes
1428 1315 1579 1349 insipientes
1594 1315 1681 1342 corde.
1699 1315 1770 1342 Dor-

978 1362 1093 1388 micrunt
1115 1369 1237 1388 somnum
1260 1369 1356 1394 suum,
1378 1366 1403 1388 et
1425 1360 1493 1388 nihil
1513 1361 1667 1388 invenerunt
1681 1370 1769 1389 omnes

979 1407 1028 1435 viri
1042 1406 1196 1434 divitiarum
1209 1407 1237 1433 in
1250 1407 1373 1434 manibus
1387 1407 1455 1435 suis.
1470 1408 1510 1435 Ab
1521 1408 1699 1443 increpatione
1712 1411 1768 1440 tua,

979 1452 1051 1479 Deus
1069 1451 1171 1484 Iacob,
1192 1452 1403 1479 dormitaverunt
1424 1461 1514 1480 omnes
1532 1454 1578 1488 qui
1597 1453 1771 1480 ascenderunt

979 1507 1069 1534 equos.
1088 1497 1193 1531 Quibus
1209 1498 1358 1533 gloriosum
1373 1497 1528 1526 Servatoris
1543 1499 1690 1526 adventum
1705 1498 1772 1526 sub-

132 1547 252 1579 σταξαν
266 1544 377 1576 πάντες
391 1545 419 1570 οι
434 1543 642 1576 ἐπιϐεϐηκότες
654 1541 725 1574 τοὺς
744 1542 873 1574 ἵππους·
889 1539 928 1574 οἷς

980 1545 1041 1580 jicit
1065 1543 1180 1572 dicens:
1209 1543 1248 1571 De
1275 1544 1339 1571 εωιο
1364 1544 1485 1571 auditum
1513 1545 1599 1580 fecisti
1621 1544 1779 1580 judicium,

133 1592 313 1622 ἔπιον-δάπτει
330 1590 380 1626 τὴν
395 1589 498 1621 ἔνδοξον
512 1589 559 1616 τοῦ
577 1588 703 1623 Σωτῆρος
719 1589 870 1624 παρουσίαν
885 1588 929 1615 λέ-

132 1650 187 1676 γων
198 1649 204 1656 ·
228 1640 276 1665 Ἐκ
291 1638 344 1664 τοῦ
357 1636 486 1670 οὐρανοῦ
501 1635 668 1669 ἠκούτισας
683 1634 796 1668 κρίσιν,
809 1634 848 1669 τῆ
860 1634 929 1669 ἐφο-

982 1595 1053 1618 terra
1069 1591 1175 1618 tremuit
1190 1594 1214 1618 et
1231 1590 1327 1626 quievit
1337 1611 1344 1623 ,
1361 1598 1420 1617 cum
1436 1596 1588 1626 exsurgeret
1602 1591 1629 1618 in
1640 1591 1772 1625 judicium

983 1636 1072 1670 Deus,
1088 1641 1118 1663 ut
1133 1636 1221 1663 salvos
1236 1636 1335 1671 faceret
1350 1645 1439 1664 omnes
1455 1644 1528 1672 reges
1544 1640 1631 1663 terra.

134 1688 208 1722 ϐάθη
226 1685 275 1713 καὶ
289 1685 450 1719 ἡσύχασεν
463 1683 498 1710 ὲν
513 1682 554 1715 τῷ
567 1680 755 1716 καταστῆναι
782 1683 826 1715 εις
843 1683 946 1717 κρίσιν
964 1684 1017 1711 τὸν
1037 1684 1124 1719 Θεὸν,
1138 1685 1192 1712 τοῦ
1210 1683 1309 1713 σῶσαι
1326 1684 1442 1717 πάντας
1455 1683 1528 1716 τοὺς
1556 1683 1698 1716 βασιλεῖς
1719 1680 1774 1716 τῆς

134 1735 200 1770 τῆς.

511 1793 549 1819 Ε’.

171 1843 226 1870 Καὶ
238 1843 252 1868 ὀ
271 1840 339 1873 μετὰ
351 1841 446 1876 χεῖρας
462 1838 508 1865 τοῦ
524 1838 573 1874 μὲν
593 1837 680 1872 ’Λσὰφ
702 1838 842 1873 τυγχάνει,
861 1839 927 1865 ὑπο-

136 1888 235 1923 γράφει
250 1887 289 1919 δὲ,
302 1885 392 1920 Ὑπὲρ
408 1884 532 1919 Ἰδιθούμ
542 1892 548 1900 '
566 1884 630 1919 περὶ
650 1881 680 1911 οὗ
698 1884 929 1920 προδιειλήφαμεν

136 1935 179 1962 διὰ
189 1934 244 1961 τῶν
255 1932 533 1969 ἕμπροσθεν.Ἕοικεν
548 1930 576 1957 δὲ
592 1931 662 1966 ὑπὲρ
674 1930 721 1957 τοῦ
739 1931 855 1966 ἰδιϐοὺμ
868 1939 929 1957 συν-

137 1982 244 2009 τάττειν
258 1980 320 2012 τοὺς
337 1979 443 2013 λόγους,
459 1976 544 2004 πολλὰ
562 1976 601 2008 ὡς
621 1977 733 2009 εἰκότως
750 1977 792 2012 ἐφ’
806 1975 847 2008 οἷς
863 1977 931 2012 ἀκή-

138 2035 198 2054 κοεν
210 2026 275 2061 περὶ
288 2023 335 2050 τοῦ
349 2022 414 2049 λαοῦ
430 2021 687 2055 καταστεγάζοντος,
703 2022 931 2057 λειποθυμοῦντός

137 2082 166 2099 τε
180 2072 231 2108 ἤδη
246 2071 293 2098 καὶ
309 2068 406 2106 μικροῦ
427 2068 482 2095 δεῖν
507 2068 554 2095 καὶ
577 2068 672 2094 ἑαυτὸν
697 2067 931 2102 ἁπογινώσκοντος

138 2119 180 2146 διὰ
203 2117 253 2149 τὰς
279 2116 325 2143 τοῦ
342 2114 407 2141 λαοῦ
423 2113 597 2149 παρανομίας
619 2113 667 2140 καὶ
687 2113 721 2140 τὰ
738 2113 932 2149 συμὸησὸμενα

139 2163 268 2195 suam;
291 2162 331 2197 τῷ
348 2161 429 2188 παντὶ
450 2160 530 2187 ἔθνει.
549 2159 586 2186 Δι’
602 2159 616 2185 ὂ
632 2160 661 2186 ὲν
675 2159 745 2194 ἀρχῇ
770 2159 818 2194 μὲν
841 2158 879 2189 ὡς
901 2159 933 2185 ὲκ

141 2209 286 2246 προσώπου
310 2208 392 2235 αὑτοῦ
417 2206 508 2241 τίθησι
529 2206 570 2236 τὸ,
586 2204 675 2239 Φωνῇ
700 2214 760 2239 μου
783 2204 860 2239 πρὸς
881 2204 935 2231 τὸν

142 2256 215 2284 Θεὸν
237 2255 395 2290 ἐκέκραξα,
414 2253 500 2289 φωνῇ
522 2261 582 2287 μου
608 2251 684 2286 πρὸς
710 2251 761 2278 τὸν
786 2252 869 2284 Θεὸν,
887 2250 936 2278 καὶ

141 2303 296 2339 ⁴προσέσχε»-
313 2309 377 2336 μοι’
395 2298 443 2327 εἷθ’
460 2299 525 2334 ἑξῆς
541 2298 590 2334 τὴν
614 2298 764 2334 γενομένην
778 2297 853 2333 αὐτῷ
869 2297 937 2324 ἀθυ‹

143 2350 208 2386 μίαν
226 2348 368 2383 ὺποφαὶνει
383 2347 485 2382 λέγων’
509 2345 693 2379 Ἀπηνήνιιτο
707 2344 937 2379 παρακληθῆναι

142 2396 161 2430 ἦ
178 2395 265 2431 ψυχή
290 2403 360 2429 μου,
375 2392 569 2427 ὴδολέσχησε
588 2392 637 2418 καὶ
663 2391 876 2426 ὼλιγοψύχησε
904 2390 938 2417 τὸ

143 2441 262 2477 πνεῦμά
275 2439 540 2476 μου.“Εταριὶχθην
563 2438 613 2465 καὶ
636 2438 692 2465 οὐκ
716 2437 866 2471 ἐλάλησα.
883 2436 939 2463 Καὶ

144 2489 266 2522 ἐπιλέγει
278 2497 284 2503 ·
301 2488 425 2521 Νύκτωρ
442 2487 518 2521 μετὰ
541 2485 596 2519 τῆς
618 2484 742 2519 καρδίας
754 2492 814 2518 μου
833 2481 939 2516 namu-

144 2543 244 2571 σχουν
257 2533 305 2561 καὶ
316 2534 473 2561 ἑσκαλλον
490 2531 522 2558 τὸ
542 2530 660 2565 πνεῦμά
669 2528 794 2565 potatui}
810 2528 854 2560 εὶς
868 2527 939 2560 τοὺς

145 2581 255 2613 αἰῶνας
272 2579 422 2607 ἀπώσεται
436 2578 555 2612 Κύριος,
576 2577 625 2604 καὶ
642 2578 677 2604 οὺ
698 2574 866 2610 προσθήσει
886 2574 940 2602 τοῦ

145 2625 310 2660 εὐδοκῆσαι
323 2626 365 2652 ἔτι
374 2632 384 2656 ;
399 2625 419 2658 ἢ
437 2625 480 2656 εὶς
495 2623 581 2655 τέλος
604 2622 637 2649 τὸ
652 2622 739 2654 ἕλεος
753 2621 845 2648 αὐτοῦ
867 2620 941 2647 ἀπο-

146 2672 254 2706 κρύψει
269 2669 329 2697 ἀπὸ
343 2668 447 2705 γενεᾶς
459 2670 502 2701 εἰς
518 2667 641 2703 γενεάν;
656 2667 675 2701 ἢ
695 2665 874 2700 ἐπιλήσεται
887 2665 940 2692 τοῦ

147 2716 329 2751 οᾱτειρῆσαι
342 2717 358 2742 ό
373 2715 454 2747 Θεὸς,
468 2714 487 2748 ἣ
500 2713 623 2745 συνέξει
645 2713 680 2739 ἐν
700 2711 736 2746 τῇ
759 2711 832 2746 ὀργῇ
847 2710 940 2738 αὑτοῦ

149 2763 218 2795 τοὺς
243 2761 412 2796 οὶκτιρμοὺς
440 2760 548 2792 aurai);
571 2758 652 2786 Ταῦτ’
666 2756 700 2794 ἦν
725 2759 759 2785 τὰ
782 2757 941 2793 λυπήσαντα

150 2809 197 2844 τὴν
214 2808 261 2836 τοῦ
279 2807 396 2842 Ἰδιϐοὺμ
409 2806 506 2842 ψυχήν,
523 2806 560 2833 Δι’
572 2805 589 2832 ὅ
603 2804 692 2836 καλῶς
705 2804 939 2840 ὼλιγοψυχηκέναι

187 2891 209 2907 ⁸⁸
224 2889 297 2918 Psal.
311 2897 391 2922 Lxxv,
409 2889 433 2916 Ι.
471 2888 493 2904 ⁸¹
509 2886 580 2915 Psal.
601 2892 695 2918 ιλιι-ι,
715 2884 739 2911 l.

1016 1837 1066 1865 Hic
1079 1837 1143 1865 item
1156 1837 1278 1872 psalmus
1290 1836 1392 1872 Asaphi
1406 1841 1447 1864 est
1461 1845 1468 1863 :
1485 1835 1584 1864 titulus
1600 1840 1691 1863 autem
1710 1835 1771 1870 ejus

981 1886 1036 1915 est,
1055 1882 1108 1909 Pro
1122 1881 1241 1908 Idithum
1255 1882 1277 1897 δ’
1292 1889 1299 1914 ;
1314 1881 1348 1908 de
1357 1888 1412 1915 quo
1424 1881 1479 1915 jam
1494 1881 1632 1916 superius.
1648 1879 1774 1908 Videtur-

981 1936 1037 1962 que
1053 1934 1207 1955 sermonem
1223 1932 1314 1954 texere
1331 1933 1382 1960 pro
1397 1925 1516 1952 ldithum
1528 1945 1536 1958 ,
1550 1925 1596 1961 qui
1614 1926 1708 1952 audito
1725 1934 1775 1961 po-

985 1973 1041 2009 puli
1064 1976 1157 2004 statu,
1182 1972 1316 2004 multum,
1340 1976 1371 1999 ut
1394 1979 1444 2006 par
1466 1976 1542 2003 erat,
1560 1971 1773 2006 ingemiscebat,

982 2019 1094 2053 jamque
1108 2018 1201 2045 animo
1215 2016 1376 2048 deﬁciebat,
1394 2020 1477 2051 atque
1491 2016 1527 2044 ob
1542 2016 1634 2051 populi
1651 2016 1755 2044 scelera
1766 2036 1773 2047 ,

984 2072 1017 2092 ac
1038 2064 1144 2091 futuras
1165 2063 1227 2090 ideo
1246 2063 1383 2090 universas
1405 2063 1479 2097 genti
1501 2062 1688 2094 calamitates,
1707 2069 1776 2097 pene

986 2109 1158 2145 desperabat.
1181 2108 1272 2142 Quare
1295 2108 1322 2135 in
1343 2108 1480 2144 principio
1495 2108 1622 2142 quidem,
1642 2108 1724 2143 quasi
1741 2116 1776 2135 ex

986 2163 1104 2192 persona
1119 2155 1207 2191 ipsius
1224 2155 1264 2182 sic
1280 2154 1362 2182 habet
1376 2165 1381 2181 :
1403 2153 1469 2182 Voce
1484 2162 1542 2181 utea
1565 2154 1599 2180 ad
1618 2154 1702 2180 [leum
1719 2154 1777 2180 cla-

987 2202 1056 2229 mavi
1070 2221 1077 2234 ,
1093 2210 1154 2229 voce
1169 2209 1228 2228 mea
1243 2201 1277 2227 ad
1295 2200 1379 2228 Deum
1393 2221 1400 2234 ,
1414 2205 1440 2228 et
1457 2201 1569 2228 intendit
1584 2200 1658 2227 mihi.
1675 2199 1778 2229 Deinde.

987 2255 1052 2275 vero
1068 2255 1148 2275 suum
1165 2247 1250 2274 animi
1266 2247 1416 2282 deliquium
1433 2247 1589 2274 subindicat
1604 2246 1647 2273 his
1663 2246 1754 2273 verbis
1768 2255 1776 2277 ξ

988 2293 1082 2321 Renuit
1110 2294 1244 2321 consolari
1272 2293 1363 2320 anima
1387 2301 1464 2325 mea,
1489 2293 1650 2319 exercitatus
1674 2295 1730 2323 est,
1753 2295 1778 2318 et

988 2341 1082 2375 defecit
1099 2341 1209 2375 spiritus
1227 2348 1309 2367 meus.
1328 2339 1461 2366 Turbatus
1477 2347 1536 2365 sum
1551 2342 1576 2365 et
1592 2346 1642 2364 non
1658 2345 1715 2364 sum
1738 2336 1778 2364 ιοη

988 2390 1076 2413 cutus.
1098 2385 1147 2413 His
1168 2385 1331 2420 subjungit:
1352 2384 1436 2411 Necte
1455 2391 1514 2410 cum
1532 2383 1610 2410 corde
1629 2391 1685 2410 meo
1704 2390 1778 2410 exer-

988 2431 1093 2458 citnbar
1116 2436 1141 2458 et
1167 2431 1303 2466 scopcbam
1328 2430 1452 2464 spiritum
1476 2437 1571 2457 meum.
1598 2428 1726 2465 Nunquid
1751 2429 1780 2456 in

989 2483 1119 2506 wternum
1145 2478 1266 2512 projieiet
1295 2476 1442 2508 Dominus,
1468 2484 1513 2503 au.
1536 2484 1588 2504 non
1614 2479 1725 2510 apponet
1749 2481 1779 2504 ut

990 2524 1172 2557 complacitior
1186 2524 1221 2550 sit
1236 2522 1322 2550 adhuc
1334 2542 1341 2555 ,
1358 2527 1404 2549 aut
1424 2523 1449 2549 in
1470 2523 1549 2556 linem
1569 2522 1780 2549 misericordiam

990 2578 1067 2597 suam
1082 2569 1222 2596 abscondet
1238 2563 1254 2595 a
1269 2569 1437 2604 generatione
1455 2569 1482 2595 in
1503 2569 1699 2604 generationem
1709 2588 1717 2600 ,
1733 2573 1780 2597 aut

991 2617 1159 2645 obliviscetur
1174 2616 1293 2643 misereri
1307 2615 1378 2642 Deus
1390 2635 1397 2646 ,
1415 2618 1461 2642 aut
1477 2614 1620 2642 continebit
1632 2615 1658 2642 in
1673 2616 1716 2641 ira
1729 2623 1781 2642 sua

991 2662 1189 2691 misericordias
1209 2663 1298 2690 suae?
1315 2661 1378 2689 llaec
1393 2665 1472 2689 erant
1492 2669 1552 2696 quae
1572 2660 1701 2688 lditbumi
1721 2661 1781 2688 ani—

992 2720 1064 2739 mam
1081 2711 1245 2746 amigebant.
1266 2709 1358 2742 Quare
1373 2717 1403 2737 se
1420 2709 1511 2736 animo
1526 2709 1661 2737 defecisse
1676 2708 1781 2735 fateba-

992 2762 1047 2785 tur.
1072 2757 1125 2784 Sed
1154 2755 1274 2791 Spiritus
1295 2758 1408 2783 sanctus
1430 2762 1479 2789 per
1499 2754 1660 2790 prophetam
1687 2751 1779 2786 Asaph

992 2802 1053 2838 ejus
1076 2801 1163 2830 dolori
1189 2800 1288 2829 deinde
1313 2799 1450 2832 medetur,
1469 2800 1532 2827 dum
1551 2799 1606 2826 ait:
1626 2798 1691 2831 Quis
1709 2797 1779 2825 Deus
