2024 3214
296 153 349 181 827

649 153 784 182 EUSEBH
801 154 1039 184 CIESARIENSIS
1059 155 1133 185 OPP.
1155 155 1245 184 PARS
1262 155 1352 183 HL—
1371 155 1577 184 EXEGETICA.
1864 157 1907 186 8‘18

296 221 410 248 magnus
432 213 500 240 sicut
523 212 594 241 Deus
612 214 774 242 nosterfTu
798 223 824 241 es
850 214 921 242 Deus
944 215 987 249 qui
1015 215 1083 249 fatis

1139 216 1368 252 ὼμολόγει.Ἀλλά
1384 216 1414 242 τὸ
1431 216 1501 243 θεῖον
1518 214 1632 251 Πνεῦμα
1652 215 1694 242 διὰ
1719 214 1764 242 τοῦ
1784 217 1907 252 προφήτου

295 259 442 287 mirabilia.
462 258 562 287 Notam
580 259 667 294 fecisti
685 261 712 286 in
727 260 831 294 populis
849 261 972 287 uirtutem
989 266 1080 293 tuam,

294 305 431 332 redemisti
453 306 480 332 in
496 306 603 332 brachio
619 311 663 332 tuo
679 306 805 341 populum
830 311 921 339 tuum,
945 307 1015 341 ﬁlios
1031 307 1082 334 Ja-

295 353 342 378 cob
365 357 390 379 et
415 353 533 387 Joseph;
562 361 594 380 ac
625 361 756 381 rursum:
782 353 909 380 Viderunt
936 359 959 381 te
990 362 1083 389 aqum,

296 398 366 426 Deus
377 419 384 431 ,
400 399 521 426 uiderunt
537 404 561 427 te
576 408 667 435 aqum,
682 404 705 426 et
720 400 882 432 timuerunt,
895 401 1008 427 turbatw
1022 405 1084 427 sunt

295 445 406 479 abyssi:
432 445 575 472 multitudo
593 447 696 472 sonitus
712 453 862 480 aquarum:
880 453 911 472 ac
929 453 1083 473 sermonem

294 490 338 518 his
353 491 499 526 obsignat:
523 491 664 518 Deduxisli
687 492 755 518 sicut
780 500 836 519 ores
859 491 984 526 populum
1010 496 1084 518 tuum

295 537 324 563 in
345 545 426 563 manu
448 536 535 571 Moysi
557 541 581 564 et
605 537 704 564 Aaron.
730 536 792 564 Hmc
812 538 969 564 necessario
993 536 1084 571 Asapb

295 582 347 617 ipsi
372 581 489 609 ldithum
502 582 742 614 commemoravit,
761 587 790 609 ut
809 590 843 610 ne
859 582 931 609 ultra
955 582 1057 610 diceret
1075 591 1082 609 :

297 627 468 655 Exercitatus
488 635 526 655 est
547 633 570 654 et
581 628 676 662 defecit
698 628 807 662 spiritus
829 636 920 660 meus;
937 628 984 656 sed
1003 628 1086 654 mira-

296 674 398 701 bilibus
420 673 469 701 Dei
490 682 533 709 per
558 674 678 709 Moysem
701 674 766 701 olim
783 674 887 709 gestis,
905 674 985 709 queis
1001 681 1088 708 popu-

297 720 353 747 lum
369 727 449 747 suum
462 720 586 751 redemit,
599 720 676 747 ﬁdem
690 719 794 748 habens
809 728 858 756 pro
873 720 965 748 futuro
976 728 1084 755 quoque

297 770 419 801 tempore
433 766 532 794 similia
549 771 678 793 eventura
694 770 824 801 speraret.

1142 263 1227 297 Ἀσὰφ
1248 263 1311 298 ἑξῆς
1333 263 1367 289 τὰ
1386 263 1496 299 λυπηρὰ
1519 262 1664 299 θεραπεύει
1679 264 1708 289 ὲν
1722 260 1761 294 οἷς
1775 271 1850 298 φησι·
1868 264 1907 297 Τίς

1138 308 1209 341 Θεὸς
1215 309 1309 343 μέγας
1323 308 1363 341 ὼς
1377 310 1392 335 o'
1402 309 1474 340 Θεὸς
1486 307 1570 342 ἡμῶν
1577 317 1585 340 ;
1595 308 1636 335 Σὺ
1650 305 1678 334 εἴ
1690 309 1706 334 ὁ
1720 307 1789 340 Θεὸς
1803 309 1817 334 ό
1827 307 1907 334 ποιῶν

1137 353 1297 388 θαυμάσια.
1307 353 1486 388 Ἐγνὼρισας
1497 353 1532 380 ἐν
1543 353 1605 385 τοῖς
1621 353 1705 385 λαοῖς
1725 352 1780 386 τὴν
1796 351 1908 387 δύναμίν

1137 408 1205 432 σου,
1219 400 1377 434 ἐνῖυτρώσω
1386 400 1420 426 ἐν
1432 399 1470 432 τῷ
1480 399 1625 434 ,ϐραχίονι
1639 407 1696 426 σου
1708 399 1838 425 τᾶνλαόν
1848 406 1906 430 σου,

1137 446 1209 478 τοὺς
1226 446 1311 478 υἱοὺς
1330 446 1430 473 Ἰακὼὸ
1449 446 1497 472 καὶ
1521 445 1641 480 Ἰωσήφ
1665 445 1711 472 καὶ
1728 443 1819 476 αὖθις·
1836 445 1908 471 Εἶδο-

1137 491 1198 518 σάν
1223 499 1259 517 σε
1286 491 1391 522 ὕδατα,
1409 493 1425 518 ὀ
1442 491 1524 523 Θεὸς,
1540 490 1666 518 εἴδοστὶν
1688 498 1725 517 σε
1752 490 1848 522 ὕδατα,
1868 489 1908 516 καί

1136 537 1342 572 ὲφοῦἠθησαν,
1362 537 1574 572 ἐταράχθησαν
1593 539 1622 563 al
1640 537 1767 563 ἄϐυσσοι
1780 545 1786 552 ·
1807 536 1908 570 πλῆθος

1138 583 1233 617 ἤχους
1255 583 1380 615 ὖδατος“
1402 583 1450 610 καὶ
1471 583 1698 618 ὲπισφραγίζεται
1718 581 1819 616 λέγων·
1839 581 1908 614 Ὤδή-

1137 637 1234 664 γησας
1252 629 1292 662 ὡς
1313 631 1445 664 πρόϐατα
1456 629 1510 656 τὸν
1523 629 1600 656 λαόν
1612 636 1670 656 σου
1683 629 1717 655 ὲν
1728 629 1799 664 χειρὶ
1813 627 1907 661 Μωυσῆ

1136 674 1184 701 καὶ
1204 674 1320 708 Ἀαρών.
1330 674 1496 708 Ἀναγκαίως
1510 674 1538 701 δὲ
1552 675 1654 700 τούτων
1665 674 1679 700 ὀ
1694 673 1778 708 Ἀσὰφ
1787 673 1908 707 ὑπέμνησε

1136 720 1181 747 τὸν
1206 719 1331 755 Ἰδιθοὺμ,
1355 720 1393 751 ὡς
1416 719 1450 746 ἂν
1477 720 1574 756 μηκέτι
1602 719 1693 754 λέγοι·
1727 718 1908 754 Ἠδολέσχησε

1138 765 1187 794 καὶ
1212 765 1426 800 ὠλιγοψεύχησε
1450 765 1484 792 τὸ
1510 766 1628 800 πνεῦμά
1646 774 1721 801 μου·
1749 764 1908 792 πιστεύωνᾶ

297 814 353 845 τοῖς
366 814 449 840 πάλαι
465 814 511 840 ἐπὶ
525 814 662 846 Μωῦσέως
678 814 724 840 τοῦ
741 814 809 840 Θεοῦ
827 815 989 850 παραδόξοις
1001 815 1101 850 ἔργοις,
1121 815 1153 841 δι’
1178 811 1216 841 ὧν
1235 812 1405 850 ὲλυτρώσατο
1426 814 1472 840 τὸν
1495 813 1569 846 λαὸν,
1591 814 1625 840 τὰ
1647 815 1727 850 ὅμοια
1750 815 1796 841 καὶ
1816 814 1851 844 είς
1872 811 1908 838 τὸν

298 860 408 888 ἐπιόντα
426 860 520 903 χρόνον
538 859 641 892 ἐλπίζοι
655 860 829 896 γενήσεσθαι.

666 916 710 943 νι.

333 961 431 990 Sextus
454 970 542 998 neque
558 962 681 997 psalmus
695 967 737 990 est
755 971 843 998 neque
858 963 1012 994 canticum.
1038 971 1086 990 ne-

297 1016 351 1043 que
367 1008 502 1044 hymnus,
523 1016 612 1043 neque
634 1009 660 1035 in
686 1008 767 1036 linem
783 1009 909 1036 remittit.
928 1009 1020 1042 Quare
1036 1009 1087 1036 hu<

295 1054 416 1089 jusmodi
438 1054 507 1082 nihil
529 1055 557 1082 in
578 1054 658 1082 titulo
683 1054 785 1082 habet:
803 1055 850 1081 sed
867 1061 918 1082 nos
935 1053 969 1080 ad
991 1060 1087 1081 eorum

296 1108 358 1136 qua!
373 1101 417 1128 hic
434 1100 560 1128 feruntur
576 1100 784 1136 intelligentiam
799 1101 910 1128 excitat.
926 1099 983 1126 Cur
996 1103 1087 1126 autem

297 1146 364 1174 nihil
379 1153 475 1173 eorum
492 1154 553 1181 quae
570 1141 690 1173 diximus
707 1145 760 1173 fert
775 1145 937 1180 inscriptio,
954 1145 1007 1172 nisi
1024 1145 1087 1180 quia

298 1196 373 1219 totus
387 1191 433 1218 hic
450 1199 541 1219 sermo
554 1190 697 1218 Judaicam
721 1194 827 1224 gentem
847 1190 972 1221 incusat.
995 1190 1089 1224 pristi-

299 1245 351 1265 nas
372 1245 468 1265 eorum
491 1237 645 1272 impietates
665 1236 854 1264 enumerans?
879 1235 957 1268 Quod
973 1236 1005 1263 ad
1021 1236 1088 1270 justi

295 1283 392 1318 judicii
419 1282 466 1310 Dei
484 1283 670 1310 defensionem
686 1283 816 1317 propheta
832 1283 1025 1309 concinnavit:
1044 1290 1089 1309 va-

300 1330 463 1356 ticinaturus
475 1329 548 1356 enim
562 1336 593 1356 ea
604 1348 610 1360 ,
624 1336 685 1364 quae
698 1333 761 1355 ante
774 1327 929 1356 Servatoris
942 1329 1088 1356 adventum

299 1375 401 1410 populo
418 1379 550 1403 eventura
566 1379 645 1403 erant
656 1394 663 1408 ,
680 1375 836 1402 necessario
850 1375 931 1402 docet
947 1375 1021 1410 ipsos
1035 1383 1089 1402 non

300 1421 469 1449 modicarum
503 1421 672 1456 impietatum
705 1429 789 1449 causa
820 1421 915 1449 isthaec
947 1429 1088 1456 passuros.

300 1467 480 1501 Quamobrem
507 1470 630 1495 recenset
654 1467 699 1495 ille
725 1467 833 1502 quoties
859 1468 1045 1502 peccaverint,
1063 1471 1090 1495 et

292 1513 407 1548 quoties
432 1512 478 1540 Dei
506 1513 636 1548 patientia
664 1519 777 1548 peccata
801 1520 896 1540 eorum
920 1514 1031 1546 tulerit,
1057 1521 1090 1541 ac

300 1558 438 1594 quomodo
456 1559 563 1586 demum
579 1567 641 1586 cum
655 1559 815 1594 implessent
830 1560 998 1594 impietatum
1012 1568 1090 1588 men-

1179 963 1208 989 '0
1223 963 1301 994 ἕκτος
1315 961 1406 988 οὐκέτι
1422 960 1528 995 ψαλμος
1541 960 1600 987 οὐδὲ
1615 960 1671 996 ᾠδὴ
1686 960 1745 987 οὐδὲ
1763 960 1848 996 ὕμνος,
1859 959 1907 986 οὑδὶ

1137 1007 1293 1042 ἀναπέμπει
1306 1008 1345 1038 είς
1359 1006 1388 1032 τὸ
1399 1005 1569 1037 utagmen
1581 1005 1658 1031 οὐδὲν
1669 1005 1770 1032 τούτων
1782 1006 1909 1040 ὲπιγέγρα·

1139 1061 1218 1080 πται·
1233 1052 1360 1087 διεγείρει
1373 1051 1402 1078 δὲ
1417 1052 1491 1086 ἡμᾶς
1515 1052 1554 1083 είς
1578 1051 1687 1078 σύνεσιν
1701 1051 1755 1078 τῶν
1775 1050 1908 1087 ἐμφερομέ-

1138 1108 1200 1126 νων.
1216 1098 1265 1125 Διὰ
1281 1099 1306 1125 τί
1323 1099 1351 1125 δὲ
1370 1099 1451 1134 μηδὲν
1463 1098 1517 1124 τῶν
1530 1098 1737 1134 προειρημένων
1749 1098 1766 1132 ἡ
1783 1096 1907 1133 προγραφὴ

1139 1145 1273 1180 περιέχει,
1285 1144 1341 1170 ἀλλ’
1355 1144 1502 1179 ἐπειδήπερ
1526 1144 1540 1170 ὁ
1563 1144 1617 1175 πᾶς
1633 1143 1714 1178 λόγος
1729 1143 1774 1169 τοῦ
1796 1142 1908 1169 Ἰουδαίων

1139 1191 1232 1223 ἔθνους
1246 1192 1403 1226 κατηγορεῖ,
1416 1189 1672 1226 καταριθμούμενος
1694 1189 1781 1216 αὐτῶν
1795 1189 1827 1215 τὰ
1840 1187 1907 1214 πάλαι

1139 1237 1316 1272 ἀσεϐήματα;
1335 1235 1420 1262 Τοῦτο
1439 1236 1466 1262 δὲ
1484 1237 1597 1271 πράττει
1613 1237 1627 1262 ὁ
1650 1236 1790 1271 προφήτης
1810 1235 1845 1266 είς
1857 1235 1909 1260 ἀπο·

1139 1281 1231 1316 λογίαν
1251 1282 1301 1317 τῆς
1317 1281 1364 1308 τοῦ
1387 1281 1453 1308 Θεοῦ
1469 1281 1683 1317 δικαιοκρισίας·
1703 1280 1802 1317 μέλλων
1814 1280 1862 1315 γὰρ
1874 1278 1908 1304 θε-

1141 1329 1247 1361 σπίζειν
1258 1329 1292 1355 τὰ
1309 1328 1504 1364 συμϐησόμενα
1516 1328 1555 1363 τῷ
1568 1328 1638 1354 ἔθνει
1654 1328 1708 1364 πρὸ
1719 1328 1768 1363 τῆς
1778 1327 1820 1354 τοῦ
1832 1324 1910 1359 Σωτῆ-

1143 1383 1187 1412 ρος
1204 1375 1364 1411 παρουσίας,
1378 1375 1534 1408 ἀναγκαίως
1550 1374 1679 1405 διδάσκει,
1699 1375 1739 1401 ὄτι
1759 1374 1793 1409 μὴ
1814 1372 1854 1399 ἐπὶ
1874 1380 1908 1406 μι-

1140 1424 1217 1459 κροῖς
1238 1422 1392 1457 ἀσεϐήμασι
1416 1421 1502 1448 ταῦτα
1529 1422 1678 1448 πείσονται.
1704 1421 1799 1456 Διόπερ
1811 1426 1909 1454 καταρι-

1140 1469 1155 1496 θ
1159 1470 1248 1504 μεῖται
1256 1468 1349 1499 ὁσάκις
1355 1468 1372 1502 ἦ
1377 1477 1414 1503 μα
1418 1476 1462 1503 ρτε
1471 1467 1517 1494 καὶ
1524 1467 1619 1498 ὁσάκις
1629 1467 1745 1502 ἤνεγκεν
1756 1466 1862 1499 αὐτοὺςή
1870 1461 1908 1490 τοῦ

1140 1515 1208 1541 Θεοῦ
1225 1513 1411 1550 μακροθυμία,
1431 1513 1478 1540 καὶ
1493 1513 1529 1544 ὡς
1543 1512 1656 1548 ὕστερον
1674 1512 1859 1548 πληρώσαντας
1868 1510 1908 1537 αὖ·

1141 1561 1203 1593 τοὺς
1215 1561 1245 1587 τὸ
1261 1561 1359 1596 μέτρον
1372 1559 1426 1587 τῶν
1437 1559 1617 1595 ἀσεϐημάτων
1627 1559 1783 1586 δικαιότατα
1797 1556 1908 1594 μετῆλθεν

299 1612 394 1633 suram
406 1623 414 1636 ,
433 1612 480 1632 eos
499 1605 573 1640 ipsos
584 1604 731 1631 admodum
743 1604 816 1639 juste
835 1605 875 1631 ira
887 1604 933 1632 Dei
949 1605 1087 1632 invaserit.

1141 1607 1157 1643 ἡ
1173 1608 1204 1634 ὲκ
1219 1606 1288 1633 Θεοῦ
1308 1606 1439 1641 ὀργή.’”ῐν“
1454 1603 1499 1631 οὖν
1522 1605 1610 1632 ταῦτα
1631 1605 1751 1640 γνῶμεν,
1772 1603 1908 1638 ἀναγκαίως

301 1649 337 1677 Ut
351 1650 407 1677 hrec
423 1651 516 1685 itaque
530 1658 729 1685 cognoscamus
739 1670 746 1682 ,
761 1651 918 1679 necessario
934 1651 974 1678 sic
988 1651 1089 1680 inscri-

301 1695 358 1724 bit:
378 1695 532 1723 Intellectus
548 1696 639 1730 ΛεαρΙι
653 1696 687 1729 ⁸³,
705 1704 737 1724 ac
754 1697 782 1723 in
799 1697 980 1732 sequentibus
996 1697 1088 1725 omnia

301 1750 397 1770 eorum
413 1743 518 1770 scelera
534 1746 672 1770 recenset.

660 1799 715 1827 Vll.

335 1847 484 1883 Postquam
500 1847 700 1876 multitudinem
722 1853 897 1883 peccatorum
910 1848 1015 1877 Iudaici
1039 1857 1088 1885 po-

301 1893 358 1928 puli
378 1894 539 1928 compemlio
554 1895 701 1926 retulerat,
717 1898 743 1921 ct
760 1901 810 1922 ceu
830 1895 859 1922 in
874 1895 955 1930 cippo
973 1895 1089 1922 crimina

301 1946 397 1966 eorum
409 1939 606 1974 insculpserat;
620 1944 820 1974 consequenter
833 1939 876 1966 hic
890 1939 1069 1975 irruptiouem
1079 1959 1087 1973 ,

302 1993 363 2020 qua:
379 1989 501 2020 tempore
517 1985 645 2013 Antioohi
662 1985 748 2022 Syriae
764 1986 837 2021 regis
855 1986 926 2013 facta
941 1990 1000 2018 est,
1016 1986 1088 2013 vati-

301 2032 420 2059 cinatur.
435 2031 487 2064 Qui
501 2031 698 2068 Jerosolymam
715 2033 872 2067 ingressus,
889 2033 1019 2067 templum
1034 2041 1089 2060 non

300 2078 414 2109 evertit,
430 2077 477 2104 sed
493 2077 648 2111 profanavit
659 2097 666 2109 ,
685 2083 767 2113 atque
784 2083 889 2113 gentem
906 2079 939 2105 ad
956 2079 1028 2106 idola
1045 2086 1088 2106 co-

301 2122 382 2150 lenda
404 2124 547 2157 compulit.
572 2123 694 2156 Quarum
717 2131 808 2151 rerum
832 2124 994 2156 histOriam,
1018 2125 1088 2152 liber

302 2168 517 2195 Machabaeorum
550 2169 698 2204 inscriptus
721 2170 921 2204 complectitur.
936 2170 965 2197 In
977 2178 1032 2205 quo
1044 2178 1089 2198 oc-

300 2215 423 2243 cisorum
440 2223 587 2247 numerus,
604 2215 726 2250 variique
747 2216 821 2242 modi
835 2216 913 2250 queis
930 2223 979 2251 pro
989 2216 1089 2251 pietate

1140 1652 1297 1687 ὲπιγράφει,
1312 1650 1468 1683 Συνέσεως
1492 1649 1531 1683 τῷ
1550 1651 1652 1686 Ἀσὰρ,
1671 1651 1717 1678 καὶ
1739 1649 1833 1686 προῖὼν
1856 1647 1909 1682 ἑξῆς

1140 1698 1387 1733 ἀνακεφαλαιοῦται
1405 1698 1493 1724 αὐτῶν
1510 1697 1600 1729 πάσας
1618 1697 1668 1729 τὰς
1686 1696 1857 1733 παρανομίας.

1517 1801 1554 1827 Ζ¹.

1183 1846 1396 1882 Ἑπιτεμόμενος
1416 1855 1446 1872 ’το
1469 1846 1570 1881 πλῆθος
1595 1846 1648 1873 τῶν
1677 1845 1849 1882 ἀσεϐημάτων
1870 1841 1908 1869 τοῦ

1146 1892 1280 1919 Ἰουδαίων
1297 1892 1399 1924 ἔθνους,
1417 1892 1464 1919 καὶ
1478 1891 1572 1927 ὥσπερ
1589 1893 1618 1919 ἐν
1634 1893 1719 1928 στήλῃ
1736 1892 1784 1924 τὰς
1800 1890 1854 1918 κατ’
1869 1889 1909 1915 αὑ·

1139 1938 1193 1965 τῶν
1209 1939 1376 1974 κατηγορίας
1388 1938 1555 1970 ὲντυπώσας,
1570 1939 1726 1971 ἀκολούθως
1739 1938 1782 1966 διὰ
1794 1937 1842 1965 τῶν
1855 1942 1910 1970 προ-

1140 1984 1273 2020 κειμένων
1287 1985 1336 2020 τὴν
1348 1985 1495 2020 γενομένην
1511 1986 1570 2012 κατ’
1586 1985 1675 2012 αὐτῶν
1688 1985 1859 2012 ἐπανάστασιν
1869 1988 1909 2007 κα-

1138 2031 1173 2058 τὰ
1188 2031 1250 2062 τοὺς
1265 2031 1377 2066 χρόνους
1393 2031 1529 2066 Ἀντιόχου
1543 2030 1592 2057 τοῦ
1609 2031 1659 2065 ’τῆς
1680 2031 1776 2067 Συρίας
1797 2026 1908 2064 βασιλέως

1140 2074 1272 2107 θεσπίζει.
1282 2075 1311 2101 '0
1324 2075 1444 2101 ἐπελθὼν
1461 2078 1516 2107 τοῖς
1536 2076 1740 2111 Ἰεροσολύμοις,
1760 2075 1788 2102 οὐ
1803 2070 1909 2106 καθαιρεῖ

1142 2120 1201 2155 μὲν,
1219 2120 1327 2156 βεϐηλοί
1341 2120 1368 2146 ὀὲ
1379 2120 1410 2147 τὸ
1423 2122 1444 2147 ts
1450 2121 1505 2156 ρδν,
1519 2121 1724 2158 είδωλολατρεῖν
1735 2118 1908 2153 ὲπαναγκάσας

1139 2165 1169 2192 τδ
1185 2166 1268 2198 ἔθνος.
1284 2167 1393 2193 Τούτων
1410 2167 1438 2193 δὲ
1454 2167 1502 2202 τὴν
1521 2167 1640 2203 ἱστορίαν
1655 2169 1671 2203 ἠ
1687 2168 1740 2194 τῶν
1759 2167 1909 2199 ἐπιγεγραμ-

1142 2212 1230 2248 μένων
1254 2212 1441 2239 Μακκαϐαίων
1463 2213 1552 2248 βίϐλος
1574 2214 1713 2249 περιέχει·
1738 2208 1803 2249 ἐνῇ
1822 2209 1863 2237 καὶ
1880 2207 1908 2233 τὰ

302 2261 462 2296 martyrium
475 2261 596 2295 perpessi
610 2265 684 2293 sunt,
704 2261 908 2289 describuntur.
923 2261 1014 2294 Quare
1032 2263 1086 2297 spi-

1142 2258 1230 2294 πλήθη
1245 2258 1299 2285 τῶν
1316 2259 1507 2294 ἀνῃρημένων,
1524 2259 1550 2285 οἴ
1564 2268 1593 2286 τε
1610 2260 1706 2295 τρόποι
1719 2258 1770 2285 τῶν
1787 2257 1834 2284 ὑπὸ
1846 2255 1909 2281 εὐσε-

302 2307 371 2333 ritus
385 2306 560 2341 propheticus
576 2306 626 2333 llas
644 2307 782 2341 supplices
799 2315 881 2334 voces
897 2315 946 2341 pro
962 2307 1091 2335 universo

301 2352 403 2386 populo
417 2351 530 2379 ellundit
547 2361 552 2378 :
571 2351 652 2385 Deus,
667 2357 793 2379 uenerunt
808 2357 893 2387 gentes
906 2354 933 2379 in
951 2353 1092 2380 Ita'redita-

302 2402 352 2424 lent
369 2402 441 2424 luant
454 2417 461 2429 ,
475 2398 628 2432 polluerunt
649 2398 774 2431 templum
787 2403 909 2424 sanctum
934 2403 1022 2429 tuum.
1043 2405 1091 2432 po-

301 2448 410 2469 suerunt
430 2443 579 2471 Jerusalem
601 2445 630 2470 iu
651 2452 789 2478 pontorum
810 2444 970 2471 custodiant.
988 2443 1088 2470 Posue-

302 2492 364 2514 runt
388 2491 531 2517 morticina
554 2499 690 2517 servarunt
716 2496 821 2517 tuorum
841 2499 914 2518 escas
937 2490 1089 2517 volatilibus

301 2535 376 2566 ctzli,
390 2543 480 2563 carnes
495 2541 646 2564 sanctorum
662 2543 768 2564 tuorum
784 2537 873 2564 bestiis
888 2543 964 2565 terra:
978 2538 1011 2565 ’“.
1026 2537 1088 2564 Haec

301 2582 335 2608 ad
349 2582 463 2617 gloriatur
480 2584 568 2618 gentis
583 2584 748 2619 vergebant,
765 2592 850 2619 quare
864 2592 961 2620 magna
977 2591 1039 2611 cum
1058 2584 1089 2610 li-

302 2626 383 2653 ducia
397 2626 468 2654 dicta
483 2632 556 2654 sunt.
573 2627 672 2655 Verum
689 2637 744 2656 non
759 2629 824 2656 talia
839 2633 918 2656 erant
933 2629 961 2656 in
976 2633 1089 2664 septua-

303 2672 407 2707 grsimo
435 2673 532 2704 tertio,
557 2673 585 2700 in
605 2682 660 2709 quo
680 2674 842 2702 dicebatur:
863 2674 979 2711 thuid,
1001 2675 1088 2706 Deus,

306 2718 427 2753 repuliin
443 2718 469 2744 in
487 2719 583 2752 ﬁnem,
603 2720 689 2747 iratus
702 2726 741 2747 est
762 2721 838 2754 [uror
853 2725 913 2748 tuus
934 2729 1013 2754 super
1030 2729 1088 2748 oves

301 2770 407 2796 pascua:
422 2769 473 2789 tute
486 2762 527 2789 ⁸⁵⁸1
542 2762 597 2790 lllis
608 2764 708 2798 quippe
723 2764 839 2799 abjectio
855 2766 946 2799 populi
964 2765 991 2791 in
1007 2765 1088 2792 linem

303 2816 390 2843 usque
404 2808 606 2841 declarabatur,
628 2817 734 2837 necnon
754 2814 893 2845 postrema
911 2810 1088 2848 Jerosolymze

337 2887 360 2902 ⁸³
373 2886 443 2914 Psal.
461 2895 561 2920 tum,
585 2889 608 2916 l.

1141 2305 1216 2336 ϐείας
1246 2305 1497 2340 μεμαρτυρηκότων
1529 2307 1594 2340 παρ’
1612 2306 1703 2338 αὐτοῖς
1725 2304 1906 2339 ἀνεγράφησαν-

1140 2350 1185 2377 Διὸ
1204 2351 1233 2377 τὸ
1250 2350 1417 2387 προφητικὸν
1432 2351 1543 2387 Πνεῦμα
1560 2352 1678 2384 ἔντευξιν
1691 2352 1759 2387 ὑπὲρ
1771 2350 1815 2377 τοῦ
1823 2346 1908 2377 παντὸς

1136 2396 1296 2431 ἀναπέμπει
1313 2396 1377 2423 λαοῦ
1394 2397 1507 2431 φάσκον·
1518 2398 1544 2423 '0
1559 2398 1639 2430 Θεὸς,
1652 2398 1785 2432 ἤλθοσαν
1798 2396 1862 2427 ἔθνη
1873 2393 1908 2423 εἰς

1139 2443 1196 2476 τὴν
1224 2443 1428 2477 κληρονομίαν
1452 2451 1520 2476 σου,
1545 2444 1672 2478 ἐμίαναν
1694 2445 1745 2471 τὸν
1772 2442 1841 2469 ναὸν
1865 2438 1909 2465 τὸν

1138 2489 1224 2522 ἅγιόν
1245 2497 1320 2521 σου,
1341 2490 1442 2516 ἑθεν-το
1461 2490 1654 2525 Ἰερουσαλὴμ
1674 2492 1716 2522 είς
1734 2483 1906 2523 ὀπωροφυλά-

1139 2536 1346 2562 κιον.Ἕθεντο
1359 2536 1395 2562 τὰ
1409 2537 1571 2572 θιιησιμαῖα
1584 2536 1644 2564 τῶν
1657 2537 1771 2564 δούλων
1779 2542 1833 2561 σου
1840 2529 1907 2566 ,ϐρώ-

1140 2589 1216 2610 ματα
1230 2581 1291 2613 τοῖς
1304 2582 1452 2615 πετεινοῖς
1464 2583 1515 2610 τοῦ
1528 2583 1667 2618 οὐρανοῦ,
1678 2583 1730 2615 τὰς
1742 2579 1850 2614 σάρκας
1858 2575 1906 2602 τῶν

1139 2626 1233 2653 ὁσίων
1258 2634 1316 2654 σου
1341 2628 1403 2661 τοῖς
1424 2630 1537 2663 θηρίοις
1558 2628 1614 2663 τῆς
1628 2629 1693 2664 τῆς.
1711 2626 1798 2654 Ταῦτα
1820 2623 1867 2658 γὰρ
1879 2618 1906 2654 ἦν

1143 2673 1368 2708 σεμνολογήματα
1384 2674 1430 2701 τοῦ
1448 2674 1549 2704 ἔθνους·
1566 2675 1606 2702 διὸ
1626 2675 1673 2701 σὺν
1686 2671 1820 2708 παρρησίᾳ
1835 2665 1905 2699 πολλῇ

1141 2718 1260 2746 λέλεκτο.
1270 2720 1338 2746 Ἀλλ’
1351 2721 1380 2746 οὺ
1403 2721 1515 2747 τοιαῦτα
1534 2718 1568 2756 ἦν
1591 2720 1626 2747 τὰ
1648 2721 1676 2746 ὲν
1691 2719 1730 2754 τῷ
1744 2721 1767 2752 γ’
1779 2716 1821 2744 καὶ
1837 2717 1864 2743 o’,
1878 2709 1904 2736 δι’

1141 2762 1170 2791 οὗ
1186 2764 1294 2799 ἐλέγετο
1303 2774 1310 2781 ·
1327 2766 1389 2793 Ἵνα
1402 2767 1442 2798 τί,
1458 2768 1474 2794 ὀ
1494 2767 1576 2800 Θεὸς.
1589 2767 1697 2794 ἀπώσω
1710 2766 1751 2797 εἰς
1762 2762 1849 2792 reﬂ/10C.
1860 2757 1904 2789 ὥθ’

1141 2811 1230 2846 γίσθη
1255 2813 1270 2839 ὀ
1291 2813 1384 2847 θυμός
1398 2821 1456 2840 σου
1471 2814 1519 2841 ἐπὶ
1538 2815 1669 2849 πρόϐατα
1687 2810 1778 2847 νομῆς
1789 2812 1854 2836 σσυέ
1868 2801 1904 2827 Ἑν

648 2888 669 2904 ³³
687 2887 760 2915 Psal.
777 2896 891 2922 uniti,
910 2889 935 2923 l,
953 2889 980 2916 2.
1022 2889 1042 2906 ⁸⁵
1060 2888 1133 2918 Psal.
1151 2897 1246 2925 tum,
1268 2890 1290 2917 l.
