2024 3214
281 166 331 196 851

315 271 465 299 Admodum
479 275 678 306 consequenter
698 271 730 297 ad
752 270 888 305 praedicta,
902 269 968 302 hac,
984 275 1066 303 quam

279 321 439 348 tractamus.
463 318 615 353 prophetia,
641 325 688 351 pro
713 316 889 343 torcularibus
900 315 920 331 ⁸⁷
936 315 1067 349 inscripta

278 367 329 393 est.
345 367 371 390 et
387 363 419 390 ad
435 363 515 390 linem
529 362 651 390 remittit.
665 361 825 389 Torcularia
838 369 918 396 porro
929 361 972 387 hic
988 363 1067 387 vocat

278 409 414 437 Ecclesiae
433 409 480 437 Dei
500 418 548 444 per
559 414 646 436 totum
658 409 752 436 orbem
774 409 950 440 constitutas,
963 409 990 435 in
1005 408 1067 443 qui-

278 454 329 482 bus
351 460 452 482 sanctze
474 455 547 482 illius
567 455 653 482 vinea:
673 455 809 481 vindemia
831 454 977 489 colligitur.
1003 453 1068 481 Stu-

275 500 366 535 pendo
382 505 473 528 autem
496 501 577 528 modo
595 509 642 535 pro
667 500 855 533 torcularibus,
876 504 937 536 post
958 501 1066 528 destru-

276 549 348 572 ctam
364 546 483 580 priorem
504 546 623 578 vineam,
644 546 812 574 inscribitur.
828 546 874 573 Illa
895 554 1013 581 namque
1032 547 1066 574 ab

276 591 378 626 agresti
392 599 458 626 apro
476 596 591 625 vastata,
608 597 690 627 atque
705 592 823 620 maceria
838 592 899 627 ejus
914 592 1064 625 destructa,

275 636 320 663 hic
333 638 480 664 multorum
494 638 684 669 toreularium,
695 646 750 665 non
765 638 847 666 unius
859 642 976 670 tantum,
989 646 1068 666 men-

276 683 314 708 tio
331 682 456 710 habetur.
486 683 618 711 Torcular
642 688 732 711 autem
754 684 871 719 primum
894 685 972 716 illud,
992 684 1064 719 quod

275 735 360 754 unum
376 732 445 760 erat,
466 727 622 756 declarabat
641 729 726 757 Isaias
745 730 788 758 his
808 730 918 757 verbis:
932 730 966 757 Et
981 730 1066 765 mliﬁ-

275 772 332 799 ιςουὶ
353 774 460 806 turrim,
485 778 511 801 et
528 775 697 808 protorcular
714 775 771 809 fodi
792 776 820 802 in
841 776 899 810 ipsa
909 776 943 808 "',
961 776 1065 803 scilicet

274 817 363 845 vinea.
388 818 423 845 At
448 823 592 854 postquam
619 821 713 855 prima:
739 821 823 849 turris
847 821 955 848 ruinam
984 826 1065 856 atque

274 864 474 897 protorcularis
493 865 719 899 destructionem,
740 867 860 901 itemque
880 867 964 894 totius
979 867 1065 894 vinea:
1079 885 1103 916 Β

275 908 470 936 desolationem
496 910 554 938 illic
580 915 774 945 enarraverat;
796 912 859 946 jure
886 912 914 939 in
936 913 1063 947 praesenti

272 954 394 982 omnium
418 956 539 990 gentium
562 958 735 985 vocationem
757 958 911 990 denuntiat,
935 966 997 985 eum
1016 966 1064 992 pro

274 999 452 1027 torcularibus
474 1001 645 1036 prophetiam
668 1003 806 1030 inscribit.
828 1002 1010 1036 Quamobrem
1030 1004 1064 1030 ad

270 1045 400 1080 gaudium
415 1049 442 1073 et
455 1046 574 1074 laetitiam
585 1055 644 1079 eos,
661 1048 761 1083 quibus
773 1047 950 1083 Evangelium
965 1049 1063 1084 praedi-

271 1095 362 1124 catur,
387 1092 485 1119 invitat
501 1093 596 1121 dicens
611 1103 618 1121 :
632 1093 773 1121 Enultale
798 1094 853 1121 Deo
873 1095 991 1129 adjutori
1015 1102 1063 1122 no-

270 1141 337 1169 stro,
360 1138 474 1172 jubilate
495 1138 551 1166 Deo
565 1138 660 1167 Jacob.
678 1140 781 1168 Sumite
797 1142 941 1176 psalmum,
961 1146 986 1168 et
1001 1141 1063 1168 date

271 1188 438 1219 tympanum,
461 1185 620 1219 psalterium
637 1186 786 1221 jucundum
809 1196 869 1214 cum
891 1188 1005 1216 cithara.
1030 1188 1062 1215 Et

268 1228 327 1256 hac
341 1229 452 1264 quidem
474 1231 508 1258 iis
532 1231 578 1266 qui
600 1231 674 1267 digni
694 1231 842 1268 Evangelio
864 1237 940 1265 sunt,
960 1234 1062 1268 quique

269 1275 389 1309 propriis
412 1275 551 1304 fructibus
570 1278 719 1304 toreularia
744 1279 861 1314 replent.
887 1279 925 1306 De
948 1278 1061 1307 Judaica

269 1327 335 1347 vero
347 1324 430 1355 gente
445 1321 520 1350 clare
537 1322 679 1358 subjungit
693 1333 700 1351 :
713 1323 749 1350 Et
767 1333 819 1351 non
835 1325 934 1352 audivi!
949 1326 1060 1360 populus

268 1373 341 1392 meas
361 1374 448 1394 uocem
464 1375 561 1400 meam,
578 1373 603 1395 et
619 1368 706 1396 Israel
721 1378 773 1397 non
793 1371 906 1398 intendit
930 1372 1005 1399 mihi.
1026 1371 1061 1398 Et

267 1410 359 1438 dimisi
379 1420 424 1439 eos
446 1414 591 1441 secundum
614 1414 747 1443 desideria
764 1417 853 1444 cordis
876 1426 975 1444 eorum.
997 1417 1060 1446 Hac

268 1463 351 1492 po:ro
366 1459 603 1492 opportunissime
622 1461 786 1495 praecedenti
805 1463 953 1497 prophetiae
971 1463 1061 1491 cohae-

266 1506 338 1530 rent.
357 1502 594 1536 Quemadmodum
614 1506 687 1534 enim
704 1507 762 1534 illic
780 1508 867 1536 vinea:
881 1509 990 1536 ruinam
1010 1509 1059 1537 de-

633 166 768 195 EUSEBII
783 164 1022 194 CAZSARIENSIS
1034 161 1107 190 OPP.
1126 160 1216 189 PARS
1230 159 1274 188 Ill.
1286 174 1317 181 -—
1328 156 1534 186 EXEGETICA.

611 234 620 243 -
655 225 702 253 1X.
1084 222 1107 251 Α

1838 153 1888 181 85!

1497 214 1535 241 8'.

1154 264 1260 300 Σφόδρα
1275 262 1428 293 ἀκολούθως
1447 262 1503 292 τοῖς
1521 257 1704 295 προλεχθεῖσιν
1718 257 1735 291 ἡ
1759 254 1824 290 μετὰ
1840 255 1890 290 χει-

1118 319 1168 346 ρας
1183 310 1334 345 προφητεία
1350 309 1425 342 ὑπὲρ
1441 307 1500 334 τῶν
1512 305 1615 339 ληνῶν
1627 303 1836 339 προγέγραπται,
1846 301 1889 328 καὶ

1116 357 1156 388 εἰς
1169 356 1199 383 τὸ
1211 355 1285 387 τέλος
1297 355 1462 390 ἀναπέμπει.
1479 351 1582 388 Ληνοὺς
1592 350 1620 376 δὲ
1635 348 1678 376 διὰ
1691 348 1789 375 τούτων
1801 347 1888 381 ὀνομά-

1117 402 1157 434 ζει
1176 401 1225 433 τὰς
1247 401 1307 427 καθ’
1332 400 1396 434 ὅλης
1420 399 1470 433 τῆς
1496 392 1822 431 οἱκουμένηςἙκκλησίας
1846 391 1887 417 τοῦ

1115 447 1193 480 Θεοῦ,
1207 448 1235 473 ὲν
1248 444 1288 478 οἷς
1303 448 1318 473 ὁ
1328 445 1462 482 τρυγητδς
1474 444 1523 478 τῆς
1535 443 1614 476 ἁγίας
1625 439 1746 487 ἀμπέλου
1759 438 1886 487 συνῆκτμι.

1116 493 1279 529 Παραδόεως
1305 493 1333 519 δὲ
1361 491 1580 528 προγέγραπται,
1604 487 1680 522 ὑπὲρ
1707 485 1765 513 τῶν
1786 485 1887 518 ληνῶν,

1117 528 1187 574 μετὰ
1202 539 1247 566 τὸν
1267 537 1420 573 ἀφανισμὸν
1437 536 1485 571 τῆς
1510 534 1645 571 προτέρας
1660 531 1794 578 ἀμπέλουἶ
1808 528 1888 578 ,Ἐκείῐ

1115 593 1164 620 νης
1178 583 1232 618 γὰρ
1248 582 1431 618 λυμανθείσης
1449 581 1500 607 ὑπὸ
1514 580 1559 607 τοῦ
1576 579 1671 626 ἀγρίου
1761 575 1887 626 (“eL-.136

1114 639 1144 656 τε
1167 629 1294 665 φραγμοῦ
1317 629 1403 664 αὐτῆς
1425 626 1643 663 καθαιρεθέντος,
1661 623 1775 651 ἐνταῦθα
1795 620 1887 648 πολλῶν

1114 676 1202 712 ληνῶν
1218 676 1264 702 καὶ
1277 676 1369 702 οὐκέτι
1384 675 1448 710 μιᾶς
1462 675 1476 700 ὁ
1490 673 1568 707 λόγος
1583 669 1756 707 μνημονεύει.
1772 667 1850 703 Ληνὺν
1863 665 1888 693 δὶ

1116 723 1181 758 μίαν
1201 723 1249 758 τὴν
1266 722 1376 758 πρώτην
1392 721 1486 757 ἐδήλου
1501 721 1546 747 καὶ
1559 721 1572 746 ὁ
1590 718 1704 748 Ἡσαΐας
1725 715 1823 749 λέγων·
1840 712 1888 739 Καὶ

1114 771 1293 806 ᾠκοδόμησα
1318 770 1442 805 πύργον,
1467 768 1516 795 καὶ
1541 765 1709 801 ,προλήνιογ
1736 762 1834 797 ὥρυεα
1858 760 1888 787 ἐν

1115 818 1205 852 αὐτῷ,
1220 817 1318 853 δηλαδὴ
1339 816 1378 852 τῷ
1394 815 1544 852 ἀμπελῶνι.
1569 813 1636 840 Ἀλλ’
1652 811 1714 838 ἐπεὶ
1729 809 1778 846 τὴν
1797 808 1887 858 πτῶσιν

1117 866 1210 901 ὲδήλου
1227 864 1273 891 τοῦ
1287 864 1419 900 προτέρου
1433 862 1549 897 πύργου,
1565 860 1612 887 καὶ
1624 858 1668 886 τδν
1686 855 1834 892 ἀφανισμὸν
1847 855 1887 901 τοῦ

1116 899 1270 946 προληνίου,
1287 910 1336 945 τήν
1353 918 1382 935 τε
1405 908 1451 934 τοῦ
1475 907 1574 938 παντὸς
1600 903 1761 940 ἀμπελῶνος
1784 899 1887 937 ἐρημίαν

1114 957 1143 983 ὲν
1159 957 1287 987 ἐκείνοις·
1310 955 1422 985 εἰκότως
1446 954 1490 980 διά
1514 952 1559 979 τοῦ
1588 950 1720 986 παρόντος
1741 949 1795 976 τῶν
1814 946 1887 973 ἐθνῶν

1114 1002 1241 1029 ἁπάντων
1256 1001 1305 1037 τὴν
1321 1000 1417 1036 κλῆσιν
1438 998 1652 1033 εὐαγγελίζεται,
1674 996 1751 1030 ὑπὲρ
1767 994 1822 1022 τῶν
1839 995 1886 1027 λη-

1113 1048 1174 1076 νῶν
1190 1047 1346 1083 ἐπιγράψας
1362 1047 1413 1082 τὴν
1432 1044 1609 1082 προφητείαν.
1625 1043 1671 1069 Διὸ
1686 1042 1732 1070 ὲπί
1749 1041 1831 1078 χαρὰν
1847 1039 1887 1066 καὶ

1113 1094 1281 1130 εὐφροσύνην
1300 1092 1476 1128 προκαλεῖται
1492 1092 1555 1122 τοὺς
1570 1087 1826 1124 εὑαγγελιζομένους
1845 1085 1887 1120 φά-

1113 1150 1202 1168 σκων·
1231 1139 1425 1175 Ἀγαλιιᾶσθε
1452 1137 1491 1170 τῷ
1519 1136 1579 1169 Θεῷ
1601 1136 1641 1168 τῷ
1664 1134 1768 1169 ,ϐοηθῷ

1111 1187 1284 1219 (Luctiﬁcus
1307 1186 1346 1219 τῷ
1363 1185 1424 1218 Θεῷ
1442 1184 1548 1212 Ἰακώϐ.
1568 1183 1678 1211 Λάϐετε
1701 1181 1829 1217 ψαλμὸν,
1845 1179 1886 1206 καί

1111 1234 1179 1260 δότε
1201 1234 1366 1268 τύμπανον,
1390 1231 1560 1266 ψαλτήριον
1582 1229 1714 1264 τερπνὸν
1729 1228 1801 1263 μετὰ
1816 1224 1886 1253 κιθά-

1107 1289 1175 1316 ρας.
1196 1279 1288 1306 Ταῦτα
1305 1279 1354 1314 μὲν
1367 1276 1413 1305 οὖν
1427 1279 1482 1309 τοῖς
1494 1277 1579 1309 ἀξίοις
1592 1275 1637 1303 τοῦ
1650 1274 1825 1309 Εὑαγγελίου,
1840 1272 1887 1303 τοῖς

1111 1327 1160 1358 τὰς
1173 1327 1270 1362 ληνοὺς
1283 1325 1336 1352 ἀπὸ
1349 1324 1402 1352 τῶν
1415 1324 1524 1350 οἰκείων
1538 1322 1651 1358 καρπῶν
1668 1320 1811 1357 πληροῦσι.
1829 1318 1887 1354 Περὶ

1110 1374 1137 1400 δὲ
1158 1373 1204 1400 τοῦ
1224 1371 1355 1399 Ἰουδαίων
1373 1371 1465 1402 ἔθνους
1491 1370 1584 1404 σαφῶς
1605 1368 1744 1403 ἐπιλέγει·
1769 1366 1822 1394 Καὶ
1839 1366 1886 1392 οὐκ

1110 1419 1246 1454 ἢκουσε-ν
1259 1420 1274 1445 ό
1285 1418 1360 1451 λαός·
1371 1426 1432 1453 μου
1445 1416 1500 1451 τῆς
1518 1415 1620 1450 φωνῆς
1627 1423 1700 1450 μου,
1716 1413 1764 1440 καί
1782 1410 1886 1446 Ἰσραὴλ

1110 1466 1146 1491 οὺ
1162 1463 1316 1498 προσέσχε
1333 1471 1394 1498 μοι.
1411 1462 1466 1489 Καὶ
1485 1460 1688 1494 ἑξαπέστειλα
1702 1458 1810 1491 αὐτοὺς
1822 1455 1887 1484 κατὰ

1110 1512 1147 1538 τὰ
1161 1510 1380 1545 ἐπιτηδεύματα
1402 1509 1458 1542 τῆς
1472 1508 1596 1542 καρδίας
1608 1507 1728 1537 αὐτῶν.
1746 1505 1844 1540 Πολλῆς
1862 1503 1887 1531 δέ

265 1547 401 1582 clarabat,
420 1549 458 1577 ita
476 1550 560 1578 etiam
582 1552 633 1579 hoc
652 1553 715 1580 loco
734 1554 894 1582 earumdem
916 1554 1057 1583 hominum

1110 1556 1200 1592 ἔχεται
1214 1554 1372 1586 ἀκολουθίας
1386 1553 1471 1581 ταῦτα
1487 1553 1554 1589 πρὸς
1565 1553 1614 1588 τὴν
1627 1552 1782 1588 ἔμπροσθεν
1795 1558 1886 1587 προφη-

264 1593 504 1629 inobsequentiam
527 1600 671 1633 coarguit;
687 1602 716 1626 et
745 1600 818 1627 sicut
841 1600 870 1627 in
896 1600 943 1627 illo
966 1601 1055 1628 virum

265 1638 384 1667 dexterae
409 1640 469 1673 Dei,
491 1646 518 1669 et
533 1641 631 1670 Filium
657 1643 777 1673 hominis
798 1646 989 1673 conﬁrmatum
1011 1647 1055 1674 in-

265 1683 356 1717 duxit,
379 1686 419 1713 sic
443 1686 482 1714 illi
499 1687 570 1715 hanc
593 1689 736 1724 subiunxit
758 1691 939 1726 prophetiam,
957 1692 1056 1719 inseri-

265 1733 340 1764 ptam
356 1739 405 1766 pro
425 1733 616 1766 torcularibus,
640 1735 667 1762 id
688 1740 741 1769 est,
756 1736 888 1765 Ecelesiis
910 1737 968 1771 Dei,
985 1746 1054 1774 quas

269 1774 358 1805 Filius
368 1777 488 1807 hominis
496 1780 649 1809 constituit.

299 1955 351 1985 Hic
364 1957 456 1994 Asaph
476 1959 542 1988 deos
558 1961 675 1994 inducit,
688 1967 715 1990 et
733 1962 818 1990 Deum
837 1964 864 1991 in
885 1965 975 1992 med.o
990 1966 1056 1994 deo-

263 2009 337 2035 rum,
350 2012 409 2037 eos,
423 2006 470 2040 qui
482 2006 521 2033 dii
537 2012 680 2041 vocantur,
696 2009 893 2044 dijudicantem
905 2017 931 2040 et
946 2013 1055 2048 quidem

263 2051 440 2077 necessario:
465 2059 528 2079 nam
555 2055 618 2088 quia
650 2056 777 2090 superius
801 2060 887 2084 totam
912 2057 1054 2086 Iudaicam

264 2099 372 2129 gentem
390 2096 542 2130 incusabat,
560 2106 760 2136 consequenter
774 2103 801 2129 in
818 2105 944 2137 praesenti
959 2113 1054 2132 eorum

265 2140 404 2176 principes
418 2144 561 2177 speciatim
579 2147 714 2181 coarguit.
737 2147 838 2176 Deinde
856 2150 920 2184 quia
940 2151 966 2177 in
983 2159 1055 2186 prte-

264 2187 372 2214 cedenti
390 2189 495 2223 psalmo
511 2190 651 2219 Christum
667 2192 726 2226 Dei,
745 2194 834 2221 virum
851 2195 971 2224 dexterae
994 2197 1055 2232 ejus

1105 1601 1192 1628 τείαν.
1211 1600 1255 1632 Ὠς
1268 1599 1323 1635 γὰρ
1337 1599 1395 1626 ἐκεῖ
1409 1599 1459 1634 τῆς
1471 1598 1593 1633 ἀμπέλου
1610 1597 1655 1624 τὸν
1669 1596 1820 1632 ἀφανισμὸν
1833 1594 1886 1631 ὶδή-

1105 1647 1162 1678 λου,
1180 1645 1252 1673 οὕτω
1288 1645 1336 1673 καὶ
1354 1644 1471 1672 ἐνταῦθα
1492 1644 1545 1671 τῶν
1566 1644 1656 1670 αὐτῶν
1671 1644 1704 1670 τὺ
1723 1642 1829 1674 ἀπειθὲς
1845 1640 1886 1668 καὶ

1106 1694 1220 1729 ἀνήκοον
1235 1692 1356 1728 ὲλέγχει’
1371 1691 1418 1719 καὶ
1434 1691 1472 1723 ὡς
1489 1691 1518 1717 ἐν
1539 1690 1635 1725 ἐκείνῳ
1650 1690 1736 1726 ἄνδρα
1751 1689 1835 1721 δεξιᾶς
1846 1685 1885 1713 τοῦ

1106 1739 1174 1766 Θεοῦ
1188 1739 1332 1774 εἰσήγαγε,
1348 1738 1396 1765 καὶ
1413 1737 1476 1763 Υἱὺν
1488 1736 1632 1772 ἀνθρώπου
1647 1734 1885 1772 κεκραταιωμένον,

1105 1785 1176 1812 οὕτω
1208 1784 1253 1811 διὰ
1272 1783 1325 1810 τῶν
1344 1783 1532 1819 προκειμένων
1552 1781 1601 1816 τὴν
1624 1781 1703 1816 ὑπὲρ
1723 1780 1781 1807 τῶν
1794 1776 1885 1814 ληνῶν

1107 1831 1209 1866 συνῆψε
1221 1830 1400 1866 προφητείαν,
1413 1828 1513 1865 δηλαδὴ
1527 1828 1579 1854 τῶν
1588 1827 1758 1863 Ἐκκλησιῶν
1769 1825 1813 1853 τοῦ
1824 1823 1884 1852 Θεοῦ

1105 1877 1140 1909 ἃς
1157 1878 1171 1904 ὁ
1188 1877 1252 1908 Υἱὸς
1268 1875 1315 1903 τοῦ
1330 1875 1473 1911 ἀνθρώπου
1492 1873 1687 1909 συνεστήσατο.

1142 1970 1224 2000 Θεοὺς
1240 1969 1344 2003 εἰσάγει
1361 1968 1408 1995 καὶ
1421 1967 1488 1994 Θεὸν
1505 1968 1533 1994 ὲν
1548 1967 1622 2003 μέσῳ
1638 1966 1708 1994 θεῶν
1727 1965 1884 2001 διακρίνοντα

1105 2016 1168 2048 τοὺς
1183 2015 1391 2050 ὠνομασμένους
1408 2014 1484 2046 θεοὺς
1501 2015 1530 2040 ὲν
1554 2013 1659 2045 τούτοις
1674 2014 1689 2040 ὁ
1707 2012 1790 2046 Ἀσάφ
1812 2011 1884 2044 ἀναγ-

1106 2063 1209 2094 καίωςσ
1232 2060 1325 2096 ἐπειδὴ
1345 2060 1400 2096 γὰρ
1418 2060 1463 2087 διὰ
1478 2060 1532 2086 τῶν
1552 2058 1708 2094 ἔμπροσθεν
1727 2057 1772 2084 τοῦ
1795 2054 1883 2085 παντὸς

1112 2107 1245 2135 Ἰουδαίων
1270 2107 1363 2138 ἔθνους
1388 2107 1553 2142 κατηγόρει,
1584 2105 1740 2137 ἀκολούθως
1769 2103 1813 2130 ἐπὶ
1841 2099 1881 2127 τοῦ

1105 2154 1239 2189 παρόντος
1252 2154 1314 2185 τοὺς
1331 2153 1396 2188 παρ’
1419 2152 1511 2183 αὐτοῖς
1532 2153 1664 2188 ἄρχοντας
1690 2151 1762 2182 ἰδίως
1777 2145 1881 2183 ἐλέγχει.

1106 2199 1162 2227 Εἶτ’
1179 2200 1273 2236 ἐπειδὴ
1286 2200 1332 2227 τὸν
1346 2199 1463 2235 Χριστὸν
1480 2199 1526 2226 τοῦ
1544 2198 1611 2225 Θεοῦ
1634 2199 1663 2225 ὲν
1678 2197 1717 2233 τῷ
1733 2197 1784 2232 πρὸ
1798 2195 1882 2222 τούτου

262 2237 289 2260 et
302 2232 401 2261 Filium
418 2235 540 2264 hominis
554 2238 747 2266 conﬁrmatum
767 2246 922 2273 vocaverat,
943 2242 1003 2278 ejus
1025 2244 1053 2271 in

1109 2247 1188 2283 ἄνδρα
1201 2232 1325 2282 ὠνόμασε
1338 2232 1428 2278 δεξιᾶς
1446 2244 1527 2272 αὑτοῦ
1546 2244 1594 2271 καὶ
1608 2243 1671 2270 Υἱὸν
1691 2232 1829 2278 ἀνθρώπου
1842 2246 1880 2264 κε-

264 2287 346 2308 carne
357 2281 502 2310 adventum
521 2283 564 2312 his
579 2285 748 2320 signiﬁcans.
766 2295 800 2315 ne
813 2288 875 2323 quis
888 2290 976 2323 ipsum
993 2299 1053 2318 me-

262 2333 324 2352 rum
340 2326 489 2361 hominem,
506 2332 533 2356 et
546 2330 639 2358 multis
651 2331 712 2359 aliis
727 2332 844 2360 similem
861 2334 1052 2368 arbitraretur,

262 2370 351 2405 ipsum
368 2372 412 2400 hic
428 2373 512 2401 Deum
526 2376 656 2410 praedicat
671 2376 714 2405 his
728 2377 819 2405 verbis
835 2387 842 2405 :
857 2378 927 2406 Deus
942 2381 1012 2406 stetit
1026 2381 1052 2408 in

262 2426 398 2454 synagoga
414 2419 523 2448 deorum
537 2421 570 2449 ⁸³.
589 2422 626 2458 (l)
642 2422 680 2450 Ac
700 2431 734 2451 ne
746 2424 808 2459 quis
825 2424 860 2452 ob
876 2427 1053 2462 monarchiae,

262 2464 319 2491 sive
336 2465 416 2494 unius
431 2467 560 2503 principii
580 2470 713 2497 rationem
730 2471 896 2504 turbaretur,
909 2472 1049 2502 Christum

263 2509 310 2536 Dei
337 2510 420 2539 Deum
443 2521 505 2542 esse
529 2515 661 2549 audiens;
680 2521 864 2552 congruenter
885 2518 929 2546 hic
949 2520 1049 2548 multos

263 2555 330 2584 deos
344 2559 466 2586 nominat
482 2568 530 2588 eos
550 2561 597 2596 qui
612 2563 664 2590 sub
683 2563 740 2590 haec
757 2564 929 2598 incusantur,
942 2570 1049 2594 tantum

262 2609 318 2628 non
335 2603 495 2638 prwcipiens
506 2610 536 2633 ut
552 2614 586 2635 ne
598 2612 759 2636 cunctemur
767 2608 867 2637 Filium
878 2619 986 2646 quoque
1001 2611 1048 2640 Dei

263 2645 347 2674 Deum
368 2655 476 2678 vocare.
494 2650 522 2677 Si
544 2654 616 2680 enim
638 2655 727 2689 gentis
741 2645 891 2691 principes,
909 2645 955 2692 qui
980 2658 1050 2685 male

261 2693 420 2726 audiebant,
441 2695 488 2722 Dei
503 2699 612 2726 nomine
629 2699 732 2735 dignati
757 2705 831 2734 sunt,
847 2703 931 2737 quod,
944 2711 1048 2738 quaeso,

262 2740 412 2773 periculum
429 2741 511 2769 fuerit
529 2744 552 2771 si
567 2745 655 2772 virum
664 2747 781 2775 dexterae
792 2747 838 2776 Dei
854 2753 881 2776 et
891 2749 988 2777 Filium
998 2751 1048 2778 ho-

260 2785 342 2814 minis
362 2787 564 2824 conlirmatum,
583 2790 666 2819 Deum
690 2793 843 2822 fateamur?
865 2795 967 2824 Deinde
982 2805 1047 2826 vero

296 2844 318 2859 ⁸⁷
333 2843 405 2872 Psal.
427 2853 510 2880 uxx,
530 2847 554 2875 i.
593 2848 616 2864 ⁸⁵
632 2848 684 2876 lsa.
703 2858 729 2882 v,
743 2849 770 2877 2.
810 2851 832 2868 "
846 2851 918 2881 Psal.
935 2860 1029 2888 Luxr,
1045 2855 1070 2884 ί.

297 2901 335 2934 ξι)
353 2901 391 2931 De
404 2903 561 2932 monarehia
579 2905 638 2933 vide
653 2905 679 2935 iu
695 2906 774 2934 Praef.

1104 2293 1320 2329 κραταιωμένον.
1337 2292 1387 2328 τὴν
1409 2291 1540 2327 ένσαρκον
1562 2289 1646 2316 αὑτοῦ
1670 2288 1819 2325 παρουσίαν
1840 2293 1882 2329 σηέ

1106 2328 1203 2374 μήνας,
1221 2338 1265 2365 ἵνα
1281 2339 1317 2374 μή
1337 2346 1380 2369 τις
1397 2336 1478 2364 αὑτὸν
1494 2335 1571 2371 ψιλὸν
1590 2334 1721 2361 ὑπολάὸοι
1739 2333 1820 2368 ἄνδρα
1840 2328 1882 2356 καὶ

1103 2386 1160 2416 τοῖς
1174 2384 1282 2416 πολλοῖς
1294 2385 1396 2419 ὅμοιον,
1415 2383 1534 2417 θεολογεῖ
1549 2382 1630 2410 αὑτὸν
1650 2382 1679 2408 ὲν
1693 2382 1748 2411 τοῖς
1760 2378 1825 2415 μετὰ
1836 2376 1882 2412 χεῖ-

1106 2440 1154 2467 ρας
1174 2432 1264 2467 φήσας
1276 2438 1283 2445 ·
1301 2431 1326 2457 Ὀ
1341 2430 1413 2464 Θεὸς
1425 2430 1499 2464 ἔστη
1513 2431 1547 2456 ἐν
1563 2427 1725 2463 συναγωγῇ
1740 2425 1818 2454 θεῶν.
1832 2421 1880 2449 Καὶ

1103 2478 1176 2509 ὅπως
1191 2477 1228 2513 μὴ
1241 2477 1389 2513 ταραχθείη
1402 2485 1444 2508 τις
1459 2477 1499 2507 εἰς
1511 2475 1557 2502 τὸν
1569 2475 1631 2510 περὶ
1643 2473 1789 2510 μοναρχίας
1800 2470 1878 2503 λόγον.

1102 2523 1169 2550 Θεὸν
1193 2512 1302 2550 ἀκούων
1326 2523 1372 2549 τὸν
1397 2522 1514 2558 Χριστὸν
1537 2521 1584 2548 τοῦ
1611 2520 1688 2552 Θεοῦ,
1712 2519 1819 2548 εἰκότως
1839 2512 1880 2541 καὶ

1103 2570 1228 2602 πλείονας
1245 2569 1322 2601 θεοὺς
1344 2569 1471 2604 ὀνομάζει
1486 2568 1549 2599 τοὺς
1564 2567 1608 2594 διὰ
1622 2567 1675 2593 τῶν
1691 2565 1754 2599 ἑξῆς
1771 2568 1878 2595 κατηγοα

1104 2615 1262 2651 ρουμὲνους,
1281 2615 1421 2649 μονονουχὶ
1437 2613 1690 2650 παρακελευόμενος
1709 2611 1744 2646 μὴ
1761 2606 1878 2635 ἀποκνεῖν

1103 2661 1206 2689 καὶτὸν
1220 2661 1283 2688 Υἱὺν
1299 2661 1367 2687 Θεοῦ
1381 2661 1447 2687 Θεὸν
1463 2660 1620 2687 ἀποκαλεῖν.
1635 2659 1666 2685 El
1681 2657 1766 2692 γὰροί
1778 2651 1877 2699 διαόξξ-

1101 2706 1209 2743 λόμενοι
1228 2707 1275 2732 τοῦ
1293 2706 1386 2738 ἔθνους
1402 2707 1531 2742 ἄρχοντες
1549 2704 1605 2731 θεοὶ
1624 2702 1777 2749 ἠξιώθησαν
1789 2699 1876 2749 ovalis!-

1103 2753 1209 2789 σθῆναι,
1229 2754 1303 2784 ποῖος
1318 2752 1350 2779 ἂν
1364 2752 1469 2786 γένοιτο
1485 2751 1607 2782 κίνδυνος
1625 2749 1670 2776 τὸν
1684 2747 1766 2783 ἄνδρα
1784 2747 1829 2778 τῆς
1839 2747 1875 2767 σε’

1101 2799 1159 2833 Eii;
1175 2799 1222 2828 τοῦ
1236 2799 1303 2827 Θεοῦ
1317 2799 1363 2826 καὶ
1377 2799 1422 2826 τὸν
1439 2798 1502 2825 Υἰὸν
1516 2797 1563 2825 τοῦ
1576 2794 1718 2832 ἀνθρώπου
1731 2792 1774 2820 τδν
1788 2794 1874 2822 κεκρα-
