2024 3214
261 207 315 235 835

605 206 737 235 EUSEBII
755 205 993 235 CJESARIENSIS
1012 205 1087 234 OPP.
1107 206 1196 234 PARS
1215 206 1259 234 Ill.
1278 221 1313 228 -—
1332 205 1537 235 EXEGETICA.

1836 195 1889 235 ssc

262 268 336 293 sunt.
355 263 538 292 Duodecimus
555 271 618 291 vero
633 267 696 291 ante
713 263 849 298 psalmum
866 271 883 290 ι.
896 264 1044 292 collocatus

1097 264 1130 291 ιϐ’
1142 264 1194 300 πρὸ
1205 263 1251 290 τοῦ
1265 263 1398 299 ν’ψαλμοῦ
1404 264 1604 292 κατατέτακται
1619 264 1654 290 δι’
1666 263 1698 299 ἢν
1714 264 1888 292 ἀποδεδώκα-

262 313 313 342 est,
331 309 366 336 ob
379 316 490 336 causam
510 316 592 344 quam
609 308 685 335 illum
699 309 868 343 explicantes
893 308 1046 336 attulimus.

262 354 361 382 Verum
376 361 439 390 post
454 355 505 382 hoc
521 354 723 389 cmnpendium.
742 353 860 388 primum
881 358 1046 389 repetentes.

260 401 320 436 ejus
337 401 499 428 sententiam
512 400 666 427 minutatim
682 400 896 434 explorabimus.

409 457 436 484 l:
459 456 621 484 PSALMUS
640 456 763 484 ASAPH.
784 456 889 484 LXXII.

299 503 378 532 ius.
398 504 454 531 1-5.
476 503 563 536 Quam
581 503 664 530 bonus
681 503 768 530 Israel
783 504 853 530 Deus
874 503 906 530 iis
922 503 967 538 qui
983 503 1048 530 recti

260 556 320 578 sunt
333 550 428 577 corde!
443 549 534 577 Tertia
553 557 616 584 pars
630 549 690 576 libri
706 548 875 576 Psalmorum
891 556 906 575 a
922 549 1047 583 praesenti

260 596 365 631 incipit,
382 601 409 623 et
423 596 451 622 in
466 603 586 622 Lxxxvui
603 595 714 626 desinit,
733 595 769 621 ita
792 599 822 622 ut
840 595 960 629 psalmos
976 602 1048 622 com-

260 642 396 678 plectatur
423 641 631 676 septemdecim,
653 648 770 675 quorum
797 641 924 667 undecim
950 648 1048 668 conse-

260 691 376 722 quenter
392 687 478 722 ipsius
490 687 579 722 Asaph
596 690 659 714 sunt
673 696 680 713 :
694 687 757 713 hinc
769 686 885 713 ﬁliorum
898 687 967 714 Core
980 694 1048 721 qua-

260 737 336 765 tuor,
349 732 459 760 Davidis
480 741 560 764 unus.
584 739 793 768 postremusque
817 732 939 759 omnium
960 732 1048 759 Ethan

260 778 404 808 Esdraitae.
422 778 471 806 Hic
481 787 544 806 vero
559 786 638 814 quem
654 782 806 805 tractamus
819 777 919 812 Asaphi
934 782 987 809 est,
1001 777 1048 812 qui

261 825 392 860 propheta
415 824 508 852 Davidi
529 828 684 851 conataneus
709 828 768 851 erat
786 832 793 850 :
809 823 984 857 Psalmusque
1005 823 1049 848 in-

262 870 410 902 scribitur;
436 869 500 904 quia
523 869 556 896 ad
577 870 679 896 calcem
708 876 769 896 cum
794 869 939 904 impiorum
958 867 1048 895 infau-

261 921 332 944 stum
345 915 458 946 exitum,
479 918 535 941 tum
551 916 658 950 piorum
672 915 699 941 in
713 913 768 941 Deo
788 914 960 941 reconditum
975 914 1047 948 opti-

261 969 334 988 mum
356 961 434 987 linem
451 960 652 995 complectitur.
670 961 735 993 Quae
750 960 793 987 his
814 960 956 987 declarat:
975 959 1046 992 Quia

259 1014 317 1033 ecce
333 1006 377 1040 qui
389 1006 510 1041 clangunt
527 1013 553 1032 se
575 1014 590 1032 a
609 1010 633 1032 te
646 1005 778 1038 peribunt,
798 1004 937 1038 perdidisti
957 1013 1046 1032 omnes

259 1052 303 1087 qui
313 1052 479 1086 fornicamur
492 1051 538 1078 abs
552 1056 585 1078 ιε.
601 1050 668 1078 Mihi
684 1056 771 1077 autem
784 1050 918 1077 adhltrere
931 1050 985 1077 Deo
1001 1050 1046 1078 bo-

260 1105 322 1124 num
342 1102 390 1124 est.
414 1097 466 1124 lnit
491 1102 582 1124 autem
604 1105 619 1124 a
641 1097 774 1124 doctrina:
793 1097 946 1131 praeceptis,
969 1097 1046 1131 queis

259 1144 406 1179 impiorum
422 1144 455 1171 ad
474 1144 610 1179 quoddam
627 1148 733 1179 tempus
756 1143 896 1171 felicitatis
911 1145 1046 1171 rationem

259 1189 338 1218 θεῖοι-ι
353 1199 359 1217 :
377 1190 491 1224 hujusce
511 1190 612 1224 quippe
634 1190 672 1216 rei
696 1196 807 1218 causam
821 1197 882 1217 esse
907 1190 955 1221 ait,
973 1189 1046 1224 quod

258 1235 331 1264 Deus
355 1236 444 1264 bonus
477 1235 638 1270 patiensque
663 1235 708 1262 sit.
732 1234 853 1269 ldipsum
879 1242 944 1262 sane
967 1235 1046 1262 docet

258 1281 369 1308 divinus
382 1281 528 1315 Apostolus
543 1280 638 1308 dicens
655 1290 661 1307 :
677 1281 836 1307 Andmtias
852 1279 977 1307 bonitatis
989 1281 1045 1315 ejus

258 1333 282 1354 et
299 1326 509 1361 longanimitatis
524 1327 680 1358 contemnis,
696 1326 822 1361 ignorans
842 1329 910 1361 quod
931 1326 1045 1354 clemen-

261 1375 298 1401 tia
315 1374 363 1401 Dei
385 1373 420 1400 ad
445 1374 624 1408 paenitentiam
644 1378 667 1400 te
690 1373 797 1400 adducit
807 1373 850 1400 “‘l
877 1377 904 1401 et
925 1374 991 1401 alibi
1007 1374 1048 1401 di-

259 1426 332 1448 ctum
348 1423 390 1447 est
403 1430 410 1448 :
428 1420 497 1447 Deus
507 1419 590 1454 judea;
602 1420 704 1454 justus,
719 1420 802 1446 bonus
814 1425 838 1446 et
852 1420 966 1454 patiens,
978 1428 1046 1446 nun-

258 1465 322 1501 quid
342 1466 469 1492 irascitur
492 1473 538 1500 per
562 1465 681 1500 singulos
702 1465 757 1492 dies
769 1465 812 1492 "1’
832 1465 931 1501 Utpote
957 1466 1046 1494 bonus

259 1513 352 1548 igitur.
370 1512 458 1540 Solem
478 1521 554 1540 suum
574 1513 640 1540 oriri
653 1512 718 1547 facit
732 1520 809 1547 super
824 1513 913 1547 justos
929 1517 955 1539 et
974 1513 1047 1547 inju-

258 1564 323 1591 stas,
335 1563 359 1586 et
373 1559 440 1593 pluit
454 1567 530 1595 super
545 1560 629 1586 malos
645 1563 669 1585 et
683 1558 763 1585 bonos
774 1559 808 1586 “.
823 1558 900 1586 Unde
916 1557 1046 1586 Senator

1099 318 1148 345 μεν
1163 309 1253 336 αἰτίαν
1264 311 1327 341 τοὺς
1337 310 1438 342 τόπους
1448 309 1630 346 διηγούμενοι.
1654 310 1733 337 Ἀλλὰ
1745 311 1799 346 γὰρ
1819 311 1886 346 μετὰ

1098 357 1146 393 τὴν
1154 356 1256 383 τούτων
1266 356 1399 392 ἐπιτομὴν
1407 357 1466 392 φέρ’
1474 356 1688 388 ἐπαναλαϐόντες
1703 357 1756 384 ’τὸν
1767 359 1886 393 πρῶτον,

1097 403 1146 438 τὴν
1168 402 1238 429 κατὰ
1255 403 1338 438 μέρος
1353 403 1435 429 αὐτοῦ
1451 402 1570 429 διάνοιαν
1592 402 1838 438 ὲπιθεωρήσωμεν.

1294 461 1438 486 ΨΑΛΜΟΣ
1454 460 1498 495 Τῼ
1514 460 1610 486 ΑΣΛΦ.
1631 460 1691 486 OB'.

1139 507 1186 539 Ὠς
1204 505 1312 540 ἀγαθὸς
1328 505 1368 538 τῷ
1385 506 1502 540 Ἰσραὴλ
1527 507 1542 532 ό
1555 504 1636 538 Θεὸς,
1651 505 1712 538 τοῖς
1727 504 1831 532 εῠθέσι
1850 506 1889 540 τῇ

1098 552 1224 587 καρδίᾳ]
1240 552 1275 578 Τὸ
1299 552 1389 588 τρίτον
1416 552 1497 588 μέρος
1514 551 1563 586 τῆς
1590 551 1678 586 βίϐλου
1699 551 1753 578 τῶν
1765 551 1888 587 Ψαλμῶν

1098 598 1210 634 ἄρχεται
1224 598 1272 633 μὲν
1285 599 1337 625 ἀπὸ
1349 598 1396 625 τοῦ
1418 598 1560 633 παρόντος,
1575 597 1734 632 περαιοῦται
1746 598 1774 624 δὲ
1788 599 1827 630 εἰς
1842 598 1887 624 τὸν

1099 647 1155 679 σπη’,
1180 644 1217 675 ὡς
1239 645 1302 675 τοὺς
1320 644 1423 675 πάντας
1449 644 1585 679 περιέχειν
1605 643 1727 678 ψαλμοὺς
1747 644 1818 669 ἑπτὰ
1841 643 1887 670 καὶ

1097 689 1162 716 δέκα
1173 697 1180 704 ⁶
1196 687 1233 717 ὧν
1248 690 1345 725 ἑφεξῆς
1362 693 1395 716 ια’
1408 690 1569 724 τυγχάνουσι
1582 689 1629 716 τοῦ
1646 689 1730 723 Ἀσάφ
1741 698 1747 705 ·
1761 687 1820 716 εἶτα
1833 689 1888 716 τῶν

1098 735 1164 762 υἱῶν
1194 735 1265 771 Κορὲ
1287 735 1317 766 δ’,
1344 735 1455 762 καὶτοῦ
1484 734 1565 761 Δαοῒδ
1590 732 1640 766 εἷς,
1668 735 1714 761 καὶ
1745 734 1826 762 Δίθὰν
1839 734 1888 761 τοῦ

1104 781 1260 817 Ἐσδραίτου
1283 781 1445 812 τελευταῖος.
1467 781 1496 807 '0
1519 781 1610 816 μέντοι
1631 781 1699 816 μετὰ
1721 782 1816 816 χεῖρας
1839 779 1888 807 τοῦ

1104 828 1189 862 Ἀσὰφ
1203 827 1353 864 (προφήτης
1363 827 1389 853 δὲ
1400 825 1433 862 ἦν
1445 825 1522 858 οὗτος
1534 827 1711 862 συγχρονὶσας
1722 825 1760 861 τῷ
1782 826 1886 862 Asinio).

1101 873 1224 908 Ψαλμὸς
1245 874 1293 908 μὲν
1308 873 1521 908 ἐπιγέγραπται,
1534 872 1577 898 διὰ
1588 873 1618 898 τὸ
1633 872 1771 907 περιέχειν
1782 872 1831 898 ἰπὶ
1842 871 1889 899 τέ-

1097 917 1138 944 λει
1153 917 1206 943 τῶν
1227 917 1313 950 λόγων
1335 917 1390 943 τῶν
1413 917 1462 951 μὲν
1482 916 1588 943 ὰσεῆῶν
1611 916 1660 952 τὴν
1682 917 1886 953 καταστροφὴν,

1096 962 1150 989 τῶν
1163 963 1185 989 δ’
1201 962 1319 989 εὐσεὸῶν
1333 962 1363 988 τὸ
1380 962 1455 997 παρὰ
1467 962 1505 997 τῷ
1517 961 1576 996 Θεῷ
1592 962 1804 997 τεταμιευμένον
1817 963 1890 996 ἁγα-

1098 1007 1142 1034 οὺν
1159 1007 1251 1038 τέλος·
1272 1006 1289 1033 ἃ
1311 1006 1344 1042 δὴ
1370 1007 1488 1042 παρίστη
1504 1006 1605 1041 λέγων·
1623 1007 1681 1033 ’Ὁτι
1705 1006 1769 1033 ἰδοὺ
1789 1008 1816 1033 οι
1834 1015 1889 1042 μιν

1096 1053 1257 1086 κρύνοντες
1273 1052 1399 1085 ἑαυτοὺς
1417 1052 1476 1079 ἀπὸ
1497 1052 1554 1079 σοῦ
1568 1052 1760 1083 ἀπολοῦνται.
1773 1052 1887 1085 ἐξω.ιό-

1096 1099 1227 1131 θρευσας
1247 1097 1346 1125 πάντα
1369 1098 1422 1124 τὸν
1441 1099 1624 1130 πορνεύοντα
1641 1097 1698 1124 ἀπὸ
1718 1097 1786 1124 σοῦ.
1807 1098 1888 1133 Ἐμοὶ

1096 1143 1130 1170 δὲ
1140 1144 1173 1170 τὸ
1191 1143 1438 1177 προσκολλᾶσθαι
1455 1143 1494 1175 τῷ
1510 1142 1570 1175 Θεῷ
1584 1143 1694 1178 ἀγαθόν
1705 1143 1791 1170 ἐστιν
1803 1151 1813 1159 ο
1833 1144 1887 1178 ἂρ-

1096 1199 1173 1226 χεται
1187 1191 1208 1217 δ’
1233 1190 1286 1216 ἀπὸ
1309 1190 1476 1224 δογματικῆς
1496 1189 1679 1221 διδασκαλίας,
1693 1189 1727 1215 δι’
1746 1186 1782 1225 ἧς
1794 1188 1888 1216 αἰτίαν

1096 1236 1240 1262 ἀποδίδωσι
1259 1236 1309 1270 τῆς
1330 1235 1384 1261 τῶν
1399 1235 1504 1262 ἀσεϐῶν
1528 1236 1598 1261 κατά
1619 1243 1694 1266 τινας
1711 1235 1824 1269 καιροὺς
1839 1235 1887 1262 εὐ-

1096 1282 1228 1316 πραγίας·
1245 1282 1276 1308 τὸ
1294 1281 1347 1316 γὰρ
1363 1281 1464 1315 ἀγαθὸν
1485 1279 1553 1307 εἶναι
1574 1281 1620 1307 καὶ
1643 1280 1819 1316 μακρόθυμον
1837 1280 1887 1307 τὸν

1095 1328 1171 1358 Θεὸν.
1191 1327 1268 1354 τοῦτό
1291 1337 1372 1363 φησιν
1389 1327 1520 1362 ὑπάρχειν
1542 1328 1636 1353 αἴτιον.
1654 1328 1686 1353 ’0
1709 1326 1740 1362 δὴ
1762 1326 1887 1353 διδάσκει

1097 1374 1142 1400 καὶ
1155 1375 1168 1399 ό
1185 1374 1256 1404 θεῖος
1279 1372 1436 1403 Ἀπόστολος
1450 1372 1535 1405 λέγων
1547 1380 1553 1385 ·
1571 1372 1604 1398 Ἡ
1616 1371 1665 1398 τοῦ
1685 1371 1817 1398 πλούτου
1828 1370 1888 1406 τῆς

1095 1421 1301 1453 χρηστότητος
1315 1416 1408 1443 αὑτοῦ
1432 1416 1480 1442 καὶ
1501 1415 1555 1449 τῆς
1575 1416 1778 1450 μακροθυμίας
1797 1423 1889 1443 κατα-

1095 1464 1224 1499 φρονεῖς,
1244 1463 1370 1498 ἀγνοῶν,
1393 1463 1437 1489 ὅτι
1454 1462 1486 1489 τὸ
1511 1463 1647 1497 χρηστὸν
1668 1461 1719 1488 τοῦ
1746 1461 1821 1488 Θεοῦ
1839 1463 1887 1495 εις

1093 1509 1253 1544 μετάνοιάν
1272 1517 1308 1536 σε
1328 1509 1407 1542 tiret;
1441 1509 1487 1535 καὶ
1509 1508 1624 1542 ἀλλαχοῦ
1650 1510 1680 1534 δε
1705 1507 1829 1543 εἴρηται·
1853 1507 1886 1534 '0

1097 1556 1169 1588 Θεὸς
1186 1555 1288 1590 κριτὴς
1307 1555 1420 1587 δίκαιος
1441 1554 1489 1580 καὶ
1503 1555 1609 1588 ἀγαθὸς
1627 1554 1674 1580 καὶ
1692 1554 1887 1588 μακρόθυμος

258 1605 330 1632 hanc
355 1605 518 1632 sententiam
540 1604 574 1631 de
597 1604 678 1630 Patre
701 1604 815 1639 protulit
834 1613 841 1632 :
858 1603 944 1630 Nemo
962 1603 1044 1630 bonus

1095 1599 1136 1634 μὴ
1152 1599 1244 1634 ὀργὴν
1260 1599 1379 1634 ἐπάγων
1395 1600 1457 1626 καθ’
1470 1599 1603 1632 ἑκάστην
1612 1597 1726 1632 ἡμέραν
1761 1598 1804 1629 Ὠς
1816 1598 1887 1632 ἀγι-

258 1651 311 1678 nisi
328 1659 394 1677 unus
414 1650 482 1677 Deus
497 1650 529 1677 ’⁷.
555 1649 634 1682 Quod
659 1650 683 1676 si
703 1649 738 1676 de
758 1649 828 1676 Filio
854 1649 1042 1685 perquisieris,

257 1693 412 1728 comperies
430 1700 483 1728 qua
498 1693 606 1720 ratione
620 1698 647 1720 et
662 1693 720 1728 ipse
736 1694 825 1721 bonus
841 1694 894 1725 sit;
911 1694 975 1728 quia
990 1694 1046 1721 sci-

259 1737 323 1764 licet
342 1737 470 1772 splendor
490 1741 532 1764 cst
554 1737 623 1764 lucis
648 1737 831 1772 sempiternae,
856 1742 883 1764 et
904 1738 1044 1772 speculum

259 1783 320 1811 sine
341 1783 447 1810 macula
462 1787 583 1818 paternas
608 1782 730 1815 virtutis,
753 1787 780 1811 et
798 1783 886 1818 imago
913 1783 1044 1811 bonitatis

258 1829 333 1857 illius
343 1829 377 1857 ".
393 1828 466 1857 Talis
485 1829 577 1864 itaque
599 1828 671 1856 Deus
688 1833 744 1862 est;
761 1829 809 1857 sed
829 1829 895 1856 illud
912 1837 967 1856 non
985 1837 1044 1857 om-

257 1876 340 1904 nibus
356 1880 468 1909 notum;
485 1883 580 1903 verum
592 1875 644 1903 soli
659 1874 762 1906 lsraeli,
784 1875 843 1902 viro
858 1875 963 1903 scilicet
979 1883 1043 1910 per-

258 1922 361 1957 spicaci
381 1925 408 1949 et
433 1920 637 1949 internoscendi
660 1922 686 1948 vi
707 1921 831 1956 praedito,
856 1921 964 1956 qualem
992 1921 1044 1950 sub
1072 1955 1074 1957 η

258 1968 316 1996 haec
329 1968 449 1996 declarat
465 1968 507 1995 his
526 1968 628 2000 verbis,
648 1968 726 1995 rectis
740 1968 827 1994 corde.
852 1967 905 2000 Qui
921 1969 992 1995 enim
1015 1968 1044 1996 in

258 2017 350 2040 mente
369 2013 437 2040 nihil
451 2017 606 2040 tortuosum
622 2012 720 2043 habet,
742 2012 789 2039 sed
804 2016 877 2039 recta
891 2016 918 2038 et
937 2012 1044 2039 sincera

257 2058 423 2093 cogitatione
453 2058 631 2092 providentia:
660 2058 794 2084 rationem
820 2058 1042 2092 contemplatur,

259 2104 318 2138 ipse
343 2104 449 2130 scilicet
475 2103 558 2131 lsrael
583 2103 676 2135 fuerit,
697 2103 742 2130 cui
764 2102 837 2130 Deus
864 2103 953 2131 bonus
982 2111 1044 2131 esse

258 2149 442 2184 cognoscitur,
468 2149 532 2184 quia
555 2151 590 2176 ob
618 2149 747 2176 bonitatis
771 2148 960 2176 excellentiam
985 2156 1044 2176 om-

258 2203 307 2222 nes
334 2195 442 2222 tolerat.
479 2194 530 2222 Sed
563 2193 634 2222 Deus
659 2194 769 2229 quidem
801 2193 958 2228 huiusmodi
989 2200 1040 2221 est.

258 2240 314 2276 Ego
348 2248 413 2268 vero
444 2241 525 2268 homo
558 2240 605 2276 qui
641 2240 749 2267 veritati
787 2240 906 2273 studeo,
944 2240 1042 2267 mentis

1096 1645 1142 1677 θὸς
1170 1645 1234 1679 γοῦν
1255 1644 1413 1672 ἀνατέλλει
1440 1645 1492 1670 τὸν
1519 1644 1606 1677 ἥλιον
1629 1644 1722 1670 αὑτοῦ
1754 1643 1802 1670 ἐπὶ
1838 1643 1886 1670 δι-

1095 1692 1199 1722 καίους
1225 1690 1272 1716 καὶ
1298 1689 1430 1721 ἀδίκους,
1459 1689 1507 1715 καὶ
1524 1688 1627 1722 ,ϐρέχει
1657 1688 1705 1715 ἐπὶ
1730 1689 1888 1722 πονηροὺς

1095 1735 1144 1762 καὶ
1169 1736 1308 1770 ἀγαθούς.
1326 1735 1421 1761 Ἔνθεν
1437 1735 1483 1760 καὶ
1508 1735 1521 1760 ὸ
1544 1734 1639 1769 Σωτὴρ
1662 1734 1723 1770 ὅρον
1748 1734 1812 1769 περὶ
1835 1734 1887 1761 τοῦ

1097 1781 1203 1816 Πατρὺς
1220 1781 1363 1816 ἐξήνεγκεν
1383 1779 1481 1806 εἰπών·
1502 1779 1605 1812 Οὐδεὶς
1619 1779 1729 1814 ἀγαθὸς
1743 1780 1769 1806 ει
1785 1779 1827 1814 μὴ
1839 1778 1888 1814 εἷς

1095 1829 1112 1854 ὁ
1131 1828 1213 1859 Θεός.
1230 1827 1288 1853 Κᾶν
1306 1825 1435 1862 ἐξετάζῃς
1451 1826 1514 1861 περὶ
1529 1825 1575 1851 τοῦ
1588 1825 1664 1857 Υἱοῦ,
1681 1825 1792 1862 μαθήσῃ
1807 1826 1887 1857 ὅπως

1095 1874 1153 1900 ἐστὶ
1177 1874 1223 1900 καὶ
1247 1873 1326 1904 αὐτὸς
1346 1872 1462 1907 ἁγαθός·
1491 1872 1606 1906 ἐπείπερ
1626 1871 1798 1906 ἀπαύγασμα
1824 1873 1886 1900 ἐστι

1095 1920 1182 1955 φωτὸς
1197 1920 1281 1946 ἀϊδίου
1299 1920 1346 1946 καὶ
1362 1919 1493 1953 ἔσοπτρον
1509 1918 1674 1953 ἁκηλίῖιωτον
1694 1917 1744 1952 τῆς
1760 1918 1808 1944 τοῦ
1825 1918 1885 1945 Πα-

1094 1966 1157 2002 τρὸς
1181 1965 1329 2000 ἐνεργείας,
1354 1965 1400 1990 καὶ
1420 1964 1500 1990 εἰκὼν
1519 1963 1568 1998 τῆς
1596 1963 1764 1997 amoma;
1785 1964 1883 1992 αὐτοῦ.

1094 2012 1219 2043 Τοιοῦτος
1236 2012 1283 2046 μὲν
1305 2009 1350 2037 οὖν
1374 2012 1387 2037 ὁ
1401 2010 1466 2041 Θεὸς
1483 2009 1616 2043 πέουκεν·
1643 2009 1775 2043 ἔγνωσται
1798 2009 1829 2036 δὲ
1851 2011 1883 2037 οὐ

1094 2059 1186 2089 πᾶσιν,
1201 2057 1268 2084 ἀλλὰ
1285 2058 1356 2092 μόνῳ
1368 2057 1406 2092 τῷ
1422 2056 1541 2091 Ἰσραὴλ,
1561 2056 1600 2091 τῷ
1618 2055 1764 2091 διορατικῷ
1779 2055 1883 2092 δηλαδὴ

1094 2104 1140 2130 καὶ
1156 2103 1297 2138 γνωστικῷ
1310 2103 1396 2136 ἀνδρὶ,
1410 2102 1438 2128 ὃν
1455 2101 1486 2136 δὴ
1503 2101 1649 2136 παρίστησι
1663 2101 1805 2127 συνάπτων
1817 2099 1884 2137 ἑξῆς

1095 2150 1141 2176 καὶ
1156 2149 1252 2183 λέγων,
1275 2148 1335 2181 τοῖς
1356 2148 1457 2175 euocat
1480 2147 1516 2180 τῇ
1534 2146 1648 2180 καρδίῃ.
1671 2146 1699 2173 '0
1717 2146 1772 2182 γὰρ
1797 2146 1883 2182 μηδὲν

1095 2195 1199 2222 σκολιὸν
1221 2195 1387 2230 κεκτημένος
1410 2195 1438 2220 ὲν
1459 2195 1492 2228 τῇ
1515 2192 1611 2220 ἑαυτοῦ
1632 2192 1716 2228 ψυχῇ,
1741 2191 1883 2228 λογισμοῐς

1094 2241 1122 2268 δὲ
1136 2241 1224 2277 ὀρθοῖς
1239 2240 1390 2267 ἐπιϐάλλων
1403 2240 1458 2270 τοῖς
1470 2241 1519 2274 τῆς
1534 2238 1661 2274 προνοίας
1677 2238 1777 2273 λόγοις,
1795 2238 1880 2270 αὐτὸς

259 2295 325 2315 mea:
356 2287 530 2315 stoliditatem
560 2293 670 2314 enarro.
695 2285 801 2313 Etenim
827 2285 953 2313 ﬁrmitate
982 2293 1042 2313 mea

1095 2286 1127 2313 ἂν
1141 2286 1182 2322 εἴη
1200 2288 1214 2312 ὁ
1237 2286 1353 2321 Ἰσραὴλ,
1366 2282 1388 2319 ᾧ
1407 2286 1453 2311 καὶ
1468 2284 1598 2318 ἔγνωσται
1613 2284 1714 2318 ἀγαθὸς
1730 2283 1768 2310 ὢν
1785 2284 1801 2310 ὁ
1814 2283 1883 2316 Θεδς

256 2337 284 2360 et
309 2341 426 2369 gressu,
449 2334 508 2361 sive
529 2337 558 2360 ut
585 2331 770 2367 metaphorice
795 2332 912 2366 loquar,
944 2332 1041 2358 animas

257 2379 373 2415 pedibus
402 2386 429 2407 et
458 2379 554 2406 iulcris
587 2382 741 2406 commotus
770 2385 839 2413 pene
873 2383 901 2405 et
928 2385 1041 2405 eversus

257 2433 318 2453 sum
342 2433 358 2452 a
384 2434 431 2460 spe
451 2433 510 2453 mea
531 2425 558 2453 in
579 2424 634 2453 Deo
655 2425 794 2460 reposita;
816 2425 898 2459 idque
923 2424 959 2451 ob
980 2431 1041 2459 pro-

257 2479 353 2506 speras
367 2472 508 2499 atheorum
524 2472 723 2507 impiorumque
747 2478 802 2498 res.
820 2469 921 2498 Verum
937 2470 962 2497 id
979 2469 1040 2504 qui-

257 2517 318 2545 dem
331 2524 401 2552 pene
414 2525 559 2553 perpessus
574 2525 650 2551 sum;
669 2522 696 2545 at
713 2517 759 2545 Dei
781 2517 868 2553 gratia
885 2524 1039 2544 concussus

258 2569 313 2590 non
330 2561 389 2595 iui;
404 2570 492 2598 neque
506 2570 523 2590 a
536 2563 582 2590 tali
599 2563 764 2598 cogitatione
780 2566 926 2598 superatus
946 2572 953 2590 ε
971 2562 1039 2590 alias

258 2615 322 2635 vero
334 2607 487 2642 periissem,
504 2612 530 2636 et
544 2608 622 2637 ell‘usi
635 2612 728 2637 essent
743 2616 855 2644 gressus
868 2609 920 2636 mei
939 2618 945 2636 :
963 2616 1038 2641 nam,

256 2660 319 2687 pene
327 2653 405 2687 e/fusi
421 2658 481 2680 sunt
494 2662 599 2688 gressus
614 2655 674 2685 mei,
691 2654 739 2682 sed
767 2662 823 2681 non
847 2661 941 2682 revera
960 2653 1039 2681 effusi

256 2702 330 2727 sunt.
346 2697 488 2732 Quomodo
502 2703 593 2726 autem
609 2708 721 2735 gressus
744 2701 843 2728 anima
864 2698 1038 2728 eil'undantur

257 2744 402 2780 intelliges,
422 2744 444 2771 si
460 2744 622 2780 perpendas.
637 2753 692 2780 qua
710 2745 817 2772 ratione
832 2745 911 2772 multi
929 2744 1038 2780 pietatis

256 2790 450 2817 exercitatione
464 2790 520 2824 jam
534 2790 664 2825 provecti,
680 2790 859 2825 temperantia
874 2793 901 2817 et
913 2789 1039 2816 castitate

255 2835 386 2864 diuturno
404 2839 527 2871 tempore
543 2835 689 2872 fulgentes,
708 2836 817 2864 demum
833 2835 868 2862 ad
884 2835 1037 2863 molliorem

288 2915 311 2931 ”
325 2914 403 2943 Rom.
419 2914 487 2948 ",4.
520 2915 543 2932 "
554 2914 626 2943 Psal.
638 2921 687 2947 vti,
711 2914 753 2942 12.
791 2914 814 2931 ’⁸
828 2912 924 2940 Matth.
937 2921 963 2947 ν,
984 2912 1027 2942 ιε.

1093 2330 1126 2358 δι’
1151 2330 1304 2366 ὑπερϐολήν
1330 2338 1360 2356 τε
1384 2329 1550 2364 ἀγαθότητος
1574 2330 1682 2356 πάντων
1707 2329 1881 2365 ἀνεχόμενος.

1099 2376 1169 2404 Ἀλλ’
1192 2377 1205 2402 ὀ
1234 2377 1282 2412 μὲν
1313 2376 1378 2406 Θεὸς
1403 2374 1531 2406 τοιοῦτος.
1568 2373 1638 2408 Ἐγὼ
1664 2373 1710 2405 δὲ,
1737 2373 1882 2410 ἄνθρωπος

1093 2423 1240 2458 φιλαλήθης
1271 2420 1339 2449 εἶναι
1370 2422 1470 2453 θέλων,
1499 2421 1548 2456 τὴν
1579 2419 1698 2455 ἐμαυτοῦ
1731 2419 1880 2455 διηγοῦμαι

1093 2460 1142 2503 τῆς
1169 2468 1256 2503 ψυχῆς
1271 2466 1395 2502 νωθρίαν.
1411 2465 1516 2501 Μικροῦ
1533 2465 1586 2501 γὰρ
1610 2465 1665 2491 δεῖν
1686 2464 1734 2499 τὴν
1757 2464 1879 2500 ἐμαυτοῦ

1094 2514 1187 2541 στάσιν
1202 2514 1248 2541 καὶ
1259 2513 1346 2548 βάσιν,
1359 2513 1415 2544 καὶ,
1430 2512 1467 2544 ὡς
1483 2511 1516 2538 ἂν
1529 2511 1599 2537 εἴποι
1613 2518 1655 2542 τις
1676 2509 1878 2546 μεταφορικῶς,

1092 2561 1154 2592 τοὺς
1169 2560 1216 2595 τῆς
1232 2559 1320 2594 duxi;
1344 2559 1427 2590 πόδας
1441 2558 1487 2584 καὶ
1509 2558 1544 2584 τὰ
1567 2557 1717 2593 ἐρείσματα
1737 2555 1878 2592 παρετρά-

1094 2615 1148 2640 πην
1164 2606 1196 2631 ὲκ
1207 2606 1256 2640 τῆς
1278 2606 1318 2636 είς
1332 2605 1376 2631 τὸν
1389 2604 1455 2630 Θεὸν
1469 2603 1575 2634 ἐλπίδος
1592 2603 1636 2629 διὰ
1650 2603 1699 2634 τὰς
1715 2601 1772 2629 τῶν
1789 2601 1878 2629 ἀθέων

1093 2651 1139 2678 καὶ
1166 2650 1272 2676 ἀσεϐῶν
1297 2649 1400 2685 ἀνδρῶν
1427 2648 1589 2684 εὐπραγίας.
1620 2647 1699 2674 Ἀλλά
1729 2646 1806 2682 παρὰ
1832 2654 1877 2682 μι-

1091 2697 1156 2733 κρὸν
1171 2697 1219 2731 μὲν
1231 2695 1300 2722 τοῦτ’
1316 2695 1429 2721 ἔπαθον
1447 2695 1491 2721 διὰ
1517 2694 1545 2720 δὲ
1567 2693 1616 2736 τὴν
1638 2692 1684 2720 τοῦ
1706 2691 1773 2727 Θεοῦ
1798 2692 1877 2729 χάριν

1091 2744 1141 2770 οὐκ
1153 2742 1310 2777 ἐσαλεύοην,
1326 2741 1387 2768 οὐδὲ
1407 2739 1594 2776 κατεκράτησέ
1618 2748 1668 2775 μου
1687 2739 1702 2765 ὀ
1718 2737 1875 2775 προλεχθεὶς

1091 2789 1218 2824 λογισμός
1230 2798 1236 2804 ·
1252 2790 1268 2824 ἦ
1296 2789 1349 2825 γὰρ
1369 2788 1402 2815 ἂν
1426 2787 1584 2823 ἀπωλόμην,
1603 2786 1649 2813 καὶ
1666 2786 1754 2813 πάντα
1770 2793 1824 2821 μου
1843 2784 1876 2810 τὰ

1090 2834 1244 2869 διαδήματα
1263 2834 1378 2868 κέχυτο·
1398 2832 1464 2866 παρ’
1489 2832 1589 2866 ὀλίγον
1611 2830 1664 2865 γὰρ
1689 2829 1817 2864 ἐξεχύθη
1840 2828 1875 2854 τὰ

1077 2913 1086 2929 ⁷
1099 2911 1181 2941 Marc.
1200 2921 1225 2945 ιι,
1239 2912 1280 2939 18.
1319 2912 1342 2928 ³⁸
1360 2911 1424 2947 Sap.
1441 2919 1489 2942 vn,
1505 2909 1558 2943 26;
1574 2909 1654 2936 Hebr.
1673 2917 1690 2940 ι,
1708 2908 1734 2936 3.
