2024 3214
124 178 176 208 851

689 176 946 214 EOMMENTARIA
966 177 1001 207 IN.
1019 178 1182 214 PSALMOS

1244 159 1329 192 ἰν
1708 182 1760 211 858

125 237 290 273 διᾳϐήματά
304 246 375 272 μου,
390 238 420 263 οὗ
435 238 488 273 μὴν
517 237 642 273 ἐξεχύθη.
661 239 777 275 Νοὴσεις
799 240 826 266 δὲ
846 240 918 272 ὅπως

972 245 1057 267 mam
1070 240 1161 268 allecti
1179 245 1205 268 et
1223 242 1343 277 prolapsi
1359 241 1429 274 sint;
1445 249 1502 270 sive
1518 241 1600 270 etiam
1620 243 1729 277 penitus
1746 251 1761 271 a

125 285 246 320 ἐκχεῖται
262 284 352 319 ψυχῆς
367 283 534 320 διαδήματα,
551 285 759 320 ὲπιστήσας,ὼς
776 286 826 321 ήδη
838 286 920 318 τινες,

126 333 315 371 προκόψαντες
339 334 368 359 ὲν
391 334 507 369 ἀσκήσει
531 332 695 364 θεοσεϐείας,
711 333 740 359 ὲν
759 332 922 369 σωφροσύνῃ

125 389 154 407 τε
168 381 216 408 καὶ
228 380 325 416 ἁγνείᾳ
346 379 550 415 διαλάμψαντες
574 380 689 416 μακροῖς
709 379 825 414 χρόνοις,
844 378 922 406 ὓστε-

127 428 169 463 ρόν
183 435 250 454 ποτε
270 426 447 462 ὺπεσύρησαν
468 425 629 462 χαυνότερον
646 425 792 460 βιώσαντες
807 426 854 451 καὶ
868 426 922 451 ὀλι-

126 473 283 508 σθήσαντες,
301 473 318 508 ἢ
341 472 480 504 παντελῶς
495 472 657 504 ἐκπεσόντες
677 472 723 498 τοῦ
739 472 852 501 σκοποῦ,
873 472 921 498 καὶ

124 518 218 554 ὥσπερ
247 518 378 553 ναυάγιον
401 518 535 549 παθόντες
557 518 611 544 τῶν
631 518 713 545 πάλαι
742 518 920 553 συνηγμένων

124 565 214 596 αὐτοῖς
230 563 341 599 ἀγαθῶν
358 564 494 599 πράξεων.
516 563 624 590 Τούτων
647 564 701 599 γὰρ
714 564 763 590 οὐκ
784 564 817 590 ἂν
833 564 922 598 ἁμάρ-

123 619 181 642 τοις
199 609 285 636 εἰπὼν
309 609 373 640 τοὺς
391 610 473 641 πόδας
495 609 543 644 τῆς
569 609 657 644 ψυχῆς
676 608 870 635 σεσαλεῦσθαι·
890 610 919 636 οὺ

126 657 178 692 μὴν
192 656 261 682 ἀλλὰ
289 656 336 682 καὶ
362 656 440 687 ὅλους
469 655 655 686 πεπτωκέναι,
671 655 705 681 τά
720 663 750 681 τε
763 655 920 690 διαδήματα

125 703 212 730 αὐτῶν
235 702 283 729 καὶ
310 702 359 733 τὰς
376 702 446 729 κατὰ
472 702 538 728 Θεὸν
568 701 680 737 πορείας
702 702 751 736 τὴν
773 702 802 727 ἐν
822 700 920 736 μακρῷ

124 750 212 786 χρόνῳ
228 749 368 784 προκοπὴν
384 748 553 784 ἀποῤῥεῦσαι
569 748 615 774 καὶ
638 747 813 782 ὲκκεχῦσθαι.
841 747 920 773 Ἀλλὰ

124 795 209 822 ταῦτα
226 795 277 830 μὲν
297 794 373 829 παρὰ
393 794 500 829 μικρὸν,
519 794 611 828 φησιν,
633 793 743 823 ἔπαθον,
762 794 790 819 οὐ
806 793 857 829 μὴν
871 793 918 819 πέ-

125 841 210 868 πονθα
221 841 266 867 διὰ
279 840 364 867 τὸτοῦ
381 840 449 867 Θεοῦ
468 840 550 871 ἔλεος.
566 840 638 875 Πλὴν
654 840 768 875 ἤμελλόν
787 848 817 873 γε
832 839 918 865 ταῦτα

125 886 240 922 πάσχειν
255 886 299 913 διὰ
316 886 396 921 ζῆλον
418 886 447 912 ὃν
471 885 583 921 ἐζήλουν
596 886 642 911 ἐπὶ
654 887 709 917 τοῖς
725 886 835 920 ἀνόμοις
846 885 915 921 ὁρῶν

124 933 172 969 τὴν
187 934 298 970 εἰρήνην
312 932 401 959 αὐτῶν
419 933 466 959 καὶ
487 933 535 967 τὴν
552 933 580 958 ὲν
596 931 703 967 πλούτῳ
717 932 764 958 καὶ
775 933 874 967 τρυφῇ,
889 931 917 957 ἕν

123 991 152 1008 τε
167 982 263 1018 ἀρχαῖς
277 981 324 1008 καὶ
349 980 502 1016 ἀξιώμασιν
521 979 679 1015 εὐημερίαν.
697 979 743 1010 Εἰς
764 978 850 1005 ταῦτα
863 978 917 1014 γὰρ

124 1027 234 1063 ἀφορῶν
248 1026 420 1062 διεπριόμην,
431 1026 467 1057 ὡς
481 1024 580 1061 μικροῦ
595 1025 649 1050 δεῖν
660 1023 829 1050 κινδυνεῦσαι
841 1032 919 1058 περι-

124 1075 216 1100 πεσεῖν
232 1072 322 1104 ἀθέοις
335 1072 488 1107 λογισμοῖς·
505 1068 544 1103 oi;
559 1071 588 1097 οὐ
604 1070 801 1105 περιπέπτωκα
814 1070 918 1104 δόγμα-

125 1127 166 1146 σιν
193 1118 284 1154 ὀρθοῖς
312 1118 546 1153 θεραπευόμενος,
579 1117 634 1147 τοῖς
665 1115 918 1150 ὑπομιμνήσκουσιν

124 1164 226 1198 ἀγαθὸν
237 1162 306 1190 εἶναι
325 1165 368 1190 τὸν
390 1163 455 1189 Θεὸν
475 1162 521 1189 καὶ
537 1161 697 1193 ἀνεξίκακον
717 1161 763 1187 καὶ
781 1161 918 1196 μσκρόθυ-

126 1220 184 1246 μον.
202 1211 302 1247 Διόπερ
314 1210 531 1245 ἐκπληττόμενος
547 1208 628 1235 αὐτοῦ
647 1208 694 1235 καὶ
717 1207 918 1242 ἀποθαυμάζων

123 1257 172 1292 τὴν
187 1256 339 1292 ὑπερϐολὴν
355 1256 404 1291 τῆς
420 1255 597 1289 ἀγαθότητος,
615 1252 691 1280 εἷπον
706 1253 856 1288 ἀρχόμενος
871 1252 917 1278 τοῦ

123 1303 204 1336 λόγου
215 1311 223 1318 ·
236 1304 283 1336 Ὠς
295 1302 406 1337 ἀγαθὸς
414 1301 453 1333 τῷ
470 1300 593 1334 Ἰσραὴλ
610 1301 626 1326 ὁ
643 1299 725 1331 Θεὸς,
742 1298 804 1330 τοῖς
816 1298 918 1325 εὑθέσι

124 1348 161 1382 τῇ
171 1348 287 1382 καρδίᾳ.
310 1347 382 1374 Ἀντὶ
396 1346 423 1372 δὲ
438 1346 493 1372 τοῦ¹
518 1346 563 1378 Ὡς
576 1345 702 1379 ἀγαθὸς,
717 1345 731 1370 ό
759 1344 914 1379 Σύμμαχος·

973 294 1058 322 scopo
1073 286 1234 320 defecerint,
1248 290 1274 315 et
1287 288 1365 322 quasi
1382 287 1556 324 naufragium
1571 289 1598 316 in
1610 288 1690 316 bonis
1703 288 1760 323 jam

973 333 1097 361 colfectis
1113 334 1243 369 operibus
1269 333 1395 362 fecerint.
1416 333 1471 362 Hos
1493 334 1516 362 si
1532 335 1647 370 pedibus
1663 335 1763 363 anima:

972 383 1126 407 commotos
1140 379 1261 414 dixeris;
1282 380 1337 407 imo
1352 388 1416 408 vero
1439 381 1462 407 si
1481 381 1590 415 penitus
1605 382 1761 417 prolapsos,

972 428 1054 459 atque
1084 433 1196 460 gressus
1220 433 1327 458 eorum,
1349 426 1563 461 diuturnumque
1593 427 1620 454 in
1646 428 1688 455 via
1714 427 1762 456 Dei

973 470 1124 505 profecturi]
1144 471 1287 497 vacillassc
1311 474 1338 498 et
1356 471 1471 498 effusum
1489 479 1550 498 esse
1574 471 1760 504 aflirmavcris,

972 517 1130 552 neutiquam
1149 518 1271 544 aberres.
1293 516 1345 544 Sed
1365 517 1432 548 hac,
1452 517 1550 552 inquit,
1568 517 1623 545 fere
1643 519 1760 553 pertuli;

971 571 1021 590 nec
1034 563 1131 598 pertuli
1145 569 1233 590 tamen
1251 572 1299 598 per
1318 564 1536 591 misericordiam
1554 563 1611 591 Dei.
1627 565 1761 593 Craterum

971 610 1038 636 tanti
1051 609 1116 636 mihi
1133 610 1247 645 periculi
1266 610 1293 637 ίιι
1304 617 1390 637 causa
1408 610 1459 637 fuit
1478 611 1552 638 zelus
1565 619 1619 646 quo
1652 611 1762 646 iniquo-

971 663 1031 682 rum
1050 663 1134 682 causa
1154 656 1335 687 accendebar,
1355 655 1419 683 dum
1436 657 1557 683 viderem
1577 665 1670 692 pacem
1687 659 1761 692 ipso-

971 709 1044 732 rum,
1064 709 1171 728 necnon
1185 709 1279 729 eorum
1297 702 1324 728 in
1340 701 1455 735 divitiis,
1470 702 1623 737 voluptate.
1638 702 1763 730 domina-

970 750 1011 780 tu,
1030 747 1209 782 dignitatibus
1227 749 1397 778 felicitatem.
1423 750 1485 778 Hzec
1505 750 1656 786 respiciens
1678 749 1763 777 disse-

970 795 1065 826 cahar,
1098 795 1135 821 ita
1163 801 1191 822 ut
1215 804 1283 830 pene
1309 797 1336 823 in
1366 797 1465 832 impias
1499 797 1554 824 labi
1581 797 1763 832 cogitationes

970 839 1141 875 periclitarer
1162 851 1168 868 :
1188 842 1214 868 iu
1232 850 1300 877 quas
1321 847 1424 874 tamen,
1443 843 1525 870 rectis
1541 842 1664 870 firmatus
1683 842 1763 870 iusti-

971 886 1048 917 tutis,
1068 885 1150 913 Deum
1169 888 1271 915 bonum
1298 889 1445 924 patientem
1470 893 1497 916 et
1521 889 1683 916 tolerantem
1700 896 1762 916 esse

969 933 1225 964 commoneutibus,
1255 935 1413 969 neutiquam
1442 934 1542 962 decidi.
1578 933 1762 967 Quamobrem

969 978 1182 1011 praecellentiam
1212 979 1344 1007 bonitatis
1369 980 1456 1015 ipsius
1474 980 1624 1012 demirans,
1651 987 1683 1006 ac
1704 984 1763 1006 stu-

970 1031 1047 1058 pens,
1062 1024 1100 1051 sic
1117 1032 1271 1052 sermonem
1285 1034 1366 1054 orsus
1382 1035 1442 1054 sum
1457 1035 1463 1054 :
1481 1026 1567 1059 Quam
1582 1025 1664 1052 bonus
1676 1024 1763 1052 Israel

971 1069 1053 1102 Deus,
1072 1071 1149 1098 rectis
1164 1071 1262 1098 carde.’
1287 1071 1340 1099 Pro
1353 1073 1399 1099 illo
1419 1076 1510 1099 autem
1528 1081 1534 1099 :
1551 1071 1638 1105 Quam
1660 1070 1760 1103 bonus;

971 1114 1152 1150 Symmachus
1168 1127 1174 1144 :
1189 1116 1269 1151 Sane,
1283 1118 1381 1153 inquit,
1402 1126 1458 1145 vere
1474 1118 1556 1145 bonus
1569 1118 1639 1145 Deus
1652 1117 1761 1152 Israeli,

968 1163 1042 1196 puris
1062 1163 1150 1190 corde.
1172 1163 1240 1196 Quis
1260 1172 1324 1192 vero
1339 1170 1413 1192 esset
1431 1165 1513 1193 Israel
1525 1165 1568 1193 his
1582 1165 1682 1193 additis
1700 1173 1762 1193 ver-

970 1209 1013 1236 bis
1037 1210 1199 1241 declaravit.
1215 1212 1288 1245 puris
1310 1213 1398 1239 corde.
1416 1211 1455 1239 Illi
1473 1220 1591 1247 namque
1602 1219 1665 1239 vere
1677 1212 1762 1239 Israel

970 1256 1050 1285 sunt;
1069 1261 1155 1288 quare
1171 1260 1186 1279 a
1201 1253 1346 1281 Serv-atere
1358 1262 1468 1289 quoque
1481 1254 1585 1281 dictum
1601 1258 1643 1281 est
1659 1263 1665 1280 :
1684 1253 1762 1281 Beati

969 1298 1067 1326 mundo
1094 1299 1182 1331 corde,
1209 1300 1334 1335 quoniam
1350 1301 1401 1335 ipsi
1420 1300 1501 1327 Deum
1517 1300 1670 1328 uidebunt"
1689 1309 1697 1327 :
1721 1299 1762 1328 ls-

970 1344 1027 1371 rael
1041 1350 1130 1372 autem
1140 1345 1227 1372 videns
1244 1345 1328 1372 Deum
1340 1347 1500 1381 explicatur.

125 1394 213 1428 Πλὴν
247 1394 349 1426 ὄντως,
371 1393 463 1429 φησὶν,
489 1391 600 1426 ἀγαθός
621 1392 637 1417 ὁ
658 1390 731 1423 Θεὸς
752 1390 791 1423 τῷ
811 1390 939 1424 Ἰσραὴλ,
960 1390 1023 1423 τοῖς
1039 1391 1180 1425 καθαροῖς
1197 1391 1398 1426 τὴνκαρδίαν.
1416 1393 1576 1429 Παρέστησε
1592 1397 1646 1429 γαρ
1658 1393 1699 1425 τίς
1717 1392 1760 1430 εἴη

125 1442 139 1466 ό
158 1440 276 1476 Ἰσραὴλ,
288 1439 456 1473 ὲπισυνάψας
468 1438 515 1464 καὶ
527 1436 623 1467 εἰπὼν,
639 1436 700 1469 τοῖς
735 1435 875 1469 καθαροῖς
888 1435 945 1469 τὴν·
966 1437 1101 1470 καρδίαν.
1130 1435 1209 1465 Οὗτοι
1229 1439 1283 1474 γάρ
1302 1439 1371 1465 εἰσιν
1392 1440 1406 1465 ό
1429 1439 1554 1474 ἀληθινὸς
1584 1439 1707 1476 Ἰσραήλ·
1721 1439 1761 1466 διὸ

125 1486 234 1520 ἐλέγετο
248 1486 295 1512 καὶ
309 1485 360 1511 ὑπὸ
373 1484 419 1511 τοῦ
438 1483 580 1518 Σωτῆρος“
596 1481 741 1516 Μακάριοι
769 1483 796 1508 oi
824 1482 946 1515 καθαροὶ
962 1482 1000 1517 τῇ
1024 1483 1140 1517 καρδίᾳ,
1168 1484 1212 1510 ὅτι
1243 1486 1326 1512 αὐτοὶ
1347 1486 1401 1512 τὸν
1427 1484 1502 1512 Θεὸν
1525 1485 1667 1519 ὄψονται·
1688 1486 1761 1512 καὶὸ

132 1532 241 1568 Ἰσραὴλ
252 1532 280 1558 δὲ
297 1531 374 1565 ὀρῶν
391 1531 445 1557 τὸν
462 1529 536 1556 Θεὸν
552 1528 740 1564 ἑρμηνεύεται.

160 1590 221 1617 Ὅτι
231 1590 286 1616 οὐκ
298 1588 383 1615 ἐστιν
401 1587 565 1619 ὰνιὶνευσις
584 1587 618 1612 ἐν
629 1585 668 1618 τῷ
679 1585 795 1617 θανάτῳ
805 1585 914 1619 αὐτῶν,

1006 1586 1087 1614 Vsus.
1100 1586 1161 1613 4-9.
1172 1586 1243 1619 Quia
1258 1595 1309 1613 non
1324 1591 1362 1613 est
1376 1590 1507 1621 respectus
1524 1586 1603 1612 morti
1618 1594 1720 1618 eorum,
1735 1591 1761 1614 et

125 1637 174 1664 καὶ
192 1634 343 1669 στερέωμα
366 1635 400 1660 ἐν
420 1634 457 1668 τῇ
476 1633 598 1668 μάστιγι
619 1630 727 1658 αὐτῶν.
752 1632 800 1658 Ἑν
814 1632 919 1664 κόποις

124 1680 287 1716 ἀνθρώπων
303 1681 358 1707 οὐκ
383 1680 454 1712 εἰσὶ,
469 1679 516 1706 καὶ
535 1679 610 1713 μετὰ
633 1677 795 1711 ἀνθρώπων
813 1679 848 1705 οὺ
862 1686 919 1712 μα-

125 1724 370 1760 στιγωθήσονται.
401 1724 451 1751 Διὰ
466 1723 552 1750 τοῦτο
581 1723 747 1758 ἐκράτησεν
767 1723 878 1756 αὐτοὺς
897 1723 916 1756 ἡ

125 1770 315 1805 ὑπερηφανία
340 1771 384 1802 εἰς
405 1769 501 1801 τέλος.
527 1768 570 1800 Ὠς
586 1769 614 1795 ὲν
633 1769 738 1804 ἱστορίᾳ
753 1768 918 1804 διεξέρχεται

125 1817 158 1845 τὰ
173 1816 329 1853 ταράξαντα
346 1815 428 1842 αὑτοῦ
446 1815 494 1850 τὴν
508 1815 607 1850 ψυχὴν,
626 1815 668 1841 ἴνα
685 1815 804 1850 γνῶμεν,
824 1816 864 1841 ὅτι
880 1815 917 1851 μὴ

125 1864 171 1891 ἐπὶ
185 1865 293 1899 μικροῖς
304 1862 487 1897 ὲσαλεύθησαν
502 1862 585 1888 αὑτοῦ
603 1862 627 1887 οἱ
643 1862 720 1894 πόδες
735 1863 798 1897 παρ’
811 1861 914 1895 ὀλίγον·

128 1910 195 1945 μηδὲ
215 1910 262 1936 ἐπὶ
271 1910 327 1940 τοῖς
343 1908 470 1943 τυχοῦσιν
486 1907 601 1942 ἤμελλον
617 1907 712 1934 ἑαυτοῦ
728 1906 866 1941 ὲκχεῖσθαι
883 1906 917 1932 τὰ

125 1955 291 1992 διαδήματα.
314 1954 382 1981 Τίνα
396 1954 424 1980 δὲ
441 1952 473 1989 ἧν
486 1953 590 1985 ταῦτα;
608 1954 639 1979 Οἱ
663 1953 770 1984 ὰσεΰεῖς
796 1953 843 1979 καὶ
873 1952 917 1979 τὸν

126 2001 192 2028 Θεὸν
206 2001 255 2028 οὐκ
271 2000 381 2031 εἰδότες,
397 1999 478 2031 οὕτω,
496 1999 588 2033 φησιν,
602 2000 631 2026 ὲν
647 1999 790 2034 εὐσταθείᾳ
805 1998 862 2032 βίου
869 1998 917 2024 καὶ

126 2046 271 2083 θυμηδίαις
294 2046 407 2081 διῆγον,
437 2045 484 2071 καὶ
517 2044 612 2079 μέχρις
639 2044 755 2079 ἐσχάτης
788 2042 917 2076 τελευτῆς

125 2092 259 2128 τοσαύτης
279 2091 418 2126 ἀπήλαυον
441 2091 557 2126 τρυφῆς,
572 2091 610 2121 ὡς
627 2091 673 2116 καὶ
695 2089 773 2116 πάνθ’
797 2088 917 2115 ὁντινοῦν

127 2138 255 2172 εὔξασθαι
268 2137 322 2163 τῶν
334 2137 399 2163 ἴσων
414 2137 505 2167 αὐτοῖς
520 2137 620 2171 τυχεῖν,
641 2134 760 2171 ζηλῶσαί
778 2143 807 2160 τε
829 2134 917 2160 αὐτῶν

125 2184 156 2211 οὐ
174 2184 254 2220 μόνον
281 2183 331 2218 τὴν
347 2182 429 2218 ζωὴν,
443 2181 510 2208 ἀλλὰ
524 2182 570 2208 καὶ
593 2180 638 2207 τὸν
659 2180 784 2211 Θάνατον,
806 2179 835 2205 ὃν
856 2179 916 2205 οὐδὲ

125 2229 415 2266 παραιτήσασθαιὲξῆν
427 2228 486 2255 οὐδὲ
495 2227 630 2254 ἀπευκτὸν
644 2225 809 2262 ἡγήσασθαι.
824 2224 917 2257 Οὕτως

126 2277 175 2304 οὐκ
192 2274 227 2312 ἦν
255 2276 398 2306 ἀνάνευσις
416 2275 443 2301 ὲν
467 2274 505 2309 τῷ
521 2273 627 2308 θανάτῳ
645 2272 744 2299 αὐτῶν.
767 2271 847 2298 ’Λλλὰ
870 2273 917 2298 καὶ
934 2270 955 2297 D

126 2325 151 2350 ιι
166 2323 266 2358 συνέϐη
296 2322 359 2349 ποτὲ
387 2322 499 2357 μάστιγι
515 2320 561 2346 καὶ
579 2319 681 2355 πληγῇ,
695 2317 818 2345 τουτέστι
838 2327 916 2354 περι-

127 2369 220 2397 στάσει
242 2369 289 2395 καὶ
315 2368 441 2403 συμφορᾷ
462 2366 619 2402 περιπεσεῖν
639 2365 728 2391 αὐτῶν
756 2373 827 2396 τινα,
852 2363 868 2399 ἢ
888 2364 917 2390 ὲν

125 2415 214 2448 νόσοις
229 2415 406 2449 ἐξετασθῆναι
421 2414 468 2440 καὶ
479 2413 601 2449 ζημίαις,
614 2412 663 2438 οὐκ
678 2409 711 2447 ἦν
730 2411 872 2446 στερέωμα
888 2412 917 2437 ὲν

124 2464 159 2498 τῇ
175 2463 286 2498 μάστιγι
301 2461 400 2488 αὐτῶν.
420 2461 456 2487 Ub
469 2460 523 2495 γὰρ
539 2459 637 2494 στερεά
654 2466 694 2489 τις
710 2455 743 2493 ἦν
755 2457 802 2483 καὶ
820 2457 917 2492 ἐπίμο-

125 2517 170 2541 νος
180 2509 197 2544 ή
214 2509 274 2535 κατ’
291 2507 381 2535 αὐτῶν
396 2506 485 2541 πληγή
498 2514 504 2520 ·
522 2505 634 2541 βραχεῖα
648 2504 676 2530 δέ
686 2512 726 2535 τις
748 2503 794 2529 καὶ
811 2502 841 2534 ἐξ
857 2503 916 2528 ἐπι-

127 2554 210 2590 πολῆς
225 2553 446 2590 παρατρέχουσα.
470 2551 536 2577 υὺόὲ
552 2551 581 2577 ἐν
596 2550 691 2580 κόποις
710 2549 738 2575 δὲ
765 2546 916 2584 ἀνθρώπων

128 2599 298 2636 ἔξητάζοντο,
312 2597 512 2633 γεωπονοῦντες
528 2597 575 2623 καὶ
585 2595 633 2631 τὴν
643 2604 657 2621 τ
661 2594 744 2630 ροιρὴν
755 2595 808 2620 ἀπὸ
818 2593 916 2629 χειρῶν

128 2645 309 2682 ποριζόμενοι,
335 2643 415 2679 πενίᾳ
436 2651 466 2670 τε
491 2642 737 2678 κατατρυχόμενογ
763 2641 916 2667 τούναντίον

128 2692 154 2719 δὲ
166 2691 273 2727 πλούτῳ
281 2690 488 2726 περιρῤεόμενοι
498 2686 707 2723 καθηδυπὰθουν
719 2686 914 2722 ἐντρυφῶντες,

127 2739 172 2765 καὶ
188 2738 269 2773 μηδὲν
283 2738 374 2772 ὅμοιον
394 2736 541 2771 πάσχοντες
557 2735 613 2765 τοῖς
635 2733 737 2764 λοιποῖς
764 2733 916 2769 ἀνθρώποις

126 2784 181 2815 τοῖς
195 2781 401 2818 μαστιζομένοις
418 2780 535 2815 ἑκάστης
557 2779 664 2814 ἡμέρας
679 2778 712 2804 δι’
724 2778 852 2805 ἐπιπόνου
870 2780 916 2805 καὶ

129 2828 264 2864 μοχθηροῦ
288 2827 356 2862 βίου.
382 2827 430 2853 Διὸ
443 2827 478 2853 ἐν
495 2826 578 2856 κόπῳ
592 2823 754 2858 ἀνθρώπων
773 2826 827 2850 σὺν(
845 2825 914 2855 sici.

156 2908 177 2925 "
195 2908 291 2936 Matth.
308 2917 333 2943 ν,
350 2909 377 2935 8.

970 1634 1165 1668 ﬁrmamentum
1181 1634 1208 1659 in
1224 1633 1304 1668 plaga
1322 1634 1450 1667 ipsorum.
1468 1632 1501 1659 In
1517 1632 1654 1659 laboribus
1674 1632 1761 1659 homi-

969 1688 1031 1706 num
1049 1689 1100 1707 non
1115 1684 1176 1706 sunt
1192 1684 1217 1706 et
1235 1688 1294 1706 cum
1307 1679 1456 1706 hominibus
1475 1687 1527 1706 non
1543 1677 1760 1713 ﬂagellabunlur.

970 1725 1033 1752 Ideo
1047 1726 1129 1752 tenuit
1140 1731 1182 1751 eos
1196 1724 1318 1758 superbia
1330 1724 1356 1750 in
1370 1725 1459 1758 ﬁnem.
1478 1722 1603 1751 Historiae
1619 1730 1761 1758 moreque

969 1771 1089 1798 animam
1115 1771 1227 1798 turbant
1251 1777 1328 1797 suam
1357 1773 1478 1801 enarrat,
1507 1774 1535 1796 ut
1560 1769 1681 1796 sciamus
1707 1777 1762 1797 non

958 1825 1054 1853 .parva
1069 1817 1103 1844 de
1120 1824 1203 1844 causa
1221 1824 1289 1850 pene
1305 1820 1459 1843 commotos
1482 1815 1542 1849 ejus
1561 1816 1654 1850 pedes,
1671 1822 1760 1850 neque

969 1864 1004 1891 ob
1021 1871 1066 1891 res
1080 1864 1155 1898 parii
1174 1863 1305 1890 momenti
1332 1870 1402 1897 pene
1427 1861 1527 1889 effusos
1542 1868 1654 1896 gressus
1672 1861 1760 1895 ipsius

969 1910 1065 1938 fuisse.
1093 1910 1223 1942 Quaenam
1251 1909 1296 1936 illa
1323 1909 1421 1936 erant?
1439 1908 1528 1943 impii,
1556 1908 1654 1942 inquit,
1671 1911 1697 1934 et
1713 1907 1760 1942 qui

969 1957 1054 1983 Deum
1070 1963 1124 1983 nou
1140 1959 1250 1986 norant,
1268 1959 1323 1981 tam
1344 1954 1416 1981 felici
1433 1954 1494 1981 vita:
1510 1953 1638 1986 decursu,
1669 1956 1760 1987 tanta-

969 2008 1022 2035 que
1052 2001 1190 2035 voluptate
1209 1999 1356 2034 dcgebant,
1388 2003 1415 2026 et
1433 2006 1520 2034 usque
1545 1998 1578 2025 ad
1606 2002 1759 2026 extremum

968 2048 1030 2074 vita:
1054 2047 1169 2073 halitum
1197 2050 1236 2072 tot
1259 2045 1364 2073 deliciis
1376 2045 1548 2076 fruebantur,
1561 2048 1592 2071 ut
1607 2052 1687 2072 nemo
1702 2052 1757 2072 non

969 2096 1074 2128 optaret
1097 2093 1173 2124 paria
1191 2092 1334 2126 consequi,
1350 2099 1381 2119 ac
1397 2099 1450 2118 non
1466 2091 1554 2118 solum
1572 2090 1632 2118 vitze
1649 2098 1758 2123 eorum,

969 2139 1017 2166 sed
1034 2139 1117 2166 etiam
1144 2138 1224 2166 morti
1250 2138 1396 2170 invideret,
1430 2138 1477 2165 tali
1500 2138 1616 2170 scilicet,
1648 2137 1757 2172 qualem

969 2185 1089 2212 abnuere
1104 2192 1135 2211 ac
1152 2185 1316 2212 horrendam
1340 2188 1437 2219 putare
1450 2183 1552 2211 nemini
1577 2184 1681 2210 liceret.
1712 2181 1759 2210 Sic

969 2240 1023 2259 non
1048 2235 1108 2258 erat
1132 2235 1275 2266 respectus
1303 2231 1384 2257 morti
1412 2237 1517 2257 eorum.
1551 2228 1605 2256 Sed
1635 2229 1717 2256 etiam
1734 2228 1758 2255 si

968 2278 1079 2312 quando
1094 2278 1265 2313 contingeret
1283 2284 1379 2304 eorum
1395 2276 1514 2311 aliquem
1542 2275 1570 2302 in
1598 2274 1703 2309 plagam
1732 2277 1759 2301 et

970 2324 1119 2359 ﬂagellum,
1139 2324 1265 2351 videlicet
1278 2324 1305 2350 in
1318 2330 1467 2350 aerumnam
1480 2326 1507 2349 et
1518 2321 1701 2349 calamitatem
1717 2320 1759 2346 iu-

969 2368 1076 2401 cidere;
1095 2370 1152 2396 sive
1169 2368 1264 2395 morbo
1281 2367 1349 2394 adici
1365 2367 1406 2393 vel
1421 2367 1598 2397 detrimento,
1621 2373 1675 2392 non
1701 2370 1759 2392 erat

969 2414 1171 2441 ﬁrmamentum
1197 2415 1223 2441 in
1254 2414 1332 2448 plaga
1361 2413 1493 2447 ipsorum.
1512 2411 1571 2438 Non
1588 2412 1660 2438 enim
1678 2411 1758 2438 firma

969 2468 1189 2496 permanensque
1204 2460 1268 2486 talis
1286 2459 1408 2494 ipsorum
1421 2458 1498 2493 plaga
1514 2461 1588 2491 erat;
1609 2457 1654 2484 sed
1667 2457 1758 2485 brevis

969 2507 1197 2542 superﬁciemque
1218 2506 1334 2540 carptim
1355 2506 1501 2540 attingens.
1517 2504 1610 2540 Neque
1635 2504 1700 2531 item
1729 2504 1758 2531 in

968 2553 1109 2580 laboribus
1137 2552 1277 2579 hominum
1301 2552 1491 2584 versabantur,
1507 2555 1608 2578 terram
1631 2550 1758 2585 colendo,

968 2600 1010 2627 vel
1031 2599 1158 2626 manibus
1173 2599 1276 2626 victum
1293 2598 1432 2633 parando;
1453 2606 1506 2625 non
1520 2597 1650 2632 pauperie
1666 2597 1758 2624 alIlicti

967 2650 1063 2680 erant;
1076 2653 1169 2673 verum
1183 2653 1198 2672 e
1219 2644 1358 2672 contrario
1374 2644 1476 2671 divitiis
1496 2644 1648 2674 afﬂuentes,
1667 2643 1693 2670 in
1711 2643 1759 2670 de-

969 2693 1047 2720 licias
1064 2691 1305 2726 immergebantur,
1322 2690 1445 2726 nihilque
1461 2690 1636 2725 patiebantur
1651 2693 1680 2716 ut
1696 2689 1759 2716 reli-

968 2738 1161 2774 quihomines,
1178 2737 1223 2772 qui
1244 2737 1365 2772 qliutidie
1391 2736 1528 2764 laboriosa
1549 2742 1759 2769 azrumnosaque

968 2784 1021 2810 vita
1050 2784 1234 2810 macerantur.
1266 2782 1356 2814 Quare
1380 2782 1407 2808 in
1439 2781 1527 2809 labore
1552 2781 1687 2808 hominum
1706 2788 1757 2806 non

968 2833 1038 2861 sunt,
1055 2833 1078 2855 et
1091 2836 1149 2854 cum
1161 2827 1309 2856 hominibus
1327 2837 1377 2855 non
1394 2828 1611 2863 ﬂagellalvuntur.
1631 2825 1758 2862 Symma-
