2024 3214
267 207 320 236 8δο

630 207 763 236 EUSEBII
780 208 1018 236 CAESARIENSIS
1035 207 1111 235 OPP.
1129 206 1220 234 PARS
1240 206 1282 234 Ill.
1298 223 1333 228 -—
1350 207 1555 235 EXEGETICA.

1852 207 1903 234 8ιο

267 266 335 294 chus
348 269 439 293 autem
461 265 501 292 sic
518 264 715 300 interpretatus
726 269 769 293 est
785 275 792 292 :
807 265 877 298 Quia
889 273 941 292 non
952 265 1054 300 cogita-

1107 265 1156 291 καὶ
1175 265 1250 298 μετὰ
1272 264 1436 298 ἀνθρώπων
1452 265 1487 292 οὺ
1506 263 1797 298 μαστιγωθήσονται.
1824 263 1853 289 '0
1875 263 1903 290 δὲ

266 313 331 340 bant
345 312 376 339 de
387 317 470 339 morte
486 320 494 338 :
508 312 587 346 ﬁrma
602 320 714 347 namque
727 317 803 338 erant
814 312 942 339 vestibula
952 320 1057 343 eorum;

267 365 298 386 ac
310 358 441 393 deinceps
455 367 460 384 :
472 357 505 384 In
518 358 637 389 miseria,
647 357 746 392 inquit,
759 358 809 384 viri
818 366 869 385 non
878 362 964 388 erant.
978 365 1060 392 neque

266 412 325 431 cum
339 403 490 431 hominibus
515 403 740 438 percutiebantur.
758 403 828 437 Quia
844 404 928 439 igitur
955 403 1003 430 tali
1030 403 1058 430 in

266 450 424 478 conditione
440 454 531 482 erant,
547 450 605 476 ideo
619 449 704 476 tenuit
717 449 909 482 eos,superbia.
925 449 992 477 Cum
1009 457 1059 484 par

267 497 366 525 fuisset
382 497 467 529 enim,
483 500 514 524 ut
539 497 579 524 illi
600 505 664 525 vere
692 497 778 532 impii,
793 497 944 525 secundum
961 497 1058 524 huma-

266 550 331 571 num
345 542 484 578 cogitandi
497 550 616 575 morem.
632 543 784 579 condignas
798 543 985 578 impietatibus
999 551 1057 578 pae-

265 595 315 615 nas
333 589 458 621 luerent;
484 588 523 614 illi
546 592 620 616 certe
636 589 664 615 in
679 588 784 616 deliciis
799 588 862 616 vita:
876 589 1058 616 versabantur

265 633 331 661 dum
351 632 407 661 Deo
423 633 525 661 bellum
540 637 692 662 moverem.
711 634 803 667 Quare
824 635 888 662 dum
907 638 1058 662 attereren—

265 682 312 706 tur
326 679 426 714 seipsis
440 679 548 714 pejores
563 679 726 711 evadebant.
739 685 764 707 et
789 681 873 714 operti
885 685 946 707 sunt
958 680 1057 715 iniqui-
1075 694 1078 698 ι

266 728 320 751 tate
337 728 361 750 et
376 725 510 758 impietate
522 733 588 755 sua;
605 732 655 760 pro
671 733 727 760 quo
737 724 919 761 Symmachus
934 735 941 753 :
959 725 1058 760 Super-

266 768 322 801 bia,
339 769 439 805 inquit,
458 769 546 796 induti
561 774 632 802 sunt,
648 771 727 805 quasi
742 772 837 798 horrea
859 779 892 798 ex
915 771 1057 806 iniquitate

266 815 400 843 habentes.
419 815 459 843 Ad
477 816 534 844 haec
563 820 652 844 autem
671 827 676 845 :
695 817 820 844 Prodibit
833 819 911 853 quasi
933 826 966 845 ea:
981 818 1057 852 adipe

265 861 394 897 iniquitas
409 870 510 889 eorum.
531 861 618 896 Cujus
636 863 689 890 loci
709 864 854 891 clariorem
872 864 969 892 extulit
987 873 1058 892 sen-

266 908 378 936 tentiam
389 907 570 943 Symmachus
585 908 628 936 his
639 909 731 937 verbis
745 919 751 937 :
767 909 982 938 Pracideruntex
994 912 1055 946 pin-

264 954 375 990 guedine
389 955 460 981 oculi
475 963 566 982 eorum
586 956 733 984 :similitcr
746 956 845 992 Aquila
861 959 1057 994 lnterpretatus

264 1004 307 1028 est
324 1001 420 1029 dicens
440 1010 446 1028 :
464 1000 595 1029 Exierunt
611 1002 644 1029 ab
660 1002 737 1036 adipe
751 1003 821 1030 oculi
832 1012 935 1031 eorum.
951 1005 1057 1032 Praeter

265 1048 323 1076 haec
343 1049 450 1084 inquit:
469 1049 644 1076 Transierunt
659 1050 686 1076 in
708 1051 831 1085 affectum
847 1051 935 1078 cordis
954 1060 963 1078 :
983 1042 1057 1087 cogi-

265 1099 386 1122 taverunt
397 1100 421 1122 et
433 1095 516 1123 locuti
532 1100 594 1122 sunt
610 1096 637 1122 in
651 1096 813 1131 iniquitate:
830 1105 891 1132 quae
911 1098 951 1125 sic
970 1098 1056 1126 inter-

264 1145 389 1177 pretatur
404 1141 588 1178 Symmachus
603 1152 609 1168 ε
627 1141 815 1179 Prwtergressi
827 1148 888 1171 sunt
901 1153 960 1180 qua:
975 1153 1057 1180 appa-

264 1189 369 1220 rebant,
391 1188 470 1215 corde
496 1188 646 1215 irridentes.
663 1188 731 1216 Nam
753 1189 813 1224 ipsa
828 1197 912 1225 opera
929 1189 975 1217 Dei
996 1199 1057 1226 qua:

265 1235 388 1262 omnium
404 1234 493 1262 oculis
508 1235 730 1270 conspiciuntur,
747 1239 774 1263 et
799 1240 894 1271 aperta
909 1236 1057 1272 providen-

265 1281 310 1309 tiae
324 1281 459 1309 miracula
475 1281 774 1316 pi'aatergredicbaulur
793 1291 800 1309 :
820 1289 882 1309 cum
897 1286 987 1310 tamen
1004 1283 1056 1318 ipsi

264 1335 298 1356 ea
314 1327 501 1363 intelligerent
515 1331 543 1355 et
560 1333 708 1364 caperent;
737 1328 785 1356 sed
797 1329 833 1356 ob
857 1329 982 1356 stultitiae
1001 1329 1056 1356 vim

264 1373 418 1402 illudebant
433 1377 460 1401 et
471 1374 636 1402 irridebant.
652 1374 766 1410 Insuper
780 1375 864 1402 locuti
879 1380 941 1402 sunt
959 1375 986 1402 in
998 1383 1057 1401 ma-

264 1418 335 1451 litia.
348 1425 373 1447 et
388 1420 554 1456 iniquitatem
567 1421 594 1448 in
609 1421 743 1448 excelsum
756 1421 838 1448 locuti
859 1425 931 1448 sunt.
950 1421 1055 1449 Posue-

264 1470 327 1492 runt
339 1465 365 1491 in
381 1464 476 1492 mlum
493 1473 522 1493 os
535 1473 622 1497 suum,
637 1470 663 1493 et
674 1465 766 1501 lingua
780 1474 871 1494 eorum
890 1466 1013 1494 transivit
1029 1467 1057 1494 in

264 1514 345 1538 terra.
370 1509 433 1539 Haec
448 1519 532 1547 purro
548 1511 731 1548 Symmachus
752 1512 793 1539 sic
816 1513 964 1548 explicavit
979 1523 986 1540 :
1004 1513 1058 1540 Lo-

263 1559 411 1593 quebanlur
426 1566 486 1585 cum
504 1558 590 1584 multa
603 1557 751 1590 calumnia,
769 1562 863 1585 contra
875 1558 1006 1586 excelsum
1017 1559 1058 1585 lo-

263 1604 421 1640 quebantur.
449 1604 602 1631 Potuerunt
617 1605 645 1631 in
665 1604 759 1631 caelum
776 1613 805 1632 os
829 1613 907 1632 suum
930 1613 939 1631 :

264 1655 352 1678 autem
373 1659 464 1678 eorum
479 1650 707 1678 obambulationes
733 1651 761 1677 in
790 1655 872 1678 terra.
891 1650 1053 1686 Blasphema

264 1697 366 1732 quippe
390 1697 464 1724 dicta
486 1696 658 1731 proierentes
672 1699 770 1724 contra
789 1697 886 1730 Deum,
901 1697 981 1732 quasi
998 1705 1054 1724 non

264 1742 378 1774 videret,
393 1750 480 1777 neque
495 1747 619 1776 curaret;
631 1743 687 1770 imo
710 1743 790 1778 quasi
804 1743 919 1770 omnino
934 1750 989 1770 non
1006 1750 1055 1771 ex-

264 1782 383 1819 sisteret.
411 1789 585 1824 iniquitatem
602 1789 630 1816 in
658 1790 797 1817 excelsum
815 1789 900 1816 locuti
919 1793 995 1821 sunt,
1023 1796 1056 1817 ac

263 1842 352 1869 usque
373 1835 407 1863 ad
428 1836 528 1863 cualum
544 1843 576 1864 os
594 1843 674 1863 suum
688 1835 891 1869 extenderunt;
918 1836 971 1864 etsi
986 1836 1055 1865 viles

262 1884 356 1908 essent
365 1884 393 1908 et
408 1880 528 1916 linguam
541 1889 620 1909 suam
634 1881 661 1908 in
672 1885 746 1908 terra
757 1880 900 1909 haberent.
914 1880 976 1908 Haec
987 1889 1054 1910 sane

263 1931 328 1954 sunt
344 1935 462 1962 quorum
478 1935 562 1956 causa
578 1935 668 1955 meam
683 1927 770 1956 fateor
795 1927 1001 1961 inﬁrmitatem;
1022 1935 1054 1955 ac

263 1972 337 1999 velut
353 1973 381 1999 in
403 1973 484 2008 cippo
502 1972 706 2000 accusationem
732 1972 856 2000 inscribo
872 1979 972 2005 meam,
989 1973 1053 2008 quia

262 2025 326 2053 pene
341 2019 406 2046 moti
417 2024 478 2046 sunt
492 2019 569 2053 pedes
582 2019 642 2052 mei,
659 2023 684 2046 et
702 2026 766 2054 pene
780 2019 859 2054 effusi
871 2024 933 2047 sunt
947 2028 1055 2054 gresws

264 2064 324 2094 mei.
353 2064 414 2098 quia
441 2064 524 2091 κειατὶ
547 2073 625 2098 super
643 2065 759 2100 iniquos.
780 2072 870 2098 pacem
886 2070 1054 2099 peccatorum

262 2109 363 2136 uidens.

1111 310 1146 336 Σύ
1151 319 1259 346 μμαχος
1266 310 1352 342 οὕτως
1360 311 1376 346 ἡ
1380 311 1532 346 ρμήνευσεν
1540 318 1547 325 ’
1556 310 1620 336 Ὅτι
1631 310 1686 336 οὐκ
1693 309 1902 344 ἐνεθυμοῦντο,

1110 357 1175 392 περὶ
1188 357 1320 385 θανάτου
1330 366 1336 372 ·
1356 358 1463 391 στερεὰ
1475 357 1531 392 γὰρ
1539 355 1580 392 ἦν
1592 356 1628 383 τὰ
1639 357 1781 390 πρόπυλα
1793 355 1901 383 αὐτῶν

1109 404 1157 431 καὶ
1174 404 1247 439 ἑξῆς·
1266 405 1314 431 Ἐν
1332 404 1525 437 ταλαιπωρίᾳ,
1542 403 1634 438 φησὶν,
1646 401 1756 436 ἀνδρὸς
1773 403 1829 429 οὐκ
1841 402 1905 436 ἑτέ·

1108 459 1209 482 νοντο,
1234 450 1305 477 οὐδὲ
1318 450 1393 485 μετὰ
1417 449 1580 483 ἀνθρώπων
1596 448 1803 481 ἐπλήσσοντο.
1826 448 1904 474 Ἐπεὶ

1108 495 1154 524 οὗν
1170 498 1198 523 ἐν
1214 496 1344 527 τοιούτοις
1362 494 1442 532 ἦσαν,
1456 495 1505 522 διὰ
1516 495 1604 522 τοῦτο
1614 494 1781 528 ἐκράτησεν
1791 493 1904 526 αὐτοὺς

1108 543 1127 578 ἡ
1153 543 1352 577 ὑπερηφανία.
1379 542 1445 568 Δέον
1461 541 1515 576 γὰρ
1540 540 1648 572 ἀσεϐεῖς
1676 539 1774 571 ὄντας,
1796 539 1860 566 ὅσον
1875 540 1905 566 ὲν

1108 588 1290 625 ἀνθρωπίνοις
1306 588 1455 622 λογισμοῖς,
1472 586 1618 621 τάπίχειρα
1638 585 1753 620 πάσχειν
1768 585 1826 616 τοῖς
1839 584 1906 611 ἀσε-

1109 635 1142 670 ϐή
1148 643 1243 670 μασιν·
1261 635 1286 660 ot
1300 634 1328 660 δὲ
1342 632 1551 668 κατενετρύφων
1559 632 1606 658 τοῦ
1618 632 1676 666 βίου
1691 630 1902 666 θεομαχοῦντις.

1108 683 1147 707 Δι’
1165 681 1179 707 ὂ
1197 680 1399 716 ἐπιτριϐόμενοι
1423 679 1531 715 χείρους
1553 678 1656 705 ἑαυτῶν
1680 678 1834 712 ἐγίγνοντο,
1855 678 1905 704 καὶ

1109 726 1320 761 περιεϐάλοντο
1357 725 1477 752 ἀδικίαν
1512 725 1560 751 καὶ
1596 723 1736 751 ἀσέϐειαν
1769 723 1902 750 ἑαυτῶν·

1109 773 1166 800 ἀνθ’
1181 771 1211 800 οὗ
1229 773 1243 798 ὁ
1262 772 1423 807 Σύμμαχος’
1442 771 1666 805 Ύπερηφανίαν,
1682 769 1775 804 φησὶν,
1791 768 1904 804 ﬂagiti»

1108 828 1214 850 carro,
1239 818 1395 851 ἀποθήκας
1415 817 1449 849 ἐξ
1474 817 1592 849 ἀδικίας
1607 817 1739 850 ἔχοντες.
1762 816 1823 842 Ἔτι
1851 814 1904 852 μὴν

1108 866 1176 902 πρὸς
1187 865 1302 896 τούτοις
1327 864 1536 895 Ἐξελεύσεται
1557 863 1596 895 ὡς
1612 862 1646 888 ὲκ
1661 862 1787 894 στέατος
1802 861 1822 894 ἢ
1838 861 1902 888 ἁδι-

1109 912 1158 939 κία
1178 910 1292 938 αὐτῶν·
1311 907 1341 936 οἷο
1355 909 1387 944 δὴ
1402 909 1573 944 σαφεστέραν
1589 909 1603 935 ὁ
1618 908 1766 943 Σύμμαχος
1778 907 1904 934 ἀπέδωκε

1108 959 1158 994 τὴν
1177 958 1295 984 διάνοιαν
1309 956 1408 982 εἰπών·
1425 955 1614 990 Προέπιπτον
1625 954 1685 981 ἀπὸ
1702 953 1903 988 λιπαρόητος

1106 1006 1133 1031 ol
1148 1004 1294 1039 ὀφθαλμοὶ
1307 1002 1421 1029 αὐτῶν·
1437 1002 1507 1029 καὶὸ
1523 1001 1637 1032 Ἀκύλας
1651 1000 1680 1026 δὲ
1693 999 1795 1035 ὁμοίως
1808 999 1903 1035 ἡρμή-

1107 1059 1185 1077 νευσε
1198 1051 1301 1085 φήσας·
1320 1048 1464 1082 Ἐξῆλθον
1474 1047 1533 1074 ἀπὸ
1548 1046 1674 1080 στέατος
1684 1045 1832 1080 ὀφθαλμοὶ
1847 1046 1902 1072 αὑ-

1106 1097 1173 1124 τῶν.
1194 1096 1250 1124 Εἶτ’
1270 1097 1317 1123 ἐπὶ
1339 1095 1459 1126 τούτους
1474 1094 1655 1127 Διήλθοσαν,
1674 1092 1767 1128 φησὶν,
1783 1093 1828 1125 εὶς
1840 1091 1903 1118 6ιά-

1105 1144 1192 1169 θεσιν
1207 1141 1340 1176 καρδίας,
1368 1140 1572 1174 διενοήθησαν
1603 1138 1652 1165 καὶ
1679 1137 1841 1171 ἐλάλησαν
1868 1137 1903 1163 ὲν

1107 1188 1249 1222 πονηρίςν
1269 1187 1286 1214 ἃ
1298 1188 1345 1213 καὶ
1364 1186 1433 1213 αὐτὰ
1458 1187 1472 1212 ὁ
1490 1185 1638 1220 Σύμμαχος
1663 1184 1838 1219 ἡρμήνευσεν
1855 1181 1903 1209 οὗ·

1106 1243 1160 1261 τω·
1180 1233 1363 1267 Παρέϐαινον
1381 1233 1418 1259 τὰ
1438 1232 1603 1266 φαινόμενα
1619 1229 1656 1265 τῇ
1690 1229 1796 1263 καρδίᾳ
1814 1237 1903 1256 καταρ

1103 1280 1288 1316 μωκώμενοι.
1315 1279 1370 1305 Καὶ
1393 1278 1447 1313 γὰρ
1463 1277 1532 1304 αὐτὰ
1555 1277 1589 1304 τὰ
1605 1278 1661 1308 τοῖς
1677 1276 1787 1303 πάντων
1800 1275 1902 1310 ὀφθαλ-

1109 1328 1168 1362 μοῖς
1188 1325 1314 1361 ὁρώμενα
1331 1324 1399 1360 ἔργα
1422 1323 1467 1350 τοῦ
1489 1323 1568 1355 Θεοῦ,
1586 1324 1632 1350 καὶ
1653 1322 1688 1349 τὰ
1708 1322 1837 1358 προφανῆ
1853 1321 1902 1356 τῆς

1108 1373 1238 1408 Προνοίας
1263 1371 1390 1406 Θαύματα
1414 1370 1579 1406 παρέϐαινον
1604 1366 1687 1402 οὗτοι,
1710 1368 1835 1399 νοοῦντες
1850 1367 1899 1403 μὲν

1107 1419 1155 1446 καὶ
1169 1418 1304 1449 συνιέντες
1314 1417 1392 1449 αὐτὰ,
1410 1416 1645 1452 καταμωκώμενοι
1656 1415 1685 1442 δὲ
1696 1415 1743 1441 καὶ
1756 1413 1902 1449 χλευάζον-

1107 1473 1152 1497 τες
1162 1464 1194 1490 δι’
1212 1463 1363 1499 ὑπερϐολὴν
1384 1463 1522 1494 ἀπονοίας.
1544 1462 1605 1488 Ἔτι
1620 1461 1674 1497 μὴν
1684 1460 1846 1494 ἐλάλησαν
1867 1459 1903 1486 ἐν

1108 1511 1246 1545 πονηρίᾳ,
1271 1510 1320 1537 καὶ
1347 1509 1467 1536 ἀδικίαν
1486 1510 1530 1541 εἰς
1553 1508 1585 1534 τὸ
1609 1507 1688 1542 ὕψος
1709 1506 1899 1542 ἐφθέγγοντο.

1109 1558 1234 1585 Ἔθεντό
1249 1565 1280 1583 τε
1304 1557 1348 1589 εις
1364 1556 1494 1590 oivparor
1512 1554 1544 1581 τὸ
1568 1554 1665 1588 στόμα
1683 1552 1798 1584 αὐτῶν,
1813 1551 1864 1579 καὶ
1881 1551 1902 1586 ἠ

965 1605 1054 1640 lingua
1069 1612 1089 1641 (ζ
1106 1604 1232 1639 γλῶσσα
1258 1602 1357 1630 αὐτῶν
1376 1602 1502 1636 διῆλθεν
1520 1601 1569 1627 ἐπὶ
1584 1600 1639 1634 τῆς
1658 1599 1724 1635 γῆς.
1745 1600 1800 1626 Καὶ
1816 1598 1902 1626 ταῦτα

1106 1651 1135 1678 δὲ
1160 1652 1174 1678 ὁ
1200 1650 1349 1686 Σύμμαχος
1371 1649 1457 1680 οὕτως
1482 1648 1668 1683 ἡρμήνευσεν·
1698 1644 1848 1672 Ἐλάλουν
1866 1645 1901 1672 ἐν

1106 1695 1208 1730 πολλῇ
1221 1694 1418 1729 συκοφαντίᾳ,
1426 1693 1478 1720 τοῦ
1486 1693 1584 1726 ὕψους
1593 1690 1905 1718 κατελάλουν.Ἕτασ-

1107 1750 1165 1768 σον
1173 1743 1216 1774 είς
1224 1741 1354 1775 οὐρανὸν
1362 1740 1393 1766 τὸ
1403 1739 1500 1774 στόμα
1508 1738 1606 1766 αὐτῶν
1616 1746 1621 1751 ·
1630 1738 1650 1771 ἡ
1662 1737 1697 1764 δὲ
1707 1736 1836 1772 γλῶσσα
1848 1737 1901 1764 air-

1107 1788 1166 1815 τῶν
1180 1787 1405 1821 περιπιιτήματα
1423 1786 1458 1812 ὲν
1472 1784 1509 1819 τῇ
1527 1784 1576 1819 γῇ.
1597 1784 1748 1819 Βλάσφημα
1762 1783 1819 1820 γὰρ
1837 1791 1900 1820 προ-

1107 1834 1252 1870 φερόμενοι
1268 1834 1378 1868 ρήματα
1410 1831 1481 1858 κατὰ
1495 1831 1541 1858 τού
1555 1831 1634 1862 Θεοῦ,
1649 1830 1686 1862 ὡς
1699 1830 1768 1865 μήτε
1782 1828 1902 1865 ὁρῶντος

1109 1881 1177 1916 μήτε
1205 1878 1432 1909 ὲπισκοποῢντος,
1465 1878 1532 1912 μήτε
1558 1876 1611 1912 μὴν
1632 1876 1692 1903 ὅλον
1720 1875 1902 1911 ὑπάρχοντος.

1107 1927 1212 1954 ἀδικίαν
1225 1927 1264 1957 εἱς
1275 1925 1305 1952 τὺ
1321 1925 1387 1960 ὕψος
1401 1924 1545 1959 ἐλάλησαν,
1561 1923 1608 1949 καὶ
1624 1923 1706 1959 μέχρι
1722 1921 1769 1949 τοῦ
1785 1921 1902 1957 οὐρανοῦ

1108 1972 1238 2005 ὲξέτεινον
1256 1971 1360 1999 ἑαυτῶν
1370 1971 1399 1997 τὸ
1415 1970 1512 2006 στόμα·
1528 1970 1575 1996 καὶ
1588 1969 1677 1996 ταῦτα.
1689 1968 1814 1996 ταπεινοὶ
1825 1967 1902 1998 ὅντες

1107 2020 1153 2046 καὶ
1164 2019 1211 2054 τὴν
1226 2018 1350 2052 γλῶσσαν
1367 2017 1414 2043 ἐπὶ
1431 2017 1481 2052 τῆς
1502 2017 1554 2052 γῆς
1577 2016 1694 2052 ἔχοντες,
1711 2014 1796 2042 Ταῦτ’
1817 2011 1901 2050 ἦνδῦ

1106 2066 1124 2093 ἃ
1140 2066 1296 2101 ὡμολόγουν
1315 2064 1344 2090 τὸ
1365 2063 1485 2098 ἐμαυτοῦ
1502 2062 1598 2094 πάθος,
1617 2062 1676 2089 κατ’
1695 2058 1817 2096 ἐμαυτοῦ
1841 2067 1903 2094 cur

1106 2113 1219 2139 λιτεύων
1236 2111 1372 2146 ἔγγραφον
1390 2109 1566 2144 κατηγορίαν,
1580 2108 1628 2134 καὶ
1638 2108 1678 2134 ὅτι
1695 2106 1776 2141 παρὰ
1792 2105 1903 2141 μικρὸν

262 2155 474 2189 ἐσαλεύθησαν
487 2156 514 2182 ol
548 2155 638 2188 πόδες
647 2165 716 2190 μου.
746 2155 795 2182 καὶ
826 2163 884 2190 παρ
911 2157 1015 2191 ὀλίγον
1042 2158 1170 2192 ἐξεχύθη
1194 2158 1229 2184 τὰ
1258 2154 1424 2190 διαδήματά
1442 2163 1512 2189 μου.
1534 2154 1577 2180 ὅτι
1600 2152 1738 2186 ἐζήλωσα
1757 2151 1809 2178 ἐπὶ
1839 2149 1902 2184 τοῖς

263 2202 396 2237 ἀνόμοις,
409 2201 534 2236 εἰρήνην
549 2201 730 2236 ἁμαρτωλῶν
744 2202 870 2236 θεωρῶν.

299 2260 383 2288 Vsus.
402 2259 444 2286 10.
478 2258 542 2286 Ideo
568 2259 736 2286 'canvertetur
766 2259 879 2293 populus
908 2267 981 2286 meus
997 2259 1048 2292 hic,

1145 2257 1195 2283 Διά
1210 2255 1298 2281 τοῦτο
1314 2252 1488 2288 ἐπιστρέψει
1508 2253 1524 2279 ὁ
1538 2252 1613 2284 λαός
1625 2260 1685 2286 μου
1698 2251 1840 2284 ἐνταῦθα,
1852 2253 1900 2280 καὶ

262 2312 287 2335 ct
303 2306 359 2334 dies
374 2305 443 2340 pleni
455 2305 619 2332 invenientur
634 2304 660 2331 in
673 2305 721 2332 eis.
735 2304 825 2331 Athca
839 2304 886 2331 illa
904 2305 1051 2340 impiorum

261 2354 336 2382 dicta
351 2356 486 2380 eteorum
517 2351 658 2386 superbia,
687 2358 747 2385 quae
765 2358 856 2378 rerum
884 2351 1052 2385 potiebatur,

262 2400 326 2427 talis
346 2402 405 2426 erat
423 2398 513 2433 qualis
528 2400 747 2424 commonstrata
771 2399 824 2424 est.
847 2395 903 2423 Nec
927 2396 1055 2432 ignoran-

262 2446 326 2474 dum
337 2446 394 2473 haec
403 2445 460 2481 ipsa
470 2444 571 2480 populo
580 2451 641 2472 meo
655 2444 682 2470 in
695 2443 798 2471 bonum
811 2443 939 2471 vertisse.
950 2442 1054 2470 Etiam<

263 2493 286 2520 si
316 2493 390 2519 enim
415 2492 449 2519 ad
474 2491 611 2527 quoddam
632 2494 740 2524 tempus
761 2490 879 2525 populus
897 2497 975 2517 meus
1003 2489 1054 2516 im-

263 2538 316 2573 piis
329 2537 383 2565 illis
395 2537 428 2564 ad
443 2541 619 2572 peccatorum
642 2535 828 2570 expiationem
848 2535 965 2563 traditus
985 2535 1021 2562 sit
1044 2543 1051 2561 :

263 2583 312 2610 sed
334 2582 459 2610 stultitim
475 2589 571 2609 eorum
599 2581 807 2616 exsuperantia,
835 2588 895 2616 qum
920 2581 1006 2608 ruinae
1020 2588 1053 2607 ac

265 2627 397 2665 perniciei
414 2627 482 2662 ipsis
498 2634 579 2654 causa
595 2626 656 2659 fuit,
674 2626 833 2661 quiescendi
850 2634 881 2653 ac
897 2625 1052 2661 respirandi

266 2675 355 2702 locum
369 2673 470 2708 populo
481 2680 541 2699 meo
557 2673 643 2700 dabit.
660 2671 727 2699 Nam
747 2680 808 2699 cum
824 2672 863 2698 illi
879 2672 914 2698 ob
927 2671 1053 2706 impieta-

265 2725 306 2748 tes
333 2726 399 2747 suas
427 2717 545 2753 prolapsi
573 2718 719 2752 perierint,
739 2722 903 2745 convertatur
939 2717 1052 2751 populus

264 2774 335 2793 meus
355 2765 417 2796 hic;
438 2763 464 2791 id
480 2767 533 2795 est,
558 2764 586 2790 in
603 2763 731 2799 praesenti
749 2764 803 2798 vita
827 2774 833 2791 :
859 2768 883 2791 et
905 2764 959 2790 dies
983 2763 1053 2797 pleni

263 2812 428 2839 invenientur
444 2811 472 2837 in
489 2809 545 2842 eis;
564 2809 591 2837 id
607 2814 660 2842 est,
677 2810 704 2837 in
721 2811 754 2838 iis
770 2817 785 2837 e
802 2811 904 2845 populo
922 2817 983 2836 meo
1005 2809 1051 2844 qui

262 2859 339 2894 digni
356 2857 468 2885 fuerint.
494 2856 556 2884 Dies
572 2856 645 2891 pleni
667 2860 758 2883 autem
772 2859 838 2883 sunt
855 2856 886 2888 ii,
903 2855 948 2890 qui
963 2856 1052 2882 omnis

261 2905 324 2932 boni
341 2904 438 2940 repleti
453 2908 528 2936 sunt.
542 2907 569 2930 et
584 2902 632 2937 qui
648 2902 753 2937 justum
767 2902 830 2929 vitae
842 2902 960 2937 spatium
974 2909 1053 2929 com-

261 2952 345 2987 plent.
362 2950 408 2978 Sic
423 2950 523 2979 alicubi
537 2949 639 2978 dicitur
655 2959 661 2976 ε
693 2947 816 2976 Mortuus
834 2952 872 2975 est
888 2947 980 2982 plenus
997 2948 1052 2975 die—
1074 2983 1083 2987 _

1107 2303 1213 2338 ἡμέραι
1229 2300 1357 2335 πλήρεις
1372 2299 1587 2333 εὑρεθήσονται
1608 2298 1643 2324 ἐν
1661 2298 1776 2331 αὐτοῖς.
1793 2299 1834 2326 Τὰ
1853 2300 1901 2335 μὲν

1107 2349 1174 2377 ἄθεα
1187 2348 1240 2375 τῶν
1269 2346 1374 2374 ἀσεϐῶν
1403 2346 1511 2381 ῥήματα
1534 2344 1581 2371 καὶ
1596 2345 1612 2379 ἡ
1630 2344 1792 2379 κρατήσασα
1811 2345 1900 2371 αὐτῶν

1107 2394 1281 2431 ὑπερηφανία
1294 2393 1405 2428 τοιαύτη
1423 2401 1464 2423 τις
1473 2389 1507 2427 ἧν
1519 2391 1562 2417 οἶα
1574 2389 1732 2425 δεδήλωται.
1745 2389 1805 2426 Χρὴ
1823 2390 1851 2417 δὲ
1864 2391 1899 2426 μὴ

1105 2443 1223 2476 ἀγνοεῖν,
1248 2441 1285 2472 ὡς
1302 2439 1374 2467 αὐτὰ
1396 2438 1481 2465 ταῦτα
1500 2437 1568 2473 πρὸς
1580 2436 1683 2470 ἀγαθοῦ
1698 2436 1845 2472 γεγένηται
1864 2435 1901 2470 τῷ

1107 2488 1165 2523 ἐμῷ
1179 2486 1246 2522 λαῷ.
1263 2487 1294 2513 Εἰ
1310 2485 1365 2520 γὰρ
1380 2484 1428 2511 καὶ
1447 2483 1482 2509 τὰ
1505 2482 1621 2518 μάλιστα
1637 2481 1705 2517 πρός
1717 2490 1777 2508 τινα
1804 2482 1900 2517 καιρὸν

1105 2534 1197 2564 αὐτοῖς
1214 2532 1329 2563 ἐκείνοις
1350 2531 1406 2562 τοῖς
1422 2528 1548 2555 ἀσεϐέσιν
1563 2528 1577 2554 ὁ
1595 2527 1662 2562 ἐμὸς
1684 2526 1747 2557 λαὸς
1763 2527 1900 2562 παρεδόθη

1105 2581 1146 2610 εἰς
1171 2578 1305 2614 ἔκπραξιν
1333 2575 1552 2612 ἁμαρτημάτων,
1571 2573 1629 2600 ἀλλ’
1652 2573 1669 2609 ἡ
1696 2571 1834 2608 ὑπερὸολὴ
1851 2573 1900 2607 τῆς

1104 2624 1158 2650 τῶν
1174 2623 1377 2659 προλεχθέντων
1391 2619 1531 2652 ἀπονοίας,
1550 2618 1653 2646 πτῶσιν
1668 2618 1761 2649 αὐτοῖς
1780 2618 1900 2653 ἐργασα-

1106 2669 1172 2704 μένη
1190 2668 1237 2695 καὶ
1256 2667 1366 2704 ὀλέθρου
1382 2666 1517 2701 γενομένη
1539 2665 1630 2696 αὐτοῖς
1640 2663 1724 2693 αἰτία.
1741 2663 1833 2690 ἄνεσιν
1853 2663 1899 2689 καὶ

1104 2716 1241 2750 ἀναπνοὴν
1268 2715 1307 2750 τῷ
1333 2713 1391 2750 ὲμῷ
1415 2713 1528 2749 παρέξει
1549 2711 1615 2747 λαῷ.
1642 2711 1828 2737 Ἐκπεσόντων
1845 2709 1899 2744 γὰρ

1087 2762 1214 2789 ’ἐκείνων
1233 2761 1280 2787 καὶ
1300 2760 1475 2796 ἀπολομένων
1490 2758 1535 2785 διὰ
1556 2758 1607 2789 τὰς
1626 2757 1730 2789 οἰκείας
1748 2756 1893 2788 ἀσεϐείας,

1104 2810 1120 2835 ὁ
1135 2808 1210 2841 λαός
1224 2817 1281 2842 μου
1306 2806 1483 2841 ἐπιστρέψει
1500 2805 1644 2836 ἐνταῦθα,
1665 2804 1804 2830 τουτέστιν
1818 2803 1847 2828 ὲν
1857 2800 1896 2835 τῷ

1103 2855 1218 2891 παρόντι
1232 2854 1297 2890 βιῳ·
1316 2853 1366 2880 καὶ
1378 2851 1482 2887 ἡμέραι
1499 2851 1626 2884 πλήρεις
1633 2849 1848 2884 εὑρεθήσονται
1861 2847 1895 2874 ἐν

1103 2901 1215 2934 αὐτοῖς,
1227 2899 1326 2937 δηλαδὴ
1343 2900 1400 2930 τοῖς
1423 2899 1452 2924 ὲν
1472 2897 1512 2933 τῷ
1526 2896 1586 2932 ἐμῷ
1600 2895 1656 2932 λαῷ
1671 2895 1764 2928 ἀξίοις.
1778 2893 1835 2928 Πλή
1841 2901 1898 2935 pet;

1104 2949 1131 2975 δὲ
1146 2947 1249 2984 ἡμέραι
1262 2946 1329 2973 εἰσὶν
1341 2946 1367 2972 αξ
1384 2944 1485 2978 παντὸς
1493 2943 1596 2978 ἀγαθοῦ
1614 2940 1837 2977 πεπληρωμέναι,
1848 2938 1892 2964 καὶ
