2024 3214
137 197 188 224 ιιι

701 195 958 224 εοιίιιεΝτΑκιΑ
969 196 1007 224 ‘lN
1023 196 1194 225 mauros
1240 185 1266 215 Ἴ
1280 184 1322 208 ν

1703 197 1758 224 8ἷῖ

140 257 184 282 τὸν
206 256 304 282 οἰκεῖον
322 255 416 291 χρόνον
437 256 487 291 τῆς
507 255 580 291 ζωῆς
601 255 817 291 αποπληροῦσαι.
848 256 922 283 Οὕτω

978 265 1036 284 rum
1049 257 1067 283 ¹.
1085 256 1159 284 Meus
1170 264 1235 291 ergo
1247 256 1362 291 populus
1379 256 1414 283 ab
1428 256 1462 284 iis
1477 255 1622 282 utilitatem
1639 237 1755 289 accepit.

137 302 260 329 λέλεκται
283 311 344 333 που,
367 302 406 327 ὅτι
433 301 586 335 Ἐκοιμήθτρ
605 301 722 335 πλήρης
743 301 868 336 ἡμερῶν.
896 302 924 328 '0

140 348 187 383 μὲν
209 345 257 374 οὖν
282 347 348 382 ὲμὺς
368 347 432 378 λαὸς
450 348 482 374 ὲκ
496 347 601 374 τούτων
621 347 771 382 ὠφέληται·
786 348 813 374 οῖ
825 356 856 381 γε
871 348 924 383 μὴν

138 393 331 429 προλεχθέντες
346 393 454 424 ἀσεϐεῖς
479 392 526 419 καὶ
546 391 619 418 ἄθεοι
633 392 719 424 οὕτως
737 392 862 427 ἠσέϐουν,
886 394 924 425 ὡς

138 439 200 470 τοὺς
210 438 331 474 ὁρῶντας
356 438 506 473 ἀμηχανεῖν
527 438 574 464 καὶ
598 437 701 472 λέγειν’
719 438 785 471 Πῶς
810 439 886 473 ἔγνω
908 441 924 466 ό

138 483 219 516 Θεὸς,
245 483 294 509 καὶ
310 484 336 510 εἰ
352 483 418 509 ἐστι
437 482 548 518 γνῶσις
566 482 652 515 ἐντῷ
670 483 811 517 Ὑψίστῳς
826 485 853 510 εἰ
870 484 924 520 γάρ

137 531 210 556 ἐστιν
225 530 254 556 ὲν
278 529 316 564 τῷ
342 529 465 565 ’Υψίστῳ
483 529 594 563 γνῶσις,
619 530 666 556 καὶ
684 531 708 556 εὶ
721 530 805 556 ταῦτα
828 532 922 566 ἐφορᾷ,

138 575 184 602 καὶ
214 575 278 607 τοὺς
303 575 350 602 ἐπὶ
375 575 428 610 γῆς
452 576 605 607 ἐπισκοπεῖ,
629 575 688 607 πῶς
716 572 788 602 οὗτοι
812 576 924 603 τοιαῦτα

134 617 252 653 δρῶντες
281 618 449 653 εὐθηνοῦσιν,
475 619 522 645 καὶ
548 620 588 651 εἰς
611 619 656 646 τὸν
679 620 764 646 αἰῶνα
793 621 923 655 κατέσχον

137 663 267 696 πλούτους
282 663 366 698 Κάγὼ
386 664 424 695 δὲ,
435 663 520 690 ταῦτα
534 664 654 700 θεωρῶν.
667 664 853 701 ὲθορυόούμην
868 668 924 697 τοῖς

137 708 285 744 λογισμοῖς,
307 709 346 740 ῶς
366 710 433 745 πρὸς
452 709 573 744 ἐμαυτὸν
592 710 709 736 ἐννοεῖν·
727 710 849 743 Μήποτε
867 711 924 745 ἄρα.

135 756 266 790 ματαίως
278 755 439 782 ἐδικαίωσα
456 756 514 790 τὴν
538 756 663 790 καρδίαν
672 765 742 790 μου,
757 757 805 783 καὶ
820 757 924 791 ἐνιψά-

135 810 196 836 μην
208 801 244 828 ἐν
260 801 365 834 ἀθώοις
374 801 427 834 τὰς
438 801 538 836 χεῷἀς
547 811 607 837 μου
619 823 626 833 ,
645 803 693 830 καὶ
709 803 855 837 ἐγενόμην
871 811 923 837 με-

136 848 359 883 μαστιγωμένος
378 847 455 881 ὅλην
481 847 539 882 τὴν
555 848 678 883 ἡμέραν,
701 849 749 874 καὶ
769 850 786 875 ὁ
798 848 922 883 ἔλεγχός

134 902 191 928 μου
211 894 256 926 εὶς
287 893 340 926 τὰς
363 894 493 927 apt-trag;
508 894 539 920 Εἰ
561 893 615 929 γὰρ
632 895 687 925 τοῖς
713 894 751 929 μὴ
771 894 856 920 ταῦτα
873 902 922 920 πε-

137 939 261 975 ποιηκόσι
290 939 406 974 τοσαύτη
431 940 562 975 πάρεστιν
585 940 720 975 εὐθυμία,
746 941 786 972 εἰς
811 940 924 976 μάταιον
941 956 960 983 Β

137 983 189 1020 ἄρα
204 983 260 1018 ἐγὼ
274 984 372 1015 κοπιῶ,
382 984 428 1011 καὶ
438 985 572 1020 περιττῶς
581 986 738 1012 ἐσπούδακα
750 986 923 1021 δικαιοσύνης

139 1030 341 1066 ἐπιμελόμενος·
352 1031 416 1066 εἰκῆ
428 1031 457 1057 δὲ
466 1032 512 1057 καὶ
520 1028 733 1066 μάτηνὲφύλαξά
745 1040 794 1067 μου
803 1032 851 1063 τὰς
865 1034 922 1067 χεῖ-

139 1084 186 1111 ρας
191 1075 237 1102 καὶ
242 1076 291 1108 τὰς
297 1075 409 1112 πράξεις
416 1075 444 1108 ἐξ
454 1076 553 1102 ἀδίκων
561 1076 657 1112 ἔργων·
667 1076 728 1111 εἰκῆ
736 1077 780 1103 καὶ
787 1077 922 1112 νηστείαις

136 1121 181 1147 καὶ
195 1122 391 1153 κακοπαθείαις
403 1120 580 1156 κατατρύχων
596 1122 713 1157 ἐμαυτὸν
725 1123 771 1148 καὶ
784 1123 921 1158 μαστίζων

136 1167 223 1193 πᾶσαν
247 1167 354 1202 ἡμέραν
381 1167 533 1194 διετέλεσα·
558 1168 618 1202 εἰκῆ
635 1168 682 1194 καὶ
698 1168 784 1203 μάτην
797 1169 918 1200 ἐπόνουν,

135 1211 192 1247 ἅμα
207 1214 240 1248 τῇ
256 1213 293 1249 ἕῳ
301 1214 478 1249 ἀνιστάμενος
491 1213 537 1239 καὶ
550 1213 718 1249 ἐξαγορεύων
734 1215 762 1240 ἐν
777 1215 835 1245 ταῖς
853 1215 921 1250 πρὸς

134 1258 178 1285 τὸν
191 1258 260 1285 Θεὸν
273 1259 365 1294 εὐχαῖς
376 1260 425 1291 τὰς
437 1259 554 1295 ἐμαυτοῦ
567 1260 705 1295 ἁμαρτίας
720 1259 921 1296 ἀποκλαόμενός

133 1312 162 1330 τε
187 1305 234 1331 καὶ
255 1306 318 1337 τοὺς
348 1307 408 1332 κατ’
434 1306 554 1341 ἐμαυτοῦ
581 1306 728 1342 προφέρων
751 1307 877 1341 ἐλέγχους
892 1307 920 1333 ὲν

134 1351 191 1382 ταῖς
207 1351 276 1387 πρὸς
289 1352 334 1378 τὸν
348 1352 413 1378 Θεὸν
429 1352 650 1388 ὲξομολογὴσεσι,
667 1352 749 1379 Ταῦτ’
759 1350 793 1388 ἦν
809 1352 827 1378 ὃ.
844 1352 920 1379 ἐνθυ-

136 1396 278 1432 μούμενος,
290 1398 365 1432 παρὰ
383 1398 480 1434 μικρὸν
498 1399 677 1433 ἐσαλευόμην.
697 1399 770 1424 Ἀντὶ
780 1398 808 1424 δὲ
818 1398 920 1425 τούτων

133 1444 147 1469 ὁ
169 1444 317 1480 Σύμμαχος
335 1446 428 1472 τοῦτον
443 1447 597 1481 ἡρμήνευσε
612 1445 658 1472 τὸν
676 1446 775 1481 τρόπον
789 1454 795 1461 ·

978 303 1018 329 illi
1041 311 1104 330 vero
1121 303 1243 337 praedicti
1266 303 1340 336 impii
1356 306 1382 329 et
1395 302 1467 329 atbei
1483 309 1516 329 eo
1532 309 1618 336 usque
1633 300 1758 335 impieta-

977 349 1013 376 tis
1028 351 1222 383 proruperunt,
1248 351 1277 373 ιιι
1298 348 1344 382 qui
1370 347 1496 374 videbant
1513 351 1624 382 stupore
1638 346 1757 382 perculsi

977 394 1099 421 dicerent
1120 403 1126 420 :
1150 393 1287 426 Quomodo
1303 393 1351 419 scit
1370 392 1448 423 Deus,
1472 397 1496 419 et
1512 393 1535 419 si
1549 397 1587 419 est
1604 390 1715 419 scientia
1730 392 1757 417 in

977 438 1136 466 Altissimo?
1162 438 1228 465 Nam
1251 439 1273 466 si
1295 438 1323 464 in
1338 438 1481 465 Altissimo
1496 438 1607 465 scicntia
1630 438 1755 468 exsistat.

977 485 1055 519 isque
1076 485 1142 511 talia
1158 485 1258 517 videat,
1284 484 1491 519 terrigenasque
1513 488 1600 515 curet,
1618 491 1701 518 quare
1716 483 1756 509 illi

976 531 1040 557 talia
1061 531 1174 558 edentes
1190 531 1311 558 facinora
1323 538 1453 566 prospere
1466 534 1559 565 agunt.
1573 534 1600 557 el.
1617 530 1644 557 in
1668 537 1755 557 sazcu-

977 576 1031 602 lum
1050 583 1136 609 usque
1153 575 1263 602 divitias
1276 576 1418 603 obtinent?
1431 575 1492 602 Ilaec
1503 582 1567 602 vero
1584 574 1756 608 conspicatus

976 628 1036 656 ego,
1049 620 1260 656 cogitationibus
1275 621 1417 652 turbabar,
1436 621 1472 647 ita
1489 624 1527 646 'ut
1545 626 1626 654 penes
1653 627 1696 646 me
1710 626 1756 646 co-

976 668 1101 702 gitarem,
1116 666 1253 701 Numquid
1270 667 1327 694 sine
1338 675 1420 693 causa
1432 667 1579 701 justiﬁcavi
1601 674 1647 693 eo:
1660 674 1755 696 meum.

973 717 1000 738 et
1013 712 1063 738 lavi
1078 712 1146 739 inter
1160 712 1307 738 innocentes
1329 720 1422 738 manus
1444 720 1532 744 meas,
1557 716 1581 738 et
1607 711 1647 745 fui
1669 711 1758 746 ﬂagel-

977 758 1048 785 latus
1070 764 1125 785 tota
1140 758 1194 790 die,
1213 765 1238 785 et
1253 759 1394 794 castigatio
1417 767 1475 785 mea
1490 759 1518 784 in
1541 759 1677 785 matutinis
1689 759 1702 784 1³
1729 758 1758 785 Si

976 805 1048 831 enim
1066 805 1100 832 iis
1116 805 1162 839 qui
1179 805 1234 832 inec
1246 806 1357 832 minime
1369 810 1502 840 peragunt
1517 809 1594 832 tanta
1610 805 1676 832 insit
1693 813 1757 839 pro-

976 850 1105 885 speritas,
1135 851 1161 877 in
1181 858 1280 877 vanum
1295 858 1358 885 ergo
1370 851 1474 881 laboro,
1491 849 1628 884 superﬂue
1644 850 1759 885 justitia:

977 897 1085 928 studeo,
1107 896 1209 924 frustra
1235 900 1262 924 et
1275 897 1414 924 incassum
1435 903 1533 923 manus
1547 899 1574 923 et
1587 899 1665 923 actus
1681 903 1758 922 meos

975 942 1077 977 iniquis
1092 943 1221 977 operibus
1236 950 1320 977 puros
1339 942 1463 974 servavi;
1483 942 1583 968 frustra
1600 941 1714 976 jeiuniis
1731 946 1757 968 et

975 990 1106 1016 aerumnis
1121 996 1163 1015 me
1178 987 1300 1023 quotidie
1313 987 1446 1023 ﬂagellavi
1457 991 1484 1014 et
1500 987 1650 1019 maceravi;
1667 986 1758 1014 incas—

977 1042 1036 1062 sum
1051 1034 1183 1066 laboravi,
1197 1041 1259 1061 cum
1271 1041 1370 1061 aurora
1383 1041 1498 1068 surgens
1507 1038 1533 1060 et
1546 1033 1573 1059 in
1587 1032 1757 1060 orationibus

976 1080 1044 1107 meis
1058 1084 1170 1114 peccata
1191 1086 1249 1107 mea
1264 1079 1398 1106 conlitens
1413 1086 1444 1105 ac
1464 1078 1618 1112 deplorans.
1633 1082 1713 1112 atque
1728 1077 1756 1104 in

974 1125 1196 1153 confessionibus
1207 1125 1262 1153 Deo
1277 1125 1386 1153 emissis
1410 1124 1599 1151 accusationes
1612 1123 1756 1150 adversum

973 1179 1016 1198 me
1030 1170 1179 1205 proferens.
1195 1170 1257 1198 "se
1271 1175 1349 1198 erant
1364 1179 1423 1206 qua:
1440 1171 1504 1196 dum
1520 1170 1667 1205 cogitarem
1689 1162 1756 1203 pene

973 1217 1075 1245 clI‘usus
1091 1224 1162 1244 sum.
1181 1216 1234 1244 Pro
1252 1217 1306 1244 illis
1321 1224 1385 1243 vero
1402 1215 1582 1251 Symmachus
1604 1216 1645 1242 sic
1668 1215 1754 1241 inter-

972 1267 1095 1297 pretatus
1113 1267 1155 1290 est
1166 1274 1172 1290 ς
1191 1262 1327 1289 Fortassis
1344 1263 1427 1297 igitur
1436 1267 1459 1288 et
1474 1270 1519 1296 ego
1531 1262 1633 1296 frustra
1643 1260 1755 1295 purgati

973 1309 1090 1335 animam
1107 1316 1200 1341 meam,
1212 1314 1238 1335 et
1253 1308 1305 1335 luvi
1320 1309 1347 1335 in
1362 1309 1510 1334 innocentia
1527 1316 1619 1334 manus
1630 1315 1712 1338 meas.
1730 1312 1757 1333 et

971 1355 1131 1388 perseveravi
1146 1354 1253 1381 delusus
1272 1354 1382 1389 singulis
1404 1354 1506 1386 diebus,
1529 1359 1555 1380 et
1582 1353 1752 1387 reprehensus

973 1400 1083 1435 singulis
1100 1400 1248 1427 matutinis.

834 1446 918 1478 Ἴσως
937 1444 994 1473 οὖν
1007 1447 1086 1481 κάγὼ
1094 1448 1193 1482 μάτην
1203 1447 1333 1481 ἐκάθαρα
1342 1446 1399 1481 τὴν
1405 1447 1510 1481 ψυχήν
1517 1456 1587 1481 μου.
1619 1446 1668 1473 καὶ
1694 1446 1753 1472 ἑνι-

134 1493 291 1526 πτόμηνέν
304 1493 513 1527 ἀναμαρτησίᾳ.
548 1493 602 1526 τὰς
634 1493 736 1527 χεῷάς
747 1502 818 1528 μου,
850 1494 898 1520 καὶ
914 1494 1070 1521 διετέλεσα
1089 1495 1340 1529 μυκτῳιζόμενος
1368 1495 1430 1521 καθ’
1458 1494 1592 1527 ἑκάστην
1613 1494 1747 1528 ἡμέραν,

134 1539 181 1566 καὶ
199 1540 398 1575 ἐλεγχόμενος
412 1541 475 1568 καθ’
491 1541 622 1568 ἕκαστον
634 1541 751 1575 ὄρθρον.

168 1595 202 1622 Εἰ
226 1597 343 1631 ἔλεγον.
364 1598 547 1632 Διηγήσομιιι
573 1597 676 1630 οὕτως,
694 1597 758 1625 ἰδοὺ
778 1598 816 1632 τῇ
834 1598 921 1633 γενεᾷ
934 1601 956 1631 C

133 1641 193 1668 τῶν
210 1642 283 1668 υἱῶν
304 1650 365 1669 σου
390 1643 597 1676 ἠσυντέθεικα.
615 1644 670 1670 Καὶ
696 1644 849 1671 ὑπέλαϐον
868 1645 922 1671 τοῦ

135 1687 243 1722 γνῶναι
262 1688 360 1719 τοῦτο,
385 1690 477 1722 κόπος
489 1689 574 1716 ἐστὶν
590 1689 718 1716 ἐνώπιόν
734 1699 807 1724 μου’
820 1690 875 1723 ἓως
885 1687 920 1718 οὗ

134 1733 258 1761 εἰσέλθω
281 1735 325 1767 εὶς
344 1734 376 1760 τὸ
391 1735 587 1769 ἀγιαστήριον
605 1735 657 1762 τοῦ
673 1736 757 1767 Θεοῦ,
775 1736 823 1762 καὶ
838 1736 921 1763 συνῶ

133 1782 177 1815 εἰς
188 1782 225 1808 τὰ
235 1782 351 1816 ἔσχατα
364 1781 472 1809 αὐτῶν.
484 1782 524 1808 Τὰ
539 1782 720 1818 προλεχθέντα
733 1783 761 1808 ὲν
769 1784 824 1814 τοῖς
837 1784 921 1818 ἐμαυ-

135 1826 180 1854 τοῦ
204 1827 342 1863 λογισμοῖς
366 1828 534 1863 ἐνεθυμήθην
555 1828 620 1854 αὐτὸ
641 1829 730 1863 μόνον,
756 1826 850 1863 ὲφόἷς
874 1829 920 1856 καὶ

134 1873 300 1902 ίκινδύνευον
314 1874 391 1901 σάλον
406 1874 512 1905 παθεῖν,
530 1875 560 1901 οὐ
579 1874 632 1910 μὴν
647 1875 692 1901 καὶ
704 1874 865 1910 ἐξηγόρευον
881 1876 920 1907 εἰς

135 1918 252 1955 ἑτέρους.
273 1919 305 1946 Et
315 1919 368 1955 γὰρ
381 1919 475 1955 κρίνας
492 1919 561 1946 οὓτω
578 1922 685 1955 φρονεῖν
701 1920 749 1956 τὴν
766 1920 843 1947 ἄθεον
854 1920 919 1946 ταύ-

133 1975 183 2002 την
207 1966 379 1993 διδασκαλίαν
397 1966 548 2002 προέφερον
561 1968 601 1998 εἰς
615 1967 740 2003 ἐτέρους·
759 1967 920 2002 παραῦάτης

136 2012 168 2040 ἂν
183 2012 313 2047 ἐγενόμην
325 2012 378 2038 τῶν
392 2013 512 2039 εὐσεϐῶν
527 2013 678 2048 δογμάτων,
697 2013 742 2039 καὶ
758 2014 807 2044 τὰς
820 2013 919 2048 συνθή-

136 2066 185 2090 κας
201 2057 233 2085 ἂν
251 2057 386 2094 παρῆλθον
401 2060 450 2093 τῆς
460 2060 556 2093 γενεᾶς
569 2059 623 2086 τῶν
635 2059 689 2086 σῶν
703 2059 814 2085 τέκνων.
832 2059 920 2085 Τέκνα

136 2103 188 2139 γάρ
205 2112 251 2130 σου
281 2103 326 2130 τοῦ
344 2104 410 2130 Θεοῦ
438 2105 536 2135 πάντες
561 2105 704 2139 γεγόνασιν
728 2105 752 2131 οἱ
777 2105 848 2138 ἅγιοι
873 2105 920 2131 καὶ

137 2148 266 2183 θεοφιλεῖς
279 2149 383 2185 ἄνδρες.
401 2150 482 2176 Γενεὰ
492 2150 520 2176 δὲ
533 2150 622 2177 αὐτῶν
635 2151 651 2185 ἠ
666 2149 696 2182 ἐξ
709 2149 797 2176 αὐτῶν
812 2150 918 2185 διαδοχὴ

136 2194 187 2221 τῶν
197 2195 293 2228 ἁγίων,
317 2192 354 2221 ὢν
373 2194 406 2221 τὰ
425 2194 573 2230 μαθήματα
593 2194 683 2221 καὶτὰ
700 2194 823 2229 δόγματα
835 2203 919 2229 παρε-

138 2239 241 2274 χάραξα
267 2239 310 2270 ἂν,
335 2241 360 2266 εἰ
380 2240 530 2275 προέφερον
552 2241 590 2271 εἰς
610 2239 720 2274 ἑτέρους
742 2241 804 2271 τοὺς
821 2240 918 2275 προλε-

137 2285 247 2320 χθέντας
265 2285 382 2321 ἐμαυτοῦ
399 2285 554 2321 λογισμοῦς.
580 2285 659 2311 Ἀλλὰ
674 2286 720 2312 καὶ
741 2286 766 2311 εἱ
791 2287 918 2321 παρεῖχον

137 2331 253 2367 ἐμαυτὸν
267 2332 314 2358 τοῦ
329 2331 430 2366 γνῶναι
443 2332 491 2363 τὰς
508 2331 606 2363 αἰτίας,
622 2331 655 2357 δι’
673 2331 706 2362 ἃς
720 2333 744 2357 οἱ
763 2332 919 2367 ἁμαρτωλοὶ

137 2377 247 2413 εὔθυμοι
259 2377 408 2404 διατελοῦσι
424 2378 470 2404 καὶ
487 2378 525 2409 εἰς
536 2377 581 2404 τὸν
590 2376 675 2403 αἰῶνα
692 2377 824 2412 κατέσχον
838 2377 919 2403 πλού-

135 2431 192 2454 του,
205 2424 231 2450 οἱ
243 2423 271 2450 δὲ
285 2424 382 2450 δίκαιοι
404 2423 610 2449 ταπεινοῦνται·
639 2422 698 2448 οὐδὲ
718 2422 787 2449 οὕτω
803 2423 918 2450 κατέλα-

137 2467 182 2495 60v
192 2468 225 2495 ἂν
242 2468 291 2500 τὰς
307 2469 479 2504 ἀπορρήτους
494 2468 556 2504 περὶ
573 2468 675 2495 τούτων
688 2468 802 2503 κρίσεις,
819 2468 919 2500 κόπους

136 2514 163 2541 δὲ
187 2515 283 2550 μόνους
308 2515 418 2550 ἐμαυτῷ
435 2515 561 2550 συνῆγον,
575 2516 614 2547 εις
634 2514 751 2548 ἀπορίαν
776 2514 919 2549 ἐμπίπτων

138 2562 183 2586 καὶ
199 2562 239 2593 εἰς
249 2560 337 2596 ψυχῆς
353 2561 485 2596 κάματον.
497 2561 543 2587 Διό
558 2569 641 2596 φησι·
659 2560 713 2587 Καὶ
729 2561 755 2586 εἱ
767 2560 919 2587 ὑπέλαϐον

137 2605 188 2631 τοῦ
208 2604 316 2640 γνῶναι
339 2606 436 2637 τοῦτο,
458 2606 551 2639 κόπος
568 2605 654 2632 ἐστὶν
667 2605 795 2632 ἐνώπιόν
808 2614 883 2640 μου·
901 2607 918 2642 ἢ

137 2650 206 2677 κατὰ
219 2650 265 2677 τὸν
282 2651 438 2686 Σύμμαχον,
454 2651 508 2678 Kal
523 2652 549 2678 εὶ
569 2651 742 2685 ἐλογιζόμην
762 2651 920 2686 ἐπιγνῶναι

136 2697 223 2724 τοῦτο
233 2717 241 2728 ,
254 2698 367 2731 μόχοος
379 2698 517 2732 ἐφαίνετό
533 2706 593 2732 μοι.
616 2697 713 2733 Διόπερ
732 2697 802 2733 ὀρῶν
818 2699 919 2725 ἀκατά-

138 2741 237 2778 ληπτον
254 2741 336 2770 οὖσαν
354 2743 506 2779 ἀνθρώποις
518 2744 567 2779 τὴν
583 2743 684 2770 τούτων
695 2743 804 2777 γνῶσιν,
814 2744 920 2770 εὐσεσεῖ

139 2787 275 2822 χρώμενος
288 2788 419 2824 λογισμῷ,
435 2789 592 2824 διενοούμην
615 2788 680 2824 παρ’
698 2788 807 2823 ἐμαυτῴ
828 2791 919 2825 κρεῖτ-

138 2840 181 2860 τον
200 2832 268 2861 εἶναι
287 2835 393 2870 ἐπέχειν
408 2835 455 2861 καὶ
472 2834 625 2869 ἐκδέχεσθαι
641 2836 693 2871 τὸν,
709 2836 858 2871 ἐπιτήδειον
870 2836 919 2871 τῆς

175 2910 182 2925 ¹
200 2909 268 2939 Gen.
287 2917 351 2943 xxv,
364 2910 390 2937 8.

276 2956 411 2987 ΡΑτιιοι..
434 2956 493 2987 Gn.
512 2956 630 2988 XXIII.

1009 1596 1092 1625 Vens.
1109 1597 1201 1624 15-17.
1218 1596 1246 1623 Si
1259 1596 1388 1626 direbam.
1406 1595 1530 1623 Narrabo
1544 1596 1592 1627 sic,
1606 1604 1665 1622 ecce
1677 1604 1754 1630 gena»

973 1644 1104 1671 rationem
1118 1643 1237 1677 ﬁliorum
1253 1647 1358 1669 tuorum
1375 1642 1522 1676 repmbavi.
1541 1641 1575 1668 Et
1599 1642 1755 1676 suspicabar

974 1697 1014 1715 me
1029 1696 1183 1722 cognoscere
1199 1688 1257 1719 hoc.
1271 1688 1349 1714 labor
1363 1693 1402 1714 est
1418 1693 1478 1714 ante
1496 1696 1551 1719 me;
1568 1687 1649 1714 donec
1660 1688 1754 1714 intrent

973 1735 1000 1761 in
1022 1735 1206 1761 sanctuarium
1221 1733 1280 1765 Dei,
1297 1739 1321 1760 et
1344 1733 1490 1768 intelligam
1507 1734 1532 1759 in
1546 1733 1694 1760 novissimis
1711 1742 1756 1760 eo-

972 1789 1042 1807 rum.
1058 1780 1189 1807 Praedicta
1203 1780 1229 1807 in
1242 1780 1452 1815 cogitationibus
1466 1784 1568 1807 tantum
1583 1781 1650 1808 meis
1662 1788 1756 1808 versa-

972 1826 1045 1857 bam,
1063 1826 1135 1861 quod
1150 1826 1302 1860 periculum
1316 1829 1388 1852 esset
1400 1833 1433 1852 ne
1443 1833 1648 1858 commoverer;
1667 1834 1755 1860 neque

972 1875 1063 1899 tamen
1085 1871 1145 1898 aliis
1166 1871 1338 1898 enarrabam.
1354 1870 1421 1897 Nam
1439 1871 1461 1898 si
1481 1871 1533 1897 bac
1554 1870 1672 1898 admissa
1695 1871 1755 1906 opi-

972 1918 1064 1950 nione,
1085 1918 1194 1952 impiam
1206 1917 1362 1951 hujusmodi
1377 1916 1529 1943 doctrinam
1544 1917 1604 1944 aliis
1618 1918 1754 1951 protulis—

972 1971 1041 1994 sem,
1071 1966 1207 1990 temeratae
1219 1963 1271 1997 pia:
1292 1962 1424 1990 doctrinae
1445 1969 1509 1989 reus
1525 1962 1637 1989 eﬂ‘ectus
1652 1970 1752 1994 essem.

971 2014 1054 2044 atque
1069 2013 1147 2044 pacta
1172 2009 1357 2045 generationis
1374 2009 1491 2035 liliorum
1521 2013 1630 2036 tuorunt
1653 2009 1754 2036 violas-

972 2064 1039 2084 sent.
1056 2056 1157 2083 Omnes
1173 2057 1273 2091 quippe
1286 2055 1374 2082 sancti
1385 2062 1417 2082 ac
1430 2054 1476 2082 Dei
1494 2059 1617 2082 amantes
1627 2055 1690 2087 viri,
1703 2056 1752 2086 tui.

971 2101 1054 2134 Deus,
1067 2101 1114 2128 lilii
1127 2105 1201 2129 sunt.
1214 2101 1361 2128 Generatio
1376 2105 1466 2128 autem
1486 2108 1593 2134 eorum,
1614 2102 1754 2129 successio

972 2152 1128 2175 sanctorum
1156 2151 1209 2179 est,
1236 2154 1352 2181 qttorum
1379 2146 1539 2180 disciplinas
1570 2151 1596 2172 et
1628 2147 1754 2181 dogmata

971 2195 1180 2226 adulterassem,
1207 2194 1229 2221 si
1250 2193 1393 2228 prmdictas
1408 2193 1589 2228 cogitationes
1605 2199 1680 2219 meas
1693 2192 1754 2218 aliis

972 2240 1157 2275 protulissem.
1180 2239 1234 2266 Sed
1261 2240 1284 2267 si
1303 2240 1394 2266 animo
1410 2239 1570 2266 institissent
1596 2238 1629 2264 ad
1654 2245 1755 2272 cogno-

971 2286 1102 2313 scendum
1118 2294 1178 2320 quae.
1194 2294 1277 2313 causa
1298 2287 1334 2313 sit
1361 2293 1410 2313 cur
1439 2289 1598 2320 peccatores
1624 2291 1754 2318 prospero

970 2335 1063 2366 agant,
1080 2336 1106 2358 et
1117 2332 1143 2358 in
1161 2332 1289 2358 sacculum
1306 2332 1416 2358 divitias
1433 2330 1584 2361 obtineant,
1598 2329 1665 2363 justi
1682 2336 1747 2355 vero

970 2378 1165 2411 ltumilientur;
1188 2386 1275 2412 neque
1293 2377 1330 2403 ita
1348 2384 1448 2403 arcana
1466 2376 1517 2402 bac
1539 2375 1573 2402 de
1599 2382 1629 2401 re
1648 2373 1753 2407 judicia

971 2425 1175 2459 comperissem.
1194 2425 1241 2452 sed
1258 2424 1377 2450 laborem
1401 2422 1535 2449 duntaxat
1560 2420 1625 2447 mihi
1646 2420 1751 2447 intulis-

971 2477 1027 2497 sem
1044 2479 1051 2497 :
1069 2471 1097 2496 in
1114 2470 1312 2496 dubitationem
1327 2468 1414 2495 solum
1431 2467 1569 2501 animique
1584 2466 1755 2500 defatigatio-

970 2523 1031 2542 nem
1046 2516 1183 2551 delapsus.
1201 2515 1382 2548 Quamobrem
1401 2514 1438 2540 ait
1469 2523 1474 2540 :
1502 2513 1534 2539 Et
1558 2513 1581 2540 si
1599 2511 1754 2546 suspicabar

970 2570 1010 2588 me
1021 2570 1173 2596 cognoscere
1190 2561 1247 2592 hoc,
1267 2561 1341 2587 labor
1360 2565 1398 2587 est
1425 2564 1485 2585 ante
1507 2567 1558 2585 me.
1577 2557 1639 2584 Sive
1656 2564 1753 2585 secun-

970 2608 1033 2635 dum
1059 2607 1263 2643 Symmachum.
1287 2606 1317 2634 Si
1331 2606 1456 2640 putabam
1471 2613 1512 2631 me
1524 2612 1677 2639 cognoscere
1694 2604 1752 2631 Ιιος,

970 2654 1046 2681 labor
1063 2653 1197 2680 videbatur
1214 2653 1289 2679 mihi.
1302 2653 1484 2685 Quamobrem
1503 2651 1599 2678 videns
1621 2657 1677 2676 rem
1693 2657 1753 2676 esse.

971 2700 1129 2726 hominibus
1155 2698 1468 2733 incomprehensibilem,
1495 2698 1540 2731 pio
1563 2703 1629 2723 usus
1645 2694 1753 2721 ratiooi-

971 2746 1027 2776 nio,
1047 2753 1153 2772 mecum
1170 2745 1329 2779 rcpntabam
1346 2744 1431 2771 satius
1446 2751 1507 2771 esse
1522 2747 1551 2770 ut
1569 2750 1612 2769 me
1629 2741 1753 2768 contine-

971 2800 1038 2823 rem,
1052 2795 1132 2826 atque
1146 2795 1328 2826 opportunum
1347 2791 1410 2817 huic
1426 2789 1574 2825 cognitioni
1587 2791 1693 2821 tempus
1706 2793 1753 2813 ex-

971 2843 1131 2871 spectarem.
1150 2837 1217 2865 Illud
1232 2842 1321 2865 autem
1340 2842 1409 2869 erat,
1439 2837 1524 2863 Donec
1542 2836 1635 2862 inttem
1651 2834 1677 2859 in
1689 2840 1753 2858 aan-

1554 2952 1600 2983 '27
