2024 3214
239 176 298 204 847

581 177 715 206 EUSEBII
736 176 979 206 CJESARIENSIS
997 176 1072 205 OPP.
1094 178 1184 205 PARS
1204 176 1248 205 Ill.
1268 191 1303 197 -—
1322 177 1526 205 EXEGETICA.

1814 179 1866 207 843

235 238 358 273 ‘vestigia
374 245 443 271 mea,
457 245 546 273 neque
559 238 642 273 pedes
660 241 833 265 moverentur
847 245 862 264 a
877 244 935 264 mea
956 245 1020 272 aput

1079 237 1184 272 χεῖσθαι
1200 246 1250 272 μου
1271 237 1305 264 τὰ
1321 237 1486 273 διασήματα,
1506 237 1571 273 μηδὲ
1585 246 1646 270 τους
1655 239 1736 272 πόδας
1753 248 1803 276 μου
1819 249 1853 267 σα

235 287 270 311 1e
283 284 408 312 statione.
422 283 594 319 Quapropter
607 283 669 310 dico
687 292 693 310 :
715 282 833 310 Tcnuisti
847 290 953 308 manum
963 282 1028 308 dex-

242 335 327 358 teram
348 338 443 358 meam.
458 330 559 358 Bonam
574 330 675 365 quippe
687 329 825 357 dexteram
845 328 943 361 habui,
958 336 1024 363 pra:-

242 376 360 404 validam
377 381 404 403 et
419 378 572 411 paternam,
588 375 699 402 dextera
715 375 807 402 outnia
822 378 850 401 et
865 375 913 401 libi
926 375 1026 410 placita

241 424 416 456 peragentem
437 428 546 456 :quare
569 424 677 455 arrepta
711 420 767 452 illa,
789 420 816 446 in
833 420 965 448 voluntate
981 427 1026 447 tua

241 466 376 493 deduxisti
391 473 449 498 me;
465 466 523 493 sive
533 466 683 493 secundum
697 464 903 501 Symmachum,
915 466 1026 494 comilio

241 516 286 539 tuo
300 511 401 538 duxisti
413 519 463 543 me,
484 519 499 538 a
522 512 630 539 mortali
645 519 687 538 me
703 512 757 538 vita
775 511 931 543 traducens.
950 515 976 539 et
991 513 1025 539 ad

239 556 418 591 tranquillum
435 560 579 591 tutumque
597 555 699 590 requiei
725 559 778 582 tua:
804 559 912 590 portuum
940 554 1025 583 dedu-

240 609 323 635 cens;
342 602 378 628 ita
394 605 424 628 ut
440 602 462 629 si
475 601 615 628 dexteram
632 608 717 628 meatu
736 608 789 627 non
805 601 952 634 tenuisses,
966 601 1024 636 jam

240 648 305 674 olim
331 648 410 683 quasi
434 654 449 674 a
476 650 598 675 torrente
614 647 755 682 abreptus,
772 646 941 681 pedibusque
959 648 1024 674 sub-

239 702 346 726 versus,
366 694 393 720 in
419 697 568 721 extremam
594 693 742 728 perniciem
769 693 896 728 delapsus
922 701 1022 720 essem.

240 738 317 766 Nunc
334 747 398 766 vero
417 744 444 766 tu
461 739 518 774 ipse
534 739 641 766 tenuisti
655 747 762 765 manum
778 739 913 765 dexteram
927 747 1022 771 meam,

238 789 262 811 et
279 785 306 811 in
320 784 454 811 voluntate
469 789 515 811 tua
531 784 667 811 deduxisti
684 792 723 810 me
743 792 752 810 :
776 792 808 811 ac
832 784 942 811 demum
962 788 1024 820 post

238 836 402 859 memoratas
431 831 593 858 teutationes
627 834 655 858 et
689 834 865 865 tempestates
903 830 1022 857 anintam

238 879 429 913 perturbantes
448 885 548 908 meatu,
571 877 630 904 sine
646 876 768 910 periculo
783 883 830 910 per
847 876 908 903 vita:
923 875 1023 903 ﬂuctus

1078 283 1203 310 λεύεσθαι
1214 284 1263 319 τῆς
1273 283 1349 319 παρὰ
1362 285 1403 310 σοὶ
1416 284 1545 316 στάσεως.
1561 285 1606 311 Διό
1625 293 1704 320 φημι·
1727 286 1853 320 Ἐκράτη

1077 336 1136 362 σας
1152 328 1207 362 τῆς
1218 329 1314 363 χειρὸς
1337 329 1393 363 τῆς
1409 328 1509 362 δεξιᾶς
1525 338 1595 364 μου.
1613 328 1692 366 Εἶχον
1706 331 1760 366 γὰρ
1780 331 1865 367 καλὴν

1077 374 1175 407 δεξιὰν,
1193 375 1350 411 ἐρρωμένην
1365 375 1410 402 καὶ
1426 375 1559 411 πατρικὴν
1574 375 1623 410 (l),
1640 376 1674 402 τὰ
1693 375 1766 408 δεξιὰ
1778 376 1865 403 πάντα

1077 422 1164 448 καὶτὰ
1175 430 1216 448 σοι
1227 421 1329 457 ἀρεστὰ
1345 423 1526 458 πράττουσαν¹
1541 422 1575 449 δι’
1587 422 1601 449 ὃ
1614 422 1808 458 ἐπιλαϐόμενος
1816 423 1864 449 αὺ-

1077 469 1134 504 τῆς,
1150 468 1187 503 τῇ
1195 468 1297 503 ,βουλῇ
1309 477 1366 496 σου
1386 467 1545 503 ὡδήγησιὶς
1561 476 1608 502 με·
1627 468 1643 504 ἢ
1657 469 1728 495 κατὰ
1739 469 1784 495 τὸν
1793 468 1866 504 Σύμ-

1077 524 1174 551 μαχον,
1189 515 1227 549 τῇ
1236 516 1405 550 συμϐουλίᾳ
1424 523 1482 542 σου
1500 514 1660 549 ὡδήγησάς
1672 523 1710 549 με
1720 535 1727 547 ,
1742 515 1788 541 τὸν
1803 514 1865 551 θνη-

1075 560 1121 587 τδν
1132 559 1337 595 διαπορθμεύων
1349 559 1415 594 βίον,
1434 559 1479 586 καὶ
1493 560 1533 591 είς
1543 559 1629 586 εῦδιον
1643 560 1690 586 καὶ
1704 559 1810 595 ἀσφαλῆ
1824 560 1865 586 λι-

1078 607 1144 643 μένα
1157 607 1207 642 τῆς
1224 607 1298 642 παρὰ
1314 607 1355 633 σοὶ
1372 606 1551 638 ἀναπαύσεως
1562 606 1739 642 χειραγωγῶν
1753 615 1798 641 με’
1816 607 1864 640 ὡς,

1075 653 1102 679 εἴ
1111 661 1142 687 γε
1156 652 1192 688 μὴ
1207 653 1256 688 τῆς
1270 652 1359 684 δεξιᾶς
1371 653 1419 688 τῆς
1433 653 1502 688 ἐμῆς
1515 653 1705 688 κεκρατήκεις,
1719 652 1802 679 πάλαι
1820 653 1864 684 ἂν,

1075 698 1170 734 ὥσπερ
1198 699 1250 725 ὑπὸ
1275 699 1426 734 χειμάρρου
1456 699 1657 734 κατασύραντος
1684 700 1867 735 περιτραπεὶς

1075 744 1137 775 τοὺς
1149 744 1199 779 τῆς
1210 744 1297 779 ψυχῆς
1308 744 1402 775 πόδας,
1412 743 1538 779 πτώματι
1551 745 1729 779 περιέπιπτον
1741 745 1862 781 ἐξαισίῳ.

1075 789 1132 815 Νῦν
1142 789 1170 816 δὲ
1186 789 1217 816 σὺ
1231 790 1312 821 αὐτὸς
1324 789 1492 824 ἐκράτησας
1509 789 1564 824 τῆς
1579 790 1676 825 χειρὸς
1691 790 1745 825 τῆς
1763 790 1866 825 δεξιᾶς

1071 843 1141 870 μου,
1156 835 1203 862 καὶ
1217 835 1252 861 ὲν
1264 834 1301 868 τῇ
1309 834 1410 868 ,ϐουλῇ
1424 843 1482 861 σου
1493 834 1651 869 Mummi;-
1659 844 1706 870 με.
1720 836 1775 862 Καὶ
1788 836 1866 869 τέλος

1076 880 1144 915 μετὰ
1157 881 1219 912 τοὺς
1231 880 1398 915 δηλωθέντας
1411 881 1579 916 πειρασμοὺς
1592 882 1638 908 καὶ
1649 882 1712 913 τοὺς
1726 882 1865 917 χειμῶνας

239 923 386 951 deductum
402 931 460 949 cum
471 923 558 958 gloria
575 922 713 956 suscepisti
730 930 780 954 me,
796 922 864 949 nihil
882 922 909 948 itt
923 925 963 949 tot
978 930 1020 948 ca-

1074 914 1136 958 τοὺς
1149 926 1402 962 ἀναθορυϐήσαντάς
1420 914 1470 962 μου
1489 914 1538 962 την
1554 927 1658 962 ψυχὴν,
1673 914 1810 962 διαχαγιῦν
1829 937 1862 964 με

238 972 315 999 sibus
346 971 408 998 ntali
439 975 610 1006 perpessum.
639 969 795 997 Secundum
829 968 1022 1005 Symmachum

238 1022 339 1050 autent,
358 1016 504 1050 Postremo,
522 1017 570 1050 ait,
581 1016 664 1042 honor
672 1024 712 1042 me
725 1015 833 1049 etcepit.

272 1161 356 1189 Vsus.
372 1160 470 1188 95-28.
493 1159 564 1193 Quid
572 1159 641 1186 enim
659 1158 722 1185 milii
738 1163 776 1186 est
792 1158 818 1185 in
835 1158 911 1190 cmlo,
926 1163 950 1185 et
966 1167 982 1185 a
999 1163 1023 1185 te

236 1208 298 1245 quid
311 1207 381 1236 volui
400 1214 478 1241 super
492 1206 611 1233 (errant?
626 1204 713 1235 Tuus,
735 1204 834 1240 inquit,
859 1212 922 1240 erga
938 1205 1023 1232 homi-

238 1263 288 1284 nes
300 1262 388 1286 amor,
400 1251 589 1281 misericordia
606 1252 668 1279 item
684 1255 711 1277 et
729 1251 814 1286 gratia
830 1254 886 1283 tua,
900 1251 1022 1278 omnium

238 1302 305 1330 mihi
330 1301 466 1328 bonorum
490 1305 574 1326 causa
598 1297 658 1324 fuit.
690 1296 748 1323 Tua
774 1296 876 1332 quippe
903 1296 1023 1324 bonitate

237 1356 315 1379 usus,
334 1345 440 1374 tenuisti
461 1352 568 1371 manum
595 1343 732 1371 dexteram
749 1351 845 1374 meam,
861 1346 889 1370 ct
905 1343 1020 1370 servasti

237 1401 290 1425 me,
302 1393 338 1420 ita
353 1396 383 1419 ut
399 1398 449 1418 nec
468 1391 551 1426 pedes
567 1389 621 1417 tttei
636 1392 820 1421 moverentur,
842 1397 893 1416 nec
910 1396 1021 1424 gressus

236 1440 289 1468 mei
302 1439 519 1468 effunderentur.
534 1437 586 1464 Sed
598 1437 680 1464 etiam
696 1444 755 1463 cum
778 1437 865 1472 gloria
884 1437 1022 1471 suscepisti

236 1494 294 1522 me;
312 1485 441 1520 quoniam
459 1483 511 1510 hoc
523 1483 571 1510 tibi
587 1486 681 1517 utpote
692 1482 762 1509 bono
779 1482 835 1509 Deo
850 1482 938 1516 inest;
954 1481 1021 1509 mihi

234 1533 305 1560 enirn
317 1531 384 1558 nihil
398 1531 425 1558 in
440 1530 511 1557 coelo
524 1533 584 1562 est;
603 1534 692 1563 neque
707 1532 737 1556 ut
757 1528 848 1556 debita
874 1529 940 1556 mihi
964 1529 1021 1556 haec

1074 972 1222 1004 ἀκινδύνως
1241 973 1276 998 τὰ
1294 973 1339 999 τοῦ
1361 973 1418 1008 βίον
1431 972 1567 1008 ῥεύματα,
1576 973 1652 1008 μετὰ
1666 973 1758 1008 δόξης
1773 981 1865 1009 προσ-

1073 1017 1183 1044 ελάίῖου
1191 1027 1239 1052 με,
1251 1018 1333 1054 μηδὲν
1344 1018 1497 1045 πεπονθότα
1506 1019 1558 1044 ὑπὸ
1564 1018 1618 1045 τῶν
1629 1019 1773 1046 τοσούτων.
1784 1019 1865 1047 Κατὰ

1073 1064 1102 1091 δὲ
1118 1064 1164 1091 τὸν
1183 1065 1339 1100 Σύμμαχον,
1358 1066 1514 1099 ’Υστερονκ
1535 1065 1612 1100 φησὶ,
1627 1065 1696 1100 τιμὴ
1711 1065 1865 1098 διεδέξατό

1071 1117 1119 1143 με.

1111 1166 1142 1193 Τί
1157 1165 1212 1201 γάρ
1234 1175 1285 1201 μοι
1307 1166 1432 1202 ὑπάρχει
1446 1167 1481 1193 ἐν
1503 1166 1542 1200 τῷ
1563 1167 1689 1201 οὐρανῷ,
1715 1167 1764 1195 καί
1782 1169 1864 1202 παρὰ

1073 1211 1131 1239 σοῦ
1150 1212 1178 1238 τί
1194 1212 1329 1246 ἠθέλησα
1341 1212 1390 1239 ἐπὶ
1402 1212 1456 1247 τῆς
1471 1212 1545 1247 γῆς
1567 1212 1598 1239 'H
1613 1213 1645 1248 σὴ
1661 1213 1864 1249 φιλανθρωπία,Δ

1073 1258 1151 1293 φησι,
1168 1258 1215 1284 καὶ
1231 1257 1261 1284 τὸ
1278 1258 1323 1284 σὸν
1339 1258 1413 1290 ἔλεος
1433 1259 1480 1285 καὶ
1496 1259 1511 1294 ἡ
1527 1259 1607 1294 χάρις
1623 1259 1731 1286 πάντων
1750 1268 1795 1294 μοι
1808 1259 1863 1287 τῶν

1072 1303 1182 1338 ἀγαθῶν
1203 1304 1314 1339 γέγονεν
1329 1304 1413 1331 αἰτία.
1432 1304 1470 1339 Τῇ
1492 1305 1546 1340 γὰρ
1571 1305 1669 1332 σαυτοῦ
1689 1305 1863 1341 χρησάμενος

1072 1350 1245 1387 ἀγαθωσύνῃ,
1258 1349 1426 1384 ἐκράτησας
1437 1350 1491 1384 τῆς
1502 1351 1599 1386 χειρὸς
1610 1350 1664 1385 τῆς
1676 1350 1777 1384 δεξιᾶς
1789 1360 1862 1386 μου,

1072 1396 1120 1423 καὶ
1140 1395 1270 1428 διέσωσάς
1294 1404 1345 1430 με,
1367 1396 1436 1422 ὥστε
1459 1396 1496 1432 μὴ
1511 1396 1671 1431 σαλευθῆναι
1686 1396 1749 1428 τοὺς
1766 1396 1861 1429 πόδας,

1074 1443 1141 1478 μηδὲ
1156 1442 1314 1478 διαχυθῆναι
1330 1451 1379 1477 μου
1391 1442 1425 1470 τὰ
1440 1442 1605 1478 διαδήματα.
1631 1443 1711 1470 Ἀλλὰ
1723 1443 1771 1469 καὶ
1787 1443 1863 1478 μετὰ

1071 1487 1163 1521 δόξης
1175 1487 1363 1521 προσελάϐου
1371 1495 1410 1521 με
1418 1495 1425 1501 ·
1449 1488 1597 1524 ἐπειδήπερ
1608 1488 1649 1514 σοὶ
1659 1488 1737 1514 τοῦτο
1745 1487 1783 1519 ὡς
1793 1489 1863 1523 ἀγα-

1073 1533 1110 1568 θῷ
1123 1533 1182 1568 Θεῷ
1198 1533 1328 1569 πάρεστιν
1337 1541 1343 1548 ·
1357 1533 1418 1568 ἐμοὶ
1431 1533 1485 1569 γὰρ
1498 1534 1574 1560 οὐδὲν
1587 1534 1703 1570 ὑπάρχει
1718 1535 1746 1560 ἐν
1759 1534 1798 1569 τῷ
1814 1535 1862 1560 οὐ·

235 1581 430 1606 accesseruot:
444 1577 537 1605 nullus
554 1584 621 1604 sane
638 1577 705 1604 mihi
721 1577 748 1603 in
764 1576 835 1604 ccelo
852 1580 904 1608 est,
922 1576 976 1603 nisi
986 1582 1019 1612 tu

1073 1578 1146 1614 ρανῴ
1158 1599 1166 1611 ,
1190 1579 1250 1605 οὐδὲ
1273 1578 1342 1605 κατὰ
1367 1577 1476 1614 ὀφειλήν
1492 1587 1536 1613 μοι
1556 1578 1642 1605 ταῦτα
1657 1579 1785 1613 γέγονεν·
1803 1578 1862 1605 ἀλλ’

234 1625 321 1653 solus.
347 1623 438 1657 Quare
460 1622 530 1649 nihil
557 1623 585 1649 in
603 1627 676 1650 terra
692 1623 765 1651 volui
782 1622 831 1649 abs
844 1627 870 1650 te
883 1623 1018 1654 obtinere,

233 1676 322 1704 neque
337 1667 428 1702 optavi
442 1667 572 1694 mort-ales
587 1667 729 1702 ﬂuxasque
744 1675 788 1695 res
801 1667 943 1702 consequi.
956 1666 1021 1695 Iure

235 1719 326 1742 autem
345 1713 411 1740 nihil
428 1721 442 1739 a
455 1716 482 1739 te
493 1713 566 1739 volui
586 1713 613 1739 in
626 1716 710 1745 terra,
727 1713 790 1748 quia
801 1713 927 1740 cmlestes
943 1721 1021 1740 matt-

235 1761 326 1788 siones
342 1762 524 1794 peroptarem.
532 1762 559 1786 et
569 1758 640 1785 bona
652 1759 698 1785 illa
709 1758 840 1793 consequi
849 1762 1014 1793 expeterent.

234 1805 298 1833 Ideo
314 1804 498 1835 tabescebant,
515 1803 655 1838 vitamque
677 1804 860 1836 macerabant,
879 1811 928 1831 cor
951 1803 1021 1830 ami-

233 1854 341 1890 gebam,
357 1853 421 1888 quia
442 1856 468 1880 te
483 1852 568 1880 Deum
583 1853 612 1879 in
626 1852 684 1887 spei
707 1860 774 1880 meze
797 1853 948 1887 portionem
968 1860 1019 1887 po-

233 1907 352 1928 sueram.
373 1899 556 1932 Quamobrem
579 1898 641 1925 dico
655 1908 660 1924 :
676 1897 776 1932 Defeci!
791 1906 853 1925 caro
869 1906 925 1925 mea
938 1903 963 1925 et
974 1906 1019 1925 cor

232 1954 338 1976 meum;
357 1945 427 1972 Deus
452 1945 539 1972 cordis
557 1944 607 1971 mei
621 1948 646 1971 et
662 1951 724 1978 pars
742 1952 800 1970 mea
815 1943 886 1971 Deus
900 1944 928 1970 in
943 1949 1018 1970 teter-

231 2001 305 2020 num.
322 1991 392 2025 Quia
407 2000 464 2019 ecce
479 1993 523 2026 qui
537 1992 717 2026 elongantsea
730 1995 763 2022 te,
779 1990 916 2024 peribunt:
931 1991 1020 2025 perdi-

232 2039 298 2066 disti
312 2047 402 2065 omnes
411 2039 456 2073 qui
470 2039 637 2072 fornicamur
647 2037 694 2064 abs
705 2042 739 2064 te.
749 2036 816 2064 Milli
827 2043 916 2064 autem
929 2037 1020 2064 adlue-

233 2091 290 2109 τετε
307 2081 359 2108 Deo
378 2081 474 2109 bonum
487 2087 537 2114 est,
552 2089 646 2116 ponere
665 2083 693 2108 in
708 2082 822 2109 Domino
832 2090 903 2116 spem
915 2090 1017 2115 meam;

234 2133 264 2156 ut
280 2128 437 2155 annuutiem
453 2136 542 2155 omnes
555 2128 646 2154 Iaudes
665 2132 724 2154 tuas
737 2128 764 2154 in
773 2129 855 2162 portis
870 2129 934 2162 ﬁlim
942 2129 1017 2156 Sion.

234 2174 368 2210 Superius
387 2173 496 2209 quidem
515 2173 661 2201 dicebam:
680 2173 714 2200 Et
732 2183 778 2209 ego
801 2182 901 2209 semper
915 2180 1018 2206 tecum;

231 2222 290 2249 sive
301 2221 451 2249 secundum
465 2219 669 2256 Symmachum,
682 2220 716 2247 Et
727 2229 773 2255 ego
786 2229 838 2248 una
852 2225 936 2247 tecum
943 2229 1017 2248 eram

1072 1624 1133 1651 οὐδὲ
1145 1624 1202 1650 ἐστι
1218 1624 1263 1660 μοί
1276 1633 1318 1656 τις
1329 1623 1408 1655 ἄλλος
1423 1625 1451 1650 ἐν
1462 1623 1500 1659 τῷ
1513 1623 1619 1660 οὐρανῷ
1632 1624 1648 1659 ἢ
1665 1625 1697 1651 σὺ
1713 1624 1804 1659 μόνος.
1820 1626 1861 1651 Δι’

1071 1671 1086 1697 ὃ
1099 1670 1175 1697 οὐδὲν
1195 1671 1241 1697 ὲπὶ
1256 1671 1304 1706 τῆς
1323 1671 1376 1705 γῆς
1397 1671 1516 1707 ἠθέλησα
1533 1670 1607 1706 παρὰ
1632 1671 1678 1697 σοῦ
1696 1671 1860 1706 κτήσασθαι,

1071 1716 1132 1743 οὐδὲ
1146 1716 1271 1752 ηὐξάμην
1285 1718 1376 1751 τυχεῖν
1392 1716 1496 1751 θνητῶν
1513 1717 1558 1743 καὶ
1574 1717 1712 1752 ἐπικήρων
1727 1717 1859 1753 πραγμά-

1070 1771 1135 1790 των.
1147 1762 1266 1794 Εἰκότως
1275 1762 1303 1789 δὲ
1314 1763 1389 1789 οὐδὲν
1401 1763 1476 1799 παρὰ
1487 1763 1533 1789 σοῦ
1545 1762 1664 1797 ὴθέλησα
1674 1762 1720 1789 ἐπὶ
1731 1763 1779 1798 τῆς
1791 1764 1858 1799 γῆς·

1071 1808 1119 1841 τὰς
1130 1809 1184 1844 γὰρ
1195 1810 1223 1835 ὲν
1236 1807 1342 1844 οὐρανῷ
1355 1808 1466 1835 ἐπόθουν
1477 1808 1628 1844 διατριϐὰς,
1640 1808 1687 1835 καὶ
1699 1808 1753 1835 τῶν
1765 1809 1861 1837 αὐτόθι

1071 1854 1180 1889 ἀγαθῶν
1197 1855 1287 1889 τυχεῖν
1303 1854 1436 1890 ηὐχόμην.
1463 1855 1501 1881 Δι’
1518 1855 1531 1880 δ
1548 1854 1696 1890 κατέτηκω
1709 1854 1755 1881 τὸν
1771 1856 1860 1890 ἐμαυ-

1071 1899 1117 1927 τοῦ
1134 1899 1189 1934 βίον
1199 1919 1206 1932 ,
1225 1900 1272 1926 καὶ
1285 1899 1334 1935 τὴν
1350 1899 1396 1926 ἐπὶ
1412 1899 1464 1934 γῆς
1480 1899 1550 1934 ζωὴν
1565 1899 1729 1935 κατέτρυχον
1739 1919 1746 1932 ,
1762 1900 1813 1934 τήν
1829 1908 1859 1926 τε

1071 1946 1183 1981 καρδίαν
1198 1954 1247 1980 μου
1260 1944 1434 1977 κατεπόνουν,
1452 1945 1480 1971 σὲ
1494 1945 1573 1980 μόνον
1583 1944 1628 1971 τὸν
1638 1945 1703 1972 Θεὸν
1712 1947 1762 1980 τῆς
1774 1946 1860 1980 ἐμαυ-

1069 1991 1116 2019 τοῦ
1133 1990 1239 2021 ἐλπίδος
1255 1990 1351 2025 μερίδα
1364 1989 1513 2025 τιθέμενος.
1540 1989 1620 2016 Ὅθεν
1635 1990 1721 2025 φημί-
1745 1990 1858 2022 Ἐξέλι-

1071 2044 1128 2063 ﬁer
1149 2037 1168 2070 ἠ
1191 2035 1269 2070 σάρξ
1290 2045 1349 2070 μου
1369 2036 1418 2062 καὶ
1434 2035 1453 2068 ἡ
1472 2035 1578 2070 καρδία
1590 2044 1665 2070 μου·
1684 2037 1700 2062 ό
1718 2035 1791 2068 Θεὸς
1804 2035 1859 2069 τῆς

1070 2081 1193 2116 καρδίας
1206 2090 1275 2116 μου,
1289 2082 1337 2108 καὶ
1355 2082 1373 2115 ἠ
1391 2081 1475 2116 μερίς
1482 2082 1565 2115 μουό
1581 2081 1652 2114 Θεὸς
1664 2082 1708 2114 είς
1722 2081 1776 2107 τὸν
1791 2081 1860 2108 αἰῶ-

1069 2135 1117 2154 να.
1145 2128 1209 2154 Ὅτι
1227 2126 1291 2153 ἰδοὺ
1320 2128 1346 2153 οἱ
1359 2127 1563 2161 μακρὼροντες
1580 2126 1705 2159 ἑαυτοὺς
1718 2126 1778 2153 ἀπὸ
1799 2127 1858 2154 σοῦ

1069 2173 1253 2200 ἀπολοῦνται
1261 2182 1268 2188 ·
1275 2172 1500 2206 ἑξωλόθρευσας
1507 2164 1608 2200 adi-ta
1615 2172 1666 2198 τὸν
1675 2172 1857 2206 πορνεύοντιι

1070 2219 1129 2246 ἀπὸ
1144 2218 1212 2246 σοῦ.
1228 2219 1306 2253 Ἐμοὶ
1319 2219 1353 2245 δὲ
1363 2218 1396 2245 τὸ
1406 2217 1654 2252 προσκολλᾶσθαι
1667 2217 1708 2251 τῷ
1721 2219 1782 2252 Θεῳ
1790 2218 1858 2253 dra-

231 2275 350 2303 semper;
368 2267 497 2294 nimirum
512 2267 574 2298 ﬁde.
590 2267 732 2294 voluntate
748 2272 776 2295 et
795 2267 941 2295 dilectione
953 2275 1018 2303 erga

1072 2266 1125 2293 θόν
1138 2266 1213 2297 ἐστι,
1230 2266 1360 2293 τίθεσθαι
1372 2265 1407 2292 ἐν
1420 2264 1460 2298 τῷ
1472 2266 1569 2300 Κυρίῳ
1586 2264 1642 2299 τὴν
1669 2264 1777 2291 ἐλπίδα
1786 2273 1857 2299 μου,

231 2321 347 2342 temea:
363 2321 436 2341 nunc
457 2317 548 2340 autent
570 2321 680 2340 causam
702 2316 796 2348 aperte
811 2313 919 2348 profero
936 2321 1021 2348 quare

231 2369 286 2388 una
306 2365 397 2388 tecum
422 2367 529 2395 semper
544 2359 652 2391 fuerim,
669 2363 750 2394 teque
765 2358 917 2395 portionem
931 2366 1019 2387 meam

232 2407 382 2442 posuerim.
400 2406 524 2434 Sciebant
541 2406 624 2438 enim,
639 2413 671 2432 ac
684 2405 763 2440 plane
780 2413 941 2441 persuasum
952 2403 1020 2431 mihi

231 2456 301 2484 erat,
318 2452 446 2487 quoniam
464 2451 516 2484 Qui
527 2451 651 2486 eiongant
665 2459 692 2478 se
702 2459 718 2477 (ι
734 2455 769 2483 te,
782 2451 903 2485 peribunt
915 2458 924 2477 :
935 2457 1021 2486 quare

232 2505 287 2525 noti
311 2504 354 2524 me
371 2497 419 2525 abs
434 2501 459 2524 te
475 2497 577 2528 amovi,
593 2496 701 2524 etiamsi
728 2496 888 2523 oeconomiae
904 2499 956 2523 tuae
975 2502 1020 2522 ra-

232 2544 335 2570 tionem
351 2543 518 2578 ignorarent,
544 2542 592 2570 sed
617 2550 672 2569 una
692 2545 782 2570 tecum
797 2549 873 2569 eram
898 2549 1017 2577 semper.

234 2589 302 2618 Sese
319 2595 400 2624 porro
428 2596 442 2616 a
466 2589 522 2617 Deo
542 2593 670 2616 amovent
697 2591 833 2624 quotquot
850 2589 970 2623 peccatis
992 2592 1020 2616 et

234 2635 322 2663 atheis
338 2635 483 2669 intpiisque
501 2634 713 2670 cogitationibus
724 2642 754 2662 se
768 2633 822 2661 Deo
832 2634 937 2662 alienos
951 2641 1019 2661 con-

234 2682 351 2709 stituunt
378 2689 384 2706 :
411 2680 457 2714 qui
483 2684 586 2715 quanto
611 2680 720 2715 longius
747 2679 782 2707 ab
806 2687 839 2707 eo
863 2679 1018 2711 discedunt.

234 2732 308 2755 tanto
327 2726 458 2762 perniciei
476 2726 655 2761 propinquius
670 2725 823 2757 accedunt;
840 2729 869 2752 ut
881 2725 940 2752 vice
956 2731 1018 2752 ver-

231 2781 274 2805 sa.
293 2773 347 2800 Deo
361 2771 514 2807 conjuncti.
530 2779 592 2798 cunt
605 2771 659 2798 vita
684 2771 859 2806 copulantur,
874 2774 902 2798 et
926 2777 940 2797 a
956 2778 1018 2805 per-

232 2819 304 2847 nicie
320 2829 350 2848 se
365 2822 503 2847 amovent.
516 2817 591 2846 Finis
603 2825 684 2854 porro
698 2825 793 2846 eorum
807 2817 853 2853 qui
869 2825 884 2844 a
895 2816 950 2845 Deo
961 2817 1019 2846 (Χίος

268 2897 306 2932 (1)
324 2897 374 2925 Itis.
393 2896 546 2932 πρακτικήν

1071 2311 1123 2338 τοῦ
1146 2311 1314 2346 ἐξαγγεῖλαι
1338 2311 1439 2344 πάσας
1456 2311 1510 2344 τὰς
1523 2312 1653 2344 αἰνέσεις
1667 2318 1726 2337 σου
1740 2311 1775 2337 ἑν
1793 2311 1858 2346 ταῖς

1071 2358 1181 2390 πύλαις
1197 2357 1250 2392 τῆς
1262 2357 1406 2392 θυγατρὸς
1421 2357 1507 2384 Σιών.
1533 2356 1672 2392 ’Λνωτέρω
1689 2357 1738 2392 μὲν
1754 2357 1856 2392 ἔλεγον,

1070 2403 1125 2431 Καὶ
1138 2403 1195 2438 ἐγὼ
1211 2403 1373 2437 διαπαντὸς
1385 2403 1461 2438 μετὰ
1475 2403 1547 2430 σοῦ·
1565 2403 1581 2439 ἢ
1599 2403 1670 2430 κατὰ
1682 2403 1728 2430 τὸν
1745 2403 1858 2439 Σύμμα-

1070 2459 1127 2485 χον,
1144 2451 1198 2477 Κιιὶ
1216 2450 1358 2485 συνήμην
1368 2457 1417 2477 σοι
1430 2450 1608 2483 διαπαντός·
1622 2451 1654 2485 τῇ
1673 2450 1764 2476 πίστει
1777 2450 1858 2486 δηλα-

1070 2496 1101 2531 δὴ
1117 2496 1164 2523 καὶ
1180 2497 1212 2532 τῇ
1231 2496 1389 2532 προαιρέσει
1404 2496 1451 2523 καὶ
1463 2498 1496 2532 τῇ
1509 2496 1576 2532 πρὸς
1594 2496 1624 2522 σὲ
1637 2496 1730 2531 ἀγάπῃ
1740 2505 1746 2511 ·
1758 2496 1818 2523 νυνὶ
1830 2496 1857 2522 δὲ

1071 2543 1117 2569 καὶ
1129 2542 1176 2578 τὴν
1191 2543 1280 2569 αἰτίαν
1293 2542 1443 2577 καθίστημι
1454 2542 1582 2577 φανερὰν,
1593 2542 1626 2568 δι’
1637 2541 1671 2576 ἣν
1682 2542 1805 2577 συνήμην
1817 2549 1856 2568 σοι

1070 2587 1233 2620 διαπαντὸς,
1248 2589 1295 2615 καὶ
1308 2588 1337 2614 σὲ
1356 2588 1451 2623 μερίδα
1467 2588 1593 2623 ἐτιθέμην
1606 2587 1735 2623 ἐμαυτοῦ.
1765 2587 1855 2623 ’ῌδειν

1070 2634 1134 2669 γὰρ,
1143 2634 1191 2661 καὶ
1206 2634 1326 2670 ἀκριϐῶς
1342 2634 1523 2670 ἐπεπείσμην,
1538 2634 1578 2660 ὅτι
1601 2635 1633 2660 01
1652 2633 1856 2668 μακρύνοντες

1069 2679 1196 2718 ἑαυτοὺς
1205 2680 1264 2708 ἀπὸ
1277 2680 1334 2707 σοῦ
1349 2680 1546 2707 ἀπολοῦνται·
1562 2679 1595 2706 δι’
1608 2679 1622 2705 ὃ
1639 2679 1689 2705 οὐκ
1703 2678 1855 2714 ὲμάκρυνον

1071 2726 1198 2760 ἐμαυτὸν,
1216 2725 1317 2762 καίπερ
1332 2725 1435 2760 ἀγνοῶν
1450 2726 1511 2757 τοὺς
1525 2725 1619 2760 λόγους
1632 2726 1680 2760 τῆς
1697 2726 1746 2760 σῆς
1757 2724 1855 2759 διοική-

1072 2780 1141 2804 σεως
1152 2792 1160 2805 ,
1174 2772 1242 2799 ἀλλὰ
1262 2772 1385 2808 συνήμην
1400 2781 1440 2799 σοι
1455 2772 1608 2804 διαπαντός.
1620 2788 1624 2793 ο
1638 2770 1814 2807 Μακρύνουσι
1829 2768 1855 2795 δὲ

1071 2818 1185 2851 ἑαυτοὺς
1199 2819 1223 2845 οἱ
1235 2820 1295 2851 ταῖς
1310 2818 1399 2846 αὐτῶν
1414 2819 1559 2854 ἁμαρτίαις
1577 2817 1623 2845 καὶ
1638 2818 1692 2849 τοῖς
1704 2816 1794 2848 ἀθέοις
1810 2813 1853 2843 καὶ
