2024 3214
143 195 194 223 859

704 189 957 220 οοιιιιΕΝτΑιιιΑ
976 190 1010 219 IN
1030 190 1201 220 PSALthS.
1239 177 1262 211 Ἰ
1278 172 1312 194 ν

1713 191 1779 219 δεον

145 252 253 281 ἀσισέσι
275 251 416 286 λογισμοῖς
437 249 591 285 ἀλλοτρίους
613 249 725 281 ἑαυτοὺς
745 249 945 282 καθιστῶντες,

996 249 1091 282 edunt,
1109 255 1152 278 est
1175 251 1312 282 interitus,
1331 254 1423 286 utpote
1434 250 1480 285 qui
1495 257 1510 277 ιι
1538 249 1596 278 Deo
1617 248 1769 278 ceu'l'omi-

145 299 193 327 τοῦ
206 298 273 326 Θεοῦ
283 307 290 314 ·
307 298 405 329 οἵτινες
425 297 480 331 ὅσῳ
497 295 663 332 πορρωτάτω
678 295 760 322 αὑτοῦ
778 295 929 330 γίγνονται,

146 345 264 380 τοσούτῳ
276 345 309 380 τῇ
324 343 446 378 ἀπωλείᾳ.
461 341 654 377 πλησιάζουσιν
662 350 670 357 “
681 341 718 373 ὡς
733 341 860 377 ἔμπαλιν,
870 349 930 368 συν-

146 391 292 427 απτόμενοι
315 390 355 425 τῷ
377 389 446 424 θεῷ,
463 390 494 424 τῇ
512 388 560 424 μὲν
572 389 627 424 ζωῇ
641 389 829 419 συνάπτονται,
841 387 890 423 τῆς
903 387 932 414 δὲ

148 435 284 467 ἀπωλείας
299 433 491 470 μακρύνονται.
508 433 589 464 Τέλος
599 432 627 459 δὲ
640 433 694 459 τῶν
706 433 816 464 ἑαυτοὺς
831 440 931 468 μακρυ-

148 482 246 510 νᾶντιιη
255 480 364 516 ὄλεθρος
376 479 516 514 τυγχάνει,
530 479 576 505 ἆτε
588 477 619 514 δὴ
632 478 869 514 ὲκπορνευσάντων
880 478 934 505 ἀπὸ

149 528 194 556 τοῦ
211 526 291 554 Θεοῦ.
315 525 346 554 Ὀ
362 526 410 561 μὲν
423 523 468 552 οὖν
485 525 551 557 θεὸς
566 524 660 551 οὐδένα
679 524 811 560 μακρύνει
824 523 932 555 ἑαυτοῦ,

149 574 208 602 οὑδδ
220 572 369 601 ἀηυθεῖται
377 580 384 587 ·
397 571 454 598 ἀλλ’
467 571 582 602 ἕκαστος
595 571 690 597 ἑαυτὸν
704 570 878 606 ἀπαλλοτριοϊ
888 569 934 596 τοῦ

150 619 227 653 Θεοῦ,
240 618 412 655 ὲκπορνεὺων
435 618 482 645 καὶ
493 617 542 653 τὴν
556 616 651 644 ἑαυτοῦ
665 617 752 652 ψυχὴν
764 616 870 643 ἔκδοτον
885 624 937 642 πα-

153 666 274 702 ραδιδοὺς
286 666 342 697 τοῖς
357 665 404 691 τοῦ
417 663 484 691 Θεοῦ
498 663 639 694 ἐναντίοις.
665 663 696 689 Οἱ
712 663 739 689 δὲ
756 661 937 698 μακρύνοντες

153 712 264 743 ἑαυτοὺς
275 710 305 743 ἐξ
313 710 416 741 οἰκείας
429 709 614 745 προαιρέσεως
624 708 793 734 ἐπισπῶνται
804 707 864 734 καθ’
876 707 938 733 ἐαυ-

152 758 204 785 τῶν
214 757 265 793 τὴν
276 755 422 784 ἀπώλειαν.
438 755 554 786 Τούτους
567 753 595 780 δὲ
608 755 641 789 τῇ
653 753 774 788 ἀπωλείᾳ
784 751 937 779 οἰκειωθέν-

152 812 201 836 τας
215 804 230 830 ὁ
244 803 310 834 Θεὸς
325 802 406 833 αὐτος
418 801 448 827 τὸ
462 801 524 836 ἑξῆς
541 800 685 834 διατίθησι.
701 799 734 825 Τί
748 799 775 825 δὲ
792 796 826 834 ἦν
842 798 938 830 τοῦτο;

160 848 410 882 Ἐξωόθρευσας,
424 847 490 882 φησὶ⁸
498 866 505 878 ,
517 845 614 873 πάντα
623 846 676 872 τὸν
686 845 869 879 πορνεύοντα
881 845 939 871 ἀπὸ

155 895 222 923 σοῦ.
244 893 374 930 Πορνεὺει
389 893 417 920 δὲ
430 893 484 919 ἀπὸ
498 891 544 918 τοῦ
559 891 625 918 Θεοῦ
637 892 650 918 ὁ
667 890 735 926 μετὰ
747 890 778 917 τὸ
793 889 940 925 πλησιάσαι

982 296 1035 324 cati
1051 296 1163 325 fuerint.
1178 296 1251 325 Deus
1266 304 1383 332 namque
1398 296 1534 324 neminem
1547 299 1666 328 amovet,
1679 302 1768 330 neque

983 342 1033 370 abs
1047 350 1077 370 se
1092 343 1218 378 repellit;
1244 342 1293 371 sed
1318 342 1435 378 quisque
1459 349 1519 370 sese
1544 341 1662 369 alienum
1680 348 1695 368 a
1713 340 1768 367 Deo

984 385 1060 419 facit,
1075 385 1140 413 dum
1153 394 1202 414 ceu
1219 386 1381 419 fornicatur,
1399 386 1573 421 animamque
1595 393 1674 413 suam
1689 385 1768 413 dedi-

984 431 1073 458 titiam
1090 432 1209 460 inimicis
1223 432 1270 460 Dei
1285 432 1379 460 tradit.
1391 432 1442 465 Qui
1455 440 1520 459 vero
1537 432 1646 467 proprio
1661 432 1772 460 delectu

985 485 1046 505 sese
1064 482 1202 510 amovent,
1220 478 1332 506 exitium
1350 478 1403 506 sibi
1422 478 1573 505 attrahunt.
1589 478 1625 506 lis
1643 486 1709 505 vero
1720 478 1771 513 qui

985 530 1046 550 sese
1064 523 1192 558 perniciei
1204 523 1379 557 dediderunt,
1396 523 1468 551 Deus
1484 523 1556 559 quod
1582 527 1708 559 superest
1723 524 1771 550 ad-

983 568 1055 604 jicit.
1074 568 1143 602 Quid
1165 569 1231 595 illud
1257 569 1318 597 est?
1332 568 1489 601 Perdidisti,
1509 569 1607 604 inquit,
1624 577 1711 596 omnes
1726 568 1771 603 qui

987 614 1155 649 fornicamur
1167 614 1213 642 ab:
1231 619 1264 642 te.
1278 614 1442 642 Fornicatur
1455 622 1471 642 a
1488 614 1553 647 Deo,
1570 616 1615 650 qui
1627 619 1771 650 postquam

987 662 1020 689 ad
1036 670 1097 689 eum
1115 662 1228 697 propius
1241 666 1409 694 accesserat,
1420 663 1455 689 ab
1466 663 1526 697 ipso
1541 663 1636 698 procul
1658 662 1772 690 recedit.

988 706 1047 741 lpse
1065 715 1181 742 namque
1192 707 1338 734 humanam
1349 707 1468 735 animam
1479 707 1657 744 desponsare,
1673 711 1700 734 et
1711 715 1774 743 pro-

989 752 1046 787 pria
1064 752 1169 780 semina
1189 753 1216 779 in
1244 753 1316 779 illam
1338 752 1431 787 jacere
1456 760 1510 780 non
1529 753 1710 788 dedignatur;
1729 754 1774 780 illa

989 806 1054 826 vero
1066 799 1198 826 recedens
1212 799 1246 826 ab
1266 806 1309 832 eo,
1327 806 1443 834 seseque
1467 799 1528 826 aliis
1554 799 1704 827 admovens
1729 800 1776 835 qui

991 844 1122 872 fornicari
1142 852 1204 871 cum
1225 852 1256 872 ea
1273 845 1397 880 cupiunt,
1416 844 1543 880 malignis
1555 844 1660 872 scilicet
1672 844 1777 879 spiriti—

992 890 1051 921 bus,
1066 893 1093 917 et
1105 889 1219 924 impuris
1233 890 1418 920 daemonibus,
1437 893 1484 916 aut
1499 889 1590 924 impiis
1605 889 1778 925 cogitationi—

155 941 228 977 αὐτῷ
243 939 383 976 μακρύνας
397 939 501 966 ἑαυτόν.
528 937 613 969 Αὐτὸς
627 937 675 973 μὲν
689 937 744 972 γὰρ
759 937 806 963 καὶ
819 935 940 972 νυμφεύ-

996 937 1052 966 bus.
1077 936 1135 963 sive
1151 935 1229 962 fmdis
1251 934 1422 970 ilupurisque
1437 934 1618 966 facinoribus,
1639 935 1701 970 jure
1719 942 1779 969 per-

155 988 231 1015 εσθαι
240 988 291 1015 οὐκ
299 985 409 1018 ἀπαξιοῖ
416 986 464 1021 τὴν
472 984 643 1020 ἀνθρωπίνην
652 983 750 1019 ψυχὴν,
761 984 806 1010 καὶ
813 983 848 1009 τὰ
855 980 940 1009 οῐὶιεῖα

157 1033 300 1069 σπέρματα
314 1032 342 1058 ὲν
356 1031 424 1066 αὐτῇ
440 1029 654 1057 καταϐάλλεσθαι
663 1038 669 1044 ·
695 1029 711 1064 ὴ
725 1028 752 1054 δὲ
767 1027 942 1064 μακρὺνουσα

156 1078 254 1114 ἑαυτὴν
263 1077 310 1104 καὶ
322 1077 424 1112 ἑτέροις
437 1074 593 1111 παρέχουσα
606 1075 662 1105 τοῖς
674 1074 886 1108 καταπορνεύειν
898 1073 942 1099 αῦ-

155 1125 204 1161 τὴν
219 1123 340 1150 ἐθέλουσι
350 1142 358 1155 ,
383 1121 518 1156 πνεύμασι
534 1121 661 1156 πονηροῖς
677 1120 722 1147 καὶ
737 1120 861 1155 δαίμοσιν
876 1120 943 1146 ἀκα-

157 1169 276 1206 θάρτοις,
290 1168 306 1204 ἢ
323 1167 462 1203 λογισμοῖς
478 1167 567 1198 ἀθέοις
582 1167 628 1193 καὶ
643 1166 779 1197 ἀσεϐέσιν,
796 1166 812 1200 ἢ
828 1164 943 1201 πράξεσι

159 1216 269 1251 μωραίς
279 1215 327 1241 καὶ
337 1213 513 1248 ἀκαθάρτοις,
522 1213 631 1243 εἰκότως
642 1212 744 1248 ὀλέθρῳ
755 1211 942 1247 παραδίδοται.

157 1260 202 1288 Διδ
211 1260 335 1287 λέλεκται
346 1268 352 1274 ·
372 1260 609 1293 Ἐξωνιόθρευσας
619 1257 717 1284 πάντα
726 1257 778 1284 τὸν
786 1257 945 1295 ςῑορνεύον-

157 1314 194 1333 τα
206 1306 266 1334 ἀπὸ
275 1305 344 1333 σοῦ.
368 1305 448 1331 Ἀλλὰ
460 1305 514 1340 γὰρ
529 1304 614 1331 ταῦτα
628 1303 707 1335 εἰδὼς
721 1303 786 1337 ἐγὼ,
803 1303 850 1330 καὶ
866 1304 944 1338 ἀκρι-

159 1352 212 1385 δῶς
225 1352 406 1387 πεπεισμένος
423 1352 486 1386 περὶ
497 1352 545 1386 τῆς
561 1351 610 1386 σῆς
620 1350 728 1381 δικαίας
739 1350 856 1384 κρίσεως
866 1370 873 1378 .
896 1349 945 1384 τὴν

160 1399 282 1426 ἐναντίαν
298 1397 408 1433 εἱλόμην
418 1398 472 1429 τοῖς
488 1397 607 1427 ἀσεϐέσι,
619 1396 720 1432 καίπερ
735 1396 771 1431 μὴ
783 1395 851 1422 νοῶν
865 1394 898 1421 τὰ
912 1394 946 1420 σὰ

162 1445 299 1480 μυστήρια
310 1453 316 1459 ·
334 1443 400 1470 ἀλλά
417 1443 463 1469 καὶ
484 1443 622 1478 κτηνὼδης
641 1443 783 1478 γενόμενος
804 1442 878 1477 παρὰ
894 1441 945 1473 σοὶ,

160 1492 234 1527 ὅμως
245 1493 367 1527 συνήμην
380 1499 421 1517 σοι
435 1490 588 1520 διαπαντός.
602 1489 684 1516 Οὐδὲν
697 1489 750 1524 γὰρ
764 1489 826 1524 ἐμοὶ
840 1487 946 1515 κάλλιον

161 1538 285 1572 ἐφαίνετο
296 1536 343 1563 τοῦ
354 1535 569 1572 προσκολλᾶσθαί
579 1543 618 1561 σοι
631 1534 669 1570 τῷ
678 1534 736 1570 ἐμῷ
745 1534 815 1569 Θεῷ,
827 1534 872 1560 καὶ
887 1533 947 1559 ταῦ-

161 1592 195 1611 τα
204 1583 339 1620 αἱρεῖσθαι
354 1583 424 1617 ἆπερ
449 1582 533 1614 αὐτὸς
547 1582 649 1617 ὥρισας
659 1582 706 1608 καὶ
717 1581 851 1607 ὲνετείλω.
869 1580 947 1607 Οὕτω

162 1630 216 1666 γὰρ
228 1609 244 1657 d
258 1609 446 1663 xollu’tysrloc
458 1628 497 1661 τῷ
511 1609 606 1661 (inpio)
667 1627 785 1662 πνεῦμά
794 1627 869 1654 ἐστι.
887 1626 947 1653 Διό·
961 1609 981 1637 c

163 1684 215 1712 περ
227 1676 290 1711 ἐμοὶ
300 1675 375 1702 οὐδὲν
389 1674 496 1701 κάλλιον
507 1674 566 1700 οὐδὲ
580 1675 701 1709 κρεῖττον
714 1673 890 1708 κατεφαίνετο
901 1672 948 1699 τοῦ

164 1720 379 1757 προσκολλᾶσθαί
392 1729 442 1746 σοι.
461 1720 506 1746 Διό
517 1728 597 1755 φημι,
610 1720 651 1746 ὅτι
668 1719 746 1753 Ἐμοὶ
759 1719 791 1746 τὸ
805 1720 950 1753 προσκολ-

163 1768 273 1796 λᾶσθαι
289 1767 328 1800 τῷ
341 1766 402 1799 Θεῷ
414 1766 526 1801 ἀγαθόν
537 1767 630 1793 ἐστιν.
643 1766 674 1792 Εἰ
689 1765 744 1801 γὰρ
754 1765 840 1796 οὐδεὶς
849 1764 950 1798 ἀγαθὸς

164 1816 188 1841 ει
203 1815 240 1850 μὴ
254 1812 296 1845 εἷς
311 1814 325 1839 ὀ
341 1813 423 1844 Θεὸς,
443 1812 524 1838 πόθεν
541 1812 573 1838 ἂν
589 1811 693 1845 γένοιτο
709 1812 794 1847 ἑτέρῳ
808 1820 835 1837 τι
850 1810 950 1845 ἀγαθὸν

166 1861 180 1896 ἢ
191 1861 223 1887 ὲκ
233 1859 281 1887 τοῦ
296 1858 513 1895 προσκολλᾶσθαι
526 1857 598 1893 αὐτῷ
609 1866 615 1890 ;
627 1858 681 1884 Καὶ
691 1858 741 1892 ήδη
753 1858 802 1893 μὲν
812 1857 951 1893 ἀπήλαυον

165 1903 266 1935 παντὸς
281 1903 398 1937 ἀγαθοῦ,
426 1901 595 1937 κολλώμενος
618 1902 665 1929 καὶ
692 1902 890 1937 συναπτόμενος
914 1901 952 1937 τῷ

263 1949 332 1976 ὥστε
345 1949 448 1983 λέγειν·
473 1947 636 1981 Ἐκολλήθη
650 1948 745 1974 ὀπθσω
759 1956 817 1974 σου
835 1948 853 1980 ἡ
868 1946 953 1982 ψυχή

163 2005 232 2031 μου.
263 1996 318 2022 Καὶ
336 1996 376 2027 εἰς
395 1995 441 2021 τὸν
468 1994 597 2029 μέλλοντα
611 1994 639 2020 δὲ
662 1994 756 2030 χρόνον
771 1993 875 2028 ἀγαθὰς
889 1993 954 2019 ὑπέ-

166 2050 270 2079 γραφον
280 2041 389 2073 ἐλπίδας
400 2039 520 2076 ἐμαυτῷ.
537 2040 600 2066 Ἕτε
605 2040 650 2075 ρόν
665 2048 695 2066 τε
705 2039 784 2066 τοῦτο
794 2039 895 2073 ἀγαθόν
909 2047 953 2074 μοι

165 2086 215 2124 ἦν,
229 2089 261 2115 τὸ
275 2088 407 2115 τίθεσθαι
426 2087 461 2113 ἐν
478 2086 574 2120 Κυρίῳ
590 2085 647 2120 τὴν
662 2085 770 2112 ἐλπίδα
784 2094 853 2120 μου.
871 2084 953 2116 Τέλος

167 2135 220 2170 γάρ
238 2143 283 2170 μοι
294 2134 343 2170 τῆς
358 2134 448 2170 πάσης
462 2134 567 2165 ἐλπίδος
581 2132 615 2169 ἦν
629 2133 660 2159 τὸ
669 2133 838 2168 ἐξαγγεῖλαι
852 2132 953 2165 πάσας

167 2181 219 2214 τὰς
240 2180 372 2213 αἱνέσεις
391 2189 450 2207 σου
468 2181 503 2207 ἐν
522 2180 586 2213 ταῖς
605 2181 716 2212 πύλαις
736 2178 792 2213 τῆς
809 2177 953 2213 θυγατρὸς

168 2227 253 2254 Σιών.
277 2226 462 2259 Καταξιωθεὶς
475 2226 529 2261 γὰρ
543 2226 593 2261 τῆς
609 2227 648 2257 είς
664 2226 713 2261 τὴν
733 2225 809 2252 πόλιν
826 2233 872 2251 σου
887 2224 954 2250 εἰσό-

992 983 1071 1010 niciei
1088 982 1212 1012 traditur.
1233 980 1323 1014 Quare
1338 981 1440 1008 dictum
1456 985 1515 1008 est:
1530 979 1678 1007 Perdidisti
1689 988 1777 1006 onmes

991 1029 1036 1065 qui
1051 1029 1218 1063 fornicamur
1230 1027 1276 1054 ab:
1293 1032 1326 1054 te.
1345 1026 1445 1054 Verum
1456 1034 1506 1062 ego
1517 1026 1574 1054 lucc
1583 1026 1667 1062 probe
1675 1026 1777 1056 sciens,

993 1082 1025 1102 ac
1041 1074 1120 1109 plane
1135 1073 1169 1101 de
1183 1073 1258 1108 justo
1271 1072 1375 1107 judicio
1389 1076 1436 1099 tuo
1451 1079 1613 1106 persuasus,
1632 1070 1778 1098 adversam

994 1120 1085 1155 impiis
1093 1119 1159 1154 elegi
1173 1119 1254 1152 viam,
1267 1117 1374 1145 etiamsi
1386 1117 1513 1153 mysteria
1525 1121 1570 1144 tua
1580 1124 1634 1144 non
1644 1115 1779 1150 intellige-
1813 1142 1816 1146 ,

994 1174 1067 1200 rem;
1077 1165 1124 1194 sed
1132 1169 1158 1193 et
1173 1165 1298 1200 quamvis
1308 1164 1498 1199 utjumentum
1509 1163 1597 1191 factus
1608 1170 1696 1191 essem
1706 1161 1779 1196 apud

995 1217 1031 1245 lc,
1041 1216 1158 1240 attamen
1174 1219 1227 1239 una
1237 1216 1326 1238 tecum
1335 1217 1409 1238 eram
1420 1217 1537 1244 semper.
1550 1209 1621 1236 Nihil
1633 1208 1705 1236 enim
1717 1207 1779 1243 pul-

994 1259 1088 1286 chrius
1105 1257 1169 1284 mihi
1195 1257 1338 1284 videbatur
1363 1263 1435 1289 esse,
1458 1263 1539 1291 quam
1568 1255 1615 1282 tibi
1640 1253 1695 1282 Deo
1719 1262 1781 1281 meo

995 1305 1145 1334 adlimrere.
1161 1303 1262 1338 illaque
1284 1302 1396 1337 diligere
1414 1310 1474 1336 quin
1493 1306 1520 1328 tu
1536 1300 1645 1336 jussisti
1664 1307 1695 1327 ac
1710 1307 1780 1334 prae-

995 1350 1101 1385 cepisti.
1114 1349 1151 1376 Ita
1164 1336 1236 1376 enim
1255 1348 1299 1383 qui
1318 1336 1433 1373 adliceret
1451 1346 1563 1372 Domino
1587 1353 1654 1371 unus
1670 1344 1780 1377 spiritus
1817 1336 1820 1340 λ

995 1402 1033 1424 est
1046 1396 1067 1424 '.
1083 1396 1145 1423 Ideo
1167 1394 1234 1422 nihil
1256 1393 1320 1420 mihi
1340 1392 1490 1428 pulchrius,
1509 1391 1576 1418 nihil
1592 1390 1689 1417 melius
1705 1389 1777 1416 vide»

996 1444 1087 1474 batur,
1103 1447 1184 1477 quam
1202 1440 1339 1467 adhaerere
1356 1439 1414 1466 tibi.
1439 1438 1610 1472 Quapropter
1622 1435 1695 1467 dico,
1714 1434 1781 1461 lli/ii

997 1489 1132 1516 adluerere
1146 1487 1198 1514 Deo
1215 1486 1310 1513 bouum
1321 1489 1370 1511 est.
1393 1483 1459 1510 Nam
1475 1483 1498 1511 si
1524 1489 1605 1510 nemo
1623 1482 1713 1509 bonus
1728 1481 1782 1508 nisi

998 1542 1070 1561 unus
1094 1533 1176 1561 Deus.
1203 1530 1340 1559 undenam
1369 1529 1415 1556 alii
1446 1529 1565 1564 cuipiam
1589 1527 1653 1555 boni
1679 1527 1783 1562 aliquid

999 1578 1149 1609 advenerit,
1164 1578 1216 1604 nisi
1241 1584 1272 1604 ex
1297 1583 1329 1603 eo
1345 1575 1417 1610 quod
1433 1574 1488 1601 Deo
1511 1572 1666 1601 adhaereat?
1682 1572 1713 1599 Et
1726 1571 1782 1607 jam

999 1625 1107 1661 quidem
1118 1623 1192 1651 omni
1208 1623 1317 1649 fruebar
1332 1624 1414 1652 bono,
1428 1621 1569 1648 adhaerens
1580 1623 1606 1646 ct
1620 1618 1785 1653 conjunctus

1000 1672 1055 1699 Deo
1068 1680 1074 1704 ;
1095 1671 1131 1697 ita
1148 1674 1176 1697 ut
1186 1670 1305 1697 dicerem
1322 1678 1327 1695 :
1348 1667 1466 1695 Adltwsit
1480 1667 1571 1693 anima
1585 1673 1643 1692 mea
1654 1669 1713 1699 post
1729 1669 1753 1691 te
1763 1665 1784 1690 '.

1001 1717 1121 1751 Itemque
1146 1715 1180 1742 ad
1207 1715 1327 1742 futurum
1356 1713 1484 1741 szeculum
1510 1711 1609 1739 bonam
1628 1710 1693 1738 mihi
1709 1716 1785 1744 spem

1001 1762 1129 1797 ascripsi.
1146 1762 1179 1788 Et
1194 1769 1261 1789 sane
1278 1760 1351 1787 aliud
1363 1766 1471 1794 quoque
1483 1757 1548 1785 mihi
1562 1757 1664 1784 bonum
1679 1755 1785 1785 aderat.

1003 1809 1118 1841 scilicet,
1143 1815 1237 1842 ponere
1259 1807 1285 1833 in
1309 1805 1422 1832 Domino
1444 1811 1514 1838 spem
1533 1810 1627 1828 nteant.
1642 1800 1708 1828 Nam
1723 1800 1786 1827 ﬁnis

1002 1855 1092 1883 omnis
1109 1854 1167 1889 spei
1191 1853 1257 1881 mihi
1278 1855 1347 1885 erat,
1366 1856 1394 1878 ut
1409 1849 1563 1877 annuutiem
1579 1855 1669 1875 omnes
1696 1845 1788 1873 laudes

1004 1907 1062 1929 tuas
1078 1902 1104 1928 in
1116 1900 1199 1935 portis
1217 1899 1280 1934 ﬁlia:
1292 1897 1366 1925 Sion.
1382 1895 1523 1931 Siquidem
1539 1894 1664 1927 ingressu
1679 1892 1707 1919 in
1723 1891 1788 1919 civi-

1002 1950 1085 1974 tatem
1103 1949 1178 1972 tuam
1193 1944 1329 1979 dignatus,
1350 1942 1384 1969 de
1400 1948 1454 1976 qua
1476 1939 1604 1974 superius
1619 1937 1764 1965 dicebatur
1779 1945 1787 1964 :

1003 1992 1124 2022 Domine,
1151 1991 1178 2017 in
1195 1990 1299 2017 civitate
1316 1994 1362 2015 tua
1376 1987 1519 2022 imaginem
1534 1985 1652 2020 ipsorum
1668 1982 1703 2010 ad
1719 1982 1789 2009 nihi-

1004 2037 1059 2063 lum
1074 2035 1173 2071 νεώρει
1182 2042 1191 2066 ;
1201 2041 1263 2062 cum
1276 2033 1358 2061 etiam
1370 2032 1404 2060 ad
1415 2031 1542 2059 caelestes
1553 2032 1647 2065 porta‘s
1661 2035 1791 2056 conscen-

1005 2083 1104 2114 derim,
1115 2085 1161 2109 tua
1177 2088 1242 2116 erga
1258 2087 1301 2107 me
1317 2078 1448 2106 beneficia
1470 2076 1598 2105 onmibus
1624 2073 1788 2110 praedicabo.

1007 2130 1058 2158 Ubi
1074 2130 1239 2158 constitutus
1253 2126 1388 2162 promissa
1401 2130 1555 2159 consequar
1568 2127 1624 2155 tua,
1645 2129 1703 2156 qua:
1728 2128 1792 2148 ocu-

1007 2177 1048 2203 lus
1063 2184 1114 2203 non
1131 2175 1206 2207 vidit,
1223 2181 1268 2200 nec
1284 2172 1357 2199 auris
1373 2170 1484 2201 audivit,
1501 2177 1546 2196 nec
1562 2169 1588 2195 in
1610 2176 1656 2195 cor
1678 2166 1791 2194 hominis

1008 2221 1182 2250 ascenderunt
1194 2220 1226 2248 ὀ.
1250 2218 1327 2246 Talia
1350 2218 1450 2254 quippe
1466 2216 1538 2244 Deus
1554 2213 1716 2250 prwparaoit
1729 2211 1794 2238 dili—

167 2271 222 2304 ὅου,
241 2272 306 2308 περὶ
317 2270 352 2308 ἦς
363 2272 490 2308 ἀνωτέρω
504 2272 611 2305 ἐλέγετο
620 2280 626 2285 ·
642 2271 729 2304 Κίιριε
739 2290 746 2302 ,
767 2270 802 2296 ἐν
816 2268 853 2303 τῇ
869 2270 944 2296 mils

1008 2267 1127 2303 gentibus
1144 2275 1181 2294 se.

168 2325 225 2346 σου
242 2302 299 2352 τὴν·
308 2302 410 2345 είχόνα
419 2302 518 2345 αῦτῶν
530 2302 752 2349 ἐέουθενώσεις,
768 2315 814 2342 καὶ
831 2316 891 2346 ταῖς
903 2302 1082 2346 πύλαιςγταίς
1100 2313 1271 2350 ἐπουρανίοις
1295 2311 1395 2342 ἐπιϐὰς
1409 2332 1417 2345 ,
1451 2307 1615 2343 ἀνακηρύξω
1649 2305 1706 2335 τοῖς
1728 2302 1795 2352 “33'-

167 2364 216 2396 τὰς
228 2345 330 2400 εἰςιὲμὲ
347 2373 392 2391 σου
404 2345 572 2400 εὐεργεσίας.
589 2363 672 2389 Ἔνθα
686 2345 829 2396 γενῦμενος
841 2345 888 2386 καί
918 2361 971 2387 τῶν
990 2345 1175 2394 immuni
1195 2368 1242 2385 σου
1263 2358 1391 2392 τεύξομαι
1403 2376 1410 2387 ,
1428 2354 1464 2387 ἂς
1480 2351 1632 2388 ὀφθαλμὸς
1647 2350 1704 2376 οὐκ
1723 2345 1794 2396 εἷδιξ.

169 2392 215 2438 καί
227 2392 282 2443 οῦς
288 2392 342 2438 οὐκ
355 2392 479 2445 ἤκουσε,
486 2410 535 2437 καὶ
544 2392 593 2436 ἐπὶ
602 2392 724 2444 καρδίαν
733 2392 889 2442 ἀκθρώπου
897 2409 951 2434 οὐκ
970 2392 1075 2435 ἀνέϐοξ
1090 2406 1208 2434 Τοιαῦτα
1220 2405 1274 2441 γὰρ
1285 2405 1448 2438 ἡτοίμασεν
1460 2403 1475 2428 ό
1488 2399 1560 2432 θεὸς
1588 2398 1651 2430 τοῖς
1683 2392 1797 2430 ἀγαπῶ·

168 2463 219 2482 σιν
231 2457 335 2483 αὐτόν.

203 2513 249 2550 Μὴ
267 2514 392 2549 κείμενον
406 2514 433 2541 δὲ
448 2515 476 2540 ὲν
488 2513 527 2549 τῷ
548 2512 694 2548 Ἐϐραϊκῷ,
714 2512 780 2547 μηδὲ
809 2512 885 2548 παρὰ
901 2513 956 2544 τοῖς

170 2560 272 2593 λοιποῖς
282 2562 460 2597 ὲρμηνευταῖς
472 2561 501 2587 τὸ
511 2561 545 2587 ἐν
557 2560 620 2594 ταῖς
627 2560 736 2592 πύλαις
747 2558 801 2594 τῆς
812 2559 956 2594 θυγατρὸς

171 2606 254 2639 Σιὼν,
274 2607 348 2642 παρὰ
367 2607 457 2642 μόνοις
469 2607 497 2633 δὲ
510 2608 566 2638 τοῖς
586 2606 782 2641 Ἐὃδομήκοντα
797 2605 957 2640 φερόμενον,

172 2651 324 2684 ὼεέλισται,
338 2652 382 2679 διὰ
395 2652 425 2678 τὸ
440 2653 486 2679 καὶ
499 2652 622 2688 περιττὸν
637 2649 715 2678 εἶναι.
733 2651 770 2677 Τὸ
781 2650 836 2686 γὰρ
850 2650 958 2676 πάντων

173 2697 272 2733 ἀγαθὸν
291 2698 367 2730 τέλος
390 2699 431 2725 ἐπ’
450 2699 534 2734 αὐτὴν
552 2698 611 2732 ἄγει
632 2698 682 2734 τὴν
699 2697 858 2733 ἐπουράνιον
878 2695 957 2728 Σιὼν,

172 2744 198 2779 ir
208 2754 232 2776 ις
251 2741 285 2780 ἦν
300 2746 316 2780 ή
336 2745 518 2780 ἁποδεδομένη
529 2744 575 2771 τοῦ
594 2745 660 2771 Θεοῦ
678 2746 707 2770 ἐν
725 2744 848 2779 οὐρανοῖς
865 2742 958 2774 πόλις,

173 2790 306 2827 θυγατρός
320 2790 389 2817 Σιὼν
402 2791 548 2826 νοουμένης
560 2790 610 2825 τῆς
620 2791 685 2826 παρ’
699 2791 765 2825 ἡμῖν
786 2788 957 2824 Ἐκκλησὶας,

173 2837 210 2869 ὡς
222 2837 267 2864 διά
283 2837 387 2864 πολλῶν
402 2836 541 2869 ἀπὼεἰξαι
554 2837 653 2872 ῥᾴδιον.

203 2915 214 2931 ⁸
229 2915 238 2941 l
252 2915 315 2943 Cor.
330 2923 368 2948 vi,
387 2914 428 2942 i7.
467 2915 477 2930 ’
494 2913 567 2942 Psal.
587 2920 653 2948 uti,
666 2912 693 2941 9.
733 2912 755 2929 ¹⁰
769 2911 780 2939 l
795 2912 857 2941 Cor.
875 2919 904 2944 ιι,
918 2911 944 2938 9.

1051 2509 1118 2536 Cum
1136 2512 1226 2535 autem
1253 2505 1331 2537 illud,
1348 2505 1373 2531 in
1387 2503 1470 2538 portis
1499 2501 1563 2536 ﬁlia:
1574 2498 1649 2532 Sion,
1665 2505 1753 2534 neque
1769 2506 1797 2526 In

1010 2555 1154 2586 liebraico,
1170 2561 1259 2588 neque
1283 2550 1354 2586 apud
1383 2549 1502 2584 reliquos
1521 2547 1683 2580 interpretes
1693 2544 1795 2579 jaceat.

1011 2601 1059 2628 sed
1068 2599 1138 2635 apud
1149 2599 1222 2627 solos
1232 2597 1409 2632 Septuaginta
1421 2593 1586 2629 lnterpretes
1595 2591 1709 2622 feratur,
1717 2588 1797 2616 obolo

1012 2649 1133 2677 notatur,
1157 2644 1221 2680 quia
1244 2641 1411 2677 superfluum
1431 2643 1484 2668 est.
1510 2638 1602 2665 Bonus
1617 2636 1717 2672 quippe
1738 2641 1797 2661 om-

1013 2693 1087 2720 nium
1106 2692 1167 2720 linis
1193 2691 1227 2718 ad
1243 2690 1329 2725 ipsam
1345 2687 1412 2715 Sion
1427 2686 1566 2714 caelestem
1583 2683 1668 2716 ducit,
1683 2688 1743 2716 qua:
1755 2683 1798 2707 est

1013 2740 1056 2766 illa
1067 2740 1124 2774 jam
1143 2737 1243 2765 tradita
1260 2735 1356 2763 civitas
1367 2733 1415 2762 Dei
1433 2733 1462 2761 in
1473 2732 1560 2760 cmlis.
1580 2729 1647 2757 Nam
1659 2727 1712 2756 ﬁlia
1720 2725 1797 2774 _Sip_n

1013 2771 1135 2812 Ecclesia
1155 2786 1248 2811 nostra
1260 2789 1320 2810 esse
1337 2779 1509 2816 intelligitur,
1524 2782 1554 2806 ut
1572 2775 1697 2818 pluribus
1716 2771 1798 2801 facile

1013 2837 1056 2860 est
1069 2830 1258 2867 comprobare.
1475 2837 1479 2841 ·
