2024 3214
265 219 314 248 851

371 278 396 304 ί.
417 277 656 307 INTELLECTUS
680 279 803 307 ASAPII.
825 279 940 307 LXXIII.

242 363 248 366 ,
300 333 407 368 Ulqu’d,
427 334 506 366 Deus,
533 335 654 369 repulisti
679 337 706 362 in
730 337 819 370 ﬁnem.
835 336 921 363 iratus
943 341 982 363 est
1005 337 1049 368 [ιι-

261 388 307 408 ror
336 387 395 408 tuus
413 390 491 416 super
517 390 573 408 aves
604 391 710 417 ραει-ιιιε
737 384 812 410 iure?
842 383 882 410 Ad
913 383 1048 410 dictorum

262 426 466 462 intelligentiam
495 435 544 454 nos
557 427 659 454 excitat
684 432 711 455 et
730 428 827 455 invitat
843 429 954 463 spiritus
983 437 1048 464 pro-

261 472 395 508 pheticus.
431 472 483 505 Qui
506 481 593 506 neque
615 474 748 508 psalmum
781 475 815 502 de
840 483 925 507 more,
959 484 1047 511 neque

259 518 409 550 canticum,
426 526 514 554 neque
529 519 671 555 hymnum,
688 527 777 554 neque
790 520 854 555 quid
868 521 957 548 simile
969 522 996 548 in
1012 522 1047 548 ti-

260 566 317 592 tulo
334 566 477 599 indicavit,
498 567 562 601 quia
585 567 673 594 tristia
690 568 878 594 enuntiantur.
898 567 950 595 Ubi
971 569 1046 596 vide-

259 615 305 637 tur
321 612 485 646 supplicatio
501 613 646 645 contineri,
659 612 692 640 de
703 620 757 647 qua
774 612 883 641 divinus
896 614 1044 649 Apostolus

260 662 395 693 prmcepta
412 658 503 690 (labat,
530 659 625 686 dicens
643 663 770 694 oportere
792 667 843 687 nos
857 667 952 688 omnes
964 662 1044 688 emit.

259 708 316 730 tere
333 705 548 734 obsecrationes.
573 713 677 740 preces.
701 706 925 741 supplicationes.
941 708 1042 742 gratia-l

259 758 320 777 rum
342 752 462 779 actiones
478 753 511 778 ¹¹.
527 751 576 779 llic
601 753 691 788 itaque
707 760 798 780 sermo
819 753 903 780 Deum
928 754 1044 790 alloqui-

260 799 316 828 tur,
329 799 410 830 atque
426 796 516 823 fultura
532 800 561 823 ut
574 796 629 831 jam
647 797 783 831 praeterita
796 797 954 832 prophetice
966 807 1044 826 enar-

259 846 312 873 rat,
334 847 496 876 postremam
518 842 580 869 item
595 841 830 878 Jerosolymorum
860 843 1042 879 obsidionem,

258 895 319 922 qua:
332 892 393 922 post
406 888 552 916 salutarem
564 887 717 916 Adventum
735 896 749 915 a
766 888 895 917 Romanis
911 889 981 917 facta
989 895 1041 923 est.

259 933 404 968 signiﬁcat.
424 933 456 961 Et
481 934 538 961 luce
560 942 622 961 cum
642 935 762 962 nondum
783 936 950 964 constitutus
966 937 1042 964 locus

602 219 737 247 EUSEBII
757 220 997 250 CIESARIENSIS
1017 221 1091 250 OPP.
1113 221 1202 249 PARS
1220 221 1309 250 lll.-—
1328 221 1529 250 EXEGETICA.

1061 286 1087 313 Δ

1833 222 1888 250 852

1269 282 1441 308 ΣΥΝΕΣΕΩΣ
1456 282 1499 317 Tt}
1520 280 1624 307 ἈΣΑΦ.
1648 281 1712 308 Ol”.

1143 337 1227 364 Ὶνατί
1237 357 1244 368 ,
1259 339 1275 364 ὀ
1293 337 1374 370 Θεὸς,
1391 336 1500 364 ἀπώσω
1529 338 1572 370 εὶς
1589 337 1694 370 τέλος.
1713 335 1845 370 ὠργίσθη
1868 338 1885 363 ό

1101 385 1194 418 θυμός
1209 391 1267 410 σου
1281 383 1330 410 ἐπὶ
1345 383 1474 417 πρόϐατα
1488 382 1583 417 νομῆς
1595 390 1670 414 σου;
1684 382 1817 417 Διεγείρει
1836 381 1885 417 μὲν

1101 430 1174 464 ἡμᾶς
1187 429 1234 456 καὶ
1247 429 1376 464 παρορμᾷ
1388 429 1434 455 ἐπὶ
1446 428 1494 464 τὴν
1507 428 1560 455 τῶν
1571 428 1723 463 λεγομένων
1736 427 1844 454 σύνεσιν
1854 427 1885 454 τὸ

1102 474 1209 510 πνεῦμα
1231 474 1262 500 τὸ
1286 474 1461 509 προφητικόν.
1490 473 1558 500 Οὔτε
1573 473 1601 500 δὲ
1615 473 1721 508 ψαλμὸν
1737 473 1884 509 ἐπιγράφει

1101 521 1232 556 συνήθως,
1250 520 1310 547 οὔτε
1325 520 1412 556 ᾠδὴν,
1429 519 1490 546 οὒτε
1505 519 1598 554 ὕμνον,
1613 519 1673 546 οὺδέ
1687 529 1713 546 τι
1728 519 1782 546 τῶν
1795 527 1883 554 παρα-

1099 565 1228 601 πλησίων,
1242 566 1286 592 διὰ
1295 566 1325 592 τὸ
1337 564 1494 601 σκυθρωπὸν
1504 564 1558 591 τῶν
1569 564 1822 599 ἀπαγγελλομένων.
1839 564 1883 590 Ἐν

1098 610 1138 645 οἷς
1150 613 1222 639 δοκεῖ
1237 611 1353 644 ἔντευξις
1367 611 1555 647 περιέχεσθαι,
1573 610 1636 646 περὶ
1650 608 1684 646 ἦς
1695 611 1708 636 ὀ
1721 610 1792 637 θεῖος
1806 609 1883 636 Ἀπό-

1100 658 1191 690 στολος
1203 658 1377 689 διεκελεύετο,
1388 658 1441 684 δεῖν
1453 657 1537 692 λέγων
1547 657 1649 688 πάντας
1660 657 1733 692 ἡμᾶς
1747 655 1882 682 ποιεῖσθαι

1097 704 1217 739 δεήσεις,
1233 703 1400 738 προσευχὰς,
1415 703 1558 735 ἐντεύξεις,
1571 702 1752 738 εὐχαριστίας.
1771 702 1882 736 Ἔγωγ-

1097 750 1172 784 χάνει
1189 749 1252 783 γοῦν
1265 749 1279 775 ὁ
1294 749 1372 783 λόγος
1383 748 1496 784 τῷΘεῷ,
1513 748 1686 784 προφητικῶς
1701 747 1736 774 τὰ
1751 747 1882 782 μέλλοντα

1095 795 1133 827 ὡς
1149 795 1331 830 παρῳχηκότα
1347 794 1468 827 διεξιὼν,
1485 794 1532 820 καὶ
1545 794 1593 829 τὴν
1609 793 1724 828 ἐσχάτην
1741 793 1881 828 σημαίνων

1097 842 1252 877 πολιορκίαν
1266 841 1316 875 τῆς
1330 840 1504 877 Ἰερουσαλὴμ
1517 840 1565 876 τὴν
1579 840 1631 866 ὑπὸ
1649 839 1791 875 Ῥωμαίων
1806 847 1881 873 γενο-

1097 887 1181 923 μένην
1196 887 1264 922 μετὰ
1277 887 1326 922 τὴν
1341 888 1471 924 σωτήριον
1480 886 1644 923 Παρουσίαν.
1658 886 1712 912 Καὶ
1723 885 1811 912 ταῦτα
1827 894 1879 921 μη-

1095 933 1124 960 δὲ
1140 933 1285 965 συστάντος
1296 942 1338 960 πω
1351 932 1398 959 τοῦ
1410 933 1491 960 τόπου
1504 933 1703 969 προαναφωνεῖ.
1721 931 1750 958 Ὁ
1764 931 1814 967 μὲν
1824 931 1879 966 γὰρ

257 983 340 1011 esset,
351 981 523 1014 przeuuntiat.
542 980 646 1008 Etenim
654 982 758 1017 Asaph,
774 984 822 1018 qui
834 983 891 1021 hac
906 984 1039 1011 vaticina-

1098 979 1195 1014 ‘Aadtzp.
1209 980 1243 1007 δι’
1254 978 1284 1007 οὗ
1297 981 1381 1008 ταῦτα
1396 980 1596 1016 προεφητεύετο
1604 1000 1612 1012 ,
1624 979 1770 1015 σύγχρονος
1782 978 1878 1012 γέγονε

255 1028 302 1053 tur
328 1026 441 1060 aequalis
466 1026 559 1054 Davidi
585 1032 661 1060 erat;
678 1027 807 1055 Salomon
829 1036 895 1056 vero
911 1033 973 1064 post
989 1029 1042 1056 Da-

256 1071 326 1098 vidis
337 1076 463 1103 mortem,
483 1074 612 1108 templum
629 1074 776 1102 exstruxit.
791 1074 859 1102 Cum
873 1079 962 1102 autem
974 1074 1042 1103 duas

256 1117 310 1144 loci
326 1119 494 1146 vastationes
509 1119 690 1154 previdisset,
707 1120 826 1154 priorem
840 1120 945 1148 scilicet
960 1127 975 1146 a
989 1120 1042 1147 Ba-

255 1163 385 1199 byloniis,
401 1168 428 1192 et
443 1164 590 1192 secundam
607 1172 621 1191 a
643 1164 775 1193 Romanis
793 1165 909 1199 factam;
923 1166 1040 1201 priorem

255 1209 366 1245 quidem
384 1211 410 1237 in
433 1218 513 1236 Lxxix
532 1210 648 1244 psalmo,
667 1214 694 1238 et
718 1211 746 1238 in
769 1219 862 1238 Lxxxn
888 1211 1040 1246 signiﬁcat;

256 1255 436 1290 posteriorem
453 1263 517 1283 vero
532 1256 559 1283 in
579 1257 706 1288 praesenti
729 1256 881 1292 prophetia,
895 1265 977 1292 quam
999 1258 1039 1285 sic

257 1301 384 1330 orditur:
409 1301 517 1337 Ulquid,
541 1301 608 1330 Deus
621 1323 628 1335 ,
648 1303 767 1337 repuliin
792 1304 819 1329 in
847 1304 936 1337 ﬁnem,
954 1305 1039 1331 iratus

255 1353 294 1375 est
310 1348 386 1383 [uror
399 1353 460 1376 tuus
477 1357 555 1383 super
577 1357 636 1376 aves
658 1356 763 1383 pascua:
779 1351 852 1378 ture?
867 1349 1038 1377 Postremum

256 1400 374 1428 namque
402 1398 428 1420 et
451 1394 586 1429 integrum
614 1394 722 1422 illorum
741 1393 878 1422 excidium
906 1403 961 1422 non
985 1396 1039 1423 alio

254 1444 377 1474 tempore
398 1439 459 1470 fuit.
478 1447 559 1474 quam
574 1447 635 1466 cum
653 1440 783 1467 Servator
797 1445 824 1468 et
842 1440 974 1469 Dominus
993 1449 1040 1469 no—

255 1488 311 1513 ster
326 1485 489 1513 sententiam
509 1489 604 1512 contra
626 1485 688 1513 illos
708 1486 768 1513 tulit
783 1486 896 1514 dicens:
915 1486 980 1514 Ecce
994 1495 1037 1514 re-

254 1530 387 1564 linquetur
405 1530 477 1556 uobis
499 1529 592 1558 domus
609 1536 695 1558 vestra
718 1531 821 1560 deserta
834 1532 864 1559 ".
884 1533 923 1560 Ac
944 1540 1039 1561 conse-

253 1581 370 1611 quenter
386 1584 464 1604 sacer
486 1575 634 1612 Apostolus
658 1582 720 1613 post
739 1586 830 1606 rerum
849 1579 952 1606 exitum
969 1579 1038 1607 dixit

253 1622 288 1649 de
313 1622 368 1649 illis
390 1623 515 1650 scribens
529 1632 534 1649 :
550 1622 670 1650 Pervenit
692 1623 726 1650 ad
746 1633 790 1651 eos
810 1625 850 1651 ira
873 1626 899 1651 in
915 1625 1035 1659 finem“.

254 1667 304 1694 llic
324 1674 390 1694 vero
414 1667 546 1702 propheta
571 1668 725 1696 minutatim
751 1677 793 1701 ea,
815 1678 875 1705 qum
895 1671 959 1698 huic
978 1671 1038 1698 loco

253 1713 383 1742 Romamn
397 1713 550 1742 obsidionis
567 1718 689 1750 tempore
713 1717 897 1752 contigerunt,
917 1717 1038 1745 declarat

255 1760 298 1788 his
312 1759 402 1787 verbis
418 1771 423 1786 :
441 1760 525 1793 Quasi
534 1761 561 1788 iu
578 1761 644 1788 silva
666 1761 797 1796 lignorum
810 1763 946 1791 securibus
967 1765 1039 1791 exci-

253 1807 348 1834 derunt
359 1805 460 1840 ⁸ίιιηιιιιδ
471 1805 528 1840 ejus
550 1807 577 1834 in
610 1807 742 1842 idipsum,
759 1808 884 1836 videlicet
902 1808 1038 1845 Jerosoly-

253 1859 305 1881 nia:
316 1859 323 1883 ;
334 1859 359 1877 m
375 1851 461 1878 securi
475 1855 499 1877 et
517 1851 590 1878 ascia
611 1851 759 1886 dejecerunt
778 1861 847 1881 eam.
864 1852 1038 1883 Iucenderunt

254 1896 312 1930 igne
326 1896 507 1923 sanctum-ium
525 1900 614 1926 tuttm:
630 1897 656 1923 in
669 1902 740 1924 terra
753 1898 902 1933 polluerunt
915 1899 1038 1927 taberna-

252 1940 340 1967 culum
359 1941 472 1968 nominis
495 1941 543 1969 tui.
559 1941 636 1974 Quod
659 1941 682 1969 si
696 1942 757 1977 quis
772 1943 870 1970 dixerit
881 1943 938 1971 hate
956 1945 1038 1972 etiam

252 1990 374 2022 tempore
396 1986 607 2023 Babyloniorum
624 1992 700 2023 gesta
715 1996 788 2022 esse,
810 1990 936 2018 advertas
958 1992 1038 2018 velim

251 2040 313 2066 qua:
330 2037 494 2067 sequuntur,
507 2033 589 2068 Signa
605 2039 695 2061 nostra
710 2043 762 2061 non
777 2035 900 2068 vidimus,
912 2035 972 2070 jam
987 2045 1039 2064 non

251 2083 290 2104 est
306 2078 442 2111 prop/tela,
461 2083 485 2106 et
503 2087 548 2107 nos
563 2088 613 2106 non
631 2085 765 2115 cognoscet
783 2082 906 2115 amplius.
920 2081 987 2109 Nam
1001 2082 1038 2110 si-

252 2130 304 2159 gna
326 2123 381 2153 haec
396 2129 474 2151 erant.
491 2123 573 2151 Deum
589 2125 726 2160 inspicere
745 2130 772 2152 et
788 2134 884 2154 curare
894 2126 1037 2154 Judaicam

253 2173 369 2203 gentem,
382 2176 443 2195 eum
457 2169 524 2204 ipsis
535 2170 681 2204 prophetas
695 2171 771 2198 daret
785 2181 791 2198 :
808 2172 942 2207 siquidem
955 2173 1038 2200 etiam

251 2222 314 2241 cum
330 2215 401 2243 male
413 2222 442 2243 se
455 2219 592 2251 gererent,
609 2216 755 2250 prophetas
771 2217 838 2252 ipsis
851 2225 901 2246 ceu
917 2218 1039 2246 medicos

251 2264 279 2288 et
296 2265 451 2289 servatores
465 2262 660 2289 constituebat.
678 2261 724 2289 Sic
747 2263 774 2289 in
792 2264 879 2298 prima
895 2264 1038 2292 obsidione

1094 1025 1133 1061 τῷ
1148 1027 1241 1053 Δαυῖδ·
1265 1026 1389 1061 Σολομὼν
1402 1027 1430 1053 δὲ
1445 1026 1513 1062 μετὰ
1528 1026 1577 1062 τὴν
1593 1025 1639 1052 τοῦ
1655 1024 1736 1052 Δαυῒδ
1749 1024 1879 1059 τελευτὴν

1093 1073 1227 1107 οἰκοδομεῖ
1239 1073 1286 1099 τὸν
1304 1072 1381 1099 νεών.
1413 1072 1464 1098 Atio
1477 1072 1505 1098 δὲ
1522 1071 1666 1107 πορθήσεις
1681 1070 1877 1106 προθεωρήσαις

1091 1117 1139 1145 τοῦ
1150 1118 1243 1150 τόπου,
1261 1119 1310 1153 τήν
1323 1126 1353 1144 τε
1367 1117 1501 1153 προτέραν
1511 1116 1561 1152 τὴν
1572 1116 1625 1142 ὑπὸ
1637 1115 1814 1143 Βαὸυλωνίων
1828 1122 1875 1149 γε-

1092 1164 1207 1199 νομένην
1220 1184 1227 1196 ,
1253 1164 1300 1191 καὶ
1313 1163 1360 1199 τὴν
1375 1163 1503 1198 δευτέραν
1517 1162 1567 1198 τὴν
1581 1162 1633 1189 ὑπὸ
1651 1161 1809 1196 Ῥωμαίων·
1826 1160 1877 1196 τὴν

1093 1210 1141 1245 μὲν
1153 1209 1263 1245 πρώτην
1275 1209 1319 1236 διὰ
1339 1208 1384 1235 τοῦ
1397 1208 1434 1235 οϐ’
1457 1208 1564 1244 ψαλμοῦ
1581 1208 1706 1243 σημαίνει
1717 1207 1764 1234 καὶ
1774 1206 1818 1233 διὰ
1829 1205 1876 1232 τοῦ

1092 1255 1150 1288 π6’,
1165 1255 1214 1291 τὴν
1229 1255 1258 1282 δὲ
1266 1255 1383 1290 ὑστάτην
1394 1254 1438 1282 διὰ
1450 1256 1500 1290 τῆς
1511 1253 1580 1290 μετὰ
1594 1255 1687 1290 χεῖρας
1697 1253 1875 1289 προφητείας,

1089 1300 1124 1338 ἦς
1137 1301 1288 1337 ἀπάρχεται
1305 1301 1391 1335 λέγων
1402 1310 1409 1316 ·
1433 1302 1519 1328 Ἰνατι
1528 1321 1536 1333 ,
1562 1303 1578 1327 ό
1601 1300 1690 1333 Θεὸς.
1708 1299 1819 1326 ἀπώσω
1833 1300 1876 1332 εις

1090 1347 1192 1380 τέλος,
1206 1346 1335 1381 (imlch
1351 1348 1367 1374 ό
1386 1347 1478 1381 θυμός
1498 1354 1556 1373 σου
1570 1345 1619 1372 ἐπὶ
1635 1346 1766 1380 πρόϐατα
1779 1343 1875 1379 νομῆς

1090 1400 1166 1424 σου;
1187 1392 1268 1424 Τέλος
1284 1392 1338 1428 γὰρ
1354 1393 1443 1424 αὐτοῖς
1461 1391 1607 1423 παντελοῦς
1622 1390 1806 1422 ἀποπτώσεως
1821 1390 1874 1417 οὐδ’

1089 1438 1182 1465 ἄλλοτε
1196 1439 1316 1472 γέγονεν.
1332 1439 1349 1474 ἥ
1365 1439 1408 1465 ὅτε
1421 1440 1436 1465 ὁ
1449 1439 1542 1474 ᾓυτὴρ
1556 1438 1603 1465 καὶ
1618 1438 1719 1473 Κύριος
1734 1437 1812 1472 ἡμῶν
1826 1435 1874 1472 τὴν

1089 1486 1148 1513 κατ’
1160 1485 1248 1512 αὐτῶν
1263 1484 1427 1520 ἐξηνέγκατο
1442 1485 1577 1519 ἀπόφασιν
1591 1483 1674 1511 εἰπών
1683 1492 1690 1499 ·
1711 1483 1784 1510 Ἰδοὺ
1797 1483 1876 1517 ἀφίδ-

1088 1540 1134 1559 ται
1145 1531 1215 1566 ὑμῖν
1229 1534 1245 1559 ό
1257 1530 1339 1564 οἶκος
1355 1531 1437 1566 ὑμῶν
1453 1532 1569 1566 ἕρημος.
1596 1527 1644 1562 οἷς
1658 1529 1812 1560 ἀκολούθως
1828 1528 1876 1555 καὶ

1087 1579 1102 1605 ὀ
1115 1578 1184 1614 ίερὸς
1199 1578 1356 1610 Ἀπόστολος
1373 1578 1441 1613 μετὰ
1454 1578 1503 1613 τὴν
1514 1577 1568 1603 τῶν
1583 1576 1751 1612 πραγμάτων
1765 1575 1876 1602 ἔκϐασιν

1089 1623 1201 1659 γράφων
1213 1623 1278 1658 περὶ
1291 1623 1380 1650 αὐτῶν
1391 1623 1482 1657 ἔλεγεν
1493 1631 1500 1638 ’
1520 1623 1653 1656 "Esaiam;
1664 1621 1698 1648 δὲ
1707 1621 1753 1647 ἐπ’
1765 1620 1875 1652 αὐτοὺς

1089 1670 1110 1703 ὴ
1123 1669 1195 1704 ὀργὴ
1208 1670 1251 1702 εις
1263 1669 1359 1702 τέλος.
1386 1669 1442 1696 Καὶ
1454 1667 1525 1695 κατὰ
1541 1668 1621 1703 μέρος
1635 1667 1663 1694 δὲ
1677 1667 1712 1694 τὰ
1727 1665 1790 1701 ἑξῆς
1808 1675 1875 1701 συμ-

1090 1716 1175 1743 ϐάντα
1195 1715 1234 1750 τῷ
1254 1715 1330 1751 τόπῳ
1351 1716 1397 1742 ἐπὶ
1416 1715 1466 1750 τῆς
1482 1714 1535 1741 τῶν
1554 1713 1699 1749 Ῥωμαίων
1715 1713 1874 1748 πολιορκίας

1088 1762 1250 1797 παρίστησιν
1263 1763 1278 1788 ὁ
1295 1760 1389 1798 παρὼν
1404 1761 1553 1796 προφήτης,
1570 1761 1599 1786 ὲν
1611 1757 1651 1791 οἷς
1662 1767 1758 1794 φησιν·
1779 1758 1827 1791 Ὧς
1841 1758 1876 1784 ἐν

1088 1807 1188 1842 δρυμῷ
1203 1807 1303 1839 ξύλων
1326 1807 1443 1840 ἀξίναις
1461 1806 1578 1840 ἔκοψαν
1593 1805 1647 1838 τὰς
1663 1805 1755 1838 θύρας
1768 1804 1874 1838 αὐτῆς.

1088 1854 1166 1889 δῆλον
1177 1854 1199 1880 δ’
1210 1854 1251 1880 ὅτι
1264 1853 1313 1889 τῆς
1325 1852 1510 1888 Ἰερουσαλὴμ,
1524 1852 1573 1878 ἐπὶ
1581 1851 1614 1878 τὸ
1624 1851 1706 1882 αὐτὸ,
1721 1850 1756 1877 ἐν
1766 1850 1874 1877 πέλυκι

1089 1900 1138 1927 καὶ
1157 1900 1342 1933 λαξευτηρίῳ
1355 1898 1538 1933 καῑέρῤαξαν
1548 1896 1653 1929 αὑτήν.
1676 1896 1876 1929 Ἐνεπύρισσν

1088 1944 1122 1971 ἐν
1132 1944 1203 1978 πιψὶ
1217 1944 1250 1970 τὸ
1260 1943 1454 1979 ἀγιαστήριόν
1464 1950 1533 1975 σου,
1545 1944 1588 1975 εὶς
1596 1941 1653 1976 τὴν
1664 1941 1722 1976 γῆν
1731 1941 1876 1975 ἐϐεϐήλω-

1088 1998 1150 2018 σαν
1160 1991 1191 2016 τὸ
1201 1990 1345 2024 σκήνωμα
1356 1989 1409 2016 τοῦ
1422 1989 1566 2024 ὀνόματός
1577 1997 1645 2016 σου.
1665 1989 1696 2014 El.
1708 1988 1737 2015 δὲ
1747 1987 1823 2022 λέγοι
1833 1996 1875 2018 τις

1088 2036 1174 2063 ταῦτα
1191 2036 1238 2064 καὶ
1254 2036 1299 2062 ἐπὶ
1312 2035 1366 2062 τῶν
1379 2035 1481 2070 χρόνων
1498 2034 1552 2061 τῶν
1568 2033 1745 2061 Βαϐυλωνίων
1765 2033 1875 2068 γεγονέ-

1088 2091 1143 2113 ναι,
1158 2081 1320 2117 προσεκτέον
1330 2082 1386 2113 τοίς
1398 2081 1470 2115 ἑξῆς,
1486 2080 1518 2107 δι’
1529 2077 1566 2107 ὧν
1576 2080 1683 2116 εἴρηται
1692 2088 1699 2095 ·
1718 2079 1756 2106 Τὰ
1766 2079 1874 2114 σημεῖα

1088 2127 1172 2162 ἡμῶν
1184 2127 1239 2154 οὐκ
1251 2126 1380 2161 ειδομεν,
1393 2127 1449 2152 οὐχ,
1457 2126 1543 2153 ἔστιν
1554 2125 1598 2152 ἐτι
1608 2124 1772 2159 προφήτης,
1784 2125 1831 2151 καὶ
1844 2124 1874 2157 ὴ-

1086 2172 1146 2208 μᾶς
1160 2173 1196 2200 οὺ
1210 2172 1354 2208 γνώσεται
1365 2172 1420 2198 ἔτι.
1444 2173 1548 2207 Σημεῖα
1563 2172 1616 2207 γὰρ
1631 2169 1664 2206 ἦν
1681 2171 1727 2198 τοῦ
1747 2171 1793 2198 τὸν
1809 2170 1873 2197 Θεὸν

1088 2219 1188 2255 ὲφορᾷν
1202 2219 1247 2246 καὶ
1258 2219 1415 2245 ἐπισκοπεῖν
1430 2218 1459 2244 τὺ
1476 2217 1608 2244 Ἰουδαίων
1619 2217 1694 2247 ἔθνος
1703 2216 1734 2243 τὸ
1743 2216 1873 2252 παρέχειν

1088 2265 1179 2297 αὐτοῖς
1185 2265 1327 2300 προφήτας
1335 2273 1341 2279 ·
1352 2264 1413 2290 ἐπεὶ
1421 2263 1468 2290 καὶ
1474 2264 1518 2290 ὅτε
1526 2262 1617 2294 κακῶς
1626 2262 1770 2298 ἔπραττον,
1779 2262 1871 2297 ὥσπερ
1908 2272 1912 2276 ν

252 2315 381 2343 magnum
406 2307 450 2335 Dei
474 2308 634 2343 prophetam
654 2308 799 2338 Jeremiam
826 2309 990 2343 habuerunt.
1009 2317 1038 2339 et

1091 2311 1197 2346 ἰατροὺς
1212 2311 1260 2338 καὶ
1277 2310 1401 2346 σωτῆρας
1423 2310 1513 2341 αὐτοῖς
1535 2311 1597 2341 τοὺς
1611 2311 1752 2345 προφήτας
1765 2309 1871 2344 ἐφίστη.

252 2353 377 2387 Baruch;
400 2355 466 2390 quin
485 2355 574 2382 etiam.
585 2354 684 2382 mulier
705 2356 828 2391 qumdam
841 2356 951 2385 nomine
969 2357 1037 2385 Olda

251 2399 347 2428 eodem
368 2404 494 2437 tempore
506 2401 688 2436 prophetavit.
707 2400 735 2428 In
752 2403 810 2437 ipsa
826 2410 935 2437 quoque
950 2403 1021 2439 Bahy

251 2446 388 2473 loniorum
404 2446 516 2482 regione
532 2447 647 2474 aderant
665 2446 733 2482 ipsis
750 2446 874 2475 Eleehiel
889 2452 915 2475 et
929 2448 1033 2478 Daniel.

250 2492 373 2528 praeclari
388 2499 419 2518 ac
444 2493 585 2528 conspicui
603 2493 750 2531 prophetae.
777 2492 896 2528 Postque
919 2494 1036 2523 reditum

249 2545 283 2564 ex
298 2537 468 2571 captivitate,
484 2538 654 2572 temporibus
662 2537 724 2573 Cyri
740 2542 768 2564 et
786 2537 869 2569 Darii,
889 2538 1038 2567 Zacharias

249 2587 276 2609 et
301 2581 417 2617 Aggaaus
443 2583 580 2618 propheta:
604 2584 661 2610 noti
679 2587 768 2611 erant.
790 2583 932 2617 Quomodo
956 2584 1037 2618 igitur

250 2628 304 2655 illis
316 2629 484 2662 temporibus
500 2629 588 2664 aptari
604 2629 691 2664 possit
706 2629 762 2656 lucc
778 2629 930 2664 prophetia,
953 2629 1036 2665 Signa

249 2680 340 2704 nostra
353 2683 402 2701 non
418 2675 542 2707 vidimus,
554 2681 576 2702 et
588 2675 647 2710 jam
666 2684 718 2703 non
732 2681 771 2703 est
786 2677 923 2710 prop/leta,
942 2681 967 2702 ει
989 2685 1035 2704 nos

249 2730 302 2749 non
320 2725 457 2755 cognoscet
476 2721 611 2754 amplius?
626 2721 726 2748 Verum
749 2721 806 2749 lucc
835 2721 914 2749 [luem
939 2722 1036 2749 sortita

248 2771 313 2795 sunt
336 2769 398 2800 post
415 2765 566 2792 Salvatoris
591 2766 748 2798 adventum,
765 2758 956 2802 et'poslquam
978 2774 1035 2794 mc-

248 2816 368 2840 moratas
379 2819 461 2838 voces
476 2811 533 2846 ipse
545 2811 694 2846 protulerat
707 2822 712 2839 ι
727 2820 779 2839 non
795 2813 840 2839 diu
854 2813 1035 2848 enimIpostea

248 2858 430 2892 irrumpentes
445 2857 559 2885 Romani
576 2854 664 2885 locum
676 2858 844 2886 deleverunt.
862 2859 938 2892 Quod
952 2860 1034 2887 etiam

284 2936 304 2955 “
324 2935 420 2966 lTim.
439 2944 473 2964 ιι.
495 2936 517 2964 i.
559 2937 578 2952 ¹’
599 2936 664 2965 Luc.
684 2945 749 2969 xm,
767 2937 809 2965 ῗςῗίΔ

1087 2356 1165 2382 Οὕτω
1179 2356 1244 2390 γοῦν
1258 2357 1303 2383 ἐπὶ
1314 2357 1362 2391 τῆς
1376 2355 1488 2391 πρώτης
1502 2355 1656 2390 πολιορκίας
1668 2355 1714 2382 τὸν
1730 2355 1818 2390 μέγαν
1827 2355 1872 2382 τοῦ

1087 2401 1154 2428 Θεοῦ
1166 2402 1308 2437 προφήτην
1322 2401 1454 2436 Ἱερεμίαν
1466 2399 1547 2436 εἶχον,
1559 2401 1605 2427 καὶ
1616 2401 1660 2427 τὸν
1671 2400 1777 2436 Βαρούχ
1788 2409 1794 2414 ·
1807 2399 1873 2426 ἀλλὰ

1089 2447 1135 2474 καὶ
1151 2447 1219 2482 γυνή
1237 2455 1279 2478 τις
1298 2446 1375 2473 Ὁλδᾱ
1388 2445 1506 2482 τοῦνομα
1521 2446 1591 2473 κατὰ
1604 2447 1665 2478 τοὺς
1679 2447 1778 2477 αὐτοὺς
1795 2447 1874 2482 ἐπρο-

1088 2494 1187 2528 φήτευε
1200 2493 1310 2529 χρόνους
1320 2502 1327 2508 ’
1342 2494 1370 2520 ὲν
1378 2494 1445 2528 αὐτῇ
1452 2502 1481 2522 τε
1491 2494 1522 2528 τῇ
1536 2492 1710 2519 Βαϐυλωνίων
1720 2492 1798 2528 χώρᾳ
1812 2501 1873 2519 συν-

1092 2539 1124 2573 ῆν
1151 2538 1242 2569 αὺτοῖς
1260 2538 1383 2573 Ἐζεκιὴλ
1398 2539 1445 2565 καὶ
1457 2538 1555 2574 Δανιὴλ
1571 2539 1700 2574 ἐπίσημοι
1716 2539 1764 2565 καὶ
1780 2539 1876 2573 διαφα-

1090 2585 1146 2616 νεῖς
1163 2585 1300 2620 προφῆται
1313 2593 1320 2600 ’
1334 2585 1382 2612 καὶ
1398 2585 1466 2620 μετὰ
1480 2585 1528 2621 τὴν
1546 2585 1649 2612 ἐκεῖθεν
1662 2585 1790 2612 ἐπάνοδον
1805 2586 1874 2612 κατά

1089 2631 1152 2662 τοὺς
1166 2630 1256 2666 Κύρου
1274 2631 1321 2658 καὶ
1336 2632 1448 2667 Δαρείου
1463 2634 1583 2667 χρόνους,
1600 2633 1736 2668 Ζαχαρίας
1748 2633 1795 2659 καὶ
1815 2633 1873 2666 ’Λγ-

1089 2677 1165 2709 γαῖος
1176 2678 1312 2712 προφῆται
1322 2678 1507 2713 ὲγνωρίζοντο.
1520 2678 1581 2710 Πῶς
1591 2676 1636 2704 οὖν
1647 2676 1700 2704 οἷόν
1709 2687 1739 2704 τε
1747 2676 1781 2714 ἦν
1792 2679 1874 2712 ἐφαρ-

1091 2722 1181 2757 μόζειν
1199 2724 1256 2754 τοῖς
1274 2724 1333 2750 τότε
1358 2723 1462 2759 χρόνοις
1485 2723 1533 2760 τὴν
1552 2724 1690 2759 παροῦσαν
1707 2723 1872 2760 προφητείαν

1089 2769 1260 2803 φάσκουσαν·
1282 2770 1319 2798 Τὰ
1331 2770 1439 2805 σημεῖα
1452 2769 1535 2804 ἡμῶν
1545 2770 1600 2796 οὐκ
1614 2770 1742 2804 εἷδομεν,
1755 2771 1801 2796 καὶ
1818 2769 1871 2796 (ι’-κ

1088 2815 1172 2841 ἐστιν
1187 2814 1230 2841 ἔτι
1245 2814 1399 2850 προφήτης
1412 2835 1420 2847 ,
1438 2815 1487 2842 καὶ
1501 2815 1633 2850 ἡμᾶς·οὑ
1651 2814 1794 2848 γνώσεται
1811 2813 1869 2845 Erl;

1095 2860 1172 2887 Ἀλλὰ
1188 2860 1239 2896 γὰρ
1253 2861 1337 2888 ταῦτα
1352 2862 1443 2894 τέλους
1460 2862 1588 2897 ἐτύγχανε
1602 2861 1670 2897 μετὰ
1682 2861 1730 2898 τὴν
1743 2860 1869 2896 σωτήριον

852 2937 872 2953 ¹³
893 2937 900 2963 Ι
920 2937 1014 2966 Thess.
1035 2946 1064 2971 tl,
1088 2938 1124 2969 lii.
