2024 3214
167 191 219 219 853

713 192 964 221 COMMENTARIA
984 192 1019 220 IN
1038 192 1197 221 PSALMOS
1246 179 1271 216 7
1295 172 1328 217 ἢ)

1723 190 1778 218 854

167 249 322 285 ΙΙαρουσίαν
336 250 440 283 καὶτὰς
453 250 646 287 προλεχθεισας
663 252 745 279 αὐτοῦ
762 253 870 287 φωνὰς,
888 252 938 288 μεθ

1000 253 1057 288 ipse
1071 251 1201 280 Servator
1213 250 1304 278 futura
1322 250 1476 278 vaticinans
1492 249 1656 285 signiﬁcavit
1669 257 1717 284 per
1730 257 1780 285 pa-

165 295 198 328 ᾱς
219 296 271 323 οὐκ
293 298 333 328 είς
354 297 457 332 μακρὸν
477 298 635 330 ἐπιστάντες
656 299 784 334 Ῥωμαῖοι
799 299 844 326 τὸν
867 300 948 326 τόπον

165 340 309 375 ἠφάνισαν.
325 342 357 367 ’0
367 341 399 376 δὴ
413 341 458 367 καὶ
469 341 548 373 αὐτὸς
560 342 651 377 ἐδήλου
667 342 799 374 Θεσπίζων
810 343 840 369 τὸ
853 343 948 378 μέλλον

165 384 180 410 ὁ
189 383 284 420 Σωτὴρ
298 383 341 411 διὰ
355 385 511 420 παραΰολῆς
523 386 572 420 τῆς
582 385 668 418 οὕτως
682 387 795 421 ἐχούσης
806 395 812 401 '
834 387 947 422 Ὡμοιώ-

166 430 200 463 θη
222 429 242 463 ἡ
263 430 406 461 βασιλεία
428 430 487 457 τῶν
508 431 643 465 οἰιοανὼν
656 433 797 466 ἀνθρώπῳ
813 433 945 466 βασιλεῖ,

165 475 248 508 ὅστις
260 476 384 510 ἐποίησε
397 476 508 511 νάμσυς
518 477 556 509 τῷ
570 478 621 510 uti;
631 479 723 505 αὐτοῦ
731 487 738 493 ’
753 480 800 506 καὶ
812 479 947 506 ἀπέστει-

164 522 199 547 .le
209 521 280 553 τοὺς
288 521 395 548 ἑαυτοῦ
401 521 530 554 δούλους
536 523 660 549 καλέσαι
670 523 737 556 τοὺς
745 524 946 558 κεκλημένους

163 567 205 599 εις
210 566 282 599 τοὺς
287 566 407 601 γὰμσυς’
417 569 443 594 ol
449 567 483 594 δὲ
488 577 503 594 ο
508 569 542 594 inc
549 568 660 602 ἤθελον
664 569 770 595 ἐλθεῖν.
780 570 875 596 Πάλιν
880 570 947 596 ἀπέ-

162 613 282 638 Greater
291 612 409 646 ἐτέρους
419 621 426 628 ·
437 615 463 640 οι
475 613 518 644 δὲ,
532 614 606 648 πρὸς
617 615 648 641 τὸ
661 615 704 649 μὴ
717 614 840 648 θελῆσαι
853 616 946 642 ἀπαν-

163 655 263 691 τῆσαι,
275 658 317 684 ἔτι
330 658 377 685 καὶ
390 659 581 693 διαλαϐόντες
595 660 664 693 τοὺς
679 661 808 694 δούλους
821 661 946 695 ’ὕϐρισαν

162 703 209 729 καί
217 703 404 731 ἀπέκτειναν.
414 703 460 737 Οἷς
469 706 588 740 ἐπιλέγει
597 715 604 721 ”
620 708 646 733 '0
653 707 687 733 δὲ
694 708 853 740 βασιλεὺς,
862 709 946 735 ἀκού-

162 757 229 781 σας,
240 749 381 785 ὠργίσθη,
394 752 442 778 καὶ
454 752 573 786 πέμψας
583 753 618 779 τὰ
628 746 832 788 στρατεύματα
841 756 943 786 αὑτοῦ,

162 794 298 822 ἀπώλεσε
310 796 379 830 τοὺς
390 798 491 831 φονεῖς
503 799 648 832 ἐκείνους,
664 800 713 826 καὶ
726 800 782 833 τὴν
793 801 882 827 πόλιν
894 803 945 828 αὺ-

162 840 219 867 τῶν
229 841 387 876 ἐνέπρησε.
418 843 508 870 Ταῦτα
519 845 533 870 6
547 845 641 880 Σωτὴρ
656 846 684 871 ὲν
695 845 768 881 αὐτῷ
781 846 818 880 τῷ
830 847 895 883 ἱερῷ
906 847 944 873 ἔτι

162 887 220 914 τότε
232 889 378 915 συνεστῶτι
395 890 598 925 ἀναγέγραπται
614 892 748 927 εἰρηκώςο
765 892 782 918 ἃ
797 894 844 919 καὶ
860 893 943 928 ἐπλη-

998 299 1120 326 rabolam
1138 298 1218 325 istam
1234 296 1347 324 :Simile
1358 297 1457 331 factum
1473 301 1511 324 est
1530 304 1636 331 regnum
1654 295 1779 323 caelorum

998 344 1096 371 homini
1110 344 1174 378 regi,
1190 343 1234 378 qui
1249 343 1309 376 fecit
1325 343 1430 376 nuptias
1444 342 1499 376 ﬁlio
1513 350 1560 369 suo
1573 346 1615 368 :et
1634 341 1707 368 misit
1723 348 1780 368 ser-

997 398 1041 416 vos
1061 397 1121 417 suos
1138 393 1167 415 ut
1186 393 1306 416 vocarent
1329 388 1451 414 invitatos
1469 387 1502 413 ad
1522 386 1702 421 nuptias:illi
1719 393 1778 414 vero

997 435 1136 462 noluerunt
1153 435 1248 461 venire.
1269 433 1369 460 lterum
1384 433 1455 459 misit
1471 432 1540 459 alios
1551 440 1558 458 :
1570 433 1609 459 illi
1631 440 1690 460 vero
1710 439 1780 466 pra!-

998 485 1116 515 terquam
1132 480 1201 514 quod
1216 480 1356 507 noluerunt
1377 481 1472 511 venire,
1484 480 1562 506 etiam
1582 484 1672 513 captos
1692 488 1778 507 seruos

996 526 1160 554 contumeliis
1175 527 1328 560 a/fecerunt,
1345 531 1369 552 et
1388 526 1536 552 occiderunt
1547 526 1579 551 ”.
1598 526 1703 558 Quibus
1717 526 1779 553 sub-

996 573 1035 600 dit
1050 582 1057 600 :
1071 571 1126 599 Rex
1141 578 1238 604 autent,
1251 571 1370 604 audiens,
1384 572 1470 598 iratus
1482 576 1530 603 est,
1542 576 1577 603 et,
1586 572 1673 598 missis
1683 572 1781 598 exerci-

998 618 1067 645 tibus
1089 618 1144 644 suis
1155 637 1162 649 ,
1175 617 1288 651 perdidit
1301 617 1445 644 homicidas
1461 617 1532 648 illos.
1548 622 1572 643 et
1591 617 1721 644 civitatem
1733 625 1778 643 eo-

997 672 1056 690 rum
1078 663 1210 690 succendit
1224 665 1256 690 ".
1273 662 1336 690 ﬂata
1354 662 1520 690 Salvatorem
1546 663 1573 690 in
1598 664 1657 697 ipso
1679 664 1778 697 templo

996 710 1085 737 adhuc
1105 710 1270 737 consistente
1285 709 1386 736 dixisse
1411 709 1559 736 scribitur:
1575 716 1635 743 qua:
1658 716 1712 735 non
1732 708 1778 735 diu

997 759 1089 790 postea
1105 755 1215 790 impleta
1233 758 1308 785 sunt,
1328 753 1496 789 Vespasiano
1505 759 1532 782 et
1549 754 1611 781 Tito
1627 754 1715 781 locum
1732 754 1779 782 0b-

996 800 1148 828 sidentibus
1162 810 1169 828 :
1184 808 1300 836 quorum
1316 806 1436 834 tempore
1449 801 1540 827 nullus
1554 800 1685 835 propheta
1707 799 1778 834 apud

995 845 1057 872 illos
1077 844 1162 873 fuisse
1188 850 1326 872 narratur.
1345 844 1519 871 Obsidionem
1546 844 1637 878 itaque
1657 851 1778 879 praesens

995 891 1115 925 psalmus
1140 890 1275 925 signiﬁcat
1290 900 1296 917 :
1312 898 1395 925 quare
1411 890 1438 917 in
1459 890 1593 924 principio
1615 889 1701 917 dicit:
1725 888 1775 916 Ut-

162 932 239 968 ροῦτο
245 933 294 960 οὐκ
305 935 343 965 εἰς
354 935 468 970 μακρὸν,
479 935 683 963 Οὐεσπασιανοῦ
696 937 826 964 καὶΤίτου
838 938 939 974 πολιορ-

993 936 1066 972 quid.
1090 936 1171 969 Deus.
1193 937 1313 971 repulisti
1334 936 1361 962 in
1382 936 1480 970 ﬁnem?
1505 935 1575 962 llinc
1599 942 1663 962 vero
1683 935 1777 962 mirari

161 979 301 1015 κησάντων
315 980 360 1006 τὸν
371 980 460 1007 τόπον·
479 982 538 1008 καθ’
553 982 598 1014 οὓς
613 982 757 1017 προφητῶν
771 983 856 1014 οὐδεὶς
871 992 944 1018 γεγο-

160 1024 211 1056 νὼς
224 1025 369 1060 ἱστορεῖται
381 1027 505 1060 γενέσθαι
519 1028 587 1054 κατὰ
596 1027 715 1059 τούτους.
733 1028 882 1063 Τοιγαροῦν
895 1038 942 1054 πο-

160 1069 279 1105 λιορκίαν
297 1071 311 1096 ὁ
333 1071 402 1106 μετὰ
418 1072 511 1107 χεῖρας
534 1072 681 1108 παρίστησι
697 1072 787 1108 λόγος·
806 1074 845 1100 διό
861 1083 942 1109 φησιν

159 1115 308 1150 ἀρχόμενος
317 1125 323 1131 ·
337 1117 403 1144 Ἵνα
414 1118 451 1148 τί,
463 1119 479 1144 ὁ
490 1119 571 1150 Θεὲς,
581 1118 690 1145 ἀπώσω
699 1120 742 1152 εἱς
753 1119 854 1152 τέλος
866 1121 942 1146 Ἐστι

159 1157 187 1184 δὲ
200 1159 231 1185 ὲκ
250 1159 351 1186 τούτων
365 1161 415 1196 τὴν
434 1161 533 1197 ἀρετὴν
547 1162 739 1197 ἀποθαυμάσαι
755 1166 804 1199 τῆς
816 1164 941 1190 Oeam/ed»

160 1210 220 1229 που
230 1203 350 1239 Γραφῆς,
363 1205 400 1236 ὡς
413 1205 446 1231 τὰ
458 1207 572 1241 μακροῖς
586 1206 697 1242 ὕστερον
711 1208 866 1243 πραχθέντα
881 1208 942 1243 χρό-

159 1256 213 1280 νοις
231 1249 384 1284 προγνώσει
410 1250 469 1286 θείᾳ
497 1252 653 1287 προείληφε.
683 1253 720 1280 Τὸ
733 1253 777 1285 δὲ,
801 1255 899 1286 Ἰνατί,
925 1257 941 1281 u'

160 1293 247 1327 Θεὸς,
262 1294 371 1322 ἀπώσω
386 1298 427 1329 είς
442 1298 543 1330 τέλος,
561 1297 683 1334 εἴρηται,
703 1299 795 1334 ἐπειδὴ
814 1300 940 1331 πολλάκις

157 1339 294 1372 ἀσεϐείαις
311 1341 357 1368 καὶ
374 1343 573 1378 πλημμελείαις
586 1346 616 1370 τὸ
640 1345 770 1372 Ἰουδαίων
785 1345 859 1377 ἕοπιος
874 1347 938 1372 ὑπο-

158 1384 254 1412 πίπτον
267 1387 421 1422 παρεδίδοτο
435 1390 490 1420 τοῖς
503 1389 649 1424 περιοίκοις
665 1390 820 1425 ἀλλοφύλοις
837 1391 936 1417 ἔθνεσι·

157 1432 204 1458 καὶ
225 1433 290 1460 ποτὲ
312 1434 360 1468 μὲν
379 1435 475 1466 αὐτοὺς
489 1436 630 1462 Μωαϐῖται
648 1436 799 1471 ἐχειροῦντο
810 1458 816 1468 ,
834 1438 896 1463 ποτὲ
911 1438 938 1464 δὲ

163 1477 333 1513 ’Δμμανῖταιν
346 1480 391 1505 καὶ
405 1480 497 1506 ἄλλοτε
509 1480 537 1506 δὲ
550 1481 718 1516 Μαδιηναῖοι.
743 1480 796 1508 Εἶτ’
812 1483 937 1517 ἐπιστρέ-

157 1531 214 1556 φων
232 1523 329 1555 αὐτοὺς
351 1524 534 1560 ἀνελάμϐανεν
554 1527 568 1552 ὁ
590 1526 669 1558 Θεὸς·
703 1528 748 1553 καὶ
769 1528 836 1562 μετὰ
852 1528 936 1554 ταῦτα

156 1567 236 1594 πάλιν
246 1569 467 1604 παρανομοῦντας
476 1571 616 1604 παρεδίδου
626 1571 762 1606 πολεμίοις
770 1572 881 1607 ἑτέροις,
892 1573 936 1599 καὶ

155 1611 233 1645 αὖθις
244 1615 390 1641 ἀνεκτᾶτο’
404 1616 529 1642 οὐδέποτε
544 1616 571 1642 δὲ
589 1618 685 1648 αὐτοὺς
699 1618 833 1644 ἀπωῦεῖτο
844 1620 883 1649 είς
894 1618 939 1644 τέ·
952 1613 973 1641 C

155 1658 216 1692 λος,
236 1660 304 1696 πρὸς
318 1661 419 1697 βραχὺν
436 1662 463 1688 δέ
478 1670 537 1688 τινα
551 1662 644 1698 καιρὸν
656 1664 826 1699 ἐπιστρέφων
841 1664 936 1700 ἐνῆγεν

155 1705 195 1737 είς
209 1706 354 1741 σωτηρίαν.
372 1707 448 1734 Μετὰ
462 1707 489 1734 δὲ
504 1708 533 1734 τὸ
547 1709 615 1735 κατὰ
631 1709 677 1735 τοῦ
695 1710 818 1744 Σωτῆρος
836 1710 936 1745 τολμη-

155 1751 200 1779 θὲν
213 1752 304 1784 αὐτοῖς
317 1753 381 1787 ἄγος
394 1753 526 1788 ἔφθασεν
539 1755 581 1786 εἰς
595 1755 704 1788 αὐτοὺς
718 1756 736 1788 ἡ
751 1756 822 1790 ὀργὴ
836 1757 879 1788 εὶς
892 1755 937 1782 τέ-

153 1798 294 1831 logica-tu
307 1799 356 1834 τὴν
370 1799 547 1836 ἀποστολικὴν
558 1800 676 1836 Γραφὴν,
688 1800 724 1832 ὡς
734 1801 763 1832 ἐξ
774 1801 874 1828 ἐκείνου
890 1802 937 1828 καὶ

154 1844 193 1875 είς
203 1843 281 1879 δεῦρο
290 1845 384 1880 μηκέτ’
395 1846 495 1881 ἐπᾶραι
506 1846 625 1881 κεφαλὴν
636 1846 742 1878 αὐτούς.
759 1848 791 1873 '0
799 1847 830 1882 δὴ
840 1848 936 1882 σημαί-

153 1897 234 1916 νουσα
249 1890 266 1924 ὴ
283 1891 434 1926 προφητεία
463 1892 543 1926 φησίν
553 1900 559 1907 ·
590 1892 685 1923 Ἱνατί,
699 1894 715 1919 ό
726 1893 794 1925 Θειῖς
807 1913 813 1924 ,
828 1893 937 1928 ἀπώσω

152 1935 196 1967 εις
210 1934 314 1967 τέλος
326 1936 540 1971 Σεσιωπημένως
556 1937 584 1964 δὲ
595 1938 608 1964 ο
622 1938 700 1972 λόγος
714 1938 757 1964 διὰ
769 1938 817 1974 τῆς
832 1939 935 1974 ἐρωτή-

153 1988 220 2012 σεως
229 1981 337 2017 ᾐνίξατο
348 1982 396 2017 τὴν
405 1983 472 2009 κατὰ
480 1982 525 2009 τοῦ
533 1980 658 2019 Σωτῆρος
669 1983 746 2018 ἡμῶν
757 1984 864 2020 πρᾶξιν,
877 1985 935 2020 μεθ’

151 2026 184 2062 ἢν
199 2027 248 2053 καὶ
259 2028 299 2059 εις
312 2027 387 2059 τέλος
398 2028 598 2064 ἀπεὸλὴΘησαν.
615 2029 698 2056 Τοῦτο
712 2030 739 2055 δὲ
754 2031 799 2056 καὶ
814 2031 828 2056 ὁ
841 2031 936 2066 Σωτὴρ

151 2073 231 2106 αὐτὸς
246 2073 364 2110 παρίστη
379 2074 480 2109 λέγων·
498 2075 629 2108 Ποσιὶκις
643 2076 778 2110 ἠθέλησα
791 2077 936 2104 ἐπισυνα-

151 2120 252 2155 γαγεῖν
265 2120 301 2147 τὰ
321 2120 411 2148 τέκνα
431 2129 488 2149 σου
500 2142 507 2154 ,
525 2121 560 2148 ὃν
573 2123 683 2156 τρόπον
696 2122 777 2156 ὄρνις
793 2123 937 2150 ἐπισυνά-

151 2174 194 2201 γει
207 2166 244 2194 τὰ
256 2169 367 2194 νοσσία
382 2167 441 2194 ὑπὸ
455 2168 507 2200 τὰς
521 2169 677 2202 πτέρυγας,
696 2169 745 2195 καὶ
755 2170 811 2195 οὐκ
827 2169 935 2203 ἠθελή-

150 2219 240 2245 σατε;
257 2212 334 2240 Ἰδοὺ
349 2214 463 2246 ἀφίεται
475 2213 546 2247 ὑμῖν
556 2215 571 2240 ό
581 2214 663 2247 οἶκος
672 2213 754 2249 ὑμῶν
764 2214 882 2249 ἕρημος.
899 2215 936 2241 Τὸ

150 2258 218 2295 γὰρ,
231 2259 364 2292 Ποσάκις
378 2259 523 2293 ἠθέλησα,
535 2259 609 2294 δηλοῖ
623 2260 672 2295 τὴν
685 2259 780 2295 μακρῷ
792 2260 879 2296 χρόνῳ
894 2261 936 2287 ἐν-

149 2304 270 2332 δοθεῖσαν
286 2305 377 2337 αὺτοῖς
387 2305 588 2341 μακροθυμίαν
605 2305 635 2332 τὺ
647 2306 685 2337 δὲ,
700 2306 747 2332 καὶ
763 2307 818 2332 οὐκ
828 2306 935 2340 ἠθελή-

149 2357 238 2382 σατε,
263 2350 463 2386 παραστατικὸν
480 2351 512 2377 ἂν
529 2351 631 2385 γένοιτο
646 2351 693 2385 τῆς
711 2351 827 2386 ὑστάτης
846 2352 933 2379 αὐτῶν

149 2393 296 2429 ἁποῆολῆς,
307 2395 350 2421 ὅτε
362 2396 408 2421 καὶ
421 2395 542 2431 ὠργίσθη
559 2396 572 2421 ὁ
587 2396 670 2430 θυμὸς
684 2396 764 2422 αὐτοῦ
777 2397 822 2423 ἐπὶ
836 2396 870 2423 τὰ
881 2396 934 2423 πά-

148 2439 192 2467 λαι
205 2441 339 2475 γενόμενα
354 2441 476 2476 πρόϐατα
491 2441 574 2476 νομῆς
589 2441 680 2467 αὑτοῦ.
704 2441 781 2475 Ἑξῆς
789 2441 817 2468 δὲ
829 2443 843 2468 ὁ
856 2441 933 2475 λόγος

151 2484 290 2520 ἱκετηρίαν
305 2484 436 2519 προσάγει
446 2485 532 2518 λέγων
542 2493 548 2500 ’
562 2484 717 2518 Μνήσθητι
730 2484 783 2519 τῆς
796 2493 931 2521 συναγω-

149 2529 204 2564 γῆς
225 2537 294 2562 σου,
306 2528 343 2564 ἧς
355 2530 472 2564 ἐκτήσω
486 2531 536 2557 ἀπ’
550 2530 656 2565 ἀρχῆς.
674 2531 778 2566 Σφόδρα
794 2531 822 2558 δὲ
835 2532 934 2558 καταλ-

148 2574 234 2610 λήλως
254 2576 412 2610 συναγωγῆς
427 2576 611 2611 ἐμνημόνευσε
622 2596 629 2608 ,
647 2577 694 2602 καὶ
714 2577 820 2612 πρῶτον
841 2578 933 2613 κτῆμα

147 2620 193 2648 τοῦ
211 2621 278 2648 Θεοῦ
295 2631 375 2657 φησιν
393 2622 476 2657 αὐτὴν
493 2623 631 2656 γεγονέναι
645 2631 651 2637 ·
667 2623 714 2649 ἅτε
730 2623 806 2655 εἰδὼς
822 2624 869 2650 καὶ
883 2624 933 2658 τὴν

150 2666 186 2702 μὴ
198 2666 228 2700 ἐξ
242 2667 338 2702 ἀρχῆς,
349 2667 405 2694 ἀλλ’
421 2667 533 2703 ὕστερον
547 2667 614 2702 μετὰ
628 2668 677 2703 τὴν
688 2669 845 2696 ἀπόπτωσιν
859 2671 931 2696 ὲκεί-

147 2720 195 2748 νης
208 2712 239 2747 ἐξ
260 2713 388 2740 ἁπάντων
408 2713 463 2740 τῶν
481 2714 564 2740 ἐθνῶν
580 2714 735 2742 ὑποστᾶσαν
756 2715 928 2752 Ἐκκλησίαν.

148 2753 201 2790 ’Ἦς
210 2759 257 2786 καὶ
269 2760 298 2786 ὲν
307 2758 411 2794 ἑτέροις
425 2760 586 2794 μνημονεύει
596 2760 681 2794 λέγων
691 2769 698 2775 ο
718 2761 765 2787 Ἐν
771 2761 855 2795 μέσῳ
872 2763 932 2789 Ἐκ-

149 2805 278 2838 κλησιας
291 2805 416 2839 ὑμνήσω
429 2812 466 2832 σε
476 2813 483 2820 ·
502 2805 547 2831 καὶ
562 2806 641 2832 πάλιν
654 2814 660 2821 ·
683 2807 932 2842 Εὐηηιελισάιιην

184 2861 205 2876 "
225 2860 320 2888 Matth.
338 2870 411 2892 nu.
427 2862 444 2888 (Ξ
457 2861 483 2889 6.
539 2863 560 2878 ”’
580 2863 644 2889 ibid.
665 2863 688 2890 7.

151 2895 170 2911 "
190 2895 260 2923 Psal.
282 2904 382 2929 xxxix,
402 2898 443 2924 l0.
484 2897 505 2912 '“
526 2896 596 2924 Psal.
616 2906 679 2928 χχι.
695 2898 739 2925 26.

743 2864 764 2879 ”
784 2863 791 2890 |
812 2864 898 2893 Thess
928 2873 964 2900 II,
990 2867 1030 2894 l6.

997 982 1070 1010 Subit
1084 982 1215 1010 divinitus
1239 983 1377 1017 inspiratze
1404 982 1551 1016 Scriptura!
1565 981 1704 1011 virtutem.
1718 988 1778 1016 quae

996 1028 1133 1055 diuturnis
1146 1031 1240 1062 postea
1255 1027 1423 1062 temporibus
1435 1029 1511 1062 gesta
1529 1025 1620 1052 divina
1632 1025 1778 1060 pra'scien-

997 1074 1033 1100 lia
1050 1074 1206 1101 antevertit.
1222 1073 1291 1100 Illud
1310 1077 1411 1103 autem.
1444 1071 1552 1107 (liquid,
1567 1071 1644 1103 Deus,
1657 1071 1776 1105 repuliati

997 1120 1023 1145 in
1038 1118 1240 1153 ﬁnem,dictum
1257 1123 1310 1151 est,
1329 1119 1392 1153 quia
1404 1117 1517 1145 Iudaica
1533 1125 1600 1153 gens
1616 1117 1643 1144 in
1654 1117 1778 1152 impieta-

996 1170 1037 1193 tes
1060 1169 1087 1192 et
1115 1165 1142 1192 in
1172 1165 1276 1192 scelera
1299 1165 1440 1195 decidens.
1469 1163 1592 1190 ﬁnitimis
1617 1163 1777 1198 alienigenis

994 1209 1122 1245 gentibus
1142 1210 1213 1236 tradi
1234 1209 1355 1242 solebat;
1375 1213 1403 1236 et
1422 1208 1502 1235 modo
1521 1208 1629 1243 quidem
1652 1207 1777 1235 Moabitae

995 1255 1156 1290 subigebant
1172 1255 1256 1287 illam,
1272 1254 1351 1281 modo
1362 1253 1533 1283 Ammanitae.
1552 1253 1633 1280 modo
1644 1252 1775 1279 Madiani-

994 1304 1038 1329 tae.
1055 1300 1155 1327 Deinde
1175 1303 1265 1327 autem
1283 1299 1317 1326 ad
1333 1299 1436 1334 frugem
1458 1306 1589 1326 revocans
1604 1297 1686 1328 Deus.
1708 1297 1775 1332 ipsis

994 1346 1232 1380 patrocinabatur;
1254 1345 1370 1373 subinde
1395 1353 1458 1372 vero
1478 1345 1686 1379 przevaricantes
1714 1344 1775 1371 aliis

993 1392 1112 1419 inimicis
1128 1392 1261 1423 tradebat,
1287 1399 1318 1418 ac
1343 1399 1439 1418 rursus
1461 1392 1487 1417 in
1505 1390 1650 1425 pristinum
1672 1394 1774 1416 statum

992 1438 1153 1465 restituebat
1168 1447 1174 1464 ε
1187 1441 1213 1465 et
1230 1444 1367 1472 nunquam
1385 1438 1412 1463 in
1430 1437 1510 1464 ﬁnem
1525 1444 1613 1471 usque
1627 1435 1774 1470 abjiciebat

992 1484 1064 1514 illos.
1077 1483 1123 1511 sed
1142 1484 1215 1511 brevi
1233 1488 1295 1518 post
1310 1487 1432 1518 tempore
1445 1484 1472 1509 in
1488 1483 1602 1510 salutem
1616 1481 1771 1509 revocabat.

991 1528 1025 1554 At
1043 1533 1102 1563 post
1119 1533 1254 1563 patratum
1272 1529 1307 1555 ab
1325 1530 1365 1556 eis
1379 1532 1475 1555 contra
1493 1527 1665 1555 Servatorem
1689 1534 1770 1553 exse-

991 1574 1121 1601 crandum
1135 1573 1250 1606 facinus,
1266 1573 1377 1606 pervenit
1391 1573 1424 1599 ad
1441 1581 1483 1600 eos
1499 1573 1541 1599 ira
1555 1573 1580 1598 in
1596 1573 1673 1607 ﬁnem
1684 1571 1717 1603 “,
1734 1579 1774 1599 sc-

990 1620 1109 1646 cunduiu
1125 1619 1301 1654 apostolicam
1320 1620 1504 1654 Scripturam;
1521 1619 1557 1646 ita
1572 1623 1600 1645 ut
1617 1621 1677 1653 post
1696 1617 1770 1644 illam

991 1665 1173 1693 calamitatem
1197 1673 1251 1692 non
1271 1666 1403 1692 hactenus
1426 1669 1508 1699 caput
1529 1665 1687 1691 extulerint.
1707 1663 1772 1696 Quae

991 1710 1146 1745 significans
1161 1710 1302 1745 prophetia
1319 1710 1384 1737 dicit
1400 1720 1406 1737 :
1423 1709 1532 1745 thuid,
1557 1709 1637 1741 Deus,
1654 1708 1772 1743 repuliin

990 1758 1017 1784 in
1037 1757 1135 1791 ﬁnem?
1149 1756 1202 1785 Per
1224 1757 1464 1792 interrogationem
1485 1764 1550 1783 vero
1574 1755 1724 1783 admissum
1746 1755 1772 1782 in

992 1802 1162 1830 Servatorem
1191 1807 1316 1830 nostrum
1345 1801 1450 1829 facinus
1478 1801 1688 1832 subindicatur,
1717 1808 1772 1835 quo

990 1853 1101 1884 peracto
1113 1849 1140 1876 in
1156 1848 1236 1875 ﬁnem
1256 1848 1355 1882 abjecti
1370 1852 1444 1875 sunt.
1461 1847 1490 1874 ld
1506 1855 1572 1874 sane
1588 1847 1647 1881 ipse
1662 1853 1772 1881 quoque

991 1894 1120 1922 Servatur
1136 1894 1256 1922 declarat
1273 1894 1387 1921 dicens:
1404 1894 1510 1927 Quoties
1526 1893 1596 1920 volui
1617 1901 1772 1928 congregare

990 1941 1061 1975 ﬁlios
1078 1946 1147 1972 tuos,
1168 1939 1388 1975 quemadmodum
1411 1939 1513 1974 gallina
1531 1943 1670 1973 congregat
1684 1938 1772 1972 pullos

990 1995 1052 2014 suos
1073 1987 1120 2014 sub
1145 1986 1214 2017 alas,
1235 1989 1261 2012 et
1288 1985 1430 2013 noluistis?
1446 1984 1510 2011 Ecce
1526 1985 1687 2020 relinquetur
1700 1985 1771 2012 vobis

989 2033 1082 2059 domus
1103 2037 1189 2059 uestra
1208 2031 1311 2058 deserta
1324 2031 1356 2058 "'.
1372 2031 1440 2057 illud
1460 2031 1543 2060 enim.
1558 2030 1666 2064 Quoties
1689 2031 1770 2063 volui,

991 2079 1092 2106 indicat
1118 2078 1288 2105 tolerantiam
1309 2077 1383 2104 illam
1407 2076 1537 2104 diuturno
1560 2080 1682 2111 tempore
1703 2076 1772 2111 ipsis

989 2124 1153 2157 exhibitam;
1179 2123 1246 2150 illud
1262 2130 1337 2155 vero,
1357 2127 1381 2150 et
1404 2122 1537 2154 noluistis,
1555 2126 1718 2157 postremam
1737 2120 1771 2148 il-

989 2168 1077 2196 lorum
1094 2161 1273 2203 abjection'em
1286 2169 1430 2203 significat.
1441 2168 1550 2204 quando
1566 2168 1653 2195 iratus
1671 2171 1713 2195 est
1727 2166 1771 2194 fu-

989 2223 1035 2243 ror
1059 2215 1119 2251 ejus
1133 2223 1215 2250 super
1236 2215 1297 2242 illas
1311 2222 1372 2250 quae
1393 2215 1457 2241 olim
1482 2218 1561 2243 erant
1582 2222 1647 2242 oves
1663 2222 1771 2249 pascuae

989 2261 1058 2295 ejus.
1066 2261 1168 2289 Deinde
1176 2270 1239 2290 vero
1250 2262 1412 2297 supplicatio
1423 2261 1557 2290 emittitur
1567 2261 1610 2289 his
1624 2261 1714 2288 verbis
1726 2270 1771 2287 :—

988 2308 1060 2335 V'sns
1081 2308 1107 2335 2.
1124 2308 1226 2336 Mentor
1238 2314 1293 2336 esto
1309 2309 1454 2344 Sguagoga:
1467 2312 1528 2339 tuae,
1542 2315 1621 2339 quant
1631 2306 1770 2340 possedisti

987 2354 1020 2380 ab
1031 2354 1112 2381 initio.
1125 2354 1274 2381 Admodum
1284 2359 1465 2389 congruenter
1476 2353 1644 2388 Synagogam
1654 2359 1770 2379 comme-

986 2403 1074 2426 morat
1088 2400 1178 2433 aitque
1193 2400 1264 2426 illam
1276 2401 1387 2434 primam
1404 2399 1450 2426 Dei
1460 2398 1660 2433 possessionem
1667 2398 1768 2430 fuisse;

986 2450 1077 2479 utpote
1095 2446 1140 2480 qui
1159 2450 1251 2473 nosset
1273 2445 1434 2478 Ecclesiam,
1454 2453 1487 2472 ex
1502 2445 1628 2471 omnibus
1643 2445 1770 2479 gentibus

984 2492 1170 2523 constitutam,
1187 2499 1247 2527 qum
1268 2499 1322 2518 non
1338 2492 1372 2518 ab
1391 2491 1479 2524 initio,
1500 2490 1547 2518 sed
1568 2495 1630 2527 post
1647 2490 1770 2526 Synago-

986 2545 1026 2571 gae
1044 2537 1151 2565 ruinam
1175 2538 1289 2565 exstitit.
1311 2537 1396 2571 Cujus
1419 2536 1548 2564 Ecclesia:
1559 2537 1627 2564 alias
1647 2537 1769 2564 meminit

985 2581 1099 2609 dicens:
1118 2580 1150 2607 In
1175 2582 1260 2609 medio
1281 2582 1406 2608 Ecclesia:
1431 2581 1545 2607 laudabo
1568 2586 1592 2608 te
1604 2581 1641 2615 ‘3;
1658 2585 1686 2608 et
1707 2589 1769 2608 rur-

984 2634 1032 2654 sus
1047 2636 1053 2654 :
1068 2626 1229 2653 Annuntiavi
1242 2627 1377 2661 justitiam
1390 2627 1418 2653 in
1434 2626 1553 2653 Ecclesia
1576 2627 1721 2662 magna";
1737 2634 1769 2653 ac

984 2672 1082 2699 iterum
1095 2681 1101 2697 :
1113 2671 1189 2705 Apud
1202 2677 1226 2698 te
1239 2672 1297 2699 laus
1315 2680 1371 2699 mea
1386 2673 1412 2698 in
1425 2671 1544 2699 Ecclesia
1563 2680 1659 2707 magna
1670 2672 1702 2698 '°.
1719 2671 1769 2699 Ve-

985 2725 1043 2744 rum
1062 2724 1116 2744 non
1130 2718 1194 2744 talis
1210 2718 1254 2744 illa
1271 2718 1334 2745 olim
1351 2717 1493 2753 Synagoga
1509 2715 1568 2746 erat
1586 2728 1592 2745 :
1610 2718 1654 2744 illa
1667 2718 1767 2752 quippe

985 2763 1045 2791 ideo
1061 2763 1103 2790 sic
1125 2763 1275 2790 vocabatur
1289 2763 1360 2798 quod
1387 2771 1442 2791 uno
1461 2765 1488 2791 in
1513 2765 1571 2791 loco
1586 2771 1766 2798 congregare-

985 2814 1043 2841 tur;
1061 2809 1118 2836 lucc
1139 2816 1202 2836 vero
1217 2810 1425 2844 prmccllentiam
1442 2810 1582 2837 electionis
1603 2816 1660 2836 suae
1677 2808 1765 2836 decla-

1079 2867 1098 2882 "
1121 2866 1213 2893 Matth.
1237 2875 1303 2894 “In
1316 2888 1322 2900 ,
1341 2868 1391 2901 57,
1410 2869 1453 2895 58.
1507 2868 1528 2883 ’⁸
1547 2867 1615 2894 Psal.
1636 2875 1681 2893 xxt
1694 2886 1700 2898 ,
1719 2867 1762 2893 εδ.
