2024 3214
125 178 176 208 857

634 191 637 194 ν
683 170 934 208 consumma
952 177 984 206 IN
1004 177 1171 206 psamos.
1215 167 1241 201 Ἰ
1254 159 1280 192 7

1681 180 1735 208 858

126 238 265 271 πύρισαν,
284 237 368 272 φησὶ,
383 237 417 263 ὲν
429 236 500 270 πυρὶ
514 236 546 263 τὸ
559 237 750 271 ἀγιαστήριόν
765 244 840 270 σου,
857 237 907 264 καὶ

961 236 1023 263 tiam
1045 242 1141 263 eorum
1165 242 1226 270 qua:
1249 243 1332 270 supra
1356 236 1430 264 dicta
1460 242 1523 265 sunt
1543 239 1640 274 aperit.
1668 239 1737 272 Quia

126 284 168 316 ε1ς
179 282 238 317 τὴν
254 282 312 317 γῆν
326 282 516 316 Medii.)an
532 282 564 309 τὸ
578 282 721 317 σκήνωμα
734 282 787 309 τοῦ
801 283 907 317 ὀνόμα-

128 329 175 361 τός
188 336 256 354 σου.
284 328 327 354 Ἐν
337 324 359 362 ᾧ
373 328 540 363 διερμηνεύει
555 328 603 363 τὴν
618 328 736 354 διάνοιαν
750 328 796 355 τοῦ
809 328 908 355 ἀνωτέ-

128 383 166 410 ρω
179 373 351 408 λελεγμένου.
373 373 480 405 Ἐπειδὴ
491 373 546 409 γὰρ
557 374 586 400 ὲν
600 375 654 405 τοῖς
669 374 821 410 ἔμπροσθεν
834 375 907 410 εἴρη-

126 428 154 446 το
164 427 171 434 ·
191 419 275 453 Ὄρος
293 418 369 445 Σιὼν
382 419 468 446 τοῦτο
483 418 499 445 ὃ
520 419 753 453 κατεσκήνωσας
766 421 801 447 ἐν
812 417 906 453 αὐτῷ’

126 465 199 496 ὅπως
222 464 429 498 κατεσκήνωσεν
452 465 480 491 ὲν
497 464 572 499 αὐτῷ
595 465 720 498 διασαφεῖ
734 465 780 491 νῦν
804 467 907 501 φήσαςθ

129 510 162 536 Τὸ
176 509 321 544 σκήνωμα
337 509 389 536 τοῦ
404 510 547 544 ὀνόματός
563 517 621 537 σου
633 519 639 525 ·
655 511 789 546 Σκήνωμα
804 511 858 547 γὰρ
875 509 909 546 ἦν

125 555 140 581 ὸ
150 554 231 586 τόπος
241 555 291 580 οὐκ
301 553 382 580 αὑτοῦ
394 553 438 579 τοῦ
450 553 527 585 Θεοῦ,
537 554 604 580 ἀλλὰ
614 554 660 580 τοῦ
670 554 799 588 ὀνόματος
811 554 892 580 αὑτοῦ
900 563 906 569 ⁸

127 599 249 625 Δυσωπεί
263 598 290 624 δὲ
305 599 346 633 ὲφῖ
359 599 480 632 ἑκάστῳ,
498 599 665 633 προστιθείς·
696 599 740 625 Ἐν
755 599 829 634 μέσῳ
844 598 907 634 γὰρ,

128 644 203 678 φησὶ,
219 643 268 678 τῆς
277 644 372 679 ἑορτῆς
386 652 432 670 σου
447 644 476 669 τὸ
490 644 665 678 ἀγιαπήριόν
680 653 726 670 σου
740 644 786 670 καὶ
799 644 829 670 τὸ
845 644 909 678 σκή-

126 698 203 724 νωμα
218 689 265 715 τοῦ
277 689 405 724 ὀνόματός
421 698 476 715 σου.
491 689 531 715 Τὰ
544 689 597 724 γὰρ
610 689 720 716 τοιαῦτα
736 690 909 725 δυσωπητικὰ

127 733 159 770 ἦν
174 735 222 762 καὶ
245 735 373 770 ἐγερτικὰ
390 735 436 761 ἐπὶ
454 735 592 770 ἐκδίκησιν
612 735 666 761 τῶν
692 735 908 770 τετολμημένων,

127 781 168 814 ἐφ’
183 780 218 815 ἢν
235 781 365 816 παρορμᾷ
384 780 447 815 ἑξῆς
464 780 549 815 λέγων
559 789 565 795 “
593 782 726 815 Ἕπαρον
740 781 794 814 τὰς
808 775 908 815 χεῖράς

128 834 183 853 σου
197 826 246 853 ἐπὶ
261 827 314 859 τὰς
327 828 533 861 ὑπερηφανίας
547 826 645 854 αὐτῶν
659 829 701 860 εἰς
717 828 803 861 τέλος
813 837 819 842 ·
838 829 908 855 κατὰ

127 871 153 898 δὲ
163 872 211 898 τὸν
224 871 386 907 Σύμμαχον
404 872 438 899 Τὸ
450 873 568 906 ὕψωμα,
583 873 658 908 φησὶ,
671 873 729 899 τῶν
739 873 839 900 ποδῶν
850 883 908 901 σου

958 282 1030 310 enim
1046 281 1122 316 prius
1137 280 1194 308 haec
1210 280 1317 308 loculus
1331 286 1400 315 erat,
1420 281 1535 310 Montem
1550 283 1614 311 Sion
1629 284 1697 312 hunc
1710 285 1738 312 in

958 335 1007 363 quo
1021 326 1166 358 habitasti;
1188 327 1326 361 quomodo
1342 327 1370 354 in
1393 334 1426 354 eo
1446 328 1609 356 habitaverit
1623 329 1679 363 jam
1696 328 1740 356 de-

958 371 1045 398 clarat
1061 370 1165 403 dicens,
1179 370 1388 398 Tabernacutum
1404 373 1517 400 nominis
1535 374 1582 400 tui.
1598 373 1740 401 Taberna-

958 417 1049 444 culum
1065 417 1167 452 quippe
1182 417 1260 445 locus
1276 421 1345 450 erat,
1362 426 1416 445 non
1432 419 1519 453 ipsius
1538 419 1596 451 Dei,
1620 419 1667 447 sed
1690 427 1740 446 no--

959 463 1041 490 minis
1055 463 1126 497 ejus.
1143 463 1173 490 lu
1196 463 1312 498 singulis
1328 467 1419 491 autent
1432 465 1610 499 c0nqueritur
1624 465 1739 500 adjectis

959 509 1002 537 his
1028 508 1119 536 verbis
1139 518 1145 535 :
1162 508 1192 535 In
1218 508 1320 541 medio,
1350 509 1448 544 inquit,
1478 510 1659 538 solemnitatis
1687 514 1740 538 tua:

959 554 1145 581 sanctuarium
1170 559 1247 580 tuum
1269 557 1297 582 et
1319 554 1526 584 tabernaculum
1546 555 1666 583 nominis
1688 556 1737 583 tui.

958 598 1024 627 Nam
1042 600 1084 627 hae
1100 599 1278 634 querimoniae
1299 604 1363 627 sunt
1387 600 1421 627 ad
1445 601 1617 628 excitandam
1635 600 1740 627 facino-

959 653 1018 672 rum
1036 645 1177 677 ultionem,
1192 645 1226 672 ad
1243 653 1323 680 quam
1338 646 1389 672 sub
1403 645 1461 672 haec
1473 650 1603 680 provocat
1623 645 1717 672 dicens
1731 653 1737 670 :

959 692 1028 719 Leoa
1052 698 1146 718 manus
1161 696 1221 718 tuas
1235 692 1262 717 in
1279 690 1417 725 superbius
1431 699 1522 718 eorum
1538 692 1565 718 in
1584 691 1681 725 ﬁnem;
1699 698 1740 718 se-

959 737 1077 764 cumlum
1095 736 1286 772 Symmachum
1302 743 1366 763 vero
1387 745 1394 762 :
1417 735 1566 767 Exaltatio,
1584 737 1632 767 ait,
1646 735 1740 770 pedum

961 788 1062 809 tuorum
1078 782 1110 808 de
1127 781 1211 808 medio
1223 781 1330 808 sublata
1344 786 1382 809 est
1395 782 1429 808 ad
1441 782 1589 809 victoriam.
1607 781 1741 808 Exaltatio

960 832 1049 855 autem
1065 827 1162 862 pedum
1175 828 1245 862 ejus,
1265 827 1394 861 templum
1406 831 1465 854 erat
1479 827 1606 862 precibus
1618 826 1741 854 destinav-

959 878 1027 900 tum.
1048 873 1162 900 Gloriati
1178 876 1242 900 sunt
1256 873 1301 907 qui
1316 872 1432 900 oderunt
1450 872 1534 900 Deum
1548 873 1576 899 in
1592 872 1681 900 medio
1697 880 1742 899 so-

127 917 277 951 ﬁgaarlaﬂn
295 918 338 950 εις
354 918 446 950 νῖκος.
474 918 594 953 ⁸¹Υψωμα
608 918 635 945 δὲ
655 919 707 945 τῶν
723 919 809 945 ποδῶν
825 919 906 946 αὑτοῦ

961 918 1107 946 lemnitatis
1121 917 1192 952 ejus,
1214 921 1242 944 et
1261 919 1358 945 merito
1372 917 1492 953 quidem.
1507 917 1576 951 Quia
1594 918 1666 944 enim
1689 917 1742 952 ipsi

127 964 140 989 ό
150 962 216 995 νεὼς
229 960 263 998 ἦν
277 963 292 989 ὸ
307 963 459 998 εὐκτήριος.
488 964 716 999 Ἐνεκαυχήσαντο
729 965 752 990 οἱ
770 964 909 999 μισοῦντες

127 1009 175 1043 τὴν
184 1008 250 1034 Θεδν
264 1009 292 1034 ὲν
304 1009 377 1043 μέσῳ
390 1009 438 1044 τῆς
455 1009 550 1043 ἑορτῆς
562 1009 642 1036 αὑτοῦ
659 1010 779 1041 εἰκότως.
800 1010 908 1045 Ἐπειδὴ

127 1054 179 1088 γὰρ
188 1053 265 1087 αὐτοὶ
274 1054 399 1089 πρότεροι
408 1054 452 1080 τὸν
467 1054 547 1080 τόπον
559 1055 693 1086 οἰκοῦντες
704 1055 799 1087 ἀθέους
810 1056 910 1091 ἣραντο

128 1100 219 1135 χεῖρας
235 1098 303 1126 κατὰ
315 1099 361 1125 τοῦ
377 1099 493 1134 Χριστοῦ
509 1099 555 1126 τοῦ
572 1100 639 1126 Θεοῦ
653 1101 681 1126 ἐν
698 1101 773 1135 μέσῳ
791 1101 838 1136 τῆς
851 1102 910 1136 ἐορ-

127 1145 174 1180 τῆς
184 1144 277 1176 αὑτοῦ,
289 1144 361 1179 βοαῖς
373 1154 401 1172 τε
414 1145 502 1176 ἀθέοις
516 1146 563 1171 καὶ
572 1146 695 1179 ὲναγέσιν
708 1147 866 1182 ἐχρήσαντο,
879 1147 908 1173 ὲν

125 1190 193 1225 αὐτῇ
208 1191 241 1225 τῇ
256 1189 302 1215 τοῦ
321 1190 416 1224 Πάσχα
432 1190 522 1225 ἡμέρᾳ
537 1190 566 1216 τὸ
583 1187 651 1225 αἷμα
667 1190 749 1217 αὑτοῦ
766 1190 825 1217 καθ’
843 1191 907 1217 ἑαυ-

126 1235 179 1262 τῶν
193 1236 238 1262 καὶ
252 1235 320 1262 κατὰ
332 1235 386 1261 τῶν
402 1236 472 1262 ἰδίων
488 1236 590 1262 τέκνων
603 1236 822 1271 ὲξαιτησάμενοι⁴
839 1237 909 1263 εἰκό-

126 1290 178 1313 τως
197 1282 226 1308 ὲν
249 1281 323 1317 μέσῳ
347 1282 397 1316 τῆς
415 1282 510 1317 ἑορτῆς
527 1282 619 1316 μετῄει
635 1282 733 1312 αὐτοὺς
753 1283 770 1317 ἡ
789 1283 821 1308 ἐκ
842 1282 909 1308 Θεοῦ

126 1329 193 1363 ὀργή
203 1337 210 1342 ·
226 1327 264 1358 ὠς
278 1328 324 1353 καὶ
337 1327 433 1362 ἑτέραν
448 1328 614 1362 προφητείαν
629 1327 796 1362 πληροῦσθαι
809 1329 848 1359 εἰς
862 1329 909 1354 αὺ-

961 965 1040 1000 primi
1053 965 1142 991 locum
1157 964 1316 996 incolentes,
1335 964 1362 990 in
1378 964 1466 990 medio
1482 963 1664 990 solelnnilatis
1682 963 1742 997 ejus

960 1011 1058 1045 impias
1075 1016 1172 1037 contra
1193 1010 1332 1037 Christum
1349 1009 1396 1036 Dei
1420 1009 1540 1037 extulere
1555 1016 1663 1039 manus,
1684 1008 1742 1035 cla-

960 1057 1137 1091 moribusque
1156 1056 1248 1090 impiis
1262 1059 1289 1082 et
1306 1055 1418 1082 nefariis
1433 1056 1489 1087 usi,
1504 1055 1530 1082 in
1554 1055 1613 1089 ipso
1632 1053 1743 1081 Pascha:

960 1102 1003 1129 die
1025 1102 1184 1137 sanguinem
1201 1101 1261 1136 ejus
1278 1109 1361 1136 super
1380 1109 1410 1128 se
1433 1106 1461 1132 ct
1485 1109 1568 1135 super
1586 1101 1656 1127 tilios
1678 1108 1743 1128 suos

960 1148 1132 1182 expetierunt
1142 1147 1181 1179 “;
1199 1147 1261 1181 jure
1286 1146 1313 1173 iu
1329 1146 1419 1173 medio
1438 1145 1619 1173 solemnitatis
1635 1145 1744 1172 invade-
1767 1160 1772 1167 ι

959 1193 1005 1219 bal.
1025 1200 1072 1220 eos
1095 1192 1135 1219 ira
1159 1191 1226 1224 Dei;
1244 1192 1280 1218 ita
1305 1195 1335 1218 ut
1358 1190 1410 1217 alia
1437 1191 1578 1226 prophetia
1600 1190 1744 1225 impleatur

959 1247 1012 1273 qua
1028 1239 1061 1266 de
1077 1239 1130 1266 illis
1145 1238 1246 1265 dicitur
1262 1247 1268 1264 :
1284 1236 1317 1263 Et
1334 1242 1483 1264 convertam
1504 1237 1684 1263 solemnitate:
1701 1242 1743 1263 ue-

959 1289 1028 1311 stras
1056 1282 1211 1317 intactum,
1244 1287 1268 1310 et
1294 1282 1458 1310 celebritates
1485 1287 1584 1309 vestras
1612 1282 1639 1308 in
1667 1281 1744 1315 plur:-

959 1335 1029 1356 clum
1038 1331 1071 1356 ³⁵.

125 1375 187 1405 τοὺς
198 1393 206 1405 ,
223 1372 255 1399 δι’
276 1371 309 1409 ἧς
325 1373 430 1408 εἴρητο·
449 1373 503 1400 Καὶ
524 1373 718 1407 μεταστρέψω
734 1374 787 1406 τὰς
803 1373 906 1407 ἑορτὰς
924 1375 1006 1409 ὑμῶν
1027 1376 1070 1408 εἰς
1093 1375 1201 1408 πένθος
1212 1394 1219 1407 ,
1244 1374 1292 1401 καὶ
1325 1374 1379 1406 τὰς
1393 1374 1572 1408 πανηγύρεις
1590 1372 1672 1407 ὑμῶν
1701 1371 1745 1404 εἰς

126 1418 245 1452 θρῆνον.

160 1473 258 1502 Εἶπαν
271 1476 305 1502 ἐν
319 1475 354 1509 τῇ
365 1476 470 1509 καρδίᾳ
484 1476 582 1503 αὐτῶν
591 1479 620 1503 al
636 1477 804 1512 συγγένειαι
815 1478 913 1504 αὑτων

125 1521 172 1547 ἐπὶ
185 1521 217 1547 τὸ
230 1521 304 1548 αὑτό
315 1531 320 1536 ·
331 1522 573 1555 Καταπαύσωμεν
587 1522 640 1554 τὰς
655 1522 759 1555 ἑορτὰς
772 1522 824 1548 τοῦ
838 1522 911 1549 Θεοῦ

1002 1476 1083 1504 Vens.
1096 1476 1122 1506 8,
1132 1476 1158 1503 9.
1170 1475 1331 1501 Dixerunt":
1339 1474 1416 1501 corde
1426 1482 1472 1500 suo
1482 1475 1648 1508 cognationes
1655 1482 1744 1501 eorum

966 1522 1054 1552 sintut,
1064 1521 1201 1554 Quiesrere
1208 1521 1338 1555 faciamus
1350 1519 1406 1546 dies
1418 1519 1498 1553 festos
1510 1519 1558 1546 Dei
1567 1528 1582 1546 a
1590 1524 1670 1546 terra.
1682 1520 1745 1547 Haec

126 1566 184 1592 ἀπὸ
200 1565 255 1600 τῆς
267 1565 330 1600 γῆς.
362 1566 401 1592 Τὰ
415 1566 594 1601 προλεχοέντα
608 1567 696 1593 πάντα
710 1567 834 1593 δυσσεϐεῖ
848 1575 910 1593 σκο-

961 1572 1060 1602 omnia,
1074 1570 1261 1605 inquit,impio
1271 1567 1498 1596 consilioinimici
1509 1567 1721 1602 tuipcragebant
1737 1577 1743 1594 :

126 1611 179 1647 πῷ,
190 1612 267 1646 φησὶ,
281 1611 457 1647 διεπράξαντο
465 1613 488 1637 οἱ
504 1612 595 1647 ἐχθροί
607 1620 653 1638 σου
663 1621 669 1626 ·
681 1614 711 1639 τό
724 1621 753 1639 τε
767 1612 820 1648 γὰρ
834 1613 909 1646 ἁγια-

127 1657 237 1693 στήριὸν
256 1665 301 1683 σου
317 1657 489 1693 ἐνεπύρισαν,
506 1657 552 1684 καὶ
568 1658 597 1683 τὸ
613 1658 743 1693 σκήνωμα
755 1658 800 1684 τοῦ
813 1658 911 1693 ὀνόμα-

125 1703 170 1734 τός
184 1711 230 1729 σου
246 1703 427 1739 ὲὸεΰήλωσαν,
444 1704 491 1730 καὶ
504 1704 538 1730 τὰ
553 1703 632 1729 λοιπὰ
645 1704 731 1730 πάντα
745 1704 911 1739 τετολμήκα-

127 1757 168 1775 σιν
175 1758 182 1763 ·
192 1749 242 1775 οὐκ
252 1749 404 1784 ἀνθρώποις
413 1748 641 1780 ἐπιϐουλεύοντες,
650 1750 708 1776 οὐδὲ
718 1751 798 1776 τόπον
808 1750 912 1785 πολιορ-

126 1796 182 1820 κεῖν
198 1794 357 1830 προθέμενοι
367 1803 373 1809 ·
387 1795 427 1820 σοὶ
438 1795 465 1821 δὲ
475 1795 513 1830 τῷ
528 1794 585 1830 Θεῷ
599 1794 789 1829 πολεμοῦντες,
802 1796 849 1822 καὶ
861 1795 911 1826 τὰς

127 1838 222 1874 ἑορτάς
235 1847 281 1865 σου
292 1839 439 1866 καταλῦσαι
451 1839 642 1874 διανοούμενοι.
655 1840 746 1867 Ταῦτα
758 1841 800 1871 δὲ,
813 1842 837 1867 εἰ
863 1841 911 1867 καὶ

85 1905 89 1908 .
128 1885 164 1920 μὴ
183 1885 297 1920 στόματι
314 1885 423 1912 ἐλάλουν
434 1906 441 1917 ,
463 1886 531 1913 ἀλλὰ
545 1888 605 1918 ταῖς
621 1886 743 1922 καρδίαις
760 1887 849 1914 αὐτῶν
865 1888 911 1914 καὶ

126 1932 184 1962 ταῖς
195 1929 356 1966 ἐνθυμήσεσι
371 1931 528 1965 ἐλογίζοντο.
549 1932 627 1958 Ἀλλὰ
640 1933 700 1958 τότε
718 1933 766 1967 μὲν
783 1933 806 1958 οἱ
821 1932 912 1967 ἐχθροὶ

127 1975 171 2001 τοῦ
187 1975 255 2002 Θεοῦ
270 1975 354 2002 ταῦτα
369 1976 535 2011 λογιζόμενοι
554 1976 598 2003 τὺν
616 1977 699 2003 πάλαι
714 1976 753 2012 τῷ
764 1977 821 2012 Θεῷ
839 1978 912 2011 ἀφω-

130 2021 253 2056 ρισμένον
285 2021 362 2048 τόπον
384 2022 534 2057 καθῄρουν·
552 2023 566 2048 ὁ
583 2023 610 2048 δὲ
634 2023 718 2058 μέγας
739 2023 785 2049 καὶ
803 2022 912 2054 δυνατὸς

127 2066 191 2097 Θεδς
203 2066 258 2093 ἀνθ’
271 2066 330 2098 ἐνὸς
346 2067 450 2093 ἐκείνου
466 2067 515 2098 τὰς
535 2068 581 2094 ἀπ’
594 2068 729 2094 ἀνατολῶν
742 2068 815 2103 ἡλίου
833 2068 912 2103 μέχρι

126 2111 234 2146 δυσμῶν
249 2111 309 2139 καθ’
325 2112 388 2148 ὅλης
401 2112 450 2147 τῆς
467 2114 628 2148 οἰκουμένης
644 2113 789 2148 ἐκκλησίας
803 2115 831 2140 ἐν
847 2115 913 2140 πᾶσι

127 2157 237 2192 συνίστη
249 2159 303 2189 τοῖς
317 2157 415 2184 ἔθνεσι.
432 2159 486 2185 Καὶ
499 2160 523 2185 οἱ
538 2160 586 2194 μὲν
603 2159 694 2194 ἐχθροί
706 2168 763 2191 σου,
778 2160 853 2194 φησὶ,
867 2160 913 2186 καὶ

126 2201 249 2238 πολέμιοι
271 2203 306 2230 τὰ
332 2204 435 2230 ἑαυτῶν
460 2206 558 2239 σημεῖα
576 2204 676 2240 ἔθηκαν
694 2205 722 2231 ἐν
747 2206 840 2241 ὑψηλῷ
867 2207 914 2233 καὶ

126 2248 271 2284 ἐπισήμοις
283 2247 385 2280 τόποις,
400 2250 462 2283 παρ’
474 2249 559 2280 αὑτὰς
572 2249 622 2281 τὰς
634 2249 753 2282 εἰσόδους
763 2250 810 2276 τοῦ
823 2251 910 2286 ἱεροῦ·
929 2242 950 2268 D

125 2292 163 2324 ὡς
176 2292 210 2320 ἂν
230 2293 327 2326 πάντες
341 2295 364 2320 οἱ
379 2294 488 2326 διιόντες
507 2295 591 2330 ὁρῷεν
610 2294 699 2321 αὐτῶν
711 2295 745 2321 τὰ
757 2296 911 2331 νικητήρια·

126 2339 206 2374 ἡμεῖς
221 2339 260 2372 δὲ,
277 2336 314 2366 ὧν
339 2341 370 2366 ὲκ
386 2339 531 2376 προσώπου
552 2340 688 2375 ἱκετήριος
712 2340 777 2375 εὐχὴ
794 2340 916 2375 ἀναπέμ-

127 2393 219 2417 πεται,
233 2385 271 2413 Τὰ
289 2386 399 2420 σημεῖα
419 2385 504 2420 ἡμῶν
521 2387 575 2413 οὐκ
591 2386 719 2420 εἴδομεν.
741 2386 801 2417 Πῶς
819 2386 847 2412 δὲ
865 2387 915 2412 οὐκ

127 2429 232 2464 εἴδομεν
247 2430 325 2464 ἡμῶν
348 2430 380 2456 τὰ
403 2432 517 2465 σημεῖα,
537 2431 592 2457 ἀλλ’
614 2431 674 2457 ἐπεὶ
697 2432 752 2457 οὐκ
769 2430 854 2456 ἐστιν
872 2431 915 2457 ἔτι

127 2474 291 2509 προφήτης,
307 2475 355 2502 καὶ
377 2475 456 2510 ἡμᾶς
476 2477 512 2503 οὐ
528 2478 671 2510 ιβ’ώσετιιι
686 2477 747 2508 Eu;
763 2476 849 2502 Πάλαι
866 2476 914 2511 μὲν

126 2520 182 2556 γὰρ
197 2520 258 2547 καθ’
276 2520 390 2547 ἕκαστον
407 2522 500 2557 καιρὸν
524 2523 569 2548 καὶ
588 2522 659 2548 κατὰ
674 2521 768 2556 γενεὰς
783 2522 830 2548 καὶ
845 2521 914 2548 κατὰ

124 2565 250 2600 διαδοχὰς
269 2565 322 2592 τῶν
342 2566 482 2602 ἡμετέρων
499 2567 632 2603 πατέρων,
647 2567 783 2602 προφῆται
798 2567 914 2602 συνῆσαν

124 2612 459 2647 αὑτοῖςπολιορκουμὲνοις
474 2614 518 2639 καὶ
527 2614 566 2644 εἰς
578 2613 764 2648 αἰχμαλωσίαν
777 2613 916 2647 ἀπαγομέ-

129 2665 198 2688 νοις·
216 2657 284 2693 ὅπερ
297 2655 330 2693 ἦν
352 2658 478 2693 μέγιστον
501 2658 600 2694 δεῖγμα
618 2660 664 2686 καὶ
686 2660 797 2694 σημεῖον
816 2659 862 2685 τοῦ
877 2659 914 2694 μὴ

130 2702 326 2735 ὶνεπισκόπους
352 2704 450 2736 αὐτοὺς
470 2705 616 2740 ὑπάρχειν
637 2707 653 2740 ὴ
668 2705 733 2739 γοῦν
750 2705 915 2740 προνοητικὴ

131 2747 181 2775 τῶν
199 2747 267 2774 ὅλων
285 2748 408 2784 δύναμις,
431 2750 524 2786 ὥσπερ
542 2751 649 2786 ἰατροὺς
668 2752 697 2777 ὲν
714 2752 772 2782 ταῖς
787 2751 915 2785 ἐσχάταις

123 2796 280 2831 συμφοραῖς
305 2796 368 2828 τοὺς
394 2797 535 2832 προφήτας
561 2796 600 2832 τῷ
619 2797 679 2823 τότε
703 2796 760 2834 λαῷ
782 2796 913 2831 καθίστη·

162 2873 185 2891 ⁸⁸
204 2873 302 2904 Matth.
318 2883 388 2903 mut
402 2895 408 2907 ,
424 2874 469 2902 ‘25.
507 2875 531 2891 “
549 2873 632 2902 Amos
653 2882 716 2907 riu,
734 2874 767 2901 i0

959 1624 1021 1643 nam
1033 1617 1229 1647 sanctuarium,
1246 1615 1344 1650 inquit,
1363 1619 1440 1641 tuum
1457 1613 1647 1643 incenderunt.
1663 1616 1690 1640 et
1705 1616 1746 1639 ta-

960 1663 1138 1690 bernaculum
1179 1661 1297 1689 nominis
1323 1661 1362 1688 tui
1404 1660 1604 1695 profanarum,
1634 1663 1746 1685 caetera-

960 1717 1013 1743 que
1040 1708 1130 1735 omnia
1164 1707 1224 1735 ausi
1251 1711 1337 1738 sunt,
1367 1714 1421 1733 non
1454 1704 1610 1732 hominibus
1632 1703 1747 1731 insidias

961 1758 1117 1785 struentes,
1146 1761 1201 1780 non
1237 1753 1326 1780 locum
1355 1752 1443 1786 ipsum
1476 1750 1602 1778 obsidere
1641 1753 1746 1776 tantum

961 1800 988 1827 in
1018 1800 1108 1826 animo
1138 1798 1290 1829 habentes;
1317 1797 1362 1824 sed
1398 1797 1446 1823 tibi
1476 1796 1531 1823 Deo
1556 1795 1656 1822 bellum
1688 1802 1747 1821 mo-

960 1849 1065 1877 ventes,
1085 1849 1112 1873 et
1128 1844 1198 1872 festa
1218 1848 1263 1871 tua
1281 1843 1386 1871 solvere
1401 1842 1566 1877 cogitantes.
1583 1840 1646 1868 Hac
1663 1846 1746 1876 porro

961 1891 1069 1918 etiamsi
1099 1897 1152 1917 non
1180 1897 1227 1916 ore
1253 1888 1429 1923 proferrent,
1454 1885 1501 1913 sed
1534 1885 1617 1912 corde
1639 1888 1744 1912 mente-

961 1942 1015 1969 que
1026 1931 1295 1968 cogitabant.Verum
1311 1932 1350 1959 illi
1369 1931 1414 1958 Dei
1430 1931 1523 1958 hostes
1541 1929 1606 1956 talia
1623 1929 1746 1964 cogitan-

962 1968 1003 2007 tes
1020 1979 1109 2006 locum
1127 1979 1192 2006 olim
1213 1977 1268 2005 Dco
1283 1977 1403 2004 dicatum
1425 1975 1532 2003 excidio
1547 1968 1719 2001 tradiderunt
1737 1983 1744 2001 :

962 2032 1077 2059 magnus
1100 2027 1191 2051 autem
1215 2023 1260 2050 ille
1285 2027 1435 2057 potensque
1456 2021 1537 2052 Deus,
1558 2027 1608 2055 pro
1626 2027 1680 2046 uno
1700 2019 1748 2046 illo

963 2069 1033 2102 loco,
1044 2068 1078 2096 ab
1092 2069 1197 2095 oriente
1208 2068 1266 2095 sole
1283 2075 1369 2102 usque
1386 2066 1420 2093 ad
1436 2073 1564 2093 occasum
1576 2072 1624 2100 per
1638 2064 1748 2091 univer-

965 2123 1024 2142 sum
1043 2114 1136 2142 orbem
1151 2113 1282 2141 ecclesias
1296 2113 1347 2140 sibi
1366 2119 1414 2147 per
1429 2119 1524 2138 omncs
1540 2115 1634 2146 gentes
1644 2109 1748 2137 consti-

964 2160 1024 2187 luit.
1049 2160 1082 2187 Et
1107 2167 1171 2187 vero
1191 2159 1306 2191 inimici,
1323 2158 1421 2192 inquit,
1438 2161 1465 2186 et
1487 2157 1580 2184 hostes
1605 2156 1645 2183 tui
1670 2155 1747 2190 signa

965 2213 1012 2233 sua
1033 2205 1060 2231 in
1085 2205 1140 2231 alto
1157 2207 1184 2231 et
1205 2204 1233 2231 in
1256 2203 1413 2237 conspicuis
1440 2203 1507 2229 locis
1528 2204 1689 2236 posuerunt,
1714 2199 1747 2225 ad

965 2251 1039 2285 ipsas
1054 2258 1141 2284 usque
1160 2249 1253 2284 templi
1271 2249 1381 2281 valvas,
1402 2253 1432 2274 ut
1447 2255 1542 2274 omnes
1565 2246 1612 2281 qui
1634 2248 1748 2280 praeter-

965 2296 1052 2328 ibant,
1069 2295 1191 2323 victoria:
1207 2295 1315 2322 illorum
1337 2293 1460 2329 symbolo
1476 2292 1680 2325 conspicerent;
1697 2297 1747 2316 nos

965 2346 1066 2373 autem,
1081 2349 1115 2368 ex
1134 2349 1251 2376 quorum
1264 2348 1379 2375 persona
1396 2339 1484 2366 oratio
1501 2337 1636 2368 funditur,
1663 2335 1747 2370 Signa

965 2392 1057 2414 nostra
1068 2395 1119 2414 non
1135 2386 1257 2413 vidimus.
1270 2384 1412 2418 Quomodo
1429 2384 1506 2418 signa
1525 2385 1620 2408 nostra
1637 2388 1691 2407 non
1707 2380 1747 2407 vi-

965 2434 1065 2465 dimus,
1084 2433 1138 2461 nisi
1154 2432 1218 2467 quia
1235 2432 1296 2465 jam
1317 2438 1367 2457 non
1380 2434 1417 2456 est
1433 2428 1568 2463 propheta,
1583 2431 1608 2453 et
1631 2434 1677 2453 nos
1695 2434 1748 2452 non

965 2483 1101 2513 cognoscet
1120 2476 1255 2511 amplius?
1273 2474 1342 2502 Olim
1357 2473 1466 2509 quidem
1484 2471 1598 2507 singulis
1619 2470 1746 2506 tempori-

948 2522 1027 2555 'bus,
1042 2525 1069 2550 in
1094 2522 1316 2558 generationibus
1343 2524 1370 2547 et
1395 2518 1617 2547 successionibus
1639 2521 1747 2552 patrum

966 2574 1134 2601 nnstrorum,
1151 2567 1289 2603 propheta:
1302 2566 1368 2602 ipsis
1385 2565 1508 2593 obsassis
1519 2568 1546 2592 et
1561 2564 1588 2591 in
1604 2563 1748 2598 captivita-

966 2618 1020 2642 tem
1035 2614 1105 2641 actis
1119 2614 1233 2641 aderant
1251 2623 1257 2640 :
1272 2612 1345 2647 quod
1362 2611 1510 2638 maximum
1530 2613 1590 2638 erat
1604 2617 1749 2645 argumeu-
1780 2611 1781 2614 ‘

965 2664 1022 2687 tum
1043 2664 1071 2687 et
1095 2660 1214 2695 signum,
1231 2666 1279 2686 eos
1302 2666 1356 2685 non
1374 2656 1542 2692 providentia
1558 2656 1685 2684 exclusos
1700 2658 1748 2681 tua

966 2707 1067 2740 fuisse;
1080 2707 1167 2733 virtus
1180 2705 1252 2732 enim
1273 2705 1318 2731 illa
1333 2703 1466 2731 universis
1483 2703 1639 2738 providens,
1658 2701 1685 2728 in
1700 2707 1748 2728 cx-

966 2753 1060 2780 tremis
1076 2751 1277 2780 calamitatibus
1303 2750 1449 2785 prophetas
1475 2757 1524 2776 ceu
1548 2748 1668 2775 medicos
1693 2745 1746 2780 ipsi

965 2799 1030 2826 olim
1046 2798 1144 2835 popqu
1158 2783 1342 2825 constituebat
1379 2800 1406 2823 et
1427 2795 1490 2823 haec
1504 2793 1582 2823 erant
1595 2792 1640 2820 Dei
1658 2791 1745 2827 sigua.
1789 2783 1795 2796 ’
