2024 3214
283 192 338 222 859

287 250 364 279 Nunc
385 255 474 279 autem
495 259 559 279 cum
573 253 702 287 praedicta
721 252 749 281 in
764 261 814 282 nos
829 261 910 289 opere
923 255 1069 289 perﬁciun-
1084 263 1104 292 Α

286 301 342 330 tur,
372 297 454 333 Signa
467 303 558 325 nostra
572 306 624 325 non
638 298 750 326 vidimus
763 308 773 327 .'
787 308 873 335 quare
891 300 951 334 jam
966 310 1017 328 non
1031 307 1070 329 est

284 343 420 377 propheta,
442 347 467 370 et
483 352 531 370 nos
550 351 601 370 non
615 349 751 379 cognoscet
766 345 889 379 amplius.
901 345 969 373 Nam
989 346 1012 374 si
1035 347 1069 374 ad

284 390 366 418 breve
377 391 464 418 solum
476 394 583 425 tempus
594 391 733 426 propheta
745 390 911 419 defecissent
920 411 927 423 ,
941 395 967 419 et
976 397 1068 427 postea

282 441 374 463 tamen
399 435 602 471 apparuissent,
617 443 788 471 nequaquam
812 436 916 464 dictum
940 441 1024 469 esset,
1043 442 1068 464 et

283 490 330 508 nos
359 490 411 508 non
435 486 571 517 cognoscet
602 482 725 516 amplius.
758 481 817 510 lam
838 490 902 510 vero
924 483 987 517 quia
1007 489 1069 518 post

282 526 406 562 ipsorum
427 526 454 553 in
473 525 646 554 Servatorem
669 535 762 559 ausus,
782 527 998 562 irrumpentibus
1014 528 1068 555 Ro-

282 572 382 604 manis,
399 573 544 608 locumque
564 582 580 600 ιι
603 573 780 600 fundamento
795 573 978 605 diruentibus,
997 581 1066 601 nus-

282 624 365 653 quam
387 618 526 653 propheta
546 619 666 647 obsessis
686 620 811 650 aderant,
847 619 895 646 sed
920 611 1009 654 neque
1025 627 1068 648 so-

281 665 375 700 quenti
391 669 513 700 tempore
527 666 683 697 adfuerunt,
698 673 747 693 nec
759 674 879 701 unquam
896 670 988 701 postea
1005 675 1066 694 sur-

281 711 384 738 recturi
400 716 479 745 sunt;
494 712 646 739 admirabili
663 712 743 739 modo
761 712 904 746 prophetia
923 712 1066 747 postquam

280 756 398 790 dxerat,
412 757 475 784 lam
494 766 546 784 non
561 763 599 785 est
621 759 756 792 propheta,
769 758 884 791 addidit,
901 763 926 785 et
948 767 996 786 nos
1016 767 1066 785 non

281 807 418 837 cognoscet
435 803 558 838 amplius.
582 803 661 836 Quod
689 811 755 831 sane
776 811 830 830 non
856 804 1066 840 Babyloniorum

279 851 418 882 tempore,
434 856 522 883 neque
545 848 680 883 superiori
706 855 764 876 avo
787 848 841 875 dici
867 853 982 883 poterat.
1000 848 1066 875 Nam

280 893 396 929 singulis
409 894 436 921 in
452 895 676 929 generationibus
693 902 778 929 penes
790 895 852 922 illos
870 895 1066 930 prophetarum

279 940 419 966 successio
434 940 538 974 tloruit,
551 943 579 968 et
589 947 677 975 usque
697 940 731 968 ad
745 939 878 968 Joannem
905 940 1064 976 prophetam

279 986 440 1020 permansit.

313 1082 397 1110 Vsus.
417 1084 461 1115 10,
475 1083 518 1111 Η.
537 1084 685 1120 Usquequo,
702 1083 782 1116 Deus,
798 1085 957 1118 improperat
974 1084 1064 1110 inimi-

279 1138 335 1160 cus.
348 1131 437 1156 irritat
454 1130 624 1157 aduersarius
648 1138 742 1158 nomen
761 1134 833 1156 tuum
860 1130 887 1156 in
914 1130 1014 1164 ﬁnem?
1034 1129 1063 1157 In

277 1176 406 1211 praesenti
427 1176 570 1211 prophetia
594 1175 673 1208 illud,
691 1176 718 1202 in
733 1176 822 1210 ﬁnem,
843 1175 1003 1210 plerumque
1021 1176 1064 1203 di-

277 1226 351 1248 ctum
363 1221 424 1249 fuit.
441 1222 469 1249 In
485 1221 620 1256 principio
634 1229 752 1257 namque
776 1222 935 1248 dicebatur:
954 1221 1062 1257 thuid,

278 1267 360 1300 Deus,
373 1268 493 1302 reputisti
513 1268 539 1294 in
555 1268 632 1302 ﬁnem
645 1269 656 1295 .9
672 1267 774 1296 Deinde
786 1275 850 1295 vero
864 1278 870 1294 :
886 1267 954 1295 Leva
969 1276 1062 1296 manus

279 1319 338 1341 tua:
355 1315 382 1340 in
397 1313 533 1348 superbia;
549 1315 575 1341 in
590 1315 687 1349 finem;
703 1314 784 1341 tertio
803 1323 810 1341 :
828 1313 924 1340 lrritat
939 1313 1064 1341 adversa-

278 1361 334 1387 rius
361 1369 454 1388 nomen
480 1364 552 1386 tuum
576 1360 602 1387 in
627 1360 724 1395 ﬁnem;
751 1367 916 1395 rursumque
939 1370 945 1388 :
965 1360 1062 1396 thuid

277 1406 374 1433 avertis
389 1415 495 1432 niauum
513 1411 584 1432 tuam
598 1411 622 1433 et
637 1406 772 1433 dexteram
789 1413 862 1433 tuam
873 1407 904 1434 de
919 1407 1002 1434 medio
1022 1408 1061 1435 si»

277 1459 312 1478 nu
328 1457 372 1478 tuo
389 1452 415 1478 in
427 1452 526 1486 ﬁnem?
540 1451 623 1484 Queis
641 1457 778 1486 postrema
796 1452 848 1480 loci
862 1453 969 1481 obsidio
978 1453 1063 1488 signi-

278 1497 384 1524 ticatur.
401 1497 468 1524 Cum
481 1502 571 1525 autem
587 1502 764 1533 percontatur
774 1502 801 1525 et
813 1498 879 1526 dicit
891 1509 898 1526 :
913 1498 1061 1534 Usquequo,

279 1543 358 1575 Deus,
370 1544 554 1579 improperabit
566 1544 686 1572 inimicus
693 1546 705 1572 ?
712 1545 820 1572 edoceri
831 1546 907 1580 cupit
920 1553 1062 1581 quousque

278 1588 371 1616 isthac
383 1590 579 1624 pordurahuut,
599 1595 626 1617 et
648 1598 772 1626 quanam
793 1591 924 1626 temporis
942 1592 1061 1619 circum—

278 1634 390 1669 scriptio
401 1635 464 1667 erit,
482 1639 509 1662 et
524 1628 667 1670 usquequo
684 1637 805 1663 irritabit
827 1636 1002 1664 adversarius
1014 1644 1064 1664 no-
1078 1626 1098 1653 (ἶ

278 1688 339 1706 tuen
352 1684 439 1711 tuum,
455 1689 519 1707 num
538 1681 601 1707 talia
614 1682 718 1716 agendo
729 1682 756 1709 in
779 1682 858 1709 linem
875 1687 1064 1717 perseveratur-

279 1733 326 1752 rus
337 1725 383 1753 sit.
399 1726 605 1760 Consequenter
617 1727 713 1754 horum
730 1735 840 1754 causam
857 1728 994 1762 precando
1009 1729 1064 1756 sci-

279 1771 394 1797 scitatur
416 1770 481 1797 dum
499 1771 566 1798 dicit
582 1781 589 1798 ι
606 1770 702 1806 thuid
715 1772 811 1799 avertis
826 1781 933 1799 manum
952 1778 1025 1800 tuam
1041 1778 1066 1800 et

279 1817 414 1843 dexteram
438 1821 510 1843 tuam
534 1816 566 1844 de
582 1817 668 1845 medio
690 1818 750 1844 sinu
775 1822 820 1844 tuo
843 1818 871 1844 in
890 1818 991 1852 ﬁnem?
1005 1818 1067 1846 Haec

278 1869 361 1897 porro
370 1861 435 1889 dicti
451 1863 587 1890 sententia
604 1867 647 1890 est
664 1872 671 1891 :
691 1863 770 1891 sinus
785 1863 832 1891 Dei
854 1863 933 1891 bonis
948 1864 1066 1899 repletus

278 1912 330 1938 est,
348 1915 433 1942 quare
459 1908 563 1936 dictum
586 1913 629 1936 est
648 1918 655 1937 :
673 1909 827 1945 Unigenitm
851 1909 950 1943 Filius,
965 1912 1010 1947 qui
1028 1917 1067 1939 est

279 1952 305 1979 in
320 1953 381 1980 sinu
404 1952 506 1986 Patris,
516 1955 572 1988 ipse
593 1956 728 1982 enarravit
743 1956 777 1983 “.
791 1955 823 1982 Et
836 1959 879 1983 est
893 1956 938 1984 hic
949 1963 1067 1986 arcanus

279 1999 401 2028 Paterna
421 2001 575 2029 divinitatis
599 2001 757 2036 thesaurus,
778 2007 805 2031 et
823 2003 963 2038 plenitudo
982 2004 1067 2033 bono-

279 2053 340 2072 rum
366 2048 500 2079 omnium,
532 2048 604 2075 unde
633 2049 782 2083 gratiarum
806 2049 877 2077 dona
906 2050 940 2077 iis
960 2051 1007 2086 qui
1038 2058 1068 2078 se

279 2091 354 2125 digni
366 2094 430 2118 sunt
448 2092 572 2126 largitur.
590 2092 725 2125 Quoniam
747 2094 831 2129 igitur
845 2094 879 2122 de
895 2094 985 2122 medio
1004 2095 1067 2123 sinu

279 2136 350 2163 dona
366 2137 514 2171 gratiarum
538 2138 629 2172 dignis
651 2143 757 2173 erogat,
773 2147 804 2167 ac
826 2139 966 2167 dexteram
988 2148 1065 2167 suam

281 2180 309 2207 in
335 2180 395 2208 illos
417 2181 548 2214 extendit,
565 2183 599 2209 ab
623 2183 743 2218 indignis
757 2192 822 2211 vero
836 2185 977 2213 dexteram
989 2193 1065 2213 suam

281 2226 389 2257 avellit,
405 2225 526 2261 nihilque
543 2234 575 2254 ex
587 2227 666 2254 bonis
678 2229 705 2255 in
723 2233 874 2256 memorato
887 2230 948 2257 sinu
963 2238 1013 2258 suo
1025 2238 1068 2258 re-

279 2271 400 2299 conditis
423 2271 490 2307 ipsis
515 2273 663 2308 elargitur;
677 2274 739 2308 jure
763 2275 931 2309 sciscitatur,
946 2277 1040 2306 dicens
1057 2287 1064 2305 :
1083 2292 1104 2320 Ι)

282 2316 380 2352 thuid
400 2318 495 2345 avertis
520 2326 627 2345 manum
654 2324 725 2346 tuam
757 2325 783 2347 et
802 2321 937 2350 dexteram
953 2329 1025 2351 tuam
1036 2325 1067 2352 de

280 2363 365 2390 medio
381 2359 441 2390 sinu
458 2369 502 2390 tuo
519 2365 546 2390 in
560 2365 660 2399 ﬁnem?
674 2365 848 2402 Rursumque
869 2368 896 2396 id
919 2369 1023 2404 adjicit,
1038 2371 1066 2398 in

280 2410 370 2443 ﬁnem,
385 2410 558 2446 significans,
574 2411 603 2438 in
616 2411 695 2439 ﬁnem
713 2412 780 2448 ipsis
795 2414 914 2442 dextera
926 2415 973 2443 Dei
988 2423 1066 2444 arer-

281 2455 386 2481 sionem
403 2455 523 2483 futuram
537 2464 609 2485 esse.
632 2457 848 2494 lnterrogatione
861 2465 950 2488 autem
966 2469 1016 2489 nos
1031 2463 1065 2490 ad

280 2505 392 2527 causam
403 2502 614 2536 pcrquirendam
633 2503 748 2537 invitat;
768 2509 798 2532 ut
813 2513 967 2541 quaramus
981 2515 1066 2543 quare

280 2543 321 2570 illi
334 2544 362 2571 in
378 2545 458 2573 tinem
475 2547 573 2582 abjecti
586 2548 652 2575 sint.
666 2548 732 2576 Nam
751 2550 773 2578 si
791 2551 854 2585 quis
863 2559 910 2579 eos
924 2552 957 2580 de
967 2561 1065 2588 pecca-

281 2592 310 2616 to
323 2593 350 2616 et
369 2590 511 2625 iniquitate
533 2593 710 2627 incusaverit,
726 2599 753 2621 at
772 2596 873 2625 scimus
884 2598 947 2625 olim
967 2598 1065 2627 similia

281 2642 344 2661 cum
359 2635 489 2663 fecissent
499 2645 552 2664 non
565 2638 592 2665 in
608 2638 687 2667 ﬁnem
701 2641 823 2675 abjcctos
837 2642 922 2671 fuisse
937 2653 943 2671 :
961 2644 1065 2671 inﬁnita

281 2680 381 2715 quippe
401 2684 428 2707 et
443 2682 549 2709 nefaria
571 2691 666 2712 eorum
683 2694 775 2721 opera,
792 2688 936 2720 adulteria,
953 2688 1066 2716 idolola-

281 2726 371 2757 triam,
398 2727 591 2761 prophetarum
614 2731 702 2758 cades
732 2739 893 2761 enumerant
914 2735 1064 2770 prophetici

280 2778 437 2806 sermones;
451 2772 500 2800 sed
517 2782 656 2809 nunquam
680 2777 707 2803 in
724 2778 805 2806 tinem
831 2779 954 2808 derelicti
976 2786 1040 2808 sunt
1056 2790 1062 2808 :

282 2822 323 2849 prt
332 2816 419 2850 pheta
435 2825 544 2852 quoque
565 2819 631 2854 ipsis
644 2840 651 2852 ,
664 2822 715 2849 etsi
733 2823 796 2851 talia
822 2825 1003 2860 patrantibus,
1017 2825 1064 2853 ad-

266 2881 273 2892 ,
315 2860 338 2876 ¹¹
356 2862 435 2890 Joan.
454 2869 481 2896 t,
500 2863 542 2890 18.

622 194 753 223 EUSEBII
773 196 1010 225 CESARIENSIS
1029 197 1105 226 OPP.

1127 198 1216 227 PARS
1235 199 1277 227 Ill.
1294 215 1329 220 —
1349 198 1553 227 EXEGETICA.
1853 201 1906 230 860

1120 257 1265 284 καὶταῦτα
1284 256 1318 294 ἧι
1333 257 1381 285 τοῦ
1397 258 1464 284 Θεοῦ
1480 258 1514 285 τὰ
1531 258 1639 294 σημεῖα.
1657 257 1714 286 Νῦν
1732 258 1760 286 δὲ
1776 259 1818 291 είς
1831 260 1905 296 ἡμᾶς

1120 304 1248 338 γινόμενα
1260 304 1304 330 ὅτε
1314 305 1348 331 τὰ
1359 304 1540 340 προλεχθέντα
1553 304 1586 330 δι’
1596 304 1684 340 ἔργων
1692 306 1784 341 χωρεῖ,
1799 304 1838 333 Τὰ
1847 313 1904 341 ση-

1117 350 1186 384 μεῖα
1201 349 1284 385 ἡμῶν
1297 352 1352 377 οὐκ
1372 350 1505 385 εἴδομεν·
1520 351 1552 377 δι’
1570 351 1584 377 ὃ
1598 352 1653 378 οὐκ
1673 351 1759 378 ἔστιν
1773 351 1820 378 ἔτι
1832 359 1903 387 κροι

1119 396 1226 431 primo,
1243 397 1291 423 καί
1307 395 1385 431 ἡμᾶς
1397 398 1433 423 οὐ
1444 397 1587 431 γνώσεται
1598 397 1651 423 ἔτι.
1664 397 1695 424 Et
1709 397 1758 433 μὲν
1770 396 1824 434 γὰρ
1837 397 1906 434 πρὸς

1119 443 1212 478 καιρὸν
1227 443 1328 478 βραχὺν
1342 443 1458 470 διέλιπον
1468 444 1493 469 oi
1508 443 1655 478 προφῆται,
1667 441 1725 470 εἶτα
1740 443 1808 480 μετὰ
1818 443 1907 472 ταῦτα

1119 489 1199 515 πάλιν
1221 489 1408 524 ἀνεφάνησαν,
1431 489 1481 515 οὐκ
1503 489 1536 516 ἂν
1558 489 1676 524 ἐλέγετο,
1701 490 1749 516 καί
1772 489 1851 525 ἡμᾶς
1870 492 1907 518 οὐ

1119 534 1261 569 γνώσεται
1276 535 1333 561 ἔτι⁸
1354 535 1400 561 νῦν
1415 535 1441 562 δὲ
1459 535 1550 570 ἐπειδὴ
1571 535 1640 570 μετὰ
1655 535 1688 562 τά
1703 535 1773 562 κατὰ
1789 535 1837 563 τοῦ
1851 537 1908 563 Σω-

1118 581 1200 616 τῆρος
1215 581 1383 616 τολμηθέντα
1398 582 1498 613 αὐτοῖς,
1522 582 1662 616 Ῥωμαίων
1678 582 1846 609 ἐπιστάντων
1859 583 1908 610 καὶ

1118 626 1163 652 τὸν
1175 627 1257 653 τόπον
1271 628 1303 654 ἐκ
1317 627 1424 663 βάθρων
1441 628 1650 664 ὲρημωσάντων,
1663 628 1781 663 οὐδαμοῦ
1799 629 1906 664 προφῆ-

1117 681 1162 699 ται
1178 673 1305 708 παρῆσαν
1320 675 1375 705 τοῖς
1395 673 1629 708 πολιορκουμένοις
1639 682 1646 688 ·
1665 674 1722 700 ἀλλ’
1736 674 1796 700 οὐδὲ
1810 675 1840 701 ὲν
1851 675 1906 706 τοῖς

1120 718 1188 753 μετὰ
1200 718 1286 746 ταῦτα
1299 720 1404 755 χρόνοις
1416 720 1572 753 γεγόνασιν,
1594 720 1646 746 οὐδ’
1657 719 1773 755 ἤμελλον
1785 719 1908 752 εἰσαῦθίς

1118 771 1182 789 ποτε
1206 764 1418 800 ἀναστήσεσθαι·
1447 765 1610 800 θαυμαστῶς
1637 766 1652 800 ἡ
1680 765 1832 801 πρόρρησις
1860 766 1909 801 φή-

1119 818 1197 839 σασα,
1213 811 1273 836 Οἰνχ
1288 811 1373 836 ἐστιν
1383 811 1425 837 ἐτι
1440 811 1603 845 προφήτης,
1616 812 1750 846 ἐπήγαγε,
1766 811 1817 839 καί
1828 811 1908 848 ἡμᾶς

1117 855 1153 881 οὑ
1177 854 1319 889 γνώσεται
1334 856 1388 883 ἔτι.
1410 856 1470 882 Ὀτι
1497 855 1554 882 οὔτ’
1577 856 1626 883 ἐπὶ
1650 856 1704 883 τῶν
1729 856 1909 884 Βαϐυλωνίων

1117 901 1220 936 χρόνων
1235 901 1354 937 ἥρμοττε
1369 901 1505 936 λέγεσθαι,
1520 902 1576 928 οὒτ’
1588 903 1635 929 ἐπὶ
1646 902 1699 929 τῶν
1712 902 1908 939 παλαιοτέρων.

1119 948 1244 982 Ἤκμαζε
1268 946 1343 981 γοῦν⁸
1359 947 1418 973 καθ’
1443 948 1560 983 ἑκάστην
1583 948 1679 982 γενεὰν
1699 949 1764 983 παρ’
1781 949 1875 980 αὑτοῑς
1894 950 1909 984 ἡ

1115 992 1167 1019 τῶν
1182 993 1329 1029 προφητῶν
1341 993 1459 1029 διαδοχὴ.
1473 993 1490 1028 ἢ
1506 993 1553 1020 καὶ
1566 993 1691 1029 διήρκεσε
1706 994 1803 1029 μέχρις
1816 994 1908 1021 Ἰωάν-

1114 1047 1159 1065 νου
1175 1038 1221 1065 τοῦ
1241 1039 1391 1074 προφήτου.

1149 1085 1223 1117 ’Ἑως
1237 1085 1318 1117 πότε,
1335 1086 1351 1111 d
1368 1085 1450 1117 Θεὸς.
1464 1084 1595 1114 ὀνειδίζει
1610 1085 1627 1111 ὁ
1644 1084 1761 1119 ἐχθρὸς.
1779 1085 1911 1119 παροξύ-

1113 1139 1157 1157 νει
1174 1131 1353 1164 ὑπεναντίος
1366 1130 1399 1158 τὸ
1415 1130 1508 1165 ὄνομά
1519 1138 1577 1158 σου
1593 1131 1636 1163 εὶς
1652 1130 1758 1163 nich
1773 1130 1910 1166 Πολλάκις

1113 1175 1220 1212 εἴρηται
1240 1175 1284 1202 διὰ
1297 1176 1346 1212 τῆς
1361 1176 1429 1212 μετὰ
1450 1178 1544 1212 χεῖρας
1561 1176 1727 1212 προφητείας
1743 1176 1784 1208 τὸ,
1803 1178 1849 1210 εις
1864 1177 1910 1204 πέ-

1113 1224 1178 1255 λος.
1207 1222 1251 1248 Ἐν
1272 1222 1343 1257 ἀρχῇ
1369 1222 1417 1257 μὲν
1443 1223 1496 1258 γὰρ
1520 1222 1642 1257 ἐλέγετο⁶
1667 1223 1763 1254 ἸνατΙ,
1788 1225 1805 1250 ὁ
1824 1223 1908 1256 Θεὸς.

1113 1267 1222 1294 ἀπώσω
1233 1269 1276 1301 εὶς
1291 1267 1394 1301 τέλος;
1417 1266 1466 1294 εἷθ’
1488 1268 1551 1304 ἑξῆς
1561 1277 1567 1283 ·
1592 1270 1722 1304 Ἔπιιρον
1735 1269 1789 1302 τὰς
1806 1269 1910 1304 χεῖράς

1114 1322 1172 1341 σου
1187 1314 1235 1341 ἐπὶ
1255 1314 1308 1347 τὰς
1329 1315 1535 1349 ὑπερηφανίας
1556 1316 1599 1348 εἰς
1618 1315 1705 1348 τέλος
1715 1323 1721 1330 ·
1736 1315 1782 1341 καὶ
1797 1314 1907 1350 τρίτον·

1115 1361 1277 1395 Πίιροξύνει
1297 1362 1314 1388 ὁ
1329 1362 1508 1394 ὑπεναντίος
1523 1361 1555 1388 τὸ
1568 1360 1659 1396 ὄνομά
1676 1369 1733 1388 σου
1746 1363 1790 1394 εἱς
1800 1361 1906 1394 τέλος·

1115 1407 1161 1433 καὶ
1174 1404 1265 1438 αὖθις·
1288 1406 1374 1433 Ἰνατί
1389 1406 1589 1441 ἀποστρέφεις
1601 1407 1658 1440 τὴν
1685 1406 1768 1441 χεῖρά
1782 1413 1842 1433 σου
1858 1406 1908 1433 καὶ

1113 1452 1170 1485 τὴν
1178 1452 1281 1484 δεξιάν
1288 1460 1346 1479 σου
1353 1453 1386 1480 ἐκ
1392 1453 1491 1487 μέσου
1499 1452 1552 1479 τοῦ
1560 1453 1675 1479 κόλπου
1682 1461 1740 1479 σου
1748 1454 1792 1485 εις
1800 1452 1910 1485 τέλος

1113 1499 1146 1526 δι’
1160 1496 1196 1525 ὧν
1212 1500 1226 1526 ό
1242 1499 1321 1533 λόγος
1336 1499 1385 1534 τὴν
1400 1499 1558 1526 τελευταίαν
1580 1499 1735 1534 πολιορκίαν
1757 1498 1805 1525 τοῦ
1822 1499 1909 1525 τόπου

1115 1545 1252 1581 σημαίνει.
1272 1544 1474 1580 Πυνθανόμενος
1491 1545 1519 1572 δὲ
1539 1546 1585 1572 καὶ
1605 1545 1706 1579 λέγων·
1724 1545 1802 1578 Ἕως
1822 1546 1910 1578 πότε,

1115 1591 1131 1616 ό
1161 1589 1242 1622 Θεὸς,
1265 1589 1385 1616 ὀνειδιεῖ
1399 1591 1415 1616 ό
1430 1590 1556 1624 ἐχθρός
1580 1589 1733 1624 διδαχθῆναι
1760 1590 1839 1616 ποθεῖ
1858 1591 1911 1622 ἕως

1116 1634 1180 1660 πότε
1203 1633 1279 1660 ταῦτ’
1299 1634 1385 1665 ἔσται,
1411 1635 1459 1660 καὶ
1481 1634 1522 1665 τίς
1549 1634 1624 1661 ἔσται
1642 1635 1659 1667 ἡ
1678 1635 1835 1670 περιγραφὴ
1862 1635 1910 1662 τοῦ

1116 1680 1222 1715 χρόνου,
1232 1681 1276 1707 καὶ
1286 1680 1366 1716 μέχρι
1384 1680 1454 1712 τίνος
1471 1680 1616 1715 παροξύνει
1626 1681 1664 1716 (1)
1675 1681 1689 1707 ὁ
1703 1682 1867 1714 ὑπεναντίος
1880 1682 1911 1709 τδ

1115 1725 1200 1760 ὄνομά
1218 1734 1274 1757 σου,
1290 1727 1337 1752 καὶ
1353 1727 1377 1752 εί
1395 1726 1515 1762 διαμένει
1531 1728 1570 1758 είς
1582 1726 1657 1759 τέλος
1672 1726 1750 1753 τοῦτο
1768 1727 1910 1763 πράττων.

1116 1769 1172 1798 Εἶτ’
1185 1771 1338 1804 ἀκολούθως
1353 1772 1516 1800 πυνθάνεται
1530 1772 1578 1808 τὴν
1591 1771 1692 1799 τούτων
1704 1772 1794 1799 αἰτίαν
1808 1773 1909 1805 ἀξιῶν·

1116 1816 1157 1842 διό
1171 1824 1268 1850 φησιν·
1292 1816 1378 1843 Ἰνατι
1395 1817 1592 1851 ἀποστρέφεις
1605 1816 1662 1851 τὴν
1690 1817 1773 1851 χεῇοά
1785 1826 1848 1844 σου
1863 1819 1912 1845 καὶ

1116 1862 1174 1895 τὴν
1186 1861 1289 1893 δεξιάν
1299 1870 1357 1889 σου
1377 1862 1412 1889 ἐκ
1429 1862 1527 1897 μέσου
1543 1863 1594 1889 τοῦ
1608 1863 1724 1890 κόλπου
1736 1872 1794 1890 σου
1807 1865 1855 1898 είς
1868 1865 1914 1892 τέ-

1116 1909 1192 1940 λος;
1211 1908 1242 1934 Ἦ
1258 1908 1286 1934 δὲ
1301 1908 1348 1934 τοῦ
1370 1908 1449 1942 λόγου
1465 1908 1567 1935 διάνοια
1583 1908 1676 1935 τοῦτον
1693 1908 1749 1944 ἔχει
1768 1908 1815 1936 τὸν
1827 1910 1912 1937 νοῦν·

1117 1955 1131 1981 ό
1142 1954 1240 1986 κόλπος
1253 1954 1299 1981 τοῦ
1315 1954 1382 1981 Θεοῦ
1395 1955 1504 1989 ἀγαθῶν
1518 1956 1575 1981 ἐστι
1588 1955 1703 1991 πλήρης,
1716 1955 1756 1982 διδ
1768 1955 1912 1983 λέλεκτςιν

1117 2000 1290 2036 Μονογενὴς
1304 2000 1370 2034 Υἱὸς
1382 2002 1398 2028 ὁ
1412 2001 1455 2028 ὣν
1467 2002 1510 2034 εις
1523 2001 1577 2028 τὸν
1587 2001 1702 2028 κόλπον
1713 2001 1767 2028 τοῦ
1782 2003 1913 2037 Πατρός,

1117 2047 1231 2080 ἐκεῖνος
1244 2046 1425 2082 ἐξηγήσατο.
1443 2047 1498 2074 Καὶ
1510 2047 1583 2073 ἔστιν
1599 2047 1754 2083 ἀπόρρητος
1768 2045 1848 2080 οὗτος
1863 2050 1914 2084 τῆς

1124 2093 1264 2128 Παπρικῆς
1272 2092 1397 2127 θεότητος
1413 2092 1548 2128 θησαυρὸς
1560 2092 1607 2120 καὶ
1621 2093 1756 2128 πλήρωμα
1767 2093 1823 2119 τῶν
1840 2093 1912 2128 ἀγα-

1118 2135 1171 2162 θῶν
1186 2136 1322 2167 ἁπάντων,
1333 2136 1362 2169 ἐξ
1375 2134 1412 2162 ὦν
1427 2136 1517 2163 δίδωσι
1534 2137 1567 2163 τὰ
1582 2137 1738 2172 χαρίσματα
1750 2138 1807 2168 τοῖς
1823 2137 1914 2170 ἀξίοις

1117 2181 1210 2208 αὑτοῦ.
1228 2182 1304 2208 Ἐπεὶ
1324 2181 1414 2209 τοίνυν
1431 2183 1462 2208 ὲκ
1483 2183 1565 2217 μέσου
1586 2182 1634 2209 τοῦ
1657 2183 1757 2209 κόλπου
1777 2183 1812 2209 τὰ
1829 2184 1914 2220 χαρί-

1118 2236 1209 2263 σματα
1224 2229 1280 2260 τοῖς
1305 2227 1389 2260 ἀξίοις
1404 2229 1530 2264 δωρεῖται
1552 2229 1678 2255 ἐκτείνων
1693 2229 1733 2261 είς
1746 2229 1847 2263 αὐτοὺς
1862 2231 1913 2266 τὴν

1118 2272 1214 2299 ἑαυτοῦ
1227 2272 1328 2306 δεξιὰν,
1342 2272 1397 2299 ἀπὸ
1409 2273 1438 2299 δὲ
1451 2266 1505 2299 τῶν
1521 2273 1558 2308 μὴ
1576 2273 1659 2305 ἀξίων
1678 2273 1845 2309 ἀποστρέφει
1861 2275 1912 2311 τὴν

1118 2319 1196 2353 χεῖρα
1215 2318 1263 2354 τὴν
1279 2317 1379 2351 δεξιὰν,
1395 2318 1476 2354 μηδὲν
1499 2318 1587 2346 αὐτῶν
1610 2319 1664 2345 τῶν
1681 2321 1709 2346 ὲν
1729 2320 1804 2355 αὐτῷ
1824 2321 1915 2356 δηλω-

1117 2363 1190 2390 θέντι
1218 2364 1310 2400 κόλπῳ
1338 2364 1559 2399 τεταμιευμένων
1585 2365 1694 2399 ἀγαθῶν
1721 2366 1911 2402 δωρούμενος·

1117 2410 1228 2442 εἰκότως
1265 2410 1428 2437 πυνθάνεται
1452 2410 1551 2444 λέγων·
1585 2411 1672 2437 Ἱνιιτί
1708 2411 1914 2447 ἀποστρέφεις

1116 2455 1175 2489 τὴν
1185 2455 1269 2490 χετίπά
1284 2463 1342 2482 σου
1357 2456 1403 2482 καὶ
1417 2455 1475 2489 τὴν
1494 2456 1598 2488 δεξιάν
1617 2464 1675 2483 σου
1693 2456 1727 2483 ἐκ
1740 2458 1841 2491 μέσου
1857 2457 1913 2484 τοῦ

1094 2533 1098 2538 _
1116 2503 1231 2529 κόλπου
1252 2509 1310 2528 σου
1331 2503 1374 2535 εις
1394 2502 1497 2535 τέλος;
1515 2503 1569 2529 Καὶ
1591 2502 1671 2529 πάλιν
1690 2503 1852 2539 προστίθησι
1869 2503 1910 2535 τὸ,

1116 2549 1159 2580 εἰς
1179 2548 1276 2580 τέλος,
1295 2548 1444 2583 σημαίνων,
1465 2548 1502 2580 ὡς
1523 2549 1680 2584 ἀποστροφὴ
1700 2549 1749 2584 τῆς
1770 2550 1819 2576 τοῦ
1839 2549 1910 2577 Θεοῦ

1117 2593 1205 2625 δεξιᾶς
1222 2594 1261 2624 εἰς
1273 2593 1347 2626 τέλος
1364 2593 1438 2620 ἔσται
1460 2594 1560 2626 αὐτοῖς.
1579 2594 1627 2620 Διὰ
1641 2594 1668 2620 δὲ
1684 2594 1734 2629 τῆς
1747 2595 1910 2631 ἐρωτήσεως

1117 2639 1164 2666 ἐπὶ
1184 2638 1232 2674 τὴν
1253 2639 1365 2674 ζήτησιν
1388 2639 1437 2674 τῆς
1459 2639 1548 2670 αἰτίας
1570 2640 1643 2674 ἡμᾶς
1665 2639 1802 2675 διεγείρει,
1820 2641 1857 2671 ὡς
1874 2641 1909 2667 ἂν

1118 2683 1284 2719 ζητήσαιμεν
1298 2684 1324 2710 τί
1340 2685 1369 2710 τὺ
1388 2684 1471 2711 αἴτιον
1487 2685 1630 2719 γεγένηται
1643 2684 1690 2711 τοῦ
1710 2687 1748 2716 εἰς
1765 2685 1839 2717 τέλος
1856 2686 1908 2712 αὐ-

1117 2730 1180 2760 τοὺς
1196 2729 1391 2764 ὰποὸληθῆναι.
1413 2730 1443 2756 Εἰ
1468 2730 1516 2764 μὲν
1531 2730 1585 2764 γὰρ
1604 2730 1739 2765 ἁμαρτίας
1755 2731 1801 2756 καὶ
1815 2739 1907 2765 παρα-

1118 2773 1212 2808 νομίας
1229 2774 1380 2800 αἰτιάσαιτό
1396 2783 1446 2806 τις,
1460 2773 1526 2800 ἀλλὰ
1545 2774 1591 2800 καὶ
1605 2774 1687 2800 πάλαι
1703 2773 1813 2799 τοιαῦτα
1832 2773 1907 2808 πρά-

1119 2819 1217 2852 ξαντας
1228 2819 1325 2850 αὐτοὺς
1339 2819 1459 2855 ἔγνωμεν
1469 2819 1515 2846 καὶ
1525 2819 1562 2855 μὴ
1577 2818 1750 2849 ἀπωσθέντας
1761 2819 1799 2850 εις
1812 2817 1906 2851 τέλος-

316 2907 442 2948 (UForte
452 2909 590 2946 legendum
603 2911 755 2948 παροξυνεῖ,
766 2918 792 2942 ct
807 2923 880 2947 mox,
900 2916 1030 2952 διαμενεῖ.
1047 2917 1123 2946 Eutr.
