2024 3214
131 201 181 230 861

655 230 659 238 ,
690 201 940 231 communem
960 203 994 232 IN
1011 203 1182 233 PSALMOS.
1221 191 1287 227 7’5

1682 203 1736 232 861

133 260 243 298 μυρίους
256 260 311 296 γὰρ
321 260 463 296 ἀθεμίτους
480 249 591 296 πράῷς
605 262 724 297 μοιχείας
737 271 765 288 τε
779 263 827 290 καὶ
843 263 914 289 εἰδω-

966 268 1053 296 erant,
1071 265 1227 299 angelorum
1244 264 1371 296 visiones.
1388 263 1506 300 Spiritus
1519 264 1606 292 sancti
1620 271 1741 299 praesen-

131 306 297 342 λολατριίας,
319 306 465 343 προφητῶν
487 315 516 333 τε
543 307 696 343 ἀναιρέσεις
720 308 914 343 καταλέγουσιν

130 352 219 381 αὐτῶν
231 352 257 378 oi
268 352 431 387 προφητικώ
445 352 533 386 λόγοι·
555 352 612 378 ἀλλ’
628 352 658 379 οὐ
682 352 789 379 πώποτε
802 354 914 388 ἐγκατε-

131 398 279 433 λείφθησαν
301 399 338 429 εἰς
361 397 445 429 τέλος.
473 398 593 433 Συνῆσαν
621 398 648 424 δὲ
678 399 787 430 αὐτοῖς,
814 401 913 436 καίπερ

130 442 241 470 τοιαῦτα
251 441 423 477 πράττουσιν,
438 442 462 468 οἱ
476 442 627 477 προφῆται·
647 443 783 477 ἐγίγνοντο
803 443 831 470 δὲ
850 445 912 479 παρ’

131 489 221 520 αὐτοῖς
237 488 283 515 καὶ
294 488 415 522 ἀγγέλων
425 488 588 522 ἐπιφάνειαι,
601 489 646 515 καὶ
662 489 818 524 Πνεῦματος
834 490 912 523 ἁγίου

966 310 1014 338 tia.
1032 310 1109 343 Quod
1123 318 1187 345 ergo
1208 314 1312 337 tantum
1335 314 1390 337 tam
1408 311 1558 338 inauditum
1575 310 1680 337 facinus
1694 317 1742 336 eo-

966 364 1037 389 rum,
1055 360 1084 383 ut
1110 356 1137 383 in
1161 356 1240 383 finem
1264 355 1425 390 abjiciantur
1451 360 1478 383 et
1505 357 1614 383 dextera
1632 355 1680 383 Dei
1709 354 1744 383 ab

965 402 1005 429 eis
1025 405 1163 428 avertatur
1187 402 1214 428 in
1238 401 1346 428 ﬁnem?
1374 401 1435 430 Haec
1464 409 1544 436 porro
1573 402 1667 429 dicens
1695 401 1744 428 ad-

966 447 1080 474 missum
1100 447 1134 474 ab
1144 448 1184 474 eis
1195 447 1223 474 in
1240 446 1380 474 Christum
1394 446 1441 475 Dei
1457 447 1562 474 facinus
1574 447 1657 474 tacite
1676 446 1743 473 sub-

966 492 1077 518 iudicat.

132 535 276 570 παρουσία.
289 534 321 560 Τί
338 535 424 561 τοίνυν
438 535 467 561 τὸ
487 535 568 567 ξένον,
589 536 635 562 καὶ
655 537 682 562 τί
701 536 825 563 τοσοῦτον
857 539 946 569 αὐτοῖς
964 540 1134 575 τετόλμηται,
1157 539 1195 571 ὡς
1215 540 1255 572 εἰς
1278 540 1352 571 τέλος
1378 540 1475 571 αὐτοὺς
1497 540 1670 575 ἀπωσθῆναι,
1698 539 1744 565 καὶ

130 581 179 616 τὴν
197 580 287 612 δεξιὰν
298 581 345 606 τοῦ
360 580 426 606 Θεοῦ
442 581 644 616 ἀποστραφῆναι
660 582 757 613 αὐτοὺς
784 583 822 613 εἰς
840 583 915 614 τέλος

132 625 194 662 χθὲν
204 625 296 656 αὐτοῖς
309 625 378 652 κατὰ
389 625 435 651 τοῦ
448 626 564 660 Χριστοῦ
581 627 627 652 τοῦ
641 627 707 653 Θεοῦ
717 628 852 663 τόλμημα.

170 684 198 711 '0
215 684 250 710 δὲ
273 684 344 717 Θεὸς
363 685 513 718 ,βασιλεὺς
524 685 607 720 ἡμῶν
628 686 683 719 πρὸ
703 686 809 719 αἰῶνος
822 687 917 721 εἰργά-

132 736 207 757 σατο
221 729 372 763 σωτηρίαν
382 730 416 756 ἐν
428 723 578 764 ιιέσίρ’τῆς
594 730 659 765 γῆς.
675 731 788 758 Διελοὼν
803 732 836 758 τὰ
852 741 916 768 προ-

131 774 290 809 λελεγμένα,
308 774 527 809 ὲπαναλαμόάνει
550 776 613 807 τοὺς
633 776 695 811 περὶ
720 776 770 810 τῆς
790 777 915 812 προνοίας

131 819 234 854 λόγους,
250 820 297 846 καὶ
318 819 367 854 τῆς
393 820 533 855 δυνάμεως
549 821 594 846 τοῦ
615 821 682 847 Θεοῦ
703 822 849 857 παρίστησι
866 823 915 854 τὰς

133 865 339 900 μεγαλουργίας,
354 865 488 901 εὐκαίρως
505 866 624 898 εὐσεϐεῖς
640 867 799 902 προϊέμενος
813 868 912 902 φωνὰς,

130 910 167 943 ὼς
192 910 225 937 ἂν
248 911 285 946 μή
312 920 353 942 τις
376 911 505 946 νομίσειε,
523 912 566 939 διὰ
589 913 619 939 τδ
643 912 679 948 μὴ
702 914 800 948 ὲφορᾷν
823 915 913 944 αὐτὸν,

133 956 199 992 μηδὲ
221 957 375 983 ἐπιστατεῖν
387 958 443 988 τοῖς
465 958 531 984 πᾶσι
551 957 584 984 τὰ
606 958 786 993 προλεχθέντα
802 961 914 994 γεγενῆ-

133 1000 204 1028 σθαι.
218 1001 263 1027 Διό
278 1010 375 1036 φησιν·
394 1002 424 1028 Εἰ
446 1001 592 1028 καὶταῦτα
614 1002 706 1029 τοῦτον
725 1004 848 1039 ἐπράχθη
870 1004 915 1030 τὸν

131 1046 245 1082 τρόπον·
260 1047 316 1074 ἀλλ’
329 1048 402 1081 ὅμως
421 1048 599 1083 πεπείσμεθα,
614 1048 654 1074 ὅτι
672 1049 703 1075 σὺ
720 1049 734 1075 ὸ
746 1049 810 1080 Θεὸς
827 1049 913 1084 ἡμῶν,

129 1091 158 1118 ὃν
170 1092 218 1119 καὶ
236 1092 345 1127 βασιλέα
359 1093 436 1128 ἡμῶν
449 1091 518 1119 εἶναι
537 1093 713 1129 γνωρίζομεν,
736 1095 823 1129 κρίσει
839 1095 916 1130 βασι-

130 1136 191 1172 λικῇ
216 1137 264 1163 καὶ
288 1137 348 1172 θείᾳ
367 1138 454 1164 πάντα
478 1139 627 1173 οὶκονομεῑς
654 1139 700 1165 ἐπὶ
726 1140 847 1175 σωτηρίᾳ
863 1141 916 1167 τῶν

129 1182 210 1209 δλων·
232 1182 263 1209 Ὀ
279 1182 333 1218 γὰρ
363 1183 434 1216 Θεὸς
459 1182 553 1217 ἡμῶν,
575 1184 724 1219 ﬂavusqu
751 1185 834 1219 ἡμῶν
860 1187 916 1220 πρὸ

130 1227 236 1260 αᾱῦνος
257 1227 414 1262 εἰργάσατο
441 1229 589 1262 σωτηρίαν
612 1230 646 1256 ὲν
662 1229 746 1264 μέσῳ
774 1230 827 1263 τῆς
849 1231 914 1265 γῆς.

125 1273 206 1312 ,‘nn'
222 1274 247 1300 εἰ
272 1273 319 1300 καὶ
340 1274 368 1300 ὲν
387 1275 436 1309 μιᾷ
452 1275 537 1309 γωνίᾳ
561 1275 612 1309 γῆς
633 1275 744 1301 τοιαῦτα
764 1276 915 1312 πραχθῆναι

125 1309 342 1356 Ῐσυγκεχώρηκας
359 1319 402 1345 διὰ
423 1320 484 1351 τοὺς
503 1321 648 1356 οἰκήτορας
669 1321 716 1347 τοῦ
738 1309 837 1347 τιέουῖ
860 1309 915 1348 αλλν

129 1363 203 1399 ὅμως
220 1364 399 1400 πεπείσμεθα,
412 1365 452 1391 ὅτι
470 1366 529 1397 τοὺς
542 1366 600 1393 καθ’
615 1367 678 1401 ὅλης
689 1367 739 1401 τῆς
754 1367 913 1402 οἰκουμένης

124 1404 272 1441 ῐοἰκοῦντας
292 1410 449 1446 ἀνθρώπους
475 1412 607 1446 σωτηρίας
618 1412 751 1445 ἀξιώσεις,
768 1407 914 1440 ’ξὺνέαυτοῦ

124 1455 246 1491 ,Χριστὸν
259 1457 368 1491 ἐγείρας
380 1457 482 1484 ἅπασιν
494 1457 645 1493 ἀνθρώποις
665 1459 786 1494 Σωτῆρα.
804 1459 857 1485 Καί
872 1468 916 1494 μοι

123 1495 202 1527 ’δοκεί
213 1501 246 1527 δι’
260 1501 318 1532 ἐνὸς
334 1501 380 1528 τοῦ
399 1502 466 1536 μετὰ
483 1504 576 1538 χεῖρας
595 1504 682 1538 στίχου
696 1503 788 1539 ὥσπερ
801 1504 915 1531 ἀνταπό-

129 1545 201 1572 δοσιν
223 1548 356 1574 ποιεῖσθαι
377 1548 430 1573 τῶν
452 1548 681 1584 ἐπηπορημὲνωνο
706 1550 764 1575 ἀντὶ
785 1550 838 1585 γὰρ
863 1551 914 1576 τῶν

132 1592 341 1628 συμϐεϐηκότων
365 1594 434 1620 κατὰ
448 1595 494 1620 τοῦ
511 1595 672 1629 δηλωθέντος
694 1596 786 1627 τόπου,
803 1597 915 1631 έργάσε-
929 1607 950 1636 C

130 1647 185 1670 ται,
199 1638 291 1673 φησὶν,
307 1640 321 1665 ὁ
336 1639 400 1670 Θεὸς
423 1639 556 1675 σωτηρίαν
573 1640 601 1666 ἐν
615 1640 690 1675 μέσῳ
701 1641 749 1676 τῆς
766 1641 827 1676 γῆς.
847 1642 912 1667 Συν-

130 1682 203 1718 ήθως
215 1683 243 1709 δὲ
257 1683 304 1709 καὶ
322 1683 368 1709 νῦν
384 1684 417 1710 τὰ
435 1684 548 1719 ἐσόμενα
571 1684 608 1715 ὡς
624 1686 804 1720 παρῳχηκότα
821 1686 913 1712 Θεσπί-

81 1743 82 1746 η
130 1728 179 1760 ζει.
201 1726 267 1755 Εἶτα
282 1729 400 1755 διδάσκει
412 1729 474 1764 ἑξῆς
493 1730 586 1761 ὁποίας
599 1730 648 1766 ἤδη
665 1731 747 1757 πάλαι
760 1731 888 1768 πρότερον
901 1734 914 1759 ὁ

131 1774 196 1806 Θεὸς
208 1775 407 1809 κατειργάσατο
424 1775 639 1811 θαυματουργίας
655 1776 739 1810 λέγων
749 1786 755 1792 η
775 1778 815 1804 Σὺ
830 1779 914 1813 ἐκρα-

129 1820 259 1853 τίιὶωσας
272 1821 308 1847 ἐν
319 1820 355 1855 τῇ
372 1821 492 1855 δυνάμει
507 1830 564 1849 σου
585 1822 641 1856 τὴν
654 1823 822 1851 θάλασσαν.
847 1826 914 1852 Ἀντὶ

130 1865 157 1892 δὲ
172 1865 229 1897 τοῦ,
250 1866 290 1892 Σὺ
314 1866 348 1892 δὲ
363 1867 574 1900 ἑκρατιιίωσας,
595 1869 608 1894 ὁ
625 1868 779 1904 Σύμμαχος,
797 1870 838 1896 Σὺ
857 1870 914 1897 διε-

130 1910 283 1944 σκέδασιις
307 1911 344 1945 τῇ
371 1913 456 1946 ἰσχύϊ
477 1920 535 1939 σου
558 1913 613 1946 τὴν
636 1914 803 1947 θάλασσαν,
824 1917 914 1951 ἡρμή-

129 1961 216 1983 νευσε.
232 1957 285 1984 Καί
302 1966 347 1993 μοι
368 1958 441 1985 δοκεῖ
460 1958 504 1985 διὰ
530 1960 629 1986 τούτων
644 1959 681 1991 ὡς
694 1961 760 1995 πρὸς
774 1961 823 1996 τὴν
842 1962 914 1988 ἱστο-

133 2002 193 2034 ρίαν
220 2003 361 2037 σημαίνειν
371 2004 420 2039 τὴν
442 2004 487 2030 ἐπὶ
522 2005 642 2036 Μωσέως
667 2006 813 2041 γενομένην
833 2006 914 2032 δίοδον

130 2047 177 2074 τοῦ
191 2047 256 2074 λαοῦ
268 2048 312 2075 διὰ
331 2048 379 2083 τῆς
397 2049 528 2084 Ἐρυθρᾶς
544 2050 687 2085 θαλάσσης.
711 2051 755 2077 Διὸ
779 2051 848 2078 κατὰ
867 2053 914 2086 μὲν

129 2093 176 2118 τὸν
194 2093 341 2128 Σύμμαχον
362 2094 480 2130 εἴρηται,
498 2095 538 2122 Σὺ
558 2095 755 2128 διεσκέδασας
775 2096 812 2129 τῇ
835 2097 916 2130 ὶσχύῖ

130 2145 188 2167 σου
207 2142 263 2173 τὴν
278 2141 452 2167 θάλασσαν’
470 2141 538 2168 κατὰ
565 2142 593 2169 δὲ
615 2142 659 2168 τὸν
678 2142 851 2174 Θεοδοτίωνα,
873 2143 915 2169 Σὺ

129 2184 293 2218 διέστησας
318 2186 353 2212 ἐν
371 2186 406 2220 τῇ
437 2187 559 2221 δυνάμει
583 2195 640 2214 σου
667 2187 723 2221 τὴν
746 2187 914 2215 θάλασσαν.

131 2228 195 2258 Εττα.
219 2232 281 2263 τοὺς
305 2232 470 2265 Αἰγυπτίους
494 2232 541 2258 καὶ
564 2232 609 2258 τὸν
634 2232 731 2267 Φαραὼ
754 2233 914 2260 αἰνίττεσθαί

925 593 931 616 ;
949 585 1041 619 Λέγων
1057 585 1084 611 δὲ
1102 585 1197 617 ταῦτα,
1228 586 1373 612 αἰνίττεται
1396 586 1605 621 σεσιωπημένως
1624 583 1654 611 τὺ
1676 592 1745 619 πρα-

1001 684 1083 713 Vsus.
1100 685 1192 712 12—!8.
1221 685 1290 712 Deus
1305 690 1391 712 autem
1411 693 1456 711 rem:
1479 689 1566 712 noster
1587 689 1646 712 ante
1662 695 1746 712 stum-

967 733 1021 758 lum
1039 737 1159 765 aperatus
1174 736 1211 758 est
1228 734 1339 758 salutem
1353 732 1379 758 in
1395 731 1479 758 medio
1496 737 1584 759 terror.
1596 731 1744 767 Postquam

967 777 1094 812 praedicta
1109 777 1254 808 recensuit,
1267 785 1407 804 sermones
1430 777 1463 804 de
1483 777 1651 812 providentia
1673 786 1744 805 resn-

966 822 1024 855 mit,
1040 826 1121 855 atque
1135 821 1241 848 virtutis
1252 821 1299 848 Dei
1316 821 1433 856 ingentia
1444 829 1525 856 opera
1536 822 1667 853 declarat,
1686 823 1746 857 pias

966 871 1117 902 opportune
1137 874 1218 894 voces
1233 867 1391 901 proferens:
1410 875 1444 894 ne
1465 867 1527 901 quis
1553 871 1658 902 putaret
1685 869 1746 896 ideo

964 912 1019 947 jam
1036 916 1185 940 memorata
1209 916 1283 947 gesta
1308 911 1402 943 fuisse,
1423 912 1495 947 quod
1521 911 1592 940 Deus
1619 914 1745 941 universa

966 966 1019 985 non
1034 961 1121 992 curet,
1137 959 1225 991 iisque
1238 966 1291 985 non
1305 958 1455 992 provideat.
1473 957 1655 990 Quamobrem
1680 959 1718 985 ait
1736 968 1743 986 :

966 1003 1022 1030 Etsi
1043 1003 1100 1030 hinc
1121 1004 1169 1030 tali
1194 1003 1272 1030 modo
1288 1007 1363 1038 gesta
1390 1004 1453 1035 sint,
1469 1011 1628 1038 persuasum
1654 1008 1744 1032 tamen

965 1050 1044 1077 nobis
1065 1054 1117 1080 est,
1137 1054 1164 1078 te
1188 1049 1270 1077 Duem
1299 1054 1433 1082 nostrum,
1459 1057 1538 1084 quem
1565 1057 1656 1084 regem
1682 1050 1744 1076 item

965 1099 1089 1123 nostrum
1107 1103 1168 1123 esse
1183 1095 1298 1126 scimus,
1308 1094 1411 1129 judicio
1423 1095 1498 1129 regio
1512 1103 1543 1121 ac
1553 1095 1644 1122 divino
1654 1094 1745 1121 omnia

966 1142 998 1169 ad
1014 1142 1201 1169 universorum
1216 1141 1330 1168 salutem
1344 1145 1495 1175 temperare
1512 1150 1517 1167 :
1531 1148 1593 1167 nam
1618 1140 1687 1167 Deus
1699 1147 1746 1166 no-

965 1189 1018 1211 ster
1030 1191 1075 1210 rea:
1090 1189 1177 1210 noster
1194 1189 1254 1210 ante
1268 1183 1393 1210 amulum
1408 1187 1529 1217 operatus
1540 1187 1578 1210 est
1593 1182 1704 1210 salutent
1717 1182 1745 1208 in

966 1230 1050 1257 medio
1063 1234 1148 1257 terrte.
1164 1229 1202 1257 Ita
1219 1233 1248 1255 ut
1261 1229 1367 1256 etiamsi
1385 1229 1478 1256 isthzcc
1490 1229 1517 1255 in
1531 1236 1585 1255 uno
1601 1232 1680 1255 terrae
1697 1236 1745 1255 an—

966 1276 1029 1310 gulo
1047 1274 1114 1302 emci
1130 1275 1283 1310 permiseris
1300 1282 1392 1301 eorum
1410 1282 1492 1302 causa
1504 1275 1549 1309 qui
1565 1274 1652 1301 locum
1673 1275 1746 1301 inco-

966 1321 1053 1348 lebant
1065 1341 1072 1352 ,
1088 1327 1250 1356 persuasum
1271 1325 1361 1347 tamen
1384 1320 1531 1348 habeamus
1546 1324 1572 1347 le
1587 1327 1681 1348 omnes
1696 1324 1747 1347 ter-

966 1375 1023 1393 ram
1047 1367 1195 1393 incolentes
1221 1366 1346 1394 homines
1367 1366 1453 1393 salute
1482 1366 1657 1401 dignaturum
1671 1387 1677 1398 ,
1697 1366 1744 1401 qui

965 1410 1101 1438 Christum
1120 1415 1195 1437 tuum
1213 1411 1336 1438 excitasti
1353 1411 1472 1438 omnium
1488 1410 1628 1437 hominum
1646 1409 1744 1438 Serva-

967 1462 1062 1484 torem.
1075 1455 1242 1491 Videturque
1259 1456 1326 1482 mihi
1342 1456 1393 1483 hoc
1407 1464 1461 1483 uno
1477 1463 1567 1487 versu,
1581 1456 1658 1490 quasi
1672 1464 1745 1490 quaa-

966 1503 1084 1529 stionum
1099 1502 1260 1529 solutionem
1273 1502 1394 1536 prmberi.
1418 1501 1484 1528 Nam
1505 1509 1598 1528 eorum
1614 1502 1672 1529 vice
1685 1510 1746 1537 qua:

966 1552 1059 1575 contra
1077 1547 1235 1583 praedictum
1255 1548 1342 1574 locum
1358 1550 1510 1582 perpetrata
1523 1550 1597 1578 sunt,
1614 1546 1695 1577 Deus.
1708 1548 1746 1575 in-

966 1593 1035 1628 quit,
1053 1592 1209 1627 operabitur
1222 1592 1335 1620 salutem
1352 1593 1378 1618 ir.
1393 1592 1482 1619 medio
1501 1595 1590 1619 terrae.
1620 1591 1657 1619 De
1671 1600 1746 1620 more

966 1643 1055 1666 antem
1071 1638 1114 1665 hic
1124 1638 1214 1670 futura
1227 1638 1318 1672 utjam
1333 1637 1467 1672 prmterita
1483 1638 1655 1664 vaticinatur.
1666 1637 1746 1664 Dein-

965 1684 997 1710 de
1015 1692 1079 1710 vero
1093 1683 1181 1714 docet,
1195 1683 1284 1718 qualia
1307 1683 1363 1716 jam
1383 1683 1446 1709 olim
1461 1683 1583 1718 prodigia.
1599 1682 1669 1710 Dens
1679 1691 1745 1718 ope-

965 1733 1041 1756 ratus
1057 1729 1101 1760 sit,
1120 1729 1160 1756 sic
1172 1729 1304 1763 loquens:
1323 1728 1362 1755 Tu
1378 1729 1542 1763 conﬁrmasti
1553 1729 1580 1755 in
1593 1729 1687 1755 virtute
1699 1733 1745 1756 tua

965 1784 1048 1803 mare.
1065 1775 1118 1802 Pro
1134 1775 1179 1802 illo
1196 1778 1298 1806 autem,
1318 1779 1345 1800 tu
1363 1775 1536 1809 conﬁrmasti,
1555 1774 1744 1810 Symmachus,

967 1821 1005 1847 Tu
1023 1820 1160 1854 dissipasti
1180 1821 1274 1847 virtute
1292 1824 1337 1846 tua
1364 1828 1453 1852 mare,
1474 1820 1666 1855 interpretatus
1692 1825 1744 1849 est.

965 1865 997 1891 Et
1014 1865 1079 1892 mihi
1106 1865 1215 1900 quidem
1242 1865 1350 1891 videtur
1367 1864 1496 1892 historice
1515 1865 1635 1893 indicare
1654 1867 1746 1901 populi

965 1918 1012 1945 per
1021 1918 1094 1937 mare
1105 1910 1227 1937 Rubrum
1241 1911 1310 1937 duce
1327 1910 1417 1945 Moyse
1430 1911 1585 1938 transitum.
1598 1910 1687 1944 Quare
1702 1919 1747 1939 se-

965 1956 1083 1982 cundum
1102 1955 1293 1990 Symmachum
1306 1955 1405 1982 dicitur
1422 1965 1427 1982 :
1444 1955 1483 1982 Tu
1502 1955 1639 1990 dissipasti
1651 1956 1745 1984 virtute

966 2005 1010 2027 tua
1025 2007 1114 2028 mare:
1127 2000 1277 2027 secundum
1291 1999 1504 2027 Theodotionem
1526 2007 1604 2027 vero:
1620 2000 1659 2027 Tu
1677 2000 1746 2027 diri-

964 2046 1023 2072 sisti
1043 2045 1072 2072 in
1096 2046 1213 2080 potentia
1244 2050 1290 2071 tua
1318 2053 1400 2071 mare.
1426 2045 1527 2072 Deinde
1553 2044 1696 2081 Egyptios
1719 2050 1746 2073 rt

966 2091 1134 2118 Pharaonem
1161 2091 1323 2118 adumbrare
1348 2091 1414 2118 mihi
1435 2090 1552 2124 videtur,
1563 2091 1681 2119 dicens:
1707 2092 1745 2119 Τιι

965 2137 1112 2164 contrivisti
1122 2138 1210 2171 capita
1232 2137 1376 2164 draconum
1390 2137 1418 2164 in
1434 2145 1513 2171 aqua.
1536 2137 1575 2164 Τιι
1597 2138 1744 2172 confregisti

965 2184 1052 2217 capita
1064 2183 1198 2210 draconis.
1212 2182 1264 2210 Per
1277 2183 1423 2211 draconem
1440 2183 1544 2211 scilicet
1566 2183 1746 2216 Pharaonem,

966 2236 1013 2262 per
1036 2229 1124 2263 capita
1140 2236 1205 2255 vero
1228 2229 1298 2263 ejus,
1316 2229 1451 2264 principes
1467 2230 1513 2263 qui
1538 2229 1588 2256 sub
1608 2237 1641 2256 eo
1668 2233 1747 2256 cratt

130 2282 174 2309 μοι
194 2273 269 2301 δοκεῖ
290 2275 415 2308 φάσκων·
440 2275 481 2302 Σὺ
503 2275 685 2309 συνέτριψας
710 2275 761 2307 τὰς
782 2275 914 2309 κεφαλὰς

968 2273 1141 2307 subindicat;
1158 2274 1215 2302 sive
1232 2282 1280 2309 per
1295 2275 1438 2306 dracones.
1460 2274 1616 2310 Egyptios;
1632 2282 1680 2308 per
1698 2281 1745 2300 ca-

129 2317 188 2345 ιῶν
198 2319 369 2354 δρακόντιον
383 2320 432 2346 ἐπὶ
448 2321 500 2346 τοῦ
518 2319 644 2352 ὕδατος·
663 2320 703 2346 σὺ
723 2320 915 2354 συνέθλασας

127 2364 181 2397 τὰς
207 2365 341 2399 κεφαλὰς
360 2365 413 2392 τοῦ
436 2365 612 2399 δράκοντος·
638 2366 770 2400 δράκοντα
797 2367 845 2402 μὲν
870 2367 915 2393 τὸν

127 2409 236 2445 Φαραὼ,
256 2410 375 2444 κεφαλὰς
391 2410 418 2436 δὲ
440 2410 521 2436 αὑτοῦ
548 2411 609 2441 τοὺς
626 2411 671 2437 ὑπ’
688 2411 768 2438 αὑτὸν
784 2411 915 2449 ἄρχοντας

128 2455 327 2489 αἰνιττόμενος·
346 2455 362 2490 ἥ
387 2455 536 2490 δράκοντας
558 2457 620 2487 τοὺς
640 2456 811 2491 Αἰγυπτίους,
832 2466 915 2492 κεφα-

127 2499 175 2532 λὰς
193 2500 222 2527 δὲ
244 2501 332 2527 αὑτῶν
352 2501 414 2532 τοὺς
430 2503 574 2535 τριπτάτας
597 2503 643 2529 καὶ
666 2503 728 2532 τοὺς
749 2504 913 2538 ἡγουμένους

127 2545 217 2572 αὐτῶν
244 2545 391 2580 ὀνομάζων.
420 2547 456 2573 Τὸ
476 2547 522 2579 δὲ,
540 2548 670 2581 Ἕδωκας
695 2549 788 2575 αὐτὸν
809 2549 914 2584 ,βρῶμα

127 2591 208 2623 λαοῖς
225 2591 286 2624 τοῖς
297 2592 442 2625 Αἰθίοψιν,
459 2593 529 2619 εἴποι
546 2594 578 2620 ἄν
590 2603 631 2625 τις
649 2594 683 2620 τὰ
700 2594 783 2629 νεκρὰ
801 2595 914 2630 σώματα

128 2635 226 2669 αὐτῶν,
243 2637 427 2672 ὲκϐρασθέντα
448 2638 497 2673 τῆς
514 2639 658 2673 θαλάσσης,
677 2640 758 2675 βορὰν
774 2640 913 2674 γεγονέναι

126 2683 182 2714 τοῖς
207 2684 341 2714 πετεινοῖς
363 2683 410 2709 τοῦ
436 2684 559 2719 οὐρανοῦ.
582 2686 653 2711 Ἀντὶ
674 2685 702 2711 δὲ
718 2685 774 2717 τοῦ,
790 2686 851 2718 τοῖς
865 2688 913 2713 Ai-

127 2729 237 2762 θιοψιν,
250 2729 264 2755 ὁ
285 2729 334 2764 μὲν
353 2729 476 2760 Ἀκύλας,
497 2730 558 2762 τοῖς
576 2730 829 2765 ἐξελευσομένας,
850 2733 864 2758 ὁ
884 2732 911 2758 δὲ

125 2774 281 2803 Θεοδστίων,
301 2774 339 2806 τῷ
361 2775 488 2809 ἐσχάτῳ,
507 2775 553 2802 καὶ
610 2777 719 2812 πέμπτη
744 2777 857 2809 ἔκδοσις,
873 2777 912 2809 τῷ

125 2819 340 2851 ἐξεληλυθότι,
368 2821 551 2855 ὴρμήνευσαν.
577 2822 637 2848 Τῶν
663 2823 712 2856 μὲν
736 2824 769 2858 τῇ
795 2823 912 2858 Ἐρυθρᾷ

126 2863 246 2899 Θαλάσσῃ
274 2865 533 2892 καταποντωθέντιιιν
562 2867 750 2902 μνημονεύσας
778 2869 792 2894 ὁ
823 2869 909 2903 λόγος,

125 2908 187 2947 ὁξῆς
215 2910 333 2941 καὶτῶν
357 2911 424 2949 μετὰ
450 2912 534 2939 ταῦτα
557 2914 755 2951 πεπραγμένων
782 2915 909 2950 ἀναφέρει

965 2320 1019 2354 pila
1033 2327 1096 2346 vero
1105 2327 1209 2351 eorum,
1226 2319 1361 2354 principes
1381 2323 1407 2347 et
1427 2320 1510 2347 duces
1530 2327 1624 2346 eorum
1641 2318 1745 2353 signiti-

965 2369 1018 2393 cal.
1034 2365 1099 2392 Illud
1112 2369 1212 2396 autem,
1231 2365 1332 2392 Dedisti
1346 2373 1405 2392 eum
1423 2373 1509 2391 escam
1526 2364 1629 2399 populis
1640 2364 1746 2393 (Ethio-

964 2411 1051 2445 pibus.
1063 2412 1104 2439 sic
1117 2411 1234 2446 explicet
1253 2410 1398 2445 quispiam,
1414 2411 1486 2445 quod
1499 2417 1629 2438 cauavera
1651 2419 1744 2438 eorum

964 2455 998 2482 ad
1024 2456 1101 2483 littus
1116 2456 1200 2483 maris
1217 2456 1318 2490 rejecta
1333 2455 1361 2482 in
1387 2463 1479 2483 escam
1503 2456 1658 2484 volatilibus
1682 2457 1743 2484 ραιιί

965 2499 1075 2527 fuerint.
1092 2499 1146 2527 Pro
1161 2501 1208 2527 illo
1220 2504 1321 2532 autem,
1338 2500 1518 2534 Ethiopibus,
1532 2502 1627 2536 Aquila
1637 2523 1645 2533 ,
1660 2511 1745 2538 egres-

964 2546 1032 2572 suris
1044 2554 1053 2577 ;
1068 2545 1228 2577 Theodotio,
1241 2546 1399 2577 nouissimo;
1416 2547 1510 2581 quinta
1526 2547 1619 2579 editio,
1631 2556 1743 2583 egresso,

964 2592 1133 2627 interpretati
1148 2596 1222 2619 sunt.
1240 2592 1384 2627 Postquam
1402 2599 1495 2619 eorum
1510 2594 1555 2628 qui
1573 2594 1598 2620 in
1613 2594 1679 2620 mari
1692 2593 1745 2621 ﬂu-

963 2639 1013 2666 bro
1025 2638 1140 2665 demersi
1162 2642 1225 2664 sunt
1240 2639 1342 2665 mentio
1356 2638 1425 2666 facta
1440 2643 1491 2669 est.
1505 2638 1556 2665 sub
1579 2639 1634 2666 Ilzec
1650 2646 1743 2666 eorum

963 2693 1023 2719 qua:
1035 2688 1127 2719 postea
1142 2687 1218 2719 gesta
1235 2689 1298 2711 sunt
1315 2685 1473 2711 memoriam
1492 2685 1612 2715 refricat,
1628 2684 1741 2712 dicens:

965 2732 1003 2758 Τιι
1029 2730 1153 2764 dirupisti
1176 2730 1261 2764 fontes
1280 2735 1304 2757 et
1317 2734 1453 2757 torrentes.
1469 2729 1527 2757 Non
1541 2731 1612 2757 enim
1637 2729 1743 2765 Moyses

962 2781 1021 2803 erat
1037 2777 1081 2812 qui
1095 2780 1198 2811 petram
1213 2776 1286 2811 virga
1301 2777 1465 2811 percutiens,
1476 2784 1510 2804 ex
1521 2776 1566 2803 illa
1580 2775 1672 2803 eduxit
1682 2775 1743 2803 fon-

963 2828 1004 2850 tes
1020 2827 1046 2849 ct
1063 2827 1212 2856 torrentes;
1233 2823 1279 2851 sed
1302 2827 1341 2854 tu,
1365 2823 1447 2855 Deus,
1464 2830 1535 2854 cras,
1551 2822 1597 2857 qui
1619 2822 1675 2849 haec
1694 2830 1743 2858 per

966 2869 1083 2903 Moysen!
1108 2869 1238 2896 miracula
1253 2869 1389 2904 patrabas.
1407 2869 1484 2902 Quod
1509 2869 1616 2895 additur
1639 2872 1739 2899 autem.

965 2915 1001 2943 Tu
1017 2915 1124 2943 siccasti
1141 2915 1233 2950 patrios
1256 2915 1361 2949 iit/ram,
1376 2915 1408 2943 ad
1424 2914 1568 2942 .Iordanem
1594 2915 1739 2943 reieratur.
