2024 3214
110 179 164 208 865

676 177 928 211 consumam
948 179 980 208 IN
999 178 1169 209 nsanos.
1202 164 1259 219 7'5

1677 179 1730 209 866

110 240 156 269 καὶ
165 240 208 275 ἐφ’
222 239 301 276 ἡμῶν
314 239 481 276 ἱκετεύομεν.
500 241 608 276 Ἐπειδὴ
629 241 676 268 καὶ
693 240 741 268 νῦν
759 242 784 268 οἱ
806 241 897 277 ἐχθροὶ

948 240 1016 274 Quia
1027 240 1083 276 jam
1099 240 1202 268 inimici
1226 239 1374 275 hostesque
1391 240 1487 273 nostri,
1508 247 1564 268 non
1584 240 1665 268 nobis
1685 239 1729 266 de-

109 285 156 313 καὶ
171 285 197 312 oi
214 284 348 321 πολέμιοι,
371 285 420 320 οὐχ
443 285 516 321 ἡμᾶς
540 285 603 317 τοὺς
629 286 830 322 πολεμηθέντας
850 286 898 313 καὶ

110 331 280 367 ὑποχειρίους
289 332 380 364 αὐτοῖς
390 332 560 367 γενομένους,
568 331 634 358 ἀλλὰ
650 332 679 358 σὲ
690 332 734 359 τὸν
743 331 809 359 Θεὸν
822 331 898 367 ἡμῶν

108 376 278 410 ὀνειδίζουσν
296 377 343 404 καὶ
359 377 423 409 λαὸς
433 377 526 413 ἄφρων
538 378 552 404 ὁ
570 377 600 404 σὲ
613 378 658 405 τὸν
675 377 740 404 Θεὸν
757 378 794 414 μὴ
808 377 896 411 εἰδὼς,

109 423 154 450 ἐπὶ
163 423 276 459 δαίμοσι
290 423 318 450 δὲ
334 425 382 450 καὶ
404 423 527 459 πολυθέῳ
539 423 626 460 πλάνῃ
646 423 831 459 καυχώμενος,
849 423 898 459 οὐχ

107 470 190 506 ἡμᾶς,
208 469 277 497 ἀλλὰ
293 469 322 497 σὲ
345 470 434 497 καὶτὸ
447 470 493 497 σὺν
506 470 592 506 ὄνομα
611 470 786 506 παρώξυνεν·
804 468 834 498 οὗ
848 470 898 506 χὰ-

108 523 150 551 ριν
176 514 294 550 δεόμεθα
311 515 357 542 καὶ
375 514 567 550 ἀντιϐολοῦμεν
578 535 585 547 ,
609 515 646 550 μὴ
667 515 790 546 ἐκδότους
808 524 898 551 παρα-

105 561 196 588 Mum
208 562 267 593 τοῖς
280 561 395 597 ἀπηνέσι
408 561 489 597 θηρσὶ
500 561 549 593 τὰς
560 561 649 596 ψυχὰς
661 561 715 588 τῶν
727 561 899 596 ἐξομολογου-

107 607 195 643 μένων
217 615 270 639 σοι,
288 607 355 643 μηδὲ
379 607 463 643 λήθην
486 607 647 643 ποιήσασθαι
661 609 700 639 εις
715 607 745 634 τὸ
757 608 897 639 παντελὲς,

108 651 144 688 μὴ
160 651 228 688 βορὰ
237 651 380 687 γενώμεθα.
391 651 494 687 θηρίων
507 651 595 686 ψυχὰς
610 651 708 677 ἐσθίειν
721 651 879 685 πεφυκότων
890 659 896 666 ·

105 697 197 725 ὁποῖαι
219 698 288 724 εἰσιν
310 698 339 724 αἱ
360 697 545 732 ἀντικείμεναι
568 696 705 732 δυνάμεις,
723 697 750 722 αἱ
771 695 827 722 τῶν
851 695 899 730 ψυ-

107 743 161 778 χῶν
183 743 238 770 τῶν
261 742 438 778 ἀνθρωπίνων
461 742 597 769 ἐπίβουλοι
625 750 655 768 τε
686 742 733 768 καὶ
756 741 896 776 πολέμιοι·

106 788 174 816 ἀλλὰ
184 787 239 824 γὰρ
253 788 418 822 ἐπιϐλεψον
427 789 471 820 εἰς
478 787 535 821 τὴν
542 787 760 820 διαθήκηνσου,
770 787 817 814 καὶ
832 788 899 822 μνή-

107 833 184 869 σθητι
203 833 255 869 τῆς
273 833 410 869 συνθήκης
426 842 484 867 σου,
503 833 538 860 δι’
550 832 584 870 ἧς
603 833 756 868 ηὑδόκησας
773 833 858 860 σῶσαι
869 834 898 860 τὺ

105 879 158 906 τῶν
169 878 321 915 ἀνθρώπων
333 879 421 913 γένος,
436 879 530 914 καινὴν
549 878 678 914 διαθήκην
691 879 780 911 αὐτοῖς
792 878 836 905 διὰ
849 878 895 905 τοῦ

948 287 1056 314 bellatis
1079 286 1187 321 sibique
1204 286 1345 320 subjectis,
1360 285 1407 313 sed
1425 286 1474 318 tibi
1491 286 1547 314 Deo
1567 290 1663 314 nostro
1678 285 1730 312 im-

948 335 1094 368 properant
1108 341 1114 359 :
1129 335 1156 359 et
1167 331 1284 367 populus
1299 331 1441 366 insipiens,
1453 331 1499 366 qui
1514 335 1540 359 te
1554 330 1638 358 Deum
1655 330 1729 365 igno-

948 382 1000 410 rat,
1017 378 1239 412 daamonibusque
1262 384 1295 404 ac
1315 377 1460 404 multorum
1481 377 1622 405 numinum
1635 383 1730 403 errore

947 423 1090 460 gloriatur,
1099 431 1155 450 non
1171 430 1231 455 nos,
1245 422 1293 450 sed
1308 426 1334 450 te
1348 427 1375 450 et
1390 430 1488 450 nomen
1500 426 1576 450 tuum
1594 421 1727 453 incitavit;

948 470 1009 498 ideo
1023 469 1209 504 supplicamus
1222 472 1250 496 et
1267 476 1395 504 rogamus
1405 488 1413 500 ,
1430 475 1465 496 ne
1482 468 1586 495 animas
1601 467 1729 495 conﬁten-

949 517 1015 542 tium
1028 515 1078 542 tibi
1096 514 1262 542 immanibus
1280 513 1347 542 ieris
1362 513 1503 542 dedititias
1521 513 1624 545 tradas,
1642 520 1729 547 neque

948 568 998 588 nos
1017 560 1043 587 in
1057 565 1215 596 perpetuum
1227 559 1409 591 obliviscaris,
1423 567 1457 587 ne
1470 559 1616 587 bestiarum
1625 558 1730 586 animas

947 607 1080 634 devorare
1111 606 1253 633 solitarum
1279 613 1341 634 esca
1364 605 1512 633 evadamus
1528 615 1535 632 :
1550 604 1644 640 quales
1666 608 1730 631 sunt

948 650 1109 678 adversarite
1127 654 1294 685 potestates,
1310 658 1370 685 qua:
1387 650 1515 677 humanis
1530 649 1673 677 animabus
1688 649 1731 675 in-

948 697 1083 725 sidiantur
1106 704 1138 723 ac
1155 697 1254 724 bellum
1271 696 1392 724 inferunt
1409 697 1475 724 :sed
1498 696 1596 730 respice
1610 695 1636 722 in
1649 699 1731 722 testa-

948 747 1063 769 mentum
1080 747 1163 773 tuum,
1179 745 1206 769 et
1223 749 1328 769 memor
1344 745 1403 769 esto
1414 742 1487 776 pacti
1501 742 1552 774 tui,
1568 749 1622 776 quo
1638 740 1733 767 huma-

947 795 1012 815 num
1029 796 1114 823 genus
1131 788 1235 816 salvum
1253 788 1342 815 facere
1357 788 1406 816 tibi
1417 788 1594 822 complacuit,
1605 795 1667 814 cum
1680 794 1731 814 no-

947 841 1010 860 vum
1024 833 1092 868 ipsis
1115 837 1305 861 testamentum
1330 841 1378 868 per
1391 833 1528 860 Christum
1546 836 1622 860 tuum
1634 831 1733 866 elargi-

947 882 991 907 tus
1007 886 1046 906 es.
1057 878 1169 906 Etiamsi
1184 879 1257 906 enim
1267 879 1376 914 quidam
1390 882 1464 912 sunt,
1477 882 1566 906 mente
1581 878 1730 909 obscurati.

105 924 223 961 Χριστοῦ
243 933 289 952 σου
311 924 505 961 δεδωρημένος.
526 925 558 951 Εἰ
582 924 636 959 γὰρ
656 925 704 951 καὶ
724 924 758 951 τὰ
781 924 897 959 μάλιστα

947 925 992 960 qui
1015 925 1093 952 doma
1112 925 1282 960 iniquitatum
1305 925 1400 960 repleti
1427 929 1506 956 sunt.
1521 932 1572 952 nec
1591 924 1732 952 Christum

105 970 233 1006 γεγόνασί
251 979 324 1002 τινες
344 971 529 1007 ἐσκοτωμένοι
551 971 599 1007 τὴν
620 971 740 998 διάνοιαν
762 971 809 998 καὶ
826 971 897 1004 οἴκῳ

105 1017 234 1053 ἀνομιῶν
247 1017 464 1054 πεπληρωμένοι,
487 1017 523 1053 μὴ
536 1017 751 1053 παραδεξάμενοι
768 1017 815 1043 τὸν
829 1017 896 1051 Χρι-

106 1063 167 1089 στόν
189 1070 247 1094 σου,
268 1062 336 1089 ἀλλὰ
358 1063 390 1089 σὺ
408 1063 445 1094 ὡς
468 1063 657 1098 φιλάνθρωπος
680 1062 745 1093 Θεὸς
763 1061 818 1088 τῶν
843 1061 897 1088 σῶν

104 1107 221 1145 πτωχῶν
241 1107 278 1144 μὴ
297 1109 474 1144 ἀποστραφῇς
490 1108 540 1140 τὰς
561 1108 709 1144 ἱκετηρίας.
727 1108 805 1139 Τίνες
820 1108 843 1133 δ’
864 1107 897 1134 ἂν

104 1151 159 1180 εἷεν
174 1153 199 1180 oi
216 1154 319 1188 πτωχοὶ
330 1154 354 1180 οἱ
377 1154 461 1180 ταῦτα
486 1155 555 1190 ὑπὲρ
575 1154 675 1186 παντὸς
695 1154 834 1188 εὐχόμενοι
849 1152 896 1179 τοῦ

104 1197 180 1230 λαοῦ,
192 1198 250 1225 ἀλλ’
264 1199 290 1225 oi
302 1199 348 1225 τοῦ
361 1199 487 1235 Σωτῆρος
501 1200 517 1234 ἡ
522 1199 579 1234 μῶν
591 1200 710 1235 μαθηταὶ
724 1200 770 1225 xui.
782 1199 897 1225 ἀπόστο-

103 1243 144 1271 λοι
172 1244 241 1281 πρδς
265 1244 312 1276 οὓς
338 1244 463 1279 ἐλέγετο·
491 1245 635 1279 Μακάριοι
665 1247 691 1271 οἱ
720 1245 829 1279 πτωχοὶ
857 1243 897 1276 τῷ

104 1290 260 1326 πνεύματι,
276 1290 320 1317 ὅτι
338 1290 464 1325 ὑμετέρα
479 1291 565 1318 ἐστὶν
581 1291 757 1325 ήιϐιισιλεία
775 1289 833 1316 τῶν
845 1291 896 1317 οὺ-

103 1334 220 1370 ρανῶνς
230 1336 340 1368 Τούτοις
352 1336 406 1373 γὰρ
418 1337 465 1363 καὶ
480 1337 593 1368 Ἡσαΐας
607 1336 755 1372 ἐμαρτύρει
769 1337 800 1362 ἐκ
815 1343 898 1370 προσ-

106 1383 181 1411 (ὅπου
194 1383 282 1418 λέγων
301 1384 348 1411 τοῦ
368 1384 499 1420 Χριστοῦ·
517 1383 637 1418 Πνεῦμα
651 1384 760 1417 Κυρίου
777 1383 821 1409 ἐπ’
834 1382 895 1417 ἐμὲ,

106 1429 142 1459 οὗ
161 1431 279 1458 εἵνεκεν
301 1430 404 1465 ἔχρισέ
429 1439 477 1465 με.
498 1430 747 1464 εὐαγγελίσασθαι
770 1428 898 1462 πτωχοῖς

105 1476 276 1504 ἀπέσταλκά
288 1485 336 1511 με.
355 1473 433 1503 οὗτοι
451 1476 524 1510 γοῦν.
539 1475 722 1511 ὑπερηύχοντο
737 1474 782 1501 τοῦ
798 1475 897 1505 παντὸς

105 1521 180 1554 λαοῦ,
199 1521 340 1558 μονονουχὶ
356 1522 490 1557 φήσαντες
504 1521 537 1548 ἂν
552 1522 577 1548 οἱ
592 1522 691 1552 πάντες
707 1521 783 1547 αὐτοὶ
798 1520 897 1555 ὁμοίως

105 1567 204 1603 Παύλῳ
215 1567 247 1594 τό
257 1575 264 1583 ·
274 1568 420 1602 Ηύχόμην
430 1567 562 1602 ἀνάθεμα
573 1566 649 1594 εἶναι
663 1566 737 1600 ὑπὲρ
747 1566 805 1593 τῶν
814 1566 897 1593 ἀδελ-

946 976 1021 998 tuum
1038 971 1190 1006 recipiunt;
1207 975 1233 998 at
1247 975 1274 997 tu
1288 975 1380 1006 utpote
1397 971 1467 998 Deus
1479 971 1600 998 clemens
1611 970 1731 998 homini-

946 1017 1008 1048 bus,
1021 1024 1169 1052 pauperum
1183 1021 1291 1044 tuorum
1306 1016 1518 1051 supplicationes
1533 1024 1566 1043 ne
1585 1016 1731 1044 averseris.

946 1062 1062 1095 Quinam
1082 1070 1146 1090 vero
1168 1070 1302 1097 pauperes
1320 1066 1394 1093 sunt,
1412 1063 1457 1097 qui
1474 1069 1522 1096 pro
1542 1061 1671 1089 universo
1687 1069 1732 1096 po-

946 1108 1010 1143 pulo
1019 1108 1083 1134 talia
1097 1109 1254 1142 precantur,
1269 1107 1322 1135 nisi
1331 1107 1457 1141 discipuli
1474 1106 1628 1134 Servatoris
1643 1105 1731 1134 nostri

946 1157 973 1181 et
991 1153 1118 1188 apostoli,
1133 1153 1233 1187 quibus
1247 1153 1389 1181 dicebatur
1405 1163 1410 1180 :
1428 1153 1504 1181 Beati
1519 1161 1644 1188 pauperes
1656 1154 1732 1187 spiri-

946 1202 984 1229 tu,
1000 1199 1124 1232 quoniam
1139 1203 1252 1225 vestrum
1278 1202 1317 1225 est
1339 1206 1447 1233 regnum
1473 1199 1597 1225 caelorum
1612 1199 1633 1215 "
1644 1198 1655 1225 ?
1668 1197 1731 1225 Haec

946 1245 1019 1271 enim
1037 1243 1122 1271 Isaias
1141 1251 1174 1271 ex
1190 1251 1306 1279 persona
1322 1243 1423 1271 Christi
1436 1244 1635 1272 tcstilicabatnr
1650 1253 1657 1271 :
1675 1244 1732 1278 Spi-

946 1291 1014 1317 ritus
1027 1290 1133 1316 Domini
1146 1297 1223 1324 super
1231 1298 1281 1322 me,
1290 1298 1319 1316 eo
1328 1289 1397 1325 quod
1412 1290 1516 1317 unxerit
1531 1298 1588 1320 me;
1601 1290 1732 1325 euangeli—

947 1343 1007 1362 κατε
1022 1335 1178 1369 pauperibus
1198 1335 1269 1362 misit
1283 1343 1323 1362 me
1334 1335 1366 1362 ".
1380 1334 1412 1362 lli
1427 1335 1519 1370 itaque
1538 1342 1587 1370 pro
1603 1335 1733 1362 universo

946 1382 1047 1417 populo
1062 1382 1255 1417 precabantur,
1272 1381 1342 1408 idem
1361 1380 1416 1408 fere
1436 1381 1558 1409 dicentes
1572 1381 1644 1415 quod
1661 1380 1728 1408 Pau-

947 1429 1012 1456 lus:
1038 1427 1168 1462 Optabam
1187 1427 1326 1454 anathema
1346 1435 1402 1453 esse
1426 1435 1474 1461 pro
1502 1426 1629 1461 fratribus
1656 1427 1731 1458 meis,

947 1474 1065 1509 cognatis
1076 1474 1139 1500 meis
1148 1472 1289 1500 secundum
1304 1480 1419 1504 carnem,
1429 1473 1474 1508 qui
1486 1478 1547 1499 sunt
1557 1471 1730 1499 Israelittz".

947 1519 1001 1554 Ipsi
1013 1527 1122 1554 quoque
1135 1518 1273 1553 prophetae
1291 1519 1349 1549 Dei.
1365 1519 1412 1553 qui
1428 1522 1538 1553 propter
1558 1518 1647 1553 ipsum
1667 1526 1733 1553 pau-

948 1572 1025 1600 peres
1039 1568 1127 1592 erant.
1146 1564 1202 1590 ha'c
1222 1572 1271 1598 pro
1287 1567 1344 1590 tota
1357 1568 1437 1598 gente
1454 1563 1646 1599 precabantur.

104 1615 168 1650 φῶν
180 1623 250 1651 μου,
266 1614 324 1642 τῶν
340 1614 494 1650 συγγενῶν
501 1624 560 1650 μου
589 1614 663 1642 κατὰ
693 1614 800 1648 σάρκα,
814 1613 921 1646 οἵτινές
939 1614 1018 1639 εἶσιν
1043 1611 1232 1646 Ἰσραηλῖται.
1254 1611 1308 1638 Καὶ
1333 1611 1409 1638 αὐτοὶ
1432 1611 1460 1638 δὲ
1485 1612 1510 1638 οἱ
1529 1611 1666 1647 προφῆται
1683 1611 1731 1638 τοῦ

105 1661 183 1693 Θεοῦ,
198 1661 232 1688 δι’
247 1661 328 1688 αὐτὸν
342 1662 535 1697 πτωχεύοντες,
556 1661 632 1688 ταῦθ’
645 1662 714 1697 ὑπὲρ
729 1660 774 1687 τοῦ
794 1660 893 1692 παντὸς
912 1660 1085 1686 καθικέτευον
1098 1659 1199 1690 ἔθνους.

147 1707 292 1740 Ἀνάστα,
319 1709 336 1735 ὀ
366 1709 449 1742 Θεὸς,
475 1708 603 1735 oleae-or
629 1708 687 1742 τὴν
711 1707 800 1742 δίκην
827 1716 895 1739 σου,

984 1706 1066 1733 Vens.
1078 1705 1169 1733 22-25.
1192 1704 1320 1740 Exsurge.
1335 1704 1515 1739 Deus.judica
1527 1711 1636 1732 causam
1648 1708 1732 1737 tuam,

106 1753 256 1790 μνήσθητι
268 1753 328 1781 τῶν
342 1754 519 1789 ὀνειδισμῶν
533 1762 601 1786 σου,
618 1754 676 1782 τῶν
689 1753 748 1781 ὑπὸ
765 1753 896 1788 ἄφρονος

108 1800 185 1834 ὅλην
202 1799 262 1834 τὴν
279 1799 403 1834 ἡμέραν.
420 1800 469 1834 Μὴ
489 1799 616 1833 ἐπιλάϐῃ
641 1799 695 1833 τῆς
718 1797 820 1832 φωνῆς
838 1797 897 1824 τῶν

107 1844 221 1880 ἐχθρῶν
238 1853 297 1873 σου
310 1865 317 1877 ,
338 1845 357 1878 ἡ
385 1839 575 1880 ὑπερηφανία
599 1844 658 1871 τῶν
675 1844 846 1878 μισούντων
860 1851 896 1869 σε

108 1891 199 1925 ἀνέϐη
222 1891 396 1924 διαπαντός.
427 1891 535 1926 Ἐπειδὴ
555 1891 604 1926 οὐχ
635 1891 715 1926 ἡμεῖς
745 1889 896 1925 ἠδικήμεθα

109 1936 176 1963 ἀλλὰ
191 1936 224 1964 σύ
234 1945 241 1952 ·
256 1937 286 1963 σὲ
300 1936 354 1973 γὰρ
366 1937 503 1963 ὠνείδισεν
515 1938 530 1963 6
541 1936 647 1973 ἐχθρὸς,
663 1937 708 1963 καὶ
722 1936 785 1967 λαδς
801 1936 896 1971 ἄφρων

108 1982 138 2010 τὸ
155 1983 202 2010 σὺν
223 1982 308 2018 δνομα
327 1982 486 2022 παρώξυνε’
513 1982 607 2009 τούτου
626 1983 704 2019 χάριν
724 1981 864 2016 ἀνάστηθι,
882 1982 896 2007 ὁ

109 2028 184 2062 Θεδς,
199 2029 247 2056 καὶ
261 2029 372 2056 δίκασον
385 2028 434 2064 τὴν
453 2028 530 2064 δίκην
548 2037 604 2056 σου.
628 2028 706 2055 Κατὰ
720 2028 747 2054 δὲ
763 2027 809 2054 τὸν
822 2027 896 2062 Σύμ-

110 2077 212 2110 μαχον·
233 2073 332 2108 Στῆθι,
349 2076 365 2101 ό
389 2074 478 2107 Θεὸς,
500 2074 696 2109 προμάχησον
720 2073 774 2107 τῆς
796 2072 896 2108 μάχης

109 2129 176 2154 σου,
196 2121 246 2148 καὶ
269 2121 486 2156 μνημόνευσον
514 2120 566 2147 τοῦ
592 2121 728 2153 ὀνείδους
743 2128 800 2146 σου
816 2119 897 2152 παρὰ

109 2166 238 2201 ἄφρονος
251 2167 304 2194 τοῦ
316 2167 364 2194 διὰ
377 2167 478 2200 πάσης
495 2167 616 2201 ἡμέρας.
633 2166 681 2199 Μὴ
698 2165 826 2198 ἐπιλάϐῃ
842 2164 897 2198 τῆς

109 2213 210 2248 φωνῆς
222 2213 281 2240 τῶν
291 2214 441 2248 πολεμίων
451 2221 519 2243 σου,
532 2212 628 2247 ἤγουν
636 2212 673 2248 (1)
684 2212 741 2238 τῶν
750 2212 897 2245 ἀνθεστη-

111 2260 204 2286 κότων
218 2267 279 2290 σοι,
294 2259 400 2293 μέχρις
415 2257 450 2286 οὗ
462 2258 675 2290 ἀναϐαίνοντος
685 2256 897 2289 ἀδιαλείπτως

110 2304 163 2331 Και
176 2305 258 2340 μέχρι
266 2304 366 2331 τούτων
375 2305 481 2331 ἵσταται
489 2304 588 2338 ἁλόγος
600 2302 766 2338 παρακαλῶν
777 2302 822 2329 τὸν
832 2302 898 2329 Θεὸν

111 2349 282 2385 διαναστῆναι
296 2350 343 2377 καὶ
358 2351 464 2377 δικάσαι
479 2350 527 2385 τὴν
545 2349 621 2384 δίκην
637 2348 730 2379 αὑτοῦ,
745 2348 896 2384 μνησθῆναί

948 1760 1045 1779 memor
1059 1756 1114 1778 esto
1126 1750 1325 1785 opprobriorum
1340 1754 1454 1782 tuorum,
1469 1757 1559 1776 eorum
1574 1756 1632 1783 qua:
1645 1748 1677 1774 ab
1690 1749 1732 1775 in-

947 1798 1056 1832 sipiente
1071 1801 1132 1824 sunt
1147 1802 1203 1823 tota
1216 1797 1268 1823 die.
1286 1795 1328 1823 Ne
1344 1795 1508 1823 obliviscaris
1523 1803 1595 1822 uoces
1610 1795 1732 1822 inimico-

948 1852 1006 1870 rum
1022 1848 1138 1874 tuorum.
1155 1842 1278 1877 superbia
1289 1850 1378 1869 eorum
1393 1843 1439 1877 qui
1454 1846 1478 1868 te
1493 1842 1603 1868 oderunt
1615 1841 1732 1868 ascendit

946 1898 1056 1924 semper.
1073 1889 1142 1922 Quia
1169 1897 1223 1916 non
1250 1896 1300 1915 nos
1328 1887 1427 1923 injuria
1452 1887 1541 1915 affecti
1565 1894 1671 1918 sumus,
1683 1886 1732 1913 sed

947 1940 975 1962 tu
990 1945 996 1962 :
1014 1943 1076 1962 nam
1089 1935 1139 1962 tibi
1158 1935 1285 1962 inimicus
1301 1933 1504 1969 improperavit,
1519 1937 1546 1959 et
1561 1933 1677 1968 populus
1691 1932 1733 1959 in-

947 1983 1050 2017 sipiens
1070 1981 1193 2008 incitavit
1210 1988 1307 2008 nomen
1325 1975 1418 2012 tuum;
1434 1979 1496 2006 ideo
1511 1977 1730 2013 exsurge.Deus.

946 2031 973 2055 et
998 2027 1091 2062 judica
1116 2034 1228 2054 causam
1254 2031 1339 2053 tuam.
1357 2025 1513 2052 Secundum
1538 2023 1731 2059 Symmachum

947 2077 1036 2101 autem
1056 2083 1062 2100 :
1082 2072 1142 2105 Sta,
1159 2072 1240 2103 Deus,
1255 2078 1390 2106 propugna
1405 2075 1536 2098 certamen
1550 2075 1635 2102 tuum,
1650 2074 1675 2096 et
1692 2077 1733 2096 re-

947 2118 1057 2145 cordare
1071 2117 1203 2153 opprobrii
1220 2118 1258 2144 tui
1276 2116 1309 2143 ab
1327 2117 1464 2150 insipientia
1479 2124 1525 2150 per
1548 2119 1630 2142 totam
1653 2115 1731 2142 diem.

948 2164 989 2192 Ne
1006 2164 1171 2191 obliviscaris
1187 2171 1260 2190 uoces
1275 2162 1442 2189 inimicorum
1455 2166 1572 2193 tuorum,
1588 2161 1614 2187 id
1628 2166 1676 2192 est,
1690 2169 1734 2187 eos

947 2218 1006 2236 rum
1021 2210 1065 2245 qui
1083 2209 1132 2236 tibi
1155 2209 1296 2235 obsistunt.
1315 2207 1452 2242 Usquequo
1470 2206 1610 2234 ascenderit
1634 2205 1733 2232 indesi-

947 2255 1057 2281 nenter?
1075 2254 1105 2280 l‘Jt
1121 2254 1175 2280 huc
1192 2253 1293 2280 desinit
1306 2260 1408 2284 sermo,
1422 2252 1506 2279 Deum
1523 2258 1624 2286 rogans
1641 2254 1670 2277 ut
1684 2258 1733 2277 ex-

947 2305 1041 2335 surgat
1063 2304 1089 2327 et
1109 2299 1213 2334 judicet
1235 2306 1346 2326 causam
1365 2306 1441 2325 suam
1457 2297 1670 2330 recordeturque
1685 2303 1733 2329 op-

947 2346 1053 2380 probrii
1067 2346 1100 2372 ab
1115 2345 1308 2380 insipientibus
1322 2344 1400 2375 illati,
1420 2350 1507 2377 neque
1523 2341 1653 2369 oblivioni
1676 2345 1733 2367 tra-

112 2403 140 2421 τε
156 2394 204 2422 τοῦ
217 2395 368 2431 ὀνειδισμοῦ
392 2396 445 2422 τῶν
462 2389 603 2431 ἀφρόνων,
624 2394 690 2430 μηδὲ
715 2394 784 2429 λήθῃ
806 2401 895 2429 παρα-

947 2393 992 2420 dat
1007 2400 1086 2419 voces
1101 2392 1273 2419 inimicorum
1287 2399 1319 2418 ac
1330 2390 1484 2425 superbiam
1496 2396 1591 2416 eorum
1603 2387 1650 2422 qui
1661 2395 1733 2415 sem—

113 2440 203 2468 δοῦναι
215 2441 266 2473 τὰς
280 2441 371 2475 φωνὰς
384 2442 437 2468 τῶν
454 2441 559 2477 ἐχθρῶν
576 2442 622 2468 καὶ
645 2441 694 2472 τὰς
709 2439 896 2475 ὑπερηφανίας

112 2486 166 2514 τῶν
184 2486 328 2519 διαπαντὸς
351 2488 547 2524 ἐπαιρομένων,
576 2487 612 2513 Οὺ
643 2487 696 2522 μὴν
717 2487 896 2520 ἐπισυνῆπται

113 2531 216 2564 τούτοις
231 2532 294 2569 ἑξῆς
310 2534 477 2569 χρηστοτέρα
489 2542 530 2565 τις
545 2533 700 2568 ἀπόκρισις,
714 2531 773 2558 οὐδὲ
787 2531 896 2565 ἀγαθῶν

114 2578 264 2613 ἐπαγγελία
291 2581 348 2612 τοῖς
369 2580 520 2615 δεηθεῖσιν,
545 2580 613 2615 ὅπερ
632 2579 705 2605 ἔστιν
729 2579 771 2613 ἐφ’
796 2578 895 2613 ἐτέρων

114 2624 213 2660 εὑρεῖν.
227 2625 326 2660 Διόπερ
341 2625 490 2661 ἀρχόμενος
504 2627 518 2652 ὁ
531 2625 607 2659 λόγος
620 2624 750 2659 ἁπωσμδν
769 2625 808 2655 εἰς
822 2623 897 2655 τέλος

115 2669 242 2697 ﬁlum
253 2672 310 2702 τοῖς
322 2671 504 2707 δηλουμένοις,
519 2672 565 2698 καὶ
579 2671 612 2697 δι’
625 2671 685 2698 ὅλου
696 2671 735 2701 τὸ,
746 2671 789 2702 εὶς
800 2669 896 2702 τέλος,

116 2715 203 2751 ἰπῆτε
216 2717 250 2752 τῇ
265 2716 319 2743 τῶν
340 2716 508 2752 σκυθρωπῶν
523 2717 683 2753 προρρήσει.
698 2716 792 2743 Ἔνθεν
808 2715 899 2751 ὁρμώ-

119 2769 198 2796 μενος
218 2762 266 2789 καὶ
283 2763 298 2789 ὁ
319 2762 389 2794 θεῖος
412 2763 581 2795 Ἁπόστολος,
602 2761 714 2797 γράφων
734 2761 798 2797 περὶ
810 2760 898 2787 αὐτῶν

119 2808 194 2844 Im:
211 2810 241 2837 τὸ
253 2831 262 2843 ,
282 2810 415 2845 Ἓφθασε
432 2811 466 2838 δὲ
479 2812 522 2844 εις
541 2810 651 2843 αὐτοὺς
668 2810 687 2843 ἡ
703 2809 775 2844 ὀργὴ
791 2810 834 2842 εὶς
846 2808 942 2841 τέλος.

421 2866 444 2882 ’⁸
465 2864 516 2893 Isa.
536 2873 597 2899 ut,
615 2865 642 2891 1.
679 2865 702 2880 "
721 2863 800 2891 Rom.
817 2871 860 2897 Ix,
875 2863 902 2895 5,
920 2863 946 2890 4.
985 2864 1007 2879 ³ο
1028 2864 1036 2891 1
1055 2863 1150 2892 Thess.
1170 2872 1208 2898 ιι,
1230 2865 1272 2892 16.

153 2865 175 2880 ’ν
196 2863 289 2891 Ilatth.
307 2873 339 2896 ν,
356 2866 383 2893 5.

154 2911 193 2945 (ί)
214 2909 293 2939 Forte
305 2912 370 2946 ἦχον
376 2934 382 2939 .

947 2446 996 2474 per
1011 2439 1189 2465 extolluntur.
1209 2437 1300 2472 Neque
1314 2441 1403 2463 tamen
1431 2435 1473 2462 his
1500 2435 1571 2462 bona
1591 2433 1733 2468 responsio

947 2483 1085 2517 adjicitur,
1097 2490 1184 2518 neque
1199 2483 1349 2509 orationem
1365 2481 1497 2508 bonorum
1511 2480 1656 2515 promissio
1669 2486 1735 2506 con-

947 2529 1078 2563 sequitur,
1092 2528 1164 2563 quod
1178 2528 1238 2555 aliis
1254 2528 1281 2554 in
1296 2527 1407 2562 psalmis
1422 2526 1541 2561 reperire
1554 2529 1605 2553 est.
1619 2524 1681 2552 Ideo
1698 2525 1733 2552 ab

947 2575 1059 2603 exordio
1076 2575 1253 2610 ahjectionem
1271 2577 1426 2609 perpetuam
1443 2571 1599 2598 memoratis
1617 2570 1734 2598 homini-

950 2621 1001 2648 bus
1018 2620 1230 2651 vaticinabatur,
1248 2623 1275 2647 et
1292 2619 1318 2645 in
1337 2623 1394 2646 toto
1406 2618 1510 2652 psalmo
1523 2617 1642 2644 tristium
1661 2624 1732 2651 prae-

950 2668 1063 2696 dictioni
1089 2666 1165 2700 illud,
1183 2667 1210 2694 in
1237 2667 1325 2702 linem,
1348 2665 1479 2693 subdidit.
1498 2663 1566 2691 liinc
1591 2664 1733 2691 occasione

951 2720 1028 2749 capta
1046 2714 1155 2742 divinus
1168 2714 1325 2749 Apostolus.
1343 2713 1376 2740 de
1391 2711 1487 2740 iisdem
1506 2710 1631 2740 scribens
1643 2709 1731 2738 dixit:

952 2759 1074 2788 Pervenit
1085 2764 1173 2787 autem
1190 2759 1224 2786 ad
1239 2768 1283 2787 eos
1296 2760 1337 2787 ira
1354 2759 1380 2787 in
1394 2759 1472 2794 ﬁnem
1479 2758 1512 2786 ³⁸.
