2024 3214
275 176 328 205 86⁵1

320 233 347 262 ί.
364 231 396 260 IN
417 231 531 264 FINEM,
551 231 596 258 NE
614 229 837 262 CORRUMPAS,
856 228 1018 256 PSALMUS

540 266 663 294 ASAPH.
685 264 800 292 LXXIV.

311 323 393 352 Vens.
408 325 436 352 ‘2.
456 323 646 358 Conﬁtebimur
677 323 735 354 tibi,
764 321 846 354 Deus,
875 321 1056 356 conﬁtebimur
1073 322 1097 351 Α

277 370 335 402 tibi,
352 375 377 397 et
399 371 576 397 invocabimus
591 377 684 396 nomen
706 375 789 395 tuum.
805 368 858 394 Pro
875 368 920 395 illo
939 377 945 394 :
964 366 997 393 In
1024 367 1057 401 fi-

276 424 345 450 nem,
361 425 392 444 ne
408 424 572 450 corrumpas,
588 415 767 451 Symmachus
780 414 820 442 sic
837 415 1032 448 interpretatur
1048 420 1056 439 :

277 462 456 496 Triumphatis
476 463 507 488 de
522 462 717 496 incorruptione
733 460 852 495 psalmus
869 459 977 494 Asaphi.
994 458 1058 485 Ser-

274 515 321 536 mo
337 508 420 543 igitur
435 512 477 535 est
495 509 529 535 de
543 507 756 542 incorruptione,
771 514 830 541 qua:
840 505 921 540 justis
932 505 1058 532 recondi-

274 559 331 586 tur,
344 555 444 590 quibus
457 554 538 581 etiam
553 553 674 581 victoria:
688 552 797 588 praemia
812 559 862 579 ceu
877 551 904 578 in
921 550 1059 578 thesauris

275 601 396 635 reposita
412 604 486 628 sunt.
504 600 683 633 Quamobrem
699 597 869 632 triumphalis
890 597 980 624 dictus
995 600 1037 624 est
1051 606 1057 623 ε

275 652 326 672 nos
340 650 430 672 autent
444 645 558 672 remittit
574 645 601 671 in
617 644 707 676 tinem,
724 643 757 670 de
772 650 826 678 quo
838 642 985 677 Apostolus
1001 642 1058 668 ait:

277 689 378 718 Deinde
399 691 472 725 ﬁnis.
489 699 549 717 cum
571 689 711 717 tradiderit
726 697 834 724 regnum
852 687 906 715 Deo
928 692 953 714 et
973 687 1060 718 Patri,

278 744 337 763 cum
351 736 508 762 destruxerit
520 743 620 762 omnem
635 735 811 769 principatum
826 738 852 761 et
865 737 1020 768 potestatem
1036 737 1062 758 et

277 783 409 809 uirtutem.
425 781 531 816 Oportet
552 782 620 808 enim
643 781 719 807 illum
736 786 855 815 regnare,
877 779 959 805 donec
981 782 1062 812 ponat

279 836 367 855 omnes
384 828 502 854 inimicos
518 829 565 854 sub
579 826 687 861 pedibus
705 826 772 861 ejus.
791 825 942 852 Novissima
954 824 1062 851 inimica

278 873 427 901 destruetur
444 881 512 900 mors
522 873 557 900 “.
573 873 603 900 In
617 872 670 900 fine
681 873 794 907 .quippe.
809 875 942 914 quotquot
966 871 994 897 in
1010 870 1061 897 hoc

611 172 744 201 EUSEBll
763 170 999 201 CESARIENSIS
1017 170 1091 198 OPP.

1115 169 1205 198 PARS
1224 171 1267 199 ιιι.
1286 187 1321 191 -
1340 169 1542 198 EXEGETICA.
1844 170 1898 199 868

1115 229 1169 255 ΕΙΣ
1188 228 1232 255 ΤΟ
1249 229 1368 260 ΤΕΛΟΣ,
1389 230 1440 255 ΜΠ
1461 227 1669 262 ΔΙΑΦΘΕΙΡῌΣ,
1689 227 1835 253 ΨΑΛΜΟΣ
1853 229 1898 263 Tt}

1420 265 1517 290 ΑΣΑΦ.
1536 264 1593 289 OA’.

1152 319 1446 354 Ἐξομολογησόμεθά
1458 328 1507 346 σοι
1517 339 1524 351 ,
1541 321 1557 346 ό
1572 319 1660 351 Θεὸς.
1674 318 1900 354 ἐξομολογησά-

1108 364 1184 399 μεθά
1197 372 1257 396 σοι,
1271 365 1321 391 καὶ
1332 365 1569 399 ἑπικαλεσόμεθα
1584 363 1617 390 τὸ
1629 363 1723 398 ὄνομά
1739 372 1808 390 σου.
1827 364 1900 390 Ἀντὶ

1110 411 1173 443 τοῦ,
1190 413 1242 444 Εὶς
1257 411 1290 438 τὸ
1314 411 1412 443 τέλος,
1429 410 1471 445 μὴ
1494 410 1685 444 διαφθείρῃς,
1703 410 1717 435 ό
1741 409 1900 445 Σύμμαχος,

1117 458 1276 490 Ἐπινίκιος
1292 457 1359 491 περὶ
1383 457 1552 491 ἀφθαρσίας
1574 455 1694 490 ψαλμὸς
1715 455 1770 483 τοῦ
1796 452 1900 493 Ἀσάφ,

1112 504 1295 538 ἡρμήνευσεν.
1318 503 1423 529 οὐκοῦν
1449 502 1512 538 περὶ
1537 501 1692 538 ἀφθαρσίας
1707 502 1721 528 ό
1749 501 1830 536 λόγος
1852 503 1902 538 τῆς

1112 550 1167 580 τοῖς
1181 548 1295 580 δικαίοις
1306 548 1499 584 ἀποκειμένης,
1513 546 1553 579 οἷς
1567 548 1613 574 καὶ
1627 546 1660 573 τὰ
1672 549 1721 583 τῆς
1738 547 1817 582 νίκης
1831 547 1900 574 ἀπο-

1112 594 1323 630 τεθησαὺρισται
1341 594 1463 631 βραδεῖα.
1487 594 1532 620 Διδ
1559 593 1606 620 καὶ
1626 593 1757 625 ὲπινίκως
1773 593 1899 630 είρηται⁴

1113 639 1271 675 ἀναπέμπει
1292 640 1320 666 δὲ
1335 641 1408 675 ἡμᾶς
1423 640 1469 666 καὶ
1483 641 1522 671 εις
1541 639 1571 665 τὸ
1584 639 1672 671 τέλος,
1688 640 1751 675 περὶ
1772 636 1805 666 οὖ
1818 647 1902 676 φησιν

1113 685 1127 711 ὁ
1149 685 1322 716 ’Δτοόστολος-
1341 683 1414 711 Εἶτα
1434 685 1467 711 τὸ
1491 684 1592 717 τέλος,
1609 684 1681 711 ὅταν
1703 685 1823 719 παραδῷ
1843 684 1904 719 τὴν

1111 729 1275 762 ,βασιλείαν
1289 729 1328 762 τῷ
1349 729 1409 762 Θεῷ
1424 729 1472 756 καὶ
1494 729 1606 764 Πατρὶ,
1625 730 1698 756 ὅταν
1725 730 1900 766 καταργήσῃ

1113 775 1216 803 πᾶσαν·
1231 776 1330 810 ἀρχὴν
1347 777 1394 802 καὶ
1410 776 1513 804 πᾶσαν
1526 777 1672 809 ἐξουσίαν
1690 777 1739 803 καὶ
1759 777 1899 812 δύναμινε

1113 822 1162 849 Δεῖ
1173 822 1229 857 γὰρ
1249 823 1342 849 αὑτὸν
1369 823 1552 855 ϐασιλεύειν,
1572 823 1659 857 ἄχρις
1672 818 1707 851 οὗ
1723 823 1760 857 θῇ
1783 823 1903 857 πάντας

1111 867 1183 900 τοὺς
1202 868 1326 902 ἐχθροὺς
1342 869 1402 895 ὑπὸ
1426 868 1496 901 τοὺς
1514 868 1610 901 πόδας
1633 867 1735 895 αὑτοῦ.
1750 869 1902 902 Ἕσχστος

280 919 389 950 saeculo,
406 919 433 945 in
451 919 522 946 bono
537 917 693 953 hujusmodi
709 917 858 944 certamine
872 917 1006 948 vicerunt,
1021 915 1062 943 in-

1113 913 1216 948 ὲχθρὸς
1232 914 1417 948 καταργεῖται
1431 915 1448 940 ὁ
1466 913 1602 948 θάνατος.
1626 914 1674 945 Εἰς
1694 914 1782 940 ἐκεῖνο
1795 914 1853 950 γὰρ
1869 915 1901 941 τὺ

279 968 434 999 corruptam
459 965 543 990 vitam
566 966 779 998 consequentur.
801 962 880 995 Quod
903 962 954 989 sub
979 961 1059 988 linem

279 1017 397 1044 praesens
408 1010 528 1044 psalmus
541 1009 660 1036 declarat
673 1008 714 1035 his
729 1008 817 1035 verbis
830 1018 836 1034 :
850 1007 885 1034 Et
899 1008 988 1033 omnia
1001 1014 1060 1032 cor-

279 1063 332 1083 nua
343 1061 507 1090 peccatorum
524 1055 698 1089 confringam.
714 1059 739 1080 et
761 1053 947 1080 excitabuntur
962 1059 1061 1079 cornua

275 1102 353 1136 justi.
372 1101 438 1128 Nam
465 1108 527 1127 cum
556 1099 667 1135 perinde
692 1103 773 1133 atque
788 1099 934 1133 Apostolus
958 1105 1060 1125 cornua

278 1147 474 1181 confringenda
489 1153 550 1173 esse
564 1145 687 1178 dixisset,
703 1145 805 1171 addidit
827 1143 892 1170 illud
911 1152 918 1170 2
933 1142 966 1169 Et
987 1143 1062 1169 ecat-

280 1193 405 1220 tabuntur
421 1200 521 1218 cornua
532 1191 610 1225 justi,
626 1194 706 1224 atque
718 1189 769 1217 hoc
784 1188 925 1224 praesentis
945 1187 1063 1222 prophe—

279 1240 324 1266 tiae
336 1238 561 1273 complementum
579 1240 630 1264 est.
649 1235 738 1269 Quare
757 1240 785 1262 et
800 1234 920 1269 psalmus
933 1237 961 1261 et
975 1233 1063 1260 canti-

279 1291 342 1311 cum
367 1283 447 1310 simul
473 1284 663 1316 nuncupatur;
688 1289 721 1308 ex
740 1287 855 1315 persona
870 1283 960 1305 autem
976 1279 1063 1312 justo-

280 1336 341 1356 rum
355 1328 461 1355 initium
486 1328 561 1354 ducit
577 1327 672 1354 dicens
688 1335 694 1352 :
712 1324 898 1360 Conﬁtebimur
916 1322 1062 1354 tibi,Deus,

280 1373 528 1408 conﬁtebimur'tibi,
542 1377 566 1399 et
581 1371 757 1399 invocabimus
780 1378 873 1397 nomen
899 1374 982 1397 tuum.
995 1367 1063 1403 Ipsis

279 1427 396 1453 namque
425 1418 491 1446 solis
518 1417 644 1445 convenit
670 1415 807 1443 confessio
829 1423 890 1442 cum
916 1415 1063 1450 gratiarum

280 1464 398 1495 actione,
411 1470 464 1497 qua
481 1461 609 1489 Servator
633 1461 660 1488 in
676 1460 830 1494 Evangeliis
856 1459 929 1485 Patri
952 1457 1065 1485 confite-

279 1510 359 1537 batur
375 1509 470 1536 dicens
483 1518 490 1535 :
507 1507 641 1542 Conﬁteor
658 1507 717 1537 tibi,
733 1506 825 1538 Pater,
841 1505 951 1531 Domine
967 1503 1025 1530 creti
1040 1507 1065 1530 et

281 1556 397 1582 terra".
415 1554 507 1581 Primo
531 1558 620 1580 autem
638 1553 813 1583 conﬁtentur,
828 1551 925 1578 deinde
939 1551 1066 1577 invocant

1111 959 1187 990 τέλος
1197 961 1220 986 ol
1238 959 1309 985 κατὰ
1330 960 1375 985 τὸν
1390 960 1524 986 ἐνεστῶτα
1539 959 1626 986 αἰῶνα
1637 959 1683 986 τὸν
1705 959 1786 986 καλὸν
1805 961 1899 995 ἀγῶνα

1113 1005 1283 1040 νενικηκότες
1308 1005 1356 1040 τῆς
1385 1005 1523 1041 ἀφθάρτου
1549 1004 1622 1039 ζωῆς
1647 1005 1803 1037 stagni/raw
1829 1006 1845 1032 ὃ
1869 1006 1901 1042 δὴ

1114 1049 1181 1084 πρὸς
1194 1051 1249 1080 τοῖς
1261 1049 1424 1080 τελευταίοις
1442 1050 1489 1076 καὶ
1503 1051 1516 1076 ὁ
1531 1050 1600 1084 μετὰ
1614 1051 1707 1084 χεῖρας
1723 1049 1803 1084 λόγος
1818 1051 1903 1086 mpl-

1115 1103 1193 1129 στησι
1206 1094 1302 1128 λέγων·
1310 1095 1363 1121 Καὶ
1377 1094 1474 1121 πάντα
1486 1095 1521 1120 τὰ
1530 1093 1639 1128 κέρατα
1649 1094 1707 1121 τῶν
1719 1095 1905 1129 ἁμαρτωλῶν

1114 1139 1295 1171 συνθλάσω,
1316 1139 1366 1166 καὶ
1388 1139 1577 1174 ὑψωθήσεται
1600 1139 1635 1166 τὰ
1660 1139 1767 1174 κέρατα
1779 1140 1834 1167 τοῦ
1857 1140 1902 1167 δι-

1115 1185 1211 1211 καίου.
1225 1185 1379 1219 Συμφώνως
1391 1185 1444 1219 γὰρ
1456 1185 1494 1220 τῷ
1514 1185 1664 1220 ’Ᾱποστόλῳ
1677 1186 1691 1211 ό
1705 1185 1800 1221 παρὼν
1823 1185 1904 1220 λόγος

1116 1229 1313 1264 κλασθήσεσοαι
1328 1228 1362 1254 τὰ
1373 1229 1475 1263 κέρατα
1486 1227 1580 1260 είπὼν,
1591 1229 1712 1263 ἐπήγαγε
1721 1228 1762 1259 τὸ,
1770 1228 1902 1262 Ὺψωθή-

1115 1282 1198 1301 σεται
1213 1274 1249 1300 τὰ
1260 1274 1368 1308 κέρατα
1381 1274 1434 1300 τοῦ
1446 1274 1575 1300 δικαίουι
1597 1274 1643 1300 καὶ
1655 1273 1725 1300 τοῦτ’
1740 1274 1797 1300 ἐστι
1810 1273 1842 1300 τὸ
1851 1273 1903 1309 τῆς

1116 1319 1255 1355 παρούσης
1270 1319 1437 1354 προφητείας
1456 1319 1651 1354 συμπέρασμα.
1666 1319 1712 1345 Διὸ
1728 1320 1775 1345 καὶ
1792 1318 1903 1354 ψαλμὸς

1116 1365 1164 1392 καὶ
1181 1365 1235 1400 ᾠδὴ
1255 1365 1325 1391 κατὰ
1341 1365 1371 1391 τὸ
1390 1365 1455 1391 αὐτὸ
1474 1365 1646 1400 ὠνόμασται·
1663 1365 1695 1391 ὲκ
1710 1363 1857 1401 προσώπου
1871 1364 1904 1391 δὲ

1116 1411 1170 1438 τῶν
1185 1407 1296 1438 δικαίων
1310 1412 1358 1446 τὴν
1377 1411 1515 1447 καταρχὴν
1528 1413 1641 1438 ποιεῖται
1658 1412 1755 1439 εἰπών·
1778 1411 1903 1446 Ἐξομο-

1117 1456 1306 1491 λογησόμεθά
1318 1465 1377 1487 σοι,
1394 1458 1410 1483 ό
1433 1457 1518 1490 Θεὸς,
1540 1456 1821 1492 ἐξομολογησάμεθά
1837 1465 1902 1491 σοι,

1118 1501 1166 1528 καὶ
1187 1501 1423 1536 ἐπικαλεσόμεθα
1451 1502 1484 1528 τὸ
1508 1502 1602 1536 ὄνομά
1629 1510 1696 1530 σου.
1721 1502 1820 1534 Μόνοις
1845 1503 1906 1539 γὰρ

1118 1547 1208 1578 αὐτοῖς
1221 1548 1319 1583 πρέπει
1333 1548 1348 1583 ἡ
1365 1548 1571 1584 εὐχαριστήριος
1582 1547 1781 1584 ἐξομολόγησις,
1794 1548 1847 1574 καθ
1866 1549 1905 1584 ἣν

280 1609 379 1628 nomen
395 1601 464 1634 ejus,
481 1607 534 1634 qua
552 1599 724 1626 invocatione
738 1598 853 1624 salutem
870 1604 884 1623 a
899 1596 955 1622 Deo
969 1603 1062 1623 conse-

1119 1592 1165 1619 καὶ
1179 1593 1194 1619 ὸ
1207 1593 1302 1628 Σωτὴρ
1317 1593 1512 1628 ἐξωμολογεῖτο
1524 1594 1553 1621 ἐν
1565 1594 1742 1628 Εὑαγγελίοις
1763 1594 1832 1630 πρὸς
1853 1593 1905 1621 τὸν

279 1650 408 1682 quentur,
424 1649 454 1671 ut
470 1644 521 1671 fert
536 1644 638 1670 dictum
654 1642 720 1670 illud
735 1652 741 1669 :
756 1642 790 1669 Et
807 1643 891 1669 omnis
916 1642 1062 1676 quicunque

280 1691 436 1718 invocaverit
453 1697 545 1716 nomen
561 1689 680 1720 Domini,
691 1689 779 1715 saluus
796 1688 845 1714 erit
856 1687 889 1714 ".
899 1687 991 1714 Potest
1002 1687 1065 1714 item

280 1737 327 1765 hic
342 1743 432 1763 sermo
460 1735 495 1762 ad
521 1734 722 1761 confessionem
739 1733 882 1760 instituere
897 1740 954 1764 eos,
968 1733 1014 1767 qui
1037 1732 1065 1759 in

280 1781 442 1818 praecedenti
467 1780 573 1807 ruinam
600 1778 840 1815 Jcrosolymornm.
854 1782 881 1805 et
903 1781 1066 1813 postremam

280 1828 340 1863 ejus
363 1826 532 1855 obsidionem
557 1825 773 1859 deploraverunt.
789 1824 856 1850 Nam
878 1824 924 1858 qui
940 1823 1065 1857 superius

280 1873 406 1901 dixerant
431 1881 438 1900 :
462 1870 570 1907 thuid,
587 1869 669 1902 Deus,
687 1869 806 1904 repulisti
822 1869 849 1895 in
864 1869 954 1904 ﬁnem,
980 1868 1064 1894 iratus

280 1924 320 1948 est
349 1919 424 1954 {uror
441 1923 499 1945 tuus
511 1925 588 1952 super
605 1925 662 1944 oves
676 1923 782 1950 pascua
798 1920 849 1942 tute
858 1915 893 1942 "‘l
907 1919 934 1942 et
945 1918 1041 1942 caetera
1055 1923 1063 1947 ;

281 1973 356 1994 nunc
379 1965 514 1992 docentur
540 1961 664 1990 confiteri
683 1961 748 1993 Deo,
764 1965 791 1989 et
812 1961 939 1988 invocare
965 1967 1065 1987 nomen

281 2011 351 2047 ejus.
369 2011 438 2044 Quia
462 2017 519 2042 gero
533 2007 631 2042 duplex
645 2007 827 2036 confessionis
840 2006 937 2034 modus
952 2010 1004 2039 est,
1020 2012 1066 2032 ne-

281 2057 403 2085 cessario
426 2056 471 2083 hic
499 2055 541 2082 bis
557 2055 666 2089 ,dicitur
688 2055 754 2082 illud
771 2064 778 2082 :
793 2053 982 2088 Conﬁtebimur
1005 2051 1062 2078 tibi.

281 2103 334 2130 Per
350 2102 465 2136 primum
478 2102 587 2136 quippe,
604 2105 632 2128 ut
647 2108 696 2135 par
718 2104 770 2132 est,
788 2099 925 2126 confessio
938 2105 986 2132 pro
1000 2104 1063 2132 pec-

281 2148 352 2175 catis
367 2147 549 2182 signiﬁcatur;
565 2154 611 2179 per
628 2146 777 2173 secundum
792 2153 856 2172 Vero
879 2144 896 2171 ii
919 2144 963 2178 qui
987 2143 1063 2177 prius

281 2193 490 2224 conﬁtebantur,
512 2200 560 2227 pro
576 2192 654 2219 bonis
671 2191 790 2226 acceptis
805 2191 954 2226 gratiarum
978 2188 1062 2215 actio—

281 2248 343 2267 nem
355 2239 491 2267 emittunt.

1118 1638 1227 1673 Πατέρα
1257 1639 1386 1672 φάσκων-
1430 1637 1682 1673 Ἐξομολογοῦμαί
1708 1646 1777 1671 σοι,
1791 1638 1905 1672 Πάτερ,

1115 1685 1203 1718 Κύριε
1217 1684 1268 1710 τοῦ
1284 1683 1412 1717 οὐρανοῦ
1426 1683 1474 1710 καὶ
1486 1683 1540 1718 τῆς
1556 1683 1621 1718 γῆς.
1637 1683 1747 1720 Πρῶτον
1760 1684 1788 1711 δὲ
1802 1684 1903 1720 ἐξομο-

1115 1729 1254 1762 λκογοῦνται
1266 1750 1273 1760 ,
1288 1727 1346 1755 εἷτα
1370 1728 1559 1756 ἐπικαλοῦνται
1579 1726 1610 1755 τδ
1625 1730 1710 1764 ὄνομα
1738 1729 1839 1762 αὑτοῦ,
1855 1730 1906 1757 διὰ.

1115 1776 1164 1810 τῆς
1183 1775 1287 1801 τοιᾶσδε
1312 1775 1481 1810 ἐπικλήσεως
1507 1774 1583 1810 παρὰ
1605 1775 1644 1810 τῷ
1665 1774 1724 1810 θεῷ
1742 1774 1904 1810 τευξόμενοι

1117 1821 1265 1855 σωτηρίας,
1282 1822 1351 1847 κατὰ
1363 1820 1394 1847 τὸ
1410 1820 1512 1855 φάσκον
1532 1820 1620 1854 λόγιον
1631 1829 1637 1836 ·
1660 1821 1714 1848 Kal
1742 1819 1801 1854 πᾶς
1813 1819 1848 1854 ὃς
1862 1820 1904 1848 ἂν

1114 1866 1326 1901 ἐπικαλέσηται
1338 1866 1370 1892 τὸ
1382 1866 1475 1900 ὄνομα
1489 1866 1610 1900 Κυρίου,
1624 1866 1801 1898 σωθήσεται.
1811 1866 1902 1894 Δύνα-

1114 1919 1158 1936 ται
1174 1910 1201 1936 δὲ
1214 1911 1228 1936 ὁ
1239 1910 1314 1944 λόγος
1329 1910 1514 1942 διδασκαλικὸς
1531 1909 1598 1938 εἶναι
1615 1911 1834 1946 ὲξομολογήσεως
1846 1911 1902 1939 τῶν

1114 1955 1142 1981 ὲν
1158 1954 1195 1989 τῷ
1219 1954 1271 1990 πρὸ
1287 1954 1380 1981 τούτου
1399 1954 1645 1990 ἀποκλαυσαμὲνων
1657 1954 1706 1989 τὴν
1730 1954 1836 1981 πτῶσιν
1850 1954 1902 1992 τῆς

1119 2001 1293 2037 Ἰερουσαλὴμ
1307 2002 1353 2027 καί¹
1374 2000 1421 2036 τὴν
1442 2001 1559 2036 ἐσχάτην
1575 2001 1658 2036 αὐτῆς
1681 2000 1852 2037 πολιορκίαν.
1868 2002 1900 2029 οι

1113 2048 1166 2083 γὰρ
1182 2048 1319 2083 εἰρηκότες
1347 2048 1375 2073 ὲν
1396 2048 1452 2078 τοῖς
1475 2047 1638 2082 ἔμπροσθεν,
1662 2046 1759 2079 Ἰνατι,
1777 2048 1794 2074 ὁ
1813 2047 1899 2082 Θεὸς,

1113 2093 1220 2120 ἀπώσω
1236 2094 1279 2125 εὶς
1291 2092 1386 2125 τέλος,
1402 2092 1530 2126 ὠργίσθη
1547 2090 1563 2119 ὁ
1579 2094 1670 2127 θυμός
1687 2098 1745 2119 σου
1760 2092 1811 2119 ἐπὶ
1823 2094 1899 2127 πρό-

1113 2140 1185 2165 ϐατα
1200 2138 1295 2173 νομῆς
1310 2145 1367 2164 σου
1379 2146 1388 2170 ,'
1402 2138 1448 2164 καὶ
1463 2138 1497 2164 τὰ
1510 2138 1583 2173 ἑξῆς,
1594 2138 1763 2165 διδάσκονται
1777 2136 1826 2165 νῦν
1840 2139 1900 2173 ἑξο-

1114 2184 1282 2219 μολογεῐσοαι
1309 2183 1347 2218 τῷ
1377 2183 1435 2218 Θεῷ
1464 2184 1511 2210 καὶ
1541 2183 1726 2211 ἐπικαλεῖσθαι
1754 2183 1785 2211 τὸ
1811 2182 1900 2221 ὄνομα

1112 2230 1203 2256 αὑτοῦ.
1226 2229 1333 2265 Ἐπειδὴ
1358 2229 1444 2260 διττός
1472 2230 1545 2255 ἐστιν
1567 2229 1581 2255 ὁ
1606 2229 1655 2264 τῆς
1679 2229 1899 2267 ὲξομολογήσεως

279 2287 395 2322 τρόπος,
421 2285 575 2320 ἀναγκαίως
596 2284 720 2319 δεύτερον
744 2284 849 2319 εἴρηται
872 2283 918 2309 ἐπὶ
938 2281 984 2308 τοῦ
1005 2280 1136 2318 παρόντος
1150 2278 1191 2309 τὸ,
1216 2276 1506 2311 Ἐξομολογησόμεθά
1520 2285 1582 2303 σοι·
1602 2276 1649 2304 τοῦ
1663 2278 1710 2312 μὲν
1721 2276 1841 2313 πρώτου,
1860 2278 1898 2310 ὡς

280 2320 361 2365 είκὸς,
373 2334 415 2367 ἐφ’
430 2332 564 2368 ἁμαρτίας
579 2332 628 2366 τὴν
644 2330 834 2366 ἐξομολόγησιν
853 2329 1003 2365 δηλοῦντος,
1017 2327 1064 2354 τοῦ
1076 2327 1097 2352 δ’
1114 2325 1174 2360 ὲξῆς
1186 2325 1234 2360 τὴν
1248 2324 1289 2357 ἐφ’
1302 2320 1342 2355 οἷς
1362 2321 1391 2350 εὖ
1407 2323 1570 2350 πεπόνθασιν
1584 2324 1608 2349 οἱ
1625 2323 1654 2350 τὸ
1673 2323 1781 2359 πρῶτον
1800 2322 1898 2360 ἐξομο-

279 2379 458 2414 λογησάμενοι
475 2377 658 2413 εὐχαριστίαν.

314 2439 397 2466 Vsus.
413 2440 439 2470 5,
452 2438 478 2467 4.
500 2438 623 2465 Narrabo
635 2438 769 2465 mirabilia
787 2443 842 2470 tua,
860 2445 918 2464 cum
935 2441 1055 2468 accepero

1143 2430 1323 2465 Διηγήσομαι
1348 2429 1384 2456 τὰ
1406 2428 1556 2463 θαυμάσιά
1581 2435 1657 2460 σου.
1682 2427 1754 2454 ὅταν
1777 2428 1897 2456 (nulde

281 2489 391 2518 tempus,
407 2493 453 2519 ego
477 2485 646 2512 rectitudine:
656 2484 793 2519 judicabo.
809 2483 895 2510 Hasce
912 2482 958 2509 Dei
979 2488 1060 2508 voces

280 2537 351 2562 esse,
373 2530 507 2556 dictorum
532 2529 666 2557 sententia
687 2530 828 2557 declarat:
845 2527 911 2555 illud
936 2527 1034 2562 quippe
1051 2535 1058 2553 :

281 2575 338 2612 Ego
348 2575 512 2603 rectitudine;
522 2576 662 2610 judicabo;
676 2584 705 2603 ac
717 2583 827 2603 rursum
839 2574 904 2602 illud
917 2584 924 2602 :
938 2574 992 2609 Ego
1002 2582 1060 2600 con-

280 2622 384 2658 firmavi
394 2621 528 2649 columnas
535 2623 602 2658 ejus,
611 2622 737 2650 videlicet
748 2627 841 2654 terrae;
854 2625 935 2656 atque
943 2621 994 2648 sub
1004 2621 1059 2647 haec

280 2667 358 2698 illud,
372 2666 406 2693 Et
420 2667 507 2693 omnia
515 2675 613 2694 cornua
620 2672 783 2701 peccatorum
791 2667 964 2702 confringam,
978 2673 1058 2701 quem

280 2710 371 2740 dicere
387 2712 539 2743 conveniat,
556 2712 609 2739 nisi
621 2711 725 2740 Deum?
741 2711 770 2739 Si
791 2712 882 2747 itaque
898 2720 930 2740 ex
943 2717 1058 2746 persona

281 2756 328 2785 Dei
354 2757 412 2784 haec
436 2756 572 2788 dicantur,
587 2765 637 2784 cur
661 2759 731 2786 alius
757 2759 802 2793 qui
828 2758 911 2786 Deum
935 2762 1057 2790 noverat,

280 2801 368 2837 ipsum
384 2801 462 2837 quasi
476 2802 638 2838 compellare
663 2804 703 2830 sic
726 2804 832 2832 videtur
846 2813 852 2831 :
867 2802 990 2830 Narrabo
1007 2804 1058 2831 mi—
1073 2801 1079 2822 ί

1111 2477 1228 2511 καιρὸν,
1254 2475 1311 2509 ἐγὼ
1332 2474 1496 2507 εὐθύτητος
1513 2472 1611 2507 κρινῶ.
1628 2471 1694 2498 Θεοῦ
1715 2472 1807 2506 φωνὰς
1824 2470 1895 2500 εἷναι

1110 2522 1158 2554 τὰς
1173 2520 1355 2557 προκειμένας
1374 2521 1388 2546 ὁ
1408 2519 1470 2551 νοῦς
1487 2519 1541 2546 τῶν
1559 2518 1711 2553 λεγομένων
1732 2525 1768 2544 πα
1775 2519 1893 2554 ρίστησι.

1110 2568 1147 2594 Τὸ
1162 2567 1226 2602 γὰρ,
1243 2566 1316 2600 Ἐγὼ
1327 2565 1489 2598 εὐθύτητας
1501 2564 1600 2598 κρινῶ,
1611 2565 1658 2591 καὶ
1673 2564 1753 2592 πάλιν
1767 2564 1808 2596 τὸ,
1824 2565 1896 2600 Ἐγὼ

1109 2612 1277 2646 ἐστερέωσα
1296 2611 1366 2644 τοὺς
1382 2611 1514 2643 στύλους
1531 2609 1635 2643 αὐτῆς,
1653 2609 1731 2645 δῆλον
1749 2610 1772 2636 δ’
1786 2610 1829 2636 ὅτι
1843 2609 1895 2645 τῆς

1109 2658 1161 2693 γῆς
1173 2678 1180 2691 ,
1201 2657 1248 2684 καὶ
1275 2656 1339 2691 ἑξῆς
1363 2655 1413 2687 τὸ,
1440 2655 1494 2683 Kal
1518 2655 1616 2682 mirio.
1639 2656 1675 2682 τὰ
1700 2655 1808 2689 κέρατα
1834 2655 1894 2682 τῶν

1109 2702 1289 2738 ἁμαρτωλῶν
1308 2701 1487 2737 συγκλάσω,
1512 2700 1564 2727 τίνι
1588 2700 1621 2728 ἃν
1640 2700 1755 2736 ἁρμόζοι
1769 2701 1858 2735 λέγειν
1873 2699 1891 2735 ἢ

1108 2748 1183 2784 Θεῷ;
1201 2749 1232 2774 El
1246 2748 1336 2775 τοίνυν
1352 2748 1385 2774 ἐκ
1400 2746 1546 2783 προσώπου
1564 2746 1611 2773 τοῦ
1628 2746 1696 2773 Θεοῦ
1708 2746 1795 2773 ταῦτα
1815 2745 1892 2779 λέγε-

1107 2803 1161 2828 ται,
1176 2794 1234 2826 πῶς
1246 2794 1338 2830 ἕτερος
1353 2793 1431 2825 εἰδὼς
1441 2793 1517 2824 Θεὸν,
1527 2792 1564 2825 ὡς
1580 2794 1647 2826 πρὸς
1662 2792 1743 2820 αὐτὸν
1755 2791 1891 2826 ἀναφωνεί

313 2881 334 2898 ⁸⁸
355 2881 363 2909 l
379 2881 441 2910 Cor.
460 2890 506 2916 xv,
522 2882 616 2910 24.26.
655 2881 677 2898 "
696 2878 789 2909 Matth.
807 2891 851 2915 xi,
868 2882 912 2909 25.
950 2882 972 2898 ³³
991 2878 1049 2911 Joel
1065 2889 1100 2916 Il,
1117 2883 1167 2916 5'2;
1188 2882 1247 2911 Act.
1261 2890 1290 2916 ιι,
1305 2881 1335 2909 21
1349 2891 1356 2916 ;
1370 2881 1449 2910 Rom.
1465 2889 1492 2912 ι.
1511 2881 1555 2910 l3.
1593 2881 1616 2898 ”
1635 2880 1705 2909 Psal.
1724 2888 1823 2913 txxnt,
1842 2879 1871 2907 Ι.
