  <div class='ocr_page' id='page_1' title='image "/cluster/home/n/w/nwhite01/storage/ocr_20150623/23/njp.32101077772505/442.png"; bbox 0 0 2024 3214; ppageno 0'>
   <div class='ocr_carea' id='block_1_1' title="bbox 113 199 164 227">
    <p class='ocr_par' dir='ltr' id='par_1_1' title="bbox 113 199 164 227">
     <span class='ocr_line' id='line_1_1' title="bbox 113 199 164 227; baseline -0.02 0"><span class='ocrx_word' id='word_1_1' title='bbox 113 199 164 227; x_wconf 77' lang='grc'><strong>889</strong></span> 
     </span>
    </p>
   </div>
   <div class='ocr_carea' id='block_1_2' title="bbox 674 179 1253 221">
    <p class='ocr_par' dir='ltr' id='par_1_2' title="bbox 674 179 1253 221">
     <span class='ocr_line' id='line_1_2' title="bbox 674 179 1253 221; baseline -0.01 0"><span class='ocrx_word' id='word_1_2' title='bbox 674 189 926 221; x_wconf 68' lang='lat' dir='ltr'><strong>COMMENTARIA</strong></span> <span class='ocrx_word' id='word_1_3' title='bbox 945 189 978 217; x_wconf 80' lang='lat' dir='ltr'><strong>IN</strong></span> <span class='ocrx_word' id='word_1_4' title='bbox 997 189 1168 218; x_wconf 76' lang='lat' dir='ltr'><strong>PSALuos.</strong></span> <span class='ocrx_word' id='word_1_5' title='bbox 1198 179 1253 208; x_wconf 68' lang='grc' dir='ltr'><strong>ἰιι</strong></span> 
     </span>
    </p>
   </div>
   <div class='ocr_carea' id='block_1_3' title="bbox 1674 182 1728 211">
    <p class='ocr_par' dir='ltr' id='par_1_3' title="bbox 1674 182 1728 211">
     <span class='ocr_line' id='line_1_3' title="bbox 1674 182 1728 211; baseline 0 0"><span class='ocrx_word' id='word_1_6' title='bbox 1674 182 1728 211; x_wconf 77' lang='lat'><strong>8&#39;10</strong></span> 
     </span>
    </p>
   </div>
   <div class='ocr_carea' id='block_1_4' title="bbox 111 243 900 293">
    <p class='ocr_par' dir='ltr' id='par_1_4' title="bbox 111 250 898 293">
     <span class='ocr_line' id='line_1_4' title="bbox 111 250 898 293; baseline -0.011 -8"><span class='ocrx_word' id='word_1_7' title='bbox 111 259 213 293; x_wconf 71' lang='grc' dir='ltr'>λέγων·</span> <span class='ocrx_word' id='word_1_8' title='bbox 232 256 414 291; x_wconf 75' lang='grc' dir='ltr'>Διηγήσομαι</span> <span class='ocrx_word' id='word_1_9' title='bbox 430 255 466 282; x_wconf 86' lang='grc' dir='ltr'><em>τὰ</em></span> <span class='ocrx_word' id='word_1_10' title='bbox 487 253 638 288; x_wconf 69' lang='grc' dir='ltr'><strong>θαυμάσιοί</strong></span> <span class='ocrx_word' id='word_1_11' title='bbox 655 261 712 280; x_wconf 87' lang='grc' dir='ltr'><em>σου</em></span> <span class='ocrx_word' id='word_1_12' title='bbox 728 252 800 278; x_wconf 82' lang='grc' dir='ltr'><strong>ὅταν</strong></span> <span class='ocrx_word' id='word_1_13' title='bbox 818 250 898 277; x_wconf 69' lang='grc' dir='ltr'><strong>λάϐω</strong></span> 
     </span>
    </p>
   </div>
   <div class='ocr_carea' id='block_1_5' title="bbox 949 243 1726 293">
    <p class='ocr_par' dir='ltr' id='par_1_5' title="bbox 949 243 1726 281">
     <span class='ocr_line' id='line_1_5' title="bbox 949 243 1726 281; baseline -0.004 -7"><span class='ocrx_word' id='word_1_14' title='bbox 949 249 1045 275; x_wconf 84' lang='lat' dir='ltr'><strong>rabilia</strong></span> <span class='ocrx_word' id='word_1_15' title='bbox 1061 255 1117 280; x_wconf 87' lang='lat' dir='ltr'><strong>tua,</strong></span> <span class='ocrx_word' id='word_1_16' title='bbox 1138 255 1197 274; x_wconf 83' lang='lat' dir='ltr'><strong>cum</strong></span> <span class='ocrx_word' id='word_1_17' title='bbox 1218 254 1337 281; x_wconf 80' lang='lat' dir='ltr'><strong><em>accepero</em></strong></span> <span class='ocrx_word' id='word_1_18' title='bbox 1359 252 1468 280; x_wconf 74' lang='lat' dir='ltr'><strong>tempus,</strong></span> <span class='ocrx_word' id='word_1_19' title='bbox 1485 253 1516 273; x_wconf 85' lang='lat' dir='ltr'><strong>ac</strong></span> <span class='ocrx_word' id='word_1_20' title='bbox 1534 244 1637 273; x_wconf 80' lang='lat' dir='ltr'><strong>infert:</strong></span> <span class='ocrx_word' id='word_1_21' title='bbox 1656 243 1726 277; x_wconf 77' lang='lat' dir='ltr'><strong>Quo-</strong></span> 
     </span>
    </p>
   </div>
   <div class='ocr_carea' id='block_1_6' title="bbox 111 297 899 338">
    <p class='ocr_par' dir='ltr' id='par_1_6' title="bbox 111 297 899 338">
     <span class='ocr_line' id='line_1_6' title="bbox 111 297 899 338; baseline -0.011 -7"><span class='ocrx_word' id='word_1_22' title='bbox 111 304 225 338; x_wconf 79' lang='grc' dir='ltr'><strong>καιρὸν,</strong></span> <span class='ocrx_word' id='word_1_23' title='bbox 243 303 291 330; x_wconf 79' lang='grc' dir='ltr'>καὶ</span> <span class='ocrx_word' id='word_1_24' title='bbox 305 303 440 337; x_wconf 76' lang='grc' dir='ltr'><strong>ἐπιφέρει·</strong></span> <span class='ocrx_word' id='word_1_25' title='bbox 451 302 515 327; x_wconf 83' lang='grc' dir='ltr'><strong>’Ὅτι</strong></span> <span class='ocrx_word' id='word_1_26' title='bbox 527 302 542 327; x_wconf 86' lang='grc' dir='ltr'><strong>ό</strong></span> <span class='ocrx_word' id='word_1_27' title='bbox 561 300 631 332; x_wconf 77' lang='grc' dir='ltr'><strong>Θεὸς</strong></span> <span class='ocrx_word' id='word_1_28' title='bbox 645 299 747 333; x_wconf 79' lang='grc' dir='ltr'>κριτής</span> <span class='ocrx_word' id='word_1_29' title='bbox 759 298 834 324; x_wconf 82' lang='grc' dir='ltr'><strong>ἐστι·</strong></span> <span class='ocrx_word' id='word_1_30' title='bbox 853 297 899 323; x_wconf 79' lang='grc' dir='ltr'><strong>καὶ</strong></span> 
     </span>
    </p>
   </div>
   <div class='ocr_carea' id='block_1_7' title="bbox 111 342 899 382">
    <p class='ocr_par' dir='ltr' id='par_1_7' title="bbox 111 342 899 382">
     <span class='ocr_line' id='line_1_7' title="bbox 111 342 899 382; baseline -0.011 -5"><span class='ocrx_word' id='word_1_31' title='bbox 111 350 203 382; x_wconf 76' lang='grc' dir='ltr'>πάλιν,</span> <span class='ocrx_word' id='word_1_32' title='bbox 219 349 280 376; x_wconf 85' lang='grc' dir='ltr'><strong>ὀτι</strong></span> <span class='ocrx_word' id='word_1_33' title='bbox 295 347 438 382; x_wconf 78' lang='grc' dir='ltr'><strong>ποτήριον</strong></span> <span class='ocrx_word' id='word_1_34' title='bbox 448 347 483 373; x_wconf 86' lang='grc' dir='ltr'><strong>ἐν</strong></span> <span class='ocrx_word' id='word_1_35' title='bbox 497 347 571 381; x_wconf 77' lang='grc' dir='ltr'>χειρὶ</span> <span class='ocrx_word' id='word_1_36' title='bbox 585 346 696 379; x_wconf 82' lang='grc' dir='ltr'><strong>Κυρίου</strong></span> <span class='ocrx_word' id='word_1_37' title='bbox 711 345 795 371; x_wconf 84' lang='grc' dir='ltr'><em>οίνου</em></span> <span class='ocrx_word' id='word_1_38' title='bbox 809 342 899 377; x_wconf 80' lang='grc' dir='ltr'><strong>ἀκρά-</strong></span> 
     </span>
    </p>
   </div>
   <div class='ocr_carea' id='block_1_8' title="bbox 111 388 899 429">
    <p class='ocr_par' dir='ltr' id='par_1_8' title="bbox 111 388 899 429">
     <span class='ocr_line' id='line_1_8' title="bbox 111 388 899 429; baseline -0.011 -6"><span class='ocrx_word' id='word_1_39' title='bbox 111 403 178 428; x_wconf 83' lang='grc' dir='ltr'><em>του;</em></span> <span class='ocrx_word' id='word_1_40' title='bbox 193 394 257 426; x_wconf 84' lang='grc' dir='ltr'>Πῶς</span> <span class='ocrx_word' id='word_1_41' title='bbox 268 394 296 421; x_wconf 79' lang='grc' dir='ltr'><strong>δὲ</strong></span> <span class='ocrx_word' id='word_1_42' title='bbox 312 394 381 429; x_wconf 77' lang='grc' dir='ltr'>πρὸς</span> <span class='ocrx_word' id='word_1_43' title='bbox 396 393 500 424; x_wconf 82' lang='grc' dir='ltr'><strong>τούτοις</strong></span> <span class='ocrx_word' id='word_1_44' title='bbox 513 393 613 419; x_wconf 73' lang='grc' dir='ltr'>ἅπασιν</span> <span class='ocrx_word' id='word_1_45' title='bbox 625 391 744 424; x_wconf 76' lang='grc' dir='ltr'><strong>ἐπιλέγει</strong></span> <span class='ocrx_word' id='word_1_46' title='bbox 753 398 760 404; x_wconf 94' lang='grc'><strong>·</strong></span> <span class='ocrx_word' id='word_1_47' title='bbox 780 389 853 424; x_wconf 66' lang='grc' dir='ltr'><strong>Ἐγὼ</strong></span> <span class='ocrx_word' id='word_1_48' title='bbox 865 388 899 415; x_wconf 74' lang='grc' dir='ltr'><strong>δὲ</strong></span> 
     </span>
    </p>
   </div>
   <div class='ocr_carea' id='block_1_9' title="bbox 111 435 897 476">
    <p class='ocr_par' dir='ltr' id='par_1_9' title="bbox 111 435 897 476">
     <span class='ocr_line' id='line_1_9' title="bbox 111 435 897 476; baseline -0.008 -8"><span class='ocrx_word' id='word_1_49' title='bbox 111 440 268 476; x_wconf 57' lang='lat' dir='ltr'><strong>araneae?»</strong></span> <span class='ocrx_word' id='word_1_50' title='bbox 288 441 332 473; x_wconf 82' lang='grc' dir='ltr'>είς</span> <span class='ocrx_word' id='word_1_51' title='bbox 352 440 404 466; x_wconf 79' lang='grc' dir='ltr'><strong>τὸν</strong></span> <span class='ocrx_word' id='word_1_52' title='bbox 418 439 520 471; x_wconf 81' lang='grc' dir='ltr'>αἰῶνα,</span> <span class='ocrx_word' id='word_1_53' title='bbox 536 438 625 473; x_wconf 72' lang='grc' dir='ltr'><strong>ψαλῶ</strong></span> <span class='ocrx_word' id='word_1_54' title='bbox 647 438 687 470; x_wconf 75' lang='grc' dir='ltr'>τῷ</span> <span class='ocrx_word' id='word_1_55' title='bbox 709 437 769 470; x_wconf 81' lang='grc' dir='ltr'><strong>Θεῷ</strong></span> <span class='ocrx_word' id='word_1_56' title='bbox 789 435 897 469; x_wconf 78' lang='grc' dir='ltr'>Ἰακώϐ,</span> 
     </span>
    </p>
   </div>
   <div class='ocr_carea' id='block_1_10' title="bbox 111 482 899 520">
    <p class='ocr_par' dir='ltr' id='par_1_10' title="bbox 111 482 899 520">
     <span class='ocr_line' id='line_1_10' title="bbox 111 482 899 520; baseline -0.008 -6"><span class='ocrx_word' id='word_1_57' title='bbox 111 487 159 514; x_wconf 70' lang='grc' dir='ltr'><strong>καὶ</strong></span> <span class='ocrx_word' id='word_1_58' title='bbox 170 486 271 514; x_wconf 81' lang='grc' dir='ltr'>πάντα</span> <span class='ocrx_word' id='word_1_59' title='bbox 281 486 317 513; x_wconf 85' lang='grc' dir='ltr'>τὰ</span> <span class='ocrx_word' id='word_1_60' title='bbox 329 485 439 519; x_wconf 82' lang='grc' dir='ltr'>κέρατα</span> <span class='ocrx_word' id='word_1_61' title='bbox 450 485 509 511; x_wconf 84' lang='grc' dir='ltr'><strong>τῶν</strong></span> <span class='ocrx_word' id='word_1_62' title='bbox 524 484 706 520; x_wconf 78' lang='grc' dir='ltr'><strong>ἁμαρτωλῶν</strong></span> <span class='ocrx_word' id='word_1_63' title='bbox 720 482 899 518; x_wconf 73' lang='grc' dir='ltr'><strong>συγκλάσω;</strong></span> 
     </span>
    </p>
   </div>
   <div class='ocr_carea' id='block_1_11' title="bbox 111 527 899 569">
    <p class='ocr_par' dir='ltr' id='par_1_11' title="bbox 111 527 899 569">
     <span class='ocr_line' id='line_1_11' title="bbox 111 527 899 569; baseline -0.008 -10"><span class='ocrx_word' id='word_1_64' title='bbox 111 533 180 569; x_wconf 83' lang='grc' dir='ltr'><strong>Ὅρα</strong></span> <span class='ocrx_word' id='word_1_65' title='bbox 197 531 289 558; x_wconf 77' lang='grc' dir='ltr'>τοίνυν</span> <span class='ocrx_word' id='word_1_66' title='bbox 303 532 327 557; x_wconf 84' lang='grc' dir='ltr'><strong>εί</strong></span> <span class='ocrx_word' id='word_1_67' title='bbox 341 531 378 566; x_wconf 83' lang='grc' dir='ltr'>μὴ</span> <span class='ocrx_word' id='word_1_68' title='bbox 400 531 443 557; x_wconf 81' lang='grc' dir='ltr'><strong>διὰ</strong></span> <span class='ocrx_word' id='word_1_69' title='bbox 456 531 558 557; x_wconf 82' lang='grc' dir='ltr'>τούτων</span> <span class='ocrx_word' id='word_1_70' title='bbox 569 532 582 557; x_wconf 81' lang='grc' dir='ltr'>ὁ</span> <span class='ocrx_word' id='word_1_71' title='bbox 595 529 739 566; x_wconf 76' lang='grc' dir='ltr'>μονογενὴς</span> <span class='ocrx_word' id='word_1_72' title='bbox 761 528 808 555; x_wconf 85' lang='grc' dir='ltr'>τοῦ</span> <span class='ocrx_word' id='word_1_73' title='bbox 832 527 899 554; x_wconf 83' lang='grc' dir='ltr'><strong>Θεοῦ</strong></span> 
     </span>
    </p>
   </div>
   <div class='ocr_carea' id='block_1_12' title="bbox 111 573 899 612">
    <p class='ocr_par' dir='ltr' id='par_1_12' title="bbox 111 573 899 612">
     <span class='ocr_line' id='line_1_12' title="bbox 111 573 899 612; baseline -0.006 -8"><span class='ocrx_word' id='word_1_74' title='bbox 111 578 194 612; x_wconf 80' lang='grc' dir='ltr'>Λόγος</span> <span class='ocrx_word' id='word_1_75' title='bbox 206 578 257 609; x_wconf 79' lang='grc' dir='ltr'>τὰς</span> <span class='ocrx_word' id='word_1_76' title='bbox 266 577 370 608; x_wconf 86' lang='grc' dir='ltr'>οίκείας</span> <span class='ocrx_word' id='word_1_77' title='bbox 385 576 526 612; x_wconf 78' lang='grc' dir='ltr'><strong>ἐνεργείας</strong></span> <span class='ocrx_word' id='word_1_78' title='bbox 537 576 657 602; x_wconf 81' lang='grc' dir='ltr'><strong>διδάσκει</strong></span> <span class='ocrx_word' id='word_1_79' title='bbox 671 575 721 610; x_wconf 81' lang='grc' dir='ltr'>τὴν</span> <span class='ocrx_word' id='word_1_80' title='bbox 734 573 781 600; x_wconf 84' lang='grc' dir='ltr'><strong>τοῦ</strong></span> <span class='ocrx_word' id='word_1_81' title='bbox 793 573 899 609; x_wconf 81' lang='grc' dir='ltr'>Πατρὺς</span> 
     </span>
    </p>
   </div>
   <div class='ocr_carea' id='block_1_13' title="bbox 111 620 900 658">
    <p class='ocr_par' dir='ltr' id='par_1_13' title="bbox 111 620 900 658">
     <span class='ocr_line' id='line_1_13' title="bbox 111 620 900 658; baseline -0.005 -8"><span class='ocrx_word' id='word_1_82' title='bbox 111 623 215 657; x_wconf 81' lang='grc' dir='ltr'>διεξιὼν</span> <span class='ocrx_word' id='word_1_83' title='bbox 227 623 375 657; x_wconf 83' lang='grc' dir='ltr'>Θεολογίαν.</span> <span class='ocrx_word' id='word_1_84' title='bbox 397 623 466 658; x_wconf 72' lang='grc' dir='ltr'>Φησὶ</span> <span class='ocrx_word' id='word_1_85' title='bbox 477 622 542 657; x_wconf 82' lang='grc' dir='ltr'>γοῦν</span> <span class='ocrx_word' id='word_1_86' title='bbox 553 631 559 637; x_wconf 93' lang='grc'><strong>·</strong></span> <span class='ocrx_word' id='word_1_87' title='bbox 581 621 762 656; x_wconf 75' lang='grc' dir='ltr'>Διητήσομιιι</span> <span class='ocrx_word' id='word_1_88' title='bbox 778 620 815 647; x_wconf 89' lang='grc' dir='ltr'>τὰ</span> <span class='ocrx_word' id='word_1_89' title='bbox 831 621 900 647; x_wconf 88' lang='grc' dir='ltr'><strong>θαυ-</strong></span> 
     </span>
    </p>
   </div>
   <div class='ocr_carea' id='block_1_14' title="bbox 112 666 899 704">
    <p class='ocr_par' dir='ltr' id='par_1_14' title="bbox 112 666 899 704">
     <span class='ocr_line' id='line_1_14' title="bbox 112 666 899 704; baseline -0.006 -7"><span class='ocrx_word' id='word_1_90' title='bbox 112 668 205 704; x_wconf 79' lang='grc' dir='ltr'><em>μάσιά</em></span> <span class='ocrx_word' id='word_1_91' title='bbox 230 676 289 696; x_wconf 84' lang='grc' dir='ltr'><em>σου</em></span> <span class='ocrx_word' id='word_1_92' title='bbox 310 669 383 696; x_wconf 83' lang='grc' dir='ltr'><strong>ὅταν</strong></span> <span class='ocrx_word' id='word_1_93' title='bbox 398 668 479 696; x_wconf 79' lang='grc' dir='ltr'>λάϐω</span> <span class='ocrx_word' id='word_1_94' title='bbox 501 669 615 701; x_wconf 78' lang='grc' dir='ltr'>καιρόν.</span> <span class='ocrx_word' id='word_1_95' title='bbox 645 668 674 694; x_wconf 85' lang='grc'><strong>’0</strong></span> <span class='ocrx_word' id='word_1_96' title='bbox 701 667 750 702; x_wconf 83' lang='grc' dir='ltr'><strong>μὲν</strong></span> <span class='ocrx_word' id='word_1_97' title='bbox 774 666 899 699; x_wconf 77' lang='grc' dir='ltr'><strong>’Δκύλας,</strong></span> 
     </span>
    </p>
   </div>
   <div class='ocr_carea' id='block_1_15' title="bbox 112 709 902 748">
    <p class='ocr_par' dir='ltr' id='par_1_15' title="bbox 112 709 902 748">
     <span class='ocr_line' id='line_1_15' title="bbox 112 709 902 748; baseline -0.004 -7"><span class='ocrx_word' id='word_1_98' title='bbox 112 714 201 741; x_wconf 83' lang='grc' dir='ltr'>Ὅταν</span> <span class='ocrx_word' id='word_1_99' title='bbox 212 713 294 741; x_wconf 73' lang='grc' dir='ltr'><strong>λάϐω</strong></span> <span class='ocrx_word' id='word_1_100' title='bbox 305 713 458 748; x_wconf 53' lang='lat' dir='ltr'><strong>avt-tardo</strong></span> <span class='ocrx_word' id='word_1_101' title='bbox 467 722 473 729; x_wconf 90' lang='grc'>·</span> <span class='ocrx_word' id='word_1_102' title='bbox 491 715 505 740; x_wconf 82' lang='grc' dir='ltr'>ὁ</span> <span class='ocrx_word' id='word_1_103' title='bbox 518 714 545 740; x_wconf 82' lang='grc' dir='ltr'><strong>δὲ</strong></span> <span class='ocrx_word' id='word_1_104' title='bbox 556 713 711 748; x_wconf 84' lang='grc' dir='ltr'><strong>Σύμμαχος,</strong></span> <span class='ocrx_word' id='word_1_105' title='bbox 721 712 810 738; x_wconf 79' lang='grc' dir='ltr'>Ὅταν</span> <span class='ocrx_word' id='word_1_106' title='bbox 820 709 902 739; x_wconf 72' lang='grc' dir='ltr'><strong>λάϐω</strong></span> 
     </span>
    </p>
   </div>
   <div class='ocr_carea' id='block_1_16' title="bbox 113 757 900 795">
    <p class='ocr_par' dir='ltr' id='par_1_16' title="bbox 113 757 900 795">
     <span class='ocr_line' id='line_1_16' title="bbox 113 757 900 795; baseline -0.005 -8"><span class='ocrx_word' id='word_1_107' title='bbox 113 760 169 795; x_wconf 78' lang='grc' dir='ltr'><strong>τὴν</strong></span> <span class='ocrx_word' id='word_1_108' title='bbox 183 760 375 795; x_wconf 73' lang='grc' dir='ltr'>συναγωγήν.</span> <span class='ocrx_word' id='word_1_109' title='bbox 394 760 448 787; x_wconf 78' lang='grc' dir='ltr'><strong>Καί</strong></span> <span class='ocrx_word' id='word_1_110' title='bbox 464 769 507 795; x_wconf 84' lang='grc' dir='ltr'>μοι</span> <span class='ocrx_word' id='word_1_111' title='bbox 524 760 598 786; x_wconf 83' lang='grc' dir='ltr'>δοκεῖ</span> <span class='ocrx_word' id='word_1_112' title='bbox 609 759 745 795; x_wconf 74' lang='grc' dir='ltr'><strong>εὐκαίρως</strong></span> <span class='ocrx_word' id='word_1_113' title='bbox 760 757 900 794; x_wconf 72' lang='grc' dir='ltr'><strong>εἰρηκέναι</strong></span> 
     </span>
    </p>
   </div>
   <div class='ocr_carea' id='block_1_17' title="bbox 113 802 898 841">
    <p class='ocr_par' dir='ltr' id='par_1_17' title="bbox 113 802 898 841">
     <span class='ocr_line' id='line_1_17' title="bbox 113 802 898 841; baseline -0.005 -8"><span class='ocrx_word' id='word_1_114' title='bbox 113 807 153 838; x_wconf 82' lang='grc' dir='ltr'>τδ,</span> <span class='ocrx_word' id='word_1_115' title='bbox 169 806 259 833; x_wconf 72' lang='grc' dir='ltr'>Ὅταν</span> <span class='ocrx_word' id='word_1_116' title='bbox 286 805 367 833; x_wconf 76' lang='grc' dir='ltr'><strong>λάϐω</strong></span> <span class='ocrx_word' id='word_1_117' title='bbox 397 806 560 840; x_wconf 82' lang='grc' dir='ltr'><strong>συνταγὰς,</strong></span> <span class='ocrx_word' id='word_1_118' title='bbox 585 805 612 841; x_wconf 82' lang='grc' dir='ltr'>ἦ,</span> <span class='ocrx_word' id='word_1_119' title='bbox 636 804 692 838; x_wconf 78' lang='grc' dir='ltr'><strong>τὴν</strong></span> <span class='ocrx_word' id='word_1_120' title='bbox 709 802 898 838; x_wconf 73' lang='grc' dir='ltr'>συναγωγήν.</span> 
     </span>
    </p>
   </div>
   <div class='ocr_carea' id='block_1_18' title="bbox 120 848 900 886">
    <p class='ocr_par' dir='ltr' id='par_1_18' title="bbox 120 848 900 886">
     <span class='ocr_line' id='line_1_18' title="bbox 120 848 900 886; baseline -0.004 -8"><span class='ocrx_word' id='word_1_121' title='bbox 120 851 330 885; x_wconf 79' lang='grc' dir='ltr'>Ἔπαγγέλλεται</span> <span class='ocrx_word' id='word_1_122' title='bbox 359 851 414 886; x_wconf 88' lang='grc' dir='ltr'><strong>γὰρ</strong></span> <span class='ocrx_word' id='word_1_123' title='bbox 448 851 545 886; x_wconf 81' lang='grc' dir='ltr'><strong>καιροῦ</strong></span> <span class='ocrx_word' id='word_1_124' title='bbox 573 850 721 885; x_wconf 81' lang='grc' dir='ltr'><strong>λαὸὁμενος</strong></span> <span class='ocrx_word' id='word_1_125' title='bbox 746 849 835 876; x_wconf 83' lang='grc' dir='ltr'>πάντα</span> <span class='ocrx_word' id='word_1_126' title='bbox 866 848 900 875; x_wconf 80' lang='grc' dir='ltr'><strong>τὰ</strong></span> 
     </span>
    </p>
   </div>
   <div class='ocr_carea' id='block_1_19' title="bbox 943 291 1727 329">
    <p class='ocr_par' dir='ltr' id='par_1_19' title="bbox 943 291 1727 329">
     <span class='ocr_line' id='line_1_19' title="bbox 943 291 1727 329; baseline -0.004 -8"><span class='ocrx_word' id='word_1_127' title='bbox 943 295 1015 321; x_wconf 86' lang='lat' dir='ltr'><strong>niam</strong></span> <span class='ocrx_word' id='word_1_128' title='bbox 1033 295 1102 321; x_wconf 77' lang='lat' dir='ltr'><strong>Deus</strong></span> <span class='ocrx_word' id='word_1_129' title='bbox 1124 294 1208 329; x_wconf 74' lang='lat' dir='ltr'><strong>judcx</strong></span> <span class='ocrx_word' id='word_1_130' title='bbox 1230 298 1286 324; x_wconf 73' lang='lat' dir='ltr'><strong>est;</strong></span> <span class='ocrx_word' id='word_1_131' title='bbox 1313 301 1344 320; x_wconf 84' lang='lat' dir='ltr'><strong>ac</strong></span> <span class='ocrx_word' id='word_1_132' title='bbox 1366 301 1473 320; x_wconf 86' lang='lat' dir='ltr'><strong>rursum</strong></span> <span class='ocrx_word' id='word_1_133' title='bbox 1489 303 1495 320; x_wconf 90' lang='lat'><strong>:</strong></span> <span class='ocrx_word' id='word_1_134' title='bbox 1510 293 1579 326; x_wconf 80' lang='lat' dir='ltr'><strong>Quia</strong></span> <span class='ocrx_word' id='word_1_135' title='bbox 1603 291 1675 318; x_wconf 71' lang='lat' dir='ltr'><strong>calix</strong></span> <span class='ocrx_word' id='word_1_136' title='bbox 1699 291 1727 318; x_wconf 82' lang='lat' dir='ltr'><strong>in</strong></span> 
     </span>
    </p>
   </div>
   <div class='ocr_carea' id='block_1_20' title="bbox 943 337 1724 372">
    <p class='ocr_par' dir='ltr' id='par_1_20' title="bbox 943 337 1724 372">
     <span class='ocr_line' id='line_1_20' title="bbox 943 337 1724 372; baseline -0.004 -5"><span class='ocrx_word' id='word_1_137' title='bbox 943 349 1023 367; x_wconf 86' lang='lat' dir='ltr'><strong>manu</strong></span> <span class='ocrx_word' id='word_1_138' title='bbox 1039 340 1146 367; x_wconf 78' lang='lat' dir='ltr'><strong>Domini</strong></span> <span class='ocrx_word' id='word_1_139' title='bbox 1162 340 1215 367; x_wconf 76' lang='lat' dir='ltr'><strong>viui</strong></span> <span class='ocrx_word' id='word_1_140' title='bbox 1232 339 1317 366; x_wconf 78' lang='lat' dir='ltr'><strong>meri?</strong></span> <span class='ocrx_word' id='word_1_141' title='bbox 1337 338 1393 366; x_wconf 91' lang='lat' dir='ltr'><strong>Cur</strong></span> <span class='ocrx_word' id='word_1_142' title='bbox 1406 339 1449 366; x_wconf 88' lang='lat' dir='ltr'><strong>his</strong></span> <span class='ocrx_word' id='word_1_143' title='bbox 1463 338 1590 365; x_wconf 79' lang='lat' dir='ltr'><strong>omnibus</strong></span> <span class='ocrx_word' id='word_1_144' title='bbox 1613 337 1724 372; x_wconf 83' lang='lat' dir='ltr'><strong>subjun-</strong></span> 
     </span>
    </p>
   </div>
   <div class='ocr_carea' id='block_1_21' title="bbox 942 382 1726 422">
    <p class='ocr_par' dir='ltr' id='par_1_21' title="bbox 942 382 1726 422">
     <span class='ocr_line' id='line_1_21' title="bbox 942 382 1726 422; baseline -0.006 -8"><span class='ocrx_word' id='word_1_145' title='bbox 942 387 981 422; x_wconf 70' lang='lat' dir='ltr'><strong>git</strong></span> <span class='ocrx_word' id='word_1_146' title='bbox 994 397 1000 414; x_wconf 71' lang='grc' dir='ltr'>ε</span> <span class='ocrx_word' id='word_1_147' title='bbox 1015 386 1068 422; x_wconf 84' lang='lat' dir='ltr'><strong>Ego</strong></span> <span class='ocrx_word' id='word_1_148' title='bbox 1083 390 1169 413; x_wconf 85' lang='lat' dir='ltr'><strong>autem</strong></span> <span class='ocrx_word' id='word_1_149' title='bbox 1183 385 1344 412; x_wconf 85' lang='lat' dir='ltr'><strong>annuntiabo</strong></span> <span class='ocrx_word' id='word_1_150' title='bbox 1359 385 1387 411; x_wconf 84' lang='lat' dir='ltr'><strong>in</strong></span> <span class='ocrx_word' id='word_1_151' title='bbox 1403 384 1537 415; x_wconf 75' lang='lat' dir='ltr'><strong>sa&#39;culum,</strong></span> <span class='ocrx_word' id='word_1_152' title='bbox 1549 383 1660 410; x_wconf 78' lang='lat' dir='ltr'><strong>cantabo</strong></span> <span class='ocrx_word' id='word_1_153' title='bbox 1671 382 1726 410; x_wconf 88' lang='lat' dir='ltr'><strong>Deo</strong></span> 
     </span>
    </p>
   </div>
   <div class='ocr_carea' id='block_1_22' title="bbox 942 428 1726 465">
    <p class='ocr_par' dir='ltr' id='par_1_22' title="bbox 942 428 1726 465">
     <span class='ocr_line' id='line_1_22' title="bbox 942 428 1726 465; baseline -0.005 -6"><span class='ocrx_word' id='word_1_154' title='bbox 942 432 1037 463; x_wconf 82' lang='lat' dir='ltr'><strong>Jacob,</strong></span> <span class='ocrx_word' id='word_1_155' title='bbox 1068 437 1093 459; x_wconf 82' lang='lat' dir='ltr'><strong>et</strong></span> <span class='ocrx_word' id='word_1_156' title='bbox 1117 433 1207 459; x_wconf 86' lang='lat' dir='ltr'><strong>omnia</strong></span> <span class='ocrx_word' id='word_1_157' title='bbox 1233 439 1332 458; x_wconf 80' lang='lat' dir='ltr'><strong><em>cornua</em></strong></span> <span class='ocrx_word' id='word_1_158' title='bbox 1353 435 1518 465; x_wconf 69' lang='lat' dir='ltr'><strong>peccatorum</strong></span> <span class='ocrx_word' id='word_1_159' title='bbox 1541 428 1726 464; x_wconf 76' lang='lat' dir='ltr'><strong>confringant?</strong></span> 
     </span>
    </p>
   </div>
   <div class='ocr_carea' id='block_1_23' title="bbox 942 474 1725 513">
    <p class='ocr_par' dir='ltr' id='par_1_23' title="bbox 942 474 1725 513">
     <span class='ocr_line' id='line_1_23' title="bbox 942 474 1725 513; baseline -0.004 -8"><span class='ocrx_word' id='word_1_160' title='bbox 942 478 1136 506; x_wconf 77' lang='lat' dir='ltr'><strong>Animadverte</strong></span> <span class='ocrx_word' id='word_1_161' title='bbox 1148 478 1231 513; x_wconf 77' lang='lat' dir='ltr'><strong>igitur</strong></span> <span class='ocrx_word' id='word_1_162' title='bbox 1249 486 1313 505; x_wconf 89' lang='lat' dir='ltr'><strong>num</strong></span> <span class='ocrx_word' id='word_1_163' title='bbox 1331 478 1374 505; x_wconf 89' lang='lat' dir='ltr'><strong>his</strong></span> <span class='ocrx_word' id='word_1_164' title='bbox 1388 477 1478 504; x_wconf 86' lang='lat' dir='ltr'><strong>verbis</strong></span> <span class='ocrx_word' id='word_1_165' title='bbox 1495 476 1662 511; x_wconf 73' lang='lat' dir='ltr'><strong>unigenitum</strong></span> <span class='ocrx_word' id='word_1_166' title='bbox 1678 474 1725 502; x_wconf 86' lang='lat' dir='ltr'><strong>Dei</strong></span> 
     </span>
    </p>
   </div>
   <div class='ocr_carea' id='block_1_24' title="bbox 942 523 1726 559">
    <p class='ocr_par' dir='ltr' id='par_1_24' title="bbox 942 523 1726 559">
     <span class='ocr_line' id='line_1_24' title="bbox 942 523 1726 559; baseline -0.005 -8"><span class='ocrx_word' id='word_1_167' title='bbox 942 523 1073 555; x_wconf 82' lang='lat' dir='ltr'><strong>Verbum,</strong></span> <span class='ocrx_word' id='word_1_168' title='bbox 1085 531 1145 559; x_wconf 58' lang='lat' dir='ltr'><strong>quae</strong></span> <span class='ocrx_word' id='word_1_169' title='bbox 1159 525 1192 552; x_wconf 88' lang='lat' dir='ltr'><strong>ad</strong></span> <span class='ocrx_word' id='word_1_170' title='bbox 1207 524 1296 552; x_wconf 84' lang='lat' dir='ltr'><strong>Patris</strong></span> <span class='ocrx_word' id='word_1_171' title='bbox 1310 523 1438 551; x_wconf 74' lang='lat' dir='ltr'><strong>deitatem</strong></span> <span class='ocrx_word' id='word_1_172' title='bbox 1449 526 1571 556; x_wconf 85' lang='lat' dir='ltr'><strong>spectant</strong></span> <span class='ocrx_word' id='word_1_173' title='bbox 1583 528 1726 552; x_wconf 82' lang='lat' dir='ltr'><strong>enarrans,</strong></span> 
     </span>
    </p>
   </div>
   <div class='ocr_carea' id='block_1_25' title="bbox 944 566 1726 606">
    <p class='ocr_par' dir='ltr' id='par_1_25' title="bbox 944 566 1726 606">
     <span class='ocr_line' id='line_1_25' title="bbox 944 566 1726 606; baseline -0.008 -8"><span class='ocrx_word' id='word_1_174' title='bbox 944 577 994 598; x_wconf 93' lang='lat' dir='ltr'><strong>sua</strong></span> <span class='ocrx_word' id='word_1_175' title='bbox 1011 578 1094 606; x_wconf 82' lang='lat' dir='ltr'><strong>opera</strong></span> <span class='ocrx_word' id='word_1_176' title='bbox 1112 570 1244 597; x_wconf 87' lang='lat' dir='ltr'><strong>enuntiet.</strong></span> <span class='ocrx_word' id='word_1_177' title='bbox 1265 570 1309 596; x_wconf 81' lang='lat' dir='ltr'><strong>Ait</strong></span> <span class='ocrx_word' id='word_1_178' title='bbox 1323 569 1414 604; x_wconf 85' lang='lat' dir='ltr'><strong>itaque</strong></span> <span class='ocrx_word' id='word_1_179' title='bbox 1428 578 1434 596; x_wconf 94' lang='lat'><strong>:</strong></span> <span class='ocrx_word' id='word_1_180' title='bbox 1449 567 1573 595; x_wconf 81' lang='lat' dir='ltr'><strong>Narrabo</strong></span> <span class='ocrx_word' id='word_1_181' title='bbox 1591 566 1726 594; x_wconf 82' lang='lat' dir='ltr'><strong>mirabilia</strong></span> 
     </span>
    </p>
   </div>
   <div class='ocr_carea' id='block_1_26' title="bbox 944 613 1726 649">
    <p class='ocr_par' dir='ltr' id='par_1_26' title="bbox 944 613 1726 649">
     <span class='ocr_line' id='line_1_26' title="bbox 944 613 1726 649; baseline -0.004 -6"><span class='ocrx_word' id='word_1_182' title='bbox 944 621 990 643; x_wconf 87' lang='lat' dir='ltr'><strong>tua</strong></span> <span class='ocrx_word' id='word_1_183' title='bbox 1009 625 1067 643; x_wconf 82' lang='lat' dir='ltr'><strong>cum</strong></span> <span class='ocrx_word' id='word_1_184' title='bbox 1084 624 1204 649; x_wconf 85' lang='lat' dir='ltr'><strong>accepero</strong></span> <span class='ocrx_word' id='word_1_185' title='bbox 1225 621 1334 649; x_wconf 77' lang='lat' dir='ltr'><strong>tempus.</strong></span> <span class='ocrx_word' id='word_1_186' title='bbox 1350 614 1447 649; x_wconf 79' lang='lat' dir='ltr'><strong>Aquila</strong></span> <span class='ocrx_word' id='word_1_187' title='bbox 1470 621 1535 641; x_wconf 82' lang='lat' dir='ltr'><strong>vero</strong></span> <span class='ocrx_word' id='word_1_188' title='bbox 1558 613 1599 641; x_wconf 82' lang='lat' dir='ltr'><strong>sic</strong></span> <span class='ocrx_word' id='word_1_189' title='bbox 1622 613 1702 640; x_wconf 84' lang='lat' dir='ltr'><strong>habet</strong></span> <span class='ocrx_word' id='word_1_190' title='bbox 1718 621 1726 640; x_wconf 92' lang='lat'><strong>:</strong></span> 
     </span>
    </p>
   </div>
   <div class='ocr_carea' id='block_1_27' title="bbox 945 657 1728 695">
    <p class='ocr_par' dir='ltr' id='par_1_27' title="bbox 945 657 1728 695">
     <span class='ocr_line' id='line_1_27' title="bbox 945 657 1728 695; baseline -0.006 -6"><span class='ocrx_word' id='word_1_191' title='bbox 945 661 1012 689; x_wconf 85' lang='lat' dir='ltr'><strong>Cum</strong></span> <span class='ocrx_word' id='word_1_192' title='bbox 1035 669 1157 695; x_wconf 77' lang='lat' dir='ltr'><strong>accepero</strong></span> <span class='ocrx_word' id='word_1_193' title='bbox 1180 665 1280 694; x_wconf 75' lang='lat' dir='ltr'><strong>tempus</strong></span> <span class='ocrx_word' id='word_1_194' title='bbox 1306 663 1450 691; x_wconf 72' lang='lat' dir='ltr'><strong>statutum;</strong></span> <span class='ocrx_word' id='word_1_195' title='bbox 1473 657 1653 694; x_wconf 81' lang='lat' dir='ltr'><strong>Symmachus</strong></span> <span class='ocrx_word' id='word_1_196' title='bbox 1679 665 1728 684; x_wconf 83' lang='lat' dir='ltr'><strong>au—</strong></span> 
     </span>
    </p>
   </div>
   <div class='ocr_carea' id='block_1_28' title="bbox 944 702 1728 740">
    <p class='ocr_par' dir='ltr' id='par_1_28' title="bbox 944 702 1728 740">
     <span class='ocr_line' id='line_1_28' title="bbox 944 702 1728 740; baseline -0.006 -6"><span class='ocrx_word' id='word_1_197' title='bbox 944 709 999 734; x_wconf 86' lang='lat' dir='ltr'><strong>tem</strong></span> <span class='ocrx_word' id='word_1_198' title='bbox 1016 715 1022 733; x_wconf 92' lang='lat'>:</span> <span class='ocrx_word' id='word_1_199' title='bbox 1039 705 1105 733; x_wconf 87' lang='lat' dir='ltr'><strong>Cum</strong></span> <span class='ocrx_word' id='word_1_200' title='bbox 1131 713 1253 739; x_wconf 79' lang='lat' dir='ltr'><strong><em>accepero</em></strong></span> <span class='ocrx_word' id='word_1_201' title='bbox 1276 711 1446 740; x_wconf 76' lang='lat' dir='ltr'><strong>synagogam.</strong></span> <span class='ocrx_word' id='word_1_202' title='bbox 1463 703 1632 738; x_wconf 80' lang='lat' dir='ltr'><strong>Videturque</strong></span> <span class='ocrx_word' id='word_1_203' title='bbox 1661 702 1728 730; x_wconf 89' lang='lat' dir='ltr'><strong>mihi</strong></span> 
     </span>
    </p>
   </div>
   <div class='ocr_carea' id='block_1_29' title="bbox 944 748 1729 786">
    <p class='ocr_par' dir='ltr' id='par_1_29' title="bbox 944 748 1729 786">
     <span class='ocr_line' id='line_1_29' title="bbox 944 748 1729 786; baseline -0.005 -8"><span class='ocrx_word' id='word_1_204' title='bbox 944 750 1001 778; x_wconf 85' lang='lat' dir='ltr'><strong>haec</strong></span> <span class='ocrx_word' id='word_1_205' title='bbox 1024 754 1175 786; x_wconf 74' lang='lat' dir='ltr'><strong>opportune</strong></span> <span class='ocrx_word' id='word_1_206' title='bbox 1198 749 1270 777; x_wconf 85' lang='lat' dir='ltr'><strong>dicta</strong></span> <span class='ocrx_word' id='word_1_207' title='bbox 1293 757 1354 777; x_wconf 88' lang='lat' dir='ltr'><strong>esse</strong></span> <span class='ocrx_word' id='word_1_208' title='bbox 1374 759 1381 776; x_wconf 92' lang='lat'>:</span> <span class='ocrx_word' id='word_1_209' title='bbox 1399 748 1464 777; x_wconf 86' lang='lat' dir='ltr'><strong>Cum</strong></span> <span class='ocrx_word' id='word_1_210' title='bbox 1490 749 1729 783; x_wconf 75' lang='lat' dir='ltr'><strong>accepero‘tempus</strong></span> 
     </span>
    </p>
   </div>
   <div class='ocr_carea' id='block_1_30' title="bbox 944 794 1729 832">
    <p class='ocr_par' dir='ltr' id='par_1_30' title="bbox 944 794 1729 832">
     <span class='ocr_line' id='line_1_30' title="bbox 944 794 1729 832; baseline -0.003 -9"><span class='ocrx_word' id='word_1_211' title='bbox 944 802 1084 828; x_wconf 68' lang='lat' dir='ltr'><strong>statutum,</strong></span> <span class='ocrx_word' id='word_1_212' title='bbox 1105 797 1159 829; x_wconf 87' lang='lat' dir='ltr'><strong>vel,</strong></span> <span class='ocrx_word' id='word_1_213' title='bbox 1184 804 1353 832; x_wconf 81' lang='lat' dir='ltr'><strong>synagogam.</strong></span> <span class='ocrx_word' id='word_1_214' title='bbox 1379 795 1526 823; x_wconf 90' lang='lat' dir='ltr'><strong>Pollicetur</strong></span> <span class='ocrx_word' id='word_1_215' title='bbox 1540 794 1642 830; x_wconf 81' lang='lat' dir='ltr'><strong>quippe</strong></span> <span class='ocrx_word' id='word_1_216' title='bbox 1657 801 1687 822; x_wconf 81' lang='lat' dir='ltr'><strong>se</strong></span> <span class='ocrx_word' id='word_1_217' title='bbox 1701 794 1729 822; x_wconf 84' lang='lat' dir='ltr'><strong>in</strong></span> 
     </span>
    </p>
   </div>
   <div class='ocr_carea' id='block_1_31' title="bbox 945 840 1729 878">
    <p class='ocr_par' dir='ltr' id='par_1_31' title="bbox 945 840 1729 878">
     <span class='ocr_line' id='line_1_31' title="bbox 945 840 1729 878; baseline -0.001 -10"><span class='ocrx_word' id='word_1_218' title='bbox 945 846 1069 878; x_wconf 87' lang='lat' dir='ltr'><strong>tempore</strong></span> <span class='ocrx_word' id='word_1_219' title='bbox 1090 846 1243 878; x_wconf 86' lang='lat' dir='ltr'><strong>opportuno</strong></span> <span class='ocrx_word' id='word_1_220' title='bbox 1266 843 1358 869; x_wconf 88' lang='lat' dir='ltr'><strong>omnia</strong></span> <span class='ocrx_word' id='word_1_221' title='bbox 1381 840 1471 868; x_wconf 84' lang='lat' dir='ltr'><strong>Patris</strong></span> <span class='ocrx_word' id='word_1_222' title='bbox 1501 841 1528 868; x_wconf 89' lang='lat' dir='ltr'><strong>in</strong></span> <span class='ocrx_word' id='word_1_223' title='bbox 1551 840 1673 868; x_wconf 83' lang='lat' dir='ltr'><strong>Ecclesia</strong></span> <span class='ocrx_word' id='word_1_224' title='bbox 1695 846 1729 867; x_wconf 75' lang='lat' dir='ltr'><strong>ex</strong></span> 
     </span>
    </p>
   </div>
   <div class='ocr_carea' id='block_1_32' title="bbox 114 885 900 932">
    <p class='ocr_par' dir='ltr' id='par_1_32' title="bbox 114 885 898 932">
     <span class='ocr_line' id='line_1_32' title="bbox 114 885 898 932; baseline -0.003 -9"><span class='ocrx_word' id='word_1_225' title='bbox 114 896 253 932; x_wconf 73' lang='grc' dir='ltr'><strong>θαυμάσια</strong></span> <span class='ocrx_word' id='word_1_226' title='bbox 267 896 314 923; x_wconf 82' lang='grc' dir='ltr'>τοῦ</span> <span class='ocrx_word' id='word_1_227' title='bbox 328 885 433 932; x_wconf 66' lang='grc' dir='ltr'>Πατρός</span> <span class='ocrx_word' id='word_1_228' title='bbox 444 895 623 931; x_wconf 84' lang='grc' dir='ltr'>διηγήσασθαι</span> <span class='ocrx_word' id='word_1_229' title='bbox 642 896 688 922; x_wconf 82' lang='grc' dir='ltr'>ὲπί</span> <span class='ocrx_word' id='word_1_230' title='bbox 703 895 754 930; x_wconf 81' lang='grc' dir='ltr'>τῆς</span> <span class='ocrx_word' id='word_1_231' title='bbox 768 895 798 927; x_wconf 79' lang='grc' dir='ltr'>ἑξ</span> <span class='ocrx_word' id='word_1_232' title='bbox 815 894 898 921; x_wconf 86' lang='grc' dir='ltr'>ὲθνῶν</span> 
     </span>
    </p>
   </div>
   <div class='ocr_carea' id='block_1_33' title="bbox 949 885 1727 932">
    <p class='ocr_par' dir='ltr' id='par_1_33' title="bbox 949 885 1727 922">
     <span class='ocr_line' id='line_1_33' title="bbox 949 885 1727 922; baseline 0 -9"><span class='ocrx_word' id='word_1_233' title='bbox 949 887 1074 921; x_wconf 72' lang='lat' dir='ltr'><strong>gentibus</strong></span> <span class='ocrx_word' id='word_1_234' title='bbox 1091 892 1166 922; x_wconf 77' lang='lat' dir='ltr'><strong>gesla</strong></span> <span class='ocrx_word' id='word_1_235' title='bbox 1189 887 1323 914; x_wconf 85' lang='lat' dir='ltr'><strong>mirabilia</strong></span> <span class='ocrx_word' id='word_1_236' title='bbox 1338 890 1524 919; x_wconf 83' lang='lat' dir='ltr'><strong>narraturumI</strong></span> <span class='ocrx_word' id='word_1_237' title='bbox 1539 893 1620 922; x_wconf 83' lang='lat' dir='ltr'><strong>quam</strong></span> <span class='ocrx_word' id='word_1_238' title='bbox 1636 885 1727 913; x_wconf 82' lang='lat' dir='ltr'><strong>Eccle-</strong></span> 
     </span>
    </p>
   </div>
   <div class='ocr_carea' id='block_1_34' title="bbox 120 940 897 979">
    <p class='ocr_par' dir='ltr' id='par_1_34' title="bbox 120 940 897 979">
     <span class='ocr_line' id='line_1_34' title="bbox 120 940 897 979; baseline -0.003 -9"><span class='ocrx_word' id='word_1_239' title='bbox 120 942 300 979; x_wconf 76' lang='grc' dir='ltr'>Ἑκκλησίας,</span> <span class='ocrx_word' id='word_1_240' title='bbox 321 944 353 978; x_wconf 85' lang='grc' dir='ltr'><strong>ἣν</strong></span> <span class='ocrx_word' id='word_1_241' title='bbox 378 943 459 974; x_wconf 81' lang='grc' dir='ltr'>αὐτὸς</span> <span class='ocrx_word' id='word_1_242' title='bbox 480 943 494 968; x_wconf 87' lang='grc' dir='ltr'><strong><em>ὁ</em></strong></span> <span class='ocrx_word' id='word_1_243' title='bbox 510 942 603 978; x_wconf 81' lang='grc' dir='ltr'>Πατὴρ</span> <span class='ocrx_word' id='word_1_244' title='bbox 617 942 798 977; x_wconf 82' lang='grc' dir='ltr'><strong>ἐπηγγέλλετο</strong></span> <span class='ocrx_word' id='word_1_245' title='bbox 824 940 897 976; x_wconf 81' lang='grc' dir='ltr'>αὐτῷ</span> 
     </span>
    </p>
   </div>
   <div class='ocr_carea' id='block_1_35' title="bbox 114 988 898 1024">
    <p class='ocr_par' dir='ltr' id='par_1_35' title="bbox 114 988 898 1024">
     <span class='ocr_line' id='line_1_35' title="bbox 114 988 898 1024; baseline -0.004 -7"><span class='ocrx_word' id='word_1_246' title='bbox 114 989 336 1024; x_wconf 69' lang='grc' dir='ltr'>είπιῖινΆττησαι</span> <span class='ocrx_word' id='word_1_247' title='bbox 361 989 429 1023; x_wconf 79' lang='grc' dir='ltr'>παρ’</span> <span class='ocrx_word' id='word_1_248' title='bbox 450 989 537 1024; x_wconf 81' lang='grc' dir='ltr'>ἐμοῦ,</span> <span class='ocrx_word' id='word_1_249' title='bbox 561 990 610 1015; x_wconf 79' lang='grc' dir='ltr'>καὶ</span> <span class='ocrx_word' id='word_1_250' title='bbox 635 988 721 1015; x_wconf 81' lang='grc' dir='ltr'><strong>δώσω</strong></span> <span class='ocrx_word' id='word_1_251' title='bbox 744 996 794 1014; x_wconf 88' lang='grc' dir='ltr'><strong>σοι</strong></span> <span class='ocrx_word' id='word_1_252' title='bbox 826 988 898 1022; x_wconf 79' lang='grc' dir='ltr'>ἔθνη</span> 
     </span>
    </p>
   </div>
   <div class='ocr_carea' id='block_1_36' title="bbox 113 1034 898 1069">
    <p class='ocr_par' dir='ltr' id='par_1_36' title="bbox 113 1034 898 1069">
     <span class='ocr_line' id='line_1_36' title="bbox 113 1034 898 1069; baseline -0.001 -8"><span class='ocrx_word' id='word_1_253' title='bbox 113 1034 171 1069; x_wconf 76' lang='grc' dir='ltr'><strong>τὴν</strong></span> <span class='ocrx_word' id='word_1_254' title='bbox 183 1035 387 1069; x_wconf 72' lang='grc' dir='ltr'><strong>κληρονομίαν</strong></span> <span class='ocrx_word' id='word_1_255' title='bbox 402 1043 470 1066; x_wconf 88' lang='grc' dir='ltr'><em>σου,</em></span> <span class='ocrx_word' id='word_1_256' title='bbox 492 1035 541 1062; x_wconf 76' lang='grc' dir='ltr'>καὶ</span> <span class='ocrx_word' id='word_1_257' title='bbox 558 1035 614 1069; x_wconf 79' lang='grc' dir='ltr'><strong>τὴν</strong></span> <span class='ocrx_word' id='word_1_258' title='bbox 635 1034 820 1068; x_wconf 75' lang='grc' dir='ltr'><strong>κατάσχεσίν</strong></span> <span class='ocrx_word' id='word_1_259' title='bbox 840 1042 898 1061; x_wconf 89' lang='grc' dir='ltr'><strong>σου</strong></span> 
     </span>
    </p>
   </div>
   <div class='ocr_carea' id='block_1_37' title="bbox 113 1078 899 1114">
    <p class='ocr_par' dir='ltr' id='par_1_37' title="bbox 113 1078 899 1114">
     <span class='ocr_line' id='line_1_37' title="bbox 113 1078 899 1114; baseline -0.003 -7"><span class='ocrx_word' id='word_1_260' title='bbox 113 1080 148 1107; x_wconf 75' lang='grc' dir='ltr'><em>τὰ</em></span> <span class='ocrx_word' id='word_1_261' title='bbox 167 1079 279 1113; x_wconf 78' lang='grc' dir='ltr'>πέρατα</span> <span class='ocrx_word' id='word_1_262' title='bbox 293 1079 349 1114; x_wconf 80' lang='grc' dir='ltr'><strong>τῆς</strong></span> <span class='ocrx_word' id='word_1_263' title='bbox 364 1079 429 1114; x_wconf 72' lang='grc' dir='ltr'><strong>γῆς.</strong></span> <span class='ocrx_word' id='word_1_264' title='bbox 445 1081 527 1107; x_wconf 84' lang='grc' dir='ltr'><strong>Ὅταν</strong></span> <span class='ocrx_word' id='word_1_265' title='bbox 539 1078 585 1106; x_wconf 78' lang='grc' dir='ltr'><strong>οὖν</strong></span> <span class='ocrx_word' id='word_1_266' title='bbox 607 1080 691 1111; x_wconf 77' lang='grc' dir='ltr'><strong>λάὃω,</strong></span> <span class='ocrx_word' id='word_1_267' title='bbox 704 1080 780 1114; x_wconf 68' lang='grc' dir='ltr'>φησι.</span> <span class='ocrx_word' id='word_1_268' title='bbox 798 1079 899 1114; x_wconf 86' lang='grc' dir='ltr'>ταύτην</span> 
     </span>
    </p>
   </div>
   <div class='ocr_carea' id='block_1_38' title="bbox 112 1122 898 1160">
    <p class='ocr_par' dir='ltr' id='par_1_38' title="bbox 112 1122 898 1160">
     <span class='ocr_line' id='line_1_38' title="bbox 112 1122 898 1160; baseline -0.003 -9"><span class='ocrx_word' id='word_1_269' title='bbox 112 1125 161 1160; x_wconf 81' lang='grc' dir='ltr'><strong>τὴν</strong></span> <span class='ocrx_word' id='word_1_270' title='bbox 179 1123 324 1159; x_wconf 81' lang='grc' dir='ltr'>συνταγὴν,</span> <span class='ocrx_word' id='word_1_271' title='bbox 350 1125 396 1150; x_wconf 74' lang='grc' dir='ltr'><strong>καὶ</strong></span> <span class='ocrx_word' id='word_1_272' title='bbox 410 1124 519 1150; x_wconf 81' lang='grc' dir='ltr'>ἐπειδὰν</span> <span class='ocrx_word' id='word_1_273' title='bbox 537 1123 609 1158; x_wconf 83' lang='grc' dir='ltr'><strong>τύχω</strong></span> <span class='ocrx_word' id='word_1_274' title='bbox 620 1124 714 1149; x_wconf 87' lang='grc' dir='ltr'>τούτου</span> <span class='ocrx_word' id='word_1_275' title='bbox 734 1123 780 1149; x_wconf 71' lang='grc' dir='ltr'>τοῦ</span> <span class='ocrx_word' id='word_1_276' title='bbox 793 1122 898 1158; x_wconf 81' lang='grc' dir='ltr'><strong>καιροῦ,</strong></span> 
     </span>
    </p>
   </div>
   <div class='ocr_carea' id='block_1_39' title="bbox 112 1168 900 1205">
    <p class='ocr_par' dir='ltr' id='par_1_39' title="bbox 112 1168 900 1205">
     <span class='ocr_line' id='line_1_39' title="bbox 112 1168 900 1205; baseline -0.004 -8"><span class='ocrx_word' id='word_1_277' title='bbox 112 1169 262 1205; x_wconf 79' lang='grc' dir='ltr'>τηνικαῦτα</span> <span class='ocrx_word' id='word_1_278' title='bbox 282 1170 346 1205; x_wconf 78' lang='grc' dir='ltr'>παρ’</span> <span class='ocrx_word' id='word_1_279' title='bbox 366 1169 528 1200; x_wconf 82' lang='grc' dir='ltr'>αὐτοῖς’τοῖς</span> <span class='ocrx_word' id='word_1_280' title='bbox 548 1169 576 1201; x_wconf 75' lang='grc' dir='ltr'>ἐξ</span> <span class='ocrx_word' id='word_1_281' title='bbox 602 1169 686 1195; x_wconf 76' lang='grc' dir='ltr'><strong>ἐθνῶν</strong></span> <span class='ocrx_word' id='word_1_282' title='bbox 709 1168 900 1204; x_wconf 78' lang='grc' dir='ltr'><strong>ἐπιστρέφουσι</strong></span> 
     </span>
    </p>
   </div>
   <div class='ocr_carea' id='block_1_40' title="bbox 112 1211 897 1251">
    <p class='ocr_par' dir='ltr' id='par_1_40' title="bbox 112 1211 897 1251">
     <span class='ocr_line' id='line_1_40' title="bbox 112 1211 897 1251; baseline -0.003 -9"><span class='ocrx_word' id='word_1_283' title='bbox 112 1215 280 1251; x_wconf 84' lang='grc' dir='ltr'>διηγήσομαι</span> <span class='ocrx_word' id='word_1_284' title='bbox 297 1215 385 1242; x_wconf 85' lang='grc' dir='ltr'>πάντα</span> <span class='ocrx_word' id='word_1_285' title='bbox 409 1214 442 1241; x_wconf 79' lang='grc' dir='ltr'><strong>τὰ</strong></span> <span class='ocrx_word' id='word_1_286' title='bbox 464 1214 603 1248; x_wconf 77' lang='grc' dir='ltr'>θαυμάσιά</span> <span class='ocrx_word' id='word_1_287' title='bbox 622 1223 677 1241; x_wconf 80' lang='grc' dir='ltr'>σου.</span> <span class='ocrx_word' id='word_1_288' title='bbox 693 1211 740 1246; x_wconf 71' lang='grc' dir='ltr'><strong>Οἷς</strong></span> <span class='ocrx_word' id='word_1_289' title='bbox 762 1214 897 1248; x_wconf 74' lang='grc' dir='ltr'>ἐπιλέγει·</span> 
     </span>
    </p>
   </div>
   <div class='ocr_carea' id='block_1_41' title="bbox 118 1258 897 1295">
    <p class='ocr_par' dir='ltr' id='par_1_41' title="bbox 118 1258 897 1295">
     <span class='ocr_line' id='line_1_41' title="bbox 118 1258 897 1295; baseline -0.004 -7"><span class='ocrx_word' id='word_1_290' title='bbox 118 1260 193 1295; x_wconf 75' lang='grc' dir='ltr'><strong>Ἐγὼ</strong></span> <span class='ocrx_word' id='word_1_291' title='bbox 206 1261 370 1293; x_wconf 75' lang='grc' dir='ltr'><strong>εὐθύτητος</strong></span> <span class='ocrx_word' id='word_1_292' title='bbox 388 1260 478 1294; x_wconf 74' lang='grc' dir='ltr'>κρινῶ</span> <span class='ocrx_word' id='word_1_293' title='bbox 504 1259 680 1295; x_wconf 76' lang='grc' dir='ltr'>Δικαιοσύνης</span> <span class='ocrx_word' id='word_1_294' title='bbox 690 1259 744 1295; x_wconf 83' lang='grc' dir='ltr'>γὰρ</span> <span class='ocrx_word' id='word_1_295' title='bbox 756 1259 803 1285; x_wconf 72' lang='grc' dir='ltr'>καὶ</span> <span class='ocrx_word' id='word_1_296' title='bbox 819 1258 897 1285; x_wconf 75' lang='grc' dir='ltr'>εὐθύ-</span> 
     </span>
    </p>
   </div>
   <div class='ocr_carea' id='block_1_42' title="bbox 112 1305 899 1342">
    <p class='ocr_par' dir='ltr' id='par_1_42' title="bbox 112 1305 899 1342">
     <span class='ocr_line' id='line_1_42' title="bbox 112 1305 899 1342; baseline -0.001 -10"><span class='ocrx_word' id='word_1_297' title='bbox 112 1314 192 1342; x_wconf 75' lang='grc' dir='ltr'><strong>⁴τητος</strong></span> <span class='ocrx_word' id='word_1_298' title='bbox 225 1305 305 1340; x_wconf 67' lang='grc' dir='ltr'>ἔργον</span> <span class='ocrx_word' id='word_1_299' title='bbox 332 1305 361 1331; x_wconf 81' lang='grc' dir='ltr'>τὸ</span> <span class='ocrx_word' id='word_1_300' title='bbox 381 1305 417 1340; x_wconf 84' lang='grc' dir='ltr'>μὴ</span> <span class='ocrx_word' id='word_1_301' title='bbox 439 1305 582 1337; x_wconf 78' lang='grc' dir='ltr'><strong>Ἰουδαίους</strong></span> <span class='ocrx_word' id='word_1_302' title='bbox 610 1306 705 1340; x_wconf 83' lang='grc' dir='ltr'><strong>μόνους</strong></span> <span class='ocrx_word' id='word_1_303' title='bbox 729 1306 899 1341; x_wconf 69' lang='grc' dir='ltr'><strong>προσίεσθαι,</strong></span> 
     </span>
    </p>
   </div>
   <div class='ocr_carea' id='block_1_43' title="bbox 114 1351 898 1389">
    <p class='ocr_par' dir='ltr' id='par_1_43' title="bbox 114 1351 898 1389">
     <span class='ocr_line' id='line_1_43' title="bbox 114 1351 898 1389; baseline 0 -11"><span class='ocrx_word' id='word_1_304' title='bbox 114 1352 182 1389; x_wconf 79' lang='grc' dir='ltr'><strong>μηδὲ</strong></span> <span class='ocrx_word' id='word_1_305' title='bbox 195 1351 227 1379; x_wconf 80' lang='grc' dir='ltr'>τὸ</span> <span class='ocrx_word' id='word_1_306' title='bbox 235 1351 264 1385; x_wconf 72' lang='grc' dir='ltr'><strong>ἐξ</strong></span> <span class='ocrx_word' id='word_1_307' title='bbox 281 1351 406 1387; x_wconf 74' lang='grc' dir='ltr'>Ἀϐραὰμ</span> <span class='ocrx_word' id='word_1_308' title='bbox 415 1352 492 1385; x_wconf 80' lang='grc' dir='ltr'>γένος</span> <span class='ocrx_word' id='word_1_309' title='bbox 505 1352 574 1378; x_wconf 76' lang='grc' dir='ltr'>κατὰ</span> <span class='ocrx_word' id='word_1_310' title='bbox 583 1352 631 1387; x_wconf 79' lang='grc' dir='ltr'><strong>τὴν</strong></span> <span class='ocrx_word' id='word_1_311' title='bbox 645 1351 764 1383; x_wconf 84' lang='grc' dir='ltr'>Μωσέως</span> <span class='ocrx_word' id='word_1_312' title='bbox 791 1352 898 1386; x_wconf 80' lang='grc' dir='ltr'><strong>κλῆσιν,</strong></span> 
     </span>
    </p>
   </div>
   <div class='ocr_carea' id='block_1_44' title="bbox 113 1397 899 1433">
    <p class='ocr_par' dir='ltr' id='par_1_44' title="bbox 113 1397 899 1433">
     <span class='ocr_line' id='line_1_44' title="bbox 113 1397 899 1433; baseline -0.003 -7"><span class='ocrx_word' id='word_1_313' title='bbox 113 1399 170 1426; x_wconf 76' lang='grc' dir='ltr'><strong>ἀλλ’</strong></span> <span class='ocrx_word' id='word_1_314' title='bbox 185 1398 216 1432; x_wconf 76' lang='grc' dir='ltr'>ἐξ</span> <span class='ocrx_word' id='word_1_315' title='bbox 232 1398 359 1425; x_wconf 80' lang='grc' dir='ltr'>ἁπάντων</span> <span class='ocrx_word' id='word_1_316' title='bbox 377 1398 431 1424; x_wconf 84' lang='grc' dir='ltr'><strong>τῶν</strong></span> <span class='ocrx_word' id='word_1_317' title='bbox 445 1397 529 1424; x_wconf 80' lang='grc' dir='ltr'><strong>ἐθνῶν</strong></span> <span class='ocrx_word' id='word_1_318' title='bbox 553 1398 600 1432; x_wconf 83' lang='grc' dir='ltr'><strong>τὴν</strong></span> <span class='ocrx_word' id='word_1_319' title='bbox 623 1398 737 1433; x_wconf 81' lang='grc' dir='ltr'>ἐκλογὴν</span> <span class='ocrx_word' id='word_1_320' title='bbox 763 1397 899 1424; x_wconf 78' lang='grc' dir='ltr'>ποιεῖσθαι</span> 
     </span>
    </p>
   </div>
   <div class='ocr_carea' id='block_1_45' title="bbox 114 1442 900 1479">
    <p class='ocr_par' dir='ltr' id='par_1_45' title="bbox 114 1442 900 1479">
     <span class='ocr_line' id='line_1_45' title="bbox 114 1442 900 1479; baseline -0.003 -7"><span class='ocrx_word' id='word_1_321' title='bbox 114 1445 169 1472; x_wconf 81' lang='grc' dir='ltr'>τῶν</span> <span class='ocrx_word' id='word_1_322' title='bbox 182 1444 354 1479; x_wconf 74' lang='grc' dir='ltr'><strong>σωζομένων.</strong></span> <span class='ocrx_word' id='word_1_323' title='bbox 372 1444 472 1479; x_wconf 81' lang='grc' dir='ltr'>Διόπερ</span> <span class='ocrx_word' id='word_1_324' title='bbox 497 1442 510 1470; x_wconf 82' lang='grc' dir='ltr'>ὁ</span> <span class='ocrx_word' id='word_1_325' title='bbox 527 1445 630 1479; x_wconf 80' lang='grc' dir='ltr'>Πέτρος</span> <span class='ocrx_word' id='word_1_326' title='bbox 645 1445 673 1470; x_wconf 83' lang='grc' dir='ltr'><strong>ὲν</strong></span> <span class='ocrx_word' id='word_1_327' title='bbox 691 1446 751 1476; x_wconf 82' lang='grc' dir='ltr'>ταῖς</span> <span class='ocrx_word' id='word_1_328' title='bbox 766 1444 900 1479; x_wconf 81' lang='grc' dir='ltr'>Πράξεσιν</span> 
     </span>
    </p>
   </div>
   <div class='ocr_carea' id='block_1_46' title="bbox 114 1487 903 1525">
    <p class='ocr_par' dir='ltr' id='par_1_46' title="bbox 114 1487 903 1525">
     <span class='ocr_line' id='line_1_46' title="bbox 114 1487 903 1525; baseline -0.003 -8"><span class='ocrx_word' id='word_1_329' title='bbox 114 1489 320 1525; x_wconf 81' lang='grc' dir='ltr'>ἀναγέγραπται</span> <span class='ocrx_word' id='word_1_330' title='bbox 346 1489 479 1524; x_wconf 72' lang='grc' dir='ltr'>εἰρηκώς·</span> <span class='ocrx_word' id='word_1_331' title='bbox 503 1489 565 1515; x_wconf 79' lang='grc' dir='ltr'><strong>Ἐπ“</strong></span> <span class='ocrx_word' id='word_1_332' title='bbox 587 1489 731 1522; x_wconf 71' lang='grc' dir='ltr'>ἀληθείας</span> <span class='ocrx_word' id='word_1_333' title='bbox 753 1487 835 1521; x_wconf 78' lang='grc' dir='ltr'>οἴδα,</span> <span class='ocrx_word' id='word_1_334' title='bbox 858 1489 903 1516; x_wconf 83' lang='grc' dir='ltr'><strong>ὅτι</strong></span> 
     </span>
    </p>
   </div>
   <div class='ocr_carea' id='block_1_47' title="bbox 114 1534 901 1570">
    <p class='ocr_par' dir='ltr' id='par_1_47' title="bbox 114 1534 901 1570">
     <span class='ocr_line' id='line_1_47' title="bbox 114 1534 901 1570; baseline -0.004 -6"><span class='ocrx_word' id='word_1_335' title='bbox 114 1538 168 1564; x_wconf 79' lang='grc' dir='ltr'><strong>οὐκ</strong></span> <span class='ocrx_word' id='word_1_336' title='bbox 186 1536 253 1563; x_wconf 73' lang='grc' dir='ltr'><strong>ἐστι</strong></span> <span class='ocrx_word' id='word_1_337' title='bbox 269 1534 528 1570; x_wconf 78' lang='grc' dir='ltr'><strong>προσωπολήπτης</strong></span> <span class='ocrx_word' id='word_1_338' title='bbox 543 1537 558 1561; x_wconf 83' lang='grc' dir='ltr'>ο</span> <span class='ocrx_word' id='word_1_339' title='bbox 575 1536 661 1568; x_wconf 74' lang='grc' dir='ltr'>Θεόςο</span> <span class='ocrx_word' id='word_1_340' title='bbox 677 1535 745 1562; x_wconf 73' lang='grc' dir='ltr'><strong>ἀλλ’</strong></span> <span class='ocrx_word' id='word_1_341' title='bbox 760 1535 795 1561; x_wconf 81' lang='grc' dir='ltr'><strong>ἐν</strong></span> <span class='ocrx_word' id='word_1_342' title='bbox 812 1535 901 1562; x_wconf 82' lang='grc' dir='ltr'>παντί</span> 
     </span>
    </p>
   </div>
   <div class='ocr_carea' id='block_1_48' title="bbox 112 1581 898 1616">
    <p class='ocr_par' dir='ltr' id='par_1_48' title="bbox 112 1581 898 1616">
     <span class='ocr_line' id='line_1_48' title="bbox 112 1581 898 1616; baseline -0.003 -6"><span class='ocrx_word' id='word_1_343' title='bbox 112 1583 191 1610; x_wconf 74' lang='grc' dir='ltr'>ἔθνει</span> <span class='ocrx_word' id='word_1_344' title='bbox 207 1583 224 1609; x_wconf 83' lang='grc' dir='ltr'><em>ὁ</em></span> <span class='ocrx_word' id='word_1_345' title='bbox 260 1582 444 1616; x_wconf 74' lang='grc' dir='ltr'><strong>φοϐούμενος</strong></span> <span class='ocrx_word' id='word_1_346' title='bbox 467 1581 560 1607; x_wconf 82' lang='grc' dir='ltr'><strong>αὐτὸν</strong></span> <span class='ocrx_word' id='word_1_347' title='bbox 586 1581 690 1614; x_wconf 79' lang='grc' dir='ltr'><strong>δεκτός</strong></span> <span class='ocrx_word' id='word_1_348' title='bbox 711 1582 796 1608; x_wconf 76' lang='grc' dir='ltr'>ἐστιν</span> <span class='ocrx_word' id='word_1_349' title='bbox 809 1581 898 1614; x_wconf 80' lang='grc' dir='ltr'><strong>αὐτῷ.</strong></span> 
     </span>
    </p>
   </div>
   <div class='ocr_carea' id='block_1_49' title="bbox 114 1627 901 1663">
    <p class='ocr_par' dir='ltr' id='par_1_49' title="bbox 114 1627 901 1663">
     <span class='ocr_line' id='line_1_49' title="bbox 114 1627 901 1663; baseline -0.003 -7"><span class='ocrx_word' id='word_1_350' title='bbox 114 1629 167 1656; x_wconf 78' lang='grc' dir='ltr'><strong>Καὶ</strong></span> <span class='ocrx_word' id='word_1_351' title='bbox 182 1629 196 1655; x_wconf 80' lang='grc' dir='ltr'><strong>ὕ</strong></span> <span class='ocrx_word' id='word_1_352' title='bbox 215 1627 321 1659; x_wconf 78' lang='grc' dir='ltr'><strong>Παῦλος</strong></span> <span class='ocrx_word' id='word_1_353' title='bbox 332 1627 360 1654; x_wconf 85' lang='grc' dir='ltr'><strong>δὲ</strong></span> <span class='ocrx_word' id='word_1_354' title='bbox 380 1627 500 1662; x_wconf 77' lang='grc' dir='ltr'>Ἰουδαίῳ</span> <span class='ocrx_word' id='word_1_355' title='bbox 514 1635 543 1653; x_wconf 85' lang='grc' dir='ltr'>τε</span> <span class='ocrx_word' id='word_1_356' title='bbox 566 1627 673 1662; x_wconf 84' lang='grc' dir='ltr'>πρῶτον</span> <span class='ocrx_word' id='word_1_357' title='bbox 689 1627 736 1654; x_wconf 76' lang='grc' dir='ltr'>καὶ</span> <span class='ocrx_word' id='word_1_358' title='bbox 749 1627 859 1663; x_wconf 78' lang='grc' dir='ltr'>Ἕλληνι</span> <span class='ocrx_word' id='word_1_359' title='bbox 871 1628 901 1654; x_wconf 83' lang='grc' dir='ltr'>τὸ</span> 
     </span>
    </p>
   </div>
   <div class='ocr_carea' id='block_1_50' title="bbox 114 1673 902 1709">
    <p class='ocr_par' dir='ltr' id='par_1_50' title="bbox 114 1673 902 1709">
     <span class='ocr_line' id='line_1_50' title="bbox 114 1673 902 1709; baseline -0.003 -7"><span class='ocrx_word' id='word_1_360' title='bbox 114 1674 278 1709; x_wconf 73' lang='grc' dir='ltr'>Εὐαγγέλιον</span> <span class='ocrx_word' id='word_1_361' title='bbox 299 1673 479 1709; x_wconf 75' lang='grc' dir='ltr'>κηρύττεσθαί</span> <span class='ocrx_word' id='word_1_362' title='bbox 496 1682 561 1708; x_wconf 83' lang='grc' dir='ltr'>φησι</span> <span class='ocrx_word' id='word_1_363' title='bbox 578 1673 680 1707; x_wconf 70' lang='grc' dir='ltr'>λέγων’</span> <span class='ocrx_word' id='word_1_364' title='bbox 697 1674 738 1701; x_wconf 84' lang='grc' dir='ltr'><strong>Οὐ</strong></span> <span class='ocrx_word' id='word_1_365' title='bbox 752 1673 806 1708; x_wconf 73' lang='grc' dir='ltr'><strong>γὰρ</strong></span> <span class='ocrx_word' id='word_1_366' title='bbox 823 1675 902 1701; x_wconf 77' lang='grc' dir='ltr'>ἐπαι-</span> 
     </span>
    </p>
   </div>
   <div class='ocr_carea' id='block_1_51' title="bbox 114 1719 901 1756">
    <p class='ocr_par' dir='ltr' id='par_1_51' title="bbox 114 1719 901 1756">
     <span class='ocr_line' id='line_1_51' title="bbox 114 1719 901 1756; baseline -0.003 -8"><span class='ocrx_word' id='word_1_367' title='bbox 114 1720 263 1756; x_wconf 78' lang='grc' dir='ltr'><strong>σχύνομαι</strong></span> <span class='ocrx_word' id='word_1_368' title='bbox 275 1719 308 1746; x_wconf 82' lang='grc' dir='ltr'><strong>τὸ</strong></span> <span class='ocrx_word' id='word_1_369' title='bbox 317 1719 514 1753; x_wconf 72' lang='grc' dir='ltr'>Εὑαγγέλιον·</span> <span class='ocrx_word' id='word_1_370' title='bbox 525 1719 651 1751; x_wconf 80' lang='grc' dir='ltr'><strong>δύναμις</strong></span> <span class='ocrx_word' id='word_1_371' title='bbox 666 1719 719 1753; x_wconf 77' lang='grc' dir='ltr'><strong>γὰρ</strong></span> <span class='ocrx_word' id='word_1_372' title='bbox 731 1719 805 1746; x_wconf 86' lang='grc' dir='ltr'><strong>Θεοῦ</strong></span> <span class='ocrx_word' id='word_1_373' title='bbox 817 1719 901 1746; x_wconf 83' lang='grc' dir='ltr'>ἐστιν</span> 
     </span>
    </p>
   </div>
   <div class='ocr_carea' id='block_1_52' title="bbox 114 1765 902 1802">
    <p class='ocr_par' dir='ltr' id='par_1_52' title="bbox 114 1765 902 1802">
     <span class='ocr_line' id='line_1_52' title="bbox 114 1765 902 1802; baseline -0.004 -8"><span class='ocrx_word' id='word_1_374' title='bbox 114 1769 156 1802; x_wconf 81' lang='grc' dir='ltr'><strong>εις</strong></span> <span class='ocrx_word' id='word_1_375' title='bbox 168 1767 320 1800; x_wconf 83' lang='grc' dir='ltr'>σωτηρίαν</span> <span class='ocrx_word' id='word_1_376' title='bbox 334 1766 423 1792; x_wconf 82' lang='grc' dir='ltr'>παντὶ</span> <span class='ocrx_word' id='word_1_377' title='bbox 445 1765 486 1798; x_wconf 84' lang='grc' dir='ltr'>τῷ</span> <span class='ocrx_word' id='word_1_378' title='bbox 511 1766 699 1797; x_wconf 78' lang='grc' dir='ltr'><strong>πιστεύοντι,</strong></span> <span class='ocrx_word' id='word_1_379' title='bbox 723 1766 850 1797; x_wconf 79' lang='grc' dir='ltr'><strong>Ἰουδαίῳ</strong></span> <span class='ocrx_word' id='word_1_380' title='bbox 869 1775 902 1792; x_wconf 77' lang='grc' dir='ltr'>τε</span> 
     </span>
    </p>
   </div>
   <div class='ocr_carea' id='block_1_53' title="bbox 115 1811 902 1848">
    <p class='ocr_par' dir='ltr' id='par_1_53' title="bbox 115 1811 902 1848">
     <span class='ocr_line' id='line_1_53' title="bbox 115 1811 902 1848; baseline -0.003 -9"><span class='ocrx_word' id='word_1_381' title='bbox 115 1812 232 1848; x_wconf 79' lang='grc' dir='ltr'>πρῶτον</span> <span class='ocrx_word' id='word_1_382' title='bbox 256 1811 460 1845; x_wconf 76' lang='grc' dir='ltr'><strong>καὶἛλληνι.</strong></span> <span class='ocrx_word' id='word_1_383' title='bbox 486 1811 665 1844; x_wconf 72' lang='grc' dir='ltr'><strong>Δικαιοσύνη</strong></span> <span class='ocrx_word' id='word_1_384' title='bbox 687 1811 741 1845; x_wconf 79' lang='grc' dir='ltr'><strong>γὰρ</strong></span> <span class='ocrx_word' id='word_1_385' title='bbox 767 1811 841 1838; x_wconf 82' lang='grc' dir='ltr'>Θεοῦ</span> <span class='ocrx_word' id='word_1_386' title='bbox 867 1811 902 1837; x_wconf 85' lang='grc' dir='ltr'><strong>ἐν</strong></span> 
     </span>
    </p>
   </div>
   <div class='ocr_carea' id='block_1_54' title="bbox 115 1853 902 1890">
    <p class='ocr_par' dir='ltr' id='par_1_54' title="bbox 115 1853 902 1890">
     <span class='ocr_line' id='line_1_54' title="bbox 115 1853 902 1890; baseline -0.003 -5"><span class='ocrx_word' id='word_1_387' title='bbox 115 1857 196 1890; x_wconf 77' lang='grc' dir='ltr'><strong>αὐτῷ</strong></span> <span class='ocrx_word' id='word_1_388' title='bbox 226 1857 478 1884; x_wconf 78' lang='grc' dir='ltr'><strong>ἀποκαλύπτεται.</strong></span> <span class='ocrx_word' id='word_1_389' title='bbox 514 1853 561 1887; x_wconf 75' lang='grc' dir='ltr'>Οἷς</span> <span class='ocrx_word' id='word_1_390' title='bbox 598 1855 751 1888; x_wconf 84' lang='grc' dir='ltr'><strong>ἀκολούθως</strong></span> <span class='ocrx_word' id='word_1_391' title='bbox 787 1856 902 1883; x_wconf 77' lang='grc' dir='ltr'><strong>ἐνταῦθα</strong></span> 
     </span>
    </p>
   </div>
   <div class='ocr_carea' id='block_1_55' title="bbox 115 1901 900 1939">
    <p class='ocr_par' dir='ltr' id='par_1_55' title="bbox 115 1901 900 1939">
     <span class='ocr_line' id='line_1_55' title="bbox 115 1901 900 1939; baseline -0.003 -9"><span class='ocrx_word' id='word_1_392' title='bbox 115 1903 214 1939; x_wconf 77' lang='grc' dir='ltr'>φάσκει</span> <span class='ocrx_word' id='word_1_393' title='bbox 229 1903 276 1930; x_wconf 86' lang='grc' dir='ltr'>τό·</span> <span class='ocrx_word' id='word_1_394' title='bbox 299 1902 372 1937; x_wconf 73' lang='grc' dir='ltr'><strong>Ἐγὼ</strong></span> <span class='ocrx_word' id='word_1_395' title='bbox 387 1902 554 1935; x_wconf 83' lang='grc' dir='ltr'><strong>εὐθύτητας</strong></span> <span class='ocrx_word' id='word_1_396' title='bbox 574 1902 675 1935; x_wconf 82' lang='grc' dir='ltr'>κρινῶ.</span> <span class='ocrx_word' id='word_1_397' title='bbox 697 1901 753 1928; x_wconf 68' lang='grc' dir='ltr'><strong>Εἶτ’</strong></span> <span class='ocrx_word' id='word_1_398' title='bbox 770 1902 900 1936; x_wconf 70' lang='grc' dir='ltr'>ἐπιλέγει-</span> 
     </span>
    </p>
   </div>
   <div class='ocr_carea' id='block_1_56' title="bbox 122 1947 899 1983">
    <p class='ocr_par' dir='ltr' id='par_1_56' title="bbox 122 1947 899 1983">
     <span class='ocr_line' id='line_1_56' title="bbox 122 1947 899 1983; baseline -0.005 -6"><span class='ocrx_word' id='word_1_399' title='bbox 122 1949 228 1983; x_wconf 71' lang='grc' dir='ltr'><strong>Ἐτάιιη</strong></span> <span class='ocrx_word' id='word_1_400' title='bbox 241 1948 261 1983; x_wconf 73' lang='grc' dir='ltr'>ἡ</span> <span class='ocrx_word' id='word_1_401' title='bbox 274 1947 311 1983; x_wconf 80' lang='grc' dir='ltr'>γῆ</span> <span class='ocrx_word' id='word_1_402' title='bbox 331 1947 381 1974; x_wconf 80' lang='grc' dir='ltr'><strong>καὶ</strong></span> <span class='ocrx_word' id='word_1_403' title='bbox 396 1947 506 1980; x_wconf 81' lang='grc' dir='ltr'><strong>πάντες</strong></span> <span class='ocrx_word' id='word_1_404' title='bbox 523 1948 549 1973; x_wconf 87' lang='grc' dir='ltr'><strong>οί</strong></span> <span class='ocrx_word' id='word_1_405' title='bbox 563 1947 773 1980; x_wconf 77' lang='grc' dir='ltr'>κατοικοῦντες</span> <span class='ocrx_word' id='word_1_406' title='bbox 789 1947 899 1980; x_wconf 85' lang='grc' dir='ltr'><strong>αὑτήν·</strong></span> 
     </span>
    </p>
   </div>
   <div class='ocr_carea' id='block_1_57' title="bbox 116 1993 902 2030">
    <p class='ocr_par' dir='ltr' id='par_1_57' title="bbox 116 1993 902 2030">
     <span class='ocr_line' id='line_1_57' title="bbox 116 1993 902 2030; baseline -0.003 -8"><span class='ocrx_word' id='word_1_407' title='bbox 116 1995 172 2030; x_wconf 70' lang='grc' dir='ltr'>ἐγὼ</span> <span class='ocrx_word' id='word_1_408' title='bbox 188 1994 356 2030; x_wconf 77' lang='grc' dir='ltr'>ἐστερέωσα</span> <span class='ocrx_word' id='word_1_409' title='bbox 369 1993 440 2026; x_wconf 84' lang='grc' dir='ltr'>τοὺς</span> <span class='ocrx_word' id='word_1_410' title='bbox 452 1994 584 2026; x_wconf 78' lang='grc' dir='ltr'><strong>στύλους</strong></span> <span class='ocrx_word' id='word_1_411' title='bbox 595 1993 699 2027; x_wconf 80' lang='grc' dir='ltr'><strong>αὐτῆς.</strong></span> <span class='ocrx_word' id='word_1_412' title='bbox 716 1993 795 2020; x_wconf 81' lang='grc' dir='ltr'>Κατὰ</span> <span class='ocrx_word' id='word_1_413' title='bbox 808 1994 836 2020; x_wconf 80' lang='grc' dir='ltr'><strong>δὲ</strong></span> <span class='ocrx_word' id='word_1_414' title='bbox 857 1994 902 2020; x_wconf 83' lang='grc' dir='ltr'><strong>τὸν</strong></span> 
     </span>
    </p>
   </div>
   <div class='ocr_carea' id='block_1_58' title="bbox 117 2038 903 2075">
    <p class='ocr_par' dir='ltr' id='par_1_58' title="bbox 117 2038 903 2075">
     <span class='ocr_line' id='line_1_58' title="bbox 117 2038 903 2075; baseline -0.004 -9"><span class='ocrx_word' id='word_1_415' title='bbox 117 2040 274 2075; x_wconf 80' lang='grc' dir='ltr'><strong>Σύμμαχον,</strong></span> <span class='ocrx_word' id='word_1_416' title='bbox 296 2038 532 2071; x_wconf 81' lang='grc' dir='ltr'><strong>Συσταθήσεται,</strong></span> <span class='ocrx_word' id='word_1_417' title='bbox 555 2039 647 2074; x_wconf 72' lang='grc' dir='ltr'>φησὶν,</span> <span class='ocrx_word' id='word_1_418' title='bbox 670 2039 688 2072; x_wconf 81' lang='grc' dir='ltr'><em>ὴ</em></span> <span class='ocrx_word' id='word_1_419' title='bbox 706 2038 742 2072; x_wconf 76' lang='grc' dir='ltr'><strong>τνῆ</strong></span> <span class='ocrx_word' id='word_1_420' title='bbox 759 2039 820 2066; x_wconf 79' lang='grc' dir='ltr'><strong>σὺν</strong></span> <span class='ocrx_word' id='word_1_421' title='bbox 840 2039 903 2073; x_wconf 80' lang='grc' dir='ltr'><em>τοῖς</em></span> 
     </span>
    </p>
   </div>
   <div class='ocr_carea' id='block_1_59' title="bbox 117 2085 903 2119">
    <p class='ocr_par' dir='ltr' id='par_1_59' title="bbox 117 2085 903 2119">
     <span class='ocr_line' id='line_1_59' title="bbox 117 2085 903 2119; baseline -0.001 -6"><span class='ocrx_word' id='word_1_422' title='bbox 117 2087 312 2113; x_wconf 81' lang='grc' dir='ltr'><strong>κατοικοῦσιν</strong></span> <span class='ocrx_word' id='word_1_423' title='bbox 337 2085 450 2118; x_wconf 53' lang='grc' dir='ltr'><strong>αὐτὴν</strong></span> <span class='ocrx_word' id='word_1_424' title='bbox 467 2085 524 2119; x_wconf 82' lang='grc' dir='ltr'><strong>ἐγὼ</strong></span> <span class='ocrx_word' id='word_1_425' title='bbox 545 2085 662 2119; x_wconf 80' lang='grc' dir='ltr'><strong>ἣδρασα</strong></span> <span class='ocrx_word' id='word_1_426' title='bbox 677 2085 748 2118; x_wconf 84' lang='grc' dir='ltr'><strong>τοὺς</strong></span> <span class='ocrx_word' id='word_1_427' title='bbox 770 2086 903 2118; x_wconf 81' lang='grc' dir='ltr'><strong>στύλους</strong></span> 
     </span>
    </p>
   </div>
   <div class='ocr_carea' id='block_1_60' title="bbox 117 2129 903 2167">
    <p class='ocr_par' dir='ltr' id='par_1_60' title="bbox 117 2129 903 2167">
     <span class='ocr_line' id='line_1_60' title="bbox 117 2129 903 2167; baseline -0.003 -9"><span class='ocrx_word' id='word_1_428' title='bbox 117 2131 219 2167; x_wconf 75' lang='grc' dir='ltr'><strong>αὐτῆς.</strong></span> <span class='ocrx_word' id='word_1_429' title='bbox 237 2129 328 2158; x_wconf 72' lang='grc' dir='ltr'>Ταῦτα</span> <span class='ocrx_word' id='word_1_430' title='bbox 342 2131 370 2157; x_wconf 85' lang='grc' dir='ltr'><strong>δὲ</strong></span> <span class='ocrx_word' id='word_1_431' title='bbox 383 2131 439 2162; x_wconf 81' lang='grc' dir='ltr'>τοῖς</span> <span class='ocrx_word' id='word_1_432' title='bbox 460 2131 488 2156; x_wconf 77' lang='grc' dir='ltr'>ἐν</span> <span class='ocrx_word' id='word_1_433' title='bbox 500 2130 539 2165; x_wconf 81' lang='grc' dir='ltr'>τῷ</span> <span class='ocrx_word' id='word_1_434' title='bbox 554 2130 607 2165; x_wconf 78' lang='grc' dir='ltr'>πρὸ</span> <span class='ocrx_word' id='word_1_435' title='bbox 622 2130 716 2156; x_wconf 86' lang='grc' dir='ltr'>τούτου</span> <span class='ocrx_word' id='word_1_436' title='bbox 732 2130 903 2165; x_wconf 85' lang='grc' dir='ltr'>λελεγμένοις</span> 
     </span>
    </p>
   </div>
   <div class='ocr_carea' id='block_1_61' title="bbox 117 2176 901 2214">
    <p class='ocr_par' dir='ltr' id='par_1_61' title="bbox 117 2176 901 2214">
     <span class='ocr_line' id='line_1_61' title="bbox 117 2176 901 2214; baseline -0.003 -10"><span class='ocrx_word' id='word_1_437' title='bbox 117 2177 223 2214; x_wconf 76' lang='grc' dir='ltr'>εἴρηται</span> <span class='ocrx_word' id='word_1_438' title='bbox 241 2177 402 2213; x_wconf 75' lang='grc' dir='ltr'><strong>συμφώνως.</strong></span> <span class='ocrx_word' id='word_1_439' title='bbox 433 2177 465 2203; x_wconf 85' lang='lat' dir='ltr'><strong>&#39;H</strong></span> <span class='ocrx_word' id='word_1_440' title='bbox 490 2177 544 2211; x_wconf 80' lang='grc' dir='ltr'>γὰρ</span> <span class='ocrx_word' id='word_1_441' title='bbox 570 2176 779 2212; x_wconf 81' lang='grc' dir='ltr'>πολιορκηθεῖσα</span> <span class='ocrx_word' id='word_1_442' title='bbox 805 2176 901 2210; x_wconf 76' lang='grc' dir='ltr'>γῆκαὶ</span> 
     </span>
    </p>
   </div>
   <div class='ocr_carea' id='block_1_62' title="bbox 915 1559 938 1590">
    <p class='ocr_par' dir='ltr' id='par_1_62' title="bbox 915 1559 938 1590">
     <span class='ocr_line' id='line_1_62' title="bbox 915 1559 938 1590; baseline 0 0"><span class='ocrx_word' id='word_1_443' title='bbox 915 1559 938 1590; x_wconf 89' lang='lat' dir='ltr'><strong><em>C</em></strong></span> 
     </span>
    </p>
   </div>
   <div class='ocr_carea' id='block_1_63' title="bbox 948 931 1729 968">
    <p class='ocr_par' dir='ltr' id='par_1_63' title="bbox 948 931 1729 968">
     <span class='ocr_line' id='line_1_63' title="bbox 948 931 1729 968; baseline -0.003 -9"><span class='ocrx_word' id='word_1_444' title='bbox 948 932 1016 959; x_wconf 86' lang='lat' dir='ltr'><strong>siam</strong></span> <span class='ocrx_word' id='word_1_445' title='bbox 1032 933 1083 968; x_wconf 91' lang='lat' dir='ltr'><strong>ipsi</strong></span> <span class='ocrx_word' id='word_1_446' title='bbox 1097 932 1175 960; x_wconf 88' lang='lat' dir='ltr'><strong>Pater</strong></span> <span class='ocrx_word' id='word_1_447' title='bbox 1194 933 1318 968; x_wconf 83' lang='lat' dir='ltr'><strong>promisit</strong></span> <span class='ocrx_word' id='word_1_448' title='bbox 1334 932 1376 959; x_wconf 89' lang='lat' dir='ltr'><strong>his</strong></span> <span class='ocrx_word' id='word_1_449' title='bbox 1390 932 1480 960; x_wconf 85' lang='lat' dir='ltr'><strong>verbis</strong></span> <span class='ocrx_word' id='word_1_450' title='bbox 1494 941 1500 959; x_wconf 94' lang='lat'>:</span> <span class='ocrx_word' id='word_1_451' title='bbox 1520 931 1630 959; x_wconf 79' lang='lat' dir='ltr'><strong>Postulo</strong></span> <span class='ocrx_word' id='word_1_452' title='bbox 1648 939 1665 957; x_wconf 90' lang='lat' dir='ltr'><strong>a</strong></span> <span class='ocrx_word' id='word_1_453' title='bbox 1678 939 1729 963; x_wconf 81' lang='lat' dir='ltr'><strong>me,</strong></span> 
     </span>
    </p>
   </div>
   <div class='ocr_carea' id='block_1_64' title="bbox 947 977 1722 1014">
    <p class='ocr_par' dir='ltr' id='par_1_64' title="bbox 947 977 1722 1014">
     <span class='ocr_line' id='line_1_64' title="bbox 947 977 1722 1014; baseline -0.004 -8"><span class='ocrx_word' id='word_1_454' title='bbox 947 983 971 1006; x_wconf 80' lang='lat' dir='ltr'><strong>et</strong></span> <span class='ocrx_word' id='word_1_455' title='bbox 988 978 1057 1006; x_wconf 82' lang='lat' dir='ltr'><strong>dabo</strong></span> <span class='ocrx_word' id='word_1_456' title='bbox 1073 980 1120 1006; x_wconf 85' lang='lat' dir='ltr'><strong>tibi</strong></span> <span class='ocrx_word' id='word_1_457' title='bbox 1136 984 1222 1014; x_wconf 79' lang='lat' dir='ltr'><strong>gentes</strong></span> <span class='ocrx_word' id='word_1_458' title='bbox 1239 979 1415 1006; x_wconf 79' lang='lat' dir='ltr'><strong>hwreditatem</strong></span> <span class='ocrx_word' id='word_1_459' title='bbox 1439 983 1522 1010; x_wconf 89' lang='lat' dir='ltr'><strong>tuam,</strong></span> <span class='ocrx_word' id='word_1_460' title='bbox 1539 982 1564 1004; x_wconf 90' lang='lat' dir='ltr'><strong>et</strong></span> <span class='ocrx_word' id='word_1_461' title='bbox 1587 977 1722 1011; x_wconf 70' lang='lat' dir='ltr'><strong>possessio</strong></span> 
     </span>
    </p>
   </div>
   <div class='ocr_carea' id='block_1_65' title="bbox 949 1023 1730 1059">
    <p class='ocr_par' dir='ltr' id='par_1_65' title="bbox 949 1023 1730 1059">
     <span class='ocr_line' id='line_1_65' title="bbox 949 1023 1730 1059; baseline -0.004 -7"><span class='ocrx_word' id='word_1_462' title='bbox 949 1034 1006 1052; x_wconf 81' lang='lat' dir='ltr'><strong>nem</strong></span> <span class='ocrx_word' id='word_1_463' title='bbox 1022 1030 1094 1053; x_wconf 80' lang='lat' dir='ltr'><strong>tuam</strong></span> <span class='ocrx_word' id='word_1_464' title='bbox 1112 1026 1236 1053; x_wconf 75' lang='lat' dir='ltr'><strong>terminos</strong></span> <span class='ocrx_word' id='word_1_465' title='bbox 1251 1030 1328 1053; x_wconf 71' lang='lat' dir='ltr'><strong>terra:</strong></span> <span class='ocrx_word' id='word_1_466' title='bbox 1335 1025 1368 1052; x_wconf 79' lang='grc'><strong>³⁵.</strong></span> <span class='ocrx_word' id='word_1_467' title='bbox 1387 1024 1454 1052; x_wconf 86' lang='lat' dir='ltr'><strong>Cum</strong></span> <span class='ocrx_word' id='word_1_468' title='bbox 1470 1031 1534 1059; x_wconf 79' lang='lat' dir='ltr'><strong>ergo</strong></span> <span class='ocrx_word' id='word_1_469' title='bbox 1550 1023 1602 1050; x_wconf 81' lang='lat' dir='ltr'><strong>hoc</strong></span> <span class='ocrx_word' id='word_1_470' title='bbox 1623 1026 1730 1058; x_wconf 86' lang='lat' dir='ltr'><strong>tempus</strong></span> 
     </span>
    </p>
   </div>
   <div class='ocr_carea' id='block_1_66' title="bbox 949 1068 1732 1106">
    <p class='ocr_par' dir='ltr' id='par_1_66' title="bbox 949 1068 1732 1106">
     <span class='ocr_line' id='line_1_66' title="bbox 949 1068 1732 1106; baseline -0.005 -8"><span class='ocrx_word' id='word_1_471' title='bbox 949 1075 1080 1102; x_wconf 85' lang='lat' dir='ltr'><strong>stantum,</strong></span> <span class='ocrx_word' id='word_1_472' title='bbox 1092 1071 1190 1106; x_wconf 83' lang='lat' dir='ltr'><strong>inquit,</strong></span> <span class='ocrx_word' id='word_1_473' title='bbox 1199 1078 1338 1105; x_wconf 84' lang='lat' dir='ltr'><strong>accepero,</strong></span> <span class='ocrx_word' id='word_1_474' title='bbox 1349 1074 1448 1098; x_wconf 87' lang='lat' dir='ltr'><strong>etcum</strong></span> <span class='ocrx_word' id='word_1_475' title='bbox 1460 1069 1531 1097; x_wconf 79' lang='lat' dir='ltr'><strong>hanc</strong></span> <span class='ocrx_word' id='word_1_476' title='bbox 1543 1068 1718 1104; x_wconf 86' lang='lat' dir='ltr'><strong>opportunita</strong></span> <span class='ocrx_word' id='word_1_477' title='bbox 1726 1085 1732 1089; x_wconf 85' lang='lat'>—</span> 
     </span>
    </p>
   </div>
   <div class='ocr_carea' id='block_1_67' title="bbox 950 1115 1730 1151">
    <p class='ocr_par' dir='ltr' id='par_1_67' title="bbox 950 1115 1730 1151">
     <span class='ocr_line' id='line_1_67' title="bbox 950 1115 1730 1151; baseline -0.004 -7"><span class='ocrx_word' id='word_1_478' title='bbox 950 1121 1002 1144; x_wconf 85' lang='lat' dir='ltr'><strong>tem</strong></span> <span class='ocrx_word' id='word_1_479' title='bbox 1013 1121 1177 1144; x_wconf 86' lang='lat' dir='ltr'><strong>consecutus</strong></span> <span class='ocrx_word' id='word_1_480' title='bbox 1187 1124 1243 1147; x_wconf 82' lang='lat' dir='ltr'><strong>ero.</strong></span> <span class='ocrx_word' id='word_1_481' title='bbox 1259 1121 1323 1144; x_wconf 91' lang='lat' dir='ltr'><strong>tunc</strong></span> <span class='ocrx_word' id='word_1_482' title='bbox 1331 1117 1456 1144; x_wconf 89' lang='lat' dir='ltr'><strong>omnibus</strong></span> <span class='ocrx_word' id='word_1_483' title='bbox 1465 1115 1589 1151; x_wconf 85' lang='lat' dir='ltr'><strong>gentibus</strong></span> <span class='ocrx_word' id='word_1_484' title='bbox 1600 1122 1659 1150; x_wconf 73' lang='lat' dir='ltr'><strong>quae</strong></span> <span class='ocrx_word' id='word_1_485' title='bbox 1669 1121 1730 1142; x_wconf 76' lang='lat' dir='ltr'><strong>sese</strong></span> 
     </span>
    </p>
   </div>
   <div class='ocr_carea' id='block_1_68' title="bbox 951 1159 1730 1193">
    <p class='ocr_par' dir='ltr' id='par_1_68' title="bbox 951 1159 1730 1193">
     <span class='ocr_line' id='line_1_68' title="bbox 951 1159 1730 1193; baseline -0.005 -3"><span class='ocrx_word' id='word_1_486' title='bbox 951 1164 1135 1190; x_wconf 78' lang='lat' dir='ltr'><strong>converterint</strong></span> <span class='ocrx_word' id='word_1_487' title='bbox 1159 1163 1274 1189; x_wconf 80' lang='lat' dir='ltr'><strong>narrabo</strong></span> <span class='ocrx_word' id='word_1_488' title='bbox 1299 1162 1389 1189; x_wconf 81' lang='lat' dir='ltr'><strong>omnia</strong></span> <span class='ocrx_word' id='word_1_489' title='bbox 1404 1161 1538 1189; x_wconf 85' lang='lat' dir='ltr'><strong>mirabilia</strong></span> <span class='ocrx_word' id='word_1_490' title='bbox 1555 1165 1612 1188; x_wconf 84' lang='lat' dir='ltr'><strong>tua.</strong></span> <span class='ocrx_word' id='word_1_491' title='bbox 1625 1159 1730 1193; x_wconf 86' lang='lat' dir='ltr'><strong>Quibus</strong></span> 
     </span>
    </p>
   </div>
   <div class='ocr_carea' id='block_1_69' title="bbox 951 1206 1731 1244">
    <p class='ocr_par' dir='ltr' id='par_1_69' title="bbox 951 1206 1731 1244">
     <span class='ocr_line' id='line_1_69' title="bbox 951 1206 1731 1244; baseline -0.003 -8"><span class='ocrx_word' id='word_1_492' title='bbox 951 1208 1043 1236; x_wconf 82' lang='lat' dir='ltr'><strong>subdit</strong></span> <span class='ocrx_word' id='word_1_493' title='bbox 1057 1218 1064 1236; x_wconf 92' lang='lat'><strong>:</strong></span> <span class='ocrx_word' id='word_1_494' title='bbox 1080 1208 1135 1244; x_wconf 79' lang='lat' dir='ltr'><strong>Ego</strong></span> <span class='ocrx_word' id='word_1_495' title='bbox 1152 1209 1320 1236; x_wconf 71' lang='lat' dir='ltr'><strong>rectitudine:</strong></span> <span class='ocrx_word' id='word_1_496' title='bbox 1332 1208 1468 1243; x_wconf 85' lang='lat' dir='ltr'><strong>judicabo.</strong></span> <span class='ocrx_word' id='word_1_497' title='bbox 1485 1206 1601 1235; x_wconf 76' lang='lat' dir='ltr'><strong>Iustitiae</strong></span> <span class='ocrx_word' id='word_1_498' title='bbox 1614 1214 1731 1242; x_wconf 84' lang='lat' dir='ltr'><strong>namque</strong></span> 
     </span>
    </p>
   </div>
   <div class='ocr_carea' id='block_1_70' title="bbox 952 1253 1733 1292">
    <p class='ocr_par' dir='ltr' id='par_1_70' title="bbox 952 1253 1733 1292">
     <span class='ocr_line' id='line_1_70' title="bbox 952 1253 1733 1292; baseline -0.003 -10"><span class='ocrx_word' id='word_1_499' title='bbox 952 1258 978 1282; x_wconf 88' lang='lat' dir='ltr'><strong>et</strong></span> <span class='ocrx_word' id='word_1_500' title='bbox 998 1255 1172 1283; x_wconf 85' lang='lat' dir='ltr'><strong>rectitudinis</strong></span> <span class='ocrx_word' id='word_1_501' title='bbox 1189 1263 1258 1292; x_wconf 74' lang='lat' dir='ltr'><strong>opus</strong></span> <span class='ocrx_word' id='word_1_502' title='bbox 1273 1258 1324 1286; x_wconf 89' lang='lat' dir='ltr'><strong>est,</strong></span> <span class='ocrx_word' id='word_1_503' title='bbox 1338 1262 1392 1281; x_wconf 90' lang='lat' dir='ltr'><strong>non</strong></span> <span class='ocrx_word' id='word_1_504' title='bbox 1406 1253 1513 1282; x_wconf 65' lang='lat' dir='ltr'><strong>Iudaeos</strong></span> <span class='ocrx_word' id='word_1_505' title='bbox 1530 1254 1619 1282; x_wconf 90' lang='lat' dir='ltr'><strong>solum</strong></span> <span class='ocrx_word' id='word_1_506' title='bbox 1634 1253 1733 1281; x_wconf 47' lang='lat' dir='ltr'><strong>admit:</strong></span> 
     </span>
    </p>
   </div>
   <div class='ocr_carea' id='block_1_71' title="bbox 952 1298 1731 1336">
    <p class='ocr_par' dir='ltr' id='par_1_71' title="bbox 952 1298 1731 1336">
     <span class='ocr_line' id='line_1_71' title="bbox 952 1298 1731 1336; baseline -0.003 -8"><span class='ocrx_word' id='word_1_507' title='bbox 952 1304 1019 1331; x_wconf 76' lang='lat' dir='ltr'><strong>tero,</strong></span> <span class='ocrx_word' id='word_1_508' title='bbox 1035 1309 1123 1336; x_wconf 87' lang='lat' dir='ltr'><strong>neque</strong></span> <span class='ocrx_word' id='word_1_509' title='bbox 1145 1301 1290 1328; x_wconf 78' lang='lat' dir='ltr'><strong>Abrahami</strong></span> <span class='ocrx_word' id='word_1_510' title='bbox 1317 1308 1402 1336; x_wconf 81' lang='lat' dir='ltr'><strong>genus</strong></span> <span class='ocrx_word' id='word_1_511' title='bbox 1428 1300 1558 1327; x_wconf 80' lang='lat' dir='ltr'><strong>duntaxat</strong></span> <span class='ocrx_word' id='word_1_512' title='bbox 1584 1298 1731 1327; x_wconf 89' lang='lat' dir='ltr'><strong>secundum</strong></span> 
     </span>
    </p>
   </div>
   <div class='ocr_carea' id='block_1_72' title="bbox 953 1345 1732 1381">
    <p class='ocr_par' dir='ltr' id='par_1_72' title="bbox 953 1345 1732 1381">
     <span class='ocr_line' id='line_1_72' title="bbox 953 1345 1732 1381; baseline -0.001 -8"><span class='ocrx_word' id='word_1_513' title='bbox 953 1346 1053 1381; x_wconf 81' lang='lat' dir='ltr'><strong>Iloysis</strong></span> <span class='ocrx_word' id='word_1_514' title='bbox 1075 1347 1243 1373; x_wconf 87' lang='lat' dir='ltr'><strong>vocationem</strong></span> <span class='ocrx_word' id='word_1_515' title='bbox 1267 1346 1400 1381; x_wconf 78' lang='lat' dir='ltr'><strong>recipere,</strong></span> <span class='ocrx_word' id='word_1_516' title='bbox 1417 1346 1464 1373; x_wconf 84' lang='lat' dir='ltr'><strong>sed</strong></span> <span class='ocrx_word' id='word_1_517' title='bbox 1482 1345 1610 1372; x_wconf 87' lang='lat' dir='ltr'><strong>omnibus</strong></span> <span class='ocrx_word' id='word_1_518' title='bbox 1624 1353 1658 1372; x_wconf 75' lang='lat' dir='ltr'><strong>ex</strong></span> <span class='ocrx_word' id='word_1_519' title='bbox 1671 1352 1732 1380; x_wconf 45' lang='lat' dir='ltr'><strong>gen.</strong></span> 
     </span>
    </p>
   </div>
   <div class='ocr_carea' id='block_1_73' title="bbox 953 1390 1732 1423">
    <p class='ocr_par' dir='ltr' id='par_1_73' title="bbox 953 1390 1732 1423">
     <span class='ocr_line' id='line_1_73' title="bbox 953 1390 1732 1423; baseline -0.001 -5"><span class='ocrx_word' id='word_1_520' title='bbox 953 1392 1026 1419; x_wconf 90' lang='lat' dir='ltr'><strong>tibus</strong></span> <span class='ocrx_word' id='word_1_521' title='bbox 1043 1393 1237 1420; x_wconf 84' lang='lat' dir='ltr'><strong>servandorum</strong></span> <span class='ocrx_word' id='word_1_522' title='bbox 1263 1392 1421 1420; x_wconf 85' lang='lat' dir='ltr'><strong>electionem</strong></span> <span class='ocrx_word' id='word_1_523' title='bbox 1436 1390 1534 1418; x_wconf 82' lang='lat' dir='ltr'><strong>facere.</strong></span> <span class='ocrx_word' id='word_1_524' title='bbox 1550 1390 1732 1423; x_wconf 85' lang='lat' dir='ltr'><strong>Quamobrem</strong></span> 
     </span>
    </p>
   </div>
   <div class='ocr_carea' id='block_1_74' title="bbox 953 1436 1734 1465">
    <p class='ocr_par' dir='ltr' id='par_1_74' title="bbox 953 1436 1734 1465">
     <span class='ocr_line' id='line_1_74' title="bbox 953 1436 1734 1465; baseline 0 -1"><span class='ocrx_word' id='word_1_525' title='bbox 953 1438 1050 1465; x_wconf 87' lang='lat' dir='ltr'><strong>Petrus</strong></span> <span class='ocrx_word' id='word_1_526' title='bbox 1074 1438 1100 1464; x_wconf 93' lang='lat' dir='ltr'><strong>in</strong></span> <span class='ocrx_word' id='word_1_527' title='bbox 1125 1438 1237 1464; x_wconf 84' lang='lat' dir='ltr'><strong>Actibus</strong></span> <span class='ocrx_word' id='word_1_528' title='bbox 1263 1437 1366 1465; x_wconf 88' lang='lat' dir='ltr'><strong>dixisse</strong></span> <span class='ocrx_word' id='word_1_529' title='bbox 1387 1437 1542 1464; x_wconf 86' lang='lat' dir='ltr'><strong>scribitur:</strong></span> <span class='ocrx_word' id='word_1_530' title='bbox 1567 1436 1601 1463; x_wconf 87' lang='lat' dir='ltr'><strong>In</strong></span> <span class='ocrx_word' id='word_1_531' title='bbox 1626 1437 1734 1465; x_wconf 80' lang='lat' dir='ltr'><strong>veritate</strong></span> 
     </span>
    </p>
   </div>
   <div class='ocr_carea' id='block_1_75' title="bbox 953 1483 1718 1519">
    <p class='ocr_par' dir='ltr' id='par_1_75' title="bbox 953 1483 1718 1519">
     <span class='ocr_line' id='line_1_75' title="bbox 953 1483 1718 1519; baseline 0 -8"><span class='ocrx_word' id='word_1_532' title='bbox 953 1486 1075 1519; x_wconf 82' lang='lat' dir='ltr'><strong>comperi,</strong></span> <span class='ocrx_word' id='word_1_533' title='bbox 1098 1485 1160 1519; x_wconf 80' lang='lat' dir='ltr'><strong>quia</strong></span> <span class='ocrx_word' id='word_1_534' title='bbox 1181 1493 1232 1512; x_wconf 88' lang='lat' dir='ltr'><strong>non</strong></span> <span class='ocrx_word' id='word_1_535' title='bbox 1253 1489 1292 1511; x_wconf 78' lang='lat' dir='ltr'><strong>est</strong></span> <span class='ocrx_word' id='word_1_536' title='bbox 1312 1492 1484 1519; x_wconf 72' lang='lat' dir='ltr'><strong>personarum</strong></span> <span class='ocrx_word' id='word_1_537' title='bbox 1508 1488 1627 1518; x_wconf 83' lang='lat' dir='ltr'><strong>acceptor</strong></span> <span class='ocrx_word' id='word_1_538' title='bbox 1649 1483 1718 1511; x_wconf 77' lang='lat' dir='ltr'><strong>Deus</strong></span> 
     </span>
    </p>
   </div>
   <div class='ocr_carea' id='block_1_76' title="bbox 954 1529 1734 1565">
    <p class='ocr_par' dir='ltr' id='par_1_76' title="bbox 954 1529 1734 1565">
     <span class='ocr_line' id='line_1_76' title="bbox 954 1529 1734 1565; baseline -0.001 -7"><span class='ocrx_word' id='word_1_539' title='bbox 954 1531 999 1558; x_wconf 79' lang='lat' dir='ltr'><strong>sed</strong></span> <span class='ocrx_word' id='word_1_540' title='bbox 1014 1532 1041 1557; x_wconf 90' lang='lat' dir='ltr'><strong>in</strong></span> <span class='ocrx_word' id='word_1_541' title='bbox 1061 1531 1131 1558; x_wconf 85' lang='lat' dir='ltr'><strong>omni</strong></span> <span class='ocrx_word' id='word_1_542' title='bbox 1146 1535 1220 1565; x_wconf 84' lang='lat' dir='ltr'><strong>gente</strong></span> <span class='ocrx_word' id='word_1_543' title='bbox 1238 1531 1283 1565; x_wconf 88' lang='lat' dir='ltr'><strong>qui</strong></span> <span class='ocrx_word' id='word_1_544' title='bbox 1305 1530 1377 1557; x_wconf 85' lang='lat' dir='ltr'><strong>timet</strong></span> <span class='ocrx_word' id='word_1_545' title='bbox 1393 1538 1452 1556; x_wconf 88' lang='lat' dir='ltr'><strong>eum</strong></span> <span class='ocrx_word' id='word_1_546' title='bbox 1470 1534 1589 1564; x_wconf 80' lang='lat' dir='ltr'><strong>acceptus</strong></span> <span class='ocrx_word' id='word_1_547' title='bbox 1600 1534 1639 1556; x_wconf 78' lang='lat' dir='ltr'><strong>est</strong></span> <span class='ocrx_word' id='word_1_548' title='bbox 1652 1529 1693 1556; x_wconf 84' lang='lat' dir='ltr'><strong>illi</strong></span> <span class='ocrx_word' id='word_1_549' title='bbox 1700 1530 1734 1557; x_wconf 82' lang='grc'><strong>³⁸.</strong></span> 
     </span>
    </p>
   </div>
   <div class='ocr_carea' id='block_1_77' title="bbox 953 1574 1734 1610">
    <p class='ocr_par' dir='ltr' id='par_1_77' title="bbox 953 1574 1734 1610">
     <span class='ocr_line' id='line_1_77' title="bbox 953 1574 1734 1610; baseline 0 -8"><span class='ocrx_word' id='word_1_550' title='bbox 953 1575 1053 1603; x_wconf 86' lang='lat' dir='ltr'><strong>Paulus</strong></span> <span class='ocrx_word' id='word_1_551' title='bbox 1078 1581 1165 1602; x_wconf 80' lang='lat' dir='ltr'><strong>autem</strong></span> <span class='ocrx_word' id='word_1_552' title='bbox 1185 1575 1277 1602; x_wconf 77' lang='lat' dir='ltr'><strong>Judan</strong></span> <span class='ocrx_word' id='word_1_553' title='bbox 1294 1575 1422 1610; x_wconf 87' lang='lat' dir='ltr'><strong>primum,</strong></span> <span class='ocrx_word' id='word_1_554' title='bbox 1442 1578 1532 1609; x_wconf 87' lang='lat' dir='ltr'><strong>postea</strong></span> <span class='ocrx_word' id='word_1_555' title='bbox 1554 1574 1647 1602; x_wconf 65' lang='grc' dir='ltr'>(ιι-ωεο</span> <span class='ocrx_word' id='word_1_556' title='bbox 1665 1582 1734 1610; x_wconf 61' lang='grc' dir='ltr'><strong>νην</strong></span> 
     </span>
    </p>
   </div>
   <div class='ocr_carea' id='block_1_78' title="bbox 951 1620 1734 1656">
    <p class='ocr_par' dir='ltr' id='par_1_78' title="bbox 951 1620 1734 1656">
     <span class='ocr_line' id='line_1_78' title="bbox 951 1620 1734 1656; baseline -0.003 -7"><span class='ocrx_word' id='word_1_557' title='bbox 951 1621 1097 1649; x_wconf 82' lang='lat' dir='ltr'><strong>dicandum</strong></span> <span class='ocrx_word' id='word_1_558' title='bbox 1115 1621 1290 1656; x_wconf 80' lang='lat' dir='ltr'><strong>Evangelium</strong></span> <span class='ocrx_word' id='word_1_559' title='bbox 1309 1628 1370 1648; x_wconf 87' lang='lat' dir='ltr'><strong>esse</strong></span> <span class='ocrx_word' id='word_1_560' title='bbox 1394 1620 1460 1648; x_wconf 89' lang='lat' dir='ltr'><strong>dicit</strong></span> <span class='ocrx_word' id='word_1_561' title='bbox 1481 1620 1524 1647; x_wconf 88' lang='lat' dir='ltr'><strong>bis</strong></span> <span class='ocrx_word' id='word_1_562' title='bbox 1544 1621 1634 1648; x_wconf 86' lang='lat' dir='ltr'><strong>verbis</strong></span> <span class='ocrx_word' id='word_1_563' title='bbox 1650 1629 1656 1647; x_wconf 87' lang='lat'>:</span> <span class='ocrx_word' id='word_1_564' title='bbox 1673 1620 1734 1648; x_wconf 81' lang='lat' dir='ltr'><strong>Non</strong></span> 
     </span>
    </p>
   </div>
   <div class='ocr_carea' id='block_1_79' title="bbox 950 1665 1727 1700">
    <p class='ocr_par' dir='ltr' id='par_1_79' title="bbox 950 1665 1727 1700">
     <span class='ocr_line' id='line_1_79' title="bbox 950 1665 1727 1700; baseline 0 -7"><span class='ocrx_word' id='word_1_565' title='bbox 950 1667 1019 1693; x_wconf 77' lang='lat' dir='ltr'><strong>enim</strong></span> <span class='ocrx_word' id='word_1_566' title='bbox 1029 1666 1151 1693; x_wconf 81' lang='lat' dir='ltr'><strong>erubesco</strong></span> <span class='ocrx_word' id='word_1_567' title='bbox 1163 1665 1331 1700; x_wconf 80' lang='lat' dir='ltr'><strong>Evangelium</strong></span> <span class='ocrx_word' id='word_1_568' title='bbox 1344 1674 1352 1693; x_wconf 92' lang='lat'><em>:</em></span> <span class='ocrx_word' id='word_1_569' title='bbox 1367 1666 1449 1693; x_wconf 81' lang='lat' dir='ltr'><strong>virtus</strong></span> <span class='ocrx_word' id='word_1_570' title='bbox 1459 1674 1528 1692; x_wconf 75' lang='lat' dir='ltr'><strong>enim</strong></span> <span class='ocrx_word' id='word_1_571' title='bbox 1543 1665 1588 1692; x_wconf 88' lang='lat' dir='ltr'><strong>Dei</strong></span> <span class='ocrx_word' id='word_1_572' title='bbox 1600 1670 1639 1692; x_wconf 78' lang='lat' dir='ltr'><strong>est</strong></span> <span class='ocrx_word' id='word_1_573' title='bbox 1652 1665 1678 1692; x_wconf 85' lang='lat' dir='ltr'><strong>in</strong></span> <span class='ocrx_word' id='word_1_574' title='bbox 1692 1674 1727 1693; x_wconf 76' lang='lat' dir='ltr'><strong>sa</strong></span> 
     </span>
    </p>
   </div>
   <div class='ocr_carea' id='block_1_80' title="bbox 951 1710 1735 1745">
    <p class='ocr_par' dir='ltr' id='par_1_80' title="bbox 951 1710 1735 1745">
     <span class='ocr_line' id='line_1_80' title="bbox 951 1710 1735 1745; baseline -0.001 -6"><span class='ocrx_word' id='word_1_575' title='bbox 951 1712 1032 1739; x_wconf 85' lang='lat' dir='ltr'><strong>lutem</strong></span> <span class='ocrx_word' id='word_1_576' title='bbox 1047 1712 1118 1738; x_wconf 85' lang='lat' dir='ltr'><strong>omni</strong></span> <span class='ocrx_word' id='word_1_577' title='bbox 1137 1712 1260 1743; x_wconf 84' lang='lat' dir='ltr'><strong>credenti,</strong></span> <span class='ocrx_word' id='word_1_578' title='bbox 1275 1711 1369 1738; x_wconf 67' lang='lat' dir='ltr'><strong>Judaao</strong></span> <span class='ocrx_word' id='word_1_579' title='bbox 1384 1712 1508 1745; x_wconf 83' lang='lat' dir='ltr'><strong>primum,</strong></span> <span class='ocrx_word' id='word_1_580' title='bbox 1525 1716 1549 1738; x_wconf 88' lang='lat' dir='ltr'><strong>et</strong></span> <span class='ocrx_word' id='word_1_581' title='bbox 1565 1710 1667 1739; x_wconf 68' lang='grc' dir='ltr'><strong>(ἶνα-σο.</strong></span> <span class='ocrx_word' id='word_1_582' title='bbox 1682 1710 1735 1738; x_wconf 75' lang='lat' dir='ltr'><strong>Ja-</strong></span> 
     </span>
    </p>
   </div>
   <div class='ocr_carea' id='block_1_81' title="bbox 951 1754 1734 1791">
    <p class='ocr_par' dir='ltr' id='par_1_81' title="bbox 951 1754 1734 1791">
     <span class='ocr_line' id='line_1_81' title="bbox 951 1754 1734 1791; baseline -0.001 -8"><span class='ocrx_word' id='word_1_583' title='bbox 951 1758 1026 1784; x_wconf 81' lang='lat' dir='ltr'><strong>stitia</strong></span> <span class='ocrx_word' id='word_1_584' title='bbox 1041 1757 1111 1784; x_wconf 86' lang='lat' dir='ltr'><strong>enim</strong></span> <span class='ocrx_word' id='word_1_585' title='bbox 1124 1756 1172 1783; x_wconf 87' lang='lat' dir='ltr'><strong>Dei</strong></span> <span class='ocrx_word' id='word_1_586' title='bbox 1187 1757 1213 1783; x_wconf 86' lang='lat' dir='ltr'><strong>in</strong></span> <span class='ocrx_word' id='word_1_587' title='bbox 1228 1757 1285 1791; x_wconf 80' lang='lat' dir='ltr'><strong>ipso</strong></span> <span class='ocrx_word' id='word_1_588' title='bbox 1303 1755 1474 1791; x_wconf 76' lang='lat' dir='ltr'><strong>revelatur&quot;.</strong></span> <span class='ocrx_word' id='word_1_589' title='bbox 1489 1755 1595 1788; x_wconf 85' lang='lat' dir='ltr'><strong>Quibus</strong></span> <span class='ocrx_word' id='word_1_590' title='bbox 1610 1754 1654 1782; x_wconf 88' lang='lat' dir='ltr'><strong>hic</strong></span> <span class='ocrx_word' id='word_1_591' title='bbox 1667 1762 1734 1782; x_wconf 89' lang='lat' dir='ltr'><strong>con-</strong></span> 
     </span>
    </p>
   </div>
   <div class='ocr_carea' id='block_1_82' title="bbox 952 1798 1735 1838">
    <p class='ocr_par' dir='ltr' id='par_1_82' title="bbox 952 1798 1735 1838">
     <span class='ocr_line' id='line_1_82' title="bbox 952 1798 1735 1838; baseline -0.004 -8"><span class='ocrx_word' id='word_1_592' title='bbox 952 1807 1098 1838; x_wconf 84' lang='lat' dir='ltr'><strong>sequenter</strong></span> <span class='ocrx_word' id='word_1_593' title='bbox 1111 1803 1211 1830; x_wconf 88' lang='lat' dir='ltr'><strong>dicitur</strong></span> <span class='ocrx_word' id='word_1_594' title='bbox 1224 1812 1231 1829; x_wconf 90' lang='lat'><strong>:</strong></span> <span class='ocrx_word' id='word_1_595' title='bbox 1250 1801 1304 1836; x_wconf 80' lang='lat' dir='ltr'><strong>Ego</strong></span> <span class='ocrx_word' id='word_1_596' title='bbox 1316 1801 1482 1828; x_wconf 85' lang='lat' dir='ltr'><strong>rectitudines</strong></span> <span class='ocrx_word' id='word_1_597' title='bbox 1489 1800 1625 1835; x_wconf 85' lang='lat' dir='ltr'><strong>judicabo.</strong></span> <span class='ocrx_word' id='word_1_598' title='bbox 1635 1798 1735 1827; x_wconf 80' lang='lat' dir='ltr'><strong>Deinde</strong></span> 
     </span>
    </p>
   </div>
   <div class='ocr_carea' id='block_1_83' title="bbox 952 1846 1735 1884">
    <p class='ocr_par' dir='ltr' id='par_1_83' title="bbox 952 1846 1735 1884">
     <span class='ocr_line' id='line_1_83' title="bbox 952 1846 1735 1884; baseline -0.005 -8"><span class='ocrx_word' id='word_1_599' title='bbox 952 1849 1063 1883; x_wconf 62' lang='lat' dir='ltr'><strong>subiicit</strong></span> <span class='ocrx_word' id='word_1_600' title='bbox 1082 1858 1089 1876; x_wconf 84' lang='lat'><strong>:</strong></span> <span class='ocrx_word' id='word_1_601' title='bbox 1106 1848 1258 1884; x_wconf 79' lang='lat' dir='ltr'><strong>Liquefacta</strong></span> <span class='ocrx_word' id='word_1_602' title='bbox 1274 1853 1312 1874; x_wconf 78' lang='lat' dir='ltr'><strong>est</strong></span> <span class='ocrx_word' id='word_1_603' title='bbox 1329 1853 1399 1874; x_wconf 87' lang='lat' dir='ltr'><strong>terra</strong></span> <span class='ocrx_word' id='word_1_604' title='bbox 1413 1855 1436 1873; x_wconf 86' lang='lat' dir='ltr'><strong>et</strong></span> <span class='ocrx_word' id='word_1_605' title='bbox 1452 1855 1539 1873; x_wconf 84' lang='lat' dir='ltr'><strong>omnes</strong></span> <span class='ocrx_word' id='word_1_606' title='bbox 1552 1847 1597 1881; x_wconf 86' lang='lat' dir='ltr'><strong>qui</strong></span> <span class='ocrx_word' id='word_1_607' title='bbox 1615 1846 1735 1873; x_wconf 86' lang='lat' dir='ltr'><strong>habitant</strong></span> 
     </span>
    </p>
   </div>
   <div class='ocr_carea' id='block_1_84' title="bbox 952 1890 1734 1930">
    <p class='ocr_par' dir='ltr' id='par_1_84' title="bbox 952 1890 1734 1930">
     <span class='ocr_line' id='line_1_84' title="bbox 952 1890 1734 1930; baseline -0.008 -7"><span class='ocrx_word' id='word_1_608' title='bbox 952 1905 968 1923; x_wconf 86' lang='grc' dir='ltr'><strong>ιι</strong></span> <span class='ocrx_word' id='word_1_609' title='bbox 988 1905 1018 1923; x_wconf 87' lang='lat' dir='ltr'><strong>ea</strong></span> <span class='ocrx_word' id='word_1_610' title='bbox 1036 1904 1045 1923; x_wconf 89' lang='lat'><em>:</em></span> <span class='ocrx_word' id='word_1_611' title='bbox 1060 1904 1104 1930; x_wconf 86' lang='lat' dir='ltr'><strong>ego</strong></span> <span class='ocrx_word' id='word_1_612' title='bbox 1129 1894 1287 1929; x_wconf 76' lang='lat' dir='ltr'><strong>conﬁrmavi</strong></span> <span class='ocrx_word' id='word_1_613' title='bbox 1317 1893 1454 1919; x_wconf 69' lang='lat' dir='ltr'><strong>columnas</strong></span> <span class='ocrx_word' id='word_1_614' title='bbox 1482 1891 1549 1925; x_wconf 68' lang='lat' dir='ltr'><strong>ejus.</strong></span> <span class='ocrx_word' id='word_1_615' title='bbox 1578 1890 1734 1918; x_wconf 88' lang='lat' dir='ltr'><strong>Secundum</strong></span> 
     </span>
    </p>
   </div>
   <div class='ocr_carea' id='block_1_85' title="bbox 954 1937 1735 1977">
    <p class='ocr_par' dir='ltr' id='par_1_85' title="bbox 954 1937 1735 1977">
     <span class='ocr_line' id='line_1_85' title="bbox 954 1937 1735 1977; baseline -0.009 -8"><span class='ocrx_word' id='word_1_616' title='bbox 954 1941 1145 1977; x_wconf 86' lang='lat' dir='ltr'><strong>Symmachum</strong></span> <span class='ocrx_word' id='word_1_617' title='bbox 1163 1948 1227 1967; x_wconf 91' lang='lat' dir='ltr'><strong>vero</strong></span> <span class='ocrx_word' id='word_1_618' title='bbox 1241 1949 1247 1966; x_wconf 90' lang='lat'><strong>:</strong></span> <span class='ocrx_word' id='word_1_619' title='bbox 1265 1939 1457 1969; x_wconf 81' lang='lat' dir='ltr'><strong>Constituetur,</strong></span> <span class='ocrx_word' id='word_1_620' title='bbox 1472 1937 1570 1971; x_wconf 89' lang='lat' dir='ltr'><strong>inquit,</strong></span> <span class='ocrx_word' id='word_1_621' title='bbox 1589 1941 1659 1963; x_wconf 88' lang='lat' dir='ltr'><strong>terra</strong></span> <span class='ocrx_word' id='word_1_622' title='bbox 1675 1944 1735 1963; x_wconf 87' lang='lat' dir='ltr'><strong>cum</strong></span> 
     </span>
    </p>
   </div>
   <div class='ocr_carea' id='block_1_86' title="bbox 952 1982 1734 2018">
    <p class='ocr_par' dir='ltr' id='par_1_86' title="bbox 952 1982 1734 2018">
     <span class='ocr_line' id='line_1_86' title="bbox 952 1982 1734 2018; baseline -0.005 -4"><span class='ocrx_word' id='word_1_623' title='bbox 952 1987 1130 2014; x_wconf 80' lang='lat' dir='ltr'><strong>habitantibus</strong></span> <span class='ocrx_word' id='word_1_624' title='bbox 1153 1986 1180 2012; x_wconf 86' lang='lat' dir='ltr'><strong>in</strong></span> <span class='ocrx_word' id='word_1_625' title='bbox 1203 1994 1234 2012; x_wconf 89' lang='lat' dir='ltr'><strong>ea</strong></span> <span class='ocrx_word' id='word_1_626' title='bbox 1250 1992 1259 2011; x_wconf 89' lang='lat'><strong><em>:</em></strong></span> <span class='ocrx_word' id='word_1_627' title='bbox 1274 1993 1319 2018; x_wconf 85' lang='lat' dir='ltr'><strong>ego</strong></span> <span class='ocrx_word' id='word_1_628' title='bbox 1333 1983 1486 2018; x_wconf 81' lang='lat' dir='ltr'><strong>conﬁrmavi</strong></span> <span class='ocrx_word' id='word_1_629' title='bbox 1509 1982 1644 2009; x_wconf 76' lang='lat' dir='ltr'><strong>columnas</strong></span> <span class='ocrx_word' id='word_1_630' title='bbox 1666 1982 1734 2016; x_wconf 72' lang='lat' dir='ltr'><strong>ejus.</strong></span> 
     </span>
    </p>
   </div>
   <div class='ocr_carea' id='block_1_87' title="bbox 952 2028 1732 2066">
    <p class='ocr_par' dir='ltr' id='par_1_87' title="bbox 952 2028 1732 2066">
     <span class='ocr_line' id='line_1_87' title="bbox 952 2028 1732 2066; baseline -0.006 -7"><span class='ocrx_word' id='word_1_631' title='bbox 952 2032 1015 2059; x_wconf 75' lang='lat' dir='ltr'><strong>Haec</strong></span> <span class='ocrx_word' id='word_1_632' title='bbox 1037 2038 1118 2066; x_wconf 88' lang='lat' dir='ltr'><strong>porro</strong></span> <span class='ocrx_word' id='word_1_633' title='bbox 1142 2030 1321 2065; x_wconf 62' lang='lat' dir='ltr'><strong>praecedentis</strong></span> <span class='ocrx_word' id='word_1_634' title='bbox 1345 2029 1441 2064; x_wconf 82' lang='lat' dir='ltr'><strong>psalmi</strong></span> <span class='ocrx_word' id='word_1_635' title='bbox 1463 2028 1543 2055; x_wconf 90' lang='lat' dir='ltr'><strong>dictis</strong></span> <span class='ocrx_word' id='word_1_636' title='bbox 1556 2028 1642 2055; x_wconf 75' lang='lat' dir='ltr'><strong>aiﬁnia</strong></span> <span class='ocrx_word' id='word_1_637' title='bbox 1658 2031 1732 2060; x_wconf 77' lang='lat' dir='ltr'><strong>sunt,</strong></span> 
     </span>
    </p>
   </div>
   <div class='ocr_carea' id='block_1_88' title="bbox 952 2075 1735 2112">
    <p class='ocr_par' dir='ltr' id='par_1_88' title="bbox 952 2075 1735 2112">
     <span class='ocr_line' id='line_1_88' title="bbox 952 2075 1735 2112; baseline -0.006 -6"><span class='ocrx_word' id='word_1_638' title='bbox 952 2078 1037 2106; x_wconf 84' lang='lat' dir='ltr'><strong>Terra</strong></span> <span class='ocrx_word' id='word_1_639' title='bbox 1060 2078 1193 2112; x_wconf 84' lang='lat' dir='ltr'><strong>siquidem</strong></span> <span class='ocrx_word' id='word_1_640' title='bbox 1209 2077 1318 2104; x_wconf 77' lang='lat' dir='ltr'><strong>obsessa</strong></span> <span class='ocrx_word' id='word_1_641' title='bbox 1335 2079 1361 2102; x_wconf 85' lang='lat' dir='ltr'><strong>et</strong></span> <span class='ocrx_word' id='word_1_642' title='bbox 1377 2075 1433 2110; x_wconf 82' lang='lat' dir='ltr'><strong>igni</strong></span> <span class='ocrx_word' id='word_1_643' title='bbox 1449 2075 1558 2105; x_wconf 85' lang='lat' dir='ltr'><strong>tradita.</strong></span> <span class='ocrx_word' id='word_1_644' title='bbox 1573 2075 1607 2102; x_wconf 86' lang='lat' dir='ltr'><strong>de</strong></span> <span class='ocrx_word' id='word_1_645' title='bbox 1623 2083 1676 2110; x_wconf 87' lang='lat' dir='ltr'><strong>qua</strong></span> <span class='ocrx_word' id='word_1_646' title='bbox 1691 2075 1735 2102; x_wconf 87' lang='lat' dir='ltr'><strong>di-</strong></span> 
     </span>
    </p>
   </div>
   <div class='ocr_carea' id='block_1_89' title="bbox 952 2121 1733 2156">
    <p class='ocr_par' dir='ltr' id='par_1_89' title="bbox 952 2121 1733 2156">
     <span class='ocr_line' id='line_1_89' title="bbox 952 2121 1733 2156; baseline -0.006 -4"><span class='ocrx_word' id='word_1_647' title='bbox 952 2125 1063 2152; x_wconf 87' lang='lat' dir='ltr'><strong>cebatur</strong></span> <span class='ocrx_word' id='word_1_648' title='bbox 1075 2133 1125 2151; x_wconf 87' lang='lat'><strong>:—</strong></span> <span class='ocrx_word' id='word_1_649' title='bbox 1135 2122 1252 2156; x_wconf 75' lang='lat' dir='ltr'><strong>Quasiin</strong></span> <span class='ocrx_word' id='word_1_650' title='bbox 1262 2122 1328 2148; x_wconf 80' lang='lat' dir='ltr'><strong>silva</strong></span> <span class='ocrx_word' id='word_1_651' title='bbox 1338 2121 1468 2156; x_wconf 82' lang='lat' dir='ltr'><strong>lignorum</strong></span> <span class='ocrx_word' id='word_1_652' title='bbox 1483 2121 1617 2148; x_wconf 68' lang='lat' dir='ltr'><strong>securibus</strong></span> <span class='ocrx_word' id='word_1_653' title='bbox 1634 2121 1733 2147; x_wconf 68' lang='lat' dir='ltr'><strong>excide-</strong></span> 
     </span>
    </p>
   </div>
   <div class='ocr_carea' id='block_1_90' title="bbox 953 2167 1724 2205">
    <p class='ocr_par' dir='ltr' id='par_1_90' title="bbox 953 2167 1724 2205">
     <span class='ocr_line' id='line_1_90' title="bbox 953 2167 1724 2205; baseline -0.005 -8"><span class='ocrx_word' id='word_1_654' title='bbox 953 2170 1122 2205; x_wconf 86' lang='lat' dir='ltr'><strong>runtjanuas</strong></span> <span class='ocrx_word' id='word_1_655' title='bbox 1139 2169 1195 2203; x_wconf 73' lang='lat' dir='ltr'><strong>ejus</strong></span> <span class='ocrx_word' id='word_1_656' title='bbox 1212 2169 1239 2195; x_wconf 85' lang='lat' dir='ltr'><strong>in</strong></span> <span class='ocrx_word' id='word_1_657' title='bbox 1257 2168 1381 2201; x_wconf 81' lang='lat' dir='ltr'><strong>idipsum,</strong></span> <span class='ocrx_word' id='word_1_658' title='bbox 1397 2168 1424 2194; x_wconf 89' lang='lat' dir='ltr'><strong>in</strong></span> <span class='ocrx_word' id='word_1_659' title='bbox 1438 2167 1524 2194; x_wconf 77' lang='lat' dir='ltr'><strong>securi</strong></span> <span class='ocrx_word' id='word_1_660' title='bbox 1540 2171 1565 2194; x_wconf 90' lang='lat' dir='ltr'><strong>et</strong></span> <span class='ocrx_word' id='word_1_661' title='bbox 1579 2167 1651 2194; x_wconf 75' lang='lat' dir='ltr'><strong>ascia</strong></span> <span class='ocrx_word' id='word_1_662' title='bbox 1668 2167 1724 2201; x_wconf 83' lang='lat' dir='ltr'><strong>deje</strong></span> 
     </span>
    </p>
   </div>
   <div class='ocr_carea' id='block_1_91' title="bbox 118 2212 900 2261">
    <p class='ocr_par' dir='ltr' id='par_1_91' title="bbox 118 2212 900 2261">
     <span class='ocr_line' id='line_1_91' title="bbox 118 2212 900 2261; baseline -0.006 -9"><span class='ocrx_word' id='word_1_663' title='bbox 118 2212 183 2261; x_wconf 61' lang='grc' dir='ltr'>πυρλ</span> <span class='ocrx_word' id='word_1_664' title='bbox 192 2212 385 2260; x_wconf 70' lang='grc' dir='ltr'><strong>παραδοθεῖσα,</strong></span> <span class='ocrx_word' id='word_1_665' title='bbox 403 2223 466 2258; x_wconf 77' lang='grc' dir='ltr'>περὶ</span> <span class='ocrx_word' id='word_1_666' title='bbox 478 2220 511 2258; x_wconf 81' lang='grc' dir='ltr'>ἧς</span> <span class='ocrx_word' id='word_1_667' title='bbox 528 2222 636 2256; x_wconf 73' lang='grc' dir='ltr'>ἐλέγετο</span> <span class='ocrx_word' id='word_1_668' title='bbox 645 2231 688 2242; x_wconf 65' lang='grc'><strong>⁸-</strong></span> <span class='ocrx_word' id='word_1_669' title='bbox 696 2223 741 2254; x_wconf 86' lang='grc' dir='ltr'>Ώς</span> <span class='ocrx_word' id='word_1_670' title='bbox 754 2222 788 2248; x_wconf 79' lang='grc' dir='ltr'><strong>ἐν</strong></span> <span class='ocrx_word' id='word_1_671' title='bbox 804 2221 900 2257; x_wconf 80' lang='grc' dir='ltr'><strong>δρυμῷ</strong></span> 
     </span>
    </p>
   </div>
   <div class='ocr_carea' id='block_1_92' title="bbox 949 2212 1736 2261">
    <p class='ocr_par' dir='ltr' id='par_1_92' title="bbox 954 2212 1736 2248">
     <span class='ocr_line' id='line_1_92' title="bbox 954 2212 1736 2248; baseline -0.006 -5"><span class='ocrx_word' id='word_1_672' title='bbox 954 2221 1120 2243; x_wconf 84' lang='lat' dir='ltr'><strong>cerunteam.</strong></span> <span class='ocrx_word' id='word_1_673' title='bbox 1136 2214 1310 2242; x_wconf 78' lang='lat' dir='ltr'><strong>Incenderunt</strong></span> <span class='ocrx_word' id='word_1_674' title='bbox 1334 2215 1390 2248; x_wconf 85' lang='lat' dir='ltr'><strong>igne</strong></span> <span class='ocrx_word' id='word_1_675' title='bbox 1412 2213 1594 2240; x_wconf 80' lang='lat' dir='ltr'><strong>sanctuarium</strong></span> <span class='ocrx_word' id='word_1_676' title='bbox 1608 2217 1691 2243; x_wconf 87' lang='lat' dir='ltr'><strong>tuum,</strong></span> <span class='ocrx_word' id='word_1_677' title='bbox 1710 2212 1736 2239; x_wconf 86' lang='lat' dir='ltr'><strong>in</strong></span> 
     </span>
    </p>
   </div>
   <div class='ocr_carea' id='block_1_93' title="bbox 118 2268 902 2304">
    <p class='ocr_par' dir='ltr' id='par_1_93' title="bbox 118 2268 902 2304">
     <span class='ocr_line' id='line_1_93' title="bbox 118 2268 902 2304; baseline -0.005 -6"><span class='ocrx_word' id='word_1_678' title='bbox 118 2271 218 2303; x_wconf 76' lang='grc' dir='ltr'><em>ξύλων</em></span> <span class='ocrx_word' id='word_1_679' title='bbox 233 2270 351 2304; x_wconf 84' lang='grc' dir='ltr'><strong>ἀξίναις</strong></span> <span class='ocrx_word' id='word_1_680' title='bbox 365 2270 481 2304; x_wconf 70' lang='grc' dir='ltr'>ἔκοψαν</span> <span class='ocrx_word' id='word_1_681' title='bbox 503 2270 556 2302; x_wconf 87' lang='grc' dir='ltr'><strong>τὰς</strong></span> <span class='ocrx_word' id='word_1_682' title='bbox 578 2269 669 2302; x_wconf 80' lang='grc' dir='ltr'><strong>θύρας</strong></span> <span class='ocrx_word' id='word_1_683' title='bbox 684 2268 779 2302; x_wconf 81' lang='grc' dir='ltr'>αὐτῆς</span> <span class='ocrx_word' id='word_1_684' title='bbox 794 2269 844 2295; x_wconf 74' lang='grc' dir='ltr'><strong>ἐπὶ</strong></span> <span class='ocrx_word' id='word_1_685' title='bbox 868 2268 902 2295; x_wconf 78' lang='grc' dir='ltr'><em>τὸ</em></span> 
     </span>
    </p>
   </div>
   <div class='ocr_carea' id='block_1_94' title="bbox 117 2313 902 2348">
    <p class='ocr_par' dir='ltr' id='par_1_94' title="bbox 117 2313 902 2348">
     <span class='ocr_line' id='line_1_94' title="bbox 117 2313 902 2348; baseline -0.005 -4"><span class='ocrx_word' id='word_1_686' title='bbox 117 2316 202 2348; x_wconf 81' lang='grc' dir='ltr'>αὐτὸ,</span> <span class='ocrx_word' id='word_1_687' title='bbox 217 2316 252 2343; x_wconf 78' lang='grc' dir='ltr'><strong>ἐν</strong></span> <span class='ocrx_word' id='word_1_688' title='bbox 267 2315 375 2343; x_wconf 77' lang='grc' dir='ltr'>πέλυκι</span> <span class='ocrx_word' id='word_1_689' title='bbox 389 2324 427 2342; x_wconf 79' lang='grc' dir='ltr'><strong>κα</strong></span> <span class='ocrx_word' id='word_1_690' title='bbox 451 2314 636 2348; x_wconf 69' lang='grc' dir='ltr'><strong>λαξευτιηρίῳ</strong></span> <span class='ocrx_word' id='word_1_691' title='bbox 651 2313 835 2348; x_wconf 72' lang='grc' dir='ltr'>κατέῤῥιιξαν</span> <span class='ocrx_word' id='word_1_692' title='bbox 848 2315 902 2341; x_wconf 85' lang='grc' dir='ltr'><strong>αὺ-</strong></span> 
     </span>
    </p>
   </div>
   <div class='ocr_carea' id='block_1_95' title="bbox 118 2359 901 2396">
    <p class='ocr_par' dir='ltr' id='par_1_95' title="bbox 118 2359 901 2396">
     <span class='ocr_line' id='line_1_95' title="bbox 118 2359 901 2396; baseline -0.004 -7"><span class='ocrx_word' id='word_1_693' title='bbox 118 2362 184 2395; x_wconf 81' lang='grc' dir='ltr'><strong>τήν.</strong></span> <span class='ocrx_word' id='word_1_694' title='bbox 210 2363 393 2396; x_wconf 79' lang='grc' dir='ltr'><strong>ἐνεπύρισαν</strong></span> <span class='ocrx_word' id='word_1_695' title='bbox 414 2362 449 2388; x_wconf 81' lang='grc' dir='ltr'><strong>ἐν</strong></span> <span class='ocrx_word' id='word_1_696' title='bbox 467 2360 538 2394; x_wconf 79' lang='grc' dir='ltr'>πυρὶ</span> <span class='ocrx_word' id='word_1_697' title='bbox 561 2360 594 2386; x_wconf 81' lang='grc' dir='ltr'>τὸ</span> <span class='ocrx_word' id='word_1_698' title='bbox 621 2359 814 2394; x_wconf 74' lang='grc' dir='ltr'><strong>ἁγιαστήριόν</strong></span> <span class='ocrx_word' id='word_1_699' title='bbox 831 2367 901 2390; x_wconf 77' lang='grc' dir='ltr'><em>σου,</em></span> 
     </span>
    </p>
   </div>
   <div class='ocr_carea' id='block_1_96' title="bbox 116 2406 902 2443">
    <p class='ocr_par' dir='ltr' id='par_1_96' title="bbox 116 2406 902 2443">
     <span class='ocr_line' id='line_1_96' title="bbox 116 2406 902 2443; baseline -0.005 -8"><span class='ocrx_word' id='word_1_700' title='bbox 116 2410 158 2441; x_wconf 79' lang='grc' dir='ltr'>είς</span> <span class='ocrx_word' id='word_1_701' title='bbox 170 2408 228 2442; x_wconf 78' lang='grc' dir='ltr'><strong>τὴν</strong></span> <span class='ocrx_word' id='word_1_702' title='bbox 236 2407 294 2443; x_wconf 72' lang='grc' dir='ltr'>γῆν</span> <span class='ocrx_word' id='word_1_703' title='bbox 302 2407 492 2440; x_wconf 71' lang='grc' dir='ltr'><strong>ἐϐεϐήλωοναν</strong></span> <span class='ocrx_word' id='word_1_704' title='bbox 502 2407 533 2433; x_wconf 85' lang='grc' dir='ltr'>τὸ</span> <span class='ocrx_word' id='word_1_705' title='bbox 540 2406 683 2440; x_wconf 74' lang='grc' dir='ltr'>σκήνωμα</span> <span class='ocrx_word' id='word_1_706' title='bbox 693 2406 744 2432; x_wconf 87' lang='grc' dir='ltr'><strong>τοῦ</strong></span> <span class='ocrx_word' id='word_1_707' title='bbox 757 2406 902 2439; x_wconf 74' lang='grc' dir='ltr'>ὀνόματός</span> 
     </span>
    </p>
   </div>
   <div class='ocr_carea' id='block_1_97' title="bbox 117 2451 900 2487">
    <p class='ocr_par' dir='ltr' id='par_1_97' title="bbox 117 2451 900 2487">
     <span class='ocr_line' id='line_1_97' title="bbox 117 2451 900 2487; baseline -0.004 -7"><span class='ocrx_word' id='word_1_708' title='bbox 117 2461 174 2481; x_wconf 87' lang='grc' dir='ltr'><strong>σου</strong></span> <span class='ocrx_word' id='word_1_709' title='bbox 184 2453 317 2480; x_wconf 76' lang='grc' dir='ltr'><strong>·--ταῦτα</strong></span> <span class='ocrx_word' id='word_1_710' title='bbox 329 2453 454 2479; x_wconf 71' lang='grc' dir='ltr'>παθοῦσα</span> <span class='ocrx_word' id='word_1_711' title='bbox 468 2453 565 2487; x_wconf 73' lang='grc' dir='ltr'>ἐτάκη,</span> <span class='ocrx_word' id='word_1_712' title='bbox 585 2453 629 2478; x_wconf 78' lang='grc' dir='ltr'>καὶ</span> <span class='ocrx_word' id='word_1_713' title='bbox 654 2451 753 2482; x_wconf 83' lang='grc' dir='ltr'>πάντες</span> <span class='ocrx_word' id='word_1_714' title='bbox 769 2452 793 2477; x_wconf 81' lang='grc' dir='ltr'>οἱ</span> <span class='ocrx_word' id='word_1_715' title='bbox 808 2460 900 2478; x_wconf 86' lang='grc' dir='ltr'>κατοι-</span> 
     </span>
    </p>
   </div>
   <div class='ocr_carea' id='block_1_98' title="bbox 117 2497 902 2534">
    <p class='ocr_par' dir='ltr' id='par_1_98' title="bbox 117 2497 902 2534">
     <span class='ocr_line' id='line_1_98' title="bbox 117 2497 902 2534; baseline -0.006 -7"><span class='ocrx_word' id='word_1_716' title='bbox 117 2500 227 2532; x_wconf 80' lang='grc' dir='ltr'>κοῦντες</span> <span class='ocrx_word' id='word_1_717' title='bbox 240 2499 325 2534; x_wconf 78' lang='grc' dir='ltr'>αὐτὴν</span> <span class='ocrx_word' id='word_1_718' title='bbox 341 2499 385 2526; x_wconf 83' lang='grc' dir='ltr'><strong>διὰ</strong></span> <span class='ocrx_word' id='word_1_719' title='bbox 405 2499 454 2530; x_wconf 80' lang='grc' dir='ltr'><strong>τὰς</strong></span> <span class='ocrx_word' id='word_1_720' title='bbox 469 2499 596 2529; x_wconf 78' lang='grc' dir='ltr'><strong>ἀσεϐείας</strong></span> <span class='ocrx_word' id='word_1_721' title='bbox 619 2497 708 2524; x_wconf 76' lang='grc' dir='ltr'>αὐτῶν</span> <span class='ocrx_word' id='word_1_722' title='bbox 731 2497 841 2523; x_wconf 77' lang='grc' dir='ltr'>τοιαῦτα</span> <span class='ocrx_word' id='word_1_723' title='bbox 857 2505 902 2522; x_wconf 88' lang='grc' dir='ltr'>πε-</span> 
     </span>
    </p>
   </div>
   <div class='ocr_carea' id='block_1_99' title="bbox 118 2541 899 2579">
    <p class='ocr_par' dir='ltr' id='par_1_99' title="bbox 118 2541 899 2579">
     <span class='ocr_line' id='line_1_99' title="bbox 118 2541 899 2579; baseline -0.003 -10"><span class='ocrx_word' id='word_1_724' title='bbox 118 2543 242 2570; x_wconf 78' lang='grc' dir='ltr'>πόνθασι.</span> <span class='ocrx_word' id='word_1_725' title='bbox 258 2543 332 2579; x_wconf 78' lang='grc' dir='ltr'>Πλὴν</span> <span class='ocrx_word' id='word_1_726' title='bbox 356 2543 457 2569; x_wconf 79' lang='grc' dir='ltr'>τούτων</span> <span class='ocrx_word' id='word_1_727' title='bbox 472 2542 665 2577; x_wconf 85' lang='grc' dir='ltr'>ἀπολλυμένων</span> <span class='ocrx_word' id='word_1_728' title='bbox 675 2562 682 2574; x_wconf 87' lang='lat'><strong>,</strong></span> <span class='ocrx_word' id='word_1_729' title='bbox 707 2541 779 2576; x_wconf 77' lang='grc' dir='ltr'><strong>ἐγὼ,</strong></span> <span class='ocrx_word' id='word_1_730' title='bbox 806 2541 899 2576; x_wconf 73' lang='grc' dir='ltr'>φησὶν,</span> 
     </span>
    </p>
   </div>
   <div class='ocr_carea' id='block_1_100' title="bbox 115 2585 901 2623">
    <p class='ocr_par' dir='ltr' id='par_1_100' title="bbox 115 2585 901 2623">
     <span class='ocr_line' id='line_1_100' title="bbox 115 2585 901 2623; baseline -0.005 -8"><span class='ocrx_word' id='word_1_731' title='bbox 115 2588 285 2623; x_wconf 74' lang='grc' dir='ltr'>ἑστερέωσιι</span> <span class='ocrx_word' id='word_1_732' title='bbox 297 2588 368 2621; x_wconf 83' lang='grc' dir='ltr'>τοὺς</span> <span class='ocrx_word' id='word_1_733' title='bbox 381 2589 515 2620; x_wconf 78' lang='grc' dir='ltr'><strong>στύλους</strong></span> <span class='ocrx_word' id='word_1_734' title='bbox 524 2587 629 2621; x_wconf 83' lang='grc' dir='ltr'>αὐτῆς.</span> <span class='ocrx_word' id='word_1_735' title='bbox 640 2587 722 2617; x_wconf 82' lang='grc' dir='ltr'>Τίνας</span> <span class='ocrx_word' id='word_1_736' title='bbox 734 2586 755 2613; x_wconf 85' lang='grc' dir='ltr'><strong>δ’</strong></span> <span class='ocrx_word' id='word_1_737' title='bbox 770 2585 802 2612; x_wconf 82' lang='grc' dir='ltr'><strong>ἂν</strong></span> <span class='ocrx_word' id='word_1_738' title='bbox 814 2585 901 2618; x_wconf 79' lang='grc' dir='ltr'>εἴποις</span> 
     </span>
    </p>
   </div>
   <div class='ocr_carea' id='block_1_101' title="bbox 116 2632 901 2669">
    <p class='ocr_par' dir='ltr' id='par_1_101' title="bbox 116 2632 901 2669">
     <span class='ocr_line' id='line_1_101' title="bbox 116 2632 901 2669; baseline -0.004 -9"><span class='ocrx_word' id='word_1_739' title='bbox 116 2633 228 2666; x_wconf 78' lang='grc' dir='ltr'><strong>τούτους</strong></span> <span class='ocrx_word' id='word_1_740' title='bbox 247 2633 341 2669; x_wconf 80' lang='grc' dir='ltr'>ἢτοὺς</span> <span class='ocrx_word' id='word_1_741' title='bbox 368 2634 456 2668; x_wconf 85' lang='grc' dir='ltr'>ἱεροὺς</span> <span class='ocrx_word' id='word_1_742' title='bbox 470 2632 635 2663; x_wconf 81' lang='grc' dir='ltr'><strong>ἀποστόλους</strong></span> <span class='ocrx_word' id='word_1_743' title='bbox 645 2632 691 2658; x_wconf 76' lang='grc' dir='ltr'><strong>καὶ</strong></span> <span class='ocrx_word' id='word_1_744' title='bbox 717 2632 820 2663; x_wconf 79' lang='grc' dir='ltr'>πάντας</span> <span class='ocrx_word' id='word_1_745' title='bbox 838 2632 901 2663; x_wconf 83' lang='grc' dir='ltr'>τοὺς</span> 
     </span>
    </p>
   </div>
   <div class='ocr_carea' id='block_1_102' title="bbox 116 2677 899 2715">
    <p class='ocr_par' dir='ltr' id='par_1_102' title="bbox 116 2677 899 2715">
     <span class='ocr_line' id='line_1_102' title="bbox 116 2677 899 2715; baseline -0.001 -11"><span class='ocrx_word' id='word_1_746' title='bbox 116 2679 163 2705; x_wconf 82' lang='grc' dir='ltr'><strong>τοῦ</strong></span> <span class='ocrx_word' id='word_1_747' title='bbox 178 2679 307 2715; x_wconf 82' lang='grc' dir='ltr'>Σωτῆρος</span> <span class='ocrx_word' id='word_1_748' title='bbox 324 2679 402 2715; x_wconf 81' lang='grc' dir='ltr'>ἡμῶν</span> <span class='ocrx_word' id='word_1_749' title='bbox 427 2679 549 2714; x_wconf 78' lang='grc' dir='ltr'>μαθητάς</span> <span class='ocrx_word' id='word_1_750' title='bbox 571 2687 601 2705; x_wconf 87' lang='grc' dir='ltr'>τε</span> <span class='ocrx_word' id='word_1_751' title='bbox 624 2678 671 2704; x_wconf 77' lang='grc' dir='ltr'>καὶ</span> <span class='ocrx_word' id='word_1_752' title='bbox 686 2677 899 2711; x_wconf 84' lang='grc' dir='ltr'>εὐαγγελιστάς;</span> 
     </span>
    </p>
   </div>
   <div class='ocr_carea' id='block_1_103' title="bbox 124 2722 899 2759">
    <p class='ocr_par' dir='ltr' id='par_1_103' title="bbox 124 2722 899 2759">
     <span class='ocr_line' id='line_1_103' title="bbox 124 2722 899 2759; baseline -0.001 -9"><span class='ocrx_word' id='word_1_753' title='bbox 124 2722 168 2757; x_wconf 78' lang='grc' dir='ltr'><strong>Ἐξ</strong></span> <span class='ocrx_word' id='word_1_754' title='bbox 183 2724 268 2759; x_wconf 82' lang='grc' dir='ltr'>αὐτῆς</span> <span class='ocrx_word' id='word_1_755' title='bbox 278 2724 333 2759; x_wconf 86' lang='grc' dir='ltr'><strong>γὰρ</strong></span> <span class='ocrx_word' id='word_1_756' title='bbox 350 2723 455 2758; x_wconf 71' lang='grc' dir='ltr'>ἐκείνης</span> <span class='ocrx_word' id='word_1_757' title='bbox 470 2723 648 2759; x_wconf 83' lang='grc' dir='ltr'>προελθόντες</span> <span class='ocrx_word' id='word_1_758' title='bbox 659 2722 707 2757; x_wconf 77' lang='grc' dir='ltr'>τῆς</span> <span class='ocrx_word' id='word_1_759' title='bbox 727 2723 787 2757; x_wconf 81' lang='grc' dir='ltr'>γῆς,</span> <span class='ocrx_word' id='word_1_760' title='bbox 810 2723 899 2749; x_wconf 82' lang='grc' dir='ltr'>στῦλοι</span> 
     </span>
    </p>
   </div>
   <div class='ocr_carea' id='block_1_104' title="bbox 955 2258 1736 2296">
    <p class='ocr_par' dir='ltr' id='par_1_104' title="bbox 955 2258 1736 2296">
     <span class='ocr_line' id='line_1_104' title="bbox 955 2258 1736 2296; baseline -0.008 -6"><span class='ocrx_word' id='word_1_761' title='bbox 955 2270 1024 2290; x_wconf 87' lang='lat' dir='ltr'><strong>terra</strong></span> <span class='ocrx_word' id='word_1_762' title='bbox 1034 2263 1183 2296; x_wconf 86' lang='lat' dir='ltr'><strong>polluerunt</strong></span> <span class='ocrx_word' id='word_1_763' title='bbox 1196 2261 1393 2287; x_wconf 82' lang='lat' dir='ltr'><strong>tabernaculum</strong></span> <span class='ocrx_word' id='word_1_764' title='bbox 1404 2260 1515 2287; x_wconf 75' lang='lat' dir='ltr'><strong>nominis</strong></span> <span class='ocrx_word' id='word_1_765' title='bbox 1528 2259 1566 2285; x_wconf 84' lang='lat' dir='ltr'><strong>tui</strong></span> <span class='ocrx_word' id='word_1_766' title='bbox 1582 2259 1622 2291; x_wconf 80' lang='grc'><strong>⁸⁸;</strong></span> <span class='ocrx_word' id='word_1_767' title='bbox 1635 2273 1670 2278; x_wconf 88' lang='lat'><strong>--</strong></span> <span class='ocrx_word' id='word_1_768' title='bbox 1681 2258 1736 2285; x_wconf 67' lang='lat' dir='ltr'><strong>hinc</strong></span> 
     </span>
    </p>
   </div>
   <div class='ocr_carea' id='block_1_105' title="bbox 954 2304 1739 2344">
    <p class='ocr_par' dir='ltr' id='par_1_105' title="bbox 954 2304 1739 2344">
     <span class='ocr_line' id='line_1_105' title="bbox 954 2304 1739 2344; baseline -0.006 -9"><span class='ocrx_word' id='word_1_769' title='bbox 954 2317 1046 2344; x_wconf 83' lang='lat' dir='ltr'><strong>passa,</strong></span> <span class='ocrx_word' id='word_1_770' title='bbox 1064 2308 1209 2343; x_wconf 83' lang='lat' dir='ltr'><strong>liquefacta</strong></span> <span class='ocrx_word' id='word_1_771' title='bbox 1226 2312 1284 2340; x_wconf 89' lang='lat' dir='ltr'><strong>est;</strong></span> <span class='ocrx_word' id='word_1_772' title='bbox 1302 2312 1328 2334; x_wconf 84' lang='lat' dir='ltr'><strong>et</strong></span> <span class='ocrx_word' id='word_1_773' title='bbox 1341 2315 1394 2334; x_wconf 87' lang='lat' dir='ltr'><strong>una</strong></span> <span class='ocrx_word' id='word_1_774' title='bbox 1408 2313 1502 2333; x_wconf 85' lang='lat' dir='ltr'><strong>omnes</strong></span> <span class='ocrx_word' id='word_1_775' title='bbox 1517 2306 1563 2340; x_wconf 87' lang='lat' dir='ltr'><strong>qui</strong></span> <span class='ocrx_word' id='word_1_776' title='bbox 1579 2304 1739 2331; x_wconf 85' lang='lat' dir='ltr'><strong>habitabant</strong></span> 
     </span>
    </p>
   </div>
   <div class='ocr_carea' id='block_1_106' title="bbox 954 2352 1736 2390">
    <p class='ocr_par' dir='ltr' id='par_1_106' title="bbox 954 2352 1736 2390">
     <span class='ocr_line' id='line_1_106' title="bbox 954 2352 1736 2390; baseline -0.008 -7"><span class='ocrx_word' id='word_1_777' title='bbox 954 2357 981 2383; x_wconf 91' lang='lat' dir='ltr'><strong>in</strong></span> <span class='ocrx_word' id='word_1_778' title='bbox 997 2363 1028 2383; x_wconf 89' lang='lat' dir='ltr'><strong>ea</strong></span> <span class='ocrx_word' id='word_1_779' title='bbox 1046 2357 1213 2390; x_wconf 87' lang='lat' dir='ltr'><strong>impietatum</strong></span> <span class='ocrx_word' id='word_1_780' title='bbox 1229 2362 1340 2382; x_wconf 88' lang='lat' dir='ltr'><strong>suarum</strong></span> <span class='ocrx_word' id='word_1_781' title='bbox 1355 2360 1438 2380; x_wconf 86' lang='lat' dir='ltr'><strong>causa</strong></span> <span class='ocrx_word' id='word_1_782' title='bbox 1455 2353 1512 2380; x_wconf 66' lang='lat' dir='ltr'><strong>haec</strong></span> <span class='ocrx_word' id='word_1_783' title='bbox 1528 2352 1649 2386; x_wconf 84' lang='lat' dir='ltr'><strong>perpessi</strong></span> <span class='ocrx_word' id='word_1_784' title='bbox 1662 2355 1736 2378; x_wconf 89' lang='lat' dir='ltr'><strong>sunt.</strong></span> 
     </span>
    </p>
   </div>
   <div class='ocr_carea' id='block_1_107' title="bbox 954 2398 1737 2436">
    <p class='ocr_par' dir='ltr' id='par_1_107' title="bbox 954 2398 1737 2436">
     <span class='ocr_line' id='line_1_107' title="bbox 954 2398 1737 2436; baseline -0.008 -7"><span class='ocrx_word' id='word_1_785' title='bbox 954 2402 1086 2429; x_wconf 67' lang='lat' dir='ltr'><strong>Cmterum</strong></span> <span class='ocrx_word' id='word_1_786' title='bbox 1110 2401 1152 2428; x_wconf 89' lang='lat' dir='ltr'><strong>his</strong></span> <span class='ocrx_word' id='word_1_787' title='bbox 1177 2401 1363 2436; x_wconf 86' lang='lat' dir='ltr'><strong>pereuntibus,</strong></span> <span class='ocrx_word' id='word_1_788' title='bbox 1383 2407 1440 2434; x_wconf 85' lang='lat' dir='ltr'><strong>ego,</strong></span> <span class='ocrx_word' id='word_1_789' title='bbox 1461 2398 1560 2433; x_wconf 89' lang='lat' dir='ltr'><strong>inquit,</strong></span> <span class='ocrx_word' id='word_1_790' title='bbox 1585 2398 1737 2432; x_wconf 78' lang='lat' dir='ltr'><strong>confirmavi</strong></span> 
     </span>
    </p>
   </div>
   <div class='ocr_carea' id='block_1_108' title="bbox 954 2443 1737 2481">
    <p class='ocr_par' dir='ltr' id='par_1_108' title="bbox 954 2443 1737 2481">
     <span class='ocr_line' id='line_1_108' title="bbox 954 2443 1737 2481; baseline -0.003 -8"><span class='ocrx_word' id='word_1_791' title='bbox 954 2447 1089 2473; x_wconf 79' lang='lat' dir='ltr'><strong>columnas</strong></span> <span class='ocrx_word' id='word_1_792' title='bbox 1113 2446 1180 2481; x_wconf 79' lang='lat' dir='ltr'><strong>ejus.</strong></span> <span class='ocrx_word' id='word_1_793' title='bbox 1195 2446 1269 2478; x_wconf 85' lang='lat' dir='ltr'><strong>Quas</strong></span> <span class='ocrx_word' id='word_1_794' title='bbox 1291 2453 1337 2472; x_wconf 89' lang='lat' dir='ltr'><strong>cas</strong></span> <span class='ocrx_word' id='word_1_795' title='bbox 1359 2452 1419 2472; x_wconf 87' lang='lat' dir='ltr'><strong>esse</strong></span> <span class='ocrx_word' id='word_1_796' title='bbox 1440 2443 1553 2475; x_wconf 87' lang='lat' dir='ltr'><strong>dixeris,</strong></span> <span class='ocrx_word' id='word_1_797' title='bbox 1568 2443 1619 2470; x_wconf 87' lang='lat' dir='ltr'><strong>nisi</strong></span> <span class='ocrx_word' id='word_1_798' title='bbox 1643 2450 1737 2471; x_wconf 85' lang='lat' dir='ltr'><strong>sacros</strong></span> 
     </span>
    </p>
   </div>
   <div class='ocr_carea' id='block_1_109' title="bbox 954 2489 1738 2528">
    <p class='ocr_par' dir='ltr' id='par_1_109' title="bbox 954 2489 1738 2528">
     <span class='ocr_line' id='line_1_109' title="bbox 954 2489 1738 2528; baseline -0.004 -8"><span class='ocrx_word' id='word_1_799' title='bbox 954 2493 1093 2528; x_wconf 76' lang='lat' dir='ltr'><strong>apostolos</strong></span> <span class='ocrx_word' id='word_1_800' title='bbox 1115 2496 1142 2519; x_wconf 89' lang='lat' dir='ltr'><strong>et</strong></span> <span class='ocrx_word' id='word_1_801' title='bbox 1166 2499 1260 2518; x_wconf 90' lang='lat' dir='ltr'><strong>omnes</strong></span> <span class='ocrx_word' id='word_1_802' title='bbox 1278 2490 1431 2518; x_wconf 85' lang='lat' dir='ltr'><strong>Servatoris</strong></span> <span class='ocrx_word' id='word_1_803' title='bbox 1448 2489 1533 2516; x_wconf 83' lang='lat' dir='ltr'><strong>nostri</strong></span> <span class='ocrx_word' id='word_1_804' title='bbox 1547 2489 1696 2524; x_wconf 88' lang='lat' dir='ltr'><strong>discipulos</strong></span> <span class='ocrx_word' id='word_1_805' title='bbox 1711 2493 1738 2517; x_wconf 91' lang='lat' dir='ltr'><strong>et</strong></span> 
     </span>
    </p>
   </div>
   <div class='ocr_carea' id='block_1_110' title="bbox 954 2534 1738 2573">
    <p class='ocr_par' dir='ltr' id='par_1_110' title="bbox 954 2534 1738 2573">
     <span class='ocr_line' id='line_1_110' title="bbox 954 2534 1738 2573; baseline -0.004 -8"><span class='ocrx_word' id='word_1_806' title='bbox 954 2537 1150 2573; x_wconf 81' lang='lat' dir='ltr'><strong>cvangelistas?</strong></span> <span class='ocrx_word' id='word_1_807' title='bbox 1177 2536 1244 2562; x_wconf 87' lang='lat' dir='ltr'><strong>Nam</strong></span> <span class='ocrx_word' id='word_1_808' title='bbox 1267 2543 1328 2563; x_wconf 90' lang='lat' dir='ltr'><strong>cum</strong></span> <span class='ocrx_word' id='word_1_809' title='bbox 1353 2543 1386 2562; x_wconf 78' lang='lat' dir='ltr'><strong>ex</strong></span> <span class='ocrx_word' id='word_1_810' title='bbox 1401 2534 1506 2562; x_wconf 71' lang='lat' dir='ltr'><strong>veadem</strong></span> <span class='ocrx_word' id='word_1_811' title='bbox 1530 2538 1602 2561; x_wconf 88' lang='lat' dir='ltr'><strong>terra</strong></span> <span class='ocrx_word' id='word_1_812' title='bbox 1621 2534 1738 2569; x_wconf 86' lang='lat' dir='ltr'><strong>prodiis-</strong></span> 
     </span>
    </p>
   </div>
   <div class='ocr_carea' id='block_1_111' title="bbox 955 2579 1735 2615">
    <p class='ocr_par' dir='ltr' id='par_1_111' title="bbox 955 2579 1735 2615">
     <span class='ocr_line' id='line_1_111' title="bbox 955 2579 1735 2615; baseline -0.005 -5"><span class='ocrx_word' id='word_1_813' title='bbox 955 2588 1024 2615; x_wconf 85' lang='lat' dir='ltr'><strong>sent.</strong></span> <span class='ocrx_word' id='word_1_814' title='bbox 1040 2583 1173 2610; x_wconf 60' lang='lat' dir='ltr'><strong>columna:</strong></span> <span class='ocrx_word' id='word_1_815' title='bbox 1185 2585 1212 2609; x_wconf 89' lang='lat' dir='ltr'><strong>et</strong></span> <span class='ocrx_word' id='word_1_816' title='bbox 1229 2581 1429 2612; x_wconf 82' lang='lat' dir='ltr'><strong>ﬁrmamentum</strong></span> <span class='ocrx_word' id='word_1_817' title='bbox 1445 2579 1572 2607; x_wconf 80' lang='lat' dir='ltr'><strong>Ecclesiae</strong></span> <span class='ocrx_word' id='word_1_818' title='bbox 1585 2580 1649 2607; x_wconf 78' lang='lat' dir='ltr'><strong>facti</strong></span> <span class='ocrx_word' id='word_1_819' title='bbox 1661 2583 1735 2607; x_wconf 90' lang='lat' dir='ltr'><strong>sunt.</strong></span> 
     </span>
    </p>
   </div>
   <div class='ocr_carea' id='block_1_112' title="bbox 954 2626 1738 2664">
    <p class='ocr_par' dir='ltr' id='par_1_112' title="bbox 954 2626 1738 2664">
     <span class='ocr_line' id='line_1_112' title="bbox 954 2626 1738 2664; baseline -0.004 -8"><span class='ocrx_word' id='word_1_820' title='bbox 954 2630 1126 2664; x_wconf 84' lang='lat' dir='ltr'><strong>Quapropter</strong></span> <span class='ocrx_word' id='word_1_821' title='bbox 1154 2628 1256 2655; x_wconf 84' lang='lat' dir='ltr'><strong>Paulus</strong></span> <span class='ocrx_word' id='word_1_822' title='bbox 1278 2627 1464 2662; x_wconf 89' lang='lat' dir='ltr'><strong>apostolorum</strong></span> <span class='ocrx_word' id='word_1_823' title='bbox 1486 2626 1644 2661; x_wconf 71' lang='lat' dir='ltr'><strong>coryphmos</strong></span> <span class='ocrx_word' id='word_1_824' title='bbox 1661 2626 1738 2653; x_wconf 87' lang='lat' dir='ltr'><strong>colu-</strong></span> 
     </span>
    </p>
   </div>
   <div class='ocr_carea' id='block_1_113' title="bbox 953 2670 1738 2706">
    <p class='ocr_par' dir='ltr' id='par_1_113' title="bbox 953 2670 1738 2706">
     <span class='ocr_line' id='line_1_113' title="bbox 953 2670 1738 2706; baseline -0.005 -4"><span class='ocrx_word' id='word_1_825' title='bbox 953 2683 1032 2702; x_wconf 83' lang='lat' dir='ltr'><strong>mnas</strong></span> <span class='ocrx_word' id='word_1_826' title='bbox 1043 2674 1156 2701; x_wconf 78' lang='lat' dir='ltr'><strong>vocabat</strong></span> <span class='ocrx_word' id='word_1_827' title='bbox 1172 2674 1265 2701; x_wconf 86' lang='lat' dir='ltr'><strong>dicens</strong></span> <span class='ocrx_word' id='word_1_828' title='bbox 1283 2672 1415 2700; x_wconf 76' lang='lat' dir='ltr'><strong>:Jacobus</strong></span> <span class='ocrx_word' id='word_1_829' title='bbox 1429 2677 1454 2698; x_wconf 86' lang='lat' dir='ltr'><strong>et</strong></span> <span class='ocrx_word' id='word_1_830' title='bbox 1470 2670 1570 2706; x_wconf 75' lang='lat' dir='ltr'><strong>Ceplias</strong></span> <span class='ocrx_word' id='word_1_831' title='bbox 1578 2670 1738 2703; x_wconf 74' lang='lat' dir='ltr'><strong>etloanacs,</strong></span> 
     </span>
    </p>
   </div>
   <div class='ocr_carea' id='block_1_114' title="bbox 952 2718 1392 2757">
    <p class='ocr_par' dir='ltr' id='par_1_114' title="bbox 952 2718 1392 2757">
     <span class='ocr_line' id='line_1_114' title="bbox 952 2718 1392 2757; baseline -0.005 -9"><span class='ocrx_word' id='word_1_832' title='bbox 952 2722 997 2757; x_wconf 85' lang='lat' dir='ltr'><strong>qui</strong></span> <span class='ocrx_word' id='word_1_833' title='bbox 1016 2720 1134 2747; x_wconf 82' lang='lat' dir='ltr'><strong>videmur</strong></span> <span class='ocrx_word' id='word_1_834' title='bbox 1153 2720 1280 2746; x_wconf 79' lang='lat' dir='ltr'><strong>columnw</strong></span> <span class='ocrx_word' id='word_1_835' title='bbox 1293 2726 1350 2745; x_wconf 79' lang='lat' dir='ltr'><strong>esse</strong></span> <span class='ocrx_word' id='word_1_836' title='bbox 1359 2718 1392 2746; x_wconf 83' lang='grc'><strong>³³.</strong></span> 
     </span>
    </p>
   </div>
   <div class='ocr_carea' id='block_1_115' title="bbox 119 2761 1739 2806">
    <p class='ocr_par' dir='ltr' id='par_1_115' title="bbox 119 2761 1739 2806">
     <span class='ocr_line' id='line_1_115' title="bbox 119 2761 1739 2806; baseline -0.005 -10"><span class='ocrx_word' id='word_1_837' title='bbox 119 2770 164 2796; x_wconf 78' lang='grc' dir='ltr'><strong>καὶ</strong></span> <span class='ocrx_word' id='word_1_838' title='bbox 192 2770 333 2806; x_wconf 73' lang='grc' dir='ltr'><strong>ἑδραίωμα</strong></span> <span class='ocrx_word' id='word_1_839' title='bbox 361 2770 488 2804; x_wconf 82' lang='grc' dir='ltr'>γεγόνασι</span> <span class='ocrx_word' id='word_1_840' title='bbox 513 2770 562 2805; x_wconf 79' lang='grc' dir='ltr'>τῆς</span> <span class='ocrx_word' id='word_1_841' title='bbox 587 2770 759 2804; x_wconf 82' lang='grc' dir='ltr'>Ἐκκλησίας.</span> <span class='ocrx_word' id='word_1_842' title='bbox 781 2769 826 2795; x_wconf 80' lang='grc' dir='ltr'>Διὸ</span> <span class='ocrx_word' id='word_1_843' title='bbox 849 2769 895 2795; x_wconf 77' lang='grc' dir='ltr'><strong>καὶ</strong></span> <span class='ocrx_word' id='word_1_844' title='bbox 919 2768 1024 2799; x_wconf 85' lang='grc' dir='ltr'>Παῦλος</span> <span class='ocrx_word' id='word_1_845' title='bbox 1058 2767 1120 2797; x_wconf 82' lang='grc' dir='ltr'>τοὺς</span> <span class='ocrx_word' id='word_1_846' title='bbox 1157 2765 1322 2801; x_wconf 81' lang='grc' dir='ltr'>κορυφαίους</span> <span class='ocrx_word' id='word_1_847' title='bbox 1357 2763 1410 2790; x_wconf 80' lang='grc' dir='ltr'>τῶν</span> <span class='ocrx_word' id='word_1_848' title='bbox 1439 2762 1596 2790; x_wconf 76' lang='grc' dir='ltr'><strong>ἀποστόλων</strong></span> <span class='ocrx_word' id='word_1_849' title='bbox 1627 2761 1739 2794; x_wconf 78' lang='grc' dir='ltr'>στύλους</span> 
     </span>
    </p>
   </div>
   <div class='ocr_carea' id='block_1_116' title="bbox 119 2808 1347 2851">
    <p class='ocr_par' dir='ltr' id='par_1_116' title="bbox 119 2808 1347 2851">
     <span class='ocr_line' id='line_1_116' title="bbox 119 2808 1347 2851; baseline -0.006 -8"><span class='ocrx_word' id='word_1_850' title='bbox 119 2816 243 2850; x_wconf 77' lang='grc' dir='ltr'><strong>ὠνόμαζε</strong></span> <span class='ocrx_word' id='word_1_851' title='bbox 254 2816 355 2851; x_wconf 76' lang='grc' dir='ltr'>λέγων·</span> <span class='ocrx_word' id='word_1_852' title='bbox 372 2816 504 2848; x_wconf 76' lang='grc' dir='ltr'><strong>Ἰάκωϐος</strong></span> <span class='ocrx_word' id='word_1_853' title='bbox 518 2815 566 2842; x_wconf 80' lang='grc' dir='ltr'><strong>καὶ</strong></span> <span class='ocrx_word' id='word_1_854' title='bbox 579 2815 684 2850; x_wconf 63' lang='grc' dir='ltr'><em>Κηφᾶς</em></span> <span class='ocrx_word' id='word_1_855' title='bbox 696 2815 744 2841; x_wconf 79' lang='grc' dir='ltr'><strong>καὶ</strong></span> <span class='ocrx_word' id='word_1_856' title='bbox 759 2814 906 2848; x_wconf 78' lang='grc' dir='ltr'><strong>Ἰωάννης,</strong></span> <span class='ocrx_word' id='word_1_857' title='bbox 921 2815 948 2840; x_wconf 83' lang='lat' dir='ltr'><strong>ot</strong></span> <span class='ocrx_word' id='word_1_858' title='bbox 965 2814 1127 2846; x_wconf 75' lang='grc' dir='ltr'><strong>δοκοῦντες</strong></span> <span class='ocrx_word' id='word_1_859' title='bbox 1141 2811 1248 2838; x_wconf 76' lang='grc' dir='ltr'><strong>στῦλοι</strong></span> <span class='ocrx_word' id='word_1_860' title='bbox 1261 2808 1347 2837; x_wconf 80' lang='grc' dir='ltr'>εἶναι.</span> 
     </span>
    </p>
   </div>
   <div class='ocr_carea' id='block_1_117' title="bbox 148 2896 900 2937">
    <p class='ocr_par' dir='ltr' id='par_1_117' title="bbox 148 2902 900 2937">
     <span class='ocr_line' id='line_1_117' title="bbox 148 2902 900 2937; baseline -0.003 -4"><span class='ocrx_word' id='word_1_861' title='bbox 148 2905 170 2922; x_wconf 86' lang='grc'><strong><em>³⁸</em></strong></span> <span class='ocrx_word' id='word_1_862' title='bbox 189 2904 263 2933; x_wconf 82' lang='lat' dir='ltr'><strong>Psal.</strong></span> <span class='ocrx_word' id='word_1_863' title='bbox 282 2912 320 2937; x_wconf 86' lang='grc' dir='ltr'>ιι,</span> <span class='ocrx_word' id='word_1_864' title='bbox 339 2904 365 2932; x_wconf 92' lang='grc'><strong>8.</strong></span> <span class='ocrx_word' id='word_1_865' title='bbox 404 2905 427 2921; x_wconf 84' lang='grc'><strong>³⁸</strong></span> <span class='ocrx_word' id='word_1_866' title='bbox 445 2903 505 2932; x_wconf 83' lang='lat' dir='ltr'><strong>Act.</strong></span> <span class='ocrx_word' id='word_1_867' title='bbox 522 2912 557 2937; x_wconf 81' lang='lat' dir='ltr'><strong>x,</strong></span> <span class='ocrx_word' id='word_1_868' title='bbox 574 2903 617 2932; x_wconf 64' lang='grc' dir='ltr'><strong>δι.</strong></span> <span class='ocrx_word' id='word_1_869' title='bbox 656 2903 679 2920; x_wconf 70' lang='grc' dir='ltr'><strong>’τ</strong></span> <span class='ocrx_word' id='word_1_870' title='bbox 698 2902 777 2931; x_wconf 82' lang='lat' dir='ltr'><strong>Rom.</strong></span> <span class='ocrx_word' id='word_1_871' title='bbox 795 2910 821 2936; x_wconf 82' lang='lat' dir='ltr'><strong>I.</strong></span> <span class='ocrx_word' id='word_1_872' title='bbox 838 2902 882 2936; x_wconf 80' lang='grc'>16,</span> <span class='ocrx_word' id='word_1_873' title='bbox 899 2914 900 2918; x_wconf 55' lang='grc' dir='ltr'><strong>η</strong></span> 
     </span>
    </p>
   </div>
   <div class='ocr_carea' id='block_1_118' title="bbox 949 2896 1571 2937">
    <p class='ocr_par' dir='ltr' id='par_1_118' title="bbox 980 2896 1571 2937">
     <span class='ocr_line' id='line_1_118' title="bbox 980 2896 1571 2937; baseline -0.014 -6"><span class='ocrx_word' id='word_1_874' title='bbox 980 2903 1002 2920; x_wconf 80' lang='grc'><strong><em>³³</em></strong></span> <span class='ocrx_word' id='word_1_875' title='bbox 1020 2902 1094 2931; x_wconf 84' lang='lat' dir='ltr'><strong>Psal.</strong></span> <span class='ocrx_word' id='word_1_876' title='bbox 1113 2908 1213 2935; x_wconf 81' lang='lat' dir='ltr'><strong>Lnnl,</strong></span> <span class='ocrx_word' id='word_1_877' title='bbox 1232 2900 1290 2929; x_wconf 80' lang='lat'><strong>5-7.</strong></span> <span class='ocrx_word' id='word_1_878' title='bbox 1328 2899 1351 2917; x_wconf 76' lang='lat'>&quot;</span> <span class='ocrx_word' id='word_1_879' title='bbox 1369 2898 1458 2929; x_wconf 81' lang='lat' dir='ltr'><strong>Galat.</strong></span> <span class='ocrx_word' id='word_1_880' title='bbox 1474 2905 1512 2930; x_wconf 79' lang='grc' dir='ltr'>ιι,</span> <span class='ocrx_word' id='word_1_881' title='bbox 1529 2896 1546 2924; x_wconf 82' lang='grc'>9</span> <span class='ocrx_word' id='word_1_882' title='bbox 1567 2933 1571 2937; x_wconf 36' lang='grc'><strong>,</strong></span> 
     </span>
    </p>
   </div>
  </div>
