  <div class='ocr_page' id='page_1' title='image "/cluster/home/n/w/nwhite01/storage/ocr_20150623/23/njp.32101077772505/446.png"; bbox 0 0 2024 3214; ppageno 0'>
   <div class='ocr_carea' id='block_1_1' title="bbox 145 217 194 245">
    <p class='ocr_par' dir='ltr' id='par_1_1' title="bbox 145 217 194 245">
     <span class='ocr_line' id='line_1_1' title="bbox 145 217 194 245; baseline -0.041 -1"><span class='ocrx_word' id='word_1_1' title='bbox 145 217 194 245; x_wconf 82' lang='lat'><strong>877</strong></span> 
     </span>
    </p>
   </div>
   <div class='ocr_carea' id='block_1_2' title="bbox 696 208 1270 244">
    <p class='ocr_par' dir='ltr' id='par_1_2' title="bbox 696 208 1270 244">
     <span class='ocr_line' id='line_1_2' title="bbox 696 208 1270 244; baseline -0.007 0"><span class='ocrx_word' id='word_1_2' title='bbox 696 215 945 244; x_wconf 70' lang='lat' dir='ltr'><strong>COMMENTARIA</strong></span> <span class='ocrx_word' id='word_1_3' title='bbox 965 215 998 243; x_wconf 75' lang='grc' dir='ltr'><strong>ΙΝ</strong></span> <span class='ocrx_word' id='word_1_4' title='bbox 1015 216 1184 244; x_wconf 72' lang='lat' dir='ltr'><strong>PSALMOS.</strong></span> <span class='ocrx_word' id='word_1_5' title='bbox 1217 208 1235 240; x_wconf 81' lang='grc'><strong>7</strong></span> <span class='ocrx_word' id='word_1_6' title='bbox 1251 215 1270 238; x_wconf 81' lang='grc'><strong>&gt;</strong></span> 
     </span>
    </p>
   </div>
   <div class='ocr_carea' id='block_1_3' title="bbox 1260 185 1285 208">
    <p class='ocr_par' dir='ltr' id='par_1_3' title="bbox 1260 185 1285 208">
     <span class='ocr_line' id='line_1_3' title="bbox 1260 185 1285 208; baseline 0 0"><span class='ocrx_word' id='word_1_7' title='bbox 1260 185 1285 208; x_wconf 64' lang='grc' dir='ltr'><em>ί</em></span> 
     </span>
    </p>
   </div>
   <div class='ocr_carea' id='block_1_4' title="bbox 1699 216 1751 244">
    <p class='ocr_par' dir='ltr' id='par_1_4' title="bbox 1699 216 1751 244">
     <span class='ocr_line' id='line_1_4' title="bbox 1699 216 1751 244; baseline -0.019 0"><span class='ocrx_word' id='word_1_8' title='bbox 1699 216 1751 244; x_wconf 82' lang='grc'><strong>878</strong></span> 
     </span>
    </p>
   </div>
   <div class='ocr_carea' id='block_1_5' title="bbox 143 271 923 309">
    <p class='ocr_par' dir='ltr' id='par_1_5' title="bbox 143 271 922 309">
     <span class='ocr_line' id='line_1_5' title="bbox 143 271 922 309; baseline -0.001 -9"><span class='ocrx_word' id='word_1_9' title='bbox 143 273 247 308; x_wconf 83' lang='grc' dir='ltr'>γονὲναι</span> <span class='ocrx_word' id='word_1_10' title='bbox 257 272 303 299; x_wconf 66' lang='grc' dir='ltr'><strong>τὸν</strong></span> <span class='ocrx_word' id='word_1_11' title='bbox 316 272 396 300; x_wconf 80' lang='grc' dir='ltr'>τόπον</span> <span class='ocrx_word' id='word_1_12' title='bbox 407 271 498 300; x_wconf 77' lang='grc' dir='ltr'>αὐτοῦ’</span> <span class='ocrx_word' id='word_1_13' title='bbox 514 273 561 300; x_wconf 81' lang='grc' dir='ltr'><strong>καὶ</strong></span> <span class='ocrx_word' id='word_1_14' title='bbox 571 273 596 300; x_wconf 76' lang='grc' dir='ltr'>οἱ</span> <span class='ocrx_word' id='word_1_15' title='bbox 611 272 698 299; x_wconf 53' lang='lat' dir='ltr'><strong>Iouini.</strong></span> <span class='ocrx_word' id='word_1_16' title='bbox 715 272 743 300; x_wconf 75' lang='grc' dir='ltr'><strong>δὲ</strong></span> <span class='ocrx_word' id='word_1_17' title='bbox 759 273 922 309; x_wconf 77' lang='grc' dir='ltr'>ἑρμηνευταὶ</span> 
     </span>
    </p>
   </div>
   <div class='ocr_carea' id='block_1_6' title="bbox 973 271 1752 309">
    <p class='ocr_par' dir='ltr' id='par_1_6' title="bbox 973 271 1752 309">
     <span class='ocr_line' id='line_1_6' title="bbox 973 271 1752 309; baseline 0.001 -9"><span class='ocrx_word' id='word_1_18' title='bbox 973 271 1071 300; x_wconf 83' lang='lat' dir='ltr'><strong>lsraele</strong></span> <span class='ocrx_word' id='word_1_19' title='bbox 1094 276 1172 305; x_wconf 88' lang='lat' dir='ltr'><strong>sunt,</strong></span> <span class='ocrx_word' id='word_1_20' title='bbox 1193 271 1274 299; x_wconf 89' lang='lat' dir='ltr'><strong>Israel</strong></span> <span class='ocrx_word' id='word_1_21' title='bbox 1291 280 1370 300; x_wconf 82' lang='lat' dir='ltr'><strong>esse:</strong></span> <span class='ocrx_word' id='word_1_22' title='bbox 1396 280 1482 308; x_wconf 90' lang='lat' dir='ltr'><strong>neque</strong></span> <span class='ocrx_word' id='word_1_23' title='bbox 1504 277 1637 309; x_wconf 89' lang='lat' dir='ltr'><strong>quotquot</strong></span> <span class='ocrx_word' id='word_1_24' title='bbox 1658 281 1752 301; x_wconf 85' lang='lat' dir='ltr'><strong>semen</strong></span> 
     </span>
    </p>
   </div>
   <div class='ocr_carea' id='block_1_7' title="bbox 142 318 921 355">
    <p class='ocr_par' dir='ltr' id='par_1_7' title="bbox 142 318 921 355">
     <span class='ocr_line' id='line_1_7' title="bbox 142 318 921 355; baseline -0.003 -8"><span class='ocrx_word' id='word_1_25' title='bbox 142 319 233 347; x_wconf 84' lang='grc' dir='ltr'>τοῦτον</span> <span class='ocrx_word' id='word_1_26' title='bbox 248 320 419 355; x_wconf 81' lang='grc' dir='ltr'>ἡρμήνευσαν</span> <span class='ocrx_word' id='word_1_27' title='bbox 430 319 476 346; x_wconf 82' lang='grc' dir='ltr'>τὸν</span> <span class='ocrx_word' id='word_1_28' title='bbox 488 319 599 355; x_wconf 79' lang='grc' dir='ltr'><strong>τρόπον,</strong></span> <span class='ocrx_word' id='word_1_29' title='bbox 610 318 645 346; x_wconf 79' lang='grc' dir='ltr'>ἐν</span> <span class='ocrx_word' id='word_1_30' title='bbox 658 318 763 353; x_wconf 72' lang='grc' dir='ltr'>Σαλήμ</span> <span class='ocrx_word' id='word_1_31' title='bbox 776 319 921 346; x_wconf 75' lang='grc' dir='ltr'><strong>ἐκδεδωκό-</strong></span> 
     </span>
    </p>
   </div>
   <div class='ocr_carea' id='block_1_8' title="bbox 142 364 921 400">
    <p class='ocr_par' dir='ltr' id='par_1_8' title="bbox 142 364 921 400">
     <span class='ocr_line' id='line_1_8' title="bbox 142 364 921 400; baseline -0.003 -8"><span class='ocrx_word' id='word_1_32' title='bbox 142 374 196 397; x_wconf 80' lang='grc' dir='ltr'>τες.</span> <span class='ocrx_word' id='word_1_33' title='bbox 222 365 252 392; x_wconf 80' lang='grc'><strong>’0</strong></span> <span class='ocrx_word' id='word_1_34' title='bbox 265 365 293 392; x_wconf 81' lang='grc' dir='ltr'><strong>δὲ</strong></span> <span class='ocrx_word' id='word_1_35' title='bbox 304 366 359 397; x_wconf 88' lang='grc' dir='ltr'>τοῖς</span> <span class='ocrx_word' id='word_1_36' title='bbox 372 364 453 396; x_wconf 79' lang='grc' dir='ltr'>θείοις</span> <span class='ocrx_word' id='word_1_37' title='bbox 464 365 578 400; x_wconf 80' lang='grc' dir='ltr'><strong>δόγμασι</strong></span> <span class='ocrx_word' id='word_1_38' title='bbox 595 364 842 400; x_wconf 75' lang='grc' dir='ltr'>μεμαθητευμένος,</span> <span class='ocrx_word' id='word_1_39' title='bbox 860 373 921 391; x_wconf 86' lang='grc' dir='ltr'>παι-</span> 
     </span>
    </p>
   </div>
   <div class='ocr_carea' id='block_1_9' title="bbox 142 406 919 446">
    <p class='ocr_par' dir='ltr' id='par_1_9' title="bbox 142 406 919 446">
     <span class='ocr_line' id='line_1_9' title="bbox 142 406 919 446; baseline -0.001 -9"><span class='ocrx_word' id='word_1_40' title='bbox 142 410 254 443; x_wconf 78' lang='grc' dir='ltr'><strong>δευθεὶς,</strong></span> <span class='ocrx_word' id='word_1_41' title='bbox 270 411 354 437; x_wconf 84' lang='grc' dir='ltr'><strong>ὅτιού</strong></span> <span class='ocrx_word' id='word_1_42' title='bbox 372 410 471 442; x_wconf 78' lang='grc' dir='ltr'>πάντες</span> <span class='ocrx_word' id='word_1_43' title='bbox 489 411 513 437; x_wconf 72' lang='grc' dir='ltr'>οἱ</span> <span class='ocrx_word' id='word_1_44' title='bbox 530 410 557 443; x_wconf 80' lang='grc' dir='ltr'>ἐξ</span> <span class='ocrx_word' id='word_1_45' title='bbox 581 410 688 446; x_wconf 85' lang='grc' dir='ltr'>Ἰσραὴλ</span> <span class='ocrx_word' id='word_1_46' title='bbox 706 406 777 437; x_wconf 71' lang='grc' dir='ltr'>οὗτοι</span> <span class='ocrx_word' id='word_1_47' title='bbox 801 411 919 446; x_wconf 82' lang='grc' dir='ltr'>Ἰσραὴλ,</span> 
     </span>
    </p>
   </div>
   <div class='ocr_carea' id='block_1_10' title="bbox 143 456 920 492">
    <p class='ocr_par' dir='ltr' id='par_1_10' title="bbox 143 456 920 492">
     <span class='ocr_line' id='line_1_10' title="bbox 143 456 920 492; baseline -0.001 -9"><span class='ocrx_word' id='word_1_48' title='bbox 143 457 200 483; x_wconf 72' lang='grc' dir='ltr'><strong>οὑδὲ</strong></span> <span class='ocrx_word' id='word_1_49' title='bbox 222 457 279 483; x_wconf 83' lang='grc' dir='ltr'><strong>ὅσοι</strong></span> <span class='ocrx_word' id='word_1_50' title='bbox 300 457 408 492; x_wconf 79' lang='grc' dir='ltr'>σπέρμα</span> <span class='ocrx_word' id='word_1_51' title='bbox 433 456 558 492; x_wconf 78' lang='grc' dir='ltr'>Ἀϐραάμ</span> <span class='ocrx_word' id='word_1_52' title='bbox 577 457 639 488; x_wconf 69' lang='grc' dir='ltr'>εἱσι,</span> <span class='ocrx_word' id='word_1_53' title='bbox 661 457 758 488; x_wconf 75' lang='grc' dir='ltr'>πάντες</span> <span class='ocrx_word' id='word_1_54' title='bbox 779 456 867 483; x_wconf 74' lang='grc' dir='ltr'>τέκνα·</span> <span class='ocrx_word' id='word_1_55' title='bbox 890 457 920 482; x_wconf 80' lang='grc' dir='ltr'><strong>οὐ</strong></span> 
     </span>
    </p>
   </div>
   <div class='ocr_carea' id='block_1_11' title="bbox 141 501 921 538">
    <p class='ocr_par' dir='ltr' id='par_1_11' title="bbox 141 501 921 538">
     <span class='ocr_line' id='line_1_11' title="bbox 141 501 921 538; baseline 0 -10"><span class='ocrx_word' id='word_1_56' title='bbox 141 501 193 538; x_wconf 80' lang='grc' dir='ltr'>γὰρ</span> <span class='ocrx_word' id='word_1_57' title='bbox 200 501 235 528; x_wconf 79' lang='grc' dir='ltr'><strong>τὰ</strong></span> <span class='ocrx_word' id='word_1_58' title='bbox 244 501 325 528; x_wconf 82' lang='grc' dir='ltr'>τέκνα</span> <span class='ocrx_word' id='word_1_59' title='bbox 337 502 385 536; x_wconf 83' lang='grc' dir='ltr'>τῆς</span> <span class='ocrx_word' id='word_1_60' title='bbox 399 502 498 537; x_wconf 80' lang='grc' dir='ltr'>σαρκὸς</span> <span class='ocrx_word' id='word_1_61' title='bbox 509 502 593 528; x_wconf 78' lang='grc' dir='ltr'>ταῦτα</span> <span class='ocrx_word' id='word_1_62' title='bbox 603 503 684 528; x_wconf 80' lang='grc' dir='ltr'>τέκνα</span> <span class='ocrx_word' id='word_1_63' title='bbox 709 502 755 529; x_wconf 77' lang='grc' dir='ltr'>τοῦ</span> <span class='ocrx_word' id='word_1_64' title='bbox 770 503 845 534; x_wconf 79' lang='grc' dir='ltr'><em>Θεοῦ,</em></span> <span class='ocrx_word' id='word_1_65' title='bbox 855 502 921 530; x_wconf 77' lang='grc' dir='ltr'>ἀλλὰ</span> 
     </span>
    </p>
   </div>
   <div class='ocr_carea' id='block_1_12' title="bbox 141 546 921 583">
    <p class='ocr_par' dir='ltr' id='par_1_12' title="bbox 141 546 921 583">
     <span class='ocr_line' id='line_1_12' title="bbox 141 546 921 583; baseline 0.001 -11"><span class='ocrx_word' id='word_1_66' title='bbox 141 546 175 572; x_wconf 82' lang='grc' dir='ltr'>τὰ</span> <span class='ocrx_word' id='word_1_67' title='bbox 187 546 271 573; x_wconf 83' lang='grc' dir='ltr'>τέκνα</span> <span class='ocrx_word' id='word_1_68' title='bbox 291 547 340 581; x_wconf 80' lang='grc' dir='ltr'>τῆς</span> <span class='ocrx_word' id='word_1_69' title='bbox 359 546 522 581; x_wconf 67' lang='grc' dir='ltr'><strong>ἐπαγγελίας</strong></span> <span class='ocrx_word' id='word_1_70' title='bbox 538 547 673 580; x_wconf 78' lang='grc' dir='ltr'>λογίζεται</span> <span class='ocrx_word' id='word_1_71' title='bbox 695 548 733 578; x_wconf 77' lang='grc' dir='ltr'><strong>εἰς</strong></span> <span class='ocrx_word' id='word_1_72' title='bbox 750 547 867 583; x_wconf 78' lang='grc' dir='ltr'>σπέρμα·</span> <span class='ocrx_word' id='word_1_73' title='bbox 883 547 921 573; x_wconf 72' lang='grc' dir='ltr'>ἔτι</span> 
     </span>
    </p>
   </div>
   <div class='ocr_carea' id='block_1_13' title="bbox 141 591 922 627">
    <p class='ocr_par' dir='ltr' id='par_1_13' title="bbox 141 591 922 627">
     <span class='ocr_line' id='line_1_13' title="bbox 141 591 922 627; baseline 0.001 -9"><span class='ocrx_word' id='word_1_74' title='bbox 141 599 169 618; x_wconf 86' lang='grc' dir='ltr'><em>τε</em></span> <span class='ocrx_word' id='word_1_75' title='bbox 190 592 345 623; x_wconf 75' lang='grc' dir='ltr'>ἐπακούσας</span> <span class='ocrx_word' id='word_1_76' title='bbox 367 591 413 618; x_wconf 77' lang='grc' dir='ltr'>τοῦ</span> <span class='ocrx_word' id='word_1_77' title='bbox 436 592 517 619; x_wconf 78' lang='grc' dir='ltr'>αὐτοῦ</span> <span class='ocrx_word' id='word_1_78' title='bbox 542 593 700 619; x_wconf 81' lang='grc' dir='ltr'>Ἀποστόλου</span> <span class='ocrx_word' id='word_1_79' title='bbox 720 591 854 627; x_wconf 77' lang='grc' dir='ltr'>λέγοντος,</span> <span class='ocrx_word' id='word_1_80' title='bbox 882 594 922 620; x_wconf 87' lang='grc' dir='ltr'><strong>Οὺ</strong></span> 
     </span>
    </p>
   </div>
   <div class='ocr_carea' id='block_1_14' title="bbox 142 636 923 672">
    <p class='ocr_par' dir='ltr' id='par_1_14' title="bbox 142 636 923 672">
     <span class='ocr_line' id='line_1_14' title="bbox 142 636 923 672; baseline 0.003 -9"><span class='ocrx_word' id='word_1_81' title='bbox 142 636 195 672; x_wconf 74' lang='grc' dir='ltr'><strong>γὰρ</strong></span> <span class='ocrx_word' id='word_1_82' title='bbox 214 639 231 664; x_wconf 85' lang='grc' dir='ltr'><strong><em>ό</em></strong></span> <span class='ocrx_word' id='word_1_83' title='bbox 252 637 288 663; x_wconf 77' lang='grc' dir='ltr'>ἐν</span> <span class='ocrx_word' id='word_1_84' title='bbox 314 637 353 669; x_wconf 87' lang='grc' dir='ltr'>τῷ</span> <span class='ocrx_word' id='word_1_85' title='bbox 365 637 480 672; x_wconf 61' lang='grc' dir='ltr'>φανερῷ</span> <span class='ocrx_word' id='word_1_86' title='bbox 504 637 641 670; x_wconf 79' lang='grc' dir='ltr'>Ἰουδαῖός</span> <span class='ocrx_word' id='word_1_87' title='bbox 657 638 752 670; x_wconf 75' lang='grc' dir='ltr'>ἐστιν,</span> <span class='ocrx_word' id='word_1_88' title='bbox 770 639 839 665; x_wconf 82' lang='grc' dir='ltr'><strong>οὐδὲ</strong></span> <span class='ocrx_word' id='word_1_89' title='bbox 857 639 875 671; x_wconf 80' lang='grc' dir='ltr'><strong><em>ἡ</em></strong></span> <span class='ocrx_word' id='word_1_90' title='bbox 889 639 923 665; x_wconf 73' lang='grc' dir='ltr'>ἐν</span> 
     </span>
    </p>
   </div>
   <div class='ocr_carea' id='block_1_15' title="bbox 142 676 922 718">
    <p class='ocr_par' dir='ltr' id='par_1_15' title="bbox 142 676 922 718">
     <span class='ocr_line' id='line_1_15' title="bbox 142 676 922 718; baseline 0.003 -9"><span class='ocrx_word' id='word_1_91' title='bbox 142 681 180 715; x_wconf 81' lang='grc' dir='ltr'>τῷ</span> <span class='ocrx_word' id='word_1_92' title='bbox 193 682 310 717; x_wconf 65' lang='grc' dir='ltr'><em>φανερῷ</em></span> <span class='ocrx_word' id='word_1_93' title='bbox 324 683 358 709; x_wconf 82' lang='grc' dir='ltr'>ἐν</span> <span class='ocrx_word' id='word_1_94' title='bbox 374 683 461 717; x_wconf 75' lang='grc' dir='ltr'>σαρκὶ</span> <span class='ocrx_word' id='word_1_95' title='bbox 478 683 627 718; x_wconf 76' lang='grc' dir='ltr'>περιτομή·</span> <span class='ocrx_word' id='word_1_96' title='bbox 643 684 710 711; x_wconf 72' lang='grc' dir='ltr'>ἀλλ’</span> <span class='ocrx_word' id='word_1_97' title='bbox 728 685 744 710; x_wconf 82' lang='lat' dir='ltr'><strong>d</strong></span> <span class='ocrx_word' id='word_1_98' title='bbox 756 676 790 711; x_wconf 68' lang='grc' dir='ltr'>ἐνί</span> <span class='ocrx_word' id='word_1_99' title='bbox 802 684 841 716; x_wconf 86' lang='grc' dir='ltr'>τῷ</span> <span class='ocrx_word' id='word_1_100' title='bbox 854 694 922 718; x_wconf 59' lang='grc' dir='ltr'><em>κριη-</em></span> 
     </span>
    </p>
   </div>
   <div class='ocr_carea' id='block_1_16' title="bbox 143 728 923 763">
    <p class='ocr_par' dir='ltr' id='par_1_16' title="bbox 143 728 923 763">
     <span class='ocr_line' id='line_1_16' title="bbox 143 728 923 763; baseline 0.003 -9"><span class='ocrx_word' id='word_1_101' title='bbox 143 728 203 761; x_wconf 57' lang='lat' dir='ltr'><strong>an}:</strong></span> <span class='ocrx_word' id='word_1_102' title='bbox 229 728 378 761; x_wconf 82' lang='grc' dir='ltr'>Ἰουδαῖος,</span> <span class='ocrx_word' id='word_1_103' title='bbox 405 729 453 755; x_wconf 80' lang='grc' dir='ltr'><strong>καὶ</strong></span> <span class='ocrx_word' id='word_1_104' title='bbox 475 729 614 763; x_wconf 74' lang='grc' dir='ltr'>περιτομὴ</span> <span class='ocrx_word' id='word_1_105' title='bbox 642 729 765 763; x_wconf 82' lang='grc' dir='ltr'><strong>καρδίας</strong></span> <span class='ocrx_word' id='word_1_106' title='bbox 784 730 819 756; x_wconf 75' lang='grc' dir='ltr'>ἐν</span> <span class='ocrx_word' id='word_1_107' title='bbox 836 731 923 756; x_wconf 76' lang='grc' dir='ltr'><em>πνεύ-</em></span> 
     </span>
    </p>
   </div>
   <div class='ocr_carea' id='block_1_17' title="bbox 140 772 924 809">
    <p class='ocr_par' dir='ltr' id='par_1_17' title="bbox 140 772 924 809">
     <span class='ocr_line' id='line_1_17' title="bbox 140 772 924 809; baseline 0.001 -9"><span class='ocrx_word' id='word_1_108' title='bbox 140 783 218 809; x_wconf 77' lang='grc' dir='ltr'>ματι,</span> <span class='ocrx_word' id='word_1_109' title='bbox 236 776 271 801; x_wconf 83' lang='grc' dir='ltr'><strong>οὐ</strong></span> <span class='ocrx_word' id='word_1_110' title='bbox 287 774 439 809; x_wconf 62' lang='grc' dir='ltr'>γράμματι·</span> <span class='ocrx_word' id='word_1_111' title='bbox 457 772 492 801; x_wconf 88' lang='grc' dir='ltr'><strong>οὗ</strong></span> <span class='ocrx_word' id='word_1_112' title='bbox 511 776 526 800; x_wconf 83' lang='grc' dir='ltr'><em>ὀ</em></span> <span class='ocrx_word' id='word_1_113' title='bbox 545 774 667 807; x_wconf 72' lang='grc' dir='ltr'>ἔπαινος</span> <span class='ocrx_word' id='word_1_114' title='bbox 686 775 741 801; x_wconf 77' lang='grc' dir='ltr'><strong>οὐκ</strong></span> <span class='ocrx_word' id='word_1_115' title='bbox 762 774 796 805; x_wconf 75' lang='grc' dir='ltr'><strong>ἐξ</strong></span> <span class='ocrx_word' id='word_1_116' title='bbox 816 774 924 808; x_wconf 67' lang='grc' dir='ltr'><strong>ἀνθρώ-</strong></span> 
     </span>
    </p>
   </div>
   <div class='ocr_carea' id='block_1_18' title="bbox 143 819 923 854">
    <p class='ocr_par' dir='ltr' id='par_1_18' title="bbox 143 819 923 854">
     <span class='ocr_line' id='line_1_18' title="bbox 143 819 923 854; baseline -0.003 -7"><span class='ocrx_word' id='word_1_117' title='bbox 143 827 215 853; x_wconf 77' lang='grc' dir='ltr'><strong>πων,</strong></span> <span class='ocrx_word' id='word_1_118' title='bbox 239 821 305 847; x_wconf 73' lang='grc' dir='ltr'><em>ἀλλ’</em></span> <span class='ocrx_word' id='word_1_119' title='bbox 327 821 360 846; x_wconf 82' lang='grc' dir='ltr'><strong>ἐκ</strong></span> <span class='ocrx_word' id='word_1_120' title='bbox 383 819 436 846; x_wconf 85' lang='grc' dir='ltr'><strong>τοῦ</strong></span> <span class='ocrx_word' id='word_1_121' title='bbox 460 819 542 846; x_wconf 83' lang='grc' dir='ltr'><em>Θεοῦ’</em></span> <span class='ocrx_word' id='word_1_122' title='bbox 566 821 612 846; x_wconf 79' lang='grc' dir='ltr'>καὶ</span> <span class='ocrx_word' id='word_1_123' title='bbox 635 820 724 847; x_wconf 57' lang='grc' dir='ltr'>πάλιν</span> <span class='ocrx_word' id='word_1_124' title='bbox 753 819 847 854; x_wconf 81' lang='grc' dir='ltr'><em>Ἡμεῖς</em></span> <span class='ocrx_word' id='word_1_125' title='bbox 869 820 923 854; x_wconf 73' lang='grc' dir='ltr'><strong>γάρ</strong></span> 
     </span>
    </p>
   </div>
   <div class='ocr_carea' id='block_1_19' title="bbox 142 864 923 902">
    <p class='ocr_par' dir='ltr' id='par_1_19' title="bbox 142 864 923 902">
     <span class='ocr_line' id='line_1_19' title="bbox 142 864 923 902; baseline -0.004 -8"><span class='ocrx_word' id='word_1_126' title='bbox 142 868 233 902; x_wconf 74' lang='grc' dir='ltr'>ἐσμεν</span> <span class='ocrx_word' id='word_1_127' title='bbox 248 867 283 894; x_wconf 85' lang='grc' dir='ltr'>ἐν</span> <span class='ocrx_word' id='word_1_128' title='bbox 298 866 439 901; x_wconf 76' lang='grc' dir='ltr'><strong>περιτομῇ</strong></span> <span class='ocrx_word' id='word_1_129' title='bbox 456 868 482 893; x_wconf 82' lang='grc' dir='ltr'><strong>οἱ</strong></span> <span class='ocrx_word' id='word_1_130' title='bbox 496 866 530 893; x_wconf 79' lang='grc' dir='ltr'>ἐν</span> <span class='ocrx_word' id='word_1_131' title='bbox 546 866 691 900; x_wconf 79' lang='grc' dir='ltr'>πνεύματι</span> <span class='ocrx_word' id='word_1_132' title='bbox 712 864 785 892; x_wconf 83' lang='grc' dir='ltr'><em>Θεοῦ</em></span> <span class='ocrx_word' id='word_1_133' title='bbox 799 866 923 899; x_wconf 81' lang='grc' dir='ltr'><strong>,λατρεύ-</strong></span> 
     </span>
    </p>
   </div>
   <div class='ocr_carea' id='block_1_20' title="bbox 142 911 924 947">
    <p class='ocr_par' dir='ltr' id='par_1_20' title="bbox 142 911 924 947">
     <span class='ocr_line' id='line_1_20' title="bbox 142 911 924 947; baseline -0.005 -7"><span class='ocrx_word' id='word_1_134' title='bbox 142 921 235 946; x_wconf 76' lang='grc' dir='ltr'>οντες,</span> <span class='ocrx_word' id='word_1_135' title='bbox 251 913 299 939; x_wconf 78' lang='grc' dir='ltr'><strong>καὶ</strong></span> <span class='ocrx_word' id='word_1_136' title='bbox 312 914 366 940; x_wconf 80' lang='grc' dir='ltr'><strong>οὐκ</strong></span> <span class='ocrx_word' id='word_1_137' title='bbox 382 913 416 939; x_wconf 79' lang='grc' dir='ltr'>ἐν</span> <span class='ocrx_word' id='word_1_138' title='bbox 430 912 517 947; x_wconf 74' lang='grc' dir='ltr'>σαρκὶ</span> <span class='ocrx_word' id='word_1_139' title='bbox 531 912 712 943; x_wconf 73' lang='grc' dir='ltr'><strong>πεποιθότες·</strong></span> <span class='ocrx_word' id='word_1_140' title='bbox 734 911 772 937; x_wconf 70' lang='grc' dir='ltr'>ἔτι</span> <span class='ocrx_word' id='word_1_141' title='bbox 795 911 847 946; x_wconf 77' lang='grc' dir='ltr'>μὴν</span> <span class='ocrx_word' id='word_1_142' title='bbox 866 912 924 937; x_wconf 77' lang='grc' dir='ltr'><strong>ἐπι-</strong></span> 
     </span>
    </p>
   </div>
   <div class='ocr_carea' id='block_1_21' title="bbox 143 956 923 994">
    <p class='ocr_par' dir='ltr' id='par_1_21' title="bbox 143 956 923 994">
     <span class='ocr_line' id='line_1_21' title="bbox 143 956 923 994; baseline -0.004 -9"><span class='ocrx_word' id='word_1_143' title='bbox 143 959 242 994; x_wconf 80' lang='grc' dir='ltr'>στήσας</span> <span class='ocrx_word' id='word_1_144' title='bbox 255 959 295 991; x_wconf 85' lang='grc' dir='ltr'><strong>τὸ,</strong></span> <span class='ocrx_word' id='word_1_145' title='bbox 313 958 441 985; x_wconf 76' lang='grc' dir='ltr'><strong>Βλέπετε</strong></span> <span class='ocrx_word' id='word_1_146' title='bbox 463 958 516 984; x_wconf 77' lang='grc' dir='ltr'>τὸν</span> <span class='ocrx_word' id='word_1_147' title='bbox 537 957 653 992; x_wconf 72' lang='grc' dir='ltr'>Ἰσραὴλ</span> <span class='ocrx_word' id='word_1_148' title='bbox 670 957 744 983; x_wconf 81' lang='grc' dir='ltr'>κατὰ</span> <span class='ocrx_word' id='word_1_149' title='bbox 759 956 865 990; x_wconf 78' lang='grc' dir='ltr'>σάρκα,</span> <span class='ocrx_word' id='word_1_150' title='bbox 886 957 923 989; x_wconf 82' lang='grc' dir='ltr'>ὡς</span> 
     </span>
    </p>
   </div>
   <div class='ocr_carea' id='block_1_22' title="bbox 142 1002 923 1041">
    <p class='ocr_par' dir='ltr' id='par_1_22' title="bbox 142 1002 923 1041">
     <span class='ocr_line' id='line_1_22' title="bbox 142 1002 923 1041; baseline -0.005 -9"><span class='ocrx_word' id='word_1_151' title='bbox 142 1005 233 1041; x_wconf 77' lang='grc' dir='ltr'>ἑτέρου</span> <span class='ocrx_word' id='word_1_152' title='bbox 250 1005 325 1036; x_wconf 73' lang='grc' dir='ltr'>ὄντος</span> <span class='ocrx_word' id='word_1_153' title='bbox 341 1004 387 1031; x_wconf 81' lang='grc' dir='ltr'>τοῦ</span> <span class='ocrx_word' id='word_1_154' title='bbox 403 1005 439 1040; x_wconf 85' lang='grc' dir='ltr'>μὴ</span> <span class='ocrx_word' id='word_1_155' title='bbox 452 1004 521 1030; x_wconf 73' lang='grc' dir='ltr'>κατὰ</span> <span class='ocrx_word' id='word_1_156' title='bbox 538 1004 636 1038; x_wconf 72' lang='grc' dir='ltr'>σάρκα,</span> <span class='ocrx_word' id='word_1_157' title='bbox 654 1003 721 1029; x_wconf 79' lang='grc' dir='ltr'>ἀλλὰ</span> <span class='ocrx_word' id='word_1_158' title='bbox 732 1002 801 1028; x_wconf 81' lang='grc' dir='ltr'>κατὰ</span> <span class='ocrx_word' id='word_1_159' title='bbox 815 1003 923 1038; x_wconf 82' lang='grc' dir='ltr'>πνεῦμα</span> 
     </span>
    </p>
   </div>
   <div class='ocr_carea' id='block_1_23' title="bbox 141 1048 923 1087">
    <p class='ocr_par' dir='ltr' id='par_1_23' title="bbox 141 1048 923 1087">
     <span class='ocr_line' id='line_1_23' title="bbox 141 1048 923 1087; baseline -0.006 -9"><span class='ocrx_word' id='word_1_160' title='bbox 141 1051 265 1087; x_wconf 77' lang='grc' dir='ltr'><strong>ἀληθινοῦ</strong></span> <span class='ocrx_word' id='word_1_161' title='bbox 288 1051 402 1086; x_wconf 75' lang='grc' dir='ltr'>Ἰσραήλ’</span> <span class='ocrx_word' id='word_1_162' title='bbox 416 1051 518 1082; x_wconf 73' lang='grc' dir='ltr'>τούτοις</span> <span class='ocrx_word' id='word_1_163' title='bbox 535 1049 784 1085; x_wconf 82' lang='grc' dir='ltr'>μεμαϐητευμένος,</span> <span class='ocrx_word' id='word_1_164' title='bbox 800 1049 844 1074; x_wconf 71' lang='grc' dir='ltr'><strong>τὸν</strong></span> <span class='ocrx_word' id='word_1_165' title='bbox 860 1048 923 1083; x_wconf 84' lang='grc' dir='ltr'>ἀλη-</span> 
     </span>
    </p>
   </div>
   <div class='ocr_carea' id='block_1_24' title="bbox 142 1094 924 1132">
    <p class='ocr_par' dir='ltr' id='par_1_24' title="bbox 142 1094 924 1132">
     <span class='ocr_line' id='line_1_24' title="bbox 142 1094 924 1132; baseline -0.004 -7"><span class='ocrx_word' id='word_1_166' title='bbox 142 1097 211 1125; x_wconf 75' lang='grc' dir='ltr'>θινὸν</span> <span class='ocrx_word' id='word_1_167' title='bbox 233 1097 339 1132; x_wconf 83' lang='grc' dir='ltr'>Ἰσραὴλ</span> <span class='ocrx_word' id='word_1_168' title='bbox 355 1096 489 1128; x_wconf 79' lang='grc' dir='ltr'><strong>ἐκδέξεται</strong></span> <span class='ocrx_word' id='word_1_169' title='bbox 505 1094 573 1123; x_wconf 75' lang='grc' dir='ltr'>εἶναι</span> <span class='ocrx_word' id='word_1_170' title='bbox 589 1095 633 1121; x_wconf 87' lang='grc' dir='ltr'>τὸν</span> <span class='ocrx_word' id='word_1_171' title='bbox 650 1096 681 1121; x_wconf 79' lang='grc' dir='ltr'><strong>ὲκ</strong></span> <span class='ocrx_word' id='word_1_172' title='bbox 699 1094 745 1121; x_wconf 74' lang='grc' dir='ltr'>τοῦ</span> <span class='ocrx_word' id='word_1_173' title='bbox 764 1095 924 1130; x_wconf 81' lang='grc' dir='ltr'>πράγματος</span> 
     </span>
    </p>
   </div>
   <div class='ocr_carea' id='block_1_25' title="bbox 143 1140 923 1179">
    <p class='ocr_par' dir='ltr' id='par_1_25' title="bbox 143 1140 923 1179">
     <span class='ocr_line' id='line_1_25' title="bbox 143 1140 923 1179; baseline -0.004 -9"><span class='ocrx_word' id='word_1_174' title='bbox 143 1144 345 1179; x_wconf 80' lang='grc' dir='ltr'>σημαινόμενον.</span> <span class='ocrx_word' id='word_1_175' title='bbox 364 1142 607 1177; x_wconf 69' lang='grc' dir='ltr'>Μεταλαμϐάνεται</span> <span class='ocrx_word' id='word_1_176' title='bbox 619 1141 684 1175; x_wconf 80' lang='grc' dir='ltr'>γοῦν</span> <span class='ocrx_word' id='word_1_177' title='bbox 697 1140 813 1176; x_wconf 73' lang='grc' dir='ltr'>τοῦνομα</span> <span class='ocrx_word' id='word_1_178' title='bbox 827 1142 865 1172; x_wconf 82' lang='grc' dir='ltr'><strong>εἰς</strong></span> <span class='ocrx_word' id='word_1_179' title='bbox 879 1141 923 1167; x_wconf 79' lang='grc' dir='ltr'>τὸν</span> 
     </span>
    </p>
   </div>
   <div class='ocr_carea' id='block_1_26' title="bbox 141 1187 922 1226">
    <p class='ocr_par' dir='ltr' id='par_1_26' title="bbox 141 1187 922 1226">
     <span class='ocr_line' id='line_1_26' title="bbox 141 1187 922 1226; baseline -0.006 -9"><span class='ocrx_word' id='word_1_180' title='bbox 141 1191 244 1226; x_wconf 72' lang='grc' dir='ltr'>ὁρῶντα</span> <span class='ocrx_word' id='word_1_181' title='bbox 257 1190 301 1216; x_wconf 85' lang='grc' dir='ltr'><strong>τὺν</strong></span> <span class='ocrx_word' id='word_1_182' title='bbox 316 1190 391 1216; x_wconf 78' lang='grc' dir='ltr'>Θεόν·</span> <span class='ocrx_word' id='word_1_183' title='bbox 406 1189 451 1215; x_wconf 73' lang='grc' dir='ltr'><strong>τὸν</strong></span> <span class='ocrx_word' id='word_1_184' title='bbox 472 1188 623 1224; x_wconf 78' lang='grc' dir='ltr'>διορατικὸν</span> <span class='ocrx_word' id='word_1_185' title='bbox 645 1187 733 1214; x_wconf 83' lang='grc' dir='ltr'>τοίνυν</span> <span class='ocrx_word' id='word_1_186' title='bbox 747 1188 794 1213; x_wconf 71' lang='grc' dir='ltr'><strong>καὶ</strong></span> <span class='ocrx_word' id='word_1_187' title='bbox 809 1196 922 1221; x_wconf 86' lang='grc' dir='ltr'>γνωστι-</span> 
     </span>
    </p>
   </div>
   <div class='ocr_carea' id='block_1_27' title="bbox 142 1230 924 1270">
    <p class='ocr_par' dir='ltr' id='par_1_27' title="bbox 142 1230 924 1270">
     <span class='ocr_line' id='line_1_27' title="bbox 142 1230 924 1270; baseline -0.005 -8"><span class='ocrx_word' id='word_1_188' title='bbox 142 1236 186 1262; x_wconf 77' lang='grc' dir='ltr'>κὺν</span> <span class='ocrx_word' id='word_1_189' title='bbox 199 1236 246 1262; x_wconf 76' lang='grc' dir='ltr'><strong>καὶ</strong></span> <span class='ocrx_word' id='word_1_190' title='bbox 262 1234 469 1270; x_wconf 79' lang='grc' dir='ltr'>ἐπιστημονικὸν</span> <span class='ocrx_word' id='word_1_191' title='bbox 485 1233 568 1268; x_wconf 82' lang='grc' dir='ltr'>ἄνδρα</span> <span class='ocrx_word' id='word_1_192' title='bbox 588 1233 666 1268; x_wconf 79' lang='grc' dir='ltr'>μόνον</span> <span class='ocrx_word' id='word_1_193' title='bbox 686 1230 753 1258; x_wconf 70' lang='grc' dir='ltr'>εἶναι</span> <span class='ocrx_word' id='word_1_194' title='bbox 772 1232 816 1258; x_wconf 81' lang='grc' dir='ltr'><strong>τὸν</strong></span> <span class='ocrx_word' id='word_1_195' title='bbox 832 1232 924 1267; x_wconf 74' lang='grc' dir='ltr'>ἁληοιο</span> 
     </span>
    </p>
   </div>
   <div class='ocr_carea' id='block_1_28' title="bbox 141 1275 923 1316">
    <p class='ocr_par' dir='ltr' id='par_1_28' title="bbox 141 1275 923 1316">
     <span class='ocr_line' id='line_1_28' title="bbox 141 1275 923 1316; baseline -0.006 -8"><span class='ocrx_word' id='word_1_196' title='bbox 141 1281 184 1308; x_wconf 70' lang='grc' dir='ltr'><strong>νὺν</strong></span> <span class='ocrx_word' id='word_1_197' title='bbox 201 1281 307 1316; x_wconf 81' lang='grc' dir='ltr'>Ἰσραὴλ</span> <span class='ocrx_word' id='word_1_198' title='bbox 317 1281 504 1314; x_wconf 78' lang='grc' dir='ltr'>ἀποφανεῖται-</span> <span class='ocrx_word' id='word_1_199' title='bbox 517 1279 545 1305; x_wconf 83' lang='grc' dir='ltr'>ὃν</span> <span class='ocrx_word' id='word_1_200' title='bbox 557 1280 573 1313; x_wconf 80' lang='grc' dir='ltr'>ὴ</span> <span class='ocrx_word' id='word_1_201' title='bbox 590 1278 658 1313; x_wconf 79' lang='grc' dir='ltr'>μετὰ</span> <span class='ocrx_word' id='word_1_202' title='bbox 670 1279 762 1313; x_wconf 81' lang='grc' dir='ltr'>χεῖρας</span> <span class='ocrx_word' id='word_1_203' title='bbox 776 1275 923 1313; x_wconf 62' lang='grc' dir='ltr'>παρίστησι</span> 
     </span>
    </p>
   </div>
   <div class='ocr_carea' id='block_1_29' title="bbox 142 1324 923 1360">
    <p class='ocr_par' dir='ltr' id='par_1_29' title="bbox 142 1324 923 1360">
     <span class='ocr_line' id='line_1_29' title="bbox 142 1324 923 1360; baseline -0.004 -7"><span class='ocrx_word' id='word_1_204' title='bbox 142 1327 211 1359; x_wconf 82' lang='grc' dir='ltr'><strong>λέξις</strong></span> <span class='ocrx_word' id='word_1_205' title='bbox 234 1327 383 1360; x_wconf 68' lang='grc' dir='ltr'>φάσκουσαι</span> <span class='ocrx_word' id='word_1_206' title='bbox 409 1327 456 1351; x_wconf 57' lang='grc' dir='ltr'><strong>Ὲην</strong></span> <span class='ocrx_word' id='word_1_207' title='bbox 476 1325 515 1357; x_wconf 81' lang='grc' dir='ltr'>τῷ</span> <span class='ocrx_word' id='word_1_208' title='bbox 538 1324 656 1359; x_wconf 75' lang='grc' dir='ltr'>Ἰσραὴλ</span> <span class='ocrx_word' id='word_1_209' title='bbox 677 1324 753 1358; x_wconf 77' lang='grc' dir='ltr'>μέγα</span> <span class='ocrx_word' id='word_1_210' title='bbox 776 1324 808 1351; x_wconf 84' lang='grc' dir='ltr'>τὸ</span> <span class='ocrx_word' id='word_1_211' title='bbox 831 1324 923 1358; x_wconf 71' lang='grc' dir='ltr'>ὄνομα</span> 
     </span>
    </p>
   </div>
   <div class='ocr_carea' id='block_1_30' title="bbox 141 1369 922 1407">
    <p class='ocr_par' dir='ltr' id='par_1_30' title="bbox 141 1369 922 1407">
     <span class='ocr_line' id='line_1_30' title="bbox 141 1369 922 1407; baseline -0.006 -7"><span class='ocrx_word' id='word_1_212' title='bbox 141 1372 243 1400; x_wconf 82' lang='grc' dir='ltr'>αὑτοῦ.</span> <span class='ocrx_word' id='word_1_213' title='bbox 262 1372 381 1407; x_wconf 83' lang='grc' dir='ltr'>Ἐλέγχει</span> <span class='ocrx_word' id='word_1_214' title='bbox 397 1371 426 1398; x_wconf 79' lang='grc' dir='ltr'><strong>δὲ</strong></span> <span class='ocrx_word' id='word_1_215' title='bbox 441 1371 484 1397; x_wconf 80' lang='grc' dir='ltr'><strong>τὸν</strong></span> <span class='ocrx_word' id='word_1_216' title='bbox 504 1370 628 1397; x_wconf 80' lang='grc' dir='ltr'>Ἰουδαῖον</span> <span class='ocrx_word' id='word_1_217' title='bbox 642 1371 690 1396; x_wconf 77' lang='grc' dir='ltr'><strong>οὐκ</strong></span> <span class='ocrx_word' id='word_1_218' title='bbox 710 1370 783 1402; x_wconf 79' lang='grc' dir='ltr'>ἄξιον</span> <span class='ocrx_word' id='word_1_219' title='bbox 799 1370 861 1396; x_wconf 69' lang='grc' dir='ltr'>ὄντα</span> <span class='ocrx_word' id='word_1_220' title='bbox 873 1369 922 1403; x_wconf 80' lang='grc' dir='ltr'>τῆς</span> 
     </span>
    </p>
   </div>
   <div class='ocr_carea' id='block_1_31' title="bbox 143 1415 922 1454">
    <p class='ocr_par' dir='ltr' id='par_1_31' title="bbox 143 1415 922 1454">
     <span class='ocr_line' id='line_1_31' title="bbox 143 1415 922 1454; baseline -0.006 -9"><span class='ocrx_word' id='word_1_221' title='bbox 143 1418 324 1454; x_wconf 76' lang='grc' dir='ltr'>προσηγορίας</span> <span class='ocrx_word' id='word_1_222' title='bbox 341 1417 386 1443; x_wconf 83' lang='grc' dir='ltr'>τοῦ</span> <span class='ocrx_word' id='word_1_223' title='bbox 406 1416 513 1452; x_wconf 79' lang='grc' dir='ltr'>Ἰσραὴλ</span> <span class='ocrx_word' id='word_1_224' title='bbox 536 1418 549 1444; x_wconf 74' lang='grc' dir='ltr'>ὁ</span> <span class='ocrx_word' id='word_1_225' title='bbox 572 1417 738 1452; x_wconf 78' lang='grc' dir='ltr'>προφητικὺς</span> <span class='ocrx_word' id='word_1_226' title='bbox 760 1416 836 1449; x_wconf 81' lang='grc' dir='ltr'>λόγος</span> <span class='ocrx_word' id='word_1_227' title='bbox 857 1415 922 1441; x_wconf 83' lang='grc' dir='ltr'><strong>ἀπο-</strong></span> 
     </span>
    </p>
   </div>
   <div class='ocr_carea' id='block_1_32' title="bbox 141 1462 923 1500">
    <p class='ocr_par' dir='ltr' id='par_1_32' title="bbox 141 1462 923 1500">
     <span class='ocr_line' id='line_1_32' title="bbox 141 1462 923 1500; baseline -0.008 -8"><span class='ocrx_word' id='word_1_228' title='bbox 141 1465 291 1500; x_wconf 78' lang='grc' dir='ltr'>τεινόμενος</span> <span class='ocrx_word' id='word_1_229' title='bbox 302 1464 369 1500; x_wconf 79' lang='grc' dir='ltr'>πρὸς</span> <span class='ocrx_word' id='word_1_230' title='bbox 380 1464 476 1495; x_wconf 76' lang='grc' dir='ltr'>αὐτοὺς</span> <span class='ocrx_word' id='word_1_231' title='bbox 488 1463 534 1490; x_wconf 69' lang='grc' dir='ltr'><strong>καὶ</strong></span> <span class='ocrx_word' id='word_1_232' title='bbox 544 1462 638 1497; x_wconf 80' lang='grc' dir='ltr'>λέγων·</span> <span class='ocrx_word' id='word_1_233' title='bbox 654 1462 724 1489; x_wconf 78' lang='grc' dir='ltr'><strong>οὐαὶ</strong></span> <span class='ocrx_word' id='word_1_234' title='bbox 738 1462 824 1494; x_wconf 76' lang='grc' dir='ltr'>ἔθνος</span> <span class='ocrx_word' id='word_1_235' title='bbox 836 1462 923 1495; x_wconf 78' lang='grc' dir='ltr'>ἀμαρ-</span> 
     </span>
    </p>
   </div>
   <div class='ocr_carea' id='block_1_33' title="bbox 141 1507 922 1543">
    <p class='ocr_par' dir='ltr' id='par_1_33' title="bbox 141 1507 922 1543">
     <span class='ocr_line' id='line_1_33' title="bbox 141 1507 922 1543; baseline -0.006 -6"><span class='ocrx_word' id='word_1_236' title='bbox 141 1509 246 1543; x_wconf 62' lang='grc' dir='ltr'>τωλὸν,</span> <span class='ocrx_word' id='word_1_237' title='bbox 267 1510 341 1542; x_wconf 71' lang='grc' dir='ltr'>,λαὸς</span> <span class='ocrx_word' id='word_1_238' title='bbox 360 1508 478 1543; x_wconf 74' lang='grc' dir='ltr'>πλήρης</span> <span class='ocrx_word' id='word_1_239' title='bbox 498 1507 653 1542; x_wconf 78' lang='grc' dir='ltr'>ἁμαρτιῶν·</span> <span class='ocrx_word' id='word_1_240' title='bbox 684 1507 740 1538; x_wconf 72' lang='grc' dir='ltr'>καὶ,</span> <span class='ocrx_word' id='word_1_241' title='bbox 767 1507 922 1533; x_wconf 77' lang='grc' dir='ltr'>Ἀκούσατε</span> 
     </span>
    </p>
   </div>
   <div class='ocr_carea' id='block_1_34' title="bbox 142 1550 923 1590">
    <p class='ocr_par' dir='ltr' id='par_1_34' title="bbox 142 1550 923 1590">
     <span class='ocr_line' id='line_1_34' title="bbox 142 1550 923 1590; baseline -0.006 -8"><span class='ocrx_word' id='word_1_242' title='bbox 142 1550 233 1590; x_wconf 65' lang='grc' dir='ltr'>λόγον</span> <span class='ocrx_word' id='word_1_243' title='bbox 250 1556 369 1589; x_wconf 66' lang='grc' dir='ltr'><strong>Κῑιριόυ.</strong></span> <span class='ocrx_word' id='word_1_244' title='bbox 384 1554 525 1589; x_wconf 77' lang='grc' dir='ltr'>ἄρχοντες</span> <span class='ocrx_word' id='word_1_245' title='bbox 540 1553 686 1587; x_wconf 81' lang='grc' dir='ltr'><strong>Σοδόμων’</strong></span> <span class='ocrx_word' id='word_1_246' title='bbox 701 1552 862 1587; x_wconf 79' lang='grc' dir='ltr'><strong>προσέχετε</strong></span> <span class='ocrx_word' id='word_1_247' title='bbox 874 1552 923 1577; x_wconf 80' lang='grc' dir='ltr'><strong>νό-</strong></span> 
     </span>
    </p>
   </div>
   <div class='ocr_carea' id='block_1_35' title="bbox 140 1597 921 1636">
    <p class='ocr_par' dir='ltr' id='par_1_35' title="bbox 140 1597 921 1636">
     <span class='ocr_line' id='line_1_35' title="bbox 140 1597 921 1636; baseline -0.005 -8"><span class='ocrx_word' id='word_1_248' title='bbox 140 1610 198 1636; x_wconf 81' lang='grc' dir='ltr'><strong>μον</strong></span> <span class='ocrx_word' id='word_1_249' title='bbox 213 1601 296 1632; x_wconf 84' lang='grc' dir='ltr'><strong>Θεοῦ,</strong></span> <span class='ocrx_word' id='word_1_250' title='bbox 320 1601 393 1633; x_wconf 78' lang='grc' dir='ltr'>λαὸς</span> <span class='ocrx_word' id='word_1_251' title='bbox 410 1600 573 1634; x_wconf 75' lang='grc' dir='ltr'>Γομόρῤας.</span> <span class='ocrx_word' id='word_1_252' title='bbox 593 1600 696 1634; x_wconf 81' lang='grc' dir='ltr'><strong>Ὥσπερ</strong></span> <span class='ocrx_word' id='word_1_253' title='bbox 718 1597 763 1625; x_wconf 75' lang='grc' dir='ltr'><strong>οὖν</strong></span> <span class='ocrx_word' id='word_1_254' title='bbox 781 1599 795 1625; x_wconf 83' lang='grc' dir='ltr'>ὁ</span> <span class='ocrx_word' id='word_1_255' title='bbox 812 1598 921 1632; x_wconf 64' lang='grc' dir='ltr'>φάσκων</span> 
     </span>
    </p>
   </div>
   <div class='ocr_carea' id='block_1_36' title="bbox 143 1644 922 1683">
    <p class='ocr_par' dir='ltr' id='par_1_36' title="bbox 143 1644 922 1683">
     <span class='ocr_line' id='line_1_36' title="bbox 143 1644 922 1683; baseline -0.004 -11"><span class='ocrx_word' id='word_1_256' title='bbox 143 1647 204 1683; x_wconf 77' lang='grc' dir='ltr'>περὶ</span> <span class='ocrx_word' id='word_1_257' title='bbox 219 1646 272 1672; x_wconf 84' lang='grc' dir='ltr'>τῶν</span> <span class='ocrx_word' id='word_1_258' title='bbox 284 1646 377 1672; x_wconf 69' lang='grc' dir='ltr'>ἐθνῶν·</span> <span class='ocrx_word' id='word_1_259' title='bbox 392 1646 462 1673; x_wconf 79' lang='grc' dir='ltr'>Διότι</span> <span class='ocrx_word' id='word_1_260' title='bbox 477 1646 523 1671; x_wconf 76' lang='grc' dir='ltr'><strong>ἀπ’</strong></span> <span class='ocrx_word' id='word_1_261' title='bbox 534 1645 668 1671; x_wconf 83' lang='grc' dir='ltr'>ἀνατολῶν</span> <span class='ocrx_word' id='word_1_262' title='bbox 687 1645 761 1679; x_wconf 82' lang='grc' dir='ltr'>ἡλίου</span> <span class='ocrx_word' id='word_1_263' title='bbox 784 1644 862 1679; x_wconf 77' lang='grc' dir='ltr'>μέχρι</span> <span class='ocrx_word' id='word_1_264' title='bbox 877 1644 922 1669; x_wconf 87' lang='grc' dir='ltr'>δυ-</span> 
     </span>
    </p>
   </div>
   <div class='ocr_carea' id='block_1_37' title="bbox 143 1689 922 1727">
    <p class='ocr_par' dir='ltr' id='par_1_37' title="bbox 143 1689 922 1727">
     <span class='ocr_line' id='line_1_37' title="bbox 143 1689 922 1727; baseline -0.004 -9"><span class='ocrx_word' id='word_1_265' title='bbox 143 1692 218 1727; x_wconf 83' lang='grc' dir='ltr'>σμῶν</span> <span class='ocrx_word' id='word_1_266' title='bbox 229 1692 382 1723; x_wconf 76' lang='grc' dir='ltr'><strong>δεδόξασται</strong></span> <span class='ocrx_word' id='word_1_267' title='bbox 398 1692 427 1718; x_wconf 82' lang='grc' dir='ltr'>τὸ</span> <span class='ocrx_word' id='word_1_268' title='bbox 441 1691 525 1726; x_wconf 75' lang='grc' dir='ltr'>ὅνομα</span> <span class='ocrx_word' id='word_1_269' title='bbox 541 1690 622 1717; x_wconf 74' lang='grc' dir='ltr'>αὑτοῦ</span> <span class='ocrx_word' id='word_1_270' title='bbox 641 1692 670 1716; x_wconf 75' lang='grc' dir='ltr'>ἐν</span> <span class='ocrx_word' id='word_1_271' title='bbox 688 1692 742 1721; x_wconf 80' lang='grc' dir='ltr'>τοῖς</span> <span class='ocrx_word' id='word_1_272' title='bbox 762 1690 859 1722; x_wconf 77' lang='grc' dir='ltr'>ἔθνεσι,</span> <span class='ocrx_word' id='word_1_273' title='bbox 875 1689 922 1716; x_wconf 81' lang='grc' dir='ltr'><strong>καὶ</strong></span> 
     </span>
    </p>
   </div>
   <div class='ocr_carea' id='block_1_38' title="bbox 141 1735 923 1770">
    <p class='ocr_par' dir='ltr' id='par_1_38' title="bbox 141 1735 923 1770">
     <span class='ocr_line' id='line_1_38' title="bbox 141 1735 923 1770; baseline -0.004 -7"><span class='ocrx_word' id='word_1_274' title='bbox 141 1737 176 1764; x_wconf 71' lang='grc' dir='ltr'>ἐν</span> <span class='ocrx_word' id='word_1_275' title='bbox 191 1737 279 1763; x_wconf 77' lang='grc' dir='ltr'>παντί</span> <span class='ocrx_word' id='word_1_276' title='bbox 296 1737 376 1769; x_wconf 81' lang='grc' dir='ltr'><strong>τόπῳ</strong></span> <span class='ocrx_word' id='word_1_277' title='bbox 391 1736 520 1770; x_wconf 76' lang='grc' dir='ltr'>θυμίαμα</span> <span class='ocrx_word' id='word_1_278' title='bbox 542 1735 721 1769; x_wconf 74' lang='grc' dir='ltr'><strong>προσάγεται</strong></span> <span class='ocrx_word' id='word_1_279' title='bbox 743 1735 782 1767; x_wconf 84' lang='grc' dir='ltr'>τῷ</span> <span class='ocrx_word' id='word_1_280' title='bbox 803 1735 923 1769; x_wconf 73' lang='grc' dir='ltr'>ὀνόματί</span> 
     </span>
    </p>
   </div>
   <div class='ocr_carea' id='block_1_39' title="bbox 139 1780 923 1818">
    <p class='ocr_par' dir='ltr' id='par_1_39' title="bbox 139 1780 923 1818">
     <span class='ocr_line' id='line_1_39' title="bbox 139 1780 923 1818; baseline -0.005 -8"><span class='ocrx_word' id='word_1_281' title='bbox 139 1791 208 1818; x_wconf 76' lang='grc' dir='ltr'>μου,</span> <span class='ocrx_word' id='word_1_282' title='bbox 228 1783 278 1809; x_wconf 75' lang='grc' dir='ltr'><strong>καὶ</strong></span> <span class='ocrx_word' id='word_1_283' title='bbox 296 1783 386 1809; x_wconf 80' lang='grc' dir='ltr'>θυσία</span> <span class='ocrx_word' id='word_1_284' title='bbox 407 1781 527 1816; x_wconf 77' lang='grc' dir='ltr'>καθαρά·</span> <span class='ocrx_word' id='word_1_285' title='bbox 549 1782 595 1808; x_wconf 74' lang='grc' dir='ltr'>καὶ</span> <span class='ocrx_word' id='word_1_286' title='bbox 611 1782 699 1808; x_wconf 79' lang='grc' dir='ltr'>πάλιν·</span> <span class='ocrx_word' id='word_1_287' title='bbox 715 1782 790 1807; x_wconf 79' lang='grc' dir='ltr'>Διότι</span> <span class='ocrx_word' id='word_1_288' title='bbox 800 1780 876 1815; x_wconf 82' lang='grc' dir='ltr'>μέγα</span> <span class='ocrx_word' id='word_1_289' title='bbox 891 1780 923 1807; x_wconf 85' lang='grc' dir='ltr'>τὸ</span> 
     </span>
    </p>
   </div>
   <div class='ocr_carea' id='block_1_40' title="bbox 143 1827 924 1864">
    <p class='ocr_par' dir='ltr' id='par_1_40' title="bbox 143 1827 924 1864">
     <span class='ocr_line' id='line_1_40' title="bbox 143 1827 924 1864; baseline -0.005 -8"><span class='ocrx_word' id='word_1_290' title='bbox 143 1828 234 1864; x_wconf 75' lang='grc' dir='ltr'>ὄνομά</span> <span class='ocrx_word' id='word_1_291' title='bbox 249 1838 307 1863; x_wconf 78' lang='grc' dir='ltr'>μου</span> <span class='ocrx_word' id='word_1_292' title='bbox 323 1829 356 1855; x_wconf 88' lang='grc' dir='ltr'>ἐν</span> <span class='ocrx_word' id='word_1_293' title='bbox 372 1828 434 1861; x_wconf 81' lang='grc' dir='ltr'>τοῖς</span> <span class='ocrx_word' id='word_1_294' title='bbox 451 1829 561 1859; x_wconf 80' lang='grc' dir='ltr'><strong>ἔθνεσι,</strong></span> <span class='ocrx_word' id='word_1_295' title='bbox 579 1827 671 1861; x_wconf 74' lang='grc' dir='ltr'>σαφῶς</span> <span class='ocrx_word' id='word_1_296' title='bbox 686 1827 830 1862; x_wconf 81' lang='grc' dir='ltr'>παρίστησι</span> <span class='ocrx_word' id='word_1_297' title='bbox 847 1827 924 1852; x_wconf 76' lang='grc' dir='ltr'>δύνα-</span> 
     </span>
    </p>
   </div>
   <div class='ocr_carea' id='block_1_41' title="bbox 142 1872 923 1910">
    <p class='ocr_par' dir='ltr' id='par_1_41' title="bbox 142 1872 923 1910">
     <span class='ocr_line' id='line_1_41' title="bbox 142 1872 923 1910; baseline -0.005 -8"><span class='ocrx_word' id='word_1_298' title='bbox 142 1876 202 1903; x_wconf 84' lang='grc' dir='ltr'>σθαι</span> <span class='ocrx_word' id='word_1_299' title='bbox 216 1875 252 1901; x_wconf 78' lang='grc' dir='ltr'>τὰ</span> <span class='ocrx_word' id='word_1_300' title='bbox 263 1875 323 1910; x_wconf 65' lang='grc' dir='ltr'>ἔθνη</span> <span class='ocrx_word' id='word_1_301' title='bbox 339 1873 407 1901; x_wconf 79' lang='grc' dir='ltr'>εἶναι</span> <span class='ocrx_word' id='word_1_302' title='bbox 417 1874 461 1900; x_wconf 75' lang='grc' dir='ltr'><strong>τον</strong></span> <span class='ocrx_word' id='word_1_303' title='bbox 481 1873 596 1909; x_wconf 80' lang='grc' dir='ltr'>Ἰσραὴλ,</span> <span class='ocrx_word' id='word_1_304' title='bbox 614 1873 691 1908; x_wconf 79' lang='grc' dir='ltr'><em>εἴπερ</em></span> <span class='ocrx_word' id='word_1_305' title='bbox 704 1873 738 1899; x_wconf 82' lang='grc' dir='ltr'>ἐν</span> <span class='ocrx_word' id='word_1_306' title='bbox 750 1872 787 1904; x_wconf 83' lang='grc' dir='ltr'>τῷ</span> <span class='ocrx_word' id='word_1_307' title='bbox 805 1872 923 1906; x_wconf 67' lang='grc' dir='ltr'>Ἰσραὴλ</span> 
     </span>
    </p>
   </div>
   <div class='ocr_carea' id='block_1_42' title="bbox 139 1918 924 1956">
    <p class='ocr_par' dir='ltr' id='par_1_42' title="bbox 139 1918 924 1956">
     <span class='ocr_line' id='line_1_42' title="bbox 139 1918 924 1956; baseline -0.005 -9"><span class='ocrx_word' id='word_1_308' title='bbox 139 1920 215 1956; x_wconf 76' lang='grc' dir='ltr'>μέγα</span> <span class='ocrx_word' id='word_1_309' title='bbox 229 1920 262 1947; x_wconf 84' lang='grc' dir='ltr'>τὸ</span> <span class='ocrx_word' id='word_1_310' title='bbox 276 1920 368 1954; x_wconf 79' lang='grc' dir='ltr'>ὄνομα</span> <span class='ocrx_word' id='word_1_311' title='bbox 379 1919 481 1946; x_wconf 75' lang='grc' dir='ltr'>αὑτοῦ.</span> <span class='ocrx_word' id='word_1_312' title='bbox 495 1920 549 1946; x_wconf 72' lang='grc' dir='ltr'><strong>Καὶ</strong></span> <span class='ocrx_word' id='word_1_313' title='bbox 565 1919 631 1954; x_wconf 82' lang='grc' dir='ltr'>πρὸς</span> <span class='ocrx_word' id='word_1_314' title='bbox 645 1918 693 1953; x_wconf 78' lang='grc' dir='ltr'>μὲν</span> <span class='ocrx_word' id='word_1_315' title='bbox 713 1918 854 1949; x_wconf 78' lang='grc' dir='ltr'>Ἰουδαίους</span> <span class='ocrx_word' id='word_1_316' title='bbox 868 1918 924 1943; x_wconf 77' lang='grc' dir='ltr'><strong>ἑλέ-</strong></span> 
     </span>
    </p>
   </div>
   <div class='ocr_carea' id='block_1_43' title="bbox 141 1963 924 2000">
    <p class='ocr_par' dir='ltr' id='par_1_43' title="bbox 141 1963 924 2000">
     <span class='ocr_line' id='line_1_43' title="bbox 141 1963 924 2000; baseline -0.006 -7"><span class='ocrx_word' id='word_1_317' title='bbox 141 1974 211 2000; x_wconf 78' lang='grc' dir='ltr'>γετο·</span> <span class='ocrx_word' id='word_1_318' title='bbox 221 1965 312 2000; x_wconf 83' lang='grc' dir='ltr'><em>Ὑμεῖς</em></span> <span class='ocrx_word' id='word_1_319' title='bbox 318 1964 520 1998; x_wconf 62' lang='grc' dir='ltr'><strong>ὃὲβεϐηλοῦτε</strong></span> <span class='ocrx_word' id='word_1_320' title='bbox 525 1965 608 1996; x_wconf 82' lang='grc' dir='ltr'>αὐτὸ,</span> <span class='ocrx_word' id='word_1_321' title='bbox 618 1964 695 1999; x_wconf 82' lang='grc' dir='ltr'>δῆλον</span> <span class='ocrx_word' id='word_1_322' title='bbox 704 1964 726 1990; x_wconf 80' lang='grc' dir='ltr'><strong>δ’</strong></span> <span class='ocrx_word' id='word_1_323' title='bbox 740 1964 780 1989; x_wconf 84' lang='grc' dir='ltr'>ὃτι</span> <span class='ocrx_word' id='word_1_324' title='bbox 788 1964 817 1989; x_wconf 78' lang='grc' dir='ltr'>τὸ</span> <span class='ocrx_word' id='word_1_325' title='bbox 840 1963 924 1997; x_wconf 73' lang='grc' dir='ltr'>ὄνομα.</span> 
     </span>
    </p>
   </div>
   <div class='ocr_carea' id='block_1_44' title="bbox 141 2009 924 2047">
    <p class='ocr_par' dir='ltr' id='par_1_44' title="bbox 141 2009 924 2047">
     <span class='ocr_line' id='line_1_44' title="bbox 141 2009 924 2047; baseline -0.005 -7"><span class='ocrx_word' id='word_1_326' title='bbox 141 2013 186 2040; x_wconf 76' lang='grc' dir='ltr'><strong>τοῦ</strong></span> <span class='ocrx_word' id='word_1_327' title='bbox 200 2012 278 2040; x_wconf 79' lang='grc' dir='ltr'><strong>Θεοῦ.</strong></span> <span class='ocrx_word' id='word_1_328' title='bbox 296 2013 350 2039; x_wconf 86' lang='grc' dir='ltr'><strong>Καὶ</strong></span> <span class='ocrx_word' id='word_1_329' title='bbox 366 2011 441 2043; x_wconf 81' lang='grc' dir='ltr'>αὖθις</span> <span class='ocrx_word' id='word_1_330' title='bbox 460 2012 565 2047; x_wconf 79' lang='grc' dir='ltr'>εἴρηται</span> <span class='ocrx_word' id='word_1_331' title='bbox 587 2010 655 2046; x_wconf 75' lang='grc' dir='ltr'>πρὸς</span> <span class='ocrx_word' id='word_1_332' title='bbox 671 2010 778 2042; x_wconf 78' lang='grc' dir='ltr'>αὐτούς’</span> <span class='ocrx_word' id='word_1_333' title='bbox 795 2011 834 2036; x_wconf 84' lang='grc' dir='ltr'><strong>Δι’</strong></span> <span class='ocrx_word' id='word_1_334' title='bbox 847 2009 924 2044; x_wconf 81' lang='grc' dir='ltr'>ὑμᾶς</span> 
     </span>
    </p>
   </div>
   <div class='ocr_carea' id='block_1_45' title="bbox 141 2055 924 2093">
    <p class='ocr_par' dir='ltr' id='par_1_45' title="bbox 141 2055 924 2093">
     <span class='ocr_line' id='line_1_45' title="bbox 141 2055 924 2093; baseline -0.009 -6"><span class='ocrx_word' id='word_1_335' title='bbox 141 2058 304 2092; x_wconf 71' lang='grc' dir='ltr'>διαπαντὸς</span> <span class='ocrx_word' id='word_1_336' title='bbox 322 2059 354 2086; x_wconf 86' lang='grc' dir='ltr'>τὸ</span> <span class='ocrx_word' id='word_1_337' title='bbox 377 2057 470 2093; x_wconf 76' lang='grc' dir='ltr'><strong>ὄνομά</strong></span> <span class='ocrx_word' id='word_1_338' title='bbox 491 2066 550 2092; x_wconf 80' lang='grc' dir='ltr'><strong>μου</strong></span> <span class='ocrx_word' id='word_1_339' title='bbox 571 2056 795 2091; x_wconf 66' lang='grc' dir='ltr'><strong>βλασφημεῖται</strong></span> <span class='ocrx_word' id='word_1_340' title='bbox 813 2056 847 2081; x_wconf 82' lang='grc' dir='ltr'>ἐν</span> <span class='ocrx_word' id='word_1_341' title='bbox 862 2055 924 2087; x_wconf 72' lang='grc' dir='ltr'>τοῖς</span> 
     </span>
    </p>
   </div>
   <div class='ocr_carea' id='block_1_46' title="bbox 142 2101 924 2139">
    <p class='ocr_par' dir='ltr' id='par_1_46' title="bbox 142 2101 924 2139">
     <span class='ocr_line' id='line_1_46' title="bbox 142 2101 924 2139; baseline -0.009 -6"><span class='ocrx_word' id='word_1_342' title='bbox 142 2105 270 2132; x_wconf 68' lang='grc' dir='ltr'><strong>ἔθνεσιν.</strong></span> <span class='ocrx_word' id='word_1_343' title='bbox 293 2105 324 2132; x_wconf 78' lang='grc' dir='ltr'><strong>Εἰ</strong></span> <span class='ocrx_word' id='word_1_344' title='bbox 343 2104 430 2131; x_wconf 78' lang='grc' dir='ltr'>τοίνυν</span> <span class='ocrx_word' id='word_1_345' title='bbox 449 2105 465 2139; x_wconf 83' lang='grc' dir='ltr'>ἡ</span> <span class='ocrx_word' id='word_1_346' title='bbox 485 2103 552 2138; x_wconf 80' lang='grc' dir='ltr'>μετὰ</span> <span class='ocrx_word' id='word_1_347' title='bbox 575 2105 668 2138; x_wconf 82' lang='grc' dir='ltr'>χεῖρας</span> <span class='ocrx_word' id='word_1_348' title='bbox 687 2102 781 2137; x_wconf 74' lang='grc' dir='ltr'>Γραφὴ</span> <span class='ocrx_word' id='word_1_349' title='bbox 806 2101 924 2127; x_wconf 70' lang='grc' dir='ltr'><strong>διδάσκει</strong></span> 
     </span>
    </p>
   </div>
   <div class='ocr_carea' id='block_1_47' title="bbox 142 2144 924 2184">
    <p class='ocr_par' dir='ltr' id='par_1_47' title="bbox 142 2144 924 2184">
     <span class='ocr_line' id='line_1_47' title="bbox 142 2144 924 2184; baseline -0.008 -7"><span class='ocrx_word' id='word_1_350' title='bbox 142 2152 243 2178; x_wconf 65' lang='grc' dir='ltr'>ἐκεῖνον</span> <span class='ocrx_word' id='word_1_351' title='bbox 257 2148 325 2176; x_wconf 82' lang='grc' dir='ltr'>εἶναι</span> <span class='ocrx_word' id='word_1_352' title='bbox 339 2150 383 2176; x_wconf 73' lang='grc' dir='ltr'><strong>τὸν</strong></span> <span class='ocrx_word' id='word_1_353' title='bbox 406 2149 522 2184; x_wconf 81' lang='grc' dir='ltr'>Ἰσραὴλ,</span> <span class='ocrx_word' id='word_1_354' title='bbox 540 2149 603 2183; x_wconf 76' lang='grc' dir='ltr'>παρ’</span> <span class='ocrx_word' id='word_1_355' title='bbox 616 2144 638 2181; x_wconf 85' lang='grc' dir='ltr'>ᾧ</span> <span class='ocrx_word' id='word_1_356' title='bbox 653 2148 682 2173; x_wconf 82' lang='grc' dir='ltr'>τὸ</span> <span class='ocrx_word' id='word_1_357' title='bbox 700 2147 746 2173; x_wconf 82' lang='grc' dir='ltr'>τοῦ</span> <span class='ocrx_word' id='word_1_358' title='bbox 763 2146 830 2173; x_wconf 78' lang='grc' dir='ltr'><em>Θεοῦ</em></span> <span class='ocrx_word' id='word_1_359' title='bbox 847 2146 924 2177; x_wconf 80' lang='grc' dir='ltr'><strong>δοξά-</strong></span> 
     </span>
    </p>
   </div>
   <div class='ocr_carea' id='block_1_48' title="bbox 143 2193 924 2232">
    <p class='ocr_par' dir='ltr' id='par_1_48' title="bbox 143 2193 924 2232">
     <span class='ocr_line' id='line_1_48' title="bbox 143 2193 924 2232; baseline -0.008 -8"><span class='ocrx_word' id='word_1_360' title='bbox 143 2197 217 2230; x_wconf 79' lang='grc' dir='ltr'>ζεται</span> <span class='ocrx_word' id='word_1_361' title='bbox 230 2197 326 2232; x_wconf 71' lang='grc' dir='ltr'>ὄνομα,</span> <span class='ocrx_word' id='word_1_362' title='bbox 342 2197 374 2222; x_wconf 79' lang='grc' dir='ltr'><strong>ἐκ</strong></span> <span class='ocrx_word' id='word_1_363' title='bbox 389 2196 442 2222; x_wconf 83' lang='grc' dir='ltr'>τῶν</span> <span class='ocrx_word' id='word_1_364' title='bbox 457 2195 606 2230; x_wconf 76' lang='grc' dir='ltr'><strong>εἰρημένων</strong></span> <span class='ocrx_word' id='word_1_365' title='bbox 619 2194 714 2228; x_wconf 80' lang='grc' dir='ltr'>γένοιτ’</span> <span class='ocrx_word' id='word_1_366' title='bbox 727 2194 760 2220; x_wconf 85' lang='grc' dir='ltr'>ἂν</span> <span class='ocrx_word' id='word_1_367' title='bbox 777 2193 924 2228; x_wconf 78' lang='grc' dir='ltr'>κατάδηλος</span> 
     </span>
    </p>
   </div>
   <div class='ocr_carea' id='block_1_49' title="bbox 141 2239 924 2278">
    <p class='ocr_par' dir='ltr' id='par_1_49' title="bbox 141 2239 924 2278">
     <span class='ocr_line' id='line_1_49' title="bbox 141 2239 924 2278; baseline -0.008 -8"><span class='ocrx_word' id='word_1_368' title='bbox 141 2243 156 2270; x_wconf 81' lang='grc' dir='ltr'><strong>ὸ</strong></span> <span class='ocrx_word' id='word_1_369' title='bbox 175 2242 290 2278; x_wconf 79' lang='grc' dir='ltr'>ὀφείλων</span> <span class='ocrx_word' id='word_1_370' title='bbox 314 2241 438 2276; x_wconf 79' lang='grc' dir='ltr'>λέγεσθαι</span> <span class='ocrx_word' id='word_1_371' title='bbox 455 2240 554 2276; x_wconf 77' lang='grc' dir='ltr'>κυρίως</span> <span class='ocrx_word' id='word_1_372' title='bbox 582 2239 696 2274; x_wconf 83' lang='grc' dir='ltr'>Ἰσραήλ.</span> <span class='ocrx_word' id='word_1_373' title='bbox 729 2239 878 2272; x_wconf 77' lang='grc' dir='ltr'>Ἀναλόγως</span> <span class='ocrx_word' id='word_1_374' title='bbox 896 2239 924 2264; x_wconf 85' lang='grc' dir='ltr'><strong>δὲ</strong></span> 
     </span>
    </p>
   </div>
   <div class='ocr_carea' id='block_1_50' title="bbox 142 2284 922 2324">
    <p class='ocr_par' dir='ltr' id='par_1_50' title="bbox 142 2284 922 2324">
     <span class='ocr_line' id='line_1_50' title="bbox 142 2284 922 2324; baseline -0.009 -9"><span class='ocrx_word' id='word_1_375' title='bbox 142 2288 228 2324; x_wconf 80' lang='grc' dir='ltr'>τούτῳ</span> <span class='ocrx_word' id='word_1_376' title='bbox 244 2288 349 2323; x_wconf 83' lang='grc' dir='ltr'>νοήσεις</span> <span class='ocrx_word' id='word_1_377' title='bbox 363 2288 408 2313; x_wconf 74' lang='grc' dir='ltr'>καὶ</span> <span class='ocrx_word' id='word_1_378' title='bbox 421 2286 470 2322; x_wconf 85' lang='grc' dir='ltr'>τὴν</span> <span class='ocrx_word' id='word_1_379' title='bbox 493 2285 632 2312; x_wconf 69' lang='grc' dir='ltr'><strong>Ἰουδαίαν⁵</strong></span> <span class='ocrx_word' id='word_1_380' title='bbox 654 2284 716 2310; x_wconf 75' lang='grc' dir='ltr'>ἔνθα</span> <span class='ocrx_word' id='word_1_381' title='bbox 736 2284 789 2319; x_wconf 77' lang='grc' dir='ltr'><strong>γάρ</strong></span> <span class='ocrx_word' id='word_1_382' title='bbox 812 2285 885 2310; x_wconf 79' lang='grc' dir='ltr'>ἐστιν</span> <span class='ocrx_word' id='word_1_383' title='bbox 907 2285 922 2319; x_wconf 85' lang='grc' dir='ltr'>ἡ</span> 
     </span>
    </p>
   </div>
   <div class='ocr_carea' id='block_1_51' title="bbox 143 2329 924 2369">
    <p class='ocr_par' dir='ltr' id='par_1_51' title="bbox 143 2329 924 2369">
     <span class='ocr_line' id='line_1_51' title="bbox 143 2329 924 2369; baseline -0.009 -8"><span class='ocrx_word' id='word_1_384' title='bbox 143 2334 241 2369; x_wconf 72' lang='grc' dir='ltr'>γνῶσις</span> <span class='ocrx_word' id='word_1_385' title='bbox 253 2332 300 2360; x_wconf 81' lang='grc' dir='ltr'>τοῦ</span> <span class='ocrx_word' id='word_1_386' title='bbox 318 2332 394 2366; x_wconf 76' lang='grc' dir='ltr'><em>Θεοῦ,</em></span> <span class='ocrx_word' id='word_1_387' title='bbox 410 2332 478 2367; x_wconf 83' lang='grc' dir='ltr'>αὓτη</span> <span class='ocrx_word' id='word_1_388' title='bbox 497 2331 569 2357; x_wconf 76' lang='grc' dir='ltr'>ἐστὶν</span> <span class='ocrx_word' id='word_1_389' title='bbox 582 2333 598 2366; x_wconf 80' lang='grc' dir='ltr'>ἡ</span> <span class='ocrx_word' id='word_1_390' title='bbox 622 2329 745 2356; x_wconf 82' lang='grc' dir='ltr'>Ἰουδαία.</span> <span class='ocrx_word' id='word_1_391' title='bbox 762 2329 845 2355; x_wconf 83' lang='grc' dir='ltr'>Τοῦτο</span> <span class='ocrx_word' id='word_1_392' title='bbox 860 2329 924 2363; x_wconf 73' lang='grc' dir='ltr'>γοῦν</span> 
     </span>
    </p>
   </div>
   <div class='ocr_carea' id='block_1_52' title="bbox 142 2374 926 2416">
    <p class='ocr_par' dir='ltr' id='par_1_52' title="bbox 142 2374 926 2416">
     <span class='ocr_line' id='line_1_52' title="bbox 142 2374 926 2416; baseline -0.009 -9"><span class='ocrx_word' id='word_1_393' title='bbox 142 2380 160 2416; x_wconf 78' lang='grc' dir='ltr'>ἡ</span> <span class='ocrx_word' id='word_1_394' title='bbox 178 2380 197 2406; x_wconf 87' lang='grc' dir='ltr'><strong>Γ</strong></span> <span class='ocrx_word' id='word_1_395' title='bbox 199 2379 274 2416; x_wconf 80' lang='grc' dir='ltr'>ραφὴ</span> <span class='ocrx_word' id='word_1_396' title='bbox 293 2379 440 2414; x_wconf 84' lang='grc' dir='ltr'>παρίστησι</span> <span class='ocrx_word' id='word_1_397' title='bbox 457 2378 580 2411; x_wconf 77' lang='grc' dir='ltr'>λέγουσα·</span> <span class='ocrx_word' id='word_1_398' title='bbox 596 2375 736 2407; x_wconf 83' lang='grc' dir='ltr'>Γ-νωστὸς</span> <span class='ocrx_word' id='word_1_399' title='bbox 750 2375 784 2400; x_wconf 86' lang='grc' dir='ltr'>ἐν</span> <span class='ocrx_word' id='word_1_400' title='bbox 800 2374 836 2408; x_wconf 73' lang='grc' dir='ltr'>τῇ</span> <span class='ocrx_word' id='word_1_401' title='bbox 858 2375 926 2401; x_wconf 85' lang='grc' dir='ltr'>Ἰου-</span> 
     </span>
    </p>
   </div>
   <div class='ocr_carea' id='block_1_53' title="bbox 142 2421 924 2461">
    <p class='ocr_par' dir='ltr' id='par_1_53' title="bbox 142 2421 924 2461">
     <span class='ocr_line' id='line_1_53' title="bbox 142 2421 924 2461; baseline -0.012 -7"><span class='ocrx_word' id='word_1_402' title='bbox 142 2426 210 2461; x_wconf 73' lang='grc' dir='ltr'>δαίᾳ</span> <span class='ocrx_word' id='word_1_403' title='bbox 223 2427 240 2453; x_wconf 81' lang='grc' dir='ltr'><em>ὁ</em></span> <span class='ocrx_word' id='word_1_404' title='bbox 257 2426 337 2458; x_wconf 80' lang='grc' dir='ltr'><strong>Θεός.</strong></span> <span class='ocrx_word' id='word_1_405' title='bbox 354 2425 385 2451; x_wconf 84' lang='lat' dir='ltr'><strong>Ei.</strong></span> <span class='ocrx_word' id='word_1_406' title='bbox 399 2424 427 2450; x_wconf 78' lang='grc' dir='ltr'><strong>δὲ</strong></span> <span class='ocrx_word' id='word_1_407' title='bbox 444 2424 480 2459; x_wconf 83' lang='grc' dir='ltr'>μὴ</span> <span class='ocrx_word' id='word_1_408' title='bbox 493 2424 522 2450; x_wconf 75' lang='grc' dir='ltr'><strong>τὸ</strong></span> <span class='ocrx_word' id='word_1_409' title='bbox 534 2423 648 2458; x_wconf 77' lang='grc' dir='ltr'>πρᾶγμα</span> <span class='ocrx_word' id='word_1_410' title='bbox 663 2421 708 2447; x_wconf 75' lang='grc' dir='ltr'><strong>ἐπὶ</strong></span> <span class='ocrx_word' id='word_1_411' title='bbox 720 2422 768 2456; x_wconf 75' lang='grc' dir='ltr'>τῆς</span> <span class='ocrx_word' id='word_1_412' title='bbox 788 2421 924 2452; x_wconf 79' lang='grc' dir='ltr'>Ἰουδαίας,</span> 
     </span>
    </p>
   </div>
   <div class='ocr_carea' id='block_1_54' title="bbox 142 2466 924 2506">
    <p class='ocr_par' dir='ltr' id='par_1_54' title="bbox 142 2466 924 2506">
     <span class='ocr_line' id='line_1_54' title="bbox 142 2466 924 2506; baseline -0.01 -7"><span class='ocrx_word' id='word_1_413' title='bbox 142 2471 213 2506; x_wconf 69' lang='grc' dir='ltr'><strong>λέγω</strong></span> <span class='ocrx_word' id='word_1_414' title='bbox 222 2471 250 2498; x_wconf 79' lang='grc' dir='ltr'><strong>δὲ</strong></span> <span class='ocrx_word' id='word_1_415' title='bbox 259 2471 308 2506; x_wconf 77' lang='grc' dir='ltr'>τῆς</span> <span class='ocrx_word' id='word_1_416' title='bbox 320 2470 503 2497; x_wconf 80' lang='grc' dir='ltr'>Παλαιστίνων</span> <span class='ocrx_word' id='word_1_417' title='bbox 516 2468 605 2504; x_wconf 84' lang='grc' dir='ltr'>χώρας</span> <span class='ocrx_word' id='word_1_418' title='bbox 619 2467 779 2502; x_wconf 79' lang='grc' dir='ltr'>εὑρίσκοιτο,</span> <span class='ocrx_word' id='word_1_419' title='bbox 796 2466 924 2500; x_wconf 81' lang='grc' dir='ltr'>πλείστης</span> 
     </span>
    </p>
   </div>
   <div class='ocr_carea' id='block_1_55' title="bbox 143 2512 925 2553">
    <p class='ocr_par' dir='ltr' id='par_1_55' title="bbox 143 2512 925 2553">
     <span class='ocr_line' id='line_1_55' title="bbox 143 2512 925 2553; baseline -0.009 -9"><span class='ocrx_word' id='word_1_420' title='bbox 143 2517 225 2553; x_wconf 74' lang='grc' dir='ltr'>οὔσης</span> <span class='ocrx_word' id='word_1_421' title='bbox 239 2516 455 2551; x_wconf 82' lang='grc' dir='ltr'>εἰδωλολατρείας</span> <span class='ocrx_word' id='word_1_422' title='bbox 468 2516 496 2541; x_wconf 82' lang='grc' dir='ltr'>ὲν</span> <span class='ocrx_word' id='word_1_423' title='bbox 510 2515 576 2550; x_wconf 81' lang='grc' dir='ltr'><strong>αὺτῇ</strong></span> <span class='ocrx_word' id='word_1_424' title='bbox 590 2514 747 2549; x_wconf 80' lang='grc' dir='ltr'>γενομένης,</span> <span class='ocrx_word' id='word_1_425' title='bbox 759 2512 847 2539; x_wconf 80' lang='grc' dir='ltr'>αὐτῶν</span> <span class='ocrx_word' id='word_1_426' title='bbox 864 2513 925 2538; x_wconf 84' lang='grc' dir='ltr'>Ἰου-</span> 
     </span>
    </p>
   </div>
   <div class='ocr_carea' id='block_1_56' title="bbox 145 2558 926 2597">
    <p class='ocr_par' dir='ltr' id='par_1_56' title="bbox 145 2558 926 2597">
     <span class='ocr_line' id='line_1_56' title="bbox 145 2558 926 2597; baseline -0.01 -6"><span class='ocrx_word' id='word_1_427' title='bbox 145 2564 225 2591; x_wconf 79' lang='grc' dir='ltr'>δαίων</span> <span class='ocrx_word' id='word_1_428' title='bbox 239 2563 270 2590; x_wconf 69' lang='grc' dir='ltr'>τὸ</span> <span class='ocrx_word' id='word_1_429' title='bbox 282 2563 391 2589; x_wconf 79' lang='grc' dir='ltr'>παλαιὸν</span> <span class='ocrx_word' id='word_1_430' title='bbox 404 2560 677 2597; x_wconf 85' lang='grc' dir='ltr'>είδωλολατρευόντων</span> <span class='ocrx_word' id='word_1_431' title='bbox 689 2560 716 2585; x_wconf 79' lang='grc' dir='ltr'>ἐν</span> <span class='ocrx_word' id='word_1_432' title='bbox 728 2559 807 2593; x_wconf 76' lang='grc' dir='ltr'>αὐτῇ,</span> <span class='ocrx_word' id='word_1_433' title='bbox 818 2558 855 2588; x_wconf 78' lang='grc' dir='ltr'>ὡς</span> <span class='ocrx_word' id='word_1_434' title='bbox 865 2558 926 2588; x_wconf 72' lang='grc' dir='ltr'>τοὺς</span> 
     </span>
    </p>
   </div>
   <div class='ocr_carea' id='block_1_57' title="bbox 145 2603 928 2646">
    <p class='ocr_par' dir='ltr' id='par_1_57' title="bbox 145 2603 928 2646">
     <span class='ocr_line' id='line_1_57' title="bbox 145 2603 928 2646; baseline -0.011 -9"><span class='ocrx_word' id='word_1_435' title='bbox 145 2611 287 2646; x_wconf 76' lang='grc' dir='ltr'>προφήτας</span> <span class='ocrx_word' id='word_1_436' title='bbox 305 2608 464 2643; x_wconf 82' lang='grc' dir='ltr'><strong>ἀπελέγχειν</strong></span> <span class='ocrx_word' id='word_1_437' title='bbox 487 2608 583 2639; x_wconf 72' lang='grc' dir='ltr'>αὐτοὺς</span> <span class='ocrx_word' id='word_1_438' title='bbox 601 2606 648 2632; x_wconf 78' lang='grc' dir='ltr'><strong>καὶ</strong></span> <span class='ocrx_word' id='word_1_439' title='bbox 667 2606 767 2639; x_wconf 78' lang='grc' dir='ltr'>λέγειν·</span> <span class='ocrx_word' id='word_1_440' title='bbox 780 2603 860 2630; x_wconf 78' lang='grc' dir='ltr'>Κατὰ</span> <span class='ocrx_word' id='word_1_441' title='bbox 873 2603 928 2637; x_wconf 71' lang='grc' dir='ltr'><strong>γὰρ</strong></span> 
     </span>
    </p>
   </div>
   <div class='ocr_carea' id='block_1_58' title="bbox 145 2648 927 2690">
    <p class='ocr_par' dir='ltr' id='par_1_58' title="bbox 145 2648 927 2690">
     <span class='ocr_line' id='line_1_58' title="bbox 145 2648 927 2690; baseline -0.01 -8"><span class='ocrx_word' id='word_1_442' title='bbox 145 2656 197 2682; x_wconf 71' lang='grc' dir='ltr'><strong>τὸν</strong></span> <span class='ocrx_word' id='word_1_443' title='bbox 208 2654 332 2690; x_wconf 78' lang='grc' dir='ltr'>ἀριθμὸν</span> <span class='ocrx_word' id='word_1_444' title='bbox 347 2653 405 2680; x_wconf 87' lang='grc' dir='ltr'><strong>τῶν</strong></span> <span class='ocrx_word' id='word_1_445' title='bbox 418 2652 535 2680; x_wconf 77' lang='grc' dir='ltr'><strong>πόλεών</strong></span> <span class='ocrx_word' id='word_1_446' title='bbox 549 2660 607 2678; x_wconf 82' lang='grc' dir='ltr'>σου</span> <span class='ocrx_word' id='word_1_447' title='bbox 619 2650 700 2685; x_wconf 81' lang='grc' dir='ltr'>ἦσαν</span> <span class='ocrx_word' id='word_1_448' title='bbox 711 2650 771 2677; x_wconf 82' lang='grc' dir='ltr'><em>θεοί</em></span> <span class='ocrx_word' id='word_1_449' title='bbox 783 2657 840 2675; x_wconf 80' lang='grc' dir='ltr'>σου</span> <span class='ocrx_word' id='word_1_450' title='bbox 861 2649 890 2674; x_wconf 76' lang='lat' dir='ltr'><strong>‘It</strong></span> <span class='ocrx_word' id='word_1_451' title='bbox 897 2648 927 2674; x_wconf 84' lang='grc' dir='ltr'><strong>ύ-</strong></span> 
     </span>
    </p>
   </div>
   <div class='ocr_carea' id='block_1_59' title="bbox 145 2695 927 2734">
    <p class='ocr_par' dir='ltr' id='par_1_59' title="bbox 145 2695 927 2734">
     <span class='ocr_line' id='line_1_59' title="bbox 145 2695 927 2734; baseline -0.01 -6"><span class='ocrx_word' id='word_1_452' title='bbox 145 2701 191 2734; x_wconf 78' lang='grc' dir='ltr'><strong>δσ,</strong></span> <span class='ocrx_word' id='word_1_453' title='bbox 203 2701 252 2728; x_wconf 77' lang='grc' dir='ltr'><strong>καὶ</strong></span> <span class='ocrx_word' id='word_1_454' title='bbox 267 2700 340 2727; x_wconf 82' lang='grc' dir='ltr'>κατὰ</span> <span class='ocrx_word' id='word_1_455' title='bbox 350 2699 470 2734; x_wconf 79' lang='grc' dir='ltr'>ἀριθμὸν</span> <span class='ocrx_word' id='word_1_456' title='bbox 480 2698 618 2733; x_wconf 59' lang='grc' dir='ltr'><strong>ἀμφόδων</strong></span> <span class='ocrx_word' id='word_1_457' title='bbox 634 2695 825 2731; x_wconf 68' lang='grc' dir='ltr'>Ἰερουσαλὴμ</span> <span class='ocrx_word' id='word_1_458' title='bbox 837 2695 927 2721; x_wconf 53' lang='grc' dir='ltr'><strong>ἔθιμον</strong></span> 
     </span>
    </p>
   </div>
   <div class='ocr_carea' id='block_1_60' title="bbox 146 2739 925 2781">
    <p class='ocr_par' dir='ltr' id='par_1_60' title="bbox 146 2739 925 2781">
     <span class='ocr_line' id='line_1_60' title="bbox 146 2739 925 2781; baseline -0.012 -7"><span class='ocrx_word' id='word_1_459' title='bbox 146 2747 182 2781; x_wconf 77' lang='grc' dir='ltr'>τῇ</span> <span class='ocrx_word' id='word_1_460' title='bbox 199 2746 291 2774; x_wconf 76' lang='grc' dir='ltr'><em>Βαάλ’</em></span> <span class='ocrx_word' id='word_1_461' title='bbox 306 2745 363 2776; x_wconf 77' lang='grc' dir='ltr'>πῶς</span> <span class='ocrx_word' id='word_1_462' title='bbox 373 2744 483 2771; x_wconf 75' lang='grc' dir='ltr'>δυνατὸν</span> <span class='ocrx_word' id='word_1_463' title='bbox 495 2744 596 2778; x_wconf 77' lang='grc' dir='ltr'>ταύτην</span> <span class='ocrx_word' id='word_1_464' title='bbox 615 2741 683 2769; x_wconf 75' lang='grc' dir='ltr'>εἶναι</span> <span class='ocrx_word' id='word_1_465' title='bbox 697 2740 821 2776; x_wconf 79' lang='grc' dir='ltr'>λέγεσθαι</span> <span class='ocrx_word' id='word_1_466' title='bbox 832 2740 880 2774; x_wconf 76' lang='grc' dir='ltr'>τὴν</span> <span class='ocrx_word' id='word_1_467' title='bbox 895 2739 925 2765; x_wconf 76' lang='grc' dir='ltr'>τὸ</span> 
     </span>
    </p>
   </div>
   <div class='ocr_carea' id='block_1_61' title="bbox 146 2784 923 2824">
    <p class='ocr_par' dir='ltr' id='par_1_61' title="bbox 146 2784 923 2824">
     <span class='ocr_line' id='line_1_61' title="bbox 146 2784 923 2824; baseline -0.009 -7"><span class='ocrx_word' id='word_1_468' title='bbox 146 2790 264 2824; x_wconf 79' lang='grc' dir='ltr'>γνωστὸν</span> <span class='ocrx_word' id='word_1_469' title='bbox 278 2789 325 2816; x_wconf 86' lang='grc' dir='ltr'><strong>τοῦ</strong></span> <span class='ocrx_word' id='word_1_470' title='bbox 340 2788 406 2815; x_wconf 79' lang='grc' dir='ltr'><em>Θεοῦ</em></span> <span class='ocrx_word' id='word_1_471' title='bbox 422 2788 591 2822; x_wconf 79' lang='grc' dir='ltr'>κεκτημένην</span> <span class='ocrx_word' id='word_1_472' title='bbox 607 2786 751 2818; x_wconf 81' lang='grc' dir='ltr'>Ἰουδαίαν;</span> <span class='ocrx_word' id='word_1_473' title='bbox 776 2784 825 2811; x_wconf 89' lang='grc' dir='ltr'><strong>Διὰ</strong></span> <span class='ocrx_word' id='word_1_474' title='bbox 848 2784 874 2811; x_wconf 87' lang='grc' dir='ltr'><strong>τί</strong></span> <span class='ocrx_word' id='word_1_475' title='bbox 896 2784 923 2810; x_wconf 82' lang='grc' dir='ltr'>δὲ</span> 
     </span>
    </p>
   </div>
   <div class='ocr_carea' id='block_1_62' title="bbox 969 318 1751 353">
    <p class='ocr_par' dir='ltr' id='par_1_62' title="bbox 969 318 1751 353">
     <span class='ocr_line' id='line_1_62' title="bbox 969 318 1751 353; baseline 0.003 -8"><span class='ocrx_word' id='word_1_476' title='bbox 969 318 1122 351; x_wconf 81' lang='lat' dir='ltr'><strong>Abraham,</strong></span> <span class='ocrx_word' id='word_1_477' title='bbox 1142 318 1212 346; x_wconf 77' lang='lat' dir='ltr'><strong>ﬁlios</strong></span> <span class='ocrx_word' id='word_1_478' title='bbox 1233 318 1294 353; x_wconf 84' lang='lat' dir='ltr'><strong>ejus</strong></span> <span class='ocrx_word' id='word_1_479' title='bbox 1314 326 1375 346; x_wconf 79' lang='lat' dir='ltr'><strong>esse</strong></span> <span class='ocrx_word' id='word_1_480' title='bbox 1394 328 1400 345; x_wconf 96' lang='lat'><strong>:</strong></span> <span class='ocrx_word' id='word_1_481' title='bbox 1417 326 1471 346; x_wconf 87' lang='lat' dir='ltr'><strong>non</strong></span> <span class='ocrx_word' id='word_1_482' title='bbox 1487 319 1560 347; x_wconf 89' lang='lat' dir='ltr'><strong>enim</strong></span> <span class='ocrx_word' id='word_1_483' title='bbox 1576 319 1624 347; x_wconf 74' lang='lat' dir='ltr'><strong>filii</strong></span> <span class='ocrx_word' id='word_1_484' title='bbox 1639 320 1731 347; x_wconf 86' lang='lat' dir='ltr'><strong>carnis</strong></span> <span class='ocrx_word' id='word_1_485' title='bbox 1742 339 1751 352; x_wconf 90' lang='lat'><strong>,</strong></span> 
     </span>
    </p>
   </div>
   <div class='ocr_carea' id='block_1_63' title="bbox 971 363 1752 399">
    <p class='ocr_par' dir='ltr' id='par_1_63' title="bbox 971 363 1752 399">
     <span class='ocr_line' id='line_1_63' title="bbox 971 363 1752 399; baseline 0.001 -9"><span class='ocrx_word' id='word_1_486' title='bbox 971 364 988 390; x_wconf 88' lang='lat' dir='ltr'><strong>ii</strong></span> <span class='ocrx_word' id='word_1_487' title='bbox 1005 364 1051 390; x_wconf 90' lang='lat' dir='ltr'><strong>lilii</strong></span> <span class='ocrx_word' id='word_1_488' title='bbox 1070 363 1115 391; x_wconf 96' lang='lat' dir='ltr'><strong>Dei</strong></span> <span class='ocrx_word' id='word_1_489' title='bbox 1133 367 1212 395; x_wconf 86' lang='lat' dir='ltr'><strong>sunt,</strong></span> <span class='ocrx_word' id='word_1_490' title='bbox 1229 363 1276 391; x_wconf 86' lang='lat' dir='ltr'><strong>sed</strong></span> <span class='ocrx_word' id='word_1_491' title='bbox 1299 363 1345 390; x_wconf 82' lang='lat' dir='ltr'><strong>ﬁlii</strong></span> <span class='ocrx_word' id='word_1_492' title='bbox 1368 364 1574 397; x_wconf 85' lang='lat' dir='ltr'><strong>promissionis,</strong></span> <span class='ocrx_word' id='word_1_493' title='bbox 1597 363 1615 390; x_wconf 87' lang='lat' dir='ltr'><strong>ii</strong></span> <span class='ocrx_word' id='word_1_494' title='bbox 1638 371 1687 399; x_wconf 86' lang='lat' dir='ltr'><strong>pro</strong></span> <span class='ocrx_word' id='word_1_495' title='bbox 1708 371 1752 391; x_wconf 87' lang='lat' dir='ltr'><strong>se—</strong></span> 
     </span>
    </p>
   </div>
   <div class='ocr_carea' id='block_1_64' title="bbox 971 410 1753 446">
    <p class='ocr_par' dir='ltr' id='par_1_64' title="bbox 971 410 1753 446">
     <span class='ocr_line' id='line_1_64' title="bbox 971 410 1753 446; baseline 0.003 -10"><span class='ocrx_word' id='word_1_496' title='bbox 971 410 1044 437; x_wconf 86' lang='lat' dir='ltr'><strong>mine</strong></span> <span class='ocrx_word' id='word_1_497' title='bbox 1060 414 1273 445; x_wconf 87' lang='lat' dir='ltr'><strong>computantur;</strong></span> <span class='ocrx_word' id='word_1_498' title='bbox 1289 417 1350 436; x_wconf 92' lang='lat' dir='ltr'><strong>cum</strong></span> <span class='ocrx_word' id='word_1_499' title='bbox 1367 410 1483 437; x_wconf 76' lang='lat' dir='ltr'><strong>atulierit</strong></span> <span class='ocrx_word' id='word_1_500' title='bbox 1504 411 1567 437; x_wconf 88' lang='lat' dir='ltr'><strong>item</strong></span> <span class='ocrx_word' id='word_1_501' title='bbox 1589 411 1655 437; x_wconf 93' lang='lat' dir='ltr'><strong>illud</strong></span> <span class='ocrx_word' id='word_1_502' title='bbox 1679 411 1753 446; x_wconf 54' lang='lat' dir='ltr'><strong>Apoc</strong></span> 
     </span>
    </p>
   </div>
   <div class='ocr_carea' id='block_1_65' title="bbox 971 453 1751 489">
    <p class='ocr_par' dir='ltr' id='par_1_65' title="bbox 971 453 1751 489">
     <span class='ocr_line' id='line_1_65' title="bbox 971 453 1751 489; baseline 0.003 -9"><span class='ocrx_word' id='word_1_503' title='bbox 971 453 1033 481; x_wconf 88' lang='lat' dir='ltr'><strong>stoli</strong></span> <span class='ocrx_word' id='word_1_504' title='bbox 1049 454 1168 486; x_wconf 84' lang='lat' dir='ltr'><strong>dictum,</strong></span> <span class='ocrx_word' id='word_1_505' title='bbox 1187 454 1248 481; x_wconf 67' lang='lat' dir='ltr'><strong>Non</strong></span> <span class='ocrx_word' id='word_1_506' title='bbox 1264 454 1332 480; x_wconf 84' lang='lat' dir='ltr'><strong>enim</strong></span> <span class='ocrx_word' id='word_1_507' title='bbox 1351 454 1395 488; x_wconf 88' lang='lat' dir='ltr'><strong>qui</strong></span> <span class='ocrx_word' id='word_1_508' title='bbox 1416 455 1442 480; x_wconf 85' lang='lat' dir='ltr'><strong>in</strong></span> <span class='ocrx_word' id='word_1_509' title='bbox 1466 455 1620 489; x_wconf 80' lang='lat' dir='ltr'><strong>manifesto,</strong></span> <span class='ocrx_word' id='word_1_510' title='bbox 1641 455 1751 483; x_wconf 72' lang='lat' dir='ltr'><strong>Judwus</strong></span> 
     </span>
    </p>
   </div>
   <div class='ocr_carea' id='block_1_66' title="bbox 971 499 1752 534">
    <p class='ocr_par' dir='ltr' id='par_1_66' title="bbox 971 499 1752 534">
     <span class='ocr_line' id='line_1_66' title="bbox 971 499 1752 534; baseline 0.003 -9"><span class='ocrx_word' id='word_1_511' title='bbox 971 503 1027 531; x_wconf 86' lang='lat' dir='ltr'><strong>est,</strong></span> <span class='ocrx_word' id='word_1_512' title='bbox 1042 507 1120 534; x_wconf 84' lang='lat' dir='ltr'><strong>neque</strong></span> <span class='ocrx_word' id='word_1_513' title='bbox 1134 507 1192 534; x_wconf 75' lang='lat' dir='ltr'><strong>qua:</strong></span> <span class='ocrx_word' id='word_1_514' title='bbox 1207 500 1233 525; x_wconf 90' lang='lat' dir='ltr'><strong>in</strong></span> <span class='ocrx_word' id='word_1_515' title='bbox 1251 499 1391 532; x_wconf 81' lang='lat' dir='ltr'><strong>manifesto</strong></span> <span class='ocrx_word' id='word_1_516' title='bbox 1412 499 1439 525; x_wconf 87' lang='lat' dir='ltr'><strong>in</strong></span> <span class='ocrx_word' id='word_1_517' title='bbox 1454 507 1531 526; x_wconf 84' lang='lat' dir='ltr'><strong>carne</strong></span> <span class='ocrx_word' id='word_1_518' title='bbox 1550 505 1588 526; x_wconf 85' lang='lat' dir='ltr'><strong>est</strong></span> <span class='ocrx_word' id='word_1_519' title='bbox 1613 501 1752 527; x_wconf 86' lang='lat' dir='ltr'><strong>circumci—</strong></span> 
     </span>
    </p>
   </div>
   <div class='ocr_carea' id='block_1_67' title="bbox 972 544 1752 580">
    <p class='ocr_par' dir='ltr' id='par_1_67' title="bbox 972 544 1752 580">
     <span class='ocr_line' id='line_1_67' title="bbox 972 544 1752 580; baseline 0.004 -10"><span class='ocrx_word' id='word_1_520' title='bbox 972 545 1029 575; x_wconf 86' lang='lat' dir='ltr'><strong>sio;</strong></span> <span class='ocrx_word' id='word_1_521' title='bbox 1043 546 1086 571; x_wconf 81' lang='lat' dir='ltr'><strong>setl</strong></span> <span class='ocrx_word' id='word_1_522' title='bbox 1097 545 1142 580; x_wconf 82' lang='lat' dir='ltr'><strong>qui</strong></span> <span class='ocrx_word' id='word_1_523' title='bbox 1152 545 1179 571; x_wconf 85' lang='lat' dir='ltr'><strong>in</strong></span> <span class='ocrx_word' id='word_1_524' title='bbox 1190 545 1354 575; x_wconf 70' lang='lat' dir='ltr'><strong>abscondito,</strong></span> <span class='ocrx_word' id='word_1_525' title='bbox 1364 544 1473 572; x_wconf 67' lang='lat' dir='ltr'><strong>Juda’us</strong></span> <span class='ocrx_word' id='word_1_526' title='bbox 1486 551 1542 572; x_wconf 82' lang='lat' dir='ltr'><strong>est:</strong></span> <span class='ocrx_word' id='word_1_527' title='bbox 1554 551 1577 572; x_wconf 87' lang='lat' dir='ltr'><strong>et</strong></span> <span class='ocrx_word' id='word_1_528' title='bbox 1589 546 1752 573; x_wconf 80' lang='lat' dir='ltr'><strong>circumcisio</strong></span> 
     </span>
    </p>
   </div>
   <div class='ocr_carea' id='block_1_68' title="bbox 973 590 1753 625">
    <p class='ocr_par' dir='ltr' id='par_1_68' title="bbox 973 590 1753 625">
     <span class='ocr_line' id='line_1_68' title="bbox 973 590 1753 625; baseline 0.001 -9"><span class='ocrx_word' id='word_1_529' title='bbox 973 590 1058 616; x_wconf 79' lang='lat' dir='ltr'><strong>cordis</strong></span> <span class='ocrx_word' id='word_1_530' title='bbox 1074 591 1101 616; x_wconf 88' lang='lat' dir='ltr'><strong>in</strong></span> <span class='ocrx_word' id='word_1_531' title='bbox 1119 590 1226 624; x_wconf 83' lang='lat' dir='ltr'><strong>spiritu,</strong></span> <span class='ocrx_word' id='word_1_532' title='bbox 1244 598 1294 616; x_wconf 85' lang='lat' dir='ltr'><strong>non</strong></span> <span class='ocrx_word' id='word_1_533' title='bbox 1311 590 1410 622; x_wconf 83' lang='lat' dir='ltr'><strong>littera,</strong></span> <span class='ocrx_word' id='word_1_534' title='bbox 1427 591 1502 625; x_wconf 80' lang='lat' dir='ltr'><strong>cujus</strong></span> <span class='ocrx_word' id='word_1_535' title='bbox 1519 591 1578 618; x_wconf 78' lang='lat' dir='ltr'><strong>laus</strong></span> <span class='ocrx_word' id='word_1_536' title='bbox 1594 600 1644 618; x_wconf 89' lang='lat' dir='ltr'><strong>non</strong></span> <span class='ocrx_word' id='word_1_537' title='bbox 1660 600 1691 618; x_wconf 70' lang='lat' dir='ltr'><strong>ex</strong></span> <span class='ocrx_word' id='word_1_538' title='bbox 1706 591 1753 618; x_wconf 82' lang='lat' dir='ltr'><strong>lto-</strong></span> 
     </span>
    </p>
   </div>
   <div class='ocr_carea' id='block_1_69' title="bbox 974 635 1753 668">
    <p class='ocr_par' dir='ltr' id='par_1_69' title="bbox 974 635 1753 668">
     <span class='ocr_line' id='line_1_69' title="bbox 974 635 1753 668; baseline 0.003 -7"><span class='ocrx_word' id='word_1_539' title='bbox 974 635 1103 667; x_wconf 73' lang='lat' dir='ltr'><strong>minibus,</strong></span> <span class='ocrx_word' id='word_1_540' title='bbox 1121 635 1165 662; x_wconf 86' lang='lat' dir='ltr'><strong>sed</strong></span> <span class='ocrx_word' id='word_1_541' title='bbox 1182 643 1214 661; x_wconf 76' lang='lat' dir='ltr'><strong>ea:</strong></span> <span class='ocrx_word' id='word_1_542' title='bbox 1231 635 1285 662; x_wconf 88' lang='lat' dir='ltr'><strong>Deo</strong></span> <span class='ocrx_word' id='word_1_543' title='bbox 1300 640 1338 661; x_wconf 88' lang='lat' dir='ltr'><strong>est</strong></span> <span class='ocrx_word' id='word_1_544' title='bbox 1356 636 1392 667; x_wconf 67' lang='lat'><strong>‘9;</strong></span> <span class='ocrx_word' id='word_1_545' title='bbox 1409 643 1441 662; x_wconf 84' lang='lat' dir='ltr'><strong>ac</strong></span> <span class='ocrx_word' id='word_1_546' title='bbox 1462 643 1589 668; x_wconf 85' lang='lat' dir='ltr'><strong>rursum,</strong></span> <span class='ocrx_word' id='word_1_547' title='bbox 1614 636 1670 663; x_wconf 89' lang='lat' dir='ltr'><strong>Nos</strong></span> <span class='ocrx_word' id='word_1_548' title='bbox 1684 638 1753 663; x_wconf 88' lang='lat' dir='ltr'><strong>enim</strong></span> 
     </span>
    </p>
   </div>
   <div class='ocr_carea' id='block_1_70' title="bbox 973 680 1752 715">
    <p class='ocr_par' dir='ltr' id='par_1_70' title="bbox 973 680 1752 715">
     <span class='ocr_line' id='line_1_70' title="bbox 973 680 1752 715; baseline 0.003 -9"><span class='ocrx_word' id='word_1_549' title='bbox 973 689 1062 707; x_wconf 84' lang='lat' dir='ltr'><strong>sumus</strong></span> <span class='ocrx_word' id='word_1_550' title='bbox 1077 680 1103 707; x_wconf 85' lang='lat' dir='ltr'><strong>in</strong></span> <span class='ocrx_word' id='word_1_551' title='bbox 1119 680 1316 707; x_wconf 76' lang='lat' dir='ltr'><strong>circumcisione</strong></span> <span class='ocrx_word' id='word_1_552' title='bbox 1329 680 1372 715; x_wconf 84' lang='lat' dir='ltr'><strong>qui</strong></span> <span class='ocrx_word' id='word_1_553' title='bbox 1389 681 1415 707; x_wconf 86' lang='lat' dir='ltr'><strong>in</strong></span> <span class='ocrx_word' id='word_1_554' title='bbox 1437 681 1531 715; x_wconf 82' lang='lat' dir='ltr'><strong>spiritu</strong></span> <span class='ocrx_word' id='word_1_555' title='bbox 1549 680 1597 707; x_wconf 85' lang='lat' dir='ltr'><strong>Dei</strong></span> <span class='ocrx_word' id='word_1_556' title='bbox 1609 682 1733 708; x_wconf 79' lang='lat' dir='ltr'><strong>servimus</strong></span> <span class='ocrx_word' id='word_1_557' title='bbox 1744 701 1752 713; x_wconf 86' lang='lat'><strong>,</strong></span> 
     </span>
    </p>
   </div>
   <div class='ocr_carea' id='block_1_71' title="bbox 973 725 1755 761">
    <p class='ocr_par' dir='ltr' id='par_1_71' title="bbox 973 725 1755 761">
     <span class='ocr_line' id='line_1_71' title="bbox 973 725 1755 761; baseline 0.001 -8"><span class='ocrx_word' id='word_1_558' title='bbox 973 735 1053 761; x_wconf 78' lang='lat' dir='ltr'><strong>neque</strong></span> <span class='ocrx_word' id='word_1_559' title='bbox 1074 727 1101 752; x_wconf 87' lang='lat' dir='ltr'><strong>in</strong></span> <span class='ocrx_word' id='word_1_560' title='bbox 1124 734 1203 753; x_wconf 82' lang='lat' dir='ltr'><strong>carne</strong></span> <span class='ocrx_word' id='word_1_561' title='bbox 1222 725 1379 760; x_wconf 78' lang='lat' dir='ltr'><strong>conﬁdimus</strong></span> <span class='ocrx_word' id='word_1_562' title='bbox 1395 727 1438 759; x_wconf 75' lang='grc' dir='ltr'><strong>⁸ος</strong></span> <span class='ocrx_word' id='word_1_563' title='bbox 1458 735 1519 754; x_wconf 91' lang='lat' dir='ltr'><strong>cum</strong></span> <span class='ocrx_word' id='word_1_564' title='bbox 1541 727 1755 755; x_wconf 68' lang='lat' dir='ltr'><strong>considerarcrit</strong></span> 
     </span>
    </p>
   </div>
   <div class='ocr_carea' id='block_1_72' title="bbox 973 771 1753 806">
    <p class='ocr_par' dir='ltr' id='par_1_72' title="bbox 973 771 1753 806">
     <span class='ocr_line' id='line_1_72' title="bbox 973 771 1753 806; baseline 0.001 -8"><span class='ocrx_word' id='word_1_565' title='bbox 973 773 1054 799; x_wconf 88' lang='lat' dir='ltr'><strong>etiam</strong></span> <span class='ocrx_word' id='word_1_566' title='bbox 1072 772 1155 804; x_wconf 88' lang='lat' dir='ltr'><strong>illud,</strong></span> <span class='ocrx_word' id='word_1_567' title='bbox 1174 772 1302 806; x_wconf 82' lang='lat' dir='ltr'><strong>Respicite</strong></span> <span class='ocrx_word' id='word_1_568' title='bbox 1323 771 1411 798; x_wconf 87' lang='lat' dir='ltr'><strong>Israel</strong></span> <span class='ocrx_word' id='word_1_569' title='bbox 1431 773 1573 799; x_wconf 80' lang='lat' dir='ltr'><strong>secundum</strong></span> <span class='ocrx_word' id='word_1_570' title='bbox 1598 782 1703 800; x_wconf 79' lang='lat' dir='ltr'><strong>carnem</strong></span> <span class='ocrx_word' id='word_1_571' title='bbox 1718 774 1753 804; x_wconf 72' lang='grc'><strong>⁵³,</strong></span> 
     </span>
    </p>
   </div>
   <div class='ocr_carea' id='block_1_73' title="bbox 973 818 1753 853">
    <p class='ocr_par' dir='ltr' id='par_1_73' title="bbox 973 818 1753 853">
     <span class='ocr_line' id='line_1_73' title="bbox 973 818 1753 853; baseline 0.003 -9"><span class='ocrx_word' id='word_1_572' title='bbox 973 821 1066 852; x_wconf 86' lang='lat' dir='ltr'><strong>utpote</strong></span> <span class='ocrx_word' id='word_1_573' title='bbox 1087 818 1189 845; x_wconf 84' lang='lat' dir='ltr'><strong>scilicet</strong></span> <span class='ocrx_word' id='word_1_574' title='bbox 1208 818 1260 845; x_wconf 88' lang='lat' dir='ltr'><strong>alio</strong></span> <span class='ocrx_word' id='word_1_575' title='bbox 1280 819 1445 850; x_wconf 80' lang='lat' dir='ltr'><strong>exsistente.</strong></span> <span class='ocrx_word' id='word_1_576' title='bbox 1460 819 1506 853; x_wconf 91' lang='lat' dir='ltr'><strong>qui</strong></span> <span class='ocrx_word' id='word_1_577' title='bbox 1526 827 1580 846; x_wconf 91' lang='lat' dir='ltr'><strong>non</strong></span> <span class='ocrx_word' id='word_1_578' title='bbox 1602 819 1753 846; x_wconf 87' lang='lat' dir='ltr'><strong>secundum</strong></span> 
     </span>
    </p>
   </div>
   <div class='ocr_carea' id='block_1_74' title="bbox 973 863 1753 899">
    <p class='ocr_par' dir='ltr' id='par_1_74' title="bbox 973 863 1753 899">
     <span class='ocr_line' id='line_1_74' title="bbox 973 863 1753 899; baseline 0.003 -9"><span class='ocrx_word' id='word_1_579' title='bbox 973 871 1101 896; x_wconf 84' lang='lat' dir='ltr'><strong>carnem,</strong></span> <span class='ocrx_word' id='word_1_580' title='bbox 1118 863 1164 891; x_wconf 89' lang='lat' dir='ltr'><strong>sed</strong></span> <span class='ocrx_word' id='word_1_581' title='bbox 1179 864 1328 891; x_wconf 85' lang='lat' dir='ltr'><strong>secundum</strong></span> <span class='ocrx_word' id='word_1_582' title='bbox 1345 864 1470 899; x_wconf 82' lang='lat' dir='ltr'><strong>spiritum</strong></span> <span class='ocrx_word' id='word_1_583' title='bbox 1485 872 1567 892; x_wconf 88' lang='lat' dir='ltr'><strong>verus</strong></span> <span class='ocrx_word' id='word_1_584' title='bbox 1588 864 1671 893; x_wconf 85' lang='lat' dir='ltr'><strong>Israel</strong></span> <span class='ocrx_word' id='word_1_585' title='bbox 1690 870 1731 892; x_wconf 87' lang='lat' dir='ltr'><strong>est</strong></span> <span class='ocrx_word' id='word_1_586' title='bbox 1745 875 1753 899; x_wconf 85' lang='lat'><strong>;</strong></span> 
     </span>
    </p>
   </div>
   <div class='ocr_carea' id='block_1_75' title="bbox 974 909 1753 946">
    <p class='ocr_par' dir='ltr' id='par_1_75' title="bbox 974 909 1753 946">
     <span class='ocr_line' id='line_1_75' title="bbox 974 909 1753 946; baseline 0.004 -10"><span class='ocrx_word' id='word_1_587' title='bbox 974 909 1030 936; x_wconf 65' lang='lat' dir='ltr'><strong>hac</strong></span> <span class='ocrx_word' id='word_1_588' title='bbox 1045 910 1159 937; x_wconf 85' lang='lat' dir='ltr'><strong>edoctus</strong></span> <span class='ocrx_word' id='word_1_589' title='bbox 1169 930 1176 941; x_wconf 85' lang='lat'><strong>,</strong></span> <span class='ocrx_word' id='word_1_590' title='bbox 1192 918 1286 937; x_wconf 87' lang='lat' dir='ltr'><strong>verum</strong></span> <span class='ocrx_word' id='word_1_591' title='bbox 1302 910 1428 937; x_wconf 85' lang='lat' dir='ltr'><strong>lsraelem</strong></span> <span class='ocrx_word' id='word_1_592' title='bbox 1443 910 1567 937; x_wconf 87' lang='lat' dir='ltr'><strong>admittet</strong></span> <span class='ocrx_word' id='word_1_593' title='bbox 1582 919 1643 938; x_wconf 88' lang='lat' dir='ltr'><strong>eum</strong></span> <span class='ocrx_word' id='word_1_594' title='bbox 1659 912 1705 946; x_wconf 87' lang='lat' dir='ltr'><strong>qui</strong></span> <span class='ocrx_word' id='word_1_595' title='bbox 1720 921 1753 939; x_wconf 78' lang='lat' dir='ltr'><strong>ex</strong></span> 
     </span>
    </p>
   </div>
   <div class='ocr_carea' id='block_1_76' title="bbox 939 950 1753 992">
    <p class='ocr_par' dir='ltr' id='par_1_76' title="bbox 939 950 1753 992">
     <span class='ocr_line' id='line_1_76' title="bbox 939 950 1753 992; baseline 0.004 -11"><span class='ocrx_word' id='word_1_596' title='bbox 939 950 959 976; x_wconf 87' lang='grc' dir='ltr'><strong><em>Β</em></strong></span> <span class='ocrx_word' id='word_1_597' title='bbox 973 962 1054 989; x_wconf 88' lang='lat' dir='ltr'><strong>opere</strong></span> <span class='ocrx_word' id='word_1_598' title='bbox 1068 956 1279 984; x_wconf 83' lang='lat' dir='ltr'><strong>demonstratur.</strong></span> <span class='ocrx_word' id='word_1_599' title='bbox 1294 955 1397 983; x_wconf 84' lang='lat' dir='ltr'><strong>Nomen</strong></span> <span class='ocrx_word' id='word_1_600' title='bbox 1412 964 1493 991; x_wconf 89' lang='lat' dir='ltr'><strong>porro</strong></span> <span class='ocrx_word' id='word_1_601' title='bbox 1507 956 1640 990; x_wconf 84' lang='lat' dir='ltr'><strong>accipitur</strong></span> <span class='ocrx_word' id='word_1_602' title='bbox 1655 965 1705 992; x_wconf 90' lang='lat' dir='ltr'><strong>pro</strong></span> <span class='ocrx_word' id='word_1_603' title='bbox 1720 966 1753 984; x_wconf 79' lang='lat' dir='ltr'><strong>eo</strong></span> 
     </span>
    </p>
   </div>
   <div class='ocr_carea' id='block_1_77' title="bbox 973 1001 1754 1037">
    <p class='ocr_par' dir='ltr' id='par_1_77' title="bbox 973 1001 1754 1037">
     <span class='ocr_line' id='line_1_77' title="bbox 973 1001 1754 1037; baseline 0.004 -10"><span class='ocrx_word' id='word_1_604' title='bbox 973 1001 1020 1035; x_wconf 88' lang='lat' dir='ltr'><strong>qui</strong></span> <span class='ocrx_word' id='word_1_605' title='bbox 1036 1002 1103 1028; x_wconf 77' lang='lat' dir='ltr'><strong>videt</strong></span> <span class='ocrx_word' id='word_1_606' title='bbox 1119 1002 1222 1034; x_wconf 80' lang='lat' dir='ltr'><strong>Deum,‘</strong></span> <span class='ocrx_word' id='word_1_607' title='bbox 1238 1010 1302 1037; x_wconf 89' lang='lat' dir='ltr'><strong>ergo</strong></span> <span class='ocrx_word' id='word_1_608' title='bbox 1323 1002 1410 1029; x_wconf 88' lang='lat' dir='ltr'><strong>virum</strong></span> <span class='ocrx_word' id='word_1_609' title='bbox 1434 1004 1633 1037; x_wconf 81' lang='lat' dir='ltr'><strong>perspicacem,</strong></span> <span class='ocrx_word' id='word_1_610' title='bbox 1655 1003 1754 1030; x_wconf 82' lang='lat' dir='ltr'><strong>notitia</strong></span> 
     </span>
    </p>
   </div>
   <div class='ocr_carea' id='block_1_78' title="bbox 973 1048 1753 1083">
    <p class='ocr_par' dir='ltr' id='par_1_78' title="bbox 973 1048 1753 1083">
     <span class='ocr_line' id='line_1_78' title="bbox 973 1048 1753 1083; baseline 0.001 -8"><span class='ocrx_word' id='word_1_611' title='bbox 973 1048 1114 1083; x_wconf 68' lang='lat' dir='ltr'><strong>praeditum</strong></span> <span class='ocrx_word' id='word_1_612' title='bbox 1131 1052 1158 1075; x_wconf 87' lang='lat' dir='ltr'><strong>et</strong></span> <span class='ocrx_word' id='word_1_613' title='bbox 1173 1048 1301 1080; x_wconf 88' lang='lat' dir='ltr'><strong>doctum,</strong></span> <span class='ocrx_word' id='word_1_614' title='bbox 1323 1049 1410 1076; x_wconf 88' lang='lat' dir='ltr'><strong>solum</strong></span> <span class='ocrx_word' id='word_1_615' title='bbox 1430 1056 1490 1076; x_wconf 85' lang='lat' dir='ltr'><strong>esse</strong></span> <span class='ocrx_word' id='word_1_616' title='bbox 1512 1056 1605 1075; x_wconf 85' lang='lat' dir='ltr'><strong>verum</strong></span> <span class='ocrx_word' id='word_1_617' title='bbox 1626 1048 1753 1076; x_wconf 77' lang='lat' dir='ltr'><strong>lsraelem</strong></span> 
     </span>
    </p>
   </div>
   <div class='ocr_carea' id='block_1_79' title="bbox 973 1094 1752 1129">
    <p class='ocr_par' dir='ltr' id='par_1_79' title="bbox 973 1094 1752 1129">
     <span class='ocr_line' id='line_1_79' title="bbox 973 1094 1752 1129; baseline 0.004 -9"><span class='ocrx_word' id='word_1_618' title='bbox 973 1094 1140 1126; x_wconf 83' lang='lat' dir='ltr'><strong>declarabit,</strong></span> <span class='ocrx_word' id='word_1_619' title='bbox 1162 1095 1268 1129; x_wconf 86' lang='lat' dir='ltr'><strong>qualem</strong></span> <span class='ocrx_word' id='word_1_620' title='bbox 1293 1094 1350 1121; x_wconf 56' lang='lat' dir='ltr'><strong>haec</strong></span> <span class='ocrx_word' id='word_1_621' title='bbox 1370 1094 1505 1121; x_wconf 88' lang='lat' dir='ltr'><strong>sententia</strong></span> <span class='ocrx_word' id='word_1_622' title='bbox 1528 1094 1618 1128; x_wconf 88' lang='lat' dir='ltr'><strong>prodit</strong></span> <span class='ocrx_word' id='word_1_623' title='bbox 1641 1094 1752 1127; x_wconf 83' lang='lat' dir='ltr'><strong>dicens.</strong></span> 
     </span>
    </p>
   </div>
   <div class='ocr_carea' id='block_1_80' title="bbox 974 1139 1753 1174">
    <p class='ocr_par' dir='ltr' id='par_1_80' title="bbox 974 1139 1753 1174">
     <span class='ocr_line' id='line_1_80' title="bbox 974 1139 1753 1174; baseline 0.001 -8"><span class='ocrx_word' id='word_1_624' title='bbox 974 1139 1007 1166; x_wconf 87' lang='lat' dir='ltr'><strong>In</strong></span> <span class='ocrx_word' id='word_1_625' title='bbox 1020 1140 1105 1167; x_wconf 84' lang='lat' dir='ltr'><strong>Israel</strong></span> <span class='ocrx_word' id='word_1_626' title='bbox 1119 1148 1241 1174; x_wconf 86' lang='lat' dir='ltr'><strong>magnum</strong></span> <span class='ocrx_word' id='word_1_627' title='bbox 1255 1148 1346 1167; x_wconf 85' lang='lat' dir='ltr'><strong>nomen</strong></span> <span class='ocrx_word' id='word_1_628' title='bbox 1357 1140 1424 1174; x_wconf 81' lang='lat' dir='ltr'><strong>ejus.</strong></span> <span class='ocrx_word' id='word_1_629' title='bbox 1438 1140 1543 1167; x_wconf 85' lang='lat' dir='ltr'><strong>Evincit</strong></span> <span class='ocrx_word' id='word_1_630' title='bbox 1555 1148 1620 1167; x_wconf 87' lang='lat' dir='ltr'><strong>vero</strong></span> <span class='ocrx_word' id='word_1_631' title='bbox 1630 1139 1753 1167; x_wconf 61' lang='lat' dir='ltr'><strong>Judaeum</strong></span> 
     </span>
    </p>
   </div>
   <div class='ocr_carea' id='block_1_81' title="bbox 974 1185 1754 1221">
    <p class='ocr_par' dir='ltr' id='par_1_81' title="bbox 974 1185 1754 1221">
     <span class='ocr_line' id='line_1_81' title="bbox 974 1185 1754 1221; baseline 0.001 -9"><span class='ocrx_word' id='word_1_632' title='bbox 974 1185 1080 1213; x_wconf 87' lang='lat' dir='ltr'><strong>lsraelis</strong></span> <span class='ocrx_word' id='word_1_633' title='bbox 1095 1187 1205 1213; x_wconf 83' lang='lat' dir='ltr'><strong>nomine</strong></span> <span class='ocrx_word' id='word_1_634' title='bbox 1219 1186 1329 1221; x_wconf 87' lang='lat' dir='ltr'><strong>dignum</strong></span> <span class='ocrx_word' id='word_1_635' title='bbox 1346 1194 1399 1213; x_wconf 91' lang='lat' dir='ltr'><strong>non</strong></span> <span class='ocrx_word' id='word_1_636' title='bbox 1420 1194 1480 1214; x_wconf 87' lang='lat' dir='ltr'><strong>esse</strong></span> <span class='ocrx_word' id='word_1_637' title='bbox 1495 1186 1671 1221; x_wconf 85' lang='lat' dir='ltr'><strong>propheticus</strong></span> <span class='ocrx_word' id='word_1_638' title='bbox 1695 1194 1754 1213; x_wconf 87' lang='lat' dir='ltr'><strong>ser-</strong></span> 
     </span>
    </p>
   </div>
   <div class='ocr_carea' id='block_1_82' title="bbox 973 1231 1754 1266">
    <p class='ocr_par' dir='ltr' id='par_1_82' title="bbox 973 1231 1754 1266">
     <span class='ocr_line' id='line_1_82' title="bbox 973 1231 1754 1266; baseline -0.001 -8"><span class='ocrx_word' id='word_1_639' title='bbox 973 1238 1018 1258; x_wconf 94' lang='lat' dir='ltr'><strong>mo</strong></span> <span class='ocrx_word' id='word_1_640' title='bbox 1028 1250 1035 1262; x_wconf 91' lang='lat'><strong>,</strong></span> <span class='ocrx_word' id='word_1_641' title='bbox 1051 1231 1096 1266; x_wconf 90' lang='lat' dir='ltr'><strong>qui</strong></span> <span class='ocrx_word' id='word_1_642' title='bbox 1114 1231 1188 1266; x_wconf 89' lang='lat' dir='ltr'><strong>ipsos</strong></span> <span class='ocrx_word' id='word_1_643' title='bbox 1201 1231 1314 1265; x_wconf 79' lang='lat' dir='ltr'><strong>respicit</strong></span> <span class='ocrx_word' id='word_1_644' title='bbox 1330 1235 1356 1258; x_wconf 86' lang='lat' dir='ltr'><strong>et</strong></span> <span class='ocrx_word' id='word_1_645' title='bbox 1370 1231 1410 1258; x_wconf 88' lang='lat' dir='ltr'><strong>sic</strong></span> <span class='ocrx_word' id='word_1_646' title='bbox 1426 1231 1508 1258; x_wconf 83' lang='lat' dir='ltr'><strong>habet</strong></span> <span class='ocrx_word' id='word_1_647' title='bbox 1523 1240 1529 1258; x_wconf 87' lang='lat'>:</span> <span class='ocrx_word' id='word_1_648' title='bbox 1552 1231 1594 1257; x_wconf 74' lang='lat' dir='ltr'><strong>Va:</strong></span> <span class='ocrx_word' id='word_1_649' title='bbox 1609 1231 1679 1266; x_wconf 88' lang='lat' dir='ltr'><strong>genti</strong></span> <span class='ocrx_word' id='word_1_650' title='bbox 1694 1239 1754 1265; x_wconf 82' lang='lat' dir='ltr'><strong>pec-</strong></span> 
     </span>
    </p>
   </div>
   <div class='ocr_carea' id='block_1_83' title="bbox 973 1275 1755 1310">
    <p class='ocr_par' dir='ltr' id='par_1_83' title="bbox 973 1275 1755 1310">
     <span class='ocr_line' id='line_1_83' title="bbox 973 1275 1755 1310; baseline -0.001 -8"><span class='ocrx_word' id='word_1_651' title='bbox 973 1276 1066 1302; x_wconf 87' lang='lat' dir='ltr'><strong>catrici</strong></span> <span class='ocrx_word' id='word_1_652' title='bbox 1076 1295 1084 1308; x_wconf 91' lang='lat'><strong>,</strong></span> <span class='ocrx_word' id='word_1_653' title='bbox 1097 1277 1192 1310; x_wconf 87' lang='lat' dir='ltr'><strong>populo</strong></span> <span class='ocrx_word' id='word_1_654' title='bbox 1206 1276 1280 1309; x_wconf 86' lang='lat' dir='ltr'><strong>pleno</strong></span> <span class='ocrx_word' id='word_1_655' title='bbox 1297 1276 1409 1309; x_wconf 74' lang='lat' dir='ltr'><strong>peccatis</strong></span> <span class='ocrx_word' id='word_1_656' title='bbox 1428 1276 1450 1291; x_wconf 83' lang='lat'>&quot;</span> <span class='ocrx_word' id='word_1_657' title='bbox 1462 1285 1469 1309; x_wconf 83' lang='lat'><strong>;</strong></span> <span class='ocrx_word' id='word_1_658' title='bbox 1483 1280 1524 1308; x_wconf 86' lang='lat' dir='ltr'><strong>et,</strong></span> <span class='ocrx_word' id='word_1_659' title='bbox 1539 1275 1635 1302; x_wconf 82' lang='lat' dir='ltr'><strong>Audite</strong></span> <span class='ocrx_word' id='word_1_660' title='bbox 1649 1275 1755 1302; x_wconf 81' lang='lat' dir='ltr'><strong>verbum</strong></span> 
     </span>
    </p>
   </div>
   <div class='ocr_carea' id='block_1_84' title="bbox 973 1321 1753 1356">
    <p class='ocr_par' dir='ltr' id='par_1_84' title="bbox 973 1321 1753 1356">
     <span class='ocr_line' id='line_1_84' title="bbox 973 1321 1753 1356; baseline 0 -9"><span class='ocrx_word' id='word_1_661' title='bbox 973 1321 1091 1355; x_wconf 80' lang='lat' dir='ltr'><strong>Domini,</strong></span> <span class='ocrx_word' id='word_1_662' title='bbox 1105 1322 1233 1355; x_wconf 73' lang='lat' dir='ltr'><strong>principes</strong></span> <span class='ocrx_word' id='word_1_663' title='bbox 1259 1321 1452 1348; x_wconf 82' lang='lat' dir='ltr'><strong>Sodomorum:</strong></span> <span class='ocrx_word' id='word_1_664' title='bbox 1476 1321 1601 1348; x_wconf 85' lang='lat' dir='ltr'><strong>attendite</strong></span> <span class='ocrx_word' id='word_1_665' title='bbox 1619 1321 1669 1356; x_wconf 83' lang='lat' dir='ltr'><strong>legi</strong></span> <span class='ocrx_word' id='word_1_666' title='bbox 1685 1321 1753 1353; x_wconf 85' lang='lat' dir='ltr'><strong>Dei,</strong></span> 
     </span>
    </p>
   </div>
   <div class='ocr_carea' id='block_1_85' title="bbox 972 1367 1755 1401">
    <p class='ocr_par' dir='ltr' id='par_1_85' title="bbox 972 1367 1755 1401">
     <span class='ocr_line' id='line_1_85' title="bbox 972 1367 1755 1401; baseline 0.001 -8"><span class='ocrx_word' id='word_1_667' title='bbox 972 1367 1082 1401; x_wconf 76' lang='lat' dir='ltr'><strong>populus</strong></span> <span class='ocrx_word' id='word_1_668' title='bbox 1097 1367 1249 1394; x_wconf 75' lang='lat' dir='ltr'><strong>Gomorr/m:</strong></span> <span class='ocrx_word' id='word_1_669' title='bbox 1263 1367 1296 1393; x_wconf 88' lang='lat'><strong>&quot;.</strong></span> <span class='ocrx_word' id='word_1_670' title='bbox 1315 1367 1547 1399; x_wconf 84' lang='lat' dir='ltr'><strong>Quemadmodum</strong></span> <span class='ocrx_word' id='word_1_671' title='bbox 1565 1367 1646 1394; x_wconf 84' lang='lat' dir='ltr'><strong>etiam</strong></span> <span class='ocrx_word' id='word_1_672' title='bbox 1661 1367 1707 1401; x_wconf 87' lang='lat' dir='ltr'><strong>qui</strong></span> <span class='ocrx_word' id='word_1_673' title='bbox 1721 1367 1755 1394; x_wconf 79' lang='lat' dir='ltr'><strong>de</strong></span> 
     </span>
    </p>
   </div>
   <div class='ocr_carea' id='block_1_86' title="bbox 973 1412 1753 1446">
    <p class='ocr_par' dir='ltr' id='par_1_86' title="bbox 973 1412 1753 1446">
     <span class='ocr_line' id='line_1_86' title="bbox 973 1412 1753 1446; baseline 0.001 -8"><span class='ocrx_word' id='word_1_674' title='bbox 973 1412 1099 1446; x_wconf 77' lang='lat' dir='ltr'><strong>gentibus</strong></span> <span class='ocrx_word' id='word_1_675' title='bbox 1111 1412 1194 1443; x_wconf 88' lang='lat' dir='ltr'><strong>dicit,</strong></span> <span class='ocrx_word' id='word_1_676' title='bbox 1211 1413 1244 1439; x_wconf 80' lang='lat' dir='ltr'><strong>ab</strong></span> <span class='ocrx_word' id='word_1_677' title='bbox 1260 1413 1364 1439; x_wconf 81' lang='lat' dir='ltr'><strong>oriente</strong></span> <span class='ocrx_word' id='word_1_678' title='bbox 1396 1412 1452 1438; x_wconf 87' lang='lat' dir='ltr'><strong>sole</strong></span> <span class='ocrx_word' id='word_1_679' title='bbox 1479 1419 1564 1446; x_wconf 91' lang='lat' dir='ltr'><strong>usque</strong></span> <span class='ocrx_word' id='word_1_680' title='bbox 1578 1412 1610 1439; x_wconf 91' lang='lat' dir='ltr'><strong>ad</strong></span> <span class='ocrx_word' id='word_1_681' title='bbox 1624 1412 1753 1439; x_wconf 90' lang='lat' dir='ltr'><strong>occiden—</strong></span> 
     </span>
    </p>
   </div>
   <div class='ocr_carea' id='block_1_87' title="bbox 974 1457 1753 1492">
    <p class='ocr_par' dir='ltr' id='par_1_87' title="bbox 974 1457 1753 1492">
     <span class='ocr_line' id='line_1_87' title="bbox 974 1457 1753 1492; baseline 0.001 -9"><span class='ocrx_word' id='word_1_682' title='bbox 974 1461 1044 1489; x_wconf 84' lang='lat' dir='ltr'><strong>tem,</strong></span> <span class='ocrx_word' id='word_1_683' title='bbox 1062 1457 1146 1491; x_wconf 80' lang='lat' dir='ltr'><strong>gloria</strong></span> <span class='ocrx_word' id='word_1_684' title='bbox 1162 1457 1293 1484; x_wconf 82' lang='lat' dir='ltr'><strong>celebrari</strong></span> <span class='ocrx_word' id='word_1_685' title='bbox 1313 1465 1410 1484; x_wconf 82' lang='lat' dir='ltr'><strong>nomen</strong></span> <span class='ocrx_word' id='word_1_686' title='bbox 1428 1465 1506 1484; x_wconf 89' lang='lat' dir='ltr'><strong>suum</strong></span> <span class='ocrx_word' id='word_1_687' title='bbox 1523 1458 1549 1484; x_wconf 91' lang='lat' dir='ltr'><strong>in</strong></span> <span class='ocrx_word' id='word_1_688' title='bbox 1565 1458 1690 1492; x_wconf 76' lang='lat' dir='ltr'><strong>gentibus</strong></span> <span class='ocrx_word' id='word_1_689' title='bbox 1704 1466 1711 1490; x_wconf 88' lang='lat'><strong>;</strong></span> <span class='ocrx_word' id='word_1_690' title='bbox 1728 1463 1753 1485; x_wconf 78' lang='grc' dir='ltr'><strong>ει</strong></span> 
     </span>
    </p>
   </div>
   <div class='ocr_carea' id='block_1_88' title="bbox 973 1502 1753 1537">
    <p class='ocr_par' dir='ltr' id='par_1_88' title="bbox 973 1502 1753 1537">
     <span class='ocr_line' id='line_1_88' title="bbox 973 1502 1753 1537; baseline 0.003 -8"><span class='ocrx_word' id='word_1_691' title='bbox 973 1503 999 1529; x_wconf 83' lang='lat' dir='ltr'><strong>in</strong></span> <span class='ocrx_word' id='word_1_692' title='bbox 1016 1503 1086 1529; x_wconf 81' lang='lat' dir='ltr'><strong>onmi</strong></span> <span class='ocrx_word' id='word_1_693' title='bbox 1102 1502 1157 1529; x_wconf 78' lang='grc' dir='ltr'>ίοιο</span> <span class='ocrx_word' id='word_1_694' title='bbox 1168 1523 1175 1534; x_wconf 77' lang='grc'>,</span> <span class='ocrx_word' id='word_1_695' title='bbox 1191 1503 1242 1534; x_wconf 85' lang='lat' dir='ltr'><strong>ait,</strong></span> <span class='ocrx_word' id='word_1_696' title='bbox 1263 1503 1406 1537; x_wconf 80' lang='lat' dir='ltr'><strong>thymiama</strong></span> <span class='ocrx_word' id='word_1_697' title='bbox 1422 1504 1530 1537; x_wconf 70' lang='lat' dir='ltr'><strong>offertur</strong></span> <span class='ocrx_word' id='word_1_698' title='bbox 1545 1504 1644 1530; x_wconf 84' lang='lat' dir='ltr'><strong>nomini</strong></span> <span class='ocrx_word' id='word_1_699' title='bbox 1659 1513 1713 1531; x_wconf 90' lang='lat' dir='ltr'><strong>meo</strong></span> <span class='ocrx_word' id='word_1_700' title='bbox 1728 1509 1753 1531; x_wconf 80' lang='lat' dir='ltr'><strong>et</strong></span> 
     </span>
    </p>
   </div>
   <div class='ocr_carea' id='block_1_89' title="bbox 973 1548 1753 1583">
    <p class='ocr_par' dir='ltr' id='par_1_89' title="bbox 973 1548 1753 1583">
     <span class='ocr_line' id='line_1_89' title="bbox 973 1548 1753 1583; baseline 0.003 -9"><span class='ocrx_word' id='word_1_701' title='bbox 973 1548 1133 1582; x_wconf 81' lang='lat' dir='ltr'><strong>sacri/icium</strong></span> <span class='ocrx_word' id='word_1_702' title='bbox 1148 1548 1274 1575; x_wconf 82' lang='lat' dir='ltr'><strong>mundum</strong></span> <span class='ocrx_word' id='word_1_703' title='bbox 1289 1548 1311 1563; x_wconf 71' lang='lat'>“</span> <span class='ocrx_word' id='word_1_704' title='bbox 1324 1557 1330 1581; x_wconf 90' lang='lat'><strong>;</strong></span> <span class='ocrx_word' id='word_1_705' title='bbox 1346 1555 1376 1575; x_wconf 85' lang='lat' dir='ltr'><strong>ac</strong></span> <span class='ocrx_word' id='word_1_706' title='bbox 1391 1556 1518 1580; x_wconf 81' lang='lat' dir='ltr'><strong>rursum,</strong></span> <span class='ocrx_word' id='word_1_707' title='bbox 1540 1549 1608 1581; x_wconf 81' lang='lat' dir='ltr'><strong>Quia</strong></span> <span class='ocrx_word' id='word_1_708' title='bbox 1631 1558 1753 1583; x_wconf 80' lang='lat' dir='ltr'><strong>magnum</strong></span> 
     </span>
    </p>
   </div>
   <div class='ocr_carea' id='block_1_90' title="bbox 973 1592 1756 1627">
    <p class='ocr_par' dir='ltr' id='par_1_90' title="bbox 973 1592 1756 1627">
     <span class='ocr_line' id='line_1_90' title="bbox 973 1592 1756 1627; baseline 0.001 -8"><span class='ocrx_word' id='word_1_709' title='bbox 973 1597 1011 1619; x_wconf 80' lang='lat' dir='ltr'><strong>est</strong></span> <span class='ocrx_word' id='word_1_710' title='bbox 1024 1601 1115 1619; x_wconf 88' lang='lat' dir='ltr'><strong>nomen</strong></span> <span class='ocrx_word' id='word_1_711' title='bbox 1128 1601 1212 1619; x_wconf 84' lang='lat' dir='ltr'><strong>meum</strong></span> <span class='ocrx_word' id='word_1_712' title='bbox 1224 1593 1248 1619; x_wconf 83' lang='lat' dir='ltr'><strong>in</strong></span> <span class='ocrx_word' id='word_1_713' title='bbox 1261 1592 1378 1627; x_wconf 78' lang='lat' dir='ltr'><strong>gentibus</strong></span> <span class='ocrx_word' id='word_1_714' title='bbox 1389 1593 1429 1625; x_wconf 62' lang='lat'><strong>‘5“;</strong></span> <span class='ocrx_word' id='word_1_715' title='bbox 1443 1596 1534 1626; x_wconf 81' lang='lat' dir='ltr'><strong>aperte</strong></span> <span class='ocrx_word' id='word_1_716' title='bbox 1545 1592 1664 1619; x_wconf 84' lang='lat' dir='ltr'><strong>declarat</strong></span> <span class='ocrx_word' id='word_1_717' title='bbox 1675 1600 1756 1627; x_wconf 87' lang='lat' dir='ltr'><strong>posse</strong></span> 
     </span>
    </p>
   </div>
   <div class='ocr_carea' id='block_1_91' title="bbox 974 1637 1756 1673">
    <p class='ocr_par' dir='ltr' id='par_1_91' title="bbox 974 1637 1756 1673">
     <span class='ocr_line' id='line_1_91' title="bbox 974 1637 1756 1673; baseline 0 -8"><span class='ocrx_word' id='word_1_718' title='bbox 974 1642 1068 1673; x_wconf 77' lang='lat' dir='ltr'><strong>gentes</strong></span> <span class='ocrx_word' id='word_1_719' title='bbox 1083 1638 1165 1666; x_wconf 85' lang='lat' dir='ltr'><strong>Israel</strong></span> <span class='ocrx_word' id='word_1_720' title='bbox 1180 1647 1258 1670; x_wconf 79' lang='lat' dir='ltr'><strong>esse,</strong></span> <span class='ocrx_word' id='word_1_721' title='bbox 1275 1638 1408 1672; x_wconf 80' lang='lat' dir='ltr'><strong>siquidem</strong></span> <span class='ocrx_word' id='word_1_722' title='bbox 1425 1638 1451 1664; x_wconf 90' lang='lat' dir='ltr'><strong>in</strong></span> <span class='ocrx_word' id='word_1_723' title='bbox 1469 1637 1553 1664; x_wconf 71' lang='lat' dir='ltr'><strong>Israel</strong></span> <span class='ocrx_word' id='word_1_724' title='bbox 1569 1647 1691 1673; x_wconf 85' lang='lat' dir='ltr'><strong>magnum</strong></span> <span class='ocrx_word' id='word_1_725' title='bbox 1707 1647 1756 1665; x_wconf 89' lang='lat' dir='ltr'><strong>no-</strong></span> 
     </span>
    </p>
   </div>
   <div class='ocr_carea' id='block_1_92' title="bbox 974 1682 1756 1718">
    <p class='ocr_par' dir='ltr' id='par_1_92' title="bbox 974 1682 1756 1718">
     <span class='ocr_line' id='line_1_92' title="bbox 974 1682 1756 1718; baseline 0 -8"><span class='ocrx_word' id='word_1_726' title='bbox 974 1693 1031 1711; x_wconf 87' lang='lat' dir='ltr'><strong>men</strong></span> <span class='ocrx_word' id='word_1_727' title='bbox 1046 1684 1113 1718; x_wconf 87' lang='lat' dir='ltr'><strong>ejus.</strong></span> <span class='ocrx_word' id='word_1_728' title='bbox 1129 1683 1229 1711; x_wconf 70' lang='lat' dir='ltr'><strong>Iudaeis</strong></span> <span class='ocrx_word' id='word_1_729' title='bbox 1244 1692 1309 1710; x_wconf 72' lang='lat' dir='ltr'><strong>vero</strong></span> <span class='ocrx_word' id='word_1_730' title='bbox 1324 1683 1483 1710; x_wconf 82' lang='lat' dir='ltr'><strong>dicebatur:</strong></span> <span class='ocrx_word' id='word_1_731' title='bbox 1504 1682 1553 1709; x_wconf 85' lang='lat' dir='ltr'><strong>Vos</strong></span> <span class='ocrx_word' id='word_1_732' title='bbox 1570 1688 1656 1709; x_wconf 88' lang='lat' dir='ltr'><strong>autem</strong></span> <span class='ocrx_word' id='word_1_733' title='bbox 1668 1682 1756 1717; x_wconf 76' lang='lat' dir='ltr'><strong>profa-</strong></span> 
     </span>
    </p>
   </div>
   <div class='ocr_carea' id='block_1_93' title="bbox 973 1727 1756 1763">
    <p class='ocr_par' dir='ltr' id='par_1_93' title="bbox 973 1727 1756 1763">
     <span class='ocr_line' id='line_1_93' title="bbox 973 1727 1756 1763; baseline -0.001 -6"><span class='ocrx_word' id='word_1_734' title='bbox 973 1731 1043 1757; x_wconf 68' lang='lat' dir='ltr'><strong>nltis</strong></span> <span class='ocrx_word' id='word_1_735' title='bbox 1056 1730 1121 1757; x_wconf 82' lang='lat' dir='ltr'><strong>illud</strong></span> <span class='ocrx_word' id='word_1_736' title='bbox 1136 1731 1169 1762; x_wconf 82' lang='lat'><strong>&quot;,</strong></span> <span class='ocrx_word' id='word_1_737' title='bbox 1185 1730 1310 1757; x_wconf 79' lang='lat' dir='ltr'><strong>videlicet</strong></span> <span class='ocrx_word' id='word_1_738' title='bbox 1325 1737 1423 1756; x_wconf 85' lang='lat' dir='ltr'><strong>nomen</strong></span> <span class='ocrx_word' id='word_1_739' title='bbox 1439 1727 1495 1755; x_wconf 82' lang='lat' dir='ltr'><strong>Dei.</strong></span> <span class='ocrx_word' id='word_1_740' title='bbox 1512 1727 1686 1763; x_wconf 78' lang='lat' dir='ltr'><strong>Rursumque</strong></span> <span class='ocrx_word' id='word_1_741' title='bbox 1703 1729 1756 1756; x_wconf 89' lang='lat' dir='ltr'><strong>illis</strong></span> 
     </span>
    </p>
   </div>
   <div class='ocr_carea' id='block_1_94' title="bbox 973 1774 1756 1809">
    <p class='ocr_par' dir='ltr' id='par_1_94' title="bbox 973 1774 1756 1809">
     <span class='ocr_line' id='line_1_94' title="bbox 973 1774 1756 1809; baseline -0.004 -6"><span class='ocrx_word' id='word_1_742' title='bbox 973 1777 1077 1803; x_wconf 83' lang='lat' dir='ltr'><strong>dictum</strong></span> <span class='ocrx_word' id='word_1_743' title='bbox 1099 1781 1159 1803; x_wconf 84' lang='lat' dir='ltr'><strong>est:</strong></span> <span class='ocrx_word' id='word_1_744' title='bbox 1173 1776 1283 1809; x_wconf 85' lang='lat' dir='ltr'><strong>Propter</strong></span> <span class='ocrx_word' id='word_1_745' title='bbox 1302 1784 1346 1802; x_wconf 84' lang='lat' dir='ltr'><strong>vos</strong></span> <span class='ocrx_word' id='word_1_746' title='bbox 1366 1782 1464 1808; x_wconf 81' lang='lat' dir='ltr'><strong>semper</strong></span> <span class='ocrx_word' id='word_1_747' title='bbox 1478 1782 1568 1801; x_wconf 89' lang='lat' dir='ltr'><strong>nomen</strong></span> <span class='ocrx_word' id='word_1_748' title='bbox 1584 1783 1668 1800; x_wconf 83' lang='lat' dir='ltr'><strong>meum</strong></span> <span class='ocrx_word' id='word_1_749' title='bbox 1684 1774 1756 1801; x_wconf 85' lang='lat' dir='ltr'><strong>blas-</strong></span> 
     </span>
    </p>
   </div>
   <div class='ocr_carea' id='block_1_95' title="bbox 973 1819 1756 1856">
    <p class='ocr_par' dir='ltr' id='par_1_95' title="bbox 973 1819 1756 1856">
     <span class='ocr_line' id='line_1_95' title="bbox 973 1819 1756 1856; baseline 0 -9"><span class='ocrx_word' id='word_1_750' title='bbox 973 1822 1111 1856; x_wconf 85' lang='lat' dir='ltr'><strong>phematur</strong></span> <span class='ocrx_word' id='word_1_751' title='bbox 1131 1822 1158 1848; x_wconf 83' lang='lat' dir='ltr'><strong>in</strong></span> <span class='ocrx_word' id='word_1_752' title='bbox 1179 1822 1298 1856; x_wconf 72' lang='lat' dir='ltr'><strong>gentibus</strong></span> <span class='ocrx_word' id='word_1_753' title='bbox 1314 1821 1346 1846; x_wconf 84' lang='grc'><strong>⁸⁷.</strong></span> <span class='ocrx_word' id='word_1_754' title='bbox 1365 1820 1394 1847; x_wconf 83' lang='lat' dir='ltr'><strong>Si</strong></span> <span class='ocrx_word' id='word_1_755' title='bbox 1417 1821 1508 1854; x_wconf 84' lang='lat' dir='ltr'><strong>itaque</strong></span> <span class='ocrx_word' id='word_1_756' title='bbox 1532 1820 1589 1846; x_wconf 58' lang='lat' dir='ltr'><strong>haec</strong></span> <span class='ocrx_word' id='word_1_757' title='bbox 1615 1819 1756 1855; x_wconf 88' lang='lat' dir='ltr'><strong>Scriptura</strong></span> 
     </span>
    </p>
   </div>
   <div class='ocr_carea' id='block_1_96' title="bbox 973 1866 1756 1901">
    <p class='ocr_par' dir='ltr' id='par_1_96' title="bbox 973 1866 1756 1901">
     <span class='ocr_line' id='line_1_96' title="bbox 973 1866 1756 1901; baseline -0.003 -6"><span class='ocrx_word' id='word_1_758' title='bbox 973 1868 1052 1895; x_wconf 87' lang='lat' dir='ltr'><strong>docet</strong></span> <span class='ocrx_word' id='word_1_759' title='bbox 1066 1868 1141 1894; x_wconf 87' lang='lat' dir='ltr'><strong>illum</strong></span> <span class='ocrx_word' id='word_1_760' title='bbox 1158 1875 1219 1895; x_wconf 84' lang='lat' dir='ltr'><strong>esse</strong></span> <span class='ocrx_word' id='word_1_761' title='bbox 1241 1867 1366 1894; x_wconf 85' lang='lat' dir='ltr'><strong>lsraclem</strong></span> <span class='ocrx_word' id='word_1_762' title='bbox 1390 1873 1472 1901; x_wconf 87' lang='lat' dir='ltr'><strong>penes</strong></span> <span class='ocrx_word' id='word_1_763' title='bbox 1497 1873 1576 1900; x_wconf 82' lang='lat' dir='ltr'><strong>quem</strong></span> <span class='ocrx_word' id='word_1_764' title='bbox 1594 1874 1692 1893; x_wconf 90' lang='lat' dir='ltr'><strong>nomen</strong></span> <span class='ocrx_word' id='word_1_765' title='bbox 1709 1866 1756 1893; x_wconf 92' lang='lat' dir='ltr'><strong>Dci</strong></span> 
     </span>
    </p>
   </div>
   <div class='ocr_carea' id='block_1_97' title="bbox 974 1911 1756 1947">
    <p class='ocr_par' dir='ltr' id='par_1_97' title="bbox 974 1911 1756 1947">
     <span class='ocr_line' id='line_1_97' title="bbox 974 1911 1756 1947; baseline -0.003 -7"><span class='ocrx_word' id='word_1_766' title='bbox 974 1914 1140 1945; x_wconf 79' lang='lat' dir='ltr'><strong>celebratur,</strong></span> <span class='ocrx_word' id='word_1_767' title='bbox 1166 1921 1199 1941; x_wconf 75' lang='lat' dir='ltr'><strong>ex</strong></span> <span class='ocrx_word' id='word_1_768' title='bbox 1216 1913 1272 1947; x_wconf 88' lang='lat' dir='ltr'><strong>jam</strong></span> <span class='ocrx_word' id='word_1_769' title='bbox 1294 1912 1378 1939; x_wconf 82' lang='lat' dir='ltr'><strong>&#39;dictis</strong></span> <span class='ocrx_word' id='word_1_770' title='bbox 1402 1911 1575 1939; x_wconf 79' lang='lat' dir='ltr'><strong>manifestum</strong></span> <span class='ocrx_word' id='word_1_771' title='bbox 1603 1912 1684 1938; x_wconf 78' lang='lat' dir='ltr'><strong>fuerit</strong></span> <span class='ocrx_word' id='word_1_772' title='bbox 1709 1912 1756 1946; x_wconf 91' lang='lat' dir='ltr'><strong>qui</strong></span> 
     </span>
    </p>
   </div>
   <div class='ocr_carea' id='block_1_98' title="bbox 974 1957 1756 1994">
    <p class='ocr_par' dir='ltr' id='par_1_98' title="bbox 974 1957 1756 1994">
     <span class='ocr_line' id='line_1_98' title="bbox 974 1957 1756 1994; baseline -0.005 -7"><span class='ocrx_word' id='word_1_773' title='bbox 974 1968 1037 1987; x_wconf 87' lang='lat' dir='ltr'><strong>vere</strong></span> <span class='ocrx_word' id='word_1_774' title='bbox 1061 1964 1086 1987; x_wconf 89' lang='lat' dir='ltr'><strong>et</strong></span> <span class='ocrx_word' id='word_1_775' title='bbox 1111 1959 1219 1994; x_wconf 87' lang='lat' dir='ltr'><strong>proprie</strong></span> <span class='ocrx_word' id='word_1_776' title='bbox 1243 1958 1326 1986; x_wconf 87' lang='lat' dir='ltr'><strong>lsrael</strong></span> <span class='ocrx_word' id='word_1_777' title='bbox 1348 1959 1486 1985; x_wconf 77' lang='lat' dir='ltr'><strong>vocandus</strong></span> <span class='ocrx_word' id='word_1_778' title='bbox 1501 1958 1546 1985; x_wconf 85' lang='lat' dir='ltr'><strong>sit.</strong></span> <span class='ocrx_word' id='word_1_779' title='bbox 1575 1957 1756 1992; x_wconf 87' lang='lat' dir='ltr'><strong>Proportione</strong></span> 
     </span>
    </p>
   </div>
   <div class='ocr_carea' id='block_1_99' title="bbox 974 2002 1757 2040">
    <p class='ocr_par' dir='ltr' id='par_1_99' title="bbox 974 2002 1757 2040">
     <span class='ocr_line' id='line_1_99' title="bbox 974 2002 1757 2040; baseline -0.003 -9"><span class='ocrx_word' id='word_1_780' title='bbox 974 2005 1090 2040; x_wconf 83' lang='lat' dir='ltr'><strong>quadam</strong></span> <span class='ocrx_word' id='word_1_781' title='bbox 1108 2004 1143 2032; x_wconf 86' lang='lat' dir='ltr'><strong>de</strong></span> <span class='ocrx_word' id='word_1_782' title='bbox 1156 2004 1248 2031; x_wconf 51' lang='lat' dir='ltr'><strong>Juda‘a</strong></span> <span class='ocrx_word' id='word_1_783' title='bbox 1266 2004 1336 2031; x_wconf 88' lang='lat' dir='ltr'><strong>idem</strong></span> <span class='ocrx_word' id='word_1_784' title='bbox 1355 2004 1500 2038; x_wconf 73' lang='lat' dir='ltr'><strong>intelligas.</strong></span> <span class='ocrx_word' id='word_1_785' title='bbox 1517 2002 1583 2029; x_wconf 87' lang='lat' dir='ltr'><strong>Nam</strong></span> <span class='ocrx_word' id='word_1_786' title='bbox 1601 2002 1646 2029; x_wconf 88' lang='lat' dir='ltr'><strong>ubi</strong></span> <span class='ocrx_word' id='word_1_787' title='bbox 1663 2003 1757 2037; x_wconf 74' lang='lat' dir='ltr'><strong>cogni-</strong></span> 
     </span>
    </p>
   </div>
   <div class='ocr_carea' id='block_1_100' title="bbox 974 2046 1757 2082">
    <p class='ocr_par' dir='ltr' id='par_1_100' title="bbox 974 2046 1757 2082">
     <span class='ocr_line' id='line_1_100' title="bbox 974 2046 1757 2082; baseline -0.005 -5"><span class='ocrx_word' id='word_1_788' title='bbox 974 2050 1013 2076; x_wconf 89' lang='lat' dir='ltr'><strong>tio</strong></span> <span class='ocrx_word' id='word_1_789' title='bbox 1036 2049 1083 2077; x_wconf 85' lang='lat' dir='ltr'><strong>Dei</strong></span> <span class='ocrx_word' id='word_1_790' title='bbox 1108 2053 1166 2082; x_wconf 89' lang='lat' dir='ltr'><strong>est,</strong></span> <span class='ocrx_word' id='word_1_791' title='bbox 1191 2049 1229 2076; x_wconf 89' lang='lat' dir='ltr'><strong>ibi</strong></span> <span class='ocrx_word' id='word_1_792' title='bbox 1255 2048 1346 2075; x_wconf 72' lang='lat' dir='ltr'><strong>Judaea</strong></span> <span class='ocrx_word' id='word_1_793' title='bbox 1370 2048 1487 2076; x_wconf 84' lang='lat' dir='ltr'><strong>exsistit.</strong></span> <span class='ocrx_word' id='word_1_794' title='bbox 1513 2046 1590 2080; x_wconf 85' lang='lat' dir='ltr'><strong>Quod</strong></span> <span class='ocrx_word' id='word_1_795' title='bbox 1610 2047 1652 2074; x_wconf 86' lang='lat' dir='ltr'><strong>his</strong></span> <span class='ocrx_word' id='word_1_796' title='bbox 1665 2047 1757 2074; x_wconf 81' lang='lat' dir='ltr'><strong>verbis</strong></span> 
     </span>
    </p>
   </div>
   <div class='ocr_carea' id='block_1_101' title="bbox 975 2093 1757 2131">
    <p class='ocr_par' dir='ltr' id='par_1_101' title="bbox 975 2093 1757 2131">
     <span class='ocr_line' id='line_1_101' title="bbox 975 2093 1757 2131; baseline -0.005 -8"><span class='ocrx_word' id='word_1_797' title='bbox 975 2096 1116 2131; x_wconf 87' lang='lat' dir='ltr'><strong>Scriptura</strong></span> <span class='ocrx_word' id='word_1_798' title='bbox 1138 2095 1278 2123; x_wconf 84' lang='lat' dir='ltr'><strong>declarat:</strong></span> <span class='ocrx_word' id='word_1_799' title='bbox 1298 2094 1384 2121; x_wconf 81' lang='lat' dir='ltr'><strong>Notus</strong></span> <span class='ocrx_word' id='word_1_800' title='bbox 1407 2094 1433 2120; x_wconf 86' lang='lat' dir='ltr'><strong>in</strong></span> <span class='ocrx_word' id='word_1_801' title='bbox 1456 2093 1552 2120; x_wconf 64' lang='lat' dir='ltr'><strong>Iudaea</strong></span> <span class='ocrx_word' id='word_1_802' title='bbox 1574 2093 1655 2120; x_wconf 82' lang='lat' dir='ltr'><strong>Deus.</strong></span> <span class='ocrx_word' id='word_1_803' title='bbox 1679 2093 1757 2126; x_wconf 85' lang='lat' dir='ltr'><strong>Quod</strong></span> 
     </span>
    </p>
   </div>
   <div class='ocr_carea' id='block_1_102' title="bbox 975 2139 1759 2172">
    <p class='ocr_par' dir='ltr' id='par_1_102' title="bbox 975 2139 1759 2172">
     <span class='ocr_line' id='line_1_102' title="bbox 975 2139 1759 2172; baseline -0.004 -3"><span class='ocrx_word' id='word_1_804' title='bbox 975 2143 998 2170; x_wconf 87' lang='lat' dir='ltr'><strong>si</strong></span> <span class='ocrx_word' id='word_1_805' title='bbox 1014 2142 1039 2169; x_wconf 87' lang='lat' dir='ltr'><strong>id</strong></span> <span class='ocrx_word' id='word_1_806' title='bbox 1056 2150 1110 2169; x_wconf 87' lang='lat' dir='ltr'><strong>non</strong></span> <span class='ocrx_word' id='word_1_807' title='bbox 1124 2142 1151 2168; x_wconf 88' lang='lat' dir='ltr'><strong>in</strong></span> <span class='ocrx_word' id='word_1_808' title='bbox 1165 2140 1257 2168; x_wconf 67' lang='lat' dir='ltr'><strong>Judrea</strong></span> <span class='ocrx_word' id='word_1_809' title='bbox 1269 2161 1276 2172; x_wconf 96' lang='lat'><strong>,</strong></span> <span class='ocrx_word' id='word_1_810' title='bbox 1293 2141 1350 2168; x_wconf 84' lang='lat' dir='ltr'><strong>sive</strong></span> <span class='ocrx_word' id='word_1_811' title='bbox 1366 2140 1392 2167; x_wconf 90' lang='lat' dir='ltr'><strong>in</strong></span> <span class='ocrx_word' id='word_1_812' title='bbox 1407 2139 1613 2167; x_wconf 70' lang='lat' dir='ltr'><strong>Palmstinorum</strong></span> <span class='ocrx_word' id='word_1_813' title='bbox 1628 2145 1700 2167; x_wconf 81' lang='lat' dir='ltr'><strong>terra</strong></span> <span class='ocrx_word' id='word_1_814' title='bbox 1715 2147 1759 2166; x_wconf 76' lang='lat' dir='ltr'><strong>re-</strong></span> 
     </span>
    </p>
   </div>
   <div class='ocr_carea' id='block_1_103' title="bbox 975 2184 1758 2223">
    <p class='ocr_par' dir='ltr' id='par_1_103' title="bbox 975 2184 1758 2223">
     <span class='ocr_line' id='line_1_103' title="bbox 975 2184 1758 2223; baseline -0.004 -9"><span class='ocrx_word' id='word_1_815' title='bbox 975 2188 1088 2223; x_wconf 86' lang='lat' dir='ltr'><strong>peritur,</strong></span> <span class='ocrx_word' id='word_1_816' title='bbox 1113 2195 1174 2214; x_wconf 84' lang='lat' dir='ltr'><strong>cum</strong></span> <span class='ocrx_word' id='word_1_817' title='bbox 1193 2187 1277 2213; x_wconf 87' lang='lat' dir='ltr'><strong>multa</strong></span> <span class='ocrx_word' id='word_1_818' title='bbox 1300 2186 1335 2213; x_wconf 85' lang='lat' dir='ltr'><strong>ibi</strong></span> <span class='ocrx_word' id='word_1_819' title='bbox 1360 2185 1513 2212; x_wconf 82' lang='lat' dir='ltr'><strong>idololatria</strong></span> <span class='ocrx_word' id='word_1_820' title='bbox 1540 2185 1632 2217; x_wconf 75' lang='lat' dir='ltr'><strong>fuerit,</strong></span> <span class='ocrx_word' id='word_1_821' title='bbox 1648 2184 1758 2220; x_wconf 73' lang='lat' dir='ltr'><strong>quando</strong></span> 
     </span>
    </p>
   </div>
   <div class='ocr_carea' id='block_1_104' title="bbox 975 2231 1758 2266">
    <p class='ocr_par' dir='ltr' id='par_1_104' title="bbox 975 2231 1758 2266">
     <span class='ocr_line' id='line_1_104' title="bbox 975 2231 1758 2266; baseline -0.004 -6"><span class='ocrx_word' id='word_1_822' title='bbox 975 2234 1038 2260; x_wconf 92' lang='lat' dir='ltr'><strong>olim</strong></span> <span class='ocrx_word' id='word_1_823' title='bbox 1061 2233 1145 2260; x_wconf 60' lang='lat' dir='ltr'><strong>Judaai</strong></span> <span class='ocrx_word' id='word_1_824' title='bbox 1172 2232 1242 2259; x_wconf 87' lang='lat' dir='ltr'><strong>idola</strong></span> <span class='ocrx_word' id='word_1_825' title='bbox 1265 2232 1408 2264; x_wconf 80' lang='lat' dir='ltr'><strong>colebant,</strong></span> <span class='ocrx_word' id='word_1_826' title='bbox 1427 2233 1463 2257; x_wconf 87' lang='lat' dir='ltr'><strong>ita</strong></span> <span class='ocrx_word' id='word_1_827' title='bbox 1478 2235 1508 2258; x_wconf 92' lang='lat' dir='ltr'><strong>ut</strong></span> <span class='ocrx_word' id='word_1_828' title='bbox 1525 2231 1663 2266; x_wconf 72' lang='lat' dir='ltr'><strong>propheta:</strong></span> <span class='ocrx_word' id='word_1_829' title='bbox 1684 2231 1758 2265; x_wconf 87' lang='lat' dir='ltr'><strong>ipsos</strong></span> 
     </span>
    </p>
   </div>
   <div class='ocr_carea' id='block_1_105' title="bbox 976 2276 1758 2315">
    <p class='ocr_par' dir='ltr' id='par_1_105' title="bbox 976 2276 1758 2315">
     <span class='ocr_line' id='line_1_105' title="bbox 976 2276 1758 2315; baseline -0.006 -8"><span class='ocrx_word' id='word_1_830' title='bbox 976 2283 1155 2315; x_wconf 64' lang='lat' dir='ltr'><strong>coargue-rent</strong></span> <span class='ocrx_word' id='word_1_831' title='bbox 1169 2287 1200 2306; x_wconf 88' lang='lat' dir='ltr'><strong>ac</strong></span> <span class='ocrx_word' id='word_1_832' title='bbox 1214 2278 1353 2309; x_wconf 83' lang='lat' dir='ltr'><strong>dicerent,</strong></span> <span class='ocrx_word' id='word_1_833' title='bbox 1375 2276 1444 2304; x_wconf 82' lang='lat' dir='ltr'><strong>Nam</strong></span> <span class='ocrx_word' id='word_1_834' title='bbox 1461 2277 1602 2305; x_wconf 81' lang='lat' dir='ltr'><strong>secundum</strong></span> <span class='ocrx_word' id='word_1_835' title='bbox 1621 2285 1758 2303; x_wconf 77' lang='lat' dir='ltr'><strong>numerum</strong></span> 
     </span>
    </p>
   </div>
   <div class='ocr_carea' id='block_1_106' title="bbox 978 2321 1758 2355">
    <p class='ocr_par' dir='ltr' id='par_1_106' title="bbox 978 2321 1758 2355">
     <span class='ocr_line' id='line_1_106' title="bbox 978 2321 1758 2355; baseline -0.005 -4"><span class='ocrx_word' id='word_1_836' title='bbox 978 2325 1112 2351; x_wconf 85' lang='lat' dir='ltr'><strong>civitatum</strong></span> <span class='ocrx_word' id='word_1_837' title='bbox 1131 2329 1237 2350; x_wconf 85' lang='lat' dir='ltr'><strong>tuarum</strong></span> <span class='ocrx_word' id='word_1_838' title='bbox 1254 2328 1327 2350; x_wconf 83' lang='lat' dir='ltr'><strong>erunt</strong></span> <span class='ocrx_word' id='word_1_839' title='bbox 1345 2322 1382 2349; x_wconf 85' lang='lat' dir='ltr'><strong>dii</strong></span> <span class='ocrx_word' id='word_1_840' title='bbox 1404 2323 1451 2355; x_wconf 85' lang='lat' dir='ltr'><strong>tui,</strong></span> <span class='ocrx_word' id='word_1_841' title='bbox 1470 2321 1542 2349; x_wconf 74' lang='lat' dir='ltr'><strong>Iuda</strong></span> <span class='ocrx_word' id='word_1_842' title='bbox 1553 2342 1560 2354; x_wconf 88' lang='lat'><strong>,</strong></span> <span class='ocrx_word' id='word_1_843' title='bbox 1577 2326 1601 2349; x_wconf 84' lang='lat' dir='ltr'><strong>et</strong></span> <span class='ocrx_word' id='word_1_844' title='bbox 1616 2321 1758 2348; x_wconf 75' lang='lat' dir='ltr'><strong>secundum</strong></span> 
     </span>
    </p>
   </div>
   <div class='ocr_carea' id='block_1_107' title="bbox 979 2366 1761 2400">
    <p class='ocr_par' dir='ltr' id='par_1_107' title="bbox 979 2366 1761 2400">
     <span class='ocr_line' id='line_1_107' title="bbox 979 2366 1761 2400; baseline -0.004 -4"><span class='ocrx_word' id='word_1_845' title='bbox 979 2378 1115 2397; x_wconf 75' lang='lat' dir='ltr'><strong>numerant</strong></span> <span class='ocrx_word' id='word_1_846' title='bbox 1144 2369 1272 2396; x_wconf 79' lang='lat' dir='ltr'><strong>biviorum</strong></span> <span class='ocrx_word' id='word_1_847' title='bbox 1309 2367 1458 2394; x_wconf 79' lang='lat' dir='ltr'><strong>Jerusalem</strong></span> <span class='ocrx_word' id='word_1_848' title='bbox 1488 2366 1676 2400; x_wconf 74' lang='lat' dir='ltr'><strong>sacriﬁcabant</strong></span> <span class='ocrx_word' id='word_1_849' title='bbox 1711 2367 1761 2399; x_wconf 75' lang='lat' dir='ltr'><strong>ipsi</strong></span> 
     </span>
    </p>
   </div>
   <div class='ocr_carea' id='block_1_108' title="bbox 978 2410 1761 2450">
    <p class='ocr_par' dir='ltr' id='par_1_108' title="bbox 978 2410 1761 2450">
     <span class='ocr_line' id='line_1_108' title="bbox 978 2410 1761 2450; baseline -0.004 -8"><span class='ocrx_word' id='word_1_850' title='bbox 978 2416 1047 2443; x_wconf 87' lang='lat' dir='ltr'><strong>Baal</strong></span> <span class='ocrx_word' id='word_1_851' title='bbox 1062 2416 1095 2446; x_wconf 83' lang='grc'><strong>⁵⁸.</strong></span> <span class='ocrx_word' id='word_1_852' title='bbox 1110 2415 1156 2450; x_wconf 87' lang='lat' dir='ltr'><strong>qui</strong></span> <span class='ocrx_word' id='word_1_853' title='bbox 1174 2415 1232 2441; x_wconf 83' lang='lat' dir='ltr'><strong>ﬁeri</strong></span> <span class='ocrx_word' id='word_1_854' title='bbox 1246 2419 1334 2449; x_wconf 85' lang='lat' dir='ltr'><strong>potest</strong></span> <span class='ocrx_word' id='word_1_855' title='bbox 1349 2413 1419 2440; x_wconf 89' lang='lat' dir='ltr'><strong>hanc</strong></span> <span class='ocrx_word' id='word_1_856' title='bbox 1433 2412 1486 2438; x_wconf 88' lang='lat' dir='ltr'><strong>dici</strong></span> <span class='ocrx_word' id='word_1_857' title='bbox 1501 2410 1622 2439; x_wconf 61' lang='lat' dir='ltr'><strong>Judaam</strong></span> <span class='ocrx_word' id='word_1_858' title='bbox 1640 2419 1700 2446; x_wconf 57' lang='lat' dir='ltr'><strong>quae</strong></span> <span class='ocrx_word' id='word_1_859' title='bbox 1714 2419 1761 2439; x_wconf 86' lang='lat' dir='ltr'><strong>no-</strong></span> 
     </span>
    </p>
   </div>
   <div class='ocr_carea' id='block_1_109' title="bbox 978 2456 1759 2492">
    <p class='ocr_par' dir='ltr' id='par_1_109' title="bbox 978 2456 1759 2492">
     <span class='ocr_line' id='line_1_109' title="bbox 978 2456 1759 2492; baseline -0.004 -5"><span class='ocrx_word' id='word_1_860' title='bbox 978 2462 1065 2487; x_wconf 86' lang='lat' dir='ltr'><strong>titiam</strong></span> <span class='ocrx_word' id='word_1_861' title='bbox 1083 2460 1129 2487; x_wconf 87' lang='lat' dir='ltr'><strong>Dei</strong></span> <span class='ocrx_word' id='word_1_862' title='bbox 1146 2460 1289 2486; x_wconf 86' lang='lat' dir='ltr'><strong>obtineat?</strong></span> <span class='ocrx_word' id='word_1_863' title='bbox 1304 2459 1360 2485; x_wconf 89' lang='lat' dir='ltr'><strong>Cur</strong></span> <span class='ocrx_word' id='word_1_864' title='bbox 1373 2459 1437 2485; x_wconf 90' lang='lat' dir='ltr'><strong>item</strong></span> <span class='ocrx_word' id='word_1_865' title='bbox 1451 2465 1506 2484; x_wconf 89' lang='lat' dir='ltr'><strong>non</strong></span> <span class='ocrx_word' id='word_1_866' title='bbox 1524 2457 1600 2484; x_wconf 87' lang='lat' dir='ltr'><strong>dicas</strong></span> <span class='ocrx_word' id='word_1_867' title='bbox 1616 2456 1759 2492; x_wconf 64' lang='lat' dir='ltr'><strong>Egyptio-</strong></span> 
     </span>
    </p>
   </div>
   <div class='ocr_carea' id='block_1_110' title="bbox 978 2504 1759 2542">
    <p class='ocr_par' dir='ltr' id='par_1_110' title="bbox 978 2504 1759 2542">
     <span class='ocr_line' id='line_1_110' title="bbox 978 2504 1759 2542; baseline -0.005 -8"><span class='ocrx_word' id='word_1_868' title='bbox 978 2515 1037 2534; x_wconf 89' lang='lat' dir='ltr'><strong>rum</strong></span> <span class='ocrx_word' id='word_1_869' title='bbox 1053 2507 1190 2542; x_wconf 74' lang='lat' dir='ltr'><strong>regionem</strong></span> <span class='ocrx_word' id='word_1_870' title='bbox 1205 2513 1237 2533; x_wconf 90' lang='lat' dir='ltr'><strong>eo</strong></span> <span class='ocrx_word' id='word_1_871' title='bbox 1252 2505 1382 2532; x_wconf 75' lang='lat' dir='ltr'><strong>vooabulo</strong></span> <span class='ocrx_word' id='word_1_872' title='bbox 1396 2505 1521 2539; x_wconf 78' lang='lat' dir='ltr'><strong>dignam,</strong></span> <span class='ocrx_word' id='word_1_873' title='bbox 1537 2504 1570 2531; x_wconf 86' lang='lat' dir='ltr'><strong>de</strong></span> <span class='ocrx_word' id='word_1_874' title='bbox 1585 2511 1637 2538; x_wconf 84' lang='lat' dir='ltr'><strong>qua</strong></span> <span class='ocrx_word' id='word_1_875' title='bbox 1656 2504 1759 2531; x_wconf 88' lang='lat' dir='ltr'><strong>dictum</strong></span> 
     </span>
    </p>
   </div>
   <div class='ocr_carea' id='block_1_111' title="bbox 977 2548 1759 2585">
    <p class='ocr_par' dir='ltr' id='par_1_111' title="bbox 977 2548 1759 2585">
     <span class='ocr_line' id='line_1_111' title="bbox 977 2548 1759 2585; baseline -0.005 -6"><span class='ocrx_word' id='word_1_876' title='bbox 977 2557 1035 2585; x_wconf 77' lang='lat' dir='ltr'><strong>est,</strong></span> <span class='ocrx_word' id='word_1_877' title='bbox 1057 2551 1091 2578; x_wconf 85' lang='lat' dir='ltr'><strong>Et</strong></span> <span class='ocrx_word' id='word_1_878' title='bbox 1105 2552 1154 2578; x_wconf 83' lang='lat' dir='ltr'><strong>erit</strong></span> <span class='ocrx_word' id='word_1_879' title='bbox 1170 2551 1253 2577; x_wconf 83' lang='lat' dir='ltr'><strong>altare</strong></span> <span class='ocrx_word' id='word_1_880' title='bbox 1269 2550 1380 2577; x_wconf 86' lang='lat' dir='ltr'><strong>Domino</strong></span> <span class='ocrx_word' id='word_1_881' title='bbox 1397 2550 1423 2576; x_wconf 88' lang='lat' dir='ltr'><strong>in</strong></span> <span class='ocrx_word' id='word_1_882' title='bbox 1441 2554 1510 2575; x_wconf 87' lang='lat' dir='ltr'><strong>terra</strong></span> <span class='ocrx_word' id='word_1_883' title='bbox 1533 2548 1643 2583; x_wconf 62' lang='lat' dir='ltr'><strong>ngypti</strong></span> <span class='ocrx_word' id='word_1_884' title='bbox 1658 2549 1700 2582; x_wconf 85' lang='lat'><strong>”;</strong></span> <span class='ocrx_word' id='word_1_885' title='bbox 1727 2557 1759 2576; x_wconf 75' lang='lat' dir='ltr'><strong>an</strong></span> 
     </span>
    </p>
   </div>
   <div class='ocr_carea' id='block_1_112' title="bbox 978 2593 1759 2629">
    <p class='ocr_par' dir='ltr' id='par_1_112' title="bbox 978 2593 1759 2629">
     <span class='ocr_line' id='line_1_112' title="bbox 978 2593 1759 2629; baseline -0.005 -4"><span class='ocrx_word' id='word_1_886' title='bbox 978 2605 1090 2629; x_wconf 78' lang='lat' dir='ltr'><strong>rursus,</strong></span> <span class='ocrx_word' id='word_1_887' title='bbox 1115 2597 1148 2623; x_wconf 81' lang='lat' dir='ltr'><strong>Et</strong></span> <span class='ocrx_word' id='word_1_888' title='bbox 1163 2601 1240 2624; x_wconf 85' lang='lat' dir='ltr'><strong>notus</strong></span> <span class='ocrx_word' id='word_1_889' title='bbox 1263 2596 1313 2623; x_wconf 81' lang='lat' dir='ltr'><strong>erit</strong></span> <span class='ocrx_word' id='word_1_890' title='bbox 1335 2595 1462 2622; x_wconf 85' lang='lat' dir='ltr'><strong>Dominus</strong></span> <span class='ocrx_word' id='word_1_891' title='bbox 1477 2594 1636 2629; x_wconf 53' lang='lat' dir='ltr'><strong>[EgyptiiL9</strong></span> <span class='ocrx_word' id='word_1_892' title='bbox 1653 2593 1719 2621; x_wconf 87' lang='lat' dir='ltr'><strong>Nam</strong></span> <span class='ocrx_word' id='word_1_893' title='bbox 1736 2596 1759 2622; x_wconf 89' lang='lat' dir='ltr'><strong>si</strong></span> 
     </span>
    </p>
   </div>
   <div class='ocr_carea' id='block_1_113' title="bbox 978 2640 1758 2679">
    <p class='ocr_par' dir='ltr' id='par_1_113' title="bbox 978 2640 1758 2679">
     <span class='ocr_line' id='line_1_113' title="bbox 978 2640 1758 2679; baseline -0.006 -7"><span class='ocrx_word' id='word_1_894' title='bbox 978 2652 1060 2679; x_wconf 87' lang='lat' dir='ltr'><strong>penes</strong></span> <span class='ocrx_word' id='word_1_895' title='bbox 1080 2651 1126 2671; x_wconf 86' lang='lat' dir='ltr'><strong>eos</strong></span> <span class='ocrx_word' id='word_1_896' title='bbox 1143 2643 1242 2678; x_wconf 87' lang='lat' dir='ltr'><strong>quibus</strong></span> <span class='ocrx_word' id='word_1_897' title='bbox 1260 2646 1341 2669; x_wconf 89' lang='lat' dir='ltr'><strong>notus</strong></span> <span class='ocrx_word' id='word_1_898' title='bbox 1359 2645 1400 2669; x_wconf 88' lang='lat' dir='ltr'><strong>est</strong></span> <span class='ocrx_word' id='word_1_899' title='bbox 1418 2641 1489 2668; x_wconf 81' lang='lat' dir='ltr'><strong>Deus</strong></span> <span class='ocrx_word' id='word_1_900' title='bbox 1504 2640 1596 2668; x_wconf 67' lang='lat' dir='ltr'><strong>Iudaea</strong></span> <span class='ocrx_word' id='word_1_901' title='bbox 1612 2641 1758 2676; x_wconf 82' lang='lat' dir='ltr'><strong>reperitur.</strong></span> 
     </span>
    </p>
   </div>
   <div class='ocr_carea' id='block_1_114' title="bbox 978 2686 1758 2724">
    <p class='ocr_par' dir='ltr' id='par_1_114' title="bbox 978 2686 1758 2724">
     <span class='ocr_line' id='line_1_114' title="bbox 978 2686 1758 2724; baseline -0.005 -8"><span class='ocrx_word' id='word_1_902' title='bbox 978 2689 1043 2724; x_wconf 89' lang='lat' dir='ltr'><strong>quid</strong></span> <span class='ocrx_word' id='word_1_903' title='bbox 1067 2688 1195 2723; x_wconf 85' lang='lat' dir='ltr'><strong>impediat</strong></span> <span class='ocrx_word' id='word_1_904' title='bbox 1216 2688 1363 2722; x_wconf 90' lang='lat' dir='ltr'><strong>quominus</strong></span> <span class='ocrx_word' id='word_1_905' title='bbox 1387 2693 1482 2714; x_wconf 89' lang='lat' dir='ltr'><strong>omnes</strong></span> <span class='ocrx_word' id='word_1_906' title='bbox 1507 2686 1554 2721; x_wconf 92' lang='lat' dir='ltr'><strong>qui</strong></span> <span class='ocrx_word' id='word_1_907' title='bbox 1576 2686 1758 2721; x_wconf 77' lang='lat' dir='ltr'><strong>cognitionem</strong></span> 
     </span>
    </p>
   </div>
   <div class='ocr_carea' id='block_1_115' title="bbox 979 2731 1760 2770">
    <p class='ocr_par' dir='ltr' id='par_1_115' title="bbox 979 2731 1760 2770">
     <span class='ocr_line' id='line_1_115' title="bbox 979 2731 1760 2770; baseline -0.005 -7"><span class='ocrx_word' id='word_1_908' title='bbox 979 2736 1025 2763; x_wconf 89' lang='lat' dir='ltr'><strong>Dei</strong></span> <span class='ocrx_word' id='word_1_909' title='bbox 1041 2739 1203 2770; x_wconf 79' lang='lat' dir='ltr'><strong>acceperunt</strong></span> <span class='ocrx_word' id='word_1_910' title='bbox 1215 2734 1242 2760; x_wconf 94' lang='lat' dir='ltr'><strong>in</strong></span> <span class='ocrx_word' id='word_1_911' title='bbox 1253 2733 1346 2761; x_wconf 83' lang='lat' dir='ltr'><strong>Judaea</strong></span> <span class='ocrx_word' id='word_1_912' title='bbox 1358 2740 1419 2760; x_wconf 88' lang='lat' dir='ltr'><strong>esse</strong></span> <span class='ocrx_word' id='word_1_913' title='bbox 1434 2732 1581 2760; x_wconf 81' lang='lat' dir='ltr'><strong>dicantur?</strong></span> <span class='ocrx_word' id='word_1_914' title='bbox 1595 2731 1684 2764; x_wconf 83' lang='lat' dir='ltr'><strong>Quare</strong></span> <span class='ocrx_word' id='word_1_915' title='bbox 1697 2738 1760 2759; x_wconf 89' lang='lat' dir='ltr'><strong>con-</strong></span> 
     </span>
    </p>
   </div>
   <div class='ocr_carea' id='block_1_116' title="bbox 978 2777 1760 2817">
    <p class='ocr_par' dir='ltr' id='par_1_116' title="bbox 978 2777 1760 2817">
     <span class='ocr_line' id='line_1_116' title="bbox 978 2777 1760 2817; baseline -0.005 -8"><span class='ocrx_word' id='word_1_916' title='bbox 978 2786 1121 2817; x_wconf 86' lang='lat' dir='ltr'><strong>sequenter</strong></span> <span class='ocrx_word' id='word_1_917' title='bbox 1135 2780 1168 2807; x_wconf 88' lang='lat' dir='ltr'><strong>ad</strong></span> <span class='ocrx_word' id='word_1_918' title='bbox 1181 2780 1289 2812; x_wconf 79' lang='lat' dir='ltr'><strong>isthaec,</strong></span> <span class='ocrx_word' id='word_1_919' title='bbox 1303 2779 1425 2807; x_wconf 87' lang='lat' dir='ltr'><strong>Ecclesia</strong></span> <span class='ocrx_word' id='word_1_920' title='bbox 1440 2778 1486 2806; x_wconf 81' lang='lat' dir='ltr'><strong>Dei</strong></span> <span class='ocrx_word' id='word_1_921' title='bbox 1501 2786 1549 2814; x_wconf 86' lang='lat' dir='ltr'><strong>per</strong></span> <span class='ocrx_word' id='word_1_922' title='bbox 1563 2781 1650 2805; x_wconf 86' lang='lat' dir='ltr'><strong>totum</strong></span> <span class='ocrx_word' id='word_1_923' title='bbox 1665 2777 1760 2805; x_wconf 85' lang='lat' dir='ltr'><strong>orbem</strong></span> 
     </span>
    </p>
   </div>
   <div class='ocr_carea' id='block_1_117' title="bbox 941 2294 963 2322">
    <p class='ocr_par' dir='ltr' id='par_1_117' title="bbox 941 2294 963 2322">
     <span class='ocr_line' id='line_1_117' title="bbox 941 2294 963 2322; baseline 0 0"><span class='ocrx_word' id='word_1_924' title='bbox 941 2294 963 2322; x_wconf 93' lang='lat' dir='ltr'><strong>D</strong></span> 
     </span>
    </p>
   </div>
   <div class='ocr_carea' id='block_1_118' title="bbox 182 2887 923 2932">
    <p class='ocr_par' dir='ltr' id='par_1_118' title="bbox 182 2893 923 2932">
     <span class='ocr_line' id='line_1_118' title="bbox 182 2893 923 2932; baseline -0.008 -6"><span class='ocrx_word' id='word_1_925' title='bbox 182 2899 204 2916; x_wconf 78' lang='grc'><strong>⁸⁸</strong></span> <span class='ocrx_word' id='word_1_926' title='bbox 222 2898 302 2926; x_wconf 81' lang='lat' dir='ltr'><strong>Rom.</strong></span> <span class='ocrx_word' id='word_1_927' title='bbox 329 2898 417 2932; x_wconf 66' lang='grc'><strong>11,28,</strong></span> <span class='ocrx_word' id='word_1_928' title='bbox 434 2897 480 2926; x_wconf 74' lang='lat'><strong>29.</strong></span> <span class='ocrx_word' id='word_1_929' title='bbox 517 2897 541 2914; x_wconf 77' lang='lat'><strong>&#39;°</strong></span> <span class='ocrx_word' id='word_1_930' title='bbox 559 2896 677 2931; x_wconf 80' lang='lat' dir='ltr'><strong>Philipp.</strong></span> <span class='ocrx_word' id='word_1_931' title='bbox 695 2902 738 2928; x_wconf 85' lang='lat' dir='ltr'><strong>ut,</strong></span> <span class='ocrx_word' id='word_1_932' title='bbox 756 2895 784 2932; x_wconf 65' lang='grc' dir='ltr'><strong>ξ.</strong></span> <span class='ocrx_word' id='word_1_933' title='bbox 821 2893 923 2932; x_wconf 80' lang='lat' dir='ltr'><strong>&quot;__l_Co</strong></span> 
     </span>
    </p>
   </div>
   <div class='ocr_carea' id='block_1_119' title="bbox 973 2887 1758 2932">
    <p class='ocr_par' dir='ltr' id='par_1_119' title="bbox 973 2887 1758 2932">
     <span class='ocr_line' id='line_1_119' title="bbox 973 2887 1758 2932; baseline -0.006 -12"><span class='ocrx_word' id='word_1_934' title='bbox 973 2892 1060 2932; x_wconf 28' lang='grc' dir='ltr'><strong>χχι-ε.</strong></span> <span class='ocrx_word' id='word_1_935' title='bbox 1083 2891 1198 2932; x_wconf 30' lang='grc' dir='ltr'><strong>..ιι-ιω.</strong></span> <span class='ocrx_word' id='word_1_936' title='bbox 1217 2899 1244 2923; x_wconf 88' lang='grc' dir='ltr'><em>ι.</em></span> <span class='ocrx_word' id='word_1_937' title='bbox 1262 2890 1307 2932; x_wconf 35' lang='grc' dir='ltr'><strong>ιλ</strong></span> <span class='ocrx_word' id='word_1_938' title='bbox 1335 2891 1359 2907; x_wconf 72' lang='grc' dir='ltr'>ιι</span> <span class='ocrx_word' id='word_1_939' title='bbox 1379 2890 1446 2918; x_wconf 90' lang='lat' dir='ltr'><strong>ibid.</strong></span> <span class='ocrx_word' id='word_1_940' title='bbox 1463 2889 1506 2919; x_wconf 83' lang='lat' dir='ltr'><strong>to.</strong></span> <span class='ocrx_word' id='word_1_941' title='bbox 1555 2889 1580 2906; x_wconf 74' lang='grc' dir='ltr'><em>ιι</em></span> <span class='ocrx_word' id='word_1_942' title='bbox 1599 2887 1713 2917; x_wconf 74' lang='lat' dir='ltr'><strong>Malach.</strong></span> <span class='ocrx_word' id='word_1_943' title='bbox 1731 2895 1758 2922; x_wconf 85' lang='grc' dir='ltr'><strong>ι,</strong></span> 
     </span>
    </p>
   </div>
   <div class='ocr_carea' id='block_1_120' title="bbox 148 2928 929 2966">
    <p class='ocr_par' dir='ltr' id='par_1_120' title="bbox 148 2928 929 2966">
     <span class='ocr_line' id='line_1_120' title="bbox 148 2928 929 2966; baseline -0.006 -5"><span class='ocrx_word' id='word_1_944' title='bbox 148 2933 191 2963; x_wconf 78' lang='lat' dir='ltr'><strong>H.</strong></span> <span class='ocrx_word' id='word_1_945' title='bbox 229 2934 252 2950; x_wconf 85' lang='lat'><strong>&quot;</strong></span> <span class='ocrx_word' id='word_1_946' title='bbox 271 2933 337 2962; x_wconf 84' lang='lat' dir='ltr'><strong>ibid.</strong></span> <span class='ocrx_word' id='word_1_947' title='bbox 353 2928 359 2932; x_wconf 73' lang='grc'><em>’</em></span> <span class='ocrx_word' id='word_1_948' title='bbox 375 2934 398 2950; x_wconf 80' lang='grc'><strong>³⁸</strong></span> <span class='ocrx_word' id='word_1_949' title='bbox 411 2928 481 2962; x_wconf 76' lang='lat' dir='ltr'><strong>ibid.</strong></span> <span class='ocrx_word' id='word_1_950' title='bbox 499 2932 541 2960; x_wconf 71' lang='lat' dir='ltr'><strong>i2.</strong></span> <span class='ocrx_word' id='word_1_951' title='bbox 580 2932 601 2948; x_wconf 84' lang='lat'><strong>&quot;’</strong></span> <span class='ocrx_word' id='word_1_952' title='bbox 617 2928 670 2959; x_wconf 68' lang='lat' dir='ltr'><strong>Isti.</strong></span> <span class='ocrx_word' id='word_1_953' title='bbox 691 2938 738 2965; x_wconf 80' lang='grc' dir='ltr'><em>ιιι,</em></span> <span class='ocrx_word' id='word_1_954' title='bbox 759 2929 785 2957; x_wconf 74' lang='lat'><strong>5.</strong></span> <span class='ocrx_word' id='word_1_955' title='bbox 837 2928 929 2966; x_wconf 84' lang='lat' dir='ltr'><strong>&quot;_Jer.</strong></span> 
     </span>
    </p>
   </div>
   <div class='ocr_carea' id='block_1_121' title="bbox 949 2925 1317 2962">
    <p class='ocr_par' dir='ltr' id='par_1_121' title="bbox 949 2925 1317 2962">
     <span class='ocr_line' id='line_1_121' title="bbox 949 2925 1317 2962; baseline -0.008 -6"><span class='ocrx_word' id='word_1_956' title='bbox 949 2936 984 2962; x_wconf 84' lang='grc' dir='ltr'><strong>ιι,</strong></span> <span class='ocrx_word' id='word_1_957' title='bbox 999 2927 1045 2956; x_wconf 73' lang='lat'><strong>28.</strong></span> <span class='ocrx_word' id='word_1_958' title='bbox 1083 2926 1104 2944; x_wconf 84' lang='lat'><strong>&quot;</strong></span> <span class='ocrx_word' id='word_1_959' title='bbox 1125 2927 1178 2955; x_wconf 78' lang='lat' dir='ltr'><strong>lsa.</strong></span> <span class='ocrx_word' id='word_1_960' title='bbox 1195 2934 1256 2960; x_wconf 76' lang='lat' dir='ltr'><strong>xu,</strong></span> <span class='ocrx_word' id='word_1_961' title='bbox 1275 2925 1317 2954; x_wconf 79' lang='lat' dir='ltr'><strong>i9.</strong></span> 
     </span>
    </p>
   </div>
  </div>
