2024 3214
259 160 320 188 ’879

613 156 745 185 ΕυέΕΒΙΙ
764 157 1002 185 (ΣΕδΑΒΙΕΝΞΙΞ
1021 158 1032 186 ί

1080 162 1092 188 ⁵.
1117 161 1205 189 PARS
1222 160 1266 188 Ill.
1280 176 1314 181 —
1325 159 1527 188 EXEGETICA.

1824 161 1874 189 880

258 219 410 248 constituta
421 239 428 251 ,
443 218 469 246 in
483 225 535 253 qua
549 217 595 252 qui
613 222 654 245 est
671 225 754 252 super
769 217 860 244 omnia
878 216 947 244 Deus
963 221 1032 244 notu.

1095 219 1143 245 οὐκ
1159 219 1191 246 ἂν
1205 219 1290 250 εῐποις
1307 218 1356 253 τὴν
1370 217 1523 252 Αἰγυπτίων
1538 217 1628 252 χώραν
1642 216 1718 249 ἀξίαν
1729 217 1779 252 τῆς
1792 227 1874 253 προσ-

262 270 322 297 est,
340 264 432 292 Judaca
448 267 629 300 congruenter
643 263 698 290 dici
714 263 810 297 possit.
827 261 920 298 Neque
935 263 1044 291 aberres

263 314 286 339 si
302 312 378 339 dicas
399 310 519 338 Judaeam
532 317 607 342 esse,
625 313 709 336 tutam
726 308 858 336 divinitus
881 308 1042 343 inspiratam

261 362 290 385 et
303 356 444 384 Judaicam
461 356 623 390 scripturam
632 375 639 387 ,
652 362 713 390 qua:
726 362 775 381 ceu
792 353 929 389 possessio
944 358 971 380 et
984 361 1042 380 am-

261 404 335 431 bitus
352 403 408 431 veri
423 402 532 430 lsraelis
548 401 701 436 nuncupari
723 404 828 435 potest,
851 399 916 434 quia
937 399 964 426 in
982 399 1040 433 ipsa

261 449 381 483 cognitio
394 448 441 475 Dei
453 447 619 475 continetur.
635 445 697 473 Pari
712 446 804 482 itaque
820 445 900 472 modo
915 452 978 472 vera
992 444 1039 472 Ju-

261 495 318 521 dzea
334 498 361 522 et
377 501 458 521 verus
470 493 552 521 Israel
567 492 742 527 intelligatur.

259 542 370 573 Τούτοις
387 539 432 568 οὖν
448 541 584 574 ἀναλόγως
601 540 647 567 καὶ
665 541 681 575 ἡ
699 539 758 566 καθ’
771 539 833 574 ὅλης
850 538 899 574 τῆς
914 537 1075 573 οἰκουμένης

1094 264 1217 300 ηγορίας,
1233 264 1296 299 περὶ
1312 261 1345 299 ἧς
1359 263 1474 299 εἴρηται·
1493 263 1546 290 Καὶ
1562 263 1646 289 ἔσται
1661 263 1875 297 θυσιαστήριον

1092 309 1132 341 τῷ
1147 309 1243 343 Κιψίῳ
1257 310 1291 336 ἐν
1305 309 1384 344 χώρᾳ
1399 309 1559 343 Αἰγύπτου·
1575 309 1621 335 καὶ¹
1633 307 1719 339 αὖθις·
1734 309 1789 335 Καὶ
1803 317 1874 342 rw.»

1092 354 1165 388 στὸς
1177 355 1261 381 ἔσται
1277 355 1383 390 Κύριος
1401 354 1463 387 τοῖς
1483 355 1667 388 Αἰγυπτίοις
1682 355 1713 380 Et
1736 354 1790 389 γὰρ
1811 355 1873 389 παρ’

1090 397 1130 432 οἷς
1143 401 1260 434 γνωστός
1276 401 1348 427 ἐστιν
1358 401 1371 426 ό
1383 400 1447 432 Θεὸς
1463 400 1537 436 παρὰ
1547 400 1650 433 τούτοις
1666 401 1713 428 καὶ
1724 401 1741 436 ἡ
1760 401 1873 428 Ἰουδαία

1090 446 1227 481 τυγχάνει,
1248 445 1274 472 τί
1292 445 1321 472 τδ
1344 444 1446 471 κωλῦον
1461 445 1497 480 μὴ
1516 445 1619 477 πάντας
1633 446 1696 477 τοὺς
1710 447 1759 481 τὴν
1774 446 1873 480 γνῶσιν

1092 491 1267 527 ἀνειληφότας
1283 491 1329 518 τοῦ
1345 491 1412 518 Θεοῦ
1429 493 1457 518 ἐν
1471 493 1502 527 τῇ
1525 492 1638 528 Ἰουδαίᾳ
1649 490 1717 519 εῖναι
1732 492 1872 526 λέγεσθαι;

1091 539 1239 574 Ἐκκλησία
1252 539 1329 572 Θεοῦ,
1343 540 1370 565 ὲν
1432 540 1445 564 ὁ
1464 539 1510 566 ἐπὶ
1537 540 1644 566 πάντων
1658 539 1722 570 Θεὺς
1753 539 1873 574 γνωστὸς

259 587 297 614 ὢν
312 588 449 623 τυγχάνει,
471 587 584 614 Ἰουδαία
597 595 626 612 τε
641 585 757 619 εὐλόγως
772 584 805 612 ἂν
824 584 929 620 ῥηθείη.
961 585 1017 611 Οὐκ
1045 584 1077 611 ἂν
1094 584 1121 611 δὲ
1137 585 1270 621 ἁμάρτοις
1292 586 1422 613 Ἰουδαίαν
1439 584 1508 612 εἶναι
1530 586 1617 619 λέγων
1640 587 1730 612 πᾶσαν
1746 586 1796 621 τὴν
1811 585 1871 612 θεό-

258 643 388 661 πνευστον
402 634 448 660 καὶ
467 633 612 669 Ἰουδαῖκὴν
635 631 755 667 Γραφὴν,
780 632 872 666 κτῆμα
885 628 967 657 οὖσαν
989 630 1036 656 καὶ
1055 630 1091 661 ὡς
1105 630 1256 666 περίχωρον
1269 630 1315 657 τοῦ
1329 630 1454 666 ἀληθινοῦ
1476 631 1592 667 Ἰσραὴλ,
1606 630 1649 657 διὰ
1668 631 1704 661 ιτὸ
1727 631 1775 666 τὴν
1802 630 1872 665 γνῶ-

259 690 301 708 σιν
319 681 365 708 τοῦ
383 681 449 708 Θεοῦ
465 681 492 707 ἐν
508 681 576 716 αὐτῇ
595 678 777 715 περιέχεσθαι.
798 678 876 705 Οὕτω
894 678 943 714 μὲν
957 674 1003 704 οὖν
1021 677 1038 713 ἡ
1057 677 1170 713 ἀληθινὴ
1189 677 1302 705 Ἰουδαία
1318 678 1365 704 καὶ
1395 679 1409 705 ὁ
1424 677 1548 713 ἀληθινὸς
1573 677 1679 713 Ἰσραὴλ
1710 677 1870 714 νοηθήσεται

257 727 328 754 κατά
342 727 386 754 τὸν
398 727 488 762 ὅμοιον
501 727 610 762 τρόπον.

291 785 376 813 Vens.
392 786 419 813 5.
442 784 595 820 Perpendas
615 792 681 812 vero
702 784 838 820 quomodo
853 784 938 818 factus
955 787 992 810 est
1008 783 1036 809 in

256 839 319 867 pace
344 831 415 858 locus
439 830 495 864 ejus
506 850 513 861 ,
533 833 558 856 et
574 828 704 856 habitatio
718 830 774 864 ejus
788 829 816 856 in
831 828 907 856 Sion.
929 826 996 854 Nam
1012 827 1036 854 si

256 877 332 904 locus
348 876 409 908 ille,
426 882 506 910 quem
521 874 607 902 Judaei
620 875 648 902 in
666 875 771 902 honore
785 874 921 902 habebant
934 894 941 907 ,
957 873 1036 900 bellis
1052 887 1071 915 Β

255 926 283 950 ct
298 920 496 948 vastationibus
511 928 565 947 non
580 920 715 948 obnoxius
739 919 850 952 fuisset,
874 919 971 946 merito
984 918 1034 946 Ju-

253 967 320 994 daeis
345 966 458 994 concedi
482 971 576 1001 posset
602 973 665 994 eum
689 966 779 1001 ipsum
809 973 870 993 esse
898 965 989 992 locum
1018 972 1034 992 a

255 1012 396 1046 Scriptura
419 1010 579 1038 indicatum.
595 1011 673 1044 Quod
695 1011 719 1038 si
744 1011 789 1038 ille
813 1018 829 1037 a
850 1010 1034 1038 fundamentis

253 1058 361 1085 dirutus
376 1061 403 1085 et
418 1065 489 1092 saepe
503 1062 599 1093 captus
614 1057 648 1085 ab
663 1057 789 1085 hostibus
804 1056 870 1091 fuit,
897 1060 925 1084 et
945 1061 1034 1084 tamen

256 1104 333 1131 locus
349 1102 409 1138 ejus
425 1104 452 1131 in
466 1111 533 1139 pace
548 1111 609 1132 esse
631 1103 748 1137 dicatur,
783 1111 837 1131 non
861 1111 926 1132 sane
947 1103 1034 1138 possit

252 1158 346 1178 revera
358 1150 448 1185 putari
460 1150 537 1177 locus
549 1149 596 1177 Dei
609 1157 669 1178 esse
677 1170 685 1182 ,
699 1150 746 1185 qui
759 1150 919 1185 plerumque
932 1149 967 1177 ab
980 1149 1035 1176 ini-

251 1195 331 1222 nticis
347 1194 498 1222 debellatus
512 1195 557 1223 sit.
570 1194 660 1227 Quare
673 1194 728 1229 jam
744 1202 799 1222 non
818 1195 895 1227 dicit,
911 1195 938 1221 in
954 1193 1034 1221 Jeru-

252 1241 353 1273 sulem,
379 1248 414 1268 ne
439 1240 501 1276 quis
527 1240 663 1268 laberetur
684 1239 826 1267 Judaicam
851 1240 946 1268 urbem
971 1247 1033 1268 esse

251 1286 417 1322 cogitando;
439 1285 486 1313 sed
512 1286 573 1313 loco
597 1285 670 1313 illius
693 1293 786 1313 veram
809 1285 971 1313 sententiam
992 1286 1033 1314 sic

251 1333 386 1368 expressit
398 1353 405 1365 ,
429 1331 530 1360 Factus
544 1337 582 1360 est
602 1333 630 1359 in
644 1331 734 1360 Salem
756 1332 827 1359 locus
844 1333 917 1367 ejus.
941 1333 1031 1360 Salem

250 1387 316 1407 vero
328 1387 381 1413 pax
396 1378 569 1414 explicatur:
593 1385 678 1412 quare
700 1377 771 1412 apud
793 1377 968 1414 Septuaginta
987 1377 1031 1405 ln-

245 1428 385 1459 ‘terpretes
399 1424 502 1451 dictum
515 1427 574 1456 est,
591 1422 691 1451 Factus
704 1428 743 1450 est
758 1424 786 1450 in
799 1431 862 1457 pace
875 1424 947 1450 locus
961 1425 1029 1456 eius.

247 1469 280 1498 Si
296 1471 378 1505 igitur
393 1470 490 1497 animae
506 1470 580 1497 omni
595 1477 711 1505 prorsus
725 1469 796 1496 bello
813 1469 906 1497 liberae
923 1470 951 1496 in
967 1477 1031 1504 pro-

244 1516 391 1551 speritate,
403 1516 494 1551 quiete
506 1519 533 1543 et
547 1516 746 1551 tranquillitate
758 1515 898 1551 degentes,
913 1516 941 1542 in
956 1520 1029 1543 terra

249 1561 431 1596 reperiantur,
446 1560 508 1596 jure
524 1560 650 1588 dicantur
666 1560 718 1587 ilhc
734 1561 810 1589 locus
825 1560 872 1588 Dei
893 1568 969 1592 esse,
986 1564 1029 1588 ut—
1042 1551 1065 1582 ο

248 1611 312 1641 pote
329 1613 388 1640 quae
402 1605 535 1640 Spiritum
550 1605 672 1632 divinum
689 1607 717 1632 in
730 1613 762 1633 se
777 1606 896 1640 capiant.
919 1605 982 1633 Ideo
996 1606 1030 1634 de

248 1651 350 1678 talibus
364 1650 468 1677 dictum
483 1653 541 1682 est,
564 1649 722 1677 Inhabitabo
740 1650 768 1677 in
787 1651 841 1677 illis
859 1656 886 1678 et
905 1651 1029 1678 inambu-

249 1696 309 1724 laba
320 1717 327 1728 ,
343 1700 368 1723 et
383 1703 426 1722 ero
441 1696 550 1722 illorum
566 1696 636 1723 Deus
648 1715 656 1728 ,
671 1700 695 1723 et
710 1696 762 1730 ipsi
776 1700 852 1723 erum
871 1696 935 1722 mihi
948 1703 1030 1731 popu-

249 1742 291 1769 lus
305 1743 339 1768 '°.
355 1741 431 1775 Quod
447 1741 472 1770 si
494 1741 563 1769 tales
580 1742 607 1769 in
621 1745 694 1769 terra
708 1749 820 1777 perraro
834 1743 1007 1770 inveniantur
1019 1751 1028 1776 ;

248 1795 311 1815 cum
325 1791 418 1815 contra
430 1788 458 1815 in
469 1787 578 1815 civitate
589 1787 636 1815 Dei
650 1809 658 1821 ,
673 1787 778 1815 caelesti
795 1787 842 1815 Dei
860 1787 1029 1815 domicilium

248 1833 369 1868 angelis,
396 1834 585 1869 archangelis,
609 1833 710 1862 divinis
732 1834 896 1867 virtutibus,
922 1834 1028 1869 spiriti-

247 1879 356 1914 busque
378 1879 482 1907 sanctis
504 1870 715 1915 frequenteturf
725 1879 787 1915 jure
801 1879 874 1907 dicat
889 1880 1027 1915 quispiam

241 1926 283 1953 'ibi
307 1926 397 1953 locum
418 1925 466 1954 Dei
488 1933 567 1959 esse,
589 1931 616 1954 et
637 1926 711 1953 illam
731 1933 823 1953 veram
838 1934 900 1954 esse
914 1934 1026 1961 pacem,

246 1977 306 2003 quae
327 1968 414 1996 Salem
436 1969 480 1996 hic
494 1968 625 1996 Hebraicc
640 1974 822 2004 nuncupatur.
846 1968 935 2002 Quare
955 1970 1028 2004 Apo-

247 2016 335 2041 stolus
349 2021 411 2040 cum
426 2018 520 2042 nosset
534 2022 593 2042 eam
608 2014 716 2042 dicebat
730 2024 736 2041 :
755 2014 809 2041 Illa
824 2023 882 2042 vero
896 2023 953 2050 quia
967 2023 1027 2042 sur-

247 2067 306 2085 sum
328 2063 367 2085 est
387 2058 535 2086 Jerusalem
559 2059 642 2086 libera
656 2065 710 2092 est,
733 2069 792 2095 qua:
811 2065 849 2087 est
865 2066 948 2087 mater
976 2069 1024 2087 no-

247 2109 305 2131 stra
318 2106 350 2131 εί.
364 2104 430 2131 Nam
446 2104 534 2132 Salem
544 2106 695 2140 explicatur
708 2113 776 2140 pax;
789 2105 937 2134 Jerusalem
950 2114 1025 2138 vero,

246 2151 310 2176 uisio
332 2150 404 2185 pacis
417 2158 427 2177 .'
447 2151 526 2184 cujus
549 2151 620 2178 lares
644 2151 672 2178 in
692 2151 850 2178 caelestibus
872 2151 1026 2187 divinisque

245 2196 392 2224 virtutibus
405 2197 540 2223 exsistunt
553 2205 559 2223 :
576 2196 602 2223 in
617 2197 718 2231 quibus
731 2196 802 2225 Dcus
815 2197 872 2232 ipse
887 2197 1023 2230 ambulat,
1039 2219 1063 2247 Β

246 2246 339 2277 utpote
361 2250 421 2277 qum
441 2241 500 2274 eius
521 2241 649 2269 deitatem
672 2249 769 2277 capere
788 2242 906 2270 valeant.
923 2241 1025 2269 Deinde

241 2288 364 2315 dicitur:
388 2286 423 2314 Et
445 2287 574 2314 habitatio
593 2287 650 2322 ejus
666 2287 693 2313 in
708 2286 782 2314 Sion.
799 2287 897 2314 Postea
912 2287 1026 2321 subjun-

244 2334 317 2368 gitur
331 2343 337 2361 :
351 2349 387 2353 —
399 2332 482 2360 Vsus.
496 2334 523 2360 4.
546 2332 590 2360 Ibi
609 2333 735 2368 confregit
754 2333 883 2367 potentias
899 2341 1006 2359 arcuum
1016 2353 1024 2365 ,

244 2380 343 2410 telum,
358 2378 476 2414 gladium
490 2382 516 2404 et
531 2377 637 2405 bellum.
661 2377 711 2405 Hic
727 2386 836 2405 rursutn
847 2399 853 2411 ,
869 2378 893 2406 si
913 2378 941 2405 in
964 2386 1026 2406 sen-

244 2423 318 2450 sibili
340 2427 367 2450 et
390 2426 498 2451 terrena
525 2422 591 2450 Sion
617 2423 675 2450 haec
696 2427 771 2459 gesta
785 2427 896 2455 essent,
914 2431 968 2451 non
984 2431 1025 2452 es-

243 2472 286 2496 set
304 2476 387 2496 causa
409 2469 546 2496 invidendi
567 2468 668 2497 Judaeis
690 2470 729 2497 sic
748 2469 886 2504 explicare
908 2470 1025 2497 volenti-

243 2514 314 2546 bus;
336 2514 408 2548 quod
425 2515 449 2542 si
473 2514 539 2549 ipsis
554 2515 635 2543 rebus
649 2515 732 2550 gestis
747 2515 915 2543 contrarium
942 2523 1024 2551 appa-

242 2562 316 2592 reat,
342 2559 405 2593 quia
431 2559 459 2586 in
479 2560 621 2588 obsidione
645 2561 817 2588 inimicorum
840 2561 930 2589 diruta
952 2561 1022 2596 fuit;

240 2603 430 2630 necessarium
445 2607 487 2630 est
504 2604 548 2631 hic
567 2603 692 2636 Sionem.
713 2612 774 2640 qua)
793 2612 854 2632 cum
875 2613 943 2640 pace
962 2614 1024 2634 con-

242 2652 333 2684 gruat,
349 2649 510 2686 intelligere.
522 2650 624 2677 scilicet
639 2649 786 2678 Ecclesiam
800 2650 848 2679 Dei
863 2660 870 2684 ;
886 2652 927 2679 vel
942 2651 1022 2680 etiam

241 2694 380 2722 celestem
402 2694 475 2720 illam
496 2694 530 2722 de
550 2703 602 2730 qua
623 2696 732 2723 divinus
750 2697 896 2732 Apostolus
910 2697 966 2724 haec
979 2697 1023 2725 dcc

241 2739 376 2767 claravit:
393 2739 548 2767 Accessistt's
565 2740 599 2767 ad
617 2741 682 2768 Sion
698 2746 812 2769 montem
824 2762 831 2774 ,
847 2747 873 2769 et
890 2743 1022 2770 ciuitatem

241 2784 290 2811 Dei
303 2786 420 2818 viventis,
435 2785 584 2813 Jerusalem
600 2786 727 2814 calestem
739 2807 747 2820 ,
763 2793 787 2815 et
803 2789 946 2816 multorum
963 2789 1022 2815 mile

277 2862 299 2877 “
319 2861 402 2890 Levit.
423 2870 507 2897 XM",
527 2864 569 2892 l2.
608 2865 628 2880 “
651 2864 740 2893 Galat.
761 2873 796 2898 ιγ,
813 2866 856 2892 26.

1122 780 1238 816 Νοήσεις
1253 780 1282 808 δὲ
1295 780 1368 812 ὅπως
1382 781 1507 816 ἐγενήθη
1521 781 1557 808 ἐν
1571 781 1673 817 εἰρήνῃ
1687 783 1704 809 ό
1717 783 1808 816 τόπος
1817 785 1870 812 αὐ-

1087 825 1150 858 τοῦ,
1166 826 1216 852 καί
1229 826 1262 853 τὸ
1278 826 1502 862 κατοικητήριον
1510 827 1606 855 αὐτοῦ
1621 828 1656 854 ἐν
1673 827 1756 855 Σιών.
1771 830 1803 856 Et
1819 830 1868 866 μὲν

1086 871 1140 906 γὰρ
1160 872 1174 898 ὁ
1196 871 1271 907 παρὰ
1296 871 1431 903 Ἰουδαίοις
1449 872 1603 908 τιμώμενος
1622 873 1701 905 τόπος
1715 874 1868 911 ἁπόρθητος

1086 917 1133 944 καὶ
1158 917 1328 954 ἀπολέμητος
1354 919 1518 954 πεφύλακτο,
1543 919 1621 954 λόγον
1644 919 1699 956 εἶχε
1719 924 1868 958 συγχωρεῖν

1091 964 1221 991 Ἰουδαίων
1238 965 1330 992 παισὶν
1348 966 1428 993 αὐτὸν
1448 964 1516 994 εἶναι
1535 967 1654 1002 νομίζειν
1674 968 1720 995 τὸν
1742 969 1795 995 ὑπὸ
1813 969 1868 996 τῶν

1084 1010 1199 1046 Γραφῶν
1213 1011 1383 1046 δηλούμενον’
1400 1013 1425 1039 εί
1440 1013 1462 1039 δ’
1473 1010 1548 1044 οὗτος
1562 1012 1609 1048 μὲν
1621 1015 1653 1040 ἐκ
1665 1014 1771 1050 βάθρων
1782 1014 1868 1051 ἀνῆρ-

1083 1063 1128 1082 ται
1141 1055 1222 1088 ἁλοὺς
1237 1055 1366 1088 πολλάκις
1381 1057 1433 1084 ὑπὸ
1452 1058 1598 1093 πολεμίων,
1622 1059 1650 1086 ὲν
1669 1060 1762 1095 εἰρήνῃ
1779 1059 1807 1087 δὲ
1820 1060 1865 1087 λέ-

1083 1109 1161 1135 γεται
1177 1102 1309 1138 ὑπάρχειν
1323 1103 1337 1128 ὁ
1350 1102 1432 1134 τόπος
1442 1103 1533 1130 αὑτοῦ·
1549 1103 1599 1130 οὐκ
1610 1103 1642 1131 ἀν
1653 1104 1758 1131 δύναιτο
1771 1105 1866 1141 ἀληθεῖ

1083 1147 1153 1183 λόγῳ
1166 1148 1322 1183 νομίζεσθαι
1335 1148 1416 1181 τόπος
1427 1147 1496 1176 εἷναι
1509 1149 1555 1176 τοῦ
1569 1149 1636 1176 Θεοῦ
1648 1150 1662 1177 ό
1673 1150 1802 1183 πολλάκις
1813 1151 1865 1178 ὑπὸ

1083 1193 1219 1228 πολεμίων
1235 1193 1325 1224 ἁλούς.
1343 1193 1388 1220 Διὺ
1401 1194 1462 1220 οὐδὲ
1475 1194 1600 1229 ὠνόμασε
1614 1195 1671 1226 νῦν,
1685 1195 1735 1221 ἐπί
1745 1194 1863 1229 τὴν-Ἰε-

1076 1237 1253 1276 ρουσαλὴμ,
1266 1238 1302 1270 ὡς
1321 1238 1353 1265 ἂν
1369 1239 1406 1274 μή
1421 1248 1462 1271 τις
1476 1240 1585 1267 ἐκπέσοι
1596 1240 1641 1266 ἐπὶ
1653 1240 1700 1276 τὴν
1720 1240 1864 1276 Ἰουδαῑκὴν

1082 1284 1168 1311 πόλιν·
1186 1284 1247 1311 ἀντὶ
1266 1284 1294 1311 δὲ
1312 1284 1413 1320 ταύτης
1427 1285 1476 1320 τὴν
1497 1285 1614 1313 διάνοιαν
1634 1285 1681 1312 τοῦ
1703 1286 1863 1322 πράγματος

1082 1330 1253 1366 παρέστησεν
1274 1329 1367 1357 εἰπών·
1397 1331 1535 1365 Ὲγενήθη
1555 1331 1590 1358 ἐν
1611 1331 1717 1366 Σαλὴμ
1734 1333 1751 1359 ὁ
1772 1333 1862 1365 τόπος

1080 1376 1184 1404 αὺτοῦ.
1210 1376 1304 1412 Σαλήμ
1335 1376 1364 1403 δὲ
1392 1377 1572 1413 ἑρμηνεύεται
1597 1377 1711 1412 εἰρήνη·
1727 1377 1767 1404 διδ
1788 1378 1864 1414 παρά

1080 1424 1136 1454 τοῖς
1163 1421 1362 1458 Ἑϐδομήκοντα
1383 1422 1498 1458 εῐρηται·
1525 1424 1663 1459 Ἐγεννήθη
1680 1424 1714 1450 ἐν
1728 1423 1832 1458 εἰρήνῃ
1846 1424 1864 1451 d

1080 1469 1172 1501 τόπος
1190 1469 1293 1496 αὐτοῦ.
1307 1468 1339 1496 Et
1361 1468 1410 1504 μὲν
1430 1466 1476 1495 οὖν
1495 1469 1542 1495 καὶ
1557 1470 1604 1496 ἐπὶ
1624 1469 1676 1504 γῆς
1696 1469 1864 1506 εὑρίσκοιντο

1079 1513 1162 1548 ψυχαὶ
1188 1514 1288 1546 παντὸς
1309 1513 1527 1550 ὴλευθερωμέναι
1542 1514 1659 1551 πολέμου
1674 1515 1703 1542 ὲν
1718 1515 1862 1550 εὐσταθείᾳ

1080 1560 1127 1587 καὶ
1154 1560 1287 1596 ἀταραξίᾳ
1316 1561 1362 1587 καὶ
1387 1561 1490 1596 γαλήνῃ
1514 1561 1663 1596 διάγουσαι,
1693 1562 1805 1594 εἰκότως
1828 1562 1860 1589 ἂν

1079 1605 1198 1640 λεχθεῖεν
1212 1605 1259 1632 καὶ
1274 1601 1353 1633 αὗται
1366 1605 1447 1638 τόπος
1460 1606 1507 1632 τοῦ
1519 1606 1596 1639 Θεοῦ,
1610 1607 1648 1638 ὡς
1663 1607 1696 1634 ἂν
1710 1607 1861 1642 χωρητικαὶ

1078 1649 1156 1678 οὖσαι
1173 1650 1244 1677 θείου
1258 1651 1424 1686 Πνεύματος.
1445 1651 1490 1678 Διὸ
1499 1652 1562 1687 περὶ
1576 1652 1629 1678 τῶν
1642 1652 1770 1678 τοιούτων
1785 1653 1860 1688 εῑρη-

1078 1705 1123 1723 ται
1137 1696 1178 1728 τδ,
1200 1697 1363 1731 Ἐνοικήσω
1382 1697 1417 1724 ἐν
1436 1697 1538 1731 αὐτοῖς
1555 1697 1605 1724 καὶ
1622 1698 1859 1733 ἐμπεριπατήσω,

1079 1742 1128 1770 καὶ
1141 1743 1248 1778 ἔσομαι
1263 1743 1362 1770 αὐτῶν
1378 1743 1460 1776 Θεὸς,
1484 1743 1534 1770 καὶ
1555 1744 1639 1771 αὐτοὶ
1665 1744 1788 1771 ἔσονταί
1809 1753 1859 1779 μοι

1076 1791 1160 1823 λαός.
1173 1791 1204 1817 Εἰ
1214 1790 1242 1817 δὲ
1253 1791 1372 1822 σπανίως
1383 1791 1432 1826 μὲν
1443 1792 1610 1827 εὑρίσκοιντο
1619 1792 1664 1819 ἐπὶ
1674 1793 1725 1828 γῆς
1733 1792 1860 1825 τοιοῦτοι,

1077 1837 1107 1863 ὲν
1130 1836 1159 1864 δὲ
1182 1838 1214 1872 τῇ
1244 1837 1301 1863 κατ’
1326 1837 1438 1872 οὐρανὸν
1467 1837 1671 1874 χρηματιζούσῃ
1693 1838 1760 1865 Θεοῦ
1784 1838 1860 1865 πόλει

1077 1881 1190 1917 πληθύει
1198 1881 1282 1909 τὸτοῦ
1293 1881 1360 1909 Θεοῦ
1373 1883 1538 1919 οἰκητήριον,
1551 1884 1579 1910 ὲν
1592 1883 1724 1918 ἀγγέλοις,
1739 1884 1786 1911 καὶ
1796 1884 1860 1920 ἀρχ-

1077 1927 1212 1962 αγγέλοις,
1224 1929 1270 1955 καὶ
1290 1927 1374 1960 θείαις
1388 1928 1529 1964 δυνάμεσι,
1540 1930 1587 1956 καὶ
1598 1929 1749 1964 πνεύμασιν
1761 1929 1859 1963 ἁγίοις·

1077 1974 1187 2006 εἰκότως
1201 1974 1246 2000 τὸν
1258 1974 1339 2001 τόπον
1347 1974 1393 2001 τοῦ
1405 1975 1472 2002 Θεοῦ
1486 1975 1549 2010 παρ’
1560 1975 1671 2007 ἐκείνοις
1682 1975 1752 2002 εἴποι
1763 1975 1797 2002 ἀν
1806 1983 1858 2008 τις,

1077 2019 1205 2055 κάκείνην
1227 2018 1296 2046 εἶναι
1315 2021 1364 2056 τὴν
1385 2021 1496 2056 εἰρήνην
1517 2020 1623 2055 ἀληθῶς
1638 2020 1732 2057 Σαλὴμ
1744 2021 1861 2048 ἐνταῦθα

1077 2065 1148 2092 κατά
1159 2066 1208 2101 τὴν
1231 2065 1375 2102 Ἐϐραῖκὴν
1388 2066 1478 2101 φωνὴν
1494 2066 1699 2102 ὠνομασμένην.
1720 2066 1766 2093 Διὸ
1782 2066 1829 2094 καὶ
1845 2066 1861 2093 ὁ

1076 2111 1235 2142 ’Δπόστολος
1244 2111 1344 2146 ταύτην
1354 2111 1430 2143 είδὼς
1441 2111 1542 2146 ἔλεγεψ
1561 2112 1631 2140 Ἡδὲ
1638 2112 1699 2139 ἅνω
1714 2113 1860 2146 Ἰερουσα-

1076 2156 1139 2190 λὴμ
1145 2156 1287 2190 ἐλευθέρα
1298 2156 1392 2190 ἐστὶν,
1405 2157 1470 2191 ἥτις
1479 2157 1544 2184 ἐστὶ
1554 2159 1652 2192 μήτηρ
1663 2157 1755 2192 ἡμῶν.
1765 2159 1860 2195 Σαλὴμ

1079 2202 1127 2237 μὲν
1141 2203 1194 2238 γὰρ
1210 2202 1389 2238 ἑρμηνεύεται
1404 2204 1518 2238 εἰρήνη,
1544 2204 1719 2240 Ἰερουσαλὴμ
1741 2204 1770 2231 δὲ
1792 2205 1860 2240 ὀρα-

1076 2255 1126 2281 σις
1147 2248 1277 2283 εἰρήνης’
1298 2245 1332 2284 ἧς
1349 2249 1379 2275 τὺ
1397 2249 1520 2284 ἐφέστιον
1539 2250 1568 2276 ὲν
1585 2251 1645 2281 ταῖς
1668 2250 1726 2276 κατ’
1744 2250 1859 2286 οὐρανὸν

1075 2293 1160 2326 θείαις
1173 2295 1300 2330 τυγχάνει
1314 2294 1468 2330 δυνοίμεσιν⁹
1484 2296 1512 2322 ἐν
1531 2292 1574 2327 αἷς
1591 2296 1605 2322 ό
1625 2295 1690 2327 Θεὸς
1705 2296 1788 2328 αὐτὸς
1807 2297 1858 2332 ὲμ-

1075 2341 1229 2374 περιπατεῖ,
1250 2341 1416 2376 χωρητικαίς
1431 2340 1524 2373 οὗσαις
1545 2342 1594 2376 τῆς
1616 2341 1698 2368 αὺτοῦ
1721 2341 1856 2378 θεότητος.

1080 2385 1159 2420 Ἑξῆς
1169 2385 1273 2418 τούτοις
1284 2385 1401 2420 λέγεταν
1417 2386 1472 2412 Καὶ
1484 2387 1515 2413 τὸ
1529 2386 1753 2421 κατοικητήριον
1764 2388 1858 2415 αὐτοῦ

1074 2432 1109 2459 ὲν
1133 2433 1218 2460 Σιών.
1243 2431 1309 2459 Εἶτα
1335 2433 1462 2460 συνάπτει
1488 2433 1598 2467 φάσκων
1623 2434 1638 2459 ό
1662 2433 1750 2467 λόγος’
1782 2431 1861 2461 Ἐκεῖ

1074 2477 1235 2512 συνέτριψε
1251 2478 1287 2505 τὰ
1305 2477 1396 2512 κράτη
1410 2477 1470 2505 τῶν
1484 2478 1589 2511 τόξων,
1611 2478 1707 2505 ὅπλον
1727 2477 1777 2504 καί
1786 2479 1858 2513 ῥομ-

1073 2524 1166 2558 φαίαν
1180 2523 1229 2550 καὶ
1247 2524 1389 2558 πόλεμον.
1411 2524 1465 2550 Καὶ
1484 2523 1599 2550 ἐνταῦθα
1613 2524 1692 2550 πάλιν
1706 2525 1730 2550 εἰ
1748 2524 1798 2559 μὲν
1813 2523 1857 2550 ἐπὶ

1073 2569 1121 2603 τῆς
1144 2568 1275 2604 αἰσθητῆς
1297 2570 1344 2596 καὶ
1364 2569 1482 2603 ἐπιγείου
1506 2569 1573 2596 Σιὼν
1593 2569 1678 2596 ταῦτα
1702 2569 1855 2603 πέπρακτο,

1072 2613 1132 2639 οὐδὲ
1144 2613 1196 2640 ἔδει
1212 2614 1317 2648 φθονεῖν
1338 2614 1473 2645 Ἰουδαίοις
1489 2613 1574 2645 οὕτως
1590 2613 1746 2648 ἐκδέχεσθαι
1761 2614 1855 2649 βουλο-

1075 2659 1177 2693 μένοις⁸
1200 2659 1223 2685 εί
1245 2659 1273 2686 δὲ
1297 2660 1350 2686 πᾶν
1363 2659 1516 2687 τούναντίον
1535 2659 1565 2690 ἐξ
1582 2660 1670 2686 αὐτῶν
1689 2660 1785 2695 ὁρᾶται
1800 2659 1854 2686 τῶν

1074 2705 1251 2739 πραγμάτων,
1266 2705 1310 2732 διὰ
1323 2705 1353 2732 τὺ
1366 2705 1529 2740 ἠρημῶσθαι
1540 2705 1587 2741 τὴν
1604 2705 1672 2731 Σιὼν
1686 2707 1718 2732 ὲκ
1734 2707 1784 2741 τῆς
1800 2705 1852 2732 τῶν

1072 2750 1208 2785 πολεμίων
1223 2751 1389 2787 πολιορκίας,
1407 2751 1511 2786 ἀνάγκη
1529 2753 1561 2787 τῇ
1578 2751 1739 2788 ἀποδοθείσῃ
1755 2752 1848 2786 είρήνῃ

1072 2795 1244 2831 Halmio);
1270 2797 1315 2822 καὶ
1342 2796 1391 2831 τὴν
1415 2796 1482 2823 Σιὼν
1506 2796 1693 2832 ἐκλαμϐάνειν,
1720 2797 1777 2831 ἤτοι
1802 2795 1850 2829 τὴν
