2024 3214
167 186 214 215 881

724 183 975 212 (ΖΟΜΜΒΝΤΛΙΗᾹ
993 184 1024 211 IN
1046 184 1214 212 PSALMOS.
1248 194 1265 219 7
1283 173 1310 219 ζ

1724 186 1777 213 882

169 242 332 277 Ἐκκλησίαν
353 241 400 268 τοῦ
417 241 495 272 Θεοῦ,
512 241 529 276 ἢ
546 239 594 276 τὴν
611 240 778 276 ἐπουράνιον,
796 237 829 276 ἢν
844 241 857 266 ὁ
875 239 941 272 θεῖος

997 240 1061 268 lium
1076 241 1229 276 angelorum
1244 241 1416 276 frequentiam
1429 262 1436 274 ,
1453 247 1477 269 et
1495 242 1644 270 Ecclesium
1660 243 1776 276 primiti-

169 288 329 320 ’Δπόστολος
346 287 464 323 παρίστη
488 286 585 321 λέγων’
602 287 851 320 Προσεληλύθατε
868 286 943 322 Σιὼςν

164 335 233 369 ὄρει,
248 333 298 361 καὶ
310 333 394 360 πόλει
406 333 479 359 Θεοῦ
493 331 598 365 ζῶντος
615 332 805 366 Ἰερουσαλὴμ
820 331 944 366 ἐπουρα-

163 382 225 414 νίῳ,
249 380 297 408 καὶ
316 379 459 415 μυριάσιν
477 379 610 413 ἀγγέλων
628 380 800 413 πανηγύρει,
816 378 865 406 καὶ
881 380 943 406 Ἐκ-

163 427 275 461 uncia
293 426 483 460 πρωτοτόκων
505 425 774 460 ἀπογεπραμμένων
796 425 830 451 ἐν
854 426 942 459 obpa-

162 472 235 506 νοῖς.
253 472 384 499 Ἐνταῦθα
399 472 452 508 γὰρ
468 471 600 506 μηδεμιᾶς
617 471 751 506 ἁμαρτίας
767 471 940 506 ὲνεργούπης,

163 518 228 554 μηδὲ
241 526 311 550 τινος
325 517 476 552 ὑφεστῶτος
491 516 582 552 ψυχῶν
599 516 737 552 πολεμίου,
754 517 942 552 συντέτριπται

993 295 1082 314 varum
1096 287 1140 322 qui
1153 287 1294 322 conscripti
1305 293 1366 314 sunt
1378 289 1404 315 in
1418 289 1488 316 uelis
1505 289 1537 316 ".
1553 288 1603 316 Hic
1615 289 1688 327 enim
1701 289 1777 317 nullo

995 338 1108 368 peccato
1122 333 1230 367 vigente
1241 353 1249 365 ,
1266 333 1396 368 nulloque
1409 335 1562 362 animarum
1577 335 1690 363 inimico
1707 335 1777 363 exsi-

995 383 1082 407 stente
1093 399 1100 412 ,
1126 380 1255 414 potentire
1277 387 1389 407 arcuum
1410 381 1534 408 contritae
1549 385 1614 408 sunt
1625 401 1632 413 ,
1650 381 1733 408 telum
1749 384 1776 408 et

993 425 1099 461 gladius
1122 425 1212 453 ablata
1234 429 1319 457 sunt,
1342 425 1380 452 ita
1403 430 1432 453 ut
1455 426 1488 454 de
1510 426 1543 454 iis
1565 427 1610 462 qui
1632 427 1678 454 illa
1702 435 1778 454 man-

994 471 1072 498 sione
1085 471 1189 506 dignati
1204 475 1269 499 sunt
1283 471 1401 504 dicatur,
1424 471 1556 499 Abscessit
1580 473 1667 506 dolor,
1695 473 1777 499 tristi-

997 517 1036 544 tia
1049 522 1073 546 et
1090 518 1202 552 gemitus
1218 517 1250 544 ⁸³.

162 565 195 593 τὰ
217 564 305 600 κράτη
328 563 381 590 τῶν
402 562 495 595 τόξων,
515 561 649 599 ῥινῄρηταί
667 571 695 589 τε
710 562 790 589 ὅπλον
812 563 857 589 καὶ
876 562 1005 598 ρομφαία’
1033 563 1071 594 ὡς
1095 562 1220 597 λέγεσθαι
1246 563 1310 599 περὶ
1336 562 1390 590 τῶν
1418 562 1635 599 καταξιουμένων
1650 564 1699 600 τῆς
1717 565 1776 592 ἐκεῖ

163 611 308 647 διατριϐῆς
332 610 452 644 Ἁπέὃρα
469 610 560 644 ὀδύνη
577 609 626 637 καὶ
641 611 723 644 λύπη
739 610 787 637 καὶ
803 611 978 645 στεναγμός.

195 668 329 702 Φωτίζεις
347 669 387 696 σὺ
404 667 580 703 θαυμαστῶς
602 668 661 696 ἀπὸ
683 669 774 704 ὀρέων
799 670 938 701 αἰωνίων,

163 713 366 750 ἕταράχθησαν
378 715 404 742 οὶ
418 714 556 742 debuerat
571 713 608 748 τῇ
624 714 738 749 καρδίᾳ.
757 715 862 751 Σφόδρα
878 716 942 742 ἀκο-

163 759 270 792 λούθως,
288 759 357 795 μετὰ
370 759 400 786 τὺ
417 759 588 798 παραστῆσαι
599 760 645 786 τὸν
660 760 741 788 τόπον
756 761 802 787 τοῦ
816 761 894 793 Θεοῦ,
904 761 942 787 δι-

161 803 263 836 δὰιι-κει,
285 805 325 831 ὅτι
348 804 555 831 ἀποκέκλεισται
569 805 634 831 εἴσω
650 805 695 832 τοῦ
708 806 790 832 τόπου
815 806 896 833 αὑτοῦ
909 807 942 833 τὰ

161 849 257 884 ἁγαθάσ
270 850 380 881 ἀκτῖνας
390 850 412 876 δ’
424 851 516 886 (Lamp
531 851 667 886 ἐκπέμπει
679 852 725 878 καὶ
739 852 784 878 ἐπὶ
797 853 859 883 τοὺς
875 854 942 888 πορ-

161 894 281 930 ρωτάτω.
305 894 350 921 Διό
372 903 455 931 φησι·
473 895 605 928 Φωτίζεις
632 896 672 923 σὺ
694 897 869 932 θαυμαστῶς
886 897 944 924 ἀπὸ

160 940 249 976 ὀρέων
264 941 396 968 αἰωνίων.
420 941 486 973 Τίνα
502 941 529 967 δὲ
553 940 587 977 ἦν
607 943 642 969 τὰ
657 942 752 970 αἰώνια
775 944 836 979 ὅρη,
853 943 910 970 ἀλλ’
927 944 943 979 ἦ

161 986 226 1014 Σιὼν
251 987 298 1014 καὶ
320 988 336 1022 ή
354 986 456 1023 Σαλὴμ,
473 987 507 1014 τὰ
528 987 572 1014 διὰ
592 988 646 1015 τῶν
671 988 823 1025 ἔμπροσθεν
847 990 944 1016 ἀποδο-

160 1032 252 1066 θέντα;
270 1032 388 1059 ’Δνωθεν
404 1032 468 1067 γοῦν
484 1033 537 1060 ἀπὸ
556 1034 609 1061 τῶν
629 1035 760 1069 οὐρανίων
780 1035 944 1071 ὕψωμα-των,

160 1078 251 1114 ὥσπερ
270 1079 302 1105 ὲκ
320 1078 399 1106 τινῶν
422 1079 538 1106 αἰωνίων
551 1080 632 1116 ὀρῶν,
651 1080 700 1112 τὰς
723 1080 808 1114 αὐγὰς
825 1080 879 1107 τῶν
895 1082 944 1116 τῆς

159 1124 284 1160 θεὰτητος
296 1124 378 1152 αὐτοῦ
396 1126 594 1161 μαρμρυγῶν,
609 1127 656 1153 καὶ
674 1126 754 1162 μέχρι
766 1127 820 1154 τῶν
836 1127 882 1153 ἐπὶ
893 1127 945 1163 γῆς

160 1169 316 1206 ὲκπέμπων,
335 1171 446 1205 φωτίζει
460 1171 508 1203 τὰς
525 1171 579 1198 τῶν
594 1172 676 1205 ἀξίων
690 1172 788 1208 ψυχὰς,
805 1173 944 1208 καταλάμ-

160 1224 216 1243 πων
232 1216 317 1248 αὐτὰς
329 1216 368 1252 τῷ
379 1217 448 1253 ἁγίῳ
460 1217 540 1251 αὑτοῦ
554 1217 689 1253 Πνεΰματι
698 1227 704 1233 ·
721 1218 823 1250 ταύτας
841 1219 888 1254 μὲν
898 1217 944 1246 οὖν

159 1261 285 1296 φωτίζει·
302 1262 365 1294 τοὺς
377 1262 405 1289 δὲ
413 1262 538 1295 ἀναξίους
553 1263 606 1289 τῶν
623 1263 718 1298 φώτων
734 1263 816 1291 αὑτοῦ
833 1264 944 1300 προνοίᾳ

158 1307 208 1342 τῆς
228 1307 424 1343 δικαιοκρισίας
444 1307 524 1334 αὐτοῦ
549 1308 745 1344 μετερχόμενος
766 1309 882 1345 θορυϐεῖ.
898 1309 944 1336 Διὸ

160 1352 297 1387 ἐπιλέγει*
324 1353 549 1388 Ἐταράχθησαν
569 1354 680 1387 πάντες
703 1356 729 1381 οὶ
746 1355 885 1382 ἀσύνετοι
905 1354 943 1389 τῇ

158 1396 272 1431 καρδίᾳ.
297 1397 431 1424 ’Δσύνετοι
453 1397 507 1433 γὰρ
523 1398 629 1434 ἀληθῶς
647 1399 722 1431 ὀντες
744 1402 777 1435 τῇ
803 1399 942 1436 καρδίᾳ,ἢ

158 1442 227 1469 κατὰ
245 1442 290 1469 τὸν
306 1443 461 1478 Σύμμαχον,
483 1444 667 1479 ὑπερήφανοι
682 1444 739 1479 τὴν
761 1445 894 1480 καρδίαν,
912 1446 942 1472 οὐ

159 1486 336 1522 παρεδέξαντο
358 1487 404 1514 τοῦ
426 1487 513 1522 φωτὸς
528 1488 574 1514 τοῦ
591 1489 657 1515 Θεοῦ
677 1489 728 1521 τὰς
748 1489 941 1525 μαρμαρυγὰς,

1029 669 1111 698 Vens.
1127 669 1305 698 5.1lluminas
1317 676 1344 698 ιιι
1355 671 1511 699 mirabiliter
1525 681 1541 699 a
1557 671 1687 699 montibus
1700 678 1775 700 teter-

993 715 1045 747 nis,
1065 715 1163 742 turbati
1180 720 1240 742 sunt
1253 716 1405 751 insipientes
1418 717 1503 744 corde.
1512 717 1663 746 Admodum
1680 725 1776 746 conse-

994 765 1117 797 quenter,
1134 765 1275 797 postquam
1287 762 1375 790 locum
1390 761 1438 789 Dei
1457 762 1615 795 declaravit,
1625 763 1704 790 docet
1722 771 1775 790 non

995 807 1067 834 intra
1079 807 1167 834 locum
1181 807 1335 842 hujusmodi
1350 807 1477 834 concludi
1487 808 1572 841 bona;
1592 806 1639 835 sed
1650 815 1712 835 eum
1725 815 1775 835 ceu

994 850 1086 880 radios
1105 852 1202 880 exinde
1222 853 1346 880 emittere
1367 853 1402 880 ad
1421 860 1468 880 eos
1484 853 1531 888 qui
1546 853 1704 888 longissime
1730 853 1776 881 siti

996 902 1072 927 sunt.
1089 898 1271 932 Quamobrem
1287 899 1325 926 ait
1341 906 1347 925 :
1372 897 1516 926 Illuminas
1538 903 1565 925 tu
1589 899 1747 926 mirabiliter
1759 907 1776 926 a

995 945 1127 972 montibus
1148 944 1264 972 a'tcrnis.
1287 944 1404 977 Quinam
1419 949 1528 972 montes
1548 944 1587 972 illi
1602 945 1706 977 aeterni,
1722 945 1776 972 nisi

995 989 1062 1017 Sion
1079 994 1106 1017 et
1123 989 1225 1022 Salem,
1238 989 1272 1017 de
1293 990 1393 1024 quibus
1410 990 1536 1025 superius
1549 990 1661 1017 actum?-
1673 989 1711 1017 Ex
1729 998 1776 1017 su-

994 1035 1086 1071 pernis
1111 1035 1195 1071 igitur
1217 1039 1244 1063 et
1265 1035 1425 1064 caelestibus
1448 1035 1646 1067 cacuminibus,
1672 1043 1722 1063 ceu
1741 1043 1777 1063 ex

993 1081 1103 1109 aeternis
1120 1080 1271 1112 montibus,
1295 1080 1406 1108 deitatis
1421 1087 1477 1108 suae
1492 1080 1584 1108 radios
1611 1080 1645 1107 ad
1661 1079 1777 1114 terrige-

994 1135 1044 1155 nas
1059 1127 1146 1162 usque
1164 1127 1302 1159 emittens,
1319 1133 1414 1154 eorum
1433 1126 1479 1162 qui
1495 1126 1568 1161 digni
1592 1129 1656 1154 sunt
1668 1126 1776 1153 animas

994 1172 1114 1200 illustrat
1134 1171 1291 1207 Spiriluque
1305 1176 1401 1199 sancto
1418 1179 1468 1199 suo
1491 1172 1635 1207 illuminat.
1652 1170 1717 1203 Has,
1730 1171 1774 1199 in-

994 1225 1088 1253 quam,
1111 1204 1261 1250 illo-minae;
1277 1224 1328 1244 suo
1347 1220 1438 1243 autem
1450 1204 1552 1243 lumide
1567 1215 1694 1251 indignos
1707 1215 1774 1251 justi

990 1263 1087 1299 judicii
1103 1264 1143 1291 sui
1152 1262 1322 1303 previdentia
1331 1262 1462 1290 invadens
1471 1261 1626 1290 conturbat.
1636 1261 1774 1295 Quamob-

992 1317 1050 1336 rem
1075 1308 1178 1341 subdit,
1193 1307 1304 1335 Turbati
1323 1313 1384 1335 sunt
1406 1316 1493 1336 omnes
1519 1308 1668 1343 insipientes
1685 1307 1773 1335 corde.

992 1352 1059 1379 Nam
1077 1360 1140 1380 cum
1155 1360 1249 1380 revera
1264 1352 1424 1387 insipientes
1438 1353 1537 1386 corde;
1552 1353 1608 1380 sive
1623 1353 1773 1381 secundum

995 1398 1205 1434 Symmachum,
1228 1399 1332 1433 superbi
1347 1399 1434 1431 corde,
1457 1404 1559 1432 essent,
1583 1399 1682 1426 divina:
1703 1399 1775 1427 lucis

992 1444 1084 1472 radios
1108 1452 1163 1472 non
1186 1449 1363 1480 exceperunt,
1385 1445 1446 1472 ideo
1472 1445 1574 1473 turbati
1598 1448 1672 1473 sunt.
1689 1443 1774 1472 Iidem

991 1498 1056 1518 vero
1070 1490 1121 1526 ipsi
1134 1494 1278 1526 postquam
1293 1490 1456 1518 dormierunt
1469 1499 1590 1518 somnum
1605 1499 1691 1523 suum,
1708 1491 1776 1518 nihil

158 1533 197 1561 διδ
211 1534 409 1570 ἐταράχθησαν.
426 1535 457 1562 Ol
473 1535 495 1562 δ’
510 1535 596 1569 αὐτοὶ,
612 1537 658 1562 καὶ
682 1536 876 1570 ὐπνώσαντες
889 1536 941 1563 τὸν

993 1537 1143 1564 inuenerunt
1166 1537 1193 1563 in
1222 1537 1342 1564 manibus
1366 1538 1432 1570 suis,
1457 1537 1521 1572 quia
1545 1537 1595 1565 viri
1619 1537 1774 1566 diuitiarum

157 1578 254 1607 ὕπνον
275 1580 384 1613 αὐτῶν,
400 1582 456 1616 οὐχ
474 1579 563 1616 εὗρον
586 1582 676 1609 οὐδὲν
696 1582 730 1609 ἐν
754 1583 818 1615 ταῖς
839 1582 943 1618 χερσὶν

157 1623 270 1658 αὐτῶν,
290 1620 398 1660 ἇνδρες
421 1625 496 1657 ὄντες
521 1627 664 1654 πλούτου.
682 1627 754 1662 Πρὸς
781 1627 866 1662 βραχὺ
888 1627 942 1663 γὰρ

157 1669 346 1706 δνειρώξαντες
361 1673 393 1708 τῇ
408 1671 455 1699 τοῦ
469 1671 565 1708 θνητοῦ
582 1672 638 1707 βίου
655 1673 798 1708 φαντασίᾳ,
809 1674 856 1700 καὶ
872 1673 942 1709 μέγα

157 1717 337 1752 φρονήσαντες
352 1718 399 1744 ἐπὶ
410 1717 524 1753 πλούτῳ,
536 1711 657 1754 ἐνόμιζόν
670 1727 742 1750 τινες
755 1717 834 1751 εἶναι,
850 1729 943 1750 κατεν-

157 1762 311 1798 τρυφῶντες
326 1764 385 1795 ταῖς
401 1764 456 1791 ἀπὸ
477 1763 524 1791 τοῦ
549 1764 662 1791 πλούτου
687 1765 877 1802 ποριζομέναις
892 1768 942 1794 αὑ-

157 1808 210 1840 τοῖς
233 1808 422 1843 ἡδυπαθείαις·
441 1809 478 1841 ὡς
494 1809 522 1836 δὲ
547 1810 593 1836 τοῦ
614 1810 698 1838 ὕπνου
715 1811 940 1848 διεγρηγὸρησαν,

159 1853 337 1888 μεταστάντες
351 1854 397 1880 τοῦ
419 1855 549 1890 παρόντος
567 1855 634 1890 βίου,
657 1853 735 1892 εὗρον
757 1857 869 1890 ἑαυτοὺς
893 1858 942 1884 οὐκ

158 1897 266 1933 ἔχοντας
287 1898 372 1931 οὐδὲν,
389 1899 449 1926 οὑδέ
469 1908 496 1926 τι
519 1902 578 1932 ταῖς
595 1902 673 1937 χερσὶ
700 1901 875 1937 κρατοῦντας.
897 1903 942 1930 Διὸ

157 1943 280 1971 λέλεκταί
295 1950 361 1971 που·
385 1944 435 1979 Μὴ
452 1946 544 1980 φοϐοῦ
562 1946 634 1973 ὅταν
654 1948 814 1983 πλουτήσῃ
833 1949 942 1984 ἂνθρω-

157 1996 223 2022 stoc,
240 1989 288 2016 καὶ
305 1989 377 2017 ὅταν
398 1991 558 2026 πληθυνθῇ
584 1992 602 2025 ἡ
619 1992 692 2025 δόξα
710 1994 764 2021 τοῦ
781 1995 865 2021 οἴκου
887 1996 940 2022 αὺ-

157 2034 222 2062 τοῦ·
238 2034 282 2061 ὅτι
299 2036 354 2062 οὐκ
370 2036 404 2062 ὲν
425 2035 465 2069 τῷ
483 2037 686 2070 ἀποθνήσκειν
702 2040 795 2066 αὑτὸν
812 2040 941 2074 λήψεται

156 2081 193 2107 τὰ
215 2079 323 2113 πάντα,
348 2081 419 2108 οὐδὲ
439 2084 696 2118 συγκαταϐήσεται
719 2085 799 2118 αὐτῷ
824 2086 843 2120 ἡ
867 2086 942 2118 δόξα

158 2125 260 2153 αὐτοῦ.
276 2126 370 2153 Ἔνθεν
388 2127 498 2160 εἰκότως
520 2129 544 2155 οἱ
561 2129 667 2165 ἀληθῶς
683 2130 804 2157 ἀσύνετοι
820 2133 852 2167 τῇ
873 2141 940 2168 καρ-

157 2169 200 2207 δίᾳ
218 2171 406 2208 ἐταράχθησαν
428 2172 486 2201 ἀπὸ
506 2175 701 2210 ἐπιτιμήσεως
719 2176 771 2203 τοῦ
789 2177 863 2204 Θεοῦ
886 2178 941 2205 Ἰα-

991 1586 1080 1611 erant.
1096 1582 1163 1610 Nam
1184 1590 1246 1610 cum
1263 1583 1296 1610 ad
1316 1583 1397 1611 breve
1413 1587 1521 1618 tempus
1534 1583 1562 1611 in
1574 1584 1699 1612 mortalis
1709 1585 1777 1612 vitae

990 1628 1134 1664 phantasia
1149 1628 1356 1661 dormitassent,
1373 1632 1399 1656 et
1416 1628 1500 1655 altum
1526 1628 1560 1656 de
1574 1629 1678 1657 divitiis
1695 1637 1773 1666 sape-

990 1679 1062 1707 rent,
1080 1674 1132 1701 rati
1155 1682 1185 1702 se
1213 1674 1317 1709 aliquid
1344 1682 1415 1707 esse,
1433 1674 1462 1702 in
1482 1675 1679 1710 voluptatibus,
1704 1684 1774 1711 quas

991 1720 1042 1748 sibi
1060 1720 1163 1748 divitiae
1176 1720 1371 1752 conciliabant,
1393 1714 1509 1749 demersi
1524 1726 1599 1749 sunt.
1615 1721 1773 1757 Experrecti

991 1771 1093 1799 autem,
1114 1771 1197 1802 atque
1214 1775 1248 1794 ex
1263 1766 1315 1794 hac
1333 1766 1388 1794 vita
1407 1767 1549 1800 translati,
1559 1775 1619 1796 sese
1639 1769 1709 1796 nihil
1723 1769 1774 1796 ha—

991 1812 1097 1846 bentes,
1111 1821 1162 1841 nec
1174 1812 1313 1850 quidpiam
1330 1813 1457 1841 manibus
1471 1814 1596 1842 tenentes
1619 1813 1773 1849 deprehen-

990 1859 1098 1887 derunt.
1106 1858 1195 1892 Quare
1207 1859 1305 1887 alicubi
1315 1859 1417 1886 dictum
1429 1862 1471 1886 est
1482 1858 1505 1873 “
1515 1867 1521 1884 :
1532 1858 1573 1886 Ne
1581 1859 1701 1886 timueris
1713 1867 1773 1886 cum

990 1904 1059 1932 dives
1071 1904 1157 1939 factus
1173 1905 1254 1939 fuerit
1269 1904 1356 1936 homo,
1377 1909 1401 1931 et
1428 1913 1486 1931 cum
1500 1904 1679 1938 multiplicata
1694 1905 1773 1939 fuerit

990 1951 1076 1986 gloria
1088 1950 1180 1978 domus
1190 1950 1263 1985 ejus;
1278 1950 1402 1985 quoniam
1417 1958 1476 1976 cum
1487 1950 1614 1976 interierit
1626 1958 1678 1977 non
1689 1953 1773 1977 sumet

991 1997 1089 2029 omnia,
1100 2004 1178 2031 neque
1188 1995 1322 2032 descendet
1337 2004 1395 2022 cum
1412 2003 1441 2022 eo
1451 1996 1537 2031 gloria
1547 1996 1614 2031 ejus.
1633 1995 1708 2024 Unde
1722 2004 1773 2024 nec

990 2041 1125 2069 immerito
1141 2042 1181 2069 illi
1200 2049 1261 2069 vere
1273 2042 1433 2077 insipientes
1447 2042 1529 2070 corde
1541 2042 1644 2070 turbati
1662 2047 1726 2072 sunt
1740 2043 1773 2070 ab

990 2088 1163 2122 increpatione
1174 2088 1220 2115 Dei
1228 2087 1326 2120 Iacob;
1336 2088 1403 2122 sive,
1413 2089 1560 2117 secundum
1568 2089 1779 2125 Symmachum,

991 2143 1008 2161 a
1025 2134 1130 2169 fremitu
1149 2133 1392 2170 [comminatione].
1412 2133 1489 2162 Tunc
1508 2134 1581 2162 enim
1609 2135 1777 2162 sententiam.

990 2179 1059 2214 justi
1080 2178 1177 2214 judicii
1201 2177 1250 2206 Dei
1277 2179 1436 2211 subeuntes,
1455 2181 1552 2207 merito
1579 2180 1771 2213 turbabuntur,

158 2216 232 2243 κώό·
248 2217 265 2253 ἢ
279 2218 349 2245 κατὰ
363 2218 408 2245 τὸν
427 2219 582 2255 Σύμμαχον,
604 2220 662 2248 ἀπὸ
681 2221 895 2256 ἑμόριμήσεως·
911 2224 941 2250 τὺ

991 2225 1054 2260 quia
1069 2225 1286 2252 dormitaverunt
1300 2225 1459 2253 conscensis
1473 2226 1551 2261 equis
1564 2226 1631 2258 suis,
1647 2226 1777 2253 videlicet

157 2261 304 2296 τηνικαῦτα
313 2262 367 2297 γὰρ
385 2263 436 2289 ὑπὸ
446 2264 580 2298 ἀπόφασιν
596 2265 734 2300 γενόμενοι
751 2266 799 2301 τῆς
813 2267 860 2293 τοῦ
873 2268 939 2295 Θεοῦ

157 2306 368 2343 δικαιοκρισίας,
398 2310 612 2345 ταραχοήσονται
640 2312 767 2344 εἰκότως,
795 2313 940 2350 ἐπειδήπερ

157 2352 304 2386 ἐνύσταξαν
318 2354 509 2390 ἐπιϐεϐηκότες
523 2357 577 2387 τοῖς
596 2357 698 2383 ἑαυτῶν
712 2358 814 2389 ἵπποις,
840 2359 939 2395 δηλαδὴ

156 2400 211 2432 τοῖς
219 2399 376 2432 ἀκολάστοις
386 2401 505 2436 σώμασι·
520 2401 576 2428 δέον
588 2402 766 2438 ἐγρηγορέναι
777 2404 823 2429 καὶ
834 2405 938 2439 νήφειν,

157 2446 374 2481 μνημονεύοντας
390 2447 461 2473 θείου
482 2447 688 2483 προστάγματος
704 2448 826 2482 λέγοντες
836 2458 842 2464 ·
862 2451 937 2484 Γρη-

156 2491 282 2526 τυρεῖτσ,
309 2491 353 2518 ὅτι
376 2493 430 2519 οὐκ
456 2493 554 2520 οἴδατε
572 2493 629 2528 τὴν
652 2493 765 2528 ἡμέραν
788 2494 858 2521 οὐδὲ
882 2495 939 2529 τὴν

155 2535 244 2572 ὥραν.
259 2537 290 2564 οι
304 2537 331 2563 δὲ
342 2537 496 2570 ,ὲνύσταζον
513 2539 559 2565 καὶ
583 2539 709 2566 ὕπνωσαν
727 2539 809 2566 ὕπνον
830 2540 918 2566 αὐτῶν
929 2561 936 2573 ,

155 2582 270 2618 ὀνείροις
284 2584 331 2609 καὶ
355 2584 541 2619 φαντάσμασιν
558 2585 719 2619 ἐκδοθὲντες,
739 2586 830 2617 ἵπποις
840 2595 870 2612 τε
891 2586 937 2622 οη-

155 2626 285 2664 λυμανέσι
305 2630 360 2660 τοῖς
376 2629 463 2656 αὐτῶν
483 2630 587 2665 σώμασι
600 2631 774 2667 χρησάμενοι.
789 2629 868 2658 Οὗτοι
881 2641 935 2658 τοι-

156 2673 256 2710 γαροῦν
283 2674 382 2706 πάντες
403 2675 427 2701 οἱ
454 2675 517 2702 ποτὲ
535 2677 582 2711 μὲν
598 2677 738 2712 λεγόμενοι
759 2678 881 2705 ἀσύνετοι
903 2680 934 2714 τῇ

157 2719 264 2755 καρδίᾳ,
279 2720 343 2746 ποτὲ
363 2720 390 2747 δὲ
410 2721 504 2757 ἄνδρες
520 2722 566 2748 τοῦ
583 2722 707 2755 πλούτου,
727 2723 785 2749 νυνὶ
804 2723 832 2749 δὲ
846 2723 936 2750 ἐπιϐε-

156 2763 270 2801 ϐηκότες
294 2767 356 2798 τοὺς
381 2766 489 2799 ἵππους,
504 2767 571 2799 τέως
597 2768 646 2803 μὲν
672 2769 741 2795 κατὰ
764 2768 813 2804 τὴν
839 2769 936 2804 θνητὴν

157 2809 229 2847 ζωὴν
253 2811 410 2844 ἐνύσταξαν,
426 2813 441 2849 ἢ
457 2813 528 2840 κατὰ
548 2813 593 2839 τὺν
614 2813 767 2850 Σύμμαχον,
791 2815 937 2849 ἐκαμύθη-

991 2271 1100 2299 lascivis
1116 2271 1295 2307 corporibus;
1316 2279 1378 2298 cum
1391 2272 1556 2306 oportuisset
1568 2272 1680 2307 vigilare
1692 2276 1718 2299 et
1728 2280 1770 2300 so-

990 2317 1048 2345 brie
1063 2325 1297 2352 agere,memores
1308 2317 1391 2345 divini
1401 2318 1526 2353 prazcepti
1542 2317 1658 2345 dicentis
1672 2326 1678 2344 :
1700 2317 1770 2352 Vigi-

990 2365 1116 2400 late,quia
1128 2365 1233 2391 nescitis
1244 2363 1323 2396 diem,
1335 2373 1414 2399 neque
1427 2364 1519 2390 horam
1529 2364 1561 2390 ".
1576 2364 1615 2390 llli
1632 2371 1695 2391 vero
1711 2364 1762 2391 dor

991 2409 1132 2440 mitabant,
1152 2414 1178 2437 ct
1195 2409 1364 2437 dormierunt
1378 2416 1502 2436 somnum
1515 2417 1606 2440 suum,
1616 2409 1730 2438 somniis
1745 2414 1775 2438 etv

990 2455 1140 2489 phantasiis
1163 2454 1246 2481 dediti
1260 2475 1267 2486 ,
1289 2455 1420 2489 equisque
1448 2454 1578 2487 lascivis,
1607 2456 1771 2490 corporibus

990 2507 1088 2535 nempe
1104 2499 1162 2528 suis
1182 2500 1235 2527 usi.
1251 2499 1284 2526 Hi
1301 2500 1393 2535 itaque
1415 2507 1513 2527 omnes
1526 2501 1585 2535 qui,
1608 2502 1689 2529 modo
1701 2502 1771 2530 insi-

988 2546 1093 2580 pientes
1119 2545 1213 2578 corde,
1240 2546 1321 2574 modo
1335 2547 1386 2574 viri
1404 2546 1571 2580 divitiarum,
1590 2555 1664 2575 nunc
1679 2556 1774 2577 ascen-

989 2589 1084 2617 dentes
1101 2597 1187 2624 equos
1212 2594 1357 2623 vocantur,
1371 2591 1435 2618 dum
1459 2592 1485 2618 in
1513 2593 1640 2627 przesenti
1658 2594 1714 2620 vita
1728 2594 1773 2622 de-

989 2638 1094 2669 gerent.
1103 2634 1328 2669 dormitaverunt;
1340 2637 1398 2664 sive
1405 2637 1555 2664 secundum
1565 2637 1770 2673 Symmachum.

989 2681 1105 2715 soporati
1119 2686 1191 2714 sunt,
1214 2689 1312 2717 sopore
1327 2686 1353 2710 et
1377 2683 1509 2711 ebrietate
1523 2684 1620 2712 anima:
1637 2684 1770 2720 depressi.

990 2725 1091 2752 Deinde
1108 2734 1182 2765 vero,
1193 2726 1354 2755 dormierunt
1368 2737 1488 2756 somnum
1498 2738 1586 2762 suum,
1602 2731 1679 2758 vanis
1688 2731 1773 2765 pham

990 2734 1091 2752 ueniae
1108 2734 1123 2752 τ
1142 2734 1182 2758 ro,
1193 2734 1354 2755 dormierunt
1368 2737 1488 2756 somnum
1498 2738 1586 2762 suum,
1602 2734 1679 2758 vanis
1688 2734 1773 2765 pham

989 2771 1068 2799 tasiis
1086 2734 1188 2805 dediti;
1204 2780 1235 2800 ac
1247 2773 1356 2800 demum
1372 2776 1565 2811 expergefacti,
1589 2777 1690 2804 turbati
1708 2780 1773 2804 sunt

991 2817 1024 2843 ab
1043 2816 1228 2852 increpatione
1243 2818 1289 2846 Dei
1301 2818 1395 2848 Jacob.
1411 2821 1459 2848 llic
1474 2829 1554 2857 porro
1568 2827 1625 2850 erat
1644 2822 1772 2850 Servate!

139 2877 143 2888 ’
193 2891 214 2906 "
235 2890 316 2919 llebr.
335 2899 392 2925 ιιι,
411 2891 454 2918 22.
495 2892 516 2908 "
536 2891 586 2920 lea.
605 2901 646 2926 LI,
666 2893 708 2921 ll.
748 2894 769 2910 εδ
790 2893 862 2922 Psal.
878 2903 937 2922 XLVI

998 2895 1094 2929 l'i,18.
1134 2897 1155 2913 οδ
1176 2897 1268 2926 Matlh.
1287 2907 1348 2931 xxv,
1368 2900 1408 2927 15.
