2024 3214
262 155 316 184 883

605 159 737 188 EUSEBll
757 161 994 190 C.~ES;\RIENSFS
1013 161 1087 190 OPP.
1105 161 1195 189 PARS
1215 160 1261 190 lii.
1279 175 1315 182 —
1333 159 1537 189 EXEGETICA.

1821 156 1873 185 εει

263 217 366 246 noster,
391 213 438 240 Dei
466 213 595 244 Verbum.
616 215 663 249 qui
692 215 742 250 ipsi
767 214 851 243 Jacob
872 215 941 244 Deus
965 217 1034 244 visus

1092 226 1162 250 σαν,
1184 216 1260 251 κάρῳ
1275 216 1320 242 καὶ
1337 215 1405 251 μέθῃ
1422 215 1510 250 ψυχῆς
1527 214 1754 251 περιενεχθέντεςο
1771 212 1830 242 εἶτα
1844 215 1876 242 δε

260 258 347 286 fuisse
362 259 388 286 in
406 258 547 294 Scriptura
558 259 644 287 fertur
658 270 665 287 :
679 261 780 296 quique
792 261 924 296 judicium
941 263 968 289 in
983 270 1041 290 om-

261 311 309 330 nes
324 311 339 330 a
354 302 433 331 Patre
455 305 567 339 accepit.

1093 263 1240 289 ὕπνωσαν
1257 261 1353 287 ὕπνον
1376 259 1484 291 αὐτῶν,
1506 259 1663 294 φαντασίαις
1682 259 1807 294 ματαίαις
1829 260 1874 286 ὲκ-

1093 308 1228 339 δοθέντες·
1245 306 1291 333 καὶ
1305 306 1379 337 τέλος
1398 305 1606 337 διυπνισθέντες,
1621 305 1807 341 ὲταράιῦησαν
1821 305 1874 332 ἀπὸ

258 350 441 385 ἐπιτιμήσεως
451 351 498 378 τοῦ
515 351 580 378 Θεοῦ
601 351 707 379 Ἰακώϐ.
727 349 809 384 Οὗτος
825 354 852 380 δὲ
868 353 901 390 ἦν
916 356 930 381 ὁ
943 355 1075 390 ἡμέτερος
1089 355 1192 390 Σωτὴρ,
1215 355 1230 380 ὁ
1244 353 1290 380 ιοῦ
1304 351 1371 378 Θεοῦ
1384 353 1479 386 Λόγος,
1495 353 1509 378 ὁ
1529 352 1568 388 τῷ
1588 351 1683 379 Ἰακὼὸ
1699 352 1873 388 ἀναγεγραμ-

259 395 339 429 μένος
355 393 443 430 ὦφθαι
458 397 532 428 Θεὸς,
550 398 564 423 ὁ
577 398 624 433 τὴν
639 399 717 426 κατᾶι
727 399 834 426 πάντων
847 401 936 436 κρίσιν
951 402 1024 437 παρὰ
1036 401 1082 427 τοῦ
1100 401 1205 437 [ἰατρὸς
1221 399 1440 434 ἀναδεδεγμένος-

294 452 377 481 Vens.
387 454 413 481 8.
423 454 462 481 Tu
469 455 594 482 terribilia
603 464 641 488 es,
648 457 738 491 etquis
748 458 847 485 resistet
860 458 906 485 tibi
915 460 966 486 ἵει
978 463 1038 485 tunc

259 499 302 525 ira
315 504 370 526 tua.
389 499 425 527 lis
437 501 483 535 qui
497 501 596 529 divina)
607 502 674 529 lucis
691 503 782 531 radios
793 505 917 539 excipere
931 505 1037 536 nolunt,

258 544 390 571 terribilis
408 552 469 572 esse
485 545 596 572 dicitur.
615 545 784 582 Quapropter
800 548 841 575 sic
857 549 983 584 superius
997 550 1036 584 ip-

258 597 318 617 sum
336 589 419 616 Deum
432 590 631 625 alloquebatur,
648 591 788 620 “luminae
809 598 837 619 tu
854 594 1010 621 mirabiliter
1022 603 1038 621 ιι

258 635 389 661 montibus
399 635 519 666 wternis;
540 643 613 664 nunc
629 641 719 665 autem
736 638 823 666 eidem
848 639 887 666 ait
904 650 910 667 :
929 640 967 667 Tu
987 645 1040 667 ter-

258 680 345 707 ribilis
356 689 394 712 es,
406 685 430 708 et
445 682 504 716 quis
523 683 624 709 resistet
641 683 707 711 tibi?
723 682 783 718 Ipse
805 685 897 720 itaque
920 689 947 712 et
971 686 1039 714 lucis

257 727 384 762 largitor,
402 731 429 754 et
440 728 571 756 terribilis
587 734 649 763 est;
663 730 697 758 iis
707 730 811 758 scilicet
825 731 871 766 qui
885 732 913 758 in
928 731 1038 760 dextera

258 776 333 803 sunt,
355 771 424 800 lucis
441 773 662 808 administrator;
685 775 718 803 iis
736 775 783 811 qui
801 776 829 803 in
844 777 967 807 sinistra.
984 781 1040 804 ter-

258 815 357 849 ribilis,
368 817 466 852 quibus
480 819 559 845 etiam
570 818 641 846 dicet
653 827 659 845 :
670 819 745 847 Abite
755 821 782 847 in
793 821 878 856 ignem
901 826 1037 855 ceternum,

1127 458 1168 484 Σὺ
1182 457 1306 492 φοϐερὸς
1323 455 1360 488 εἴ,
1377 455 1425 483 καί
1444 457 1488 488 τίς
1508 455 1720 490 ἀντιστήσεται
1729 463 1777 482 σοι
1787 463 1797 486 ;
1815 454 1872 481 ἀπὸ

1091 504 1156 530 τότε
1167 503 1186 536 ἠ
1202 503 1273 538 ὀργή
1290 511 1358 530 σου.
1373 501 1436 533 Tol;
1451 501 1488 537 μὴ
1506 501 1654 536 βουληθεῖσι
1670 499 1716 526 τοῦ
1734 499 1805 526 θείου
1816 507 1872 534 (ρω-

1089 549 1135 580 τὸς
1149 549 1198 580 τὰς
1213 549 1297 582 αὐγὰς
1318 546 1518 584 παραδέξασθαι
1533 546 1646 582 φοϐερὸς
1662 543 1731 572 εἶναι
1755 545 1871 579 λέγεται.

1090 594 1135 620 Διὺ
1146 593 1273 630 ἀνωτέρω
1294 594 1343 630 μὲν
1364 593 1438 628 αὐτῷ
1452 591 1618 628 προσεφώνει
1639 591 1678 626 τῷ
1692 591 1751 626 Θεῷ
1767 591 1853 624 λέγων
1866 600 1869 602 ·

1088 639 1221 672 Φωτίζεις
1235 639 1275 667 σὺ
1290 638 1467 674 θαυμαστῶς
1482 638 1541 665 ἀπὸ
1563 639 1654 672 ὀρέων
1662 638 1787 663 altarium
1796 645 1803 651 '
1815 637 1873 664 νυνὶ

1087 685 1116 712 δὲ
1131 685 1169 721 τῷ
1187 685 1270 720 αὐτῷ,
1285 685 1327 712 Σὺ
1339 686 1463 720 φοϐερὸς
1475 684 1512 716 εἴ,
1528 684 1577 710 καί
1594 684 1639 716 τίς
1661 683 1872 717 ἀντιστήσεται

1088 737 1156 762 c’ot;
1169 730 1272 757 οὐκοῦν
1286 731 1300 756 ό
1315 731 1395 762 αὐτὸς
1416 730 1463 756 καὶ
1479 729 1566 764 φωτὸς
1583 729 1712 764 πάροχος,
1728 729 1774 756 καὶ
1794 728 1874 764 φοὸεν

1089 775 1135 811 ρδς
1152 775 1279 810 τυγχάνει
1291 785 1298 791 ·
1316 777 1371 807 τοῖς
1395 775 1443 811 μὲν
1456 774 1551 806 δεξιοῖς
1569 773 1656 809 φωτὸς
1674 774 1798 809 χορηγὸς,
1815 774 1871 805 10's.;

1090 821 1118 847 δὲ
1131 821 1284 857 ἀριστεροῖς
1297 821 1421 856 φοσερδς,
1433 818 1473 852 οἷς
1485 820 1517 855 δὴ
1531 819 1578 846 καὶ
1597 819 1691 855 φήσει·
1705 820 1871 853 Πορεύεσθε

257 867 381 895 paratum
396 863 500 890 diabolo
509 871 533 891 et
549 866 648 900 angelis
659 865 715 900 ejus
724 867 757 894 “.
769 866 870 895 Deinde
882 868 983 901 subdit,
996 868 1034 895 E1

1087 867 1131 898 εἰς
1146 865 1180 892 τὸ
1204 865 1262 900 πῦρ
1283 866 1316 893 τὸ
1330 865 1449 892 αἰώνιον
1464 865 1496 891 τὸ
1518 865 1738 899 ἡτοιμασμένον
1753 864 1794 897 τῷ
1810 865 1871 891 δια-

259 912 320 934 tunc
337 909 377 935 ira
401 913 456 937 tua.
473 909 513 937 Ex
537 915 612 944 tunc,
628 919 643 938 a
664 919 781 946 quonam
807 917 937 948 tempore,
953 914 1007 941 nisi
1021 922 1036 941 a

258 959 312 987 quo
323 952 536 981 dormitarcrnnt
549 955 599 990 qui
620 956 801 984 ascenderunt
816 965 911 992 equos,
927 962 953 985 et
973 958 1038 986 dor-

257 997 376 1025 mierunt
393 1006 518 1026 samnum
537 1008 616 1028 suum
641 1001 801 1036 insipientes
823 1004 906 1030 corde
919 1004 932 1030 ἵ
953 1003 991 1031 Ex
1005 1011 1038 1031 eo

259 1051 376 1079 namque
399 1049 522 1080 tempore
544 1046 596 1074 sibi
617 1047 685 1082 ipsis
699 1047 953 1076 tbesaurizaverunt
969 1049 1037 1076 iram

257 1090 284 1117 in
299 1090 344 1118 die
362 1091 422 1122 ine;
437 1092 473 1118 ita
493 1096 522 1118 ut
536 1092 603 1127 ipsis
625 1093 752 1121 dicatur:
769 1094 811 1121 Ite
826 1094 859 1120 ad
872 1095 957 1122 lumen
968 1096 1037 1130 ignis

255 1135 345 1167 reslri,
360 1142 384 1163 et
404 1136 438 1163 ad
457 1137 592 1171 flammant
609 1146 688 1173 quam
705 1139 860 1166 aecentfistis
875 1140 907 1166 ⁸⁷.
932 1139 1037 1175 Singuli

255 1190 373 1218 namque
380 1191 434 1218 quo
442 1189 564 1219 tempore
571 1184 695 1220 peccant,
703 1192 736 1212 ex
742 1192 774 1212 eo
783 1186 849 1212 iram
861 1185 912 1213 sibi
927 1186 1037 1213 thesau-

255 1228 343 1255 ritant
351 1237 358 1256 ;
365 1229 498 1263 siquidem
507 1237 554 1264 per
561 1230 628 1257 iram
637 1230 796 1265 intelligitur
804 1231 964 1265 supplicium
975 1238 1038 1266 pec-

253 1275 379 1303 cantibus
386 1275 564 1303 reconditum.
573 1275 675 1303 Deinde
687 1284 751 1304 vero
759 1276 859 1303 dicitur
868 1284 874 1301 :
883 1275 991 1303 —Vens
1007 1275 1034 1302 9;

257 1319 294 1346 De
300 1320 364 1347 uelo
373 1320 493 1347 auditum
502 1320 588 1355 fecisti
595 1321 736 1355 juditium.
746 1321 907 1348 Accuratius
918 1321 1038 1348 animad-

254 1369 356 1398 vertas,
374 1373 426 1393 non
440 1366 542 1394 dictum
562 1366 656 1399 fuisse,
673 1367 773 1401 fecisti,
791 1367 849 1399 sed,
863 1367 982 1394 auditum
996 1367 1036 1402 fe-

253 1411 324 1438 cisti.
341 1411 491 1447 Antequam
507 1412 578 1439 enim
592 1412 688 1447 judieii
703 1417 810 1447 tempus
823 1413 930 1440 eveniat
943 1413 976 1440 iis
989 1412 1036 1448 qui

253 1461 318 1485 ante
334 1457 466 1492 judicium
484 1459 626 1485 mortalem
642 1459 723 1485 vitam
746 1458 848 1491 obiere,
863 1466 910 1493 per
928 1459 1036 1486 divinas

252 1501 394 1536 lectiones,
411 1510 552 1530 sermones
572 1503 606 1531 de
620 1503 714 1531 divino
727 1503 832 1538 judicio
848 1504 922 1538 ipsos
940 1503 1036 1532 audire

253 1544 328 1573 fecit.
346 1545 398 1573 Sed
412 1553 484 1574 nunc
500 1546 608 1582 quidem
629 1547 749 1574 futurum
762 1547 896 1582 judicium
913 1548 947 1575 de
964 1548 1035 1576 caelo
1048 1539 1069 1568 θ

253 1591 377 1619 auditum
399 1592 463 1620 l‘ccit
480 1602 487 1620 :
509 1593 719 1627 superveniente
739 1598 829 1621 autem
852 1594 920 1629 justi
938 1594 1034 1628 judicii

253 1635 301 1664 Dei
313 1642 433 1672 tempore
442 1637 535 1672 (Vens.
546 1638 601 1674 10),
622 1643 701 1670 terra,
713 1639 811 1674 inquit,
821 1640 926 1666 tremuit
934 1645 958 1666 et
967 1640 1036 1675 quie-

251 1683 300 1713 vit,
315 1691 373 1709 cum
388 1688 537 1718 exsurgeret
560 1684 587 1710 in
602 1684 733 1718 judicium
750 1684 830 1716 Deus,
847 1690 875 1711 ut
895 1685 981 1712 salvos
997 1686 1036 1720 {a-

253 1732 416 1754 ceretomnes
430 1733 579 1755 mansuetos
590 1730 778 1764 terrwAperte
789 1734 879 1757 autem
891 1731 933 1758 his
944 1731 1035 1758 decla-

254 1776 305 1804 rat,
316 1780 376 1808 qute
390 1773 425 1801 sit
441 1773 542 1816 judiciiI
550 1781 649 1808 causa;
668 1775 706 1802 uti
718 1775 823 1803 scilicet
834 1777 923 1804 salvos
933 1776 1035 1805 faceret

251 1824 409 1847 mansuetos
418 1825 504 1848 terrae.
513 1819 580 1847 Nam
587 1821 620 1848 de
631 1821 723 1857 impiis
733 1822 835 1849 dictum
844 1827 900 1850 est:
917 1823 979 1850 Non
993 1831 1034 1851 re-

251 1869 357 1899 surgent
369 1865 442 1899 impii
455 1865 481 1891 in
492 1865 607 1899 judicio,
627 1874 707 1901 neque
717 1872 866 1901 peccatores
884 1869 911 1894 in
924 1869 1033 1895 concilio

247 1911 391 1946 j‘ustorum.
408 1910 540 1943 Quoniam
550 1911 620 1938 novit
634 1911 761 1940 Dominus
772 1914 841 1940 viam
849 1914 993 1948 justorum,
1009 1919 1034 1941 et

251 1953 301 1980 iter
317 1954 457 1988 impiorum
471 1955 566 1990 peribit
579 1956 612 1983 ⁸⁸.
622 1956 690 1984 Cum
700 1959 953 1995 surrexeritjtaque
962 1959 1033 1988 Deus

251 1997 280 2025 in
300 1999 452 2034 judicium.
475 2005 507 2028 ut
535 2003 626 2031 salvos
649 2003 730 2031 faciat
757 2012 852 2032 omnes
875 2011 1033 2034 mansuetos

250 2047 340 2078 terra),
356 2049 430 2073 terra
444 2051 542 2075 tremet
557 2054 583 2075 et
598 2049 732 2083 quiescet.
745 2049 811 2076 Nam
829 2053 963 2079 mansueti
977 2053 1035 2086 qui-

249 2090 311 2117 dem
328 2091 441 2120 salutem
458 2093 639 2128 obtinebunt;
655 2095 701 2122 alii
725 2100 827 2128 autem,
852 2097 899 2124 ira:
923 2098 1033 2125 traden-

249 2140 305 2164 tur.
321 2135 435 2172 Reliqua
453 2146 517 2166 vero
534 2143 617 2173 terra,
632 2144 660 2167 et
674 2141 721 2175 qui
738 2141 827 2168 medio
845 2142 872 2168 in
888 2146 961 2169 statu
975 2151 1033 2170 ver-

250 2185 357 2214 santur,
370 2187 510 2218 assumpto
527 2184 572 2212 Dei
585 2185 682 2213 timore
701 2193 716 2212 a
732 2187 938 2220 perturbatione
954 2188 1032 2224 quie-

248 2231 376 2255 scent.—
393 2228 479 2257 Vens.
496 2230 541 2257 ll.
552 2230 682 2263 Quoniam
704 2232 828 2267 cogitatio
843 2233 956 2261 hominis
970 2243 1032 2261 con~

248 2274 365 2308 [itebitur
387 2274 445 2307 tibi,
468 2280 492 2302 et
512 2275 631 2310 reliquid!
653 2277 821 2312 cogitationis
842 2278 911 2306 diem
933 2279 1029 2314 festum

248 2323 325 2354 agent
346 2319 403 2346 tibi.
419 2319 452 2348 Et
468 2320 521 2348 hoc
542 2321 581 2348 ait
597 2320 716 2348 futurum
736 2329 798 2350 esse
818 2330 880 2350 cum
901 2328 1030 2360 exsurget

248 2362 418 2398 injudicium
436 2364 518 2399 Deus,
536 2371 565 2394 ut
589 2367 679 2395 salvos
693 2366 774 2394 faciat
787 2376 883 2396 omnes
900 2377 1029 2397 mansue-

248 2413 377 2438 tosteme
389 2420 396 2444 ;
409 2411 474 2447 quid
491 2412 565 2440 aliud
579 2412 605 2440 id
618 2413 707 2446 luerit,
724 2421 805 2449 quam
820 2415 893 2450 quod
905 2417 1028 2451 cogitatio

247 2454 360 2483 hominis
376 2459 542 2492 conﬁtebitur
554 2459 602 2486 tibi
611 2461 623 2487 .’
638 2459 732 2488 Omnis
747 2461 847 2496 quippe
858 2461 959 2496 lingua,
972 2470 1030 2489 om-

247 2500 291 2527 nis
299 2501 437 2529 hominum
447 2504 576 2538 cogitatio
591 2505 744 2540 mentisque
757 2506 896 2541 perceptio
909 2511 1029 2541 tempore

244 2545 340 2580 judicii
354 2547 527 2577 conﬁtebitur
547 2549 612 2581 Deo,
629 2551 739 2586 quando
763 2552 869 2579 occulta
888 2552 1028 2580 hominum

246 2591 450 2620 revelabuntur.
467 2593 505 2620 Et
524 2596 650 2630 reliquiw,
666 2596 764 2631 inquit,
780 2598 945 2632 cogitationis
960 2599 1028 2625 diem

246 2636 344 2671 festum
361 2643 438 2672 agent
457 2639 514 2667 tibi.
533 2639 602 2672 Quid
617 2649 700 2676 porro
716 2641 798 2669 fuerit
817 2643 894 2674 illud,
910 2644 1028 2678 reliquiae

247 2682 428 2716 cogitationis,
445 2683 498 2711 nisi
522 2686 696 2714 ratiocinium
718 2688 791 2714 omni
820 2696 902 2723 prava
924 2690 1031 2727 cogita-

247 2728 320 2756 tione
335 2730 500 2764 purgatum?
516 2730 605 2758 simile
619 2732 654 2760 iis
672 2733 705 2760 de
721 2733 820 2768 quibus
843 2734 944 2767 diopm
962 2738 1003 2761 est
1021 2745 1027 2762 :

247 2771 374 2807 Reliquia:
394 2774 536 2801 secundum
550 2776 699 2804 electionem
715 2779 809 2812 gratia!
824 2773 902 2814 factm
919 2785 977 2806 sunt
994 2780 1024 2807 ⁸⁸³.

283 2850 306 2864 “
326 2849 419 2878 Matth.
438 2860 501 2886 xxv,
521 2853 565 2880 bl.
605 2855 625 2870 ⁵⁷
639 2854 688 2882 lsa.
708 2863 737 2885 ι..
758 2856 797 2883 ll.

1089 911 1167 944 σόλῳ
1179 911 1228 938 καὶ
1241 911 1303 944 τοῖς
1321 910 1457 946 ἀγγέλοις
1469 910 1573 938 αὑτοῦ.
1588 909 1646 937 Εἴθ’
1658 909 1721 945 ἑξῆς
1734 910 1868 945 ἐπιφέρει·

1095 958 1165 984 Ἀπὸ
1186 958 1250 984 τότε
1270 958 1289 992 ἡ
1309 956 1381 992 ὀργή
1403 965 1471 984 σου.
1494 956 1559 983 Ἀπὸ
1575 956 1635 982 τότε
1657 956 1696 987 δὲ,
1718 955 1793 986 πότε,
1814 955 1869 982 ἀλλ’

1088 1003 1167 1038 ἧάφ’
1191 1001 1221 1030 οὗ
1239 1003 1386 1037 ἐνύσταξαν
1411 1004 1436 1030 οἱ
1460 1002 1652 1037 ἐπιϐεϐηκότες
1673 1002 1735 1033 τοὺς
1760 1002 1870 1034 ἵππους,

1088 1050 1135 1076 καὶ
1156 1050 1282 1076 ὕπνωσαν
1304 1049 1386 1076 ὕπνον
1409 1049 1498 1076 αὐτῶν
1514 1049 1538 1075 οί
1559 1047 1684 1075 ἀσύνετοι
1699 1049 1732 1082 τῇ
1753 1047 1868 1083 καρδίας

1094 1095 1138 1129 Ἐξ
1151 1096 1253 1123 ἐκείνου
1270 1096 1324 1132 γὰρ
1339 1096 1414 1122 αὐτοὶ
1435 1096 1539 1126 ἑαυτοῖς
1556 1094 1736 1130 ἐθησαύρισαν
1746 1095 1830 1130 ὀργὴν
1841 1095 1870 1122 ὲν

1087 1141 1178 1177 ἡμέρα
1192 1142 1275 1177 ὀργῆς
1284 1150 1290 1156 ·
1309 1143 1346 1173 ὡς
1356 1141 1481 1175 λέγεσθαι
1499 1140 1566 1176 πρὸς
1579 1139 1688 1172 αὐτούς·
1704 1140 1869 1174 Πορεύεσθε

1086 1187 1126 1219 τῷ
1149 1188 1222 1221 φωτὶ
1249 1187 1302 1213 τοῦ
1324 1187 1417 1221 πιφὸς
1430 1186 1522 1221 ὑμῶν,
1540 1185 1587 1213 καὶ
1604 1185 1641 1220 τῇ
1662 1186 1750 1221 φλογὶ
1769 1183 1789 1221 ᾖ
1819 1186 1870 1218 ἐε-

1086 1234 1242 1259 εκαὺσατε.
1261 1233 1393 1264 Ἕκαστος
1407 1233 1461 1268 γὰρ
1479 1232 1539 1259 καθ’
1555 1232 1584 1258 ὃν
1601 1231 1695 1267 καιρὸν
1706 1231 1871 1268 ἁμαρτάνει,

1086 1277 1140 1304 ἀπὸ
1156 1278 1216 1304 τότε
1231 1279 1314 1314 ὀργὴν
1329 1277 1416 1312 ἑαυτῷ
1433 1277 1604 1313 θησαυρίζει⁹
1626 1278 1708 1314 ὀργῆς
1723 1279 1868 1314 νοουμένης

1085 1324 1134 1359 τῆς
1144 1324 1200 1355 τοῖς
1209 1323 1397 1359 πλημμελοῦσι
1408 1323 1621 1359 τεταμιευμένης
1633 1323 1774 1358 τιμωρίας.
1791 1323 1868 1359 Ἑξῆς

1086 1369 1114 1395 δὲ
1137 1369 1259 1404 εἴρηταιο
1281 1369 1332 1395 Ἐκ
1353 1367 1405 1394 τοῦ
1423 1367 1552 1402 οὐρανοῦ
1574 1368 1735 1401 ﬁuminath
1756 1369 1867 1402 κρίσιν.

1086 1414 1207 1450 Πρόσχες
1221 1414 1250 1440 δὲ
1275 1413 1421 1449 ἐπιμελῶς,
1443 1413 1480 1445 ὡς
1499 1413 1547 1440 οὐκ
1572 1413 1687 1450 εἴρηται,
1710 1413 1868 1447 ἐποίησας,

1086 1459 1143 1486 ἀλλ’
1158 1459 1330 1493 ἡκούτισας.
1346 1458 1412 1494 Πρὶν
1425 1458 1477 1493 γὰρ
1492 1457 1617 1493 ἐπιϐῆναι
1632 1457 1677 1484 τὸν
1693 1458 1741 1492 τῆς
1753 1457 1868 1493 κρίσεως

1088 1506 1180 1540 καιρὸν
1190 1507 1245 1537 τοῖς
1255 1506 1307 1541 πρὸ
1315 1505 1364 1540 τῆς
1376 1504 1491 1540 κρίσεως
1499 1504 1543 1530 τὸν
1553 1503 1646 1539 θνητὸν
1658 1503 1713 1538 βίον
1721 1503 1867 1535 διανύουσι,

1085 1551 1147 1583 τοὺς
1158 1551 1222 1586 περὶ
1235 1551 1283 1586 τῆς
1298 1550 1412 1586 κρίσεως
1423 1549 1517 1583 λόγους
1528 1548 1692 1583 ἀκουσθῆναι
1705 1549 1816 1584 ἐποίησε
1825 1548 1868 1576 διὰ

1083 1597 1137 1624 τῶν
1143 1597 1221 1624 θείων
1228 1597 1456 1632 ἀναγνωσμάτων.
1466 1594 1597 1621 Ἀλλὰνῦν
1607 1594 1655 1629 μὲν
1663 1595 1694 1621 ὲκ
1701 1593 1746 1620 τοῦ
1754 1593 1866 1630 οὐρα·δοῦ

1084 1642 1217 1677 ἀκουστὴν
1234 1642 1344 1677 ἐποίησε
1363 1641 1412 1676 τὴν
1425 1639 1572 1677 μέλλουσαν
1592 1639 1696 1675 κρίσιν·
1709 1639 1868 1671 ἐπιστάντος

1083 1687 1110 1714 δὲ
1126 1687 1172 1713 τοῦ
1188 1676 1283 1723 καιροῦ
1300 1687 1349 1721 τῆς
1365 1685 1412 1712 τοῦ
1434 1676 1501 1711 θεοῦ
1521 1683 1727 1720 δικαιοκρισίας,
1742 1683 1798 1719 Γῆ,
1817 1693 1868 1720 φη-

1083 1733 1136 1765 σὶν,
1151 1734 1280 1768 ἐφοϐήθη
1299 1732 1347 1758 καὶ
1364 1732 1523 1766 ἡσύχασεν
1536 1730 1571 1757 ἐν
1585 1729 1625 1762 τῷ
1645 1729 1812 1764 ἀναστῆναι
1825 1731 1868 1762 εις

1082 1779 1183 1814 κρίσιν
1195 1779 1248 1805 τὸν
1268 1778 1352 1809 Θεὸν,
1375 1777 1427 1804 τοῦ
1444 1776 1540 1803 σῶσαι
1555 1775 1669 1808 πάντας
1681 1775 1749 1808 τοὺς
1766 1775 1868 1810 πραεῖς

1083 1824 1138 1858 τῆς
1151 1824 1218 1859 τῆς.
1233 1823 1329 1858 Σαφῶς
1345 1823 1373 1849 δὲ
1387 1823 1534 1858 παρίστησι
1551 1821 1595 1848 διὰ
1609 1820 1710 1847 τούτων
1723 1823 1738 1848 ό
1747 1821 1825 1855 λόγος
1838 1821 1868 1846 τὸ

1083 1870 1167 1897 αἴτιον
1182 1871 1231 1905 τῆς
1245 1869 1376 1905 κρίσεως⁹
1390 1869 1459 1904 ὑπὲρ
1473 1868 1526 1902 γὰρ
1538 1866 1584 1893 τοῦ
1600 1865 1685 1892 σῶσαι
1697 1866 1759 1898 τοὺς
1772 1867 1868 1901 πραεῖς

1082 1915 1133 1950 τῆς
1145 1916 1205 1950 γῆς.
1222 1915 1289 1950 Περὶ
1313 1914 1366 1949 γὰρ
1378 1913 1432 1940 τῶν
1451 1912 1555 1939 ἀσεϐῶν
1572 1912 1700 1948 εἴρηταιν
1717 1912 1778 1938 Οὐκ
1797 1912 1857 1938 dra

1083 1960 1248 1994 στήσονται
1262 1958 1379 1991 ἀσεϐεῖς
1394 1958 1428 1985 ὲν
1442 1957 1547 1992 κρίσει,
1567 1955 1637 1984 οὐδέ
1654 1954 1820 1991 ἁμαρτωλοὶ
1833 1954 1860 1982 b

1080 2004 1181 2039 ,ϐουλῇ
1190 2004 1319 2031 δικαίωνε
1327 2004 1371 2030 ὅτι
1385 2003 1521 2038 γινώσκει
1531 2004 1637 2038 Κύριος
1649 2001 1721 2029 ὁδὸν
1733 2000 1864 2033 δικαίων,

1083 2051 1130 2078 καὶ
1140 2050 1210 2082 ὁδὸς
1221 2049 1339 2077 ἀσεϐῶν
1355 2049 1516 2077 ἀπολεῖται.
1533 2049 1708 2079 ’Δναστάντος
1719 2047 1807 2073 τοίνυν
1820 2045 1866 2073 τοῦ

1082 2097 1148 2124 Θεοῦ
1157 2098 1196 2128 εἰς
1208 2096 1298 2132 κρίσιν
1307 2096 1375 2131 ὑπὲρ
1383 2095 1429 2122 τοῦ
1438 2095 1522 2122 σῶσαι
1535 2095 1638 2126 πάντας
1644 2094 1707 2124 τοὺς
1715 2093 1812 2128 πραεῖς
1818 2092 1868 2128 τῆς

1082 2143 1142 2178 γῆς,
1151 2144 1185 2178 γῆ
1195 2141 1376 2177 φοϐηθήσεται
1388 2141 1434 2168 καὶ
1449 2141 1588 2176 ἡσυχάσει.
1605 2141 1636 2166 Oi
1648 2139 1696 2175 μὲν
1704 2139 1759 2173 γὰρ
1770 2139 1866 2174 πραεῖς

1082 2187 1220 2219 τεύξονται
1235 2187 1283 2222 τῆς
1302 2186 1445 2221 σωτηρίας,
1460 2187 1484 2212 οἱ
1498 2186 1568 2222 δὲτῇ
1583 2185 1649 2221 ὀργῇ
1667 2183 1869 2220 παραδοθήσον-

1083 2242 1142 2261 ται·
1160 2235 1178 2270 ἡ
1191 2233 1219 2260 δὲ
1234 2232 1313 2268 λοιπὴ
1325 2233 1360 2268 γῆ
1376 2233 1422 2259 καὶ
1443 2233 1468 2258 οί
1482 2232 1530 2268 τὴν
1556 2232 1640 2267 μέσην
1660 2230 1801 2264 εἰληφότες
1816 2238 1865 2256 κα-

1080 2280 1209 2307 τάστασιν
1224 2279 1372 2306 παύσονται
1388 2278 1438 2313 τῆς
1451 2277 1572 2314 ταραχῆς
1585 2277 1630 2303 τὸν
1641 2276 1710 2303 θεῖον
1724 2275 1866 2310 ἀνειληφό-

1079 2335 1125 2359 τες
1141 2325 1232 2360 φόϐον.
1245 2326 1304 2352 Ὅτι
1324 2324 1465 2358 ἐνθύμιον
1475 2323 1629 2358 ἀνθρώπου
1647 2321 1866 2357 ἐξομολογήσε-

1080 2373 1128 2398 ται
1140 2380 1199 2403 σοι,
1213 2372 1260 2398 καὶ
1270 2369 1488 2405 ἐγκατάλειμμα
1501 2369 1641 2403 ἐνθυμίου
1653 2367 1790 2402 ἑορτάσει
1804 2374 1863 2394 σοι.

1081 2418 1136 2445 Καὶ
1150 2417 1229 2444 τοῦτό
1252 2426 1333 2452 φησιν
1350 2415 1457 2442 ἔσεσθαι
1478 2416 1506 2442 ἐν
1526 2414 1566 2450 τῷ
1581 2414 1727 2449 ἀναστῆναι
1740 2413 1786 2439 τὸν
1799 2413 1864 2440 Θεὸν

1081 2465 1120 2495 εἰς
1131 2463 1230 2499 κρίσιν,
1241 2462 1287 2488 τοῦ
1302 2462 1385 2488 σῶσαι
1397 2461 1499 2493 πάντας
1509 2462 1571 2493 τοὺς
1585 2461 1680 2496 πραεῖς
1693 2459 1743 2493 τῆς
1760 2459 1820 2494 γῆς.
1832 2457 1868 2485 Τί

1081 2509 1108 2535 δὲ
1134 2508 1213 2536 τοῦτο
1233 2508 1260 2544 ἦ,
1282 2508 1421 2542 ἐνθύμιον
1438 2507 1592 2541 ἀνθρώπου
1614 2504 1866 2540 ἑξομολογήσεταί

1081 2563 1146 2586 cat;
1161 2554 1238 2581 [Ιᾱσα
1253 2554 1307 2589 γὰρ
1320 2553 1430 2588 γλῶσσα
1445 2553 1491 2580 καὶ
1503 2553 1557 2584 πᾶς
1578 2551 1705 2586 λογισμὸς
1718 2550 1765 2577 καὶ
1786 2551 1864 2577 ἐνθύ-

1083 2609 1164 2636 μησις
1179 2598 1328 2635 ἀνθρώπων
1351 2598 1572 2635 ἐξομολογήσεται
1593 2595 1632 2632 τῷ
1651 2595 1710 2631 Θεῷ
1730 2595 1801 2622 κατὰ
1819 2595 1864 2621 τὸν

1079 2645 1129 2680 τῆς
1143 2644 1258 2679 κρίσεως
1278 2643 1382 2678 καιρὸν,
1404 2643 1448 2669 ὅτε
1461 2643 1495 2670 τὰ
1513 2640 1620 2678 κρυπτὰ
1639 2641 1693 2667 τῶν
1714 2639 1864 2676 ἀνθρώπων

1080 2689 1183 2726 φανερὰ
1194 2690 1345 2724 γενήσεται.
1361 2688 1415 2716 Καὶ
1430 2687 1646 2724 ἐγκατάλειμμα
1658 2686 1697 2718 δὲ,
1711 2687 1803 2721 φησιν,
1816 2686 1862 2712 ἑνὶ

1079 2736 1184 2770 θινμίου
1195 2735 1328 2770 ἑορτάσει
1341 2743 1400 2762 σοι,
1416 2735 1448 2761 Τί
1456 2735 1477 2761 δ’
1489 2733 1521 2761 ἃν
1534 2733 1637 2768 γένοιτο
1646 2732 1861 2767 ἐγκατάλειμμα

1078 2781 1218 2815 ενι-θυμίου
1239 2780 1256 2816 ἦ
1271 2781 1284 2806 ὁ
1299 2780 1500 2816 κεκαθαρμένος
1514 2779 1566 2806 ἀπὸ
1578 2779 1666 2814 πάσης
1681 2778 1799 2814 πονηρᾶς
1817 2778 1860 2803 ὲν-

838 2858 859 2871 “
875 2856 946 2884 Psnl.
968 2865 994 2886 ι.
1013 2858 1074 2886 ἒὶ.ϐ.
1113 2859 1134 2872 "
1147 2857 1223 2886 nom.
1244 2865 1287 2886 si.
