2024 3214
147 183 199 212 885

705 183 956 213 COMMENTARIA
975 183 1008 211 IN
1027 182 1192 211 PSALMOS.‘
1233 174 1253 203 7
1275 160 1301 195 ί

1316 154 1371 191 ἰ’
1405 172 1409 176 ’
1703 182 1755 210 sse

147 243 288 280 θυμήσεως
298 244 439 280 λογισμός;
453 245 543 280 ὅμοιος
552 245 590 272 ὢν
600 243 713 278 lutum;
727 246 789 282 περὶ
800 242 837 273 ὧν
852 245 926 281 εἴρη-

982 243 1023 272 Sic
1034 245 1115 280 igitur
1128 251 1155 271 et
1169 250 1258 278 ipsum
1278 242 1472 278 [ratiocinium]
1486 242 1606 277 reliquiae
1618 240 1759 277 cogitatio-

146 297 208 316 ται·
225 289 336 324 Λεῖμμα
350 290 412 317 κατ’
426 290 558 325 ἐκλογὴν
572 290 690 325 χάριτος
703 291 834 326 γέγονεν.
850 291 927 318 Οὕτω

147 335 211 369 γοῦν
231 336 311 367 αὐτὸς
329 336 535 372 ἐγκατάλειμμα
552 337 677 372 ὲνθυμίου
706 337 873 373 ὠνόμασται·
888 336 928 364 διὸ

148 380 270 415 ἑορτάσει
289 382 359 413 τότε,
376 382 423 409 ἅτε
437 382 469 418 δὴ
490 383 560 410 κατὰ
581 382 675 418 καιρὸν
697 382 745 414 τὰς
767 382 928 417 ἐπαγγελίας

147 425 291 453 ἀωλαὸὼν
304 427 353 462 τῆς
367 427 491 463 οὐρανίου
508 427 655 464 βασιλείας.

183 470 320 503 Εὔεασθε
334 471 383 498 καὶ
393 472 520 499 ἀπόδοτε
532 472 631 507 Κυρίῳ
644 473 683 505 τῷ
700 472 760 505 Θεῷ
770 472 823 506 τὰς
839 473 929 507 εὐχὰς

149 514 243 549 ὑμῶν,
259 514 370 548 πάντες
394 517 421 542 οἱ
444 517 545 550 κύκλῳ
563 517 670 544 αὐτοῦ·
687 517 727 550 τῷ
749 517 861 552 φοϐερῷ
881 517 929 544 καὶ

150 559 354 594 ἀφαιρουμένῳ
380 561 532 596 πνεύματα
562 561 728 596 ἀρχόντων,
754 562 795 594 τῷ
819 562 930 597 φοϐερῷ

149 605 229 640 παρὰ
237 606 299 639 τοῖς
310 606 475 638 ,ϐασιλεῦσι
488 606 542 641 τῆς
554 607 622 642 γῆς.
634 608 797 640 Συντελέσιις
810 608 855 634 τὸν
868 610 932 644 περὶ

148 652 198 687 τῆς
214 651 330 687 κρίσεως
353 651 400 679 τοῦ
423 652 490 679 Θεοῦ
514 653 602 687 λόγον,
625 654 824 689 παραινετικῶς
842 654 932 680 λοιπὸν

149 698 231 723 πᾶσιν
247 698 313 732 ἡμῖν
329 697 491 733 προστάττει
504 697 640 733 εὔχεσθαι,
655 698 702 725 καὶ
716 698 868 725 ἀποδιδόναι
878 699 934 725 Κυ-

151 742 200 778 ρίῳ
210 742 250 778 τῷ
262 742 320 778 Θεῷ
338 743 416 778 ἡμῶν
429 743 478 775 τὰς
494 743 575 778 εὐχάς
587 752 593 759 ·
614 743 651 775 ὡς
670 743 710 769 ἔτι
726 743 754 770 δὲ
765 743 858 779 καιρός¹
876 744 933 770 ἐστι

149 788 218 815 κατὰ
231 789 277 815 τὸν
290 789 425 816 ὲνεστᾶντα
437 789 503 824 βίον,
519 789 677 824 ἀναγκαίως
691 789 769 816 τοῦτο
781 791 866 815 ποιεῖν
881 798 934 816 πα-

151 836 246 870 ραινεῖ.
263 834 351 869 Εὒχὰς
367 835 395 862 δὲ
412 835 461 867 τὰς
478 835 641 870 ἐπαγγελίας
660 835 754 862 εῐωθεν
774 835 932 871 ὀνομάζειν·

148 879 189 906 διὸ
200 879 322 906 λέλεκται
335 888 347 895 ·-
363 880 432 906 Ἐὰν
443 880 517 914 εὔξῃ
528 880 634 913 εὐχὴν,
649 879 692 914 μὴ
711 880 935 914 χρονίσῃς·ἀπο-

149 926 267 954 δοῦναι·
285 927 397 962 ἀγαθὸν
412 927 445 953 τὸ
465 927 507 961 μὴ
531 926 685 959 εὔξασθαι,
700 926 719 961 ἢ
737 926 770 953 τὸ
789 926 933 958 εὔξασθαι

149 972 199 1000 καὶ
210 972 253 1008 μὴ
271 973 444 1001 ἀποδοῦναι.
459 973 593 1004 Ἕκαστος
615 971 704 998 τοίνυν
721 971 774 998 τῶν
793 972 870 1007 ἡμῶν
884 972 933 1007 τὴν

149 1018 247 1046 ιαυτοῦ
268 1019 395 1055 πρόθεσιν
416 1020 464 1046 καὶ
478 1019 528 1054 τὴν
539 1018 641 1046 οἰκείαν
662 1018 825 1052 ἐπαγγελίαν
840 1017 933 1053 ὥσπερ

149 1065 231 1101 εὐχὴν
244 1065 400 1096 ἀποδιδότω.
419 1063 591 1101 μεμνημένος
607 1063 653 1090 τοῦ
670 1064 801 1099 φήσαντος
811 1072 817 1079 ·
835 1063 934 1090 Θῦσον

148 1110 189 1144 τῷ
207 1110 267 1144 Θεῷ
292 1112 402 1139 θυσίαν
417 1111 568 1144 αἰνέσεως,
584 1110 632 1137 καὶ
653 1110 763 1143 ἀπόδος
784 1109 824 1143 τῷ
839 1110 935 1144 Κυρίῳ

149 1158 203 1191 τὰς
214 1157 307 1192 εὐχάς
322 1165 396 1184 σου·
415 1157 464 1184 καὶ
477 1157 654 1184 ἐπικὰλεσαί
664 1165 702 1192 με
716 1156 750 1183 ἐν
763 1156 855 1191 ἡμέρᾳ
873 1156 935 1185 θλί-

150 1204 240 1237 ψεως,
256 1203 471 1237 καὶέξελοῦμαι
481 1210 528 1234 σε,
543 1203 591 1229 καὶ
606 1202 745 1235 ὃοξάσεις
753 1212 800 1237 με.
816 1203 871 1229 Νῦν
886 1203 935 1238 μὲν

150 1246 206 1280 οὖν,
223 1249 315 1283 φησὶν,
332 1248 460 1281 εὔξασθε
475 1248 523 1274 καὶ
542 1248 678 1275 ἀπόδοτε.
699 1249 793 1276 Ἔσται
807 1248 861 1284 γὰρ
875 1257 935 1275 και-

152 1294 197 1331 ρδς
211 1296 240 1321 ὲν
253 1291 275 1329 ᾧ
290 1295 390 1326 πάντες
405 1294 429 1320 οἱ
443 1294 533 1329 κύκλῳ
549 1293 631 1320 αὑτοῦ
648 1295 749 1321 οἴσουσι
761 1294 843 1330 δῶρα.
857 1294 934 1321 Κατὰ

150 1340 204 1377 γὰρ
219 1340 265 1367 τὸν
279 1341 328 1376 τῆς
347 1340 481 1376 βασιλείας
500 1340 582 1366 αὐτοῦ
606 1340 698 1376 καιρὸν
712 1339 852 1373 βασιλεῖς
868 1341 935 1374 θαρ-

151 1386 216 1419 σεῖς
229 1385 279 1413 καὶ
292 1385 382 1420 νῆσοι
390 1384 468 1419 δῶρα
483 1384 680 1420 προσάξουσι,
692 1384 832 1417 βασιλεῖς
852 1384 934 1418 Ἀρά-

152 1432 210 1458 ϐων
225 1430 275 1458 καὶ
289 1431 369 1458 Σαϐὰ
382 1429 460 1464 δῶρα
475 1430 684 1464 προσοίσουσι,
701 1429 749 1456 καὶ
765 1429 935 1464 προσκυνή-

151 1482 263 1504 σουσιν
283 1475 362 1508 αὐτῷ
381 1475 491 1508 πάντες
505 1477 531 1502 ol
550 1475 689 1508 βασιλεῖς
711 1475 766 1509 τῆς
784 1474 849 1510 γῆς.
868 1475 934 1501 Τότε

150 1521 216 1556 γοῦν
227 1521 373 1557 καθημένῳ
396 1521 441 1547 ἐπὶ
465 1521 558 1556 θρόνου
574 1519 652 1555 δόξης
674 1520 755 1546 αὑτοῦ
781 1521 934 1555 προσκυνή-

152 1575 226 1593 σουσι
242 1566 340 1598 πάντες
361 1565 430 1601 μετὰ
454 1564 565 1601 δώρων·
590 1565 720 1596 τουτέστι,
747 1564 804 1600 μεθ’
822 1562 859 1591 ὧν
876 1566 934 1591 ἐπι-
947 1576 969 1607 c

153 1611 264 1647 φέρεται
291 1611 404 1642 ἕκαστος
431 1610 552 1646 καρπῶν.
585 1611 682 1645 Διόπερ
711 1610 748 1641 ὡς
773 1610 812 1636 ἔτι
840 1610 933 1645 καιρός

152 1657 234 1689 ἔστιν,
249 1656 372 1683 ἐντεῦθεν
388 1656 437 1692 ἠδη
459 1656 586 1690 παραινεῖ
601 1655 728 1688 εὔξασθαι
747 1656 792 1682 καὶ
814 1656 934 1682 ἀποδιδό-

152 1709 210 1729 ναι·
226 1701 265 1734 ὡς
285 1701 328 1734 ἂν,
346 1702 407 1733 τοὺς
422 1700 526 1727 ἑαυτῶν
545 1700 696 1736 θησαυροὺς
712 1701 932 1736 ταμιευσάμενοι,

151 1748 222 1776 κατὰ
245 1748 339 1784 καιρὸν
355 1747 428 1783 αὐτῷ
448 1747 683 1783 προσκομίσωμεν,
706 1746 774 1780 ἄξιοι
795 1747 933 1782 γενόμενοι

152 1793 205 1821 τῶν
216 1793 383 1820 κυκλούντων
394 1793 474 1820 αὑτοῦ
488 1793 533 1820 τὸν
547 1793 648 1829 θρόνον.
663 1792 764 1824 Πάντες
779 1792 832 1828 γὰρ
844 1793 934 1828 κύκλῳ

153 1839 233 1866 αὐτοῦ
248 1839 435 1874 προσοίσουσιν
450 1838 523 1874 αὐτῷ
536 1839 619 1873 δῶρα,
634 1838 739 1874 φοϐερῷ
753 1838 808 1864 ὄντι
822 1840 877 1870 τοῖς
896 1839 932 1874 μὴ

154 1884 346 1920 πλησιάζουσιν
364 1884 454 1919 αὐτῷ,
470 1884 536 1920 μηδὲ
553 1884 667 1920 τὰδῶρα
680 1885 871 1920 προσφέρουσι.
889 1885 934 1911 Διὸ

155 1930 319 1965 ὲπιλέγεται·
332 1930 375 1963 Τῷ
386 1930 498 1965 φοϐερῷ
509 1930 557 1956 καὶ
567 1930 770 1965 ἀφαιρουμένῳ
782 1931 934 1965 πνεύματα

153 1975 312 2010 ἀρχόντων,
329 1974 441 2009 φοϐερῷ
453 1975 532 2009 παρὰ
547 1975 608 2008 τοῖς
618 1976 782 2007 ,βασιλεῦσι
795 1976 850 2011 τῆς
865 1976 932 2011 γῆς.

153 2019 189 2047 Th
198 2019 263 2057 γὰρ,
278 2021 318 2047 οὺ
329 2020 372 2055 μὴ
388 2021 547 2054 καταμείνῃ
563 2021 595 2047 τὸ
609 2020 725 2055 πνεῦμά
730 2029 789 2055 μου
803 2020 851 2047 ἐπὶ
864 2021 934 2053 τοὺς

152 2065 236 2099 υἱοὺς
251 2065 420 2100 ἀνθρώπων,
443 2065 601 2101 λεχθήσεται
620 2066 667 2093 καὶ
689 2067 731 2092 ἐπ’
754 2066 862 2093 ἐκείνων
879 2066 933 2093 τῶν

153 2119 218 2138 ποτε
233 2110 283 2146 μὲν
297 2111 433 2146 ἀρχόντων
455 2111 500 2138 καὶ
521 2111 677 2147 ἡγουμένων
697 2111 932 2147 χρηματισάντων,

152 2156 198 2183 καὶ
219 2155 375 2191 Πνεύματος
394 2156 471 2190 ἁγίου
489 2156 718 2188 καταξιωθέντων,
734 2157 764 2182 οὺ
781 2157 833 2191 μὴν
852 2157 934 2190 ἀξίως

152 2200 306 2236 βιωσάντων
317 2201 366 2236 τῆς
378 2201 496 2236 χάριτος·
508 2201 554 2236 ἀφ’
562 2198 597 2227 ὧν
610 2202 763 2237 ἀφαιρεῖται
773 2202 802 2228 τὺ
814 2202 931 2238 πνεῦμα,

152 2244 234 2278 ὅπως,

151 2292 232 2327 δύσῃ,
248 2292 422 2328 ἀφαιροῦντι
434 2293 493 2328 μὲν
510 2293 627 2328 πνεῦμα
640 2294 803 2329 ἡγεμόνων,
820 2295 933 2330 φοϐερῷ

976 290 1022 318 nis
1034 297 1160 318 vocatum
1177 293 1239 323 est;
1256 292 1421 324 quapropter
1431 292 1496 316 tunc
1510 287 1610 316 festum
1627 291 1698 323 aget,
1716 290 1758 313 ut-

977 339 1040 371 pote
1065 336 1092 362 in
1118 339 1240 370 tempore
1256 341 1306 361 suo
1326 333 1520 369 promissiones
1544 332 1620 369 regni
1640 332 1760 361 caelestis

980 385 1167 416 accepturum.

1013 467 1096 496 Vsus.
1111 467 1155 500 12,
1170 467 1212 496 l5.
1232 467 1322 495 Vovete
1339 472 1363 494 et
1386 466 1484 494 reddite
1503 466 1614 493 Domino
1629 466 1682 494 Deo
1700 471 1759 493 vota

979 519 1075 545 vestra,
1091 521 1178 540 omnes
1195 513 1239 548 qui
1261 513 1287 539 in
1311 512 1422 539 circuitu
1437 512 1493 546 ejus
1508 513 1569 539 estis
1586 520 1595 539 :
1611 511 1722 539 terribili
1734 513 1760 538 et

980 559 1004 586 ei
1018 559 1062 594 qui
1078 558 1163 593 aufert
1178 559 1286 592 spiritus
1300 558 1457 592 principum,
1473 557 1585 584 terribili
1599 557 1667 591 apud
1682 565 1754 592 reges

983 610 1069 632 terrae.
1086 604 1219 632 Absoluto
1233 603 1266 631 de
1282 603 1329 631 Dei
1349 603 1452 638 judicio
1469 610 1605 636 sermone,
1622 602 1758 630 hortantis

981 657 1057 677 more
1071 649 1193 684 praecipit
1217 648 1297 676 nobis
1323 652 1352 675 ut
1361 655 1512 676 -voveamus
1529 651 1555 675 et
1570 647 1683 675 Domino
1703 647 1760 675 Deo

982 699 1076 722 nostro
1091 699 1153 721 vota
1166 693 1313 721 reddamus
1326 702 1333 720 :
1351 692 1415 720 dum
1427 693 1553 721 adhuc‘in
1567 692 1692 728 praesenti
1707 692 1763 721 vita

982 743 1089 775 tempus
1112 739 1198 770 adest,
1213 738 1287 766 utrid
1303 745 1416 773 agamus
1439 747 1490 766 nos
1518 738 1673 766 necessario
1687 745 1762 765 com-

983 790 1085 814 monet.
1101 785 1170 813 Vota
1189 790 1277 813 autem
1293 785 1488 820 promissiones
1502 792 1660 820 nuncupare
1674 784 1760 819 solet;

983 840 1068 868 quare
1080 832 1182 860 dictum
1198 835 1240 859 est
1257 840 1263 858 :
1277 831 1307 858 Si
1326 835 1413 858 uotum
1436 832 1545 864 noveris,
1557 839 1588 858 ne
1602 830 1690 858 tardes
1704 829 1764 858 red-

984 878 1059 905 dere:
1075 878 1166 905 melius
1182 877 1250 904 enim
1259 881 1361 904 estnon
1375 885 1474 910 uouere,
1486 885 1565 912 quam
1576 885 1663 905 uouere
1673 882 1698 904 et
1712 885 1764 904 non

949 914 971 941 Β
986 923 1091 951 reddere
1105 924 1140 951 τοι
1153 923 1347 958 Unusquisque
1368 929 1432 958 ergo
1453 927 1577 951 nostrum
1593 923 1763 958 propositum

983 972 1010 996 et
1026 968 1235 1004 promissionem
1249 975 1338 1001 suam,
1356 975 1405 996 ceu
1427 971 1519 995 votum
1536 967 1642 1000 reddat,
1660 976 1765 996 memor

983 1014 1047 1041 dicti
1065 1014 1138 1041 illius
1152 1023 1159 1041 :
1176 1013 1291 1041 Immala
1304 1013 1359 1040 Deo
1374 1014 1534 1048 sacriﬁcium
1552 1012 1650 1045 laudis,
1665 1018 1689 1040 et
1705 1013 1765 1041 τεός

984 1059 1015 1086 de
1030 1059 1142 1086 Domino
1157 1064 1217 1086 uota
1232 1064 1278 1085 tua
1293 1066 1302 1085 .'
1319 1063 1344 1085 et
1357 1059 1446 1085 invoco
1462 1067 1500 1085 me
1511 1059 1539 1085 in
1554 1058 1596 1085 die
1612 1058 1767 1086 tribulatio-

983 1104 1036 1136 nis,
1054 1109 1079 1131 et
1095 1112 1187 1131 eruam
1209 1108 1242 1136 te,
1258 1108 1282 1130 et
1305 1104 1466 1139 glori/icabis
1481 1112 1520 1131 me
1532 1105 1565 1131 τ’.
1578 1104 1655 1131 Nunc
1671 1104 1764 1139 igitur;

984 1151 1032 1184 ait,
1050 1150 1141 1179 Vovete
1151 1155 1176 1179 et
1190 1149 1297 1179 reddite.
1312 1149 1430 1186 Tempus
1447 1150 1518 1179 enim
1534 1149 1619 1177 aderit
1633 1157 1687 1185 quo
1703 1157 1766 1177 om-

984 1205 1033 1225 nes
1047 1197 1092 1233 qui
1108 1198 1135 1225 in
1153 1197 1269 1225 circuitu
1282 1197 1341 1232 ejus
1357 1201 1420 1224 sunt
1431 1196 1544 1224 atl'erent
1554 1202 1675 1224 munera.
1697 1194 1765 1222 Nam

984 1247 1105 1278 tempore
1118 1244 1194 1279 regni
1210 1243 1294 1278 ipsius
1306 1251 1377 1279 reges
1394 1243 1503 1270 Tharsis
1514 1248 1538 1270 et
1549 1242 1642 1270 insulce
1656 1250 1766 1270 munera

985 1289 1103 1323 offerent,
1119 1297 1189 1324 reges
1210 1289 1327 1316 Arabum
1347 1293 1372 1316 et
1395 1288 1467 1316 Saba
1491 1288 1559 1315 dona
1582 1287 1721 1320 adducent,
1740 1292 1766 1315 et

985 1334 1134 1361 adorabunt
1158 1343 1217 1362 eum
1245 1343 1333 1362 omnes
1349 1342 1418 1369 reges
1443 1339 1519 1361 terra:
1533 1334 1568 1362 ν’.
1582 1333 1659 1361 Tunc
1674 1333 1780 1369 ipsumx

985 1379 1011 1407 in
1030 1380 1127 1407 throno
1143 1380 1239 1415 gloria}
1257 1380 1476 1411 suae-sedentem,
1493 1386 1587 1406 omnes
1604 1386 1665 1406 cum
1685 1378 1779 1407 donis.

985 1425 1146 1458 adorabunt,
1166 1425 1193 1452 id
1209 1429 1260 1457 est,
1273 1433 1334 1452 cum
1351 1425 1418 1457 suis,
1436 1432 1505 1460 quos
1526 1423 1650 1456 aﬂ'erent,
1670 1423 1778 1451 fructi.—

985 1471 1069 1499 tibus.
1084 1470 1264 1498 Idcirco-dum
1278 1470 1367 1498 adhuc
1381 1474 1488 1505 tempus
1499 1474 1551 1504 est,
1567 1475 1659 1498 monet
1678 1475 1709 1497 ut
1718 1477 1779 1498 vos.

984 1524 1095 1544 veamus
1119 1521 1146 1544 et
1173 1516 1329 1550 reddamus,
1345 1520 1375 1543 ut
1397 1523 1458 1544 cum
1486 1516 1630 1544 thesauros
1654 1519 1764 1544 nostros

985 1562 1197 1594 coudiderimus.
1220 1570 1267 1590 eos
1289 1566 1441 1598 opportuno
1457 1566 1578 1597 tempore
1598 1562 1649 1598 ipsi
1668 1562 1764 1590 nll'era-

984 1616 1055 1640 mus,
1069 1608 1143 1644 digni
1164 1609 1250 1636 habiti
1271 1612 1301 1636 ut
1317 1610 1388 1636 inter
1401 1616 1447 1636 eos
1463 1609 1509 1644 qui
1524 1608 1653 1636 thronum
1678 1607 1764 1643 ipsius

984 1653 1154 1681 circumdant
1173 1661 1392 1682 annumeremur.
1409 1652 1510 1681 Omnes
1520 1653 1593 1681 enim
1604 1653 1633 1680 in
1649 1652 1767 1680 circuitu

983 1698 1042 1733 ejus
1053 1699 1165 1727 allerent
1180 1699 1230 1735 ipsi
1252 1706 1376 1732 munera,
1391 1699 1437 1734 qui
1451 1707 1506 1726 non
1521 1698 1713 1726 accedentibus
1729 1699 1774 1725 add

984 1752 1056 1776 eum.
1082 1753 1132 1773 nec
1159 1753 1272 1773 munera
1297 1745 1336 1772 illi
1360 1745 1535 1773 ollerentibus
1560 1744 1691 1772 terribilis
1709 1747 1763 1772 est.

983 1789 1072 1823 Quare
1084 1790 1124 1818 sic
1134 1789 1307 1818 concluditur
1321 1799 1328 1817 :
1345 1789 1467 1817 Terribili
1479 1794 1504 1816 et
1519 1790 1543 1817 ei
1555 1790 1600 1824 qui
1611 1789 1697 1823 aufert
1710 1789 1765 1823 spi-

984 1836 1051 1862 ritus
1077 1836 1234 1870 principum,
1261 1834 1370 1862 terribili
1393 1834 1462 1869 apud
1491 1843 1560 1870 reges
1586 1839 1671 1862 terra'.
1695 1834 1763 1862 Illud

983 1882 1054 1909 enim
1075 1890 1082 1908 :
1098 1881 1160 1908 Non
1174 1880 1334 1916 permanebit
1348 1882 1457 1915 spiritus
1471 1882 1586 1908 meussin
1598 1881 1662 1915 ﬁliis
1676 1879 1764 1907 homi-

984 1936 1045 1955 num
1055 1928 1087 1960 ⁷³,
1106 1927 1139 1955 de
1153 1927 1208 1955 illis
1222 1934 1331 1962 quoque
1343 1927 1448 1954 diCetut‘
1470 1926 1516 1962 qui
1537 1926 1602 1953 olim
1625 1925 1763 1961 principes

983 1977 1010 2001 et
1025 1973 1110 2001 duces
1123 1972 1278 2005 audiebant,
1295 1976 1322 2000 et
1337 1972 1439 2007 Spiritu
1454 1975 1548 2000 sancto
1562 1971 1663 2007 dignati
1677 1976 1761 2003 sunt;

984 2017 1031 2045 sed
1058 2025 1111 2044 non
1129 2017 1211 2052 digno
1235 2020 1345 2052 accepta
1370 2017 1455 2052 gratia
1481 2017 1562 2044 modo
1579 2017 1705 2045 vixerunt
1723 2026 1730 2044 :
1747 2024 1764 2044 a

983 2062 1082 2097 quibus
1103 2062 1215 2097 spiritus
1234 2061 1383 2094 auferetur,
1400 2065 1430 2089 ut
1444 2069 1477 2089 eo
1489 2062 1603 2098 'privati,
1615 2062 1764 2097 promerito

984 2109 1117 2143 supplicio
1131 2107 1275 2135 dedantur.
1293 2100 1447 2135 Secundum
1463 2107 1657 2144 Symmachum
1672 2114 1738 2135 vero
1754 2117 1762 2134 :

984 2154 1152 2190 Legistatori.
1173 2153 1303 2188 auferenti
1313 2153 1417 2188 quidem
1429 2154 1551 2188 spiritum
1565 2153 1670 2186 ducum,
1688 2153 1764 2180 terri-

988 2203 1035 2229 bili
1043 2207 1130 2230 autem
1139 2201 1242 2237 regibus
1254 2205 1339 2229 terrai.

269 2245 443 2281 στερηθέντες
467 2246 565 2278 αὑτοῦ,
587 2248 619 2281 τῇ
647 2247 818 2282 προσηκούσῃ
844 2247 1013 2283 παραδοθῶσι
1029 2247 1156 2283 τιμωρίᾳ.
1191 2247 1268 2274 Κατὰ
1293 2247 1321 2273 δὲ
1345 2245 1392 2273 τδν
1417 2246 1579 2282 Σύμμαχον,
1609 2245 1650 2279 Τῷ
1677 2254 1763 2280 νομο-

951 2295 985 2322 δὲ
996 2295 1057 2328 τοῖς
1068 2294 1233 2326 ,βασιλεῦσι
1245 2293 1300 2328 τῆς
1318 2292 1374 2329 γῆς

151 2349 205 2377 Et}:
228 2350 271 2377 T0
294 2350 404 2377 ΤΕΛΟΣ
422 2351 860 2390 γῃιξιχιΔιεῃηίι,·ΨΑΛΜοΣ
887 2355 930 2390 To

983 2355 1008 2381 ι.
1028 2354 1067 2380 1N.
1081 2353 1185 2381 FINEM
1203 2351 1271 2380 rno
1290 2352 1444 2390 tntruuu,
1463 2351 1622 2379 PSALMUS
1639 2351 1763 2380 ASAPH.

449 2387 546 2413 Aon.
566 2388 633 2420 οφ.

186 2439 272 2475 Φωνῇ
288 2449 347 2475 μου
370 2441 444 2476 πρὸς
461 2442 570 2478 Κύριον
592 2442 747 2477 ἐκέκραξα,
772 2443 856 2478 φωνῇ’
873 2453 932 2478 μου

152 2484 225 2520 πρὸς
241 2485 296 2512 τὸν
312 2486 399 2518 Θεὸν,
418 2486 468 2513 καὶ
483 2488 635 2522 προσέσχε
645 2497 706 2522 μοι.
720 2488 764 2524 Τῷ
782 2489 829 2524 μὲν
847 2489 931 2523 Ἀσάφ

152 2530 256 2566 ιῐρηται
271 2531 286 2557 ό
305 2530 420 2566 ψαλμὸς,
447 2532 589 2567 ἀνήνεκται
613 2532 640 2559 δὲ
661 2534 700 2564 εἰς
723 2533 863 2568 πρόσωπον
885 2533 931 2560 τοῦ

158 2576 282 2612 Ἰδιθοὺμ,
294 2578 363 2614 ὑπὲρ
372 2574 402 2604 οὗ
414 2578 448 2605 τὰ
462 2579 634 2615 ὲμφερόμενα
644 2580 681 2616 τῷ
695 2580 793 2617 ψαλμῷ
809 2582 932 2608 συνετάτ-

151 2631 220 2650 τετο.
237 2622 318 2650 Ὅθεν
330 2625 344 2650 ὁ
367 2624 522 2660 Σύμμαχος,
542 2626 594 2652 Διὰ
616 2627 752 2662 Ἰὃιθοὺμ,
769 2629 783 2654 ὁ
802 2628 830 2654 δὲ
854 2628 932 2655 Ἀκύ-

150 2667 207 2700 λας,
239 2668 304 2696 Ἐπὶ
329 2669 461 2705 Ὶδιθοὺμ,
491 2673 672 2707 ὴρμήνευσαν.
699 2674 754 2700 Καὶ
781 2674 828 2700 νῦν
857 2674 905 2709 μὲν
919 2675 933 2701 ὁ

156 2713 253 2750 Ἀσὰφ,
270 2715 333 2747 τοὺς
356 2715 424 2751 μετὰ
444 2718 537 2753 χεῖρας
554 2717 648 2752 λόγους
673 2719 813 2752 συντάξας,
839 2719 932 2756 ὥσπερ

150 2758 306 2792 διδάσκαλος
321 2761 426 2797 μαθητῇ
438 2762 587 2798 ὲμμελετᾷν
600 2763 638 2798 τῷ
656 2764 770 2800 Ἰδιθοὺμ
784 2765 932 2800 παραδέδω-

151 2812 212 2831 κεν·
228 2805 245 2840 ἡ
260 2805 352 2842 ὥσπερ
378 2807 469 2842 ἰατρὸς
483 2807 521 2842 τῷ
543 2808 688 2844 θεραπείας
708 2809 824 2846 δεομένῳ
846 2811 932 2846 σωτή-

187 2883 208 2899 ⁷⁶
227 2882 314 2912 Ecclc.
335 2893 360 2918 ν,
379 2885 409 2918 5,
427 2885 453 2912 4.
491 2886 512 2902 τι
533 2885 603 2914 Paul.
620 2894 697 2922 nu,
715 2887 756 2922 ll,
779 2888 820 2915 13.

1314 2387 1419 2414 LXXVI
1424 2408 1430 2415 .

1018 2444 1101 2472 Vens.
1115 2445 1142 2471 2.
1171 2444 1237 2471 Voce
1257 2452 1314 2470 mea
1338 2443 1372 2471 ad
1396 2443 1538 2471 Dominum
1565 2443 1687 2476 clamavi,
1704 2452 1775 2475 voces

982 2499 1039 2518 mea
1062 2491 1096 2518 ad
1113 2491 1207 2523 Deum,
1221 2495 1246 2517 et
1265 2490 1376 2517 intendit
1404 2490 1477 2518 mihi.
1501 2489 1625 2518 Psalmus
1649 2491 1682 2518 ab
1705 2491 1773 2526 ipso.

981 2536 1073 2572 Asaph
1088 2537 1176 2564 dictus
1190 2541 1250 2569 est,
1261 2535 1378 2563 refertur
1394 2540 1483 2564 autem
1500 2536 1533 2564 ad
1546 2543 1691 2572 personam
1706 2535 1762 2564 ldi-

981 2581 1068 2613 thum,
1080 2589 1129 2618 pro
1144 2590 1198 2617 quo
1206 2589 1238 2609 ea
1252 2589 1312 2616 quae
1325 2582 1351 2609 in
1363 2581 1467 2616 psalmo
1478 2581 1601 2609 teruntur
1612 2582 1769 2617 composita.

986 2632 1059 2655 sunt.
1078 2627 1153 2656 Unde
1180 2627 1375 2663 Symmachus,
1394 2627 1505 2662 Propter
1526 2626 1654 2659 Idithum,
1666 2627 1763 2662 Aquila

984 2680 1059 2704 vero,
1075 2671 1159 2707 Super
1175 2671 1294 2699 Iditlium
1310 2672 1480 2706 interpretati
1497 2675 1571 2700 sunt.
1582 2671 1616 2699 Et
1630 2671 1686 2706 jam
1707 2671 1764 2706 qui-

985 2718 1044 2746 dem
1057 2718 1147 2753 Asaph
1159 2718 1210 2746 hos
1222 2725 1361 2746 sermones
1378 2717 1427 2745 abs
1443 2725 1472 2745 se
1480 2717 1568 2746 editos
1579 2717 1657 2752 quasi
1675 2715 1763 2751 magi-

985 2771 1041 2794 ster
1060 2755 1194 2801 discipulo
1205 2766 1257 2801 ipsi
1276 2765 1392 2793 lditltum
1414 2765 1448 2793 ad
1460 2765 1641 2793 meditandum
1656 2763 1738 2791 tradit
1752 2772 1759 2792 :

984 2811 1025 2838 vel
1051 2811 1129 2846 quasi
1156 2811 1278 2838 medicus
1303 2811 1327 2838 ei
1347 2810 1394 2846 qui
1419 2811 1522 2840 medela
1549 2813 1617 2846 cget,
1645 2809 1769 2838 salutare-

861 2890 881 2905 "
901 2888 970 2916 Psal.
991 2890 1068 2923 Lxxi‘,
1089 2889 1130 2921 l0,
1151 2889 1191 2916 11.
1231 2889 1253 2905 ⁷³
1272 2888 1337 2917 Gcn.
1354 2897 1396 2917 γι.
1411 2889 1437 2916 5.
