2024 3214
105 163 158 193 889

667 159 918 190 COMMENTABIA
934 160 966 188 IN
986 160 1156 190 PSALMOS.

1220 139 1284 185 7t.
1667 164 1720 192 ωο

105 217 297 254 ἐπιϐοωμένων
311 216 401 246 αὐτόν.
418 217 449 244 Ei
463 217 517 255 γὰρ
542 218 602 254 ἃμα
630 217 669 253 τῷ
685 218 735 253 τὴν
757 218 848 254 φωνὴν
861 218 1020 254 ἀναπέμψαι
1033 218 1132 254 ᾔσθετο
1152 218 1270 254 ἐπηκόου
1295 218 1378 246 αὐτοῦ
1394 219 1606 256 γενομένου’τοῦ
1642 220 1724 260 Θεοῦ,

105 266 195 296 αὐτοῖς
206 263 296 299 ἔργοις
309 263 460 290 ἐδιδάσκετο
479 263 617 299 πανταχοῦ
632 264 758 299 παρεῖναι
767 263 798 290 τὸ
825 263 911 297 Θείον,
932 265 979 291 καὶ
1008 264 1070 297 τοὺς
1094 263 1144 300 τῆς
1176 263 1308 299 Προνοίας
1335 264 1489 300 ὀφθαλμοὺς
1523 266 1623 301 ὲφορᾷν
1657 266 1723 298 τοὺς

105 309 205 343 ἀξίους.

145 366 226 393 Ἀλλὰ
255 366 301 394 καῖ
326 367 361 394 ἐν
387 367 481 403 ἡμέρᾳ
509 368 639 403 θλίψει-ὃς
661 377 731 403 μου,
745 368 822 404 φησὶ,
840 368 893 395 τὸν

977 365 1060 394 Vens.
1077 366 1104 394 3.
1125 365 1178 393 Sed
1192 366 1273 393 etiam
1289 365 1315 392 in
1335 366 1377 393 die
1391 366 1569 394 tribulationis
1587 376 1662 402 meai,
1679 370 1724 398 in-

107 414 185 441 esdr'
195 412 358 447 ὲξεζήτηοα
373 414 437 446 ταῖς
452 414 538 448 χερσί
552 423 611 449 μου
625 415 735 447 νυκτὸς
753 414 891 441 ἐναντίον

106 458 208 490 αὑτοῦ,
226 459 274 485 καὶ
298 459 334 485 οὺ
357 458 400 493 μὴ
425 459 591 493 ἠπατήθην.
606 460 661 486 Καὶ
675 460 714 486 ὅτι
732 459 781 495 μὲν
796 459 892 486 πολλαὶ

107 506 134 532 αἱ
157 505 261 540 θλίψεις
284 505 338 532 τῶν
361 505 473 532 δικαίων
499 505 611 541 (ἐπειδὴ
635 506 799 541 ἁπείραστος
822 505 898 541 ἀνὴρ

106 551 256 586 ἀδόκιμος),
266 550 399 582 παντοίως
410 551 580 578 διδάσκουσιν
596 552 619 578 οἱ
631 551 696 578 θεῖοι
709 552 798 585 λόγοι·
813 551 849 583 ὡς
864 551 892 578 δὲ

107 597 259 632 θλιϐόμενοι
280 597 422 632 κρείττους
442 597 545 624 ἑαυτῶν
558 597 705 632 ἐγίγνοντο,
717 597 829 633 δοκιμὴν
842 597 892 632 τῆς

107 642 210 669 ἑαυτῶν
221 643 386 678 παρέχοντες
399 643 546 678 ὑπομονῆς,
562 644 591 669 οὐ
604 644 657 680 μὴν
671 644 845 679 συγχεόμενοι
855 644 893 675 ὡς

107 689 240 724 εἶλιγγιᾷν
255 689 300 715 καὶ
312 688 495 724 θορυὸεῖσθαι,
510 689 629 716 διδάσκει
642 690 656 716 ὁ
667 689 761 723 εἰπὼν,
771 691 818 716 Ἐν
831 691 894 717 θλί-

106 736 155 769 ψει
172 734 345 767 ἐπλάτυνός
362 743 410 768 με,
427 735 474 761 καὶ
494 736 508 761 ὁ
527 735 600 766 θεῖος
615 729 775 767 Ἀπόστολος
788 735 891 770 λέγων’

108 780 289 814 (θλιϐόμενοι,
306 780 374 806 ἀλλ’
391 781 426 807 οὐ
441 781 712 816 στενοχωρούμενοι
722 790 728 796 ·
747 782 893 808 καταϐαλ-

106 825 236 859 λόμενοι,
249 825 380 852 ἀλλὀὐκ
392 826 595 861 ἀπολλύμενοι
605 835 611 842 ·
627 827 809 862 διωκόμενοι,
824 827 892 854 ἀλλ’

106 870 161 895 οὐκ
173 871 463 904 ἐγκαταλειπόμενοι.
485 870 577 903 Οὕτως
590 869 637 899 οὖν
650 873 696 898 καὶ
712 871 829 898 ἐνταῦθα
841 881 893 907 φη-

107 922 150 941 σιν
159 921 167 929 ·
184 916 238 942 Ἐν
250 915 346 950 ἡμέρᾳ
357 916 406 942 6.1!
408 916 485 950 ψεὼς
496 925 554 951 μου
568 917 622 943 τὸν
634 917 708 944 Θεὸν
720 918 892 952 ἐξεζήτησα·

106 961 136 988 οὗ
149 961 204 996 γὰρ
219 961 372 988 ἀπέϐλεπον
392 962 439 988 ἐπὶ
457 963 519 994 τοὺς
537 962 686 994 θλίϐοντας,
703 964 757 990 οὐδ’
774 964 818 990 ἐπὶ
832 965 893 996 τοὺς

107 1006 319 1043 ἱπαιρομένους·
336 1001 505 1043 ἐπιστρέφωῦ
519 1008 546 1034 δὲ
562 1009 680 1043 ἐμαυτοῦ
695 1009 725 1035 τὸ
735 1009 790 1045 ¹τῆς
805 1009 893 1046 ψυχῆς

106 1053 182 1089 δμμα
208 1054 277 1088 πρὸς
298 1053 343 1080 τὸν
367 1053 432 1079 Θεὸν
455 1054 515 1080 κατ’
531 1054 612 1081 αὐτὸν
626 1055 671 1081 τὸν
686 1054 741 1088 τῆς
763 1056 894 1090 θλίψεως

107 1098 303 1135 παιρδν,αὺτδν
315 1098 466 1134 ὲξεξήτουν.
476 1099 603 1134 Ἐζήτουν
618 1099 646 1126 δὲ
662 1100 742 1126 αὑτὸν
755 1102 814 1132 ταῖς
832 1109 894 1136 χερ-

108 1146 134 1172 σί
148 1154 211 1181 μου,
224 1145 412 1180 δεδιδαγμένος
425 1146 546 1181 ἐπαίρειν
559 1145 648 1177 ὁσίους
662 1148 755 1182 χεῖρας
768 1147 839 1173 κατὰ
848 1148 893 1174 τὸν

108 1192 247 1227 φάσκοντα
256 1191 333 1225 λόγον
341 1200 347 1207 ·
359 1192 507 1225 Βούλομαι
520 1191 552 1217 δὲ
564 1191 633 1225 τοὺς
647 1192 757 1226 ἄνδρας
769 1193 895 1227 προσεύ-

108 1239 232 1272 χεσθαι,
260 1237 437 1271 ἐπαίροντας
465 1238 569 1270 ὁσίους
598 1238 708 1272 χεῖρας.
740 1239 795 1265 Καὶ
822 1238 894 1266 τοῦτ’

109 1283 244 1319 ἔπραττον
259 1283 289 1308 οὺ
302 1283 337 1309 δι’
352 1282 459 1318 ἡμέρας
477 1282 566 1318 μόνον,
585 1283 653 1310 ἀλλὰ
669 1284 715 1310 καὶ
729 1284 773 1311 διὰ
787 1285 893 1319 νυκτὸς,

107 1328 157 1361 τὰς
171 1328 265 1365 χεῖρας
282 1337 332 1364 μου
348 1329 468 1365 ἐπαίρων
484 1329 602 1357 ἐναντίον
622 1329 715 1363 αὑτοῦ,
732 1331 778 1357 καὶ
792 1330 836 1357 διὰ
847 1331 895 1366 τῆς

108 1375 273 1410 προσευχῆς,
290 1374 336 1401 καὶ
351 1374 393 1401 διὰ
406 1374 459 1401 τῶν
475 1375 543 1410 πρὸς
557 1375 636 1401 αὑτὸν
650 1375 745 1410 φωνῶν
759 1376 894 1411 ἐπιζητῶν

108 1421 199 1448 αὐτόν.
214 1420 270 1452 Διὸ,
284 1420 370 1447 ταῦτα
393 1420 530 1456 πράττων,
548 1422 608 1447 οὐκ
627 1421 800 1455 ὴπατήθην·
823 1421 896 1457 εὑρί-

109 1475 189 1493 σκετο
205 1467 258 1502 γάρ
284 1476 328 1503 μοι
349 1466 529 1502 ζητούμενος·
547 1467 586 1494 διδ
599 1465 752 1502 προσέσχε
768 1476 830 1501 μοι,
848 1468 895 1494 καὶ

106 1512 156 1544 τὰς
172 1512 269 1539 ἑαυτοῦ
282 1512 367 1544 ἀκοὰς
388 1513 449 1548 ἐμοὶ
466 1513 601 1548 παρέσχεν
620 1512 691 1539 Ἄντὶ
707 1512 735 1538 δὲ
754 1513 811 1545 τοῦ,
829 1513 895 1546 Ταῖς

108 1559 195 1593 χερσί
207 1567 266 1594 μου
278 1558 387 1591 νυκτὸς
402 1559 540 1586 ἐναντίον·
555 1559 658 1592 αὐτοῦ,
677 1559 725 1586 καὶ
749 1560 803 1586 οὐκ
817 1559 894 1593 ἠπα-

108 1605 214 1637 τήθην,
229 1605 243 1630 ὁ
257 1605 403 1640 Σύμμαχος
423 1604 515 1631 τοῦτον
532 1605 688 1640 ἡρμήνευσε
709 1605 754 1632 τὸν
775 1605 874 1640 τρόπον
885 1613 893 1621 ο

112 1648 145 1677 Ἠ
158 1649 223 1684 χείρ
243 1657 303 1683 μου
328 1648 438 1682 νυκτὸς
456 1648 592 1676 ἐνετέτατο
610 1649 762 1683 διηνεκῶς.
787 1650 895 1686 Ταύτην

108 1694 157 1730 μὲν
173 1693 220 1722 οὖν
235 1693 307 1730 εἶχον
322 1695 451 1730 μεγίστην
468 1694 515 1721 καὶ
537 1695 620 1730 μόνην
643 1695 896 1731 παραμυθίαν.¹Ἀλ-
909 1709 929 1738 C

106 1741 160 1773 λως
177 1741 215 1773 δὲ,
230 1741 334 1774 οὐδενὸς
347 1740 495 1776 ἠνειχόμην
515 1741 680 1777 παρακαλεῖν
702 1750 735 1777 με
755 1742 802 1769 καὶ
815 1742 894 1778 Θερα-

106 1786 202 1813 πεύειν
227 1786 364 1818 ἐθέλοντος
389 1786 531 1822 ἀνθρώπου
547 1788 576 1812 ὲν
589 1787 627 1822 τῷ
646 1788 694 1823 τῆς
710 1787 825 1822 ouem;
843 1796 893 1823 μου

107 1832 205 1868 καιρῷ.
221 1832 266 1858 Διό
280 1832 399 1866 ἐπιλέγει
409 1841 415 1847 ·
438 1831 621 1866 Ἀπηνήνατο
635 1833 859 1868 παρακληθῆναι
873 1834 893 1867 ἡ

105 1878 193 1913 ψυχή
208 1887 268 1913 μου
280 1886 288 1894 ⁶
309 1878 325 1914 ἢ
341 1879 412 1906 κατὰ
436 1878 482 1904 τὸν
504 1877 660 1914 Σύμμαχον,
677 1880 737 1907 Οὐκ
762 1880 895 1908 ἐπείθετο

106 1923 337 1959 παρηγορεῖσθαι
360 1924 378 1958 ἡ
398 1924 483 1958 ψυχή
497 1932 573 1958 μου·
590 1925 647 1951 ἀλλ’
665 1925 818 1960 ἀνθρώποις
846 1926 895 1961 μὲν

105 1971 157 1997 οὐκ
169 1970 328 2006 ἐπειθόμην,
345 1971 399 2002 τοῖς
414 1970 500 2001 ἄλλως
516 1979 549 2006 με
564 1972 731 2006 παρηγορεῖν
747 1972 793 1998 καὶ
807 1980 894 2006 παρα-

104 2016 216 2043 καλεῖν·
238 2007 392 2051 ὲμνῆσθην
414 2016 441 2042 δὲ
466 2016 519 2043 τοῦ
543 2017 615 2044 Θεοῦ
636 2017 683 2044 καὶ
701 2017 893 2050 ηὐφράνθην·

105 2063 230 2097 ἀπήρκει
244 2061 297 2097 γάρ
315 2070 359 2097 μοι
380 2063 396 2097 ὴ
416 2061 462 2088 τοῦ
476 2061 542 2089 Θεοῦ
565 2063 658 2098 μνήμη
679 2062 746 2098 προς
766 2063 896 2100 εὐφροσύ-

104 2116 172 2143 νην·
188 2107 257 2134 ἀλλὰ
272 2107 319 2134 καὶ
333 2107 537 2142 ἠδολέσχηο-α,
552 2109 628 2144 φησὶ,
645 2109 693 2136 καὶ
707 2109 896 2144 ὠλιγοψύχη-

105 2161 148 2181 σα
158 2162 164 2168 ·
182 2153 241 2180 ἀνθ’
257 2150 287 2180 οὗ
307 2154 321 2179 δ
341 2152 487 2189 Σύμμαχος
501 2155 666 2190 ἡρμήνευσε,
685 2154 848 2181 Διελάλοιιν
861 2155 896 2181 ἐν

105 2199 224 2235 ἐμαυτῷ
249 2200 296 2226 καὶ
318 2200 607 2234 ἐλειποθύμουν,”οτι
626 2200 683 2235 μὲν,
699 2199 774 2234 φησὶ,
788 2199 896 2234 ἐμαυτῷ

104 2245 256 2279 διελάλουν,
273 2245 485 2281 ἐλειποθύμουν’
510 2246 556 2272 καὶ
579 2246 621 2272 ὅτε
648 2246 808 2280 ἠδολέσχουν
832 2246 896 2281 παρ’

105 2290 230 2327 ἔμαυτῷ,
248 2291 398 2328 τηνικαῦτα
415 2291 576 2326 ὼλιγοψύχει
595 2290 624 2317 τὺ
640 2290 748 2326 πνεῦμά
762 2299 813 2326 μου
824 2298 830 2305 ·
851 2291 896 2317 ὅτε

104 2337 133 2364 δὲ
146 2337 393 2372 ἀνεμιμνησκόμην
411 2337 458 2364 τοῦ
483 2336 560 2367 Θεοῦ,
577 2335 746 2371 εὐφροσύνης
763 2336 897 2372 ἐπληρού-

941 412 1011 447 quit,
1024 412 1105 438 Deum
1118 412 1245 446 exquisivi
1258 411 1379 438 manibus
1391 412 1454 439 meis
1466 418 1539 440 nocte
1551 419 1642 442 contra
1652 424 1721 450 eum,

940 462 964 485 et
984 466 1035 484 non
1060 466 1118 484 sum
1138 458 1269 492 deceptus.
1287 457 1365 490 Quod
1383 458 1475 485 multa:
1499 459 1554 486 sint
1576 461 1723 495 proborum

941 503 1110 531 calamitates
1125 504 1198 538 (nam
1222 504 1265 530 vir
1289 511 1343 531 non
1368 507 1488 532 tentatus
1506 505 1635 541 inglorius
1659 508 1722 543 est).

941 549 1097 577 omnimode
1117 550 1214 577 docent
1234 549 1332 577 divina
1354 549 1504 585 Scriptura:
1519 561 1526 578 :
1541 551 1612 586 quod
1632 558 1723 581 autem

942 594 968 622 in
979 595 1108 623 aerumnis
1120 595 1250 630 degentes
1262 595 1313 623 sibi
1327 595 1394 630 ipsis
1407 597 1563 632 superiores
1577 599 1723 630 evaserint,

941 641 1209 677 experimentumque
1223 642 1360 676 patientim
1370 650 1428 670 suae
1443 642 1580 676 dederint,
1597 652 1652 671 non
1664 652 1726 672 con-

942 686 995 714 fusi
1011 687 1047 714 ita
1064 691 1093 714 ut
1108 687 1242 721 vertigine
1259 687 1415 715 laborarent
1430 693 1456 715 ct
1479 689 1666 723 turbarentur,
1689 691 1726 718 ita

942 732 1021 760 docet
1035 733 1091 764 ille,
1112 732 1146 759 In
1163 732 1334 760 tribulatione
1347 734 1471 761 dilatasti
1487 735 1599 770 mitti";
1618 735 1726 765 divinus

943 778 1004 806 item
1022 779 1168 814 Apostolus
1184 779 1241 806 haec
1260 779 1352 811 tradit,
1371 779 1578 808 Tribulationem
1597 783 1725 816 patimur,

942 825 987 851 sed
1007 832 1057 850 non
1073 826 1274 859 angustiamur;
1294 825 1446 860 dejicimur,
1462 826 1507 853 sed
1526 835 1576 854 non
1591 829 1725 862 perimus;

942 871 1146 905 persecutionem
1171 872 1304 905 patimur,
1328 870 1373 898 sed
1396 880 1449 899 non
1473 872 1727 908 derelinquimur”.

944 915 988 942 Sic
1005 916 1088 951 igitur
1101 916 1147 943 hic
1168 916 1224 944 ait:
1240 916 1272 944 In
1291 916 1333 943 die
1359 916 1537 944 tribulationis
1561 926 1624 945 mea:
1643 919 1727 946 Deum

942 963 1080 997 exquisivi.
1110 961 1169 989 Non
1191 963 1264 990 cnim
1296 962 1329 989 ad
1349 963 1552 991 tribulationem
1567 964 1726 998 inferentes,

943 1015 998 1035 non
1013 1007 1047 1034 ad
1063 1007 1184 1035 tumidos
1203 1008 1265 1035 illos
1279 1008 1473 1043 respiciebant;
1490 1009 1537 1037 sed
1552 1011 1632 1037 Oculo
1648 1018 1725 1038 men-

944 1051 979 1080 tis
995 1061 1061 1081 mem
1084 1054 1117 1081 ad
1134 1053 1218 1081 Deum
1245 1053 1423 1081 tribulationis
1447 1057 1568 1090 tempore
1582 1063 1725 1088 converso,

944 1098 1033 1134 ipsum
1050 1099 1238 1135 exquirebam.
1259 1098 1386 1128 Manibus
1403 1108 1466 1128 vero
1485 1102 1554 1128 meis
1571 1102 1726 1136 quarebam

944 1152 1016 1176 eum,
1033 1145 1174 1173 institutus
1191 1145 1223 1172 ad
1239 1145 1368 1173 levandas
1391 1151 1500 1174 sanctas
1515 1155 1612 1174 manus
1629 1155 1729 1174 secun-

944 1190 1008 1217 dum
1024 1190 1132 1218 eliath
1148 1191 1215 1218 illud
1228 1201 1234 1219 :
1252 1191 1316 1218 Volo
1328 1197 1417 1219 autem
1430 1193 1498 1220 viros
1513 1201 1599 1226 orare,
1615 1193 1734 1221 levantes

944 1241 1050 1264 sanctas
1071 1245 1163 1264 manus
1175 1238 1208 1265 ".
1222 1237 1305 1273 quue
1324 1245 1377 1265 non
1400 1237 1444 1265 die
1461 1239 1561 1270 solum,
1581 1239 1628 1267 sed
1646 1240 1727 1266 etiam

944 1286 1024 1310 nocte
1045 1291 1143 1311 manus
1164 1291 1240 1312 meas
1266 1288 1362 1312 contra
1382 1291 1444 1311 eum
1461 1285 1616 1320 erigebam;
1642 1285 1678 1312 ita
1701 1290 1729 1312 ut

944 1331 998 1356 tam
1014 1330 1138 1358 oratione
1150 1338 1230 1365 quam
1253 1330 1366 1358 vocibus
1378 1331 1488 1359 emissis
1505 1331 1580 1358 illum
1602 1332 1730 1366 exquire-

944 1381 1012 1402 rem.
1042 1374 1212 1411 Quapropter
1230 1376 1287 1404 hare
1314 1384 1397 1411 agens
1423 1385 1475 1404 non
1500 1385 1558 1404 sum
1582 1377 1728 1412 deceptum:

945 1427 1007 1448 nam
1021 1422 1187 1457 perquisitus
1204 1421 1248 1449 ille
1264 1423 1391 1449 inventus
1407 1430 1422 1449 ιι
1437 1430 1479 1449 me
1493 1422 1554 1453 fuit.
1575 1428 1599 1450 et
1617 1423 1729 1450 intendit

946 1467 1020 1500 mihi,
1036 1475 1170 1502 auresque
1188 1467 1253 1494 mihi
1270 1467 1393 1502 prrebuit.
1410 1468 1463 1495 Pro
1481 1468 1527 1496 illo
1542 1472 1643 1501 autem,
1666 1469 1728 1495 Ila-

945 1512 1022 1539 nibus
1037 1512 1100 1538 meis
1115 1519 1189 1539 nocte
1203 1517 1296 1538 contra
1314 1521 1384 1545 eum,
1405 1517 1429 1539 et
1455 1521 1506 1540 non
1523 1521 1580 1540 sum
1593 1514 1729 1548 deceptus,

946 1556 1125 1593 Symmachus
1147 1558 1199 1585 hoc
1221 1558 1302 1585 modo
1326 1559 1520 1594 interpretatus
1546 1563 1605 1593 est,
1633 1559 1728 1586 Manus

945 1612 1003 1630 mea
1017 1608 1091 1631 nocte
1103 1608 1210 1631 extensa
1229 1609 1287 1631 erat
1305 1605 1421 1632 assidue.
1439 1604 1515 1632 Hauc
1532 1605 1624 1641 itaque
1644 1607 1730 1632 maxi-

945 1658 1018 1678 mam
1035 1654 1062 1678 et
1073 1651 1158 1678 solam
1176 1655 1274 1678 nactus
1289 1658 1348 1678 sum
1367 1651 1593 1679 consolationem.
1610 1650 1663 1678 Seu
1676 1652 1735 1678 alio

947 1697 1039 1728 modo,
1056 1697 1211 1724 atilictionis
1227 1705 1292 1725 mea:
1305 1702 1425 1732 tempore
1444 1697 1579 1724 neminem
1594 1705 1626 1725 ex
1643 1697 1730 1725 homi-

947 1742 1027 1769 nibus
1044 1742 1218 1770 admittebam
1235 1743 1280 1778 qui
1297 1743 1376 1770 vellet
1399 1750 1442 1770 me
1456 1743 1602 1773 consolari,
1626 1750 1657 1769 ac
1671 1750 1730 1770 mc-

944 1787 1001 1814 deri
1022 1787 1108 1814 dolori
1124 1795 1194 1815 meo.
1209 1787 1298 1820 Quare
1312 1788 1403 1816 subdit
1417 1797 1423 1814 :
1438 1802 1472 1807 ——
1487 1787 1569 1816 Vens.
1585 1788 1613 1814 4.
1635 1787 1730 1815 [lenuit

944 1833 1077 1861 consolari
1090 1834 1178 1860 anima
1194 1842 1268 1866 mea;
1278 1835 1344 1866 sive,
1360 1834 1508 1861 secundum
1524 1833 1727 1868 Symmachum,

946 1879 1007 1906 Non
1029 1879 1236 1914 persuadebatur
1252 1880 1456 1907 consolationem
1479 1879 1617 1906 admittere
1639 1881 1731 1907 anima

945 1933 1022 1957 mea;
1047 1925 1092 1952 sed
1113 1925 1268 1952 hominibus
1289 1925 1396 1960 quidem
1419 1924 1554 1952 consolari
1579 1928 1605 1952 et
1623 1924 1727 1951 hortari

945 1971 1099 1999 volentibus
1118 1979 1173 1998 non
1194 1971 1432 2006 obtemperabam;
1456 1978 1549 1998 verum
1575 1979 1673 1997 memor
1689 1971 1729 2005 [ui

947 2017 994 2044 Dei
1008 2022 1032 2044 et
1047 2017 1190 2044 delectatus
1215 2025 1272 2043 sum
1285 2024 1295 2043 :
1309 2024 1372 2043 nam
1393 2015 1439 2044 Dei
1456 2017 1585 2044 memoria
1611 2017 1644 2043 ad
1663 2017 1731 2044 laeti-

945 2063 1010 2089 tiam
1033 2062 1098 2089 mihi
1126 2063 1193 2090 satis
1212 2067 1288 2096 erat;
1310 2062 1375 2097 quin
1392 2062 1471 2089 etiam
1495 2062 1541 2093 ait.
1569 2063 1731 2089 exercitatus

946 2117 1015 2141 sum,
1033 2115 1057 2135 et
1074 2108 1168 2143 defecit
1186 2109 1293 2143 spiritus
1314 2116 1402 2140 meus;
1416 2116 1465 2142 pro
1479 2116 1533 2142 quo
1549 2107 1728 2144 Symmachus

947 2155 1141 2190 interpretatus
1156 2159 1208 2187 est,
1224 2154 1361 2190 Loquebar
1376 2155 1401 2181 in
1426 2155 1524 2188 meipso
1537 2158 1561 2181 et
1581 2154 1668 2181 animo
1683 2155 1727 2181 de-

947 2201 1077 2236 ﬁcielvam.
1107 2201 1260 2235 Quoniam,
1290 2202 1388 2238 inquit,
1420 2202 1549 2237 loquebar
1568 2202 1634 2228 mihi
1659 2202 1728 2237 ipsi,

947 2247 1038 2273 animo
1063 2245 1221 2273 deﬁciebam
1236 2256 1242 2274 :
1257 2251 1283 2274 et
1302 2255 1364 2274 cum
1386 2249 1553 2274 exercitarer
1575 2247 1645 2281 apud
1669 2254 1728 2274 me-

947 2292 1046 2326 ipsum,
1071 2295 1136 2319 tunc
1159 2292 1303 2320 deﬁciebat
1326 2292 1439 2328 spiritus
1457 2300 1551 2324 meus;
1576 2300 1637 2318 cum
1663 2299 1733 2319 vero

948 2337 995 2365 Dei
1018 2338 1189 2370 recordarer,
1207 2339 1298 2366 laetitia
1320 2339 1464 2374 replebar;
1491 2337 1538 2365 sed
1565 2338 1645 2365 etiam
1665 2345 1726 2365 cum

107 2392 162 2419 μην
172 2391 180 2398 ·
196 2383 264 2410 ἀλλὰ
276 2384 323 2410 καὶ
337 2383 425 2418 ζητῶν
441 2383 520 2410 αὑτὸν
532 2384 592 2415 ταῖς
614 2382 692 2418 χερσί
716 2391 766 2418 μου
791 2381 895 2415 νυκτὸς,

949 2391 1009 2410 eum
1026 2383 1151 2411 manibus
1165 2384 1233 2411 meis
1248 2387 1328 2411 noctu
1343 2383 1524 2418 exquirerem,
1545 2391 1599 2410 non
1615 2383 1728 2411 aberra-

104 2430 156 2456 οὐκ
173 2428 344 2464 ἡπατώμην·
362 2429 487 2465 εὕρισκον
500 2429 553 2464 γὰρ
575 2429 668 2465 ὥσπερ
690 2428 802 2465 πλησίον
828 2437 898 2465 παρ-

104 2475 217 2502 ιστῶτά
235 2483 289 2510 μοι,
308 2475 354 2502 καὶ
366 2475 415 2510 τῆς
432 2475 522 2510 φωνῆς
533 2484 583 2511 μου
596 2476 712 2511 ἐπήκοον
726 2475 895 2511 γιγνόμενον.

141 2521 406 2556 Προκατελιὶϐοντο
430 2521 568 2555 φυλακὰς
594 2523 622 2548 οἱ
650 2521 798 2555 ὀφθαλμοί
825 2529 894 2555 μου,

103 2566 288 2600 ἐταράχθην,
303 2566 351 2593 και
379 2567 435 2592 οὐκ
463 2565 611 2598 ἐλάλησα.
636 2566 666 2592 Ol
693 2564 826 2596 θλιδοντές
851 2573 895 2599 με,

105 2613 187 2648 φησὶ,
200 2612 324 2646 λογισμοὶ
337 2611 450 2638 τοιοῦτοι
463 2608 543 2646 ἦσαν.
553 2610 660 2646 Ἐπειδὴ
676 2610 730 2646 γὰρ
746 2609 838 2646 ἐώρων
848 2610 897 2646 τὴν

104 2657 245 2693 ἀποϐολὴν
272 2657 319 2685 τοῦ
341 2657 462 2693 λαοῦ,ἥν
486 2657 630 2683 ὲοέσπισαν
654 2657 678 2683 οἱ
704 2656 898 2693 προλεχθέντες

106 2705 276 2741 προφητικοὶ
289 2704 373 2738 λόγοι,
383 2703 510 2739 ὲθορυϐού
516 2712 568 2739 μην
585 2703 704 2734 εἰκότως,
717 2703 763 2730 καὶ
777 2703 896 2730 ἐνενόουν

105 2749 179 2785 πρὸς
204 2749 321 2784 ἐμαυτὸν
343 2749 367 2775 εἱ
388 2748 570 2783 ἀθεράπευτον
591 2748 681 2780 αὐτοῖς
703 2748 778 2775 ἔσται
801 2748 831 2775 τὺ
848 2757 896 2775 κα-

106 2795 168 2823 κόν.
184 2794 221 2821 Τὸ
237 2794 285 2830 μὲν
296 2794 350 2830 γὰρ
365 2794 550 2830 ἀπϐληθῆναι
562 2794 660 2826 αὐτοὺς
673 2793 760 2830 καιρῷ
781 2802 833 2821 τινι
850 2794 895 2821 καὶ

146 2874 171 2890 ⁷³
192 2872 266 2901 Psal.
281 2881 318 2906 ιν,
333 2873 361 2900 2.
398 2873 421 2889 ⁷⁵
430 2871 452 2900 ll
467 2872 530 2901 Cor.
550 2881 586 2907 ιν,
603 2872 631 2905 8,
647 2871 673 2899 9.
711 2872 755 2900 ’τι
772 2871 841 2899 Tim.
859 2879 897 2905 ιι,
915 2871 942 2900 8.

948 2427 1009 2454 bam
1023 2437 1029 2454 :
1048 2435 1109 2454 nam
1123 2428 1211 2463 ipsum
1225 2436 1274 2455 ceu
1287 2427 1417 2459 vicinum,
1436 2430 1595 2461 praesentem
1609 2426 1685 2459 mihi,
1700 2431 1734 2454 eu

946 2473 1006 2500 voci
1022 2480 1088 2500 mea:
1104 2474 1249 2508 propitium
1261 2472 1503 2507 deprehendebam.

981 2518 1064 2546 Vens.
1084 2518 1110 2546 5.
1131 2519 1344 2554 Anticipaverunt
1359 2519 1461 2554 vigilias
1476 2517 1545 2545 oculi
1558 2517 1617 2549 mei,
1635 2517 1728 2544 turba»

947 2569 988 2591 tus
1002 2573 1059 2591 sum
1069 2568 1094 2592 et
1106 2573 1157 2592 non
1170 2573 1228 2591 sum
1249 2565 1360 2592 locutus.
1377 2565 1565 2599 Cogitationes
1586 2571 1645 2599 qua:
1661 2564 1732 2591 mihi

947 2611 1118 2639 albictionem
1133 2611 1275 2646 pariebant
1291 2612 1358 2639 tales
1376 2614 1463 2638 erant.
1479 2610 1548 2643 Quia
1569 2611 1641 2638 enim
1653 2610 1734 2645 abje-

948 2659 1065 2686 ctionem
1080 2658 1183 2693 populi,
1200 2665 1282 2693 quam
1299 2657 1440 2684 memorati
1456 2655 1607 2691 prophetici
1625 2663 1729 2683 sermo-

948 2711 998 2731 nes
1024 2703 1162 2730 vaticinati
1176 2708 1249 2735 sunt,
1273 2701 1482 2738 prospiciebam,
1500 2701 1562 2736 jure
1582 2700 1731 2736 turbabar,

949 2757 1109 2785 mecumque
1136 2749 1315 2784 reputabant,
1349 2756 1413 2776 num
1442 2748 1562 2783 ipsorum
1588 2747 1734 2774 calamitas-

950 2795 1008 2823 sine
1023 2794 1142 2823 remedio
1167 2794 1259 2823 futura
1281 2794 1327 2822 sit.
1349 2793 1415 2822 Nam
1428 2793 1499 2829 quod
1515 2799 1636 2824 tempore
1659 2798 1729 2826 quo-
