2024 3214
319 175 370 204 89!

677 174 825 203 ‘EUSEBII
844 174 1082 204 CESARIENSIS
1099 174 1175 205 OPP.
1191 175 1284 204 PARS
1297 175 1341 205 lll.
1358 191 1394 197 —
1412 173 1612 203 EXEGETICA.

1875 173 1937 202 89%

320 231 382 260 dam
399 228 554 265 abiiciendi,
575 232 603 257 et
622 229 696 265 quod
716 230 744 258 in
757 231 836 259 linem
853 231 970 268 idipsum
986 232 1096 268 passuri

1152 233 1189 264 εἰς
1207 232 1286 264 τέλος
1298 231 1395 264 αὐτοὺς
1409 231 1488 259 τοῦτο
1501 230 1596 258 παθεῖν
1612 228 1753 256 tuleram
1768 229 1802 265 τῇ
1819 237 1929 266 nm.

319 280 421 308 essent,
437 275 466 303 id
489 283 556 304 sane
577 275 722 304 credebam
740 276 933 313 obtemperans
951 277 1098 313 prophetia

319 321 420 350 dicenti
440 330 447 349 :
465 320 577 356 thuid,
605 321 688 354 Deut,
712 324 832 356 repulisti
853 324 882 350 in
899 324 989 358 ﬁnem,
1013 325 1098 352 iratus

319 371 358 395 est
372 368 449 403 [uror
470 372 530 394 tuus
547 375 623 401 super
639 375 696 395 oves
711 375 815 402 pascua:
829 374 879 396 tua
889 370 932 396 ’5?
945 377 975 396 ac
991 370 1018 396 in
1040 378 1098 397 me-

320 413 381 449 ipso
397 413 496 441 dubius
512 413 656 446 haerebam,
674 414 766 441 isthaac
787 416 928 443 revolvens
944 424 951 443 :
972 415 1098 450 Nunquid

299 480 303 485 .
320 460 348 486 in
365 465 491 486 teternum
512 460 630 494 projicie.’
654 459 790 491 Dominus.
808 466 854 487 aut
876 470 927 488 non
945 466 1055 495 apponet
1070 466 1098 487 ut

320 507 481 539 συμπρίασθαι
496 505 600 534 adhuc?
616 511 642 533 et
660 511 766 533 czctcra.
789 506 850 534 llzec
869 508 991 541 cogitans
1010 508 1099 534 turba-

319 550 388 584 bar;
406 551 451 578 sed
467 551 493 578 in
511 552 667 578 memoriam
685 552 838 586 repetebam
851 552 908 579 dies
924 553 1058 589 antiquos,
1073 557 1099 580 et

320 602 408 622 annos
427 600 544 622 aeternos
560 603 592 622 ex
604 597 688 622 veteri
712 596 851 629 Scriptura
869 603 972 622 mecum
989 599 1099 630 reputa-

319 639 395 672 bam,
413 640 522 674 quoties
536 640 660 667 videlicet
673 648 734 667 cum
751 640 824 674 ipsos
835 640 937 675 peccati
953 647 1035 668 causa
1050 640 1099 667 abo

317 684 440 719 jecisset,
455 685 562 712 reduxit
580 689 685 718 tamen;
702 690 727 711 et
746 693 806 712 cum
823 686 904 720 impie
925 692 1034 721 agentes
1049 686 1098 714 ho-

320 730 410 757 stibus
431 731 600 763 tradidisset,
629 731 726 757 iterum
752 732 863 766 recepit.
885 731 940 758 Cur
956 739 1019 766 ergo
1038 739 1099 758 cum

319 777 385 804 olim
402 780 464 812 post
485 777 576 812 gravia
597 777 698 804 scelera
715 781 854 804 revocaret
869 785 927 808 eos,
945 784 1032 812 neque
1054 785 1099 804 re—

320 822 433 857 pelleret
457 823 484 848 in
507 822 586 849 linem
613 830 663 849 nec
691 822 863 849 abscinderet
886 822 1099 850 misericordiam

321 876 415 902 suam;
435 868 503 895 nihil
516 869 569 896 tale
583 869 640 903 jam
654 869 744 901 faciet,
769 874 796 898 et
812 870 988 899 humanitatis
1006 871 1100 906 pristi-

1144 277 1204 313 τείᾳ
1223 276 1355 314 λεγούσῃ·
1378 271 1474 308 vim,
1498 277 1515 304 ὀ
1537 275 1618 309 Θεὸς,
1634 275 1744 302 ἀπώσω
1765 276 1810 308 εις
1827 274 1928 309 τέλος,

1147 323 1278 357 ὠργίσθη
1303 324 1320 350 d
1344 323 1436 357 θυμός
1456 329 1515 349 σου
1529 321 1578 348 ἐπὶ
1594 321 1723 356 πρόϐατα
1735 320 1831 355 νομῆς
1851 328 1930 354 σονς

1147 369 1295 404 ὲνηπόρουν
1314 368 1342 394 δὲ
1357 368 1423 404 πρὸς
1439 367 1555 403 ἐμαυτὸν
1566 366 1752 402 διανοούμενος
1763 366 1866 394 ταῦτα·
1879 368 1930 402 Μὴ

1146 415 1190 447 εἰς
1199 414 1269 447 τοὺς
1276 413 1384 447 αἰῶνας
1395 413 1543 441 ἀπώσεται
1553 414 1670 448 Κύριος.
1679 412 1698 446 ἣ
1715 414 1750 440 οὐ
1762 413 1930 448 προσθήσει

1147 461 1200 487 τοῦ
1215 459 1375 494 εὐδοκῆσαι
1388 460 1430 487 ἔτι
1438 468 1447 491 ;
1460 459 1507 486 καὶ
1518 459 1551 486 τὰ
1567 459 1639 493 ἑξῆς.
1655 458 1745 485 Ταῦτα
1756 458 1931 494 λογιζόμενος

1148 505 1334 541 ἐταραττόμην
1344 514 1350 520 ·
1370 505 1427 532 ἀλλ’
1439 505 1535 540 ἔφερόν
1554 513 1582 530 τε
1593 505 1625 539 τῇ
1640 504 1733 540 μνήμῃ
1747 504 1797 536 τὰς
1811 504 1930 536 παλαιὰς

1149 551 1253 586 ἡμέρας
1264 551 1310 577 καὶ
1324 550 1358 576 τὰ
1367 550 1395 583 ἐξ
1407 550 1502 581 αἰῶνος
1515 549 1561 585 ἐτη
1575 549 1628 576 ἀπὸ
1640 549 1694 575 τῶν
1707 548 1829 576 παλαιῶν
1839 549 1931 584 Γραμρ

1151 597 1242 631 μάτων
1258 596 1463 631 ἀναλεγόμενος,
1481 596 1573 627 ὁσάκις
1597 595 1809 630 ἁμαρτήσαντας
1829 595 1930 626 αὐτοὺς

1149 641 1301 672 ἀποϐαλὼν,
1317 642 1498 676 ἐπανήγαγεν,
1512 641 1557 667 καὶ
1568 639 1705 675 πολεμίοις
1717 639 1852 676 παραδοὺς
1863 639 1929 666 ἀσε-

1149 686 1271 718 ϐοῦντας,
1290 685 1367 718 αὖθις
1382 688 1559 722 ἀνεκτήσατο.
1571 686 1603 712 Τί
1617 684 1662 712 οὖν
1674 685 1756 712 παλαι
1767 685 1817 721 μὲν
1830 685 1928 717 αὐτοὺς

1149 733 1196 759 καὶ
1215 733 1283 768 μετὰ
1298 733 1386 764 δεινὰς
1402 732 1591 768 πλημμηλείας
1605 732 1768 764 ἀνεκαλεῖτο,
1786 731 1825 768 μὴ
1835 732 1876 763 εἰς
1886 730 1931 758 τὲ-

1149 778 1193 809 λος
1210 778 1410 814 ἀπωθούμενος,
1428 777 1493 813 μηδὲ
1514 778 1675 804 ἀποκόπτων
1690 777 1720 804 τὸ
1735 777 1809 809 ἔλεος
1828 775 1928 803 αὐτοῦ’

1149 822 1197 849 νῦν
1209 822 1237 849 δὲ
1253 823 1327 849 οὐδὲν
1339 823 1439 849 τούτων
1454 823 1569 858 ποιήσει,
1581 822 1664 858 λήθην
1676 822 1704 849 δὲ
1717 821 1772 855 ἔξει
1787 822 1837 857 τῆς
1849 820 1929 848 αὐτῶ

1150 867 1351 903 φιλανθρωπίας
1367 868 1414 894 καὶ
1432 868 1588 903 ἐπιλήσεται
1604 866 1649 894 τοῦ
1666 867 1834 902 οίκτειρῆσαι
1849 867 1866 893 ό
1881 875 1931 902 μα-

321 921 362 941 ιιεε
385 914 632 948 misericordiaque
655 915 844 947 obliviscetur,
871 916 917 951 qui
942 905 1047 951 patiens
1073 919 1099 943 et

1152 912 1284 948 κρόθυμος
1300 913 1346 939 καὶ
1366 912 1506 944 πολυέλεος
1529 912 1575 938 καὶ
1601 911 1811 947 φιλοικτίρμων;
1836 911 1932 938 Ταῦτα

320 959 411 986 multa:
430 959 632 992 misericordiae,
657 963 684 987 et
707 961 912 988 miserationum
933 969 1028 989 amans
1041 962 1101 988 est?

320 1004 383 1032 Haec
399 1009 478 1032 nocte
500 1013 605 1033 mecum
623 1006 792 1040 reputabam,
809 1011 836 1034 et
861 1007 1005 1041 scopebam
1021 1007 1102 1042 spiri-

320 1052 378 1076 tum
391 1057 490 1081 meum,
507 1057 581 1077 meas
596 1050 701 1077 scilicet
713 1051 891 1086 cogitationes
902 1052 1061 1079 examinans
1075 1056 1102 1079 et

319 1095 478 1130 explorans,
504 1095 718 1130 discernensque
742 1097 879 1132 spiritum,
902 1106 966 1125 num
984 1098 1048 1133 quid
1068 1098 1101 1124 ad

321 1139 467 1167 dubiorum
492 1141 655 1169 solutionem
679 1142 836 1177 subjiceret.
859 1142 912 1169 Pro
936 1143 982 1170 illo
999 1148 1100 1176 autem,

321 1187 529 1220 anticipaverunt
542 1187 645 1222 uigilias
658 1188 726 1214 oculi
742 1188 802 1220 ntei,
818 1188 1007 1223 Symmachus,
1023 1190 1102 1223 impe-

321 1232 438 1265 diebant,
454 1234 553 1268 inquit,
574 1243 679 1261 sursum
698 1235 813 1268 aspicere
833 1235 901 1262 oculi
926 1236 985 1262 mei.
1012 1236 1040 1263 ln
1060 1244 1102 1263 me

322 1287 440 1314 namque
457 1283 497 1306 tot
511 1281 689 1314 cogitationes
704 1282 835 1316 colligens
849 1280 1024 1308 occludebam
1035 1290 1102 1309 oon--

322 1325 364 1353 los
384 1333 470 1358 meos,
492 1329 520 1352 ut.
545 1334 578 1354 ne
596 1326 621 1353 in
647 1327 787 1354 sensibilia
808 1327 958 1362 impingens
975 1335 989 1354 a
1005 1335 1103 1362 propo-

323 1372 376 1399 sito
392 1372 550 1400 abducerer.
569 1372 676 1400 Clausis
702 1373 792 1408 itaque
816 1368 938 1407 corporis
954 1373 1052 1405 oculis,
1075 1373 1103 1400 in

323 1418 428 1453 meipso
449 1419 549 1446 dubius
568 1418 712 1450 merebam,
734 1427 787 1446 non
812 1427 879 1446 voce
901 1419 1025 1454 loquens,
1048 1427 1103 1446 non

324 1464 406 1490 alium
437 1465 619 1499 compellans,
652 1465 698 1492 sed
727 1465 785 1500 ipse
811 1474 916 1493 mecum
941 1467 1101 1501 cogitabam.

323 1509 413 1542 Quare
431 1517 480 1544 pro
497 1510 555 1541 illo,
577 1510 711 1537 Turbatus
726 1519 795 1543 sum,
812 1516 836 1538 et
852 1519 904 1538 non
919 1520 976 1538 sum
990 1512 1101 1543 locutus,

323 1559 350 1583 et
360 1556 476 1587 caeteris,
499 1555 569 1591 apud
589 1556 779 1590 Symmachum
802 1557 911 1588 dicitur,
934 1557 1102 1590 Dubitabam,

323 1606 348 1629 et
361 1610 411 1628 non
425 1601 526 1628 locutus
540 1610 607 1628 sum.
621 1617 656 1621 —
668 1601 752 1629 Vsus.
769 1602 796 1634 6,
813 1602 838 1628 7.
854 1602 1037 1637 Recagitabam
1048 1602 1103 1629 dies

323 1647 458 1682 pristinos.
477 1655 558 1673 annos
578 1647 622 1682 qui
637 1656 652 1673 a
670 1648 766 1674 sa'culo
779 1652 838 1674 sunt
853 1648 880 1674 in
896 1649 1047 1675 memoriam
1063 1657 1103 1676 re-

323 1693 459 1720 oocabam.
477 1692 528 1720 Sed
551 1693 667 1727 psalmos
688 1701 758 1720 meos
775 1698 853 1720 noctu
877 1703 935 1720 cum
950 1695 1026 1722 corde
1048 1704 1103 1722 meo

323 1738 485 1766 recitabam:
500 1743 523 1765 et
537 1739 574 1765 vir
591 1746 705 1771 pra-scus
722 1744 777 1765 erat
799 1740 907 1773 spiritus
933 1748 1014 1768 meus.
1033 1740 1101 1767 Cum

323 1784 361 1812 ita
381 1784 493 1820 pervigil
508 1785 643 1819 degerem,
658 1788 685 1812 et
703 1788 795 1812 noctes
812 1785 949 1814 insomnes
965 1786 1101 1819 ducerem,

323 1837 355 1857 ea
377 1829 494 1857 sollicite
516 1830 657 1856 volvebam
682 1830 783 1861 animo,
799 1838 859 1865 quae
884 1832 1011 1865 superius
1033 1832 1104 1859 dicta

323 1878 388 1902 sunt
402 1884 408 1901 :
421 1874 505 1907 Quasi
524 1875 550 1900 in
569 1874 635 1900 silva
652 1874 781 1909 lignorum
801 1875 933 1901 securibus
953 1876 1104 1902 exciderunt

319 1919 419 1955 januas
430 1919 486 1953 ejus
502 1919 528 1945 in
543 1919 666 1952 idipsum,
680 1919 707 1945 in
721 1920 806 1946 securi
825 1924 849 1946 et
866 1920 938 1946 ascia
949 1920 1103 1954 dirttperunt

324 1973 392 1992 eam.
411 1964 445 1991 In
462 1969 531 1991 terra
546 1965 695 1997 polluerunt
714 1965 912 1992 tabernaculum
928 1967 1040 1993 nominis
1054 1967 1103 1993 tui.

323 2011 451 2038 Dixerunt
481 2011 507 2037 in
530 2011 606 2037 corde
628 2019 675 2037 suo
699 2012 865 2046 cognationes
891 2020 981 2038 eorum
1010 2013 1105 2039 simul:

325 2057 463 2089 Quiescere
488 2057 617 2091 faciamus
641 2057 696 2084 dies
718 2057 798 2091 festos
822 2058 869 2084 Dei
891 2067 906 2084 a
923 2063 1002 2086 terra.
1026 2058 1106 2094 Signa

322 2107 415 2129 nostra
428 2111 479 2128 non
495 2103 617 2133 vidimus,
628 2103 686 2137 jam
698 2111 748 2129 non
758 2103 940 2137 estproplieta,
951 2108 975 2130 et
991 2112 1038 2131 nos
1056 2113 1106 2130 non

324 2150 458 2182 cognoscet
477 2148 588 2181 amplius
606 2148 636 2173 ⁷³.
657 2148 685 2174 In
700 2148 742 2175 his
754 2148 835 2183 igitur
856 2148 1024 2179 dubitabam,
1041 2157 1104 2175 num

323 2192 395 2219 mala
410 2192 564 2227 huiusmodi
587 2193 723 2227 perpessis
739 2193 888 2220 remedium
913 2193 1033 2220 futurum
1058 2195 1104 2222 sit.

323 2235 530 2271 Verisimileque
540 2240 582 2264 est
597 2237 724 2269 ldithum,
742 2245 803 2264 cum
818 2238 919 2273 Asaphi
936 2239 1102 2274 prophetiam

323 2282 455 2313 audisset,
471 2286 497 2308 et
507 2282 570 2308 talia
586 2290 677 2309 secum
693 2287 841 2318 reputaret,
854 2284 1012 2318 prophetam
1025 2286 1103 2320 quasi
1119 2278 1143 2307 D

322 2331 483 2366 magistrum
515 2329 714 2365 interrogasse.
748 2338 780 2358 ac
805 2330 998 2366 interrogantis
1030 2341 1104 2360 more

322 2376 393 2404 hanc
419 2376 536 2404 movisse
564 2376 738 2411 quaestionem
760 2376 849 2409 :Quid
871 2377 972 2413 igitur,
1001 2386 1017 2405 ο
1042 2387 1105 2414 pro-

323 2422 424 2458 pheta?
442 2429 503 2448 cum
523 2421 579 2448 haec
597 2421 752 2456 prophetice
769 2422 882 2455 dixeris,
904 2423 1026 2451 ediscere
1040 2432 1104 2451 nos-

323 2476 406 2503 seque
420 2468 499 2495 velim
514 2476 520 2494 :
538 2483 574 2488 ——
590 2467 672 2495 Vsus.
689 2468 765 2496 8-H).
782 2468 908 2503 Nunquid
926 2470 953 2496 in
977 2475 1103 2497 azternum

321 2514 441 2548 projiciet
464 2514 636 2545 Dominus,et
652 2523 702 2541 non
719 2520 828 2549 apponet
843 2520 870 2541 ut
881 2515 1041 2550 complaceat
1053 2516 1101 2542 ad~

323 2559 392 2587 huc?
406 2565 451 2586 aut
467 2560 493 2586 in
508 2561 586 2594 finem
608 2561 815 2588 misericordiam
838 2570 915 2588 suam
934 2562 1069 2588 abscindet
1086 2570 1102 2588 ιι

323 2605 489 2639 generatione
511 2605 536 2631 in
552 2606 763 2640 generationem?
783 2611 828 2632 aut
844 2606 1008 2633 obliviscetur
1026 2606 1103 2633 mise-

324 2650 377 2676 reri
391 2649 470 2681 Deus,
495 2654 540 2676 aut
555 2650 692 2678 continebit
707 2652 733 2677 in
748 2652 789 2677 ira
807 2651 1001 2678 misericordias
1018 2652 1102 2679 suas?

324 2694 364 2722 Ad
380 2695 448 2722 tales
463 2696 660 2729 propositiones
679 2697 769 2735 :Asapli
785 2697 934 2724 doctrinam
963 2705 1039 2724 suam
1058 2705 1104 2732 pa—

325 2742 405 2772 ravit,
421 2742 553 2775 psalmum
566 2748 613 2774 pro
625 2743 683 2776 ipso
694 2742 810 2769 ldithum
826 2742 1012 2774 conscribens,
1027 2751 1103 2770 eum-

326 2794 379 2821 que
395 2784 429 2813 ad
452 2784 516 2811 talia
530 2785 642 2813 dicenda
660 2787 823 2815 instituens:
843 2788 908 2816 Voce
927 2796 983 2816 mea
999 2788 1033 2816 ad
1051 2788 1102 2815 Do-

364 2864 375 2872 '
405 2862 477 2891 Psal.
494 2871 598 2896 tum,
615 2864 640 2891 Ι.
677 2864 699 2880 ⁷³
719 2864 798 2899 ihid.,
813 2864 872 2892 5-9.

1153 957 1247 988 νυκτὸς
1268 956 1336 993 πρὸς
1358 957 1472 992 ἐμαυτὸν
1494 956 1689 992 διελογιζόμην,
1706 956 1799 983 καὶτὸ
1821 955 1932 991 πνεῦμά

1153 1011 1203 1037 μου
1225 1002 1364 1034 ἐσκαλλον,
1378 1002 1520 1038 διερευνῶν
1536 1003 1582 1029 καὶ
1596 1001 1746 1037 βασανίζων
1765 1001 1829 1033 τοὺς
1845 1002 1932 1037 ἐμαυ-

1151 1048 1197 1074 τοῦ
1220 1048 1373 1083 λογισμοὺς,
1392 1048 1542 1084 ἀνακρίνων
1567 1056 1596 1074 τε
1612 1047 1642 1074 τὸ
1657 1047 1773 1083 πνεῦμα,
1789 1047 1816 1074 si
1829 1056 1857 1075 τι
1880 1047 1933 1083 ἄρα

1152 1093 1280 1120 ὑποὸἀλοι
1301 1094 1368 1129 πρὸς
1388 1093 1534 1129 θεραπείαν
1549 1094 1602 1120 τῶν
1618 1093 1890 1129 ὴπορημένων.⁹Δντὶ
1903 1093 1932 1120 δὲ

1151 1140 1208 1171 τοῦ,
1223 1139 1481 1174 Προκατελάϐοντο
1495 1140 1632 1174 φυλακὰς
1653 1140 1679 1166 ol
1695 1138 1843 1174 ὀφθαλμοί
1861 1147 1931 1173 μου,

1151 1187 1165 1212 ὸ
1186 1185 1341 1221 Σύμμαχος,
1351 1185 1507 1217 Ἐκώλυσν,
1531 1185 1607 1220 φησὶ,
1629 1185 1683 1219 τὰς
1705 1185 1886 1220 ἀναϐλέψας
1905 1185 1933 1213 οι

1152 1232 1298 1266 ὀφθαλμοί
1309 1240 1377 1265 μου.
1393 1231 1519 1265 Συνάγων
1535 1231 1587 1266 γὰρ
1597 1232 1637 1263 εἰς
1650 1231 1765 1266 ὲμαυτδν
1775 1231 1840 1264 τοὺς
1849 1233 1934 1267 ἔμυ-

1151 1278 1198 1304 τοῦ
1217 1278 1372 1312 λογισμοὺς,
1388 1277 1468 1313 ἕμυον
1483 1278 1518 1304 τὰ
1532 1278 1652 1313 ὁμματα,
1665 1277 1702 1309 ὡς
1714 1277 1746 1304 ἃν
1763 1278 1801 1313 μὴ
1818 1279 1875 1310 τοῖς
1891 1278 1935 1305 αι-

1153 1324 1260 1359 σθητοῖς
1280 1323 1448 1359 προϐάλλων,
1463 1324 1655 1360 περιελκοίμην
1678 1323 1723 1350 τοῦ
1740 1323 1930 1359 προκειμένου.

1152 1370 1235 1396 Mwa
1251 1368 1297 1396 οὖν
1310 1370 1372 1401 τοὺς
1388 1369 1542 1405 ὀφθαλμοὺς
1556 1369 1602 1396 τοῦ
1617 1369 1750 1405 σώματος,
1767 1369 1836 1405 πρὸς
1846 1370 1932 1405 ἐμαυ-

1152 1415 1197 1441 τὸν
1209 1415 1406 1451 διηπόρουν,νοὺ
1420 1417 1495 1451 φωνῇ
1507 1415 1698 1451 φθεγγόμενος,
1714 1414 1773 1441 οὐδὲ
1789 1414 1857 1450 πρὸς
1874 1414 1935 1442 ἔτι·

1155 1470 1199 1497 ρον
1214 1462 1311 1493 λαλῶν,
1325 1461 1406 1493 αὐτὸς
1421 1461 1449 1488 δὲ
1470 1462 1537 1497 πρὸς
1554 1461 1670 1497 ἐμαυτὸν
1683 1461 1790 1488 ἐννοῶν.
1805 1460 1850 1487 Διὸ
1873 1460 1934 1487 ἀντὶ

1153 1508 1210 1539 τος,
1220 1508 1410 1543 Ἐτιιράχθην,
1424 1508 1472 1535 καὶ
1494 1509 1548 1535 οὐκ
1563 1507 1710 1541 ἐλάλησα,
1724 1507 1771 1534 καὶ
1790 1507 1843 1534 τῶν
1858 1507 1933 1542 ἑξῆς,

1155 1554 1227 1588 παρά
1238 1553 1275 1588 τῷ
1283 1554 1317 1580 Συ
1322 1554 1421 1589 μμάχῳ
1431 1553 1550 1588 εἴρηται·
1561 1553 1734 1587 Διηπόρουν,
1744 1552 1793 1579 καὶ
1800 1553 1856 1580 οὐκ
1865 1551 1935 1579 ἐλά-

1154 1601 1244 1632 λησα.
1256 1614 1291 1618 —-
1307 1598 1526 1634 Ὰι-ελογιζόμην
1547 1599 1599 1631 τὰς
1612 1597 1722 1632 ’ἡμέρας
1738 1597 1791 1631 τὰς
1807 1597 1934 1631 πρώτας,

1154 1645 1189 1672 τὰ
1198 1645 1250 1679 ἐτη
1260 1645 1295 1672 τὰ
1305 1645 1354 1672 ἀπ’
1363 1644 1468 1677 αἰῶνος
1482 1644 1754 1678 ἀνεμιμνησκόμην.
1763 1643 1852 1670 Ἀλλὰ
1861 1644 1936 1677 ψαλ-

1151 1692 1227 1725 μούς
1240 1700 1299 1725 μου
1316 1690 1424 1723 munde
1443 1690 1516 1725 πρὸς
1539 1690 1596 1724 τὴν
1616 1689 1739 1724 καρδίαν
1756 1698 1816 1724 μου
1836 1688 1936 1716 διελάν-

1153 1740 1248 1764 .lovr'
1274 1736 1322 1763 καὶ
1347 1736 1423 1771 ἀνὴρ
1446 1736 1549 1764 συνὼν
1569 1735 1603 1763 τὸ
1627 1735 1742 1770 πνεῦμά
1758 1743 1826 1770 μου.
1843 1733 1937 1766 Οὕτως

1155 1784 1334 1820 ὲπαγρύπνως
1351 1783 1529 1818 διακείμενος,
1550 1782 1596 1809 καὶ
1615 1782 1664 1813 τὰς
1679 1780 1779 1812 νύκτας
1792 1780 1938 1817 διαγρηγο-

1155 1829 1219 1864 ρῶν,
1238 1828 1392 1864 ἐφρόντιζον
1409 1827 1472 1863 περὶ
1488 1827 1541 1854 τῶν
1558 1826 1709 1861 ἔμπροσθεν
1723 1825 1756 1852 δι’
1769 1822 1807 1852 ὧν
1823 1825 1915 1861 εἴρητο
1927 1833 1935 1842 ι

1160 1876 1206 1907 Ὡς
1225 1875 1259 1901 ἐν
1281 1873 1379 1909 δρυμῷ
1396 1874 1496 1906 ξύλων
1512 1874 1628 1906 ἀξίναις
1641 1872 1758 1906 ἔκοψαν
1775 1871 1830 1904 τὰς
1847 1873 1939 1906 θύρας

1154 1920 1248 1954 αὐτῆς
1264 1920 1311 1946 ἐπὶ
1329 1920 1361 1946 τὸ
1376 1919 1459 1951 αὐτὸ,
1476 1919 1583 1945 zelum
1606 1918 1656 1945 καὶ
1680 1917 1865 1951 λαξευτηρίφ
1886 1925 1938 1944 ata—

1155 1966 1299 1999 τέρῤαξαν
1326 1965 1431 1998 αὑτήν.
1456 1966 1506 1997 Εἷς
1528 1964 1584 1998 τὴν
1606 1963 1664 1999 γῆν
1690 1963 1884 1997 ἑϐεσήλωσαγ
1905 1963 1937 1990 τὸ

1155 2011 1299 2045 σκήνωμα
1319 2011 1368 2037 τοῦ
1384 2010 1527 2044 ὀνόματός
1547 2016 1614 2036 σου.
1630 2007 1726 2036 Εἶπαν
1738 2008 1819 2043 ἐντῇ
1832 2008 1945 2044 καρδίᾳ-

1155 2057 1253 2084 αὺτῶν
1269 2057 1297 2083 al
1313 2055 1483 2090 συγγένειαι
1506 2054 1604 2081 αὐτῶν
1617 2054 1665 2080 ἐπὶ
1689 2053 1722 2080 τὸ
1747 2053 1832 2080 αὐτό·
1845 2054 1940 2080 Κατα-

1156 2103 1316 2136 παύσωμεν
1330 2102 1381 2134 τὰς
1400 2100 1503 2135 ἑορτὰς
1519 2100 1572 2127 τοῦ
1587 2100 1660 2126 Θεοῦ
1676 2099 1735 2126 ἀπὸ
1750 2099 1806 2134 τῆς
1815 2098 1884 2134 τῆς.
1902 2099 1940 2125 Τὰ

1156 2147 1263 2181 σημεῖα
1284 2146 1367 2180 ἡμῶν
1386 2147 1441 2173 οὐκ
1454 2145 1581 2179 εἴδομεν,
1595 2145 1650 2172 οὐκ
1667 2144 1751 2171 ἔστιν
1764 2143 1810 2170 ἔτι
1825 2143 1940 2178 προφή-

1157 2202 1219 2226 της,
1236 2192 1283 2218 καὶ
1308 2191 1384 2226 ’ἡμᾶς
1402 2192 1437 2218 οὐ
1459 2191 1600 2226 γνώσεται
1622 2190 1745 2217 ἕτι.¹Επὶ
1766 2189 1873 2221 τούτοις
1894 2187 1940 2216 οὖν

1156 2238 1310 2272 διηπόρουν,
1320 2238 1342 2263 εἰ
1357 2237 1487 2272 θεραπεία
1500 2236 1575 2262 ἔσται
1588 2236 1643 2267 τοῖς
1656 2235 1742 2262 ταῦτα
1752 2234 1939 2262 πεπονθόσι“τὰ

1157 2284 1238 2311 κακά,
1251 2284 1306 2310 Καὶ
1321 2283 1393 2314 εἰκός
1403 2291 1434 2316 γε
1449 2280 1483 2318 ἦν
1498 2282 1543 2308 τὸν
1556 2281 1672 2316 Ὶδιθοὺμ
1686 2281 1879 2308 ἐπακούσαντα
1891 2281 1940 2316 τῆς

1156 2330 1202 2356 τοῦ
1222 2330 1306 2363 Ἀσὰφ
1321 2328 1497 2364 προφητείας,
1510 2328 1556 2355 καὶ
1569 2327 1655 2354 ταῦτα
1674 2326 1741 2362 πρὸς
1757 2326 1852 2353 ἑαυτὸν
1869 2326 1940 2362 λογι-

1157 2376 1282 2410 σάμενον,
1300 2374 1472 2409 ἐπαπορῆσαι
1492 2373 1559 2409 πρὸς
1584 2372 1630 2399 τὸν
1656 2370 1797 2408 προφήτην
1812 2371 1852 2404 ὡς
1872 2371 1939 2408 πρὸς

1155 2421 1320 2452 διδάσκαλον,
1346 2419 1477 2455 ὲρώτησίν
1507 2428 1537 2446 τε
1565 2418 1639 2453 αὐτῷ
1672 2417 1868 2453 προσαγαγεῖν,
1894 2417 1938 2444 καὶ

1155 2467 1248 2502 ὥσπερ
1269 2467 1329 2492 τινὰ
1347 2466 1519 2501 προτείνοντα
1536 2464 1665 2499 πρότασιν
1685 2462 1780 2498 φάναι·
1797 2462 1832 2489 Τί
1847 2460 1904 2495 οὖν,
1917 2459 1938 2488 ὦ

1157 2514 1296 2549 προφῆτα;
1308 2513 1399 2548 ἐπειδὴ
1408 2512 1493 2539 ταῦτα
1506 2511 1718 2547 προεφήτευσας,
1730 2509 1863 2545 βούλομαι
1876 2509 1938 2544 γνῶ-

1156 2569 1198 2586 ναι
1214 2560 1259 2586 καὶ
1275 2558 1380 2594 μαθεῖν,
1396 2558 1443 2592 Μὴ
1458 2559 1501 2591 εἰς
1514 2557 1583 2590 τοὺς
1596 2556 1704 2589 αίῶνας
1721 2554 1873 2582 ἀπώσεται
1882 2555 1938 2582 Κύ-

1151 2614 1227 2639 ριος,
1243 2604 1291 2632 καὶ
1307 2605 1342 2631 οὐ
1353 2603 1518 2638 προσθήσει
1533 2602 1586 2629 τοῦ
1603 2600 1765 2635 εὑδοκῆσαι
1780 2601 1843 2634 ἑτι;
1859 2600 1879 2634 ἢ
1895 2601 1937 2631 είς

1155 2635 1241 2683 istac
1253 2651 1283 2677 τὸ
1297 2635 1382 2683 ἔλεοξ
1391 2649 1482 2676 αὑτοῦ
1493 2649 1638 2682 ἀποκόψει
1650 2648 1708 2675 ἀπὸ
1719 2646 1823 2682 γενεᾶς
1834 2647 1879 2679 εις
1890 2635 1947 2680 ’νε-⁸

1154 2696 1244 2727 reda:
1265 2696 1283 2729 ἢ
1305 2696 1480 2730 ἐπιλήσεται
1501 2695 1554 2722 τοῦ
1577 2692 1756 2728 ςῑκτειρῆσαι
1779 2693 1796 2719 ὀ
1819 2691 1900 2724 Θεὸς,
1914 2690 1934 2723 ἦ

1154 2743 1274 2775 συνέξει
1291 2743 1325 2768 ὲν
1344 2742 1380 2775 τῇ
1399 2741 1472 2776 ὀργῇ
1491 2740 1561 2773 τοὺς
1575 2738 1742 2773 οικτιρμοὺς
1757 2736 1867 2769 αὑτοῦ;
1881 2735 1935 2763 Καὶ

1153 2789 1184 2825 δὴ
1212 2788 1279 2824 πρὸς
1300 2788 1400 2820 ταύτας
1423 2787 1472 2819 τὰς
1497 2785 1641 2822 προτάσεις
1662 2785 1710 2820 τὴν
1734 2781 1904 2810 διδασκαλίαν
1919 2781 1936 2806 ὁ
