  <div class='ocr_page' id='page_1' title='image "/cluster/home/n/w/nwhite01/storage/ocr_20150623/23/njp.32101077772505/454.png"; bbox 0 0 2024 3214; ppageno 0'>
   <div class='ocr_carea' id='block_1_1' title="bbox 100 168 913 202">
    <p class='ocr_par' dir='ltr' id='par_1_1' title="bbox 100 168 913 202">
     <span class='ocr_line' id='line_1_1' title="bbox 100 168 913 202; baseline 0.006 -6"><span class='ocrx_word' id='word_1_1' title='bbox 100 168 155 197; x_wconf 64' lang='grc'><strong>885</strong></span> <span class='ocrx_word' id='word_1_2' title='bbox 663 171 913 202; x_wconf 75' lang='lat' dir='ltr'><strong>COMMENTARIA</strong></span> 
     </span>
    </p>
   </div>
   <div class='ocr_carea' id='block_1_2' title="bbox 932 162 1714 203">
    <p class='ocr_par' dir='ltr' id='par_1_2' title="bbox 932 162 1714 203">
     <span class='ocr_line' id='line_1_2' title="bbox 932 162 1714 203; baseline -0.004 -2"><span class='ocrx_word' id='word_1_3' title='bbox 932 172 966 201; x_wconf 81' lang='lat' dir='ltr'><strong>IN</strong></span> <span class='ocrx_word' id='word_1_4' title='bbox 984 172 1154 202; x_wconf 75' lang='lat' dir='ltr'><strong>PSALMOS.</strong></span> <span class='ocrx_word' id='word_1_5' title='bbox 1234 169 1260 203; x_wconf 82' lang='lat'>7</span> <span class='ocrx_word' id='word_1_6' title='bbox 1278 162 1298 195; x_wconf 74' lang='grc' dir='ltr'><strong>(ν</strong></span> <span class='ocrx_word' id='word_1_7' title='bbox 1662 170 1714 198; x_wconf 74' lang='lat' dir='ltr'><strong>est</strong></span> 
     </span>
    </p>
   </div>
   <div class='ocr_carea' id='block_1_3' title="bbox 107 226 878 272">
    <p class='ocr_par' dir='ltr' id='par_1_3' title="bbox 107 226 878 268">
     <span class='ocr_line' id='line_1_3' title="bbox 107 226 878 268; baseline 0.008 -14"><span class='ocrx_word' id='word_1_8' title='bbox 107 226 198 262; x_wconf 83' lang='grc' dir='ltr'>’Δσὰφι</span> <span class='ocrx_word' id='word_1_9' title='bbox 220 227 348 262; x_wconf 75' lang='grc' dir='ltr'>ἐποιεῖτο,</span> <span class='ocrx_word' id='word_1_10' title='bbox 369 228 439 266; x_wconf 72' lang='grc' dir='ltr'>ὑπὲρ</span> <span class='ocrx_word' id='word_1_11' title='bbox 463 229 545 257; x_wconf 78' lang='grc' dir='ltr'>αὐτοῦ</span> <span class='ocrx_word' id='word_1_12' title='bbox 567 229 614 257; x_wconf 81' lang='grc' dir='ltr'><strong>τοῦ</strong></span> <span class='ocrx_word' id='word_1_13' title='bbox 637 231 752 267; x_wconf 79' lang='grc' dir='ltr'>Ἰδιθοὺμ</span> <span class='ocrx_word' id='word_1_14' title='bbox 774 233 878 268; x_wconf 70' lang='grc' dir='ltr'>γράφωι</span> 
     </span>
    </p>
   </div>
   <div class='ocr_carea' id='block_1_4' title="bbox 927 226 1714 272">
    <p class='ocr_par' dir='ltr' id='par_1_4' title="bbox 937 230 1714 266">
     <span class='ocr_line' id='line_1_4' title="bbox 937 230 1714 266; baseline -0.004 -6"><span class='ocrx_word' id='word_1_15' title='bbox 937 234 1036 260; x_wconf 78' lang='lat' dir='ltr'><strong>minam</strong></span> <span class='ocrx_word' id='word_1_16' title='bbox 1047 233 1170 266; x_wconf 83' lang='lat' dir='ltr'><strong>clamaui,</strong></span> <span class='ocrx_word' id='word_1_17' title='bbox 1185 240 1244 260; x_wconf 71' lang='lat' dir='ltr'><strong>voce</strong></span> <span class='ocrx_word' id='word_1_18' title='bbox 1258 241 1315 260; x_wconf 86' lang='lat' dir='ltr'><strong>mea</strong></span> <span class='ocrx_word' id='word_1_19' title='bbox 1324 233 1358 260; x_wconf 86' lang='lat' dir='ltr'><strong>ad</strong></span> <span class='ocrx_word' id='word_1_20' title='bbox 1369 234 1462 266; x_wconf 82' lang='lat' dir='ltr'><strong>Deum,</strong></span> <span class='ocrx_word' id='word_1_21' title='bbox 1476 238 1500 261; x_wconf 91' lang='lat' dir='ltr'><strong>et</strong></span> <span class='ocrx_word' id='word_1_22' title='bbox 1514 231 1624 260; x_wconf 84' lang='lat' dir='ltr'><strong>intendit</strong></span> <span class='ocrx_word' id='word_1_23' title='bbox 1635 230 1714 264; x_wconf 83' lang='lat' dir='ltr'><strong>mihi,</strong></span> 
     </span>
    </p>
   </div>
   <div class='ocr_carea' id='block_1_5' title="bbox 102 273 884 314">
    <p class='ocr_par' dir='ltr' id='par_1_5' title="bbox 102 273 884 314">
     <span class='ocr_line' id='line_1_5' title="bbox 102 273 884 314; baseline 0.009 -15"><span class='ocrx_word' id='word_1_24' title='bbox 102 273 147 300; x_wconf 72' lang='grc' dir='ltr'>τὸν</span> <span class='ocrx_word' id='word_1_25' title='bbox 161 273 279 309; x_wconf 80' lang='grc' dir='ltr'><strong>ψαλμὸν,</strong></span> <span class='ocrx_word' id='word_1_26' title='bbox 296 274 426 302; x_wconf 79' lang='grc' dir='ltr'><strong>διδάσκων</strong></span> <span class='ocrx_word' id='word_1_27' title='bbox 444 285 474 303; x_wconf 85' lang='grc' dir='ltr'><strong>τε</strong></span> <span class='ocrx_word' id='word_1_28' title='bbox 491 277 570 304; x_wconf 82' lang='grc' dir='ltr'>αὑτὸν</span> <span class='ocrx_word' id='word_1_29' title='bbox 594 277 700 312; x_wconf 86' lang='grc' dir='ltr'>λέγειν·</span> <span class='ocrx_word' id='word_1_30' title='bbox 724 278 809 313; x_wconf 80' lang='grc' dir='ltr'>Φωνῇ</span> <span class='ocrx_word' id='word_1_31' title='bbox 825 288 884 314; x_wconf 78' lang='grc' dir='ltr'><strong>μου</strong></span> 
     </span>
    </p>
   </div>
   <div class='ocr_carea' id='block_1_6' title="bbox 103 319 886 358">
    <p class='ocr_par' dir='ltr' id='par_1_6' title="bbox 103 319 886 358">
     <span class='ocr_line' id='line_1_6' title="bbox 103 319 886 358; baseline 0.009 -14"><span class='ocrx_word' id='word_1_32' title='bbox 103 319 177 352; x_wconf 71' lang='grc' dir='ltr'>πρὸς</span> <span class='ocrx_word' id='word_1_33' title='bbox 201 319 256 346; x_wconf 82' lang='grc' dir='ltr'><strong>τὸν</strong></span> <span class='ocrx_word' id='word_1_34' title='bbox 278 321 385 354; x_wconf 80' lang='grc' dir='ltr'><strong>Κύριον</strong></span> <span class='ocrx_word' id='word_1_35' title='bbox 395 321 549 356; x_wconf 77' lang='grc' dir='ltr'>ἐκέκραξα,</span> <span class='ocrx_word' id='word_1_36' title='bbox 563 323 647 357; x_wconf 73' lang='grc' dir='ltr'>φωνῇ</span> <span class='ocrx_word' id='word_1_37' title='bbox 666 332 726 357; x_wconf 85' lang='grc' dir='ltr'><strong>μου</strong></span> <span class='ocrx_word' id='word_1_38' title='bbox 745 324 819 358; x_wconf 80' lang='grc' dir='ltr'>πρὸς</span> <span class='ocrx_word' id='word_1_39' title='bbox 833 325 886 351; x_wconf 84' lang='grc' dir='ltr'><strong>τὸν</strong></span> 
     </span>
    </p>
   </div>
   <div class='ocr_carea' id='block_1_7' title="bbox 103 363 886 404">
    <p class='ocr_par' dir='ltr' id='par_1_7' title="bbox 103 363 886 404">
     <span class='ocr_line' id='line_1_7' title="bbox 103 363 886 404; baseline 0.006 -14"><span class='ocrx_word' id='word_1_40' title='bbox 103 363 187 396; x_wconf 80' lang='grc' dir='ltr'>Θεὸν,</span> <span class='ocrx_word' id='word_1_41' title='bbox 200 364 249 391; x_wconf 79' lang='grc' dir='ltr'>καὶ</span> <span class='ocrx_word' id='word_1_42' title='bbox 263 366 414 401; x_wconf 79' lang='grc' dir='ltr'><strong>προσέσχε</strong></span> <span class='ocrx_word' id='word_1_43' title='bbox 422 375 472 401; x_wconf 84' lang='grc' dir='ltr'><strong>μοι</strong></span> <span class='ocrx_word' id='word_1_44' title='bbox 481 376 487 382; x_wconf 87' lang='grc'><strong>-</strong></span> <span class='ocrx_word' id='word_1_45' title='bbox 504 367 637 394; x_wconf 76' lang='grc' dir='ltr'><strong>παιδεύων</strong></span> <span class='ocrx_word' id='word_1_46' title='bbox 647 368 683 404; x_wconf 89' lang='grc' dir='ltr'>μὴ</span> <span class='ocrx_word' id='word_1_47' title='bbox 694 368 886 404; x_wconf 82' lang='grc' dir='ltr'>πολυπραγμο-</span> 
     </span>
    </p>
   </div>
   <div class='ocr_carea' id='block_1_8' title="bbox 101 410 885 449">
    <p class='ocr_par' dir='ltr' id='par_1_8' title="bbox 101 410 885 449">
     <span class='ocr_line' id='line_1_8' title="bbox 101 410 885 449; baseline 0.006 -13"><span class='ocrx_word' id='word_1_48' title='bbox 101 411 157 436; x_wconf 78' lang='grc' dir='ltr'>νεῖν</span> <span class='ocrx_word' id='word_1_49' title='bbox 168 410 219 441; x_wconf 83' lang='grc' dir='ltr'>τὰς</span> <span class='ocrx_word' id='word_1_50' title='bbox 234 411 282 438; x_wconf 80' lang='grc' dir='ltr'>τοῦ</span> <span class='ocrx_word' id='word_1_51' title='bbox 299 411 365 438; x_wconf 73' lang='grc' dir='ltr'>Θεοῦ</span> <span class='ocrx_word' id='word_1_52' title='bbox 380 412 477 447; x_wconf 82' lang='grc' dir='ltr'>βουλάς</span> <span class='ocrx_word' id='word_1_53' title='bbox 487 421 493 428; x_wconf 89' lang='grc'>·</span> <span class='ocrx_word' id='word_1_54' title='bbox 518 414 610 448; x_wconf 77' lang='grc' dir='ltr'><strong>εὐχαῖς</strong></span> <span class='ocrx_word' id='word_1_55' title='bbox 625 414 655 440; x_wconf 80' lang='grc' dir='ltr'><strong>δὲ</strong></span> <span class='ocrx_word' id='word_1_56' title='bbox 670 414 818 449; x_wconf 73' lang='grc' dir='ltr'><strong>σχολάζειν,</strong></span> <span class='ocrx_word' id='word_1_57' title='bbox 839 415 885 441; x_wconf 77' lang='grc' dir='ltr'><strong>καὶ</strong></span> 
     </span>
    </p>
   </div>
   <div class='ocr_carea' id='block_1_9' title="bbox 100 455 886 494">
    <p class='ocr_par' dir='ltr' id='par_1_9' title="bbox 100 455 886 494">
     <span class='ocr_line' id='line_1_9' title="bbox 100 455 886 494; baseline 0.008 -13"><span class='ocrx_word' id='word_1_58' title='bbox 100 455 213 488; x_wconf 76' lang='grc' dir='ltr'>ταύταις</span> <span class='ocrx_word' id='word_1_59' title='bbox 234 457 327 490; x_wconf 79' lang='grc' dir='ltr'>μόναις</span> <span class='ocrx_word' id='word_1_60' title='bbox 350 459 491 494; x_wconf 82' lang='grc' dir='ltr'><strong>προσέχειν</strong></span> <span class='ocrx_word' id='word_1_61' title='bbox 515 459 561 486; x_wconf 74' lang='grc' dir='ltr'>τδν</span> <span class='ocrx_word' id='word_1_62' title='bbox 585 459 646 486; x_wconf 83' lang='grc' dir='ltr'>νοῦν</span> <span class='ocrx_word' id='word_1_63' title='bbox 660 460 820 487; x_wconf 81' lang='grc' dir='ltr'>εὐσεϐοῦντα</span> <span class='ocrx_word' id='word_1_64' title='bbox 840 461 886 487; x_wconf 79' lang='grc' dir='ltr'><strong>καὶ</strong></span> 
     </span>
    </p>
   </div>
   <div class='ocr_carea' id='block_1_10' title="bbox 935 278 1715 314">
    <p class='ocr_par' dir='ltr' id='par_1_10' title="bbox 935 278 1715 314">
     <span class='ocr_line' id='line_1_10' title="bbox 935 278 1715 314; baseline -0.003 -8"><span class='ocrx_word' id='word_1_65' title='bbox 935 283 1086 314; x_wconf 78' lang='lat' dir='ltr'><strong>auctorque</strong></span> <span class='ocrx_word' id='word_1_66' title='bbox 1102 278 1142 306; x_wconf 86' lang='lat' dir='ltr'><strong>illi</strong></span> <span class='ocrx_word' id='word_1_67' title='bbox 1157 283 1209 310; x_wconf 79' lang='lat' dir='ltr'><strong>est,</strong></span> <span class='ocrx_word' id='word_1_68' title='bbox 1227 283 1256 306; x_wconf 90' lang='lat' dir='ltr'><strong>ut</strong></span> <span class='ocrx_word' id='word_1_69' title='bbox 1273 287 1307 306; x_wconf 91' lang='lat' dir='ltr'><strong>ne</strong></span> <span class='ocrx_word' id='word_1_70' title='bbox 1324 280 1369 307; x_wconf 88' lang='lat' dir='ltr'><strong>Dei</strong></span> <span class='ocrx_word' id='word_1_71' title='bbox 1383 280 1498 307; x_wconf 84' lang='lat' dir='ltr'><strong>consilia</strong></span> <span class='ocrx_word' id='word_1_72' title='bbox 1513 279 1650 306; x_wconf 83' lang='lat' dir='ltr'><strong>curiosius</strong></span> <span class='ocrx_word' id='word_1_73' title='bbox 1666 285 1715 305; x_wconf 79' lang='lat' dir='ltr'><strong>ox-</strong></span> 
     </span>
    </p>
   </div>
   <div class='ocr_carea' id='block_1_11' title="bbox 936 323 1716 361">
    <p class='ocr_par' dir='ltr' id='par_1_11' title="bbox 936 323 1716 361">
     <span class='ocr_line' id='line_1_11' title="bbox 936 323 1716 361; baseline -0.003 -9"><span class='ocrx_word' id='word_1_74' title='bbox 936 325 1032 361; x_wconf 89' lang='lat' dir='ltr'><strong>ploret,</strong></span> <span class='ocrx_word' id='word_1_75' title='bbox 1060 325 1108 353; x_wconf 82' lang='lat' dir='ltr'><strong>sed</strong></span> <span class='ocrx_word' id='word_1_76' title='bbox 1121 325 1290 352; x_wconf 84' lang='lat' dir='ltr'><strong>orationibus</strong></span> <span class='ocrx_word' id='word_1_77' title='bbox 1303 330 1390 357; x_wconf 85' lang='lat' dir='ltr'><strong>vacet,</strong></span> <span class='ocrx_word' id='word_1_78' title='bbox 1410 326 1497 361; x_wconf 83' lang='lat' dir='ltr'><strong>iisque</strong></span> <span class='ocrx_word' id='word_1_79' title='bbox 1511 325 1576 352; x_wconf 85' lang='lat' dir='ltr'><strong>solis</strong></span> <span class='ocrx_word' id='word_1_80' title='bbox 1591 323 1716 351; x_wconf 76' lang='lat' dir='ltr'><strong>intendat</strong></span> 
     </span>
    </p>
   </div>
   <div class='ocr_carea' id='block_1_12' title="bbox 936 368 1716 405">
    <p class='ocr_par' dir='ltr' id='par_1_12' title="bbox 936 368 1716 405">
     <span class='ocr_line' id='line_1_12' title="bbox 936 368 1716 405; baseline -0.001 -9"><span class='ocrx_word' id='word_1_81' title='bbox 936 369 1067 402; x_wconf 83' lang='lat' dir='ltr'><strong>animum,</strong></span> <span class='ocrx_word' id='word_1_82' title='bbox 1086 369 1178 405; x_wconf 89' lang='lat' dir='ltr'><strong>pietati</strong></span> <span class='ocrx_word' id='word_1_83' title='bbox 1199 370 1316 397; x_wconf 82' lang='lat' dir='ltr'><strong>deditum</strong></span> <span class='ocrx_word' id='word_1_84' title='bbox 1344 374 1370 397; x_wconf 87' lang='lat' dir='ltr'><strong>et</strong></span> <span class='ocrx_word' id='word_1_85' title='bbox 1386 370 1487 404; x_wconf 85' lang='lat' dir='ltr'><strong>judicia</strong></span> <span class='ocrx_word' id='word_1_86' title='bbox 1507 369 1552 397; x_wconf 90' lang='lat' dir='ltr'><strong>Dei</strong></span> <span class='ocrx_word' id='word_1_87' title='bbox 1577 368 1716 396; x_wconf 85' lang='lat' dir='ltr'><strong>celebran-</strong></span> 
     </span>
    </p>
   </div>
   <div class='ocr_carea' id='block_1_13' title="bbox 935 414 1713 449">
    <p class='ocr_par' dir='ltr' id='par_1_13' title="bbox 935 414 1713 449">
     <span class='ocr_line' id='line_1_13' title="bbox 935 414 1713 449; baseline -0.001 -8"><span class='ocrx_word' id='word_1_88' title='bbox 935 419 1001 443; x_wconf 83' lang='lat' dir='ltr'><strong>tem.</strong></span> <span class='ocrx_word' id='word_1_89' title='bbox 1026 414 1093 442; x_wconf 79' lang='lat' dir='ltr'><strong>Nam</strong></span> <span class='ocrx_word' id='word_1_90' title='bbox 1115 414 1386 448; x_wconf 72' lang='lat' dir='ltr'><strong>incomprehensibilia</strong></span> <span class='ocrx_word' id='word_1_91' title='bbox 1405 419 1465 442; x_wconf 74' lang='lat' dir='ltr'><strong>sunt</strong></span> <span class='ocrx_word' id='word_1_92' title='bbox 1480 414 1586 449; x_wconf 81' lang='lat' dir='ltr'><strong>judicia.</strong></span> <span class='ocrx_word' id='word_1_93' title='bbox 1597 414 1664 448; x_wconf 77' lang='lat' dir='ltr'><strong>ejus,</strong></span> <span class='ocrx_word' id='word_1_94' title='bbox 1687 416 1713 440; x_wconf 76' lang='lat' dir='ltr'><strong>et</strong></span> 
     </span>
    </p>
   </div>
   <div class='ocr_carea' id='block_1_14' title="bbox 936 461 1300 496">
    <p class='ocr_par' dir='ltr' id='par_1_14' title="bbox 936 461 1300 496">
     <span class='ocr_line' id='line_1_14' title="bbox 936 461 1300 496; baseline 0 -9"><span class='ocrx_word' id='word_1_95' title='bbox 936 461 1128 496; x_wconf 77' lang='lat' dir='ltr'><strong>inuestigabiles</strong></span> <span class='ocrx_word' id='word_1_96' title='bbox 1143 462 1190 488; x_wconf 80' lang='lat' dir='ltr'><strong>uio:</strong></span> <span class='ocrx_word' id='word_1_97' title='bbox 1202 461 1257 495; x_wconf 74' lang='lat' dir='ltr'><strong>ejus</strong></span> <span class='ocrx_word' id='word_1_98' title='bbox 1268 461 1300 487; x_wconf 75' lang='lat'><strong>&quot;°.</strong></span> 
     </span>
    </p>
   </div>
   <div class='ocr_carea' id='block_1_15' title="bbox 99 501 1714 540">
    <p class='ocr_par' dir='ltr' id='par_1_15' title="bbox 99 501 1714 540">
     <span class='ocr_line' id='line_1_15' title="bbox 99 501 1714 540; baseline 0.002 -13"><span class='ocrx_word' id='word_1_99' title='bbox 99 501 275 536; x_wconf 73' lang='grc' dir='ltr'><strong>εὐφημοῦντα</strong></span> <span class='ocrx_word' id='word_1_100' title='bbox 296 502 343 528; x_wconf 78' lang='grc' dir='ltr'>τοῦ</span> <span class='ocrx_word' id='word_1_101' title='bbox 359 502 436 536; x_wconf 66' lang='grc' dir='ltr'><strong>ΔΘεοῦ</strong></span> <span class='ocrx_word' id='word_1_102' title='bbox 461 503 511 535; x_wconf 79' lang='grc' dir='ltr'>τὰς</span> <span class='ocrx_word' id='word_1_103' title='bbox 534 504 647 540; x_wconf 76' lang='grc' dir='ltr'><strong>κρίσεις.</strong></span> <span class='ocrx_word' id='word_1_104' title='bbox 664 505 886 539; x_wconf 73' lang='grc' dir='ltr'>Ἀνεξερεύνητα</span> <span class='ocrx_word' id='word_1_105' title='bbox 902 504 954 539; x_wconf 74' lang='grc' dir='ltr'>γὰρ</span> <span class='ocrx_word' id='word_1_106' title='bbox 968 505 1004 532; x_wconf 86' lang='grc' dir='ltr'>τὰ</span> <span class='ocrx_word' id='word_1_107' title='bbox 1016 506 1141 540; x_wconf 81' lang='grc' dir='ltr'>κρίματα</span> <span class='ocrx_word' id='word_1_108' title='bbox 1154 506 1256 538; x_wconf 82' lang='grc' dir='ltr'><strong>αὐτοῦ,</strong></span> <span class='ocrx_word' id='word_1_109' title='bbox 1287 505 1336 532; x_wconf 79' lang='grc' dir='ltr'>καὶ</span> <span class='ocrx_word' id='word_1_110' title='bbox 1351 505 1569 540; x_wconf 77' lang='grc' dir='ltr'><strong>ἀνεξιχνίαστοι</strong></span> <span class='ocrx_word' id='word_1_111' title='bbox 1594 506 1624 532; x_wconf 80' lang='grc' dir='ltr'>αι</span> <span class='ocrx_word' id='word_1_112' title='bbox 1650 503 1714 532; x_wconf 77' lang='grc' dir='ltr'><strong>ὁδοί</strong></span> 
     </span>
    </p>
   </div>
   <div class='ocr_carea' id='block_1_16' title="bbox 98 557 204 575">
    <p class='ocr_par' dir='ltr' id='par_1_16' title="bbox 98 557 204 575">
     <span class='ocr_line' id='line_1_16' title="bbox 98 557 204 575; baseline 0 0"><span class='ocrx_word' id='word_1_113' title='bbox 98 557 204 575; x_wconf 83' lang='grc' dir='ltr'><strong>αυτου.</strong></span> 
     </span>
    </p>
   </div>
   <div class='ocr_carea' id='block_1_17' title="bbox 133 594 882 633">
    <p class='ocr_par' dir='ltr' id='par_1_17' title="bbox 133 594 882 633">
     <span class='ocr_line' id='line_1_17' title="bbox 133 594 882 633; baseline 0.007 -11"><span class='ocrx_word' id='word_1_114' title='bbox 133 596 189 623; x_wconf 73' lang='grc' dir='ltr'><strong>Καὶ</strong></span> <span class='ocrx_word' id='word_1_115' title='bbox 218 594 296 628; x_wconf 69' lang='grc' dir='ltr'>εἶπα,</span> <span class='ocrx_word' id='word_1_116' title='bbox 318 597 382 624; x_wconf 85' lang='grc' dir='ltr'><strong>Νῦν</strong></span> <span class='ocrx_word' id='word_1_117' title='bbox 406 597 563 633; x_wconf 61' lang='grc' dir='ltr'><strong>ἠρξάμηνν</strong></span> <span class='ocrx_word' id='word_1_118' title='bbox 580 599 656 633; x_wconf 80' lang='grc' dir='ltr'><strong>αὕτη</strong></span> <span class='ocrx_word' id='word_1_119' title='bbox 675 599 694 633; x_wconf 78' lang='grc' dir='ltr'>ἡ</span> <span class='ocrx_word' id='word_1_120' title='bbox 721 599 882 632; x_wconf 72' lang='grc' dir='ltr'><strong>ἀλλοίωσις</strong></span> 
     </span>
    </p>
   </div>
   <div class='ocr_carea' id='block_1_18' title="bbox 100 640 884 681">
    <p class='ocr_par' dir='ltr' id='par_1_18' title="bbox 100 640 884 681">
     <span class='ocr_line' id='line_1_18' title="bbox 100 640 884 681; baseline 0.009 -15"><span class='ocrx_word' id='word_1_121' title='bbox 100 640 156 674; x_wconf 75' lang='grc' dir='ltr'><strong>τῆς</strong></span> <span class='ocrx_word' id='word_1_122' title='bbox 171 641 271 674; x_wconf 79' lang='grc' dir='ltr'>δεξιᾶς</span> <span class='ocrx_word' id='word_1_123' title='bbox 287 643 340 669; x_wconf 85' lang='grc' dir='ltr'><strong>τοῦ</strong></span> <span class='ocrx_word' id='word_1_124' title='bbox 356 643 506 678; x_wconf 75' lang='grc' dir='ltr'><strong>Ὑψίστου.</strong></span> <span class='ocrx_word' id='word_1_125' title='bbox 516 645 587 672; x_wconf 71' lang='grc' dir='ltr'>’Δντὶ</span> <span class='ocrx_word' id='word_1_126' title='bbox 601 645 695 672; x_wconf 81' lang='grc' dir='ltr'>τούτου</span> <span class='ocrx_word' id='word_1_127' title='bbox 713 647 727 672; x_wconf 84' lang='grc' dir='ltr'><strong>ὁ</strong></span> <span class='ocrx_word' id='word_1_128' title='bbox 745 646 793 681; x_wconf 80' lang='grc' dir='ltr'><strong>μὲν</strong></span> <span class='ocrx_word' id='word_1_129' title='bbox 809 645 884 672; x_wconf 74' lang='grc' dir='ltr'>Ἀκύ-</span> 
     </span>
    </p>
   </div>
   <div class='ocr_carea' id='block_1_19' title="bbox 99 686 882 726">
    <p class='ocr_par' dir='ltr' id='par_1_19' title="bbox 99 686 882 726">
     <span class='ocr_line' id='line_1_19' title="bbox 99 686 882 726; baseline 0.009 -14"><span class='ocrx_word' id='word_1_130' title='bbox 99 686 159 718; x_wconf 80' lang='grc' dir='ltr'>λας,</span> <span class='ocrx_word' id='word_1_131' title='bbox 182 687 237 716; x_wconf 72' lang='grc' dir='ltr'><strong>Καὶ</strong></span> <span class='ocrx_word' id='word_1_132' title='bbox 262 686 340 720; x_wconf 74' lang='grc' dir='ltr'>εἶπα,</span> <span class='ocrx_word' id='word_1_133' title='bbox 364 690 606 725; x_wconf 56' lang='grc' dir='ltr'>φησὶνῄρῤωστία</span> <span class='ocrx_word' id='word_1_134' title='bbox 628 700 704 726; x_wconf 84' lang='grc' dir='ltr'><strong>μου·</strong></span> <span class='ocrx_word' id='word_1_135' title='bbox 727 691 802 725; x_wconf 77' lang='grc' dir='ltr'><strong>αὕτη</strong></span> <span class='ocrx_word' id='word_1_136' title='bbox 827 692 882 718; x_wconf 75' lang='grc' dir='ltr'><strong>ἁλ-</strong></span> 
     </span>
    </p>
   </div>
   <div class='ocr_carea' id='block_1_20' title="bbox 98 733 883 773">
    <p class='ocr_par' dir='ltr' id='par_1_20' title="bbox 98 733 883 773">
     <span class='ocr_line' id='line_1_20' title="bbox 98 733 883 773; baseline 0.004 -13"><span class='ocrx_word' id='word_1_137' title='bbox 98 733 222 766; x_wconf 71' lang='grc' dir='ltr'>λοίωσις</span> <span class='ocrx_word' id='word_1_138' title='bbox 234 734 335 767; x_wconf 76' lang='grc' dir='ltr'>δεξιᾶς</span> <span class='ocrx_word' id='word_1_139' title='bbox 355 734 511 769; x_wconf 74' lang='grc' dir='ltr'><strong>Ὑψίστου·</strong></span> <span class='ocrx_word' id='word_1_140' title='bbox 525 737 539 763; x_wconf 85' lang='grc' dir='ltr'><strong>ό</strong></span> <span class='ocrx_word' id='word_1_141' title='bbox 554 736 582 763; x_wconf 78' lang='grc' dir='ltr'><strong>δὲ</strong></span> <span class='ocrx_word' id='word_1_142' title='bbox 599 737 753 773; x_wconf 83' lang='grc' dir='ltr'><strong>Σύμμαχος,</strong></span> <span class='ocrx_word' id='word_1_143' title='bbox 773 737 883 772; x_wconf 79' lang='grc' dir='ltr'>Τρῶσίς</span> 
     </span>
    </p>
   </div>
   <div class='ocr_carea' id='block_1_21' title="bbox 96 779 879 819">
    <p class='ocr_par' dir='ltr' id='par_1_21' title="bbox 96 779 879 819">
     <span class='ocr_line' id='line_1_21' title="bbox 96 779 879 819; baseline 0.008 -14"><span class='ocrx_word' id='word_1_144' title='bbox 96 787 156 813; x_wconf 74' lang='grc' dir='ltr'><strong>μου</strong></span> <span class='ocrx_word' id='word_1_145' title='bbox 172 779 259 807; x_wconf 79' lang='grc' dir='ltr'>ἐστὶν</span> <span class='ocrx_word' id='word_1_146' title='bbox 273 780 497 815; x_wconf 62' lang='grc' dir='ltr'>ἐπιδευτρρωσις</span> <span class='ocrx_word' id='word_1_147' title='bbox 513 781 613 816; x_wconf 79' lang='grc' dir='ltr'>δεξιᾶς</span> <span class='ocrx_word' id='word_1_148' title='bbox 624 783 677 810; x_wconf 83' lang='grc' dir='ltr'><strong>τοῦ</strong></span> <span class='ocrx_word' id='word_1_149' title='bbox 698 783 835 817; x_wconf 77' lang='grc' dir='ltr'><em>Ὑψίστου</em></span> <span class='ocrx_word' id='word_1_150' title='bbox 845 792 851 798; x_wconf 92' lang='grc'><strong>·</strong></span> <span class='ocrx_word' id='word_1_151' title='bbox 863 784 879 819; x_wconf 85' lang='grc' dir='ltr'><strong>ἡ</strong></span> 
     </span>
    </p>
   </div>
   <div class='ocr_carea' id='block_1_22' title="bbox 98 823 880 862">
    <p class='ocr_par' dir='ltr' id='par_1_22' title="bbox 98 823 880 862">
     <span class='ocr_line' id='line_1_22' title="bbox 98 823 880 862; baseline 0.008 -13"><span class='ocrx_word' id='word_1_152' title='bbox 98 823 126 850; x_wconf 84' lang='grc' dir='ltr'><strong>δὲ</strong></span> <span class='ocrx_word' id='word_1_153' title='bbox 151 823 264 859; x_wconf 76' lang='grc' dir='ltr'>πέμπτη</span> <span class='ocrx_word' id='word_1_154' title='bbox 290 824 403 856; x_wconf 74' lang='grc' dir='ltr'>ἕκδοσις,</span> <span class='ocrx_word' id='word_1_155' title='bbox 423 825 479 852; x_wconf 85' lang='lat' dir='ltr'><strong>Kal</strong></span> <span class='ocrx_word' id='word_1_156' title='bbox 501 824 578 858; x_wconf 80' lang='grc' dir='ltr'>εἶπα,</span> <span class='ocrx_word' id='word_1_157' title='bbox 596 827 691 862; x_wconf 69' lang='grc' dir='ltr'>φησὶν,</span> <span class='ocrx_word' id='word_1_158' title='bbox 703 827 806 860; x_wconf 67' lang='grc' dir='ltr'>ὠδῖνός</span> <span class='ocrx_word' id='word_1_159' title='bbox 821 837 880 862; x_wconf 85' lang='grc' dir='ltr'><strong>μου</strong></span> 
     </span>
    </p>
   </div>
   <div class='ocr_carea' id='block_1_23' title="bbox 96 867 881 908">
    <p class='ocr_par' dir='ltr' id='par_1_23' title="bbox 96 867 881 908">
     <span class='ocr_line' id='line_1_23' title="bbox 96 867 881 908; baseline 0.008 -14"><span class='ocrx_word' id='word_1_160' title='bbox 96 867 177 894; x_wconf 71' lang='grc' dir='ltr'>εἰσιν</span> <span class='ocrx_word' id='word_1_161' title='bbox 204 868 366 901; x_wconf 73' lang='grc' dir='ltr'><em>ἀλλοίωσις</em></span> <span class='ocrx_word' id='word_1_162' title='bbox 387 869 487 902; x_wconf 82' lang='grc' dir='ltr'>δεξιᾶς</span> <span class='ocrx_word' id='word_1_163' title='bbox 502 871 555 898; x_wconf 78' lang='grc' dir='ltr'><strong>τοῦ</strong></span> <span class='ocrx_word' id='word_1_164' title='bbox 572 872 722 906; x_wconf 73' lang='grc' dir='ltr'><strong>Ὑψίστου.</strong></span> <span class='ocrx_word' id='word_1_165' title='bbox 736 873 809 908; x_wconf 84' lang='grc' dir='ltr'>Πρὸς</span> <span class='ocrx_word' id='word_1_166' title='bbox 825 874 881 904; x_wconf 82' lang='grc' dir='ltr'>τοῖς</span> 
     </span>
    </p>
   </div>
   <div class='ocr_carea' id='block_1_24' title="bbox 969 593 1715 631">
    <p class='ocr_par' dir='ltr' id='par_1_24' title="bbox 969 593 1715 631">
     <span class='ocr_line' id='line_1_24' title="bbox 969 593 1715 631; baseline -0.005 -7"><span class='ocrx_word' id='word_1_167' title='bbox 969 597 1054 625; x_wconf 70' lang='lat' dir='ltr'><strong>Vnus.</strong></span> <span class='ocrx_word' id='word_1_168' title='bbox 1071 597 1114 624; x_wconf 76' lang='lat' dir='ltr'><strong>il.</strong></span> <span class='ocrx_word' id='word_1_169' title='bbox 1138 597 1171 623; x_wconf 76' lang='lat' dir='ltr'><strong>Et</strong></span> <span class='ocrx_word' id='word_1_170' title='bbox 1183 596 1250 629; x_wconf 66' lang='lat' dir='ltr'><strong>dixi,</strong></span> <span class='ocrx_word' id='word_1_171' title='bbox 1268 596 1345 623; x_wconf 77' lang='lat' dir='ltr'><strong>Nunc</strong></span> <span class='ocrx_word' id='word_1_172' title='bbox 1362 597 1436 631; x_wconf 68' lang='lat' dir='ltr'><strong>ccepi,</strong></span> <span class='ocrx_word' id='word_1_173' title='bbox 1455 596 1509 624; x_wconf 80' lang='lat' dir='ltr'><strong>[uec</strong></span> <span class='ocrx_word' id='word_1_174' title='bbox 1523 595 1633 622; x_wconf 85' lang='lat' dir='ltr'><strong>mutatio</strong></span> <span class='ocrx_word' id='word_1_175' title='bbox 1650 593 1715 621; x_wconf 67' lang='lat' dir='ltr'><strong>dea;-</strong></span> 
     </span>
    </p>
   </div>
   <div class='ocr_carea' id='block_1_25' title="bbox 933 639 1714 677">
    <p class='ocr_par' dir='ltr' id='par_1_25' title="bbox 933 639 1714 677">
     <span class='ocr_line' id='line_1_25' title="bbox 933 639 1714 677; baseline -0.005 -7"><span class='ocrx_word' id='word_1_176' title='bbox 933 648 995 670; x_wconf 75' lang='lat' dir='ltr'><strong>tcra:</strong></span> <span class='ocrx_word' id='word_1_177' title='bbox 1008 643 1151 670; x_wconf 72' lang='lat' dir='ltr'><strong>Altissimi.</strong></span> <span class='ocrx_word' id='word_1_178' title='bbox 1167 642 1220 668; x_wconf 82' lang='lat' dir='ltr'><strong>Pro</strong></span> <span class='ocrx_word' id='word_1_179' title='bbox 1236 642 1282 669; x_wconf 90' lang='lat' dir='ltr'><strong>illo</strong></span> <span class='ocrx_word' id='word_1_180' title='bbox 1297 647 1387 669; x_wconf 89' lang='lat' dir='ltr'><strong>autem</strong></span> <span class='ocrx_word' id='word_1_181' title='bbox 1404 642 1444 670; x_wconf 87' lang='lat' dir='ltr'><strong>sic</strong></span> <span class='ocrx_word' id='word_1_182' title='bbox 1459 642 1557 677; x_wconf 83' lang='lat' dir='ltr'><strong>Aquila</strong></span> <span class='ocrx_word' id='word_1_183' title='bbox 1580 641 1656 672; x_wconf 87' lang='lat' dir='ltr'><strong>dicit,</strong></span> <span class='ocrx_word' id='word_1_184' title='bbox 1679 639 1714 666; x_wconf 81' lang='lat' dir='ltr'><strong>Et</strong></span> 
     </span>
    </p>
   </div>
   <div class='ocr_carea' id='block_1_26' title="bbox 930 686 1714 723">
    <p class='ocr_par' dir='ltr' id='par_1_26' title="bbox 930 686 1714 723">
     <span class='ocr_line' id='line_1_26' title="bbox 930 686 1714 723; baseline -0.004 -8"><span class='ocrx_word' id='word_1_185' title='bbox 930 689 999 720; x_wconf 71' lang='lat' dir='ltr'><strong>dixi,</strong></span> <span class='ocrx_word' id='word_1_186' title='bbox 1030 689 1177 723; x_wconf 75' lang='lat' dir='ltr'><strong>infirmitas</strong></span> <span class='ocrx_word' id='word_1_187' title='bbox 1198 697 1276 715; x_wconf 83' lang='lat' dir='ltr'><strong>mea:</strong></span> <span class='ocrx_word' id='word_1_188' title='bbox 1291 688 1346 715; x_wconf 75' lang='lat' dir='ltr'><strong>luto</strong></span> <span class='ocrx_word' id='word_1_189' title='bbox 1369 689 1480 715; x_wconf 79' lang='lat' dir='ltr'><strong>mutatio</strong></span> <span class='ocrx_word' id='word_1_190' title='bbox 1497 687 1610 714; x_wconf 69' lang='lat' dir='ltr'><strong>dextera!</strong></span> <span class='ocrx_word' id='word_1_191' title='bbox 1627 686 1714 713; x_wconf 74' lang='lat' dir='ltr'><strong>Allis—</strong></span> 
     </span>
    </p>
   </div>
   <div class='ocr_carea' id='block_1_27' title="bbox 932 731 1715 769">
    <p class='ocr_par' dir='ltr' id='par_1_27' title="bbox 932 731 1715 769">
     <span class='ocr_line' id='line_1_27' title="bbox 932 731 1715 769; baseline -0.004 -8"><span class='ocrx_word' id='word_1_192' title='bbox 932 735 1014 766; x_wconf 72' lang='lat' dir='ltr'><strong>aimi;</strong></span> <span class='ocrx_word' id='word_1_193' title='bbox 1028 733 1207 769; x_wconf 86' lang='lat' dir='ltr'><strong>Symmachus</strong></span> <span class='ocrx_word' id='word_1_194' title='bbox 1229 741 1303 765; x_wconf 83' lang='lat' dir='ltr'><strong>vero,</strong></span> <span class='ocrx_word' id='word_1_195' title='bbox 1322 734 1421 760; x_wconf 77' lang='lat' dir='ltr'><strong>Vulnus</strong></span> <span class='ocrx_word' id='word_1_196' title='bbox 1444 741 1529 760; x_wconf 80' lang='lat' dir='ltr'><strong>meum</strong></span> <span class='ocrx_word' id='word_1_197' title='bbox 1546 737 1584 759; x_wconf 78' lang='lat' dir='ltr'><strong>est</strong></span> <span class='ocrx_word' id='word_1_198' title='bbox 1608 731 1715 759; x_wconf 82' lang='lat' dir='ltr'><strong>iteratio</strong></span> 
     </span>
    </p>
   </div>
   <div class='ocr_carea' id='block_1_28' title="bbox 932 776 1713 815">
    <p class='ocr_par' dir='ltr' id='par_1_28' title="bbox 932 776 1713 815">
     <span class='ocr_line' id='line_1_28' title="bbox 932 776 1713 815; baseline -0.004 -9"><span class='ocrx_word' id='word_1_199' title='bbox 932 779 1045 807; x_wconf 66' lang='lat' dir='ltr'><strong>dexterae</strong></span> <span class='ocrx_word' id='word_1_200' title='bbox 1071 780 1218 812; x_wconf 75' lang='lat' dir='ltr'><strong>Altissimi;</strong></span> <span class='ocrx_word' id='word_1_201' title='bbox 1239 780 1334 815; x_wconf 87' lang='lat' dir='ltr'><strong>quinta</strong></span> <span class='ocrx_word' id='word_1_202' title='bbox 1353 783 1442 806; x_wconf 87' lang='lat' dir='ltr'><strong>autem</strong></span> <span class='ocrx_word' id='word_1_203' title='bbox 1469 778 1573 806; x_wconf 88' lang='lat' dir='ltr'><strong>editio:</strong></span> <span class='ocrx_word' id='word_1_204' title='bbox 1589 777 1623 804; x_wconf 87' lang='lat' dir='ltr'><strong>Et</strong></span> <span class='ocrx_word' id='word_1_205' title='bbox 1644 776 1713 809; x_wconf 67' lang='lat' dir='ltr'><strong>dixi,</strong></span> 
     </span>
    </p>
   </div>
   <div class='ocr_carea' id='block_1_29' title="bbox 932 822 1712 858">
    <p class='ocr_par' dir='ltr' id='par_1_29' title="bbox 932 822 1712 858">
     <span class='ocr_line' id='line_1_29' title="bbox 932 822 1712 858; baseline 0 -9"><span class='ocrx_word' id='word_1_206' title='bbox 932 823 1031 858; x_wconf 79' lang='lat' dir='ltr'><strong>inquit,</strong></span> <span class='ocrx_word' id='word_1_207' title='bbox 1047 823 1149 850; x_wconf 67' lang='lat' dir='ltr'><strong>dolores</strong></span> <span class='ocrx_word' id='word_1_208' title='bbox 1171 823 1222 850; x_wconf 86' lang='lat' dir='ltr'><strong>mei</strong></span> <span class='ocrx_word' id='word_1_209' title='bbox 1236 829 1295 850; x_wconf 75' lang='lat' dir='ltr'><strong>sunt</strong></span> <span class='ocrx_word' id='word_1_210' title='bbox 1311 824 1422 850; x_wconf 75' lang='lat' dir='ltr'><strong>mutatio</strong></span> <span class='ocrx_word' id='word_1_211' title='bbox 1439 822 1553 850; x_wconf 69' lang='lat' dir='ltr'><strong>dexteri:</strong></span> <span class='ocrx_word' id='word_1_212' title='bbox 1570 822 1712 849; x_wconf 73' lang='lat' dir='ltr'><strong>Altiuimi.</strong></span> 
     </span>
    </p>
   </div>
   <div class='ocr_carea' id='block_1_30' title="bbox 932 869 1713 904">
    <p class='ocr_par' dir='ltr' id='par_1_30' title="bbox 932 869 1713 904">
     <span class='ocr_line' id='line_1_30' title="bbox 932 869 1713 904; baseline -0.001 -8"><span class='ocrx_word' id='word_1_213' title='bbox 932 869 971 896; x_wconf 84' lang='lat' dir='ltr'><strong>Ad</strong></span> <span class='ocrx_word' id='word_1_214' title='bbox 988 869 1126 904; x_wconf 85' lang='lat' dir='ltr'><strong>proposita</strong></span> <span class='ocrx_word' id='word_1_215' title='bbox 1143 869 1198 904; x_wconf 86' lang='lat' dir='ltr'><strong>jam</strong></span> <span class='ocrx_word' id='word_1_216' title='bbox 1213 869 1306 902; x_wconf 87' lang='lat' dir='ltr'><strong>dubia,</strong></span> <span class='ocrx_word' id='word_1_217' title='bbox 1322 870 1378 898; x_wconf 75' lang='lat' dir='ltr'><strong>hzec</strong></span> <span class='ocrx_word' id='word_1_218' title='bbox 1401 870 1476 901; x_wconf 84' lang='lat' dir='ltr'><strong>item,</strong></span> <span class='ocrx_word' id='word_1_219' title='bbox 1493 869 1592 903; x_wconf 87' lang='lat' dir='ltr'><strong>inquit,</strong></span> <span class='ocrx_word' id='word_1_220' title='bbox 1607 875 1713 895; x_wconf 88' lang='lat' dir='ltr'><strong>mecum</strong></span> 
     </span>
    </p>
   </div>
   <div class='ocr_carea' id='block_1_31' title="bbox 97 913 878 953">
    <p class='ocr_par' dir='ltr' id='par_1_31' title="bbox 97 913 878 953">
     <span class='ocr_line' id='line_1_31' title="bbox 97 913 878 953; baseline 0.009 -15"><span class='ocrx_word' id='word_1_221' title='bbox 97 913 335 949; x_wconf 60' lang='grc' dir='ltr'>προηωρημένοις</span> <span class='ocrx_word' id='word_1_222' title='bbox 348 915 394 941; x_wconf 75' lang='grc' dir='ltr'><strong>καὶ</strong></span> <span class='ocrx_word' id='word_1_223' title='bbox 409 915 506 949; x_wconf 81' lang='grc' dir='ltr'>ταῦτα,</span> <span class='ocrx_word' id='word_1_224' title='bbox 520 917 598 952; x_wconf 79' lang='grc' dir='ltr'>φησὶ,</span> <span class='ocrx_word' id='word_1_225' title='bbox 609 917 677 953; x_wconf 80' lang='grc' dir='ltr'>πρὸς</span> <span class='ocrx_word' id='word_1_226' title='bbox 691 918 811 953; x_wconf 74' lang='grc' dir='ltr'>ἐμαυτὸν</span> <span class='ocrx_word' id='word_1_227' title='bbox 840 919 878 952; x_wconf 65' lang='grc' dir='ltr'><strong>ἰξψ</strong></span> 
     </span>
    </p>
   </div>
   <div class='ocr_carea' id='block_1_32' title="bbox 927 913 1714 953">
    <p class='ocr_par' dir='ltr' id='par_1_32' title="bbox 932 915 1714 951">
     <span class='ocr_line' id='line_1_32' title="bbox 932 915 1714 951; baseline -0.001 -9"><span class='ocrx_word' id='word_1_228' title='bbox 932 915 1101 950; x_wconf 89' lang='lat' dir='ltr'><strong>reputabam.</strong></span> <span class='ocrx_word' id='word_1_229' title='bbox 1117 916 1295 951; x_wconf 81' lang='lat' dir='ltr'><strong>cogitationes</strong></span> <span class='ocrx_word' id='word_1_230' title='bbox 1310 916 1414 943; x_wconf 85' lang='lat' dir='ltr'><strong>scilicet</strong></span> <span class='ocrx_word' id='word_1_231' title='bbox 1427 916 1488 943; x_wconf 90' lang='lat' dir='ltr'><strong>illas</strong></span> <span class='ocrx_word' id='word_1_232' title='bbox 1503 915 1580 950; x_wconf 90' lang='lat' dir='ltr'><strong>queis</strong></span> <span class='ocrx_word' id='word_1_233' title='bbox 1591 915 1647 949; x_wconf 85' lang='lat' dir='ltr'><strong>jam</strong></span> <span class='ocrx_word' id='word_1_234' title='bbox 1663 915 1714 942; x_wconf 92' lang='lat' dir='ltr'><strong>du-</strong></span> 
     </span>
    </p>
   </div>
   <div class='ocr_carea' id='block_1_33' title="bbox 102 957 881 998">
    <p class='ocr_par' dir='ltr' id='par_1_33' title="bbox 102 957 881 998">
     <span class='ocr_line' id='line_1_33' title="bbox 102 957 881 998; baseline 0.009 -15"><span class='ocrx_word' id='word_1_235' title='bbox 102 957 207 990; x_wconf 82' lang='grc' dir='ltr'>ενόουν,</span> <span class='ocrx_word' id='word_1_236' title='bbox 224 959 265 985; x_wconf 84' lang='grc' dir='ltr'>ὅτι</span> <span class='ocrx_word' id='word_1_237' title='bbox 285 959 309 985; x_wconf 89' lang='grc' dir='ltr'><strong>οἱ</strong></span> <span class='ocrx_word' id='word_1_238' title='bbox 328 959 442 986; x_wconf 74' lang='grc' dir='ltr'>τοιοῦτοι</span> <span class='ocrx_word' id='word_1_239' title='bbox 462 961 597 995; x_wconf 76' lang='grc' dir='ltr'>λογισμοὶ,</span> <span class='ocrx_word' id='word_1_240' title='bbox 617 962 650 989; x_wconf 84' lang='grc' dir='ltr'><strong>δι’</strong></span> <span class='ocrx_word' id='word_1_241' title='bbox 670 959 707 989; x_wconf 81' lang='grc' dir='ltr'>ὧν</span> <span class='ocrx_word' id='word_1_242' title='bbox 715 963 816 998; x_wconf 80' lang='grc' dir='ltr'><strong>ἀρτίως</strong></span> <span class='ocrx_word' id='word_1_243' title='bbox 833 964 881 990; x_wconf 82' lang='grc' dir='ltr'><strong>ὲπ-</strong></span> 
     </span>
    </p>
   </div>
   <div class='ocr_carea' id='block_1_34' title="bbox 98 1004 880 1045">
    <p class='ocr_par' dir='ltr' id='par_1_34' title="bbox 98 1004 880 1045">
     <span class='ocr_line' id='line_1_34' title="bbox 98 1004 880 1045; baseline 0.009 -16"><span class='ocrx_word' id='word_1_244' title='bbox 98 1004 230 1038; x_wconf 76' lang='grc' dir='ltr'>ηπόρουν,</span> <span class='ocrx_word' id='word_1_245' title='bbox 245 1005 384 1040; x_wconf 76' lang='grc' dir='ltr'>ἀρρωστία</span> <span class='ocrx_word' id='word_1_246' title='bbox 405 1015 455 1041; x_wconf 90' lang='grc' dir='ltr'>μου</span> <span class='ocrx_word' id='word_1_247' title='bbox 468 1007 546 1040; x_wconf 73' lang='grc' dir='ltr'>εἰσὶν,</span> <span class='ocrx_word' id='word_1_248' title='bbox 562 1008 577 1043; x_wconf 81' lang='grc' dir='ltr'>ἡ</span> <span class='ocrx_word' id='word_1_249' title='bbox 593 1008 684 1040; x_wconf 81' lang='grc' dir='ltr'><strong>ὠδῖνες</strong></span> <span class='ocrx_word' id='word_1_250' title='bbox 698 1010 774 1042; x_wconf 79' lang='grc' dir='ltr'>είσὶν,</span> <span class='ocrx_word' id='word_1_251' title='bbox 787 1009 880 1045; x_wconf 81' lang='grc' dir='ltr'>ἣτρώ-</span> 
     </span>
    </p>
   </div>
   <div class='ocr_carea' id='block_1_35' title="bbox 98 1049 880 1090">
    <p class='ocr_par' dir='ltr' id='par_1_35' title="bbox 98 1049 880 1090">
     <span class='ocr_line' id='line_1_35' title="bbox 98 1049 880 1090; baseline 0.01 -16"><span class='ocrx_word' id='word_1_252' title='bbox 98 1057 153 1080; x_wconf 82' lang='grc' dir='ltr'>σεις</span> <span class='ocrx_word' id='word_1_253' title='bbox 170 1049 222 1084; x_wconf 81' lang='grc' dir='ltr'>μού</span> <span class='ocrx_word' id='word_1_254' title='bbox 241 1051 372 1083; x_wconf 81' lang='grc' dir='ltr'><strong>είσιν.Ἐξ</strong></span> <span class='ocrx_word' id='word_1_255' title='bbox 385 1052 526 1084; x_wconf 76' lang='grc' dir='ltr'><strong>ἀσθενείας</strong></span> <span class='ocrx_word' id='word_1_256' title='bbox 539 1053 593 1089; x_wconf 88' lang='grc' dir='ltr'>γὰρ</span> <span class='ocrx_word' id='word_1_257' title='bbox 607 1053 696 1090; x_wconf 81' lang='grc' dir='ltr'>ψυχῆς</span> <span class='ocrx_word' id='word_1_258' title='bbox 711 1055 773 1087; x_wconf 84' lang='grc' dir='ltr'>τοὺς</span> <span class='ocrx_word' id='word_1_259' title='bbox 792 1056 880 1086; x_wconf 68' lang='grc' dir='ltr'>τοιοὺέ</span> 
     </span>
    </p>
   </div>
   <div class='ocr_carea' id='block_1_36' title="bbox 97 1096 880 1137">
    <p class='ocr_par' dir='ltr' id='par_1_36' title="bbox 97 1096 880 1137">
     <span class='ocr_line' id='line_1_36' title="bbox 97 1096 880 1137; baseline 0.011 -17"><span class='ocrx_word' id='word_1_260' title='bbox 97 1101 161 1126; x_wconf 73' lang='grc' dir='ltr'>τους</span> <span class='ocrx_word' id='word_1_261' title='bbox 175 1096 336 1131; x_wconf 84' lang='grc' dir='ltr'>προήκαμεν</span> <span class='ocrx_word' id='word_1_262' title='bbox 349 1096 452 1131; x_wconf 85' lang='grc' dir='ltr'>λόγους,</span> <span class='ocrx_word' id='word_1_263' title='bbox 463 1098 511 1125; x_wconf 78' lang='grc' dir='ltr'>καὶ</span> <span class='ocrx_word' id='word_1_264' title='bbox 525 1099 578 1125; x_wconf 81' lang='grc' dir='ltr'><strong>ἀπὸ</strong></span> <span class='ocrx_word' id='word_1_265' title='bbox 590 1099 715 1136; x_wconf 83' lang='grc' dir='ltr'>τρώσεως</span> <span class='ocrx_word' id='word_1_266' title='bbox 725 1101 825 1137; x_wconf 80' lang='grc' dir='ltr'>ψυχῆς·</span> <span class='ocrx_word' id='word_1_267' title='bbox 840 1111 880 1129; x_wconf 85' lang='grc' dir='ltr'>τε·</span> 
     </span>
    </p>
   </div>
   <div class='ocr_carea' id='block_1_37' title="bbox 96 1140 876 1184">
    <p class='ocr_par' dir='ltr' id='par_1_37' title="bbox 96 1140 876 1184">
     <span class='ocr_line' id='line_1_37' title="bbox 96 1140 876 1184; baseline 0.013 -19"><span class='ocrx_word' id='word_1_268' title='bbox 96 1140 236 1175; x_wconf 81' lang='grc' dir='ltr'>τρωμένος</span> <span class='ocrx_word' id='word_1_269' title='bbox 253 1141 305 1177; x_wconf 76' lang='grc' dir='ltr'>γὰρ</span> <span class='ocrx_word' id='word_1_270' title='bbox 319 1143 365 1169; x_wconf 81' lang='grc' dir='ltr'><strong>καὶ</strong></span> <span class='ocrx_word' id='word_1_271' title='bbox 378 1143 516 1177; x_wconf 79' lang='grc' dir='ltr'>συναλγῶν</span> <span class='ocrx_word' id='word_1_272' title='bbox 530 1144 566 1176; x_wconf 84' lang='grc' dir='ltr'>ὡς</span> <span class='ocrx_word' id='word_1_273' title='bbox 583 1145 652 1182; x_wconf 82' lang='grc' dir='ltr'>ὑπὲρ</span> <span class='ocrx_word' id='word_1_274' title='bbox 670 1147 765 1174; x_wconf 78' lang='grc' dir='ltr'>ἑαυτοῦ</span> <span class='ocrx_word' id='word_1_275' title='bbox 779 1148 876 1184; x_wconf 83' lang='grc' dir='ltr'>μελῶν·</span> 
     </span>
    </p>
   </div>
   <div class='ocr_carea' id='block_1_38' title="bbox 95 1185 878 1226">
    <p class='ocr_par' dir='ltr' id='par_1_38' title="bbox 95 1185 878 1226">
     <span class='ocr_line' id='line_1_38' title="bbox 95 1185 878 1226; baseline 0.011 -15"><span class='ocrx_word' id='word_1_276' title='bbox 95 1185 162 1212; x_wconf 77' lang='grc' dir='ltr'>ἀλλὰ</span> <span class='ocrx_word' id='word_1_277' title='bbox 177 1187 224 1213; x_wconf 70' lang='grc' dir='ltr'><strong>καὶ</strong></span> <span class='ocrx_word' id='word_1_278' title='bbox 234 1187 335 1214; x_wconf 78' lang='grc' dir='ltr'>ὠδίνων</span> <span class='ocrx_word' id='word_1_279' title='bbox 344 1188 381 1220; x_wconf 83' lang='grc' dir='ltr'>ὡς</span> <span class='ocrx_word' id='word_1_280' title='bbox 393 1189 463 1224; x_wconf 80' lang='grc' dir='ltr'>ὑπὲρ</span> <span class='ocrx_word' id='word_1_281' title='bbox 477 1190 637 1226; x_wconf 84' lang='grc' dir='ltr'><strong>σπλάγχνων</strong></span> <span class='ocrx_word' id='word_1_282' title='bbox 648 1193 755 1219; x_wconf 81' lang='grc' dir='ltr'><strong>οἰκείων</strong></span> <span class='ocrx_word' id='word_1_283' title='bbox 768 1193 878 1220; x_wconf 79' lang='grc' dir='ltr'>τοιαῦτα</span> 
     </span>
    </p>
   </div>
   <div class='ocr_carea' id='block_1_39' title="bbox 96 1230 878 1273">
    <p class='ocr_par' dir='ltr' id='par_1_39' title="bbox 96 1230 878 1273">
     <span class='ocr_line' id='line_1_39' title="bbox 96 1230 878 1273; baseline 0.012 -17"><span class='ocrx_word' id='word_1_284' title='bbox 96 1230 278 1267; x_wconf 73' lang='grc' dir='ltr'><strong>ἐφθεγξάμην.</strong></span> <span class='ocrx_word' id='word_1_285' title='bbox 293 1232 384 1260; x_wconf 84' lang='grc' dir='ltr'>Ταῦτα</span> <span class='ocrx_word' id='word_1_286' title='bbox 401 1234 577 1268; x_wconf 74' lang='grc' dir='ltr'>δὲ,πέπονθα,</span> <span class='ocrx_word' id='word_1_287' title='bbox 593 1237 739 1273; x_wconf 77' lang='grc' dir='ltr'><strong>ἐπειδήπερ</strong></span> <span class='ocrx_word' id='word_1_288' title='bbox 755 1236 823 1265; x_wconf 80' lang='grc' dir='ltr'>εἶδον</span> <span class='ocrx_word' id='word_1_289' title='bbox 832 1239 878 1266; x_wconf 66' lang='grc' dir='ltr'><strong>ἁλι</strong></span> 
     </span>
    </p>
   </div>
   <div class='ocr_carea' id='block_1_40' title="bbox 96 1275 877 1318">
    <p class='ocr_par' dir='ltr' id='par_1_40' title="bbox 96 1275 877 1318">
     <span class='ocr_line' id='line_1_40' title="bbox 96 1275 877 1318; baseline 0.012 -16"><span class='ocrx_word' id='word_1_290' title='bbox 96 1275 202 1304; x_wconf 88' lang='grc' dir='ltr'>λοίωσιν</span> <span class='ocrx_word' id='word_1_291' title='bbox 228 1279 374 1315; x_wconf 74' lang='grc' dir='ltr'>γενομένην</span> <span class='ocrx_word' id='word_1_292' title='bbox 399 1281 448 1315; x_wconf 79' lang='grc' dir='ltr'><strong>τῆς</strong></span> <span class='ocrx_word' id='word_1_293' title='bbox 472 1281 561 1314; x_wconf 76' lang='grc' dir='ltr'>δεξιᾶς</span> <span class='ocrx_word' id='word_1_294' title='bbox 575 1281 621 1308; x_wconf 79' lang='grc' dir='ltr'>τοῦ</span> <span class='ocrx_word' id='word_1_295' title='bbox 643 1282 778 1318; x_wconf 73' lang='grc' dir='ltr'>Ὑψίστου.</span> <span class='ocrx_word' id='word_1_296' title='bbox 791 1284 877 1311; x_wconf 78' lang='grc' dir='ltr'>Πάλαι</span> 
     </span>
    </p>
   </div>
   <div class='ocr_carea' id='block_1_41' title="bbox 97 1322 876 1364">
    <p class='ocr_par' dir='ltr' id='par_1_41' title="bbox 97 1322 876 1364">
     <span class='ocr_line' id='line_1_41' title="bbox 97 1322 876 1364; baseline 0.009 -16"><span class='ocrx_word' id='word_1_297' title='bbox 97 1322 147 1357; x_wconf 77' lang='grc' dir='ltr'><strong>μὲν</strong></span> <span class='ocrx_word' id='word_1_298' title='bbox 167 1323 223 1359; x_wconf 78' lang='grc' dir='ltr'>γὰρ</span> <span class='ocrx_word' id='word_1_299' title='bbox 240 1323 311 1363; x_wconf 77' lang='grc' dir='ltr'>αὓτη</span> <span class='ocrx_word' id='word_1_300' title='bbox 329 1326 520 1360; x_wconf 78' lang='grc' dir='ltr'>κατειργάζετο</span> <span class='ocrx_word' id='word_1_301' title='bbox 537 1328 623 1355; x_wconf 84' lang='grc' dir='ltr'>πολλά</span> <span class='ocrx_word' id='word_1_302' title='bbox 644 1337 674 1355; x_wconf 75' lang='grc' dir='ltr'>τε</span> <span class='ocrx_word' id='word_1_303' title='bbox 691 1329 815 1364; x_wconf 85' lang='grc' dir='ltr'>θαύματα</span> <span class='ocrx_word' id='word_1_304' title='bbox 831 1330 876 1357; x_wconf 80' lang='grc' dir='ltr'><strong>καὶ</strong></span> 
     </span>
    </p>
   </div>
   <div class='ocr_carea' id='block_1_42' title="bbox 96 1368 876 1409">
    <p class='ocr_par' dir='ltr' id='par_1_42' title="bbox 96 1368 876 1409">
     <span class='ocr_line' id='line_1_42' title="bbox 96 1368 876 1409; baseline 0.01 -15"><span class='ocrx_word' id='word_1_305' title='bbox 96 1368 262 1403; x_wconf 76' lang='grc' dir='ltr'>παραδόξους</span> <span class='ocrx_word' id='word_1_306' title='bbox 274 1370 437 1406; x_wconf 79' lang='grc' dir='ltr'>,εὐεργεσίας</span> <span class='ocrx_word' id='word_1_307' title='bbox 449 1373 487 1407; x_wconf 87' lang='grc' dir='ltr'>τῷ</span> <span class='ocrx_word' id='word_1_308' title='bbox 502 1373 558 1408; x_wconf 87' lang='grc' dir='ltr'>λαῷ</span> <span class='ocrx_word' id='word_1_309' title='bbox 572 1375 744 1409; x_wconf 63' lang='grc' dir='ltr'>παρέχουσαν</span> <span class='ocrx_word' id='word_1_310' title='bbox 769 1376 826 1402; x_wconf 73' lang='grc' dir='ltr'>νυνὶ</span> <span class='ocrx_word' id='word_1_311' title='bbox 848 1376 876 1403; x_wconf 78' lang='grc' dir='ltr'><strong>δὲ</strong></span> 
     </span>
    </p>
   </div>
   <div class='ocr_carea' id='block_1_43' title="bbox 97 1412 876 1454">
    <p class='ocr_par' dir='ltr' id='par_1_43' title="bbox 97 1412 876 1454">
     <span class='ocr_line' id='line_1_43' title="bbox 97 1412 876 1454; baseline 0.012 -15"><span class='ocrx_word' id='word_1_312' title='bbox 97 1412 239 1445; x_wconf 78' lang='grc' dir='ltr'><strong>ἀλλοίωσις</strong></span> <span class='ocrx_word' id='word_1_313' title='bbox 252 1416 394 1451; x_wconf 82' lang='grc' dir='ltr'>γεγένηται</span> <span class='ocrx_word' id='word_1_314' title='bbox 405 1417 454 1452; x_wconf 82' lang='grc' dir='ltr'><strong>τῆς</strong></span> <span class='ocrx_word' id='word_1_315' title='bbox 468 1417 556 1450; x_wconf 79' lang='grc' dir='ltr'>δεξιᾶς</span> <span class='ocrx_word' id='word_1_316' title='bbox 567 1419 613 1445; x_wconf 72' lang='grc' dir='ltr'>τοῦ</span> <span class='ocrx_word' id='word_1_317' title='bbox 626 1419 762 1454; x_wconf 75' lang='grc' dir='ltr'><strong>Ὑψίστου.</strong></span> <span class='ocrx_word' id='word_1_318' title='bbox 775 1421 820 1447; x_wconf 85' lang='grc' dir='ltr'><strong>Διὺ</strong></span> <span class='ocrx_word' id='word_1_319' title='bbox 830 1422 876 1448; x_wconf 75' lang='grc' dir='ltr'><strong>καὶ</strong></span> 
     </span>
    </p>
   </div>
   <div class='ocr_carea' id='block_1_44' title="bbox 97 1458 875 1502">
    <p class='ocr_par' dir='ltr' id='par_1_44' title="bbox 97 1458 875 1502">
     <span class='ocr_line' id='line_1_44' title="bbox 97 1458 875 1502; baseline 0.01 -18"><span class='ocrx_word' id='word_1_320' title='bbox 97 1458 190 1492; x_wconf 67' lang='grc' dir='ltr'>ὠδῖνες</span> <span class='ocrx_word' id='word_1_321' title='bbox 209 1469 243 1495; x_wconf 89' lang='grc' dir='ltr'><strong>με</strong></span> <span class='ocrx_word' id='word_1_322' title='bbox 261 1461 391 1497; x_wconf 84' lang='grc' dir='ltr'><strong>κατέσχον</strong></span> <span class='ocrx_word' id='word_1_323' title='bbox 401 1471 408 1477; x_wconf 91' lang='grc'>·</span> <span class='ocrx_word' id='word_1_324' title='bbox 425 1463 545 1498; x_wconf 80' lang='grc' dir='ltr'>ὁμολογῶ</span> <span class='ocrx_word' id='word_1_325' title='bbox 559 1464 709 1500; x_wconf 79' lang='grc' dir='ltr'><strong>τετρῶσθαι</strong></span> <span class='ocrx_word' id='word_1_326' title='bbox 725 1465 774 1500; x_wconf 77' lang='grc' dir='ltr'>τὴν</span> <span class='ocrx_word' id='word_1_327' title='bbox 788 1465 875 1502; x_wconf 76' lang='grc' dir='ltr'>ψυχὴν</span> 
     </span>
    </p>
   </div>
   <div class='ocr_carea' id='block_1_45' title="bbox 95 1504 874 1546">
    <p class='ocr_par' dir='ltr' id='par_1_45' title="bbox 95 1504 874 1546">
     <span class='ocr_line' id='line_1_45' title="bbox 95 1504 874 1546; baseline 0.012 -16"><span class='ocrx_word' id='word_1_328' title='bbox 95 1504 234 1541; x_wconf 64' lang='grc' dir='ltr'>ἀρρωστίᾳ</span> <span class='ocrx_word' id='word_1_329' title='bbox 260 1507 306 1533; x_wconf 77' lang='grc' dir='ltr'>καὶ</span> <span class='ocrx_word' id='word_1_330' title='bbox 329 1507 455 1544; x_wconf 81' lang='grc' dir='ltr'>ἀσθενείᾳ</span> <span class='ocrx_word' id='word_1_331' title='bbox 469 1509 603 1543; x_wconf 84' lang='grc' dir='ltr'>γνώσεως.</span> <span class='ocrx_word' id='word_1_332' title='bbox 620 1511 674 1546; x_wconf 79' lang='grc' dir='ltr'><strong>Τὴν</strong></span> <span class='ocrx_word' id='word_1_333' title='bbox 690 1511 718 1537; x_wconf 84' lang='grc' dir='ltr'><strong>δὲ</strong></span> <span class='ocrx_word' id='word_1_334' title='bbox 734 1511 874 1539; x_wconf 79' lang='grc' dir='ltr'>ἀλλοίωσιν</span> 
     </span>
    </p>
   </div>
   <div class='ocr_carea' id='block_1_46' title="bbox 94 1550 899 1592">
    <p class='ocr_par' dir='ltr' id='par_1_46' title="bbox 94 1550 899 1592">
     <span class='ocr_line' id='line_1_46' title="bbox 94 1550 899 1592; baseline 0.011 -16"><span class='ocrx_word' id='word_1_335' title='bbox 94 1550 143 1586; x_wconf 79' lang='grc' dir='ltr'>τῆς</span> <span class='ocrx_word' id='word_1_336' title='bbox 163 1551 252 1584; x_wconf 71' lang='grc' dir='ltr'>δεξιᾶς</span> <span class='ocrx_word' id='word_1_337' title='bbox 276 1552 322 1579; x_wconf 83' lang='grc' dir='ltr'>τοῦ</span> <span class='ocrx_word' id='word_1_338' title='bbox 342 1553 408 1580; x_wconf 80' lang='grc' dir='ltr'>Θεοῦ</span> <span class='ocrx_word' id='word_1_339' title='bbox 424 1554 526 1590; x_wconf 81' lang='grc' dir='ltr'>ἐώρων,</span> <span class='ocrx_word' id='word_1_340' title='bbox 539 1556 809 1592; x_wconf 64' lang='grc' dir='ltr'>ἀναμιμνῃσκόμενος</span> <span class='ocrx_word' id='word_1_341' title='bbox 821 1558 874 1585; x_wconf 87' lang='grc' dir='ltr'><strong>τῶν</strong></span> <span class='ocrx_word' id='word_1_342' title='bbox 896 1586 899 1590; x_wconf 37' lang='grc' dir='ltr'><strong><em>λ</em></strong></span> 
     </span>
    </p>
   </div>
   <div class='ocr_carea' id='block_1_47' title="bbox 95 1591 910 1637">
    <p class='ocr_par' dir='ltr' id='par_1_47' title="bbox 95 1591 910 1637">
     <span class='ocr_line' id='line_1_47' title="bbox 95 1591 910 1637; baseline 0.01 -15"><span class='ocrx_word' id='word_1_343' title='bbox 95 1597 216 1624; x_wconf 76' lang='grc' dir='ltr'>παλαιῶν</span> <span class='ocrx_word' id='word_1_344' title='bbox 236 1597 324 1633; x_wconf 74' lang='grc' dir='ltr'>ἔργων</span> <span class='ocrx_word' id='word_1_345' title='bbox 337 1600 436 1627; x_wconf 80' lang='grc' dir='ltr'>ἀὺτοῦ.</span> <span class='ocrx_word' id='word_1_346' title='bbox 451 1601 496 1627; x_wconf 82' lang='grc' dir='ltr'><strong>Διό</strong></span> <span class='ocrx_word' id='word_1_347' title='bbox 513 1610 607 1636; x_wconf 81' lang='grc' dir='ltr'><strong>φησιν·</strong></span> <span class='ocrx_word' id='word_1_348' title='bbox 633 1602 804 1637; x_wconf 82' lang='grc' dir='ltr'>Ἐμνήσθην</span> <span class='ocrx_word' id='word_1_349' title='bbox 819 1603 877 1630; x_wconf 86' lang='grc' dir='ltr'><strong>τῶν</strong></span> <span class='ocrx_word' id='word_1_350' title='bbox 890 1591 910 1619; x_wconf 80' lang='lat' dir='ltr'><strong>C</strong></span> 
     </span>
    </p>
   </div>
   <div class='ocr_carea' id='block_1_48' title="bbox 93 1642 874 1684">
    <p class='ocr_par' dir='ltr' id='par_1_48' title="bbox 93 1642 874 1684">
     <span class='ocr_line' id='line_1_48' title="bbox 93 1642 874 1684; baseline 0.013 -16"><span class='ocrx_word' id='word_1_351' title='bbox 93 1642 186 1677; x_wconf 71' lang='grc' dir='ltr'>ἔργων</span> <span class='ocrx_word' id='word_1_352' title='bbox 192 1644 302 1678; x_wconf 79' lang='grc' dir='ltr'>Κυρίου</span> <span class='ocrx_word' id='word_1_353' title='bbox 313 1645 371 1672; x_wconf 79' lang='grc' dir='ltr'><strong>ἀπὸ</strong></span> <span class='ocrx_word' id='word_1_354' title='bbox 382 1645 437 1680; x_wconf 75' lang='grc' dir='ltr'><strong>τῆς</strong></span> <span class='ocrx_word' id='word_1_355' title='bbox 446 1646 542 1681; x_wconf 82' lang='grc' dir='ltr'>ἀρχῆς</span> <span class='ocrx_word' id='word_1_356' title='bbox 551 1647 610 1674; x_wconf 88' lang='grc' dir='ltr'><strong>τῶν</strong></span> <span class='ocrx_word' id='word_1_357' title='bbox 620 1649 792 1684; x_wconf 81' lang='grc' dir='ltr'>θαυμασίων</span> <span class='ocrx_word' id='word_1_358' title='bbox 806 1658 874 1678; x_wconf 87' lang='grc' dir='ltr'><strong>σου.</strong></span> 
     </span>
    </p>
   </div>
   <div class='ocr_carea' id='block_1_49' title="bbox 93 1688 876 1728">
    <p class='ocr_par' dir='ltr' id='par_1_49' title="bbox 93 1688 876 1728">
     <span class='ocr_line' id='line_1_49' title="bbox 93 1688 876 1728; baseline 0.011 -14"><span class='ocrx_word' id='word_1_359' title='bbox 93 1688 146 1714; x_wconf 71' lang='grc' dir='ltr'><strong>Καὶ</strong></span> <span class='ocrx_word' id='word_1_360' title='bbox 170 1689 324 1723; x_wconf 79' lang='grc' dir='ltr'>μελετήσω</span> <span class='ocrx_word' id='word_1_361' title='bbox 349 1691 383 1717; x_wconf 84' lang='grc' dir='ltr'><strong>ὲν</strong></span> <span class='ocrx_word' id='word_1_362' title='bbox 403 1691 477 1719; x_wconf 79' lang='grc' dir='ltr'>πᾶσι</span> <span class='ocrx_word' id='word_1_363' title='bbox 490 1693 550 1726; x_wconf 81' lang='grc' dir='ltr'><strong>τοῖς</strong></span> <span class='ocrx_word' id='word_1_364' title='bbox 566 1693 663 1728; x_wconf 76' lang='grc' dir='ltr'>ἔργοις</span> <span class='ocrx_word' id='word_1_365' title='bbox 676 1703 733 1721; x_wconf 85' lang='grc' dir='ltr'><strong>σου</strong></span> <span class='ocrx_word' id='word_1_366' title='bbox 744 1715 752 1727; x_wconf 84' lang='lat'><strong>,</strong></span> <span class='ocrx_word' id='word_1_367' title='bbox 776 1696 824 1722; x_wconf 78' lang='grc' dir='ltr'>καὶ</span> <span class='ocrx_word' id='word_1_368' title='bbox 842 1697 876 1723; x_wconf 90' lang='grc' dir='ltr'><strong>ἐν</strong></span> 
     </span>
    </p>
   </div>
   <div class='ocr_carea' id='block_1_50' title="bbox 93 1733 876 1773">
    <p class='ocr_par' dir='ltr' id='par_1_50' title="bbox 93 1733 876 1773">
     <span class='ocr_line' id='line_1_50' title="bbox 93 1733 876 1773; baseline 0.011 -14"><span class='ocrx_word' id='word_1_369' title='bbox 93 1733 153 1765; x_wconf 72' lang='grc' dir='ltr'><em>τοῖς</em></span> <span class='ocrx_word' id='word_1_370' title='bbox 177 1734 391 1770; x_wconf 79' lang='grc' dir='ltr'>ἐπιτηδεύμασί</span> <span class='ocrx_word' id='word_1_371' title='bbox 414 1744 471 1763; x_wconf 84' lang='grc' dir='ltr'><strong>σου</strong></span> <span class='ocrx_word' id='word_1_372' title='bbox 494 1737 779 1773; x_wconf 46' lang='grc' dir='ltr'>ἀδολεσχήσωδᾼνθ*</span> <span class='ocrx_word' id='word_1_373' title='bbox 799 1737 836 1768; x_wconf 85' lang='grc' dir='ltr'>ὧν</span> <span class='ocrx_word' id='word_1_374' title='bbox 861 1742 876 1767; x_wconf 84' lang='grc' dir='ltr'>ὁ</span> 
     </span>
    </p>
   </div>
   <div class='ocr_carea' id='block_1_51' title="bbox 93 1779 876 1820">
    <p class='ocr_par' dir='ltr' id='par_1_51' title="bbox 93 1779 876 1820">
     <span class='ocr_line' id='line_1_51' title="bbox 93 1779 876 1820; baseline 0.01 -15"><span class='ocrx_word' id='word_1_375' title='bbox 93 1779 241 1815; x_wconf 81' lang='grc' dir='ltr'>Σύμμαχος</span> <span class='ocrx_word' id='word_1_376' title='bbox 265 1781 359 1808; x_wconf 80' lang='grc' dir='ltr'>τοῦτον</span> <span class='ocrx_word' id='word_1_377' title='bbox 383 1783 538 1818; x_wconf 81' lang='grc' dir='ltr'>ἡρμήνευσε</span> <span class='ocrx_word' id='word_1_378' title='bbox 560 1783 605 1810; x_wconf 74' lang='grc' dir='ltr'>τὸν</span> <span class='ocrx_word' id='word_1_379' title='bbox 627 1785 741 1820; x_wconf 77' lang='grc' dir='ltr'>τρόπον·</span> <span class='ocrx_word' id='word_1_380' title='bbox 770 1787 876 1820; x_wconf 79' lang='grc' dir='ltr'>Ἁνεμι-</span> 
     </span>
    </p>
   </div>
   <div class='ocr_carea' id='block_1_52' title="bbox 90 1826 875 1863">
    <p class='ocr_par' dir='ltr' id='par_1_52' title="bbox 90 1826 875 1863">
     <span class='ocr_line' id='line_1_52' title="bbox 90 1826 875 1863; baseline 0.009 -12"><span class='ocrx_word' id='word_1_381' title='bbox 90 1826 272 1860; x_wconf 80' lang='grc' dir='ltr'>μνησκόμην</span> <span class='ocrx_word' id='word_1_382' title='bbox 292 1826 344 1858; x_wconf 85' lang='grc' dir='ltr'><strong>τὰς</strong></span> <span class='ocrx_word' id='word_1_383' title='bbox 364 1829 514 1861; x_wconf 78' lang='grc' dir='ltr'>περινοίας</span> <span class='ocrx_word' id='word_1_384' title='bbox 527 1829 648 1863; x_wconf 86' lang='grc' dir='ltr'><strong>Κυρίου,</strong></span> <span class='ocrx_word' id='word_1_385' title='bbox 665 1830 824 1858; x_wconf 79' lang='grc' dir='ltr'>ἁναπολῶν</span> <span class='ocrx_word' id='word_1_386' title='bbox 839 1831 875 1858; x_wconf 85' lang='grc' dir='ltr'><strong>τὰ</strong></span> 
     </span>
    </p>
   </div>
   <div class='ocr_carea' id='block_1_53' title="bbox 93 1870 874 1911">
    <p class='ocr_par' dir='ltr' id='par_1_53' title="bbox 93 1870 874 1911">
     <span class='ocr_line' id='line_1_53' title="bbox 93 1870 874 1911; baseline 0.01 -15"><span class='ocrx_word' id='word_1_387' title='bbox 93 1870 199 1905; x_wconf 75' lang='grc' dir='ltr'>ἀρχαῖα</span> <span class='ocrx_word' id='word_1_388' title='bbox 212 1871 354 1905; x_wconf 81' lang='grc' dir='ltr'><strong>τεράστιά</strong></span> <span class='ocrx_word' id='word_1_389' title='bbox 374 1880 432 1900; x_wconf 90' lang='grc' dir='ltr'><strong>σου</strong></span> <span class='ocrx_word' id='word_1_390' title='bbox 451 1874 500 1900; x_wconf 77' lang='grc' dir='ltr'>καὶ</span> <span class='ocrx_word' id='word_1_391' title='bbox 521 1874 696 1910; x_wconf 81' lang='grc' dir='ltr'>διεμελέτων</span> <span class='ocrx_word' id='word_1_392' title='bbox 709 1876 809 1909; x_wconf 83' lang='grc' dir='ltr'>πάσας</span> <span class='ocrx_word' id='word_1_393' title='bbox 822 1878 874 1911; x_wconf 82' lang='grc' dir='ltr'><strong>τὰς</strong></span> 
     </span>
    </p>
   </div>
   <div class='ocr_carea' id='block_1_54' title="bbox 92 1916 872 1958">
    <p class='ocr_par' dir='ltr' id='par_1_54' title="bbox 92 1916 872 1958">
     <span class='ocr_line' id='line_1_54' title="bbox 92 1916 872 1958; baseline 0.012 -16"><span class='ocrx_word' id='word_1_394' title='bbox 92 1916 214 1952; x_wconf 78' lang='grc' dir='ltr'>πράξεις</span> <span class='ocrx_word' id='word_1_395' title='bbox 227 1926 295 1950; x_wconf 88' lang='grc' dir='ltr'>σου,</span> <span class='ocrx_word' id='word_1_396' title='bbox 310 1919 358 1945; x_wconf 75' lang='grc' dir='ltr'>καὶ</span> <span class='ocrx_word' id='word_1_397' title='bbox 367 1920 408 1953; x_wconf 65' lang='lat' dir='ltr'><strong>{rei</strong></span> <span class='ocrx_word' id='word_1_398' title='bbox 416 1921 614 1956; x_wconf 82' lang='grc' dir='ltr'>μηχανήματά</span> <span class='ocrx_word' id='word_1_399' title='bbox 627 1929 685 1950; x_wconf 88' lang='grc' dir='ltr'><strong>σου</strong></span> <span class='ocrx_word' id='word_1_400' title='bbox 699 1922 872 1958; x_wconf 77' lang='grc' dir='ltr'>διηγούμην,</span> 
     </span>
    </p>
   </div>
   <div class='ocr_carea' id='block_1_55' title="bbox 91 1962 873 2002">
    <p class='ocr_par' dir='ltr' id='par_1_55' title="bbox 91 1962 873 2002">
     <span class='ocr_line' id='line_1_55' title="bbox 91 1962 873 2002; baseline 0.01 -14"><span class='ocrx_word' id='word_1_401' title='bbox 91 1962 176 1989; x_wconf 74' lang='grc' dir='ltr'>ταῦτα.</span> <span class='ocrx_word' id='word_1_402' title='bbox 191 1963 332 1999; x_wconf 79' lang='grc' dir='ltr'><strong>ἀναφέρων</strong></span> <span class='ocrx_word' id='word_1_403' title='bbox 353 1966 384 1999; x_wconf 81' lang='grc' dir='ltr'>τῇ</span> <span class='ocrx_word' id='word_1_404' title='bbox 411 1965 633 2001; x_wconf 81' lang='grc' dir='ltr'>μνήμῃ.Ἕπειτα</span> <span class='ocrx_word' id='word_1_405' title='bbox 647 1967 694 1995; x_wconf 82' lang='grc' dir='ltr'><strong>νῦν</strong></span> <span class='ocrx_word' id='word_1_406' title='bbox 708 1969 823 2002; x_wconf 79' lang='grc' dir='ltr'>ἁκούων,</span> <span class='ocrx_word' id='word_1_407' title='bbox 836 1969 873 2001; x_wconf 83' lang='grc' dir='ltr'>ὡς</span> 
     </span>
    </p>
   </div>
   <div class='ocr_carea' id='block_1_56' title="bbox 91 2007 874 2047">
    <p class='ocr_par' dir='ltr' id='par_1_56' title="bbox 91 2007 874 2047">
     <span class='ocr_line' id='line_1_56' title="bbox 91 2007 874 2047; baseline 0.009 -14"><span class='ocrx_word' id='word_1_408' title='bbox 91 2008 133 2040; x_wconf 81' lang='grc' dir='ltr'>εις</span> <span class='ocrx_word' id='word_1_409' title='bbox 148 2007 236 2040; x_wconf 73' lang='grc' dir='ltr'>τέλος</span> <span class='ocrx_word' id='word_1_410' title='bbox 251 2008 370 2042; x_wconf 81' lang='grc' dir='ltr'><strong>ἀπώσω,</strong></span> <span class='ocrx_word' id='word_1_411' title='bbox 386 2010 434 2036; x_wconf 77' lang='grc' dir='ltr'><strong>καί</strong></span> <span class='ocrx_word' id='word_1_412' title='bbox 448 2010 576 2046; x_wconf 78' lang='grc' dir='ltr'><strong>ὠργίσθη</strong></span> <span class='ocrx_word' id='word_1_413' title='bbox 599 2013 615 2039; x_wconf 83' lang='grc' dir='ltr'><em>ὀ</em></span> <span class='ocrx_word' id='word_1_414' title='bbox 639 2012 731 2047; x_wconf 80' lang='grc' dir='ltr'>θυμός</span> <span class='ocrx_word' id='word_1_415' title='bbox 751 2021 809 2039; x_wconf 86' lang='grc' dir='ltr'><strong>σου</strong></span> <span class='ocrx_word' id='word_1_416' title='bbox 824 2013 874 2040; x_wconf 73' lang='grc' dir='ltr'><strong>ἐπὶ</strong></span> 
     </span>
    </p>
   </div>
   <div class='ocr_carea' id='block_1_57' title="bbox 92 2054 873 2094">
    <p class='ocr_par' dir='ltr' id='par_1_57' title="bbox 92 2054 873 2094">
     <span class='ocr_line' id='line_1_57' title="bbox 92 2054 873 2094; baseline 0.009 -15"><span class='ocrx_word' id='word_1_417' title='bbox 92 2054 222 2088; x_wconf 75' lang='grc' dir='ltr'>πρόὸατα</span> <span class='ocrx_word' id='word_1_418' title='bbox 237 2054 331 2089; x_wconf 84' lang='grc' dir='ltr'>νομῆς</span> <span class='ocrx_word' id='word_1_419' title='bbox 344 2063 413 2088; x_wconf 91' lang='grc' dir='ltr'>σου,</span> <span class='ocrx_word' id='word_1_420' title='bbox 431 2057 541 2089; x_wconf 77' lang='grc' dir='ltr'>εἰκότως</span> <span class='ocrx_word' id='word_1_421' title='bbox 554 2058 690 2094; x_wconf 69' lang='grc' dir='ltr'>ἐνενόησα,</span> <span class='ocrx_word' id='word_1_422' title='bbox 707 2060 746 2086; x_wconf 81' lang='grc' dir='ltr'>ὅτι</span> <span class='ocrx_word' id='word_1_423' title='bbox 760 2059 873 2086; x_wconf 86' lang='grc' dir='ltr'>ἀλλοίω-</span> 
     </span>
    </p>
   </div>
   <div class='ocr_carea' id='block_1_58' title="bbox 92 2099 873 2140">
    <p class='ocr_par' dir='ltr' id='par_1_58' title="bbox 92 2099 873 2140">
     <span class='ocr_line' id='line_1_58' title="bbox 92 2099 873 2140; baseline 0.009 -15"><span class='ocrx_word' id='word_1_424' title='bbox 92 2099 133 2130; x_wconf 85' lang='grc' dir='ltr'><strong>σίς</strong></span> <span class='ocrx_word' id='word_1_425' title='bbox 156 2100 214 2126; x_wconf 71' lang='grc' dir='ltr'>ἐστι</span> <span class='ocrx_word' id='word_1_426' title='bbox 236 2100 285 2135; x_wconf 82' lang='grc' dir='ltr'>τῆς</span> <span class='ocrx_word' id='word_1_427' title='bbox 308 2101 397 2133; x_wconf 81' lang='grc' dir='ltr'>δεξιᾶς</span> <span class='ocrx_word' id='word_1_428' title='bbox 421 2102 467 2128; x_wconf 84' lang='grc' dir='ltr'>τοῦ</span> <span class='ocrx_word' id='word_1_429' title='bbox 487 2103 622 2137; x_wconf 81' lang='grc' dir='ltr'>Ὑψίστου.</span> <span class='ocrx_word' id='word_1_430' title='bbox 643 2104 800 2140; x_wconf 78' lang='grc' dir='ltr'>Μεταϐολῆς</span> <span class='ocrx_word' id='word_1_431' title='bbox 819 2105 873 2140; x_wconf 82' lang='grc' dir='ltr'>γὰρ</span> 
     </span>
    </p>
   </div>
   <div class='ocr_carea' id='block_1_59' title="bbox 91 2144 871 2184">
    <p class='ocr_par' dir='ltr' id='par_1_59' title="bbox 91 2144 871 2184">
     <span class='ocr_line' id='line_1_59' title="bbox 91 2144 871 2184; baseline 0.008 -14"><span class='ocrx_word' id='word_1_432' title='bbox 91 2144 175 2170; x_wconf 81' lang='grc' dir='ltr'>ταῦτα</span> <span class='ocrx_word' id='word_1_433' title='bbox 202 2146 302 2180; x_wconf 83' lang='grc' dir='ltr'>σημεῖα</span> <span class='ocrx_word' id='word_1_434' title='bbox 327 2146 374 2173; x_wconf 77' lang='grc' dir='ltr'>καὶ</span> <span class='ocrx_word' id='word_1_435' title='bbox 399 2146 565 2179; x_wconf 85' lang='grc' dir='ltr'>ἀλλοιώσεως</span> <span class='ocrx_word' id='word_1_436' title='bbox 578 2149 627 2184; x_wconf 83' lang='grc' dir='ltr'>τῆς</span> <span class='ocrx_word' id='word_1_437' title='bbox 645 2148 727 2175; x_wconf 81' lang='grc' dir='ltr'>πάλαι</span> <span class='ocrx_word' id='word_1_438' title='bbox 742 2149 787 2175; x_wconf 85' lang='grc' dir='ltr'>τοῦ</span> <span class='ocrx_word' id='word_1_439' title='bbox 805 2148 871 2176; x_wconf 81' lang='grc' dir='ltr'>Θεοῦ</span> 
     </span>
    </p>
   </div>
   <div class='ocr_carea' id='block_1_60' title="bbox 91 2190 479 2227">
    <p class='ocr_par' dir='ltr' id='par_1_60' title="bbox 91 2190 479 2227">
     <span class='ocr_line' id='line_1_60' title="bbox 91 2190 479 2227; baseline 0.013 -12"><span class='ocrx_word' id='word_1_440' title='bbox 91 2190 153 2225; x_wconf 79' lang='grc' dir='ltr'>περὶ</span> <span class='ocrx_word' id='word_1_441' title='bbox 165 2190 211 2217; x_wconf 75' lang='grc' dir='ltr'>τὸν</span> <span class='ocrx_word' id='word_1_442' title='bbox 229 2190 291 2217; x_wconf 79' lang='grc' dir='ltr'>λαὸν</span> <span class='ocrx_word' id='word_1_443' title='bbox 309 2192 479 2227; x_wconf 79' lang='grc' dir='ltr'>κηδεμονίας.</span> 
     </span>
    </p>
   </div>
   <div class='ocr_carea' id='block_1_61' title="bbox 128 2235 873 2274">
    <p class='ocr_par' dir='ltr' id='par_1_61' title="bbox 128 2235 873 2274">
     <span class='ocr_line' id='line_1_61' title="bbox 128 2235 873 2274; baseline 0.008 -13"><span class='ocrx_word' id='word_1_444' title='bbox 128 2235 155 2261; x_wconf 91' lang='lat'><strong>&#39;0</strong></span> <span class='ocrx_word' id='word_1_445' title='bbox 171 2236 254 2269; x_wconf 84' lang='grc' dir='ltr'>Θεὸς,</span> <span class='ocrx_word' id='word_1_446' title='bbox 271 2236 305 2263; x_wconf 85' lang='grc' dir='ltr'><strong>ὲν</strong></span> <span class='ocrx_word' id='word_1_447' title='bbox 319 2236 358 2270; x_wconf 82' lang='grc' dir='ltr'><strong>τῷ</strong></span> <span class='ocrx_word' id='word_1_448' title='bbox 372 2239 444 2273; x_wconf 82' lang='grc' dir='ltr'>ἀγ-ίῳ</span> <span class='ocrx_word' id='word_1_449' title='bbox 457 2239 475 2273; x_wconf 76' lang='grc' dir='ltr'>ἡ</span> <span class='ocrx_word' id='word_1_450' title='bbox 490 2239 558 2272; x_wconf 80' lang='grc' dir='ltr'><strong>ὁδὸς</strong></span> <span class='ocrx_word' id='word_1_451' title='bbox 567 2239 661 2266; x_wconf 78' lang='grc' dir='ltr'><strong>αὐτοῦ</strong></span> <span class='ocrx_word' id='word_1_452' title='bbox 672 2247 681 2256; x_wconf 88' lang='grc'><strong>·</strong></span> <span class='ocrx_word' id='word_1_453' title='bbox 694 2239 739 2273; x_wconf 84' lang='grc' dir='ltr'>τίς</span> <span class='ocrx_word' id='word_1_454' title='bbox 746 2240 813 2273; x_wconf 82' lang='grc' dir='ltr'>θεὸς</span> <span class='ocrx_word' id='word_1_455' title='bbox 823 2240 873 2274; x_wconf 77' lang='grc' dir='ltr'><strong>μέ-</strong></span> 
     </span>
    </p>
   </div>
   <div class='ocr_carea' id='block_1_62' title="bbox 90 2281 872 2317">
    <p class='ocr_par' dir='ltr' id='par_1_62' title="bbox 90 2281 872 2317">
     <span class='ocr_line' id='line_1_62' title="bbox 90 2281 872 2317; baseline 0.008 -11"><span class='ocrx_word' id='word_1_456' title='bbox 90 2289 143 2315; x_wconf 83' lang='grc' dir='ltr'><strong>γας</strong></span> <span class='ocrx_word' id='word_1_457' title='bbox 153 2281 194 2314; x_wconf 90' lang='grc' dir='ltr'>ὠς</span> <span class='ocrx_word' id='word_1_458' title='bbox 205 2282 222 2307; x_wconf 84' lang='grc' dir='ltr'><strong>ό</strong></span> <span class='ocrx_word' id='word_1_459' title='bbox 238 2281 311 2314; x_wconf 86' lang='grc' dir='ltr'>Θεὸς</span> <span class='ocrx_word' id='word_1_460' title='bbox 323 2281 407 2316; x_wconf 77' lang='grc' dir='ltr'>ἡμῶν</span> <span class='ocrx_word' id='word_1_461' title='bbox 415 2291 425 2315; x_wconf 87' lang='grc'><em>;</em></span> <span class='ocrx_word' id='word_1_462' title='bbox 437 2283 478 2310; x_wconf 89' lang='grc' dir='ltr'><strong>Σὺ</strong></span> <span class='ocrx_word' id='word_1_463' title='bbox 491 2281 519 2310; x_wconf 82' lang='lat' dir='ltr'><strong>el</strong></span> <span class='ocrx_word' id='word_1_464' title='bbox 530 2285 546 2310; x_wconf 85' lang='grc' dir='ltr'><strong>ό</strong></span> <span class='ocrx_word' id='word_1_465' title='bbox 561 2284 632 2317; x_wconf 82' lang='grc' dir='ltr'>Θεὸς</span> <span class='ocrx_word' id='word_1_466' title='bbox 647 2286 663 2311; x_wconf 86' lang='lat' dir='ltr'><strong>d</strong></span> <span class='ocrx_word' id='word_1_467' title='bbox 686 2283 779 2313; x_wconf 77' lang='grc' dir='ltr'>ποιῶν</span> <span class='ocrx_word' id='word_1_468' title='bbox 802 2286 872 2312; x_wconf 80' lang='grc' dir='ltr'>θαυ-</span> 
     </span>
    </p>
   </div>
   <div class='ocr_carea' id='block_1_63' title="bbox 87 2326 874 2365">
    <p class='ocr_par' dir='ltr' id='par_1_63' title="bbox 87 2326 874 2365">
     <span class='ocr_line' id='line_1_63' title="bbox 87 2326 874 2365; baseline 0.006 -13"><span class='ocrx_word' id='word_1_469' title='bbox 87 2326 193 2360; x_wconf 80' lang='grc' dir='ltr'>μάσια.</span> <span class='ocrx_word' id='word_1_470' title='bbox 206 2326 262 2362; x_wconf 80' lang='grc' dir='ltr'><strong>Τὴν</strong></span> <span class='ocrx_word' id='word_1_471' title='bbox 276 2327 417 2354; x_wconf 81' lang='grc' dir='ltr'>ἀλλοίωσιν</span> <span class='ocrx_word' id='word_1_472' title='bbox 434 2329 484 2364; x_wconf 79' lang='grc' dir='ltr'><strong>τῆς</strong></span> <span class='ocrx_word' id='word_1_473' title='bbox 505 2328 593 2361; x_wconf 81' lang='grc' dir='ltr'>δεξιᾶς</span> <span class='ocrx_word' id='word_1_474' title='bbox 606 2329 652 2356; x_wconf 78' lang='grc' dir='ltr'>τοῦ</span> <span class='ocrx_word' id='word_1_475' title='bbox 671 2329 796 2365; x_wconf 75' lang='grc' dir='ltr'>Ὑψίστου</span> <span class='ocrx_word' id='word_1_476' title='bbox 811 2339 874 2357; x_wconf 89' lang='grc' dir='ltr'><strong>συν-</strong></span> 
     </span>
    </p>
   </div>
   <div class='ocr_carea' id='block_1_64' title="bbox 91 2369 873 2409">
    <p class='ocr_par' dir='ltr' id='par_1_64' title="bbox 91 2369 873 2409">
     <span class='ocr_line' id='line_1_64' title="bbox 91 2369 873 2409; baseline 0.006 -13"><span class='ocrx_word' id='word_1_477' title='bbox 91 2369 152 2397; x_wconf 79' lang='grc' dir='ltr'><strong>ιδὼν</strong></span> <span class='ocrx_word' id='word_1_478' title='bbox 167 2371 246 2397; x_wconf 83' lang='grc' dir='ltr'>ὁποῖα</span> <span class='ocrx_word' id='word_1_479' title='bbox 262 2370 408 2407; x_wconf 71' lang='grc' dir='ltr'>εἰργάσατο</span> <span class='ocrx_word' id='word_1_480' title='bbox 418 2378 425 2384; x_wconf 93' lang='grc'>·</span> <span class='ocrx_word' id='word_1_481' title='bbox 442 2373 501 2399; x_wconf 67' lang='grc' dir='ltr'>ἀντὶ</span> <span class='ocrx_word' id='word_1_482' title='bbox 518 2373 572 2409; x_wconf 86' lang='grc' dir='ltr'>γὰρ</span> <span class='ocrx_word' id='word_1_483' title='bbox 587 2373 646 2405; x_wconf 79' lang='grc' dir='ltr'>ἑνὸς</span> <span class='ocrx_word' id='word_1_484' title='bbox 661 2373 752 2406; x_wconf 76' lang='grc' dir='ltr'>ἔθνους</span> <span class='ocrx_word' id='word_1_485' title='bbox 766 2374 873 2402; x_wconf 82' lang='grc' dir='ltr'>πάντων</span> 
     </span>
    </p>
   </div>
   <div class='ocr_carea' id='block_1_65' title="bbox 90 2416 873 2455">
    <p class='ocr_par' dir='ltr' id='par_1_65' title="bbox 90 2416 873 2455">
     <span class='ocr_line' id='line_1_65' title="bbox 90 2416 873 2455; baseline 0.006 -13"><span class='ocrx_word' id='word_1_486' title='bbox 90 2416 143 2443; x_wconf 81' lang='grc' dir='ltr'>τῶν</span> <span class='ocrx_word' id='word_1_487' title='bbox 157 2416 241 2443; x_wconf 85' lang='grc' dir='ltr'>ὲθνῶν</span> <span class='ocrx_word' id='word_1_488' title='bbox 261 2417 420 2453; x_wconf 83' lang='grc' dir='ltr'>εὐεργετικὴ</span> <span class='ocrx_word' id='word_1_489' title='bbox 439 2418 556 2454; x_wconf 80' lang='grc' dir='ltr'>κατέστη</span> <span class='ocrx_word' id='word_1_490' title='bbox 568 2428 576 2434; x_wconf 91' lang='grc'><strong>·</strong></span> <span class='ocrx_word' id='word_1_491' title='bbox 593 2419 683 2446; x_wconf 84' lang='grc' dir='ltr'>οὐκέτι</span> <span class='ocrx_word' id='word_1_492' title='bbox 696 2419 749 2455; x_wconf 79' lang='grc' dir='ltr'>γὰρ</span> <span class='ocrx_word' id='word_1_493' title='bbox 762 2421 800 2447; x_wconf 79' lang='grc' dir='ltr'>ἑνὶ</span> <span class='ocrx_word' id='word_1_494' title='bbox 816 2420 873 2455; x_wconf 87' lang='grc' dir='ltr'>λαῷ</span> 
     </span>
    </p>
   </div>
   <div class='ocr_carea' id='block_1_66' title="bbox 89 2460 873 2496">
    <p class='ocr_par' dir='ltr' id='par_1_66' title="bbox 89 2460 873 2496">
     <span class='ocr_line' id='line_1_66' title="bbox 89 2460 873 2496; baseline 0.008 -11"><span class='ocrx_word' id='word_1_495' title='bbox 89 2460 138 2496; x_wconf 79' lang='grc' dir='ltr'>τὴν</span> <span class='ocrx_word' id='word_1_496' title='bbox 151 2460 266 2496; x_wconf 80' lang='grc' dir='ltr'>δύναμιν</span> <span class='ocrx_word' id='word_1_497' title='bbox 277 2462 370 2494; x_wconf 81' lang='grc' dir='ltr'>αὑτοῦ,</span> <span class='ocrx_word' id='word_1_498' title='bbox 384 2462 451 2489; x_wconf 82' lang='grc' dir='ltr'>ἀλλὰ</span> <span class='ocrx_word' id='word_1_499' title='bbox 462 2464 509 2489; x_wconf 79' lang='grc' dir='ltr'>καὶ</span> <span class='ocrx_word' id='word_1_500' title='bbox 524 2465 589 2490; x_wconf 80' lang='grc' dir='ltr'>πᾶσι</span> <span class='ocrx_word' id='word_1_501' title='bbox 599 2465 655 2496; x_wconf 84' lang='grc' dir='ltr'>τοῖς</span> <span class='ocrx_word' id='word_1_502' title='bbox 664 2464 751 2491; x_wconf 78' lang='grc' dir='ltr'>ἔθνεσι</span> <span class='ocrx_word' id='word_1_503' title='bbox 764 2465 810 2491; x_wconf 83' lang='grc' dir='ltr'>καὶ</span> <span class='ocrx_word' id='word_1_504' title='bbox 821 2467 873 2492; x_wconf 82' lang='grc' dir='ltr'><strong>πᾶ-</strong></span> 
     </span>
    </p>
   </div>
   <div class='ocr_carea' id='block_1_67' title="bbox 89 2506 871 2545">
    <p class='ocr_par' dir='ltr' id='par_1_67' title="bbox 89 2506 871 2545">
     <span class='ocr_line' id='line_1_67' title="bbox 89 2506 871 2545; baseline 0.008 -14"><span class='ocrx_word' id='word_1_505' title='bbox 89 2513 116 2532; x_wconf 84' lang='grc' dir='ltr'>σι</span> <span class='ocrx_word' id='word_1_506' title='bbox 134 2507 190 2537; x_wconf 86' lang='grc' dir='ltr'>τοῖς</span> <span class='ocrx_word' id='word_1_507' title='bbox 205 2506 278 2538; x_wconf 84' lang='grc' dir='ltr'>λαοῖς</span> <span class='ocrx_word' id='word_1_508' title='bbox 301 2506 446 2543; x_wconf 77' lang='grc' dir='ltr'>ἐγνώρισε·</span> <span class='ocrx_word' id='word_1_509' title='bbox 472 2509 566 2544; x_wconf 79' lang='grc' dir='ltr'>διόπερ</span> <span class='ocrx_word' id='word_1_510' title='bbox 585 2509 799 2545; x_wconf 76' lang='grc' dir='ltr'>ἐκπληττόμενος</span> <span class='ocrx_word' id='word_1_511' title='bbox 824 2509 871 2536; x_wconf 72' lang='grc' dir='ltr'>καὶ</span> 
     </span>
    </p>
   </div>
   <div class='ocr_carea' id='block_1_68' title="bbox 87 2551 870 2590">
    <p class='ocr_par' dir='ltr' id='par_1_68' title="bbox 87 2551 870 2590">
     <span class='ocr_line' id='line_1_68' title="bbox 87 2551 870 2590; baseline 0.008 -13"><span class='ocrx_word' id='word_1_512' title='bbox 87 2551 298 2586; x_wconf 71' lang='grc' dir='ltr'>ἀποθαυμάζων,</span> <span class='ocrx_word' id='word_1_513' title='bbox 310 2553 380 2588; x_wconf 76' lang='grc' dir='ltr'>φημί</span> <span class='ocrx_word' id='word_1_514' title='bbox 388 2562 395 2569; x_wconf 91' lang='grc'><strong>·</strong></span> <span class='ocrx_word' id='word_1_515' title='bbox 413 2555 429 2581; x_wconf 79' lang='grc' dir='ltr'><em>ὁ</em></span> <span class='ocrx_word' id='word_1_516' title='bbox 453 2554 533 2587; x_wconf 80' lang='grc' dir='ltr'>Θεὸς,</span> <span class='ocrx_word' id='word_1_517' title='bbox 549 2555 583 2581; x_wconf 86' lang='grc' dir='ltr'><strong>ἐν</strong></span> <span class='ocrx_word' id='word_1_518' title='bbox 605 2555 645 2588; x_wconf 84' lang='grc' dir='ltr'><strong><em>τῷ</em></strong></span> <span class='ocrx_word' id='word_1_519' title='bbox 667 2556 738 2590; x_wconf 78' lang='grc' dir='ltr'>ἁγίῳ</span> <span class='ocrx_word' id='word_1_520' title='bbox 758 2555 777 2589; x_wconf 79' lang='grc' dir='ltr'>ἡ</span> <span class='ocrx_word' id='word_1_521' title='bbox 801 2555 870 2588; x_wconf 80' lang='grc' dir='ltr'>ὁδός</span> 
     </span>
    </p>
   </div>
   <div class='ocr_carea' id='block_1_69' title="bbox 88 2598 870 2637">
    <p class='ocr_par' dir='ltr' id='par_1_69' title="bbox 88 2598 870 2637">
     <span class='ocr_line' id='line_1_69' title="bbox 88 2598 870 2637; baseline 0.008 -14"><span class='ocrx_word' id='word_1_522' title='bbox 88 2605 145 2624; x_wconf 87' lang='grc' dir='ltr'><strong>σου</strong></span> <span class='ocrx_word' id='word_1_523' title='bbox 159 2606 165 2612; x_wconf 93' lang='grc'><strong>·</strong></span> <span class='ocrx_word' id='word_1_524' title='bbox 179 2598 306 2624; x_wconf 77' lang='grc' dir='ltr'>ἐπέκεινα</span> <span class='ocrx_word' id='word_1_525' title='bbox 319 2599 373 2634; x_wconf 80' lang='grc' dir='ltr'>γὰρ</span> <span class='ocrx_word' id='word_1_526' title='bbox 391 2600 448 2626; x_wconf 73' lang='grc' dir='ltr'>ἐστι</span> <span class='ocrx_word' id='word_1_527' title='bbox 465 2601 514 2635; x_wconf 85' lang='grc' dir='ltr'>τῆς</span> <span class='ocrx_word' id='word_1_528' title='bbox 527 2600 625 2636; x_wconf 84' lang='grc' dir='ltr'>θνητῆς</span> <span class='ocrx_word' id='word_1_529' title='bbox 641 2601 772 2637; x_wconf 83' lang='grc' dir='ltr'>φύσεωςή</span> <span class='ocrx_word' id='word_1_530' title='bbox 787 2602 870 2629; x_wconf 84' lang='grc' dir='ltr'>κατά-</span> 
     </span>
    </p>
   </div>
   <div class='ocr_carea' id='block_1_70' title="bbox 86 2642 867 2682">
    <p class='ocr_par' dir='ltr' id='par_1_70' title="bbox 86 2642 867 2682">
     <span class='ocr_line' id='line_1_70' title="bbox 86 2642 867 2682; baseline 0.009 -13"><span class='ocrx_word' id='word_1_531' title='bbox 86 2642 167 2678; x_wconf 66' lang='grc' dir='ltr'>ληψις</span> <span class='ocrx_word' id='word_1_532' title='bbox 183 2643 234 2678; x_wconf 77' lang='grc' dir='ltr'>τῆς</span> <span class='ocrx_word' id='word_1_533' title='bbox 252 2644 311 2671; x_wconf 82' lang='grc' dir='ltr'><strong>ὀδοῦ</strong></span> <span class='ocrx_word' id='word_1_534' title='bbox 333 2653 394 2671; x_wconf 87' lang='grc' dir='ltr'><strong>σου·</strong></span> <span class='ocrx_word' id='word_1_535' title='bbox 410 2646 473 2673; x_wconf 83' lang='grc' dir='ltr'>ὥστ’</span> <span class='ocrx_word' id='word_1_536' title='bbox 490 2647 523 2674; x_wconf 82' lang='grc' dir='ltr'>ἂν</span> <span class='ocrx_word' id='word_1_537' title='bbox 537 2647 654 2681; x_wconf 81' lang='grc' dir='ltr'>εὐλόγως</span> <span class='ocrx_word' id='word_1_538' title='bbox 670 2648 752 2682; x_wconf 81' lang='grc' dir='ltr'>φάναι</span> <span class='ocrx_word' id='word_1_539' title='bbox 775 2649 819 2675; x_wconf 88' lang='grc' dir='ltr'>τό·</span> <span class='ocrx_word' id='word_1_540' title='bbox 837 2650 867 2676; x_wconf 74' lang='grc' dir='ltr'><strong><em>Ὠ</em></strong></span> 
     </span>
    </p>
   </div>
   <div class='ocr_carea' id='block_1_71' title="bbox 84 2688 868 2729">
    <p class='ocr_par' dir='ltr' id='par_1_71' title="bbox 84 2688 868 2729">
     <span class='ocr_line' id='line_1_71' title="bbox 84 2688 868 2729; baseline 0.01 -15"><span class='ocrx_word' id='word_1_541' title='bbox 84 2688 180 2721; x_wconf 72' lang='grc' dir='ltr'>βάθος</span> <span class='ocrx_word' id='word_1_542' title='bbox 196 2691 328 2718; x_wconf 82' lang='grc' dir='ltr'><em>πλούτου</em></span> <span class='ocrx_word' id='word_1_543' title='bbox 342 2692 391 2718; x_wconf 75' lang='grc' dir='ltr'>καὶ</span> <span class='ocrx_word' id='word_1_544' title='bbox 405 2693 514 2726; x_wconf 67' lang='grc' dir='ltr'>σοφίας</span> <span class='ocrx_word' id='word_1_545' title='bbox 525 2694 572 2720; x_wconf 79' lang='grc' dir='ltr'>καὶ</span> <span class='ocrx_word' id='word_1_546' title='bbox 585 2694 722 2728; x_wconf 69' lang='grc' dir='ltr'>γνώσεως</span> <span class='ocrx_word' id='word_1_547' title='bbox 736 2695 819 2728; x_wconf 83' lang='grc' dir='ltr'>Θεοῦ,</span> <span class='ocrx_word' id='word_1_548' title='bbox 828 2696 868 2729; x_wconf 86' lang='grc' dir='ltr'>ὡς</span> 
     </span>
    </p>
   </div>
   <div class='ocr_carea' id='block_1_72' title="bbox 86 2731 869 2774">
    <p class='ocr_par' dir='ltr' id='par_1_72' title="bbox 86 2731 869 2774">
     <span class='ocr_line' id='line_1_72' title="bbox 86 2731 869 2774; baseline 0.011 -16"><span class='ocrx_word' id='word_1_549' title='bbox 86 2731 305 2767; x_wconf 78' lang='grc' dir='ltr'>ἁνεξερεύνητα</span> <span class='ocrx_word' id='word_1_550' title='bbox 318 2735 354 2762; x_wconf 82' lang='grc' dir='ltr'>τὰ</span> <span class='ocrx_word' id='word_1_551' title='bbox 369 2737 494 2772; x_wconf 82' lang='grc' dir='ltr'>κρίματα</span> <span class='ocrx_word' id='word_1_552' title='bbox 513 2738 616 2771; x_wconf 79' lang='grc' dir='ltr'><strong>αὑτοῦ,</strong></span> <span class='ocrx_word' id='word_1_553' title='bbox 634 2739 682 2766; x_wconf 74' lang='grc' dir='ltr'>καὶ</span> <span class='ocrx_word' id='word_1_554' title='bbox 698 2740 869 2774; x_wconf 76' lang='grc' dir='ltr'>ἀνεξιχνία-</span> 
     </span>
    </p>
   </div>
   <div class='ocr_carea' id='block_1_73' title="bbox 86 2779 869 2821">
    <p class='ocr_par' dir='ltr' id='par_1_73' title="bbox 86 2779 869 2821">
     <span class='ocr_line' id='line_1_73' title="bbox 86 2779 869 2821; baseline 0.011 -17"><span class='ocrx_word' id='word_1_555' title='bbox 86 2782 153 2805; x_wconf 77' lang='grc' dir='ltr'><em>στοι</em></span> <span class='ocrx_word' id='word_1_556' title='bbox 169 2781 199 2806; x_wconf 76' lang='grc' dir='ltr'>αἱ</span> <span class='ocrx_word' id='word_1_557' title='bbox 217 2779 279 2808; x_wconf 79' lang='grc' dir='ltr'><em>ὁδοὶ</em></span> <span class='ocrx_word' id='word_1_558' title='bbox 300 2781 402 2809; x_wconf 79' lang='grc' dir='ltr'><strong>αὑτοῦ.</strong></span> <span class='ocrx_word' id='word_1_559' title='bbox 420 2783 515 2810; x_wconf 84' lang='grc' dir='ltr'><strong>οὐκὲτ’</strong></span> <span class='ocrx_word' id='word_1_560' title='bbox 528 2781 573 2811; x_wconf 72' lang='grc' dir='ltr'><strong>οὖν</strong></span> <span class='ocrx_word' id='word_1_561' title='bbox 588 2785 719 2821; x_wconf 84' lang='grc' dir='ltr'>προσήκει</span> <span class='ocrx_word' id='word_1_562' title='bbox 731 2785 869 2821; x_wconf 78' lang='grc' dir='ltr'>πολυπρα-</span> 
     </span>
    </p>
   </div>
   <div class='ocr_carea' id='block_1_74' title="bbox 133 2857 910 2902">
    <p class='ocr_par' dir='ltr' id='par_1_74' title="bbox 133 2857 910 2902">
     <span class='ocr_line' id='line_1_74' title="bbox 133 2857 910 2902; baseline 0.006 -17"><span class='ocrx_word' id='word_1_563' title='bbox 133 2858 155 2873; x_wconf 83' lang='grc'><strong>¹⁰</strong></span> <span class='ocrx_word' id='word_1_564' title='bbox 175 2857 254 2886; x_wconf 80' lang='lat' dir='ltr'><strong>Rom.</strong></span> <span class='ocrx_word' id='word_1_565' title='bbox 273 2866 317 2892; x_wconf 79' lang='lat' dir='ltr'><strong>xl,</strong></span> <span class='ocrx_word' id='word_1_566' title='bbox 333 2860 394 2902; x_wconf 78' lang='lat'><strong>55._</strong></span> <span class='ocrx_word' id='word_1_567' title='bbox 416 2861 436 2876; x_wconf 83' lang='lat'><strong>&quot;</strong></span> <span class='ocrx_word' id='word_1_568' title='bbox 458 2860 529 2889; x_wconf 83' lang='lat' dir='ltr'><strong>Psal.</strong></span> <span class='ocrx_word' id='word_1_569' title='bbox 548 2869 644 2895; x_wconf 77' lang='lat' dir='ltr'><strong>tum,</strong></span> <span class='ocrx_word' id='word_1_570' title='bbox 664 2863 689 2890; x_wconf 84' lang='lat' dir='ltr'><strong>i.</strong></span> <span class='ocrx_word' id='word_1_571' title='bbox 727 2863 749 2879; x_wconf 82' lang='grc'><strong>⁸¹</strong></span> <span class='ocrx_word' id='word_1_572' title='bbox 770 2862 848 2891; x_wconf 81' lang='lat' dir='ltr'><strong>Rom.</strong></span> <span class='ocrx_word' id='word_1_573' title='bbox 865 2871 910 2895; x_wconf 76' lang='lat' dir='ltr'><strong>xr,</strong></span> 
     </span>
    </p>
   </div>
   <div class='ocr_carea' id='block_1_75' title="bbox 888 2261 910 2288">
    <p class='ocr_par' dir='ltr' id='par_1_75' title="bbox 888 2261 910 2288">
     <span class='ocr_line' id='line_1_75' title="bbox 888 2261 910 2288; baseline 0 0"><span class='ocrx_word' id='word_1_574' title='bbox 888 2261 910 2288; x_wconf 91' lang='lat' dir='ltr'><strong>D</strong></span> 
     </span>
    </p>
   </div>
   <div class='ocr_carea' id='block_1_76' title="bbox 933 960 1713 994">
    <p class='ocr_par' dir='ltr' id='par_1_76' title="bbox 933 960 1713 994">
     <span class='ocr_line' id='line_1_76' title="bbox 933 960 1713 994; baseline 0 -7"><span class='ocrx_word' id='word_1_575' title='bbox 933 960 995 988; x_wconf 86' lang='lat' dir='ltr'><strong>bius</strong></span> <span class='ocrx_word' id='word_1_576' title='bbox 1015 961 1098 988; x_wconf 90' lang='lat' dir='ltr'><strong>animi</strong></span> <span class='ocrx_word' id='word_1_577' title='bbox 1123 968 1209 993; x_wconf 88' lang='lat' dir='ltr'><strong>eram,</strong></span> <span class='ocrx_word' id='word_1_578' title='bbox 1229 965 1275 988; x_wconf 88' lang='lat' dir='ltr'><strong>aut</strong></span> <span class='ocrx_word' id='word_1_579' title='bbox 1301 961 1495 993; x_wconf 85' lang='lat' dir='ltr'><strong>inﬁrmitatem,</strong></span> <span class='ocrx_word' id='word_1_580' title='bbox 1519 963 1565 986; x_wconf 85' lang='lat' dir='ltr'><strong>aut</strong></span> <span class='ocrx_word' id='word_1_581' title='bbox 1592 960 1713 994; x_wconf 75' lang='lat' dir='ltr'><strong>dolores,</strong></span> 
     </span>
    </p>
   </div>
   <div class='ocr_carea' id='block_1_77' title="bbox 933 1005 1714 1034">
    <p class='ocr_par' dir='ltr' id='par_1_77' title="bbox 933 1005 1714 1034">
     <span class='ocr_line' id='line_1_77' title="bbox 933 1005 1714 1034; baseline -0.003 -1"><span class='ocrx_word' id='word_1_582' title='bbox 933 1010 979 1033; x_wconf 89' lang='lat' dir='ltr'><strong>aut</strong></span> <span class='ocrx_word' id='word_1_583' title='bbox 997 1007 1109 1034; x_wconf 86' lang='lat' dir='ltr'><strong>vulnera</strong></span> <span class='ocrx_word' id='word_1_584' title='bbox 1132 1014 1191 1034; x_wconf 88' lang='lat' dir='ltr'><strong>mea</strong></span> <span class='ocrx_word' id='word_1_585' title='bbox 1212 1014 1281 1034; x_wconf 81' lang='lat' dir='ltr'><strong>csse.</strong></span> <span class='ocrx_word' id='word_1_586' title='bbox 1299 1006 1365 1034; x_wconf 80' lang='lat' dir='ltr'><strong>Nam</strong></span> <span class='ocrx_word' id='word_1_587' title='bbox 1389 1014 1423 1034; x_wconf 82' lang='lat' dir='ltr'><strong>ex</strong></span> <span class='ocrx_word' id='word_1_588' title='bbox 1445 1006 1541 1033; x_wconf 78' lang='lat' dir='ltr'><strong>animae</strong></span> <span class='ocrx_word' id='word_1_589' title='bbox 1556 1005 1714 1032; x_wconf 83' lang='lat' dir='ltr'><strong>inﬁrmitate</strong></span> 
     </span>
    </p>
   </div>
   <div class='ocr_carea' id='block_1_78' title="bbox 933 1050 1712 1087">
    <p class='ocr_par' dir='ltr' id='par_1_78' title="bbox 933 1050 1712 1087">
     <span class='ocr_line' id='line_1_78' title="bbox 933 1050 1712 1087; baseline -0.001 -9"><span class='ocrx_word' id='word_1_590' title='bbox 933 1052 1000 1079; x_wconf 84' lang='lat' dir='ltr'><strong>tales</strong></span> <span class='ocrx_word' id='word_1_591' title='bbox 1012 1060 1153 1080; x_wconf 83' lang='lat' dir='ltr'><strong>sermones</strong></span> <span class='ocrx_word' id='word_1_592' title='bbox 1169 1053 1279 1087; x_wconf 86' lang='lat' dir='ltr'><strong>protuli,</strong></span> <span class='ocrx_word' id='word_1_593' title='bbox 1295 1060 1401 1080; x_wconf 89' lang='lat' dir='ltr'><strong>necnon</strong></span> <span class='ocrx_word' id='word_1_594' title='bbox 1417 1060 1450 1079; x_wconf 83' lang='lat' dir='ltr'><strong>ex</strong></span> <span class='ocrx_word' id='word_1_595' title='bbox 1464 1051 1573 1079; x_wconf 84' lang='lat' dir='ltr'><strong>vulnere</strong></span> <span class='ocrx_word' id='word_1_596' title='bbox 1593 1050 1689 1078; x_wconf 65' lang='lat' dir='ltr'><strong>anima</strong></span> <span class='ocrx_word' id='word_1_597' title='bbox 1702 1059 1712 1078; x_wconf 89' lang='lat'><strong>:</strong></span> 
     </span>
    </p>
   </div>
   <div class='ocr_carea' id='block_1_79' title="bbox 931 1096 1713 1133">
    <p class='ocr_par' dir='ltr' id='par_1_79' title="bbox 931 1096 1713 1133">
     <span class='ocr_line' id='line_1_79' title="bbox 931 1096 1713 1133; baseline -0.004 -7"><span class='ocrx_word' id='word_1_598' title='bbox 931 1099 1090 1126; x_wconf 79' lang='lat' dir='ltr'><strong>vulneratus</strong></span> <span class='ocrx_word' id='word_1_599' title='bbox 1105 1106 1200 1133; x_wconf 85' lang='lat' dir='ltr'><strong>nempe</strong></span> <span class='ocrx_word' id='word_1_600' title='bbox 1216 1103 1242 1126; x_wconf 88' lang='lat' dir='ltr'><strong>et</strong></span> <span class='ocrx_word' id='word_1_601' title='bbox 1257 1098 1350 1126; x_wconf 91' lang='lat' dir='ltr'><strong>dolore</strong></span> <span class='ocrx_word' id='word_1_602' title='bbox 1365 1098 1477 1126; x_wconf 75' lang='lat' dir='ltr'><strong>allectus</strong></span> <span class='ocrx_word' id='word_1_603' title='bbox 1492 1105 1551 1125; x_wconf 91' lang='lat' dir='ltr'><strong>sum</strong></span> <span class='ocrx_word' id='word_1_604' title='bbox 1567 1096 1645 1132; x_wconf 86' lang='lat' dir='ltr'><strong>quasi</strong></span> <span class='ocrx_word' id='word_1_605' title='bbox 1660 1103 1713 1131; x_wconf 88' lang='lat' dir='ltr'><strong>pro</strong></span> 
     </span>
    </p>
   </div>
   <div class='ocr_carea' id='block_1_80' title="bbox 931 1142 1712 1179">
    <p class='ocr_par' dir='ltr' id='par_1_80' title="bbox 931 1142 1712 1179">
     <span class='ocr_line' id='line_1_80' title="bbox 931 1142 1712 1179; baseline -0.005 -7"><span class='ocrx_word' id='word_1_606' title='bbox 931 1144 1060 1172; x_wconf 89' lang='lat' dir='ltr'><strong>membris</strong></span> <span class='ocrx_word' id='word_1_607' title='bbox 1083 1144 1165 1177; x_wconf 84' lang='lat' dir='ltr'><strong>meis;</strong></span> <span class='ocrx_word' id='word_1_608' title='bbox 1186 1152 1281 1171; x_wconf 89' lang='lat' dir='ltr'><strong>verum</strong></span> <span class='ocrx_word' id='word_1_609' title='bbox 1305 1144 1385 1172; x_wconf 89' lang='lat' dir='ltr'><strong>etiam</strong></span> <span class='ocrx_word' id='word_1_610' title='bbox 1412 1143 1490 1179; x_wconf 85' lang='lat' dir='ltr'><strong>quasi</strong></span> <span class='ocrx_word' id='word_1_611' title='bbox 1508 1142 1600 1170; x_wconf 89' lang='lat' dir='ltr'><strong>dolore</strong></span> <span class='ocrx_word' id='word_1_612' title='bbox 1617 1145 1712 1177; x_wconf 89' lang='lat' dir='ltr'><strong>partu-</strong></span> 
     </span>
    </p>
   </div>
   <div class='ocr_carea' id='block_1_81' title="bbox 931 1186 1712 1225">
    <p class='ocr_par' dir='ltr' id='par_1_81' title="bbox 931 1186 1712 1225">
     <span class='ocr_line' id='line_1_81' title="bbox 931 1186 1712 1225; baseline -0.004 -9"><span class='ocrx_word' id='word_1_613' title='bbox 931 1190 1005 1218; x_wconf 88' lang='lat' dir='ltr'><strong>riens</strong></span> <span class='ocrx_word' id='word_1_614' title='bbox 1025 1198 1074 1225; x_wconf 87' lang='lat' dir='ltr'><strong>pro</strong></span> <span class='ocrx_word' id='word_1_615' title='bbox 1094 1190 1243 1218; x_wconf 77' lang='lat' dir='ltr'><strong>visceribus</strong></span> <span class='ocrx_word' id='word_1_616' title='bbox 1270 1190 1348 1218; x_wconf 75' lang='lat' dir='ltr'><strong>meis</strong></span> <span class='ocrx_word' id='word_1_617' title='bbox 1362 1189 1425 1216; x_wconf 82' lang='lat' dir='ltr'><strong>talia</strong></span> <span class='ocrx_word' id='word_1_618' title='bbox 1449 1189 1545 1217; x_wconf 67' lang='lat' dir='ltr'><strong>effatus</strong></span> <span class='ocrx_word' id='word_1_619' title='bbox 1561 1195 1630 1216; x_wconf 90' lang='lat' dir='ltr'><strong>sum.</strong></span> <span class='ocrx_word' id='word_1_620' title='bbox 1647 1186 1712 1214; x_wconf 55' lang='lat' dir='ltr'><strong>Haec</strong></span> 
     </span>
    </p>
   </div>
   <div class='ocr_carea' id='block_1_82' title="bbox 930 1232 1710 1270">
    <p class='ocr_par' dir='ltr' id='par_1_82' title="bbox 930 1232 1710 1270">
     <span class='ocr_line' id='line_1_82' title="bbox 930 1232 1710 1270; baseline -0.005 -7"><span class='ocrx_word' id='word_1_621' title='bbox 930 1244 1011 1270; x_wconf 90' lang='lat' dir='ltr'><strong>porro</strong></span> <span class='ocrx_word' id='word_1_622' title='bbox 1026 1243 1086 1263; x_wconf 87' lang='lat' dir='ltr'><strong>sum</strong></span> <span class='ocrx_word' id='word_1_623' title='bbox 1101 1243 1256 1270; x_wconf 85' lang='lat' dir='ltr'><strong>perpessus,</strong></span> <span class='ocrx_word' id='word_1_624' title='bbox 1273 1235 1335 1270; x_wconf 85' lang='lat' dir='ltr'><strong>quia</strong></span> <span class='ocrx_word' id='word_1_625' title='bbox 1348 1235 1402 1262; x_wconf 88' lang='lat' dir='ltr'><strong>vidi</strong></span> <span class='ocrx_word' id='word_1_626' title='bbox 1417 1235 1516 1262; x_wconf 85' lang='lat' dir='ltr'><strong>factam</strong></span> <span class='ocrx_word' id='word_1_627' title='bbox 1531 1234 1648 1261; x_wconf 70' lang='lat' dir='ltr'><strong>dexterae</strong></span> <span class='ocrx_word' id='word_1_628' title='bbox 1663 1232 1710 1259; x_wconf 78' lang='lat' dir='ltr'><strong>Al-</strong></span> 
     </span>
    </p>
   </div>
   <div class='ocr_carea' id='block_1_83' title="bbox 930 1279 1712 1316">
    <p class='ocr_par' dir='ltr' id='par_1_83' title="bbox 930 1279 1712 1316">
     <span class='ocr_line' id='line_1_83' title="bbox 930 1279 1712 1316; baseline -0.001 -9"><span class='ocrx_word' id='word_1_629' title='bbox 930 1280 1029 1308; x_wconf 89' lang='lat' dir='ltr'><strong>tissimi</strong></span> <span class='ocrx_word' id='word_1_630' title='bbox 1044 1283 1232 1310; x_wconf 81' lang='lat' dir='ltr'><strong>mutationem.</strong></span> <span class='ocrx_word' id='word_1_631' title='bbox 1253 1281 1322 1309; x_wconf 92' lang='lat' dir='ltr'><strong>Olim</strong></span> <span class='ocrx_word' id='word_1_632' title='bbox 1335 1281 1434 1316; x_wconf 84' lang='lat' dir='ltr'><strong>quippe</strong></span> <span class='ocrx_word' id='word_1_633' title='bbox 1462 1281 1571 1308; x_wconf 86' lang='lat' dir='ltr'><strong>dextera</strong></span> <span class='ocrx_word' id='word_1_634' title='bbox 1592 1280 1637 1307; x_wconf 89' lang='lat' dir='ltr'><strong>illa</strong></span> <span class='ocrx_word' id='word_1_635' title='bbox 1659 1279 1712 1306; x_wconf 89' lang='lat' dir='ltr'><strong>mi-</strong></span> 
     </span>
    </p>
   </div>
   <div class='ocr_carea' id='block_1_84' title="bbox 930 1324 1710 1362">
    <p class='ocr_par' dir='ltr' id='par_1_84' title="bbox 930 1324 1710 1362">
     <span class='ocr_line' id='line_1_84' title="bbox 930 1324 1710 1362; baseline -0.003 -10"><span class='ocrx_word' id='word_1_636' title='bbox 930 1326 1025 1353; x_wconf 81' lang='lat' dir='ltr'><strong>rabilia</strong></span> <span class='ocrx_word' id='word_1_637' title='bbox 1040 1327 1125 1353; x_wconf 87' lang='lat' dir='ltr'><strong>multa</strong></span> <span class='ocrx_word' id='word_1_638' title='bbox 1139 1327 1313 1362; x_wconf 86' lang='lat' dir='ltr'><strong>operabatur,</strong></span> <span class='ocrx_word' id='word_1_639' title='bbox 1331 1325 1462 1353; x_wconf 82' lang='lat' dir='ltr'><strong>benelicia</strong></span> <span class='ocrx_word' id='word_1_640' title='bbox 1478 1324 1646 1352; x_wconf 85' lang='lat' dir='ltr'><strong>incredibilia</strong></span> <span class='ocrx_word' id='word_1_641' title='bbox 1660 1330 1710 1358; x_wconf 88' lang='lat' dir='ltr'><strong>po-</strong></span> 
     </span>
    </p>
   </div>
   <div class='ocr_carea' id='block_1_85' title="bbox 929 1369 1711 1407">
    <p class='ocr_par' dir='ltr' id='par_1_85' title="bbox 929 1369 1711 1407">
     <span class='ocr_line' id='line_1_85' title="bbox 929 1369 1711 1407; baseline -0.001 -9"><span class='ocrx_word' id='word_1_642' title='bbox 929 1372 992 1407; x_wconf 86' lang='lat' dir='ltr'><strong>pulo</strong></span> <span class='ocrx_word' id='word_1_643' title='bbox 1006 1372 1166 1406; x_wconf 82' lang='lat' dir='ltr'><strong>conferens;</strong></span> <span class='ocrx_word' id='word_1_644' title='bbox 1182 1380 1254 1399; x_wconf 89' lang='lat' dir='ltr'><strong>nunc</strong></span> <span class='ocrx_word' id='word_1_645' title='bbox 1269 1379 1333 1399; x_wconf 83' lang='lat' dir='ltr'><strong>vero</strong></span> <span class='ocrx_word' id='word_1_646' title='bbox 1345 1371 1462 1398; x_wconf 60' lang='lat' dir='ltr'><strong>dextera:</strong></span> <span class='ocrx_word' id='word_1_647' title='bbox 1475 1370 1581 1397; x_wconf 77' lang='lat' dir='ltr'><strong>Excelsi</strong></span> <span class='ocrx_word' id='word_1_648' title='bbox 1595 1369 1711 1397; x_wconf 82' lang='lat' dir='ltr'><strong>mutatio</strong></span> 
     </span>
    </p>
   </div>
   <div class='ocr_carea' id='block_1_86' title="bbox 928 1414 1710 1450">
    <p class='ocr_par' dir='ltr' id='par_1_86' title="bbox 928 1414 1710 1450">
     <span class='ocr_line' id='line_1_86' title="bbox 928 1414 1710 1450; baseline -0.004 -7"><span class='ocrx_word' id='word_1_649' title='bbox 928 1416 1000 1443; x_wconf 79' lang='lat' dir='ltr'><strong>facta</strong></span> <span class='ocrx_word' id='word_1_650' title='bbox 1021 1420 1072 1445; x_wconf 85' lang='lat' dir='ltr'><strong>est.</strong></span> <span class='ocrx_word' id='word_1_651' title='bbox 1097 1416 1276 1450; x_wconf 83' lang='lat' dir='ltr'><strong>Quamobrem</strong></span> <span class='ocrx_word' id='word_1_652' title='bbox 1292 1417 1400 1444; x_wconf 86' lang='lat' dir='ltr'><strong>dolores</strong></span> <span class='ocrx_word' id='word_1_653' title='bbox 1421 1424 1464 1443; x_wconf 85' lang='lat' dir='ltr'><strong>me</strong></span> <span class='ocrx_word' id='word_1_654' title='bbox 1479 1415 1646 1446; x_wconf 82' lang='lat' dir='ltr'><strong>detinebant.</strong></span> <span class='ocrx_word' id='word_1_655' title='bbox 1671 1414 1710 1441; x_wconf 77' lang='lat' dir='ltr'><strong>fa-</strong></span> 
     </span>
    </p>
   </div>
   <div class='ocr_carea' id='block_1_87' title="bbox 927 1460 1710 1497">
    <p class='ocr_par' dir='ltr' id='par_1_87' title="bbox 927 1460 1710 1497">
     <span class='ocr_line' id='line_1_87' title="bbox 927 1460 1710 1497; baseline -0.003 -9"><span class='ocrx_word' id='word_1_656' title='bbox 927 1465 1039 1497; x_wconf 86' lang='lat' dir='ltr'><strong>teorque</strong></span> <span class='ocrx_word' id='word_1_657' title='bbox 1049 1470 1092 1490; x_wconf 87' lang='lat' dir='ltr'><strong>me</strong></span> <span class='ocrx_word' id='word_1_658' title='bbox 1103 1463 1193 1490; x_wconf 80' lang='lat' dir='ltr'><strong>animo</strong></span> <span class='ocrx_word' id='word_1_659' title='bbox 1208 1463 1377 1490; x_wconf 82' lang='lat' dir='ltr'><strong>vulneratum</strong></span> <span class='ocrx_word' id='word_1_660' title='bbox 1389 1470 1420 1489; x_wconf 83' lang='lat' dir='ltr'><strong>ex</strong></span> <span class='ocrx_word' id='word_1_661' title='bbox 1437 1462 1533 1489; x_wconf 88' lang='lat' dir='ltr'><strong>morbo</strong></span> <span class='ocrx_word' id='word_1_662' title='bbox 1549 1465 1576 1488; x_wconf 91' lang='lat' dir='ltr'><strong>et</strong></span> <span class='ocrx_word' id='word_1_663' title='bbox 1594 1460 1710 1487; x_wconf 83' lang='lat' dir='ltr'><strong>inﬁrmi-</strong></span> 
     </span>
    </p>
   </div>
   <div class='ocr_carea' id='block_1_88' title="bbox 928 1502 1708 1543">
    <p class='ocr_par' dir='ltr' id='par_1_88' title="bbox 928 1502 1708 1543">
     <span class='ocr_line' id='line_1_88' title="bbox 928 1502 1708 1543; baseline -0.001 -9"><span class='ocrx_word' id='word_1_664' title='bbox 928 1511 983 1535; x_wconf 83' lang='lat' dir='ltr'><strong>tate</strong></span> <span class='ocrx_word' id='word_1_665' title='bbox 1016 1507 1191 1543; x_wconf 78' lang='lat' dir='ltr'><strong>cognitionis.</strong></span> <span class='ocrx_word' id='word_1_666' title='bbox 1217 1508 1393 1535; x_wconf 85' lang='lat' dir='ltr'><strong>Mutationem</strong></span> <span class='ocrx_word' id='word_1_667' title='bbox 1422 1502 1632 1535; x_wconf 53' lang='lat' dir='ltr'><strong>vero&#39;dextcrat</strong></span> <span class='ocrx_word' id='word_1_668' title='bbox 1660 1505 1708 1533; x_wconf 85' lang='lat' dir='ltr'><strong>Dei</strong></span> 
     </span>
    </p>
   </div>
   <div class='ocr_carea' id='block_1_89' title="bbox 927 1553 1709 1589">
    <p class='ocr_par' dir='ltr' id='par_1_89' title="bbox 927 1553 1709 1589">
     <span class='ocr_line' id='line_1_89' title="bbox 927 1553 1709 1589; baseline -0.003 -9"><span class='ocrx_word' id='word_1_669' title='bbox 927 1553 1138 1589; x_wconf 84' lang='lat' dir='ltr'><strong>conspiciebam,</strong></span> <span class='ocrx_word' id='word_1_670' title='bbox 1164 1554 1323 1581; x_wconf 82' lang='lat' dir='ltr'><strong>recordatus</strong></span> <span class='ocrx_word' id='word_1_671' title='bbox 1349 1553 1458 1580; x_wconf 85' lang='lat' dir='ltr'><strong>illorum</strong></span> <span class='ocrx_word' id='word_1_672' title='bbox 1482 1553 1619 1588; x_wconf 88' lang='lat' dir='ltr'><strong>quondam</strong></span> <span class='ocrx_word' id='word_1_673' title='bbox 1644 1559 1709 1587; x_wconf 87' lang='lat' dir='ltr'><strong>ope-</strong></span> 
     </span>
    </p>
   </div>
   <div class='ocr_carea' id='block_1_90' title="bbox 927 1596 1709 1635">
    <p class='ocr_par' dir='ltr' id='par_1_90' title="bbox 927 1596 1709 1635">
     <span class='ocr_line' id='line_1_90' title="bbox 927 1596 1709 1635; baseline -0.005 -9"><span class='ocrx_word' id='word_1_674' title='bbox 927 1607 986 1626; x_wconf 90' lang='lat' dir='ltr'><strong>rum</strong></span> <span class='ocrx_word' id='word_1_675' title='bbox 1002 1599 1071 1634; x_wconf 87' lang='lat' dir='ltr'><strong>ejus.</strong></span> <span class='ocrx_word' id='word_1_676' title='bbox 1088 1599 1257 1635; x_wconf 82' lang='lat' dir='ltr'><strong>Quapropter</strong></span> <span class='ocrx_word' id='word_1_677' title='bbox 1268 1599 1325 1626; x_wconf 86' lang='lat' dir='ltr'><strong>ait:</strong></span> <span class='ocrx_word' id='word_1_678' title='bbox 1344 1613 1376 1619; x_wconf 93' lang='lat'><strong><em>—</em></strong></span> <span class='ocrx_word' id='word_1_679' title='bbox 1389 1598 1471 1625; x_wconf 73' lang='lat' dir='ltr'><strong>Vnus.</strong></span> <span class='ocrx_word' id='word_1_680' title='bbox 1489 1597 1532 1629; x_wconf 73' lang='grc'><strong>12,</strong></span> <span class='ocrx_word' id='word_1_681' title='bbox 1550 1598 1592 1624; x_wconf 75' lang='grc'><strong>15.</strong></span> <span class='ocrx_word' id='word_1_682' title='bbox 1607 1596 1709 1623; x_wconf 80' lang='lat' dir='ltr'><strong>Memor</strong></span> 
     </span>
    </p>
   </div>
   <div class='ocr_carea' id='block_1_91' title="bbox 926 1645 1707 1680">
    <p class='ocr_par' dir='ltr' id='par_1_91' title="bbox 926 1645 1707 1680">
     <span class='ocr_line' id='line_1_91' title="bbox 926 1645 1707 1680; baseline -0.005 -8"><span class='ocrx_word' id='word_1_683' title='bbox 926 1646 966 1680; x_wconf 85' lang='lat' dir='ltr'><strong>fui</strong></span> <span class='ocrx_word' id='word_1_684' title='bbox 979 1653 1084 1679; x_wconf 81' lang='lat' dir='ltr'><strong>operum</strong></span> <span class='ocrx_word' id='word_1_685' title='bbox 1099 1645 1216 1675; x_wconf 81' lang='lat' dir='ltr'><strong>Domini.</strong></span> <span class='ocrx_word' id='word_1_686' title='bbox 1229 1645 1260 1672; x_wconf 84' lang='lat' dir='ltr'><strong>ab</strong></span> <span class='ocrx_word' id='word_1_687' title='bbox 1277 1645 1352 1672; x_wconf 87' lang='lat' dir='ltr'><strong>initio</strong></span> <span class='ocrx_word' id='word_1_688' title='bbox 1365 1645 1527 1672; x_wconf 86' lang='lat' dir='ltr'><strong>mirabilium</strong></span> <span class='ocrx_word' id='word_1_689' title='bbox 1542 1648 1646 1670; x_wconf 86' lang='lat' dir='ltr'><strong>tuorum</strong></span> <span class='ocrx_word' id='word_1_690' title='bbox 1659 1651 1668 1670; x_wconf 89' lang='lat'><strong><em>:</em></strong></span> <span class='ocrx_word' id='word_1_691' title='bbox 1683 1647 1707 1669; x_wconf 84' lang='lat' dir='ltr'><strong>et</strong></span> 
     </span>
    </p>
   </div>
   <div class='ocr_carea' id='block_1_92' title="bbox 925 1689 1707 1725">
    <p class='ocr_par' dir='ltr' id='par_1_92' title="bbox 925 1689 1707 1725">
     <span class='ocr_line' id='line_1_92' title="bbox 925 1689 1707 1725; baseline -0.004 -7"><span class='ocrx_word' id='word_1_692' title='bbox 925 1691 1069 1719; x_wconf 81' lang='lat' dir='ltr'><strong>meditabar</strong></span> <span class='ocrx_word' id='word_1_693' title='bbox 1083 1692 1110 1718; x_wconf 85' lang='lat' dir='ltr'><strong>in</strong></span> <span class='ocrx_word' id='word_1_694' title='bbox 1125 1690 1244 1718; x_wconf 75' lang='lat' dir='ltr'><strong>omnibus</strong></span> <span class='ocrx_word' id='word_1_695' title='bbox 1254 1691 1374 1725; x_wconf 74' lang='lat' dir='ltr'><strong>operibus</strong></span> <span class='ocrx_word' id='word_1_696' title='bbox 1392 1691 1454 1722; x_wconf 76' lang='lat' dir='ltr'><strong>tuis,</strong></span> <span class='ocrx_word' id='word_1_697' title='bbox 1471 1695 1494 1717; x_wconf 78' lang='lat' dir='ltr'><strong>et</strong></span> <span class='ocrx_word' id='word_1_698' title='bbox 1507 1690 1534 1716; x_wconf 82' lang='lat' dir='ltr'><strong>in</strong></span> <span class='ocrx_word' id='word_1_699' title='bbox 1546 1689 1707 1716; x_wconf 77' lang='lat' dir='ltr'><strong>odim-entia-</strong></span> 
     </span>
    </p>
   </div>
   <div class='ocr_carea' id='block_1_93' title="bbox 925 1736 1707 1772">
    <p class='ocr_par' dir='ltr' id='par_1_93' title="bbox 925 1736 1707 1772">
     <span class='ocr_line' id='line_1_93' title="bbox 925 1736 1707 1772; baseline -0.005 -6"><span class='ocrx_word' id='word_1_700' title='bbox 925 1738 999 1766; x_wconf 77' lang='lat' dir='ltr'><strong>nibus</strong></span> <span class='ocrx_word' id='word_1_701' title='bbox 1025 1739 1078 1765; x_wconf 73' lang='lat' dir='ltr'><strong>tuis</strong></span> <span class='ocrx_word' id='word_1_702' title='bbox 1101 1738 1247 1766; x_wconf 70' lang='lat' dir='ltr'><strong>exercebar.</strong></span> <span class='ocrx_word' id='word_1_703' title='bbox 1266 1737 1319 1765; x_wconf 83' lang='lat' dir='ltr'><strong>Pro</strong></span> <span class='ocrx_word' id='word_1_704' title='bbox 1337 1738 1436 1772; x_wconf 84' lang='lat' dir='ltr'><strong>quibus</strong></span> <span class='ocrx_word' id='word_1_705' title='bbox 1458 1737 1638 1772; x_wconf 87' lang='lat' dir='ltr'><strong>Symmachus</strong></span> <span class='ocrx_word' id='word_1_706' title='bbox 1656 1736 1707 1763; x_wconf 90' lang='lat' dir='ltr'><strong>hoc</strong></span> 
     </span>
    </p>
   </div>
   <div class='ocr_carea' id='block_1_94' title="bbox 925 1783 1706 1819">
    <p class='ocr_par' dir='ltr' id='par_1_94' title="bbox 925 1783 1706 1819">
     <span class='ocr_line' id='line_1_94' title="bbox 925 1783 1706 1819; baseline -0.004 -9"><span class='ocrx_word' id='word_1_707' title='bbox 925 1783 1005 1811; x_wconf 90' lang='lat' dir='ltr'><strong>modo</strong></span> <span class='ocrx_word' id='word_1_708' title='bbox 1026 1783 1222 1819; x_wconf 88' lang='lat' dir='ltr'><strong>interpretatus</strong></span> <span class='ocrx_word' id='word_1_709' title='bbox 1245 1789 1287 1812; x_wconf 85' lang='lat' dir='ltr'><strong>est</strong></span> <span class='ocrx_word' id='word_1_710' title='bbox 1305 1793 1312 1811; x_wconf 93' lang='lat'><strong>:</strong></span> <span class='ocrx_word' id='word_1_711' title='bbox 1327 1783 1494 1810; x_wconf 81' lang='lat' dir='ltr'><strong>Recordabar</strong></span> <span class='ocrx_word' id='word_1_712' title='bbox 1518 1783 1706 1818; x_wconf 83' lang='lat' dir='ltr'><strong>cogitationum</strong></span> 
     </span>
    </p>
   </div>
   <div class='ocr_carea' id='block_1_95' title="bbox 924 1827 1706 1865">
    <p class='ocr_par' dir='ltr' id='par_1_95' title="bbox 924 1827 1706 1865">
     <span class='ocr_line' id='line_1_95' title="bbox 924 1827 1706 1865; baseline -0.003 -10"><span class='ocrx_word' id='word_1_713' title='bbox 924 1829 1041 1863; x_wconf 86' lang='lat' dir='ltr'><strong>Domini,</strong></span> <span class='ocrx_word' id='word_1_714' title='bbox 1055 1830 1143 1857; x_wconf 82' lang='lat' dir='ltr'><strong>animo</strong></span> <span class='ocrx_word' id='word_1_715' title='bbox 1159 1830 1260 1857; x_wconf 79' lang='lat' dir='ltr'><strong>volvens</strong></span> <span class='ocrx_word' id='word_1_716' title='bbox 1272 1831 1380 1865; x_wconf 86' lang='lat' dir='ltr'><strong>antiqua</strong></span> <span class='ocrx_word' id='word_1_717' title='bbox 1393 1829 1513 1864; x_wconf 86' lang='lat' dir='ltr'><strong>prodigia</strong></span> <span class='ocrx_word' id='word_1_718' title='bbox 1530 1833 1586 1855; x_wconf 83' lang='lat' dir='ltr'><strong>tua.</strong></span> <span class='ocrx_word' id='word_1_719' title='bbox 1605 1827 1637 1854; x_wconf 81' lang='lat' dir='ltr'><strong>Et</strong></span> <span class='ocrx_word' id='word_1_720' title='bbox 1652 1836 1706 1854; x_wconf 84' lang='lat' dir='ltr'><strong>me-</strong></span> 
     </span>
    </p>
   </div>
   <div class='ocr_carea' id='block_1_96' title="bbox 924 1874 1706 1907">
    <p class='ocr_par' dir='ltr' id='par_1_96' title="bbox 924 1874 1706 1907">
     <span class='ocr_line' id='line_1_96' title="bbox 924 1874 1706 1907; baseline -0.004 -6"><span class='ocrx_word' id='word_1_721' title='bbox 924 1875 1030 1902; x_wconf 83' lang='lat' dir='ltr'><strong>ditabar</strong></span> <span class='ocrx_word' id='word_1_722' title='bbox 1053 1883 1141 1902; x_wconf 69' lang='lat' dir='ltr'><strong>omne:</strong></span> <span class='ocrx_word' id='word_1_723' title='bbox 1161 1876 1274 1902; x_wconf 75' lang='lat' dir='ltr'><strong>actiones</strong></span> <span class='ocrx_word' id='word_1_724' title='bbox 1296 1880 1366 1907; x_wconf 74' lang='lat' dir='ltr'><strong>luas,</strong></span> <span class='ocrx_word' id='word_1_725' title='bbox 1385 1881 1410 1901; x_wconf 84' lang='lat' dir='ltr'><strong>et</strong></span> <span class='ocrx_word' id='word_1_726' title='bbox 1433 1874 1642 1901; x_wconf 64' lang='lat' dir='ltr'><strong>mae/linamenta</strong></span> <span class='ocrx_word' id='word_1_727' title='bbox 1659 1878 1706 1899; x_wconf 80' lang='lat' dir='ltr'><strong>tua</strong></span> 
     </span>
    </p>
   </div>
   <div class='ocr_carea' id='block_1_97' title="bbox 924 1919 1704 1955">
    <p class='ocr_par' dir='ltr' id='par_1_97' title="bbox 924 1919 1704 1955">
     <span class='ocr_line' id='line_1_97' title="bbox 924 1919 1704 1955; baseline -0.005 -7"><span class='ocrx_word' id='word_1_728' title='bbox 924 1922 1077 1953; x_wconf 83' lang='lat' dir='ltr'><strong>narrabam,</strong></span> <span class='ocrx_word' id='word_1_729' title='bbox 1092 1921 1149 1948; x_wconf 68' lang='lat' dir='ltr'><strong>haec</strong></span> <span class='ocrx_word' id='word_1_730' title='bbox 1162 1921 1291 1949; x_wconf 87' lang='lat' dir='ltr'><strong>memoria</strong></span> <span class='ocrx_word' id='word_1_731' title='bbox 1302 1924 1438 1955; x_wconf 83' lang='lat' dir='ltr'><strong>repetens.</strong></span> <span class='ocrx_word' id='word_1_732' title='bbox 1449 1919 1551 1946; x_wconf 91' lang='lat' dir='ltr'><strong>Deinde</strong></span> <span class='ocrx_word' id='word_1_733' title='bbox 1567 1927 1630 1946; x_wconf 91' lang='lat' dir='ltr'><strong>vero</strong></span> <span class='ocrx_word' id='word_1_734' title='bbox 1641 1926 1704 1945; x_wconf 86' lang='lat' dir='ltr'><strong>cum</strong></span> 
     </span>
    </p>
   </div>
   <div class='ocr_carea' id='block_1_98' title="bbox 921 1965 1704 2002">
    <p class='ocr_par' dir='ltr' id='par_1_98' title="bbox 921 1965 1704 2002">
     <span class='ocr_line' id='line_1_98' title="bbox 921 1965 1704 2002; baseline -0.003 -10"><span class='ocrx_word' id='word_1_735' title='bbox 921 1967 977 2001; x_wconf 87' lang='lat' dir='ltr'><strong>jam</strong></span> <span class='ocrx_word' id='word_1_736' title='bbox 993 1967 1111 1998; x_wconf 81' lang='lat' dir='ltr'><strong>audiam,</strong></span> <span class='ocrx_word' id='word_1_737' title='bbox 1133 1966 1269 2002; x_wconf 83' lang='lat' dir='ltr'><strong>quomodo</strong></span> <span class='ocrx_word' id='word_1_738' title='bbox 1292 1966 1412 2001; x_wconf 78' lang='lat' dir='ltr'><strong>repulisti</strong></span> <span class='ocrx_word' id='word_1_739' title='bbox 1427 1966 1454 1992; x_wconf 89' lang='lat' dir='ltr'><strong>in</strong></span> <span class='ocrx_word' id='word_1_740' title='bbox 1471 1966 1559 1999; x_wconf 74' lang='lat' dir='ltr'><strong>ﬁnem,</strong></span> <span class='ocrx_word' id='word_1_741' title='bbox 1580 1969 1604 1991; x_wconf 80' lang='lat' dir='ltr'><strong>et</strong></span> <span class='ocrx_word' id='word_1_742' title='bbox 1619 1965 1704 1990; x_wconf 71' lang='lat' dir='ltr'><strong>iratus</strong></span> 
     </span>
    </p>
   </div>
   <div class='ocr_carea' id='block_1_99' title="bbox 923 2010 1704 2046">
    <p class='ocr_par' dir='ltr' id='par_1_99' title="bbox 923 2010 1704 2046">
     <span class='ocr_line' id='line_1_99' title="bbox 923 2010 1704 2046; baseline -0.003 -8"><span class='ocrx_word' id='word_1_743' title='bbox 923 2016 960 2039; x_wconf 74' lang='lat' dir='ltr'><strong>est</strong></span> <span class='ocrx_word' id='word_1_744' title='bbox 975 2012 1051 2046; x_wconf 80' lang='lat' dir='ltr'><strong>furor</strong></span> <span class='ocrx_word' id='word_1_745' title='bbox 1072 2017 1132 2039; x_wconf 71' lang='lat' dir='ltr'><strong>tuus</strong></span> <span class='ocrx_word' id='word_1_746' title='bbox 1156 2020 1233 2046; x_wconf 73' lang='lat' dir='ltr'><strong>super</strong></span> <span class='ocrx_word' id='word_1_747' title='bbox 1255 2020 1312 2038; x_wconf 74' lang='lat' dir='ltr'><strong>oves</strong></span> <span class='ocrx_word' id='word_1_748' title='bbox 1327 2020 1432 2046; x_wconf 63' lang='lat' dir='ltr'><strong>pascua</strong></span> <span class='ocrx_word' id='word_1_749' title='bbox 1458 2015 1508 2038; x_wconf 72' lang='lat' dir='ltr'><strong>tum</strong></span> <span class='ocrx_word' id='word_1_750' title='bbox 1519 2011 1540 2027; x_wconf 72' lang='grc' dir='ltr'>’ί</span> <span class='ocrx_word' id='word_1_751' title='bbox 1551 2019 1558 2044; x_wconf 88' lang='lat'><strong>;</strong></span> <span class='ocrx_word' id='word_1_752' title='bbox 1571 2011 1632 2045; x_wconf 83' lang='lat' dir='ltr'><strong>jure</strong></span> <span class='ocrx_word' id='word_1_753' title='bbox 1649 2010 1704 2045; x_wconf 86' lang='lat' dir='ltr'><strong>opi-</strong></span> 
     </span>
    </p>
   </div>
   <div class='ocr_carea' id='block_1_100' title="bbox 922 2055 1704 2086">
    <p class='ocr_par' dir='ltr' id='par_1_100' title="bbox 922 2055 1704 2086">
     <span class='ocr_line' id='line_1_100' title="bbox 922 2055 1704 2086; baseline -0.003 -2"><span class='ocrx_word' id='word_1_754' title='bbox 922 2061 1003 2085; x_wconf 85' lang='lat' dir='ltr'><strong>natus</strong></span> <span class='ocrx_word' id='word_1_755' title='bbox 1019 2066 1078 2086; x_wconf 89' lang='lat' dir='ltr'><strong>sum</strong></span> <span class='ocrx_word' id='word_1_756' title='bbox 1091 2065 1152 2085; x_wconf 87' lang='lat' dir='ltr'><strong>esse</strong></span> <span class='ocrx_word' id='word_1_757' title='bbox 1162 2057 1340 2085; x_wconf 87' lang='lat' dir='ltr'><strong>mutationem</strong></span> <span class='ocrx_word' id='word_1_758' title='bbox 1353 2057 1472 2085; x_wconf 65' lang='lat' dir='ltr'><strong>dextera:</strong></span> <span class='ocrx_word' id='word_1_759' title='bbox 1485 2056 1627 2084; x_wconf 81' lang='lat' dir='ltr'><strong>Altissimi.</strong></span> <span class='ocrx_word' id='word_1_760' title='bbox 1641 2055 1704 2083; x_wconf 68' lang='lat' dir='ltr'><strong>Haec</strong></span> 
     </span>
    </p>
   </div>
   <div class='ocr_carea' id='block_1_101' title="bbox 922 2101 1704 2138">
    <p class='ocr_par' dir='ltr' id='par_1_101' title="bbox 922 2101 1704 2138">
     <span class='ocr_line' id='line_1_101' title="bbox 922 2101 1704 2138; baseline -0.003 -8"><span class='ocrx_word' id='word_1_761' title='bbox 922 2103 1021 2138; x_wconf 86' lang='lat' dir='ltr'><strong>quippe</strong></span> <span class='ocrx_word' id='word_1_762' title='bbox 1047 2103 1124 2138; x_wconf 77' lang='lat' dir='ltr'><strong>signa</strong></span> <span class='ocrx_word' id='word_1_763' title='bbox 1148 2107 1211 2130; x_wconf 89' lang='lat' dir='ltr'><strong>sunt</strong></span> <span class='ocrx_word' id='word_1_764' title='bbox 1236 2103 1392 2130; x_wconf 85' lang='lat' dir='ltr'><strong>mutationis</strong></span> <span class='ocrx_word' id='word_1_765' title='bbox 1418 2102 1478 2135; x_wconf 90' lang='lat' dir='ltr'><strong>Dei,</strong></span> <span class='ocrx_word' id='word_1_766' title='bbox 1505 2110 1537 2129; x_wconf 86' lang='lat' dir='ltr'><strong>ac</strong></span> <span class='ocrx_word' id='word_1_767' title='bbox 1559 2101 1704 2128; x_wconf 83' lang='lat' dir='ltr'><strong>amotionis</strong></span> 
     </span>
    </p>
   </div>
   <div class='ocr_carea' id='block_1_102' title="bbox 921 2146 1704 2184">
    <p class='ocr_par' dir='ltr' id='par_1_102' title="bbox 921 2146 1704 2184">
     <span class='ocr_line' id='line_1_102' title="bbox 921 2146 1704 2184; baseline -0.004 -8"><span class='ocrx_word' id='word_1_768' title='bbox 921 2148 982 2183; x_wconf 86' lang='lat' dir='ltr'><strong>ejus</strong></span> <span class='ocrx_word' id='word_1_769' title='bbox 993 2149 1026 2176; x_wconf 85' lang='lat' dir='ltr'><strong>ab</strong></span> <span class='ocrx_word' id='word_1_770' title='bbox 1041 2149 1097 2181; x_wconf 87' lang='lat' dir='ltr'><strong>illa,</strong></span> <span class='ocrx_word' id='word_1_771' title='bbox 1112 2155 1193 2184; x_wconf 90' lang='lat' dir='ltr'><strong>quam</strong></span> <span class='ocrx_word' id='word_1_772' title='bbox 1213 2149 1276 2176; x_wconf 90' lang='lat' dir='ltr'><strong>olim</strong></span> <span class='ocrx_word' id='word_1_773' title='bbox 1295 2148 1329 2176; x_wconf 89' lang='lat' dir='ltr'><strong>de</strong></span> <span class='ocrx_word' id='word_1_774' title='bbox 1343 2149 1443 2184; x_wconf 89' lang='lat' dir='ltr'><strong>populo</strong></span> <span class='ocrx_word' id='word_1_775' title='bbox 1455 2148 1577 2184; x_wconf 71' lang='lat' dir='ltr'><strong>gerebat,</strong></span> <span class='ocrx_word' id='word_1_776' title='bbox 1602 2146 1704 2176; x_wconf 88' lang='lat' dir='ltr'><strong>sollici-</strong></span> 
     </span>
    </p>
   </div>
   <div class='ocr_carea' id='block_1_103' title="bbox 922 2194 1025 2222">
    <p class='ocr_par' dir='ltr' id='par_1_103' title="bbox 922 2194 1025 2222">
     <span class='ocr_line' id='line_1_103' title="bbox 922 2194 1025 2222; baseline 0.01 -1"><span class='ocrx_word' id='word_1_777' title='bbox 922 2194 1025 2222; x_wconf 80' lang='lat' dir='ltr'><strong>tudine.</strong></span> 
     </span>
    </p>
   </div>
   <div class='ocr_carea' id='block_1_104' title="bbox 958 2239 1702 2275">
    <p class='ocr_par' dir='ltr' id='par_1_104' title="bbox 958 2239 1702 2275">
     <span class='ocr_line' id='line_1_104' title="bbox 958 2239 1702 2275; baseline -0.001 -8"><span class='ocrx_word' id='word_1_778' title='bbox 958 2241 1040 2268; x_wconf 71' lang='lat' dir='ltr'><strong>Vnns.</strong></span> <span class='ocrx_word' id='word_1_779' title='bbox 1056 2241 1099 2272; x_wconf 76' lang='grc' dir='ltr'>Η,</span> <span class='ocrx_word' id='word_1_780' title='bbox 1118 2241 1162 2268; x_wconf 83' lang='lat' dir='ltr'><strong>i5.</strong></span> <span class='ocrx_word' id='word_1_781' title='bbox 1183 2239 1264 2273; x_wconf 73' lang='lat' dir='ltr'><strong>Deus,</strong></span> <span class='ocrx_word' id='word_1_782' title='bbox 1285 2240 1313 2267; x_wconf 86' lang='lat' dir='ltr'><strong>in</strong></span> <span class='ocrx_word' id='word_1_783' title='bbox 1327 2245 1419 2268; x_wconf 79' lang='lat' dir='ltr'><strong>sancto</strong></span> <span class='ocrx_word' id='word_1_784' title='bbox 1430 2241 1472 2268; x_wconf 79' lang='lat' dir='ltr'><strong>via</strong></span> <span class='ocrx_word' id='word_1_785' title='bbox 1485 2241 1541 2275; x_wconf 75' lang='lat' dir='ltr'><strong>ejus</strong></span> <span class='ocrx_word' id='word_1_786' title='bbox 1553 2241 1627 2275; x_wconf 76' lang='lat' dir='ltr'><strong>:quis</strong></span> <span class='ocrx_word' id='word_1_787' title='bbox 1639 2239 1702 2266; x_wconf 66' lang='lat' dir='ltr'><strong>deus</strong></span> 
     </span>
    </p>
   </div>
   <div class='ocr_carea' id='block_1_105' title="bbox 925 2285 1701 2321">
    <p class='ocr_par' dir='ltr' id='par_1_105' title="bbox 925 2285 1701 2321">
     <span class='ocr_line' id='line_1_105' title="bbox 925 2285 1701 2321; baseline -0.001 -9"><span class='ocrx_word' id='word_1_788' title='bbox 925 2294 1035 2321; x_wconf 73' lang='lat' dir='ltr'><strong>magnus</strong></span> <span class='ocrx_word' id='word_1_789' title='bbox 1049 2287 1118 2313; x_wconf 73' lang='lat' dir='ltr'><strong>sicut</strong></span> <span class='ocrx_word' id='word_1_790' title='bbox 1134 2286 1204 2314; x_wconf 76' lang='lat' dir='ltr'><strong>Deus</strong></span> <span class='ocrx_word' id='word_1_791' title='bbox 1220 2287 1325 2314; x_wconf 72' lang='lat' dir='ltr'><strong>noster?</strong></span> <span class='ocrx_word' id='word_1_792' title='bbox 1341 2291 1367 2313; x_wconf 87' lang='lat' dir='ltr'><strong>tu</strong></span> <span class='ocrx_word' id='word_1_793' title='bbox 1381 2295 1407 2313; x_wconf 77' lang='lat' dir='ltr'><strong>es</strong></span> <span class='ocrx_word' id='word_1_794' title='bbox 1425 2287 1495 2313; x_wconf 81' lang='lat' dir='ltr'><strong>Deus</strong></span> <span class='ocrx_word' id='word_1_795' title='bbox 1514 2287 1558 2321; x_wconf 86' lang='lat' dir='ltr'><strong>qui</strong></span> <span class='ocrx_word' id='word_1_796' title='bbox 1572 2286 1637 2320; x_wconf 76' lang='lat' dir='ltr'><strong>facis</strong></span> <span class='ocrx_word' id='word_1_797' title='bbox 1650 2285 1701 2311; x_wconf 85' lang='lat' dir='ltr'><strong>mi-</strong></span> 
     </span>
    </p>
   </div>
   <div class='ocr_carea' id='block_1_106' title="bbox 923 2330 1700 2359">
    <p class='ocr_par' dir='ltr' id='par_1_106' title="bbox 923 2330 1700 2359">
     <span class='ocr_line' id='line_1_106' title="bbox 923 2330 1700 2359; baseline 0 -2"><span class='ocrx_word' id='word_1_798' title='bbox 923 2331 1030 2359; x_wconf 81' lang='lat' dir='ltr'><strong>rabilia.</strong></span> <span class='ocrx_word' id='word_1_799' title='bbox 1054 2331 1120 2359; x_wconf 90' lang='lat' dir='ltr'><strong>Cum</strong></span> <span class='ocrx_word' id='word_1_800' title='bbox 1146 2333 1253 2359; x_wconf 83' lang='lat' dir='ltr'><strong>videam</strong></span> <span class='ocrx_word' id='word_1_801' title='bbox 1278 2332 1453 2359; x_wconf 88' lang='lat' dir='ltr'><strong>mutationem</strong></span> <span class='ocrx_word' id='word_1_802' title='bbox 1480 2332 1595 2358; x_wconf 69' lang='lat' dir='ltr'><strong>dexterae</strong></span> <span class='ocrx_word' id='word_1_803' title='bbox 1616 2330 1700 2357; x_wconf 84' lang='lat' dir='ltr'><strong>Altis-</strong></span> 
     </span>
    </p>
   </div>
   <div class='ocr_carea' id='block_1_107' title="bbox 923 2375 1701 2414">
    <p class='ocr_par' dir='ltr' id='par_1_107' title="bbox 923 2375 1701 2414">
     <span class='ocr_line' id='line_1_107' title="bbox 923 2375 1701 2414; baseline -0.005 -9"><span class='ocrx_word' id='word_1_804' title='bbox 923 2378 995 2410; x_wconf 84' lang='lat' dir='ltr'><strong>simi,</strong></span> <span class='ocrx_word' id='word_1_805' title='bbox 1009 2382 1035 2406; x_wconf 88' lang='lat' dir='ltr'><strong>et</strong></span> <span class='ocrx_word' id='word_1_806' title='bbox 1051 2378 1140 2413; x_wconf 87' lang='lat' dir='ltr'><strong>qualia</strong></span> <span class='ocrx_word' id='word_1_807' title='bbox 1153 2384 1264 2414; x_wconf 85' lang='lat' dir='ltr'><strong>operata</strong></span> <span class='ocrx_word' id='word_1_808' title='bbox 1280 2378 1332 2411; x_wconf 84' lang='lat' dir='ltr'><strong>sit;</strong></span> <span class='ocrx_word' id='word_1_809' title='bbox 1352 2385 1414 2404; x_wconf 88' lang='lat' dir='ltr'><strong>nam</strong></span> <span class='ocrx_word' id='word_1_810' title='bbox 1430 2377 1510 2405; x_wconf 90' lang='lat' dir='ltr'><strong>unius</strong></span> <span class='ocrx_word' id='word_1_811' title='bbox 1537 2376 1624 2411; x_wconf 69' lang='lat' dir='ltr'><strong>Kentis</strong></span> <span class='ocrx_word' id='word_1_812' title='bbox 1640 2375 1701 2402; x_wconf 91' lang='lat' dir='ltr'><strong>loco</strong></span> 
     </span>
    </p>
   </div>
   <div class='ocr_carea' id='block_1_108' title="bbox 920 2420 1699 2459">
    <p class='ocr_par' dir='ltr' id='par_1_108' title="bbox 920 2420 1699 2459">
     <span class='ocr_line' id='line_1_108' title="bbox 920 2420 1699 2459; baseline -0.008 -8"><span class='ocrx_word' id='word_1_813' title='bbox 920 2423 976 2458; x_wconf 87' lang='lat' dir='ltr'><strong>jam</strong></span> <span class='ocrx_word' id='word_1_814' title='bbox 993 2424 1122 2451; x_wconf 85' lang='lat' dir='ltr'><strong>omnibus</strong></span> <span class='ocrx_word' id='word_1_815' title='bbox 1137 2424 1264 2459; x_wconf 71' lang='lat' dir='ltr'><strong>gentibus</strong></span> <span class='ocrx_word' id='word_1_816' title='bbox 1280 2423 1399 2451; x_wconf 75' lang='lat' dir='ltr'><strong>benefica</strong></span> <span class='ocrx_word' id='word_1_817' title='bbox 1415 2427 1472 2455; x_wconf 88' lang='lat' dir='ltr'><strong>est;</strong></span> <span class='ocrx_word' id='word_1_818' title='bbox 1489 2429 1542 2448; x_wconf 88' lang='lat' dir='ltr'><strong>non</strong></span> <span class='ocrx_word' id='word_1_819' title='bbox 1564 2421 1634 2448; x_wconf 90' lang='lat' dir='ltr'><strong>enim</strong></span> <span class='ocrx_word' id='word_1_820' title='bbox 1652 2420 1699 2446; x_wconf 93' lang='lat' dir='ltr'><strong>uni</strong></span> 
     </span>
    </p>
   </div>
   <div class='ocr_carea' id='block_1_109' title="bbox 923 2465 1703 2505">
    <p class='ocr_par' dir='ltr' id='par_1_109' title="bbox 923 2465 1703 2505">
     <span class='ocr_line' id='line_1_109' title="bbox 923 2465 1703 2505; baseline -0.004 -9"><span class='ocrx_word' id='word_1_821' title='bbox 923 2469 1023 2505; x_wconf 89' lang='lat' dir='ltr'><strong>populo</strong></span> <span class='ocrx_word' id='word_1_822' title='bbox 1039 2473 1069 2496; x_wconf 90' lang='lat' dir='ltr'><strong>ut</strong></span> <span class='ocrx_word' id='word_1_823' title='bbox 1091 2470 1166 2501; x_wconf 87' lang='lat' dir='ltr'><strong>olim,</strong></span> <span class='ocrx_word' id='word_1_824' title='bbox 1192 2469 1239 2497; x_wconf 87' lang='lat' dir='ltr'><strong>sed</strong></span> <span class='ocrx_word' id='word_1_825' title='bbox 1261 2468 1388 2496; x_wconf 85' lang='lat' dir='ltr'><strong>omnibus</strong></span> <span class='ocrx_word' id='word_1_826' title='bbox 1403 2467 1527 2503; x_wconf 76' lang='lat' dir='ltr'><strong>gentibus</strong></span> <span class='ocrx_word' id='word_1_827' title='bbox 1545 2469 1571 2493; x_wconf 87' lang='lat' dir='ltr'><strong>et</strong></span> <span class='ocrx_word' id='word_1_828' title='bbox 1593 2465 1703 2501; x_wconf 78' lang='lat' dir='ltr'><strong>populis</strong></span> 
     </span>
    </p>
   </div>
   <div class='ocr_carea' id='block_1_110' title="bbox 923 2510 1700 2546">
    <p class='ocr_par' dir='ltr' id='par_1_110' title="bbox 923 2510 1700 2546">
     <span class='ocr_line' id='line_1_110' title="bbox 923 2510 1700 2546; baseline -0.005 -5"><span class='ocrx_word' id='word_1_829' title='bbox 923 2514 1049 2541; x_wconf 88' lang='lat' dir='ltr'><strong>virtutem</strong></span> <span class='ocrx_word' id='word_1_830' title='bbox 1063 2521 1140 2540; x_wconf 85' lang='lat' dir='ltr'><strong>suam</strong></span> <span class='ocrx_word' id='word_1_831' title='bbox 1159 2517 1249 2540; x_wconf 51' lang='lat' dir='ltr'><strong>unum</strong></span> <span class='ocrx_word' id='word_1_832' title='bbox 1267 2513 1349 2545; x_wconf 81' lang='lat' dir='ltr'><strong>fecit;</strong></span> <span class='ocrx_word' id='word_1_833' title='bbox 1365 2513 1426 2540; x_wconf 91' lang='lat' dir='ltr'><strong>ideo</strong></span> <span class='ocrx_word' id='word_1_834' title='bbox 1443 2516 1555 2546; x_wconf 86' lang='lat' dir='ltr'><strong>stupens</strong></span> <span class='ocrx_word' id='word_1_835' title='bbox 1575 2514 1602 2538; x_wconf 85' lang='lat' dir='ltr'><strong>et</strong></span> <span class='ocrx_word' id='word_1_836' title='bbox 1616 2510 1700 2538; x_wconf 20' lang='lat' dir='ltr'><strong>mirat-</strong></span> 
     </span>
    </p>
   </div>
   <div class='ocr_carea' id='block_1_111' title="bbox 922 2556 1702 2591">
    <p class='ocr_par' dir='ltr' id='par_1_111' title="bbox 922 2556 1702 2591">
     <span class='ocr_line' id='line_1_111' title="bbox 922 2556 1702 2591; baseline -0.003 -5"><span class='ocrx_word' id='word_1_837' title='bbox 922 2558 1030 2587; x_wconf 86' lang='lat' dir='ltr'><strong>bundus</strong></span> <span class='ocrx_word' id='word_1_838' title='bbox 1054 2558 1117 2585; x_wconf 90' lang='lat' dir='ltr'><strong>aio:</strong></span> <span class='ocrx_word' id='word_1_839' title='bbox 1132 2558 1212 2591; x_wconf 75' lang='lat' dir='ltr'><strong>Deus,</strong></span> <span class='ocrx_word' id='word_1_840' title='bbox 1239 2559 1265 2585; x_wconf 87' lang='lat' dir='ltr'><strong>in</strong></span> <span class='ocrx_word' id='word_1_841' title='bbox 1287 2562 1377 2585; x_wconf 77' lang='lat' dir='ltr'><strong>sancto</strong></span> <span class='ocrx_word' id='word_1_842' title='bbox 1389 2559 1430 2585; x_wconf 83' lang='lat' dir='ltr'><strong>via</strong></span> <span class='ocrx_word' id='word_1_843' title='bbox 1452 2562 1513 2588; x_wconf 83' lang='lat' dir='ltr'><strong>tua;</strong></span> <span class='ocrx_word' id='word_1_844' title='bbox 1530 2557 1629 2584; x_wconf 84' lang='lat' dir='ltr'><strong>etenim</strong></span> <span class='ocrx_word' id='word_1_845' title='bbox 1649 2556 1702 2584; x_wconf 67' lang='lat' dir='ltr'><strong>via:</strong></span> 
     </span>
    </p>
   </div>
   <div class='ocr_carea' id='block_1_112' title="bbox 922 2604 1698 2640">
    <p class='ocr_par' dir='ltr' id='par_1_112' title="bbox 922 2604 1698 2640">
     <span class='ocr_line' id='line_1_112' title="bbox 922 2604 1698 2640; baseline -0.005 -8"><span class='ocrx_word' id='word_1_846' title='bbox 922 2609 974 2632; x_wconf 73' lang='lat' dir='ltr'><strong>tua:</strong></span> <span class='ocrx_word' id='word_1_847' title='bbox 995 2604 1200 2640; x_wconf 88' lang='lat' dir='ltr'><strong>comprehensio</strong></span> <span class='ocrx_word' id='word_1_848' title='bbox 1226 2604 1371 2631; x_wconf 86' lang='lat' dir='ltr'><strong>humanam</strong></span> <span class='ocrx_word' id='word_1_849' title='bbox 1393 2607 1518 2630; x_wconf 87' lang='lat' dir='ltr'><strong>naturam</strong></span> <span class='ocrx_word' id='word_1_850' title='bbox 1538 2606 1698 2637; x_wconf 77' lang='lat' dir='ltr'><strong>exsuperat;</strong></span> 
     </span>
    </p>
   </div>
   <div class='ocr_carea' id='block_1_113' title="bbox 921 2648 1697 2685">
    <p class='ocr_par' dir='ltr' id='par_1_113' title="bbox 921 2648 1697 2685">
     <span class='ocr_line' id='line_1_113' title="bbox 921 2648 1697 2685; baseline -0.005 -7"><span class='ocrx_word' id='word_1_851' title='bbox 921 2651 958 2678; x_wconf 89' lang='lat' dir='ltr'><strong>ita</strong></span> <span class='ocrx_word' id='word_1_852' title='bbox 972 2654 1001 2677; x_wconf 86' lang='lat' dir='ltr'><strong>ut</strong></span> <span class='ocrx_word' id='word_1_853' title='bbox 1017 2650 1063 2678; x_wconf 89' lang='lat' dir='ltr'><strong>hic</strong></span> <span class='ocrx_word' id='word_1_854' title='bbox 1086 2650 1207 2685; x_wconf 89' lang='lat' dir='ltr'><strong>apposite</strong></span> <span class='ocrx_word' id='word_1_855' title='bbox 1225 2649 1332 2677; x_wconf 84' lang='lat' dir='ltr'><strong>dicatur</strong></span> <span class='ocrx_word' id='word_1_856' title='bbox 1347 2659 1354 2676; x_wconf 86' lang='lat'><strong>:</strong></span> <span class='ocrx_word' id='word_1_857' title='bbox 1372 2649 1393 2676; x_wconf 88' lang='grc'><strong><em>0</em></strong></span> <span class='ocrx_word' id='word_1_858' title='bbox 1410 2648 1523 2675; x_wconf 85' lang='lat' dir='ltr'><strong>altitudo</strong></span> <span class='ocrx_word' id='word_1_859' title='bbox 1534 2648 1697 2680; x_wconf 83' lang='lat' dir='ltr'><strong>diuitiarum,</strong></span> 
     </span>
    </p>
   </div>
   <div class='ocr_carea' id='block_1_114' title="bbox 919 2692 1698 2730">
    <p class='ocr_par' dir='ltr' id='par_1_114' title="bbox 919 2692 1698 2730">
     <span class='ocr_line' id='line_1_114' title="bbox 919 2692 1698 2730; baseline -0.004 -8"><span class='ocrx_word' id='word_1_860' title='bbox 919 2695 1056 2730; x_wconf 72' lang='lat' dir='ltr'><strong>sapientia:</strong></span> <span class='ocrx_word' id='word_1_861' title='bbox 1080 2700 1104 2723; x_wconf 88' lang='lat' dir='ltr'><strong>et</strong></span> <span class='ocrx_word' id='word_1_862' title='bbox 1127 2695 1242 2722; x_wconf 70' lang='lat' dir='ltr'><strong>scientia!</strong></span> <span class='ocrx_word' id='word_1_863' title='bbox 1265 2694 1320 2726; x_wconf 81' lang='lat' dir='ltr'><strong>Dei,</strong></span> <span class='ocrx_word' id='word_1_864' title='bbox 1339 2702 1416 2729; x_wconf 85' lang='lat' dir='ltr'><strong>quam</strong></span> <span class='ocrx_word' id='word_1_865' title='bbox 1429 2692 1698 2728; x_wconf 77' lang='lat' dir='ltr'><strong>incomprehensibilia</strong></span> 
     </span>
    </p>
   </div>
   <div class='ocr_carea' id='block_1_115' title="bbox 921 2737 1696 2776">
    <p class='ocr_par' dir='ltr' id='par_1_115' title="bbox 921 2737 1696 2776">
     <span class='ocr_line' id='line_1_115' title="bbox 921 2737 1696 2776; baseline -0.005 -8"><span class='ocrx_word' id='word_1_866' title='bbox 921 2741 1093 2776; x_wconf 73' lang='lat' dir='ltr'><strong>suntjudicia</strong></span> <span class='ocrx_word' id='word_1_867' title='bbox 1104 2741 1171 2775; x_wconf 75' lang='lat' dir='ltr'><strong>ejus,</strong></span> <span class='ocrx_word' id='word_1_868' title='bbox 1192 2746 1215 2768; x_wconf 90' lang='lat' dir='ltr'><strong>el</strong></span> <span class='ocrx_word' id='word_1_869' title='bbox 1233 2739 1427 2775; x_wconf 74' lang='lat' dir='ltr'><strong>investigabiles</strong></span> <span class='ocrx_word' id='word_1_870' title='bbox 1443 2740 1491 2766; x_wconf 69' lang='lat' dir='ltr'><strong>vim</strong></span> <span class='ocrx_word' id='word_1_871' title='bbox 1512 2738 1569 2773; x_wconf 74' lang='lat' dir='ltr'><strong>ejus</strong></span> <span class='ocrx_word' id='word_1_872' title='bbox 1582 2739 1621 2765; x_wconf 71' lang='lat' dir='ltr'><strong>“&#39;l</strong></span> <span class='ocrx_word' id='word_1_873' title='bbox 1637 2737 1696 2765; x_wconf 85' lang='lat' dir='ltr'><strong>Non</strong></span> 
     </span>
    </p>
   </div>
   <div class='ocr_carea' id='block_1_116' title="bbox 922 2784 1699 2822">
    <p class='ocr_par' dir='ltr' id='par_1_116' title="bbox 922 2784 1699 2822">
     <span class='ocr_line' id='line_1_116' title="bbox 922 2784 1699 2822; baseline -0.003 -9"><span class='ocrx_word' id='word_1_874' title='bbox 922 2787 993 2814; x_wconf 90' lang='lat' dir='ltr'><strong>ultra</strong></span> <span class='ocrx_word' id='word_1_875' title='bbox 1007 2795 1070 2822; x_wconf 74' lang='lat' dir='ltr'><strong>ergo</strong></span> <span class='ocrx_word' id='word_1_876' title='bbox 1085 2786 1192 2815; x_wconf 83' lang='lat' dir='ltr'><strong>curiose</strong></span> <span class='ocrx_word' id='word_1_877' title='bbox 1212 2787 1360 2822; x_wconf 87' lang='lat' dir='ltr'><strong>inquirere,</strong></span> <span class='ocrx_word' id='word_1_878' title='bbox 1376 2789 1421 2813; x_wconf 86' lang='lat' dir='ltr'><strong>aut</strong></span> <span class='ocrx_word' id='word_1_879' title='bbox 1437 2790 1540 2814; x_wconf 79' lang='lat' dir='ltr'><strong>secreta</strong></span> <span class='ocrx_word' id='word_1_880' title='bbox 1553 2784 1699 2820; x_wconf 77' lang='lat' dir='ltr'><strong>explorare</strong></span> 
     </span>
    </p>
   </div>
   <div class='ocr_carea' id='block_1_117' title="bbox 928 2858 972 2891">
    <p class='ocr_par' dir='ltr' id='par_1_117' title="bbox 928 2858 972 2891">
     <span class='ocr_line' id='line_1_117' title="bbox 928 2858 972 2891; baseline -0.023 0"><span class='ocrx_word' id='word_1_881' title='bbox 928 2858 972 2891; x_wconf 73' lang='lat'><strong>3‘5.</strong></span> 
     </span>
    </p>
   </div>
  </div>
