2024 3214
97 191 154 219 197

661 193 911 224 COMMENTARIA
931 197 967 227 ΙΝ
984 198 1152 229 PSALRWS.

1203 185 1224 212 Ἰ
1237 177 1265 216 (θ
1665 211 1718 240 898

108 251 190 279 Ἀλλὰ
206 251 257 287 μὲν
271 251 366 287 πρῶτα
379 252 463 283 ὕδατα
478 252 599 288 ὲφοὸεττο
611 253 656 280 τὸν
669 254 744 288 Θεὸν,
759 257 786 282 αἱ
799 256 826 282 δὲ
840 256 872 292 δη

937 264 1093 288 memoratae
1116 261 1208 298 abyssi
1224 263 1337 291 turbata:
1360 270 1424 293 sunt
1452 276 1458 294 :
1480 271 1578 302 pmter
1592 268 1637 296 illa
1652 277 1718 299 vero

102 298 232 326 λωθεϊσαι
239 298 349 326 ἄϐυσσοι
358 298 535 334 ἐταράττοντο
541 307 548 313 '
558 298 647 334 τρὶτον
657 300 684 327 δὲ
692 301 785 336 τάγμα
793 303 889 337 τυγχά-

940 304 1037 333 tertius
1051 306 1118 334 ordo
1135 312 1270 343 superest,
1287 317 1382 345 nempe
1407 312 1531 345 nubium,
1547 321 1608 349 qua:
1622 322 1718 343 vocem

101 354 141 372 νει
157 345 235 381 παρὰ
251 346 284 372 τὰ
297 345 445 380 λελεγμένα
458 345 488 371 τὸ
499 345 552 372 τῶν
567 346 684 380 νεφελῶν
695 368 702 380 ,
720 348 734 374 ὃ
747 347 779 383 δὴ
797 349 871 385 φωνὴ

938 350 1081 395 dederunt.
1097 353 1162 386 Quae
1185 355 1272 382 nubes
1285 355 1337 382 illa:
1351 361 1439 389 erant,
1455 358 1507 385 nisi
1528 345 1626 393 quibus
1647 367 1717 395 pra:-

104 392 196 420 ἑδωιιε,
212 392 290 423 Τίνες
302 392 329 418 δὲ
341 389 410 427 ἦσαν
423 393 450 419 αἱ
464 391 588 426 νεφέλαι,
601 393 657 420 ἀλλ’
670 393 686 428 ἦ
699 395 726 420 αἱ
738 394 888 421 κελευσθεῖ-

104 444 146 462 σαι
161 435 199 471 μὴ
216 435 321 471 βρέχειν
335 437 381 463 ἐπὶ
395 436 440 463 τδν
456 437 586 472 πρότερον
597 437 755 473 ἀμπελῶνα,
772 440 842 466 κατὰ
857 439 886 466 τὸ

102 482 189 517 φῆσαν
207 481 296 516 λόγιον
308 491 314 497 ·
331 483 385 509 Καὶ
406 483 470 516 ταῖς
483 483 622 518 νεφέλαις
637 484 811 519 ὲντελοῦμαι
832 485 886 512 τοῦ

97 527 139 562 μὴ
152 527 261 562 ,βρέξαι
277 528 322 554 ἐπ’
339 527 432 555 αὑτὸν
443 549 451 562 ,
467 528 545 563 δῆλον
562 529 600 560 δὲ,
615 530 655 555 ὅτι
672 529 717 556 τὸν
731 531 762 556 ὲκ
778 539 886 566 περιτο-

103 572 154 608 μῆς
165 572 246 605 Mdv;
262 573 380 607 Νεφέλαι
391 573 418 599 δὲ
432 573 641 608 πεπληρωμέναι
658 574 760 601 ὑδάτων
775 575 812 610 μὴ
825 575 886 602 ὕου-

45 634 56 639 -
102 626 145 644 σαι
160 618 206 644 ἰπὶ
220 618 266 645 τὸν
282 618 393 645 παλαιὸν
406 619 553 654 ἀμπελῶνα
567 619 639 651 τινες
651 619 682 646 ἂν
696 619 750 647 εῐεν
765 621 781 656 ἢ
798 622 821 647 oi
838 620 883 647 τοῦ

100 663 225 700 Σωτῆρος
240 664 358 699 μαθηταὶ
368 665 413 691 καὶ
426 665 567 692 ἀπόστολοι
582 665 628 691 καὶ
640 666 827 700 εὐαγγελισταὶ
836 687 842 698 ,
859 667 883 693 οῖ

99 709 158 736 καθ’
168 709 231 746 ὅλης
247 709 296 744 τῆς
302 710 462 746 οἰκουμένης
476 710 520 737 τὸν
537 711 695 746 ἐπουράνιον
711 712 787 738 ὑετὸν
796 712 883 739 διαδε-

97 753 221 787 δωκότες,
231 756 322 791 φωνὴν
335 756 448 788 ἔδωκαν,
460 756 529 783 ὥστε
537 758 576 788 εἰς
591 757 680 785 πᾶσαν
691 758 740 793 τὴν
748 758 799 793 γῆν
808 758 881 791 ἐξελ-

99 800 153 827 Θεῖν
163 801 210 828 τὸν
221 801 339 836 φθόγγον
348 802 449 835 αὐτῶν,
465 803 511 829 καὶ
521 804 560 834 εἰς
571 803 604 830 τὰ
615 803 720 839 πέρατα
732 803 782 838 τῆς
793 805 882 830 οἰκου-

99 846 182 882 μένης
192 847 226 874 τὰ
241 848 350 883 ῥήματα
365 848 468 881 αὑτῶν;
483 850 527 875 Διὺ
539 849 678 876 λέλεκται·
693 850 797 884 Φωνὴν
812 851 881 877 ἐδω-

96 901 153 919 καν
167 895 197 920 αι
208 893 346 928 νεφέλαι·
366 895 414 921 καὶ
431 895 485 929 γὰρ
502 895 538 921 τὰ
548 895 626 929 βέλη
644 904 701 923 σου
726 896 880 930 διαπορεύ-

95 948 186 967 artat.
202 940 269 967 Ποῖα
282 940 310 966 δὲ
324 940 358 966 τὰ
370 940 433 976 βέλη
448 941 463 976 ἢ
479 941 511 968 τὰ
522 943 642 977 σωτήρια
656 942 703 968 καὶ
715 942 749 968 τὰ
764 942 880 969 ὲκλεκτὰ

93 985 128 1012 τὰ
143 985 327 1021 τιτρώσκοντα
343 986 392 1018 τὰς
405 986 461 1012 τῶν
478 986 637 1022 σωζομένων
665 987 751 1023 ψυχὰς
761 1008 769 1019 ,
792 988 825 1013 δι’
842 985 879 1014 ὧν

93 1033 111 1069 ἡ
131 1034 226 1068 νύμφη
249 1032 367 1067 Χριστοῦ
388 1033 404 1068 ἡ
427 1033 574 1068 Ἐκκλησία
589 1034 738 1069 τετρῶσθαι
755 1035 880 1070 ὁμολογεῖ

92 1078 235 1113 φάσκουσα
245 1086 252 1092 ·
267 1078 327 1104 Ὅτι
339 1078 502 1112 τετρωμένη
516 1078 632 1113 ἀγάπης
643 1080 700 1113 ἐγώ
707 1087 716 1111 ;
728 1080 782 1106 Καὶ
799 1081 879 1112 αὐτὸς

91 1123 119 1150 δὲ
133 1125 147 1151 ὁ
162 1123 258 1160 Σωτὴρ
275 1123 349 1159 βέλος
363 1123 503 1158 ὼνόμαστο
520 1125 590 1151 κατὰ
605 1125 651 1151 τὸν
676 1125 787 1153 εἰπόντα
811 1134 879 1162 προ-

87 1170 194 1206 φήτην·
221 1169 331 1203 Ἔθηκέ
341 1178 379 1204 με
392 1170 431 1202 ὠς
442 1170 536 1202 ,βέλος
551 1169 693 1197 ἐκλεκτὸν
702 1191 709 1200 ,
732 1171 781 1197 καὶ
795 1172 829 1198 ἐν
841 1171 879 1206 τῇ

89 1215 220 1250 φαρέτρᾳ
233 1215 326 1242 αὑτοῦ
338 1215 451 1250 ἔκρυψέ
465 1224 503 1250 με
516 1225 522 1231 ·
555 1216 633 1244 Ἀλλὰ
646 1217 692 1243 τοῦ
711 1218 759 1252 μὲν
772 1218 878 1253 Πατρός

91 1261 167 1296 βέλος
184 1259 219 1297 ἦν
234 1262 249 1288 ὁ
267 1262 414 1298 μονογενὴς
423 1262 504 1288 αὑτοῦ
518 1262 602 1297 Λόγος
612 1271 618 1276 ·
630 1262 677 1289 τοῦ
693 1263 720 1289 δὲ
738 1263 802 1289 Υἱοῦ
814 1263 876 1299 βέλη

88 1307 236 1343 ἐτύγχανον
250 1309 273 1334 oi
289 1307 440 1339 ἀπόστολοι,
454 1309 500 1334 καὶ
514 1308 548 1335 τά
558 1308 616 1334 θεῖα
630 1309 677 1335 καὶ
691 1310 876 1345 πεπυρωμένα

87 1353 172 1380 αὑτοῦ
185 1353 272 1388 λόγια.
301 1354 346 1380 Διὸ
361 1353 484 1380 λέλεκται
498 1355 527 1380 ὲν
541 1354 580 1389 τῷ
597 1355 662 1390 περὶ
674 1355 721 1382 τοῦ
734 1355 875 1390 ἀγαπητοῦ

85 1397 188 1433 ψαλμῷ
199 1406 205 1413 ·
234 1397 275 1425 Τὰ
288 1398 367 1432 ,βέλη
385 1407 442 1425 σου
458 1399 641 1434 ἠκονημένα,
658 1401 725 1427 λαοὶ
738 1400 876 1428 ὑποκάτω

85 1452 145 1471 σου
161 1443 335 1471 πεσοῦνται.
365 1444 442 1471 Οὕτω
455 1445 476 1471 δ’
492 1443 539 1472 οὖν
554 1446 600 1472 καὶ
615 1446 732 1473 ἐνταῦθα
750 1447 873 1483 εἴρηται·

86 1489 142 1516 Καὶ
153 1489 210 1524 γὰρ
219 1489 254 1517 τὰ
261 1489 338 1524 ,ϐέλη
350 1498 407 1517 σου
419 1490 653 1525 διαπορεύονται.
666 1493 873 1528 Περιτρέχονται

85 1533 140 1569 γὰρ
152 1534 310 1569 ἁπανταχοῦ
323 1535 356 1561 τά
372 1535 418 1561 τοῦ
432 1536 549 1571 Χριστοῦ
563 1536 626 1571 βέλη
640 1537 809 1573 διεπορεύετο
823 1547 874 1574 κη-

937 388 1045 432 ceptum
1057 398 1143 425 fuerat
1159 408 1192 428 ne
1206 400 1330 436 pluerent
1353 409 1434 436 super
1451 388 1557 430 vineam
1576 388 1718 440 illam-pri-

937 443 1054 476 stinam;
1071 445 1220 472 secundum
1236 446 1312 478 illud,
1332 447 1365 473 Et
1400 448 1509 475 nubibus
1532 450 1660 478 mandabo
1686 461 1717 480 ne

935 487 1028 521 pluunt
1043 497 1120 523 super
1135 498 1193 517 eam
1207 491 1316 519 imbrem
1334 493 1356 508 ⁸⁸
1367 502 1374 526 ;
1386 493 1511 521 videlicet
1531 503 1613 530 super
1631 505 1715 532 popu-

936 534 990 561 lum
1007 543 1038 562 ex
1060 535 1289 565 circumcisione?
1312 537 1404 566 Nubes
1419 545 1508 567 autem
1526 542 1604 575 aquis
1620 543 1713 577 plene,

935 588 985 607 nec
1003 589 1084 616 super
1098 582 1203 610 vineam
1229 583 1302 610 illam
1327 585 1470 618 pristinam
1493 587 1625 620 pluentes,
1642 597 1715 623 qua:-

934 634 997 652 nam
1022 626 1122 653 fuerint
1143 628 1194 655 nisi
1221 627 1372 656 Salvatoris
1399 630 1538 666 discipuli,
1557 633 1671 667 apostoli
1688 639 1715 661 et

933 672 1114 707 evangelista,
1133 673 1177 708 qui
1198 682 1245 708 per
1263 679 1349 702 totum
1373 676 1466 703 orbem
1489 679 1627 706 caelestem
1656 680 1715 714 plu-

932 717 1005 744 viam
1017 718 1213 752 impertientes,
1233 728 1324 747 vocem
1343 720 1489 754 dederunt.
1505 724 1542 750 ita
1561 728 1590 750 ut
1604 724 1630 751 in
1648 733 1714 752 om—

932 772 993 791 nem
1006 768 1107 792 terram
1118 765 1214 792 exierit
1226 774 1310 794 sonus
1322 774 1425 797 eorum.
1453 773 1479 795 et
1495 769 1522 795 in
1548 769 1615 797 lines
1637 771 1714 798 orbis

932 814 1012 837 terra
1031 811 1112 837 verba
1134 811 1247 838 eorum?
1260 810 1323 838 ideo
1342 812 1444 839 dictum
1461 819 1502 840 est
1518 822 1524 840 :
1540 813 1634 848 (Vsus.
1655 815 1712 851 l9.)

936 855 1029 882 Vocem
1041 854 1167 882 dederunt
1178 855 1267 887 nubes,
1281 858 1374 883 etenim
1383 858 1486 892 sagitta:
1498 863 1549 885 tuw
1563 865 1710 888 transeunt.

931 901 1061 934 Quantam
1073 902 1188 936 sagittae,
1206 903 1257 930 nisi
1279 903 1412 931 salutares
1431 908 1457 930 et
1471 904 1564 932 electa:
1577 906 1638 939 illm,
1651 914 1712 942 quas

931 947 1035 975 animas
1055 948 1171 975 salutem
1189 953 1383 977 consecuturos
1410 950 1563 980 vulnerant.
1580 952 1657 986 queis
1681 960 1712 980 se

931 993 1030 1020 Christi
1043 1001 1143 1028 sponsa
1155 993 1276 1021 Ecclesia
1291 995 1460 1022 vulneratam
1474 996 1574 1023 latetur
1589 997 1632 1024 his
1646 1006 1709 1024 ver-

930 1038 983 1068 bis.
1000 1038 1069 1071 Quia
1085 1039 1221 1066 vulnerata
1236 1049 1324 1067 αιτιοι-ε
1339 1049 1396 1068 sum
1408 1041 1450 1068 ‘9?
1462 1041 1573 1077 Ipseque
1586 1042 1711 1072 Salvator

930 1084 1027 1118 sagitta
1045 1089 1158 1112 vocatur
1179 1086 1248 1120 apud
1279 1087 1436 1122 prophetam
1451 1088 1597 1121 dicentem,
1614 1090 1709 1118 Posuit

929 1138 970 1156 me
983 1131 1059 1165 quasi
1073 1132 1195 1166 sagittam
1220 1132 1340 1163 electam,
1356 1138 1380 1159 et
1402 1134 1428 1160 in
1443 1134 1566 1168 pharetra
1581 1144 1630 1162 sua
1647 1135 1710 1163 abs-

928 1176 1016 1203 condit
1033 1185 1072 1204 me
1083 1178 1116 1205 '°.
1142 1177 1194 1205 Sed
1209 1177 1298 1205 Patris
1311 1178 1419 1213 quidem
1431 1180 1527 1215 sagitta
1540 1182 1710 1216 unigenitum

928 1221 988 1256 ejus
1011 1221 1129 1248 Verbum
1155 1226 1231 1255 erat;
1252 1222 1313 1250 Filii
1333 1231 1396 1250 vero
1421 1225 1524 1260 sagitta:
1546 1230 1624 1253 erant
1644 1234 1710 1263 apo-

928 1268 1000 1300 stoli.
1018 1275 1125 1295 necnon
1139 1269 1228 1296 divina
1244 1273 1270 1296 et
1296 1269 1379 1305 ignita
1396 1270 1456 1305 ejus
1471 1271 1589 1306 eloquia.
1605 1272 1708 1305 Quam-

926 1312 1019 1340 obrem
1037 1313 1064 1339 in
1080 1313 1186 1348 psalmo
1200 1314 1232 1340 de
1248 1314 1347 1341 dilecto
1359 1315 1460 1342 dicitur
1486 1326 1492 1343 :
1522 1316 1633 1352 Sagittae
1658 1322 1709 1344 tua:

926 1362 1021 1389 acuta,
1049 1358 1139 1392 populi
1153 1358 1199 1385 sub
1218 1363 1241 1385 te
1253 1359 1392 1388 cadent".
1410 1360 1455 1388 Sic
1473 1362 1563 1396 itaque
1586 1362 1612 1390 in
1636 1371 1708 1398 prae—

926 1402 995 1429 senti
1009 1402 1111 1430 dictum
1125 1407 1167 1430 est
1189 1413 1195 1430 :
1218 1403 1322 1430 Etenim
1347 1406 1452 1440 sagitta
1483 1412 1534 1433 tua:
1559 1412 1706 1436 transeunt.

925 1443 992 1471 Nam
1006 1446 1111 1479 sagitta:
1123 1445 1222 1474 Christi
1244 1447 1344 1482 ubique
1369 1449 1548 1483 praedicantes
1564 1458 1707 1485 percurre-

923 1491 1005 1524 bant;
1023 1491 1084 1518 ideo
1100 1499 1187 1518 vocem
1202 1491 1328 1519 dederunt
1343 1494 1439 1524 nubes;
1466 1495 1513 1522 sed
1536 1497 1628 1529 etiam,
1658 1496 1709 1523 in-

924 1537 992 1572 quit,
1008 1544 1057 1563 uox
1073 1538 1182 1564 tonitrut‘
1193 1538 1232 1564 tui
1248 1539 1275 1565 in
1287 1544 1356 1566 rota.
1367 1538 1530 1567 Tonitruum
1558 1541 1602 1568 hic
1621 1549 1707 1569 evan-

88 1578 218 1615 ρύττοντα
228 1588 235 1595 ι
251 1580 291 1606 διὸ
304 1580 408 1615 φωνὴν
423 1581 538 1608 ἔδωκαν
550 1584 579 1608 αὶ
593 1583 716 1617 νεφέλαι
727 1592 733 1599 ·
747 1584 813 1611 ἀλλὰ
827 1584 873 1611 καὶ⁹

924 1583 1037 1618 gelicam
1053 1583 1273 1618 praedicationem
1289 1585 1452 1612 subindicat.
1470 1585 1546 1614 Sicut
1562 1588 1634 1614 enim
1654 1595 1707 1616 vox

85 1625 173 1660 Φωνὴ
185 1625 240 1660 τῆς
256 1625 460 1661 βροντῆςσου,
477 1629 567 1663 φησὶν,
580 1629 615 1655 ἐν
626 1629 664 1662 τῷ
676 1630 781 1663 τροχῷο
796 1629 872 1665 βρον-

85 1671 134 1708 τὴν
150 1671 181 1699 δὲ
194 1672 311 1699 ἐνταῦθα
325 1673 355 1700 τὺ
371 1674 501 1710 κήρυγμα
519 1674 549 1700 τὸ
570 1676 744 1710 εὑαγγελικὺν
758 1677 872 1703 αἰνίττε-

84 1726 138 1745 ται.
176 1718 221 1750 Ὡς
237 1718 292 1754 γὰρ
311 1719 386 1755 φωνὴ
402 1719 515 1755 βροντῆς
529 1720 653 1756 οὐράνιος
668 1722 796 1757 τυγχάνει
812 1722 870 1758 βοὴ,

86 1765 132 1792 καὶ
150 1765 241 1792 πᾶσαν
264 1765 435 1802 ἀνθρωπίνην
457 1767 660 1801 ὑπερϐάλλουσα
677 1768 790 1804 δύναμιν
802 1789 808 1801 ,
826 1769 871 1796 τὸν

85 1811 167 1838 αὑτὸν
179 1811 278 1846 τρόπον
292 1811 338 1838 καὶ
351 1812 380 1838 τὸ
396 1812 570 1847 εὐαγγελικδν
585 1814 715 1849 κήρυγμα
726 1835 733 1848 ,
747 1815 871 1850 οὐράνιον

83 1857 227 1893 τδγχάνον,
241 1858 291 1884 οὐκ
304 1858 475 1894 ἀνθρωπίνην
491 1861 626 1895 περιεῖχεν
640 1860 725 1895 ἰσχύν.
739 1861 805 1887 Οὐδὲ
817 1862 870 1897 γάρ

84 1903 116 1930 ὲκ
131 1903 234 1939 θνητῆς
249 1903 344 1940 βουλῆς
358 1904 483 1940 ὡρμᾶτο·
508 1906 555 1932 σὺν
569 1905 644 1941 Θεῖκῇ
660 1906 688 1932 δὲ
704 1906 813 1942 δυνάμει
826 1907 870 1933 τὸν

84 1949 231 1985 σύμπαντα
245 1950 361 1986 ἐπλήρου
378 1951 487 1986 κόσμον.
508 1951 553 1978 Διὸ
568 1951 615 1978 καλ⁸
629 1952 691 1984 τοὺς
707 1952 870 1985 ἀποστόλους

83 1995 166 2022 αὐτοῦ
175 1996 190 2022 ὁ
201 1994 296 2032 Σωτὴρ
305 1996 473 2031 ,βοανῆργιες
483 1997 632 2032 ὠνόμαζεν,
647 1998 714 2033 ὅπερ
725 1998 870 2034 ἑρμηνεύε-

83 2050 127 2069 ται
138 2042 349 2076 υιοὶβροντῆς.
359 2042 461 2069 Οὐκοῦν
469 2043 516 2069 καὶ
527 2042 642 2070 ἐνταῦθα
651 2044 804 2075 ἀκολούθως
813 2045 869 2076 τοῖς

83 2086 238 2123 ἔμπροσθεν
254 2088 374 2123 εἴρηται·
391 2088 476 2122 Φωνὴ
493 2088 548 2121 τῆς
560 2087 693 2122 βροντῆς
709 2097 766 2115 σου
780 2089 814 2115 ἐν
829 2087 869 2121 τῷ

81 2132 188 2168 τροχῷ.
204 2132 306 2168 Τροχὸν
317 2133 346 2159 δὲ
361 2134 486 2169 σημαίνει
499 2134 545 2159 τὸν
558 2133 702 2168 σύμπαντα
718 2133 773 2168 βίον
782 2142 789 2148 ·
807 2133 869 2159 ἐπεὶ

81 2179 128 2206 καὶ
140 2179 171 2205 ὲν
183 2178 224 2213 τῷ
245 2179 367 2215 Ἑζεκιὴλ
381 2179 477 2215 τροχὸς
492 2181 519 2205 ὲν
534 2179 622 2215 τροχῷ
639 2179 761 2206 λέλεκται
773 2180 788 2206 ό
802 2179 869 2214 σύμ-

81 2224 202 2256 παςτιῖΝ
215 2224 364 2259 ἀνθρώπων
382 2224 447 2260 βίος.
463 2225 539 2251 Ἐστι
556 2225 604 2260 μὲν
617 2223 663 2252 οὖν
679 2225 775 2260 τροχὸς
786 2225 800 2250 ὁ
821 2225 868 2251 κό-

923 1629 1037 1656 tonitrui
1059 1630 1178 1657 ccelestis
1196 1630 1302 1658 sonitus
1321 1629 1587 1668 est,'humanamque
1597 1640 1708 1661 omnem

923 1675 1050 1703 virtutem
1061 1679 1223 1711 exsuperat;
1242 1676 1282 1703 sic
1307 1681 1334 1704 et
1359 1679 1515 1713 evangelica
1538 1679 1708 1714 praedicatio,

922 1722 1042 1749 ccelestis
1054 1729 1116 1749 cum
1130 1722 1175 1755 sit,
1193 1730 1248 1749 non
1266 1722 1384 1750 humana
1399 1724 1498 1750 virtute
1514 1723 1625 1758 praedita
1636 1728 1706 1751 erat.

922 1766 1014 1802 Neque
1030 1767 1103 1795 enim
1121 1776 1154 1795 ex
1166 1767 1272 1794 mortali
1292 1767 1432 1795 voluntate
1442 1769 1579 1803 prodibat,
1595 1769 1642 1796 sed
1662 1769 1715 1796 di-.

921 1814 983 1841 vina
999 1818 1134 1849 potestate
1149 1819 1236 1842 totum
1252 1815 1382 1850 implebat
1395 1815 1498 1842 urbem.
1517 1814 1621 1842 Idcirco
1637 1823 1706 1849 apo-

921 1860 1006 1887 stolos
1031 1868 1096 1888 suos
1119 1859 1248 1888 Servator
1273 1861 1419 1895 Baanerges
1437 1861 1614 1895 nuncupavit,
1633 1860 1705 1895 quod

922 1907 1058 1942 signiﬁcat
1075 1906 1145 1941 ﬁlias
1171 1908 1291 1934 tonitrm'.
1317 1906 1367 1933 llic
1391 1909 1482 1941 itaque
1507 1911 1707 1942 consequenter

921 1953 955 1980 ad
974 1953 1066 1988 priora
1078 1954 1181 1980 dictum
1192 1958 1244 1985 est,
1270 1953 1326 1980 Vox
1338 1953 1448 1979 tonitmi
1466 1954 1504 1979 tui
1518 1953 1545 1980 in
1562 1957 1631 1980 rota.
1649 1951 1705 1979 Ro-

920 2000 974 2024 tam
990 1997 1066 2028 dicit,
1084 2001 1169 2024 totam
1184 1998 1266 2024 vitam
1290 1998 1447 2033 signiﬁcans
1467 2007 1473 2025 :
1499 2005 1562 2025 nam
1589 1998 1617 2025 in
1642 1997 1705 2024 Ειοο

903 2044 1006 2072 -chicle
1024 2045 1047 2061 "
1063 2049 1119 2071 tota
1136 2044 1277 2071 hominum
1299 2044 1354 2071 vita
1374 2048 1433 2071 rota
1456 2044 1482 2070 in
1503 2047 1564 2071 rota
1590 2043 1703 2071 dicitur.

920 2089 989 2117 Rota
1004 2090 1067 2117 item
1083 2095 1125 2118 est
1137 2089 1256 2117 mundus
1277 2090 1323 2125 qui
1346 2089 1478 2125 sphmrica
1496 2089 1583 2116 forma
1593 2093 1645 2120 est.
1662 2092 1704 2116 at-

919 2145 972 2172 quc
984 2137 1011 2164 in
1027 2136 1160 2164 circulum
1171 2140 1306 2164 movetur.
1323 2135 1372 2162 Hic
1387 2139 1477 2162 autem
1491 2139 1549 2162 rota
1560 2139 1601 2163 est
1615 2135 1704 2162 homi-

920 2191 984 2210 num
999 2183 1065 2215 vita,
1083 2191 1143 2218 qum
1167 2182 1331 2210 indesinenti
1355 2182 1534 2210 conversione
1551 2185 1675 2209 movetur
1692 2191 1702 2210 :

920 2237 980 2264 quzc
991 2237 1074 2256 causa
1089 2233 1130 2257 est
1146 2233 1175 2256 ut
1192 2232 1253 2256 rota
1274 2229 1300 2256 in
1318 2232 1376 2256 rota
1392 2228 1463 2256 dicta
1487 2228 1578 2255 fuerit.
1603 2226 1704 2254 Secun-

83 2279 151 2306 σμος
165 2271 335 2306 σφαιροειδὴς
342 2271 389 2304 ὢν,
405 2271 641 2307 κυκλοφορητικῶς
655 2281 684 2298 τε
700 2272 867 2307 κινούμενος.

924 2275 985 2301 dum
1000 2273 1126 2309 Aquilam
1141 2281 1217 2305 vero,
1237 2273 1294 2300 Vas
1305 2273 1414 2300 tonitrui
1427 2273 1466 2299 tui
1480 2273 1506 2298 in
1521 2276 1596 2303 rota;
1609 2279 1702 2298 secun-

87 2315 220 2343 Ἐνταῦθα
231 2316 259 2343 δὲ
271 2317 366 2352 τροχὸς
375 2318 389 2343 ό
399 2318 453 2344 τῶν
464 2317 512 2344 άνο
517 2317 614 2353 ρώπων
627 2318 684 2344 ἐστὶ
698 2317 763 2352 βίος,
779 2318 868 2345 ἄπαυ-

82 2370 144 2389 στον
158 2362 208 2398 τὴν
225 2363 343 2399 στροφὴν
359 2363 529 2399 ποιούμενος·
558 2363 597 2389 διὸ
613 2364 659 2389 καὶ
673 2363 769 2399 τροχὸς
786 2365 815 2389 ὲν
829 2364 868 2400 τῷ

79 2407 172 2444 τροχῷ
183 2408 298 2444 εἴρηται.
310 2408 388 2435 Κατὰ
400 2409 427 2435 δὲ
436 2409 481 2435 τὸν
499 2408 622 2440 Ἀκύλαν,
637 2409 721 2443 Φωνὴ
735 2409 869 2443 ,βροντῆς

80 2460 140 2481 σου
157 2453 193 2480 ἐν
207 2453 248 2486 τῷ
266 2453 360 2488 τροχῷ
371 2463 377 2469 ”
395 2454 465 2481 κατὰ
479 2455 507 2481 δὲ
520 2455 564 2481 τὸν
581 2454 745 2490 Σύμμαχον,
774 2452 868 2488 Ἶιχος

76 2497 212 2533 ,βροντῆς
223 2506 280 2526 σου
295 2500 330 2526 ἐν
340 2499 379 2532 τῷ
388 2499 483 2535 τροχῷ
492 2509 498 2516 ·
511 2501 580 2527 κατὰ
594 2500 622 2526 δὲ
637 2500 682 2526 τὸν
694 2501 865 2533 Θεοδοτίωνα,

65 2543 168 2585 ῑΦωνὴ
179 2544 311 2579 βροντῆς
324 2552 382 2572 σου
392 2546 426 2572 ἐν
437 2544 475 2578 τῷ
487 2545 589 2580 τροχῷ.
607 2546 661 2572 Καὶ
673 2545 721 2572 Οέα
732 2546 804 2577 ὅπως
818 2554 867 2572 κα-

66 2589 114 2626 τὰ
129 2589 233 2622 πάντας
243 2591 307 2622 τοὺς
320 2591 487 2626 ὲρμηνευτὰς
498 2592 604 2626 τροχὸς
616 2591 771 2626 ὠνόμασται
782 2600 787 2606 ·
807 2591 866 2618 ἐπεὶ

79 2635 128 2662 καὶ
141 2635 159 2671 ἡ
181 2634 311 2671 Ἑϐραῖκὴ
325 2635 398 2668 λέξις
408 2635 558 2670 βαγελγὲλ
573 2636 703 2672 περιέχει,
713 2637 780 2672 ὅπερ
793 2636 865 2662 ἐστὶν

79 2680 114 2707 ἐν
130 2679 171 2714 τῷ
183 2679 292 2715 τροχῷ’
322 2681 392 2707 οὓτω
408 2681 436 2707 δὲ
457 2681 613 2716 ὠνόμασται
630 2682 675 2708 καὶ
692 2683 720 2709 ἐν
739 2681 776 2717 τῷ
794 2682 866 2714 Ἐζε-

79 2726 152 2763 κιήλ.
168 2727 252 2754 Ἔνθα
264 2727 416 2762 γενόμενος,
429 2728 654 2765 παρασημειώσῃ,
671 2729 707 2760 ὠς
718 2728 766 2755 καὶ
778 2729 793 2764 ἠ
807 2728 866 2755 θεία

81 2772 176 2808 Γραφὴ
188 2772 219 2798 τδ
234 2772 361 2808 περιέχον
371 2773 467 2808 τροχὸς
477 2771 542 2800 οἶδε.
563 2774 608 2799 Διὸ
618 2774 773 2808 σφαιροειδῆ
786 2782 867 2808 φασιν

79 2814 149 2847 εἶναι
173 2817 219 2844 τὸν
243 2817 352 2853 κόσμον.
387 2818 462 2845 Ἐπεὶ
482 2819 528 2846 καὶ
545 2819 573 2845 ἐν
587 2818 624 2853 τῷ
641 2818 742 2854 Ἔσδρα
756 2819 770 2844 ὁ
785 2819 867 2854 Ζορο-

114 2905 138 2922 ⁸³
157 2905 209 2933 lsa.
227 2914 254 2938 v,
272 2905 298 2934 6.
335 2905 456 2943 "_Cant.
477 2906 543 2940 ωε.
581 2907 603 2923 ’⁸
625 2915 675 2935 .sa.
699 2907 817 2942 “1:522.

917 2320 981 2348 dum
1002 2319 1206 2355 Symmachum,
1224 2319 1333 2347 Sonitus
1349 2319 1458 2346 tonitrui
1470 2319 1507 2344 tui
1521 2319 1546 2344 in
1568 2322 1643 2349 rota;
1656 2325 1701 2344 se-

916 2366 1039 2394 cundum
1056 2365 1283 2397 Theodotionem,
1303 2365 1358 2392 Vox
1374 2364 1485 2391 tonitrui
1513 2363 1552 2389 tui
1575 2364 1603 2389 in
1630 2367 1700 2390 rota.

917 2411 950 2438 Et
964 2412 1169 2439 animadvertas
1194 2411 1274 2438 velim
1292 2409 1442 2438 secundum
1460 2415 1555 2435 omnes
1569 2408 1702 2442 interpre-

918 2460 969 2488 tes,
986 2460 1054 2485 rota.
1073 2456 1176 2483 dictum
1190 2456 1274 2483 fuisse
1291 2456 1374 2490 :quia
1392 2454 1523 2481 Hebraica
1538 2453 1630 2486 lectio,
1645 2453 1699 2480 Ba-

917 2501 1010 2536 gelgcl,
1023 2500 1192 2533 circumfert,
1209 2501 1235 2528 id
1248 2505 1290 2528 est
1304 2501 1330 2527 in
1340 2504 1399 2526 rota
1410 2507 1418 2531 ;
1431 2500 1471 2526 sic
1486 2503 1575 2526 autem
1588 2499 1615 2526 in
1630 2498 1698 2526 Eze-

916 2547 1003 2574 chiele
1017 2555 1125 2582 quoque
1137 2551 1258 2574 vocatur.
1269 2545 1327 2573 Huc
1333 2553 1396 2573 cum
1406 2545 1559 2578 deveneris,
1571 2544 1700 2572 observes

916 2593 995 2620 velim
1016 2593 1136 2619 divinam
1155 2592 1324 2627 Scripturam
1340 2591 1366 2619 id
1379 2591 1451 2626 quod
1474 2591 1699 2626 circumpositum

915 2642 956 2666 est
966 2645 1015 2673 pro
1027 2641 1085 2665 rota
1104 2638 1214 2665 habere.
1226 2636 1317 2670 Quare
1339 2637 1469 2664 mundum
1487 2636 1519 2663 ad
1536 2636 1648 2671 sphaera:
1662 2637 1700 2664 si-

920 2682 1100 2710 militudinem
1117 2681 1297 2709 constitutum
1314 2681 1400 2707 aiunt.
1415 2680 1482 2707 Nam
1500 2680 1527 2707 in
1543 2680 1628 2708 Esdra
1647 2680 1700 2707 Zo-

920 2727 1031 2755 robabel
1046 2727 1169 2754 victoria:
1184 2726 1324 2762 praemium
1339 2734 1354 2753 a
1376 2734 1439 2761 rege
1452 2727 1609 2761 reportavit,
1625 2730 1700 2761 post-

920 2780 1001 2809 quam
1017 2772 1122 2800 dixerat
1137 2781 1144 2800 :
1164 2771 1290 2807 Magnum
1300 2777 1338 2799 est
1355 2773 1457 2806 caelum,
1474 2777 1498 2800 ct
1520 2780 1628 2807 magnus
1647 2772 1699 2804 sol,

920 2819 982 2854 quia
996 2819 1103 2845 vertitur
1114 2818 1139 2845 in
1146 2818 1256 2845 circuitu
1265 2818 1331 2849 caeli,
1342 2823 1367 2845 et
1375 2819 1512 2846 revertitur
1524 2818 1551 2845 in
1564 2817 1702 2851 proprium.

856 2908 876 2924 "
900 2906 971 2935 Psal.
992 2911 1065 2940 xuv,
1084 2907 1110 2934 6.
1149 2908 1171 2923 "
1192 2906 1289 2935 Ezech.
1303 2915 1315 2941 ,ι
1329 2928 1336 2942 ,
1356 2907 1397 2935 16.
