2024 3214
268 170 322 199 907

585 167 721 196 EL'SEBII
740 166 979 195 C(ESAHIENSIS
997 166 1072 196 OPP.
1093 166 1184 194 PARS
1203 166 1244 194 Ill.
1265 181 1300 186 —
1318 165 1522 194 EXEGETICA.

1840 168 1893 196 903

266 233 401 268 plinarum
412 230 556 266 magistros
568 229 706 256 ascribere
717 236 772 256 non
785 236 946 264 possumus;
961 235 1050 255 rerum

1105 227 1167 260 τοὺς
1182 227 1252 253 κατὰ
1265 226 1354 262 σάρκα
1371 226 1507 261 πατέρας’
1522 225 1578 252 ἀλλ’
1590 226 1603 252 ὅ
1619 235 1649 260 γε
1663 226 1757 262 Σωτὴρ
1771 225 1800 259 ἐξ
1812 227 1894 254 αὑτοῦ

268 275 396 304 Servatur
408 283 471 302 cum
490 283 521 302 ex
538 282 587 302 sua
605 278 661 301 tum
673 282 706 301 ex
718 274 915 309 apostolorum,
930 274 1052 308 discipu-

268 322 353 349 lorum
365 324 392 349 et
405 320 634 355 evangelistarum
651 327 775 351 suorum,
785 320 830 354 qui
845 319 941 347 iisdem
954 320 1052 354 quibus

267 367 325 401 ipse
334 366 457 401 patribus
468 365 617 393 secundant
629 373 739 392 carnem
751 366 885 401 progeniti
901 370 974 397 sunt,
989 373 1053 401 per-

267 419 345 444 sona,
363 411 412 439 has
432 410 534 446 profert
553 418 635 438 voces
649 421 654 438 :
669 411 777 444 Quanta
793 411 942 437 audivimus
964 415 988 437 et
1008 418 1052 436 co-

265 458 402 492 gnovimus
410 465 451 489 ea,
462 462 486 483 et
498 461 585 491 patres
599 457 684 483 nostri
697 461 870 483 narraverunt
883 456 978 483 nobis?
991 455 1053 483 Haec

265 503 337 530 o-nim
363 503 414 538 ipsi
431 510 445 529 a
460 503 583 537 patribus
600 506 712 538 accepta
727 501 806 529 nobis
825 510 858 528 cx
872 501 993 537 gentium
1009 509 1051 528 se-

265 549 338 576 mine
350 548 428 580 ortis,
439 552 469 574 ut
480 548 592 583 ignaris,
602 547 814 578 annuntiabunt,
823 547 1013 582 docebuntque
1020 555 1052 574 ea

266 601 326 629 quae
351 594 471 628 antiquis
492 593 547 620 illis
561 593 749 628 contigerunt;
762 600 822 628 quin
837 599 852 618 ιι
865 592 990 627 patribus
1005 599 1052 627 per

265 639 468 667 successionem
480 639 543 667 ﬁliis
559 639 668 671 tradita,
687 643 713 666 et
726 646 836 666 rursum
852 647 914 674 quae
932 638 1052 666 abhisce

265 686 298 713 ad
317 691 439 721 posteros
448 686 661 718 transmissa,cx
676 686 773 720 hisque
785 685 883 712 iterum
900 685 934 712 ad
944 684 1013 712 lilios
1025 684 1052 711 li-

266 733 363 760 liorum
379 732 516 759 memoriae
525 732 649 759 mandata
665 736 738 759 sunt.
748 731 919 767 Quapropter
931 732 1050 759 dicitur:

263 792 298 797 --
308 777 393 805 Vens.
403 778 427 804 ιι.
441 777 502 804 Non
512 783 571 804 sunt
584 778 717 804 occultata
727 786 742 803 a
756 777 820 812 filiis
831 785 922 804 eorum
932 777 960 803 in
973 784 1051 812 gene-

264 824 366 851 ratione
393 824 487 851 altera.
505 823 654 852 Narrantes
670 822 762 850 laudes
779 822 886 850 Domini
899 827 924 849 et
943 822 1050 849 uirtutes

265 870 334 904 ejus,
347 876 372 898 et
384 870 520 897 mirabilia
535 870 591 905 ejus
609 878 667 905 quia
682 870 753 905 fecit.
770 869 853 896 Multa
876 869 986 904 quidem
1001 876 1051 896 no-

263 917 306 944 bis
321 924 336 944 a
352 917 474 952 patribus
490 916 591 944 tradita
605 920 679 947 sunt,
693 916 727 944 de
740 915 878 943 beneﬂciis
893 922 909 942 a
924 914 979 943 Deo
999 915 1049 942 sibi
1067 906 1087 933 Β

263 963 383 997 collatis;
400 971 484 990 unum
513 966 604 990 autem
631 962 754 990 omnium
778 962 896 989 maxime
925 969 1052 990 necessa-

264 1008 346 1041 rium,
361 1012 404 1036 est
416 1007 617 1039 testimonium,
632 1008 731 1042 lexque
743 1007 770 1034 in
781 1007 937 1036 testimonio
951 1007 1049 1042 posita,

263 1061 345 1088 quam
365 1053 432 1088 ipsis
447 1052 552 1088 scripto
568 1051 690 1084 tradidit,
711 1052 872 1088 praecipiens
886 1056 915 1080 ut
935 1052 1052 1079 medita-

263 1103 358 1126 rentur
376 1099 474 1134 ipsam,
490 1102 518 1126 et
532 1098 592 1132 ejus
603 1097 806 1125 meditationem
822 1097 894 1129 ﬁliis.
904 1098 1050 1133 nepotibus

261 1149 289 1173 et
302 1145 417 1180 posteris
428 1152 476 1179 per
486 1143 688 1171 successionem
707 1143 853 1170 traderent.
868 1142 1050 1176 Quamobrem

263 1191 302 1218 ait
313 1199 320 1217 :
332 1189 460 1217 —Vl:ns.
475 1189 503 1217 5.
516 1188 551 1216 Et
565 1189 702 1216 suscitauit
719 1189 897 1216 testimonioin;
911 1189 939 1216 in
953 1188 1048 1221 Iacob,

262 1242 287 1265 et
307 1237 388 1272 legem
403 1236 490 1271 posuit
505 1236 532 1262 in
556 1235 653 1263 Israel.
674 1235 872 1262 Testimonium
901 1235 1051 1262 vocabatur

262 1283 471 1311 tabernaculum
491 1281 689 1314 testimonii,in
703 1289 758 1316 quo
771 1281 894 1317 deposita
909 1286 968 1309 erat
984 1288 1047 1308 arca

261 1328 441 1360 Testamenti,
459 1327 504 1355 lex
523 1327 551 1354 in
571 1334 635 1354 arca
654 1326 754 1362 posita,
769 1334 875 1354 necnon
907 1326 1048 1354 cherubim

260 1378 287 1402 et
298 1373 534 1409 propitiatorium,
549 1372 758 1404 candelabrum,
774 1380 868 1400 mensa
885 1376 912 1400 et
924 1373 1047 1408 proposi-
1061 1391 1068 1400 .

256 1419 300 1446 tio
311 1427 410 1454 panum
428 1427 435 1445 :
455 1425 516 1454 quae
537 1418 633 1453 jussus
650 1418 740 1445 facere
764 1417 881 1453 Moyses,
897 1418 1048 1445 secundum

262 1464 401 1499 exemplar
415 1464 487 1499 quod
505 1464 558 1499 ipsi
574 1465 601 1491 in
614 1468 705 1491 monte
721 1467 862 1491 ostensum
883 1462 972 1491 fuerat
986 1471 1050 1490 con-

258 1510 372 1537 struxit.
390 1508 443 1536 Sed
457 1509 521 1536 olim
538 1508 647 1544 quidem
673 1509 716 1536 lex
736 1509 782 1536 illa
808 1512 835 1536 et
861 1509 1048 1537 testimonium

259 1556 328 1584 illud
354 1555 457 1583 Iacobo
475 1560 502 1583 et
519 1556 576 1583 Isra
596 1556 612 1582 li
641 1556 739 1583 tradita
766 1555 884 1582 fuerant.
913 1555 1048 1588 Quoniam

261 1610 326 1630 vero
345 1602 379 1629 iis
406 1602 525 1637 acceptis
555 1602 594 1628 illi
623 1602 789 1637 transgressi
809 1604 882 1633 sunt.
900 1602 962 1636 jure
989 1601 1048 1636 ipse

261 1656 323 1676 cum
342 1648 425 1675 alium
448 1648 500 1675 sibi
514 1652 642 1682 parasset
668 1647 809 1682 populum,
827 1647 954 1682 aliudque
969 1648 1048 1675 testi-

262 1694 395 1726 monium,
414 1693 539 1721 videlicet
553 1701 654 1728 corpus
677 1693 792 1724 Christi,
812 1693 884 1728 quod
902 1693 948 1720 Dei
966 1692 1047 1720 Verbi

262 1743 289 1769 in
303 1741 363 1776 ipso
380 1740 528 1768 habitantis
544 1740 675 1774 templum
696 1744 765 1773 erat,
787 1744 816 1767 ut
834 1742 892 1775 ipse
908 1741 946 1767 ait
961 1750 968 1768 ι
987 1740 1048 1768 Sol-

261 1788 312 1814 vite
327 1786 452 1821 templum
467 1786 526 1818 hoc,
539 1790 563 1812 et
573 1786 600 1812 in
616 1785 697 1813 tribus
714 1786 804 1813 diebus
815 1786 935 1814 excitabo
946 1786 1014 1813 illud
1025 1787 1046 1820 ’ς

261 1834 295 1861 ad
313 1833 370 1860 hare
389 1832 471 1860 etiam
487 1832 589 1868 populo
605 1840 655 1860 suo
679 1833 764 1868 legem
792 1834 871 1860 aliam
883 1853 890 1865 ,
910 1833 1048 1868 evangeli-

261 1887 321 1908 cam
335 1870 572 1912 videlicet,tradit.
592 1878 653 1906 Ideo
666 1879 694 1906 in
703 1879 841 1914 principio
854 1879 937 1914 hujus
949 1878 1047 1914 psalmi

260 1926 298 1953 ait
316 1934 322 1952 :
337 1924 480 1956 Altendite,
496 1924 589 1958 popula
606 1932 689 1957 meus,
709 1924 790 1960 legem
805 1932 905 1956 meam;
919 1928 1047 1952 caeterum

260 1973 346 2008 legem
369 1971 508 2005 antiquam
525 1974 552 1998 et
581 1974 699 1998 veterem
729 1970 966 2005 testiﬁcationem)
985 1978 1048 1997 nam

262 2019 303 2046 sic
319 2019 514 2053 interpretatus
538 2018 719 2054 Symmachus
738 2021 790 2050 est,
802 2017 896 2045 dicens
912 2028 918 2045 :
939 2017 972 2044 Et
990 2022 1048 2044 sta—

257 2065 310 2090 tuit
326 2064 534 2098 testiﬁcatione":
549 2063 643 2099 Jacab)
659 2071 722 2090 cum
736 2064 828 2098 priore
844 2063 943 2098 populo
959 2064 1048 2098 dispo-

259 2111 325 2143 suit,
336 2110 495 2144 praacipiens
510 2109 576 2144 ipsis
590 2114 619 2137 ut
629 2113 692 2136 nota
704 2109 824 2136 lacerent
835 2117 868 2136 ca
885 2109 945 2135 (iliis
960 2113 986 2135 et
1001 2117 1048 2136 nc-

257 2157 369 2192 potibus
383 2156 451 2189 suis,
471 2160 500 2182 ut
510 2156 649 2191 generatio
666 2156 740 2183 nulla
754 2157 902 2191 ignoraret,
917 2155 963 2182 sed
980 2155 1047 2190 legis

256 2202 383 2231 doctrina
405 2202 434 2229 in
455 2202 572 2237 posteris
599 2209 708 2236 quoque
736 2205 868 2229 maneret.
884 2200 989 2228 ldcirco
1004 2201 1047 2227 di—

257 2252 331 2277 ctum
348 2253 407 2277 est:
428 2264 462 2268 ——-
481 2248 565 2275 Vens.
578 2247 605 2275 6.
623 2248 655 2274 Ut
681 2252 821 2282 cognoscat
845 2247 978 2282 generatio
1001 2246 1042 2272 al-
1064 2261 1085 2287 Β

259 2301 326 2327 tera,
340 2296 391 2331 ﬁlii
404 2296 449 2331 qui
472 2300 624 2326 nascentur,
641 2299 666 2321 et
684 2299 836 2329 exsurgent,
857 2299 881 2320 et
899 2293 1045 2320 narrabant

256 2352 289 2370 ea
298 2343 361 2378 ﬁliis
374 2343 442 2370 suis.
455 2341 689 2377 Complementum
705 2345 795 2368 autem
808 2344 835 2368 et
848 2347 948 2375 scopns
961 2339 1046 2367 medi-

256 2389 370 2417 tationis
392 2389 461 2424 legis
487 2388 532 2416 hic
549 2392 608 2415 erat
625 2397 679 2414 :——-
693 2386 777 2414 Vens.
793 2386 818 2413 7.
837 2385 871 2412 Ut
895 2391 993 2418 ponant
1019 2386 1046 2412 in

258 2435 313 2465 Deo
328 2444 409 2470 spem,
423 2440 448 2462 et
466 2443 516 2462 non
534 2434 723 2461 obliviscantur
740 2441 845 2468 operam
860 2432 918 2464 Dei,
931 2437 956 2459 et
970 2441 1046 2459 man-

258 2490 322 2514 data
331 2487 393 2522 ejus
401 2487 565 2522 exquirant,“
578 2491 608 2513 ut
621 2493 672 2513 non
688 2486 755 2520 [iant
771 2485 837 2512 sicut
845 2489 933 2519 patres
944 2493 1044 2514 eorum,

257 2536 391 2572 generatio
408 2543 491 2570 prava
513 2539 538 2562 et
561 2541 721 2569 exasperatis
738 2541 746 2559 :
761 2533 894 2568 generatio
911 2540 969 2568 qua:
994 2540 1046 2560 non

258 2588 355 2615 direxit
372 2596 417 2614 cor
431 2595 518 2619 suum,
532 2591 557 2613 et
573 2594 625 2613 non
640 2585 726 2620 ﬁdelis
746 2584 796 2618 fuit
818 2593 877 2611 cum
892 2585 946 2611 Deo
963 2585 1045 2620 spiri—

258 2649 300 2670 tu;
314 2642 380 2677 ejus.
398 2640 463 2674 Quae
491 2641 538 2667 illa
554 2639 629 2674 prior
650 2642 758 2673 patrum
770 2638 921 2674 generatio,
935 2638 988 2665 nisi
1012 2645 1045 2664 ea

258 2703 319 2731 quae
340 2700 462 2728 tempore
484 2691 584 2727 Moysis
604 2691 679 2719 erat?
692 2695 801 2726 propter
828 2698 909 2725 quam
937 2690 1044 2725 Moyses

259 2749 385 2781 acceptas
409 2744 476 2778 legis
492 2743 599 2770 tabulas
616 2743 759 2775 contrivit;
783 2742 822 2770 sic
839 2743 911 2770 enim
938 2742 1043 2777 Moyses

258 2796 321 2823 illos
337 2794 539 2830 generationem
565 2800 677 2826 pravam
693 2797 720 2820 et
735 2799 890 2827 perversam
913 2791 1042 2823 vocabat,

261 2845 320 2872 haec
339 2844 365 2870 in
381 2843 441 2869 illos
456 2841 637 2877 pronuntians
652 2851 658 2869 :
674 2840 737 2870 Filii
755 2841 949 2877 vituperabiles,
965 2849 1041 2876 gene-

293 2918 304 2941 δ
324 2922 403 2950 Joan.
426 2929 456 2954 ιι,
473 2921 516 2948 19.

1105 271 1249 307 προσώπου
1267 272 1314 298 καὶ
1329 272 1382 298 τῶν
1400 271 1470 298 κατὰ
1487 271 1576 307 σάρκα
1592 272 1624 298 ἐκ
1639 272 1691 298 τῶν
1705 272 1795 299 αὐτῶν
1811 271 1893 300 πατέ-

1105 327 1159 354 ρων
1181 316 1333 353 γενομένων
1357 318 1513 346 ἀποστόλων
1534 318 1616 345 αὐτοῦ
1641 319 1688 344 καὶ
1705 318 1832 354 μαθητῶν
1848 319 1894 345 καὶ

1104 364 1304 398 εὐαγγελιστῶν
1319 364 1422 397 ταύτας
1438 364 1604 401 προφέρεται
1618 364 1667 396 τὰς
1684 365 1774 399 φωνὰς
1789 363 1892 398 λέγων’

1106 411 1179 437 Ὅσα
1193 411 1369 445 ἠκούσαμεν
1384 411 1432 437 καὶ
1448 411 1580 445 ἔγνωμεν
1592 410 1678 442 αὐτὰ,
1695 411 1743 437 καὶ
1760 412 1787 437 οἱ
1805 410 1895 438 πατέ-

1100 463 1153 489 ρες
1163 455 1245 490 ἡμῶν
1259 455 1444 490 διηγήσαντο
1458 456 1546 491 ἡμῖν;
1556 455 1646 484 Ταῦτα
1658 457 1711 493 γὰρ
1725 459 1757 484 ὲκ
1768 458 1894 494 πατέρων

1103 500 1180 526 αὐτοὶ
1195 500 1402 537 παρειληφότες,
1421 501 1485 537 ἡμῖν
1504 503 1559 533 τοῖς
1578 501 1607 534 ἐξ
1623 502 1707 528 ἐθνῶν
1724 502 1762 533 ὠς
1780 503 1817 540 μὴ
1836 504 1894 530 ἐπι-

1104 547 1247 582 σταμένοις
1266 547 1470 582 ἀπαγγελοῦσι,
1491 547 1662 580 διδάσκοντες
1689 549 1762 584 ἡμᾶς
1778 549 1812 575 τὰ
1837 550 1894 582 τοῖς

1103 593 1227 625 παλαιοῖς
1245 593 1453 628 συμϐεϐηκότα·
1470 593 1488 620 ἃ
1510 593 1541 628 δὴ
1557 593 1626 620 κατὰ
1651 594 1775 630 διαδοχὴν
1792 596 1824 621 ἐκ
1842 604 1894 622 πα-

1101 637 1189 673 τέρων
1202 638 1322 673 ἠκούσθη
1339 640 1396 670 τοῖς
1414 639 1502 669 παισὶ,
1517 638 1564 665 καὶ
1584 638 1664 666 πάλιν
1679 639 1707 672 ἐξ
1725 639 1837 666 ἐκείνων
1854 641 1894 672 εἰς

1102 684 1165 716 τοὺς
1182 684 1427 720 μεταγενεστέρους
1444 684 1582 720 ἐλήλυθεν,
1600 686 1632 711 ὲκ
1649 684 1750 711 τούτων
1766 693 1796 711 τε
1815 684 1893 718 αὖθις

1102 730 1141 762 εἰς
1155 730 1251 761 παῖδας
1263 723 1364 756 παίδων
1376 732 1409 766 τῇ
1424 733 1516 766 μνήμῃ
1533 731 1678 767 παρεδόθη.
1693 731 1738 758 Διὸ
1750 732 1875 759 λέλεκται
1884 741 1892 748 θ

1104 777 1165 802 Οὐκ
1188 776 1297 810 ἐκρύϐη
1316 775 1375 802 ἀπὸ
1399 775 1457 802 τῶν
1483 777 1595 803 τέκνων
1608 776 1708 804 αὐτῶν
1729 779 1772 810 εἰς
1788 778 1894 812 γενεὰν

1101 818 1216 855 ἑτέραν.
1235 821 1490 856 Ἀπαγγέλλοντες
1506 822 1559 855 τὰς
1571 823 1702 856 αὶνέσεις
1713 823 1766 850 τοῦ
1780 824 1894 858 Κιιρίου

1103 867 1151 894 καὶ
1164 867 1217 900 τὰς
1236 868 1416 901 δυναστείας
1436 869 1538 900 αὐτοῦ,
1554 869 1601 896 καὶ
1620 869 1657 896 τὰ
1671 865 1823 904 θαυμάσια
1839 871 1894 897 αὐ-

1101 914 1154 940 τοῦ
1166 913 1184 940 ἃ
1194 911 1329 948 ἐποίησε.
1342 914 1429 940 Πολλὰ
1445 915 1494 950 μέν
1512 916 1569 941 ἐστι
1582 915 1616 942 τὰ
1630 916 1816 952 παραδοθέντα
1827 917 1895 953 ἡμῖν

1101 959 1154 985 ὑπὸ
1173 958 1227 985 τῶν
1253 959 1389 994 πατέρων,
1411 960 1482 995 ἅπερ
1505 961 1604 992 αὐτοὺς
1625 962 1639 987 ό
1661 961 1726 993 Θεὸς
1742 962 1895 997 εὐεργετῶν

1099 1005 1262 1040 διεπράξατο
1270 1013 1277 1020 ·
1289 1005 1318 1032 ἓν
1330 1004 1358 1032 δὲ
1371 1005 1398 1032 τὸ
1409 1004 1516 1033 πάντων
1528 1006 1738 1042 ἀναγκαιότερον
1751 1008 1840 1034 ἐκεῖνο
1849 1005 1894 1044 ἦν,

1100 1049 1210 1085 λέγωδὲ
1225 1050 1255 1076 τὸ
1266 1050 1424 1086 μαρτύριον,
1437 1050 1483 1077 καὶ
1499 1052 1513 1077 ό
1532 1052 1559 1078 ὲν
1579 1051 1618 1087 τῷ
1640 1052 1781 1089 μαρτυρίῳ
1800 1052 1894 1089 νόμος,

1100 1096 1130 1122 ὃν
1149 1097 1295 1132 ἐγγράφως
1325 1097 1417 1129 αὑτοῖς
1441 1097 1616 1133 παρέδωκεν,
1637 1099 1826 1135 ἐντειλάμενος
1845 1108 1895 1136 με-

1100 1142 1180 1178 λετᾷν
1197 1143 1223 1169 ὲ»
1241 1142 1324 1178 αὐτῷ,
1339 1144 1384 1170 καὶ
1405 1145 1462 1176 τοῖς
1475 1144 1564 1171 αὐτῶν
1587 1144 1664 1172 παισί
1680 1154 1710 1172 τε
1725 1146 1771 1172 καὶ
1793 1146 1896 1182 ἀπογό-

1101 1197 1155 1220 νοις
1169 1190 1225 1220 τοῖς
1238 1182 1308 1215 κατὰ
1318 1189 1442 1226 διαδοχὴν
1455 1190 1646 1225 γενησομένοις
1657 1191 1832 1227 παραδιδόναι
1846 1191 1896 1229 τὴν

1100 1234 1195 1261 τούτου
1214 1234 1336 1270 μελέτην.
1353 1235 1398 1261 Διό
1409 1243 1489 1271 φηςιν
1503 1236 1559 1263 Καὶ
1572 1237 1724 1269 ἀνέστησε
1731 1238 1896 1273 μαρτύριον

1099 1281 1135 1308 ἐν
1155 1281 1261 1313 Ἰακὼϐ,
1278 1281 1326 1308 καὶ
1340 1282 1433 1316 νόμον
1448 1284 1530 1310 ἔθετο
1543 1283 1579 1309 ἐν
1593 1283 1720 1318 Ἰσραήλ.
1735 1284 1894 1322 Μαρτύριον

1099 1327 1127 1353 δὲ
1144 1327 1266 1353 ἐκαλεῖτο
1279 1328 1295 1363 ἡ
1311 1328 1397 1364 σκηνὴ
1412 1328 1458 1355 τοῦ
1473 1329 1634 1364 μαρτυρίου,
1650 1330 1678 1356 ὲν
1694 1327 1710 1367 ᾖ
1724 1330 1855 1358 ἀπέκειτο
1875 1332 1892 1367 ἠ

1100 1373 1216 1405 κιϐωτὸς
1239 1374 1288 1409 τῆς
1304 1374 1458 1410 Διαοήκης,
1478 1376 1525 1402 καὶ
1540 1377 1554 1402 ὁ
1569 1376 1597 1402 ἐν
1612 1378 1645 1412 τῇ
1672 1376 1783 1412 κιϐωτῷ
1800 1377 1892 1413 νόμος,

1099 1418 1134 1445 τά
1146 1427 1175 1445 τε
1190 1419 1322 1455 χερουϐιμ
1335 1420 1382 1446 καὶ
1396 1420 1426 1446 τὸ
1446 1420 1611 1457 ἱλαστήριον,
1630 1423 1676 1448 καὶ
1689 1422 1706 1458 ἡ
1720 1421 1828 1458 λυχνία,
1845 1422 1894 1449 καὶ

1099 1466 1116 1502 ἡ
1133 1465 1267 1501 τράπεζα,
1283 1466 1330 1493 καὶ
1342 1467 1358 1501 ἡ
1372 1466 1500 1503 πρόθεσις
1517 1467 1571 1494 τῶν
1585 1468 1690 1503 ἄρτων·
1708 1468 1780 1504 ἅπερ
1800 1468 1894 1495 κελευ-

1101 1512 1175 1545 σθεὶς
1187 1513 1298 1548 ποιῆσαι
1312 1513 1429 1548 Μωσῆς,
1445 1513 1515 1539 κατὰ
1531 1514 1577 1540 τὸν
1591 1514 1676 1541 τύπον
1690 1514 1734 1541 τὸν
1753 1514 1891 1550 δειχθέντα

1100 1558 1174 1595 αύτῷ
1196 1560 1225 1585 ὲν
1249 1558 1289 1594 τῷ
1312 1559 1371 1594 όρει
1394 1559 1605 1586 κατεσκεύασεν.
1629 1559 1710 1586 Ἀλλὰ
1736 1560 1820 1587 πάλαι
1843 1561 1892 1596 μὲν

1102 1605 1205 1636 ἐκεῖνος
1219 1604 1233 1630 ὸ
1250 1605 1331 1640 νόμος
1349 1604 1396 1631 καὶ
1408 1604 1439 1630 τὸ
1462 1605 1610 1641 μαρτύριον
1629 1607 1718 1633 έκεῖνο
1737 1605 1776 1642 τῷ
1794 1606 1891 1634 Ἰακὼϐ

1101 1650 1147 1676 καὶ
1161 1649 1314 1686 τῷἸσραὴλ
1327 1650 1424 1678 δέδοτο.
1435 1651 1543 1687 Ἐπειδὴ
1557 1651 1585 1678 δὲ
1603 1652 1762 1688 παρέϐησαν
1776 1653 1800 1679 οἱ
1817 1661 1890 1689 παρ-

1103 1694 1262 1730 ειληφότες,
1288 1695 1401 1727 εἰκότως
1431 1694 1524 1730 ἕτερον
1550 1695 1638 1730 ἐαυτῷ
1660 1695 1891 1731 καταρτισάμενος

1100 1740 1164 1767 λαὸν
1178 1741 1224 1767 καὶ
1239 1740 1386 1776 μαρτύριον
1400 1740 1504 1776 ἕτερον,
1527 1741 1559 1768 τὸ
1582 1741 1700 1777 Χριστοῦ
1712 1741 1792 1777 σῶμα
1802 1761 1810 1773 ,
1826 1740 1890 1769 ναὸν

1101 1785 1130 1812 ὂν
1143 1785 1191 1812 τοῦ
1208 1785 1346 1817 οἰκοῦντος
1362 1787 1390 1812 ὲν
1406 1786 1480 1821 αὐτῷ
1493 1786 1560 1812 Θεοῦ
1577 1786 1675 1820 Λόγου,
1689 1786 1727 1817 ὡς
1741 1786 1822 1817 αὐτὸς
1837 1786 1890 1812 ἐδε-

1101 1831 1178 1864 δαξεν
1199 1831 1297 1858 εἰπών·
1316 1833 1434 1859 Λύσατε
1460 1832 1513 1858 τὸν·
1536 1832 1611 1858 ναὸν
1631 1832 1757 1865 τοῦτον,
1783 1832 1832 1859 καὶ
1857 1833 1891 1859 ὲν

1101 1877 1200 1912 τρισὶν
1213 1877 1338 1912 ἡμέραις
1350 1878 1442 1913 ,ἐγερῶ
1460 1879 1553 1905 αὐτόν
1562 1887 1568 1893 ·
1587 1879 1633 1905 καὶ
1648 1878 1716 1914 πρὸς
1728 1879 1832 1911 τούτοις
1845 1881 1891 1907 καὶ

1101 1924 1181 1959 νόμον
1191 1924 1284 1960 ἕτερον
1298 1924 1343 1951 τὸν
1363 1925 1539 1960 εὐαγγελικὺν
1552 1925 1591 1960 τῷ
1608 1926 1704 1952 ἑαυτοῦ
1721 1926 1778 1962 λαῷ
1802 1936 1890 1962 παρα-

1100 1970 1200 1998 δίδωσι.
1221 1972 1265 1998 Διὸ
1283 1971 1313 1998 έν
1327 1972 1397 2008 ἀρχῇ
1412 1971 1466 1998 τῶν
1483 1973 1670 2009 προκειμένων
1687 1973 1779 2008 ἐλεγε-
1796 1975 1891 2008 Προσ-

1101 2018 1193 2052 έχετε,
1206 2019 1280 2051 λαός
1291 2027 1362 2053 μου,
1384 2018 1438 2045 τὸν
1459 2019 1552 2053 νόμον
1563 2028 1638 2053 μου·
1657 2018 1727 2054 πλὴν
1752 2019 1820 2046 ἀλλὰ
1845 2020 1890 2047 τὸν

1102 2064 1217 2090 παλαιὸν
1231 2064 1314 2099 νόμον
1327 2065 1373 2090 καὶ
1383 2065 1433 2099 τὴν
1448 2064 1565 2091 παλαιὰν
1587 2065 1788 2101 διαμαρτυρίαν
1809 2065 1891 2100 (οὕτω

1100 2110 1154 2146 γὰρ
1175 2110 1346 2145 ἡρμήνευσεν
1367 2111 1380 2136 ὁ
1406 2111 1553 2146 Σύμμαχος
1570 2112 1670 2137 εἰπών’
1695 2112 1751 2138 Kal
1778 2111 1891 2147 ἔστησε

1100 2155 1313 2190 διαμαρτυρίαν
1329 2155 1369 2188 τῷ
1388 2156 1502 2191 Ἰακώϐ)
1515 2156 1553 2191 τῷ
1570 2156 1695 2192 προτέρῳ
1710 2157 1766 2192 λαῷ
1776 2158 1889 2189 διέθετο,

1100 2201 1285 2236 ἐντειλάμενος
1302 2201 1392 2233 αὐτοῖς
1411 2202 1544 2237 γνωρίσαι
1561 2202 1630 2229 αὐτὰ
1645 2205 1701 2235 τοῖς
1718 2204 1786 2235 υἱοῖς
1801 2204 1889 2230 αὐτῶν

1102 2247 1149 2274 καὶ
1161 2246 1314 2281 ἀπογόνοις,
1335 2245 1373 2278 ὡς
1394 2246 1427 2273 ἂν
1446 2246 1580 2282 μηδεμίαν
1602 2247 1678 2274 λάθοι
1701 2249 1810 2282 γενεὰν,
1830 2248 1886 2275 δια-

1100 2293 1174 2329 μένοι
1188 2292 1216 2319 δὲ
1231 2293 1247 2328 ἠ
1260 2292 1306 2319 τοῦ
1328 2292 1410 2327 νόμου
1432 2292 1590 2330 διδασκαλία
1605 2293 1653 2320 καὶ
1671 2294 1710 2325 εἰς
1731 2294 1795 2326 τοὺς
1821 2293 1888 2329 μετὰ

1096 2338 1183 2365 ταῦτα
1202 2338 1409 2372 γενησομένους.
1430 2338 1475 2364 Διὸ
1499 2338 1623 2365 λέλεκται
1635 2348 1642 2354 ·
1660 2339 1756 2372 Ὅπως
1773 2339 1812 2366 ἂν
1829 2338 1888 2374 γνῷ

1097 2384 1184 2418 γενεὰ
1199 2384 1300 2418 ἑτέρα,
1319 2383 1377 2411 υἱοὶ
1396 2385 1609 2419 τεχθησόμενοι
1630 2386 1678 2412 καὶ
1696 2385 1888 2419 ἀναστήσον-

1096 2438 1153 2461 ται,
1171 2430 1218 2456 καὶ
1234 2430 1455 2465 ἀναγγελοῦσιν
1466 2431 1542 2458 αὐτὰ
1560 2431 1622 2464 τοῖς
1634 2431 1709 2464 υἱοῖς
1727 2431 1837 2459 αὐτῶν.
1853 2432 1888 2458 Τὸ

1096 2475 1124 2503 δὲ
1137 2476 1323 2511 συμπέρασμα
1339 2476 1388 2512 τῆς
1403 2476 1450 2503 τοῦ
1463 2477 1546 2512 νόμου
1564 2477 1678 2513 μελέτης
1693 2478 1740 2505 καὶ
1758 2478 1773 2504 ὁ
1788 2479 1889 2511 σκοπὸς

1096 2519 1172 2554 οὗτος
1190 2519 1234 2556 ἦν,
1250 2521 1319 2549 Ἵνα
1339 2522 1446 2550 θῶνται
1462 2523 1511 2550 ἐπὶ
1534 2523 1588 2550 τὸν
1604 2524 1677 2551 Θεὸν
1688 2524 1745 2558 τὴν
1767 2524 1886 2556 ἐλπίδα.
1919 2518 1924 2524 ’

1096 2567 1145 2594 καὶ
1160 2567 1202 2602 μὴ
1215 2568 1412 2596 ἐπιλάθωνται
1431 2569 1490 2596 τῶν
1503 2570 1597 2605 ἔργων
1610 2570 1664 2597 τοῦ
1678 2570 1762 2603 Θεοῦ,
1774 2571 1824 2598 καὶ
1835 2572 1888 2603 τὰς

1095 2613 1222 2647 ἐντολὰς
1248 2615 1339 2642 αὑτοῦ
1355 2614 1559 2649 ἐκζητήσωσιν
1571 2624 1577 2631 ·
1602 2616 1653 2643 ἵνα
1679 2616 1722 2651 μὴ
1741 2616 1886 2652 γένωνται

1095 2660 1135 2692 ὡς
1154 2661 1181 2686 οι
1203 2660 1328 2694 πατέρες
1344 2660 1459 2693 αὐτῶν,
1480 2661 1568 2696 γενεὰ
1591 2662 1701 2689 σκολιὰ
1725 2663 1775 2690 καὶ
1792 2670 1886 2698 παρα-

1095 2706 1310 2740 πικραίνουσα·
1327 2707 1414 2742 γενεὰ
1432 2707 1498 2741 ἣτις
1509 2709 1546 2735 οὐ
1561 2709 1729 2742 κατηύθυνε
1747 2708 1805 2742 τὴν
1815 2716 1886 2743 καρ-

1095 2750 1164 2777 δίαν
1175 2750 1285 2786 αὐτῆς,
1302 2752 1350 2778 καὶ
1373 2753 1429 2779 οὐκ
1443 2752 1592 2787 ἐπιστώθη
1605 2753 1680 2787 μετὰ
1696 2752 1750 2780 τοῦ
1766 2753 1840 2780 Θεοῦ
1852 2753 1885 2780 τὸ

1094 2796 1212 2832 πνεῦμα
1239 2798 1344 2832 αὐτῆς.
1362 2798 1410 2830 Ti;
1436 2798 1465 2825 δὲ
1491 2797 1525 2835 ἦν
1549 2800 1565 2834 ὴ
1591 2799 1710 2835 προτέρα
1733 2799 1814 2834 γενεὰ
1831 2798 1884 2826 τῶν

1095 2843 1220 2880 πατέρων
1236 2843 1293 2871 ἀλλ’
1310 2845 1326 2880 ἢ
1343 2845 1386 2871 ἐπ’
1403 2845 1484 2872 αὑτοῦ
1505 2846 1627 2879 Μωσέως
1643 2847 1774 2882 γενομένη
1785 2855 1792 2881 ;
1805 2846 1839 2874 δι’
1851 2846 1884 2880 ἡν
