2024 3214
140 190 191 219 909

681 192 933 221 COMMENTARIA
952 191 985 220 ιδ
1001 191 1169 221 PSALMOS.
1203 179 1263 219 ‘l't

1705 192 1758 226 9ἶρ

139 250 284 286 δεξάμενος
298 251 400 287 Μωσῆς
414 251 463 283 τὰς
486 251 591 284 πλάκας
612 253 660 288 τῆς
683 253 840 288 νομοθεσίας
864 262 926 280 συν-

978 253 1047 279 ratio
1069 261 1152 287 praua
1178 257 1202 279 et
1220 260 1349 287 pert-erm,
1371 252 1484 279 Ita’ccine
1501 251 1612 278 Domino
1630 251 1760 279 redditis?

141 296 265 333 ἐτριψεν”
283 296 369 329 οὕτως
381 297 445 332 γοῦν
465 298 511 324 καὶ
532 299 612 330 αὐτὸς
627 300 728 334 Μωσῆς
749 300 845 334 γενεὰν
862 307 925 326 σκο-

141 342 199 370 λιὰν
221 343 270 369 καὶ
285 343 501 379 διεστραμμένην
525 333 623 376 αὐτοὺς
650 333 760 376 ἐκάλεις
780 346 820 376 εἰς
837 345 926 372 αὐτῶν

141 388 285 426 τερόσωπον
306 389 511 424 ἀποτεινόμενος
534 391 579 416 καὶ
596 390 696 424 λέγων·
719 390 809 428 Τέκιγι
828 400 927 425 μωμη-

140 434 185 466 τὸ,
198 433 287 468 γενεὰ
304 435 413 461 σκολιὰ
426 436 474 461 καὶ
488 435 714 470 διεστραμμένη,
727 437 817 463 ταῦτα
831 437 927 470 Κῳίφ

140 480 370 513 ἀνταποδιεοτε;
382 481 457 508 οὕτω
473 482 548 514 λαὸς
557 482 654 516 μωρὸς
666 482 713 508 καὶ
729 482 796 516 οὺχὶ
812 484 925 517 «myrte;

147 526 216 553 Ἀλλ’
231 526 275 553 ἶνα
299 526 336 562 μὴ
353 526 378 553 οἱ
402 527 469 562 μετὰ
495 527 580 554 ταῦτα
606 527 780 563 γενησόμενοι
797 530 851 559 τοῖς
874 537 926 554 πα-

140 572 235 607 τράσιν
251 572 466 599 ἀποτελεσθῶσιν
480 573 577 608 ὅμοιοι,
594 573 732 608 ἔγγραφον
748 573 838 604 αὐτοῖς
856 582 925 608 παρ-

141 618 223 645 έδωκε
245 618 290 644 τὸν
308 618 398 653 νόμον,
410 619 457 646 καὶ
468 619 517 654 τὴν
534 619 741 655 διαμαρτυρίαν,
751 619 783 645 δι’
797 616 829 654 ἧς
840 627 925 653 κατη-

141 664 217 699 γορεῖ
235 663 284 700 μὲν
299 664 352 690 τῶν
373 665 506 700 πατέρων,
524 665 689 692 διεστείλατο
704 665 732 691 δὲ
752 666 798 691 καί
815 665 926 699 διεμαρ-

141 708 240 744 τύρατο
258 711 315 742 τοῖς
331 710 435 741 τέκνοις
451 711 488 746 μὴ
505 711 693 745 ἐξομοιοῦσθαι
719 712 774 742 τοῖς
796 710 923 746 πατράσι,

143 754 208 790 μηδὲ
227 756 260 790 τῇ
277 755 397 791 προτέρᾳ
416 757 507 791 γενεᾷ,
533 756 598 790 ἥτις
623 757 659 783 οὐ
683 756 849 790 κατηύθυνε
869 755 925 788 τὴν

141 799 265 834 καρδίαν
279 801 384 834 αὐτῆς,
402 801 450 827 καὶ
461 802 516 827 οὐκ
530 801 679 835 ἐπιστώθη
694 801 768 835 μετὰ
784 800 836 827 τοῦ
853 800 926 826 Θεοῦ

140 845 173 873 τὸ
186 846 305 881 πνεῦμα
320 846 424 881 αὐτῆς.
443 847 480 873 Οὺ
498 847 552 882 γὰρ
573 847 677 881 φύσεως
692 846 795 882 φαύλης
808 844 851 881 ἦν,
865 846 926 872 οὐδὲ

977 299 1072 326 δίεσῑηε
1084 305 1195 334 populus
1210 298 1308 325 stultus
1323 302 1347 325 et
1362 307 1412 325 non
1420 299 1523 333 sapiens
1537 299 1580 325 ‘°?
1594 297 1646 326 Sed
1661 302 1692 326 ut
1711 305 1760 327 eo—

976 351 1039 371 rum
1060 347 1172 379 nepotes
1194 344 1318 379 patribus
1335 343 1437 371 similes
1453 351 1506 370 non
1521 343 1677 376 evaderent,
1691 344 1760 372 scri-

977 394 1052 424 ptam
1073 389 1140 425 ipsis
1165 389 1250 424 legem
1271 388 1394 420 tradidit,
1413 392 1440 416 et
1461 389 1691 422 testilicationem,
1705 397 1760 424 qua

977 439 1068 470 patres
1088 435 1197 470 quidem
1212 435 1358 466 incusavit,
1371 435 1499 470 prmcepit
1515 439 1603 462 autent
1620 440 1646 462 et
1665 435 1760 463 testifi-

979 486 1056 508 catus
1070 481 1133 508 liliis
1143 484 1197 513 est,
1217 485 1246 507 ut
1261 489 1294 507 ne
1308 480 1431 515 patribus
1443 480 1546 508 similes
1558 486 1660 513 essent,
1672 489 1761 517 neque

979 527 1063 561 priori
1080 526 1117 553 illi
1133 525 1312 561 generationi.
1324 534 1382 561 qua:
1397 534 1447 552 non
1461 524 1557 551 direxit
1573 534 1618 552 cor
1635 535 1722 560 suum,
1736 533 1760 554 et

979 580 1030 598 non
1054 570 1140 605 ﬁdelis
1163 571 1214 605 fuit
1236 578 1294 596 cum
1310 569 1364 597 Dea
1379 570 1488 604 spiritus
1500 570 1568 604 ejus.
1582 569 1673 605 Neque
1688 572 1761 598 enim

978 625 1067 653 pravae
1086 621 1188 644 natura:
1204 621 1272 648 erat,
1288 624 1376 651 neque
1391 616 1468 643 mala:
1481 616 1699 649 constitutionis;
1714 617 1762 644 sed

979 671 1012 690 ex
1032 664 1172 690 voluntate
1186 662 1240 690 Deo
1252 662 1456 697 obsequenti-am
1470 662 1636 695 detrectans,
1652 670 1761 690 exacer-

979 709 1052 736 bavit
1065 717 1138 742 eum,
1154 713 1235 743 atque
1246 716 1278 735 ex
1294 708 1466 743 perversione
1476 712 1597 736 tortuosa
1606 708 1698 735 ellecta
1710 714 1761 736 est.

979 753 1160 787 Quamobrem
1187 754 1335 781 secundutn
1357 752 1548 788 Symmachum
1574 754 1677 781 dictum
1697 759 1761 781 est:

981 798 1120 826 Generatio
1135 799 1219 825 invita
1234 798 1323 831 corde,
1341 803 1364 825 et
1376 799 1484 833 inﬁrma
1496 807 1558 835 erga
1571 799 1654 826 Deum
1669 799 1763 834 spiritu

980 853 1038 871 suo.

141 893 311 928 κατασκευῆς
325 895 454 929 πονηρᾶς,
469 895 501 920 ὲκ
517 894 702 929 προαιρέσεως
733 893 760 920 δὲ
796 893 959 920 ἁνανεύουσα
981 892 1048 927 πρὸς
1068 891 1117 927 τὴν
1142 891 1189 918 τοῦ
1207 891 1274 918 Θεοῦ
1294 891 1416 927 ὑπακοὴν
1439 892 1644 928 παοεπίκρανε,
1662 892 1709 919 καὶ
1731 893 1763 919 ἐκ

140 937 304 974 διαστροφῆς
325 939 418 966 σκολιὰ
436 940 546 973 γέγονε·
566 940 605 966 διὸ
624 940 694 966 κατὰ
717 940 762 966 τὸν
780 940 927 975 Σύμμαχον
947 941 1067 975 εἴρηται·
1096 939 1192 966 Γενεὰ
1212 939 1406 973 (inpar/perac
1425 939 1462 973 τῇ
1491 939 1607 974 καρδίᾳ,
1627 940 1676 966 καὶ
1697 938 1764 967 ἀϐέ-

142 985 221 1018 ϐαιος
234 985 309 1019 πρὸς
322 985 375 1012 τὸν
386 986 460 1013 Θεὸν
472 986 512 1019 τῷ
529 989 675 1022 πνεύματι
698 987 738 1020 τῷ
752 987 872 1022 ἑαυτῆς.

180 1043 240 1070 Υιοί
264 1044 402 1079 Ἐφραῖμ,
421 1045 606 1079 ἐντείνοντες
625 1046 671 1073 καὶ
687 1046 859 1079 βάλλοντες
877 1047 925 1072 τό·

1012 1043 1095 1071 Vens.
1124 1043 1150 1070 9.
1167 1042 1234 1070 Filii
1257 1042 1385 1078 Epitraim
1403 1042 1563 1070 intendente:
1579 1047 1603 1069 et
1618 1043 1764 1071 emittente:

141 1088 214 1122 εοιξ,
228 1089 425 1123 ἐστράφησαν
437 1090 471 1116 ἐν
485 1091 578 1125 ἡμέρῃ
592 1092 733 1126 πολέμου.
752 1092 781 1119 ’0
798 1092 847 1127 μὲν
860 1092 927 1126 ἁγα-

142 1134 187 1166 θδς
199 1135 246 1162 καὶ
255 1135 441 1171 φιλάνθρωπος
451 1136 552 1172 Κύριος
562 1139 618 1169 τοῖς
630 1137 747 1173 πρώτοις
759 1139 927 1174 προπάτορσι

142 1181 188 1209 τοῦ
210 1181 343 1208 Ἰουδαίων
364 1181 455 1214 ἔθνους
482 1183 548 1218 ἔργα
570 1183 670 1214 παντὸς
692 1183 769 1218 λόγου
787 1185 927 1220 κρείττονα

142 1227 308 1255 ἐνεδείκνυτο
325 1228 360 1255 τὰ
380 1228 422 1255 διὰ
444 1230 580 1261 Μωσέως·
601 1230 624 1256 οἱ
644 1230 672 1256 δὲ
687 1230 808 1264 ἐγίνοντο
825 1231 926 1267 σκληρ-

143 1271 254 1308 αύχενες
274 1273 321 1299 καὶ
337 1273 374 1304 ὡς
390 1273 496 1309 ἀληθῶς
520 1273 582 1306 λαὸς
597 1277 687 1310 μωρὸς
699 1276 746 1301 καὶ
762 1276 820 1310 οὐχὶ
836 1276 925 1310 σοφὸς,

143 1318 189 1344 καὶ
214 1318 296 1353 γενεὰ
322 1319 416 1346 σκολιὰ
441 1320 487 1346 καὶ
514 1320 729 1357 διεστραμμένη.
769 1322 848 1348 Ἀλλὰ
874 1322 927 1348 τῶν

149 1363 257 1399 τρώτων
275 1365 401 1391 τοιούτων
415 1365 635 1400 ἀπελεγχοέντων
648 1386 655 1398 ,
679 1368 760 1402 νόμον
786 1370 841 1399 τοῖς
859 1367 927 1403 μετὰ

142 1408 227 1436 ταῦτα
243 1410 386 1444 παρεδίδου
398 1431 404 1440 .
423 1411 641 1447 διαστειλάμενος
668 1415 714 1440 καὶ
741 1414 927 1450 διαμαρτυρά-

144 1461 222 1489 μενος
241 1455 270 1481 ἐν
283 1455 358 1490 αὐτῷ
369 1455 402 1482 τά
415 1464 445 1482 τε
460 1456 584 1492 πρακτέα
599 1458 645 1483 καὶ
662 1458 695 1484 τὰ
717 1459 754 1494 μὴ
764 1467 770 1473 ·
789 1460 927 1494 παραινῶν

142 1506 172 1527 τε
187 1499 223 1535 μὴ
241 1500 381 1535 μιμεῖσθαι
397 1502 460 1532 τοὺς
474 1502 604 1537 πατέρας,
618 1503 684 1538 μηδὲ
699 1503 749 1539 τὴν
767 1503 862 1537 γενεὰν
878 1505 927 1539 τὴν

144 1544 261 1577 σκολιὰν,
280 1545 347 1581 μηδὲ
368 1546 416 1582 τὴν
433 1548 712 1583 παραπικραίνουσαν,
728 1548 794 1583 ἥτις
808 1551 844 1576 οὺ
860 1559 928 1578 κατ-

143 1591 254 1624 ηύθυνδ
278 1591 335 1626 τὴν
358 1593 483 1627 καρδίαν
503 1593 615 1627 αὐτῆς,
634 1594 681 1621 καὶ
702 1596 757 1622 οὐκ
779 1595 926 1630 ἐπιστώθη

142 1636 215 1671 μετὰ
237 1637 290 1664 τοῦ
316 1638 389 1665 Θεοῦ
404 1639 436 1665 τὸ
451 1640 568 1673 πνεῦμα
587 1640 689 1673 αὐτῆς.
711 1642 740 1668 Οί
765 1642 802 1672 δὲ,
821 1641 927 1677 χείρους

144 1682 197 1710 τῶν
214 1683 338 1719 πατέρων
355 1685 512 1719 γενόμενοι,
530 1686 604 1712 οὐδὲν
626 1687 674 1721 μὲν
697 1687 750 1713 ἀπὸ
765 1688 814 1722 τῆς
836 1697 926 1724 παρα-

144 1727 265 1764 δοθείσης
285 1717 332 1756 τοῦ
358 1717 438 1765 νόμου
464 1733 570 1768 γραφῆς
607 1717 757 1767 ωφελοῦντο
845 1717 963 1769 βάζοοςίῖ

145 1774 242 1807 κακίας
258 1775 423 1808 ἐλαύνοντες.
437 1777 491 1803 Καὶ
511 1778 612 1812 πρῶτοί
631 1787 662 1812 γε
688 1779 788 1806 τούτων
811 1777 881 1815 ἦσαν
901 1781 926 1807 οἱ

145 1821 196 1847 υἱοὶ
216 1821 345 1857 Ἐφραῒμ,
359 1822 517 1857 τιμηθέντες
535 1825 583 1859 μὲν
600 1824 730 1860 ἐξαιρετῷ
741 1826 804 1860 τιμῇ
821 1826 864 1852 διὰ
880 1826 926 1852 τοῦ

145 1866 192 1902 τὴν
206 1867 294 1894 αὑτῶν
313 1868 398 1903 φυλὴν
412 1868 458 1895 καὶ
473 1868 518 1894 τὸν
533 1870 620 1895 αὐτῶν
637 1870 735 1906 κλῆρον
748 1871 926 1907 προκριθῆναι

145 1911 190 1938 τοῦ
204 1914 304 1945 παντὸς
316 1914 417 1946 ἔθνους,
431 1915 478 1941 καὶ
489 1914 537 1950 τὴν
551 1916 666 1943 κιϐωτὸν
681 1917 728 1943 τοῦ
742 1918 808 1944 Θεοῦ
822 1919 868 1945 καὶ
879 1918 926 1953 τὴν

146 1958 247 1994 σκηνὴν
257 1959 303 1985 τοῦ
317 1960 464 1996 μαρτυρίου
476 1962 524 1996 τὴν
540 1962 591 1988 ὑπὸ
608 1963 728 1994 Μωσέως
741 1963 769 1989 ὲν
784 1965 816 1999 τῇ
831 1965 927 1999 ἐρήμῳ

144 2005 411 2033 κατασκευασθεῖσαν
445 2007 621 2040 ὑποδέξασθαι
650 2009 790 2045 πρώτους·
819 2011 833 2036 ὁ
863 2011 927 2044 γοῦν

145 2051 226 2082 τόπος
239 2051 253 2077 ὁ
265 2052 294 2078 ὲν
308 2052 395 2087 Σηλῶ,
411 2052 473 2080 ἔνθα
490 2054 505 2089 ὴ
524 2055 609 2090 σκηνὴ
624 2056 670 2082 καὶ
689 2055 718 2081 τὺ
731 2056 863 2090 ἁγίασμα,
874 2056 927 2091 πρὸ

145 2097 193 2133 τῆς
217 2097 408 2133 Ἰερουσαλὴμ,
434 2099 482 2134 τῆς
507 2100 591 2135 φυλῆς
621 2101 738 2136 Ἐφραῒμ
764 2101 924 2136 ἐτύγχανεν-

145 2142 212 2169 ἁλλὰ
233 2143 336 2178 πρῶτοι
359 2143 459 2179 ταύτης
473 2145 599 2179 τυχόντες
619 2146 667 2181 τῆς
693 2146 775 2181 τιμῆς
790 2166 797 2178 ,
823 2146 929 2173 εἰδωλο-

145 2188 240 2224 λάτραι
273 2190 406 2223 γεγόνασι.
433 2190 487 2216 Καὶ
511 2190 568 2216 ἐστι
591 2199 623 2224 γε
653 2191 701 2226 τὴν
736 2191 855 2227 ἱστορίαν
874 2192 927 2219 τῶν

145 2234 346 2270 πεπραγμένων
368 2234 460 2266 αὐτοῖς
485 2234 538 2261 ἀπὸ
556 2235 604 2269 τῆς
627 2234 716 2269 βίϐλου
742 2235 797 2261 τῶν
818 2237 927 2272 Κριτῶν

144 2277 332 2310 ἀναλέξασθαι.
347 2279 467 2315 Ἐλέγχει
479 2279 506 2305 δὲ
521 2280 567 2306 καὶ
577 2282 590 2306 ό
603 2280 697 2317 παρὼν
707 2281 811 2316 ψαλμὺς
824 2282 928 2318 προῖὼν

145 2323 208 2359 ἑξῆς
219 2324 267 2350 καὶ
281 2323 366 2358 λέγων
381 2325 444 2360 περὶ
457 2325 558 2351 αὐτῶν·
580 2326 726 2353 Ἁπώσατο
738 2327 771 2354 τὸ
783 2327 927 2363 σκήνωμα

977 1089 1103 1121 arcubus,
1119 1089 1187 1116 versi
1206 1094 1267 1116 sunt
1291 1090 1317 1115 in
1344 1088 1386 1115 die
1405 1088 1475 1115 belli.
1491 1088 1583 1116 Bonus
1604 1088 1712 1123 quidem
1735 1095 1764 1117 et

977 1136 1097 1164 clemens
1115 1135 1248 1162 Dominus
1263 1136 1359 1170 primis
1374 1134 1493 1162 Judaicze
1512 1136 1600 1170 gentis
1612 1135 1698 1164 atavis
1714 1144 1763 1171 per

977 1181 1095 1217 Moysem
1106 1181 1297 1209 inenarrabilia
1305 1189 1386 1216 opera
1394 1181 1488 1208 edidit:
1499 1181 1548 1216 ipsi
1556 1189 1619 1208 vero
1626 1181 1693 1208 dura
1703 1190 1760 1210 cer-

976 1227 1036 1254 vice
1048 1227 1197 1259 luerunt,et
1207 1234 1297 1254 revera
1308 1217 1427 1262 populus
1432 1227 1532 1254 stultus
1540 1232 1565 1255 et
1575 1235 1629 1254 non
1643 1228 1762 1262 sapiens,

977 1277 1003 1299 et
1021 1274 1162 1307 generatio
1178 1277 1297 1300 tortuosa
1313 1276 1339 1299 et
1361 1280 1498 1307 perversa.
1516 1271 1568 1300 Sed
1581 1281 1642 1305 cum
1656 1274 1762 1308 priores

978 1318 1038 1345 illos
1055 1319 1123 1346 tales
1139 1318 1223 1346 fuisse
1238 1319 1443 1354 comprobatum
1472 1318 1564 1351 fuerit,
1583 1319 1700 1354 posteris
1715 1327 1763 1347 eo-

977 1371 1037 1390 rum
1057 1364 1142 1398 legem
1159 1363 1281 1395 tradidit,
1301 1368 1437 1399 praecepta
1456 1364 1525 1392 dans
1547 1365 1611 1395 illis,
1630 1369 1658 1392 et
1669 1366 1763 1394 testiﬁ-

977 1413 1056 1436 catus
1071 1417 1196 1444 quaenam
1221 1410 1336 1444 agenda,
1359 1418 1373 1437 a
1394 1410 1493 1445 quibus
1510 1409 1701 1438 abstinendum
1716 1418 1764 1439 es-

979 1459 1020 1482 set
1033 1465 1040 1482 ι
1055 1455 1204 1482 cohortans
1219 1463 1327 1490 quaque
1345 1463 1380 1483 ne
1401 1461 1492 1490 patres
1508 1463 1596 1490 neque
1609 1456 1765 1491 generatio-

978 1509 1040 1528 nem
1058 1501 1130 1528 illam
1146 1505 1298 1528 tortuosam
1315 1505 1342 1528 et
1356 1506 1562 1536 cxasperantetn
1576 1502 1762 1535 imitarentur,

977 1555 1034 1582 qui:
1058 1555 1108 1574 non
1134 1547 1230 1574 direxit
1245 1555 1291 1574 cor
1305 1555 1392 1578 suum.
1408 1552 1432 1574 et
1456 1556 1508 1575 non
1524 1547 1610 1583 ﬁdelis
1635 1549 1685 1584 fuit
1703 1557 1764 1578 cum

978 1592 1032 1619 Deo
1048 1593 1158 1626 spiritus
1173 1592 1240 1626 ejus.
1256 1593 1295 1619 llli
1318 1601 1382 1620 vero
1392 1613 1399 1625 ,
1413 1595 1536 1628 patribus
1552 1594 1714 1629 deteriores,
1729 1596 1764 1623 ab

979 1641 1030 1669 sibi
1047 1641 1146 1668 tradita
1167 1640 1234 1676 legis
1251 1641 1389 1676 scriptura
1404 1642 1528 1670 utilitatis
1542 1642 1610 1670 nihil
1632 1651 1762 1678 percepe-

979 1690 1063 1720 runt;
1080 1687 1127 1714 sed
1143 1687 1169 1714 in
1192 1686 1358 1721 profundum
1376 1688 1508 1715 malorum
1532 1688 1602 1723 lapsi
1625 1693 1698 1716 sunt.
1712 1687 1754 1717 lio

978 1742 1038 1762 rum
1055 1733 1135 1769 primi
1153 1737 1231 1761 erant
1247 1733 1294 1760 lilii
1309 1733 1450 1768 Ephraim,
1466 1734 1513 1769 qui
1533 1734 1697 1769 praecellenti
1711 1734 1765 1762 ho—

978 1790 1044 1808 nore
1059 1781 1164 1812 donati,
1182 1780 1252 1815 quod
1268 1780 1357 1808 tribus
1378 1785 1405 1807 ct
1424 1788 1483 1808 sors
1502 1789 1598 1808 eorum
1621 1781 1669 1808 toti
1690 1782 1763 1817 genti

978 1826 1125 1862 pmltahita
1156 1826 1247 1858 fuerit,
1264 1831 1290 1854 et
1314 1834 1404 1853 arcam
1429 1826 1475 1853 Dei
1505 1827 1765 1862 tabernaculumque

977 1873 1126 1901 testimonii
1154 1873 1187 1899 ab
1207 1872 1299 1907 Moyse
1321 1874 1348 1900 in
1369 1874 1477 1900 deserto
1498 1877 1685 1901 constructum
1711 1874 1765 1909 ipsi

978 1919 1057 1953 primi
1070 1919 1227 1953 acceperint
1242 1926 1248 1943 :
1267 1926 1329 1944 nam
1343 1918 1420 1946 locus
1432 1918 1477 1945 ille
1493 1918 1520 1945 in
1532 1917 1599 1950 Silo,
1612 1918 1657 1946 ubi
1672 1919 1763 1947 taber-

979 1964 1107 1991 naculum
1134 1968 1161 1990 et
1178 1964 1360 1991 sanctiﬁcatio
1380 1964 1536 1999 (antequam
1561 1964 1588 1991 in
1612 1963 1763 1993 Jerusalem

977 2009 1062 2044 esset)
1076 2009 1200 2044 degebat,
1222 2010 1310 2037 tribus
1333 2009 1460 2045 Epltraim
1484 2013 1552 2037 erat.
1584 2009 1683 2040 Verum
1701 2019 1764 2039 cum

978 2055 1030 2090 ipsi
1045 2055 1126 2090 primi
1152 2059 1230 2082 tanto
1245 2055 1349 2083 honore
1362 2056 1466 2091 dignati
1484 2060 1577 2084 essent
1590 2075 1598 2089 .
1611 2055 1767 2086 idololatrae

978 2101 1066 2129 effecti
1083 2105 1157 2129 sunt.
1172 2101 1211 2129 Ac
1222 2102 1323 2137 cuique
1338 2102 1402 2130 licet
1417 2097 1560 2130 historiam
1575 2111 1668 2132 rerum
1685 2105 1720 2133 ah
1730 2105 1766 2132 il-

978 2148 1011 2175 lis
1036 2152 1174 2182 gestarum
1190 2155 1223 2175 ex
1238 2148 1309 2176 libro
1322 2147 1450 2176 Judicum
1468 2148 1609 2185 colligere.
1627 2150 1703 2186 Ipsos
1718 2159 1767 2178 au-

978 2200 1032 2224 tem
1048 2204 1169 2232 praesens
1185 2198 1308 2232 psalmus
1326 2197 1353 2224 in
1372 2197 1550 2232 sequentibus
1568 2206 1676 2235 quoque
1687 2207 1767 2227 coar-

978 2243 1047 2278 guit,
1068 2243 1163 2270 dicens
1177 2250 1184 2269 :
1199 2242 1303 2277 Repulit
1321 2243 1522 2271 tabernaculum
1546 2244 1655 2279 Ioseph,
1671 2250 1696 2272 et
1716 2246 1766 2272 tri-

979 2288 1040 2316 bum
1056 2287 1184 2323 Epltraim
1193 2297 1246 2315 non
1261 2289 1355 2324 elegit;
1370 2294 1397 2317 et
1411 2297 1522 2317 rursum
1541 2299 1547 2317 :
1565 2290 1599 2317 Et
1614 2291 1708 2325 repulit
1725 2298 1766 2318 ta-

980 2334 1150 2362 bernaculum
1165 2334 1234 2366 Silo,
1247 2335 1445 2362 tabernaculum
1459 2343 1534 2362 suum
1546 2335 1590 2362 ubi
1603 2336 1728 2363 habitavit
1739 2337 1766 2364 in

151 2370 267 2406 Ἰωσὴφ,
283 2372 331 2398 καὶ
349 2371 405 2406 τὴν
421 2372 525 2406 φυλὴν
543 2373 662 2408 Ἐφραῒμ
677 2375 732 2400 οὐκ
750 2374 923 2407 ἐξελέξατο·

980 2380 1145 2412 hominibus;
1163 2387 1330 2415 causamque
1350 2380 1450 2415 profert
1466 2380 1508 2408 his
1521 2381 1628 2408 verbis:
1642 2381 1767 2410 Conveni

145 2417 192 2444 καὶ
219 2417 315 2444 πάλιν·
341 2418 396 2444 Kal
420 2418 559 2446 ἀξιώσατο
581 2419 638 2453 τὴν
660 2420 780 2455 σκηνὴν
799 2421 925 2456 Σηλὼμ,

145 2463 288 2498 σκήνωμα
302 2461 337 2492 οὗ
353 2467 582 2498 κατεσκήνωσεν
595 2466 629 2492 ἐν
641 2466 814 2500 ἀνθρώποις·
823 2469 869 2494 καὶ
880 2469 928 2505 τὴν

144 2509 232 2537 αἰτίαν
259 2511 422 2546 παρίστησιν
456 2510 540 2539 ιίπών
558 2520 565 2526 ·
600 2512 855 2547 Μετεστράςρησαν
884 2516 929 2548 εἰς

143 2555 234 2588 τόξον
247 2558 403 2591 στρεϐλόν.
419 2558 475 2585 Kal
493 2557 682 2593 παρώργισαν
705 2559 798 2587 αὐτὸν
818 2561 853 2588 ἐν
866 2563 928 2595 τοῖς

143 2603 267 2637 βουνοῖς
286 2604 394 2636 αὐτῶν,
407 2604 455 2631 καὶ
470 2605 505 2631 ἐν
518 2605 580 2639 τοῖς
591 2605 734 2640 γλυπτοῖς
748 2606 846 2634 αὐτῶν
854 2615 927 2642 παρ-

143 2649 298 2683 σζήλωσαν
321 2651 435 2683 autem;
449 2651 568 2683 Εἰκότως
589 2648 635 2678 οὖν
657 2652 703 2679 καὶ
726 2653 769 2679 διὰ
785 2653 838 2680 τῶν
862 2663 926 2689 προ-

143 2696 277 2732 κειμένων
295 2697 416 2733 εἴρηται·
440 2698 497 2726 Υἱοὶ
522 2698 659 2734 Ἐφρατμ,
681 2700 863 2733 ἐντείνοντες
880 2700 928 2727 καί

144 2742 311 2776 βάλλοντες
323 2742 423 2775 τόξον,
430 2743 626 2778 ἐστράφησαν
636 2745 671 2772 ἐν
681 2745 776 2780 ἡμέρᾳ
784 2745 927 2780 πολέμου.

145 2787 206 2820 lli»;
218 2788 247 2816 δὲ
263 2788 437 2824 ἐστράφησαν
461 2789 625 2826 σαφέστερον
647 2791 810 2827 παρίστησιν
828 2791 925 2818 εἰπών·

145 2833 196 2861 Καὶ
216 2832 354 2868 ἐγένοντο
375 2835 417 2867 εις
433 2833 521 2866 τόξον
535 2836 689 2870 στρεϐλόν.
714 2836 776 2863 Δέον
791 2836 846 2872 γὰρ
866 2836 928 2871 βάλ-

182 2911 205 2928 "
221 2910 300 2939 Deut.
313 2918 400 2944 nx".
417 2910 445 2939 6.

978 2431 1038 2453 sunt
1058 2427 1085 2453 in
1100 2435 1191 2454 arcum
1201 2435 1318 2462 pravum.
1337 2426 1370 2452 Et
1391 2427 1558 2453 irritaverunt
1573 2435 1631 2453 eum
1648 2428 1674 2454 in
1689 2429 1766 2456 colli-

978 2472 1026 2500 bus
1039 2474 1103 2505 suis,
1117 2478 1141 2500 et
1159 2474 1186 2500 in
1201 2473 1365 2508 sculptilibus
1381 2473 1436 2499 suis
1452 2472 1486 2499 ad
1502 2473 1693 2501 cumulationem
1705 2483 1765 2503 eum

979 2524 1194 2554 prouocauerunt.
1207 2518 1273 2545 Jure
1285 2526 1350 2553 ergo
1364 2517 1392 2545 in
1405 2518 1690 2553 praesentibusdictum
1704 2525 1744 2548 est
1757 2531 1763 2548 :

981 2563 1049 2590 Filii
1064 2563 1189 2597 Epitraim
1203 2564 1364 2590 intendente:
1389 2568 1413 2590 et
1427 2563 1559 2591 mittentes
1584 2573 1687 2596 arcum,
1698 2565 1766 2593 uersi

981 2613 1042 2636 sunt
1059 2609 1086 2636 in
1096 2608 1139 2636 die
1155 2608 1226 2636 belli.
1241 2608 1301 2642 Quo
1317 2612 1397 2643 pacto
1412 2612 1502 2636 autem
1523 2610 1648 2638 conversi
1664 2610 1765 2638 fuerint

982 2654 1082 2682 clarius
1110 2654 1229 2682 ostendit
1257 2653 1372 2681 dicens:
1390 2653 1425 2680 Et
1453 2652 1518 2688 facti
1540 2658 1601 2683 sunt
1626 2655 1653 2682 in
1673 2663 1764 2682 arcum

981 2707 1100 2734 pravum.
1129 2698 1196 2726 Nam
1222 2706 1284 2726 cum
1310 2698 1475 2733 oportuisset
1494 2698 1546 2726 tela
1565 2699 1723 2728 immittere'
1737 2704 1765 2727 et

982 2745 1082 2772 bellum
1106 2743 1207 2772 inferre
1223 2743 1343 2771 inimicis
1368 2743 1426 2776 Dei,
1446 2743 1598 2772 idololatrze
1631 2745 1668 2772 illi
1693 2752 1764 2780 pra:-

982 2793 1113 2825 optarunt
1124 2789 1223 2817 bellum
1233 2797 1341 2817 morere
1355 2788 1420 2817 Deo.
1433 2789 1522 2824 Quare
1529 2789 1620 2818 subdit
1633 2789 1762 2820 z—Vsss.

982 2837 1024 2865 10.
1044 2836 1105 2867 Νοη
1123 2835 1302 2865 custodierunt
1331 2841 1513 2869 testamentum
1530 2836 1588 2869 Dei,
1603 2840 1628 2864 et
1655 2835 1685 2864 in
1709 2837 1764 2873 (ego
