  <div class='ocr_page' id='page_1' title='image "/cluster/home/n/w/nwhite01/storage/ocr_20150623/23/njp.32101077772505/465.png"; bbox 0 0 2024 3214; ppageno 0'>
   <div class='ocr_carea' id='block_1_1' title="bbox 259 182 312 211">
    <p class='ocr_par' dir='ltr' id='par_1_1' title="bbox 259 182 312 211">
     <span class='ocr_line' id='line_1_1' title="bbox 259 182 312 211; baseline 0 -1"><span class='ocrx_word' id='word_1_1' title='bbox 259 182 312 211; x_wconf 73' lang='grc'><strong>915</strong></span> 
     </span>
    </p>
   </div>
   <div class='ocr_carea' id='block_1_2' title="bbox 618 179 1554 210">
    <p class='ocr_par' dir='ltr' id='par_1_2' title="bbox 618 179 1554 210">
     <span class='ocr_line' id='line_1_2' title="bbox 618 179 1554 210; baseline 0.001 -2"><span class='ocrx_word' id='word_1_2' title='bbox 618 180 753 209; x_wconf 84' lang='lat' dir='ltr'><strong>EUSEBll</strong></span> <span class='ocrx_word' id='word_1_3' title='bbox 771 179 1012 209; x_wconf 59' lang='lat' dir='ltr'><strong>CESARIENSIS</strong></span> <span class='ocrx_word' id='word_1_4' title='bbox 1030 179 1106 208; x_wconf 83' lang='lat' dir='ltr'><strong>OPP.</strong></span> <span class='ocrx_word' id='word_1_5' title='bbox 1129 179 1218 207; x_wconf 76' lang='lat' dir='ltr'><strong>PARS</strong></span> <span class='ocrx_word' id='word_1_6' title='bbox 1235 179 1280 207; x_wconf 91' lang='grc'><strong>111.</strong></span> <span class='ocrx_word' id='word_1_7' title='bbox 1297 195 1334 203; x_wconf 83' lang='lat'><strong>--</strong></span> <span class='ocrx_word' id='word_1_8' title='bbox 1352 180 1554 210; x_wconf 78' lang='lat' dir='ltr'><strong>EXEGETICA.</strong></span> 
     </span>
    </p>
   </div>
   <div class='ocr_carea' id='block_1_3' title="bbox 1835 181 1888 210">
    <p class='ocr_par' dir='ltr' id='par_1_3' title="bbox 1835 181 1888 210">
     <span class='ocr_line' id='line_1_3' title="bbox 1835 181 1888 210; baseline 0 0"><span class='ocrx_word' id='word_1_9' title='bbox 1835 181 1888 210; x_wconf 78' lang='lat' dir='ltr'><strong>9l6</strong></span> 
     </span>
    </p>
   </div>
   <div class='ocr_carea' id='block_1_4' title="bbox 258 241 1043 277">
    <p class='ocr_par' dir='ltr' id='par_1_4' title="bbox 258 241 1043 277">
     <span class='ocr_line' id='line_1_4' title="bbox 258 241 1043 277; baseline -0.001 -8"><span class='ocrx_word' id='word_1_10' title='bbox 258 242 403 277; x_wconf 84' lang='lat' dir='ltr'><strong>adaquavit</strong></span> <span class='ocrx_word' id='word_1_11' title='bbox 426 250 470 269; x_wconf 79' lang='lat' dir='ltr'><strong>eos</strong></span> <span class='ocrx_word' id='word_1_12' title='bbox 487 241 555 269; x_wconf 79' lang='lat' dir='ltr'><strong>velut</strong></span> <span class='ocrx_word' id='word_1_13' title='bbox 576 242 603 268; x_wconf 81' lang='lat' dir='ltr'><strong>in</strong></span> <span class='ocrx_word' id='word_1_14' title='bbox 619 242 715 277; x_wconf 85' lang='lat' dir='ltr'><strong>abysso</strong></span> <span class='ocrx_word' id='word_1_15' title='bbox 741 242 843 274; x_wconf 86' lang='lat' dir='ltr'><strong>multa;</strong></span> <span class='ocrx_word' id='word_1_16' title='bbox 860 241 894 269; x_wconf 88' lang='lat' dir='ltr'><strong>de</strong></span> <span class='ocrx_word' id='word_1_17' title='bbox 913 242 965 269; x_wconf 86' lang='lat' dir='ltr'><strong>alia</strong></span> <span class='ocrx_word' id='word_1_18' title='bbox 986 249 1043 269; x_wconf 75' lang='grc' dir='ltr'>νει-ι</span> 
     </span>
    </p>
   </div>
   <div class='ocr_carea' id='block_1_5' title="bbox 1094 241 1888 277">
    <p class='ocr_par' dir='ltr' id='par_1_5' title="bbox 1102 241 1888 277">
     <span class='ocr_line' id='line_1_5' title="bbox 1102 241 1888 277; baseline 0 -9"><span class='ocrx_word' id='word_1_19' title='bbox 1102 241 1210 275; x_wconf 81' lang='grc' dir='ltr'>Κύριος</span> <span class='ocrx_word' id='word_1_20' title='bbox 1231 241 1305 275; x_wconf 80' lang='grc' dir='ltr'>πρὸς</span> <span class='ocrx_word' id='word_1_21' title='bbox 1329 241 1444 276; x_wconf 83' lang='grc' dir='ltr'>Μωσῆν</span> <span class='ocrx_word' id='word_1_22' title='bbox 1464 242 1579 277; x_wconf 76' lang='grc' dir='ltr'>λέγων·</span> <span class='ocrx_word' id='word_1_23' title='bbox 1596 241 1674 269; x_wconf 74' lang='grc' dir='ltr'>Λάϐε</span> <span class='ocrx_word' id='word_1_24' title='bbox 1695 241 1751 275; x_wconf 69' lang='grc' dir='ltr'>τὴν</span> <span class='ocrx_word' id='word_1_25' title='bbox 1766 241 1888 276; x_wconf 73' lang='grc' dir='ltr'>ῥάϐδον,</span> 
     </span>
    </p>
   </div>
   <div class='ocr_carea' id='block_1_6' title="bbox 258 284 1051 322">
    <p class='ocr_par' dir='ltr' id='par_1_6' title="bbox 258 284 1051 322">
     <span class='ocr_line' id='line_1_6' title="bbox 258 284 1051 322; baseline -0.004 -8"><span class='ocrx_word' id='word_1_26' title='bbox 258 286 356 315; x_wconf 87' lang='lat' dir='ltr'><strong>deinde</strong></span> <span class='ocrx_word' id='word_1_27' title='bbox 369 286 567 322; x_wconf 80' lang='lat' dir='ltr'><strong>subjungitz—</strong></span> <span class='ocrx_word' id='word_1_28' title='bbox 582 285 666 313; x_wconf 75' lang='lat' dir='ltr'><strong>Vens.</strong></span> <span class='ocrx_word' id='word_1_29' title='bbox 683 285 726 314; x_wconf 81' lang='grc'><strong>16.</strong></span> <span class='ocrx_word' id='word_1_30' title='bbox 742 285 776 312; x_wconf 87' lang='lat' dir='ltr'><strong>Et</strong></span> <span class='ocrx_word' id='word_1_31' title='bbox 788 285 896 312; x_wconf 69' lang='lat' dir='ltr'><strong>deduxit</strong></span> <span class='ocrx_word' id='word_1_32' title='bbox 909 293 1004 320; x_wconf 86' lang='lat' dir='ltr'><strong>aquam</strong></span> <span class='ocrx_word' id='word_1_33' title='bbox 1019 284 1051 311; x_wconf 86' lang='lat' dir='ltr'><strong>de</strong></span> 
     </span>
    </p>
   </div>
   <div class='ocr_carea' id='block_1_7' title="bbox 256 330 1050 368">
    <p class='ocr_par' dir='ltr' id='par_1_7' title="bbox 256 330 1050 368">
     <span class='ocr_line' id='line_1_7' title="bbox 256 330 1050 368; baseline -0.004 -8"><span class='ocrx_word' id='word_1_34' title='bbox 256 338 341 368; x_wconf 76' lang='lat' dir='ltr'><strong>petra,</strong></span> <span class='ocrx_word' id='word_1_35' title='bbox 348 332 485 360; x_wconf 77' lang='lat' dir='ltr'><strong>etdeduin</strong></span> <span class='ocrx_word' id='word_1_36' title='bbox 494 337 621 367; x_wconf 78' lang='lat' dir='ltr'><strong>tanquam</strong></span> <span class='ocrx_word' id='word_1_37' title='bbox 634 332 746 366; x_wconf 75' lang='lat' dir='ltr'><strong>[Iuntina</strong></span> <span class='ocrx_word' id='word_1_38' title='bbox 755 340 848 366; x_wconf 86' lang='lat' dir='ltr'><strong>aquas.</strong></span> <span class='ocrx_word' id='word_1_39' title='bbox 859 330 1050 358; x_wconf 71' lang='lat' dir='ltr'><strong>Verumtamen</strong></span> 
     </span>
    </p>
   </div>
   <div class='ocr_carea' id='block_1_8' title="bbox 257 376 1051 409">
    <p class='ocr_par' dir='ltr' id='par_1_8' title="bbox 257 376 1051 409">
     <span class='ocr_line' id='line_1_8' title="bbox 257 376 1051 409; baseline -0.004 -4"><span class='ocrx_word' id='word_1_40' title='bbox 257 385 320 405; x_wconf 88' lang='lat' dir='ltr'><strong>cum</strong></span> <span class='ocrx_word' id='word_1_41' title='bbox 329 382 368 405; x_wconf 91' lang='lat' dir='ltr'><strong>tot</strong></span> <span class='ocrx_word' id='word_1_42' title='bbox 380 378 433 406; x_wconf 89' lang='lat' dir='ltr'><strong>illis</strong></span> <span class='ocrx_word' id='word_1_43' title='bbox 441 377 647 406; x_wconf 83' lang='lat' dir='ltr'><strong>subministrata</strong></span> <span class='ocrx_word' id='word_1_44' title='bbox 658 377 728 404; x_wconf 80' lang='lat' dir='ltr'><strong>bona</strong></span> <span class='ocrx_word' id='word_1_45' title='bbox 736 377 861 409; x_wconf 80' lang='lat' dir='ltr'><strong>fuissent,</strong></span> <span class='ocrx_word' id='word_1_46' title='bbox 872 376 1051 404; x_wconf 86' lang='lat' dir='ltr'><strong>nihilominus</strong></span> 
     </span>
    </p>
   </div>
   <div class='ocr_carea' id='block_1_9' title="bbox 259 422 1050 458">
    <p class='ocr_par' dir='ltr' id='par_1_9' title="bbox 259 422 1050 458">
     <span class='ocr_line' id='line_1_9' title="bbox 259 422 1050 458; baseline -0.004 -7"><span class='ocrx_word' id='word_1_47' title='bbox 259 428 446 458; x_wconf 66' lang='lat' dir='ltr'><strong>opposuerunt</strong></span> <span class='ocrx_word' id='word_1_48' title='bbox 474 430 589 458; x_wconf 83' lang='lat' dir='ltr'><strong>peccare</strong></span> <span class='ocrx_word' id='word_1_49' title='bbox 620 422 713 457; x_wconf 73' lang='lat' dir='ltr'><strong>(Vens.</strong></span> <span class='ocrx_word' id='word_1_50' title='bbox 739 423 794 458; x_wconf 84' lang='lat' dir='ltr'><strong>l7),</strong></span> <span class='ocrx_word' id='word_1_51' title='bbox 822 430 938 458; x_wconf 80' lang='lat' dir='ltr'><strong>peccare</strong></span> <span class='ocrx_word' id='word_1_52' title='bbox 960 425 1050 450; x_wconf 86' lang='lat' dir='ltr'><strong>autem</strong></span> 
     </span>
    </p>
   </div>
   <div class='ocr_carea' id='block_1_10' title="bbox 261 468 1052 504">
    <p class='ocr_par' dir='ltr' id='par_1_10' title="bbox 261 468 1052 504">
     <span class='ocr_line' id='line_1_10' title="bbox 261 468 1052 504; baseline -0.004 -7"><span class='ocrx_word' id='word_1_53' title='bbox 261 477 318 497; x_wconf 89' lang='lat' dir='ltr'><strong>non</strong></span> <span class='ocrx_word' id='word_1_54' title='bbox 333 469 397 502; x_wconf 84' lang='lat' dir='ltr'><strong>sibi,</strong></span> <span class='ocrx_word' id='word_1_55' title='bbox 413 470 460 497; x_wconf 91' lang='lat' dir='ltr'><strong>sed</strong></span> <span class='ocrx_word' id='word_1_56' title='bbox 487 469 549 504; x_wconf 87' lang='lat' dir='ltr'><strong>ipsi.</strong></span> <span class='ocrx_word' id='word_1_57' title='bbox 566 468 595 496; x_wconf 90' lang='lat' dir='ltr'><strong>In</strong></span> <span class='ocrx_word' id='word_1_58' title='bbox 612 469 703 504; x_wconf 90' lang='lat' dir='ltr'><strong>ipsum</strong></span> <span class='ocrx_word' id='word_1_59' title='bbox 737 469 808 496; x_wconf 85' lang='lat' dir='ltr'><strong>enim</strong></span> <span class='ocrx_word' id='word_1_60' title='bbox 841 468 926 496; x_wconf 86' lang='lat' dir='ltr'><strong>Deum</strong></span> <span class='ocrx_word' id='word_1_61' title='bbox 949 475 1052 504; x_wconf 83' lang='lat' dir='ltr'><strong>pecca-</strong></span> 
     </span>
    </p>
   </div>
   <div class='ocr_carea' id='block_1_11' title="bbox 258 513 1049 549">
    <p class='ocr_par' dir='ltr' id='par_1_11' title="bbox 258 513 1049 549">
     <span class='ocr_line' id='line_1_11' title="bbox 258 513 1049 549; baseline -0.004 -6"><span class='ocrx_word' id='word_1_62' title='bbox 258 519 315 543; x_wconf 92' lang='lat' dir='ltr'><strong>tum</strong></span> <span class='ocrx_word' id='word_1_63' title='bbox 329 523 423 543; x_wconf 82' lang='lat' dir='ltr'><strong>eorum</strong></span> <span class='ocrx_word' id='word_1_64' title='bbox 443 515 576 545; x_wconf 82' lang='lat' dir='ltr'><strong>vertebat.</strong></span> <span class='ocrx_word' id='word_1_65' title='bbox 601 514 666 541; x_wconf 92' lang='lat' dir='ltr'><strong>dum</strong></span> <span class='ocrx_word' id='word_1_66' title='bbox 690 521 738 549; x_wconf 86' lang='lat' dir='ltr'><strong>per</strong></span> <span class='ocrx_word' id='word_1_67' title='bbox 756 513 1002 540; x_wconf 77' lang='lat' dir='ltr'><strong>contradictionem</strong></span> <span class='ocrx_word' id='word_1_68' title='bbox 1021 513 1049 540; x_wconf 92' lang='lat' dir='ltr'><strong>in</strong></span> 
     </span>
    </p>
   </div>
   <div class='ocr_carea' id='block_1_12' title="bbox 256 558 1050 597">
    <p class='ocr_par' dir='ltr' id='par_1_12' title="bbox 256 558 1050 597">
     <span class='ocr_line' id='line_1_12' title="bbox 256 558 1050 597; baseline -0.005 -7"><span class='ocrx_word' id='word_1_69' title='bbox 256 562 346 597; x_wconf 86' lang='lat' dir='ltr'><strong>ipsum</strong></span> <span class='ocrx_word' id='word_1_70' title='bbox 374 561 456 596; x_wconf 83' lang='lat' dir='ltr'><strong>impie</strong></span> <span class='ocrx_word' id='word_1_71' title='bbox 485 564 607 596; x_wconf 79' lang='lat' dir='ltr'><strong>agerent.</strong></span> <span class='ocrx_word' id='word_1_72' title='bbox 633 560 723 592; x_wconf 82' lang='lat' dir='ltr'><strong>Quare</strong></span> <span class='ocrx_word' id='word_1_73' title='bbox 739 559 876 593; x_wconf 80' lang='lat' dir='ltr'><strong>subiicit:</strong></span> <span class='ocrx_word' id='word_1_74' title='bbox 898 558 1050 586; x_wconf 70' lang='lat' dir='ltr'><strong>Eraeerba-</strong></span> 
     </span>
    </p>
   </div>
   <div class='ocr_carea' id='block_1_13' title="bbox 256 605 1050 640">
    <p class='ocr_par' dir='ltr' id='par_1_13' title="bbox 256 605 1050 640">
     <span class='ocr_line' id='line_1_13' title="bbox 256 605 1050 640; baseline -0.003 -6"><span class='ocrx_word' id='word_1_75' title='bbox 256 611 348 634; x_wconf 76' lang='lat' dir='ltr'><strong>verunt</strong></span> <span class='ocrx_word' id='word_1_76' title='bbox 367 606 506 633; x_wconf 68' lang='lat' dir='ltr'><strong>Excelsum</strong></span> <span class='ocrx_word' id='word_1_77' title='bbox 523 605 550 632; x_wconf 84' lang='lat' dir='ltr'><strong>in</strong></span> <span class='ocrx_word' id='word_1_78' title='bbox 561 606 706 640; x_wconf 85' lang='lat' dir='ltr'><strong>inaquoso;</strong></span> <span class='ocrx_word' id='word_1_79' title='bbox 722 605 780 633; x_wconf 85' lang='lat' dir='ltr'><strong>sive</strong></span> <span class='ocrx_word' id='word_1_80' title='bbox 802 605 952 633; x_wconf 89' lang='lat' dir='ltr'><strong>secundum</strong></span> <span class='ocrx_word' id='word_1_81' title='bbox 965 605 1050 640; x_wconf 77' lang='lat' dir='ltr'><strong>Aqui-</strong></span> 
     </span>
    </p>
   </div>
   <div class='ocr_carea' id='block_1_14' title="bbox 256 650 1049 685">
    <p class='ocr_par' dir='ltr' id='par_1_14' title="bbox 256 650 1049 685">
     <span class='ocr_line' id='line_1_14' title="bbox 256 650 1049 685; baseline -0.001 -5"><span class='ocrx_word' id='word_1_82' title='bbox 256 653 322 685; x_wconf 84' lang='lat' dir='ltr'><strong>lam,</strong></span> <span class='ocrx_word' id='word_1_83' title='bbox 347 651 380 680; x_wconf 88' lang='lat' dir='ltr'><strong>Ut</strong></span> <span class='ocrx_word' id='word_1_84' title='bbox 398 651 553 679; x_wconf 88' lang='lat' dir='ltr'><strong>rebellarent</strong></span> <span class='ocrx_word' id='word_1_85' title='bbox 573 656 665 678; x_wconf 87' lang='lat' dir='ltr'><strong>contra</strong></span> <span class='ocrx_word' id='word_1_86' title='bbox 685 650 827 678; x_wconf 67' lang='lat' dir='ltr'><strong>Excelsum</strong></span> <span class='ocrx_word' id='word_1_87' title='bbox 844 651 872 678; x_wconf 87' lang='lat' dir='ltr'><strong>in</strong></span> <span class='ocrx_word' id='word_1_88' title='bbox 890 651 975 683; x_wconf 78' lang='lat' dir='ltr'><strong>invio;</strong></span> <span class='ocrx_word' id='word_1_89' title='bbox 991 651 1049 679; x_wconf 68' lang='lat' dir='ltr'><strong>sive</strong></span> 
     </span>
    </p>
   </div>
   <div class='ocr_carea' id='block_1_15' title="bbox 255 697 1049 733">
    <p class='ocr_par' dir='ltr' id='par_1_15' title="bbox 255 697 1049 733">
     <span class='ocr_line' id='line_1_15' title="bbox 255 697 1049 733; baseline -0.004 -7"><span class='ocrx_word' id='word_1_90' title='bbox 255 698 406 727; x_wconf 75' lang='lat' dir='ltr'><strong>secundum</strong></span> <span class='ocrx_word' id='word_1_91' title='bbox 426 697 630 733; x_wconf 79' lang='lat' dir='ltr'><strong>Symmachum,</strong></span> <span class='ocrx_word' id='word_1_92' title='bbox 651 697 685 723; x_wconf 86' lang='lat' dir='ltr'><strong>Ut</strong></span> <span class='ocrx_word' id='word_1_93' title='bbox 710 697 894 724; x_wconf 82' lang='lat' dir='ltr'><strong>contenderent</strong></span> <span class='ocrx_word' id='word_1_94' title='bbox 914 705 972 724; x_wconf 78' lang='lat' dir='ltr'><strong>cum</strong></span> <span class='ocrx_word' id='word_1_95' title='bbox 993 697 1049 724; x_wconf 77' lang='lat' dir='ltr'><strong>Ea:-</strong></span> 
     </span>
    </p>
   </div>
   <div class='ocr_carea' id='block_1_16' title="bbox 256 742 1049 775">
    <p class='ocr_par' dir='ltr' id='par_1_16' title="bbox 256 742 1049 775">
     <span class='ocr_line' id='line_1_16' title="bbox 256 742 1049 775; baseline -0.003 -4"><span class='ocrx_word' id='word_1_96' title='bbox 256 743 325 771; x_wconf 77' lang='lat' dir='ltr'><strong>celso</strong></span> <span class='ocrx_word' id='word_1_97' title='bbox 344 743 369 770; x_wconf 85' lang='lat' dir='ltr'><strong>in</strong></span> <span class='ocrx_word' id='word_1_98' title='bbox 382 743 428 770; x_wconf 80' lang='lat' dir='ltr'><strong>siti</strong></span> <span class='ocrx_word' id='word_1_99' title='bbox 448 743 474 770; x_wconf 86' lang='lat' dir='ltr'><strong>in</strong></span> <span class='ocrx_word' id='word_1_100' title='bbox 495 743 574 770; x_wconf 83' lang='lat' dir='ltr'><strong>invio.</strong></span> <span class='ocrx_word' id='word_1_101' title='bbox 595 742 685 775; x_wconf 82' lang='lat' dir='ltr'><strong>Quare</strong></span> <span class='ocrx_word' id='word_1_102' title='bbox 707 746 797 769; x_wconf 87' lang='lat' dir='ltr'><strong>autem</strong></span> <span class='ocrx_word' id='word_1_103' title='bbox 814 743 1049 770; x_wconf 81' lang='lat' dir='ltr'><strong>exacerbaverunt</strong></span> 
     </span>
    </p>
   </div>
   <div class='ocr_carea' id='block_1_17' title="bbox 256 788 1047 824">
    <p class='ocr_par' dir='ltr' id='par_1_17' title="bbox 256 788 1047 824">
     <span class='ocr_line' id='line_1_17' title="bbox 256 788 1047 824; baseline -0.001 -7"><span class='ocrx_word' id='word_1_104' title='bbox 256 789 402 818; x_wconf 75' lang='lat' dir='ltr'><strong>Excelsum</strong></span> <span class='ocrx_word' id='word_1_105' title='bbox 428 789 455 816; x_wconf 89' lang='lat' dir='ltr'><strong>in</strong></span> <span class='ocrx_word' id='word_1_106' title='bbox 480 789 612 823; x_wconf 85' lang='lat' dir='ltr'><strong>inaquoso</strong></span> <span class='ocrx_word' id='word_1_107' title='bbox 638 789 732 816; x_wconf 89' lang='lat' dir='ltr'><strong>docuit</strong></span> <span class='ocrx_word' id='word_1_108' title='bbox 753 788 876 824; x_wconf 83' lang='lat' dir='ltr'><strong>Moyses;</strong></span> <span class='ocrx_word' id='word_1_109' title='bbox 903 793 1047 824; x_wconf 78' lang='lat' dir='ltr'><strong>postquam</strong></span> 
     </span>
    </p>
   </div>
   <div class='ocr_carea' id='block_1_18' title="bbox 255 835 1048 871">
    <p class='ocr_par' dir='ltr' id='par_1_18' title="bbox 255 835 1048 871">
     <span class='ocr_line' id='line_1_18' title="bbox 255 835 1048 871; baseline -0.003 -8"><span class='ocrx_word' id='word_1_110' title='bbox 255 836 328 864; x_wconf 86' lang='lat' dir='ltr'><strong>enim</strong></span> <span class='ocrx_word' id='word_1_111' title='bbox 355 835 555 871; x_wconf 85' lang='lat' dir='ltr'><strong>suppeditasset</strong></span> <span class='ocrx_word' id='word_1_112' title='bbox 572 836 613 862; x_wconf 86' lang='lat' dir='ltr'><strong>cis</strong></span> <span class='ocrx_word' id='word_1_113' title='bbox 637 843 736 869; x_wconf 67' lang='lat' dir='ltr'><strong>aquam</strong></span> <span class='ocrx_word' id='word_1_114' title='bbox 754 835 788 862; x_wconf 89' lang='lat' dir='ltr'><strong>de</strong></span> <span class='ocrx_word' id='word_1_115' title='bbox 806 840 892 870; x_wconf 87' lang='lat' dir='ltr'><strong>petra.</strong></span> <span class='ocrx_word' id='word_1_116' title='bbox 910 835 967 862; x_wconf 76' lang='lat' dir='ltr'><strong>haec</strong></span> <span class='ocrx_word' id='word_1_117' title='bbox 985 843 1048 862; x_wconf 87' lang='lat' dir='ltr'><strong>nar-</strong></span> 
     </span>
    </p>
   </div>
   <div class='ocr_carea' id='block_1_19' title="bbox 255 880 1047 916">
    <p class='ocr_par' dir='ltr' id='par_1_19' title="bbox 255 880 1047 916">
     <span class='ocr_line' id='line_1_19' title="bbox 255 880 1047 916; baseline -0.003 -7"><span class='ocrx_word' id='word_1_118' title='bbox 255 885 298 910; x_wconf 83' lang='lat' dir='ltr'><strong>rat</strong></span> <span class='ocrx_word' id='word_1_119' title='bbox 314 882 353 916; x_wconf 69' lang='lat'><strong>“,2</strong></span> <span class='ocrx_word' id='word_1_120' title='bbox 373 881 405 907; x_wconf 87' lang='lat' dir='ltr'><strong>El</strong></span> <span class='ocrx_word' id='word_1_121' title='bbox 419 881 520 908; x_wconf 80' lang='lat' dir='ltr'><strong>vocavit</strong></span> <span class='ocrx_word' id='word_1_122' title='bbox 535 889 629 907; x_wconf 83' lang='lat' dir='ltr'><strong>nomen</strong></span> <span class='ocrx_word' id='word_1_123' title='bbox 647 881 698 908; x_wconf 83' lang='lat' dir='ltr'><strong>loci</strong></span> <span class='ocrx_word' id='word_1_124' title='bbox 711 881 794 912; x_wconf 85' lang='lat' dir='ltr'><strong>illius,</strong></span> <span class='ocrx_word' id='word_1_125' title='bbox 815 880 936 908; x_wconf 84' lang='lat' dir='ltr'><strong>Tentatio</strong></span> <span class='ocrx_word' id='word_1_126' title='bbox 953 888 976 907; x_wconf 89' lang='lat' dir='ltr'><strong>et</strong></span> <span class='ocrx_word' id='word_1_127' title='bbox 989 881 1047 914; x_wconf 81' lang='lat' dir='ltr'><strong>iur-</strong></span> 
     </span>
    </p>
   </div>
   <div class='ocr_carea' id='block_1_20' title="bbox 1102 282 1891 324">
    <p class='ocr_par' dir='ltr' id='par_1_20' title="bbox 1102 282 1891 324">
     <span class='ocr_line' id='line_1_20' title="bbox 1102 282 1891 324; baseline 0.003 -10"><span class='ocrx_word' id='word_1_128' title='bbox 1102 288 1150 314; x_wconf 75' lang='lat' dir='ltr'><strong>xal</strong></span> <span class='ocrx_word' id='word_1_129' title='bbox 1170 288 1377 322; x_wconf 71' lang='grc' dir='ltr'>ὲκκλησῖιισον</span> <span class='ocrx_word' id='word_1_130' title='bbox 1390 289 1448 323; x_wconf 80' lang='grc' dir='ltr'>τὴν</span> <span class='ocrx_word' id='word_1_131' title='bbox 1460 282 1640 324; x_wconf 62' lang='grc' dir='ltr'>συναγωγὴν</span> <span class='ocrx_word' id='word_1_132' title='bbox 1650 289 1691 316; x_wconf 82' lang='grc' dir='ltr'>σὺ</span> <span class='ocrx_word' id='word_1_133' title='bbox 1710 291 1758 316; x_wconf 78' lang='grc' dir='ltr'><strong>καὶ</strong></span> <span class='ocrx_word' id='word_1_134' title='bbox 1779 289 1891 323; x_wconf 74' lang='grc' dir='ltr'>Ἀαρὼν</span> 
     </span>
    </p>
   </div>
   <div class='ocr_carea' id='block_1_21' title="bbox 1102 333 1891 369">
    <p class='ocr_par' dir='ltr' id='par_1_21' title="bbox 1102 333 1891 369">
     <span class='ocr_line' id='line_1_21' title="bbox 1102 333 1891 369; baseline 0.001 -9"><span class='ocrx_word' id='word_1_135' title='bbox 1102 334 1119 360; x_wconf 80' lang='grc' dir='ltr'><strong><em>ό</em></strong></span> <span class='ocrx_word' id='word_1_136' title='bbox 1131 333 1264 368; x_wconf 66' lang='grc' dir='ltr'>ἀδελφός</span> <span class='ocrx_word' id='word_1_137' title='bbox 1279 341 1348 367; x_wconf 86' lang='grc' dir='ltr'>σου,</span> <span class='ocrx_word' id='word_1_138' title='bbox 1361 335 1411 361; x_wconf 78' lang='grc' dir='ltr'><strong>καὶ</strong></span> <span class='ocrx_word' id='word_1_139' title='bbox 1435 334 1587 368; x_wconf 66' lang='grc' dir='ltr'>λαλήσει-τε</span> <span class='ocrx_word' id='word_1_140' title='bbox 1606 335 1681 369; x_wconf 75' lang='grc' dir='ltr'>πρὸς</span> <span class='ocrx_word' id='word_1_141' title='bbox 1701 334 1758 368; x_wconf 80' lang='grc' dir='ltr'>τὴν</span> <span class='ocrx_word' id='word_1_142' title='bbox 1779 335 1891 369; x_wconf 75' lang='grc' dir='ltr'>πέτραν</span> 
     </span>
    </p>
   </div>
   <div class='ocr_carea' id='block_1_22' title="bbox 1101 378 1891 415">
    <p class='ocr_par' dir='ltr' id='par_1_22' title="bbox 1101 378 1891 415">
     <span class='ocr_line' id='line_1_22' title="bbox 1101 378 1891 415; baseline 0.005 -11"><span class='ocrx_word' id='word_1_143' title='bbox 1101 378 1240 405; x_wconf 81' lang='grc' dir='ltr'>ἐναντίον</span> <span class='ocrx_word' id='word_1_144' title='bbox 1262 379 1370 411; x_wconf 80' lang='grc' dir='ltr'>αὐτῶν,</span> <span class='ocrx_word' id='word_1_145' title='bbox 1392 380 1440 407; x_wconf 77' lang='grc' dir='ltr'><strong>καὶ</strong></span> <span class='ocrx_word' id='word_1_146' title='bbox 1462 380 1550 408; x_wconf 83' lang='grc' dir='ltr'>δώσει</span> <span class='ocrx_word' id='word_1_147' title='bbox 1565 381 1599 408; x_wconf 87' lang='grc' dir='ltr'>τὰ</span> <span class='ocrx_word' id='word_1_148' title='bbox 1611 381 1704 408; x_wconf 77' lang='grc' dir='ltr'>ὕδατα</span> <span class='ocrx_word' id='word_1_149' title='bbox 1719 381 1823 415; x_wconf 83' lang='grc' dir='ltr'>αὐτῆς.</span> <span class='ocrx_word' id='word_1_150' title='bbox 1834 381 1891 408; x_wconf 81' lang='lat' dir='ltr'><strong>Kal</strong></span> 
     </span>
    </p>
   </div>
   <div class='ocr_carea' id='block_1_23' title="bbox 1100 424 1892 461">
    <p class='ocr_par' dir='ltr' id='par_1_23' title="bbox 1100 424 1892 461">
     <span class='ocr_line' id='line_1_23' title="bbox 1100 424 1892 461; baseline 0.004 -10"><span class='ocrx_word' id='word_1_151' title='bbox 1100 424 1249 457; x_wconf 76' lang='grc' dir='ltr'>ἐξοίσεται</span> <span class='ocrx_word' id='word_1_152' title='bbox 1256 425 1357 459; x_wconf 82' lang='grc' dir='ltr'>αὐτοῖς</span> <span class='ocrx_word' id='word_1_153' title='bbox 1371 426 1448 461; x_wconf 83' lang='grc' dir='ltr'>ὕδωρ</span> <span class='ocrx_word' id='word_1_154' title='bbox 1461 427 1495 454; x_wconf 80' lang='grc' dir='ltr'><strong>ἐκ</strong></span> <span class='ocrx_word' id='word_1_155' title='bbox 1505 426 1560 461; x_wconf 79' lang='grc' dir='ltr'><strong>τῆς</strong></span> <span class='ocrx_word' id='word_1_156' title='bbox 1569 427 1689 461; x_wconf 81' lang='grc' dir='ltr'><strong>πέτρας,</strong></span> <span class='ocrx_word' id='word_1_157' title='bbox 1701 427 1750 454; x_wconf 78' lang='grc' dir='ltr'><strong>καὶ</strong></span> <span class='ocrx_word' id='word_1_158' title='bbox 1764 427 1892 455; x_wconf 64' lang='lat' dir='ltr'><strong>notet-ﬁte</strong></span> 
     </span>
    </p>
   </div>
   <div class='ocr_carea' id='block_1_24' title="bbox 1101 471 1891 508">
    <p class='ocr_par' dir='ltr' id='par_1_24' title="bbox 1101 471 1891 508">
     <span class='ocr_line' id='line_1_24' title="bbox 1101 471 1891 508; baseline 0.003 -10"><span class='ocrx_word' id='word_1_159' title='bbox 1101 471 1158 506; x_wconf 77' lang='grc' dir='ltr'>τὴν</span> <span class='ocrx_word' id='word_1_160' title='bbox 1183 471 1365 507; x_wconf 76' lang='grc' dir='ltr'>συναγωγὴν</span> <span class='ocrx_word' id='word_1_161' title='bbox 1391 473 1440 499; x_wconf 75' lang='grc' dir='ltr'><strong>καὶ</strong></span> <span class='ocrx_word' id='word_1_162' title='bbox 1463 474 1499 500; x_wconf 83' lang='grc' dir='ltr'>τὰ</span> <span class='ocrx_word' id='word_1_163' title='bbox 1530 473 1625 508; x_wconf 80' lang='grc' dir='ltr'><strong>κτήνη</strong></span> <span class='ocrx_word' id='word_1_164' title='bbox 1642 473 1751 501; x_wconf 82' lang='grc' dir='ltr'>αὐτῶν.</span> <span class='ocrx_word' id='word_1_165' title='bbox 1772 474 1891 506; x_wconf 76' lang='grc' dir='ltr'><strong>Εἰκότως</strong></span> 
     </span>
    </p>
   </div>
   <div class='ocr_carea' id='block_1_25' title="bbox 1100 514 1891 555">
    <p class='ocr_par' dir='ltr' id='par_1_25' title="bbox 1100 514 1891 555">
     <span class='ocr_line' id='line_1_25' title="bbox 1100 514 1891 555; baseline 0.004 -12"><span class='ocrx_word' id='word_1_166' title='bbox 1100 514 1147 544; x_wconf 83' lang='grc' dir='ltr'>οὖν</span> <span class='ocrx_word' id='word_1_167' title='bbox 1162 517 1310 553; x_wconf 73' lang='grc' dir='ltr'><strong>ἐπειδήπερ</strong></span> <span class='ocrx_word' id='word_1_168' title='bbox 1325 519 1353 544; x_wconf 77' lang='grc' dir='ltr'>ὲν</span> <span class='ocrx_word' id='word_1_169' title='bbox 1368 517 1508 554; x_wconf 69' lang='grc' dir='ltr'>διαφόροις</span> <span class='ocrx_word' id='word_1_170' title='bbox 1525 519 1617 551; x_wconf 81' lang='grc' dir='ltr'>τόποις</span> <span class='ocrx_word' id='word_1_171' title='bbox 1630 519 1752 554; x_wconf 83' lang='grc' dir='ltr'>φαίνεται</span> <span class='ocrx_word' id='word_1_172' title='bbox 1766 521 1782 555; x_wconf 85' lang='grc' dir='ltr'>ἡ</span> <span class='ocrx_word' id='word_1_173' title='bbox 1803 520 1891 555; x_wconf 80' lang='grc' dir='ltr'>πέτρα</span> 
     </span>
    </p>
   </div>
   <div class='ocr_carea' id='block_1_26' title="bbox 1099 563 1891 601">
    <p class='ocr_par' dir='ltr' id='par_1_26' title="bbox 1099 563 1891 601">
     <span class='ocr_line' id='line_1_26' title="bbox 1099 563 1891 601; baseline 0.004 -12"><span class='ocrx_word' id='word_1_174' title='bbox 1099 565 1277 599; x_wconf 84' lang='grc' dir='ltr'>χορηγήσασα</span> <span class='ocrx_word' id='word_1_175' title='bbox 1287 564 1317 590; x_wconf 82' lang='grc' dir='ltr'><strong>τὸ</strong></span> <span class='ocrx_word' id='word_1_176' title='bbox 1331 563 1413 600; x_wconf 79' lang='grc' dir='ltr'>ὓδωρ,</span> <span class='ocrx_word' id='word_1_177' title='bbox 1426 565 1489 600; x_wconf 75' lang='grc' dir='ltr'>περὶ</span> <span class='ocrx_word' id='word_1_178' title='bbox 1508 565 1557 600; x_wconf 81' lang='grc' dir='ltr'>μὲν</span> <span class='ocrx_word' id='word_1_179' title='bbox 1569 565 1618 601; x_wconf 84' lang='grc' dir='ltr'><strong>τῆς</strong></span> <span class='ocrx_word' id='word_1_180' title='bbox 1633 565 1768 601; x_wconf 80' lang='grc' dir='ltr'><strong>προτέρας</strong></span> <span class='ocrx_word' id='word_1_181' title='bbox 1782 565 1825 592; x_wconf 78' lang='grc' dir='ltr'><strong>διὰ</strong></span> <span class='ocrx_word' id='word_1_182' title='bbox 1836 565 1891 592; x_wconf 83' lang='grc' dir='ltr'>τῶν</span> 
     </span>
    </p>
   </div>
   <div class='ocr_carea' id='block_1_27' title="bbox 1101 609 1890 646">
    <p class='ocr_par' dir='ltr' id='par_1_27' title="bbox 1101 609 1890 646">
     <span class='ocr_line' id='line_1_27' title="bbox 1101 609 1890 646; baseline 0.005 -11"><span class='ocrx_word' id='word_1_183' title='bbox 1101 609 1291 645; x_wconf 79' lang='grc' dir='ltr'><strong>προκειμένων</strong></span> <span class='ocrx_word' id='word_1_184' title='bbox 1308 610 1432 646; x_wconf 76' lang='grc' dir='ltr'>εῑρηται·</span> <span class='ocrx_word' id='word_1_185' title='bbox 1448 610 1586 645; x_wconf 78' lang='grc' dir='ltr'><strong>Διὲῤῥηξε</strong></span> <span class='ocrx_word' id='word_1_186' title='bbox 1603 611 1714 645; x_wconf 83' lang='grc' dir='ltr'>πέτραν</span> <span class='ocrx_word' id='word_1_187' title='bbox 1732 612 1767 638; x_wconf 83' lang='grc' dir='ltr'>ἐν</span> <span class='ocrx_word' id='word_1_188' title='bbox 1781 611 1890 646; x_wconf 78' lang='grc' dir='ltr'>ἐρήμῳ,</span> 
     </span>
    </p>
   </div>
   <div class='ocr_carea' id='block_1_28' title="bbox 1100 655 1892 693">
    <p class='ocr_par' dir='ltr' id='par_1_28' title="bbox 1100 655 1892 693">
     <span class='ocr_line' id='line_1_28' title="bbox 1100 655 1892 693; baseline 0.004 -12"><span class='ocrx_word' id='word_1_189' title='bbox 1100 655 1148 682; x_wconf 78' lang='grc' dir='ltr'><strong>καὶ</strong></span> <span class='ocrx_word' id='word_1_190' title='bbox 1165 655 1306 682; x_wconf 73' lang='grc' dir='ltr'><strong>ἐπότισεν</strong></span> <span class='ocrx_word' id='word_1_191' title='bbox 1318 656 1430 689; x_wconf 81' lang='grc' dir='ltr'>αὐτοὺς</span> <span class='ocrx_word' id='word_1_192' title='bbox 1443 657 1484 689; x_wconf 83' lang='grc' dir='ltr'>ὡς</span> <span class='ocrx_word' id='word_1_193' title='bbox 1497 657 1532 683; x_wconf 81' lang='grc' dir='ltr'>ἐν</span> <span class='ocrx_word' id='word_1_194' title='bbox 1548 657 1672 691; x_wconf 78' lang='grc' dir='ltr'>ἀϐύσσῳ</span> <span class='ocrx_word' id='word_1_195' title='bbox 1688 657 1789 692; x_wconf 74' lang='grc' dir='ltr'><em>πολλῇ</em></span> <span class='ocrx_word' id='word_1_196' title='bbox 1799 666 1806 673; x_wconf 79' lang='grc' dir='ltr'><strong>ο</strong></span> <span class='ocrx_word' id='word_1_197' title='bbox 1823 658 1892 693; x_wconf 81' lang='grc' dir='ltr'>περὶ</span> 
     </span>
    </p>
   </div>
   <div class='ocr_carea' id='block_1_29' title="bbox 1099 701 1890 738">
    <p class='ocr_par' dir='ltr' id='par_1_29' title="bbox 1099 701 1890 738">
     <span class='ocr_line' id='line_1_29' title="bbox 1099 701 1890 738; baseline 0.004 -11"><span class='ocrx_word' id='word_1_198' title='bbox 1099 701 1128 727; x_wconf 71' lang='grc' dir='ltr'>δὲ</span> <span class='ocrx_word' id='word_1_199' title='bbox 1141 701 1190 736; x_wconf 86' lang='grc' dir='ltr'><strong>τῆς</strong></span> <span class='ocrx_word' id='word_1_200' title='bbox 1201 701 1296 737; x_wconf 78' lang='grc' dir='ltr'>ἐτέρας</span> <span class='ocrx_word' id='word_1_201' title='bbox 1314 702 1377 738; x_wconf 78' lang='grc' dir='ltr'>ἑξῆς</span> <span class='ocrx_word' id='word_1_202' title='bbox 1393 703 1490 736; x_wconf 77' lang='grc' dir='ltr'>ἐπάγει</span> <span class='ocrx_word' id='word_1_203' title='bbox 1500 711 1506 718; x_wconf 94' lang='grc'><strong>·</strong></span> <span class='ocrx_word' id='word_1_204' title='bbox 1519 703 1573 730; x_wconf 83' lang='lat' dir='ltr'><strong>Kal</strong></span> <span class='ocrx_word' id='word_1_205' title='bbox 1589 703 1736 738; x_wconf 77' lang='grc' dir='ltr'><strong>ἐξήγαγεν</strong></span> <span class='ocrx_word' id='word_1_206' title='bbox 1759 703 1836 737; x_wconf 81' lang='grc' dir='ltr'>ὔδωρ</span> <span class='ocrx_word' id='word_1_207' title='bbox 1855 704 1890 730; x_wconf 80' lang='grc' dir='ltr'><strong>ἐκ</strong></span> 
     </span>
    </p>
   </div>
   <div class='ocr_carea' id='block_1_30' title="bbox 1099 746 1892 786">
    <p class='ocr_par' dir='ltr' id='par_1_30' title="bbox 1099 746 1892 786">
     <span class='ocr_line' id='line_1_30' title="bbox 1099 746 1892 786; baseline 0.004 -13"><span class='ocrx_word' id='word_1_208' title='bbox 1099 746 1220 781; x_wconf 76' lang='grc' dir='ltr'>πέτρας,</span> <span class='ocrx_word' id='word_1_209' title='bbox 1236 747 1284 774; x_wconf 75' lang='grc' dir='ltr'><strong>καὶ</strong></span> <span class='ocrx_word' id='word_1_210' title='bbox 1299 748 1467 783; x_wconf 62' lang='lat' dir='ltr'><strong>steterim-ar</strong></span> <span class='ocrx_word' id='word_1_211' title='bbox 1479 749 1518 782; x_wconf 86' lang='grc' dir='ltr'>ὡς</span> <span class='ocrx_word' id='word_1_212' title='bbox 1532 749 1684 784; x_wconf 82' lang='grc' dir='ltr'>ποταμοὺς</span> <span class='ocrx_word' id='word_1_213' title='bbox 1697 749 1800 776; x_wconf 73' lang='grc' dir='ltr'>ὕδατα.</span> <span class='ocrx_word' id='word_1_214' title='bbox 1817 749 1892 786; x_wconf 81' lang='grc' dir='ltr'>Πλὴν</span> 
     </span>
    </p>
   </div>
   <div class='ocr_carea' id='block_1_31' title="bbox 1099 793 1893 832">
    <p class='ocr_par' dir='ltr' id='par_1_31' title="bbox 1099 793 1893 832">
     <span class='ocr_line' id='line_1_31' title="bbox 1099 793 1893 832; baseline 0.003 -12"><span class='ocrx_word' id='word_1_215' title='bbox 1099 793 1166 820; x_wconf 79' lang='grc' dir='ltr'><strong>ἀλλὰ</strong></span> <span class='ocrx_word' id='word_1_216' title='bbox 1179 793 1313 820; x_wconf 77' lang='grc' dir='ltr'><strong>τοσούτων</strong></span> <span class='ocrx_word' id='word_1_217' title='bbox 1322 795 1412 826; x_wconf 75' lang='grc' dir='ltr'>αὐτοῖς</span> <span class='ocrx_word' id='word_1_218' title='bbox 1418 795 1635 830; x_wconf 77' lang='grc' dir='ltr'><strong>χορηγηθέντων,</strong></span> <span class='ocrx_word' id='word_1_219' title='bbox 1645 796 1719 831; x_wconf 81' lang='grc' dir='ltr'>ὅμως</span> <span class='ocrx_word' id='word_1_220' title='bbox 1727 795 1893 832; x_wconf 80' lang='grc' dir='ltr'><strong>προσέθεντο</strong></span> 
     </span>
    </p>
   </div>
   <div class='ocr_carea' id='block_1_32' title="bbox 1099 839 1892 878">
    <p class='ocr_par' dir='ltr' id='par_1_32' title="bbox 1099 839 1892 878">
     <span class='ocr_line' id='line_1_32' title="bbox 1099 839 1892 878; baseline 0.004 -12"><span class='ocrx_word' id='word_1_221' title='bbox 1099 839 1146 866; x_wconf 77' lang='grc' dir='ltr'>τοῦ</span> <span class='ocrx_word' id='word_1_222' title='bbox 1161 840 1339 876; x_wconf 75' lang='grc' dir='ltr'>ἁμαρτάνειν,</span> <span class='ocrx_word' id='word_1_223' title='bbox 1357 841 1402 867; x_wconf 67' lang='grc' dir='ltr'><strong>καὶ</strong></span> <span class='ocrx_word' id='word_1_224' title='bbox 1419 842 1585 877; x_wconf 77' lang='grc' dir='ltr'><strong>ἁμαρτάνειν</strong></span> <span class='ocrx_word' id='word_1_225' title='bbox 1615 843 1664 878; x_wconf 82' lang='grc' dir='ltr'><strong>οὐχ</strong></span> <span class='ocrx_word' id='word_1_226' title='bbox 1693 843 1809 875; x_wconf 78' lang='grc' dir='ltr'>ἑαυτοῖς,</span> <span class='ocrx_word' id='word_1_227' title='bbox 1834 842 1892 869; x_wconf 74' lang='grc' dir='ltr'><strong>ἀλλ’</strong></span> 
     </span>
    </p>
   </div>
   <div class='ocr_carea' id='block_1_33' title="bbox 1099 886 1893 925">
    <p class='ocr_par' dir='ltr' id='par_1_33' title="bbox 1099 886 1893 925">
     <span class='ocr_line' id='line_1_33' title="bbox 1099 886 1893 925; baseline 0.005 -13"><span class='ocrx_word' id='word_1_228' title='bbox 1099 886 1180 922; x_wconf 73' lang='grc' dir='ltr'>αὐτῷ.</span> <span class='ocrx_word' id='word_1_229' title='bbox 1193 887 1344 914; x_wconf 78' lang='grc' dir='ltr'>Κατάὑτοῦ</span> <span class='ocrx_word' id='word_1_230' title='bbox 1357 888 1410 924; x_wconf 79' lang='grc' dir='ltr'><strong>γὰρ</strong></span> <span class='ocrx_word' id='word_1_231' title='bbox 1426 888 1471 915; x_wconf 76' lang='grc' dir='ltr'>τοῦ</span> <span class='ocrx_word' id='word_1_232' title='bbox 1488 888 1555 915; x_wconf 76' lang='grc' dir='ltr'>Θεοῦ</span> <span class='ocrx_word' id='word_1_233' title='bbox 1567 888 1616 924; x_wconf 84' lang='grc' dir='ltr'>τὴν</span> <span class='ocrx_word' id='word_1_234' title='bbox 1626 889 1761 924; x_wconf 70' lang='grc' dir='ltr'>ἁμαρτίαν</span> <span class='ocrx_word' id='word_1_235' title='bbox 1768 889 1893 925; x_wconf 78' lang='grc' dir='ltr'>ἡμάρτα-</span> 
     </span>
    </p>
   </div>
   <div class='ocr_carea' id='block_1_34' title="bbox 253 926 1043 968">
    <p class='ocr_par' dir='ltr' id='par_1_34' title="bbox 253 926 1043 963">
     <span class='ocr_line' id='line_1_34' title="bbox 253 926 1043 963; baseline 0 -9"><span class='ocrx_word' id='word_1_236' title='bbox 253 929 336 963; x_wconf 81' lang='lat' dir='ltr'><strong>gium,</strong></span> <span class='ocrx_word' id='word_1_237' title='bbox 348 933 454 962; x_wconf 79' lang='lat' dir='ltr'><strong>propter</strong></span> <span class='ocrx_word' id='word_1_238' title='bbox 469 927 587 963; x_wconf 83' lang='lat' dir='ltr'><strong>jurgium</strong></span> <span class='ocrx_word' id='word_1_239' title='bbox 599 927 716 962; x_wconf 78' lang='lat' dir='ltr'><strong>ﬁliorum</strong></span> <span class='ocrx_word' id='word_1_240' title='bbox 734 926 829 958; x_wconf 80' lang='lat' dir='ltr'><strong>Israel,</strong></span> <span class='ocrx_word' id='word_1_241' title='bbox 845 932 869 954; x_wconf 83' lang='lat' dir='ltr'><strong>et</strong></span> <span class='ocrx_word' id='word_1_242' title='bbox 883 928 945 962; x_wconf 82' lang='lat' dir='ltr'><strong>quia</strong></span> <span class='ocrx_word' id='word_1_243' title='bbox 960 932 1043 954; x_wconf 88' lang='lat' dir='ltr'><strong>tenta-</strong></span> 
     </span>
    </p>
   </div>
   <div class='ocr_carea' id='block_1_35' title="bbox 1094 926 1893 968">
    <p class='ocr_par' dir='ltr' id='par_1_35' title="bbox 1097 931 1893 968">
     <span class='ocr_line' id='line_1_35' title="bbox 1097 931 1893 968; baseline 0.004 -11"><span class='ocrx_word' id='word_1_244' title='bbox 1097 939 1150 961; x_wconf 79' lang='grc' dir='ltr'>νον,</span> <span class='ocrx_word' id='word_1_245' title='bbox 1178 931 1339 964; x_wconf 76' lang='grc' dir='ltr'>ἀσεϐοῦντες</span> <span class='ocrx_word' id='word_1_246' title='bbox 1366 932 1410 959; x_wconf 78' lang='grc' dir='ltr'><strong>διὰ</strong></span> <span class='ocrx_word' id='word_1_247' title='bbox 1431 933 1481 968; x_wconf 75' lang='grc' dir='ltr'><strong>τῆς</strong></span> <span class='ocrx_word' id='word_1_248' title='bbox 1496 933 1562 968; x_wconf 74' lang='grc' dir='ltr'>πρὸς</span> <span class='ocrx_word' id='word_1_249' title='bbox 1575 933 1654 960; x_wconf 79' lang='grc' dir='ltr'>αὑτὸν</span> <span class='ocrx_word' id='word_1_250' title='bbox 1666 933 1829 968; x_wconf 81' lang='grc' dir='ltr'>ἀντιλογίας.</span> <span class='ocrx_word' id='word_1_251' title='bbox 1847 933 1893 959; x_wconf 70' lang='grc' dir='ltr'>Διδ</span> 
     </span>
    </p>
   </div>
   <div class='ocr_carea' id='block_1_36' title="bbox 253 973 1043 1014">
    <p class='ocr_par' dir='ltr' id='par_1_36' title="bbox 253 973 1043 1006">
     <span class='ocr_line' id='line_1_36' title="bbox 253 973 1043 1006; baseline 0.001 -6"><span class='ocrx_word' id='word_1_252' title='bbox 253 977 344 1000; x_wconf 75' lang='lat' dir='ltr'><strong>uer&#39;ant</strong></span> <span class='ocrx_word' id='word_1_253' title='bbox 356 973 497 1001; x_wconf 88' lang='lat' dir='ltr'><strong>Dominum</strong></span> <span class='ocrx_word' id='word_1_254' title='bbox 506 974 675 1005; x_wconf 78' lang='lat' dir='ltr'><strong>dicentes,An</strong></span> <span class='ocrx_word' id='word_1_255' title='bbox 685 978 723 1000; x_wconf 89' lang='lat' dir='ltr'><strong>est</strong></span> <span class='ocrx_word' id='word_1_256' title='bbox 734 973 802 1000; x_wconf 79' lang='lat' dir='ltr'><strong>Deus</strong></span> <span class='ocrx_word' id='word_1_257' title='bbox 810 974 837 999; x_wconf 86' lang='lat' dir='ltr'><strong>in</strong></span> <span class='ocrx_word' id='word_1_258' title='bbox 849 974 935 1006; x_wconf 86' lang='lat' dir='ltr'><strong>nobis,</strong></span> <span class='ocrx_word' id='word_1_259' title='bbox 944 976 1043 1002; x_wconf 83' lang='lat' dir='ltr'><strong>necne?</strong></span> 
     </span>
    </p>
   </div>
   <div class='ocr_carea' id='block_1_37' title="bbox 1094 973 1892 1014">
    <p class='ocr_par' dir='ltr' id='par_1_37' title="bbox 1099 976 1892 1014">
     <span class='ocr_line' id='line_1_37' title="bbox 1099 976 1892 1014; baseline 0.005 -12"><span class='ocrx_word' id='word_1_260' title='bbox 1099 976 1228 1011; x_wconf 76' lang='grc' dir='ltr'>ἐπιλέγει·</span> <span class='ocrx_word' id='word_1_261' title='bbox 1244 979 1472 1012; x_wconf 71' lang='grc' dir='ltr'>Παρεπίκραναν</span> <span class='ocrx_word' id='word_1_262' title='bbox 1480 978 1533 1005; x_wconf 79' lang='grc' dir='ltr'><strong>τὸν</strong></span> <span class='ocrx_word' id='word_1_263' title='bbox 1542 979 1686 1013; x_wconf 75' lang='grc' dir='ltr'>Ὕψιστον</span> <span class='ocrx_word' id='word_1_264' title='bbox 1692 979 1727 1005; x_wconf 77' lang='grc' dir='ltr'>ἐν</span> <span class='ocrx_word' id='word_1_265' title='bbox 1735 979 1864 1013; x_wconf 72' lang='grc' dir='ltr'>ἀνύδρῳ·</span> <span class='ocrx_word' id='word_1_266' title='bbox 1875 978 1892 1014; x_wconf 77' lang='grc' dir='ltr'>ἢ</span> 
     </span>
    </p>
   </div>
   <div class='ocr_carea' id='block_1_38' title="bbox 253 1021 1892 1062">
    <p class='ocr_par' dir='ltr' id='par_1_38' title="bbox 253 1021 1892 1062">
     <span class='ocr_line' id='line_1_38' title="bbox 253 1021 1892 1062; baseline 0.002 -14"><span class='ocrx_word' id='word_1_267' title='bbox 253 1021 324 1048; x_wconf 82' lang='grc' dir='ltr'>κατὰ</span> <span class='ocrx_word' id='word_1_268' title='bbox 331 1021 376 1048; x_wconf 73' lang='grc' dir='ltr'><strong>τὸν</strong></span> <span class='ocrx_word' id='word_1_269' title='bbox 385 1021 510 1054; x_wconf 78' lang='grc' dir='ltr'>Ἀκύλαν,</span> <span class='ocrx_word' id='word_1_270' title='bbox 528 1021 583 1048; x_wconf 82' lang='grc' dir='ltr'><strong>Τοῦ</strong></span> <span class='ocrx_word' id='word_1_271' title='bbox 594 1022 767 1056; x_wconf 81' lang='grc' dir='ltr'>προτερίσαι</span> <span class='ocrx_word' id='word_1_272' title='bbox 782 1021 948 1055; x_wconf 77' lang='grc' dir='ltr'>Ὑψίστῳέν</span> <span class='ocrx_word' id='word_1_273' title='bbox 960 1022 1057 1054; x_wconf 77' lang='grc' dir='ltr'>ἀϐάτῳ</span> <span class='ocrx_word' id='word_1_274' title='bbox 1067 1031 1074 1039; x_wconf 77' lang='grc'><em>’</em></span> <span class='ocrx_word' id='word_1_275' title='bbox 1102 1024 1118 1060; x_wconf 84' lang='grc' dir='ltr'>ἢ</span> <span class='ocrx_word' id='word_1_276' title='bbox 1135 1025 1206 1052; x_wconf 84' lang='grc' dir='ltr'>κατὰ</span> <span class='ocrx_word' id='word_1_277' title='bbox 1217 1025 1261 1052; x_wconf 84' lang='grc' dir='ltr'>τὸν</span> <span class='ocrx_word' id='word_1_278' title='bbox 1282 1026 1440 1062; x_wconf 78' lang='grc' dir='ltr'>Σύμμαχον,</span> <span class='ocrx_word' id='word_1_279' title='bbox 1459 1026 1642 1053; x_wconf 78' lang='grc' dir='ltr'>Φιλονεικεῒν</span> <span class='ocrx_word' id='word_1_280' title='bbox 1654 1026 1694 1059; x_wconf 78' lang='grc' dir='ltr'>τῷ</span> <span class='ocrx_word' id='word_1_281' title='bbox 1708 1026 1837 1060; x_wconf 70' lang='grc' dir='ltr'><strong>’Υψιστῳ</strong></span> <span class='ocrx_word' id='word_1_282' title='bbox 1857 1025 1892 1051; x_wconf 71' lang='grc' dir='ltr'>ἐν</span> 
     </span>
    </p>
   </div>
   <div class='ocr_carea' id='block_1_39' title="bbox 252 1067 1890 1109">
    <p class='ocr_par' dir='ltr' id='par_1_39' title="bbox 252 1067 1890 1109">
     <span class='ocr_line' id='line_1_39' title="bbox 252 1067 1890 1109; baseline 0.003 -16"><span class='ocrx_word' id='word_1_283' title='bbox 252 1067 333 1102; x_wconf 75' lang='grc' dir='ltr'>δίψει</span> <span class='ocrx_word' id='word_1_284' title='bbox 343 1068 378 1095; x_wconf 84' lang='grc' dir='ltr'>ὲν</span> <span class='ocrx_word' id='word_1_285' title='bbox 397 1068 504 1101; x_wconf 72' lang='grc' dir='ltr'><strong>ἀϐάτῳ.</strong></span> <span class='ocrx_word' id='word_1_286' title='bbox 523 1068 572 1095; x_wconf 80' lang='grc' dir='ltr'><strong>Διὰ</strong></span> <span class='ocrx_word' id='word_1_287' title='bbox 585 1068 611 1094; x_wconf 88' lang='grc' dir='ltr'><strong>τί</strong></span> <span class='ocrx_word' id='word_1_288' title='bbox 630 1068 658 1094; x_wconf 78' lang='grc' dir='ltr'>δὲ</span> <span class='ocrx_word' id='word_1_289' title='bbox 671 1067 879 1103; x_wconf 74' lang='grc' dir='ltr'>παρεπίκραναν</span> <span class='ocrx_word' id='word_1_290' title='bbox 898 1068 943 1094; x_wconf 70' lang='grc' dir='ltr'><strong>τὸν</strong></span> <span class='ocrx_word' id='word_1_291' title='bbox 960 1068 1090 1103; x_wconf 71' lang='grc' dir='ltr'>Ὕψιστον</span> <span class='ocrx_word' id='word_1_292' title='bbox 1121 1070 1150 1096; x_wconf 74' lang='grc' dir='ltr'><strong>έν</strong></span> <span class='ocrx_word' id='word_1_293' title='bbox 1167 1071 1282 1109; x_wconf 80' lang='grc' dir='ltr'><strong>ἀνύδρῳ,</strong></span> <span class='ocrx_word' id='word_1_294' title='bbox 1312 1072 1413 1104; x_wconf 71' lang='grc' dir='ltr'>ἐδίδαξε</span> <span class='ocrx_word' id='word_1_295' title='bbox 1441 1072 1544 1108; x_wconf 82' lang='grc' dir='ltr'>Μωσῆς</span> <span class='ocrx_word' id='word_1_296' title='bbox 1556 1080 1563 1087; x_wconf 85' lang='grc'>·</span> <span class='ocrx_word' id='word_1_297' title='bbox 1583 1072 1652 1107; x_wconf 79' lang='grc' dir='ltr'>μετὰ</span> <span class='ocrx_word' id='word_1_298' title='bbox 1667 1071 1721 1108; x_wconf 86' lang='grc' dir='ltr'><strong>γὰρ</strong></span> <span class='ocrx_word' id='word_1_299' title='bbox 1742 1071 1773 1098; x_wconf 85' lang='grc' dir='ltr'><strong>τὺ</strong></span> <span class='ocrx_word' id='word_1_300' title='bbox 1800 1079 1890 1107; x_wconf 78' lang='grc' dir='ltr'>παρα-</span> 
     </span>
    </p>
   </div>
   <div class='ocr_carea' id='block_1_40' title="bbox 252 1114 1892 1152">
    <p class='ocr_par' dir='ltr' id='par_1_40' title="bbox 252 1114 1892 1152">
     <span class='ocr_line' id='line_1_40' title="bbox 252 1114 1892 1152; baseline 0.001 -11"><span class='ocrx_word' id='word_1_301' title='bbox 252 1116 327 1150; x_wconf 78' lang='grc' dir='ltr'>σχεῖν</span> <span class='ocrx_word' id='word_1_302' title='bbox 338 1116 429 1147; x_wconf 74' lang='grc' dir='ltr'>αὐτοῖς</span> <span class='ocrx_word' id='word_1_303' title='bbox 443 1116 476 1142; x_wconf 79' lang='grc' dir='ltr'><strong>ὲκ</strong></span> <span class='ocrx_word' id='word_1_304' title='bbox 489 1115 592 1149; x_wconf 81' lang='grc' dir='ltr'>πέτρας</span> <span class='ocrx_word' id='word_1_305' title='bbox 609 1114 639 1141; x_wconf 72' lang='grc' dir='ltr'><strong>τὸ</strong></span> <span class='ocrx_word' id='word_1_306' title='bbox 654 1114 735 1150; x_wconf 72' lang='grc' dir='ltr'>ὕδωρ,</span> <span class='ocrx_word' id='word_1_307' title='bbox 754 1114 854 1150; x_wconf 79' lang='grc' dir='ltr'>ἱστορεῖ</span> <span class='ocrx_word' id='word_1_308' title='bbox 868 1114 953 1148; x_wconf 81' lang='grc' dir='ltr'>λέγων</span> <span class='ocrx_word' id='word_1_309' title='bbox 963 1123 970 1129; x_wconf 93' lang='grc'><strong>·</strong></span> <span class='ocrx_word' id='word_1_310' title='bbox 984 1115 1038 1141; x_wconf 82' lang='lat' dir='ltr'><strong>Kal.</strong></span> <span class='ocrx_word' id='word_1_311' title='bbox 1050 1114 1226 1150; x_wconf 78' lang='grc' dir='ltr'>ἐπωνόμασε</span> <span class='ocrx_word' id='word_1_312' title='bbox 1242 1117 1273 1145; x_wconf 84' lang='grc' dir='ltr'><strong>τὸ</strong></span> <span class='ocrx_word' id='word_1_313' title='bbox 1288 1117 1380 1152; x_wconf 79' lang='grc' dir='ltr'>ὄνομα</span> <span class='ocrx_word' id='word_1_314' title='bbox 1396 1117 1449 1144; x_wconf 84' lang='grc' dir='ltr'>τοῦ</span> <span class='ocrx_word' id='word_1_315' title='bbox 1465 1117 1559 1144; x_wconf 81' lang='grc' dir='ltr'>τόπου</span> <span class='ocrx_word' id='word_1_316' title='bbox 1575 1116 1703 1148; x_wconf 78' lang='grc' dir='ltr'>ἐκείνου,</span> <span class='ocrx_word' id='word_1_317' title='bbox 1724 1117 1892 1151; x_wconf 81' lang='grc' dir='ltr'>Πειρασμὸς</span> 
     </span>
    </p>
   </div>
   <div class='ocr_carea' id='block_1_41' title="bbox 252 1158 1891 1198">
    <p class='ocr_par' dir='ltr' id='par_1_41' title="bbox 252 1158 1891 1198">
     <span class='ocr_line' id='line_1_41' title="bbox 252 1158 1891 1198; baseline -0.001 -11"><span class='ocrx_word' id='word_1_318' title='bbox 252 1160 303 1188; x_wconf 67' lang='grc' dir='ltr'><strong>καὶ</strong></span> <span class='ocrx_word' id='word_1_319' title='bbox 326 1160 518 1193; x_wconf 70' lang='grc' dir='ltr'>λοιδόρησις,</span> <span class='ocrx_word' id='word_1_320' title='bbox 547 1158 596 1185; x_wconf 84' lang='grc' dir='ltr'>διὰ</span> <span class='ocrx_word' id='word_1_321' title='bbox 622 1158 679 1193; x_wconf 85' lang='grc' dir='ltr'>τὴν</span> <span class='ocrx_word' id='word_1_322' title='bbox 697 1158 852 1193; x_wconf 77' lang='grc' dir='ltr'>λοιδορίαν</span> <span class='ocrx_word' id='word_1_323' title='bbox 878 1159 937 1186; x_wconf 86' lang='grc' dir='ltr'>τῶν</span> <span class='ocrx_word' id='word_1_324' title='bbox 958 1159 1031 1186; x_wconf 80' lang='grc' dir='ltr'>υΙῶν</span> <span class='ocrx_word' id='word_1_325' title='bbox 1067 1160 1195 1196; x_wconf 80' lang='grc' dir='ltr'>Ἰσραὴλ,</span> <span class='ocrx_word' id='word_1_326' title='bbox 1213 1163 1262 1190; x_wconf 78' lang='grc' dir='ltr'><strong>καὶ</strong></span> <span class='ocrx_word' id='word_1_327' title='bbox 1287 1164 1335 1190; x_wconf 75' lang='grc' dir='ltr'>διὰ</span> <span class='ocrx_word' id='word_1_328' title='bbox 1350 1164 1384 1190; x_wconf 84' lang='grc' dir='ltr'><strong>τὸ</strong></span> <span class='ocrx_word' id='word_1_329' title='bbox 1405 1163 1549 1198; x_wconf 81' lang='grc' dir='ltr'><strong>πειράζειν</strong></span> <span class='ocrx_word' id='word_1_330' title='bbox 1571 1163 1682 1196; x_wconf 83' lang='grc' dir='ltr'>αὐτοὺς</span> <span class='ocrx_word' id='word_1_331' title='bbox 1702 1163 1813 1197; x_wconf 78' lang='grc' dir='ltr'>Κύριον</span> <span class='ocrx_word' id='word_1_332' title='bbox 1841 1164 1891 1191; x_wconf 73' lang='grc' dir='ltr'><strong>,ζέ-</strong></span> 
     </span>
    </p>
   </div>
   <div class='ocr_carea' id='block_1_42' title="bbox 251 1205 852 1243">
    <p class='ocr_par' dir='ltr' id='par_1_42' title="bbox 251 1205 852 1243">
     <span class='ocr_line' id='line_1_42' title="bbox 251 1205 852 1243; baseline 0 -10"><span class='ocrx_word' id='word_1_333' title='bbox 251 1215 376 1243; x_wconf 74' lang='grc' dir='ltr'>τοντας’</span> <span class='ocrx_word' id='word_1_334' title='bbox 393 1207 428 1233; x_wconf 86' lang='lat' dir='ltr'><strong>El</strong></span> <span class='ocrx_word' id='word_1_335' title='bbox 446 1206 512 1233; x_wconf 76' lang='grc' dir='ltr'>ἐστι</span> <span class='ocrx_word' id='word_1_336' title='bbox 523 1205 596 1238; x_wconf 83' lang='grc' dir='ltr'><strong>Θεὸς</strong></span> <span class='ocrx_word' id='word_1_337' title='bbox 611 1205 646 1232; x_wconf 80' lang='grc' dir='ltr'>ἐν</span> <span class='ocrx_word' id='word_1_338' title='bbox 659 1205 741 1240; x_wconf 73' lang='grc' dir='ltr'>ἡμῖν,</span> <span class='ocrx_word' id='word_1_339' title='bbox 757 1206 776 1240; x_wconf 81' lang='grc' dir='ltr'>ἢ</span> <span class='ocrx_word' id='word_1_340' title='bbox 795 1207 852 1237; x_wconf 78' lang='lat' dir='ltr'><strong>ob;</strong></span> 
     </span>
    </p>
   </div>
   <div class='ocr_carea' id='block_1_43' title="bbox 288 1251 1043 1287">
    <p class='ocr_par' dir='ltr' id='par_1_43' title="bbox 288 1251 1043 1285">
     <span class='ocr_line' id='line_1_43' title="bbox 288 1251 1043 1285; baseline -0.001 -4"><span class='ocrx_word' id='word_1_341' title='bbox 288 1252 369 1281; x_wconf 64' lang='lat' dir='ltr'><strong>Vatis.</strong></span> <span class='ocrx_word' id='word_1_342' title='bbox 387 1252 432 1285; x_wconf 85' lang='grc'><strong>18,</strong></span> <span class='ocrx_word' id='word_1_343' title='bbox 448 1252 492 1280; x_wconf 81' lang='grc'><strong>19.</strong></span> <span class='ocrx_word' id='word_1_344' title='bbox 517 1251 552 1279; x_wconf 85' lang='lat' dir='ltr'><strong>Et</strong></span> <span class='ocrx_word' id='word_1_345' title='bbox 576 1257 740 1280; x_wconf 79' lang='lat' dir='ltr'><strong>tentaverunl</strong></span> <span class='ocrx_word' id='word_1_346' title='bbox 762 1253 848 1280; x_wconf 87' lang='lat' dir='ltr'><strong>Deum</strong></span> <span class='ocrx_word' id='word_1_347' title='bbox 868 1262 894 1280; x_wconf 77' lang='lat' dir='ltr'><strong>in</strong></span> <span class='ocrx_word' id='word_1_348' title='bbox 922 1254 1043 1281; x_wconf 76' lang='lat' dir='ltr'><strong>cordibus</strong></span> 
     </span>
    </p>
   </div>
   <div class='ocr_carea' id='block_1_44' title="bbox 1094 1251 1889 1287">
    <p class='ocr_par' dir='ltr' id='par_1_44' title="bbox 1134 1252 1889 1287">
     <span class='ocr_line' id='line_1_44' title="bbox 1134 1252 1889 1287; baseline 0.001 -7"><span class='ocrx_word' id='word_1_349' title='bbox 1134 1253 1189 1280; x_wconf 86' lang='lat' dir='ltr'><strong>Kal</strong></span> <span class='ocrx_word' id='word_1_350' title='bbox 1204 1252 1405 1286; x_wconf 77' lang='grc' dir='ltr'>ἐξεπείρασαν</span> <span class='ocrx_word' id='word_1_351' title='bbox 1424 1252 1477 1279; x_wconf 81' lang='grc' dir='ltr'><strong>τὸν</strong></span> <span class='ocrx_word' id='word_1_352' title='bbox 1494 1252 1569 1279; x_wconf 84' lang='grc' dir='ltr'><strong>Θεὸν</strong></span> <span class='ocrx_word' id='word_1_353' title='bbox 1582 1252 1621 1279; x_wconf 87' lang='grc' dir='ltr'><strong>ὲν-</strong></span> <span class='ocrx_word' id='word_1_354' title='bbox 1631 1252 1765 1287; x_wconf 81' lang='grc' dir='ltr'>καρδίαις</span> <span class='ocrx_word' id='word_1_355' title='bbox 1779 1252 1889 1287; x_wconf 81' lang='grc' dir='ltr'>αὐτῶν,</span> 
     </span>
    </p>
   </div>
   <div class='ocr_carea' id='block_1_45' title="bbox 250 1298 1043 1334">
    <p class='ocr_par' dir='ltr' id='par_1_45' title="bbox 250 1299 1043 1334">
     <span class='ocr_line' id='line_1_45' title="bbox 250 1299 1043 1334; baseline 0 -7"><span class='ocrx_word' id='word_1_356' title='bbox 250 1299 318 1332; x_wconf 71' lang='lat' dir='ltr'><strong>suis,</strong></span> <span class='ocrx_word' id='word_1_357' title='bbox 336 1304 365 1326; x_wconf 91' lang='lat' dir='ltr'><strong>ut</strong></span> <span class='ocrx_word' id='word_1_358' title='bbox 378 1303 495 1334; x_wconf 83' lang='lat' dir='ltr'><strong>peterent</strong></span> <span class='ocrx_word' id='word_1_359' title='bbox 508 1307 597 1326; x_wconf 81' lang='lat' dir='ltr'><strong>escam</strong></span> <span class='ocrx_word' id='word_1_360' title='bbox 620 1299 761 1326; x_wconf 78' lang='lat' dir='ltr'><strong>animabus</strong></span> <span class='ocrx_word' id='word_1_361' title='bbox 771 1300 838 1327; x_wconf 77' lang='lat' dir='ltr'><strong>suis.</strong></span> <span class='ocrx_word' id='word_1_362' title='bbox 861 1300 894 1326; x_wconf 80' lang='lat' dir='ltr'><strong>Et</strong></span> <span class='ocrx_word' id='word_1_363' title='bbox 911 1300 981 1327; x_wconf 85' lang='lat' dir='ltr'><strong>male</strong></span> <span class='ocrx_word' id='word_1_364' title='bbox 1010 1300 1043 1327; x_wconf 85' lang='lat' dir='ltr'><strong>la-</strong></span> 
     </span>
    </p>
   </div>
   <div class='ocr_carea' id='block_1_46' title="bbox 1094 1298 1892 1334">
    <p class='ocr_par' dir='ltr' id='par_1_46' title="bbox 1103 1298 1892 1333">
     <span class='ocr_line' id='line_1_46' title="bbox 1103 1298 1892 1333; baseline 0 -6"><span class='ocrx_word' id='word_1_365' title='bbox 1103 1300 1156 1327; x_wconf 88' lang='grc' dir='ltr'>τοῦ</span> <span class='ocrx_word' id='word_1_366' title='bbox 1169 1299 1289 1333; x_wconf 82' lang='grc' dir='ltr'>αἰτῆσαι</span> <span class='ocrx_word' id='word_1_367' title='bbox 1298 1298 1403 1333; x_wconf 72' lang='grc' dir='ltr'>,βρῶμα</span> <span class='ocrx_word' id='word_1_368' title='bbox 1414 1298 1479 1331; x_wconf 83' lang='grc' dir='ltr'>ταῖς</span> <span class='ocrx_word' id='word_1_369' title='bbox 1491 1298 1606 1333; x_wconf 73' lang='grc' dir='ltr'>ψυχαῖς</span> <span class='ocrx_word' id='word_1_370' title='bbox 1620 1299 1728 1326; x_wconf 78' lang='grc' dir='ltr'>αὐτῶν.</span> <span class='ocrx_word' id='word_1_371' title='bbox 1742 1299 1798 1326; x_wconf 86' lang='lat' dir='ltr'><strong>Kal</strong></span> <span class='ocrx_word' id='word_1_372' title='bbox 1811 1308 1892 1327; x_wconf 79' lang='grc' dir='ltr'>κατε-</span> 
     </span>
    </p>
   </div>
   <div class='ocr_carea' id='block_1_47' title="bbox 250 1344 1043 1381">
    <p class='ocr_par' dir='ltr' id='par_1_47' title="bbox 250 1344 1043 1378">
     <span class='ocr_line' id='line_1_47' title="bbox 250 1344 1043 1378; baseline 0.001 -6"><span class='ocrx_word' id='word_1_373' title='bbox 250 1345 306 1372; x_wconf 73' lang='lat' dir='ltr'><strong>tuti</strong></span> <span class='ocrx_word' id='word_1_374' title='bbox 316 1350 377 1372; x_wconf 85' lang='lat' dir='ltr'><strong>sunt</strong></span> <span class='ocrx_word' id='word_1_375' title='bbox 390 1345 422 1372; x_wconf 88' lang='lat' dir='ltr'><strong>de</strong></span> <span class='ocrx_word' id='word_1_376' title='bbox 439 1344 503 1372; x_wconf 88' lang='lat' dir='ltr'><strong>Deo.</strong></span> <span class='ocrx_word' id='word_1_377' title='bbox 519 1344 663 1378; x_wconf 85' lang='lat' dir='ltr'><strong>Quomodo</strong></span> <span class='ocrx_word' id='word_1_378' title='bbox 679 1345 748 1374; x_wconf 87' lang='lat' dir='ltr'><strong>male</strong></span> <span class='ocrx_word' id='word_1_379' title='bbox 770 1345 854 1372; x_wconf 80' lang='lat' dir='ltr'><strong>locuti</strong></span> <span class='ocrx_word' id='word_1_380' title='bbox 873 1347 928 1373; x_wconf 86' lang='lat' dir='ltr'><strong>sint</strong></span> <span class='ocrx_word' id='word_1_381' title='bbox 944 1345 977 1373; x_wconf 91' lang='lat' dir='ltr'><strong>de</strong></span> <span class='ocrx_word' id='word_1_382' title='bbox 995 1346 1043 1374; x_wconf 86' lang='lat' dir='ltr'><strong>Dec</strong></span> 
     </span>
    </p>
   </div>
   <div class='ocr_carea' id='block_1_48' title="bbox 1094 1344 1890 1381">
    <p class='ocr_par' dir='ltr' id='par_1_48' title="bbox 1102 1344 1890 1381">
     <span class='ocr_line' id='line_1_48' title="bbox 1102 1344 1890 1381; baseline 0.004 -10"><span class='ocrx_word' id='word_1_383' title='bbox 1102 1346 1244 1380; x_wconf 72' lang='grc' dir='ltr'>λάλησαν</span> <span class='ocrx_word' id='word_1_384' title='bbox 1262 1345 1314 1372; x_wconf 82' lang='grc' dir='ltr'>τοῦ</span> <span class='ocrx_word' id='word_1_385' title='bbox 1341 1344 1426 1372; x_wconf 82' lang='grc' dir='ltr'>Θεοῦ.</span> <span class='ocrx_word' id='word_1_386' title='bbox 1443 1345 1538 1376; x_wconf 88' lang='grc' dir='ltr'>Ὅπως</span> <span class='ocrx_word' id='word_1_387' title='bbox 1555 1345 1741 1381; x_wconf 78' lang='grc' dir='ltr'>κατελάλησαν</span> <span class='ocrx_word' id='word_1_388' title='bbox 1761 1346 1807 1373; x_wconf 79' lang='grc' dir='ltr'>τοῦ</span> <span class='ocrx_word' id='word_1_389' title='bbox 1823 1347 1890 1374; x_wconf 77' lang='grc' dir='ltr'>Θεοῦ</span> 
     </span>
    </p>
   </div>
   <div class='ocr_carea' id='block_1_49' title="bbox 249 1390 1043 1428">
    <p class='ocr_par' dir='ltr' id='par_1_49' title="bbox 249 1390 1043 1428">
     <span class='ocr_line' id='line_1_49' title="bbox 249 1390 1043 1428; baseline 0.001 -10"><span class='ocrx_word' id='word_1_390' title='bbox 249 1396 345 1419; x_wconf 78' lang='lat' dir='ltr'><strong>narrat.</strong></span> <span class='ocrx_word' id='word_1_391' title='bbox 351 1390 458 1428; x_wconf 84' lang='lat' dir='ltr'><strong>Moyses</strong></span> <span class='ocrx_word' id='word_1_392' title='bbox 464 1390 560 1418; x_wconf 88' lang='lat' dir='ltr'><strong>dicens</strong></span> <span class='ocrx_word' id='word_1_393' title='bbox 571 1391 590 1406; x_wconf 88' lang='lat'>”</span> <span class='ocrx_word' id='word_1_394' title='bbox 605 1400 612 1418; x_wconf 89' lang='lat'><strong>:</strong></span> <span class='ocrx_word' id='word_1_395' title='bbox 623 1390 657 1418; x_wconf 85' lang='lat' dir='ltr'><strong>Et</strong></span> <span class='ocrx_word' id='word_1_396' title='bbox 669 1393 844 1418; x_wconf 84' lang='lat' dir='ltr'><strong>murmuram‘t</strong></span> <span class='ocrx_word' id='word_1_397' title='bbox 852 1393 936 1419; x_wconf 87' lang='lat' dir='ltr'><strong>omnis</strong></span> <span class='ocrx_word' id='word_1_398' title='bbox 943 1400 1043 1427; x_wconf 69' lang='lat' dir='ltr'><strong>eongre</strong></span> 
     </span>
    </p>
   </div>
   <div class='ocr_carea' id='block_1_50' title="bbox 1094 1390 1890 1428">
    <p class='ocr_par' dir='ltr' id='par_1_50' title="bbox 1102 1390 1890 1426">
     <span class='ocr_line' id='line_1_50' title="bbox 1102 1390 1890 1426; baseline 0.001 -7"><span class='ocrx_word' id='word_1_399' title='bbox 1102 1392 1148 1419; x_wconf 75' lang='grc' dir='ltr'>καὶ</span> <span class='ocrx_word' id='word_1_400' title='bbox 1161 1391 1265 1426; x_wconf 81' lang='grc' dir='ltr'>Μωσῆς</span> <span class='ocrx_word' id='word_1_401' title='bbox 1279 1391 1399 1418; x_wconf 80' lang='grc' dir='ltr'><strong>διδάσκει</strong></span> <span class='ocrx_word' id='word_1_402' title='bbox 1424 1390 1527 1425; x_wconf 83' lang='grc' dir='ltr'>λέγων·</span> <span class='ocrx_word' id='word_1_403' title='bbox 1554 1390 1611 1418; x_wconf 86' lang='lat' dir='ltr'><strong>Kal</strong></span> <span class='ocrx_word' id='word_1_404' title='bbox 1630 1391 1789 1426; x_wconf 73' lang='grc' dir='ltr'><strong>ἐγόγγυζον</strong></span> <span class='ocrx_word' id='word_1_405' title='bbox 1807 1392 1890 1420; x_wconf 71' lang='grc' dir='ltr'>πᾶσα</span> 
     </span>
    </p>
   </div>
   <div class='ocr_carea' id='block_1_51' title="bbox 249 1436 1043 1474">
    <p class='ocr_par' dir='ltr' id='par_1_51' title="bbox 249 1437 1043 1474">
     <span class='ocr_line' id='line_1_51' title="bbox 249 1437 1043 1474; baseline -0.001 -7"><span class='ocrx_word' id='word_1_406' title='bbox 249 1438 322 1474; x_wconf 78' lang='lat' dir='ltr'><strong>galia</strong></span> <span class='ocrx_word' id='word_1_407' title='bbox 336 1438 454 1474; x_wconf 76' lang='lat' dir='ltr'><strong>ﬁliorum</strong></span> <span class='ocrx_word' id='word_1_408' title='bbox 461 1437 550 1465; x_wconf 86' lang='lat' dir='ltr'><strong>Israel</strong></span> <span class='ocrx_word' id='word_1_409' title='bbox 564 1441 657 1465; x_wconf 82' lang='lat' dir='ltr'><strong>contra</strong></span> <span class='ocrx_word' id='word_1_410' title='bbox 665 1437 691 1463; x_wconf 91' lang='grc' dir='ltr'><em>Μ</em></span> <span class='ocrx_word' id='word_1_411' title='bbox 693 1446 781 1473; x_wconf 82' lang='lat' dir='ltr'><strong>oysem</strong></span> <span class='ocrx_word' id='word_1_412' title='bbox 790 1443 814 1465; x_wconf 86' lang='lat' dir='ltr'><strong>et</strong></span> <span class='ocrx_word' id='word_1_413' title='bbox 828 1438 929 1470; x_wconf 83' lang='lat' dir='ltr'><strong>Aaron,</strong></span> <span class='ocrx_word' id='word_1_414' title='bbox 939 1443 963 1466; x_wconf 88' lang='lat' dir='ltr'><strong>et</strong></span> <span class='ocrx_word' id='word_1_415' title='bbox 972 1439 1043 1466; x_wconf 68' lang='lat' dir='ltr'><strong>dixe-</strong></span> 
     </span>
    </p>
   </div>
   <div class='ocr_carea' id='block_1_52' title="bbox 1094 1436 1888 1474">
    <p class='ocr_par' dir='ltr' id='par_1_52' title="bbox 1100 1436 1888 1472">
     <span class='ocr_line' id='line_1_52' title="bbox 1100 1436 1888 1472; baseline -0.001 -8"><span class='ocrx_word' id='word_1_416' title='bbox 1100 1436 1259 1472; x_wconf 78' lang='grc' dir='ltr'>συναγωγὴ</span> <span class='ocrx_word' id='word_1_417' title='bbox 1271 1436 1344 1463; x_wconf 78' lang='grc' dir='ltr'>υἱῶν</span> <span class='ocrx_word' id='word_1_418' title='bbox 1367 1436 1490 1470; x_wconf 79' lang='grc' dir='ltr'>Ἰσραὴλ</span> <span class='ocrx_word' id='word_1_419' title='bbox 1504 1436 1553 1462; x_wconf 84' lang='grc' dir='ltr'><strong>ἐπὶ</strong></span> <span class='ocrx_word' id='word_1_420' title='bbox 1570 1436 1683 1471; x_wconf 82' lang='grc' dir='ltr'>Μωσῆν</span> <span class='ocrx_word' id='word_1_421' title='bbox 1699 1437 1748 1463; x_wconf 71' lang='grc' dir='ltr'><strong>καὶ</strong></span> <span class='ocrx_word' id='word_1_422' title='bbox 1767 1437 1888 1472; x_wconf 76' lang='grc' dir='ltr'>Ἀαρὼν,</span> 
     </span>
    </p>
   </div>
   <div class='ocr_carea' id='block_1_53' title="bbox 249 1482 1043 1519">
    <p class='ocr_par' dir='ltr' id='par_1_53' title="bbox 249 1483 1043 1519">
     <span class='ocr_line' id='line_1_53' title="bbox 249 1483 1043 1519; baseline 0 -7"><span class='ocrx_word' id='word_1_423' title='bbox 249 1489 311 1512; x_wconf 82' lang='lat' dir='ltr'><strong>runt</strong></span> <span class='ocrx_word' id='word_1_424' title='bbox 324 1484 358 1511; x_wconf 89' lang='lat' dir='ltr'><strong>ad</strong></span> <span class='ocrx_word' id='word_1_425' title='bbox 363 1493 407 1512; x_wconf 82' lang='lat' dir='ltr'><strong>eos</strong></span> <span class='ocrx_word' id='word_1_426' title='bbox 417 1493 425 1512; x_wconf 93' lang='lat'><em>:</em></span> <span class='ocrx_word' id='word_1_427' title='bbox 436 1483 544 1511; x_wconf 81' lang='lat' dir='ltr'><strong>Utinam</strong></span> <span class='ocrx_word' id='word_1_428' title='bbox 554 1484 652 1511; x_wconf 84' lang='lat' dir='ltr'><strong>mortui</strong></span> <span class='ocrx_word' id='word_1_429' title='bbox 658 1492 773 1511; x_wconf 86' lang='lat' dir='ltr'><strong>essemus</strong></span> <span class='ocrx_word' id='word_1_430' title='bbox 782 1486 902 1519; x_wconf 68' lang='lat' dir='ltr'><strong>percussi</strong></span> <span class='ocrx_word' id='word_1_431' title='bbox 909 1494 924 1512; x_wconf 88' lang='lat' dir='ltr'><strong>a</strong></span> <span class='ocrx_word' id='word_1_432' title='bbox 934 1485 1043 1512; x_wconf 85' lang='lat' dir='ltr'><strong>Domina</strong></span> 
     </span>
    </p>
   </div>
   <div class='ocr_carea' id='block_1_54' title="bbox 1094 1482 1889 1519">
    <p class='ocr_par' dir='ltr' id='par_1_54' title="bbox 1099 1482 1889 1518">
     <span class='ocr_line' id='line_1_54' title="bbox 1099 1482 1889 1518; baseline 0 -8"><span class='ocrx_word' id='word_1_433' title='bbox 1099 1483 1149 1510; x_wconf 80' lang='grc' dir='ltr'><strong>καὶ</strong></span> <span class='ocrx_word' id='word_1_434' title='bbox 1176 1483 1265 1510; x_wconf 77' lang='grc' dir='ltr'>εῐπαν</span> <span class='ocrx_word' id='word_1_435' title='bbox 1289 1482 1364 1516; x_wconf 80' lang='grc' dir='ltr'>πρὸς</span> <span class='ocrx_word' id='word_1_436' title='bbox 1394 1482 1523 1515; x_wconf 85' lang='grc' dir='ltr'>αὐτούς·</span> <span class='ocrx_word' id='word_1_437' title='bbox 1550 1482 1677 1517; x_wconf 72' lang='grc' dir='ltr'>Ὄφελον</span> <span class='ocrx_word' id='word_1_438' title='bbox 1700 1483 1889 1518; x_wconf 77' lang='grc' dir='ltr'>ἀπεθάνομεν</span> 
     </span>
    </p>
   </div>
   <div class='ocr_carea' id='block_1_55' title="bbox 248 1528 1043 1573">
    <p class='ocr_par' dir='ltr' id='par_1_55' title="bbox 248 1529 1043 1566">
     <span class='ocr_line' id='line_1_55' title="bbox 248 1529 1043 1566; baseline 0.001 -8"><span class='ocrx_word' id='word_1_439' title='bbox 248 1531 278 1558; x_wconf 85' lang='lat' dir='ltr'><strong>in</strong></span> <span class='ocrx_word' id='word_1_440' title='bbox 294 1535 366 1558; x_wconf 85' lang='lat' dir='ltr'><strong>terra</strong></span> <span class='ocrx_word' id='word_1_441' title='bbox 377 1529 498 1566; x_wconf 66' lang='lat' dir='ltr'><strong>Egypti,</strong></span> <span class='ocrx_word' id='word_1_442' title='bbox 515 1530 620 1566; x_wconf 82' lang='lat' dir='ltr'><strong>quando</strong></span> <span class='ocrx_word' id='word_1_443' title='bbox 640 1529 795 1558; x_wconf 84' lang='lat' dir='ltr'><strong>sedebamus</strong></span> <span class='ocrx_word' id='word_1_444' title='bbox 808 1539 886 1566; x_wconf 76' lang='lat' dir='ltr'><strong>super</strong></span> <span class='ocrx_word' id='word_1_445' title='bbox 903 1531 1006 1565; x_wconf 80' lang='lat' dir='ltr'><strong>lebetes,</strong></span> <span class='ocrx_word' id='word_1_446' title='bbox 1021 1538 1043 1559; x_wconf 82' lang='lat' dir='ltr'><strong>et</strong></span> 
     </span>
    </p>
   </div>
   <div class='ocr_carea' id='block_1_56' title="bbox 1094 1528 1887 1573">
    <p class='ocr_par' dir='ltr' id='par_1_56' title="bbox 1098 1528 1887 1564">
     <span class='ocr_line' id='line_1_56' title="bbox 1098 1528 1887 1564; baseline 0 -8"><span class='ocrx_word' id='word_1_447' title='bbox 1098 1529 1264 1564; x_wconf 74' lang='grc' dir='ltr'>πληγέντες</span> <span class='ocrx_word' id='word_1_448' title='bbox 1289 1529 1348 1556; x_wconf 76' lang='grc' dir='ltr'><strong>ὑπὸ</strong></span> <span class='ocrx_word' id='word_1_449' title='bbox 1379 1528 1491 1563; x_wconf 80' lang='grc' dir='ltr'><strong>Κυρίου</strong></span> <span class='ocrx_word' id='word_1_450' title='bbox 1517 1529 1554 1556; x_wconf 82' lang='grc' dir='ltr'>ἐν</span> <span class='ocrx_word' id='word_1_451' title='bbox 1571 1528 1611 1563; x_wconf 72' lang='grc' dir='ltr'><strong>τῇ</strong></span> <span class='ocrx_word' id='word_1_452' title='bbox 1630 1530 1790 1564; x_wconf 75' lang='grc' dir='ltr'>Αἰγύπτου,</span> <span class='ocrx_word' id='word_1_453' title='bbox 1815 1530 1887 1557; x_wconf 80' lang='grc' dir='ltr'>ὅταν</span> 
     </span>
    </p>
   </div>
   <div class='ocr_carea' id='block_1_57' title="bbox 248 1575 1043 1612">
    <p class='ocr_par' dir='ltr' id='par_1_57' title="bbox 248 1577 1043 1612">
     <span class='ocr_line' id='line_1_57' title="bbox 248 1577 1043 1612; baseline -0.001 -6"><span class='ocrx_word' id='word_1_454' title='bbox 248 1578 448 1606; x_wconf 72' lang='lat' dir='ltr'><strong>eomedebamus</strong></span> <span class='ocrx_word' id='word_1_455' title='bbox 464 1585 546 1612; x_wconf 83' lang='lat' dir='ltr'><strong>panes</strong></span> <span class='ocrx_word' id='word_1_456' title='bbox 571 1577 605 1604; x_wconf 84' lang='lat' dir='ltr'><strong>ad</strong></span> <span class='ocrx_word' id='word_1_457' title='bbox 620 1577 806 1604; x_wconf 72' lang='lat' dir='ltr'><strong>saturitatem!</strong></span> <span class='ocrx_word' id='word_1_458' title='bbox 823 1577 894 1610; x_wconf 81' lang='lat' dir='ltr'><strong>Quia</strong></span> <span class='ocrx_word' id='word_1_459' title='bbox 914 1578 1043 1605; x_wconf 69' lang='lat' dir='ltr'><strong>eduxistis</strong></span> 
     </span>
    </p>
   </div>
   <div class='ocr_carea' id='block_1_58' title="bbox 1094 1575 1888 1612">
    <p class='ocr_par' dir='ltr' id='par_1_58' title="bbox 1097 1575 1888 1611">
     <span class='ocr_line' id='line_1_58' title="bbox 1097 1575 1888 1611; baseline 0 -8"><span class='ocrx_word' id='word_1_460' title='bbox 1097 1575 1280 1610; x_wconf 79' lang='grc' dir='ltr'>ἐκαθίσαμεν</span> <span class='ocrx_word' id='word_1_461' title='bbox 1293 1575 1343 1601; x_wconf 68' lang='grc' dir='ltr'><strong>ἐπὶ</strong></span> <span class='ocrx_word' id='word_1_462' title='bbox 1367 1575 1426 1602; x_wconf 77' lang='grc' dir='ltr'>τῶν</span> <span class='ocrx_word' id='word_1_463' title='bbox 1444 1575 1589 1608; x_wconf 73' lang='grc' dir='ltr'>λεϐήτων,</span> <span class='ocrx_word' id='word_1_464' title='bbox 1607 1575 1657 1602; x_wconf 79' lang='grc' dir='ltr'><strong>καὶ</strong></span> <span class='ocrx_word' id='word_1_465' title='bbox 1675 1575 1825 1610; x_wconf 74' lang='grc' dir='ltr'><strong>ἐφάγομεν</strong></span> <span class='ocrx_word' id='word_1_466' title='bbox 1839 1576 1888 1611; x_wconf 79' lang='grc' dir='ltr'><strong>ἆρ-</strong></span> 
     </span>
    </p>
   </div>
   <div class='ocr_carea' id='block_1_59' title="bbox 249 1622 1043 1658">
    <p class='ocr_par' dir='ltr' id='par_1_59' title="bbox 249 1622 1043 1658">
     <span class='ocr_line' id='line_1_59' title="bbox 249 1622 1043 1658; baseline -0.003 -6"><span class='ocrx_word' id='word_1_467' title='bbox 249 1633 308 1657; x_wconf 79' lang='lat' dir='ltr'><strong>tws,</strong></span> <span class='ocrx_word' id='word_1_468' title='bbox 334 1628 363 1651; x_wconf 87' lang='lat' dir='ltr'><strong>ul</strong></span> <span class='ocrx_word' id='word_1_469' title='bbox 380 1622 532 1652; x_wconf 67' lang='lat' dir='ltr'><strong>occidentis</strong></span> <span class='ocrx_word' id='word_1_470' title='bbox 549 1627 631 1649; x_wconf 86' lang='lat' dir='ltr'><strong>lotam</strong></span> <span class='ocrx_word' id='word_1_471' title='bbox 654 1622 722 1649; x_wconf 80' lang='lat' dir='ltr'><strong>hanc</strong></span> <span class='ocrx_word' id='word_1_472' title='bbox 746 1623 944 1650; x_wconf 81' lang='lat' dir='ltr'><strong>multitudinem</strong></span> <span class='ocrx_word' id='word_1_473' title='bbox 964 1623 1043 1658; x_wconf 84' lang='lat' dir='ltr'><strong>fame.</strong></span> 
     </span>
    </p>
   </div>
   <div class='ocr_carea' id='block_1_60' title="bbox 249 1668 1044 1705">
    <p class='ocr_par' dir='ltr' id='par_1_60' title="bbox 249 1668 1044 1705">
     <span class='ocr_line' id='line_1_60' title="bbox 249 1668 1044 1705; baseline -0.001 -7"><span class='ocrx_word' id='word_1_474' title='bbox 249 1670 348 1698; x_wconf 80' lang='lat' dir='ltr'><strong>Postea</strong></span> <span class='ocrx_word' id='word_1_475' title='bbox 358 1676 424 1697; x_wconf 85' lang='lat' dir='ltr'><strong>vero</strong></span> <span class='ocrx_word' id='word_1_476' title='bbox 445 1669 483 1696; x_wconf 84' lang='lat' dir='ltr'><strong>ait</strong></span> <span class='ocrx_word' id='word_1_477' title='bbox 508 1668 614 1705; x_wconf 84' lang='lat' dir='ltr'><strong>Moyses</strong></span> <span class='ocrx_word' id='word_1_478' title='bbox 635 1669 669 1696; x_wconf 86' lang='lat' dir='ltr'><strong>ad</strong></span> <span class='ocrx_word' id='word_1_479' title='bbox 695 1669 824 1704; x_wconf 89' lang='lat' dir='ltr'><strong>populum</strong></span> <span class='ocrx_word' id='word_1_480' title='bbox 839 1669 881 1696; x_wconf 76' lang='grc' dir='ltr'><strong>ηε</strong></span> <span class='ocrx_word' id='word_1_481' title='bbox 903 1668 960 1696; x_wconf 84' lang='lat' dir='ltr'><strong>Nos</strong></span> <span class='ocrx_word' id='word_1_482' title='bbox 985 1678 1044 1697; x_wconf 66' lang='lat' dir='ltr'><strong>vero</strong></span> 
     </span>
    </p>
   </div>
   <div class='ocr_carea' id='block_1_61' title="bbox 247 1714 1044 1750">
    <p class='ocr_par' dir='ltr' id='par_1_61' title="bbox 247 1714 1044 1750">
     <span class='ocr_line' id='line_1_61' title="bbox 247 1714 1044 1750; baseline 0.001 -8"><span class='ocrx_word' id='word_1_483' title='bbox 247 1714 312 1750; x_wconf 78' lang='lat' dir='ltr'><strong>quid</strong></span> <span class='ocrx_word' id='word_1_484' title='bbox 330 1722 422 1742; x_wconf 83' lang='lat' dir='ltr'><strong>sumus</strong></span> <span class='ocrx_word' id='word_1_485' title='bbox 437 1721 447 1740; x_wconf 91' lang='lat'><em>:</em></span> <span class='ocrx_word' id='word_1_486' title='bbox 462 1721 512 1743; x_wconf 88' lang='lat' dir='ltr'><strong>non</strong></span> <span class='ocrx_word' id='word_1_487' title='bbox 534 1714 604 1742; x_wconf 85' lang='lat' dir='ltr'><strong>enim</strong></span> <span class='ocrx_word' id='word_1_488' title='bbox 619 1719 714 1741; x_wconf 78' lang='lat' dir='ltr'><strong>contra</strong></span> <span class='ocrx_word' id='word_1_489' title='bbox 724 1722 771 1741; x_wconf 83' lang='lat' dir='ltr'><strong>nos</strong></span> <span class='ocrx_word' id='word_1_490' title='bbox 791 1722 911 1741; x_wconf 89' lang='lat' dir='ltr'><strong>murmur</strong></span> <span class='ocrx_word' id='word_1_491' title='bbox 929 1720 1044 1743; x_wconf 79' lang='lat' dir='ltr'><strong>uestrum</strong></span> 
     </span>
    </p>
   </div>
   <div class='ocr_carea' id='block_1_62' title="bbox 247 1759 1043 1793">
    <p class='ocr_par' dir='ltr' id='par_1_62' title="bbox 247 1759 1043 1793">
     <span class='ocr_line' id='line_1_62' title="bbox 247 1759 1043 1793; baseline 0.001 -5"><span class='ocrx_word' id='word_1_492' title='bbox 247 1766 299 1793; x_wconf 81' lang='lat' dir='ltr'><strong>est,</strong></span> <span class='ocrx_word' id='word_1_493' title='bbox 312 1761 357 1789; x_wconf 81' lang='lat' dir='ltr'><strong>sed</strong></span> <span class='ocrx_word' id='word_1_494' title='bbox 374 1765 467 1789; x_wconf 78' lang='lat' dir='ltr'><strong>contra</strong></span> <span class='ocrx_word' id='word_1_495' title='bbox 486 1759 581 1788; x_wconf 82' lang='lat' dir='ltr'><strong>Deum.</strong></span> <span class='ocrx_word' id='word_1_496' title='bbox 598 1760 720 1788; x_wconf 80' lang='lat' dir='ltr'><strong>Accedite</strong></span> <span class='ocrx_word' id='word_1_497' title='bbox 739 1769 830 1788; x_wconf 83' lang='lat' dir='ltr'><strong>coram</strong></span> <span class='ocrx_word' id='word_1_498' title='bbox 846 1760 920 1788; x_wconf 90' lang='lat' dir='ltr'><strong>Deo:</strong></span> <span class='ocrx_word' id='word_1_499' title='bbox 941 1762 1043 1789; x_wconf 83' lang='lat' dir='ltr'><strong>audivit</strong></span> 
     </span>
    </p>
   </div>
   <div class='ocr_carea' id='block_1_63' title="bbox 247 1805 1043 1839">
    <p class='ocr_par' dir='ltr' id='par_1_63' title="bbox 247 1805 1043 1839">
     <span class='ocr_line' id='line_1_63' title="bbox 247 1805 1043 1839; baseline 0 -5"><span class='ocrx_word' id='word_1_500' title='bbox 247 1807 318 1835; x_wconf 80' lang='lat' dir='ltr'><strong>enim</strong></span> <span class='ocrx_word' id='word_1_501' title='bbox 333 1814 453 1834; x_wconf 86' lang='lat' dir='ltr'><strong>murmur</strong></span> <span class='ocrx_word' id='word_1_502' title='bbox 467 1811 592 1834; x_wconf 82' lang='lat' dir='ltr'><strong>oestrum.</strong></span> <span class='ocrx_word' id='word_1_503' title='bbox 615 1805 682 1834; x_wconf 83' lang='lat' dir='ltr'><strong>Post</strong></span> <span class='ocrx_word' id='word_1_504' title='bbox 695 1806 752 1833; x_wconf 64' lang='lat' dir='ltr'><strong>haec</strong></span> <span class='ocrx_word' id='word_1_505' title='bbox 770 1809 860 1833; x_wconf 87' lang='lat' dir='ltr'><strong>autem</strong></span> <span class='ocrx_word' id='word_1_506' title='bbox 876 1807 909 1839; x_wconf 70' lang='grc' dir='ltr'>υ,</span> <span class='ocrx_word' id='word_1_507' title='bbox 926 1806 1043 1834; x_wconf 80' lang='lat' dir='ltr'><strong>Locutus</strong></span> 
     </span>
    </p>
   </div>
   <div class='ocr_carea' id='block_1_64' title="bbox 246 1851 1044 1890">
    <p class='ocr_par' dir='ltr' id='par_1_64' title="bbox 246 1851 1044 1890">
     <span class='ocr_line' id='line_1_64' title="bbox 246 1851 1044 1890; baseline -0.001 -9"><span class='ocrx_word' id='word_1_508' title='bbox 246 1857 293 1881; x_wconf 76' lang='lat' dir='ltr'><strong>est</strong></span> <span class='ocrx_word' id='word_1_509' title='bbox 303 1853 432 1880; x_wconf 74' lang='lat' dir='ltr'><strong>Dominus</strong></span> <span class='ocrx_word' id='word_1_510' title='bbox 445 1853 479 1879; x_wconf 90' lang='lat' dir='ltr'><strong>ad</strong></span> <span class='ocrx_word' id='word_1_511' title='bbox 494 1851 612 1890; x_wconf 82' lang='lat' dir='ltr'><strong>Moysem</strong></span> <span class='ocrx_word' id='word_1_512' title='bbox 620 1851 708 1879; x_wconf 82' lang='lat' dir='ltr'><strong>dicens</strong></span> <span class='ocrx_word' id='word_1_513' title='bbox 727 1860 736 1879; x_wconf 87' lang='lat'><strong><em>:</em></strong></span> <span class='ocrx_word' id='word_1_514' title='bbox 754 1860 799 1888; x_wconf 83' lang='lat' dir='ltr'><strong>ego</strong></span> <span class='ocrx_word' id='word_1_515' title='bbox 817 1852 908 1880; x_wconf 83' lang='lat' dir='ltr'><strong>audivi</strong></span> <span class='ocrx_word' id='word_1_516' title='bbox 923 1861 1044 1880; x_wconf 86' lang='lat' dir='ltr'><strong>murmur</strong></span> 
     </span>
    </p>
   </div>
   <div class='ocr_carea' id='block_1_65' title="bbox 249 1898 1044 1935">
    <p class='ocr_par' dir='ltr' id='par_1_65' title="bbox 249 1898 1044 1935">
     <span class='ocr_line' id='line_1_65' title="bbox 249 1898 1044 1935; baseline 0 -8"><span class='ocrx_word' id='word_1_517' title='bbox 249 1899 368 1935; x_wconf 73' lang='lat' dir='ltr'><strong>ﬁliorum</strong></span> <span class='ocrx_word' id='word_1_518' title='bbox 394 1898 494 1931; x_wconf 81' lang='lat' dir='ltr'><strong>Israel,</strong></span> <span class='ocrx_word' id='word_1_519' title='bbox 515 1902 568 1927; x_wconf 88' lang='lat' dir='ltr'><strong>etc.</strong></span> <span class='ocrx_word' id='word_1_520' title='bbox 595 1898 659 1926; x_wconf 74' lang='lat' dir='ltr'><strong>Haec</strong></span> <span class='ocrx_word' id='word_1_521' title='bbox 681 1898 765 1934; x_wconf 81' lang='lat' dir='ltr'><strong>igitur</strong></span> <span class='ocrx_word' id='word_1_522' title='bbox 791 1903 925 1926; x_wconf 87' lang='lat' dir='ltr'><strong>memorat</strong></span> <span class='ocrx_word' id='word_1_523' title='bbox 953 1907 1044 1927; x_wconf 87' lang='lat' dir='ltr'><strong>sermo</strong></span> 
     </span>
    </p>
   </div>
   <div class='ocr_carea' id='block_1_66' title="bbox 249 1945 1044 1981">
    <p class='ocr_par' dir='ltr' id='par_1_66' title="bbox 249 1945 1044 1981">
     <span class='ocr_line' id='line_1_66' title="bbox 249 1945 1044 1981; baseline -0.001 -8"><span class='ocrx_word' id='word_1_524' title='bbox 249 1953 370 1981; x_wconf 67' lang='lat' dir='ltr'><strong>praesens</strong></span> <span class='ocrx_word' id='word_1_525' title='bbox 385 1945 428 1973; x_wconf 84' lang='lat' dir='ltr'><strong>his</strong></span> <span class='ocrx_word' id='word_1_526' title='bbox 446 1945 538 1973; x_wconf 86' lang='lat' dir='ltr'><strong>verbis</strong></span> <span class='ocrx_word' id='word_1_527' title='bbox 553 1954 561 1973; x_wconf 92' lang='lat'><strong>:</strong></span> <span class='ocrx_word' id='word_1_528' title='bbox 578 1946 613 1972; x_wconf 84' lang='lat' dir='ltr'><strong>Et</strong></span> <span class='ocrx_word' id='word_1_529' title='bbox 632 1949 795 1972; x_wconf 84' lang='lat' dir='ltr'><strong>tentaverunt</strong></span> <span class='ocrx_word' id='word_1_530' title='bbox 815 1945 897 1972; x_wconf 85' lang='lat' dir='ltr'><strong>Deum</strong></span> <span class='ocrx_word' id='word_1_531' title='bbox 912 1946 939 1972; x_wconf 90' lang='lat' dir='ltr'><strong>in</strong></span> <span class='ocrx_word' id='word_1_532' title='bbox 956 1946 1044 1972; x_wconf 86' lang='lat' dir='ltr'><strong>cordi-</strong></span> 
     </span>
    </p>
   </div>
   <div class='ocr_carea' id='block_1_67' title="bbox 250 1990 1043 2026">
    <p class='ocr_par' dir='ltr' id='par_1_67' title="bbox 250 1990 1043 2026">
     <span class='ocr_line' id='line_1_67' title="bbox 250 1990 1043 2026; baseline -0.001 -8"><span class='ocrx_word' id='word_1_533' title='bbox 250 1991 297 2018; x_wconf 89' lang='lat' dir='ltr'><strong>bus</strong></span> <span class='ocrx_word' id='word_1_534' title='bbox 314 1991 381 2023; x_wconf 82' lang='lat' dir='ltr'><strong>suis,</strong></span> <span class='ocrx_word' id='word_1_535' title='bbox 402 1995 431 2017; x_wconf 90' lang='lat' dir='ltr'><strong>ut</strong></span> <span class='ocrx_word' id='word_1_536' title='bbox 445 1995 561 2026; x_wconf 82' lang='lat' dir='ltr'><strong>peterent</strong></span> <span class='ocrx_word' id='word_1_537' title='bbox 580 1999 668 2018; x_wconf 77' lang='lat' dir='ltr'><strong>escam</strong></span> <span class='ocrx_word' id='word_1_538' title='bbox 683 1991 823 2018; x_wconf 83' lang='lat' dir='ltr'><strong>animabus</strong></span> <span class='ocrx_word' id='word_1_539' title='bbox 837 1991 902 2018; x_wconf 86' lang='lat' dir='ltr'><strong>suis.</strong></span> <span class='ocrx_word' id='word_1_540' title='bbox 918 1990 954 2017; x_wconf 82' lang='lat' dir='ltr'><strong>Et</strong></span> <span class='ocrx_word' id='word_1_541' title='bbox 974 1991 1043 2018; x_wconf 86' lang='lat' dir='ltr'><strong>male</strong></span> 
     </span>
    </p>
   </div>
   <div class='ocr_carea' id='block_1_68' title="bbox 249 2037 1042 2073">
    <p class='ocr_par' dir='ltr' id='par_1_68' title="bbox 249 2037 1042 2073">
     <span class='ocr_line' id='line_1_68' title="bbox 249 2037 1042 2073; baseline -0.001 -8"><span class='ocrx_word' id='word_1_542' title='bbox 249 2037 332 2065; x_wconf 81' lang='lat' dir='ltr'><strong>locuti</strong></span> <span class='ocrx_word' id='word_1_543' title='bbox 352 2041 414 2064; x_wconf 84' lang='lat' dir='ltr'><strong>sunt</strong></span> <span class='ocrx_word' id='word_1_544' title='bbox 435 2037 467 2064; x_wconf 83' lang='lat' dir='ltr'><strong>de</strong></span> <span class='ocrx_word' id='word_1_545' title='bbox 494 2037 559 2070; x_wconf 80' lang='lat' dir='ltr'><strong>Deo,</strong></span> <span class='ocrx_word' id='word_1_546' title='bbox 580 2041 604 2065; x_wconf 90' lang='lat' dir='ltr'><strong>et</strong></span> <span class='ocrx_word' id='word_1_547' title='bbox 626 2037 766 2070; x_wconf 69' lang='lat' dir='ltr'><strong>dixerunt,</strong></span> <span class='ocrx_word' id='word_1_548' title='bbox 790 2037 927 2073; x_wconf 85' lang='lat' dir='ltr'><strong>Numquid</strong></span> <span class='ocrx_word' id='word_1_549' title='bbox 946 2038 1042 2072; x_wconf 87' lang='lat' dir='ltr'><strong>poterit</strong></span> 
     </span>
    </p>
   </div>
   <div class='ocr_carea' id='block_1_69' title="bbox 247 2082 1042 2117">
    <p class='ocr_par' dir='ltr' id='par_1_69' title="bbox 247 2082 1042 2117">
     <span class='ocr_line' id='line_1_69' title="bbox 247 2082 1042 2117; baseline 0 -8"><span class='ocrx_word' id='word_1_550' title='bbox 247 2083 320 2110; x_wconf 80' lang='lat' dir='ltr'><strong>Deus</strong></span> <span class='ocrx_word' id='word_1_551' title='bbox 334 2090 431 2117; x_wconf 82' lang='lat' dir='ltr'><strong>parare</strong></span> <span class='ocrx_word' id='word_1_552' title='bbox 446 2090 563 2109; x_wconf 85' lang='lat' dir='ltr'><strong>mensam</strong></span> <span class='ocrx_word' id='word_1_553' title='bbox 581 2082 608 2109; x_wconf 88' lang='lat' dir='ltr'><strong>in</strong></span> <span class='ocrx_word' id='word_1_554' title='bbox 625 2083 729 2109; x_wconf 78' lang='lat' dir='ltr'><strong>deserto</strong></span> <span class='ocrx_word' id='word_1_555' title='bbox 739 2084 751 2110; x_wconf 73' lang='grc'><em>7</em></span> <span class='ocrx_word' id='word_1_556' title='bbox 761 2097 796 2102; x_wconf 97' lang='grc'><strong><em>-</em></strong></span> <span class='ocrx_word' id='word_1_557' title='bbox 807 2082 892 2111; x_wconf 68' lang='lat' dir='ltr'><strong>Vens.</strong></span> <span class='ocrx_word' id='word_1_558' title='bbox 910 2082 955 2110; x_wconf 73' lang='grc'><strong>20.</strong></span> <span class='ocrx_word' id='word_1_559' title='bbox 969 2082 1042 2115; x_wconf 78' lang='lat' dir='ltr'><strong>Quo-</strong></span> 
     </span>
    </p>
   </div>
   <div class='ocr_carea' id='block_1_70' title="bbox 248 2129 1040 2164">
    <p class='ocr_par' dir='ltr' id='par_1_70' title="bbox 248 2129 1040 2164">
     <span class='ocr_line' id='line_1_70' title="bbox 248 2129 1040 2164; baseline 0 -8"><span class='ocrx_word' id='word_1_560' title='bbox 248 2129 321 2156; x_wconf 83' lang='lat' dir='ltr'><strong>niam</strong></span> <span class='ocrx_word' id='word_1_561' title='bbox 330 2129 459 2164; x_wconf 83' lang='lat' dir='ltr'><strong>percussit</strong></span> <span class='ocrx_word' id='word_1_562' title='bbox 472 2133 574 2163; x_wconf 81' lang='lat' dir='ltr'><strong>petram</strong></span> <span class='ocrx_word' id='word_1_563' title='bbox 589 2135 615 2156; x_wconf 82' lang='lat' dir='ltr'><strong>et</strong></span> <span class='ocrx_word' id='word_1_564' title='bbox 629 2129 764 2163; x_wconf 71' lang='lat' dir='ltr'><strong>ﬂuxerunt</strong></span> <span class='ocrx_word' id='word_1_565' title='bbox 778 2137 864 2163; x_wconf 63' lang='lat' dir='ltr'><strong>aqua,</strong></span> <span class='ocrx_word' id='word_1_566' title='bbox 874 2133 899 2155; x_wconf 86' lang='lat' dir='ltr'><strong>et</strong></span> <span class='ocrx_word' id='word_1_567' title='bbox 913 2133 1040 2156; x_wconf 86' lang='lat' dir='ltr'><strong>torrentes</strong></span> 
     </span>
    </p>
   </div>
   <div class='ocr_carea' id='block_1_71' title="bbox 247 2170 1042 2209">
    <p class='ocr_par' dir='ltr' id='par_1_71' title="bbox 247 2170 1042 2209">
     <span class='ocr_line' id='line_1_71' title="bbox 247 2170 1042 2209; baseline 0.003 -8"><span class='ocrx_word' id='word_1_568' title='bbox 247 2173 461 2206; x_wconf 83' lang='lat' dir='ltr'><strong>inundaverant;</strong></span> <span class='ocrx_word' id='word_1_569' title='bbox 477 2174 603 2209; x_wconf 87' lang='lat' dir='ltr'><strong>numquid</strong></span> <span class='ocrx_word' id='word_1_570' title='bbox 623 2179 647 2201; x_wconf 85' lang='lat' dir='ltr'><strong>et</strong></span> <span class='ocrx_word' id='word_1_571' title='bbox 662 2182 757 2208; x_wconf 85' lang='lat' dir='ltr'><strong>panem</strong></span> <span class='ocrx_word' id='word_1_572' title='bbox 776 2175 872 2208; x_wconf 85' lang='lat' dir='ltr'><strong>poterit</strong></span> <span class='ocrx_word' id='word_1_573' title='bbox 894 2174 969 2207; x_wconf 87' lang='lat' dir='ltr'><strong>dare,</strong></span> <span class='ocrx_word' id='word_1_574' title='bbox 995 2170 1042 2203; x_wconf 78' lang='lat' dir='ltr'><strong>aut</strong></span> 
     </span>
    </p>
   </div>
   <div class='ocr_carea' id='block_1_72' title="bbox 1101 1621 1888 1658">
    <p class='ocr_par' dir='ltr' id='par_1_72' title="bbox 1101 1621 1888 1658">
     <span class='ocr_line' id='line_1_72' title="bbox 1101 1621 1888 1658; baseline 0 -8"><span class='ocrx_word' id='word_1_575' title='bbox 1101 1631 1173 1656; x_wconf 88' lang='grc' dir='ltr'>τους</span> <span class='ocrx_word' id='word_1_576' title='bbox 1212 1624 1255 1656; x_wconf 84' lang='grc' dir='ltr'>εἰς</span> <span class='ocrx_word' id='word_1_577' title='bbox 1291 1621 1497 1656; x_wconf 68' lang='grc' dir='ltr'>πλησμονήν]</span> <span class='ocrx_word' id='word_1_578' title='bbox 1527 1622 1587 1648; x_wconf 86' lang='grc' dir='ltr'>Ὅτι</span> <span class='ocrx_word' id='word_1_579' title='bbox 1618 1621 1778 1657; x_wconf 73' lang='grc' dir='ltr'><strong>ἑξητὰτετε</strong></span> <span class='ocrx_word' id='word_1_580' title='bbox 1811 1623 1888 1658; x_wconf 75' lang='grc' dir='ltr'>ἡμᾶς</span> 
     </span>
    </p>
   </div>
   <div class='ocr_carea' id='block_1_73' title="bbox 1097 1665 1888 1701">
    <p class='ocr_par' dir='ltr' id='par_1_73' title="bbox 1097 1665 1888 1701">
     <span class='ocr_line' id='line_1_73' title="bbox 1097 1665 1888 1701; baseline 0.001 -7"><span class='ocrx_word' id='word_1_581' title='bbox 1097 1667 1269 1695; x_wconf 72' lang='grc' dir='ltr'>ἀποκτεῖναι</span> <span class='ocrx_word' id='word_1_582' title='bbox 1296 1667 1400 1694; x_wconf 83' lang='grc' dir='ltr'>πᾶσαν</span> <span class='ocrx_word' id='word_1_583' title='bbox 1427 1666 1485 1701; x_wconf 86' lang='grc' dir='ltr'>τὴν</span> <span class='ocrx_word' id='word_1_584' title='bbox 1512 1665 1693 1701; x_wconf 70' lang='grc' dir='ltr'>συναγωγὴν</span> <span class='ocrx_word' id='word_1_585' title='bbox 1714 1668 1828 1701; x_wconf 78' lang='grc' dir='ltr'>ταύτην</span> <span class='ocrx_word' id='word_1_586' title='bbox 1854 1668 1888 1695; x_wconf 83' lang='grc' dir='ltr'>ἐν</span> 
     </span>
    </p>
   </div>
   <div class='ocr_carea' id='block_1_74' title="bbox 1097 1710 1886 1750">
    <p class='ocr_par' dir='ltr' id='par_1_74' title="bbox 1097 1710 1886 1750">
     <span class='ocr_line' id='line_1_74' title="bbox 1097 1710 1886 1750; baseline 0.001 -9"><span class='ocrx_word' id='word_1_587' title='bbox 1097 1713 1183 1748; x_wconf 80' lang='grc' dir='ltr'>λιμῷ.</span> <span class='ocrx_word' id='word_1_588' title='bbox 1197 1713 1253 1741; x_wconf 75' lang='grc' dir='ltr'><strong>Καὶ</strong></span> <span class='ocrx_word' id='word_1_589' title='bbox 1268 1713 1337 1749; x_wconf 81' lang='grc' dir='ltr'>μετὰ</span> <span class='ocrx_word' id='word_1_590' title='bbox 1358 1713 1446 1740; x_wconf 84' lang='grc' dir='ltr'>ταῦτα</span> <span class='ocrx_word' id='word_1_591' title='bbox 1461 1710 1520 1740; x_wconf 77' lang='grc' dir='ltr'>εἷπε</span> <span class='ocrx_word' id='word_1_592' title='bbox 1535 1713 1637 1748; x_wconf 81' lang='grc' dir='ltr'>Μωσῆς</span> <span class='ocrx_word' id='word_1_593' title='bbox 1653 1714 1721 1750; x_wconf 82' lang='grc' dir='ltr'>πρὸς</span> <span class='ocrx_word' id='word_1_594' title='bbox 1740 1715 1785 1742; x_wconf 79' lang='grc' dir='ltr'><strong>τὸν</strong></span> <span class='ocrx_word' id='word_1_595' title='bbox 1804 1715 1867 1742; x_wconf 82' lang='grc' dir='ltr'>λαόν</span> <span class='ocrx_word' id='word_1_596' title='bbox 1879 1725 1886 1732; x_wconf 94' lang='grc'><strong>·</strong></span> 
     </span>
    </p>
   </div>
   <div class='ocr_carea' id='block_1_75' title="bbox 1103 1759 1887 1797">
    <p class='ocr_par' dir='ltr' id='par_1_75' title="bbox 1103 1759 1887 1797">
     <span class='ocr_line' id='line_1_75' title="bbox 1103 1759 1887 1797; baseline 0.003 -11"><span class='ocrx_word' id='word_1_597' title='bbox 1103 1760 1198 1795; x_wconf 82' lang='grc' dir='ltr'><em>Ἡμεῖς</em></span> <span class='ocrx_word' id='word_1_598' title='bbox 1217 1760 1251 1786; x_wconf 78' lang='grc' dir='ltr'>δὲ</span> <span class='ocrx_word' id='word_1_599' title='bbox 1275 1760 1304 1787; x_wconf 86' lang='grc' dir='ltr'>τί</span> <span class='ocrx_word' id='word_1_600' title='bbox 1327 1759 1438 1795; x_wconf 68' lang='grc' dir='ltr'>ἐσμενι;</span> <span class='ocrx_word' id='word_1_601' title='bbox 1453 1761 1488 1786; x_wconf 86' lang='grc' dir='ltr'>οὐ</span> <span class='ocrx_word' id='word_1_602' title='bbox 1505 1759 1561 1794; x_wconf 73' lang='grc' dir='ltr'>γὰρ</span> <span class='ocrx_word' id='word_1_603' title='bbox 1577 1762 1640 1787; x_wconf 78' lang='grc' dir='ltr'>καθ’</span> <span class='ocrx_word' id='word_1_604' title='bbox 1652 1760 1736 1796; x_wconf 73' lang='grc' dir='ltr'>ἡμῶν</span> <span class='ocrx_word' id='word_1_605' title='bbox 1748 1763 1764 1788; x_wconf 82' lang='grc' dir='ltr'><em>ό</em></span> <span class='ocrx_word' id='word_1_606' title='bbox 1782 1771 1887 1797; x_wconf 77' lang='grc' dir='ltr'>γογγυ-</span> 
     </span>
    </p>
   </div>
   <div class='ocr_carea' id='block_1_76' title="bbox 1097 1805 1887 1842">
    <p class='ocr_par' dir='ltr' id='par_1_76' title="bbox 1097 1805 1887 1842">
     <span class='ocr_line' id='line_1_76' title="bbox 1097 1805 1887 1842; baseline 0 -8"><span class='ocrx_word' id='word_1_607' title='bbox 1097 1807 1175 1842; x_wconf 83' lang='grc' dir='ltr'><strong>σμὸς</strong></span> <span class='ocrx_word' id='word_1_608' title='bbox 1188 1805 1272 1841; x_wconf 87' lang='grc' dir='ltr'>ῠμῶν</span> <span class='ocrx_word' id='word_1_609' title='bbox 1288 1806 1383 1837; x_wconf 83' lang='grc' dir='ltr'>ἐστιν,</span> <span class='ocrx_word' id='word_1_610' title='bbox 1402 1806 1481 1833; x_wconf 81' lang='grc' dir='ltr'><em>ἀλλὰ</em></span> <span class='ocrx_word' id='word_1_611' title='bbox 1503 1805 1578 1833; x_wconf 79' lang='grc' dir='ltr'>κατὰ</span> <span class='ocrx_word' id='word_1_612' title='bbox 1591 1806 1643 1833; x_wconf 82' lang='grc' dir='ltr'>τοῦ</span> <span class='ocrx_word' id='word_1_613' title='bbox 1661 1807 1744 1834; x_wconf 80' lang='grc' dir='ltr'>Θεοῦ.</span> <span class='ocrx_word' id='word_1_614' title='bbox 1752 1807 1887 1841; x_wconf 74' lang='grc' dir='ltr'><strong>Προσέλ-</strong></span> 
     </span>
    </p>
   </div>
   <div class='ocr_carea' id='block_1_77' title="bbox 1097 1851 1887 1889">
    <p class='ocr_par' dir='ltr' id='par_1_77' title="bbox 1097 1851 1887 1889">
     <span class='ocr_line' id='line_1_77' title="bbox 1097 1851 1887 1889; baseline 0.003 -11"><span class='ocrx_word' id='word_1_615' title='bbox 1097 1854 1162 1879; x_wconf 72' lang='grc' dir='ltr'>θεῖε</span> <span class='ocrx_word' id='word_1_616' title='bbox 1174 1852 1313 1879; x_wconf 80' lang='grc' dir='ltr'>ἐναντίον</span> <span class='ocrx_word' id='word_1_617' title='bbox 1331 1852 1384 1878; x_wconf 89' lang='grc' dir='ltr'>τοῦ</span> <span class='ocrx_word' id='word_1_618' title='bbox 1401 1851 1485 1883; x_wconf 83' lang='grc' dir='ltr'>Θεοῦ,</span> <span class='ocrx_word' id='word_1_619' title='bbox 1502 1851 1663 1885; x_wconf 74' lang='grc' dir='ltr'><strong>εἰσακήκοε</strong></span> <span class='ocrx_word' id='word_1_620' title='bbox 1682 1853 1739 1887; x_wconf 78' lang='grc' dir='ltr'>γὰρ</span> <span class='ocrx_word' id='word_1_621' title='bbox 1753 1853 1806 1880; x_wconf 85' lang='grc' dir='ltr'>τοῦ</span> <span class='ocrx_word' id='word_1_622' title='bbox 1822 1862 1887 1889; x_wconf 61' lang='grc' dir='ltr'><strong>τοτε-</strong></span> 
     </span>
    </p>
   </div>
   <div class='ocr_carea' id='block_1_78' title="bbox 1096 1898 1886 1934">
    <p class='ocr_par' dir='ltr' id='par_1_78' title="bbox 1096 1898 1886 1934">
     <span class='ocr_line' id='line_1_78' title="bbox 1096 1898 1886 1934; baseline 0.004 -10"><span class='ocrx_word' id='word_1_623' title='bbox 1096 1898 1214 1934; x_wconf 76' lang='grc' dir='ltr'>γυσμοῦ</span> <span class='ocrx_word' id='word_1_624' title='bbox 1234 1898 1327 1933; x_wconf 83' lang='grc' dir='ltr'>ὑμῶν.</span> <span class='ocrx_word' id='word_1_625' title='bbox 1361 1898 1415 1925; x_wconf 79' lang='grc' dir='ltr'>Καὶ</span> <span class='ocrx_word' id='word_1_626' title='bbox 1440 1898 1509 1934; x_wconf 83' lang='grc' dir='ltr'>μετὰ</span> <span class='ocrx_word' id='word_1_627' title='bbox 1535 1899 1636 1926; x_wconf 82' lang='grc' dir='ltr'>ταῦτα·</span> <span class='ocrx_word' id='word_1_628' title='bbox 1664 1899 1813 1934; x_wconf 71' lang='grc' dir='ltr'>Ἐλάλησε</span> <span class='ocrx_word' id='word_1_629' title='bbox 1828 1901 1886 1927; x_wconf 84' lang='grc' dir='ltr'><strong>Κύ-</strong></span> 
     </span>
    </p>
   </div>
   <div class='ocr_carea' id='block_1_79' title="bbox 1092 1942 1886 1980">
    <p class='ocr_par' dir='ltr' id='par_1_79' title="bbox 1092 1942 1886 1980">
     <span class='ocr_line' id='line_1_79' title="bbox 1092 1942 1886 1980; baseline 0.003 -10"><span class='ocrx_word' id='word_1_630' title='bbox 1092 1953 1158 1979; x_wconf 85' lang='grc' dir='ltr'>ριος</span> <span class='ocrx_word' id='word_1_631' title='bbox 1187 1944 1262 1979; x_wconf 82' lang='grc' dir='ltr'>πρὸς</span> <span class='ocrx_word' id='word_1_632' title='bbox 1292 1942 1406 1977; x_wconf 81' lang='grc' dir='ltr'>Μωσῆν</span> <span class='ocrx_word' id='word_1_633' title='bbox 1436 1943 1547 1979; x_wconf 75' lang='grc' dir='ltr'>λέγων·</span> <span class='ocrx_word' id='word_1_634' title='bbox 1583 1944 1658 1980; x_wconf 78' lang='grc' dir='ltr'><strong>Ἐγὼ</strong></span> <span class='ocrx_word' id='word_1_635' title='bbox 1688 1945 1805 1978; x_wconf 76' lang='grc' dir='ltr'><strong>ἀκήκοα</strong></span> <span class='ocrx_word' id='word_1_636' title='bbox 1832 1945 1886 1972; x_wconf 76' lang='grc' dir='ltr'><strong>τὸν</strong></span> 
     </span>
    </p>
   </div>
   <div class='ocr_carea' id='block_1_80' title="bbox 1096 1989 1884 2026">
    <p class='ocr_par' dir='ltr' id='par_1_80' title="bbox 1096 1989 1884 2026">
     <span class='ocr_line' id='line_1_80' title="bbox 1096 1989 1884 2026; baseline 0.003 -9"><span class='ocrx_word' id='word_1_637' title='bbox 1096 1990 1269 2026; x_wconf 53' lang='grc' dir='ltr'>νοτ-γαυσμὸν</span> <span class='ocrx_word' id='word_1_638' title='bbox 1293 1990 1366 2017; x_wconf 72' lang='grc' dir='ltr'>υἱῶν</span> <span class='ocrx_word' id='word_1_639' title='bbox 1383 1989 1517 2025; x_wconf 69' lang='grc' dir='ltr'>Ἰσραὴλ,</span> <span class='ocrx_word' id='word_1_640' title='bbox 1548 1991 1595 2017; x_wconf 80' lang='grc' dir='ltr'>καὶ</span> <span class='ocrx_word' id='word_1_641' title='bbox 1619 1990 1652 2017; x_wconf 76' lang='grc' dir='ltr'><strong>τὰ</strong></span> <span class='ocrx_word' id='word_1_642' title='bbox 1672 1990 1746 2026; x_wconf 76' lang='grc' dir='ltr'>ἑξῆς.</span> <span class='ocrx_word' id='word_1_643' title='bbox 1775 1991 1884 2019; x_wconf 81' lang='grc' dir='ltr'>Τούτων</span> 
     </span>
    </p>
   </div>
   <div class='ocr_carea' id='block_1_81' title="bbox 1095 2035 1885 2073">
    <p class='ocr_par' dir='ltr' id='par_1_81' title="bbox 1095 2035 1885 2073">
     <span class='ocr_line' id='line_1_81' title="bbox 1095 2035 1885 2073; baseline 0.003 -10"><span class='ocrx_word' id='word_1_644' title='bbox 1095 2035 1141 2064; x_wconf 82' lang='grc' dir='ltr'>οὖν</span> <span class='ocrx_word' id='word_1_645' title='bbox 1161 2039 1335 2073; x_wconf 78' lang='grc' dir='ltr'>μεμνημένος</span> <span class='ocrx_word' id='word_1_646' title='bbox 1349 2036 1397 2063; x_wconf 76' lang='grc' dir='ltr'><strong>καὶ</strong></span> <span class='ocrx_word' id='word_1_647' title='bbox 1414 2037 1428 2063; x_wconf 82' lang='grc' dir='ltr'>ὁ</span> <span class='ocrx_word' id='word_1_648' title='bbox 1444 2035 1539 2072; x_wconf 79' lang='grc' dir='ltr'>παρὼν</span> <span class='ocrx_word' id='word_1_649' title='bbox 1555 2037 1641 2070; x_wconf 84' lang='grc' dir='ltr'>λόγος,</span> <span class='ocrx_word' id='word_1_650' title='bbox 1657 2035 1716 2064; x_wconf 79' lang='grc' dir='ltr'>εἷπε</span> <span class='ocrx_word' id='word_1_651' title='bbox 1728 2045 1735 2053; x_wconf 88' lang='grc'>·</span> <span class='ocrx_word' id='word_1_652' title='bbox 1753 2037 1809 2065; x_wconf 85' lang='lat' dir='ltr'><strong>Kal</strong></span> <span class='ocrx_word' id='word_1_653' title='bbox 1822 2037 1885 2070; x_wconf 64' lang='grc' dir='ltr'><strong>ἐξε-</strong></span> 
     </span>
    </p>
   </div>
   <div class='ocr_carea' id='block_1_82' title="bbox 1095 2081 1884 2118">
    <p class='ocr_par' dir='ltr' id='par_1_82' title="bbox 1095 2081 1884 2118">
     <span class='ocr_line' id='line_1_82' title="bbox 1095 2081 1884 2118; baseline 0.001 -9"><span class='ocrx_word' id='word_1_654' title='bbox 1095 2083 1245 2116; x_wconf 79' lang='grc' dir='ltr'>πείρασαν</span> <span class='ocrx_word' id='word_1_655' title='bbox 1262 2081 1315 2109; x_wconf 87' lang='grc' dir='ltr'><strong>τὸν</strong></span> <span class='ocrx_word' id='word_1_656' title='bbox 1327 2082 1402 2109; x_wconf 86' lang='grc' dir='ltr'><strong>Θεὸν</strong></span> <span class='ocrx_word' id='word_1_657' title='bbox 1414 2082 1449 2109; x_wconf 76' lang='grc' dir='ltr'>ἐν</span> <span class='ocrx_word' id='word_1_658' title='bbox 1465 2082 1600 2116; x_wconf 81' lang='grc' dir='ltr'>καρδίαις</span> <span class='ocrx_word' id='word_1_659' title='bbox 1614 2083 1723 2115; x_wconf 83' lang='grc' dir='ltr'>αὐτῶν,</span> <span class='ocrx_word' id='word_1_660' title='bbox 1738 2083 1792 2110; x_wconf 83' lang='grc' dir='ltr'>τοῦ</span> <span class='ocrx_word' id='word_1_661' title='bbox 1808 2083 1884 2118; x_wconf 61' lang='grc' dir='ltr'><strong>αὶτῆ-</strong></span> 
     </span>
    </p>
   </div>
   <div class='ocr_carea' id='block_1_83' title="bbox 1094 2127 1884 2163">
    <p class='ocr_par' dir='ltr' id='par_1_83' title="bbox 1094 2127 1884 2163">
     <span class='ocr_line' id='line_1_83' title="bbox 1094 2127 1884 2163; baseline 0.003 -9"><span class='ocrx_word' id='word_1_662' title='bbox 1094 2135 1146 2154; x_wconf 81' lang='grc' dir='ltr'><strong>σαι</strong></span> <span class='ocrx_word' id='word_1_663' title='bbox 1156 2127 1263 2162; x_wconf 80' lang='grc' dir='ltr'>βρῶμα</span> <span class='ocrx_word' id='word_1_664' title='bbox 1272 2127 1337 2160; x_wconf 82' lang='grc' dir='ltr'>ταῖς</span> <span class='ocrx_word' id='word_1_665' title='bbox 1347 2127 1461 2162; x_wconf 75' lang='grc' dir='ltr'>ψυχαῖς</span> <span class='ocrx_word' id='word_1_666' title='bbox 1475 2127 1582 2154; x_wconf 77' lang='grc' dir='ltr'>αὐτῶν.</span> <span class='ocrx_word' id='word_1_667' title='bbox 1601 2128 1654 2155; x_wconf 79' lang='lat' dir='ltr'><strong>Kal</strong></span> <span class='ocrx_word' id='word_1_668' title='bbox 1670 2129 1884 2163; x_wconf 73' lang='grc' dir='ltr'>κατελάλησαν</span> 
     </span>
    </p>
   </div>
   <div class='ocr_carea' id='block_1_84' title="bbox 1095 2171 1883 2209">
    <p class='ocr_par' dir='ltr' id='par_1_84' title="bbox 1095 2171 1883 2209">
     <span class='ocr_line' id='line_1_84' title="bbox 1095 2171 1883 2209; baseline 0.004 -9"><span class='ocrx_word' id='word_1_669' title='bbox 1095 2174 1147 2201; x_wconf 88' lang='grc' dir='ltr'>τοῦ</span> <span class='ocrx_word' id='word_1_670' title='bbox 1163 2174 1246 2206; x_wconf 81' lang='grc' dir='ltr'>Θεοῦ,</span> <span class='ocrx_word' id='word_1_671' title='bbox 1267 2173 1317 2201; x_wconf 80' lang='grc' dir='ltr'><strong>καὶ</strong></span> <span class='ocrx_word' id='word_1_672' title='bbox 1326 2171 1430 2200; x_wconf 74' lang='grc' dir='ltr'>εἶπαν·</span> <span class='ocrx_word' id='word_1_673' title='bbox 1454 2174 1502 2208; x_wconf 80' lang='grc' dir='ltr'><strong>Μὴ</strong></span> <span class='ocrx_word' id='word_1_674' title='bbox 1522 2174 1684 2208; x_wconf 80' lang='grc' dir='ltr'>δυνήσεται</span> <span class='ocrx_word' id='word_1_675' title='bbox 1696 2177 1712 2202; x_wconf 84' lang='grc' dir='ltr'><em>ὀ</em></span> <span class='ocrx_word' id='word_1_676' title='bbox 1723 2176 1796 2209; x_wconf 81' lang='grc' dir='ltr'>Θεὸς</span> <span class='ocrx_word' id='word_1_677' title='bbox 1808 2177 1883 2203; x_wconf 64' lang='lat' dir='ltr'><strong>erot-</strong></span> 
     </span>
    </p>
   </div>
   <div class='ocr_carea' id='block_1_85' title="bbox 247 2220 1043 2262">
    <p class='ocr_par' dir='ltr' id='par_1_85' title="bbox 247 2220 1042 2256">
     <span class='ocr_line' id='line_1_85' title="bbox 247 2220 1042 2256; baseline 0.003 -9"><span class='ocrx_word' id='word_1_678' title='bbox 247 2228 344 2256; x_wconf 65' lang='grc' dir='ltr'>ραν-ατε</span> <span class='ocrx_word' id='word_1_679' title='bbox 359 2228 475 2248; x_wconf 82' lang='lat' dir='ltr'><strong>mensam</strong></span> <span class='ocrx_word' id='word_1_680' title='bbox 488 2220 584 2255; x_wconf 87' lang='lat' dir='ltr'><strong>populo</strong></span> <span class='ocrx_word' id='word_1_681' title='bbox 599 2221 666 2248; x_wconf 79' lang='lat' dir='ltr'><strong>sua?</strong></span> <span class='ocrx_word' id='word_1_682' title='bbox 678 2220 741 2248; x_wconf 73' lang='lat' dir='ltr'><strong>Haec</strong></span> <span class='ocrx_word' id='word_1_683' title='bbox 768 2222 877 2256; x_wconf 84' lang='lat' dir='ltr'><strong>quidem</strong></span> <span class='ocrx_word' id='word_1_684' title='bbox 905 2222 933 2249; x_wconf 88' lang='lat' dir='ltr'><strong>iu</strong></span> <span class='ocrx_word' id='word_1_685' title='bbox 956 2222 1042 2249; x_wconf 78' lang='lat' dir='ltr'><strong>histo-</strong></span> 
     </span>
    </p>
   </div>
   <div class='ocr_carea' id='block_1_86' title="bbox 1094 2220 1883 2262">
    <p class='ocr_par' dir='ltr' id='par_1_86' title="bbox 1094 2220 1883 2262">
     <span class='ocr_line' id='line_1_86' title="bbox 1094 2220 1883 2262; baseline 0.004 -16"><span class='ocrx_word' id='word_1_686' title='bbox 1094 2220 1185 2262; x_wconf 68' lang='grc' dir='ltr'>μᾴσαι</span> <span class='ocrx_word' id='word_1_687' title='bbox 1198 2220 1345 2255; x_wconf 80' lang='grc' dir='ltr'>τράπεζαν</span> <span class='ocrx_word' id='word_1_688' title='bbox 1359 2221 1394 2247; x_wconf 84' lang='grc' dir='ltr'>ἐν</span> <span class='ocrx_word' id='word_1_689' title='bbox 1404 2220 1518 2255; x_wconf 54' lang='lat' dir='ltr'><strong>sprung;</strong></span> <span class='ocrx_word' id='word_1_690' title='bbox 1537 2221 1617 2248; x_wconf 80' lang='grc' dir='ltr'><strong>Ἐπεὶ</strong></span> <span class='ocrx_word' id='word_1_691' title='bbox 1630 2221 1759 2254; x_wconf 77' lang='grc' dir='ltr'>ἐπάταξε</span> <span class='ocrx_word' id='word_1_692' title='bbox 1772 2222 1883 2257; x_wconf 77' lang='grc' dir='ltr'>πέτραν</span> 
     </span>
    </p>
   </div>
   <div class='ocr_carea' id='block_1_87' title="bbox 247 2266 1039 2298">
    <p class='ocr_par' dir='ltr' id='par_1_87' title="bbox 247 2266 1039 2298">
     <span class='ocr_line' id='line_1_87' title="bbox 247 2266 1039 2298; baseline 0.003 -4"><span class='ocrx_word' id='word_1_693' title='bbox 247 2267 289 2294; x_wconf 83' lang='lat' dir='ltr'><strong>ria</strong></span> <span class='ocrx_word' id='word_1_694' title='bbox 317 2274 372 2295; x_wconf 88' lang='lat' dir='ltr'><strong>non</strong></span> <span class='ocrx_word' id='word_1_695' title='bbox 395 2266 538 2298; x_wconf 85' lang='lat' dir='ltr'><strong>feruntur,</strong></span> <span class='ocrx_word' id='word_1_696' title='bbox 555 2267 603 2295; x_wconf 90' lang='lat' dir='ltr'><strong>sed</strong></span> <span class='ocrx_word' id='word_1_697' title='bbox 624 2267 668 2294; x_wconf 85' lang='lat' dir='ltr'><strong>hic</strong></span> <span class='ocrx_word' id='word_1_698' title='bbox 686 2267 848 2295; x_wconf 81' lang='lat' dir='ltr'><strong>observatur</strong></span> <span class='ocrx_word' id='word_1_699' title='bbox 873 2276 921 2296; x_wconf 91' lang='lat' dir='ltr'><strong>eos</strong></span> <span class='ocrx_word' id='word_1_700' title='bbox 944 2269 1039 2297; x_wconf 71' lang='lat' dir='ltr'><strong>istliaac</strong></span> 
     </span>
    </p>
   </div>
   <div class='ocr_carea' id='block_1_88' title="bbox 246 2314 1039 2350">
    <p class='ocr_par' dir='ltr' id='par_1_88' title="bbox 246 2314 1039 2350">
     <span class='ocr_line' id='line_1_88' title="bbox 246 2314 1039 2350; baseline 0.003 -8"><span class='ocrx_word' id='word_1_701' title='bbox 246 2315 392 2350; x_wconf 51' lang='lat' dir='ltr'><strong>cogitassm</strong></span> <span class='ocrx_word' id='word_1_702' title='bbox 425 2314 610 2345; x_wconf 79' lang='lat' dir='ltr'><strong>Tentaverunl,</strong></span> <span class='ocrx_word' id='word_1_703' title='bbox 635 2315 734 2350; x_wconf 88' lang='lat' dir='ltr'><strong>inquit,</strong></span> <span class='ocrx_word' id='word_1_704' title='bbox 758 2314 843 2343; x_wconf 90' lang='lat' dir='ltr'><strong>Deum</strong></span> <span class='ocrx_word' id='word_1_705' title='bbox 865 2315 893 2342; x_wconf 85' lang='lat' dir='ltr'><strong>in</strong></span> <span class='ocrx_word' id='word_1_706' title='bbox 915 2315 1039 2345; x_wconf 81' lang='lat' dir='ltr'><strong>cordibus</strong></span> 
     </span>
    </p>
   </div>
   <div class='ocr_carea' id='block_1_89' title="bbox 244 2359 1039 2394">
    <p class='ocr_par' dir='ltr' id='par_1_89' title="bbox 244 2359 1039 2394">
     <span class='ocr_line' id='line_1_89' title="bbox 244 2359 1039 2394; baseline 0.003 -7"><span class='ocrx_word' id='word_1_707' title='bbox 244 2361 312 2393; x_wconf 82' lang='lat' dir='ltr'><strong>suis,</strong></span> <span class='ocrx_word' id='word_1_708' title='bbox 325 2364 364 2393; x_wconf 89' lang='lat' dir='ltr'><strong>et,</strong></span> <span class='ocrx_word' id='word_1_709' title='bbox 386 2359 459 2387; x_wconf 80' lang='lat' dir='ltr'><strong>Male</strong></span> <span class='ocrx_word' id='word_1_710' title='bbox 483 2360 567 2387; x_wconf 81' lang='lat' dir='ltr'><strong>loculi</strong></span> <span class='ocrx_word' id='word_1_711' title='bbox 581 2365 642 2387; x_wconf 87' lang='lat' dir='ltr'><strong>sunt</strong></span> <span class='ocrx_word' id='word_1_712' title='bbox 667 2360 699 2388; x_wconf 87' lang='lat' dir='ltr'><strong>de</strong></span> <span class='ocrx_word' id='word_1_713' title='bbox 720 2360 783 2388; x_wconf 85' lang='lat' dir='ltr'><strong>Deo.</strong></span> <span class='ocrx_word' id='word_1_714' title='bbox 800 2360 942 2394; x_wconf 81' lang='lat' dir='ltr'><strong>Quomodo</strong></span> <span class='ocrx_word' id='word_1_715' title='bbox 968 2361 1039 2389; x_wconf 88' lang='lat' dir='ltr'><strong>male</strong></span> 
     </span>
    </p>
   </div>
   <div class='ocr_carea' id='block_1_90' title="bbox 244 2405 1036 2442">
    <p class='ocr_par' dir='ltr' id='par_1_90' title="bbox 244 2405 1036 2442">
     <span class='ocr_line' id='line_1_90' title="bbox 244 2405 1036 2442; baseline 0 -8"><span class='ocrx_word' id='word_1_716' title='bbox 244 2405 330 2434; x_wconf 86' lang='lat' dir='ltr'><strong>loculi</strong></span> <span class='ocrx_word' id='word_1_717' title='bbox 349 2410 425 2438; x_wconf 89' lang='lat' dir='ltr'><strong>sunt,</strong></span> <span class='ocrx_word' id='word_1_718' title='bbox 440 2406 494 2434; x_wconf 90' lang='lat' dir='ltr'><strong>nisi</strong></span> <span class='ocrx_word' id='word_1_719' title='bbox 510 2406 568 2434; x_wconf 69' lang='lat' dir='ltr'><strong>haec</strong></span> <span class='ocrx_word' id='word_1_720' title='bbox 583 2406 740 2442; x_wconf 82' lang='lat' dir='ltr'><strong>cogitando,</strong></span> <span class='ocrx_word' id='word_1_721' title='bbox 755 2407 806 2434; x_wconf 84' lang='lat' dir='ltr'><strong>etsi</strong></span> <span class='ocrx_word' id='word_1_722' title='bbox 823 2407 850 2434; x_wconf 90' lang='lat' dir='ltr'><strong>id</strong></span> <span class='ocrx_word' id='word_1_723' title='bbox 866 2407 977 2435; x_wconf 89' lang='lat' dir='ltr'><strong>minime</strong></span> <span class='ocrx_word' id='word_1_724' title='bbox 996 2407 1036 2435; x_wconf 84' lang='lat' dir='ltr'><strong>la-</strong></span> 
     </span>
    </p>
   </div>
   <div class='ocr_carea' id='block_1_91' title="bbox 243 2451 1038 2489">
    <p class='ocr_par' dir='ltr' id='par_1_91' title="bbox 243 2451 1038 2489">
     <span class='ocr_line' id='line_1_91' title="bbox 243 2451 1038 2489; baseline 0.001 -10"><span class='ocrx_word' id='word_1_725' title='bbox 243 2451 299 2480; x_wconf 86' lang='lat' dir='ltr'><strong>biis</strong></span> <span class='ocrx_word' id='word_1_726' title='bbox 323 2453 498 2487; x_wconf 85' lang='lat' dir='ltr'><strong>protulerint,</strong></span> <span class='ocrx_word' id='word_1_727' title='bbox 523 2453 571 2481; x_wconf 82' lang='lat' dir='ltr'><strong>sed</strong></span> <span class='ocrx_word' id='word_1_728' title='bbox 599 2458 689 2481; x_wconf 88' lang='lat' dir='ltr'><strong>mente</strong></span> <span class='ocrx_word' id='word_1_729' title='bbox 711 2453 888 2485; x_wconf 84' lang='lat' dir='ltr'><strong>revolverint,</strong></span> <span class='ocrx_word' id='word_1_730' title='bbox 910 2462 970 2489; x_wconf 73' lang='lat' dir='ltr'><strong>qua:</strong></span> <span class='ocrx_word' id='word_1_731' title='bbox 993 2454 1038 2481; x_wconf 86' lang='lat' dir='ltr'><strong>ille</strong></span> 
     </span>
    </p>
   </div>
   <div class='ocr_carea' id='block_1_92' title="bbox 244 2497 1038 2536">
    <p class='ocr_par' dir='ltr' id='par_1_92' title="bbox 244 2497 1038 2536">
     <span class='ocr_line' id='line_1_92' title="bbox 244 2497 1038 2536; baseline 0.004 -11"><span class='ocrx_word' id='word_1_732' title='bbox 244 2497 368 2525; x_wconf 88' lang='lat' dir='ltr'><strong>cordium</strong></span> <span class='ocrx_word' id='word_1_733' title='bbox 383 2500 506 2535; x_wconf 76' lang='lat' dir='ltr'><strong>cognitor</strong></span> <span class='ocrx_word' id='word_1_734' title='bbox 525 2500 594 2527; x_wconf 87' lang='lat' dir='ltr'><strong>bene</strong></span> <span class='ocrx_word' id='word_1_735' title='bbox 614 2500 690 2527; x_wconf 88' lang='lat' dir='ltr'><strong>novit</strong></span> <span class='ocrx_word' id='word_1_736' title='bbox 707 2501 884 2536; x_wconf 84' lang='lat' dir='ltr'><strong>audivitque?</strong></span> <span class='ocrx_word' id='word_1_737' title='bbox 898 2500 1038 2534; x_wconf 82' lang='lat' dir='ltr'><strong>Quamob-</strong></span> 
     </span>
    </p>
   </div>
   <div class='ocr_carea' id='block_1_93' title="bbox 243 2544 1040 2576">
    <p class='ocr_par' dir='ltr' id='par_1_93' title="bbox 243 2544 1040 2576">
     <span class='ocr_line' id='line_1_93' title="bbox 243 2544 1040 2576; baseline 0.005 -5"><span class='ocrx_word' id='word_1_738' title='bbox 243 2551 302 2572; x_wconf 85' lang='lat' dir='ltr'><strong>rem</strong></span> <span class='ocrx_word' id='word_1_739' title='bbox 320 2544 421 2571; x_wconf 88' lang='lat' dir='ltr'><strong>dicitur</strong></span> <span class='ocrx_word' id='word_1_740' title='bbox 443 2555 497 2572; x_wconf 76' lang='grc' dir='ltr'><strong>ε--</strong></span> <span class='ocrx_word' id='word_1_741' title='bbox 514 2546 596 2575; x_wconf 69' lang='lat' dir='ltr'><strong>Vens.</strong></span> <span class='ocrx_word' id='word_1_742' title='bbox 611 2547 656 2576; x_wconf 75' lang='grc'><strong>21.</strong></span> <span class='ocrx_word' id='word_1_743' title='bbox 672 2547 780 2576; x_wconf 78' lang='lat' dir='ltr'><strong>Audiuit</strong></span> <span class='ocrx_word' id='word_1_744' title='bbox 795 2548 924 2575; x_wconf 87' lang='lat' dir='ltr'><strong>Dominus</strong></span> <span class='ocrx_word' id='word_1_745' title='bbox 944 2553 969 2575; x_wconf 85' lang='lat' dir='ltr'><strong>el</strong></span> <span class='ocrx_word' id='word_1_746' title='bbox 984 2547 1040 2575; x_wconf 83' lang='lat' dir='ltr'><strong>dis-</strong></span> 
     </span>
    </p>
   </div>
   <div class='ocr_carea' id='block_1_94' title="bbox 244 2583 1039 2628">
    <p class='ocr_par' dir='ltr' id='par_1_94' title="bbox 244 2583 1039 2628">
     <span class='ocr_line' id='line_1_94' title="bbox 244 2583 1039 2628; baseline 0.006 -13"><span class='ocrx_word' id='word_1_747' title='bbox 244 2589 317 2616; x_wconf 78' lang='lat' dir='ltr'><strong>tulit.</strong></span> <span class='ocrx_word' id='word_1_748' title='bbox 338 2588 391 2616; x_wconf 81' lang='lat' dir='ltr'><strong>Pro</strong></span> <span class='ocrx_word' id='word_1_749' title='bbox 419 2598 474 2625; x_wconf 90' lang='lat' dir='ltr'><strong>quo</strong></span> <span class='ocrx_word' id='word_1_750' title='bbox 498 2591 605 2626; x_wconf 80' lang='lat' dir='ltr'><strong>Aquila,</strong></span> <span class='ocrx_word' id='word_1_751' title='bbox 620 2596 644 2619; x_wconf 86' lang='lat' dir='ltr'><strong>et</strong></span> <span class='ocrx_word' id='word_1_752' title='bbox 663 2600 716 2619; x_wconf 87' lang='lat' dir='ltr'><strong>non</strong></span> <span class='ocrx_word' id='word_1_753' title='bbox 731 2593 886 2627; x_wconf 82' lang='lat' dir='ltr'><strong>supersedit,</strong></span> <span class='ocrx_word' id='word_1_754' title='bbox 903 2583 1039 2628; x_wconf 78' lang='lat' dir='ltr'><strong>interpre-</strong></span> 
     </span>
    </p>
   </div>
   <div class='ocr_carea' id='block_1_95' title="bbox 243 2636 1035 2675">
    <p class='ocr_par' dir='ltr' id='par_1_95' title="bbox 243 2636 1035 2675">
     <span class='ocr_line' id='line_1_95' title="bbox 243 2636 1035 2675; baseline 0.003 -12"><span class='ocrx_word' id='word_1_755' title='bbox 243 2639 318 2663; x_wconf 82' lang='lat' dir='ltr'><strong>tatus</strong></span> <span class='ocrx_word' id='word_1_756' title='bbox 334 2639 387 2668; x_wconf 86' lang='lat' dir='ltr'><strong>est,</strong></span> <span class='ocrx_word' id='word_1_757' title='bbox 412 2636 439 2664; x_wconf 91' lang='lat' dir='ltr'><strong>id</strong></span> <span class='ocrx_word' id='word_1_758' title='bbox 464 2641 517 2670; x_wconf 87' lang='lat' dir='ltr'><strong>est,</strong></span> <span class='ocrx_word' id='word_1_759' title='bbox 532 2646 587 2665; x_wconf 87' lang='lat' dir='ltr'><strong>non</strong></span> <span class='ocrx_word' id='word_1_760' title='bbox 608 2639 735 2672; x_wconf 85' lang='lat' dir='ltr'><strong>distulit;</strong></span> <span class='ocrx_word' id='word_1_761' title='bbox 763 2639 943 2675; x_wconf 82' lang='lat' dir='ltr'><strong>Symmachus</strong></span> <span class='ocrx_word' id='word_1_762' title='bbox 960 2646 1035 2672; x_wconf 83' lang='lat' dir='ltr'><strong>vero,</strong></span> 
     </span>
    </p>
   </div>
   <div class='ocr_carea' id='block_1_96' title="bbox 242 2682 1037 2719">
    <p class='ocr_par' dir='ltr' id='par_1_96' title="bbox 242 2682 1037 2719">
     <span class='ocr_line' id='line_1_96' title="bbox 242 2682 1037 2719; baseline 0.003 -10"><span class='ocrx_word' id='word_1_763' title='bbox 242 2687 268 2710; x_wconf 74' lang='lat' dir='ltr'><strong>at</strong></span> <span class='ocrx_word' id='word_1_764' title='bbox 292 2683 378 2709; x_wconf 82' lang='lat' dir='ltr'><strong>iratus</strong></span> <span class='ocrx_word' id='word_1_765' title='bbox 393 2686 443 2710; x_wconf 80' lang='lat' dir='ltr'><strong>est.</strong></span> <span class='ocrx_word' id='word_1_766' title='bbox 463 2682 564 2712; x_wconf 90' lang='lat' dir='ltr'><strong>Deinde</strong></span> <span class='ocrx_word' id='word_1_767' title='bbox 581 2683 630 2717; x_wconf 85' lang='lat' dir='ltr'><strong>ait,</strong></span> <span class='ocrx_word' id='word_1_768' title='bbox 661 2684 695 2712; x_wconf 88' lang='lat' dir='ltr'><strong>El</strong></span> <span class='ocrx_word' id='word_1_769' title='bbox 718 2685 786 2719; x_wconf 85' lang='lat' dir='ltr'><strong>ignis</strong></span> <span class='ocrx_word' id='word_1_770' title='bbox 803 2693 928 2712; x_wconf 81' lang='lat' dir='ltr'><strong>accensus</strong></span> <span class='ocrx_word' id='word_1_771' title='bbox 948 2689 986 2711; x_wconf 88' lang='lat' dir='ltr'><strong>est</strong></span> <span class='ocrx_word' id='word_1_772' title='bbox 1009 2685 1037 2711; x_wconf 82' lang='lat' dir='ltr'><strong>iu</strong></span> 
     </span>
    </p>
   </div>
   <div class='ocr_carea' id='block_1_97' title="bbox 241 2728 1037 2766">
    <p class='ocr_par' dir='ltr' id='par_1_97' title="bbox 241 2728 1037 2766">
     <span class='ocr_line' id='line_1_97' title="bbox 241 2728 1037 2766; baseline 0.003 -11"><span class='ocrx_word' id='word_1_773' title='bbox 241 2728 338 2762; x_wconf 82' lang='lat' dir='ltr'><strong>Jacob,</strong></span> <span class='ocrx_word' id='word_1_774' title='bbox 352 2733 377 2756; x_wconf 86' lang='lat' dir='ltr'><strong>et</strong></span> <span class='ocrx_word' id='word_1_775' title='bbox 391 2729 432 2756; x_wconf 88' lang='lat' dir='ltr'><strong>ira</strong></span> <span class='ocrx_word' id='word_1_776' title='bbox 444 2729 563 2758; x_wconf 81' lang='lat' dir='ltr'><strong>ascendit</strong></span> <span class='ocrx_word' id='word_1_777' title='bbox 580 2730 606 2757; x_wconf 88' lang='lat' dir='ltr'><strong>in</strong></span> <span class='ocrx_word' id='word_1_778' title='bbox 626 2730 723 2758; x_wconf 80' lang='lat' dir='ltr'><strong>Israel.</strong></span> <span class='ocrx_word' id='word_1_779' title='bbox 738 2731 815 2765; x_wconf 79' lang='lat' dir='ltr'><strong>Apud</strong></span> <span class='ocrx_word' id='word_1_780' title='bbox 834 2731 952 2766; x_wconf 85' lang='lat' dir='ltr'><strong>Moysem</strong></span> <span class='ocrx_word' id='word_1_781' title='bbox 967 2738 1037 2766; x_wconf 86' lang='lat' dir='ltr'><strong>quo-</strong></span> 
     </span>
    </p>
   </div>
   <div class='ocr_carea' id='block_1_98' title="bbox 242 2771 1037 2810">
    <p class='ocr_par' dir='ltr' id='par_1_98' title="bbox 242 2771 1037 2810">
     <span class='ocr_line' id='line_1_98' title="bbox 242 2771 1037 2810; baseline 0.004 -9"><span class='ocrx_word' id='word_1_782' title='bbox 242 2782 297 2809; x_wconf 80' lang='lat' dir='ltr'><strong>que</strong></span> <span class='ocrx_word' id='word_1_783' title='bbox 313 2775 444 2803; x_wconf 81' lang='lat' dir='ltr'><strong>scribitur</strong></span> <span class='ocrx_word' id='word_1_784' title='bbox 458 2775 498 2803; x_wconf 76' lang='grc' dir='ltr'><strong>ὀε</strong></span> <span class='ocrx_word' id='word_1_785' title='bbox 513 2771 548 2801; x_wconf 85' lang='grc' dir='ltr'><strong>Ει</strong></span> <span class='ocrx_word' id='word_1_786' title='bbox 561 2780 618 2802; x_wconf 78' lang='lat' dir='ltr'><strong>erat</strong></span> <span class='ocrx_word' id='word_1_787' title='bbox 632 2777 743 2810; x_wconf 79' lang='lat' dir='ltr'><strong>populus</strong></span> <span class='ocrx_word' id='word_1_788' title='bbox 757 2785 926 2804; x_wconf 88' lang='lat' dir='ltr'><strong>murmurans</strong></span> <span class='ocrx_word' id='word_1_789' title='bbox 943 2782 1037 2804; x_wconf 85' lang='lat' dir='ltr'><strong>contra</strong></span> 
     </span>
    </p>
   </div>
   <div class='ocr_carea' id='block_1_99' title="bbox 243 2820 1036 2852">
    <p class='ocr_par' dir='ltr' id='par_1_99' title="bbox 243 2820 1036 2852">
     <span class='ocr_line' id='line_1_99' title="bbox 243 2820 1036 2852; baseline 0.001 -4"><span class='ocrx_word' id='word_1_790' title='bbox 243 2820 397 2852; x_wconf 84' lang='lat' dir='ltr'><strong>Dominum,</strong></span> <span class='ocrx_word' id='word_1_791' title='bbox 415 2825 440 2848; x_wconf 87' lang='lat' dir='ltr'><strong>et</strong></span> <span class='ocrx_word' id='word_1_792' title='bbox 462 2820 562 2848; x_wconf 83' lang='lat' dir='ltr'><strong>audivit</strong></span> <span class='ocrx_word' id='word_1_793' title='bbox 584 2821 714 2848; x_wconf 86' lang='lat' dir='ltr'><strong>Dominus</strong></span> <span class='ocrx_word' id='word_1_794' title='bbox 729 2827 754 2849; x_wconf 90' lang='lat' dir='ltr'><strong>et</strong></span> <span class='ocrx_word' id='word_1_795' title='bbox 775 2823 860 2849; x_wconf 86' lang='lat' dir='ltr'><strong>iratus</strong></span> <span class='ocrx_word' id='word_1_796' title='bbox 875 2827 934 2850; x_wconf 86' lang='lat' dir='ltr'><strong>est:</strong></span> <span class='ocrx_word' id='word_1_797' title='bbox 958 2828 982 2849; x_wconf 89' lang='lat' dir='ltr'><strong>et</strong></span> <span class='ocrx_word' id='word_1_798' title='bbox 998 2824 1036 2849; x_wconf 87' lang='lat' dir='ltr'><strong>in-</strong></span> 
     </span>
    </p>
   </div>
   <div class='ocr_carea' id='block_1_100' title="bbox 239 2866 1034 2902">
    <p class='ocr_par' dir='ltr' id='par_1_100' title="bbox 239 2866 1034 2902">
     <span class='ocr_line' id='line_1_100' title="bbox 239 2866 1034 2902; baseline 0 -8"><span class='ocrx_word' id='word_1_799' title='bbox 239 2873 333 2894; x_wconf 75' lang='lat' dir='ltr'><strong>census</strong></span> <span class='ocrx_word' id='word_1_800' title='bbox 347 2870 386 2894; x_wconf 83' lang='lat' dir='ltr'><strong>est</strong></span> <span class='ocrx_word' id='word_1_801' title='bbox 399 2867 427 2893; x_wconf 85' lang='lat' dir='ltr'><strong>in</strong></span> <span class='ocrx_word' id='word_1_802' title='bbox 441 2867 479 2893; x_wconf 77' lang='lat' dir='ltr'><strong>eis</strong></span> <span class='ocrx_word' id='word_1_803' title='bbox 497 2867 563 2902; x_wconf 85' lang='lat' dir='ltr'><strong>ignis</strong></span> <span class='ocrx_word' id='word_1_804' title='bbox 577 2876 597 2894; x_wconf 83' lang='grc' dir='ltr'><strong>α</strong></span> <span class='ocrx_word' id='word_1_805' title='bbox 608 2866 732 2901; x_wconf 87' lang='lat' dir='ltr'><strong>Domino,</strong></span> <span class='ocrx_word' id='word_1_806' title='bbox 749 2873 774 2895; x_wconf 87' lang='lat' dir='ltr'><strong>et</strong></span> <span class='ocrx_word' id='word_1_807' title='bbox 787 2867 920 2895; x_wconf 77' lang='lat' dir='ltr'><strong>deuorauit</strong></span> <span class='ocrx_word' id='word_1_808' title='bbox 931 2872 1034 2902; x_wconf 84' lang='lat' dir='ltr'><strong>partem</strong></span> 
     </span>
    </p>
   </div>
   <div class='ocr_carea' id='block_1_101' title="bbox 235 2923 1064 2959">
    <p class='ocr_par' dir='ltr' id='par_1_101' title="bbox 235 2923 1064 2959">
     <span class='ocr_line' id='line_1_101' title="bbox 235 2923 1064 2959; baseline 0 -5"><span class='ocrx_word' id='word_1_809' title='bbox 235 2950 239 2958; x_wconf 88' lang='lat'><strong>,</strong></span> <span class='ocrx_word' id='word_1_810' title='bbox 278 2923 299 2942; x_wconf 84' lang='lat'>“</span> <span class='ocrx_word' id='word_1_811' title='bbox 316 2924 402 2955; x_wconf 79' lang='lat' dir='ltr'><strong>Exod.</strong></span> <span class='ocrx_word' id='word_1_812' title='bbox 415 2933 483 2959; x_wconf 80' lang='lat' dir='ltr'><strong>xv“,</strong></span> <span class='ocrx_word' id='word_1_813' title='bbox 498 2925 524 2953; x_wconf 90' lang='lat'><strong>7.</strong></span> <span class='ocrx_word' id='word_1_814' title='bbox 565 2926 585 2942; x_wconf 88' lang='lat'><strong>&quot;</strong></span> <span class='ocrx_word' id='word_1_815' title='bbox 601 2924 688 2954; x_wconf 74' lang='lat' dir='ltr'><strong>Exod.</strong></span> <span class='ocrx_word' id='word_1_816' title='bbox 703 2933 758 2959; x_wconf 71' lang='lat' dir='ltr'><strong>3m,</strong></span> <span class='ocrx_word' id='word_1_817' title='bbox 774 2925 803 2959; x_wconf 71' lang='grc'>2,</span> <span class='ocrx_word' id='word_1_818' title='bbox 818 2926 844 2954; x_wconf 79' lang='grc'>5.</span> <span class='ocrx_word' id='word_1_819' title='bbox 886 2926 908 2942; x_wconf 81' lang='grc'><strong>¹³</strong></span> <span class='ocrx_word' id='word_1_820' title='bbox 922 2926 987 2954; x_wconf 88' lang='lat' dir='ltr'><strong>ibid.</strong></span> <span class='ocrx_word' id='word_1_821' title='bbox 1003 2926 1064 2958; x_wconf 79' lang='lat'><strong>7.9.</strong></span> 
     </span>
    </p>
   </div>
   <div class='ocr_carea' id='block_1_102' title="bbox 1091 2266 1881 2303">
    <p class='ocr_par' dir='ltr' id='par_1_102' title="bbox 1091 2266 1881 2303">
     <span class='ocr_line' id='line_1_102' title="bbox 1091 2266 1881 2303; baseline 0.005 -11"><span class='ocrx_word' id='word_1_822' title='bbox 1091 2266 1141 2293; x_wconf 80' lang='grc' dir='ltr'><strong>καὶ</strong></span> <span class='ocrx_word' id='word_1_823' title='bbox 1154 2267 1308 2301; x_wconf 70' lang='grc' dir='ltr'>ἐρρύησαν</span> <span class='ocrx_word' id='word_1_824' title='bbox 1321 2266 1425 2299; x_wconf 78' lang='grc' dir='ltr'>ὕδατα,</span> <span class='ocrx_word' id='word_1_825' title='bbox 1446 2266 1495 2293; x_wconf 77' lang='grc' dir='ltr'><strong>καὶ</strong></span> <span class='ocrx_word' id='word_1_826' title='bbox 1506 2268 1659 2302; x_wconf 68' lang='grc' dir='ltr'>χείμαρροι</span> <span class='ocrx_word' id='word_1_827' title='bbox 1676 2270 1881 2303; x_wconf 54' lang='lat' dir='ltr'><strong>narem/1130011-</strong></span> 
     </span>
    </p>
   </div>
   <div class='ocr_carea' id='block_1_103' title="bbox 1090 2312 1881 2350">
    <p class='ocr_par' dir='ltr' id='par_1_103' title="bbox 1090 2312 1881 2350">
     <span class='ocr_line' id='line_1_103' title="bbox 1090 2312 1881 2350; baseline 0.005 -12"><span class='ocrx_word' id='word_1_828' title='bbox 1090 2319 1167 2338; x_wconf 84' lang='grc' dir='ltr'>σαν·</span> <span class='ocrx_word' id='word_1_829' title='bbox 1179 2312 1221 2347; x_wconf 78' lang='grc' dir='ltr'>μὴ</span> <span class='ocrx_word' id='word_1_830' title='bbox 1246 2312 1295 2339; x_wconf 76' lang='grc' dir='ltr'><strong>καὶ</strong></span> <span class='ocrx_word' id='word_1_831' title='bbox 1314 2313 1407 2346; x_wconf 77' lang='grc' dir='ltr'>ἄρτον</span> <span class='ocrx_word' id='word_1_832' title='bbox 1430 2312 1555 2339; x_wconf 82' lang='grc' dir='ltr'>δύναται</span> <span class='ocrx_word' id='word_1_833' title='bbox 1567 2314 1710 2349; x_wconf 78' lang='grc' dir='ltr'>δοῦναι,ἣ</span> <span class='ocrx_word' id='word_1_834' title='bbox 1727 2315 1881 2350; x_wconf 83' lang='grc' dir='ltr'>ἑτοιμάσαι</span> 
     </span>
    </p>
   </div>
   <div class='ocr_carea' id='block_1_104' title="bbox 1090 2357 1919 2398">
    <p class='ocr_par' dir='ltr' id='par_1_104' title="bbox 1090 2357 1919 2398">
     <span class='ocr_line' id='line_1_104' title="bbox 1090 2357 1919 2398; baseline 0.006 -14"><span class='ocrx_word' id='word_1_835' title='bbox 1090 2357 1236 2391; x_wconf 79' lang='grc' dir='ltr'>τράπεζαν</span> <span class='ocrx_word' id='word_1_836' title='bbox 1244 2358 1284 2391; x_wconf 84' lang='grc' dir='ltr'>τῷ</span> <span class='ocrx_word' id='word_1_837' title='bbox 1299 2358 1360 2391; x_wconf 85' lang='grc' dir='ltr'><strong>λαῷ</strong></span> <span class='ocrx_word' id='word_1_838' title='bbox 1381 2359 1486 2391; x_wconf 60' lang='lat' dir='ltr'><strong>uorat};</strong></span> <span class='ocrx_word' id='word_1_839' title='bbox 1503 2360 1547 2386; x_wconf 90' lang='grc' dir='ltr'><strong>Ἐν</strong></span> <span class='ocrx_word' id='word_1_840' title='bbox 1557 2360 1606 2395; x_wconf 86' lang='grc' dir='ltr'>μὲν</span> <span class='ocrx_word' id='word_1_841' title='bbox 1618 2358 1664 2387; x_wconf 83' lang='grc' dir='ltr'>οὖν</span> <span class='ocrx_word' id='word_1_842' title='bbox 1679 2362 1712 2396; x_wconf 85' lang='grc' dir='ltr'><strong>τῇ</strong></span> <span class='ocrx_word' id='word_1_843' title='bbox 1731 2361 1838 2398; x_wconf 79' lang='grc' dir='ltr'>ἱστορίᾳ</span> <span class='ocrx_word' id='word_1_844' title='bbox 1851 2363 1880 2389; x_wconf 81' lang='grc' dir='ltr'>οὐ</span> <span class='ocrx_word' id='word_1_845' title='bbox 1913 2361 1919 2373; x_wconf 85' lang='lat'><strong>&#39;</strong></span> 
     </span>
    </p>
   </div>
   <div class='ocr_carea' id='block_1_105' title="bbox 1091 2404 1881 2443">
    <p class='ocr_par' dir='ltr' id='par_1_105' title="bbox 1091 2404 1881 2443">
     <span class='ocr_line' id='line_1_105' title="bbox 1091 2404 1881 2443; baseline 0.006 -13"><span class='ocrx_word' id='word_1_846' title='bbox 1091 2404 1203 2440; x_wconf 70' lang='grc' dir='ltr'>φέρεται</span> <span class='ocrx_word' id='word_1_847' title='bbox 1217 2406 1303 2432; x_wconf 83' lang='grc' dir='ltr'>ταῦτα</span> <span class='ocrx_word' id='word_1_848' title='bbox 1316 2413 1322 2421; x_wconf 88' lang='lat'>&#39;</span> <span class='ocrx_word' id='word_1_849' title='bbox 1336 2405 1452 2431; x_wconf 81' lang='grc' dir='ltr'>ἐνταῦθα</span> <span class='ocrx_word' id='word_1_850' title='bbox 1468 2405 1497 2432; x_wconf 80' lang='grc' dir='ltr'>δὲ</span> <span class='ocrx_word' id='word_1_851' title='bbox 1509 2407 1666 2442; x_wconf 80' lang='grc' dir='ltr'>τετήρηται,</span> <span class='ocrx_word' id='word_1_852' title='bbox 1681 2407 1717 2439; x_wconf 82' lang='grc' dir='ltr'>ὡς</span> <span class='ocrx_word' id='word_1_853' title='bbox 1729 2407 1782 2443; x_wconf 83' lang='grc' dir='ltr'>ἄρα</span> <span class='ocrx_word' id='word_1_854' title='bbox 1795 2409 1881 2435; x_wconf 79' lang='grc' dir='ltr'>ταῦτα</span> 
     </span>
    </p>
   </div>
   <div class='ocr_carea' id='block_1_106' title="bbox 1088 2449 1881 2486">
    <p class='ocr_par' dir='ltr' id='par_1_106' title="bbox 1088 2449 1881 2486">
     <span class='ocr_line' id='line_1_106' title="bbox 1088 2449 1881 2486; baseline 0.004 -10"><span class='ocrx_word' id='word_1_855' title='bbox 1088 2450 1265 2485; x_wconf 77' lang='grc' dir='ltr'>διενοήθησαν</span> <span class='ocrx_word' id='word_1_856' title='bbox 1277 2457 1284 2464; x_wconf 87' lang='grc'><strong>”</strong></span> <span class='ocrx_word' id='word_1_857' title='bbox 1304 2449 1526 2483; x_wconf 76' lang='grc' dir='ltr'>Ἑξεπείρασαν,</span> <span class='ocrx_word' id='word_1_858' title='bbox 1542 2450 1595 2486; x_wconf 83' lang='grc' dir='ltr'>γάρ</span> <span class='ocrx_word' id='word_1_859' title='bbox 1604 2459 1680 2486; x_wconf 81' lang='grc' dir='ltr'>φησι,</span> <span class='ocrx_word' id='word_1_860' title='bbox 1693 2451 1746 2477; x_wconf 83' lang='grc' dir='ltr'><strong>τὸν</strong></span> <span class='ocrx_word' id='word_1_861' title='bbox 1762 2452 1838 2479; x_wconf 78' lang='grc' dir='ltr'>Θεὸν</span> <span class='ocrx_word' id='word_1_862' title='bbox 1847 2453 1881 2479; x_wconf 81' lang='grc' dir='ltr'>ἐν</span> 
     </span>
    </p>
   </div>
   <div class='ocr_carea' id='block_1_107' title="bbox 1089 2494 1878 2530">
    <p class='ocr_par' dir='ltr' id='par_1_107' title="bbox 1089 2494 1878 2530">
     <span class='ocr_line' id='line_1_107' title="bbox 1089 2494 1878 2530; baseline 0.001 -8"><span class='ocrx_word' id='word_1_863' title='bbox 1089 2496 1224 2529; x_wconf 78' lang='grc' dir='ltr'>καρδίαις</span> <span class='ocrx_word' id='word_1_864' title='bbox 1245 2494 1360 2527; x_wconf 81' lang='grc' dir='ltr'>αὐτῶν,</span> <span class='ocrx_word' id='word_1_865' title='bbox 1383 2496 1440 2526; x_wconf 72' lang='grc' dir='ltr'>καὶ,</span> <span class='ocrx_word' id='word_1_866' title='bbox 1473 2496 1693 2530; x_wconf 75' lang='grc' dir='ltr'>Κατελάλησαν</span> <span class='ocrx_word' id='word_1_867' title='bbox 1713 2496 1766 2523; x_wconf 86' lang='grc' dir='ltr'>τοῦ</span> <span class='ocrx_word' id='word_1_868' title='bbox 1794 2497 1878 2524; x_wconf 84' lang='grc' dir='ltr'>Θεοῦ.</span> 
     </span>
    </p>
   </div>
   <div class='ocr_carea' id='block_1_108' title="bbox 1088 2542 1878 2579">
    <p class='ocr_par' dir='ltr' id='par_1_108' title="bbox 1088 2542 1878 2579">
     <span class='ocr_line' id='line_1_108' title="bbox 1088 2542 1878 2579; baseline 0.003 -11"><span class='ocrx_word' id='word_1_869' title='bbox 1088 2542 1150 2574; x_wconf 86' lang='grc' dir='ltr'><strong>Πῶς</strong></span> <span class='ocrx_word' id='word_1_870' title='bbox 1161 2542 1190 2569; x_wconf 80' lang='grc' dir='ltr'>δὲ</span> <span class='ocrx_word' id='word_1_871' title='bbox 1207 2542 1394 2579; x_wconf 77' lang='grc' dir='ltr'>κατελάλησαν</span> <span class='ocrx_word' id='word_1_872' title='bbox 1414 2542 1430 2578; x_wconf 81' lang='grc' dir='ltr'>ἢ</span> <span class='ocrx_word' id='word_1_873' title='bbox 1451 2543 1512 2569; x_wconf 85' lang='grc' dir='ltr'>τάδε</span> <span class='ocrx_word' id='word_1_874' title='bbox 1527 2543 1722 2579; x_wconf 85' lang='grc' dir='ltr'>διανοηθέντες,</span> <span class='ocrx_word' id='word_1_875' title='bbox 1741 2545 1766 2570; x_wconf 75' lang='grc' dir='ltr'>ει</span> <span class='ocrx_word' id='word_1_876' title='bbox 1781 2544 1829 2570; x_wconf 75' lang='grc' dir='ltr'>καὶ</span> <span class='ocrx_word' id='word_1_877' title='bbox 1842 2544 1878 2579; x_wconf 82' lang='grc' dir='ltr'>μὴ</span> 
     </span>
    </p>
   </div>
   <div class='ocr_carea' id='block_1_109' title="bbox 1087 2587 1877 2624">
    <p class='ocr_par' dir='ltr' id='par_1_109' title="bbox 1087 2587 1877 2624">
     <span class='ocr_line' id='line_1_109' title="bbox 1087 2587 1877 2624; baseline 0.003 -11"><span class='ocrx_word' id='word_1_878' title='bbox 1087 2587 1188 2622; x_wconf 77' lang='grc' dir='ltr'>χείλεσι</span> <span class='ocrx_word' id='word_1_879' title='bbox 1211 2587 1403 2623; x_wconf 80' lang='grc' dir='ltr'>φθεγξάμενοι,</span> <span class='ocrx_word' id='word_1_880' title='bbox 1420 2588 1488 2615; x_wconf 83' lang='grc' dir='ltr'><strong>ἀλλὰ</strong></span> <span class='ocrx_word' id='word_1_881' title='bbox 1501 2590 1561 2620; x_wconf 81' lang='grc' dir='ltr'>ταῖς</span> <span class='ocrx_word' id='word_1_882' title='bbox 1575 2588 1673 2623; x_wconf 82' lang='grc' dir='ltr'>ψυχαῖς</span> <span class='ocrx_word' id='word_1_883' title='bbox 1694 2589 1877 2624; x_wconf 83' lang='grc' dir='ltr'>λογισάμενοι,</span> 
     </span>
    </p>
   </div>
   <div class='ocr_carea' id='block_1_110' title="bbox 1086 2634 1876 2672">
    <p class='ocr_par' dir='ltr' id='par_1_110' title="bbox 1086 2634 1876 2672">
     <span class='ocr_line' id='line_1_110' title="bbox 1086 2634 1876 2672; baseline -0.001 -10"><span class='ocrx_word' id='word_1_884' title='bbox 1086 2635 1104 2662; x_wconf 79' lang='grc' dir='ltr'>ἃ</span> <span class='ocrx_word' id='word_1_885' title='bbox 1115 2635 1148 2672; x_wconf 83' lang='grc' dir='ltr'><strong>ὀὴ</strong></span> <span class='ocrx_word' id='word_1_886' title='bbox 1174 2637 1189 2662; x_wconf 86' lang='grc' dir='ltr'>ὀ</span> <span class='ocrx_word' id='word_1_887' title='bbox 1211 2635 1431 2672; x_wconf 82' lang='grc' dir='ltr'>καρδιογνώστης</span> <span class='ocrx_word' id='word_1_888' title='bbox 1449 2634 1526 2666; x_wconf 76' lang='grc' dir='ltr'>εἰδὼς</span> <span class='ocrx_word' id='word_1_889' title='bbox 1549 2635 1669 2670; x_wconf 80' lang='grc' dir='ltr'>ῆκουσε;</span> <span class='ocrx_word' id='word_1_890' title='bbox 1687 2635 1733 2662; x_wconf 80' lang='grc' dir='ltr'>Διὸ</span> <span class='ocrx_word' id='word_1_891' title='bbox 1748 2635 1855 2671; x_wconf 76' lang='grc' dir='ltr'>εἴρηται</span> <span class='ocrx_word' id='word_1_892' title='bbox 1869 2643 1876 2650; x_wconf 72' lang='grc' dir='ltr'><strong>ο</strong></span> 
     </span>
    </p>
   </div>
   <div class='ocr_carea' id='block_1_111' title="bbox 1088 2679 1876 2718">
    <p class='ocr_par' dir='ltr' id='par_1_111' title="bbox 1088 2679 1876 2718">
     <span class='ocr_line' id='line_1_111' title="bbox 1088 2679 1876 2718; baseline 0 -10"><span class='ocrx_word' id='word_1_893' title='bbox 1088 2682 1216 2709; x_wconf 79' lang='grc' dir='ltr'>Ἤκουσε</span> <span class='ocrx_word' id='word_1_894' title='bbox 1236 2683 1344 2717; x_wconf 82' lang='grc' dir='ltr'>Κύριος</span> <span class='ocrx_word' id='word_1_895' title='bbox 1371 2683 1420 2710; x_wconf 79' lang='grc' dir='ltr'><strong>καὶ</strong></span> <span class='ocrx_word' id='word_1_896' title='bbox 1449 2682 1622 2710; x_wconf 76' lang='grc' dir='ltr'>ἀνεϐάλετο.</span> <span class='ocrx_word' id='word_1_897' title='bbox 1654 2682 1725 2709; x_wconf 79' lang='grc' dir='ltr'>’Δνθ”</span> <span class='ocrx_word' id='word_1_898' title='bbox 1741 2679 1772 2709; x_wconf 82' lang='grc' dir='ltr'>οὖ</span> <span class='ocrx_word' id='word_1_899' title='bbox 1789 2683 1803 2708; x_wconf 83' lang='grc' dir='ltr'><strong>ὀ</strong></span> <span class='ocrx_word' id='word_1_900' title='bbox 1829 2682 1876 2718; x_wconf 83' lang='grc' dir='ltr'>μὲν</span> 
     </span>
    </p>
   </div>
   <div class='ocr_carea' id='block_1_112' title="bbox 1091 2727 1874 2765">
    <p class='ocr_par' dir='ltr' id='par_1_112' title="bbox 1091 2727 1874 2765">
     <span class='ocr_line' id='line_1_112' title="bbox 1091 2727 1874 2765; baseline 0.001 -12"><span class='ocrx_word' id='word_1_901' title='bbox 1091 2727 1216 2761; x_wconf 83' lang='grc' dir='ltr'>’Δκύλας,</span> <span class='ocrx_word' id='word_1_902' title='bbox 1226 2729 1278 2755; x_wconf 83' lang='lat' dir='ltr'><strong>Kal</strong></span> <span class='ocrx_word' id='word_1_903' title='bbox 1287 2729 1540 2763; x_wconf 80' lang='grc' dir='ltr'>ἀνυπερθέτησεν,</span> <span class='ocrx_word' id='word_1_904' title='bbox 1553 2729 1718 2765; x_wconf 79' lang='grc' dir='ltr'>ἡρμήνευσε,</span> <span class='ocrx_word' id='word_1_905' title='bbox 1728 2728 1874 2761; x_wconf 86' lang='grc' dir='ltr'>τουτέστιν,</span> 
     </span>
    </p>
   </div>
   <div class='ocr_carea' id='block_1_113' title="bbox 1084 2771 1873 2810">
    <p class='ocr_par' dir='ltr' id='par_1_113' title="bbox 1084 2771 1873 2810">
     <span class='ocr_line' id='line_1_113' title="bbox 1084 2771 1873 2810; baseline -0.004 -8"><span class='ocrx_word' id='word_1_906' title='bbox 1084 2776 1134 2810; x_wconf 85' lang='grc' dir='ltr'>οὐχ</span> <span class='ocrx_word' id='word_1_907' title='bbox 1149 2774 1298 2810; x_wconf 79' lang='grc' dir='ltr'>ὑπερέθετο</span> <span class='ocrx_word' id='word_1_908' title='bbox 1309 2783 1316 2790; x_wconf 75' lang='grc'><em>”</em></span> <span class='ocrx_word' id='word_1_909' title='bbox 1329 2775 1343 2800; x_wconf 83' lang='grc' dir='ltr'>ὁ</span> <span class='ocrx_word' id='word_1_910' title='bbox 1356 2774 1384 2800; x_wconf 80' lang='grc' dir='ltr'>δὲ</span> <span class='ocrx_word' id='word_1_911' title='bbox 1400 2773 1556 2809; x_wconf 85' lang='grc' dir='ltr'>Σύμμαχος,</span> <span class='ocrx_word' id='word_1_912' title='bbox 1575 2773 1772 2808; x_wconf 75' lang='grc' dir='ltr'>Καιὲχολώθη</span> <span class='ocrx_word' id='word_1_913' title='bbox 1784 2782 1791 2790; x_wconf 92' lang='grc'><strong>·</strong></span> <span class='ocrx_word' id='word_1_914' title='bbox 1806 2771 1873 2805; x_wconf 83' lang='grc' dir='ltr'>εῐτα,</span> 
     </span>
    </p>
   </div>
   <div class='ocr_carea' id='block_1_114' title="bbox 1088 2819 1872 2855">
    <p class='ocr_par' dir='ltr' id='par_1_114' title="bbox 1088 2819 1872 2855">
     <span class='ocr_line' id='line_1_114' title="bbox 1088 2819 1872 2855; baseline -0.004 -6"><span class='ocrx_word' id='word_1_915' title='bbox 1088 2822 1142 2849; x_wconf 82' lang='grc' dir='ltr'><strong>Καὶ</strong></span> <span class='ocrx_word' id='word_1_916' title='bbox 1157 2822 1216 2855; x_wconf 78' lang='grc' dir='ltr'>πῦρ</span> <span class='ocrx_word' id='word_1_917' title='bbox 1229 2820 1359 2855; x_wconf 72' lang='grc' dir='ltr'>ἀνήφθη,</span> <span class='ocrx_word' id='word_1_918' title='bbox 1376 2821 1468 2855; x_wconf 61' lang='grc' dir='ltr'>φησιν,</span> <span class='ocrx_word' id='word_1_919' title='bbox 1478 2820 1628 2851; x_wconf 77' lang='grc' dir='ltr'>ἑνῚακὼό,</span> <span class='ocrx_word' id='word_1_920' title='bbox 1641 2820 1690 2847; x_wconf 74' lang='grc' dir='ltr'><strong>καὶ</strong></span> <span class='ocrx_word' id='word_1_921' title='bbox 1703 2820 1777 2855; x_wconf 79' lang='grc' dir='ltr'>ὀργὴ</span> <span class='ocrx_word' id='word_1_922' title='bbox 1783 2819 1872 2853; x_wconf 73' lang='grc' dir='ltr'>ἀνέϐη</span> 
     </span>
    </p>
   </div>
   <div class='ocr_carea' id='block_1_115' title="bbox 1085 2866 1868 2902">
    <p class='ocr_par' dir='ltr' id='par_1_115' title="bbox 1085 2866 1868 2902">
     <span class='ocr_line' id='line_1_115' title="bbox 1085 2866 1868 2902; baseline -0.004 -7"><span class='ocrx_word' id='word_1_923' title='bbox 1085 2868 1134 2895; x_wconf 78' lang='grc' dir='ltr'><strong>ἐπὶ</strong></span> <span class='ocrx_word' id='word_1_924' title='bbox 1150 2867 1203 2895; x_wconf 83' lang='grc' dir='ltr'><strong>τὸν</strong></span> <span class='ocrx_word' id='word_1_925' title='bbox 1223 2866 1352 2901; x_wconf 78' lang='grc' dir='ltr'>Ἰσραήλ.</span> <span class='ocrx_word' id='word_1_926' title='bbox 1376 2866 1432 2893; x_wconf 77' lang='grc' dir='ltr'><strong>Καὶ</strong></span> <span class='ocrx_word' id='word_1_927' title='bbox 1455 2866 1529 2902; x_wconf 78' lang='grc' dir='ltr'>παρὰ</span> <span class='ocrx_word' id='word_1_928' title='bbox 1549 2867 1644 2894; x_wconf 87' lang='grc' dir='ltr'>Μωσεί</span> <span class='ocrx_word' id='word_1_929' title='bbox 1656 2866 1685 2893; x_wconf 80' lang='grc' dir='ltr'>δὲ</span> <span class='ocrx_word' id='word_1_930' title='bbox 1700 2866 1868 2902; x_wconf 81' lang='grc' dir='ltr'>γέγραπται·</span> 
     </span>
    </p>
   </div>
   <div class='ocr_carea' id='block_1_116' title="bbox 1121 2923 1637 2961">
    <p class='ocr_par' dir='ltr' id='par_1_116' title="bbox 1121 2923 1637 2961">
     <span class='ocr_line' id='line_1_116' title="bbox 1121 2923 1637 2961; baseline -0.006 -6"><span class='ocrx_word' id='word_1_931' title='bbox 1121 2926 1141 2943; x_wconf 78' lang='grc'>¹⁹</span> <span class='ocrx_word' id='word_1_932' title='bbox 1156 2926 1222 2961; x_wconf 88' lang='lat' dir='ltr'><strong>ibid,</strong></span> <span class='ocrx_word' id='word_1_933' title='bbox 1245 2924 1346 2960; x_wconf 70' lang='lat'><strong>11,12.</strong></span> <span class='ocrx_word' id='word_1_934' title='bbox 1386 2926 1408 2942; x_wconf 86' lang='grc'><strong>¹⁰</strong></span> <span class='ocrx_word' id='word_1_935' title='bbox 1421 2924 1502 2953; x_wconf 82' lang='lat' dir='ltr'><strong>Num.</strong></span> <span class='ocrx_word' id='word_1_936' title='bbox 1519 2933 1558 2959; x_wconf 66' lang='grc' dir='ltr'>χι,</span> <span class='ocrx_word' id='word_1_937' title='bbox 1578 2923 1637 2952; x_wconf 73' lang='grc'><strong>1-5.</strong></span> 
     </span>
    </p>
   </div>
  </div>
