2024 3214
151 196 203 226 917

695 197 946 227 (ΣΟΜΜΕΝΤΑΒΙΑ
966 198 1000 226 IN
1017 198 1188 228 PSALIOS.

1263 182 1325 217 -οἾ
1717 193 1771 220 sis

151 253 205 281 Kal
233 250 274 288 ἦν
293 253 309 279 ό
324 252 398 285 λαὸς
420 250 567 288 τοηεύζων
580 251 718 280 ἐναντίον
738 253 859 288 Κυρίου.
888 254 931 281 και

987 259 1145 282 castrorum.
1161 253 1195 281 Et
1213 253 1336 281 clamavit
1357 242 1466 288 populus
1479 252 1515 280 ad
1532 250 1663 288 Hogum,
1678 257 1702 279 et
1718 259 1776 286 prc-

150 299 265 333 ἢκουσε
288 299 404 333 Κύριος,
428 300 477 326 καὶ
501 300 634 335 ἐθυμώθη
657 301 729 336 ὁρτὴ
753 302 861 329 αὐτοῦ·
885 304 934 330 καὶ

150 343 295 378 ἐξεκαύθη
311 343 346 370 ἐν
368 343 469 377 αὐτοῖς
481 343 540 378 πῦρ
553 345 631 379 παρὰ
650 347 769 380 Κυρίου,
787 347 836 374 καὶ
850 348 934 374 κατέ-

150 397 225 424 φαγε
246 388 338 424 μέρος
359 388 414 423 τῆς
440 391 640 425 παρεμὸολῆς.
661 392 715 418 Kal
735 392 897 427 ἑκέκριιξεν
919 395 935 420 ό

149 434 225 467 λαὸς
235 434 310 468 πρὸς
325 434 436 468 Μωσῆν
446 443 452 449 ·
468 435 515 461 καὶ
529 436 641 468 ηὔξατο
663 437 773 471 Μωσῆς
788 439 862 473 πρὸς
879 440 936 466 Κύ-

148 488 223 514 ριον,
234 480 282 507 καὶ
305 480 438 508 ἐκόπασε
451 480 484 507 τὸ
509 482 579 516 πῦρ.
595 483 649 509 Kal
664 483 777 517 ἐκλήοη
797 484 829 511 τὸ
843 485 936 519 ὄνομα

149 526 201 553 τοῦ
215 527 309 553 τόπου
318 527 435 554 ἐκείνου
453 528 663 563 Ἐμπυρισμός,
682 529 725 556 ὅτι
740 530 886 565 ἐξεκαύθη
902 531 937 557 ἐν

149 570 251 604 αὐτοῖς
265 570 324 605 πῦρ
340 571 420 605 παρὰ
443 573 563 606 Κιιρίου.
581 574 627 599 Διὸ
644 574 690 600 καὶ
707 575 735 600 ἐν
751 575 790 610 τῷ
801 575 869 610 μετὰ
886 578 936 611 χεῖ-

151 626 200 653 ρας
219 617 326 653 εἴρηται
340 627 346 634 ·
365 619 419 646 Kul
435 619 552 654 ἀνήφθη
566 620 624 654 πῦρ
635 621 669 647 ἐν
683 621 790 653 Ἰακὼϐ,
805 623 852 649 καὶ
863 623 935 657 ipa-i1

149 663 239 698 ἀνέϐη
251 663 301 690 ἐπὶ
314 664 368 691 τὸν
385 665 514 698 Ἰσραὴλ.
527 665 570 692 ὅτι
582 668 635 693 οὐκ
649 667 836 695 ἐπίστευσαν
849 669 883 694 ἐν
897 669 936 702 τῷ

151 708 220 741 Θεῷ,
236 709 307 736 οὐδὲ
331 709 466 744 ἤλπισαν
484 711 531 737 ἐπὶ
553 712 586 739 τὸ
603 712 750 747 σωτήριον
765 714 868 741 αὐτοῦ.
881 716 935 741 Kal

149 755 315 782 ἐνετείλατο
331 756 471 790 νεφέλαις
489 757 686 791 ὑπεράνωθεν,
704 760 751 786 καὶ
776 762 866 795 θύρας
887 763 937 788 ού-

147 799 240 833 ρανοῦ
247 799 368 834 ἀνέῳξε.
385 801 439 827 Kal
455 802 575 835 ἔϐρεξεν
589 803 635 829 ἐπ’
646 805 757 838 αὐτοὺς
766 805 866 840 μάννα
881 815 935 841 φα-

149 845 222 880 γεῖν,
234 845 284 872 καὶ
306 846 397 880 ἄρτον
419 848 549 881 οὐρανοῦ
575 849 686 876 ἔδωκεν
704 851 815 885 αὐτοῖς.
832 853 936 887 Ἄρτον

149 890 282 925 ἀγγέλων
307 891 418 926 ἔφαγεν
440 893 602 927 ἅνθρωπος.
628 896 664 923 Τὸ
690 896 728 928 δὲ,
755 897 935 925 Ἐνετείλτιτο

149 936 501 987 νεφέλαιςλιξιπὶεράνωθεν,
518 941 682 968 αἰνίττεσθαί
702 951 746 978 μοι
761 943 834 970 δοκεῖ
850 944 934 980 πρόσ-
949 960 970 987 Β

149 991 240 1019 ταγμα
261 983 382 1011 δεδόσθαι
408 985 567 1020 ἀγγελικαῖς
589 987 730 1023 δυνάμεσι,
748 991 808 1021 ταῖς
830 991 870 1022 εἰς
899 990 933 1018 τὰ

148 1029 286 1065 παράδοξα
307 1031 366 1057 τότε
390 1031 621 1068 διαχονουμέναις,
637 1035 670 1061 δι’
684 1031 721 1061 ὦν
737 1036 783 1062 καὶ
799 1036 829 1062 τὸ
846 1036 933 1071 μάννα

148 1076 304 1111 ἐχορηγεῖτο
329 1076 368 1112 τῷ
386 1077 452 1112 λαῷ.
473 1079 659 1115 Διδασκόμεθα
681 1080 708 1107 δὲ
733 1082 779 1108 καὶ
798 1082 931 1115 ἐντεῦθεν,

147 1120 184 1153 ὡς
200 1121 255 1157 ἄρα
271 1122 379 1156 νεφέλαι
390 1124 420 1150 αἱ
433 1125 577 1158 ἁγγελικαὶ
587 1126 714 1162 δυνάμεις
727 1127 881 1163 κέκληνται,
895 1129 933 1161 ὠς

148 1167 193 1193 καὶ
208 1168 237 1195 ἐν
249 1167 287 1203 τῷ
313 1169 443 1203 φάσκοντι
458 1172 585 1207 προφήτῃ
599 1181 606 1188 ·
624 1173 677 1199 Kal
703 1173 767 1206 ταῖς
792 1174 932 1209 νεφέλαις

146 1212 321 1248 ὲντελοῦμαι
344 1215 397 1241 τοῦ
427 1216 470 1250 μὴ
497 1217 603 1250 βρέξαι
639 1219 682 1251 εἰς
708 1220 801 1247 αὑτὸν
827 1221 930 1247 ὑετόν·

147 1257 215 1303 ἄιστε
231 1261 294 1292 τοὺς
319 1261 449 1296 ἀγγέλους
473 1263 590 1290 νοεῖσθαι
614 1264 662 1296 τὰς
690 1266 819 1300 νεφέλας,
839 1266 933 1303 ὥσπερ

146 1302 191 1350 οὖν
201 1306 249 1332 καὶ
274 1306 400 1334 ἐνταῦθα.
425 1308 478 1334 Καὶ
495 1309 568 1341 εἰκός
584 1319 614 1343 γε
630 1308 664 1346 ἦν
680 1310 723 1338 διὰ
741 1312 790 1347 μὲν
807 1302 932 1350 πονηρῶν

146 1349 285 1385 δυνάμεων
298 1350 348 1382 τὰς
373 1353 432 1380 κατε·
452 1354 609 1387 Αἰγυπτίων
626 1355 809 1382 ἐπιτελεῖσθαι
826 1356 932 1391 πληγὰς

146 1396 216 1423 κατὰ
229 1396 275 1423 τὸν
287 1397 425 1432 φάσκοντα
445 1399 523 1433 λόγον
535 1408 542 1415 ·
566 1401 756 1429 Ἀπέστειλεν
769 1404 812 1435 εἰς
822 1403 932 1436 αὐτοὺς

146 1443 239 1478 ὀργὴν
250 1444 299 1471 καὶ
317 1445 423 1479 θυμὸν,
449 1446 554 1480 θλίψιν
566 1448 613 1473 καὶ
637 1448 815 1482 ἀποστολὴν
826 1449 863 1475 δι’
882 1450 932 1484 ἀγε-

145 1489 241 1525 τέλων
268 1490 423 1525 πονηρῶνο
442 1492 476 1519 τὰ
501 1493 528 1520 δὲ
543 1495 710 1530 χρηστότερα
733 1495 766 1521 δι’
776 1496 871 1523 αἰσίων
886 1497 932 1523 καὶ⁴

98 1545 103 1549 ·
145 1534 237 1567 δεξιῶν
250 1535 372 1569 ἀγγέλων
387 1537 562 1573 γεγενῆσθαι,
580 1540 624 1565 Διὸ
640 1540 763 1567 λέλεκται
776 1550 782 1555 ·
798 1541 853 1567 Kal
869 1542 931 1568 ἐνε-

145 1581 264 1611 τείλατο
277 1581 417 1617 νεφέλαις
434 1584 632 1618 ὑπεράνωθεν,
641 1586 788 1621 καὶθὺρας
800 1587 930 1622 οὐρανοῦ

986 305 1063 327 catus
1077 305 1116 327 es!
1136 299 1241 335 Moyses
1255 299 1407 330 Dominum,
1422 303 1445 325 et
1461 298 1571 325 cessauit
1588 298 1668 333 ignis.
1680 295 1716 324 Et
1731 305 1775 323 vo-

986 352 1076 374 catum
1089 351 1128 374 est
1143 354 1235 373 nomen
1246 346 1296 372 loci
1314 345 1398 377 illius,
1414 344 1579 377 Incendium,
1597 343 1659 379 quia
1672 343 1773 370 exarsit

986 395 1014 421 in
1038 394 1076 421 eis
1103 393 1170 428 ignis
1200 401 1217 419 a
1239 391 1363 419 Domino.
1389 389 1560 425 Quapropter
1590 389 1617 417 in
1647 388 1774 424 praesenti

986 438 1092 474 psalmo
1102 438 1204 464 dictum
1215 439 1258 464 est
1271 445 1278 463 :
1306 434 1340 462 Et
1358 443 1481 462 accensus
1496 440 1534 462 est
1550 435 1618 470 ignis
1635 435 1662 461 in
1677 433 1772 465 Jacob,

986 488 1011 510 et
1039 483 1081 509 ira
1107 481 1224 509 ascendit
1245 481 1273 508 in
1291 480 1388 513 Israel,
1418 479 1613 515 (γης-2285)
1640 480 1701 514 quia
1722 487 1772 506 non

986 528 1154 556 crediderunt
1171 527 1198 554 in
1214 527 1280 558 Deo,
1295 535 1342 554 nec
1357 530 1524 560 speraverant
1539 525 1566 551 in
1577 524 1691 551 salutari
1704 524 1770 558 ejus.

987 575 1021 601 Et
1036 574 1170 601 mandavit
1186 573 1297 600 nubibus
1308 572 1426 607 desuper,
1442 576 1466 599 et
1478 571 1577 606 junuas
1591 571 1647 598 εωιῑ
1660 570 1771 604 aperuit.

988 620 1022 647 Et
1036 621 1102 654 pluit
1128 620 1182 647 illis
1199 628 1297 646 manna
1322 619 1356 646 ad
1380 617 1604 648 manducandum,
1627 621 1652 643 et
1680 624 1781 651 panem.

986 666 1043 693 coeli
1057 665 1128 693 dedit
1146 666 1195 693 eis.
1214 665 1312 692 Panem
1327 663 1480 699 angelorum
1500 663 1667 690 manducavit
1685 662 1771 689 homo.

986 712 1054 739 illud
1070 716 1172 744 autem,
1188 711 1325 738 Mandavit
1339 710 1450 737 nubibus
1465 710 1586 744 desuper.
1601 707 1778 737 subindieare

986 758 1092 786 videtur
1109 758 1184 789 mihi,
1207 757 1364 784 mandatum
1380 756 1511 791 angelicis
1531 755 1690 787 virtutibus,
1713 762 1774 790 quae

986 805 1019 833 ad
1044 805 1167 840 prodigia
1195 804 1299 831 edenda
1324 807 1389 830 tunc
1414 801 1616 833 ministrabant,
1643 801 1773 829 traditum

985 859 1056 883 esse,
1068 855 1094 879 ct
1106 850 1141 877 ab
1156 850 1210 878 illis
1225 849 1324 885 populo
1339 855 1439 876 manna
1456 847 1659 883 suppeditatum
1675 847 1774 875 fuisse.

986 898 1055 925 Hinc
1072 898 1136 925 item
1150 897 1297 925 edocemur
1313 895 1451 931 angelicas
1465 895 1582 922 virtutes
1601 893 1671 922 forte
1685 893 1774 922 nubes

985 947 1094 972 vocatas
1116 944 1210 975 fuisse,
1238 941 1467 978 quemadmodum
1484 944 1510 968 et
1532 941 1558 967 iu
1577 940 1708 976 propheta
1725 940 1772 975 qui

985 990 1023 1016 ait
1037 999 1044 1016 :
1064 988 1097 1015 Et
1114 988 1225 1015 nubibus
1247 986 1379 1014 niaiidubo
1396 994 1428 1013 ne
1439 985 1530 1021 pluunt
1551 993 1630 1020 super
1644 994 1702 1012 eam
1722 986 1774 1012 im-

985 1037 1056 1063 brem
1075 1036 1097 1051 ἰ
1112 1044 1118 1062 :
1134 1035 1172 1062 ita
1187 1038 1217 1062 ut
1231 1034 1318 1069 θηοιί
1330 1033 1416 1061 nubes
1429 1040 1490 1061 esse
1501 1032 1696 1068 intelligantur,
1711 1040 1778 1067 ρει-ο.

985 1082 1048 1109 inde
1075 1085 1157 1117 atque
1172 1081 1199 1108 in
1211 1080 1264 1107 hoo
1278 1081 1338 1107 loco
1353 1089 1359 1106 :
1376 1086 1407 1106 ac.
1419 1086 1467 1114 par
1481 1082 1539 1106 erat
1553 1086 1568 1105 a
1582 1078 1707 1117 malignis
1720 1078 1780 1105 vir-_

984 1128 1087 1156 tutibus
1106 1115 1199 1162 plagas
1214 1126 1350 1162 :Egyptiis
1372 1124 1468 1160 inﬂigi.
1482 1128 1512 1151 ut
1528 1124 1572 1152 bis
1593 1115 1772 1152 enuntiatur:

984 1174 1059 1202 Misit
1077 1175 1102 1201 in
1114 1183 1156 1201 eos
1173 1174 1241 1200 iram
1257 1178 1280 1200 et
1296 1172 1412 1207 furorem
1425 1176 1450 1198 et
1468 1170 1676 1202 tribulationem,
1688 1174 1711 1197 et
1724 1170 1774 1196 im-

984 1222 1133 1248 missionem
1150 1228 1196 1255 per
1210 1219 1316 1255 angelos
1332 1218 1433 1251 malos;
1448 1222 1542 1245 contra
1565 1224 1629 1245 vero
1644 1224 1704 1252 quze
1719 1224 1775 1243 me-

984 1268 1052 1295 liora
1067 1270 1148 1295 erant
1167 1274 1215 1302 per
1230 1265 1334 1293 faustos
1349 1266 1505 1301 probosque
1516 1264 1626 1300 angelos
1638 1263 1772 1299 priestari.

984 1313 1073 1346 Quare
1093 1312 1202 1343 dicitur,
1220 1311 1254 1338 Et
1272 1310 1406 1338 mandavit
1430 1310 1542 1337 nubibus
1559 1309 1679 1343 desuper.
1694 1313 1719 1335 et
1732 1308 1775 1344 ja-

984 1368 1051 1386 nuas
1075 1359 1132 1386 caeli
1160 1358 1273 1392 aperuit.
1302 1357 1406 1385 Januas
1433 1357 1494 1385 cceli
1523 1361 1630 1392 apertas
1650 1355 1773 1382 coelestia

983 1412 1066 1441 opera
1080 1412 1142 1432 esse
1156 1404 1324 1431 existimato.
1341 1401 1440 1431 Omnia
1459 1401 1559 1437 quippe
1573 1408 1633 1436 quae
1653 1399 1772 1426 mirabili

982 1451 1064 1479 modo
1077 1459 1092 1478 a
1101 1450 1156 1478 Deo
1171 1450 1398 1485 perpetrabantur
1406 1447 1498 1477 divina
1509 1451 1537 1475 et
1548 1446 1670 1475 coelestia
1681 1449 1771 1478 erant,

983 1505 1042 1533 qua:
1057 1504 1118 1524 cum
1132 1504 1185 1523 non
1200 1496 1306 1528 ﬁerent,
1319 1495 1477 1522 hominibus
1488 1493 1774 1525 claudebantur;cum

983 1547 1072 1569 autem
1089 1540 1224 1576 stupenda
1248 1541 1353 1567 ratione
1369 1539 1442 1567 edita
1459 1542 1540 1571 sunt,
1560 1538 1601 1566 sic
1617 1545 1666 1565 ceu
1689 1544 1773 1572 quas-

982 1587 1044 1614 dam
1069 1587 1196 1614 cmlestcs
1210 1586 1311 1621 ianuas
1329 1585 1397 1620 ipsis
1413 1584 1562 1613 reserabat.
1577 1582 1632 1611 Pro
1651 1583 1698 1610 illo
1722 1589 1773 1609 au-

144 1627 264 1664 ἀνέῳξε.
289 1628 379 1664 Θύρας
398 1629 427 1655 δὲ
439 1631 552 1665 οὐρανοῦ
568 1632 763 1668 ἀνοιγνυμένας
784 1633 834 1665 τὰς
853 1634 931 1669 οὐρα-

983 1637 1049 1664 tem.
1072 1632 1173 1659 Panem
1189 1633 1343 1668 angelorum
1366 1631 1533 1658 manducavit
1558 1631 1646 1663 homo,
1661 1629 1773 1665 Aquila,

145 1672 215 1705 νίους
228 1673 283 1700 νόει
300 1673 422 1709 πράξεις.
435 1675 527 1702 Πάντα
536 1676 588 1712 γὰρ
601 1677 635 1703 τὰ
649 1677 806 1713 παραδόξως
820 1678 872 1705 ὑπὸ
884 1679 930 1705 τοῦ

145 1718 210 1746 Θεοῦ
236 1721 417 1756 πεπραγμένα
439 1721 498 1747 θεῖα
517 1722 563 1748 καὶ
588 1723 700 1758 οὐράνια
729 1722 763 1759 ἦν
776 1731 782 1737 ·
796 1724 814 1751 ἃ
837 1724 868 1760 δὴ
884 1725 938 1752 και

144 1764 297 1801 ἀνθρώποις
325 1767 528 1799 ἅποκέκλειστο,
552 1769 596 1794 ὅτε
615 1768 652 1804 μὴ
681 1770 803 1804 ἐγίγνετο
815 1778 821 1785 ·
841 1771 885 1798 ὅτε
902 1771 929 1798 δὲ

144 1811 301 1847 παραδόξως
322 1813 454 1847 ἐγίγνετο,
469 1812 563 1849 ὥσπερ
579 1813 663 1849 θύρας
689 1815 765 1847 τινὰς
789 1816 930 1852 οὐρανίους

144 1857 262 1893 ἀνέῳγεν
287 1858 388 1890 αὐτοῖς.
419 1859 492 1885 Ἀντ).
513 1859 541 1885 δὲ
568 1859 634 1892 τοῦ,
663 1862 767 1895 Ἄρτον
795 1862 930 1898 ἀγγέλων

144 1903 254 1939 ἔφαγεν
276 1904 440 1938 ἄνθρωπος,
462 1906 476 1931 ὁ
498 1905 622 1938 Ἀκύλας,
641 1907 743 1941 Ἄρτον
771 1908 929 1935 δυναστῶν

144 1949 254 1984 ἔφαγεν
263 1950 353 1985 ἀνὴρ,
369 1951 540 1986 ἡρμήνευσεν
569 1953 583 1978 ὁ
596 1952 624 1978 δὲ
634 1952 790 1989 Σύμμαχος,
803 1954 857 1980 Kal
874 1963 929 1982 πυ-

9 2008 20 2015 ~
72 1999 85 2005 ‘
141 1995 197 2030 ρόν
217 1996 359 2030 οὐράνιον
383 1997 536 2031 παρέσχεν
556 1998 667 2031 αὐτοῖς,
686 1999 776 2033 ἄρτον
791 2001 928 2035 μεγάλων

144 2042 256 2077 ἔφαγεν
287 2043 450 2077 ἅνθρωπος.
477 2044 531 2070 Καὶ
559 2045 636 2080 τήρει
659 2046 770 2082 ὅπωςὴ
797 2047 926 2083 Ἐϐραῖκὴ

145 2088 219 2124 φωνὴ
238 2089 268 2115 οὐ
299 2089 419 2125 περιέχει
440 2090 481 2122 τὸ,
502 2091 610 2125 Ἀρτον
628 2091 779 2126 ἀγγέλων·
799 2093 855 2119 ἀλλ’
869 2093 926 2128 ἦτοι

144 2134 214 2161 κατὰ
232 2135 278 2161 τὸν
311 2135 434 2168 Ἀκύλαν,
451 2137 542 2170 ἄρτον
556 2137 730 2163 δυναστῶν-ε
759 2138 775 2173 ἦ
792 2138 862 2164 κατὰ
882 2139 927 2165 τὸν

144 2179 299 2215 Σύμμαχον,
314 2180 404 2215 ἄρτον
412 2181 563 2216 μεγάλων·
581 2182 596 2217 ῆ
611 2183 682 2209 κατὰ
691 2183 736 2209 τὸν
752 2183 925 2217 Θεοδοτίωνα,

143 2224 234 2259 ἄρτον
260 2225 416 2254 δυναστῶν
430 2237 437 2243 ·
462 2227 564 2262 ἢκατὰ
587 2227 634 2263 τὴν
661 2229 790 2264 πέμπτην
811 2230 924 2263 ἔκδοσιν,

143 2270 233 2305 ἄρτον
246 2271 415 2300 δυναστῶν.
437 2274 579 2308 Ἁγγέλων
592 2274 730 2306 δὲ,ὀύδεὶς
743 2276 923 2312 ήρμήνευσενι.

150 2316 223 2344 Ἐπεὶ
250 2317 319 2353 μηδὲ
344 2318 375 2344 τὸ
392 2318 535 2354 Ἐϐραῐκὺν
559 2320 651 2347 τοῦτον
671 2321 726 2356 ἔχει
743 2321 788 2348 τὸν
816 2322 924 2358 τρόπον,
943 2315 964 2344 ι)

145 2362 185 2389 ινα
197 2363 235 2398 μή
249 2371 291 2395 τις
315 2364 414 2399 νομίσῃ
435 2365 482 2392 καὶ
507 2365 556 2397 τὰς
572 2366 719 2400 ἀγγελικὰς
738 2367 865 2403 δυνάμεις
882 2368 925 2395 al-

144 2407 227 2444 σθητῇ
238 2409 354 2444 χρῆσθαι
367 2411 464 2446 τροφῇ.
477 2411 620 2447 Μέμςεεται
635 2412 663 2439 δὲ
679 2414 726 2440 καὶ
742 2414 756 2440 ὁ
771 2414 865 2449 Σωτὴρ
882 2414 928 2441 καὶ

143 2453 244 2489 Κύριος
269 2455 346 2498 ἡμῶν
363 2456 392 2481 ἐν
409 2457 583 2491 Εὑαγγελίοις
607 2459 663 2490 τοῖς
692 2458 855 2498 νεῃιίζουσιν,
886 2461 926 2489 ὅτι

144 2499 265 2534 ἀγγέλων
283 2497 317 2535 ἦν
342 2501 429 2537 τροφὴ
456 2501 487 2528 τὸ
507 2502 536 2528 ἐν
550 2503 582 2538 τῇ
607 2503 702 2538 ἐρήμῳ
724 2504 926 2540 χορηγηθὲντῴ

143 2544 196 2581 λαῷ
215 2545 303 2581 μάννα
317 2555 324 2561 ⁸
346 2547 386 2572 διὸ
403 2546 494 2581 ἔλεγεν
507 2557 511 2561 ·
539 2548 640 2582 Ἀμὴν,
655 2548 736 2583 ἀμὴν
744 2549 820 2584 λέγω
833 2550 903 2584 ὑμῖν
917 2559 923 2565 ·

142 2591 178 2618 οὐ
191 2590 304 2625 Μωσῆς
326 2591 455 2619 δέδωκεν
470 2592 540 2626 ὑμῖν
550 2593 602 2619 τὸν
620 2593 710 2627 ἄρτον
728 2595 762 2621 ἐκ
773 2594 826 2621 τοῦ
838 2596 925 2629 οὐρα-

142 2636 196 2663 νοῦ
216 2636 270 2663 τὸν
296 2637 458 2670 ἀληθινόν·
477 2639 523 2665 καὶ
536 2638 615 2666 πάλιν
630 2648 636 2654 ·
659 2642 690 2666 οι
708 2640 832 2675 πατέρες
844 2641 926 2676 ὑμῶν

141 2680 296 2716 ἄφατον-ἐν
306 2681 343 2717 τῇ
359 2682 456 2717 ἐρήμῳ
469 2683 500 2709 τὸ
513 2683 623 2718 μάννα,
637 2685 684 2711 καὶ
701 2685 860 2713 ἀπέθανον.
874 2684 926 2714 Οὗ-

141 2727 192 2761 τός
205 2728 292 2754 ἐστιν
307 2729 324 2755 ὁ
336 2728 425 2762 ἄρτος
439 2730 455 2755 ό
467 2728 501 2755 ἐκ
518 2729 569 2755 τοῦ
585 2731 715 2764 οὐρανοῦ
731 2732 924 2765 καταϐαίνων,

142 2773 191 2800 ἵνα
201 2782 246 2807 τις
257 2773 291 2805 ἐξ
301 2774 394 2800 αὐτοῦ
409 2774 489 2809 φάγῃ
506 2775 555 2802 καὶ
572 2775 614 2810 μὴ
626 2776 813 2810 ἀποθνήσκῃ.
829 2778 860 2804 El
876 2778 926 2814 μὲν

142 2816 197 2852 οὖν,
212 2820 304 2855 φησὶν,
312 2820 434 2855 οὐράνιος
449 2819 481 2856 ἦν
498 2821 589 2856 ἄρτος,
605 2819 628 2856 ᾧ
641 2823 827 2858 χρῆοθαιτοὺς
844 2825 925 2859 ἀγγέ-

177 2911 196 2926 ²¹
212 2909 264 2938 lsa.
278 2919 305 2943 ν,
320 2912 345 2939 6.
383 2913 404 2927 ’³
419 2912 496 2939 Joan.
514 2921 549 2945 vt,
565 2914 607 2940 52.
646 2915 668 2930 ’³
679 2915 743 2942 ibid.
757 2915 801 2949 ιε),
819 2915 863 2943 50.

984 1679 1085 1706 Panem
1114 1679 1260 1713 potentium
1289 1678 1458 1705 ntanducavit
1486 1678 1541 1710 vir,
1574 1676 1771 1712 interpretatus

981 1728 1039 1758 est;
1058 1724 1239 1761 Symmachus
1259 1732 1336 1756 vero,
1353 1723 1387 1750 Et
1405 1724 1566 1759 frumentum
1581 1722 1682 1749 caeleste
1703 1729 1772 1756 prle-

981 1771 1036 1798 lmit
1047 1773 1094 1805 eis,
1109 1779 1202 1806 panem
1216 1779 1371 1807 magnorum
1386 1770 1553 1797 manducavit
1570 1769 1654 1797 homo.
1668 1768 1770 1795 Notan-

979 1817 1043 1845 dum
1058 1823 1144 1845 autem
1160 1816 1322 1844 Hebraicam
1340 1823 1433 1844 vocem
1447 1823 1500 1843 non
1514 1815 1614 1842 habere
1627 1814 1704 1846 illud,
1721 1822 1769 1848 pa-

979 1873 1037 1892 nem
1061 1863 1230 1898 angelorum;
1246 1862 1293 1889 sed
1308 1862 1366 1889 sive
1389 1861 1541 1889 secundum
1568 1859 1703 1896 Aquilam,
1720 1867 1770 1893 pa-

978 1918 1035 1937 nem
1047 1910 1209 1943 potentium;
1222 1908 1279 1935 sive
1295 1907 1446 1935 secundum
1462 1906 1665 1942 Symmachum,
1675 1912 1769 1939 panem

979 1962 1152 1988 magnorum;
1169 1954 1226 1981 sive
1250 1952 1401 1979 secundum
1426 1950 1652 1982 Theodotionem,
1673 1957 1768 1984 panem

977 1999 1121 2034 potentium
1132 2006 1140 2030 ;
1150 1999 1190 2026 vel
1207 1998 1356 2025 secuudum
1367 1998 1489 2031 quintam
1503 1996 1660 2027 editionem,
1674 2003 1768 2029 panem

977 2045 1129 2080 potentium.
1151 2044 1311 2079 Angelorum
1333 2051 1397 2070 vero
1413 2043 1482 2070 alius
1506 2049 1586 2070 nemo
1604 2042 1768 2076 interpreta-

978 2096 1023 2118 tus
1039 2095 1091 2122 est,
1109 2090 1173 2125 quia
1195 2089 1357 2119 Hebraicqu
1371 2088 1510 2123 exemplar
1534 2094 1588 2114 non
1606 2087 1645 2114 sic
1669 2086 1766 2119 habet;

977 2141 1007 2164 ut
1020 2144 1054 2164 ne
1068 2137 1130 2172 quis
1147 2137 1295 2165 arbitretur
1311 2136 1448 2170 angelicas
1467 2135 1548 2162 etiam
1564 2134 1681 2161 virtutes
1701 2141 1766 2161 sen—

977 2183 1021 2210 sili
1033 2183 1073 2210 uti
1098 2183 1236 2211 alimento.
1257 2183 1285 2211 lu
1302 2173 1457 2218 Evangeliis
1483 2186 1573 2209 autem
1589 2180 1718 2211 Servator
1739 2184 1767 2207 et

976 2228 1111 2257 Dominus
1124 2234 1218 2257 noster
1238 2238 1286 2257 eos
1305 2229 1439 2265 coarguit,
1451 2229 1496 2264 qui
1519 2231 1646 2262 putarent
1667 2235 1766 2255 manna

978 2277 1079 2311 populo
1105 2276 1132 2303 in
1158 2276 1309 2305 solitudine
1331 2275 1588 2305 subministratum,
1607 2274 1766 2308 angelorum

978 2329 1038 2349 esse
1050 2322 1141 2350 cibum
1151 2330 1256 2357 -,quare
1269 2321 1367 2350 dicit"
1385 2331 1391 2349 :
1407 2322 1499 2353 Amen,
1515 2329 1591 2348 amen
1609 2320 1668 2347 dico
1684 2320 1765 2353 vobis,

979 2377 1030 2396 non
1040 2368 1144 2404 Moyses
1160 2369 1231 2396 dedit
1240 2369 1408 2404 vobispanrm
1421 2367 1452 2394 de
1459 2368 1522 2394 cwlo
1530 2375 1640 2399 verum;
1658 2375 1690 2395 ac
1704 2374 1766 2394 rur-

979 2421 1039 2441 sum
1057 2415 1098 2443 ²³;
1115 2414 1210 2442 Patres
1228 2415 1307 2442 uestri
1320 2414 1543 2442 manducaverunt
1567 2422 1664 2440 manna
1678 2414 1704 2440 in
1718 2413 1765 2440 de-

977 2464 1057 2491 serto,
1074 2464 1099 2486 et
1120 2461 1218 2488 mortui
1235 2465 1307 2488 sunt.
1328 2460 1378 2487 Hic
1396 2465 1434 2491 est
1456 2460 1531 2499 panis
1547 2460 1592 2495 qui
1606 2460 1638 2486 de
1647 2459 1710 2486 coelo
1720 2459 1766 2486 de-

977 2505 1088 2538 scendit,
1106 2511 1135 2533 ut
1148 2507 1173 2533 si
1187 2507 1244 2542 quis
1266 2515 1297 2534 ex
1315 2507 1372 2541 ipso
1389 2506 1538 2538 ntanducet,
1556 2514 1608 2533 non
1623 2506 1765 2533 moriatur.

979 2550 1007 2578 Si
1031 2551 1132 2586 itaque,
1150 2552 1197 2585 ait,
1213 2553 1338 2581 caelestis
1352 2556 1425 2580 esset
1443 2552 1520 2586 panis
1534 2559 1588 2586 quo
1602 2550 1641 2578 uti
1654 2552 1765 2587 angelos

977 2597 1125 2624 verisimile
1136 2602 1188 2628 est.
1207 2605 1377 2633 nequaquam
1390 2598 1492 2628 mortui
1505 2601 1595 2625 essent
1610 2597 1656 2632 qui
1674 2605 1708 2625 ex
1718 2597 1765 2624 illo

978 2650 1047 2677 pane
1061 2642 1088 2670 in
1108 2644 1217 2671 deserto
1234 2648 1411 2683 gustaverant
1425 2654 1431 2671 :
1448 2648 1474 2671 at
1489 2645 1552 2679 quia
1565 2652 1616 2671 nec
1630 2643 1762 2676 coelestia,

978 2697 1027 2716 nec
1045 2697 1107 2718 vero
1125 2691 1204 2725 panis
1221 2692 1380 2727 angelorum
1396 2695 1466 2724 erat,
1484 2691 1544 2719 ideo
1566 2690 1665 2718 mortui
1689 2693 1762 2717 sunt.

978 2734 1027 2762 llic
1043 2743 1105 2763 vere
1127 2737 1251 2765 caelestis
1272 2738 1352 2772 panis
1368 2742 1420 2769 est,
1443 2738 1522 2773 cujus
1538 2736 1663 2773 quisquis
1679 2737 1764 2768 parti-

977 2789 1043 2817 ceps
1068 2782 1167 2815 fuerit,
1194 2791 1332 2818 nunquam
1357 2783 1498 2811 morietur.
1523 2783 1590 2816 Quis
1613 2783 1657 2810 hic
1685 2782 1763 2814 panis

977 2831 1051 2855 esset
1064 2827 1149 2856 docet
1162 2828 1205 2856 bis
1219 2829 1309 2858 verbis
1327 2839 1333 2857 :
1352 2829 1434 2858 Panis
1452 2835 1538 2858 autem
1553 2828 1602 2856 Dei
1617 2833 1655 2857 est
1672 2828 1716 2863 qui
1730 2827 1769 2859 de
