2024 3214
248 214 300 242 919

581 213 716 244 EUSEBll
733 215 972 244 CESABIENSlS
991 216 1066 245 OPP.
1088 216 1180 244 PARS
1198 216 1241 244 lll.
1262 232 1297 237 —
1316 215 1520 245 EXEGETICA.

1827 216 1879 244 920

248 272 313 300 calo
332 271 476 304 descendit,
492 273 537 308 qui
551 273 598 300 dat
613 274 693 301 vitam
713 274 812 302 mundo
824 276 857 302 “.
874 275 901 302 ld
914 276 977 303 item
995 275 1039 304 des

1090 276 1156 308 ιλους
1173 275 1256 307 εἰκὸς,
1272 275 1327 302 οὐδ’
1342 275 1375 302 ἂν
1392 275 1528 302 ἀπέθανον
1543 275 1566 300 ol
1582 274 1610 300 ὲν
1626 274 1658 310 τῇ
1679 273 1774 309 ἐρήμῳ
1795 282 1873 309 μετα-

248 318 336 345 clarat
347 318 441 346 dicens
456 328 462 346 :
480 317 536 354 Ego
549 327 607 346 sum
621 319 697 353 panis
714 321 772 346 vita:
785 327 794 346 :
811 321 855 355 qui
872 321 938 347 venit
954 321 988 347 ad
1000 329 1039 348 me

248 371 301 390 non
311 364 419 396 esuriet,
436 369 460 391 et
470 365 514 399 qui
530 364 611 391 credit
623 365 649 391 in
663 373 702 392 me
714 373 765 392 non
779 365 849 392 sitiet
864 374 977 401 unquam
991 367 1013 382 ’³
1029 376 1036 400 ;

249 416 281 436 ac
297 417 409 437 rursum
427 419 434 436 :
452 409 508 444 Ego
528 418 586 436 sum
602 411 678 444 panis
702 412 772 438 vivus
788 412 832 446 qui
857 411 888 438 de
907 412 970 439 cwlo
994 412 1040 439 de-

247 455 347 484 scendi.
367 455 396 483 SI
411 457 469 491 quis
492 456 690 484 manducauerit
717 465 749 484 ex
769 465 837 492 pane
850 466 916 490 meo,
932 458 996 487 vivet
1011 459 1038 485 in

249 506 375 528 arternum
387 502 419 529 ".
433 501 526 537 Itaque
534 503 662 538 angelica:
670 511 779 538 quoque
793 504 908 531 virtutes
925 511 959 531 ex
974 512 1039 538 par-

247 549 406 584 ticipatione
425 549 505 578 Verbi
520 551 574 578 vita
600 551 729 578 fruuntur
742 555 854 579 πίοι-[ιιι.
868 551 934 577 Nam
948 552 1036 578 solum

247 595 416 630 unigenitum
438 595 483 623 Dei
502 595 632 628 Verbum,
661 597 831 624 rationabilis
854 598 945 624 omnis
970 597 1036 624 sub-

247 641 356 668 stantia:
378 641 536 668 alimentum
563 647 615 671 est.
636 642 818 675 Quamobrem
840 644 964 678 apposite
986 643 1038 670 lle—

249 685 342 713 braica
359 687 439 714 lectio
461 687 488 714 in
505 689 630 722 presenti
646 696 699 715 non
728 688 810 716 habet
836 688 914 721 illud,
939 689 1038 716 Panem

248 734 402 768 angelorum
418 734 584 761 manducavit
600 734 688 761 homo.

1092 321 1202 356 σχόντες
1227 321 1308 356 ἄρτου
1320 329 1326 336 ·
1342 321 1389 347 νῦν
1410 321 1439 347 δὲ
1466 321 1526 346 ἐπεὶ
1539 320 1589 346 οὐκ
1607 317 1642 355 ἦν
1665 319 1799 355 οὐράνιος,
1819 319 1880 345 οὐδὲ

1090 365 1125 402 ἦν
1140 366 1246 401 ἀληθῶς
1259 367 1338 402 ἄρτος
1353 366 1486 400 ἀγγέλων,
1497 365 1540 392 διὰ
1551 365 1628 392 τοῦτο
1642 364 1784 391 ἀπέθανον.
1796 362 1879 395 Οὗτος

1090 413 1118 438 δέ
1135 414 1209 439 ὲστιν
1225 411 1332 447 ἀληθῶς
1340 411 1464 447 οὐράνιος
1478 411 1571 446 ἄρτος,
1587 406 1639 436 οὖὸ
1653 409 1816 445 μεταλαϐὼν.
1831 409 1880 435 οὐκ

1091 457 1124 484 ἂν
1135 457 1264 484 ἀποθάνοι
1286 457 1361 484 ποτέ.
1380 457 1435 484 Καὶ
1446 457 1487 489 τίς
1504 453 1580 487 οὗτος
1592 454 1626 492 ἦν
1640 455 1759 482 διδάσκει
1776 455 1862 490 λέγων
1871 464 1877 470 -

1097 505 1124 532 '0
1147 505 1203 540 γὰρ
1222 505 1310 538 ἄρτος
1326 504 1378 531 τοῦ
1403 504 1478 530 Θεοῦ
1508 503 1594 530 ἐστιν
1608 504 1623 530 ό
1640 502 1826 529 καταϐαίνων
1844 502 1878 528 ἐκ

1090 550 1142 577 τοῦ
1167 550 1297 584 οίψανοῦ
1321 549 1370 576 καὶ
1401 548 1477 584 ζωὴν
1504 549 1606 582 διδοὺς
1623 548 1662 582 τῷ
1675 549 1793 582 κόσμῳ”
1808 556 1879 583 παρ-

1095 596 1186 632 ίστησι
1200 605 1229 623 τε
1239 596 1318 622 αὑτὸν
1328 595 1428 630 λέγων·
1437 595 1510 630 Ἐγώ
1521 596 1578 629 ειμι
1590 596 1605 621 ό
1616 594 1703 628 ἄρτος
1718 593 1771 627 τῆς
1788 593 1877 627 ζωῆς·

1091 644 1107 670 ό
1121 643 1281 678 ἑρχόμενες
1299 642 1372 676 πρὸς
1385 641 1425 676 μὲ
1444 643 1479 668 οὺ
1495 641 1537 676 μὴ
1560 639 1706 672 πεινάσει,
1726 640 1773 666 καὶ
1797 641 1813 666 ό
1838 647 1880 667 περ

1089 689 1206 716 στεύων
1217 690 1260 722 εἰς
1276 688 1339 723 ἐμὲ,
1355 689 1390 715 οὑ
1411 687 1454 722 μὴ
1471 687 1594 722 διψήσει
1621 686 1753 713 πώποτεο
1773 686 1820 712 καὶ
1834 682 1881 712 αὗ-

1091 735 1132 766 θις
1147 743 1153 751 ’
1180 734 1253 769 Ἐγώ
1265 736 1321 769 εἰμι
1334 736 1349 761 ό
1365 734 1455 768 ἄρτος
1478 735 1494 760 ό
1516 733 1571 764 ζῶν
1586 734 1602 760 ό
1618 733 1652 759 ἐκ
1674 732 1727 759 τοῦ
1751 730 1881 765 οὐρανοῦ

247 782 386 815 καταϐάς.
407 782 477 809 Ἐάν
500 791 544 815 τις
559 783 638 817 φάγῃ
658 783 693 809 ἐκ
710 782 763 809 τοῦ
780 783 852 817 ἐμοῦ
864 783 954 817 ἄρτου
964 803 972 816 ,
988 783 1106 816 ζήσεται
1119 784 1162 816 είς
1177 783 1230 809 τὸν
1242 782 1344 809 αἰῶνα.
1355 782 1459 809 Οὐκοῦν
1472 782 1519 809 καὶ
1531 782 1559 809 ιιι
1585 781 1728 816 ἀγγελικαὶ
1753 780 1882 815 δυνάμεις

247 829 279 855 ἐκ
287 830 335 865 τῆς
348 829 394 856 τοῦ
411 830 496 864 Λόγου
512 830 687 866 μεταλήψεως
715 830 822 857 αἰώνιον
854 831 926 866 ζωὴν
954 831 1133 866 καρποῦνται.
1158 831 1244 862 Μόνος
1260 831 1314 866 γὰρ
1330 831 1344 856 ὀ
1357 831 1503 866 μονογενὴς
1525 830 1572 857 τοῦ
1587 829 1654 856 Θεοῦ
1684 830 1769 863 Λόγος
1792 829 1882 864 πάσης

246 877 357 912 λογικῆς
379 877 471 910 οὐσίας
496 878 640 914 Θρεπτικὺς
665 878 802 913 τυγχάνει.
832 879 931 913 Διόπερ
960 879 1081 914 ἀκριϐῶς
1113 879 1130 914 ὴ
1164 878 1294 914 Ἐϐραῖκὴ
1323 878 1475 912 ἀνάγνωσις
1511 878 1540 904 ἐν
1559 878 1615 909 τοῖς
1643 875 1833 912 προκειμένοις
1851 875 1882 902 οὐ

248 924 366 959 περιέχει
375 924 414 956 τὸ,
433 925 536 958 Ἄρτον
549 924 686 960 ἀγγέλων
699 925 809 960 ἔφαγεν
819 925 983 959 ἄνθρωπος.

284 982 365 1010 Vens.
390 982 485 1010 265i.
506 983 615 1010 Cibaria
642 985 715 1011 misit
739 984 776 1011 eis
804 984 838 1010 ad
860 985 1039 1012 saturitatem.
1059 989 1078 1015 Β

248 1031 395 1058 Transtulit
409 1031 536 1058 Austrum
547 1031 579 1059 de
595 1031 669 1063 caelo,
681 1037 705 1059 et
718 1032 823 1058 induxit
842 1033 870 1059 in
883 1032 980 1059 virtute
991 1040 1040 1058 sua

246 1077 378 1111 Africum.
399 1076 433 1103 Et
446 1078 511 1111 pluil
534 1085 612 1112 super
632 1086 676 1105 eos
700 1078 769 1104 sicut
787 1078 918 1112 puluerem
935 1086 1038 1110 carnes,

247 1127 271 1149 et
287 1123 354 1149 sicut
369 1131 478 1150 arenam
491 1123 605 1150 marium
616 1124 737 1151 volatilia
750 1129 866 1158 pennata
880 1132 888 1151 :
901 1129 925 1151 et
939 1125 1040 1151 cecide-

246 1173 308 1195 runt
326 1169 352 1195 in
378 1168 464 1195 medio
480 1174 630 1196 castrorum
655 1177 756 1199 eorum.
777 1169 849 1195 circa
867 1169 1040 1196 tabernacula

245 1222 345 1241 eorum.
366 1213 398 1240 Et
418 1213 641 1240 manducaverunt
658 1219 682 1241 et
695 1214 811 1241 saturati
831 1219 892 1241 sunt
913 1213 1002 1245 nimis,
1014 1218 1039 1241 et

245 1260 406 1287 desiderium
428 1269 518 1295 eorum
536 1262 627 1289 attulit
649 1262 706 1294 eis,
733 1270 784 1289 non
804 1267 865 1289 sunt
884 1262 1007 1297 fraudati
1023 1271 1040 1289 ι

246 1305 375 1333 desiderio
392 1315 450 1334 suo.
460 1307 550 1334 Adhuc
560 1316 620 1334 esca
637 1316 727 1335 eorum
741 1313 798 1334 erat
809 1309 835 1334 in
847 1317 891 1335 ore
909 1308 1038 1341 ipsorum,

247 1357 272 1380 et
291 1352 332 1379 ira
351 1352 397 1379 Dei
420 1353 536 1380 ascendit
552 1361 630 1387 super
644 1361 706 1380 eos:
727 1358 752 1380 et
769 1352 866 1380 occidit
886 1352 974 1388 plures
995 1361 1039 1380 eo-

247 1406 317 1429 rum,
336 1403 360 1424 et
384 1398 478 1425 electos
502 1397 589 1425 lsrael
614 1398 757 1433 impedivit.
774 1397 852 1431 Quod
877 1406 932 1425 non
957 1397 1040 1425 modo

247 1453 356 1481 panem.
374 1445 423 1473 sed
437 1445 519 1472 etiam
534 1445 678 1480 opsonium
693 1444 884 1481 procuraverit
900 1444 941 1472 eis
960 1444 1040 1471 docet

247 1492 349 1528 Moysis
370 1491 526 1527 Scriptura,
544 1491 571 1518 in
589 1490 682 1521 Exodo
703 1491 814 1526 quidem
829 1491 924 1519 dicens
940 1491 962 1506 ’⁷
980 1500 986 1518 ;
1006 1487 1038 1518 Et

245 1537 369 1564 dixerunt
388 1537 492 1572 Moyses
511 1542 535 1565 et
552 1538 642 1564 Aaron
657 1537 691 1564 ad
709 1542 792 1564 totum
807 1542 904 1564 emtum
920 1537 1039 1571 ﬁliorum

247 1582 351 1610 Israel:
367 1583 474 1618 Vespere
489 1583 576 1610 scietis
589 1584 658 1618 quod
675 1583 803 1610 Dominus
816 1582 936 1610 eduxerit
952 1591 996 1609 vos
1008 1581 1040 1609 de

248 1633 282 1655 ter
289 1637 319 1655 ra
333 1628 458 1663 [Ἐφυριὴ
473 1637 549 1656 mane
561 1633 649 1655 autem
662 1628 782 1654 ridebitis
793 1628 907 1663 gloriam
921 1627 1037 1658 Domini,

247 1675 310 1710 quia
327 1674 428 1700 audivit
449 1682 524 1700 anme
549 1682 668 1700 murmur
690 1678 815 1700 vestrum.
843 1673 923 1700 Dabit
946 1674 1039 1708 quippe

248 1719 320 1746 vobis
345 1719 471 1746 Dominus
493 1726 594 1753 vespere
614 1726 705 1745 carnes
724 1718 758 1745 ad
779 1717 1001 1750 manducandum,
1017 1723 1041 1745 et

250 1772 328 1791 mane
342 1771 421 1798 panes
433 1764 467 1790 ad
477 1764 656 1791 saturitatem.
669 1763 766 1791 Postea
776 1771 841 1790 vero
849 1763 989 1798 subjungit
1000 1763 1022 1778 "
1033 1772 1039 1790 :

250 1810 286 1837 Et
297 1811 397 1845 factum
419 1815 458 1837 est
474 1818 585 1844 vespere,
602 1815 626 1837 et
640 1809 757 1837 ascendit
781 1810 913 1841 coturnix,
933 1814 957 1836 et
982 1817 1042 1844 ape-

249 1857 303 1884 ruit
318 1862 408 1883 castra
423 1864 432 1883 .'
446 1865 520 1883 mane
534 1864 591 1883 vero
611 1864 654 1883 ros
665 1856 751 1891 jaeuit
766 1856 793 1882 in
813 1855 924 1882 circuitu
938 1860 1042 1882 castro-

248 1908 361 1931 rum:et
376 1912 433 1931 ecce
446 1904 474 1930 in
497 1903 562 1938 [acie
570 1902 731 1933 solitudinis,
755 1902 839 1928 tenuis
860 1901 928 1928 sicut
944 1901 1040 1935 pulvis,

248 1950 325 1976 albus
340 1949 407 1976 sicut
432 1949 528 1983 pruina
541 1956 618 1982 super
630 1952 737 1974 terram.
756 1946 808 1974 Sed
825 1946 889 1982 quia
902 1951 995 1981 postea
1013 1945 1042 1973 in

247 1995 374 2023 Numeris
388 1995 488 2023 dictum
504 1995 573 2022 est"
583 1994 730 2029 :—--l’ztlgus
745 2001 844 2028 quoque
863 1993 1042 2027 promiscuum

247 2041 508 2076 ﬂagravitdesidcrio
521 2048 530 2072 ;
545 2045 569 2067 et
587 2040 703 2067 sedentes
719 2039 817 2073 flebant
832 2039 882 2073 ﬁlii
903 2037 1001 2070 Israel,
1017 2043 1040 2065 et

248 2087 370 2113 dixerunt
387 2094 395 2113 :
414 2086 479 2119 Quis
490 2085 563 2112 dabit
579 2085 652 2113 nobis
669 2086 782 2112 carnes?
806 2083 985 2112 Recordentur
1000 2085 1041 2119 pi—

249 2133 334 2159 scium
353 2140 416 2166 quos
432 2131 629 2158 comedebamus
643 2132 670 2157 in
684 2130 800 2166 ngypto
814 2131 910 2165 gratis,
925 2135 948 2157 et
961 2138 1042 2157 cucu-

249 2186 332 2204 meres
343 2183 367 2204 ct
381 2185 490 2212 pepones
502 2182 526 2203 et
538 2185 630 2212 porros
645 2181 669 2203 et
680 2184 748 2210 cepe.
762 2176 841 2202 Nunc
851 2181 938 2202 autent
950 2176 1040 2202 anima

248 2231 282 2250 no
292 2228 340 2249 τινα
354 2222 479 2257 peranda
506 2220 607 2248 Deinde
622 2221 769 2256 subjicitur
780 2221 802 2237 ³⁸
819 2231 825 2248 :
842 2221 873 2248 Et
887 2221 953 2248 abiit
967 2221 1041 2256 Moy-

249 2276 289 2295 ses
305 2269 331 2294 in
345 2272 433 2294 castra
446 2268 498 2301 ipse
513 2271 536 2294 et
548 2267 662 2294 seniores
673 2265 769 2293 Israel.
784 2266 816 2293 Et
831 2267 940 2301 spiritus
953 2275 1041 2302 egres-

1132 984 1338 1020 Ἑπισιτισμὸν
1363 983 1543 1010 ἀπέστειλεν
1564 983 1667 1015 αὐτοῖς
1686 983 1729 1015 εὶς
1747 983 1882 1016 πλησμοσ

1091 1031 1158 1064 mir.
1195 1031 1318 1066 Ἀπῆρεν
1342 1031 1440 1058 Νότον
1451 1029 1486 1062 ἐξ
1510 1029 1650 1063 οὐρανοῦ,
1666 1029 1714 1055 καὶ
1732 1028 1884 1063 ἐπήγαγεν

1089 1077 1125 1103 ἐν
1141 1076 1178 1111 τῇ
1196 1077 1321 1112 δυνάμει
1339 1076 1432 1104 αὑτοῦ
1449 1075 1535 1103 Λίϐα.
1550 1076 1605 1102 Kal
1627 1075 1748 1110 ἔϐρεξεν
1767 1074 1814 1101 ἐπ’
1827 1075 1883 1102 αὑ-

1090 1123 1160 1155 τοὺς
1175 1121 1246 1149 ὡσεὶ
1270 1122 1346 1157 χοῦν
1362 1121 1489 1156 σάρκας,
1505 1121 1555 1148 καὶ
1568 1121 1640 1148 ὡσεὶ
1659 1121 1757 1155 ἄμμον
1771 1122 1883 1148 θαλασ-

1089 1167 1154 1195 σῶν
1167 1168 1287 1195 πετεινὰ
1301 1167 1434 1201 πτερωτά
1443 1176 1449 1183 ·
1464 1168 1512 1194 καὶ
1523 1168 1673 1195 ἐπέπεσεν
1686 1168 1721 1194 ἐν
1730 1166 1816 1202 μέσῳ
1828 1166 1884 1201 τῆς

1089 1213 1279 1249 παρεμϐολῆς
1295 1212 1404 1245 αὐτῶν,
1420 1214 1522 1247 κύκλῳ
1537 1213 1597 1241 τῶν
1611 1213 1815 1248 σκηνωμάτων
1831 1215 1884 1241 αὐ·

1090 1260 1157 1288 τῶν.
1171 1261 1225 1288 Καὶ
1235 1260 1349 1295 ἔφατον
1364 1260 1413 1286 καὶ
1428 1260 1667 1294 ἐνεπλήσθησαν
1685 1259 1814 1294 σφόδρα,
1835 1261 1884 1287 καὶ

1090 1307 1147 1340 τὴν
1159 1307 1319 1342 ἐπιθυμίαν
1340 1306 1439 1333 αὐτῶν
1458 1307 1585 1341 ἤνεγκεν
1601 1306 1713 1339 αὐτοῖς,
1729 1307 1785 1333 οὐκ
1799 1307 1884 1333 ἐστο-

1085 1351 1228 1386 ρήθησαν
1260 1351 1320 1379 ἀπὸ
1347 1351 1402 1385 τῆς
1429 1351 1587 1386 ἐπιθυμίας
1609 1351 1718 1378 αὐτῶν.
1741 1352 1802 1378 Ἔτι
1828 1350 1884 1384 τῆς

1087 1398 1228 1432 ,ϐρώσεως
1241 1397 1337 1431 οὔσης
1350 1397 1385 1424 ἐν
1398 1396 1438 1430 τῷ
1453 1397 1579 1432 στόματι
1591 1395 1689 1423 αὐτῶν
1703 1396 1752 1423 καὶ
1767 1397 1786 1431 ἡ
1808 1397 1881 1431 ὀργὴ

1088 1445 1142 1472 τοῦ
1170 1443 1244 1472 Θεοῦ
1273 1443 1365 1478 ἀνέϐη
1388 1444 1435 1470 ἐπ’
1456 1443 1582 1476 αὐτούς·
1596 1443 1644 1470 καὶ
1657 1443 1884 1470 ἀπέκτεινενὲν

1089 1490 1154 1524 τοῖς
1176 1491 1318 1519 πλείοσιν
1349 1489 1459 1522 αὐτῶν,
1477 1489 1527 1516 καὶ
1547 1489 1619 1522 τοὺς
1646 1489 1806 1522 ἐκλεκτοὺς
1827 1489 1883 1516 τοῦ

1097 1537 1222 1572 Ἰσραὴλ
1239 1537 1452 1564 συνεπόδισεν.
1472 1536 1533 1562 Ὅτι
1550 1535 1588 1571 μὴ
1605 1535 1684 1572 μόνου
1706 1536 1801 1572 ἄρτου,
1815 1535 1883 1562 ἀλλὰ

1089 1585 1138 1612 καὶ
1151 1585 1215 1620 ὕψου
1227 1584 1390 1620 προενόησεν
1407 1584 1508 1615 αὐτοῖς,
1524 1583 1643 1610 διδάσκει
1651 1584 1697 1610 καὶ
1715 1584 1731 1617 ή
1761 1583 1883 1615 Manen);

1090 1631 1232 1667 Γραφὴ,ὲν
1247 1630 1294 1665 μὲν
1309 1630 1405 1665 Ἐξόδῳ
1420 1629 1545 1663 λέγουσα·
1563 1630 1619 1656 Kal
1637 1627 1819 1662 εἶπεΜωσῆς
1832 1630 1882 1657 καὶ

1098 1676 1206 1711 Ἀαρὼν
1220 1676 1290 1710 πρὸς
1319 1676 1423 1703 πᾶσαν
1437 1675 1618 1711 συναγωγὴν
1645 1675 1718 1702 υἱῶν
1745 1676 1880 1709 Ἰσραήλ·

1097 1722 1245 1756 Ἑσπέραν
1265 1721 1427 1756 γνώσεσθε,
1445 1721 1490 1748 ὅτι
1509 1722 1615 1755 Κύριος
1642 1720 1789 1755 ἐξήγαγεν
1803 1719 1881 1755 ὑμᾶς

1091 1768 1126 1795 ἐκ
1141 1767 1195 1803 γῆς
1206 1769 1359 1803 Αἰγύπτου
1367 1776 1374 1783 ·
1387 1767 1462 1802 πρωῒ
1473 1767 1508 1794 δὲ
1519 1767 1631 1802 ὄψεσθε
1646 1767 1704 1801 τὴν
1715 1766 1810 1798 δόξαν
1825 1768 1869 1793 liv
1877 1781 1883 1787 -

1087 1814 1167 1848 ρίου,
1179 1815 1213 1841 ἐν
1227 1813 1266 1847 τῷ
1281 1814 1458 1841 εἰσακοῦσαι
1477 1813 1570 1841 αὑτὸν
1583 1813 1681 1840 πάντα
1705 1813 1759 1840 τὸν
1781 1822 1882 1848 γογγυ-

1092 1860 1170 1894 σμὸν
1183 1859 1277 1895 ὑμῶν,
1289 1861 1324 1887 ὲν
1335 1859 1375 1892 τῷ
1387 1860 1502 1886 διδόναι
1517 1859 1570 1887 τὸν
1586 1860 1696 1893 Κύριον
1707 1859 1778 1893 ὑμῖν
1791 1858 1881 1886 ἑσπέ-

1088 1914 1146 1940 ρας
1160 1905 1232 1940 κρέα
1250 1905 1365 1940 φαγεῖν,
1394 1905 1443 1932 καὶ
1467 1904 1577 1939 ἄρτους
1601 1904 1633 1931 τὸ
1645 1905 1722 1938 πρωῒ
1743 1905 1787 1936 εις
1806 1906 1881 1937 πλη-

1092 1953 1220 1988 σμονήν.
1229 1953 1283 1979 Καὶ
1294 1952 1413 1986 ἐπιλέγει
1423 1951 1494 1986 ἐξῆςο
1509 1951 1564 1978 Καὶ
1575 1950 1692 1986 ἐγένετο
1706 1950 1881 1984 ἐσπέρη,κιιὶ

1091 1998 1182 2032 ἀνέϐη
1196 1998 1406 2033 ὀρτυγομήτρα,
1414 1999 1462 2024 καὶ
1470 1997 1604 2031 ἐκάλυψε
1613 1996 1670 2031 τὴν
1678 1995 1879 2031 παρεμϐολήν·

1091 2044 1124 2070 rb
1137 2044 1211 2078 πρωῒ
1217 2043 1250 2070 δὲ
1260 2043 1378 2078 ἐγένετο
1386 2043 1632 2077 καταπιιινομένης
1640 2041 1693 2075 τῆς
1705 2042 1818 2076 δρόσου
1829 2041 1879 2068 κύ-

1092 2092 1154 2124 κλῳ
1164 2089 1219 2124 τῆς
1234 2089 1436 2124 παρεμϐολῆς-
1456 2090 1504 2116 καὶ
1518 2090 1581 2117 ἰδοὺ
1589 2090 1637 2116 ἐπὶ
1649 2089 1812 2122 προσώπου
1827 2089 1879 2123 τῆς

1091 2136 1212 2170 ἐρήμου,
1227 2135 1341 2162 λεπτὸν
1353 2136 1423 2162 ὡσεὶ
1440 2135 1553 2166 κόνιον,
1572 2134 1685 2162 λευκὸν
1699 2135 1770 2161 ὡσεὶ
1787 2135 1879 2170 πάγος

1091 2182 1141 2209 ἐπὶ
1155 2182 1209 2216 τῆς
1237 2182 1304 2217 γῆς.
1328 2182 1396 2208 Ἀλλ’
1411 2182 1504 2218 ἐπειδὴ
1525 2182 1595 2217 μετὰ
1616 2182 1701 2208 ταῦτα
1718 2181 1827 2218 εἴρηται
1852 2183 1879 2208 ὲν

1099 2229 1127 2255 Ἀ
1133 2228 1174 2265 ριο
1179 2229 1341 2263 μοῖςι-Καὶ
1351 2231 1366 2256 ό
1373 2229 1409 2256 ἐπ
1413 2229 1474 2263 [μικ
1478 2237 1526 2262 τος
1537 2228 1572 2255 ἐν
1583 2230 1621 2255 αὐ
1625 2228 1685 2261 τοῖς
1692 2228 1879 2263 ἐπεθύμησεν

1091 2272 1259 2307 ἐπιθυμίαν,
1276 2273 1509 2306 καὶκαθίσαντες
1522 2273 1635 2300 ἔκλαον
1649 2275 1674 2300 οι
1683 2274 1737 2300 vlol
1747 2273 1880 2307 Ἰσραὴλ,

250 2323 294 2342 sus
310 2319 348 2342 cst
373 2323 389 2341 a
407 2313 531 2346 Domino,
547 2317 572 2340 et
596 2313 683 2340 emisit
702 2313 861 2340 coturnicem
881 2322 895 2340 a
920 2314 997 2346 mari,
1014 2317 1039 2340 et

1092 2319 1141 2346 καὶ
1152 2317 1251 2351 εἶπαν,
1270 2320 1317 2352 Τίς
1333 2320 1461 2354 ψωμίσει
1475 2320 1547 2354 ἡμῖν
1559 2319 1649 2354 κρέα;
1672 2319 1878 2354 Ἐμνήσθημεν

248 2361 338 2396 injecit
354 2361 382 2388 in
396 2365 486 2387 castra
501 2360 594 2387 itinere
607 2360 685 2387 unius
699 2360 751 2386 diei
769 2360 796 2387 in
809 2360 919 2386 circuitu
934 2365 1038 2387 castro-

247 2416 318 2439 rum.
334 2408 410 2442 quasi
426 2406 528 2434 duobus
548 2406 642 2433 cubitis
658 2414 736 2440 super
751 2411 860 2433 terram.
873 2406 907 2433 Et
929 2415 1037 2442 surgens

247 2453 358 2488 populus
370 2458 423 2479 toto
435 2453 478 2480 die
491 2452 538 2480 illo
549 2457 575 2479 et
587 2457 671 2483 nocte,
683 2453 848 2488 congrega:it
862 2453 1038 2488 unusquisque

247 2497 316 2533 quod
331 2498 471 2532 su/Iiciebat
487 2506 496 2525 :
513 2498 558 2533 qui
582 2498 704 2528 multum,
727 2507 779 2525 non
793 2497 1036 2533 superabundavit;

247 2549 271 2571 et
282 2543 326 2578 qui
341 2551 445 2577 parum,
454 2552 506 2570 non
519 2544 641 2578 indiguit.
651 2545 703 2577 Qui
718 2553 823 2579 parum,
833 2544 935 2580 collegit
949 2544 1036 2572 decem

248 2598 333 2616 toros.
346 2589 380 2615 Et
392 2590 497 2616 siccaue
513 2595 574 2617 sunt
587 2591 613 2617 in
622 2591 691 2617 vasis
709 2591 735 2617 in
752 2591 863 2617 circuitu
876 2597 1034 2624 castrorum,

248 2644 306 2670 qua:
321 2635 432 2662 aderant
448 2644 550 2668 carnes,
577 2642 714 2672 antequam
729 2637 880 2672 deﬁcerent.
892 2637 926 2664 Et
950 2638 1035 2665 iratus

247 2683 287 2706 est
304 2678 454 2706 Dominus:
469 2685 493 2706 et
519 2686 637 2708 vocatum
656 2686 695 2709 est
714 2690 807 2709 nomen
823 2683 874 2710 loci
889 2682 973 2714 illius,
989 2682 1037 2710 Se-

247 2725 341 2759 pulcra
361 2726 587 2760 concupiscentia,
599 2728 662 2762 quia
680 2728 718 2755 ibi
740 2729 895 2763 sepelierunt
910 2730 1036 2764 populum

247 2773 292 2806 qui
315 2773 495 2807 concupiverat
504 2779 702 2808 ;—opportuue
715 2775 798 2810 igitur
806 2776 938 2807 clausula,
954 2783 1035 2810 quam

249 2823 410 2851 tractamus,
427 2819 484 2847 haec
500 2818 579 2847 docet
590 2820 633 2847 his
651 2822 742 2849 verbis
759 2831 764 2848 :
783 2818 894 2849 Cibaria
908 2822 981 2849 misit
997 2822 1035 2849 eis

249 2864 283 2891 ad
298 2866 476 2898 saturitatem,
490 2869 517 2894 et
530 2871 637 2894 caetera.
655 2866 739 2896 Docet
749 2873 840 2896 autem
853 2869 972 2896 volatilia
989 2869 1035 2896 illa

285 2924 505 2963 fthtap:v_t,35.
544 2927 696 2956 "ibid.35.
750 2928 849 2956 "ibid.
865 2927 962 2963 51,52.

250 2960 271 2976 ³ο
287 2959 351 2987 ibid.
365 2960 408 2990 30.
424 2961 468 2989 34.

1020 2930 1041 2945 ³⁷
1053 2929 1138 2958 Exod.
1154 2938 1209 2964 xw,
1230 2929 1288 2959 6-8.

1090 2363 1162 2396 τοὺς
1176 2364 1290 2398 ἰχθύας,
1315 2363 1368 2397 οὓς
1386 2364 1532 2398 ἠσθίομεν
1547 2364 1582 2390 ἐν
1597 2364 1735 2398 Αἰγύπτῳ
1756 2363 1878 2398 δωρεὰν,

1090 2409 1139 2435 καὶ
1153 2409 1225 2442 τοὺς
1237 2410 1372 2442 σικυοὺς,
1381 2410 1429 2436 καὶ
1444 2409 1515 2442 τοὺς
1534 2409 1679 2442 πέπονας,
1690 2409 1739 2435 καὶ
1755 2410 1792 2436 τὰ
1809 2409 1879 2443 πρά-

1089 2463 1141 2487 σα,
1156 2455 1205 2482 καὶ
1220 2456 1255 2482 τὰ
1267 2456 1388 2490 κρόμυα.
1397 2456 1473 2482 Νυνὶ
1485 2455 1519 2482 δὲ
1531 2457 1550 2490 ἠ
1559 2455 1645 2490 ψυχὴ
1661 2455 1745 2490 ἡμῶν
1752 2455 1880 2490 κατάξη-

1085 2510 1148 2536 ρος.
1163 2500 1229 2528 Εἶτα
1238 2502 1391 2536 ὲπιλέγεται
1408 2502 1484 2538 ἑξῆς·
1501 2503 1555 2530 Kal
1572 2502 1689 2537 ἀπῆλθε
1700 2501 1813 2536 Μωσῆς
1838 2503 1881 2535 εἰς

1089 2548 1146 2582 τὴν
1160 2549 1362 2583 παρεμϐολὴν,
1381 2548 1472 2581 αὐτὸς
1491 2549 1541 2576 καὶ
1565 2550 1593 2576 ol
1616 2547 1880 2583 πρεσϐύτεροίτοῦ

1095 2594 1228 2628 Ἰσραήλ.
1238 2595 1292 2621 Kal
1299 2595 1415 2630 πνεῦμα
1428 2595 1538 2629 ἐξῆλθε
1543 2595 1622 2631 παρὰ
1629 2597 1751 2630 Κυρίου,
1760 2595 1810 2623 καὶ
1818 2595 1880 2628 ἐξέ-

1090 2640 1201 2673 ερασεν
1209 2640 1429 2676 ὀρτυγομήτραν
1436 2641 1494 2668 ἀπὸ
1503 2640 1558 2676 τῆς
1567 2641 1736 2674 θαλάσσης,
1754 2641 1804 2668 καὶ
1811 2640 1878 2667 ἐπέ-

1089 2686 1181 2712 ϐαλεν
1194 2686 1242 2713 ἐπὶ
1255 2687 1312 2720 τὴν
1321 2687 1591 2722 παρεμϐολὴνόδὸν
1605 2687 1728 2722 ἡμέρας,
1739 2687 1878 2715 ἐντεῦθεν

1088 2732 1191 2764 κύκλῳ
1206 2731 1260 2766 τῆς
1274 2733 1462 2768 παρεμϐολῆς
1471 2733 1542 2760 ὡσεὶ
1549 2733 1663 2768 δίπηχυ
1677 2734 1735 2761 ἀπὸ
1743 2733 1799 2768 τῆς
1811 2733 1874 2769 γῆς.

1089 2777 1143 2804 Kal
1156 2777 1290 2812 αναστὰς
1302 2779 1318 2805 ό
1327 2778 1400 2812 λαός
1417 2779 1495 2813 ὅλην
1503 2778 1560 2812 τὴν
1569 2779 1682 2813 ἡμέραν
1698 2779 1818 2813 ἐκείνην
1828 2779 1875 2805 καὶ

1089 2823 1166 2856 ὅλην
1178 2823 1234 2858 τὴν
1247 2825 1352 2858 νύκτα,
1371 2824 1420 2852 καὶ
1441 2824 1615 2859 συνήγαγεν
1630 2825 1760 2858 ἕκαστος
1776 2826 1809 2851 τὸ
1823 2825 1874 2859 ἀρ-

1089 2869 1178 2898 κοῦν
1195 2871 1212 2897 ὁ
1226 2869 1260 2897 τὸ
1272 2870 1351 2898 πολὺ
1364 2871 1419 2898 ητύι
1434 2871 1614 2903 ἐπλεόνασε,
1628 2871 1676 2898 κο)
1693 2873 1710 2898 ὁ
1725 2871 1756 2897 τὸ
1772 2871 1876 2905 ὀλίγον

1341 2929 1452 2964 ¹⁸Ξ1)ἱι1.³
1471 2930 1513 2963 l3,
1534 2930 1610 2962 ιι-θ.
1667 2931 1689 2945 ²⁹
1699 2929 1780 2957 Num.
1796 2929 1870 2962 “,5.
