2024 3214
262 188 316 218 925

626 186 762 216 EUSEBll
779 183 1019 214 CESARIENSIS
1035 184 1112 214 OPP.
1129 183 1219 214 PARS
1236 183 1282 212 Ill.
1299 199 1335 205 —
1352 181 1556 210 EXEGETICA.

1837 176 1889 204 θοι

262 244 444 272 occidentem
456 243 608 280 quterebant
618 252 688 276 eum,
700 248 724 270 et
736 243 930 270 revertebantur
941 247 966 269 et
978 242 1047 269 ditu-

1101 241 1200 276 γεσιῶν
1215 241 1290 270 οὐδὲν
1311 239 1390 267 πλέον
1416 238 1533 266 ἐκτῶντο
1552 236 1620 273 πρὸς
1644 235 1787 270 ὠφέλειαν,
1804 235 1849 262 διὰ
1859 235 1889 262 δὲ

261 291 321 319 culo
332 290 466 318 veniebant
483 290 518 317 ad
531 289 772 318 Deum.Verberati
786 289 886 324 quippe
900 292 927 316 et
947 288 1051 324 suppli-

261 336 305 363 cio
325 335 413 363 allecti
430 336 572 363 brutorum
585 335 771 370 jumentorum
788 335 875 361 instar
898 334 932 361 ad
954 334 1048 362 verbe-

260 378 347 406 rantis
364 386 475 406 sensum
492 377 692 409 revocabantur
705 376 800 411 (Vens.
818 376 873 412 55),
888 384 950 404 cum
961 384 994 403 ex
1007 384 1049 404 re-

261 427 304 451 cta
322 424 427 452 ratione
444 423 478 450 ad
493 423 632 450 meliorem
649 430 678 450 se
692 422 796 458 frugem
813 430 867 449 non
884 422 1049 457 reciperent.

260 470 335 504 Quos
361 471 401 499 sic
430 470 580 505 alloquitur
605 469 768 504 Scriptura:
787 468 876 496 Nolite
899 469 958 503 ﬁeri
980 469 1048 495 sicut

260 525 341 552 equus
366 522 391 545 et
415 516 513 548 mulus,
529 514 622 551 quibus
635 523 685 541 non
697 519 736 541 est
753 514 909 541 intellectus.
926 513 958 540 In
973 523 1048 542 canto

260 567 285 590 et
304 563 378 597 frena
395 561 520 588 maxillas
539 569 630 588 eorum
645 560 792 594 constringe
801 560 846 594 qui
862 568 911 586 non
923 561 1048 594 approxi-

259 614 334 636 mant
348 608 383 635 ad
401 613 433 636 te.
448 607 476 634 Μ
479 608 536 635 ulta
548 607 654 642 ﬂagella
666 611 842 640 peccatorum.
855 611 988 640 sperantes
999 615 1047 633 au-

261 660 312 681 tem
330 656 357 681 in
374 654 487 681 Domino
501 652 682 680 misericordia
696 651 871 679 circumdabit
881 652 913 678 ³¹.

1100 288 1150 324 τῆς
1162 286 1364 323 μετερχομένης
1379 285 1478 316 αὐτοὺς
1492 284 1576 319 ὀργῆς
1589 282 1728 319 κρείττους
1739 281 1887 316 ἐγίγνοντο.

1100 333 1146 360 Διὸ
1161 333 1224 368 ἑξῆς
1239 332 1359 366 ἐπιλέγει
1371 340 1378 346 ·
1398 331 1489 357 Ὅταν
1502 329 1677 356 ἀπέκτεινεν
1692 327 1812 361 αὐτοὺς,
1825 328 1889 360 ἐξε-

1100 378 1207 412 ζῆτουν
1220 377 1322 409 αὐτὸν,
1340 375 1388 403 καί
1401 375 1586 408 ἐπέστρεφον
1597 373 1646 400 καὶ
1659 372 1798 415 ὢρθριζον
1813 374 1890 408 πρὸς

1100 423 1154 451 τὸν
1170 424 1253 451 Θεόν.
1271 421 1471 457 Μαστιζόμενοι
1495 421 1549 456 γὰρ
1561 420 1607 446 καὶ
1624 419 1809 455 κολαζόμενοι,
1822 429 1889 456 utq—

1101 469 1154 496 νῶν
1168 469 1272 503 ἀλόγων
1283 468 1361 503 δίκην
1377 467 1502 502 αἴσθησιν
1519 465 1702 501 ἀνελάμϐανον
1716 465 1762 492 τοῦ
1773 466 1890 494 τύπτον-

1100 525 1155 548 τος,
1168 516 1239 551 λόγῳ
1255 515 1303 550 μὲν
1316 513 1388 550 ὀρθῷ
1400 514 1438 549 μὴ
1453 513 1692 549 σωφρονιζόμενοι·
1708 513 1776 547 πρὸς
1788 512 1836 544 οὓς
1852 511 1890 539 εἴ-

1100 571 1152 590 πεν
1165 561 1199 589 ἂν
1210 563 1224 588 δ
1239 561 1332 596 λόγος·
1344 559 1392 594 Μὴ
1406 560 1524 595 γίνεσθε
1535 559 1574 592 ὠς
1583 559 1674 591 ἵππος
1688 559 1736 585 καὶ
1751 559 1888 593 ἡμίονος,

1099 607 1145 643 οἷς
1160 610 1216 636 οὐκ
1233 607 1298 634 ἐστι
1315 607 1451 640 σύνεσις.
1460 607 1512 633 Ἐν
1527 605 1610 640 muth
1634 604 1683 632 καὶ
1705 605 1820 639 χαλινῷ
1835 607 1888 639 τὰς

1100 655 1243 690 σιαγόνας
1256 653 1355 681 αὐτῶν
1378 652 1466 687 ἇγξαι
1489 651 1548 679 τῶν
1569 652 1612 687 μὴ
1627 651 1799 687 ἐγγιζόντων
1813 652 1889 687 πρὸς

259 702 427 729 σέοΠο-ῖλαὶ
441 704 469 728 αἱ
481 701 625 736 μάστιγες
636 699 696 726 τῶν
709 699 905 734 ἁμαρτωλῶν·
923 701 993 735 τοὺς
1008 703 1042 730 δὲ
1055 703 1229 734 ἐλπίζοντας
1244 701 1292 728 ἐπὶ
1308 700 1417 734 Κύριον
1429 700 1516 732 ἕλεος
1533 698 1688 726 κυκλώσει.

299 747 382 776 Vens.
400 748 444 781 36,
462 748 506 775 57.
528 747 562 775 Et
586 747 734 774 dilexerunt
755 755 814 774 eum
836 748 862 774 in
884 756 928 776 ore
948 758 1006 783 suo,
1025 757 1051 778 et

258 794 350 829 lingua
377 803 426 821 sua
443 794 544 820 mentiti
566 799 628 821 sunt
650 794 684 820 ei.
698 793 751 821 Cor
773 798 862 821 autem
882 803 972 823 eorum
997 805 1049 825 non

257 844 315 867 erat
330 844 428 866 rectum
441 848 499 866 cum
514 847 555 871 eo,
569 847 614 866 nec
630 839 720 874 ﬁdeles
735 839 820 866 habiti
833 846 894 867 sunt
919 842 946 869 in
968 847 1050 870 testa-

257 891 344 913 mento
357 886 424 921 ejus.
441 885 509 913 Cum
533 894 561 912 in
577 885 620 913 sui
636 885 754 920 gratiam
777 886 909 914 miracula
933 888 1047 916 ederen<

257 935 312 965 tur,
327 939 382 959 non
407 931 554 959 credebant
571 941 578 959 :
594 932 729 959 verberati
756 935 847 959 autem
865 936 892 960 et
909 933 1045 962 interfecti

257 978 464 1006 revertebantur
477 977 511 1005 ad
528 977 733 1005 Deum.Verum
748 977 774 1005 id
789 986 844 1006 non
860 979 965 1007 sincere
976 988 1046 1016 prte-

257 1024 377 1055 slabant,
397 1024 445 1051 sed
469 1024 597 1052 simulate
623 1027 729 1051 tantum
756 1028 782 1052 et
808 1025 942 1053 labiorum
964 1031 1046 1055 tenus
1061 1022 1083 1048 Β

255 1069 303 1098 Dei
330 1069 426 1097 laudes
450 1069 636 1101 celebrabant,
653 1078 704 1098 nec
720 1077 788 1104 puro
807 1079 872 1098 sane
888 1072 996 1106 animo;
1011 1073 1049 1101 ita

255 1119 286 1142 ut
307 1115 362 1143 illis
388 1115 440 1143 hoc
467 1116 568 1143 dictum
584 1116 750 1144 conveniat:
769 1116 887 1151 Populus
905 1117 946 1145 hic
967 1118 1048 1146 labiis

255 1170 296 1189 me
310 1161 433 1193 honorat,
451 1169 497 1188 cor
513 1166 601 1188 autent
624 1170 714 1188 eorum
733 1162 809 1198 longe
824 1168 861 1190 est
880 1172 897 1190 a
911 1172 960 1192 me.
976 1163 1049 1191 Fru-

257 1213 315 1235 strtt
332 1213 420 1235 autem
438 1208 527 1235 colunt
541 1217 581 1235 me
589 1208 621 1235 “.
649 1208 682 1235 Et
703 1209 755 1244 ipsi
772 1209 882 1244 quidem
896 1210 930 1237 ad
944 1215 1048 1238 tantam

256 1253 460 1289 improbitatem
477 1254 662 1288 devenerunt;
676 1254 721 1282 ille
735 1262 801 1282 vero
818 1255 882 1282 boni
906 1257 992 1291 patris
1009 1257 1050 1284 in-

255 1304 324 1332 star,
352 1300 454 1335 majore
480 1307 543 1336 erga
573 1301 634 1328 illos
661 1300 850 1328 misericordia
882 1306 1046 1332 commotus.

258 1346 395 1382 propitius
421 1351 478 1373 erat
501 1346 619 1380 peccatis
635 1354 741 1377 eorum.
757 1354 846 1382 neque
858 1347 984 1374 tradebat
999 1355 1047 1375 eos

255 1391 284 1419 in
302 1395 450 1419 extremam
466 1391 630 1426 perniciem;
644 1391 698 1418 imo
711 1399 776 1419 vero
791 1392 941 1419 daemonem
957 1397 1047 1420 exter-

259 1437 434 1469 minatorem,
448 1441 475 1464 et
495 1437 542 1464 ira:
564 1445 619 1464 suae
639 1437 794 1465 ministrum
813 1438 983 1474 ultoremque
997 1446 1046 1465 an-

256 1481 358 1517 gelum.
371 1482 417 1517 qui
434 1483 510 1510 furor
519 1483 580 1518 ejus
595 1483 754 1515 vocabatur,
767 1484 876 1519 placato
891 1483 972 1512 Patre
983 1493 1044 1516 suo,

254 1528 290 1555 ab
303 1528 399 1556 iisdem
412 1529 559 1556 avertebat.
573 1529 662 1561 Quare
674 1529 778 1556 dictum
795 1533 838 1557 est
854 1529 984 1558 ι-νειιε.
998 1530 1033 1558 58

255 1572 316 1607 Ipse
340 1578 427 1601 autem
450 1579 489 1602 est
513 1575 673 1607 misericors,
688 1579 713 1602 et
725 1575 854 1609 propitius
872 1576 915 1610 [iet
931 1576 1044 1611 peccatis

255 1630 358 1653 eorum,
382 1626 406 1648 et
434 1630 483 1648 non
502 1621 642 1656 disperdet.
666 1621 698 1648 Et
722 1621 865 1648 abundabit
890 1627 918 1649 ut
943 1628 1044 1650 auertat

254 1668 324 1694 iram
340 1676 427 1699 suam,
443 1672 468 1694 et
483 1676 534 1694 non
547 1667 668 1695 accendet
685 1676 786 1695 omnem
799 1669 868 1695 iram
881 1677 964 1696 suam.
975 1668 1042 1696 Nam

253 1721 317 1742 cum
343 1721 390 1741 eos
417 1714 551 1748 patienter
575 1714 669 1746 ferret,
689 1714 808 1741 nondum
836 1715 861 1741 in
887 1699 1078 1743 l‘incmillosC

257 1757 429 1793 repudiabat.
444 1757 600 1785 Secundum
613 1757 806 1793 Symmachum
819 1762 908 1784 autem
921 1758 1021 1785 dicitur
1035 1767 1042 1785 :

257 1803 318 1837 Ipse
335 1804 496 1834 misericors,
506 1803 636 1838 propitius
647 1807 762 1837 peccato,
774 1808 798 1830 et
816 1811 868 1830 non
881 1803 1043 1838 disperdens.

255 1849 291 1876 Et
307 1850 420 1877 multum
435 1849 529 1877 avertit
556 1850 625 1876 iram
643 1857 730 1881 suam,
749 1853 773 1876 et
790 1858 843 1876 non
861 1850 984 1876 excitavit
1006 1854 1046 1876 to-

255 1901 311 1922 tum
326 1896 443 1930 furorem
460 1904 548 1924 suum.
560 1895 601 1922 Ad
619 1895 676 1922 haec
693 1895 773 1922 aliam
790 1896 818 1923 in
832 1903 879 1924 eos
893 1897 1046 1924 accusatio—

254 1950 318 1970 nem
346 1942 465 1970 instituit
490 1941 585 1970 dicens
605 1951 663 1970 :—
682 1941 765 1970 Vens.
782 1943 825 1971 59.
845 1942 879 1969 Et
893 1943 1044 1971 recordatus

254 1992 293 2015 est
313 1988 376 2023 quia
396 1996 458 2015 caro
476 1993 549 2021 sunt,
567 1989 677 2022 spiritus
708 1988 805 2016 vadens
824 1993 848 2016 et
865 1997 918 2016 non
930 1989 1044 2016 rediens.

257 2034 328 2068 Quia
339 2035 411 2062 enim
428 2035 473 2069 qui
485 2034 602 2061 adhwret
616 2034 737 2068 Domino,
748 2043 815 2062 unus
827 2035 936 2070 spiritus
948 2039 998 2067 est,
1008 2040 1044 2068 et,

255 2081 301 2115 qui
323 2079 438 2108 adhwret
453 2081 540 2113 carni,
556 2089 635 2108 unum
649 2089 742 2116 corpus
752 2086 791 2108 est
799 2082 832 2114 “;
847 2081 908 2116 jure
921 2082 1045 2109 carnales

254 2130 282 2154 et
296 2134 444 2162 corporeus
458 2127 520 2154 illos
536 2134 597 2155 esse
619 2127 655 2155 ob
677 2129 802 2162 corporis
824 2132 852 2155 et
873 2128 1045 2163 voluptatum

260 2180 392 2203 amorem.
408 2177 435 2200 et
447 2180 558 2200 carnem
574 2181 635 2200 esse
652 2173 740 2201 factos
756 2173 804 2201 ait.
820 2173 883 2200 Ideo
896 2173 963 2200 dicit
978 2173 1046 2201 τηε-

254 2218 379 2245 cordatus
404 2223 443 2246 est
465 2219 528 2254 quia
551 2227 614 2246 caro
630 2223 700 2247 sunt.
718 2218 861 2252 Quomodo
875 2223 965 2247 autem
981 2227 1046 2247 caro

255 2265 310 2292 sint
326 2264 377 2292 sub
390 2264 448 2292 haec
464 2265 583 2300 explicat
599 2265 642 2293 his
656 2265 747 2293 verbis
762 2275 768 2293 :
783 2265 1006 2301 Spirituspadens
1021 2270 1046 2293 et

257 2318 310 2337 non
330 2309 444 2338 rediens.
460 2309 528 2338 Nam
555 2311 669 2346 spiritus
683 2311 775 2339 carnis
790 2315 927 2344 terrenus,
943 2317 1046 2339 morta-

253 2356 299 2387 lis,
313 2359 340 2384 et
356 2357 442 2384 ruinae
455 2357 603 2385 obnoxius.
621 2357 702 2385 Tales
717 2361 796 2386 erant
812 2358 851 2385 illi
865 2362 988 2394 tempore
1003 2358 1045 2385 di—
1062 2370 1082 2398 ο

254 2403 321 2430 luvii
351 2403 384 2432 de
405 2404 505 2439 quibus
530 2403 653 2432 dicitur:
671 2403 733 2431 Non
748 2405 909 2439 permanebit
936 2405 1043 2440 spiritus

253 2457 326 2476 meus
341 2450 367 2476 in
381 2450 540 2484 hominibus,
554 2451 616 2486 quia
637 2458 731 2477 carnes
747 2455 809 2477 sunt
819 2450 861 2483 “;
878 2451 916 2478 ita
930 2456 959 2478 ut
972 2451 1042 2478 alius

254 2495 293 2523 sit
306 2496 421 2529 spiritus
436 2495 546 2524 divinus
559 2490 640 2524 initio
656 2496 813 2524 hominibus
830 2496 951 2528 inditus;
971 2497 1041 2524 alius

253 2547 320 2567 vero
332 2540 446 2574 spiritus
460 2542 563 2569 carnis.
579 2541 647 2569 Nam
667 2542 781 2577 spiritus
796 2543 888 2570 carnis
902 2543 965 2571 talis
981 2543 1040 2571 lue—

256 2587 293 2614 rit
308 2587 397 2621 qualis
414 2587 458 2614 ille
474 2588 520 2622 qui
536 2588 564 2615 in
577 2589 666 2616 brutis
680 2593 732 2621 est,
748 2589 862 2626 spiritus
875 2589 979 2617 scilicet
992 2597 1042 2616 va-

255 2632 324 2660 dens
348 2636 375 2659 ct
397 2640 452 2660 non
476 2633 595 2662 rediens.
612 2634 704 2669 lpsum
721 2643 787 2662 vero
802 2635 912 2670 proprio
932 2635 1043 2662 nomine

255 2677 425 2712 prudentiam
438 2679 526 2706 carnis
541 2683 621 2708 vocat
636 2680 795 2716 Apostolus,
812 2689 873 2708 cum
891 2681 929 2709 ait
947 2691 953 2709 :
971 2681 1043 2708 Nam

255 2723 396 2758 prudentia
418 2725 505 2750 carnis
522 2725 662 2752 inimicitia
676 2731 715 2753 est
740 2727 768 2753 in
791 2726 874 2753 Deum
887 2734 897 2753 :
911 2727 960 2761 legi
975 2726 1044 2753 enim

257 2768 305 2796 Dei
318 2778 369 2795 non
380 2768 532 2804 subjicitur,
547 2778 625 2804 neque
638 2771 705 2797 enim
716 2777 810 2805 potest.
829 2771 972 2799 Prudentia
986 2780 1044 2798 vero

255 2814 376 2848 spiritus,
392 2814 446 2841 vita
459 2818 484 2841 et
497 2822 552 2849 pax
559 2815 592 2842 ".
607 2814 652 2842 Sic
667 2823 748 2850 porro
762 2817 808 2851 qui
823 2819 984 2844 incusantur
995 2823 1044 2844 ca-

292 2874 313 2889 “
331 2874 402 2903 Psal.
419 2883 493 2906 xxxi,
510 2875 537 2909 9.
554 2876 598 2904 ιυ.

257 2910 278 2926 ⁸⁸
295 2909 373 2939 Rom.
389 2920 446 2944 vm,
462 2911 489 2943 6,
507 2911 531 2938 7.

652 2876 674 2892 ι’
691 2876 784 2904 Matth.
803 2885 846 2909 xv,
861 2877 889 2909 8,
905 2876 955 2911 9.;
984 2877 1036 2906 lsa.
1053 2886 1134 2909 xxix,
1166 2879 1204 2906 t5.

1132 751 1187 779 Kal
1200 748 1362 784 ἠγάπησαν
1374 747 1467 774 αὑτὸν
1478 747 1513 774 ὲν
1523 746 1563 779 τῷ
1577 747 1699 782 στόματι
1716 745 1826 779 αὐτῶν,
1839 755 1888 773 και

1097 797 1135 832 τῇ
1149 796 1275 832 γλώσσῃ
1291 794 1390 822 αὐτῶν
1404 794 1574 828 ἐψεύσαντο
1588 792 1676 825 αὐτῷ.
1686 793 1716 820 Ἠ
1730 793 1765 820 δὲ
1782 793 1890 827 καρδία

1097 842 1196 872 αὐτῶν
1206 843 1262 869 οὐκ
1277 840 1376 868 εὐθεῖα
1393 841 1456 875 μετ’
1471 839 1574 872 αὐτοῦ,
1590 839 1661 867 οὐδὲ
1675 839 1890 873 ἐπιστώθησαν

1096 889 1131 918 ἐν
1153 888 1191 924 τῇ
1213 886 1339 921 διαθήκῃ
1367 885 1469 914 αὐτοῦ.
1486 885 1546 912 Τῶν
1571 885 1621 921 μὲν
1643 885 1803 921 παραδόξων
1821 886 1890 911 ἀπο-

1097 935 1226 966 λαύοντες
1250 934 1300 961 οὐκ
1323 933 1479 960 ἐπίστευον·
1505 930 1696 968 μαστιζόμενοι
1711 931 1739 958 δὲ
1758 931 1805 958 καὶ
1820 932 1890 958 ἀπο-

1099 979 1276 1015 κτεινόμενοι,
1299 977 1465 1012 ἐπέστρεφον
1490 976 1558 1012 πρὸς
1582 976 1627 1003 τὸν
1651 976 1727 1003 Θεὸν.
1743 976 1813 1003 Ἀλλ’
1828 976 1889 1003 οὐδὲ

1096 1024 1176 1052 τοῦτο
1192 1024 1311 1060 γνησίως
1326 1023 1443 1055 ἐποίουν,
1459 1022 1640 1058 προσποιήσει
1653 1021 1682 1048 δὲ
1696 1022 1742 1048 καὶ
1762 1021 1892 1058 εἰρωνείᾳ.

1100 1071 1181 1108 μέχρι
1195 1070 1306 1106 χειλέων
1322 1069 1455 1104 εὐφημεῖν
1470 1068 1589 1101 ἐδόκουν,
1602 1068 1633 1095 οὐ
1652 1068 1705 1104 μὴν
1717 1067 1832 1104 καθαρῷ
1845 1067 1892 1093 λο-

1097 1117 1188 1152 γισμῷ
1203 1116 1276 1142 τοῦτ’
1292 1115 1440 1150 ἔπραττον·
1456 1114 1494 1146 ὡς
1514 1114 1560 1140 καὶ
1579 1114 1622 1140 ἐπ’
1638 1113 1727 1141 αὐτῶν
1742 1113 1890 1149 ἁρμόττειν

1097 1163 1127 1190 τὸ
1150 1162 1239 1197 φῆσαν
1260 1160 1366 1195 λόγιον·
1387 1161 1413 1186 '0
1428 1160 1503 1193 λαὸς
1519 1158 1607 1193 οὗτος
1629 1159 1690 1192 τοῖς
1712 1159 1830 1194 χείλεσι
1850 1167 1890 1193 με

1097 1207 1167 1243 τιμᾷ
1176 1216 1183 1223 ο
1197 1208 1216 1241 ἡ
1229 1207 1264 1233 δὲ
1278 1206 1386 1241 καρδία
1401 1205 1500 1233 αὐτῶν
1511 1206 1609 1241 πόρῤω
1623 1204 1728 1240 ἀπέχει
1739 1204 1791 1232 ἀπ’
1803 1205 1889 1240 ἐμοῦ.

1098 1253 1203 1287 Μάτην
1220 1253 1254 1279 δὲ
1272 1253 1413 1280 σέϐονταί
1424 1261 1472 1287 με.
1486 1252 1542 1278 Kal
1556 1251 1631 1278 αὐτοὶ
1645 1252 1694 1287 μὲν
1708 1251 1748 1283 είς
1761 1250 1890 1278 τοσοῦτον

1096 1299 1210 1334 ἠλαυνον
1235 1298 1401 1335 μοχθηρίας·
1425 1299 1439 1324 ὁ
1454 1298 1494 1330 δὲ,
1514 1297 1616 1333 πατρὸς
1635 1296 1738 1331 ἀγαθοῦ
1754 1297 1833 1331 δίκην
1848 1294 1889 1323 οἷο

1096 1354 1160 1373 κτον
1174 1344 1261 1372 αὐτῶν
1280 1344 1391 1371 πλείονα
1405 1344 1562 1379 λαμϐάνων,
1578 1343 1702 1373 ἱλάσκετο
1716 1344 1776 1374 ταῖς
1795 1343 1889 1378 ἁμαρ-

1095 1391 1164 1423 τίαις
1188 1390 1288 1424 αὐτῶν,
1305 1391 1352 1418 καὶ
1374 1391 1404 1418 οὐ
1429 1390 1570 1426 παρεδίδου
1599 1390 1697 1421 αὐτοὺς
1716 1390 1756 1421 είς
1770 1389 1890 1424 ἐσχάτην

1094 1437 1242 1474 διαφθοράν
1252 1446 1259 1452 ·
1275 1437 1343 1464 ἀλλὰ
1356 1438 1404 1464 καὶ
1419 1437 1465 1463 τὸν
1483 1435 1644 1472 φθοροποιὸν
1654 1435 1768 1471 δαίμονα
1784 1435 1832 1462 καὶ
1846 1436 1890 1462 τὸν

1093 1485 1144 1520 τῆς
1164 1485 1250 1520 ὀργῆς
1265 1483 1405 1520 ὑπηρέτην
1425 1483 1539 1518 ἄγγελον
1554 1483 1685 1518 τιμωρὸν,
1701 1481 1787 1518 θυμὸν
1804 1482 1889 1509 αὐτοῦ

1094 1530 1303 1565 ὀνομαζόμενον,
1317 1529 1489 1565 ἀπέστρεφεν
1501 1529 1531 1562 ἐξ
1542 1529 1641 1560 αὐτῶν,
1659 1528 1703 1556 τὸν
1718 1528 1816 1556 ἑαυτοῦ
1831 1529 1889 1555 Ila-

1094 1576 1160 1612 τέρα
1184 1576 1253 1611 ὑπὲρ
1273 1575 1362 1602 αὐτῶν
1379 1575 1563 1610 ἱλασκόμενος,
1584 1574 1630 1601 Διὸ
1650 1575 1772 1612 εἴρηται·
1790 1575 1888 1608 Αὐτὸς

1093 1622 1127 1649 δέ
1143 1622 1229 1649 ἐστιν
1247 1622 1404 1656 οὶκτίρμων
1430 1621 1479 1648 καὶ
1500 1621 1634 1648 ἰλάσεται
1651 1621 1715 1654 ταῖς
1731 1621 1888 1656 ἁμαρτίαις

1093 1668 1202 1701 αὐτῶν,
1216 1669 1265 1696 καὶ
1280 1669 1316 1696 οὑ
1333 1667 1491 1702 διαφθερεῖ.
1507 1667 1561 1695 Kal
1576 1667 1727 1701 πληθυνεῖ
1744 1667 1799 1695 τοῦ
1811 1668 1887 1695 ἀπο-

1094 1715 1223 1749 στρέψαι
1236 1715 1290 1741 τὸν
1301 1713 1396 1748 θιψὸν
1406 1713 1510 1746 αὐτοῦ,
1526 1713 1575 1740 καὶ
1590 1713 1657 1748 οὐχὶ
1671 1713 1815 1740 ἐκκαύσει
1829 1712 1887 1740 πᾶ-

1095 1769 1156 1788 σαν
1171 1760 1229 1795 τὴν
1246 1760 1339 1795 ὀργὴν
1352 1759 1519 1787 αὺτοῦ.Ἔτι
1543 1759 1598 1795 γὰρ
1618 1759 1679 1786 τότε
1703 1759 1888 1796 μακροθύμως

1095 1807 1193 1838 αὐτοὺς
1208 1807 1304 1841 ἔφερεν
1320 1805 1395 1832 οὔπω
1408 1806 1447 1837 εἰς
1458 1805 1534 1837 τέλος
1558 1805 1656 1837 αὐτοὺς
1680 1804 1887 1841 ἀπωθούμενος.

1095 1852 1223 1879 Κατὰ-δὲ
1248 1851 1294 1879 τὸν
1315 1851 1476 1887 Σύμμαχον
1493 1851 1599 1884 Αὐτὸς,
1621 1851 1713 1886 φησὶν,
1736 1851 1884 1886 ἐλεήμων.

1095 1897 1266 1930 ἐξιλάσχων
1282 1898 1435 1932 ἁμαρτίας,
1449 1898 1497 1925 καὶ
1510 1897 1552 1932 μὴ
1569 1897 1756 1932 διαφθείρων.
1768 1897 1825 1924 Kal
1833 1897 1886 1924 ἐπὶ

1096 1944 1175 1972 πολὺ
1190 1945 1382 1979 ἀπέστρεψεν
1395 1943 1452 1979 τὴν
1466 1944 1560 1979 ὀργὴν
1573 1944 1676 1977 αὐτοῦ,
1693 1945 1743 1971 καὶ
1769 1945 1806 1971 οὐ
1822 1943 1887 1978 διή-

1096 1999 1192 2026 γειρεν
1215 1990 1289 2018 ὅλον
1311 1991 1365 2018 τὸν
1381 1990 1477 2025 θυμὸν
1488 1990 1590 2018 αὑτοῦ.
1600 1991 1662 2017 Ἐπὶ
1677 1990 1783 2022 τούτοις
1795 1990 1887 2018 ἄλλο-ιι

1096 2037 1186 2065 αὐτῶν
1210 2039 1358 2074 κατηγορεῖ
1377 2037 1481 2072 λέγων·
1500 2037 1555 2064 Καὶ
1577 2037 1723 2072 ἐμνήσθη,
1737 2037 1782 2064 ὅτι
1807 2037 1887 2071 σάρξ

1095 2083 1165 2113 εισι,
1189 2082 1309 2117 πνεῦμα
1334 2082 1536 2117 πορευόμενον
1557 2082 1606 2109 καὶ
1622 2083 1678 2109 οὐκ
1691 2082 1885 2117 ἐπιστρέφον.

1101 2127 1209 2163 Ἐπειδὴ
1230 2128 1284 2162 γὰρ
1306 2129 1322 2154 ὀ
1344 2127 1533 2163 κολλώμενος
1550 2127 1591 2160 τῷ
1606 2128 1704 2162 Κιψίῳ
1719 2127 1754 2155 ἓν
1767 2128 1888 2164 πνεῦμὰ

1095 2173 1171 2207 ἐστι,
1192 2173 1242 2200 καὶ
1262 2175 1279 2201 ὁ
1294 2173 1484 2208 κολλώμενος
1497 2173 1534 2208 τῇ
1548 2174 1638 2208 σαρκί
1653 2174 1687 2201 ἓν
1706 2174 1792 2209 σῶμα
1809 2176 1888 2209 τίνε-

1096 2228 1152 2252 ται,
1166 2220 1278 2252 εἰκότως
1294 2219 1423 2256 κρεώδεις
1439 2220 1514 2252 τινὰς
1527 2221 1573 2247 καὶ
1586 2220 1735 2256 σαρκώδεις
1746 2221 1828 2256 φησὶν
1839 2221 1887 2247 αὐ-

1095 2267 1159 2298 τοὺς
1173 2266 1311 2301 γεγονέναι
1335 2267 1379 2294 διὰ
1400 2267 1430 2293 τὸ
1454 2266 1592 2302 φιλήδονον
1614 2268 1661 2293 καὶ
1686 2266 1885 2302 φιλοσώματον,

1096 2312 1143 2339 καὶ
1152 2312 1238 2344 οὕτως
1251 2313 1348 2344 αὐτοὺς
1361 2313 1487 2347 γενέσθαι
1499 2313 1611 2348 σάρκας.
1621 2313 1665 2339 Διό
1674 2322 1755 2348 φησιν
1763 2323 1770 2329 ο
1786 2314 1889 2348 Ἐμνή-

1096 2358 1155 2391 σθη
1180 2357 1223 2384 ὅτι
1247 2357 1326 2391 σάρξ
1349 2358 1418 2384 εισι.
1435 2357 1497 2389 Πῶς
1509 2358 1537 2385 δὲ
1553 2358 1653 2393 σάρκες
1666 2356 1736 2393 ἦσαν
1759 2358 1888 2393 διασαφεῖ

1096 2403 1182 2438 λέγων
1208 2403 1286 2438 ἑξῆς·
1306 2403 1427 2437 Πνεῦμα
1448 2404 1651 2438 πορευόμενον
1673 2404 1721 2430 καὶ
1742 2404 1799 2430 οὐκ
1824 2403 1888 2430 ἐπι-

1096 2448 1238 2483 στρέφον.
1255 2448 1291 2474 Τὸ
1305 2448 1360 2484 γὰρ
1374 2448 1483 2484 πνεῦμα
1494 2448 1543 2483 τῆς
1559 2448 1658 2484 σαρκὸς
1675 2448 1808 2480 τοιοῦτον,
1822 2448 1888 2482 γεῶ-

1093 2494 1138 2526 δες
1154 2495 1201 2521 καὶ
1223 2494 1320 2530 θνητὸν
1343 2495 1391 2521 καὶ
1413 2494 1607 2530 ἀπολλύμενον.
1623 2494 1744 2521 Τοιοῦτοι
1767 2494 1797 2521 δέ
1814 2503 1887 2525 τινες

1092 2541 1251 2575 γεγόνεισαν
1275 2541 1323 2567 καὶ
1348 2541 1373 2567 οἱ
1399 2541 1446 2567 ἐπὶ
1470 2541 1518 2567 τοῦ
1546 2539 1752 2576 κατακλυσμοῦ,
1767 2540 1834 2576 περὶ
1849 2537 1886 2567 ὧν

1092 2587 1184 2623 εἴρητο
1195 2594 1204 2602 ο
1225 2588 1266 2614 οὐ
1279 2586 1322 2622 μὴ
1339 2587 1502 2621 καταμείνῃ
1521 2587 1554 2613 τὸ
1571 2587 1691 2622 πνεῦμά
1702 2595 1763 2622 μου
1776 2587 1812 2614 ἐν
1825 2587 1886 2620 τοῖς

1093 2633 1269 2667 ἀνθρώποις,
1283 2633 1332 2661 διὰ
1343 2634 1374 2660 τὸ
1386 2632 1462 2661 εἶναι
1473 2634 1584 2667 αὐτοὺς
1594 2634 1709 2668 σάρκας
1719 2641 1726 2648 ·
1741 2633 1779 2666 ὼς
1791 2634 1885 2670 ἑτέρου

1096 2679 1145 2714 μὲν
1166 2679 1242 2712 ὄντος
1265 2680 1312 2706 τοῦ
1329 2680 1400 2707 θείου
1419 2681 1573 2716 πνεύματος
1589 2681 1635 2707 τοῦ
1657 2681 1717 2708 κατ’
1732 2680 1821 2716 ἀρχὰς
1843 2681 1887 2707 ἀν-

1095 2724 1214 2761 θρώποις
1229 2726 1455 2761 ἐμπνευσθέντος,
1471 2726 1564 2762 ἑτέρου
1591 2727 1620 2753 δὲ
1641 2726 1689 2753 τοῦ
1714 2726 1764 2762 τῆς
1787 2726 1887 2763 σαρκὸς

1095 2771 1258 2807 πνεύματος.
1272 2772 1308 2799 Τό
1322 2772 1354 2806 γέ
1370 2781 1410 2799 τοι
1423 2772 1473 2808 τῆς
1487 2772 1586 2808 σαρκὸς
1602 2775 1710 2808 πνεῦμα
1720 2773 1840 2799 τοιοῦτον
1854 2773 1887 2799 ἃν

1094 2818 1149 2854 εἴη,
1165 2815 1220 2845 οἷον
1247 2818 1294 2845 καὶ
1316 2817 1347 2844 τὸ
1373 2818 1402 2845 ἐν
1425 2819 1481 2850 τοῖς
1502 2818 1608 2853 ἀλόγοις
1631 2818 1719 2851 ζώοις,
1734 2819 1803 2853 ὅπερ
1826 2818 1886 2845 ἐστὶ

1258 2879 1280 2895 ³³
1297 2879 1304 2906 1
1320 2879 1382 2906 Cor.
1414 2887 1450 2912 vt,
1480 2880 1525 2910 16,
1547 2879 1590 2907 17.

1646 2881 1668 2896 ³⁸
1687 2879 1754 2908 Gen.
1783 2887 1828 2911 vi.
1856 2878 1890 2908 5.,
1939 2904 1942 2907 .
