2024 3214
663 189 916 219 οοιιιιεΝτΑιιιΑ
931 188 965 218 IN
983 188 1155 218 PSALMOS.
1173 184 1201 207 ’³
1218 170 1243 204 ’³

1692 190 1745 220 9!.

116 249 225 285 πνεῦμα
239 249 420 285 πορευόμενον
442 249 488 276 καὶ
511 249 560 276 οὐκ
582 248 903 286 ἐπιστρέφον.“ονομάζει

961 258 988 278 ro
1005 250 1071 278 facti
1087 249 1246 285 sunt,quod
1261 257 1363 285 corpus
1379 249 1542 286 diligerent;
1554 253 1585 277 ut
1596 249 1747 285 iustissime

116 295 144 322 δὲ
155 295 221 322 αὐτὸ
235 295 328 331 οἰκείῳ
341 295 452 331 ὀνόματι
469 297 483 322 ὸ
500 296 670 329 ’Δπόστολος,
684 297 820 332 φρόνημα
833 304 906 332 σαρ-

116 341 219 374 κὸς,ὲν
240 337 282 373 οἷς
303 349 384 377 φησι·
415 343 449 369 Τὸ
476 342 532 377 γὰρ
557 342 694 377 φρόνημα
720 342 774 377 τῆς
794 344 906 377 σαρκὸς

117 388 209 422 ἔχθρα
219 388 263 420 εις
277 388 352 414 Θεόν
361 397 368 403 ·
383 387 424 420 τῷ
442 389 498 422 γὰρ
511 388 591 422 νόμῳ
603 388 657 415 τοῦ
675 388 748 415 Θεοῦ
761 390 818 423 οὐχ
833 390 907 416 ὐπο-

957 296 991 324 de
1006 296 1063 324 illis
1075 295 1183 323 dicatur
1196 305 1206 325 ι
1217 294 1303 322 Ηοηιο
1317 303 1376 321 cum
1391 295 1421 322 in
1433 295 1528 323 honore
1540 300 1618 327 esset.
1636 303 1687 323 non
1702 296 1746 322 in—

958 342 1068 374 tellexit,
1081 345 1250 376 comparatus
1264 345 1303 367 est
1314 340 1441 377 jumentis
1455 341 1650 375 insipientibus,
1666 345 1691 368 et
1706 340 1746 367 si-

959 389 1030 416 milis
1047 388 1133 422 {actus
1147 392 1186 414 est
1200 387 1256 414 illis
1263 387 1294 414 “.

117 433 270 467 τάσσεται,
284 434 356 462 οὐδὲ
373 434 427 469 γὰρ
444 434 568 462 δύναται
579 443 585 450 ³
603 435 636 462 τὸ
655 435 689 462 δὲ
703 436 840 470 φρόνημα
856 436 909 464 τοῦ
928 437 1097 471 πνεύματος
1113 434 1169 469 ζωὴ
1189 434 1237 461 καὶ
1253 434 1368 469 εἰρήνη.
1383 433 1460 460 Οὖτω
1473 433 1501 460 δὲ
1516 433 1616 469 σάρκες
1633 434 1659 461 οι
1685 442 1747 460 κατ-

116 480 294 517 ηγορούμεναι
315 481 473 515 γεγόνεισαν
497 483 528 508 ὲκ
551 482 597 508 τοῦ
622 482 837 517 φιλοσωματεῖν·
852 483 890 515 ὡς
908 483 955 510 καὶ
985 482 1048 518 περὶ
1075 481 1164 508 αὐτῶν
1198 481 1354 507 δικαιότατα
1367 479 1400 506 ἃν
1414 479 1539 515 εἰρῆσθαι
1555 480 1600 506 τό·
1621 480 1745 514 Ἀνθρω-

117 533 173 560 πος
189 526 226 553 ἐν
241 526 310 561 τιμῇ
328 526 371 553 ὢν
384 528 418 562 ρύ
433 527 559 561 συνῆκε,
573 528 826 562 παρασυνεϐλήθη
842 528 906 562 τοῖς
924 528 1048 563 κτήνεσι
1061 527 1122 560 τοῖς
1136 526 1284 562 ἀνοήτοις,
1303 526 1352 552 καὶ
1368 525 1499 560 ὠμοιώοη
1512 524 1622 558 αὺτοῖς.

153 582 287 616 Ποσάκις
309 584 536 618 παρεπίκραναν
561 585 654 612 αὑτὸν
679 585 714 612 ἐν
736 584 774 619 τῇ
798 585 905 620 ἐρήμῳ,

117 629 308 664 παρώρτισαν
322 630 416 657 αὑτὸν
432 630 467 657 ἐν
479 629 517 666 γῇ
537 631 655 665 ἀνύδρῳ
669 631 679 658 .'
699 631 753 657 Καὶ
767 631 908 666 ἐπέστρε-

116 675 180 708 ψαν
190 674 238 701 καὶ
254 674 418 709 ἐπείρασαν
433 676 486 703 τὸν
503 676 586 709 Θεὸν,
602 677 652 704 καὶ
667 677 721 703 τὸν
737 677 840 711 Ἀγιον
854 677 907 704 τοῦ

123 719 243 754 Ἰσραὴλ
257 720 449 755 παρώξυναν.
469 723 528 748 οὐκ
550 722 749 756 ἐμνήσθησαν
773 721 828 756 τῆς
848 731 908 757 χει-

115 766 168 800 ρὸς
182 766 286 797 αὐτοῦ,
303 766 415 802 ἡμέρας
428 765 466 802 ἧς
478 767 666 803 ἐλυτρώσατο
683 768 794 801 αὐτοὺς
806 768 839 794 ἐκ
851 777 909 802 χει-

115 812 171 846 ρὸς
181 813 406 846 θλίϐοντος.¹Ως
426 814 509 841 ἔθετο
528 815 562 841 ἐν
577 815 715 849 Αἰγύπτῳ
736 813 772 841 τὰ
796 814 907 849 σημεῖα

116 859 221 892 αὐτοῦ,
239 859 289 887 καὶ
315 860 350 887 τὰ
370 860 478 894 τέρατα
500 861 593 888 αὑτοῦ
615 861 646 886 ἐν
679 860 770 892 πεδίῳ
785 859 907 893 Τάνεως.

117 906 326 941 Mereatpr
341 908 384 940 εὶς
400 904 471 941 αἷμα
485 906 554 939 τοὺς
569 907 721 942 ποταμοὺς
735 906 842 937 αὐτῶν,
858 906 907 933 καὶ

118 952 154 979 τὰ
177 952 349 987 ὀμϐρήματα
373 952 471 980 αὐτῶν
490 953 570 986 ὅπως
589 953 629 987 μὴ
653 954 773 979 πίωσιν.
789 952 909 985 Ἐξαπέν

994 584 1077 612 Vens.
1091 583 1126 611 40
1138 598 1149 604 -
1160 583 1205 611 48.
1227 583 1336 616 Quoties
1349 582 1568 609 exacerbauerunt
1588 589 1646 608 eum
1663 582 1691 608 in
1701 581 1746 608 de-

959 637 1040 664 serto,
1055 632 1082 659 in
1096 632 1163 658 iram
1182 630 1378 657 concitaverunt
1392 637 1451 656 eum
1466 629 1492 655 in
1510 633 1579 656 terra
1597 628 1747 663 iuaquosa.’

960 679 993 706 Et
1017 679 1136 705 conversi
1161 682 1222 705 sunt
1245 681 1270 704 et
1293 681 1457 703 tentavarunt
1472 675 1568 708 Deum,
1582 681 1606 702 et
1620 675 1747 702 Sanctum

959 723 1048 751 Israel
1067 723 1300 750 exacerbaverunt.
1322 720 1384 749 Non
1407 726 1468 748 sunt
1495 721 1626 748 recordati
1654 729 1748 747 manus

957 771 1025 805 ejus,
1041 770 1093 797 diei
1108 778 1159 805 qua
1174 768 1282 796 redemit
1295 776 1338 795 eos
1353 767 1386 795 de
1399 775 1480 794 manu
1494 767 1658 794 trtbulantis.
1675 766 1748 794 Sicnt

957 817 1045 851 posuit
1058 816 1085 843 in
1099 815 1216 850 {Egi/pla
1231 815 1307 850 signa
1322 822 1382 845 sua,
1394 818 1419 840 et
1431 813 1554 848 prodigia
1567 821 1617 840 sua
1634 813 1662 839 in
1677 821 1750 839 cam-

958 871 991 898 po
1004 863 1116 890 Taneos.
1133 861 1266 889 Convertit
1286 862 1314 888 in
1331 861 1487 896 sanguinem
1510 860 1623 895 ﬂumina
1645 867 1747 891 eorum,

958 913 982 936 et
996 908 1090 935 imbres
1105 915 1195 935 eorum
1210 915 1241 934 ne
1252 906 1378 933 biberem.
1395 905 1469 932 Misit
1484 905 1510 932 in
1522 913 1565 932 eos
1577 906 1749 939 canomyiam

959 959 984 982 et
1000 954 1112 981 comedit
1128 962 1183 986 eos,
1197 958 1221 981 et
1235 961 1332 980 ranam
1346 957 1371 980 et
1383 951 1541 987 disperdidit
1556 959 1610 979 eos.
1626 950 1660 978 Et
1677 951 1749 978 dedit

117 1000 240 1029 στειλεν
253 1000 293 1032 εἰς
309 999 421 1032 αὐτοὺς
435 1000 602 1033 κυνόμυιαν
615 999 664 1026 καὶ
677 999 844 1034 κατέφαγεν
856 999 909 1025 αὑ-

961 1001 1072 1036 wruqini
1093 1000 1209 1035 fructum
1225 1007 1327 1031 eorum,
1345 1003 1370 1026 et
1390 998 1493 1025 labores
1514 1005 1605 1025 eorum
1630 997 1747 1024 locustw.

118 1044 202 1078 τοὺς,
217 1044 266 1071 καὶ
287 1045 445 1079 βάτραχον
460 1045 508 1071 καὶ
525 1044 690 1080 διέφθειρεν
713 1046 834 1078 αὐτούς.
852 1044 908 1072 Kal

117 1090 210 1118 ἔδωκε
234 1089 272 1125 τῇ
296 1091 420 1125 ἐρυσίϐῃ
442 1090 495 1117 τὸν
517 1091 632 1124 καρπὸν
646 1089 754 1123 αὐτῶν,
769 1089 818 1118 καὶ
838 1090 909 1123 τοὺς

118 1137 231 1170 πόνους
246 1135 345 1163 αὐτῶν
362 1135 399 1170 τῇ
417 1136 527 1170 ἀκρίδι.
543 1137 598 1163 Kal
612 1136 787 1163 ἀπέκτεινεν
807 1137 842 1163 ἐν
856 1145 910 1171 χα-

119 1182 191 1217 λάζῃ
213 1182 270 1217 τὴν
290 1181 426 1217 ἄμπελον
445 1181 559 1215 αὐτῶν,
578 1183 625 1209 καί
647 1182 700 1216 τὰς
724 1183 910 1218 συκαμίνους

118 1224 217 1258 αὐτῶν
231 1228 266 1255 ἐν
280 1227 316 1262 τῇ
330 1227 440 1263 πάχνῃ.
463 1228 517 1256 Καὶ
533 1228 704 1262 παρέδωκεν
722 1230 764 1261 εὶς
777 1228 911 1263 χάλαζαν

119 1277 155 1306 τὰ
168 1278 264 1312 κτήνη
274 1278 383 1310 αὐτῶν,
393 1279 443 1305 καὶ
456 1278 513 1311 τὴν
523 1278 651 1312 ὓπαρξιν
664 1278 763 1305 αὐτῶν
775 1278 814 1311 τῷ
827 1279 908 1312 πυρί.

120 1323 197 1353 Μετὰ
212 1324 247 1351 τὰ
261 1324 441 1360 προλεχοέντα
457 1325 545 1351 πάντα
555 1324 707 1360 παρέμενον
722 1325 910 1360 παραπικραί-

120 1377 220 1402 νοντες,
236 1369 358 1398 τουτέστι
376 1370 473 1405 πικρὸν
486 1370 592 1402 ἑαυτοῖς
606 1371 651 1397 τὸν
674 1370 740 1396 Θεὸν
763 1369 912 1396 καθιστῶν-

120 1423 174 1449 ne,
193 1415 311 1451 χρηστὸν
325 1415 388 1443 ὄντα
409 1417 442 1451 τῇ
458 1416 537 1451 φύσει
555 1417 601 1442 καὶ
624 1416 724 1451 ἀγαθὸν
739 1415 786 1445 καὶ
799 1416 910 1450 γλυκὺν,

120 1462 175 1493 τοῖς
199 1461 229 1488 δὲ
249 1461 383 1497 τιμωρίας
403 1461 488 1494 ἀξίοις
511 1461 608 1497 πικρὸν
631 1461 816 1497 νομιζόμενον.
833 1459 911 1488 Οὗτοι

120 1503 185 1542 γοῦν
201 1505 226 1532 οι
244 1505 272 1531 ὲν
283 1506 316 1540 τῇ
335 1506 431 1541 ἐρήμῳ
447 1505 625 1541 παρώργισαν
640 1507 730 1537 αὑτὸν,
744 1507 849 1538 ἑαυτοῖς
862 1506 911 1542 τὴν

120 1550 204 1586 ὀργὴν
221 1550 419 1591 ἐπισπώμενοι,
431 1553 485 1579 Καὶ
497 1552 577 1580 πάλιν
593 1552 760 1587 ἐπέστρεφον
777 1552 824 1579 καὶ
836 1552 911 1578 ἐπεί-

122 1598 202 1633 ραζον
219 1597 264 1624 τὸν
280 1597 355 1630 Θεὸν,
375 1599 422 1627 καὶ
439 1599 484 1625 τὸν
498 1599 589 1633 ’Άγιον
606 1599 653 1626 τοῦ
662 1599 768 1635 Ἰσραὴλ
784 1597 911 1635 παρώξυ-

121 1651 175 1670 νον.
185 1643 240 1670 Καὶ
250 1643 336 1671 ταῦτα
348 1644 436 1671 πάντα
449 1644 609 1680 διέπραττον
624 1646 661 1681 μὴ
677 1644 912 1680 ἀναλαμϐάνοντες

122 1690 154 1725 τῇ
177 1690 274 1725 μνήμῃ
287 1689 336 1721 τὰς
359 1690 441 1720 πάλαι
455 1678 607 1726 δειχδείσας
625 1678 720 1723 ἀυτοῖς
744 1678 911 1727 παραδόξους
924 1678 945 1706 c

122 1735 264 1771 δυνάμεις·
277 1736 337 1763 καθ’
351 1735 380 1763 ὃν
395 1737 490 1772 καιρὸν
501 1737 682 1772 λυτρούμενος
696 1737 794 1768 αὐτοὺς
810 1737 842 1763 ὲκ
854 1745 911 1771 χει-

123 1781 168 1819 ρδς
189 1782 327 1814 θλίὸοντος
349 1783 394 1809 τοῦ
420 1783 529 1818 Φαραὼ,
543 1783 689 1818 ἠλευθέρου
701 1783 750 1818 τῆς
765 1782 819 1809 τῶν
831 1783 912 1817 Αἰγυ-

122 1828 207 1855 πτίων
223 1828 393 1860 δυναστείας,
408 1829 543 1865 διαςρόρως
557 1830 619 1861 τοὺς
640 1829 755 1864 ἐχθροὺς
768 1829 857 1856 αὐτῶν
871 1829 912 1856 αἰ-

122 1873 261 1911 κιζόμενος
274 1877 302 1902 ὲν
314 1876 353 1911 τῲ
364 1876 472 1908 Τάνεως
487 1876 569 1912 πεδίῳ
580 1885 585 1892 ·
599 1877 627 1902 ὲν
638 1873 660 1910 ᾦ
673 1875 781 1911 πρῶτον
791 1876 913 1910 ἐγίγνετο

122 1921 138 1956 ὴ
159 1921 207 1948 τοῦ
227 1922 351 1957 ποταμοῦ
367 1923 406 1954 εἰς
425 1919 493 1958 αἷμα
509 1922 653 1958 μεταϐολὴ,
673 1922 831 1956 Αἰγυπτίοις
845 1919 913 1948 οὖσα

122 1967 243 2003 τοιαύτη,
257 1968 287 1994 οὐ
303 1967 356 2003 μὴν
375 1968 421 1994 καὶ
435 1970 490 2000 τοῖς
507 1967 794 2004 βοηθουμένοις.’¹ΟΘεν
811 1967 857 1994 καὶ
878 1966 913 1993 τὰ

121 2013 287 2050 ὀμϐρήματα
307 2013 436 2049 αὐτῶν,ῆ
461 2014 531 2041 κατὰ
554 2014 598 2041 τὸν
618 2013 742 2045 Ἀκύλαν,
758 2014 788 2040 al
803 2011 912 2047 κατείρι

122 2059 198 2092 ῥοιαί
211 2058 319 2091 αὐτῶν,
334 2059 350 2094 ἢ
365 2060 434 2086 κατὰ
449 2059 494 2086 τὸν
507 2060 664 2095 Σύμμαχον,
682 2060 718 2086 τὰ
735 2059 837 2093 ῥεῖθρα
861 2059 913 2086 αὺ-

122 2103 199 2136 τῶν.
224 2105 402 2139 μετεϐάλλετο
428 2106 467 2137 εἰς
495 2103 573 2141 αἷμα.
603 2106 682 2131 Πᾶσα
706 2104 761 2140 γὰρ
785 2104 912 2135 σύστασις

123 2150 227 2178 ὑδάτων
243 2150 277 2177 τὰ
295 2152 375 2186 ὃμοια
389 2151 427 2186 τῷ
441 2151 554 2186 ποταμῷ
576 2151 703 2186 ἔπασχεν.
714 2150 794 2177 Ἀλλὰ
811 2149 912 2176 τούτων

123 2197 249 2233 οὐδεμίαν
271 2189 409 2224 ἐποιοῦντο
427 2199 534 2233 μνήμην
556 2198 580 2224 οἱ
594 2196 835 2232 κατηγορούμενοι,
853 2195 912 2222 οὐδὲ

123 2244 154 2279 τῇ
167 2243 211 2279 διὰ
223 2243 273 2279 τῆς
288 2244 436 2279 κυνομυίας
450 2244 510 2269 κατ’
524 2243 680 2277 Αἰγυπτίων
695 2242 785 2278 πληγῇ
807 2244 912 2278 προσεῖ-

123 2297 169 2324 χον
181 2289 226 2315 τὸν
239 2289 312 2322 νοῦν,
323 2289 382 2316 οὐδὲ
395 2291 427 2325 τῇ
438 2289 482 2316 διὰ
496 2289 551 2316 τῶν
562 2289 703 2325 βατράχων
718 2289 839 2324 μάστιγι,
851 2288 911 2315 οὐδὲ

123 2336 155 2371 τῇ
164 2335 210 2362 διὰ
223 2335 273 2371 τῆς
287 2336 416 2372 ἐρυσίϐης
434 2336 482 2371 (1)·
502 2335 558 2364 ἀλλ’
575 2335 628 2362 οὐδ’
645 2336 718 2367 ὅπως
734 2335 768 2362 δι’
780 2335 877 2367 αὐτοὺς
887 2335 911 2362 οἱ

960 1046 994 1073 Et
1017 1046 1112 1074 occidit
1133 1047 1160 1073 in
1175 1045 1305 1081 grandine
1327 1046 1428 1072 vineam
1444 1053 1546 1076 eorum,
1564 1049 1589 1072 et
1603 1052 1691 1071 inuras
1705 1052 1750 1071 eo-

959 1101 1018 1120 rum
1032 1093 1060 1120 in
1071 1093 1179 1127 pruina.
1197 1092 1231 1119 Et
1248 1091 1358 1118 tradidit
1378 1091 1634 1126 grandinijumenta
1647 1090 1748 1123 eorum.

959 1146 982 1168 et
1002 1139 1193 1175 possessionem
1217 1146 1308 1164 eorum
1332 1137 1396 1172 igni.
1413 1136 1477 1164 Post
1504 1137 1633 1172 pmdicta
1645 1137 1748 1168 omnia.

960 1185 1166 1216 exacerbantes,
1185 1183 1284 1219 inquit,
1303 1186 1524 1218 permanserunt.
1542 1183 1568 1210 id
1594 1188 1646 1214 est,
1664 1182 1748 1209 Deum

960 1233 1013 1261 sibi
1038 1232 1167 1260 acerbum
1190 1231 1400 1261 constituentes,
1417 1229 1465 1264 qui
1482 1233 1574 1256 tamen
1591 1231 1750 1256 mansuetus

960 1284 1069 1311 natura,
1088 1280 1176 1306 bonus
1197 1282 1224 1305 et
1237 1277 1326 1304 dulcis
1342 1281 1402 1310 est;
1420 1276 1468 1304 sed
1482 1276 1516 1303 ab
1534 1276 1567 1303 iis
1583 1275 1630 1311 qui
1646 1275 1750 1310 suppli-

960 1327 1002 1354 cio
1014 1325 1090 1361 digni
1107 1328 1172 1352 sunt
1187 1323 1303 1351 acerbus
1317 1323 1501 1350 existimatur.
1519 1321 1551 1348 Hi
1567 1322 1649 1356 igitur
1662 1322 1708 1356 qui
1723 1321 1749 1347 in

960 1371 1069 1398 deserto
1093 1369 1271 1396 irritaverunt
1294 1376 1368 1401 eum,
1391 1367 1444 1394 sibi
1469 1367 1537 1394 iram
1565 1370 1747 1394 attraxerunt.

960 1417 1135 1451 Rursumque
1150 1415 1326 1442 vertebantur
1344 1417 1374 1442 ut
1387 1417 1524 1441 tentarent
1536 1413 1630 1444 Deum,
1644 1418 1670 1440 et
1681 1412 1751 1441 San-

961 1467 1035 1490 ctum
1048 1462 1131 1490 Israel
1145 1461 1351 1489 exacerbarent.
1364 1460 1428 1488 Haec
1440 1467 1523 1495 porro
1531 1459 1622 1487 omnia
1634 1458 1752 1494 agebant

960 1509 1034 1545 quod
1049 1508 1188 1536 mirabiles
1199 1507 1259 1534 illas
1275 1506 1326 1534 sibi
1338 1506 1403 1533 olim
1418 1505 1555 1533 exhibitas
1569 1504 1683 1531 virtutes
1693 1512 1750 1531 me-

961 1555 1047 1582 moria
1061 1562 1115 1581 non
1131 1556 1285 1589 repeterent
1300 1561 1308 1581 :
1325 1559 1380 1588 quo
1397 1556 1519 1587 tempore
1535 1550 1569 1578 de
1587 1557 1669 1578 manu
1680 1549 1752 1577 Pha-

961 1601 1053 1629 raonis
1070 1609 1100 1628 se
1113 1599 1292 1635 Opprimentis
1308 1598 1424 1627 redemit
1437 1605 1496 1630 eos,
1514 1602 1541 1626 et
1557 1596 1590 1624 ab
1607 1596 1750 1632 Egyptia-

962 1654 1021 1673 rum
1038 1646 1179 1673 dominatu
1196 1645 1331 1676 liberavit.
1347 1644 1493 1679 variasque
1515 1642 1634 1670 inimicis
1656 1650 1752 1670 eorum

962 1695 1061 1722 inﬂixit
1074 1694 1168 1730 plagas
1184 1695 1211 1720 in
1228 1700 1325 1728 campo
1342 1692 1449 1719 Tancos
1465 1701 1471 1718 :
1491 1691 1537 1718 ubi
1558 1690 1646 1726 primo
1663 1690 1753 1717 conti-

962 1742 1001 1778 git
1026 1741 1146 1769 ﬂuminis
1171 1741 1198 1768 in
1226 1739 1387 1775 sanguinem
1413 1731 1540 1769 mutatio,
1556 1745 1617 1772 qua:
1642 1736 1752 1772 quidem

963 1787 1099 1824 Egypliis
1123 1787 1186 1815 talis
1209 1791 1279 1818 erat,
1294 1794 1348 1812 non
1359 1788 1450 1812 autem
1467 1784 1500 1811 iis
1515 1783 1561 1818 qui
1573 1783 1751 1818 juvabantur.

963 1833 1053 1867 Quare
1071 1833 1172 1861 imbres
1188 1840 1299 1867 quoque
1313 1839 1418 1864 eorum,
1435 1830 1492 1858 sive
1505 1829 1656 1858 secundum
1668 1828 1754 1863 Aqui~

962 1878 1027 1910 iam.
1045 1878 1134 1912 ﬂuxus
1145 1884 1251 1909 eorum;
1261 1877 1318 1904 sive
1330 1875 1480 1903 secundum
1495 1869 1700 1910 Symmachum,
1711 1874 1754 1900 at—

963 1925 1002 1952 vei
1015 1932 1117 1955 eorum,
1132 1923 1159 1950 in
1174 1923 1335 1958 sanguinem
1353 1919 1641 1949 vertebantur.0mnis
1654 1919 1754 1954 quippe

963 1978 1096 2005 aquarum
1121 1969 1258 2000 collectio,
1276 1968 1352 2003 paria
1372 1967 1478 1995 ﬂumini
1502 1974 1583 2002 passa
1607 1969 1660 1993 est.
1676 1965 1711 1993 At
1732 1966 1753 1993 ii

962 2017 1009 2051 qui
1032 2019 1207 2046 accusantur,
1218 2014 1321 2042 nullam
1346 2021 1441 2041 eorum
1469 2012 1628 2041 memoriam
1651 2013 1753 2040 retine‘

963 2061 1039 2092 bant,
1055 2068 1143 2095 neque
1168 2060 1259 2087 animo
1286 2058 1445 2094 repetebant
1462 2058 1625 2094 cmnomyia‘,
1646 2058 1752 2094 plagam

962 2106 1100 2143 Egyptiis
1116 2106 1280 2138 immissam,
1299 2113 1353 2133 non
1368 2112 1498 2132 ranarum
1514 2112 1603 2140 neque
1624 2104 1753 2140 aeruginis

962 2153 1117 2187 ﬂagellum;
1142 2152 1189 2180 sed
1221 2159 1309 2186 neque
1333 2158 1388 2186 qua
1413 2150 1521 2178 ratione
1542 2149 1651 2177 illorum
1667 2149 1753 2185 gratia

963 2198 1083 2235 [Egyptii
1108 2199 1230 2229 locustae,
1247 2195 1502 2232 grandini,pruinm
1528 2199 1556 2222 et
1580 2195 1635 2230 igni
1662 2194 1753 2222 traditi

962 2245 1180 2280 castigabantur.
1190 2243 1292 2270 Horum
1310 2243 1526 2277 experimentum
1537 2249 1600 2269 cum
1610 2248 1692 2276 opere
1706 2248 1753 2268 ce-

963 2292 1078 2327 pissent.
1096 2291 1270 2318 immemores
1295 2282 1386 2316 tamen
1411 2288 1532 2316 omnium
1556 2291 1644 2314 erant.
1663 2286 1754 2319 Quare

965 2336 1116 2364 secundum
1136 2334 1331 2371 Symmachum
1354 2333 1459 2360 dictum
1475 2337 1517 2360 est
1534 2341 1541 2360 :
1562 2331 1623 2358 Non
1638 2335 1698 2358 sunt
1712 2339 1755 2358 re-

123 2381 266 2416 Αἰγύπτιοι
285 2382 376 2418 ἀκρίδι
399 2383 445 2409 καὶ
471 2382 586 2419 χαλάζῃ.
602 2382 649 2409 καὶ
670 2381 759 2418 πάχνῃ
774 2382 822 2408 καὶ
844 2382 911 2417 πυρὶ

965 2381 1068 2410 cordati
1090 2389 1183 2408 manus
1206 2381 1274 2415 ejus,
1292 2379 1344 2406 diei
1355 2388 1407 2415 qua
1422 2379 1542 2406 liberavit
1563 2386 1606 2404 eos
1621 2377 1652 2404 de
1667 2377 1753 2404 tribu-

123 2428 321 2464 παραδοθέντες
336 2429 502 2461 ἐκολάζοντο.
520 2429 628 2456 Τούτων
645 2429 666 2455 δ’
681 2429 771 2464 ἔργοις
789 2428 837 2463 τὴν
853 2429 911 2454 πεῖ-

124 2481 174 2510 ραν
199 2474 348 2510 εἰληφότες,
364 2476 519 2511 ἀμνήμονες
539 2475 667 2502 ἁπάντων
694 2475 841 2509 ἐγίγνοντο.
866 2473 911 2500 Διὸ

123 2519 193 2547 κατὰ
207 2519 252 2547 τὸν
267 2520 413 2556 Σύμμαχον
435 2521 557 2557 εἴρηται·
578 2522 638 2548 οὐκ
654 2520 911 2556 ἀνεμιμνήσκοντο

123 2565 180 2601 τὴν
204 2567 288 2602 χεῖρα
308 2567 409 2598 αὑτοῦ,
421 2567 477 2602 τὴν
490 2567 603 2602 ἡμέραν
615 2568 650 2595 ἑν
662 2565 682 2603 ᾖ
697 2568 844 2602 ἐρρύσατο
859 2567 912 2593 αὺ-

123 2611 194 2645 τοὺς
210 2612 244 2638 ἐκ
262 2612 315 2640 τοῦ
330 2613 500 2646 θλίϐων-τος·
521 2613 574 2640 τοῦ
595 2613 777 2647 ποιήσαντος
800 2613 836 2640 τὰ
855 2620 911 2646 ση-

125 2656 190 2690 μεῖα
207 2658 300 2685 αὑτοῦ
317 2658 367 2685 καὶ
383 2658 418 2685 τὰ
434 2658 540 2693 τέρατα
555 2659 648 2686 αὑτοῦ
661 2659 696 2686 ἐν
707 2659 855 2694 Αἰγύπτῳ,
877 2659 912 2686 ἐν

125 2703 214 2736 πεδίῳ
241 2703 367 2738 Τάνεως·
384 2704 436 2732 τοῦ
457 2706 676 2740 μεταϐαλόντος
696 2707 739 2739 εὶς
759 2703 830 2741 αἷμα
843 2705 913 2739 τοὺς

126 2750 276 2784 ποταμοὺς
300 2751 410 2784 αὐτῶν,
424 2751 473 2778 καὶ
497 2752 533 2779 τὰ
552 2752 654 2786 ῥεῖθρα
677 2751 786 2784 αὐτῶν,
801 2752 851 2780 ἳνα
867 2751 911 2786 μὴ

127 2795 214 2824 πίωσι
226 2804 234 2812 ο
248 2796 302 2823 τοῦ
315 2796 538 2832 ἐπιπέμψαντος
557 2797 658 2831 αὐτοῖς
674 2798 840 2833 κυνόμυιαν
856 2805 912 2831 φα-

161 2854 182 2870 "
195 2854 267 2883 Psal.
282 2862 377 2887 vani,
390 2854 435 2883 21.

163 2911 199 2946 (l)
217 2910 266 2939 Ms.
275 2910 421 2948 .ὲρισύ6ης.

964 2430 1048 2461 laute,
1061 2428 1118 2463 ejus
1145 2428 1190 2463 qui
1217 2427 1278 2462 [erit
1303 2427 1379 2461 signa
1402 2433 1453 2452 sua
1473 2429 1498 2452 et
1522 2424 1642 2459 prodigia
1656 2432 1705 2451 sua
1727 2423 1755 2450 in

964 2475 1091 2510 ngyptO,
1110 2474 1137 2500 in
1151 2481 1242 2508 campo
1252 2472 1371 2503 Taneos;
1383 2472 1428 2507 qui
1442 2470 1590 2498 immutavit
1607 2470 1633 2497 in
1651 2470 1755 2504 sangui-

964 2529 1022 2549 nem
1036 2521 1149 2555 ﬂumina
1165 2528 1265 2552 eorum,
1281 2524 1305 2545 et
1321 2518 1407 2545 alveos
1424 2525 1514 2545 eorum
1526 2521 1614 2543 utnon
1624 2516 1754 2547 biberent;

964 2566 1009 2602 qui
1030 2566 1101 2592 misit
1115 2566 1180 2599 ipsis
1202 2564 1375 2599 canamyiam
1400 2563 1434 2590 ad
1450 2561 1636 2589 comedendum
1658 2569 1713 2593 eos,
1730 2566 1754 2588 et

965 2619 1059 2638 ranam
1077 2610 1111 2637 ad
1129 2609 1331 2645 disperdendum
1345 2616 1406 2640 eos;
1430 2608 1474 2643 qui
1487 2606 1559 2634 dedit
1573 2606 1684 2642 aerugini
1696 2606 1755 2641 fru-

964 2662 1021 2684 ctus
1036 2664 1127 2683 eorum
1142 2660 1167 2683 et
1184 2655 1286 2682 labores
1301 2662 1390 2681 eorum
1406 2653 1531 2684 locusta;
1546 2651 1592 2688 qui
1619 2651 1711 2678 occidit
1727 2651 1755 2678 in

963 2703 1090 2739 grandine
1111 2703 1212 2730 vineam
1236 2710 1336 2734 eorum,
1353 2706 1377 2728 et
1389 2708 1539 2736 sycomoros
1551 2707 1642 2726 eorum
1655 2699 1682 2725 in
1696 2705 1754 2724 ur-

964 2757 1022 2781 nte;
1036 2750 1081 2784 qui
1097 2747 1207 2775 tradidit
1218 2747 1285 2782 pesti
1294 2747 1416 2781 jumenta
1430 2753 1531 2777 eorum,
1543 2749 1568 2772 et
1579 2743 1754 2779 possessiones

963 2804 1053 2824 eorum
1069 2795 1170 2824 avibus.
1187 2794 1239 2823 Pro
1251 2794 1298 2823 illo
1319 2798 1421 2827 autem,
1437 2792 1558 2828 arugini,
1575 2789 1755 2827 Symmachus
