2024 3214
265 167 319 197 92⁵1
592 165 728 195 EUSEBll
757 165 1001 194 CAESARIENSIS
1018 165 1094 194 OPP.

1119 165 1208 195 PARS
1229 165 1272 194 lll.
1286 181 1319 186 --
1339 165 1544 194 EXEGETICA.
1850 163 1903 192 Μ

268 238 396 266 similiter
410 242 530 272 myzeta',
549 237 607 265 sive
620 237 754 272 wrugini,‘
770 237 867 272 Aquila
883 241 985 269 autem,
1002 237 1062 264 bru-

1116 238 1176 273 γεῖν
1194 238 1314 272 αὐτοὺς,
1336 238 1386 265 καὶ
1406 237 1561 271 βάτραχον
1584 235 1747 270 διαφθεῖραι
1771 235 1882 267 αὐτούς
1895 242 1903 250 ·

267 285 325 318 eho,
343 284 513 319 interpretati
531 287 613 317 sunt;
627 291 659 310 ac
674 291 784 310 rursum
800 291 849 318 pro
867 283 923 315 illo.
942 283 1057 318 pruinw,

268 324 460 368 Symmachus,
479 331 569 363 uermi,
588 330 696 365 Aquila,
715 330 742 356 in
763 330 858 365 glacie,
875 329 971 357 edidit.
998 329 1060 356 llmc

269 384 351 413 porro
374 384 389 404 a
413 377 506 413 Moyse
522 377 705 412 praetcrmissa
721 376 765 403 hic
780 380 946 404 enarrantur
962 386 968 403 :
987 376 1060 402 vitle-

268 427 314 451 tur
329 427 417 451 autem
433 430 525 458 aerugo
534 425 560 449 et
571 427 701 458 myzetes.
717 422 788 449 idem
805 430 866 449 esse
878 422 925 457 qui
941 430 955 449 a
968 421 1060 458 Moyse

268 469 357 504 cinips
373 473 496 496 vocatur.
513 467 581 495 Nam
605 475 667 495 cum
685 468 785 503 Moysis
803 467 946 503 Scriptura
966 468 1059 496 decem

268 516 363 552 plagas
377 519 525 547 memoret,-
542 515 586 542 hic
600 521 700 545 sermo,
713 514 884 549 sanguinem,
900 521 990 545 ranas,
1000 521 1060 540 cte-

270 562 418 598 nomyiam,
429 563 575 594 locustam,
597 561 769 596 grandinem,
786 561 972 596 jumentorum
987 569 1060 588 mor-

269 612 335 641 tem,
349 609 594 644 primogenitorum
605 608 720 640 obitum,
734 607 872 635 recensuit
884 616 891 639 ;
904 615 957 634 non
971 612 1061 634 autem

270 654 402 690 ciniphes,
421 662 473 681 non
501 659 633 686 tumores,
651 661 705 680 non
721 653 866 685 tenebras;
882 659 931 687 pro
946 651 999 679 illis
1012 658 1062 678 au-

270 704 324 730 tem
337 700 484 735 aeruginem
501 700 569 726 dixit
582 703 609 726 et
626 699 769 734 pruinam;
785 705 901 732 quorum
919 698 989 729 loco,
1000 705 1059 732 my-

271 751 347 774 zeten
363 750 410 774 aut
424 747 568 778 bruchum,
586 753 703 773 vermem
720 749 767 772 aut
780 745 894 781 glaciem
909 743 1007 779 reliqui
1022 744 1061 770 in-

271 791 412 825 terpretati
426 795 500 818 sunt.

1112 284 1165 312 τοῦ
1178 284 1285 318 δόντος
1301 284 1342 317 τῷ
1360 282 1473 319 μυζήτῃ
1493 283 1529 310 τὰ
1544 283 1713 318 γεννήματα
1726 281 1836 313 αὐτῶν,
1855 280 1906 308 και

1112 329 1182 363 τοὺς
1196 330 1308 363 κόπους
1322 329 1422 357 αὐτῶν
1443 329 1480 364 τῇ
1496 329 1594 364 ἀκρίδι
1607 338 1613 344 ·
1638 327 1691 355 τοῦ
1706 328 1902 355 ἀποκτείναν-

1110 385 1161 410 τος
1172 378 1207 403 ἐν
1222 376 1334 411 χαλάζῃ
1347 377 1405 411 τὴν
1417 376 1553 411 ἄμπελον
1568 375 1666 404 αὐτῶν
1677 374 1726 402 καὶ
1742 374 1796 407 τὰς
1811 383 1905 401 συκο-

1107 424 1220 458 μόρους
1243 423 1342 450 αὐτῶν
1363 423 1398 450 ἐν
1420 423 1568 457 σκώληκι·
1584 421 1637 449 τοῦ
1653 420 1796 453 ἐκδόντος
1811 420 1907 454 λοιμῷ

1111 469 1147 495 τά
1162 468 1256 502 κτήνη
1272 468 1381 501 αὐτῶν,
1394 468 1443 495 καὶ
1467 468 1501 494 τὰ
1518 467 1653 502 κτήματα
1666 464 1765 493 αὐτῶν
1776 464 1903 497 οίωνοῖς.

1117 515 1189 541 Ἂντὶ
1215 514 1243 541 δὲ
1266 514 1324 547 τοῦ,
1353 513 1390 549 τῇ
1413 514 1535 548 ἐρυσίϐῃ
1563 513 1621 548 (ι),
1645 513 1659 538 ὁ
1686 511 1734 547 μὲν
1757 511 1906 546 Σύμμαχος

1111 560 1212 596 ὁμοίως
1227 560 1268 593 τῷ
1281 559 1405 595 μυζήτῃ.
1422 561 1437 587 ὁ
1459 560 1486 586 δὲ
1510 559 1625 590 Ἀκύλας
1641 557 1681 591 τῷ
1704 557 1838 591 ,βρούχῳι
1856 557 1907 591 ἡρ-

1114 607 1246 642 μήνευσεο
1275 608 1322 633 καὶ
1348 606 1428 633 πάλιν
1454 606 1514 633 ἀντὶ
1540 604 1597 637 τοῦ,
1617 603 1655 639 τῇ
1680 603 1794 638 πάχνη,
1817 603 1830 629 ὁ
1856 602 1906 637 μὲν

1113 651 1259 687 Σύμμαχος
1271 651 1311 684 τῷ
1325 651 1469 686 σκώληκι,
1486 652 1501 677 ὁ
1517 651 1545 678 δὲ
1568 650 1682 682 Ἀκύλας
1697 649 1733 676 ἐν
1755 648 1849 682 κρύει,
1860 649 1907 674 ὲκ-

1112 697 1254 724 δεδώκασι.
1273 698 1471 733 Σεσιωπημὲνα
1496 697 1524 724 δὲ
1547 697 1634 724 ταῦτα
1653 695 1728 731 παρὰ
1752 694 1849 722 Μωσεῖ
1876 693 1907 719 τὺ

1113 744 1200 779 παρὸν
1213 744 1303 779 λόγιον
1317 744 1541 776 ὲδίδαξεν.Ἔοικε
1553 743 1582 770 δὲ
1598 745 1614 779 ὴ
1630 742 1744 779 ὲρυσίὸη
1763 741 1810 768 καὶ
1826 741 1841 767 ὁ
1856 749 1907 775 μυ-

1113 787 1198 825 ζήτης
1215 790 1295 822 αὐτὸς
1311 787 1378 817 εἶναι
1396 790 1409 816 ὁ
1427 790 1502 826 παρὰ
1525 790 1620 817 Μωσεί
1639 788 1808 824 κεκλημένος
1829 786 1906 820 κνίψ.

273 839 328 874 Τῆς
344 838 397 874 γὰρ
414 838 535 869 Μωσέως
552 838 664 874 Γραφῆς
684 837 906 873 μνημονευούσης
935 837 1001 864 δέκα
1031 837 1152 873 πληγῶν,
1187 839 1202 864 ὸ
1219 838 1314 875 παρὼν
1347 839 1425 874 λόγος
1446 839 1493 866 τοῦ
1515 836 1630 875 αἵματος
1652 837 1838 873 ἐμνημόνευσε
1861 835 1910 861 καὶ

271 884 326 911 τῶν
341 884 483 919 βατράχων
508 884 554 910 καὶ
569 883 620 919 τῆς
640 884 788 919 κυνομυίας
805 885 853 910 καὶ
878 884 927 920 τῆς
954 884 1064 920 ἀκρίδος
1084 885 1129 911 καὶ
1142 884 1192 919 τῆς
1209 885 1338 920 χαλάζης,
1372 886 1419 912 καὶ
1437 885 1484 912 τοῦ
1509 885 1622 912 θανάτου
1637 885 1691 911 τῶν
1707 882 1826 919 κτηνῶν,
1861 881 1910 907 καὶ

273 931 319 957 τοῦ
335 931 448 957 Θανάτου
466 930 520 957 τῶν
554 930 746 966 πρωτοτόκων·
768 931 889 957 σκνιπῶν
911 939 941 957 τε
960 930 1020 965 (sic)
1035 931 1085 956 οὐκ
1103 931 1237 966 ἐμνήσθη,
1272 932 1331 958 οὐδὲ
1356 931 1411 958 τῶν
1436 931 1604 967 φλυκτανῶν,
1621 931 1682 957 οὐδὲ
1704 929 1751 957 τοῦ
1772 928 1887 959 σκότους
1901 937 1910 944 ·

272 978 332 1005 ἀντὶ
354 979 382 1005 δὲ
404 979 506 1004 τούτων
529 977 659 1013 ἐρυσίϐην
671 974 731 1004 εἷπε
748 978 794 1004 καὶ
812 977 934 1014 πάχνην·
952 977 1010 1004 ἀνθ’
1027 974 1064 1004 ὧν
1084 977 1206 1014 μυζήτην
1242 979 1259 1014 ἢ
1277 978 1404 1014 βροῦχον,
1421 979 1438 1015 ἢ
1473 977 1612 1014 σκώληκα,
1630 978 1647 1013 ἢ
1668 976 1751 1013 κρύος
1772 975 1800 1002 οἱ
1821 974 1910 1001 λοιποὶ

271 1027 459 1063 ήρμήνευσαν.

306 1077 389 1105 Vsus.
405 1077 501 1105 49-51.
522 1077 597 1105 Misit
609 1078 637 1105 in
652 1086 695 1105 eo:
707 1078 775 1105 iram
790 1078 981 1114 indignationis
993 1087 1061 1108 sum.

1155 1076 1384 1110 Ἐξαιτέο-τειλεν
1396 1078 1440 1111 εις
1453 1077 1564 1111 αὐτοὺς
1577 1077 1670 1113 ὀργὴν
1686 1077 1781 1113 θυμοῦ
1802 1078 1908 1110 αὐτοῦ,

269 1123 477 1158 indignationem
494 1127 519 1149 et
535 1123 605 1149 iram
616 1127 641 1149 et
653 1122 861 1155 tribulationem,
874 1123 1064 1150 immissione»:

271 1179 320 1205 per
328 1170 434 1204 angelos
442 1170 536 1196 maloa.
545 1169 620 1196 Viam
629 1169 691 1204 fecit
705 1169 805 1196 semita:
824 1170 872 1196 irae
880 1178 946 1201 saw,
954 1178 1005 1196 non
1019 1177 1064 1203 pe-

272 1217 355 1252 percit
370 1225 386 1242 a
399 1221 481 1243 morte
491 1215 631 1242 animabus
646 1223 748 1247 eorum,
765 1215 920 1250 etjumenta
931 1223 1021 1242 eorum
1037 1217 1064 1242 in

272 1268 355 1290 morte
372 1263 511 1290 conclusit.
531 1261 566 1289 Et
577 1262 707 1296 percussit
723 1270 798 1290 omne
811 1263 1013 1297 primogenitum
1037 1262 1064 1288 in

274 1308 609 1344 terrangyptimrimitiar
620 1309 704 1335 omnis
716 1307 817 1335 laboris
827 1316 918 1335 eorum
934 1309 960 1335 in
977 1307 1065 1335 taber-

272 1355 375 1382 naculis
381 1355 475 1383 (Iliam.
487 1355 590 1382 Praeter
597 1362 628 1382 ea
635 1363 697 1390 qua:
705 1355 831 1389 superius
839 1355 911 1382 dicta
919 1358 995 1386 sunt,
1007 1355 1064 1381 haec

273 1402 355 1428 etiam
368 1404 464 1427 contra
481 1399 626 1436 Egyptios
639 1407 689 1435 pro
712 1401 801 1428 salute
817 1399 909 1435 populi
932 1403 1064 1435 operatus

274 1446 346 1474 Deus
361 1446 503 1475 estzllisit
515 1447 543 1473 in
557 1455 600 1474 eo:
612 1447 682 1473 iram
692 1446 886 1481 indignationis
908 1454 973 1475 sum.
995 1446 1065 1472 indi-

273 1493 425 1528 gnationem
446 1497 470 1520 et
486 1493 556 1519 iram
568 1497 592 1520 et
607 1492 816 1520 tribulationem.
837 1492 905 1519 Cum
915 1496 1004 1519 autem
1023 1493 1064 1519 ira

273 1542 300 1566 et
316 1538 467 1574 indignatio
481 1537 641 1573 frequenter
654 1542 831 1570 memoretur,
849 1538 894 1565 hic
904 1545 997 1566 sermo
1013 1538 1064 1565 hu-

273 1583 321 1618 jus
344 1583 421 1611 vocis
449 1583 678 1618 signiﬁcationem
707 1582 736 1610 in
763 1582 942 1618 sequentibus
976 1583 1065 1617 aperit

275 1629 381 1662 dicens,
397 1629 593 1656 Immiseionem
608 1637 654 1664 per
682 1629 790 1664 angelo:
811 1629 913 1660 malos;
936 1630 993 1657 sive
1019 1637 1063 1656 se-

276 1676 396 1703 cundum
407 1676 613 1711 Symmachum,
623 1675 816 1703 lmmissionem
828 1675 980 1710 angelorum
991 1676 1064 1702 mala

275 1721 454 1756 inferentium.
468 1720 537 1748 Nam
553 1722 712 1756 angelorum
732 1721 804 1748 mala
823 1721 997 1748 inforentium
1012 1723 1064 1748 im-

276 1768 383 1801 missio,
400 1767 550 1795 secundum
567 1767 716 1795 humanum
742 1767 880 1802 cogitandi
903 1775 1006 1794 morem
1024 1768 1065 1795 ira
1079 1761 1100 1790 (ἶ

275 1817 304 1841 et
320 1813 471 1855 indignatio
485 1813 531 1841 Dei
545 1821 606 1842 esse
620 1817 740 1849 putatur.
755 1812 816 1840 Non
836 1813 910 1841 enim
929 1813 977 1840 ira:
991 1822 1068 1840 com-

276 1860 426 1888 motionem
450 1860 478 1887 in
508 1859 564 1888 Deo
588 1861 745 1890 existimare
771 1865 985 1888 consentaneum
1004 1865 1066 1894 est;

276 1907 325 1935 sed
349 1907 483 1943 supplicia
506 1907 598 1943 impiis
613 1908 687 1942 justo
709 1907 756 1935 Dei
778 1908 885 1942 judicio
899 1915 948 1943 per
963 1908 1068 1935 immis-

278 1954 384 1982 sionem
397 1954 568 1989 angelorum,
580 1955 626 1989 qui
635 1955 667 1981 ad
678 1954 729 1981 hoc
737 1953 857 1989 deputati
868 1957 943 1985 sunt,
955 1953 1067 1988 inﬂicta,

279 1999 319 2026 ira
333 2004 361 2026 et
374 1999 528 2034 indignatio
541 2004 685 2027 vocantur.
700 2000 835 2028 Caeterum
850 2008 912 2028 cum
934 2000 1068 2037 Egypliis

280 2045 467 2073 immissiones
498 2046 658 2080 angelorum
684 2047 756 2072 mala
785 2046 962 2074 inferentium
991 2047 1069 2074 facta:

280 2090 407 2121 luissem,
423 2090 481 2125 ipse
494 2091 564 2118 riam
581 2090 645 2118 fecit
656 2093 761 2119 semita:
774 2093 822 2119 iraa
836 2100 902 2124 suae,
919 2093 1067 2119 secundum

281 2135 475 2171 Symmachum
496 2144 571 2167 vero,
586 2137 679 2164 stravit
702 2138 796 2165 callem
814 2138 862 2165 iraa
883 2146 948 2165 sum.
966 2138 1069 2173 Hisque

282 2181 412 2209 traditum
437 2182 537 2217 populo
553 2186 675 2218 tempore
692 2183 774 2211 illatae
791 2183 926 2219 [Egyptiis
939 2184 1069 2212 vindicta:

281 2228 428 2263 mysticum
444 2229 547 2255 cultum
570 2228 746 2256 subindicare
767 2230 833 2256 mihi
857 2230 975 2257 videtur.
991 2229 1069 2258 Tunc

280 2275 353 2303 enim
365 2275 477 2309 jubetur
489 2274 601 2303 Pascha!
620 2275 718 2302 festum
738 2275 882 2308 celebrari,
893 2279 920 2302 et
933 2276 1070 2304 immolari

281 2329 382 2357 agnum
402 2321 437 2349 ad
459 2321 613 2357 symbolum
626 2321 695 2357 Agni
712 2320 759 2349 Dei
778 2329 828 2356 pro
841 2321 999 2350 hominibus
1019 2323 1071 2349 im-

281 2367 412 2400 molandi,
426 2367 577 2403 inungique
591 2367 725 2403 sanguine
742 2367 961 2403 superliminaria
975 2368 1070 2396 domo-

279 2421 357 2446 rum,
379 2417 409 2441 ut
436 2414 489 2442 hoc
515 2419 675 2450 conspecto,
700 2413 898 2441 exterminator
922 2414 1068 2442 abstineret

281 2467 297 2486 ο
324 2460 426 2488 damno
444 2460 497 2487 hoc
527 2460 672 2495 agentibus
700 2459 847 2488 inferendo.
876 2459 1011 2495 Scriptum
1028 2466 1068 2488 est

279 2506 352 2533 enim
365 2513 372 2531 :
388 2505 422 2532 Et
433 2507 559 2534 transibit
568 2506 699 2534 Dominus
724 2506 759 2533 ad
772 2506 972 2542 percutiendum
985 2506 1070 2542 Egy-

281 2552 362 2585 ptios,
373 2556 397 2578 et
405 2552 503 2579 videbit
516 2553 670 2588 sanguinem
680 2552 707 2579 in
721 2553 919 2587 superliminart'
925 2558 949 2580 et
961 2553 988 2580 in
997 2559 1070 2580 utra-

281 2605 330 2632 que
342 2601 425 2632 parte.
439 2596 472 2624 Et
492 2598 665 2631 pertransibit
690 2597 819 2625 Dominus
835 2599 963 2632 januam,
979 2603 1004 2625 et
1016 2607 1068 2626 non

282 2643 413 2678 permittet
433 2643 534 2679 ingredi
555 2645 786 2672 exterminatorem
808 2645 836 2672 in
850 2645 942 2673 domos
966 2650 1067 2672 uestras

283 2689 317 2716 ad
330 2690 527 2724 percutiendum
537 2690 572 2719 ".

1116 1123 1211 1157 θυμὸν
1225 1123 1275 1150 καὶ
1295 1123 1388 1158 ὀργὴν
1407 1123 1456 1150 καὶ
1473 1124 1588 1158 θλίψιν,
1608 1122 1786 1157 ἀποστολὴν
1807 1123 1846 1150 δι’
1859 1124 1912 1159 ἀγ-

1116 1169 1212 1204 γέλων
1230 1170 1565 1204 πονηρῶν.Ὧδοποίησε
1583 1171 1682 1204 τρίϐον
1705 1170 1740 1205 τῇ
1763 1170 1840 1205 ὀργῆ
1859 1172 1913 1200 αὐ-

1110 1212 1180 1248 τοῦ,
1194 1217 1249 1242 οὐχ
1263 1216 1405 1250 ἐφείσατο
1419 1216 1479 1243 ἀπὸ
1494 1216 1624 1244 θανάτου
1644 1217 1704 1244 τῶν
1728 1217 1838 1252 ψυχῶν
1858 1219 1914 1245 αὺ-

1117 1261 1186 1293 τῶν,
1200 1262 1295 1290 καὶτὰ
1311 1263 1407 1298 κτηνὴ
1421 1262 1522 1290 αὐτῶν
1541 1264 1586 1296 εις
1607 1263 1739 1292 θάνατον
1755 1265 1915 1291 συνέκλει-

1117 1316 1163 1336 σε.
1182 1308 1239 1336 Kal
1263 1309 1394 1342 ἐπάταξε
1409 1309 1471 1337 πᾶν
1496 1311 1684 1344 πρωτότοκον
1705 1309 1740 1337 ἐν
1761 1309 1801 1345 τῇ
1823 1311 1913 1345 Αίγύ-

1117 1363 1190 1387 πτῳ,
1206 1356 1349 1390 ἀπαρχὴν
1367 1356 1481 1389 παντὸς
1493 1356 1588 1383 πόνου
1601 1355 1701 1383 αὐτῶν
1713 1356 1747 1383 ἐν
1760 1356 1823 1389 τοῖς
1837 1363 1915 1389 σκη-

1117 1401 1232 1436 νώμασι
1248 1401 1322 1436 Χάμ.
1342 1402 1415 1438 Πρὸς
1441 1403 1498 1434 τοῖς
1522 1401 1641 1437 λεχθεῖσι
1665 1402 1712 1429 καὶ
1733 1401 1821 1428 ταῦτα
1839 1402 1913 1429 κατὰ

1117 1448 1172 1475 τῶν
1188 1448 1345 1483 Αἰγυπτίων
1366 1448 1437 1484 ὑπὲρ
1453 1448 1503 1483 τῆς
1523 1448 1660 1484 σωτηρίας
1672 1447 1719 1474 τοῦ
1733 1448 1798 1475 λαοῦ
1817 1450 1832 1475 ό
1845 1448 1913 1481 Θεὸς

1118 1494 1275 1530 εἰργάζετο·
1300 1494 1528 1526 Ἐξαπέστειλεν
1549 1495 1594 1527 είς
1613 1493 1725 1527 αὐτοὺς
1750 1493 1845 1529 ὀργὴν
1861 1495 1913 1520 θιν-

1116 1541 1174 1576 μοῦ
1196 1541 1299 1574 αὑτοῦ,
1313 1541 1409 1576 θυμὸν
1430 1541 1479 1568 καὶ
1497 1541 1591 1577 ὀργὴν
1612 1540 1661 1568 καὶ
1677 1541 1792 1576 θλίψιν.
1809 1542 1913 1569 Πολλα-

1118 1588 1164 1624 χοῦ
1180 1588 1208 1613 δὲ
1219 1588 1269 1622 τῆς
1278 1588 1361 1623 ὀργῆς
1372 1586 1574 1623 ὀνομαζομένης
1589 1587 1634 1614 καὶ
1647 1586 1693 1614 τοῦ
1708 1587 1828 1622 θυμοῦ,ὸ
1843 1595 1913 1623 παρ-

1117 1633 1155 1660 ὼν
1173 1633 1250 1668 λόγος
1265 1634 1316 1669 τὴν
1344 1633 1464 1661 διάνοιαν
1479 1633 1626 1670 ἑρμηνεύει
1643 1634 1692 1669 τῆς
1709 1634 1840 1669 τοιαύτης
1855 1643 1911 1668 φω-

1118 1679 1166 1714 νῆς
1184 1679 1248 1714 ἑξῆς
1265 1679 1414 1714 ἐπιλέγων
1438 1679 1624 1714 Ἀποστολὴν
1653 1680 1690 1706 δι’
1707 1679 1843 1714 ἀγγέλων
1858 1687 1911 1706 πο-

1118 1725 1235 1759 νηρῶν·
1251 1726 1267 1760 ἢ
1281 1725 1351 1752 κατὰ
1363 1726 1409 1751 τὸν
1424 1725 1586 1761 Σύμμαχον,
1611 1725 1842 1760 Ἐπαποστολὴν
1858 1726 1910 1761 ἀγ-

1117 1770 1215 1805 γέλων
1230 1771 1412 1797 κακούντων.
1423 1771 1455 1797 'H
1471 1771 1525 1807 γὰρ
1542 1771 1595 1798 τῶν
1616 1771 1771 1798 κακούντων
1785 1771 1910 1806 ἀγγέλων

1117 1815 1289 1851 ὲπαποστολὴ
1316 1815 1354 1848 ὡς
1378 1816 1447 1852 πρὸς
1472 1815 1633 1851 ἀνθρώπους
1657 1816 1800 1851 ἐνομίζετο
1827 1817 1911 1852 θυμὸς

1118 1860 1186 1888 εἷναι
1211 1862 1257 1888 καὶ
1279 1862 1348 1898 ὀργὴ
1371 1862 1448 1889 Θεοῦ.
1468 1863 1504 1889 Οὐ
1522 1863 1576 1898 γὰρ
1590 1862 1621 1897 δὴ
1639 1862 1724 1895 πάθος
1741 1860 1810 1889 εἶναι
1827 1863 1912 1899 ὀργῆς

1119 1907 1183 1942 περὶ
1207 1907 1253 1933 τὸν
1275 1905 1343 1933 Θεὸν
1360 1907 1492 1943 προσήκει
1506 1906 1644 1943 νομίζειν·
1660 1907 1710 1940 τὰς
1728 1907 1756 1934 δὲ
1771 1908 1842 1934 κατὰ
1859 1909 1912 1934 τῶν

1118 1952 1223 1979 ἀσεϐῶν
1242 1952 1378 1988 τιμωρίας
1400 1953 1490 1988 κρίσει
1511 1953 1602 1989 δικαίᾳ
1624 1952 1691 1980 θεοῦ
1713 1953 1746 1979 δι’
1760 1953 1911 1987 ἀποστολὴν

1118 1999 1241 2033 ἀγγέλων
1252 1999 1306 2026 τῶν
1320 1999 1361 2030 εἰς
1374 1998 1452 2025 τοῦτο
1462 1999 1637 2034 τεταγμένων
1652 1999 1816 2034 γιγνομένας
1828 1999 1911 2035 ὀργὴν

1119 2046 1166 2072 καὶ
1195 2045 1279 2081 θυμὸν
1306 2045 1456 2072 καλεῖσθαι.
1485 2045 1558 2081 Πλὴν
1580 2045 1648 2072 ἀλλὰ
1677 2046 1732 2077 τοῖς
1753 2045 1911 2078 Αἰγυπτίοις

1119 2093 1306 2128 ὲπαποστολῆς
1330 2092 1455 2127 ἀγγέλων
1476 2091 1631 2119 κακούντων
1654 2092 1814 2128 γενομένης,
1832 2092 1911 2123 αὐτὸς

1119 2140 1270 2176 ὡδοποίησε
1286 2139 1378 2175 τρίϐον
1393 2140 1424 2174 τῇ
1440 2139 1508 2175 ὀργῇ
1525 2138 1606 2165 αὑτοῦ
1617 2147 1625 2154 ·
1650 2139 1720 2165 κατὰ
1737 2139 1765 2166 δὲ
1778 2138 1823 2164 τὸν
1842 2139 1912 2173 Σύμ-

1121 2193 1218 2221 μαχον,
1240 2184 1404 2220 διέστρωσε
1426 2184 1560 2218 ἀτραπὸν
1583 2183 1621 2218 τῇ
1644 2182 1717 2218 ὀργῇ
1732 2183 1839 2209 αὑτοῦ;
1858 2183 1911 2209 Καί

1121 2240 1165 2266 μοι
1188 2231 1261 2258 δοκεῖ
1284 2230 1329 2257 διὰ
1348 2229 1450 2256 τούτων
1464 2229 1630 2256 αἰνίττεσθαι
1645 2228 1695 2263 τὴν
1712 2227 1911 2263 παραδοθεῖσαν

1119 2277 1158 2312 τῷ
1171 2276 1229 2312 λαῷ
1240 2276 1372 2313 μυστικὴν
1387 2275 1516 2311 λατρείαν
1528 2274 1598 2302 κατὰ
1606 2273 1652 2300 τὸν
1664 2273 1758 2310 καιρὸν
1769 2273 1820 2308 τῆς
1832 2272 1911 2299 ἐπελ-

1120 2321 1218 2358 θούσης
1243 2323 1298 2353 τοῖς
1315 2321 1474 2356 Αἰγυπτίοις
1485 2321 1578 2356 ὀργῆς.
1586 2320 1652 2346 Τότε
1669 2319 1723 2354 γὰρ
1739 2319 1911 2345 διάταττεται

1119 2368 1169 2404 τὴν
1182 2367 1230 2394 τοῦ
1243 2367 1339 2403 Πάσχα
1354 2367 1451 2403 ἑορτὴν
1465 2366 1629 2397 ἐπιτελέσαι,
1641 2365 1777 2397 θύσαντας
1789 2365 1840 2400 μὲν
1851 2365 1912 2400 πρό-

1121 2413 1202 2441 ϐατον
1219 2414 1290 2441 κατὰ
1307 2414 1439 2450 σύμϐολον
1451 2413 1497 2440 τοῦ
1517 2413 1658 2449 μέλλοντος
1671 2412 1741 2448 ὑπὲρ
1757 2410 1910 2447 ἀνθρώπων

1121 2460 1284 2496 τυθήσεσθαι
1312 2460 1410 2496 Ἀμνοϋ
1434 2461 1481 2487 τοῦ
1491 2460 1570 2493 Θεοῦ,
1588 2460 1735 2496 χρίσαντας
1757 2458 1784 2484 δὲ
1808 2457 1917 2484 ἑαυτῶν.

1122 2505 1172 2538 τὰς
1189 2506 1268 2541 φλιὰς
1287 2505 1341 2532 τῶν
1355 2505 1437 2532 οἴκων
1449 2505 1488 2541 τῷ
1510 2505 1619 2541 αἵματι·
1636 2504 1673 2536 ὡς
1689 2503 1732 2535 ἂν,
1749 2503 1829 2530 τοῦτο
1851 2503 1912 2529 θεα-

1122 2552 1238 2587 σάμενος
1264 2552 1278 2578 ὁ
1303 2551 1474 2588 ὀλοθρευτὴς,
1496 2551 1683 2586 ἀναχωρήσειε
1705 2549 1756 2584 τῆς
1772 2549 1844 2575 κατὰ
1860 2547 1918 2575 τῶν-

1120 2598 1198 2624 τοῦτο
1218 2597 1378 2633 πραξάντων
1403 2597 1543 2633 ὲπιὸολῆς.
1569 2597 1727 2633 Γέγραπται
1750 2596 1829 2630 γοῦν·
1858 2595 1913 2623 Καὶ

1120 2645 1336 2678 παρελεύσεται
1358 2645 1466 2679 Κύριος
1481 2644 1610 2677 πατάξαι
1624 2643 1695 2677 τοὺς
1709 2643 1891 2677 Αἰγυπτίους
1902 2649 1910 2656 ·

1119 2691 1169 2718 καὶ
1183 2691 1287 2726 ὄψεται
1299 2692 1332 2719 τὸ
1347 2689 1419 2728 alga
1439 2691 1488 2718 ἐπὶ
1501 2691 1557 2725 τῆς
1572 2690 1674 2726 φνίιᾶς,
1691 2691 1739 2717 καὶ
1756 2690 1803 2717 ἐπ’
1817 2690 1914 2724 ἀμφο-

283 2735 375 2770 τέρων
398 2735 458 2763 τῶν
479 2735 628 2770 σταθμῶν.
652 2736 707 2764 Kal
730 2738 942 2772 παρελεύσεται
964 2737 1070 2772 Κύριος
1088 2738 1145 2766 τὴν
1160 2739 1270 2773 θύραν·
1287 2739 1335 2766 καὶ
1347 2739 1402 2765 οὐκ
1417 2737 1528 2773 ἀφήσει
1539 2739 1592 2765 τὸν
1620 2737 1819 2771 «sacomam:
1849 2735 1912 2761 εἰσ-

283 2783 384 2809 ελθεῖν
396 2783 440 2816 εις
451 2782 505 2815 τὰς
521 2782 617 2816 οἰκίας
629 2783 714 2818 ὑμῶν
728 2783 867 2815 πατάξαι.

321 2838 374 2867 Sed
392 2839 447 2868 illis
461 2839 570 2875 quidem
586 2840 657 2869 viam
675 2843 780 2877 paravit
795 2847 823 2870 ut
839 2842 985 2880 ell‘ugcrcut
1003 2843 1071 2871 iram

326 2919 347 2934 ³⁷
361 2918 445 2947 Exod.
465 2927 511 2950 xu,
528 2919 572 2947 ‘33.

1167 2841 1246 2868 Ἀλλὰ
1268 2840 1371 2873 τούτοις
1397 2841 1445 2877 μὲν
1469 2841 1617 2876 ὡδοποίησε
1634 2834 1725 2876 sgf-60v
1739 2839 1806 2875 πρὸς
1819 2839 1849 2866 τὸ
1865 2839 1911 2866 ὲκ-

1155 2921 1192 2956 (l)
1210 2919 1259 2950 Ms.
1278 2919 1402 2956 ἑρισύΰῃ.
