2024 3214
139 151 192 180 929

685 149 941 180 COMMENTARIA
958 149 992 178 IN
1011 149 1181 179 PSALIIOS.
1229 135 1252 168 7
1266 126 1287 158 ⁷

1716 152 1771 182 σω

139 209 235 245 φυγεῖν
248 207 297 244 τὴν
306 207 390 244 ὀργὴν
403 200 485 235 αὑτοῦ
495 214 502 222 ·
519 207 575 234 τῶν
586 207 616 234 δὲ
625 207 782 242 Αἰγυπτίων
793 208 843 236 οὐκ
856 208 931 243 ἐφεί-

984 215 1081 236 suam:
1100 207 1237 244 Egyptiis
1250 215 1314 237 vero
1324 216 1379 237 non
1390 209 1528 245 pepercit;
1542 217 1635 250 rerum
1654 210 1681 237 in
1697 217 1771 239 mur-

140 263 222 283 σατο·
239 253 382 290 παρεδίδου
407 253 436 281 δὲ
458 253 499 285 εις
525 253 639 281 θάνατον
655 253 705 286 τὰς
727 253 815 289 ψυχὰς
829 254 929 286 αὐτῶν,

140 301 222 335 ἀξίων
237 300 322 327 ὅντων
334 300 382 336 τῆς
396 300 523 335 τοιαύτης
533 300 669 336 τιμωρίας
678 309 686 316 ·
703 300 860 336 ἐπειδήπερ,
873 301 932 328 ἀσε-

139 348 227 380 ϐείαις
246 346 419 382 ἐκδεδομέναι
438 346 485 372 καὶ
512 348 546 381 τῇ
561 346 684 382 πολυθέῳ
697 346 743 374 καὶ
762 348 930 383 Αἰγυπτιακῇ

138 393 342 429 δεισιδαιμονίᾳ,
368 392 440 427 ἄλλῳ
463 392 569 425 Θανάτῳ
598 392 648 424 τὰς
674 393 762 428 ψυχὰς
784 393 931 428 ἐτύγχανον

140 440 360 476 βεϐαπτισμένοι.
375 439 475 474 Διόπερ
488 440 502 465 6
516 439 611 475 παρὼν
631 439 709 474 λόγος
723 440 753 465 οὺ
769 440 857 466 κοινὸν
883 439 931 466 Θά-

138 496 217 514 νατον
235 487 431 523 ἐπεληλυθέναι
447 487 537 518 αὐτοῖς
552 486 682 519 διδάσκει,
699 486 765 513 ἀλλὰ
777 487 869 522 ψυχῶν
884 486 931 513 θά-

139 542 227 560 νατον.
237 533 266 560 '0
287 533 341 569 γὰρ
365 532 536 568 ὀλοθρευτὴς,
555 529 576 566 ᾧ
604 532 800 568 παρεδόθησαν,
818 534 875 568 ἅμα
898 534 930 568 τῇ

140 579 187 606 τοῦ
203 579 329 615 σώματος
345 578 475 612 διαλύσει,
488 579 537 610 τὰς
551 578 639 613 ψυχὰς
652 578 741 605 αὐτῶν
753 578 930 614 παρελάμϐα-

140 634 194 657 νεν,
208 626 249 657 εἰς
263 625 372 661 ὄλεθρον
389 625 472 655 αὑτὰς
484 625 608 658 ἀπάγων.
623 624 668 651 Διὸ
684 625 729 651 καὶ
744 622 821 655 αὖθις
832 625 932 660 γέγρα-

141 680 223 698 πται·
241 673 303 698 Οὐκ
331 671 472 705 ἐφείσατο
499 671 558 698 ἀπὸ
589 670 719 698 θανάτου
744 670 803 697 τῶν
825 670 932 705 ψυχῶν

139 717 247 744 αὐτῶν.
270 716 336 744 Εἶτα
358 718 484 751 διασαφεῖ
507 717 593 751 λέγων
619 717 700 752 ὲξῆς’
722 716 778 745 Kal
802 716 931 748 ἐπάταξε

139 764 198 792 πᾶν
223 765 411 799 πρωτότοκον
433 764 468 790 ἐν
483 763 522 798 γῇ
544 764 691 797 Λὶγύπτῳ,
712 763 852 797 ἀπαρχὴν
873 762 932 790 τῶν

139 812 239 838 πόνων
264 809 372 837 αὐτῶν.
390 809 463 835 Ἀντὶ
488 810 516 836 δὲ
540 809 598 841 τοῦ,
624 809 765 843 ἀπαρχὴν
796 808 856 835 τῶν
878 809 931 835 πί-

138 866 198 885 νων
224 856 324 885 αὐτῶν
359 857 394 882 ἐν
425 856 487 889 τοῖς
512 855 689 890 σκηνώμασι
715 855 793 890 Χάμ·
818 856 833 882 6
857 855 929 891 Σύμ-

141 911 242 939 μαχος·
270 901 417 936 Πρωτεῖον
441 901 599 936 δυνάμεων
631 900 740 932 αὐτῶν,
764 901 929 936 ἡρμήνευσε.

141 949 181 977 Τὰ
211 949 267 984 γὰρ
294 948 454 984 πρωτότοκα
486 947 534 974 καὶ
563 948 695 983 πρωτεῖον
719 944 753 982 ἦν
780 947 829 981 τῆς
854 946 931 973 δυνά-

141 1004 212 1031 μεως
244 995 299 1022 τῶν
325 994 524 1030 γεννησάντων.
556 993 605 1020 Διὰ
637 993 686 1029 μὲν
704 990 751 1020 οὖν
771 993 824 1019 τῶν
856 992 927 1028 πρώ-

138 1050 192 1070 των
204 1041 327 1077 πληγῶν,
337 1040 431 1076 ὥσπερ
444 1041 483 1071 εὶς
498 1040 641 1075 μετάνοιαν
654 1040 752 1071 αὐτοὺς
764 1039 932 1075 προσκαλού-

141 1097 219 1124 μενος
231 1087 276 1115 διὰ
286 1088 335 1124 τῆς
349 1087 449 1122 ἀνοχῆς
463 1087 510 1113 καὶ
526 1086 727 1122 μακροθυμίας,
743 1085 931 1122 πεφεισμένως

139 1134 229 1166 αὐτοῖς
246 1133 332 1169 ἐπῆγε
346 1132 396 1164 τὰς
408 1132 552 1168 τιμωρίας.
563 1132 624 1158 Ἐπὶ
643 1132 714 1159 τέλει
736 1132 764 1158 δὲ
786 1133 836 1158 οὐκ
857 1132 931 1167 ἐφεί-

140 1189 204 1207 σατο
231 1179 286 1207 ἀπὸ
311 1178 426 1206 Θανάτου
448 1178 502 1205 τῶν
521 1178 616 1213 ψυχῶν
637 1178 740 1205 αὐτῶν·
756 1177 824 1205 ἀλλὰ
838 1177 933 1205 καὶτὰ

140 1228 226 1264 κτήνη
242 1226 331 1254 αὐτῶν
346 1227 386 1258 εἰς
402 1226 516 1253 θάνατον
537 1225 717 1253 συνέκλεισεν.
727 1225 803 1252 Ἐπεὶ
818 1225 865 1251 καὶ
878 1225 932 1251 πᾶν

141 1273 310 1309 πρωτότοκον
327 1273 356 1299 ὲν
368 1273 403 1308 γῇ
418 1271 549 1307 Αἰγύπτῳ
566 1272 702 1308 ἀνῃρεῖτο,
720 1271 825 1307 κτηνῶν
838 1280 868 1298 τε
885 1272 931 1298 καὶ

139 1319 252 1355 ἀνδρῶν.
267 1319 372 1354 Σφόδρα
395 1318 422 1345 δὲ
446 1318 567 1354 ἀκριϐῶς
584 1318 630 1344 ἐπὶ
649 1319 698 1353 μὲν
712 1317 766 1344 τῶν
781 1317 933 1354 ἀνθρώπων

139 1365 247 1401 θανάτῳ
263 1365 330 1401 φησὶ
339 1365 389 1397 τὰς
404 1364 492 1400 ψυχὰς
504 1364 592 1391 αὐτῶν
607 1364 803 1399 παραδεδόσθαι
813 1373 819 1379 ·
835 1363 868 1400 ἦν
879 1364 933 1400 γὰρ

139 1414 154 1439 6
167 1412 327 1449 ὀλοθρευτὴς
342 1412 458 1447 δαίμων,
476 1412 490 1438 6
510 1412 559 1444 τὰς
575 1411 663 1447 ψυχὰς
680 1411 770 1438 αὐτῶν
795 1412 842 1438 καὶ
864 1412 933 1447 μετὰ

140 1458 254 1486 θάνατον
279 1458 517 1494 παραλαμϐάνων·
535 1458 581 1485 ἐπὶ
596 1458 624 1484 δὲ
640 1457 694 1484 τῶν
714 1458 819 1492 κτηνῶν
841 1458 932 1485 οὐκέτι

138 1504 232 1540 ψυχῶν
250 1504 462 1540 ἐμνημόνευσεν,
480 1503 546 1530 άλλά
562 1504 642 1539 μόνου
660 1503 704 1530 τοῦ
720 1503 808 1530 κοινοῦ
823 1504 869 1530 καὶ
882 1513 933 1531 σω-

142 1549 255 1585 ματικοῦ
272 1550 386 1577 θανάτου
400 1556 406 1562 ·
427 1551 457 1577 οὐ
479 1549 534 1586 γὰρ
557 1550 665 1586 μετέχει
689 1550 778 1585 ψυχῆς
799 1549 834 1577 τὰ
848 1551 932 1587 κτήνη

139 1594 189 1630 τῆς
223 1594 292 1630 μετὰ
324 1595 374 1631 τὴν
400 1594 446 1621 τοῦ
472 1594 597 1630 σώματος
622 1594 698 1621 λύσιν
721 1595 967 1638 παραμενούσηςο

139 1641 239 1677 ὁμοίως
265 1642 325 1673 ταῖς
341 1641 395 1668 τῶν
420 1641 572 1677 ἀνθρώπων
588 1641 698 1676 ψυχαῖς.
714 1640 768 1676 Τὴν
793 1641 821 1668 δὲ
848 1641 932 1677 αὐτὴν

144 1687 264 1722 ἱστορίαν
289 1687 426 1722 διαφόρως
451 1687 553 1721 Μωσῆς
577 1695 607 1712 τε
633 1687 681 1712 καὶ
696 1687 710 1712 6
734 1685 829 1722 παρὼν
855 1686 932 1720 λόγος

141 1732 311 1769 ἡρμήνευσεν
321 1740 328 1748 δ
340 1732 355 1758 6
372 1732 420 1768 μὲν
435 1732 596 1768 ὀλοθρευτὴν
612 1731 697 1759 εἰπὼν
715 1731 871 1767 διακονῆσαι
888 1732 932 1759 τὸν

143 1778 255 1805 θάνατον
271 1778 324 1806 τῶν
349 1779 528 1815 πρωτοτόκων
539 1788 545 1793 ·
564 1780 577 1805 6
591 1779 618 1805 δὲ
636 1777 731 1814 παρὼν
747 1777 825 1813 λόγος
837 1779 870 1805 δι’
885 1779 933 1813 ἀγ-

142 1824 227 1859 γέλων
242 1824 366 1860 πονηρῶν
382 1823 468 1851 ταῦτα
485 1825 633 1859 γεγονέναι.
650 1825 737 1851 Κάκεῖ
761 1825 809 1860 μὲν
831 1825 845 1850 6
869 1825 933 1851 Μῶα

142 1870 191 1905 σῆς
210 1869 250 1905 τῷ
271 1870 366 1905 αἵματι
383 1870 524 1906 κεχρῖσοαι
541 1870 590 1902 τὰς
607 1870 697 1905 φλιὰς,
715 1870 852 1897 καὶτοῦτο
883 1879 933 1905 φυ-

143 1914 285 1952 λακτήριον
302 1916 442 1950 γεγονέναι
467 1916 521 1942 τῶν
542 1916 729 1951 διαφυγόντων
744 1916 789 1942 τὸν
806 1915 927 1951 ὀλοθρευ-

141 1961 205 1996 τήν·
223 1960 340 1987 ἐνταῦθα
355 1960 383 1987 δὲ
398 1960 594 1996 ὦδοποιηκέναι
611 1961 703 1997 τρίϐον
719 1961 825 1997 εἴρηται
840 1962 854 1987 6
868 1961 933 1992 Θεὸς

143 2006 210 2042 πρὶς
225 2006 256 2033 τὸ
276 2006 426 2041 ἀποφυγεῖν
443 2006 492 2042 τὴν
507 2006 592 2043 ὀργὴν
607 2007 699 2033 αὐτοῦ.
718 2006 810 2033 Ταῦτα
826 2006 863 2039 δὲ,
882 2015 933 2041 φη-

144 2053 180 2084 σὶ,
195 2052 361 2078 συνετελεῖτο
376 2053 405 2078 ὲν
422 2053 478 2084 τοῖς
498 2052 659 2088 σκηνώμασι
683 2053 764 2088 Χάμ·
781 2052 808 2088 ἢ,
819 2053 854 2079 ἐν
868 2052 932 2085 ταῖς

143 2098 316 2131 σκηνώσεσι
332 2098 404 2133 Χὰμ,
428 2098 499 2125 κατὰ
522 2099 567 2125 τὸν
592 2099 737 2134 Σύμμαχον
748 2108 754 2114 ·
775 2098 802 2134 ἦ,
818 2098 852 2125 ἐν
868 2098 932 2131 ταῖς

143 2143 271 2177 σκέπαις
295 2144 368 2179 Χὰμ,
393 2144 464 2171 κατὰ
488 2145 532 2171 τὸν
555 2146 678 2172 Ἀκύλαν.
697 2147 737 2172 Δι’
751 2142 787 2172 ὧν
811 2145 933 2172 διδασκό-

146 2189 212 2224 μεθα
228 2189 277 2225 τὴν
293 2189 430 2224 Αἴγυπτον
445 2191 582 2225 γεγονέναι
602 2190 767 2226 σκηνώματα
789 2190 836 2217 τοῦ
857 2191 930 2226 Χάμ.

144 2236 232 2271 Τριῶν
252 2237 306 2271 γὰρ
327 2237 430 2263 παίδων
446 2236 491 2263 τοῦ
508 2236 569 2263 Νῶε
587 2237 750 2272 γενομένων,
768 2237 838 2272 Σὴμ,
855 2237 930 2272 Χὰμ,

984 258 1039 281 tem
1066 253 1180 282 tradidit
1203 254 1310 282 animas
1336 262 1443 289 eorum,
1470 256 1615 291 dignorum
1642 263 1711 284 sane
1723 255 1772 283 tali

982 300 1129 335 supplicio,
1152 299 1217 336 quia
1236 300 1424 335 impietatibus
1439 306 1465 328 et
1479 301 1647 338 Egyptiacaz
1669 302 1773 330 multo-

982 354 1042 373 rum
1065 346 1179 374 deorum
1199 346 1390 382 superstitioni
1412 347 1516 380 dediti,
1541 348 1594 375 alia
1618 348 1646 375 in
1671 351 1771 380 morte,

982 393 1081 430 anima:
1091 393 1207 426 scilicet,
1223 393 1342 421 demersi
1359 398 1448 421 erant.
1464 394 1555 426 Quare
1567 394 1610 421 hic
1626 402 1680 421 non
1695 402 1771 422 com-

981 446 1091 466 munem
1115 442 1232 466 mortem
1259 438 1328 474 ipsis
1352 439 1457 466 illatam
1481 447 1544 468 esse
1568 439 1702 474 docetur;
1724 441 1771 469 sed

982 489 1097 512 mortem
1116 485 1279 512 animarum.
1293 485 1360 512 Nam
1377 486 1574 513 exterminator
1587 487 1641 519 ille,
1657 488 1700 514 cui
1717 492 1772 514 tra-

981 528 1032 556 diti
1051 533 1125 562 sunt,
1141 529 1233 556 statim
1246 533 1327 565 atque
1343 538 1458 566 corpora
1473 531 1607 558 dissoluta
1622 537 1696 565 sunt,
1713 533 1773 560 ani-
1789 568 1790 571 η

982 582 1041 602 mas
1060 575 1192 611 abripuit,
1212 576 1239 603 in
1266 577 1416 611 perniciem
1448 577 1588 605 abducens
1604 586 1661 606 eas.
1683 578 1772 611 Quare

982 629 1091 649 rursum
1111 622 1251 655 scribitur,
1269 622 1331 649 Non
1355 624 1469 658 pepercit
1492 632 1508 650 a
1529 629 1612 651 morte
1634 624 1772 652 animabus

981 676 1082 695 eorum.
1099 667 1195 696 Postea
1211 676 1276 696 vero
1289 669 1346 696 haec
1359 669 1479 698 declarat
1494 679 1499 696 :
1519 670 1551 697 Et
1568 672 1698 704 percussit
1716 680 1773 698 οηιι

982 721 1013 739 ne
1028 714 1230 749 primogenitum
1247 715 1273 741 in
1295 719 1366 742 terra
1390 715 1513 751 IEgypti,
1533 717 1666 750 primitias
1688 717 1773 744 omnis

982 759 1081 786 laboris
1095 768 1197 787 eorum.
1214 759 1267 787 Pro
1283 760 1329 787 illo
1349 765 1450 792 autem.
1464 762 1597 795 primitias
1614 761 1712 789 laboris
1727 769 1769 789 eo-

981 814 1040 832 rum
1056 806 1083 832 in
1098 805 1286 838 _tabernacutis
1311 805 1405 838 C/iam,
1423 806 1619 842 Symmachus,
1640 808 1773 842 primitias

981 853 1084 880 virtutis
1101 861 1202 884 eorum,
1217 854 1413 888 interpretatus
1428 857 1479 881 est.
1496 853 1564 881 Nam
1581 854 1772 890 primogenita,

982 899 1109 932 primitiae
1121 899 1229 926 virtutis
1247 899 1416 934 gignentium
1431 904 1520 927 erant.
1537 901 1591 928 Per
1604 901 1708 936 primas
1722 902 1775 928 ita—

983 953 1036 980 que
1057 945 1151 981 plagas
1172 946 1252 980 quasi
1272 945 1306 972 ad
1329 946 1519 981 pmnitentiam
1542 946 1616 981 ipsos
1637 954 1773 977 evocans.

983 999 1030 1026 per
1049 991 1252 1026 patientiam'et
1267 991 1439 1019 tolerantiam
1457 1000 1546 1024 suam,
1561 992 1692 1027 paulatim
1707 992 1774 1027 ipsis

983 1040 1116 1075 supplicia
1146 1040 1291 1067 inferebat.
1317 1039 1346 1066 in
1363 1040 1416 1068 ﬁne
1437 1048 1503 1068 vero
1527 1048 1582 1067 non
1609 1041 1730 1075 pepercit
1759 1047 1774 1066 a

983 1089 1070 1112 morte
1097 1084 1242 1113 animabus
1266 1092 1377 1118 eorum;
1399 1085 1446 1112 sed
1469 1085 1551 1112 etiam
1576 1085 1701 1120 jumenta
1726 1093 1774 1112 eo-

983 1138 1044 1157 rum
1065 1131 1092 1158 in
1112 1135 1200 1158 morte
1225 1131 1373 1159 conclusit.
1402 1131 1469 1158 Nam
1495 1139 1576 1159 omne
1607 1132 1775 1167 primogeni-

984 1180 1042 1203 tum
1062 1176 1090 1203 in
1114 1180 1188 1203 terra
1215 1175 1325 1212 Egypti
1348 1175 1536 1208 occidebatur,
1561 1181 1615 1204 tam
1635 1177 1775 1212 jumento-

984 1230 1055 1254 rum,
1083 1229 1164 1257 quam
1183 1222 1335 1250 hominum.
1361 1221 1415 1249 Sed
1438 1227 1566 1249 accurate
1581 1223 1727 1250 admodum
1743 1223 1776 1250 dc

984 1268 1141 1296 hominibus
1152 1268 1264 1303 quidem
1282 1268 1320 1294 ait
1333 1268 1440 1295 animas
1455 1275 1549 1295 eorum
1562 1268 1643 1295 morti
1659 1268 1776 1296 traditas

984 1313 1070 1341 fuisse
1090 1322 1096 1340 :
1120 1313 1214 1341 aderat
1238 1314 1339 1349 quippe
1362 1313 1469 1341 dzemon
1494 1314 1702 1346 exterminator,
1727 1315 1775 1350 qui

984 1360 1089 1387 animas
1102 1360 1183 1386 etiam
1198 1367 1292 1387 eorum
1318 1364 1378 1394 post
1400 1365 1516 1387 mortem
1540 1360 1688 1395 abriperet.
1707 1360 1776 1389 Cum

983 1406 1018 1434 de
1030 1406 1164 1441 jumentis
1181 1413 1263 1441 porro
1281 1407 1382 1441 agitur,
1406 1414 1462 1433 non
1486 1407 1558 1433 ultra
1581 1406 1686 1434 animas
1700 1414 1775 1434 com-

984 1456 1133 1485 memorat;
1163 1453 1211 1479 scd
1238 1452 1326 1479 solum
1352 1459 1524 1479 communem
1553 1456 1580 1480 et
1605 1454 1774 1488 corporalem

984 1502 1101 1526 mortem
1118 1508 1124 1526 :
1141 1498 1267 1533 jumenta
1295 1499 1430 1534 siquidem
1455 1506 1510 1526 non
1534 1500 1641 1527 animas
1664 1500 1775 1532 habent,

984 1552 1044 1579 qua
1063 1549 1126 1579 post
1151 1545 1275 1579 corporis
1302 1545 1466 1572 solutionem
1498 1549 1636 1578 maneant,
1664 1546 1777 1581 perinde

985 1596 1065 1626 atque
1087 1591 1229 1619 hominum
1253 1592 1361 1621 animae.
1387 1590 1462 1619 Hanc
1488 1599 1554 1619 vero
1580 1592 1668 1627 ipsam
1690 1592 1777 1620 histo-

984 1637 1053 1664 riam
1077 1636 1186 1665 diverso
1208 1637 1291 1665 modo
1312 1637 1419 1673 Moyses
1445 1642 1472 1665 et
1491 1638 1535 1665 hic
1558 1639 1680 1673 psalmus
1695 1646 1777 1667 enar-

983 1686 1056 1710 rant.
1069 1682 1136 1710 Nam
1151 1683 1197 1711 ille
1208 1684 1317 1719 quidem
1334 1684 1404 1711 dixit
1418 1685 1661 1713 exterminatorem
1674 1685 1777 1721 primo-

983 1729 1138 1764 genitorum
1159 1729 1241 1757 morti
1265 1730 1460 1763 ministrasse;
1481 1730 1525 1758 hic
1545 1739 1610 1758 vero
1625 1739 1716 1759 sermo
1730 1739 1778 1767 per

984 1776 1097 1811 angi-los
1112 1776 1199 1803 malos
1218 1776 1275 1803 liazc
1292 1776 1366 1803 facta
1383 1777 1470 1804 fuisse
1490 1781 1594 1805 narrat.
1619 1778 1707 1813 Atque
1722 1778 1776 1805 illic

983 1822 1093 1856 quidem
1119 1822 1227 1859 Moyses
1263 1823 1398 1858 sanguine
1439 1824 1660 1857 superliminaria
1693 1828 1776 1851 uncta

984 1867 1071 1895 fuisse
1080 1871 1185 1899 narrat,
1197 1867 1281 1895 ethoc
1295 1869 1402 1903 signum
1412 1868 1497 1894 fuisse
1509 1868 1542 1895 ad
1561 1869 1670 1895 tutelam
1681 1875 1775 1895 eorum

983 1912 1029 1946 qui
1046 1912 1081 1939 ab
1103 1913 1316 1939 exterminatore
1346 1912 1516 1947 effugerunt;
1543 1913 1586 1940 hic
1615 1921 1679 1941 vero
1703 1913 1776 1941 Deus

982 1956 1054 1983 viam
1070 1955 1169 1984 fecisse
1185 1956 1286 1984 dicitur
1301 1961 1328 1984 et
1343 1957 1480 1989 semitam,
1500 1962 1528 1984 ut
1543 1957 1692 1993 ellugerent
1707 1958 1774 1985 iram

983 2009 1072 2029 suam.
1091 2002 1155 2029 llaec
1171 2010 1264 2038 porro,
1279 2002 1377 2038 inquit,
1392 2003 1419 2030 in
1436 2003 1621 2031 tabernaculis
1634 2003 1719 2031 Cham
1735 2004 1775 2032 ef-

984 2049 1054 2076 fecta
1068 2053 1143 2082 sunt,
1166 2050 1223 2076 sive
1237 2049 1388 2077 secundum
1408 2049 1614 2085 Symmachum,
1630 2052 1657 2077 in
1671 2050 1775 2077 habita-

984 2095 1100 2123 tionibus
1118 2095 1221 2126 Clmm;
1237 2096 1294 2123 sive
1318 2096 1470 2123 secundum
1493 2096 1630 2132 Aquilam,
1656 2097 1683 2124 in
1701 2098 1774 2124 tectis

983 2141 1076 2169 Cham.
1098 2141 1182 2175 Queis
1206 2142 1353 2170 edocemur
1376 2142 1524 2178 Egyptum
1546 2143 1631 2171 fuisse
1647 2143 1775 2171 taberna-

983 2187 1045 2214 cula
1063 2187 1159 2215 Cham.
1176 2188 1245 2215 Cum
1261 2189 1334 2216 enim
1349 2188 1413 2216 Non:
1429 2192 1485 2216 tres
1501 2188 1547 2215 ﬁlii
1567 2188 1678 2220 fuerint,
1697 2188 1773 2222 Scin,

983 2234 1080 2265 Cham.
1093 2234 1205 2269 Japhet;
1220 2234 1305 2262 Citam
1324 2235 1374 2262 fuit
1390 2239 1466 2270 pater
1481 2234 1628 2267 Chanaan;
1643 2235 1773 2262 Chanaan

150 2282 248 2316 ⁷1άφεθ,
261 2284 276 2309 6
292 2283 356 2318 Χὰμ
370 2284 465 2317 γέγονε
480 2284 571 2318 πατὴρ
584 2283 630 2309 τοῦ
646 2284 765 2315 Χαναὰν,
780 2284 890 2310 Χαναὰν
904 2283 931 2309 δὲ

984 2289 1049 2308 vero
1080 2286 1156 2315 pater
1178 2280 1315 2313 Mcsraim;
1343 2281 1389 2316 qui
1421 2285 1480 2308 erat
1503 2281 1654 2315 lEgyptus;
1680 2288 1695 2307 a
1719 2288 1773 2316 quo

145 2329 235 2365 πατὴρ
261 2328 308 2355 τοῦ
323 2329 463 2365 Μεσραῒμ,
478 2329 507 2361 ὃς
527 2327 561 2364 ἦν
580 2329 727 2364 Αἴγυπτος,
745 2329 791 2364 ἀφ’
809 2326 838 2356 οὗ
852 2328 933 2363 Αἰγύ-

144 2383 216 2401 πτιοι
230 2374 346 2407 πάντες·
364 2375 428 2401 ὥστ’
445 2375 557 2406 εἰκότως
573 2375 622 2411 τὴν
642 2374 695 2401 τῶν
712 2374 866 2408 Αἰγυπτίων
879 2374 933 2409 χώ-

146 2430 194 2457 ραν
218 2421 385 2457 σκηνώματα
410 2421 456 2448 τοῦ
481 2421 654 2457 προπάτορος
681 2420 728 2447 τοῦ
747 2419 876 2456 Μεσρατμ
893 2420 933 2445 εἱ-

983 2326 1102 2362 !Egyptii
1118 2334 1232 2358 omnes;
1255 2327 1291 2354 ita
1307 2331 1336 2354 ut
1349 2328 1412 2361 jure
1431 2326 1619 2362 Egyptiorum
1640 2326 1715 2361 regio
1729 2330 1772 2353 ta-

982 2373 1129 2400 bernacula
1158 2374 1199 2400 avi
1225 2373 1351 2400 Mesraim
1378 2380 1440 2400 esse
1465 2373 1583 2400 dicatur.
1615 2371 1665 2399 llic
1688 2380 1770 2407 porro

981 2419 1067 2446 Cham
1083 2423 1151 2451 erat,
1171 2420 1216 2454 qui
1232 2420 1334 2455 primus
1352 2418 1498 2454 [Egyptum
1513 2417 1637 2445 incoluit.

147 2470 253 2505 ρῆσθαι.
269 2467 352 2502 Οὗτος
374 2470 402 2496 δὲ
426 2467 460 2505 ἦν
475 2472 489 2496 6
506 2469 571 2505 Χὰμ
595 2469 642 2505 τὴν
671 2469 805 2504 Αἴγυπτον
830 2468 936 2503 πρῶτος
950 2466 1073 2500 οἰκήσας.

177 2519 231 2546 Καὶ
249 2517 367 2552 ἀπῆρεν
379 2519 415 2551 ὡς
444 2520 574 2552 πρόϐατα
593 2518 647 2545 τόν
665 2518 742 2545 λαὸν
761 2517 864 2548 αὐτοῦ,
885 2516 932 2543 καὶ

143 2565 176 2592 τὰ
200 2565 272 2601 ἑξῆς.
299 2565 376 2593 Μετὰ
397 2566 447 2600 τὴν
465 2565 536 2592 κατὰ
560 2574 614 2592 των
640 2565 796 2599 Αἰγυπτίων
816 2564 932 2599 δεκάτην

146 2611 260 2647 πληγὴν,
275 2611 349 2642 (raw;
362 2611 410 2646 τὴν
429 2612 476 2638 ἀπ’
491 2611 628 2646 Αἰγύπτου
643 2611 755 2647 πορείαν
771 2610 932 2646 πεποίηνται

144 2655 260 2683 suam:
283 2657 413 2691 φάσκων
441 2658 496 2684 Καὶ
522 2657 639 2692 ἀπῆρεν
661 2658 701 2690 ὠς
723 2657 855 2691 πρόϐατα
879 2655 932 2682 τὸν

145 2702 218 2728 λαὸν
242 2702 356 2735 αὐτοῦ,
387 2702 436 2730 καὶ
465 2703 615 2738 ἀνήγαγεν
641 2702 752 2734 αὐτοὺς
780 2701 830 2728 καὶ
858 2701 929 2728 ὡσεὶ

144 2749 282 2783 ποίμνιον
305 2749 339 2776 ἐν
361 2749 468 2784 ἐρήμῳ.
494 2749 550 2776 Καὶ
576 2749 734 2784 ὡδήγησεν
758 2749 867 2781 αὐτοὺς
896 2748 930 2774 ἐν

145 2794 251 2826 ἐλπίδι,
274 2795 322 2821 καὶ
351 2796 404 2822 οὐκ
428 2795 610 2822 ἐδειλίασαν.
639 2794 717 2822 Κατὰ
733 2795 761 2821 δὲ
786 2794 832 2822 τὸν
850 2793 929 2822 ’Δκύ-

144 2845 202 2866 Ααν·
228 2840 283 2867 Καὶ
305 2841 519 2876 καθωδήγησεγ
539 2842 648 2874 αὐτοὺς
672 2843 716 2874 εὶς
739 2842 928 2875 πεποίθησιν,

144 2888 189 2915 καὶ
204 2888 259 2915 οὐκ
273 2887 478 2922 ἐπτοήθησαν·
497 2888 566 2915 κατὰ
581 2888 607 2914 δὲ
620 2889 664 2916 τὸν
679 2887 927 2923 Σύμμαχον,Ὠὸιὶ-

1020 2514 1106 2543 Vsus.
1123 2515 1169 2548 52,
1189 2515 1232 2542 55.
1257 2514 1292 2541 Et
1322 2514 1433 2541 abstulit
1464 2514 1532 2540 sicut
1566 2521 1622 2540 oves
1646 2513 1770 2547 populum

982 2570 1071 2594 suum,
1093 2566 1146 2590 etc.
1178 2561 1245 2589 Post
1275 2561 1408 2588 decimam
1428 2559 1620 2595 (Egyptiorum
1650 2560 1767 2599 plagam,

982 2609 1120 2643 quomodo
1142 2608 1232 2636 exitus
1253 2616 1286 2635 ex
1304 2607 1422 2642 Egypto
1444 2606 1589 2641 contigerit
1614 2606 1657 2634 his
1679 2600 1770 2633 verbis

982 2655 1061 2683 docet
1089 2665 1094 2682 :
1120 2655 1154 2681 Et
1181 2655 1291 2682 abstulit
1314 2654 1383 2681 sicut
1403 2661 1461 2680 oves
1485 2652 1609 2687 populum
1634 2661 1722 2686 suum,
1745 2659 1769 2680 et

983 2701 1105 2736 perduxit
1119 2710 1163 2728 eos
1181 2707 1308 2735 tanquam
1320 2708 1423 2735 gregem
1440 2700 1468 2726 in
1481 2699 1584 2727 deserto
1598 2708 1607 2726 :
1621 2704 1645 2726 et
1661 2699 1769 2726 deduxit

983 2756 1026 2775 eos
1049 2749 1076 2774 in
1103 2752 1185 2781 speet
1202 2755 1254 2774 non
1279 2748 1439 2778 timuerunt;
1466 2747 1615 2774 secundum
1643 2745 1768 2780 Aquilam

983 2802 1047 2822 vero
1065 2805 1070 2821 :
1085 2793 1119 2821 Et
1132 2793 1240 2820 deduxit
1253 2801 1297 2820 eos
1311 2793 1338 2820 in
1354 2793 1464 2828 ﬁducia.
1479 2797 1504 2819 et
1523 2800 1574 2818 non
1591 2791 1676 2818 territi
1689 2796 1768 2821 sunt;

984 2841 1133 2869 secundum
1162 2840 1366 2876 Symmachum,
1395 2838 1509 2865 Deduxit
1534 2846 1578 2865 eos
1600 2838 1655 2864 sine
1675 2837 1769 2863 timor:

984 2892 1007 2914 et
1024 2892 1142 2919 terrore;
1160 2891 1184 2913 et
1202 2885 1323 2913 inimicos
1339 2892 1427 2912 eorum
1444 2883 1544 2918 operuit
1561 2890 1643 2910 mare.
1663 2881 1694 2909 Ει
1711 2881 1768 2908 haec
