2024 3214
119 182 171 211 953

684 179 936 209 COMMENTABIA
954 178 989 209 IN
1008 178 1177 212 rsawhs.
1213 174 1235 201 ἰ
1252 159 1277 190 Ἷ

1690 176 1742 212 954

118 241 167 277 τῆς
180 239 297 273 ἀσεϐοῦς
313 240 415 276 φωνῆς.
430 240 477 268 Διδ
492 239 613 275 ἐπιλέγει
623 249 629 254 ·
645 240 793 268 Ἤκουσεν
804 242 820 268 ὁ
834 241 907 274 Θεὸς

957 242 1052 270 audire
1078 243 1254 279 dignabatur.
1283 242 1464 277 Quamobrem
1498 243 1601 276 subdit,
1631 243 1742 270 Audiuit

119 288 166 315 καὶ
205 287 337 322 ῠπερίδε,
362 286 433 314 κατὰ
453 287 499 314 τὸν
521 287 647 319 ’Δκύλαν,
672 288 721 314 καὶ
748 286 909 322 ἀνυπερθέ-

119 341 208 368 τησε·
229 333 327 370 μηκέτι
350 333 482 369 ἀναϐολὴν
498 334 564 369 μηδὲ
587 333 732 370 ὑπέρθεσιν
752 335 843 366 αὐτοῖς
864 334 908 360 ὲν-

119 380 196 413 δούς’
216 380 287 407 κατὰ
312 380 340 407 δὲ
366 380 412 406 τὸν
441 380 596 416 Σύμμαχον,
622 381 675 408 Καὶ
702 381 908 415 ἀπεδοκίμασε

119 426 237 461 σφόδρα
252 426 306 453 τὸν
328 424 453 460 Ἰσραήλ.
469 426 562 458 Οὕτως
574 426 602 453 δὲ
616 427 730 462 ἤκουσεν
751 427 765 453 ὁ
780 426 856 459 Θεὸς,
870 427 908 458 ὡς

118 473 166 499 καὶ
179 472 226 499 ἐπὶ
238 472 390 507 Σοδομιτῶν
405 471 497 508 εἴρητο
507 480 514 487 ’
533 472 619 506 Φωνὴ
634 473 774 507 Σοδόμων
790 472 838 499 καὶ
852 474 908 499 Γο-

118 519 230 554 μόρᾲις
244 517 305 552 βοᾷ
327 518 402 553 πρὸς
488 519 548 545 Τῶν
566 519 621 555 γὰρ
639 518 745 546 ἀσεϐῶν
770 520 838 545 αὐτὰ
862 520 908 546 κέ-

118 573 204 601 κραγε
220 565 266 591 καὶ
283 564 331 600 βοᾷ
346 564 380 591 τὰ
398 565 447 600 τῆς
459 564 585 597 ἀσεϐείας
596 566 759 601 πράγματα·
777 563 814 592 ὧν
827 566 908 592 ἀκού-

119 621 168 644 σας
176 612 191 638 ὁ
201 611 267 643 Θεὸς
279 604 420 638 ἀπώσατο
433 611 490 646 τὴν
502 611 622 645 σκηνὴν
635 612 751 646 Σηλὼμ,
764 612 908 646 σκήνωμα

121 654 157 684 οὗ
173 655 405 689 κατεσκήνωσεν
420 656 455 682 ἐν
470 657 644 690 ἀνθρώποις.
670 657 713 683 Ἐν
729 656 783 692 γὰρ
806 658 839 692 τῇ
857 657 908 692 Ση-

118 700 179 736 λὼμ
203 700 309 736 πρῶτον
326 700 389 736 ἔστη
412 702 427 736 ἡ
450 701 545 737 σκηνὴ,
571 701 634 727 ἔνθα
653 702 743 737 ἱερᾶτο
762 702 836 728 Ἠλεὶ
862 702 907 728 καὶ

117 747 255 782 Σαμουὴλ,
278 746 316 779 ὼς
340 747 502 782 παρίστησιν
524 748 540 783 ἡ
561 747 656 783 Γραφὴ
676 747 730 774 τῶν
748 747 905 775 Βασιλειῶν.

117 793 225 828 Ταύτην
238 790 283 819 οὗν
298 792 426 819 ἀπώσατο
447 792 558 828 πρώτην
571 793 619 828 τὴν
640 794 669 819 ὲν
683 793 782 829 Σηλὼμ
804 794 907 828 σκήνω-

118 848 160 866 σιν
172 839 215 866 διὰ
230 838 280 870 τὰς
291 839 418 871 ἀσεϐείας
432 839 530 866 αὐτῶν.
546 839 591 866 Διὸ
606 839 676 866 κατὰ
694 840 739 866 τὸν
759 840 906 876 Σύμμαχον

117 885 224 921 εἴρηται
235 893 242 900 ·
256 884 311 912 Καὶ
323 885 468 919 ἀπέρῤιψε
483 885 540 918 τὴν
551 885 708 918 σκήνωσιν
719 885 776 919 τὴν
788 886 904 920 Σηλὼμ,

117 917 238 965 καλτὴν
256 917 412 964 σκήνωσνιν
424 917 483 964 τὴν
500 917 671 965 ἱδρυθεῗσαν
685 931 720 957 ἐν
730 917 904 966 ἀνθρώποις.
922 917 944 946 Β

117 977 212 1009 Ὅπως
232 977 260 1003 δὲ
283 978 338 1008 τοῖς
360 976 514 1012 ἀνθρώποις
529 977 664 1012 παρεδόθη
687 978 704 1012 ἡ
727 977 844 1009 κιϐωτὸς
864 978 907 1004 διὰ

116 1022 150 1049 τὰ
166 1023 327 1058 ἀσεϐήματα
338 1022 385 1049 τοῦ
406 1023 480 1054 λαοῦ,
495 1023 540 1049 καὶ
553 1023 590 1054 ὡς
608 1023 762 1058 ἐκράτησαν
776 1023 860 1059 αὐτῆς
882 1025 906 1050 οἱ

117 1069 252 1105 πολέμιοι,
267 1069 409 1105 ἀπήγαγόν
426 1078 454 1096 τε
476 1070 540 1104 παρ’
562 1070 677 1101 ἑαυτοῖς,
691 1069 738 1096 καὶ
760 1069 798 1101 ὼς
810 1070 834 1095 οί
854 1070 907 1096 υἱοὶ

123 1115 229 1152 Ἰσραὴλ
246 1115 450 1152 ὲτροπώθησαν,
468 1116 515 1142 καὶ
536 1116 573 1147 ὼς
591 1116 613 1142 οἱ
634 1116 686 1142 υἱοὶ
704 1116 776 1142 Ἠλεὶ
799 1115 907 1142 πεπτώ-

117 1171 206 1194 κασιν,
219 1163 243 1189 οἱ
257 1164 339 1198 ἱερεῖς
353 1163 439 1194 ὅντες,
453 1163 467 1189 ὅ
478 1171 509 1189 τε
519 1162 621 1188 τούτων
635 1162 726 1197 πατὴρ
738 1161 774 1193 ὠς
785 1161 906 1188 ἀπώλετο

117 1209 164 1236 ἰπὶ
175 1210 208 1244 τῇ
224 1209 279 1236 τῶν
291 1209 393 1236 παίδων
410 1208 533 1244 ἀγγελίᾳ,
550 1210 565 1243 ἡ
582 1207 677 1243 πρώτη
693 1208 841 1244 παρίστησι
854 1207 907 1234 τῶν

117 1254 273 1281 Βασιλειῶν.
290 1254 334 1280 Διὸ
347 1255 453 1289 εἴρηται
470 1253 601 1280 ἐνταῦθα·
618 1254 673 1280 Kal
692 1254 833 1280 ἀπώσατο
849 1254 907 1288 τὴν

116 1301 238 1336 σκηνὴν
262 1300 359 1335 Σηλῶ,
383 1300 528 1335 σκήνωμα
554 1298 590 1328 οὗ
617 1300 850 1335 κατεσκήνωσεν
873 1301 907 1327 ἐν

115 1346 293 1380 ἀνθρώποις.
315 1346 369 1373 Καὶ
384 1346 556 1380 παρέδωκεν
569 1347 613 1379 εις
629 1347 836 1380 αἰχμαλωσίαν
850 1347 907 1380 τὴν

120 1392 210 1427 ἰσχὺν
229 1393 338 1420 αὐτῶν.
361 1393 433 1419 ’Λντὶ
451 1393 479 1419 δὲ
493 1392 550 1424 τοῦ,
568 1392 625 1426 τὴν
645 1392 733 1428 ἰσχὺν
749 1392 857 1425 αὐτῶν,
873 1393 907 1419 τὸ

116 1438 226 1473 κρᾶτος
249 1439 348 1466 αὐτῶν
376 1440 547 1475 ἡρμήνευσεν
569 1440 583 1465 ὁ
601 1438 726 1471 Ἀκύλας.
748 1440 854 1476 Κράτος
878 1440 906 1466 δὲ

116 1485 206 1512 αὖτῶν
222 1487 269 1512 καὶ
284 1486 360 1520 ἰσχὺν
382 1486 428 1512 καὶ
444 1485 584 1521 καλλονὴν,
599 1488 638 1518 εἰς
654 1486 839 1521 αἰχμαλωσίαν
860 1487 906 1513 καὶ

117 1532 157 1564 εἰς
176 1533 271 1567 χεῖρας
295 1531 429 1563 θλίϐοντος
452 1533 639 1568 παραδοθέντα
656 1532 716 1559 τίνα
735 1533 768 1559 ἂν
788 1533 904 1568 εἴποιςῆ

116 1577 165 1613 τὴν
180 1577 306 1609 κιϐωτὸν,
324 1578 358 1613 ἣν
378 1579 393 1604 ὂ
411 1578 506 1614 παρὼν
522 1579 669 1605 αἰνίττεται
685 1579 762 1613 λόγος
778 1579 903 1614 φάσκων·
920 1598 940 1626 C

117 1622 170 1649 Kal
194 1622 366 1656 παρέδωκεν
385 1624 428 1655 εἰς
446 1624 654 1658 αἰχμαλωσίαν
676 1623 731 1657 τὴν
746 1623 838 1658 ἰσχὺν
853 1624 906 1650 αὺ-

115 1667 185 1700 τῶν,
199 1668 248 1694 καὶ
262 1667 320 1702 τὴν
331 1668 486 1702 καλλονὴν
499 1668 597 1695 αὐτῶν
610 1670 652 1701 εἰς
667 1669 766 1703 χεζοας
780 1669 906 1703 ἑχθροῦ;

123 1714 202 1741 Ἀλλὰ
217 1714 303 1741 ταῦτα
326 1715 375 1750 μὲν
397 1715 555 1751 παρέδωκεν
572 1716 610 1747 εἰς
625 1718 718 1751 χεῖρας
736 1715 844 1751 ἐχθροῦ,
861 1716 905 1742 τὸν

116 1761 144 1788 δὲ
158 1761 222 1787 λαὸν
245 1761 402 1797 συνέτριψεν
422 1762 450 1787 ὲν
472 1761 604 1797 ῥομφαία.
630 1761 674 1787 Διὸ
691 1761 813 1788 λέλεκται
837 1763 906 1789 κατὰ

115 1807 161 1833 τὸν
186 1807 347 1843 Σύμμαχον·
374 1807 428 1834 Καὶ
447 1807 592 1839 ἐξέδωκεν
615 1808 658 1841 εἰς
682 1808 834 1843 μάχαιραν
854 1808 907 1835 τὸν

115 1852 192 1880 λαὸν
204 1853 308 1885 αὑτοῦ,
323 1853 370 1880 καὶ
388 1853 445 1887 τὴν
472 1854 673 1888 κληρονομίαν
692 1855 785 1881 αὑτοῦ
804 1856 906 1889 ὑπερί-

115 1899 185 1926 δειυ
202 1901 249 1926 καὶ
269 1900 301 1936 δὴ
321 1899 492 1935 ὑπεριδόντας
513 1900 611 1932 αὐτοὺς
635 1900 682 1927 τοῦ
699 1900 777 1933 Θεοῦ,
793 1901 827 1928 τὰ
844 1901 906 1937 ἑξῆς

117 1945 231 1980 ἐγίνετο.
253 1945 321 1972 Τίνα
344 1946 371 1972 δὲ
392 1946 496 1978 nam;
521 1946 591 1979 Τοὺς
611 1947 791 1981 νεανίσκους
808 1949 907 1975 αὐτῶν

116 1992 264 2027 κατέφαγε
277 1992 346 2027 πῦρ,
369 1993 416 2019 καὶ
439 1994 469 2019 αἱ
484 1993 624 2026 παρθένοι
640 1993 739 2020 αὐτῶν
754 1995 809 2021 οὐκ
821 1995 907 2021 ἐπεν-

117 2038 264 2073 θήθησαν.
284 2038 362 2065 Κατὰ
373 2039 400 2065 δὲ
420 2039 466 2065 τὸν
485 2039 612 2071 Ἀκύλαν,
631 2041 692 2074 Οὐχ
711 2040 907 2075 ὑπεμνήσθη-

116 2092 193 2111 mn"
219 2084 290 2111 κατὰ
310 2085 337 2110 δὲ
359 2084 404 2111 τὴν
429 2085 586 2120 Σύμμαχον,
618 2086 678 2111 Οὐκ
702 2086 904 2120 ἐπῃνέθησαν.

116 2130 214 2156 Οὐκέτι
229 2129 282 2165 γὰρ
306 2129 375 2164 μετὰ
397 2129 489 2164 ὕμνων
509 2131 555 2156 καί
576 2131 693 2157 ἐπαίνων
713 2131 834 2167 συνήθως
846 2134 906 2164 ταῖς

115 2175 302 2211 γαμουμέναις
316 2175 488 2210 παρεδίδοντο
501 2176 623 2211 ἀνδράσι,
639 2176 707 2203 κατὰ
718 2177 765 2213 τὴν
780 2177 833 2205 τῶν
850 2178 904 2205 λοι-

117 2222 174 2248 πῶν
184 2221 343 2257 ἑρμηνείαν,
358 2221 401 2248 διὰ
411 2221 459 2257 τὴν
472 2222 676 2248 καταλαϐοῦσαν
689 2223 780 2255 αὐτοῖς
793 2223 830 2259 (1)
845 2224 904 2251 τότε

960 288 1031 316 Deus
1045 293 1070 316 et
1084 290 1190 324 sprevit,
1218 290 1367 317 secundum
1395 290 1520 325 Aquilam
1542 298 1617 323 vero,
1636 290 1670 317 Et
1691 299 1743 318 non

959 334 1074 367 distulit,
1087 335 1191 363 nullum
1206 336 1325 371 spatium
1341 344 1428 372 neque
1438 337 1597 364 dilationem
1610 337 1664 364 illis
1676 345 1742 365 con-

958 380 1077 414 cedens;
1101 381 1251 408 secundum
1269 381 1460 417 Symmachum
1477 391 1551 416 vero,
1568 383 1602 410 Et
1616 383 1742 418 reproba-

958 426 994 453 vil
1009 427 1084 454 valde
1099 426 1195 455 Israel.
1213 427 1258 455 Sic
1274 433 1364 456 autem
1382 429 1486 456 audivit
1499 429 1581 461 Deus,
1597 434 1626 457 ut
1642 430 1676 458 de
1691 430 1742 457 So-

957 471 1069 499 domitis
1091 473 1192 501 dicitur
1215 483 1221 500 :
1252 473 1309 500 Vna:
1339 473 1515 501 Sodomorum
1541 479 1565 501 et
1590 474 1742 502 Gomorrhat

958 517 1056 544 clamat
1081 518 1115 544 ad
1139 527 1180 545 me
1191 519 1224 546 ³⁸.
1254 518 1398 554 lmpiorum
1425 520 1498 547 enim
1521 520 1562 547 vel
1584 520 1641 555 ipsa
1661 520 1742 555 impia

957 568 1032 598 gesta
1056 564 1176 591 clamant
1196 569 1222 592 et
1241 565 1436 594 vociferantur.
1453 582 1486 586 ——
1501 566 1585 595 Vens.
1606 567 1651 594 60.
1678 567 1742 600 Quae

958 609 1071 637 audiens
1088 609 1158 637 Deus
1173 611 1268 645 repulit
1283 611 1482 638 tabernaculum
1500 611 1595 644 Silam,
1622 612 1742 639 iubemu-

957 656 1045 683 culum
1068 656 1112 683 ubi
1137 656 1264 683 habitavit
1287 657 1314 683 in
1338 657 1498 684 hominibus.
1522 657 1591 685 Nam
1614 658 1640 684 in
1659 658 1743 685 Silom

957 703 1074 737 primum
1091 702 1166 729 stetit
1186 703 1404 734 tabernaculum.
1426 703 1455 730 in
1468 711 1522 738 qua
1536 711 1677 730 sacrorum
1695 711 1740 730 an-

958 750 1057 777 tistites
1073 753 1151 776 erant
1164 748 1222 776 Heli
1238 753 1264 775 et
1281 748 1401 780 Samuel,
1419 753 1448 776 ut
1464 749 1586 776 declarat
1601 749 1743 785 Scriptura

957 795 1151 831 Regnorum“.
1164 795 1219 822 Hoc
1234 796 1324 831 itaque
1335 797 1452 830 primum
1467 796 1493 822 in
1508 795 1593 823 Silom
1609 800 1743 824 statutum

958 842 1164 869 tabernaculum
1190 846 1302 878 propter
1330 842 1484 877 impietates
1513 850 1607 870 eorum
1634 843 1743 877 repulit.

958 887 1046 920 Quare
1070 888 1217 915 secundum
1239 887 1430 924 Symmachum
1455 887 1555 914 dicitur
1570 898 1576 915 ε
1594 887 1628 914 Et
1648 888 1743 923 abjecit

960 932 1156 959 tabernaculum
1180 932 1276 964 Silam,
1298 937 1322 959 et
1342 932 1541 960 tabernaculum
1561 933 1698 967 ﬁrmatum
1718 933 1743 959 in

956 979 1116 1006 hominibus.
1132 979 1273 1013 Quomodo
1290 984 1379 1007 autem
1396 979 1552 1006 hominibus
1570 979 1668 1006 tradita
1684 979 1729 1006 fue

957 1025 993 1052 rit
1011 1033 1074 1052 arca
1097 1026 1131 1053 ob
1150 1026 1303 1061 impietates
1321 1025 1424 1061 populi,
1441 1029 1467 1053 et
1484 1026 1621 1061 quomodo
1637 1026 1742 1052 inimici

956 1070 1080 1105 ceperint
1109 1071 1194 1103 illam,
1221 1071 1440 1105 abduxer‘mtque
1467 1078 1581 1103 secum;
1609 1070 1656 1098 lilii
1679 1078 1743 1098 vero

957 1117 1041 1145 Israel
1054 1117 1080 1144 in
1094 1116 1185 1152 fugam
1200 1118 1271 1145 versi
1293 1117 1358 1150 sint,
1375 1117 1422 1144 lilii
1442 1116 1502 1144 Heli
1524 1116 1570 1151 qui
1589 1116 1742 1144 sacerdotes

956 1166 1034 1190 erant
1056 1164 1215 1196 ceciderint,
1239 1171 1388 1199 eorumque
1410 1168 1496 1198 pater,
1508 1167 1620 1198 accepto
1635 1163 1667 1190 de
1682 1162 1742 1190 lilii!

958 1209 1063 1242 nuntio,
1086 1209 1208 1244 perierit,
1238 1213 1332 1236 narrat
1357 1209 1463 1245 primus
1488 1209 1643 1244 Regnorum
1665 1209 1742 1236 liber.

957 1255 1129 1290 Quapropter
1148 1255 1190 1282 hic
1215 1255 1336 1283 dicitur:
1363 1255 1398 1282 Et
1423 1256 1518 1290 repulit
1544 1254 1743 1282 tabernaculum

958 1301 1024 1334 Silo,
1048 1301 1246 1327 tabernaculum
1270 1301 1315 1327 ubi
1337 1300 1466 1327 habitavit
1485 1302 1512 1327 in
1535 1301 1694 1327 hominibus.
1709 1316 1737 1321 —

958 1347 1040 1375 Vens.
1054 1347 1099 1374 61.
1113 1347 1147 1374 Et
1160 1347 1272 1374 tradidit
1284 1348 1310 1374 in
1324 1348 1502 1382 captivitatem
1512 1348 1630 1374 uirtutem
1642 1355 1742 1374 eorum.

956 1393 1008 1420 Pro
1026 1393 1073 1420 illo
1091 1398 1193 1426 autem,
1207 1395 1328 1421 virtutem
1350 1403 1450 1425 eorum,
1474 1394 1582 1429 Aquila,
1604 1393 1683 1420 robur
1700 1401 1742 1420 eo-

956 1445 1025 1470 rum,
1049 1438 1242 1472 interpretatus
1266 1443 1317 1467 est.
1329 1438 1425 1466 Robur
1445 1443 1549 1472 autem,
1568 1440 1694 1466 virtutem
1717 1444 1742 1466 et

957 1484 1197 1519 pulchritudinem,
1222 1485 1249 1512 in
1274 1486 1458 1520 captivitatem
1480 1490 1506 1513 et
1529 1486 1556 1513 in
1575 1494 1673 1513 manus
1689 1486 1742 1512 ini-

956 1531 1019 1558 mici
1040 1531 1152 1564 tradita,
1168 1540 1228 1567 qua:
1243 1531 1344 1560 dixeris
1363 1540 1436 1564 esse,
1460 1533 1513 1559 nisi
1535 1540 1638 1564 aream,
1661 1541 1742 1567 quam

957 1571 1007 1604 hic.
1024 1586 1114 1605 sermo
1140 1578 1297 1606 suhindicat
1316 1579 1420 1611 dicens,
1439 1579 1472 1605 Et
1489 1579 1598 1606 tradidit
1616 1580 1643 1606 in
1659 1585 1738 1614 capti-

958 1625 1062 1651 vitatem
1079 1625 1198 1652 uirtutem
1220 1634 1321 1657 eorum,
1339 1630 1363 1652 et
1377 1626 1596 1660 pulchritudinem
1612 1634 1701 1653 eorum
1717 1626 1743 1653 in

957 1681 1052 1699 manus
1063 1672 1164 1699 inimici
1172 1672 1303 1700 ?—VEns.
1316 1673 1406 1701 62-64.
1415 1673 1466 1701 Sed
1478 1674 1534 1701 haec
1543 1674 1651 1709 quidem
1662 1673 1734 1700 tradi

957 1719 1138 1747 ditinmanus
1151 1720 1267 1753 inimici,
1277 1721 1405 1756 populum
1416 1730 1480 1748 vero
1494 1722 1622 1748 contrivit
1640 1721 1742 1757 gladio.

957 1764 1020 1792 ideo
1033 1765 1182 1793 secundum
1201 1764 1393 1801 Symmachum
1410 1766 1530 1793 dicitur:
1546 1765 1581 1792 Et
1594 1765 1706 1792 tradidit
1717 1765 1743 1792 in

957 1811 1116 1838 marium-am
1139 1812 1264 1846 populum
1294 1820 1372 1838 suum
1401 1817 1425 1838 et
1456 1812 1637 1838 ltwreditatem
1666 1819 1742 1838 suam

957 1858 1062 1892 spreuit.
1095 1857 1150 1884 Deo
1178 1861 1268 1885 autem
1302 1857 1377 1892 ipsos
1395 1862 1552 1892 spernente.
1569 1865 1599 1884 ea
1617 1866 1678 1892 qua:
1694 1866 1739 1885 se-

956 1907 1079 1938 quuntur
1105 1907 1264 1930 evenerunt.
1287 1902 1352 1935 Quae
1366 1903 1428 1929 illa?
1441 1902 1552 1929 Juvencs
1564 1910 1654 1929 eorum
1671 1910 1742 1929 com-

956 1947 1009 1974 edit
1035 1948 1115 1982 ignis,
1144 1952 1169 1974 ct
1192 1947 1303 1982 uirgines
1319 1955 1409 1974 eorum
1430 1956 1482 1973 non
1499 1952 1560 1974 sunt
1575 1949 1742 1979 Iumentum;

957 1994 1106 2023 secundum
1123 1994 1248 2029 Aquilam
1266 2002 1331 2022 vero
1342 2015 1350 2026 ,
1365 2003 1414 2021 non
1428 1999 1489 2021 sunt
1503 1994 1683 2029 desponsam;
1700 2003 1739 2023 se-

957 2039 1074 2067 cundum
1102 2038 1294 2075 Symmachum
1320 2044 1423 2072 autem,
1449 2048 1501 2067 non
1526 2045 1587 2067 sunt
1614 2040 1741 2069 laudattz.

956 2085 1015 2113 Non
1029 2087 1099 2113 ultra
1114 2086 1355 2116 enim,secundum
1369 2086 1489 2121 reliquos
1499 2086 1742 2121 interpretes,cum

957 2132 1065 2167 hymnis
1082 2136 1109 2158 et
1123 2130 1261 2164 laudibus,
1279 2135 1309 2158 ut
1321 2135 1483 2159 consuetum
1500 2131 1674 2166 desponsatis
1689 2135 1742 2164 est,

957 2178 1023 2205 viris
1041 2178 1230 2210 tradebantur,
1246 2179 1281 2205 ob
1299 2178 1450 2206 immissam
1466 2182 1531 2205 tunc
1550 2178 1617 2213 ipsis
1632 2178 1738 2205 calami-

958 2227 1050 2251 tatem.
1069 2223 1223 2251 Secundum
1238 2222 1309 2250 LXX
1320 2223 1485 2259 lnterpretes
1498 2226 1599 2256 autem,
1617 2223 1643 2249 in
1655 2223 1741 2257 capti--

117 2267 268 2303 συμφοράν.
289 2266 367 2293 Κατὰ
382 2267 410 2293 δὲ
426 2267 474 2302 τὴν
490 2267 543 2294 τῶν
566 2267 764 2303 Ἐϐὁομήκοντα
788 2269 901 2301 ἔκδοσιν,

956 2269 1064 2296 vitalem
1076 2273 1153 2301 actae,
1166 2277 1227 2296 cum
1239 2274 1421 2302 morerentur,
1431 2278 1485 2297 non
1499 2273 1558 2297 erat
1571 2270 1616 2304 qui
1626 2269 1739 2303 lugeret,

116 2313 283 2349 αἰχμάλωτοι
299 2313 472 2349 ἀπαχθεῖσαι,
490 2314 518 2340 ὲν
537 2314 575 2350 τῷ
597 2314 722 2350 θνήσκειν
745 2316 829 2347 αὐτὰς
852 2317 902 2344 οὐκ

116 2357 187 2395 εἶχον
206 2361 269 2392 τοὺς
290 2360 465 2393 πενθοῦντας,
487 2361 530 2387 διὰ
547 2361 577 2387 τὸ
605 2361 641 2397 μὴ
666 2363 791 2397 παρεῖναι
812 2363 903 2394 αὐτοῖς

115 2406 178 2437 τοὺς
200 2407 404 2442 προσήκοντας·
429 2407 496 2434 ἀλλὰ
518 2407 565 2434 καὶ
593 2409 619 2435 οἰ
638 2408 725 2442 ἱερεῖς
748 2408 847 2435 αὐτῶν
868 2410 902 2437 ἐν

113 2452 244 2486 ῥομφαία
259 2452 374 2479 ἔπεσαν
394 2449 477 2487 (οὗτοι
493 2453 515 2479 δ’
533 2450 602 2488 ἦσαν
620 2453 645 2479 οἱ
662 2454 708 2480 τοῦ
730 2454 804 2491 Ἠλεὶ
822 2454 900 2489 υίοί),

115 2497 163 2524 καὶ
183 2498 213 2525 αι
234 2496 321 2532 χῆραι
337 2497 372 2525 δὲ
389 2498 488 2525 αὐτῶν
508 2500 543 2525 οὐ
567 2499 823 2534 κλαυσθήσοντιιι.
846 2500 902 2527 Καὶ

115 2544 188 2570 ἐστιν
202 2544 292 2580 εὑρεῖν
303 2545 332 2570 ἐν
343 2546 376 2581 τῇ
393 2545 488 2581 πρώτῃ
503 2545 557 2572 τῶν
570 2545 726 2579 Βασιλειῶν,
744 2547 827 2579 ὅπως,
847 2547 901 2574 τῶν

116 2590 180 2616 υἱῶν
196 2590 271 2617 Ἠλεὶ
287 2592 423 2619 πεσόντων
438 2592 466 2618 ὲν
486 2592 524 2628 τῷ
545 2592 665 2628 πολέμῳ,
687 2593 715 2619 αἱ
734 2592 835 2620 τούτων
851 2602 900 2627 γυ-

116 2637 216 2668 ναῖκες,
232 2636 314 2672 χῆραι
338 2637 568 2672 καταλειφθεῖται,
582 2638 667 2664 δεινὸν
687 2638 836 2674 ὑπέμειναν
855 2638 903 2665 Θά-

116 2681 204 2710 νατον.
230 2683 275 2709 Διὺ
293 2683 417 2710 λέλεκται
441 2684 513 2710 κατὰ
539 2684 584 2710 τὸν
609 2684 768 2720 Σύμμαχον,
795 2684 849 2712 Kal
873 2687 903 2712 al

116 2728 304 2762 χηρευθεῖσαι
317 2728 418 2756 αὐτῶν
432 2730 486 2756 οὐκ
499 2729 655 2756 ἔκλαυσαν
667 2738 674 2745 ·
690 2730 750 2757 οὐδὲ
769 2731 822 2766 γὰρ
835 2731 902 2757 ὺπέ-

117 2783 228 2810 στησαν,
248 2775 317 2801 ὥστε
337 2775 468 2802 κλαῦσαι·
495 2775 683 2802 συναπώλοντο
706 2776 734 2802 δὲ
757 2777 803 2803 καὶ
823 2773 903 2804 αὗται

116 2822 170 2853 τοῖς
195 2822 366 2857 τικτομὲνοις
396 2821 467 2848 κατὰ
496 2821 544 2857 τὴν
575 2821 731 2856 φάσκουσαν
760 2823 899 2858 ἱστορίαν·

955 2315 1029 2350 quod
1045 2323 1099 2342 non
1119 2315 1244 2343 adessent
1269 2316 1413 2351 propinqui
1441 2324 1551 2349 earum;
1580 2316 1634 2341 imo
1656 2315 1737 2342 etiam

956 2361 1104 2389 sacerdotes
1132 2371 1223 2389 eorum
1256 2363 1282 2389 in
1305 2363 1394 2397 gladio
1417 2362 1564 2389 ceciderunt
1590 2361 1628 2397 (hi
1656 2369 1738 2397 porro

956 2412 1036 2435 erant
1064 2408 1112 2435 lilii
1144 2408 1224 2442 Heli),
1242 2414 1266 2435 et
1294 2409 1380 2436 vidua:
1398 2417 1487 2436 eorum
1510 2417 1562 2436 non
1594 2409 1740 2443 plorabun-

957 2459 1009 2482 tur.
1027 2454 1055 2481 ln
1085 2455 1171 2490 primo
1197 2454 1353 2490 Regnorum
1382 2456 1453 2483 lihro
1478 2456 1585 2491 legitur,
1606 2463 1667 2483 cum
1691 2455 1739 2483 lilii

957 2500 1016 2529 Heli
1033 2502 1061 2529 in
1079 2503 1150 2530 bello
1164 2502 1338 2534 cecidissent,
1360 2510 1454 2530 eorum
1472 2510 1571 2530 uxores
1588 2503 1684 2531 viduas
1698 2512 1740 2531 re-

956 2547 1047 2579 lictas,
1061 2555 1170 2583 gravem
1197 2549 1364 2577 sustinuisse
1386 2556 1515 2577 mortem.
1535 2550 1625 2583 Quare
1639 2550 1739 2577 dicitur

957 2593 1107 2621 secundum
1121 2593 1326 2630 Symmachum,
1343 2595 1377 2622 Et
1391 2596 1506 2624 uiduam
1519 2605 1609 2624 eorum
1619 2606 1671 2625 non
1682 2598 1739 2633 plo-

956 2644 1080 2667 raverunt
1094 2648 1103 2667 :
1117 2648 1206 2676 neque
1220 2641 1291 2669 enim
1309 2642 1478 2670 exsistebant
1491 2648 1520 2670 ut
1532 2642 1597 2672 llere
1611 2648 1739 2679 possent:

955 2693 1018 2713 nam
1030 2694 1084 2713 una
1100 2694 1161 2714 cum
1175 2690 1254 2722 partu
1270 2695 1320 2715 suo
1335 2688 1477 2715 exstinctae
1492 2693 1566 2721 sunt,
1580 2693 1609 2716 ut
1622 2681 1739 2717 ferthaec

954 2731 1089 2760 historia:
1104 2732 1138 2759 Et
1160 2733 1261 2767 factum
1281 2739 1320 2761 est
1340 2735 1366 2761 in
1386 2722 1476 2762 diebus
1496 2736 1550 2763 illis
1566 2742 1739 2763 convenerunt

954 2778 1083 2814 allophyli
1107 2780 1134 2806 in
1159 2780 1255 2807 bellum
1278 2786 1371 2808 contra
1395 2781 1484 2809 Israel
1495 2783 1534 2816 W;
1554 2783 1652 2810 deinde
1674 2790 1739 2810 vero

955 2831 1017 2852 cum
1034 2826 1132 2854 exisset
1148 2827 1263 2862 populus
1277 2827 1310 2855 ad
1326 2835 1454 2864 pugnam,
1472 2829 1562 2857 Ca'sus
1577 2834 1625 2862 est,
1638 2829 1737 2864 inquit,

150 2882 171 2897 ³⁸
186 2881 254 2910 Gen.
269 2890 346 2915 xviii,
361 2882 405 2910 20.
444 2882 488 2908 ³³1
506 2882 571 2916 Reg.
589 2890 625 2913 ιν,
639 2890 687 2909 vn.
727 2883 749 2899 ⁸ο
768 2885 778 2910 Ι
793 2883 858 2920 Reg.
876 2893 912 2919 tv,
927 2885 953 2913 1.

150 2929 187 2965 (i)
205 2928 335 2965 Syntaxis
349 2930 467 2966 postulat
481 2930 589 2962 αὐτούς.
613 2929 691 2957 Ευιτ.
