2024 3214
308 158 362 188 938

637 158 771 187 EUSEBll
787 158 1028 188 CESARIENSIS
1047 158 1122 187 OPP.
1142 157 1234 187 PARS
1253 157 1296 187 Ill.
1312 174 1347 179 —
1365 157 1568 187 EXEGETICA.

1874 159 1924 188 936

309 219 396 248 Israel
410 227 418 246 :
433 224 457 246 et
473 219 545 254 [aeta
567 223 606 246 est
622 219 702 255 plaga
722 227 819 254 magna
834 218 909 246 calde
924 226 934 245 :
949 223 975 246 et
993 219 1087 246 cecide-

1141 218 1196 245 Kal
1217 216 1344 252 ἐγενήθη
1360 217 1396 244 ἑν
1408 217 1473 250 ταῖς
1493 216 1617 252 ἡμέραις
1630 217 1769 250 ἐκείναις,
1786 217 1835 244 καὶ
1853 224 1927 244 συν-

307 271 370 293 runt
383 265 416 293 de
430 265 516 293 Israel
532 259 642 302 triginta
657 265 743 293 millia
757 273 790 293 ea:
807 265 943 293 ordinibus
962 274 970 292 .'
986 270 1010 292 et
1030 274 1093 292 arca

309 312 357 340 D:i
371 317 449 347 capta
466 318 517 345 est,
532 317 558 340 et
572 312 650 339 ambo
667 311 719 345 filii
733 311 795 339 Heli
808 313 906 339 mortui
920 317 991 344 sunt,
1006 312 1092 347 Oplmi

307 363 332 385 et
349 357 470 386 Phinees.
489 357 523 385 Et
543 358 659 386 cucurrit
674 358 714 384 uir
734 357 878 385 Jemina'ns
900 366 931 385 ex
945 358 1051 389 castris,
1067 363 1092 385 et

307 404 375 431 venit
389 405 418 431 in
430 404 515 432 Silom
530 404 557 431 in
572 404 621 431 illa
635 403 689 435 die,
705 404 789 431 scissa
805 409 882 434 veste.
897 408 922 430 et
937 412 1091 439 conspersus

305 449 408 484 puluere
419 455 507 484 caput.
522 449 557 476 Et
571 458 628 476 ecce
643 449 704 476 IIeli
720 449 747 476 in
759 449 825 476 sella
836 449 871 476 ad
881 455 984 485 portam
999 455 1092 477 contra

307 495 404 523 bivium
423 501 556 531 spectans.
572 495 639 523 Erat
651 496 720 523 enim
737 504 782 522 cor
796 496 852 531 ejus
865 504 959 531 pavens
970 504 1017 531 pro
1028 505 1091 523 arca

307 540 365 569 Dei.
383 541 440 570 Sub
462 542 519 570 haec
541 542 643 569 dicitur
659 551 666 569 :
685 541 752 568 Erat
772 547 860 569 autem
879 542 938 569 Heli
952 543 1029 577 quasi
1044 551 1091 570 no-

305 587 415 622 naginta
432 592 488 614 octo
504 595 642 618 annorum,
660 592 684 614 et
700 588 770 614 oculi
788 587 845 622 ejus
862 587 1050 622 caligat'erant.
1065 593 1090 615 et

306 640 356 659 non
373 632 486 660 videbat.
510 631 542 659 Et
560 633 598 660 vir
613 633 658 660 ille
671 632 795 660 accedens
807 632 875 660 dixit
885 641 894 660 :
906 632 962 668 Ego
976 643 1034 660 sum
1047 635 1090 669 qui

305 679 361 706 veni
375 687 407 706 ea:
418 679 523 710 castris,
534 684 558 706 et
569 687 614 714 ego
628 687 660 706 ea:
672 679 726 706 acie
739 679 796 714 fugi
807 679 893 706 hodie.
906 678 939 705 Et
955 680 1004 712 ait,
1020 680 1090 714 Quid

305 730 393 752 actum
409 731 457 758 est,
479 725 519 760 [ili
539 726 596 753 mi?
620 725 653 751 Et
666 726 798 759 respondit
813 733 876 759 puer
892 730 916 752 et
929 726 1018 753 dixit:
1036 726 1090 752 Fu-

303 768 352 803 git,
368 768 467 803 inquit,
483 768 569 795 Israel
586 778 601 795 a
615 769 684 803 facie
706 769 912 804 allophylorum,
926 775 950 798 et
965 771 1037 804 facta
1051 776 1090 798 est

303 813 383 847 plaga
395 821 489 848 magna
505 813 531 839 in
545 814 652 847 populo,
665 818 689 840 et
702 813 779 840 ambo
792 814 842 848 ﬁlii
856 814 895 840 tui
909 815 1006 841 mortui
1017 820 1088 847 sunt,

303 863 328 884 et
342 866 405 885 arca
419 859 468 885 Dei
485 865 562 894 capta
578 865 627 887 est.
647 859 681 886 Et
696 860 797 894 factum
814 866 853 888 est
869 870 929 887 cum
945 870 1088 888 memoras-

1142 264 1322 299 αθροιζονται
1336 265 1504 299 ἀλλόφυλοι,
1518 264 1561 297 εις
1576 263 1709 298 πόλεμον
1725 263 1774 290 ἐπὶ
1789 262 1909 298 Ἰσραήλ
1918 271 1925 278 ·

1143 308 1192 338 εἶθ’
1214 311 1276 347 ἑξῆς
1296 310 1469 348 προελθόντος
1493 309 1539 336 τοῦ
1568 309 1632 337 λαοῦ
1658 310 1697 341 εις
1721 309 1767 336 τὸν
1791 309 1926 345 πόλεμον,

1142 358 1252 389 Πταίει,
1267 358 1359 393 φησὶν,
1374 356 1451 391 ἀνὴρ
1470 355 1603 390 Ἰσραήλ·
1623 355 1671 382 και
1688 355 1806 391 ἐγένετο
1824 355 1926 390 πληγὴ

1138 403 1255 439 μεγάλη
1271 404 1403 438 σφόδρα·
1421 403 1469 430 καὶ
1483 402 1598 429 ἔπεσαν
1608 401 1643 434 ἐξ
1664 402 1785 436 Ἰσραὴλ
1795 402 1927 436 τριακον-

1141 457 1178 476 τα
1201 448 1334 484 χιλιάδες
1359 448 1532 484 ταγμάτων³
1557 448 1605 475 καὶ
1635 447 1655 482 ἠ
1679 447 1802 481 κιϐωτὸς
1818 446 1855 474 δέ
1873 447 1927 475 τοῦ

1142 494 1216 522 Θεοῦ
1227 494 1355 529 ἐλήφθη,
1367 494 1417 522 καὶ
1435 494 1594 529 ἀμφότεροι
1612 495 1639 521 ol
1650 493 1708 522 vlol
1727 493 1804 521 Ἠλεὶ
1817 492 1926 521 ἀπέθα-

1140 550 1205 572 νον,
1227 541 1322 575 Ὀφνεὶ
1342 540 1390 567 καὶ
1409 540 1520 573 Φινεές.
1535 540 1588 568 Kal
1605 539 1731 575 ἔδραμεν
1751 539 1830 574 ἀνὴρ
1849 539 1927 575 ἰειαμ

1140 586 1224 619 ναῖος
1237 587 1270 614 ἐκ
1292 585 1345 620 τῆς
1370 586 1570 620 παρατάξεως,
1589 586 1637 613 καὶ
1652 585 1745 620 ἦλθεν
1763 587 1807 619 εις
1818 584 1927 621 Σηλὼμ

1139 632 1174 659 ἐν
1192 632 1228 667 τῇ
1243 631 1337 666 ἡμέρᾳ
1349 632 1459 666 ἐκείνῃ,
1473 633 1508 659 τὰ
1521 631 1618 667 Ιμάτια
1633 631 1725 659 αὐτοῦ
1738 631 1924 667 διερῤοηοότα,

1140 678 1187 705 καὶ
1207 678 1242 713 γῆ
1266 678 1315 705 ἐπὶ
1338 677 1391 712 τῆς
1415 677 1549 712 κεφαλῆς
1564 677 1667 705 αὑτοῦ.
1690 677 1743 705 Kal
1767 677 1832 704 ὶδοὺ
1849 677 1924 705 Ἠλεὶ

1140 724 1188 750 ἐπὶ
1204 724 1256 750 τοῦ
1272 724 1378 758 δίφρου
1393 725 1472 758 παρὰ
1493 724 1549 758 τὴν
1566 725 1668 758 πύλην
1688 724 1848 752 σκοπεύων
1871 723 1926 758 τὴν

1139 769 1258 796 δίοδον“
1277 770 1320 796 ὅτι
1339 768 1378 805 ἦν
1398 770 1417 803 ἠ
1434 770 1539 804 καρδία
1559 770 1651 797 αὐτοῦ
1663 770 1843 804 ἐξεστηκυῖιι
1859 770 1924 804 περι

1139 815 1195 849 τῆς
1211 814 1333 842 κιϐωτοῦ
1357 815 1410 842 τοῦ
1438 815 1522 842 Θεοῦ.
1546 813 1603 842 Εἴθ’
1630 814 1693 851 ἑξῆς
1720 816 1844 852 εἴρηται·
1872 817 1924 844 Kal

1145 861 1221 889 Ἠλεὶ
1237 862 1274 895 ὡς
1287 864 1330 896 ιιησ
1347 862 1422 888 ἐτῶν
1434 869 1440 876 ·
1460 861 1509 888 καὶ
1528 863 1554 889 οἱ
1567 862 1712 896 ὀφθαλμοὶ
1728 862 1821 890 αὐτοῦ
1834 862 1925 890 ἐπαν-

303 909 341 932 set
364 913 454 932 arcam
485 905 541 936 Dei.
571 906 664 933 cecidit
692 906 724 933 de
748 907 815 934 sella
840 912 984 934 retrorsum
1005 907 1087 942 juxta

1137 909 1281 944 ἐστησαν,
1298 911 1346 938 καὶ
1368 911 1422 937 οὐκ
1443 910 1561 937 ἐσλοπε.
1585 910 1640 936 Καὶ
1659 911 1676 937 ό
1695 909 1772 944 ἀνὴρ
1797 912 1925 944 προσελ-

302 952 409 984 ostium,
422 957 446 980 et
459 953 600 980 contritum
615 958 653 981 est
668 953 777 981 dorsum
790 955 858 988 ejus,
870 960 894 982 et
908 960 1027 982 mortuus
1039 960 1087 988 est,

301 999 364 1033 quia
386 1007 464 1026 senex
484 999 562 1027 homo
576 1005 633 1027 erat
654 1005 678 1028 et
692 1001 792 1036 gratis.
808 1000 900 1028 Nurus
921 1006 1008 1028 autem
1031 1001 1088 1036 ejus

300 1051 369 1072 tuor
382 1044 490 1073 P/tinees
502 1054 641 1080 pra'gnans
654 1050 711 1073 erat
727 1047 862 1082 vicinaque
877 1048 986 1081 partui:
1000 1052 1024 1075 et
1041 1056 1089 1074 au-

301 1089 358 1117 dito
374 1091 466 1118 nuntio
481 1091 550 1126 quod
566 1096 643 1125 capta
661 1097 728 1119 esset
751 1100 814 1119 arca
839 1092 898 1125 Dei,
921 1097 946 1120 et
970 1098 1089 1120 mortuus

300 1141 369 1164 esset
383 1145 458 1164 socer
472 1145 546 1170 suus,
569 1142 593 1164 et
613 1138 652 1164 vir
667 1146 742 1169 suus,
758 1138 829 1173 ﬂevit
848 1143 873 1166 et
894 1139 1002 1173 peperit,
1027 1140 1089 1174 quia

301 1184 436 1211 irruerent
450 1184 555 1211 dolores
570 1185 597 1211 in
610 1193 678 1218 eam,
696 1190 721 1212 et
736 1185 764 1212 in
780 1190 893 1220 tempore
907 1195 954 1213 suo
968 1187 1005 1222 (i)
1018 1195 1090 1213 mor-

284 1234 348 1266 .tua
359 1234 408 1257 est.
426 1229 459 1257 Et
479 1231 603 1258 dixerunt
620 1231 743 1258 mulieres
768 1239 825 1266 qua:
848 1232 971 1259 astabant
993 1233 1027 1263 ei,
1050 1232 1089 1260 Ne

300 1276 411 1309 timeas,
435 1277 497 1311 quia
518 1277 605 1311 ﬁlium
628 1276 751 1311 peperisti
769 1285 778 1303 :
797 1285 854 1312 qua:
873 1286 924 1304 non
944 1278 1087 1312 respondit,

301 1330 381 1356 neque
396 1321 592 1350 animadvertit.
611 1321 708 1350 Postea
729 1323 889 1358 subjungit:
907 1322 942 1350 Et
962 1324 1089 1358 allopltyli

301 1374 456 1404 acceperunt
472 1377 561 1396 arcam
578 1368 636 1400 Dei,
650 1374 674 1396 et
690 1374 890 1404 asportavertmt
907 1378 964 1396 eam
980 1371 1006 1397 in
1022 1372 1088 1396 Azo-

303 1418 368 1439 tum.
387 1413 420 1440 Et
436 1418 591 1448 acceperunt
608 1414 739 1449 allopllyli
754 1423 844 1441 arcam
864 1414 983 1447 Domini,
1005 1420 1028 1442 et
1044 1417 1087 1442 ia-

303 1460 417 1487 tulerunt
431 1469 489 1488 eam
504 1461 531 1487 in
549 1461 655 1487 domum
672 1460 765 1495 Dagon
776 1460 809 1487 υ.
828 1459 890 1487 Haec
903 1468 985 1496 porro
997 1461 1087 1488 omnia

301 1505 346 1532 hic
359 1506 521 1540 compendio
540 1510 726 1533 memorantur
743 1515 749 1533 :
764 1513 826 1532 nam
845 1505 1038 1541 subjungitur:
1054 1522 1087 1526 —

301 1550 384 1579 Vens.
393 1552 437 1579 65.
449 1551 480 1578 Et
488 1552 618 1579 excitatus
627 1556 665 1579 est
676 1557 799 1587 tanquam
807 1552 940 1580 dormiens
949 1552 1084 1584 Dominus.

301 1602 426 1633 tanquam
443 1603 534 1633 potens
542 1598 727 1631 etcrapulatus
743 1607 759 1625 a
773 1599 842 1627 vino.
858 1599 1005 1634 Postquam
1021 1608 1084 1627 arca
1100 1587 1122 1618 ο

300 1647 381 1679 capta
402 1643 453 1671 fuit
478 1645 513 1670 ab
533 1643 686 1678 allopliyiis,
704 1650 730 1671 et
749 1648 893 1680 postquam
915 1653 997 1680 supra
1013 1646 1085 1673 dicta

300 1693 396 1716 contra
411 1689 540 1724 populum
560 1693 637 1725 gesta
660 1693 734 1722 sunt,
755 1698 832 1717 suam
850 1690 921 1717 Deus
941 1691 1086 1726 providen-

301 1735 366 1762 tiam
389 1739 628 1768 commonstrans,
653 1736 782 1764 invisibili
809 1737 909 1765 virtute
936 1738 1085 1773 allophylos

302 1782 415 1810 incessit
432 1785 459 1808 et
476 1781 627 1809 ulciscitur.
652 1782 743 1815 Quare
759 1781 861 1809 dictum
882 1787 923 1810 est
939 1793 945 1809 :
967 1782 999 1809 Et
1017 1783 1086 1809 erci-

301 1833 372 1855 tatus
387 1833 424 1855 est
447 1833 570 1863 tanquam
590 1828 723 1855 dormiens
738 1827 877 1858 Dominus.
897 1832 1021 1862 tanquam
1036 1836 1085 1863 po-

301 1879 356 1902 tens
370 1881 394 1901 et
412 1875 564 1908 crapulatus
586 1883 602 1901 a
626 1874 700 1904 tino;
719 1874 868 1901 secundum
893 1873 1084 1909 Symmachum

300 1928 375 1953 vero,
394 1921 531 1955 Tanquam
553 1926 644 1955 potens
670 1921 776 1955 loquens
793 1927 826 1947 ea:
845 1920 918 1951 vino;
937 1919 1085 1948 secundum

301 1967 437 2002 Aquilam,
465 1966 602 2002 Tanquam
626 1971 716 2001 potens
732 1966 883 2001 crapulatus
895 1974 928 1992 ex
942 1966 1011 1993 vino.
1034 1966 1085 1993 De-

301 2011 364 2039 inde
382 2011 501 2045 seipsum
518 2012 652 2043 excitans,
672 2011 798 2038 inimicos
815 2019 881 2038 suos
895 2011 1024 2046 percutit,
1044 2011 1085 2037 γί-

301 2056 398 2084 delicet
416 2057 461 2091 qui
477 2064 568 2083 arcam
589 2057 744 2085 testamenti
762 2061 890 2092 ceperant
915 2055 1008 2090 (Vens.
1027 2055 1084 2090 66),

301 2106 328 2129 et
341 2102 457 2136 percutit
468 2109 515 2129 eos
527 2102 553 2129 in
567 2104 728 2137 posteriora,
741 2103 842 2137 datque
856 2102 896 2129 eis
910 2103 1085 2137 opprobrium

300 2147 507 2182 sempiternum.
531 2147 673 2180 Quomodo
690 2148 854 2183 percusserit
874 2155 921 2175 eos
942 2148 970 2175 in
991 2151 1083 2182 poste-

301 2193 376 2220 riora
395 2192 508 2219 historia
524 2192 655 2223 declarat,
673 2200 733 2227 qua:
750 2193 790 2220 sic
814 2193 894 2220 habet
909 2193 935 2219 in
952 2193 1039 2227 primo
1055 2193 1085 2219 li-

301 2239 352 2266 bro
376 2239 532 2274 Regnorum
544 2238 565 2253 “
580 2248 586 2265 :
607 2237 640 2264 Et
656 2243 798 2274 aggravata
813 2243 851 2265 est
868 2247 960 2265 manus
978 2238 1084 2265 Domini

300 2292 379 2320 super
393 2286 511 2318 Aeolios,
531 2290 555 2313 et
572 2286 665 2322 afﬂixit
678 2294 732 2318 eos,
748 2291 772 2313 et
790 2287 917 2320 percussit
934 2294 978 2312 eos
995 2287 1022 2312 in
1037 2294 1084 2320 po-

299 2333 402 2360 dicibus
413 2341 515 2365 eorum,
531 2332 644 2359 Azotum
658 2337 682 2359 et
695 2333 760 2367 ﬁnes
775 2331 846 2366 ejus;
859 2336 887 2360 et
901 2340 1010 2359 rursum
1027 2342 1032 2359 :
1049 2332 1083 2359 Et

300 2380 432 2407 translata
456 2384 506 2410 est,
532 2379 630 2414 inquit,
656 2387 719 2405 arca
745 2377 851 2405 Domini
866 2387 893 2404 ιιι
910 2377 1040 2409 Gell/tam,
1058 2383 1082 2404 et

300 2425 399 2459 factum
412 2429 451 2452 est
468 2429 605 2460 postquam
627 2423 761 2451 translata
782 2428 832 2455 est,
849 2424 920 2459 facta
935 2429 973 2450 est
988 2432 1081 2451 manus

300 2472 408 2501 Domini
426 2473 453 2499 in
466 2472 539 2504 urbe,
556 2471 710 2506 fortitudine
723 2480 817 2506 magna
829 2470 913 2498 valde.
931 2469 964 2497 Et
976 2478 1081 2505 percus-

301 2520 335 2546 sit
351 2520 418 2546 viros
433 2519 506 2546 urbis
522 2528 538 2546 a
552 2527 631 2553 parvo
645 2527 725 2554 usque
740 2518 774 2545 ad
789 2527 922 2554 magnum,
938 2523 962 2544 et
975 2525 1082 2553 percus-

301 2567 335 2592 sit
349 2574 393 2593 eos
408 2566 435 2592 in
448 2565 583 2600 podicibus
598 2572 698 2593 eorum.
716 2565 750 2592 Et
766 2565 872 2592 mittunt
887 2573 976 2592 arcam
992 2564 1039 2592 Dei
1055 2565 1081 2591 in

301 2610 457 2639 Ascalonem
478 2619 487 2638 :
507 2617 532 2638 et
553 2613 733 2639 clamaverunt
757 2611 919 2638 Ascalonita:
943 2610 1081 2638 dicentes:

303 2657 374 2691 Quid
400 2656 530 2683 avertistis
552 2665 642 2683 arcam
665 2656 714 2683 Dei
737 2655 770 2682 ad
792 2655 997 2691 interﬁciendum
1013 2657 1081 2683 nos?

302 2702 372 2731 llinc
392 2702 531 2737 sldijungit
546 2711 552 2729 :
571 2702 641 2735 Quia
656 2701 728 2736 facta
752 2706 790 2729 est
811 2702 929 2737 confusio
947 2702 1038 2728 mortis
1054 2701 1082 2729 in

337 2780 358 2796 “
372 2779 382 2807 Ι
396 2780 462 2815 Reg.
477 2786 503 2811 ν,
522 2778 584 2812 Ι,2.
621 2779 645 2795 ⁸²
660 2778 738 2812 ibid.,
753 2778 781 2806 6.

340 2870 379 2906 (Ι)
397 2869 428 2897 Id
444 2872 486 2896 est
501 2868 544 2896 sui
557 2871 661 2902 partus.

1138 955 1198 983 θὼν
1218 952 1317 983 εἶπεν·
1340 955 1410 990 Ἐγώ
1427 957 1485 990 εἰμι
1509 958 1525 983 ό
1551 956 1633 990 ἥκων
1650 956 1684 983 ἐκ
1704 955 1757 990 τῆς
1777 957 1923 991 παρεμϐο-

1137 1001 1206 1036 λῆς,
1226 1001 1274 1028 καὶ
1289 1002 1345 1036 ἐγὼ
1361 1002 1394 1028 ἐκ
1410 1001 1460 1035 τῆς
1476 1002 1667 1036 παρατάξεως
1685 1002 1820 1037 πέφευγα
1829 1002 1922 1038 σήμε-

1133 1056 1200 1081 ρον.
1214 1047 1268 1074 Καὶ
1283 1045 1346 1074 εἷπε
1359 1055 1366 1062 '
1386 1047 1414 1073 Τί
1424 1047 1487 1074 ἐστι
1504 1047 1538 1074 τὸ
1555 1047 1678 1082 γεγονὸς
1685 1046 1777 1082 ῥῆμα,
1794 1048 1923 1079 téacror;

1137 1094 1192 1122 Kal
1209 1095 1352 1129 ἀπεκρίθη
1369 1094 1400 1121 τὸ
1414 1094 1580 1128 παιδάριον,
1605 1094 1653 1121 καὶ
1669 1092 1750 1121 εἷπε·
1770 1094 1922 1130 Πέφευτεν

1137 1140 1215 1174 ἀνὴρ
1247 1140 1367 1174 Ἰσραὴλ
1394 1141 1428 1167 ἐκ
1456 1140 1616 1174 προσώπου
1639 1141 1844 1175 ἀλλοφύλων,
1873 1140 1920 1168 καὶ

1137 1186 1238 1221 ,πληγὴ
1253 1186 1369 1221 μεγάλη
1386 1186 1507 1222 γέγονεν
1517 1187 1552 1213 ἑν
1562 1186 1601 1219 τῷ
1614 1186 1688 1219 λαῷ,
1702 1185 1751 1213 καὶ
1763 1187 1920 1222 ἀμφότεροι

1137 1233 1164 1258 οὶ
1178 1233 1235 1259 υἱοί
1250 1241 1307 1259 σου
1323 1232 1494 1265 τεθνήκασι,
1518 1232 1567 1259 καὶ
1592 1233 1610 1267 ἠ
1628 1232 1748 1266 κιϐωτὸς
1768 1233 1822 1261 τοῦ
1849 1232 1920 1260 Θεοῦ

1137 1278 1263 1312 ἐλήφθη.
1283 1278 1338 1304 Kal
1363 1278 1491 1312 ἐγένετο,
1505 1278 1544 1311 ὠς
1566 1278 1702 1313 ἐμνήσθη
1723 1278 1778 1313 τῆς
1797 1279 1919 1306 κιϐωτοῦ

1137 1324 1190 1351 τοῦ
1205 1324 1289 1355 Θεοῦ,
1309 1324 1358 1351 καὶ
1380 1324 1491 1351 ἔπεσεν
1504 1324 1563 1351 ἀπὸ
1584 1324 1637 1352 τοῦ
1655 1324 1761 1359 δίφρου
1780 1325 1920 1359 ὀπισθιως

1136 1369 1278 1403 ἐχόμενος
1290 1368 1344 1403 τῆς
1361 1369 1468 1403 πύλης,
1491 1369 1539 1397 καὶ
1554 1370 1713 1405 συνετρίϐη
1733 1372 1749 1398 ὁ
1764 1369 1858 1404 νῶτος
1868 1370 1921 1398 αὺ-

1137 1413 1200 1445 τοῦ,
1224 1413 1272 1440 καὶ
1293 1413 1456 1441 ἀπέθιινεν’
1472 1414 1516 1441 ὅτι
1540 1415 1710 1449 πρεσϐύτης
1733 1416 1750 1442 ό
1767 1415 1918 1450 ἅνθρωπος

1136 1459 1184 1485 καὶ
1198 1459 1305 1493 βαρύς.
1321 1458 1376 1485 Kal
1394 1459 1495 1494 νύμφη
1512 1460 1604 1487 αὑτοῦ
1624 1459 1701 1495 γυνὴ
1726 1461 1826 1494 Φινεὲς
1844 1469 1917 1490 συν-

1137 1505 1277 1540 ειληφυῖα
1299 1504 1350 1532 τοῦ
1371 1506 1487 1532 τεκεῖν·
1510 1506 1559 1533 καὶ
1579 1506 1694 1541 ἤκουσε
1718 1506 1776 1541 τὴν
1790 1502 1917 1544 datam-

1137 1552 1217 1584 λίαν,
1241 1552 1285 1579 ὅτι
1307 1552 1425 1587 ἐλήροη
1439 1553 1458 1588 ὴ
1480 1554 1600 1587 κιϐωτὸς
1619 1554 1672 1581 τοῦ
1696 1554 1785 1588 Θεοῦ,
1804 1556 1853 1582 καὶ
1875 1555 1917 1583 ὅτι

1137 1597 1279 1631 τέθνηκεν
1302 1599 1318 1624 ό
1342 1598 1484 1632 πενθερὸς
1499 1598 1594 1632 αὐτῆς
1615 1599 1663 1626 καὶ
1680 1601 1696 1627 ὁ
1717 1600 1794 1634 ἀνὴρ
1815 1600 1916 1636 αὐτῆς.

1137 1643 1185 1670 καὶ
1211 1643 1343 1670 ἑκλαινσε
1369 1644 1418 1670 καὶ
1440 1644 1551 1676 ἔτεκεν,
1573 1645 1618 1671 ὅτι
1640 1645 1873 1681 ἐπεστράφησαν
1889 1649 1918 1674 al

1135 1688 1238 1720 ὠδῖνες
1253 1687 1346 1722 αὐτῆς
1361 1689 1407 1715 ἐπ’
1421 1689 1531 1723 αὑτήνθ
1549 1690 1597 1717 καὶ
1617 1690 1651 1717 ἐν
1665 1689 1704 1724 τῷ
1723 1691 1814 1726 καιρῷ
1825 1691 1917 1727 αὐτῆς

1136 1734 1329 1767 ἀποθνήσκει.
1342 1735 1396 1762 Kal
1410 1733 1498 1762 εἶπαν
1512 1736 1589 1770 αὐτῇ
1604 1738 1633 1763 at
1647 1737 1785 1771 γυναῖκες
1795 1739 1826 1765 al
1845 1746 1917 1773 παρ-

1135 1779 1290 1813 εστηκυῖαι
1311 1779 1404 1814 αὐτῇ·
1425 1780 1473 1815 Μὴ
1494 1781 1598 1815 φοϐοῦ,
1622 1781 1667 1808 ὅτι
1692 1781 1758 1808 υἱὸν
1781 1781 1916 1816 τέτοκας·

1136 1825 1184 1851 καὶ
1207 1827 1262 1852 οὐκ
1287 1826 1447 1860 ἀπεκρίθη,
1472 1827 1520 1853 καὶ
1543 1828 1599 1854 οὐκ
1620 1827 1749 1861 ἐνόησεν
1770 1827 1790 1862 ἠ
1815 1828 1919 1863 καρδία

1136 1872 1239 1906 αὐτῆς.
1257 1873 1310 1899 Καὶ
1327 1873 1388 1908 ἑξῆς
1405 1874 1558 1908 ὲπιλέγεται
1573 1874 1695 1906 τούτοις·
1711 1874 1766 1902 Kal
1789 1875 1919 1910 ἀλλόφυ-

1136 1921 1183 1946 λοι
1204 1919 1313 1946 ἔλαϐον
1332 1920 1388 1954 τὴν
1410 1920 1533 1947 κιϐωτὸν
1548 1920 1601 1947 τοῦ
1625 1921 1708 1953 Θεοῦ,
1720 1921 1771 1948 καὶ
1785 1921 1919 1957 εἰσήνεγ-

1136 1975 1194 1994 καν
1219 1966 1316 1999 αὐτὴν
1335 1968 1379 1999 εὶς
1394 1967 1524 1996 Ἄζωτον.
1545 1966 1600 1993 Kal
1615 1967 1724 1994 ἔλαϐον
1743 1969 1770 1995 al
1785 1967 1919 2003 ἀλλόφυ-

1135 2013 1184 2039 λοι
1202 2011 1259 2045 τὴν
1281 2012 1404 2039 κιϐωτὸν
1420 2012 1540 2047 Kvplov,
1561 2012 1609 2039 καὶ
1627 2012 1809 2048 εἰσήνεγκαν
1823 2013 1920 2048 αὐτὴν

1135 2060 1178 2092 εὶς
1199 2057 1284 2085 οἷκον
1304 2058 1413 2094 Δαγὼν.
1435 2058 1543 2085 Τούτων
1566 2059 1598 2094 δὴ
1623 2059 1730 2086 πάντων
1746 2059 1919 2096 ἐπιτέμνεται

1135 2105 1185 2140 τὴν
1201 2106 1308 2140 μνήμην
1322 2106 1335 2132 ό
1353 2104 1447 2140 παρὼν
1459 2105 1545 2138 λόγος,
1563 2105 1608 2131 καὶ
1627 2104 1764 2139 ἐπιλέγει·
1782 2106 1838 2132 Kal
1856 2106 1920 2140 ἐξη-

1135 2151 1223 2185 γέρθη
1246 2152 1285 2184 ὼς
1306 2153 1321 2178 ό
1342 2150 1445 2177 ὑπνῶν
1466 2151 1582 2185 Κύριος,
1602 2151 1642 2184 ὡς
1658 2151 1787 2186 δυνατὸς
1804 2152 1854 2180 καὶ
1878 2161 1921 2180 κε-

1136 2196 1344 2231 κραιπαληκὼς
1358 2197 1392 2229 ἐξ
1408 2197 1491 2224 οἴνου
1518 2197 1594 2224 Μετὰ
1615 2197 1645 2224 τὸ
1661 2197 1795 2233 ληφθῆναι
1814 2199 1864 2234 τὴν
1879 2208 1920 2226 κι-

1136 2242 1220 2269 ϐωτὸν
1237 2243 1288 2269 ὑπὸ
1309 2243 1363 2269 τῶν
1379 2243 1543 2277 ἀλλοφύλων,
1559 2244 1606 2269 καὶ
1623 2243 1691 2278 μετὰ
1713 2243 1744 2270 τὸ
1765 2244 1917 2280 πραχῠῆναι

1136 2288 1171 2315 τὰ
1187 2289 1389 2325 προλελεγμένα
1404 2290 1473 2316 κατὰ
1487 2289 1532 2316 τοῦ
1547 2289 1622 2320 λαοῦ,
1636 2288 1684 2323 τὴν
1700 2290 1852 2326 ἐπισκοπὴν
1872 2290 1917 2316 αὖα

1136 2336 1182 2362 τοῦ
1206 2336 1311 2368 δεικνὺς
1336 2337 1350 2362 ό
1376 2335 1458 2368 Θεὸς,
1485 2335 1642 2371 μετέρχεται
1667 2337 1729 2367 τοὺς
1757 2335 1917 2371 ἀλλοφύλους

1136 2382 1243 2417 ἀοράτῳ
1258 2381 1369 2417 δυνάμει
1384 2382 1504 2414 κολάζων
1519 2382 1626 2414 αὐτούς.
1645 2382 1690 2408 Διὸ
1707 2382 1849 2410 λέλεκται·
1865 2382 1915 2410 Kal

1135 2427 1278 2462 ἐξηγέρθη
1291 2428 1330 2460 ὡς
1343 2429 1359 2454 ὀ
1372 2427 1474 2454 ὑπνῶν
1487 2427 1604 2461 Κύριος.
1614 2428 1654 2460 ὡς
1665 2427 1794 2461 δυνατὸς
1807 2435 1915 2462 κεκραι-

1136 2471 1276 2505 παλτιρκὼς
1301 2471 1336 2504 ἐξ
1358 2472 1459 2498 οἶνου’
1479 2472 1549 2501 κατὰ
1571 2472 1600 2499 δὲ
1621 2472 1666 2499 τὸν
1691 2473 1849 2508 Σύμμαχον,
1873 2473 1915 2505 Ὧς

1134 2518 1262 2550 δυνατὸς
1273 2518 1422 2546 διαλαλῶν
1438 2519 1472 2551 ἐξ
1484 2519 1583 2546 οἴνου·
1598 2518 1669 2546 κατὰ
1683 2519 1711 2546 δὲ
1727 2519 1773 2546 τὸν
1793 2519 1913 2550 Ἀκύλαν.

1140 2564 1186 2597 Ὠς
1205 2564 1333 2597 δυνατὸς
1355 2564 1599 2599 κεκραιπαληκὼς
1621 2566 1656 2598 ἐξ
1671 2566 1767 2594 οἴνου.
1782 2564 1849 2594 Εἶτα
1867 2566 1915 2592 διε-

1135 2611 1230 2647 γείρας
1252 2611 1331 2643 αὐτὸς
1348 2612 1452 2642 ἑαυτὸν,
1471 2612 1604 2639 πατάσσει
1618 2613 1681 2644 τοὺς
1697 2612 1811 2649 ἐχθροὺς
1825 2611 1912 2643 αὐτοῦ,

1134 2656 1232 2692 δηλαδὴ
1250 2657 1311 2688 τοὺς
1333 2657 1381 2692 τὴν
1405 2656 1519 2684 κιϐωτὸν
1539 2656 1589 2692 τῆς
1611 2657 1748 2693 moqu
1768 2656 1913 2684 ἀπολαϐόν-

1134 2709 1198 2733 τας·
1225 2702 1272 2728 καὶ
1289 2703 1420 2730 πατάσσει
1444 2702 1542 2735 αὐτοὺς
1556 2703 1596 2734 εἰς
1613 2702 1648 2729 τὰ
1661 2701 1758 2737 ὀπίσω,
1779 2701 1868 2731 δίδωσι
1885 2708 1912 2727 τε
