2024 3214
170 176 222 205 957

730 177 982 207 COMMENTARIA
1001 176 1036 206 IN
1054 176 1224 206 PSALMOS.
1260 174 1315 212 ἿἹ
1738 179 1794 209 958

168 234 259 267 αὐτοῖς
273 235 372 267 meo;
387 234 505 264 αἰώνιον.
522 236 584 269 Πῶς
598 236 627 263 δὲ
646 237 686 269 είς
700 237 735 264 τὰ
747 237 834 265 ὀπίσω
855 237 951 265 ἐπάτα-

1004 241 1060 264 tota
1070 239 1135 264 urbe
1144 237 1233 272 gravis
1247 237 1338 270 ualde,
1358 242 1386 265 ut
1403 237 1512 265 intravit
1524 245 1587 264 arca
1606 237 1655 265 Dei
1671 236 1751 264 illuc:
1767 243 1792 265 et

169 280 213 313 ξεν
227 281 335 313 αὐτοὺς,
353 280 472 307 διδάσκει
495 282 512 316 ἡ
532 282 636 316 ἱστορία
658 281 752 309 τοῦτον
769 283 798 308 ἐν
812 283 845 318 τῇ
860 282 956 318 πρώτῃ

167 326 221 353 τῶν
242 326 390 353 Βασιλειῶν
414 327 511 362 ἔχουσα
534 327 579 354 τδν
604 327 719 363 τρόπον·
740 328 793 354 Καὶ
810 328 955 362 ἐϐαρύνθη

168 371 231 407 χεὶρ
246 373 356 406 Κυρίου
369 373 418 399 ἐπὶ
438 373 509 406 τοὺς
530 372 688 406 Ἀζωτίους,
703 373 751 400 καὶ
774 373 956 401 ἐϐασάνισεν

167 417 286 450 αὐτοὺς,
307 418 356 444 καὶ
376 418 525 450 ἐπάταξεν
540 418 651 451 αὐτοὺς
666 419 709 452 εἰς
726 418 778 451 τὰς
794 418 882 453 ἕδρας
900 420 955 446 αὐ-

167 461 234 495 τῶν,
251 462 310 497 τὴν
324 463 445 493 Ἄζωτον
460 464 510 490 καὶ
526 464 563 490 τὰ
579 464 645 498 ὅρια,
665 463 760 498 αὐτῆς
770 473 777 479 ·
797 464 844 491 καὶ
860 462 936 496 αὖθις
947 473 954 480 ·

165 508 221 536 Kal
241 507 381 542 μετῆλθε,
404 509 496 543 φησὶν,
516 509 534 543 ἡ
556 510 679 543 κιϐωτὸς
701 510 754 537 τοῦ
775 510 886 544 Κυρίου
912 511 955 542 εις

165 554 270 583 Γεθθὰ.
287 554 344 582 Kal
358 554 475 589 ἐγένετο
483 556 558 590 μετὰ
573 555 606 582 τὸ
618 556 773 590 μετελθεῖν
786 555 893 590 αὐτὴν,
906 556 955 582 καὶ

164 600 276 635 γίνεται
301 600 366 635 χεὶρ
390 601 500 635 Κυρίου
523 601 557 628 ὲν
581 600 618 635 τῇ
640 603 726 629 πόλει
753 602 860 636 κράτος
878 602 956 637 μέγα

165 646 292 680 σφόδρα.
316 646 372 673 Καὶ
390 646 520 678 ἐπάταξε
541 647 612 680 τοὺς
631 647 743 681 ἄνδρας
762 647 818 681 τῆς
839 649 955 681 ,πόλεως

165 690 223 718 ἀπὸ
243 690 350 726 μικροῦ
365 690 419 724 ἕως
437 691 581 726 μεγάλου,
607 692 656 718 καὶ
673 692 822 724 ἐπάταξεν
844 693 955 726 αὐτοὺς

164 738 207 770 εἲς
227 737 280 770 τὰς
303 737 391 772 ἕδρας
406 737 520 766 αὐτῶν.
538 738 592 765 Kal
612 738 874 770 ἐξαποστέλλοινσι
898 738 956 772 τὴν

165 782 290 810 κιϐωτὸν
310 783 363 810 τοῦ
383 784 457 811 Θεοῦ
473 785 517 817 εις
540 784 727 810 Ἀσκάλωνα·
753 784 802 811 καὶ
823 784 955 818 ἐϐόησαν

164 830 191 856 οί
211 829 421 856 Ἀσκαλωνῖται
442 830 600 864 λέγοντες·
621 831 650 857 Τί
667 830 875 864 ἀπεστρέ-ψατε
898 830 954 864 τὴν

164 875 286 902 κιϐωτὸν
304 875 358 903 τοῦ
374 876 447 903 Θεοῦ
469 877 637 904 θανατῶσαι
652 875 747 911 ἡμᾶς
763 877 817 904 Καὶ
833 877 952 911 ἐπιλέγει

1006 281 1117 308 viventes
1143 284 1167 308 et
1188 281 1285 307 mortui
1307 282 1424 315 percussi
1448 286 1523 308 erant
1544 282 1570 307 in
1594 281 1746 316 peditibus;
1767 286 1793 308 et

1007 327 1124 355 ascendit
1150 327 1252 355 clamor
1272 328 1344 355 urbis
1368 329 1395 354 in
1416 328 1519 355 cwlum.
1543 327 1604 355 Ideo
1623 328 1650 355 in
1666 328 1793 363 praesenti

1006 373 1111 408 psalmo
1134 373 1237 400 dictum
1261 376 1304 400 est
1319 382 1326 400 :
1341 372 1375 399 Et
1394 374 1522 407 percussit
1543 374 1663 400 inimicos
1687 381 1749 400 suos
1766 373 1794 401 in

1005 419 1163 452 posteriora,
1188 419 1355 452 opprobrium
1379 419 1565 452 sempiternum
1589 419 1660 446 dedit
1673 419 1722 447 eis.
1736 418 1792 454 0p-

1006 464 1146 499 probrium
1163 465 1264 500 quippe
1282 468 1342 492 erat
1363 465 1391 491 in
1408 465 1552 499 podicibus
1571 472 1718 499 percussos
1731 465 1793 492 illos

1006 509 1102 542 fuisse.
1127 514 1223 545 utpote
1244 510 1291 545 qui
1310 511 1345 538 iis
1364 510 1391 537 in
1410 510 1534 545 partibus
1551 510 1645 538 lascivi
1662 511 1791 538 fuissent.
1822 536 1826 539 _

1006 556 1133 584 Inimicos
1149 557 1261 592 quidem
1276 565 1341 585 suos
1365 557 1406 585 sic
1426 557 1500 585 ullus
1513 562 1572 590 est;
1591 558 1715 592 proprios
1727 565 1793 585 vero

1006 604 1059 631 sibi
1076 604 1131 631 alio
1156 604 1238 631 modo
1255 604 1411 639 castigavit.
1437 603 1529 637 Quare
1553 604 1655 631 dictum
1682 609 1794 632 est:—

1007 649 1088 677 Vsns.
1102 650 1148 676 6'1.
1165 649 1198 676 Et
1212 650 1307 684 repulit
1323 649 1522 677 tabernaculum
1532 645 1639 683 Josep/r.
1650 649 1792 682 Quodnam

1006 696 1072 723 illud
1089 696 1141 723 nisi
1158 695 1263 723 Silom?
1281 695 1346 723 Erat
1361 696 1433 723 enim
1451 703 1481 723 ea
1500 704 1533 723 ex
1549 701 1624 724 sorte
1643 693 1770 731 Ephraim
1784 706 1791 723 :

1007 741 1137 777 Ephraim
1152 740 1241 769 autém
1260 742 1331 770 ﬁlius
1346 741 1444 776 Joseph
1462 746 1529 770 erat.
1548 741 1611 769 Ideo
1629 742 1741 770 subdit:
1758 742 1793 768 Et

1005 788 1100 822 repulit
1113 787 1312 814 tabernaculum
1326 786 1433 821 Ioseph.
1447 791 1472 814 et
1488 787 1583 814 tribum
1601 787 1728 821 Ephraint
1742 796 1794 814 non

1004 833 1099 868 elegit;
1123 833 1231 860 etiamsi
1251 833 1368 868 primum
1390 840 1450 859 eam
1473 833 1608 868 elegisset,
1625 838 1653 860 et
1666 832 1785 860 taberna-

1005 879 1094 905 culum
1106 878 1206 913 Joseph
1220 879 1296 913 prius
1312 878 1449 907 all'eeisset
1461 879 1578 907 honore.
1592 879 1682 912 Quare
1707 880 1791 907 Silom

164 921 240 957 ἑξῆς·
261 923 321 949 ’Ὁτι
339 922 464 957 ἐγενήθη
482 923 633 957 σύγχυσις
648 923 777 950 θανάτου
795 924 829 949 ἐν
845 923 901 957 ὅλῃ
914 922 951 957 τῇ

1003 925 1030 951 in
1048 928 1196 952 extremam
1212 924 1386 951 solitudinem
1402 925 1512 952 redacta
1526 929 1579 952 est.
1593 924 1627 952 Iis
1636 933 1702 953 vero
1713 926 1794 954 docet

163 969 248 995 πόλει
258 968 364 1002 ,βαρεῖα
378 968 505 1003 σφόδρα,
518 968 558 1001 ὡς
571 969 716 1002 είσῆλθεν
732 969 751 1003 η
766 969 888 1002 κιϐωτὸς
898 968 952 995 τοῦ

165 1014 238 1041 Θεοῦ
261 1014 338 1041 ἐκεῖ·
365 1015 416 1041 καὶ
441 1016 468 1041 οὶ
492 1015 596 1048 ζῶντες
620 1015 671 1042 καὶ
695 1017 722 1042 οὶ
748 1016 953 1049 ἀποθανόντες

162 1058 361 1093 ὁκλήχθησαν
377 1061 420 1093 εἷς
433 1062 485 1093 τὰς
496 1060 584 1094 ἕδρας
595 1068 601 1075 ·
623 1061 672 1087 καὶ
693 1061 784 1095 ἀνέϐη
801 1062 820 1095 η
837 1060 952 1095 κραυγὴ

164 1103 220 1137 τῆς
228 1105 343 1138 πόλεως
350 1107 393 1139 είς
406 1105 458 1132 τὸν
472 1107 612 1140 οὐρανόν.
625 1107 673 1133 Διά
685 1106 718 1142 δὴ
730 1106 816 1134 ταῦτα
830 1107 954 1134 λέλεκται

163 1149 192 1175 ἓν
206 1149 246 1185 τῷ
262 1150 375 1186 παρόντι
390 1151 503 1187 ψαλμῷ·
522 1152 576 1178 Kal
597 1151 728 1183 ἐπάταξε
742 1152 812 1185 τοὺς
828 1152 954 1186 ἐχθροὺς

1004 971 1129 1005 exemplo
1155 970 1229 998 illius
1253 969 1350 1002 Sileni,
1374 974 1404 997 ut
1427 978 1461 998 ne
1476 970 1561 997 altum
1580 971 1687 1006 sapiant
1701 972 1747 1006 qui
1764 973 1792 999 in

1003 1014 1153 1042 Jerusalem
1177 1015 1311 1048 habitant,
1335 1015 1407 1050 quod
1430 1016 1636 1044 tabernaculum
1653 1020 1680 1044 et
1699 1024 1790 1043 arcam

1004 1061 1160 1095 acceperint
1176 1070 1181 1087 :
1197 1061 1298 1096 quippe
1313 1061 1412 1088 similia
1428 1061 1524 1096 primis
1537 1061 1656 1097 passuri,
1668 1062 1720 1088 nisi
1737 1062 1792 1090 Deo

1004 1106 1079 1141 digni
1092 1106 1256 1139 elliciantur,
1275 1107 1347 1142 quod
1367 1115 1434 1134 sane
1449 1108 1574 1142 sequenti
1588 1111 1710 1142 tempore
1726 1116 1793 1135 con-

1006 1152 1076 1187 ligit.

162 1195 253 1222 αὐτοῦ
271 1197 314 1229 είς
333 1197 369 1223 τὰ
381 1198 492 1224 ὀπίσω·
509 1197 623 1231 ὄνειδος
653 1198 773 1225 αἰώνιον
804 1198 915 1225 ἔδωκεν
945 1198 1056 1231 αὐτοῖς.
1076 1199 1197 1230 Ὀνειᾶος
1222 1199 1275 1235 γὰρ
1293 1198 1327 1235 ἧν
1360 1199 1390 1226 τὸ
1414 1200 1442 1225 ἐν
1459 1208 1519 1231 ταις
1542 1202 1634 1236 εόραις
1655 1200 1792 1236 πληγῆναι

162 1243 269 1275 αὐτοὺς,
287 1245 325 1276 ὡς
356 1245 390 1272 ἂν
407 1246 646 1278 ἀκολασταίνοντας
670 1248 698 1273 ὲν
730 1247 843 1278 ἐκείνοις
861 1248 917 1279 τοῖς
937 1247 1042 1283 μέρεσι.
1077 1247 1146 1279 Τοὺς
1171 1247 1222 1282 μὲν
1245 1247 1359 1283 ἐχθροὺς
1379 1247 1467 1280 οὕτως
1491 1248 1695 1284 ὲτιμωρήσατο’
1729 1250 1793 1280 τοὺς

160 1289 190 1316 δέ
208 1291 323 1323 οἰκείους
357 1292 443 1328 ἑτέρῳ
461 1293 619 1328 μετήρχετο.
637 1294 682 1320 Διὸ
706 1294 812 1331 εἴρητο·
825 1294 880 1321 Kal
912 1294 1052 1321 ἀπώσατο
1076 1294 1109 1321 τὸ
1129 1295 1275 1329 σκήνωμα
1311 1294 1426 1328 Ἰωσήφ.
1451 1294 1529 1321 Ποῖον
1547 1294 1576 1321 δὲ
1596 1293 1675 1321 τοῦτο
1700 1294 1758 1321 ἀλλ’
1774 1294 1792 1330 ἡ

162 1337 211 1373 τὴν
223 1337 322 1374 Σηλώμ
333 1347 341 1371 ;
353 1337 406 1365 Ἦν
416 1340 471 1375 γὰρ
484 1340 551 1375 αὑτὴ
563 1341 613 1375 τῆς
627 1341 807 1376 κληρονομίας
832 1341 966 1377 Ἐφραῒμ·
993 1341 1110 1378 Ἐφρατμ
1127 1341 1154 1368 δὲ
1178 1341 1226 1368 τοῦ
1246 1340 1345 1376 Ἰωσὴφ
1378 1341 1435 1373 υίὸς
1449 1338 1494 1376 ἦν.
1511 1340 1557 1367 Διὸ
1580 1340 1700 1375 ἐπιλέγει
1711 1349 1717 1355 ·
1736 1340 1793 1367 Kal

162 1384 302 1412 ἀπώσατο
339 1386 373 1413 τὸ
392 1386 536 1422 σκήνωμα
559 1388 686 1423 Ἰωσὴφ,
712 1389 760 1415 καὶ
785 1388 844 1423 τὴν
864 1389 967 1424 φυλὴν
992 1389 1113 1424 Ἐφραῒμ
1138 1389 1194 1416 οὐκ
1238 1388 1417 1421 ἐξελέξατο·
1443 1388 1545 1423 καίπερ
1572 1387 1656 1422 αὐτὴν
1680 1387 1794 1423 πρώτην

162 1431 350 1467 ἐκλεξάμενος,
367 1433 413 1459 καὶ
434 1433 464 1459 τὸ
483 1435 611 1469 σκήνωμα
631 1435 730 1470 Ἰωσὴφ
746 1435 853 1470 πρῶτον
882 1437 1011 1470 τιμήσας.
1022 1435 1067 1462 Διὸ
1085 1436 1132 1462 καὶ
1146 1435 1163 1470 ἡ
1177 1434 1277 1470 Σηλὼμ
1306 1435 1346 1466 εἰς
1365 1434 1483 1469 ἐσχάτην
1513 1433 1631 1469 ἐρημίαν
1660 1433 1790 1469 κατέστη.

163 1476 288 1504 Παιδεύει
298 1477 326 1504 δὲ
337 1478 381 1504 διὰ
399 1479 500 1506 τούτων
515 1481 528 1506 ὁ
543 1480 620 1514 λόγος
651 1481 695 1507 διὰ
711 1481 757 1507 τοῦ
791 1481 1013 1516 παραδείγματος
1043 1482 1092 1517 τῆς
1114 1481 1213 1517 Σηλὼμ
1237 1481 1275 1516 μὴ
1310 1481 1381 1515 μέγα
1397 1481 1505 1515 φρονεῖν
1520 1480 1583 1511 τοὺς
1597 1480 1626 1506 ὲν
1640 1480 1674 1514 τῇ
1694 1479 1793 1514 Ἰερου-

163 1523 262 1560 σαλὴμ,
277 1525 325 1560 τὴν
339 1526 441 1562 σκηνὴν
456 1527 501 1553 καὶ
519 1527 567 1562 τὴν
586 1528 699 1554 κιϐωτὸν
731 1527 960 1564 ὑποδεξαμένους·
981 1529 1122 1556 πείσεσθαι
1144 1529 1198 1565 γὰρ
1222 1528 1257 1556 τὰ
1277 1528 1358 1563 ὃμοια
1377 1528 1433 1558 τοῖς
1454 1525 1583 1562 πρώτοις,
1605 1526 1630 1552 εί
1653 1525 1691 1560 μὴ
1722 1524 1792 1557 ἄξιοι

163 1570 277 1605 γίνοιντο
301 1572 348 1598 τοῦ
374 1572 458 1599 Θεοῦ’
476 1573 490 1599 ὃ
510 1574 542 1609 δὴ
566 1575 612 1601 καὶ
637 1572 727 1609 ἀπέϐη
749 1575 777 1600 ὲν
794 1576 849 1606 τοῖς
878 1575 947 1610 μετὰ
965 1575 1050 1602 ταῦτα
1067 1575 1182 1611 χρόνοις.

196 1631 250 1658 Kal
266 1631 425 1664 ἐξελέξατο
440 1632 497 1667 τὴν
512 1633 615 1668 φυλὴν
628 1634 731 1665 Ἰούδα,
744 1634 777 1660 τὸ
792 1634 859 1668 ὄρος
876 1634 950 1661 Σιὼν

1037 1634 1120 1663 Vsus.
1144 1634 1189 1666 68,
1213 1633 1258 1661 69.
1288 1632 1322 1660 Et
1342 1633 1418 1668 elegit
1444 1631 1541 1658 tribum
1561 1629 1651 1662 Iuda,
1677 1634 1791 1656 montem

163 1676 178 1703 ὸ
190 1676 340 1712 ἠγάπησε.
358 1679 412 1705 Kal
431 1679 623 1713 ᾠκοδόμησεν
637 1682 677 1713 ὡς
688 1680 898 1714 μονοκερώτων
916 1681 949 1707 τὸ

163 1721 294 1757 ἁγίασμα
312 1723 405 1750 αὑτοῦ
417 1724 452 1750 ὲν
464 1724 501 1758 τῇ
518 1724 567 1760 γῇ,
586 1726 783 1760 ἐθεμελίωσεν
796 1725 893 1759 αὐτὴν
907 1727 950 1759 είς

161 1769 214 1795 τὸν
229 1768 332 1797 αἰῶνα.
349 1770 436 1805 Φυλὴν
458 1771 506 1805 μὲν
527 1771 612 1805 φυλῆς
629 1771 885 1806 ἀντικατηλλάξατο,
901 1771 950 1806 τὴν

161 1815 247 1850 φυλὴν
256 1816 383 1851 Βενιαμὶν
394 1817 454 1843 όινιιτλ⁸
466 1816 515 1850 τῆς
529 1816 613 1852 φυλῆς
631 1817 728 1852 Ἰωσήφ
737 1826 743 1832 ³
761 1817 809 1843 καὶ
823 1817 904 1843 τόπον
921 1818 949 1844 δὲ

160 1861 220 1887 ἀντὶ
231 1860 313 1887 τόπου
332 1861 431 1893 sila-co;
449 1862 498 1896 τῆς
509 1862 608 1897 Σηλὼμ
626 1863 675 1898 τὴν
692 1862 869 1900 Ἰερουσαλὴμ
883 1872 950 1899 προ-

161 1908 256 1943 κρίνας
267 1916 275 1923 ·
291 1908 358 1934 ἀλλὰ
372 1909 418 1935 καὶ
437 1908 498 1944 ὅρος
516 1909 574 1934 ἀντὶ
590 1909 669 1944 ὅρους
681 1910 818 1944 ἠγάπησε,
837 1909 867 1935 τὸ
881 1908 949 1935 Σιὼν

160 1952 258 1988 δηλαδὴ
279 1954 339 1980 ἀντὶ
365 1953 410 1980 τοῦ
427 1953 507 1989 ὄρους
531 1954 578 1980 τοῦ
603 1955 631 1981 ὲν
648 1954 756 1990 Σηλώμ.
782 1953 850 1981 Εἶτά
867 1962 949 1989 φησι·

160 1999 213 2025 Kal
232 1999 426 2033 ᾠκοδόμησεν
450 1999 491 2032 ὡς
516 1999 726 2034 μονοκερώτων
754 2000 788 2026 τὸ
819 2000 950 2034 ἀγίασμα

159 2044 269 2071 αὑτοῦ·
289 2045 358 2071 κατὰ
382 2044 410 2071 δὲ
435 2045 480 2071 τὸν
509 2045 642 2077 Ἀκύλαν,
674 2045 728 2072 Kal
755 2044 951 2078 ᾠκοδόμησεν

160 2091 266 2125 ὁμοίως
277 2091 408 2125 ὑψηλοῖς
423 2091 555 2126 ἀγίασμα
569 2091 661 2118 αὐτοῦ
671 2100 677 2105 ”
694 2090 764 2118 κατὰ
780 2091 807 2116 δὲ
819 2090 864 2116 τὸν
876 2090 910 2116 Σύ
915 2098 949 2124 μ-

161 2145 257 2172 μαχον,
273 2136 328 2162 Kal
342 2136 536 2171 ᾠκοδόμησεν
550 2137 590 2169 ὡς
602 2136 636 2163 τὰ
652 2136 757 2170 ὑψηλὰ
772 2135 806 2162 τὸ
818 2136 950 2169 ἀγίασμα

160 2182 263 2209 αὐτοῦ.
287 2182 402 2217 Ὁμοίως
418 2181 464 2209 οὖν
481 2183 592 2218 ὑψηλοῖς
609 2183 656 2208 καὶ
676 2183 714 2214 ὡς
726 2181 761 2208 τὰ
777 2182 831 2217 ὕψη
848 2181 949 2217 ᾠκοδό-

162 2234 230 2262 μησε
243 2226 273 2253 τὸ
286 2227 408 2262 ἁγίασμα
424 2226 517 2254 αὑτοῦ.
537 2227 705 2262 Ἀναπέμπει
721 2227 744 2253 δ’
756 2228 829 2262 ἡμᾶς
844 2228 858 2253 ὁ
871 2227 950 2260 λόγος

160 2273 199 2304 εἰς
215 2273 282 2307 βαθὺ
299 2273 344 2300 καὶ
361 2274 516 2310 ἀπόρρητον
535 2273 607 2306 νοῦν,
629 2273 775 2305 διδάσκων,
789 2273 827 2305 ὡς
852 2273 882 2299 τὺ
902 2273 949 2299 ἐπὶ

1003 1681 1079 1711 Sion.
1104 1689 1180 1712 quem
1202 1679 1305 1707 dilexit.
1329 1678 1363 1705 Et
1379 1678 1522 1712 a'diﬁcarit
1541 1677 1608 1703 sicut
1624 1676 1792 1702 unicornium

1001 1729 1178 1763 sancti/icium
1198 1736 1276 1754 suum
1295 1727 1322 1754 in
1339 1732 1421 1757 terra.
1443 1725 1564 1760 fundavit
1578 1733 1637 1752 eam
1656 1725 1684 1751 in
1705 1731 1792 1751 saecu-

1001 1775 1068 1802 lum.
1079 1774 1194 1801 Tribum
1217 1781 1268 1809 pro
1285 1773 1358 1801 tribu
1374 1772 1562 1803 commutavit,
1575 1771 1677 1798 tribum
1693 1769 1791 1804 Benja-

1000 1822 1057 1848 min
1069 1829 1118 1856 pro
1130 1821 1202 1847 tribu
1212 1819 1313 1855 Ioseph
1326 1829 1332 1847 :
1344 1822 1371 1846 et
1388 1819 1477 1845 locum
1490 1825 1539 1852 pro
1548 1817 1608 1844 loco
1616 1816 1715 1851 elegit;
1726 1815 1792 1842 Ilie—

1001 1867 1167 1902 rosolymam
1191 1865 1249 1892 Silo
1273 1870 1459 1899 anteponens;
1483 1863 1538 1889 imo
1562 1862 1643 1889 etiam
1670 1865 1789 1887 montem

1001 1921 1051 1948 pro
1068 1916 1160 1940 monte
1172 1911 1278 1942 dilexit.
1295 1910 1360 1937 Sion
1376 1908 1513 1939 videlicet,
1529 1915 1578 1942 pro
1591 1910 1683 1934 monte
1700 1907 1746 1941 qui
1762 1906 1789 1933 in

1002 1955 1060 1981 Silo
1077 1958 1147 1982 erat.
1172 1953 1273 1980 Deinde
1302 1952 1359 1979 ait:
1374 1951 1407 1977 Et
1428 1950 1569 1984 wdiﬁcavit
1592 1949 1660 1975 sicut
1683 1948 1792 1974 unicor~

1002 2001 1075 2027 nium
1097 1999 1275 2033 sancti/icium
1293 2004 1389 2028 suum;
1404 1994 1555 2024 secundum
1576 1993 1700 2029 Aquilam
1713 2001 1790 2024 vero,

1001 2046 1036 2073 Et
1051 2045 1192 2080 (edi/ienuit
1213 2044 1299 2071 simile
1320 2042 1430 2070 excelsis
1447 2040 1624 2075 sancti/icium
1636 2035 1731 2071 suum;
1747 2046 1792 2066 se-

1001 2092 1121 2119 cumlum
1147 2089 1341 2126 Symmachum
1368 2093 1469 2119 autem,
1492 2086 1526 2115 Et
1541 2085 1681 2118 mdificlzuit
1697 2089 1724 2111 ut
1741 2093 1790 2112 ex-

1002 2138 1071 2165 celsa
1086 2136 1263 2170 sancti/icium
1280 2142 1368 2161 suum.
1388 2132 1580 2160 Sanctiﬁcium
1597 2132 1689 2166 itaque
1707 2135 1788 2157 Suum

1002 2183 1091 2211 simile
1110 2181 1238 2212 excelsis,
1255 2185 1303 2207 aut
1320 2183 1350 2206 ut
1365 2179 1473 2206 excelsa
1497 2176 1652 2204 aedificavit.
1669 2175 1724 2202 Nos
1741 2182 1790 2201 au-

1001 2234 1055 2256 tem
1070 2228 1104 2255 ad
1122 2227 1286 2263 profundum
1303 2229 1330 2253 et
1350 2232 1480 2251 arcanum
1505 2230 1615 2251 sensum
1640 2228 1730 2248 sermo
1747 2228 1791 2246 re-

1001 2275 1096 2306 mittit.
1117 2273 1219 2300 docens
1234 2271 1416 2299 sanctiﬁcium
1435 2269 1501 2296 illud
1519 2269 1545 2295 in
1561 2272 1643 2298 terra,
1662 2266 1689 2292 in
1707 2265 1789 2292 Jeru-

160 2318 211 2353 γῆς
232 2319 354 2354 ἁγίασμα
374 2319 404 2345 τὸ
420 2319 467 2345 ἐπὶ
488 2320 537 2354 τῆς
555 2319 731 2354 Ἰερουσαλὴμ
756 2319 802 2345 καὶ
828 2319 866 2354 τῷ
892 2319 949 2354 δρει

1003 2321 1087 2347 salem
1099 2323 1126 2346 et
1141 2320 1168 2346 in
1184 2322 1274 2345 monte
1288 2317 1353 2343 Sion
1369 2315 1561 2344 constitutum,
1581 2311 1788 2340 similitudinem

160 2363 229 2391 Σιὼν
242 2365 379 2392 καταστὰν
403 2365 534 2400 ὁμοίωσιν
557 2363 614 2400 εἶχε
628 2364 682 2391 τῶν
704 2366 732 2391 ὲν
754 2366 811 2396 τοῖς
829 2364 950 2400 ὑψηλοῖς,

161 2410 207 2436 καὶ
218 2411 374 2446 ᾠκοδόμητο
388 2411 426 2441 ὡς
442 2411 477 2438 τὰ
491 2412 546 2446 ὕψη
559 2413 619 2438 κατ’
634 2411 725 2438 εἰκόνα
740 2412 787 2437 καὶ
804 2411 866 2437 καθ’
877 2410 952 2445 ὁμοί-

160 2464 227 2481 ωσιν
242 2456 385 2490 γενόμενον
398 2456 451 2482 τῶν
466 2457 495 2483 ὲν
514 2456 639 2492 οὐρανοῖς
660 2455 783 2491 ὑψηλῶνε
798 2455 816 2482 ἃ
829 2455 861 2490 δὴ
878 2455 951 2481 καὶὸ

167 2501 326 2534 ’Δπόστολος
337 2503 455 2538 παρίστη
468 2502 555 2536 λέγων
564 2511 571 2518 ’
588 2503 618 2530 Ἠ
627 2502 661 2528 δὲ
677 2502 737 2528 ἄνω
756 2501 950 2535 Ἰερουσαλὴμ

161 2547 302 2581 ἐλευθέρα
327 2548 429 2574 ἐστίν’
450 2549 506 2581 καὶ,
530 2548 780 2582 Προσεληλύθιιτε
801 2547 876 2574 Σιὼν
889 2547 950 2581 ὄρει

163 2593 210 2619 καὶ
227 2594 312 2620 πόλει
332 2594 406 2620 Θεοῦ
430 2594 537 2627 ζῶντος
561 2593 754 2628 Ἰερουσαλὴμ
771 2593 947 2626 ἐπουρανίῳ.

163 2638 207 2664 Διὸ
228 2639 297 2665 κατὰ
321 2639 366 2665 τὸν
391 2640 506 2666 Ἀκύλαν
529 2641 653 2675 εἴρηται,
678 2640 730 2666 Kal
755 2639 950 2673 ᾠκοδόμησεν

163 2684 268 2717 ὁμοίως
280 2684 412 2718 ὑψηλοῖς
426 2686 558 2720 ἀτίασμα
573 2685 666 2713 αὑτοῦ
675 2693 681 2700 ·
694 2685 764 2712 κατὰ
777 2686 805 2711 δὲ
821 2686 865 2711 τὸν
879 2684 913 2710 Σύ
919 2693 951 2718 μ-

166 2737 259 2763 μαχον,
274 2730 327 2756 Kal
341 2730 532 2764 ᾠκοδόμησεν
549 2731 589 2764 ὡς
603 2732 640 2758 τὰ
654 2732 758 2766 ὑψηλὰ
769 2732 801 2757 τὸ
819 2731 950 2765 ἁγίασμα

164 2773 271 2800 αὑτοῦ·
287 2774 359 2800 κατά
370 2774 398 2800 δὲ
417 2776 479 2806 τοὺς
496 2776 705 2811 Ἐὅδομήκοντα,
724 2777 771 2809 Ὠς
785 2775 949 2810 μονοκερώ-

165 2826 222 2844 των
230 2818 405 2853 ᾠκοδόμησε
417 2819 450 2845 τὸ
462 2820 592 2854 ἁγίασμίι
606 2821 712 2847 αὐτοῦ’
728 2820 858 2847 νοούντων
871 2822 887 2856 ἡ
892 2820 949 2855 μῶν

201 2895 222 2910 ³³
238 2895 297 2922 Gal.
313 2905 348 2927 Iv,
366 2895 411 2922 εὖ.
449 2896 471 2911 ⁸³
489 2895 554 2922 Ηρίι.
572 2904 620 2926 xu.
636 2896 680 2924 ‘22.

306 2945 440 2974 I’s'rnirL.
458 2944 515 2973 Gn.
535 2943 651 2973 XXIII.

1003 2365 1133 2392 habuisse
1148 2371 1211 2389 cum
1224 2370 1256 2389 eo
1269 2361 1342 2396 quod
1359 2361 1386 2387 in
1403 2359 1519 2387 excelsis
1534 2362 1587 2388 est,
1612 2361 1638 2383 et
1652 2356 1685 2383 ad
1700 2356 1789 2382 excel-

1003 2418 1097 2438 sorum
1114 2409 1223 2436 modum
1238 2410 1427 2434 constructum
1439 2405 1536 2435 fuisse,
1555 2403 1589 2430 ad
1602 2403 1746 2437 imaginem
1763 2406 1790 2429 et

1003 2454 1210 2482 similitudinem
1238 2453 1408 2479 excelsorum
1437 2449 1608 2481 caelestium;
1633 2455 1694 2483 qua:
1725 2447 1789 2474 item

1001 2501 1149 2536 Apostolus
1165 2498 1313 2527 declaravit
1329 2497 1425 2524 dicens
1438 2506 1444 2523 :
1459 2495 1513 2522 Illa
1528 2503 1587 2522 vero
1607 2502 1665 2529 qui:
1682 2501 1788 2521 sursum

1001 2551 1039 2573 es!
1058 2546 1207 2573 Jerusalem
1234 2545 1316 2571 libera
1331 2548 1370 2570 est
1384 2543 1422 2575 “;
1436 2546 1473 2573 et.
1491 2541 1643 2568 Accessistis
1670 2539 1705 2566 ad
1724 2539 1790 2566 Sion

1001 2597 1115 2618 montem
1137 2596 1161 2617 et
1186 2590 1317 2616 civitatem
1339 2588 1387 2615 Dei
1406 2588 1524 2619 viventis,
1540 2585 1690 2613 Jerusalem
1712 2585 1790 2611 cmle»

1001 2641 1066 2664 stem
1077 2636 1110 2663 “.
1127 2637 1217 2669 Quare
1231 2635 1382 2663 secundum
1396 2634 1523 2668 Aquilam
1538 2633 1650 2661 dicitur.
1671 2630 1705 2657 Et
1720 2630 1788 2657 cdi-
1815 2638 1819 2642 ”

1004 2683 1092 2717 ficavit
1109 2681 1195 2709 simile
1209 2681 1319 2708 excelsis
1334 2680 1512 2714 sanctifieium
1525 2686 1618 2707 suum:
1636 2676 1788 2705 secundum
1815 2695 1818 2698 .

1004 2727 1196 2763 Symmachum
1210 2734 1285 2757 vero.
1304 2726 1338 2752 Et
1352 2725 1493 2759 wdiﬁcavit
1506 2729 1533 2751 ut
1545 2723 1649 2750 excelsa
1667 2721 1788 2754 sanctiﬁ-

1003 2775 1072 2801 cium
1084 2782 1176 2805 suum;
1190 2773 1339 2801 secundum
1356 2771 1506 2798 LXX.vero
1519 2770 1694 2803 lnlerprcles,
1707 2766 1788 2793 inli-
1815 2792 1818 2795 λ

1004 2821 1090 2855 ﬁcnvit
1119 2820 1184 2846 sicut
1216 2818 1381 2846 unicornium
1406 2817 1582 2850 sancti/icium
1617 2821 1704 2840 suum.
1732 2811 1788 2840 Non

1622 2939 1661 2967 30
