2024 3214
238 154 292 184 939

577 151 712 180 EUSEBH
731 151 975 179 CAESARIENSIS
992 151 1070 180 OPP.
1092 151 1182 180 PARS
1201 152 1246 180 111.
1261 169 1295 174 -
1310 153 1517 182 EXEGETICA.

1814 153 1867 182 9w

240 224 325 253 porro
350 215 526 250 intelligimus
555 205 702 240 unicornes
734 220 795 240 esse
820 220 879 245 eos,
911 221 1017 248 quorun

1082 216 1270 250 μονοκέρωτας
1281 212 1350 241 εἶναι
1364 215 1427 246 τοὺς
1441 215 1472 240 τὸ
1484 214 1513 241 ἓν
1529 213 1611 249 κέρας
1629 214 1865 249 ἐπιγραφομένους

241 270 326 290 unum
340 269 423 289 comu
444 260 611 294 descriptum
627 259 654 286 in
669 259 739 286 caelo
754 263 808 291 est,
822 265 892 294 quos
907 259 1025 294 Aposto—

241 309 284 336 lus
296 309 338 336 his
353 307 443 335 verbis
461 306 618 333 declarabat
633 315 640 332 :
659 305 693 331 Et
707 304 742 331 ad
756 305 900 332 multorum
912 305 1027 332 millium

239 355 392 391 angelorum
414 353 602 384 celebritatem,
624 356 649 379 et
671 351 817 378 Ecclesium
839 352 1027 386 primogenita-

239 411 309 434 rum,
330 401 374 437 qui
390 400 513 435 descripti
537 403 597 426 sunt
612 399 640 425 in
664 399 736 425 caelis
749 399 783 426 ⁸⁸.
801 398 854 426 Sed
875 398 968 431 etiam,
985 400 1027 425 in-

238 448 308 484 quit,
328 448 355 474 in
370 451 442 473 terra
461 445 580 480 fundarit
596 452 655 471 eam
666 444 694 471 in
712 444 850 471 statutum.
870 443 1025 471 Secundum

239 492 432 529 Symmachum
449 495 550 521 autem.
567 491 633 517 sicut
649 495 757 522 terram,
773 498 851 525 quam
862 490 981 525 {undavit
999 491 1026 517 in

239 540 376 567 arculum.
394 538 461 564 Nam
478 537 659 565 sanetilicium
677 537 743 564 illud
766 537 838 572 quod
854 537 881 564 in
901 537 1024 564 sensibili

237 591 264 614 ct
281 591 389 613 terrena
404 584 558 612 Jerusalem
586 588 637 614 est,
658 584 698 611 sic
720 583 864 611 :edilicavit
886 584 914 610 in
940 588 1023 612 terra.

238 632 316 658 Sicut
329 631 401 658 enim
419 635 491 658 terra
519 629 607 656 media
625 630 695 656 inter
709 636 794 664 aquas
817 629 1025 664 comprehendi-

237 682 282 705 tur
300 676 449 704 secundum
472 675 653 710 Scripturam,
671 675 707 702 ita
722 679 748 702 et
762 674 912 702 Jerusalem
935 675 1023 703 media

237 723 309 750 inter
323 723 491 757 alienigenas
506 725 602 756 gentes
622 719 711 754 posita
731 724 799 747 erat.
816 719 907 752 Quare
919 721 1022 748 dictum

236 773 278 796 est
294 769 321 796 in
334 768 485 804 prophetiis
499 777 505 794 :
522 767 586 794 lla-c
599 770 637 793 est
650 765 810 799 Jerutalem,
824 767 851 794 in
866 767 951 794 medio
962 775 1023 802 gen-

236 816 302 842 tium
315 815 391 849 posui
402 814 476 841 illam
488 814 520 840 “‘.
532 813 588 840 Sub
599 814 656 841 haec
665 817 756 840 autem
770 813 821 840 ait:
831 828 865 832 -—-
881 812 961 840 Vsus.
978 813 1021 840 7t).

237 860 322 896 Elegit
338 851 421 887 David
437 868 539 887 servum
550 868 640 892 suum,
655 859 690 887 de
704 867 760 894 quo
774 859 877 886 dictum
896 863 939 886 est
953 869 959 886 :
973 858 1022 886 Iu-

234 909 291 936 oem'
323 908 407 935 Dauid
436 916 537 935 servum
566 917 667 941 meum,
692 908 777 935 virum
806 909 949 934 secundum
975 916 1021 935 cor

235 962 336 985 meum;
347 961 426 988 quem
439 953 531 989 elegit,
547 961 600 980 non
614 957 720 980 tantum
737 957 765 980 ut
780 953 886 988 primus
898 961 931 980 ex
947 954 1019 980 tribu

233 999 302 1027 Juda
318 1004 463 1035 regnaret,
490 1000 537 1027 sed
559 1000 595 1026 ita
611 1003 641 1026 ut
663 999 762 1034 dignus
786 998 965 1033 judicaretur,
987 1007 1019 1026 cx

233 1045 312 1079 cujus
334 1045 438 1073 semine
459 1045 586 1073 Christus
601 1045 648 1071 Dei
674 1045 804 1080 prodiret.
822 1044 907 1080 Elegit
930 1049 1020 1072 autem

232 1099 293 1119 eum
309 1092 432 1126 pluribus
447 1092 535 1127 ipsum
552 1091 684 1118 fratribus
697 1092 756 1119 suis
769 1095 949 1126 anteponens.
967 1091 1020 1117 Ac-

231 1138 358 1172 cepitque
373 1145 435 1165 eum
451 1146 483 1164 ex
505 1138 632 1172 gregibus
649 1137 746 1169 ovium,
768 1142 792 1164 et
813 1137 845 1164 de
859 1142 916 1170 post
933 1137 1020 1171 fetan-

231 1187 280 1212 tes.
296 1184 363 1211 Nam
380 1184 426 1218 qui
443 1184 559 1211 suscitat
580 1183 613 1210 de
631 1188 703 1211 terra
723 1184 844 1218 inopem,
862 1189 888 1211 et
901 1184 934 1211 de
949 1188 1019 1211 ster-

231 1237 295 1257 core
313 1230 393 1264 erigit
413 1236 570 1264 pauperem,
595 1228 725 1256 Davidem
748 1229 878 1256 humilem
895 1233 921 1256 et
944 1229 1019 1264 ahje-

231 1279 318 1308 ctum,
335 1275 371 1301 ita
393 1278 485 1301 utnec
503 1281 566 1301 cum
585 1273 716 1301 fratribus
732 1274 790 1301 suis
809 1282 1019 1302 connutuerare-

232 1326 291 1354 tur,
316 1329 405 1356 neque
425 1328 474 1355 pro
492 1320 552 1347 viro
581 1320 738 1352 haberetur,
767 1321 866 1356 elegit,
887 1321 962 1356 prius
990 1321 1017 1347 in

231 1368 361 1403 pastorali
381 1368 548 1399 institutum,
567 1371 595 1394 et
608 1375 640 1394 ex
655 1374 721 1394 cura
733 1366 849 1394 letarum
865 1375 945 1402 quam
957 1375 1019 1401 ges-

231 1419 316 1445 serat,
334 1414 460 1441 edoctum
480 1421 563 1449 quam
585 1418 715 1441 accurata
740 1414 896 1441 sollicitudo
910 1414 1017 1448 egenti-

231 1461 281 1487 bus
298 1460 450 1487 adhibeuda
467 1464 551 1487 esset.
568 1459 635 1487 Inde
656 1464 814 1495 susceptum
832 1461 908 1487 illum
924 1468 957 1487 ex
980 1460 1018 1486 ir-

230 1507 434 1533 rationabilium
455 1506 546 1534 ovium
559 1506 691 1541 pastorali
709 1514 786 1538 cura,
803 1506 931 1540 produxit
945 1505 1016 1533 Deus

1079 261 1138 288 κατ’
1152 261 1282 297 οὐρανὸν,
1298 261 1344 292 οὓς
1359 261 1452 297 ἐδήλου
1472 261 1558 294 λέγων
1575 261 1590 286 ὁ
1610 260 1769 292 ’Δπόστολος
1779 269 1785 274 ·
1811 259 1865 287 Kal

1075 308 1218 344 μυριάσιν
1249 308 1384 343 ἀγγέλων
1408 308 1593 342 πανηγύρει,
1620 308 1669 334 καὶ
1704 307 1866 341 Ἐκκλησίᾳ

1078 356 1270 389 πρωτοτόκων
1288 354 1557 390 ἀπογεγραμμένων
1572 354 1607 380 ὲν
1619 353 1768 388 οὐρανοῖς.
1785 353 1865 380 Ἀλλὰ

1078 402 1123 428 καὶ
1134 402 1168 428 ἐν
1179 400 1217 434 τῇ
1237 400 1285 435 γῇ,
1311 401 1402 436 φησὶν,
1427 400 1626 434 ὲθεμελίωσεν
1638 399 1736 433 αὐτὴν
1752 400 1797 432 εις
1811 398 1865 426 τὸν

1076 444 1178 471 αἰῶνα.
1197 445 1275 471 Κατὰ
1293 445 1322 471 δὲ
1339 444 1384 471 τὸν
1409 444 1566 480 Σύμμαχον.
1590 444 1638 477 Ὠς
1659 443 1717 478 τὴν
1734 443 1801 479 γῆν,
1824 442 1865 478 ἦν

1076 491 1272 525 ἐθεμελίωσεν
1285 491 1329 523 εἰς
1347 491 1401 517 τὸν
1413 491 1516 518 αἰῶνα.
1536 491 1573 518 Τὸ
1586 491 1640 526 γὰρ
1653 491 1778 526 ἁγίασμα
1792 491 1822 517 τὸ
1834 491 1864 517 ὲν

1075 539 1108 573 τῇ
1128 537 1243 573 αἱςθητῇ
1267 538 1314 564 καὶ
1334 538 1447 573 ἐπιγείῳ
1471 538 1648 574 Ἰερουσαλὴμ
1666 538 1752 569 οὕτως
1763 537 1863 573 ᾠκοδό-

1077 592 1162 620 μησεν
1186 585 1227 616 είς
1240 584 1289 619 τὴν
1307 584 1370 619 γῆν.
1387 585 1491 619 Ὤτπερ
1504 585 1560 620 γὰρ
1581 585 1598 619 ἡ
1611 584 1648 618 γῆ
1666 584 1736 619 μέση
1749 584 1862 619 ἀπείλη-

1076 639 1141 657 πται
1156 630 1260 657 ὑδάτων
1274 630 1343 657 κατὰ
1359 631 1409 665 τὴν
1426 631 1552 666 Γραφήν·
1569 630 1640 657 οὓτω
1661 631 1710 657 καὶ
1732 631 1748 666 ἠ
1766 631 1863 666 Ἰερου-

1076 677 1142 712 σαλὴ
1148 686 1167 712 μ
1185 677 1255 712 μέση
1269 677 1323 703 τῶν
1340 677 1496 711 ἀλλοφύλων
1513 676 1598 703 ἐθνῶν
1614 677 1796 712 συνειστήκει.
1817 676 1864 703 Διδ

1074 722 1197 749 λέλεκται
1216 723 1244 750 ἐν
1261 722 1455 758 προφητείαις·
1473 723 1554 756 Αὕτη
1568 723 1587 755 ἡ
1604 722 1813 757 Ἰερουσαλὴμ,
1828 723 1864 750 ἐν

1071 769 1155 804 μέσῳ
1172 769 1230 796 τῶν
1244 769 1340 796 ἐθνῶν
1357 770 1474 796 τέθεικα
1488 769 1594 802 αὐτήν.
1609 769 1665 795 Εἶτ’
1677 770 1723 796 ἐπὶ
1739 769 1843 801 τούτοις
1853 777 1860 784 ·

1080 816 1262 848 Ἐξελέξατο,
1280 816 1356 851 φησὶ,
1372 816 1462 842 Δαυῒδ
1476 816 1529 842 τὸν
1547 815 1660 842 δοῦλον
1670 815 1781 847 αὐτοῦ,
1796 816 1862 851 περὶ

1073 861 1102 890 οὗ
1122 862 1245 898 εἴρηται·
1268 860 1367 897 Εὗρον
1381 862 1473 889 Δαυῖδ
1486 862 1539 888 τὸν
1553 861 1665 889 δοῦλόν
1681 870 1751 896 μου,
1766 861 1862 896 ἄνδρα

1072 909 1147 936 κατὰ
1171 908 1228 942 τὴν
1248 908 1372 942 καρδίαν
1392 916 1450 942 μου
1463 915 1469 921 '
1494 907 1525 933 ὃν
1544 907 1701 939 ἐξελέξατο,
1719 907 1768 942 οὐχ
1789 908 1859 934 ὥστε

1071 955 1178 990 πρῶτον
1193 955 1224 981 ἐκ
1241 954 1327 989 φυλῆς
1345 954 1430 980 Ἰούδα
1447 953 1605 988 βασιλεῦσαι
1622 953 1712 988 μόνον,
1728 953 1796 980 ἀλλὰ
1813 953 1859 980 καὶ

1071 1001 1140 1027 ὥστε
1162 1001 1237 1034 ἄξιον
1257 1001 1383 1036 κριθῆναι
1407 1000 1454 1026 τοῦ
1484 1000 1625 1035 προελθεῖν
1645 1001 1677 1026 ὲκ
1703 999 1858 1035 σπέρματπ

1070 1047 1153 1074 αὐτοῦ
1169 1047 1214 1073 τὸν
1226 1046 1343 1082 Χριστὸν
1355 1045 1402 1072 τοῦ
1414 1044 1491 1072 Θεοῦ.
1508 1044 1663 1078 Ἐξελέξατο
1675 1045 1703 1071 δὲ
1715 1045 1796 1071 αὑτὸν
1806 1043 1860 1071 τῶν

1071 1094 1193 1129 ἀδελφῶν
1223 1094 1352 1120 πλειόνων
1379 1093 1463 1119 ὄντων
1493 1092 1651 1127 προκρίνας.
1682 1091 1808 1118 Ἀνέλαόἐ
1829 1099 1858 1118 τε

1070 1141 1150 1167 αὑτὸν
1165 1141 1197 1167 ὲκ
1215 1140 1269 1167 τῶν
1285 1141 1416 1176 ποιμνίων
1433 1137 1492 1166 τῶν
1504 1139 1668 1173 προϐάτων,
1685 1139 1734 1165 καὶ
1757 1139 1858 1171 ἐξόπι-

1069 1188 1144 1213 σθεν
1159 1185 1217 1213 τῶν
1236 1187 1454 1221 λοχευομένων.
1481 1186 1510 1212 Ὁ
1527 1185 1582 1220 γὰρ
1605 1186 1719 1221 ἐγείρων
1738 1185 1791 1212 ἀπὸ
1807 1185 1858 1220 γῆς

1070 1233 1176 1268 πτωχὸν
1202 1234 1247 1259 καὶ
1264 1233 1317 1259 ἀπὸ
1343 1233 1458 1268 κοπρίας
1471 1232 1588 1258 ἀνιστῶν
1611 1232 1723 1267 πένητα,
1745 1232 1791 1258 καὶ
1812 1232 1857 1258 τὸν

1069 1278 1149 1304 Δαυῒδ
1172 1278 1298 1304 ταπεινὸν
1329 1278 1392 1304 ὄντα
1418 1278 1465 1304 καὶ
1483 1277 1708 1312 ἀπερριμμένον,
1731 1278 1769 1309 ὼς
1789 1277 1856 1313 μηδὲ

1070 1323 1349 1358 συγκαταριθμεῐσθαι
1374 1325 1430 1355 τοῖς
1452 1323 1535 1350 αὐτοῦ
1559 1323 1698 1358 ἀδελφοῖς,
1723 1323 1790 1358 μηδὲ
1817 1324 1858 1355 είς

1068 1370 1152 1406 ἄνδρα
1165 1369 1329 1403 λογίζεσθαι,
1347 1369 1486 1402 ἐξελέξατο
1502 1369 1814 1405 προπαιόαγωγούμενον
1828 1370 1856 1396 ὲν

1067 1418 1100 1451 τῇ
1121 1417 1300 1451 ποιμαντικῇ,
1318 1416 1364 1442 καὶ
1380 1416 1424 1442 διὰ
1437 1416 1486 1451 τῆς
1504 1416 1556 1442 τῶν
1577 1415 1760 1450 λοχευομένων
1774 1415 1857 1451 θρεμ-

1070 1462 1161 1497 μάτων
1179 1461 1305 1495 προνοίας
1324 1461 1354 1487 to
1373 1461 1502 1495 ἐπιμελὲς
1518 1460 1571 1487 τῶν
1588 1460 1722 1495 δεομένων
1741 1460 1857 1496 κηδεμο-

1067 1509 1126 1540 νίας
1138 1507 1370 1542 ὲκδιδασκόμενον.
1390 1507 1485 1534 Ἔνθεν
1503 1507 1583 1534 αὑτὸν
1602 1506 1743 1534 ἀναλαϐὼν
1756 1508 1789 1533 ὲκ
1807 1507 1855 1542 τῆς

228 1557 256 1580 et
279 1553 421 1580 constituit
444 1556 473 1579 ut
487 1551 582 1587 (Vens.
597 1552 640 1587 71)
666 1556 783 1586 pasceret
804 1551 888 1579 Iacob
913 1560 1016 1579 servum

1069 1554 1121 1580 τῶν
1144 1553 1248 1588 ἀλόγων
1272 1554 1415 1590 προϐάτων
1440 1553 1636 1588 ποιμαντικῆς,
1666 1553 1822 1588 προήγαγεν
1840 1554 1856 1579 ὁ

228 1607 317 1630 suum,
329 1603 353 1625 et
371 1597 458 1624 Israel
473 1597 652 1624 Itrcreditatem
661 1606 747 1625 suam.
766 1597 800 1625 Ut
818 1598 890 1624 enim
909 1598 1016 1632 experi-

229 1647 350 1671 mentum
379 1644 421 1671 sui
445 1643 558 1670 dederat
583 1644 611 1670 in
631 1644 761 1678 pastorali
785 1644 1015 1671 irrationabilium

227 1690 319 1717 ovium
336 1697 412 1721 cura,
430 1690 629 1717 rationabiliori
646 1690 710 1717 ovili
730 1689 874 1724 przelectus
887 1694 938 1717 est.
954 1689 1015 1722 Quo

227 1739 307 1770 pacto
324 1740 415 1763 autem
434 1743 533 1770 pecora
552 1739 677 1771 pasceret
692 1735 841 1762 declaravit
855 1735 914 1770 ipse
940 1735 1015 1762 Sauli

227 1783 321 1810 dicens
332 1792 339 1810 :
352 1782 450 1809 Pastor
463 1782 556 1817 agebat
572 1790 660 1809 seruus
672 1787 732 1808 tuus
745 1782 816 1816 patri
829 1790 876 1808 suo
888 1782 915 1808 in
935 1781 1014 1808 ovili:

226 1834 251 1857 et
268 1829 374 1864 quando
389 1828 506 1856 ueniebat
525 1828 563 1855 leo
579 1833 624 1854 aut
640 1836 729 1860 ursus,
744 1833 767 1855 et
783 1828 929 1862 arripiobat
943 1836 1015 1855 ovem

225 1883 258 1902 ea:
269 1882 354 1910 grege,
369 1880 428 1909 post
443 1874 520 1901 illum
532 1874 650 1906 adibant,
665 1879 690 1901 et
705 1875 823 1908 percussi
839 1874 914 1900 illum
930 1879 954 1900 et
968 1881 1014 1900 ea:-

226 1921 297 1948 traxi
317 1929 350 1948 ea:
364 1929 409 1948 ore
428 1920 496 1956 ejus.
519 1920 553 1947 Et
568 1921 712 1947 insurrezit
731 1921 760 1947 in
782 1929 832 1952 me,
849 1925 874 1947 et
894 1928 1014 1954 compre-

225 1967 304 1995 hendi
316 1968 405 2003 fauces
427 1967 496 2002 ejus,
512 1971 536 1994 et
552 1968 671 2002 percussi
686 1967 819 2003 occidique
834 1967 924 1995 illum.
943 1966 1013 1994 Leo-

226 2022 283 2041 nem
302 2019 327 2041 et
348 2023 440 2041 ursum
461 2015 592 2048 percussit
608 2023 696 2042 servus
715 2019 785 2041 tuus.
801 2013 836 2040 Et
850 2015 901 2041 erit
920 2014 1014 2041 alieni-

224 2069 289 2095 gena
297 2065 321 2086 et
337 2060 536 2087 incircumcisus
551 2065 579 2087 ut
590 2068 658 2088 unus
668 2068 701 2087 ex
710 2060 775 2090 illis,
786 2060 832 2094 qui
846 2060 1013 2094 exprobravit

224 2106 291 2133 aciei
304 2105 351 2133 Dei
366 2106 483 2134 viceritis.
502 2105 534 2132 Et
548 2107 586 2132 ait
599 2106 701 2133 David:
713 2106 843 2133 Dominus
858 2107 902 2141 qui
917 2106 1013 2140 eripuit

225 2160 265 2178 me
276 2151 308 2178 de
323 2159 403 2178 manu
416 2151 498 2178 leonis
512 2156 537 2179 et
550 2152 583 2179 de
594 2161 676 2179 manu
686 2152 755 2184 ursi,
767 2151 812 2178 ille
824 2160 864 2178 me
878 2152 968 2186 eripiet
980 2151 1013 2179 de

224 2206 304 2224 manu
334 2198 488 2232 alienigena:
511 2197 690 2224 incircumcisi
714 2198 791 2224 istius
802 2197 836 2225 "'.
866 2197 914 2224 His
939 2198 1010 2224 enim

1070 1599 1136 1630 Θεὸς
1152 1600 1199 1626 καὶ
1215 1599 1364 1634 κατέστησε
1385 1600 1551 1634 ποιμαίνειν
1571 1598 1671 1626 Ἰακὼϐ
1679 1599 1733 1625 τὸν
1744 1599 1855 1626 δοῦλον

1069 1645 1162 1672 αὑτοῦ
1183 1646 1231 1672 καὶ
1248 1645 1366 1679 Ἰσραὴλ
1388 1645 1444 1679 τὴν
1464 1645 1668 1679 κληρονομίαν
1686 1644 1789 1672 αὑτοῦ.
1811 1644 1855 1677 Ὧς

1069 1692 1123 1728 γὰρ
1137 1692 1251 1727 δοκιμὴν
1268 1691 1402 1718 δεδωκότα
1415 1692 1442 1717 ἐν
1458 1692 1491 1726 τῇ
1503 1691 1557 1717 τῶν
1574 1691 1677 1725 ἀλόγων
1689 1691 1855 1726 θρεμμάτων

1069 1739 1245 1773 ποιμαντικῇ,
1265 1738 1312 1764 ἐπὶ
1325 1737 1374 1772 τὴν
1394 1737 1577 1772 λογικωτέραν
1592 1737 1706 1773 καθίστη
1725 1737 1852 1773 ποίμνην.

1070 1784 1163 1816 Ὅπως
1187 1784 1208 1810 δ’
1229 1784 1370 1818 ἐποίμαινε
1394 1782 1428 1809 τὰ
1452 1782 1598 1818 θρέμματα
1625 1783 1744 1818 παρίστη
1768 1783 1854 1817 λέγων

1069 1829 1148 1860 αὐτὸς
1161 1829 1226 1864 πρὸς
1236 1829 1281 1855 τὸν
1295 1828 1382 1855 Σαούλ
1394 1837 1400 1843 ·
1415 1829 1582 1863 Ποιμιιίνων
1593 1826 1632 1863 ἦν
1646 1830 1662 1855 ό
1673 1827 1784 1861 δοῦλός
1797 1835 1854 1855 σου

1068 1875 1108 1907 τῷ
1124 1875 1211 1908 πατρὶ
1226 1873 1318 1902 αὑτοῦ
1332 1875 1366 1900 ἐν
1383 1874 1422 1906 τῷ
1438 1874 1564 1908 ποιμνίῳ
1574 1882 1580 1888 '
1598 1873 1646 1900 καὶ
1663 1874 1736 1900 ὅταν
1746 1874 1854 1908 ἤρχετο

1069 1922 1085 1947 ο
1097 1921 1173 1947 λέων
1184 1915 1206 1955 ἢ
1218 1919 1365 1955 ἄρκος-(1),
1374 1919 1421 1945 καὶ
1435 1918 1582 1953 ἐλάμϐανε
1594 1919 1742 1952 πρόϐατον
1753 1919 1788 1945 ἐκ
1799 1918 1854 1953 τῆς

1067 1966 1188 2002 ἀγέλης,
1204 1966 1251 1993 καὶ
1264 1965 1486 2000 ἐξεπορευόμην
1496 1966 1592 1992 ὀπίσω
1601 1964 1705 1998 αὑτοῦ,
1719 1964 1767 1991 καὶ
1781 1965 1839 1992 erui

1067 2013 1142 2044 ταξα
1152 2012 1254 2043 αὑτὸν,
1263 2012 1311 2039 καὶ
1322 2011 1479 2044 ἐξέσπασα
1489 2011 1522 2037 ἐκ
1534 2010 1586 2037 τοῦ
1594 2011 1742 2044 στόματος
1749 2009 1851 2037 αὐτοῦ.

1067 2059 1121 2086 Καὶ
1136 2059 1317 2085 ἐπανίστατο
1333 2058 1378 2084 ἐπ’
1398 2057 1461 2092 ἐμὲ,
1475 2057 1523 2084 καὶ
1549 2057 1701 2091 ἐκράτησα
1723 2056 1777 2083 τοῦ
1797 2056 1853 2092 φά-

1063 2114 1175 2140 ρυγγος
1187 2104 1290 2135 αὑτοῦ,
1300 2104 1347 2130 καὶ
1359 2103 1493 2135 ἐπάταξα
1504 2103 1551 2129 καὶ
1566 2101 1740 2129 ἐθανάτωσα
1749 2101 1852 2132 αὐτὸν,

1067 2151 1115 2177 καὶ
1128 2151 1181 2176 τὸν
1195 2151 1304 2177 λέοντα
1320 2149 1369 2176 καὶ
1388 2148 1446 2182 τὴν
1465 2148 1557 2183 ἄρκον
1570 2147 1698 2174 ἔτυπτεν
1711 2148 1727 2173 ό
1743 2145 1854 2179 δοῦ.Ιός

1066 2204 1134 2222 σου.
1148 2195 1202 2222 Kal
1218 2195 1303 2221 ἔσται
1315 2195 1331 2221 ὁ
1341 2194 1515 2227 ἀλλόφυλος
1527 2193 1543 2218 ὁ
1551 2191 1748 2225 ἀπερίτμητος
1760 2190 1800 2222 ὡς
1811 2187 1854 2221 εἴς

222 2251 286 2271 cum
302 2243 363 2270 ﬁdei
382 2247 409 2270 et
425 2242 538 2278 pietatis
558 2249 616 2269 sua“:
641 2242 860 2276 experimentum
879 2241 1010 2274 dedisset,

1069 2243 1187 2273 τούτων,
1207 2241 1241 2274 ὃς
1251 2240 1388 2267 ὠνείδισε
1401 2237 1563 2273 παρατάξει
1578 2237 1652 2265 Θεοῦ
1670 2236 1787 2269 ζῶντος.
1800 2235 1853 2263 Kal

223 2297 331 2318 necnon
352 2288 531 2324 providentiae
549 2295 632 2323 quam
648 2288 682 2316 de
704 2288 850 2322 pecoribus
867 2287 919 2314 sibi
937 2295 1012 2314 com-

222 2336 315 2364 missis
328 2336 449 2371 gerebat,
467 2335 539 2363 Deus
555 2335 638 2370 elegit
651 2341 713 2361 eum
729 2339 756 2361 et
777 2333 810 2360 ad
826 2333 969 2368 imperium
983 2333 1011 2360 in

223 2382 428 2409 raliouabiliora
445 2388 544 2417 pecora
561 2380 694 2416 provexit.
712 2380 760 2407 ille
777 2387 842 2406 vero
862 2379 914 2407 sibi
935 2386 1011 2406 com-

223 2429 322 2456 missos
335 2428 452 2463 populos
471 2436 525 2455 non
542 2427 701 2458 crudeliter,
725 2434 778 2454 non
793 2425 871 2457 dure,
892 2434 947 2453 non
965 2434 1013 2453 su-

223 2474 325 2508 perbe,
360 2474 408 2501 sed
437 2474 465 2500 in
499 2473 658 2501 innocentia
691 2473 783 2500 cordis
812 2472 855 2500 sui
884 2473 1012 2506 pascebat

224 2519 319 2554 (Vsus.
336 2519 394 2553 72);
418 2521 488 2552 sive,
501 2520 653 2547 secundum
681 2519 807 2554 Aquilam
826 2522 863 2546 .ct
885 2518 1012 2554 Symma-

223 2566 316 2596 chum,
334 2566 476 2592 secundum
492 2566 688 2600 simplicitatem
705 2565 792 2592 cordis
810 2566 864 2593 sui.
881 2564 915 2591 Et
931 2565 957 2591 in
970 2565 1012 2591 in-

223 2612 369 2640 tellectibus
383 2621 509 2640 ntanuum
529 2622 640 2641 suarum
661 2613 769 2640 deduxit
782 2622 837 2641 eos.
855 2612 1011 2640 Secundum

223 2659 348 2693 Aquilam
370 2666 446 2690 vero,
465 2658 498 2685 Et
518 2660 546 2686 in
569 2660 709 2694 prudentia
728 2660 878 2695 palmarum
899 2667 1010 2686 suarum

221 2703 329 2730 deduxit
346 2711 407 2735 eos;
424 2704 573 2730 secundum
587 2704 791 2739 Syuunachum,
810 2705 844 2731 Et
866 2703 1008 2732 secundum

221 2750 363 2782 puritatem
388 2757 516 2776 manuum
539 2757 648 2776 suarum
665 2751 773 2778 deduxit
796 2759 850 2778 eos.
876 2749 1008 2777 Pascebat

222 2795 313 2829 itaque
336 2795 419 2822 David
439 2795 588 2822 humanum
615 2797 832 2832 rationabilcquc
852 2796 941 2828 ovile;
959 2795 1007 2823 sed

257 2843 278 2858 ⁸⁵
295 2842 361 2869 ch.
381 2850 429 2873 xu,
444 2841 486 2868 22.
509 2842 532 2858 ⁸⁸
544 2841 644 2871 Ezech.
663 2851 688 2877 γ,
705 2843 731 2870 5.
771 2843 792 2859 "
808 2844 817 2871 1
833 2842 900 2878 Reg.
921 2850 988 2875 xvu,
1005 2842 1049 2870 54.

259 2893 296 2927 ll)
318 2892 443 2928 Ἄρκτος.

1066 2286 1130 2315 εἷπε
1143 2287 1233 2314 Δαυΐδ
1243 2296 1249 2302 ·
1264 2287 1380 2321 Κύριος,
1396 2285 1430 2318 ὃς
1443 2284 1580 2317 ἐξείλατό
1590 2291 1629 2318 με
1643 2283 1676 2309 ἐκ
1689 2282 1789 2317 χειρὸς
1801 2280 1853 2308 τοῦ

1064 2333 1189 2366 λέοντος
1203 2332 1252 2359 καὶ
1264 2333 1298 2359 ἐκ
1309 2331 1408 2367 χειρὸς
1423 2330 1478 2364 τῆς
1490 2330 1595 2364 ἄρκου.
1607 2327 1696 2361 οὗτος
1707 2326 1854 2360 ἐξελεῐταί

1062 2387 1101 2412 με
1117 2378 1151 2404 ἐκ
1175 2377 1274 2412 χειρὸς
1296 2376 1349 2403 τοῦ
1373 2376 1553 2409 ἀλλοφύλου
1575 2374 1630 2401 τοῦ
1652 2373 1853 2408 ἀπεριτμήτου

1065 2424 1182 2451 τούτου.
1199 2423 1247 2449 Διὰ
1262 2422 1317 2458 γὰρ
1335 2421 1437 2448 τούτων
1453 2421 1566 2456 δοκιμὴν
1584 2419 1721 2446 δεδωκότα
1737 2418 1854 2449 πίστεως

1066 2470 1112 2497 καὶ
1123 2469 1274 2500 εὐσεϐείας,
1289 2469 1338 2503 τῆς
1349 2476 1379 2494 τε
1393 2468 1447 2493 τῶν
1461 2467 1506 2493 ὑπ’
1520 2466 1600 2492 αὑτὸν
1614 2465 1780 2501 θρεμμάτων
1793 2463 1854 2491 ἀλό-

1065 2526 1121 2552 γων
1135 2516 1274 2552 προνοίας,
1286 2514 1426 2548 ἐξελέξατο
1438 2513 1504 2545 Θεὸς
1516 2514 1562 2539 καὶ
1576 2513 1733 2548 προήγαγεν
1745 2511 1793 2537 ἐπὶ
1804 2511 1853 2546 τὴν

1064 2564 1118 2590 τῶν
1133 2562 1320 2597 λογικωτέρων
1337 2560 1503 2596 θρεμμάτων
1525 2559 1624 2595 ἀρχὴν.
1645 2559 1673 2587 ’0
1695 2558 1739 2590 δὲ,
1757 2557 1853 2584 ὑποδε-

1066 2609 1180 2644 ξάμενος
1190 2609 1252 2639 τοὺς
1268 2607 1469 2643 παραδοθέντας
1486 2604 1571 2640 αὐτῷ,
1583 2606 1633 2631 οὐκ
1650 2602 1774 2639 ἀπηνῶς,
1791 2601 1852 2629 οὐδὲ

1066 2656 1200 2692 σκληρῶς,
1213 2655 1273 2682 οὐδὲ
1287 2653 1480 2690 ὑπερηφάνως.
1494 2652 1550 2679 ἀλλ’
1564 2653 1592 2678 ὲν
1603 2650 1706 2686 ἀκακία
1718 2650 1768 2685 τῆς
1786 2656 1852 2684 χαρ-

1063 2703 1122 2734 δίας
1133 2701 1216 2729 αὑτοῦ
1227 2702 1386 2737 ἐποίμαινεν
1395 2699 1504 2730 αὐτούς·
1514 2698 1530 2734 ἢ
1539 2698 1609 2725 κατὰ
1621 2698 1666 2724 τὸν
1674 2695 1791 2723 Ἀκύλαν
1804 2694 1850 2721 καὶ

1063 2749 1220 2785 Σύμμαχον,
1229 2748 1302 2774 κατὰ
1307 2757 1325 2774 -τ
1332 2747 1347 2781 ὴ
1352 2756 1369 2774 ν
1380 2747 1534 2779 ἁπλότητα
1546 2744 1600 2779 τῆς
1611 2743 1734 2778 καρδίας
1744 2740 1846 2768 αὐτοῦ.

1063 2796 1116 2824 Kal
1133 2796 1166 2822 ἐν
1180 2795 1243 2827 ταῖς
1261 2793 1408 2821 συνέσεσι
1425 2792 1483 2819 τῶν
1500 2791 1608 2826 χειρῶν
1625 2788 1717 2817 αὐτοῦ
1734 2785 1847 2822 ὡδήγη-
