2024 3214
154 183 202 212 9η

718 176 971 207 COMMENTARIA
992 176 1024 203 IN
1045 173 1214 203 PSALMOS.
1236 164 1267 197 Ἴ
1286 158 1312 194 ὀ

1725 174 1778 202 me

152 247 208 267 σεν
220 238 340 270 αὐτούς.
357 237 436 264 Κατὰ
449 237 477 263 δὲ
491 237 535 263 τὸν
554 236 680 267 Ἀκύλαν,
703 236 756 263 Καὶ
775 236 810 262 ὲν
829 234 940 269 φρονή-

995 240 1048 260 non
1066 233 1093 259 in
1116 231 1250 266 sapientia
1264 231 1395 263 humana,
1417 240 1471 259 non
1492 231 1634 266 prudentia
1650 234 1759 268 propria
1771 254 1778 264 ,

153 291 220 311 trem
239 282 358 316 ταρσῶν
378 282 471 309 αὑτοῦ
491 282 706 317 καθωδήτησεν
727 281 847 313 αὐτούς.
863 280 941 307 Κατὰ

152 330 180 357 δὲ
191 330 236 356 τὸν
255 329 413 364 Σύμμαχον,
425 329 478 355 Kal
494 328 569 355 κατὰ
593 328 650 361 τὴν
665 328 862 361 καθαριότητα
883 326 942 353 τῶν

153 375 258 412 χειρῶν
271 375 364 402 αὑτοῦ
378 374 536 409 ὡδήγησεν
547 374 666 406 αὐτούς.
682 373 839 408 Ἐποίμαινε
853 372 941 399 τοίνυν

154 423 168 449 ὁ
180 421 261 450 Aut/£5
277 421 326 457 τὴν
344 420 517 456 ἀνθρωπίνην
541 420 587 446 καὶ
605 419 716 455 λογικὴν
734 419 867 454 τονλίμνην⁸
884 418 942 445 ἀλλ’

152 469 201 495 οὐκ
217 469 246 495 ὲν
264 467 346 503 σοφία
364 467 534 503 ἀνθρωπίνῃ,
548 465 608 492 οὐδὲ
620 467 649 491 ὲν
660 467 693 500 τῇ
711 464 807 492 ἑαυτοῦ
826 463 943 492 συνέσει,

153 514 208 541 ἀλλ’
220 515 250 540 ὲν
263 513 364 548 ἀκακία
379 513 426 540 καὶ
441 512 584 547 ἁπλότητι,
603 512 652 547 τὴν
669 511 758 538 πᾶσαν
780 509 940 545 ἐγχειρίζων

151 559 190 595 ’ξῷ
203 559 264 594 Θεῷ
281 559 419 595 φροντίδα.
444 558 499 593 Τήν
514 566 546 592 γε
565 557 618 592 μὴν
644 556 740 583 ἑαυτοῦ
765 556 872 582 σύνεσιν
897 554 941 581 διὰ

152 605 206 631 τῶν
224 604 325 640 χειρῶν
338 603 522 635 ἐπεδείκνυτο,
540 603 663 629 τουτέστι
683 602 726 628 διὰ
743 601 798 628 τῶν
815 601 942 638 πράξεων

153 651 198 678 καὶ
209 650 253 677 διὰ
265 650 312 677 τοῦ
325 650 394 685 βίου,
407 650 454 676 καὶ
466 649 516 684 τῆς
528 648 624 683 λοιπῆς
637 647 783 678 πολιτείας.
794 647 848 673 Καὶ
862 647 941 682 μέχρι

152 695 246 722 τούτου
269 695 375 721 ἵσταται
398 695 432 721 τὰ
452 695 501 729 τῆς
517 693 657 729 παρούσης
678 692 841 723 ὑποθέσεως,
858 700 942 726 κατη-

153 742 247 778 γορίαν
259 741 421 777 περιέχοντα
430 741 480 775 τῆς
490 740 537 766 τοῦ
556 740 688 766 Ἰουδαίων
701 738 766 765 λαοῦ
779 737 938 773 μοχθηρίας,

151 788 323 815 διδασκαλίαν
339 797 366 814 τε
383 787 431 822 τῆς
447 787 494 813 τοῦ
508 787 575 813 Θεοῦ
590 785 780 822 μακροθυμίας
793 785 836 812 διὰ
849 785 899 816 τὰς
911 785 939 810 ἐν

995 278 1042 305 sed
1060 278 1087 304 in
1106 276 1261 303 innocentia
1279 281 1306 302 et
1321 277 1505 310 simplicit:.te,
1524 281 1607 303 lotam
1620 277 1781 304 euramDeo

995 323 1180 354 committens,
1202 329 1279 348 suam
1291 328 1356 348 vero
1371 322 1576 356 intelligentiam
1592 323 1735 355 manibus.
1753 323 1780 350 id

995 373 1038 397 est
1057 368 1197 403 operibus.
1211 369 1274 395 vitae
1294 375 1392 402 genere
1405 371 1432 394 et
1445 368 1550 402 reliquo
1569 369 1694 396 instituto
1706 377 1782 396 com-

994 415 1174 442 monstrahat.
1193 413 1225 440 Et
1241 414 1294 440 huc
1309 413 1411 440 desinit
1432 421 1551 448 praesens
1577 418 1779 449 argumentum,

995 459 1179 496 improbitatis
1201 459 1308 487 Judaici
1332 459 1425 495 populi
1446 461 1648 488 accusationem
1667 461 1781 488 divinam

994 514 1046 542 que
1062 506 1198 541 patientia:
1213 505 1365 533 doctrinam
1377 506 1572 540 complectens,
1588 508 1780 534 concinnatum

995 554 1028 578 ait
1045 552 1205 586 pra‘positas
1222 551 1356 585 quasdam
1379 551 1478 579 dubias
1494 559 1585 584 voces,
1598 553 1630 579 ad
1648 561 1716 587 quas
1730 561 1780 580 ceu

993 598 1117 626 defensio
1131 598 1255 632 quamam
1269 597 1336 630 justi
1353 597 1398 625 Dei
1412 597 1508 632 judicii
1527 599 1684 625 necessario
1703 599 1782 626 insti-

993 640 1089 672 tuitur.
1110 643 1173 671 Haec
1187 651 1268 679 porro
1281 645 1373 670 omnia
1399 651 1459 674 nos.
1476 644 1522 679 qui
1538 652 1570 671 ex
1590 645 1716 679 gentibus
1737 653 1783 672 su-

995 699 1067 722 mus.
1081 691 1207 718 Christus
1225 690 1271 717 Dei
1293 691 1398 722 edocet,
1413 690 1510 724 priscis
1529 691 1662 725 exemplis
1683 699 1733 718 nos
1748 691 1782 718 ad

995 736 1098 772 frugem
1116 743 1258 767 revocans,
1276 739 1305 762 ut
1322 735 1399 762 initio
1415 736 1551 762 sermonis
1566 736 1669 763 dictum
1694 743 1709 762 a
1731 744 1782 765 no-

994 784 1036 810 bis
1053 787 1104 810 est.

153 834 208 865 τοῖς
227 833 384 869 ἔμπροσθεν
403 833 618 868 ἐπηπορημένας
639 832 741 867 φωνὰς,
759 831 827 867 πρὸς
843 830 876 862 ἃς
887 831 980 866 ὥσπερ
999 830 1131 864 ἀπολογία
1147 838 1189 861 τις
1222 829 1376 863 ἀναγκαίως
1394 829 1571 864 ἐπενήνεκται
1588 830 1637 865 τῆς
1652 830 1699 856 τοῦ
1715 829 1783 857 θεοῖ

154 880 360 916 δικαιοκρισίας.
377 880 469 907 Ταῦτα
486 880 514 906 δὲ
534 880 623 907 πάντα
641 880 714 915 ἡμᾶς
737 879 800 910 τοὺς
824 878 853 911 ἐξ
874 878 958 904 ἐθνῶν
977 879 991 905 ὁ
1012 877 1130 913 Χριστὸς
1152 876 1200 903 τοῦ
1217 877 1285 903 Θεοῦ
1305 875 1435 907 παιδεύει,
1460 876 1633 911 σωφρονίζων
1652 877 1725 912 ἡμᾶς
1740 876 1784 904 διὰ

153 927 207 954 τῶν
223 927 344 954 παλαιῶν
360 926 600 962 παραδειγμάτων,
618 926 711 960 ὧσπερ
722 923 768 952 οὖν
781 924 942 960 ἀρχομένοις
961 925 1027 959 ἡμῖν
1043 923 1151 958 εἴρηται
1165 923 1210 949 τοῦ
1227 922 1318 957 λόγον.

341 983 486 1010 ΨΛΛΜΟΣ
505 983 548 1018 Τῼ
568 982 664 1008 ΔΣΛΦ.
685 982 749 1008 Ull’.

193 1029 224 1056 '0
246 1029 328 1062 θεὸς,
345 1029 482 1063 ἤλθοσιιν
502 1029 575 1062 ἔθνη
594 1030 637 1062 είς
660 1027 717 1061 τὴν
739 1027 942 1062 κληρονομίαν

153 1084 220 1109 σου,
240 1076 366 1110 ἐμίαναν
391 1075 444 1101 τὸν
469 1074 544 1101 ναὸν
566 1075 619 1101 τὸν
634 1075 720 1109 ἅγιόν
747 1082 825 1106 σου,
841 1074 944 1100 ἔθεντο

158 1120 352 1155 Ἰερουσιιίὶιμ
365 1121 408 1152 εὶς
420 1119 678 1156 ὁπωρομυνζιὶκιον.
693 1120 754 1146 Ὅτι
767 1119 820 1155 πρὸ
837 1119 883 1146 τοῦ
897 1119 943 1145 τὸν

153 1166 214 1194 ναδν
236 1166 444 1202 οίκοδομηθῆναι
473 1166 518 1192 τὸν
541 1167 569 1193 ὲν
591 1166 776 1201 Ἰερουσαλὴμ,
795 1166 905 1200 γέγονεν
930 1166 944 1192 ὁ

159 1211 244 1246 Ἀσὰφ
260 1211 298 1247 τῷ
313 1211 393 1238 Δαυῖό
409 1212 595 1247 συνακμάσας,
611 1211 688 1246 δῆλον
704 1213 736 1238 ὲκ
747 1212 796 1246 τῆς
814 1211 942 1247 ἱστορίας.

154 1257 331 1293 Προφητικῶς
348 1255 394 1284 οὖν
413 1257 447 1284 τὰ
465 1257 595 1292 μέλλοντα
617 1259 730 1292 μακροῖς
755 1257 866 1293 ὕστερον
882 1257 944 1292 χρό-

153 1312 207 1334 νοις
231 1302 418 1338 συμϐήσεσθαι
440 1303 487 1329 καὶ
508 1302 552 1329 διὰ
579 1303 633 1329 τῶν
651 1303 794 1338 παρόντων
810 1302 941 1336 θεσπίζει.

160 1348 238 1374 Ἀλλὰ
248 1348 292 1375 διὰ
308 1348 356 1383 μὲν
373 1347 419 1374 τοῦ
439 1351 458 1373 o’
477 1348 523 1374 καὶ
539 1347 562 1382 γ’
581 1349 629 1384 τὴν
643 1348 760 1383 ὑστάτην
775 1348 824 1383 τῆς
841 1348 943 1380 πόλεως

154 1394 252 1422 ἅλωσιν
266 1395 369 1421 καὶτὸν
385 1394 497 1430 ἔσχατον
514 1395 669 1430 ἀφανισμὸν
686 1395 732 1421 τοῦ
749 1395 823 1427 ναοῦ,
839 1395 884 1421 τὸν
897 1396 942 1422 ἐπὶ

159 1439 302 1476 Ῥωμαίων
317 1441 460 1476 γενόμενον
489 1441 558 1475 μετὰ
583 1441 632 1475 τὴν
654 1440 723 1467 κατὰ
748 1441 794 1467 τοῦ
819 1441 942 1477 Σωτῆρος

154 1486 232 1521 ἡμῶν
245 1486 345 1522 τόλμαν
364 1487 418 1514 τῶν
432 1487 592 1523 οἰκητόρων,
608 1487 805 1522 προανεφὼνει,
821 1487 858 1519 ὡς
875 1497 942 1523 προ-

154 1533 356 1564 αποδέδεικται·
370 1533 414 1560 διὰ
436 1534 463 1560 δὲ
479 1534 533 1565 τῶν
551 1533 619 1569 μετὰ
641 1535 733 1569 χεῖρας
750 1534 942 1570 ἐπεληλυθέναι

156 1581 204 1616 μὲν
220 1579 282 1616 ἔθνη
294 1576 337 1616 δτῇ
353 1580 519 1616 κληρονομίᾳ
538 1580 585 1607 τοῦ
608 1580 685 1613 Θεοῦ,
705 1581 751 1607 καὶ
772 1581 816 1607 τὸν
830 1582 857 1607 εν
873 1581 940 1616 αύτῇ

155 1626 222 1653 νεὼν
235 1627 427 1662 μεμιαγχέναι,
447 1627 532 1661 αὑτήν
547 1635 576 1653 τε
593 1627 642 1662 τὴν
657 1627 733 1653 πόλιν
750 1627 788 1658 είς
800 1626 942 1663 ὀττωροφυ-

153 1672 246 1699 λάκιον
262 1671 412 1699 τεθεικέναι
427 1673 553 1708 σημαίνει
566 1681 572 1687 ·
591 1672 621 1698 ού
645 1672 696 1708 μὴν
711 1673 778 1707 πνρὶ
799 1673 945 1708 παραδεδό-

156 1717 216 1744 σθαι
227 1717 273 1744 τὸν
286 1718 379 1749 τόπον,
388 1718 448 1744 οὐδὲ
461 1718 572 1744 τοιαῦτα
583 1718 746 1745 πεπονθέναι
758 1719 837 1744 ὁποῖα
852 1718 945 1754 ἐδήλου

155 1762 197 1789 διὰ
207 1763 255 1789 τοῦ
267 1763 533 1799 προλεχθέντος.Ἐτι
543 1764 571 1790 δὲ
583 1764 626 1790 διὰ
637 1764 683 1790 τοῦ
694 1764 825 1799 παρόντος
837 1763 946 1799 προστί-

156 1807 244 1842 θησιν,
253 1808 291 1840 ὡς
306 1809 359 1844 ἄρα
370 1810 394 1836 οἱ
408 1810 451 1836 τον
461 1810 543 1836 τόπον
557 1810 701 1845 μιάναντες
717 1810 829 1842 πολλοὺς
842 1811 945 1836 ἀνεῖλον

155 1853 244 1886 ὁσίους
254 1854 350 1890 ἄνδρας
363 1854 409 1880 καὶ
419 1854 485 1880 Θεοῦ
498 1854 606 1886 δούλους
616 1864 622 1870 ·
635 1852 672 1882 ὦν
687 1855 721 1882 τὰ
732 1855 816 1891 νεκρὰ
832 1855 946 1891 σώματα

157 1898 194 1935 μὴ
205 1900 431 1935 συγχωρήσαντες
441 1901 473 1935 τῇ
490 1899 560 1926 κατὰ
572 1900 652 1935 φύσιν
665 1900 850 1936 παραδοθῆναι
861 1902 943 1936 ταφῇ,

155 1946 209 1976 τοῖς
226 1947 358 1977 πετεινοῖς
383 1946 430 1972 τοῦ
452 1945 566 1982 οὐρανοῦ
585 1945 666 1981 βορὰν
689 1947 789 1974 ἔθεντο.
804 1947 894 1974 Ταῦτα
917 1947 946 1974 δὲ

155 1989 206 2016 οὐκ
227 1990 260 2017 ἂν
277 1990 367 2026 εὕροις
395 1991 551 2026 πραχθέντα
574 1993 635 2019 οὒτε
660 1992 730 2019 κατὰ
753 1993 803 2029 τὴν
823 1993 946 2029 ὑστάτην

157 2035 314 2072 πολιορκίαν
333 2036 379 2062 τοῦ
394 2037 493 2063 τόπου·
511 2038 573 2064 ἐπεὶ
592 2039 658 2074 μηδὲ
679 2040 800 2075 ὑπῆρχεν
816 2041 871 2071 τοῖς
885 2040 944 2066 τότε

158 2081 221 2117 παρ’
232 2082 323 2113 αὐτοῖς
336 2082 430 2115 ὁσίοις,
446 2083 499 2109 τῶν
513 2084 560 2119 τὴν
578 2085 653 2111 πόλιν
665 2085 820 2117 οἰκούντων,
832 2086 945 2113 ἀνοσίων

157 2127 202 2152 καὶ
216 2126 322 2153 ἀσεϐῶν
339 2127 465 2154 ἁπάντων
480 2129 628 2163 γεγονότων
643 2129 686 2156 διὰ
701 2131 735 2157 τὰ
748 2131 818 2157 κατὰ
830 2131 876 2157 τοῦ
890 2131 946 2157 Σω-

156 2171 238 2207 τῆρος
255 2172 333 2208 ἡμῶν
359 2173 428 2200 κατά
450 2183 479 2200 τε
495 2175 549 2201 τῶν
573 2175 729 2202 ἀποστόλων
752 2176 834 2203 αὐτοῦ
854 2177 944 2203 τετολ-

159 2219 266 2254 μημένα
293 2219 395 2251 αὐτοῖς.
416 2220 483 2246 Ἀλλ’
502 2221 561 2247 οὐδὲ
588 2221 635 2247 ἐπὶ
655 2223 703 2258 τῆς
730 2223 770 2254 εἰς
797 2223 945 2251 Βαϐυλῶνα

157 2263 344 2298 αἰχμαλωσίας
369 2264 460 2300 εὕροις
475 2266 508 2292 ἂν
530 2266 564 2292 τὰ
589 2266 657 2302 μετὰ
682 2268 775 2303 χεῖρας
794 2269 942 2304 γενόμενα·

1089 979 1113 1007 ι.
1134 978 1296 1006 PSALMUS
1315 977 1381 1006 IPSI
1400 978 1525 1005 ASAPH.
1545 977 1689 1005 LXXVIII.

1033 1024 1116 1058 Deus,
1129 1024 1252 1052 venerunt
1272 1029 1360 1060 gentes
1376 1025 1402 1050 in
1417 1024 1596 1051 ha-reditalem
1617 1028 1706 1055 tuam,
1727 1024 1785 1058 pol-

996 1070 1100 1097 luerunt
1117 1071 1241 1105 (emplum
1259 1075 1380 1097 sanctum
1398 1076 1486 1101 tuum.
1503 1076 1646 1105 posuerunt
1670 1069 1784 1096 Jerusa-

996 1117 1045 1143 lem
1071 1117 1096 1143 in
1119 1125 1257 1151 pomorum
1283 1116 1445 1144 custodiam.
1472 1117 1550 1149 Quod
1570 1122 1633 1143 ante
1648 1116 1740 1150 templi
1758 1117 1784 1142 in

995 1160 1165 1196 Jerosolyma
1189 1162 1423 1188 constrmtionem
1439 1161 1529 1196 Asaph
1545 1161 1657 1198 :equalis
1674 1165 1701 1187 ct
1716 1168 1785 1187 cozc—

995 1211 1095 1234 laneus
1112 1206 1204 1233 Davidi
1222 1206 1323 1239 fuerit,
1341 1215 1372 1234 ex
1390 1207 1503 1234 historia
1523 1207 1633 1241 planum
1648 1212 1700 1234 est.
1717 1205 1785 1233 Pro-

996 1252 1103 1287 phetice
1128 1259 1194 1287 ergo
1215 1260 1276 1288 qua:
1291 1252 1424 1280 diuturno
1439 1257 1501 1287 post
1515 1258 1638 1287 tempore
1652 1256 1785 1279 eventura

994 1301 1072 1324 erant
1095 1298 1122 1324 in
1146 1299 1275 1332 prmsenti
1298 1299 1474 1325 vaticinatur.
1499 1298 1552 1326 Sed
1571 1299 1597 1325 in
1616 1306 1702 1325 uxnt
1720 1298 1783 1332 qui-

994 1343 1071 1376 dem,
1087 1347 1256 1379 postremum
1274 1345 1351 1372 urbis
1366 1345 1503 1371 excidium
1515 1365 1521 1376 ,
1539 1349 1565 1372 et
1581 1345 1704 1371 ultimam
1720 1348 1786 1371 tem-

994 1390 1030 1425 pli
1055 1391 1161 1417 ruinam
1176 1398 1236 1425 qua:
1251 1391 1302 1417 sub
1323 1389 1454 1417 Romanis
1479 1396 1539 1425 post
1565 1391 1665 1418 civium
1682 1390 1743 1425 ejus
1757 1390 1785 1416 in

1000 1435 1168 1463 Salvatorcm
1186 1440 1311 1464 nostrum
1327 1444 1411 1463 ausus
1424 1436 1556 1472 contigit,
1571 1437 1786 1471 prmnuntiabtit,

994 1487 1024 1509 ut
1037 1483 1166 1518 superius
1181 1483 1388 1518 comprobatum
1403 1489 1454 1509 est.
1472 1483 1500 1510 In
1516 1484 1643 1518 praesenti
1659 1491 1724 1509 vero
1740 1491 1786 1510 vc-

994 1529 1069 1556 nisse
1081 1529 1190 1563 quidem
1206 1534 1302 1564 gentes
1319 1529 1344 1555 in
1363 1529 1550 1556 ha‘rcditatetn
1568 1528 1634 1561 Dei,
1652 1529 1786 1564 templum

994 1575 1065 1610 quod
1078 1575 1106 1602 in
1120 1581 1151 1602 ea
1163 1578 1221 1602 erat
1235 1575 1376 1610 polluisse,
1392 1575 1534 1610 ipsamque
1545 1576 1639 1603 urbem
1654 1576 1681 1602 in
1697 1583 1789 1610 pomo-

993 1628 1054 1647 rum
1066 1619 1218 1648 custodiam
1231 1621 1356 1655 posuisse
1369 1620 1506 1655 signiﬁrat
1519 1630 1526 1654 ;
1541 1629 1628 1655 neque
1642 1624 1735 1647 tamen
1750 1621 1787 1647 ait

996 1666 1051 1702 igni
1078 1667 1208 1694 traditum
1232 1668 1322 1693 locum
1350 1667 1450 1700 fuisse,
1468 1675 1556 1702 neque
1578 1667 1640 1694 talia
1656 1675 1786 1702 passum,

997 1714 1089 1748 qualia
1107 1713 1133 1740 in
1154 1713 1285 1747 przedicto
1301 1713 1409 1747 psalmo
1425 1713 1564 1740 narrabat.
1581 1713 1662 1740 Addit
1676 1714 1789 1748 insuper

998 1758 1025 1785 in
1040 1759 1184 1793 praesenti,
1201 1766 1248 1786 cos
1265 1759 1312 1793 qui
1327 1758 1418 1785 locum
1435 1758 1608 1793 polluerunt,
1626 1759 1727 1786 multos
1742 1767 1789 1786 oc—

997 1804 1098 1832 cidisse
1117 1805 1190 1831 viros
1207 1808 1319 1831 sanctos
1335 1807 1361 1831 et
1378 1804 1424 1831 Dei
1440 1810 1534 1832 servos
1548 1814 1553 1831 :
1574 1812 1690 1839 quorum
1714 1812 1788 1832 mor-

997 1855 1044 1878 tua
1059 1858 1171 1885 corpora
1189 1858 1242 1876 non
1257 1850 1379 1877 sinentes
1396 1850 1516 1877 naturali
1534 1851 1682 1885 sepultura:
1695 1851 1766 1878 tradi
1778 1871 1785 1883 ,

997 1897 1025 1924 in
1038 1904 1128 1924 eseam
1141 1896 1299 1923 volatilibus
1313 1896 1375 1923 coeli
1393 1901 1554 1932 posuerunt.
1573 1896 1633 1923 Hice
1645 1905 1727 1932 porro
1741 1906 1788 1932 ge-

998 1948 1039 1972 sta
1061 1951 1115 1969 non
1136 1942 1330 1977 deprehendas
1351 1943 1377 1970 in
1395 1947 1534 1978 postrema
1553 1944 1604 1970 loci
1621 1944 1784 1972 obsidione:

997 1989 1063 2024 quia
1085 1989 1141 2016 hmc
1157 1997 1209 2015 non
1223 1989 1349 2016 accidere
1362 1990 1428 2017 \'|l'ls
1445 1989 1550 2017 sanctis
1564 1991 1610 2025 qui
1627 1999 1667 2025 pet
1680 1999 1709 2018 es
1726 1992 1786 2019 illos

996 2039 1085 2063 erant.
1115 2034 1134 2062 li
1164 2043 1282 2070 namque
1310 2035 1355 2070 qui
1371 2037 1464 2063 urbem
1493 2037 1649 2064 incolebant
1678 2038 1787 2065 scelesti

996 2089 1091 2109 omnes
1106 2085 1133 2108 et
1151 2081 1225 2116 impii
1247 2086 1344 2112 erant.
1362 2082 1397 2109 ob
1419 2090 1484 2110 suos
1500 2084 1526 2110 in
1547 2083 1719 2112 Servatorem
1739 2093 1789 2112 no-

996 2131 1083 2155 strum
1098 2131 1125 2155 et
1140 2128 1167 2154 in
1183 2128 1242 2162 ejus
1256 2129 1394 2163 apostolos
1411 2137 1504 2157 ausus.
1523 2129 1575 2158 Sed
1593 2139 1681 2166 neque
1697 2131 1724 2159 in
1737 2131 1789 2158 lla-

996 2171 1122 2207 bylonica
1147 2172 1306 2207 captivitate
1330 2173 1388 2200 hinc
1412 2173 1482 2202 farta
1505 2178 1645 2210 reperias,
1670 2178 1734 2211 quia
1754 2185 1788 2204 ne

997 2217 1064 2245 tune
1082 2218 1192 2253 quidem
1212 2219 1302 2246 sancti
1324 2223 1350 2247 et
1373 2221 1495 2255 religiosi
1517 2221 1567 2248 viri
1594 2229 1608 2248 a
1632 2222 1788 2258 Babyloniis

996 2262 1126 2290 trucidati
1149 2263 1177 2290 in
1201 2264 1316 2292 historia
1342 2265 1478 2293 feruntur.
1503 2264 1682 2299 Quandonam
1704 2267 1788 2303 igitur

157 2308 216 2357 ius!
230 2309 296 2344 μηδὲ
315 2310 376 2336 τότε
392 2311 481 2343 ὁσίους
494 2311 593 2347 ἄνδρας
609 2313 655 2338 καὶ
675 2312 808 2348 θεοφιλεῖς
822 2314 874 2341 ὑπὸ
890 2314 943 2342 τῶν

999 2309 1055 2335 haec
1071 2309 1180 2344 impleta
1200 2309 1298 2337 fuere?
1318 2310 1376 2338 Non
1393 2316 1480 2346 potest
1499 2312 1573 2339 aliud
1588 2313 1702 2340 indicari
1720 2318 1788 2341 tctu-

157 2352 333 2382 Βαϐυλωνίων
355 2356 507 2392 ἀνῃρῆσθαι
521 2357 538 2392 ἡ
557 2358 661 2393 ἱστορία
681 2359 859 2394 παραδίδωσι.
877 2361 945 2387 Πότε

155 2398 245 2426 τοίνυν
270 2399 420 2436 ἐπληροῦτο
433 2401 537 2436 ταῦτα;
564 2403 620 2429 Οὐκ
648 2402 721 2430 ἔστιν
741 2404 834 2439 ἕτερον
859 2406 946 2431 εἰπεῖν

156 2444 262 2479 χρόνον,
278 2445 294 2480 ἢ
313 2446 358 2473 τὸν
370 2447 417 2472 ἐπὶ
435 2448 581 2483 Ἀντιόχου,
598 2449 658 2475 καθ’
678 2450 735 2485 ὂνὴ
759 2450 812 2477 τῶν
833 2451 947 2478 Μακκα-

157 2489 240 2517 ϐαίων
254 2491 347 2528 γραφὴ
364 2493 398 2520 τὰ
410 2493 478 2528 μετὰ
497 2496 590 2530 χεῖρας
609 2495 795 2532 προλεγόμενα
811 2496 843 2523 δι’
858 2497 946 2532 ἔργων

156 2536 333 2571 κεχωρηκότα
347 2537 475 2566 δείκνυσι.
486 2539 642 2574 Γέγραπται
655 2541 719 2574 γοῦν
735 2542 763 2567 ἐν
774 2542 842 2577 αὐτῇ
853 2542 946 2568 τοῦτον

155 2580 200 2607 τὸν
220 2582 336 2617 τρόπον·
354 2584 408 2610 Καὶ
433 2585 625 2620 ὑπέστρεψεν
654 2587 801 2622 Ἀντίοχος
818 2589 893 2622 μετὰ
913 2590 945 2615 τὸ

157 2627 285 2660 πατάξαι
302 2629 360 2664 τὴν
375 2630 527 2665 Αἴγυπτον
539 2632 574 2658 ἐν
586 2632 626 2665 τῷ
634 2632 661 2666 ρ’
674 2633 723 2660 καί
737 2637 766 2668 μ’
778 2635 827 2661 καὶ
841 2638 864 2669 γ’
876 2635 945 2668 ἔτει,

157 2672 204 2699 καὶ
218 2673 312 2708 ἀνέϐη
322 2674 373 2701 ἐπὶ
387 2676 508 2710 Ἰσραὴλ
520 2677 555 2703 ἐν
568 2678 648 2712 ὄχλῳ
658 2679 762 2713 ,βαρεῖ-
778 2680 828 2706 καὶ
843 2680 946 2715 εἰσῆλ-

156 2718 206 2744 θεν
220 2719 264 2752 εις
280 2720 313 2746 τὸ
330 2721 463 2756 ἀγίασμα
476 2722 512 2749 ἐν
525 2725 724 2758 ὑπερηφανίᾳ.
739 2726 793 2752 Kal
810 2727 899 2753 ἔλαϐε
914 2727 947 2753 τὸ

155 2763 348 2798 θυμιατήριον
375 2766 408 2793 τό
430 2769 577 2801 χρυσοῦν,
591 2769 640 2796 καὶ
665 2770 723 2804 τὴν
741 2772 872 2805 λυχνίαν
893 2772 947 2799 τοῦ

155 2809 261 2842 φωτὸς,
279 2811 329 2837 καί
347 2811 445 2839 πάντα
463 2814 499 2840 τὰ
511 2815 605 2848 σκεύη
617 2816 722 2850 αὐτῆς,
743 2817 792 2843 καὶ
806 2817 862 2852 τὴν
876 2818 943 2852 τρά-

154 2854 246 2885 πεζὶιν
260 2857 315 2891 τῆς
332 2858 516 2892 προθέσεως,
532 2862 581 2888 καὶ
598 2862 634 2888 τὰ
658 2863 788 2890 σπονδιά
798 2883 805 2895 ,
823 2863 871 2890 καὶ
888 2864 941 2896 τὰς

154 2900 281 2936 φιάλας,
307 2904 356 2930 καὶ
383 2905 436 2939 τὰς
463 2906 590 2940 θυΐσκας
605 2906 658 2941 τὰς
680 2908 816 2943 χρυσᾶς,
842 2909 943 2937 καὶτὸ

999 2362 1063 2388 pus,
1090 2355 1142 2381 nisi
1164 2354 1311 2388 Antiochi,
1334 2357 1453 2392 subquo
1476 2357 1694 2385 Machabazorum
1719 2360 1788 2386 scri-

996 2405 1074 2435 ptura
1089 2421 1097 2432 ,
1123 2408 1183 2435 qua:
1207 2401 1251 2428 hic
1276 2404 1496 2436 prsenuntiantur
1517 2404 1666 2439 contigisse
1682 2410 1785 2433 narrat.

997 2445 1133 2482 Scriptum
1150 2448 1243 2482 itaque
1258 2448 1295 2475 ibi
1312 2449 1410 2484 legitur
1424 2459 1429 2476 :
1450 2452 1484 2477 Et
1501 2459 1620 2478 reversus
1636 2457 1675 2478 est
1689 2453 1787 2479 Antio-

995 2493 1074 2526 chus,
1096 2499 1235 2528 postquam
1262 2496 1392 2528 percussit
1409 2495 1573 2532 ‘Egyptum,
1591 2499 1618 2525 in
1641 2501 1786 2527 centesimo

995 2545 1020 2566 et
1035 2539 1240 2575 quadragesimo
1266 2542 1341 2568 tertio
1360 2551 1447 2574 antra;
1473 2549 1497 2570 et
1518 2545 1635 2572 ascendit
1658 2547 1685 2573 in
1702 2546 1790 2574 lsrarl

997 2593 1056 2612 cum
1072 2585 1240 2614 multitudine
1256 2589 1352 2621 graui;
1369 2594 1392 2615 et
1408 2589 1545 2624 ingressus
1564 2593 1640 2618 estin
1661 2599 1789 2620 sanctua-

998 2632 1068 2657 rium
1092 2640 1150 2658 cum
1177 2632 1313 2666 superbia,
1339 2640 1363 2661 et
1388 2636 1488 2670 accepit
1511 2637 1598 2664 altare
1616 2647 1727 2666 aureum
1741 2660 1747 2671 ,
1763 2643 1789 2667 cl

998 2677 1187 2705 candeiabrum
1203 2679 1323 2712 luminis,
1345 2686 1369 2708 et
1383 2682 1505 2710 uniuersa
1521 2692 1583 2711 vasa
1599 2685 1667 2720 ejus,
1681 2690 1705 2712 et
1721 2693 1791 2712 men-

998 2732 1056 2750 sam
1071 2725 1278 2758 propositionis,
1294 2732 1319 2753 et
1336 2727 1481 2762 libaloria,
1498 2735 1522 2757 et
1539 2730 1644 2764 phialas
1655 2752 1661 2762 ,
1678 2735 1702 2757 et
1718 2739 1790 2757 mor-

999 2770 1097 2797 tariola
1114 2778 1214 2803 ain-cu,
1231 2776 1256 2799 et
1283 2773 1385 2806 velum,
1411 2780 1436 2801 et
1464 2784 1593 2808 coronas,
1617 2782 1642 2803 et
1665 2782 1790 2804 ornatum

998 2817 1045 2850 qui
1065 2817 1091 2843 in
1111 2817 1179 2852 [acie
1200 2819 1288 2853 templi
1310 2825 1378 2848 erat.
1402 2821 1437 2848 Et
1456 2824 1612 2850 comminuit
1635 2823 1745 2850 omnia:
1763 2828 1789 2850 at

998 2865 1097 2899 accepit
1113 2866 1252 2895 thesauros
1267 2869 1401 2902 occultos,
1414 2878 1480 2905 quos
1495 2871 1602 2898 inuenit.
1620 2870 1654 2898 Et
1673 2870 1787 2898 sublatis

998 2912 1130 2947 omnibus,
1143 2921 1261 2942 reversus
1272 2915 1338 2943 abiit
1350 2917 1377 2944 in
1390 2921 1488 2944 terram
1503 2926 1589 2945 suam.
1607 2917 1642 2944 Et
1657 2917 1718 2952 fecit
1733 2924 1787 2944 cu:-
