2024 3214
248 156 300 184 9ιῦ

583 153 715 182 EUSEBII
734 153 974 182 CESARIENSIS
995 154 1070 182 OPP.
1093 155 1237 183 PARSIII.
1255 168 1288 175 --
1308 154 1514 182 EXEGETICA.

1819 156 1870 184 9-H

248 215 306 241 dem
338 221 483 248 magnam:
507 217 531 239 et
557 213 644 246 factus
671 218 710 240 est
731 214 853 247 planctus
875 221 984 248 magnus
1009 213 1033 239 in

1087 212 1308 247 καταπέτασμα,
1330 212 1379 239 καὶ
1394 212 1465 246 τοὺς
1478 212 1656 246 στεφάνους,
1676 211 1723 238 καὶ
1746 212 1800 239 τὸν
1820 215 1868 240 κό-

252 259 346 286 lsrael.
368 258 401 285 Et
421 259 528 293 scripsit
547 267 593 286 rex
612 260 684 285 omni
703 268 783 294 regno
802 268 850 286 suo
863 279 870 291 ,
896 264 925 286 ut
947 265 1033 286 essent

248 313 336 332 omnes
350 305 462 339 populus
476 313 544 331 unus
557 325 566 337 ν
581 309 606 331 et
621 305 778 340 relinqueret
798 306 977 340 unusquisque
997 306 1034 332 le-

247 359 304 385 gem
316 358 392 377 suam
404 350 437 377 ‘9.
450 349 483 376 Et
499 350 627 384 amplexa:
640 357 701 377 sunt
715 359 804 377 omnes
825 355 913 385 gentes
926 350 1032 377 uerbum

248 397 336 431 regis:
356 402 380 423 et
400 396 478 422 multi
496 404 528 423 ea:
548 397 612 430 ﬁliis
634 396 721 423 Israel
740 401 929 424 consenserunt
948 396 1033 423 culmi

247 443 323 473 eius.
352 448 377 469 et
406 443 622 476 sacriﬁcaverunt
642 441 738 474 idolis,
758 447 782 469 et
801 442 1033 475 coinquinaverunt

248 487 395 515 Sabbalum
408 488 441 514 δ’.
457 488 522 515 Post
537 487 594 514 haec
606 492 695 515 autem
711 487 828 514 dicitur:
842 487 876 514 Et
891 487 1033 522 tediﬁcavit

248 533 470 560 abominatiunem
488 532 660 559 desolationis
675 532 702 559 in
717 532 810 560 altari.
826 532 859 558 El
873 533 900 559 in
916 533 1034 560 civitati-

248 578 296 606 bus
314 578 387 605 Iuda
411 579 438 605 in
462 579 575 605 circuitu
599 578 797 612 a'diﬁcaverunt
823 578 942 610 altaria,
961 583 986 605 et
1007 579 1034 605 in

246 625 330 658 portis
350 624 425 656 suis,
446 628 470 650 et
491 625 517 650 in
537 624 631 658 plateis
653 623 799 658 thymiama
822 623 1033 651 adulebant.‘Et

249 669 330 696 libros
348 669 386 704 (1)
410 670 505 703 psalmi
533 678 597 704 quos
616 670 766 697 inuenerunt
795 670 960 702 scindentes,
976 672 1034 704 igne

247 715 444 742 combusserunt
461 716 495 742 ⁵ο.
516 715 725 750 Adjicitnrque:
745 715 778 742 Et
799 716 877 742 multi
896 717 923 742 in
946 716 1032 743 Israel

247 760 405 795 deﬁnierunt
422 761 447 787 in
462 769 488 787 se
498 780 505 792 ,
522 765 550 786 ul
565 769 615 787 non
628 761 819 788 manducarent
835 762 983 789 immunda.
1000 761 1034 789 Et

247 807 379 842 elegerunt
398 808 478 838 mori,
503 812 531 834 ut
554 816 606 834 non
629 809 873 836 contaminarentur
896 809 979 842 cibis,
1009 814 1033 837 et

248 853 345 879 mortui
369 858 439 880 sunt.
466 853 499 879 Et
522 853 594 887 facta
609 859 647 880 est
661 854 703 880 ira
718 863 814 889 magna
831 855 857 882 in
874 855 962 882 Israel
978 855 1035 882 val-

1085 268 1165 294 σμον
1179 259 1233 286 τὸν
1243 261 1317 286 κατὰ
1330 259 1493 292 πρόσωπον
1516 258 1569 285 τοῦ
1581 258 1665 285 ναοῦ.
1683 259 1736 285 Kal
1748 258 1869 287 ὲλέπισε

1084 305 1195 332 πάντα·
1211 305 1259 331 καὶ
1275 306 1365 332 ἔλασε
1384 306 1455 339 τοὺς
1468 305 1640 339 θησαυροὺς
1655 304 1725 337 τοὺς
1741 305 1869 339 ἀποκρύ-

1083 359 1170 384 φους,
1187 348 1242 383 οὖς
1256 349 1335 384 εὗρε.
1354 351 1409 377 Kal
1430 351 1531 377 λαϐὼν
1548 350 1721 384 σύμπαντα,
1735 350 1869 385 ἐπιστρέ-

1083 397 1144 430 ψας
1162 396 1298 430 ἀπῆλθεν
1322 398 1365 429 εις
1381 396 1439 430 τὴν
1456 397 1515 432 γῆν
1538 396 1642 423 αὺτοῦ.
1666 396 1722 423 Kal
1746 396 1869 430 ἐποίησε

1083 443 1283 477 φονοκτονίαν
1293 443 1446 478 μεγάλην·
1468 443 1516 469 καὶ
1530 443 1648 477 ἐγένετο
1670 438 1780 475 πένθος
1794 442 1870 477 μέγα

1083 488 1132 515 ἐπὶ
1152 488 1280 522 Ἰσραήλ.
1307 489 1360 516 Kal
1383 489 1515 524 ἔγραψεν
1528 489 1546 514 ὁ
1562 488 1711 520 ,βασιλεὺς
1730 487 1815 521 πάσῃ
1834 487 1870 522 τῇ

1081 534 1224 568 βασιλείᾳ
1240 535 1333 562 αὐτοῦ
1347 533 1422 562 εἶναι
1435 534 1550 567 πάντας
1561 534 1638 561 λαὸν
1647 534 1711 566 ἕνα,
1721 532 1770 560 καὶ
1785 535 1870 568 ἐγκα-

1084 580 1220 607 ταλιπεῖν
1235 581 1363 613 ἕκαστος
1382 581 1418 608 τὰ
1435 581 1545 615 νόμιμα
1570 580 1675 607 αὐτοῦ.
1694 580 1749 607 Καὶ
1767 579 1871 607 ἀπεδέ-

1084 625 1174 657 ξαντο
1189 626 1286 653 πάντα
1303 627 1338 653 τὰ
1356 626 1428 660 ἔθνη
1453 628 1506 653 τὸν
1527 626 1619 661 λόγον
1633 625 1686 652 τοῦ
1700 625 1868 659 βασιλέως·

1084 673 1133 698 καί
1149 680 1182 706 γε
1198 672 1306 698 πολλοὶ
1325 672 1386 699 ἀπὸ
1410 672 1484 699 ⁴οἰῶν
1504 671 1623 706 Ἰσραὴλ
1649 671 1820 705 εὐδόκησαν
1833 669 1870 705 τῇ

1083 718 1204 751 λατρεία
1229 718 1338 750 αὑτοῦ,
1361 718 1408 745 καὶ
1435 719 1550 745 ἔθυσαν
1565 717 1627 751 τοῖς
1648 717 1798 750 εἰδώλοις,
1822 718 1870 744 καὶ

1083 764 1273 798 ἐόεόήλωσαν
1284 764 1316 790 τὸ
1334 764 1493 791 Σάϐϐατον.
1502 765 1556 790 Καὶ
1568 764 1638 799 μετὰ
1648 763 1734 790 ταῦτα
1747 763 1854 798 εἴρηται
1862 771 1868 777 ·

1084 810 1139 837 Kal
1152 809 1325 844 ᾠκοδόμησε
1345 809 1504 843 βδέλυγμα
1524 808 1698 843 ἐρημώσεως
1707 808 1756 834 ἐπὶ
1774 808 1808 834 τὸ
1821 809 1871 835 θυ-

1085 856 1271 890 σιαστήριον.
1283 855 1339 881 Καί
1351 863 1383 890 γε
1397 855 1431 881 ὲν
1451 856 1559 881 πόλεσι
1578 854 1670 881 Ἰούδα
1681 854 1783 887 κύκλῳ
1798 854 1870 887 ᾠκο-

247 899 280 925 de
294 899 326 926 ⁵¹,
344 898 405 926 Haec
421 906 502 934 porro
516 899 655 926 diuturnis
670 905 764 934 postea
777 901 960 936 temporibus,
973 905 1033 936 post

1085 901 1222 935 δόμησαν
1228 901 1349 935 ,βωμούς
1358 910 1364 917 ·
1380 901 1427 926 καὶ
1439 900 1487 927 διὰ
1498 900 1557 926 τῶν
1568 898 1665 933 θυρῶν
1675 899 1734 926 τῶν
1743 899 1868 930 οἰκείων,

248 946 391 981 Assyriaca
408 950 435 972 et
452 946 572 978 Medica,
590 950 652 981 post
667 946 778 974 Persica
793 950 819 973 et
836 951 898 980 post
913 947 1033 974 Alexan—

247 992 288 1019 dri
306 991 460 1019 Macedonis
482 998 596 1020 mortem
620 996 695 1027 gesta
712 997 786 1020 sunt.
807 992 841 1018 At
859 991 977 1027 Spiritus
991 993 1034 1020 di-

247 1038 327 1064 vinus
353 1045 402 1072 per
423 1038 497 1064 hunc
521 1038 682 1073 prophetam
708 1038 765 1065 haec
791 1038 849 1073 ipsa
868 1039 1034 1066 vaticinatur

247 1084 342 1111 dicens
355 1093 362 1110 :
377 1084 456 1115 Deus,
470 1090 594 1111 uenerunt
604 1089 693 1120 gentes
705 1086 731 1111 in
746 1084 927 1112 hazreditatem
941 1090 1014 1112 tuam
1024 1106 1032 1118 ,

246 1129 395 1162 polluerunt
413 1129 536 1163 templum
551 1134 672 1156 sanctum
688 1135 762 1156 tuum
772 1149 779 1161 ,
795 1135 938 1164 posuerunt
956 1131 1035 1158 Jeru-

247 1175 329 1201 salem
345 1175 371 1201 in
386 1182 522 1208 pomorum
539 1175 698 1202 custodiam.
713 1175 840 1203 —V£ns.
854 1175 913 1204 2-4.
938 1175 1034 1204 Potue-

247 1226 309 1248 runt
333 1222 473 1248 morticina
498 1229 630 1248 servorum
654 1226 759 1247 tuorum
781 1229 855 1248 escas
880 1221 1033 1249 volatilibus

247 1267 322 1297 cwli,
340 1275 431 1293 carnes
447 1272 600 1294 sanctorum
616 1271 721 1293 tuorum
741 1266 830 1294 bestiis
849 1271 936 1294 terra).
957 1266 1034 1302 Eﬁ'u—

246 1311 341 1338 derunt
353 1313 504 1347 sanguinem
525 1321 614 1339 eorum
633 1318 757 1346 tanquam
773 1320 869 1346 aquam
881 1312 909 1338 in
922 1312 1034 1340 circuitu

247 1357 411 1391 Jerusalem,
428 1364 453 1385 et
468 1367 519 1385 non
542 1364 598 1385 erat
622 1359 666 1393 qui
688 1358 819 1392 sepeliret.
836 1357 916 1384 Facti
941 1367 1032 1386 sumus

247 1404 415 1438 opprobrium
439 1405 530 1432 uicinis
556 1405 672 1436 nostris,
694 1403 869 1430 subsannatio
889 1409 914 1430 et
936 1403 1034 1431 derisio

247 1450 280 1476 iis
303 1450 347 1484 qui
368 1450 395 1477 in
417 1451 530 1477 circuitu
551 1455 643 1477 nostra
660 1455 732 1476 sunt.
750 1449 803 1476 Pro
819 1449 866 1476 illo
881 1453 971 1477 autem
984 1469 991 1481 ,
1007 1451 1034 1477 iu

246 1503 383 1530 pomorum
398 1496 547 1523 custodiam
559 1516 565 1528 ,
581 1496 697 1531 Aquila,
713 1496 741 1522 in
757 1503 878 1522 acervum
892 1495 1011 1529 lapidum
1023 1503 1033 1528 ;

248 1541 429 1576 Symmachus
445 1549 527 1573 vero,
542 1541 569 1569 in
584 1541 668 1568 saltus
680 1562 687 1574 ,
701 1540 855 1568 ediderunt.

1086 947 1134 974 καὶ
1151 947 1186 973 ὲν
1201 947 1266 980 ταῖς
1290 947 1443 980 πλαΐείαις
1458 946 1586 981 ἐθυμίων
1609 945 1655 972 ἐπ’
1671 946 1791 978 αὐτούς.
1818 945 1870 972 Kal

1086 994 1122 1020 τὰ
1143 994 1248 1025 βιϐλία
1269 993 1321 1020 τοῦ
1341 993 1463 1028 ψαλμοῦ
1486 992 1505 1019 ἆ
1520 989 1610 1026 εὖρον
1622 991 1869 1026 κατασχίσαντες,

1086 1038 1268 1073 ἐνεπύρισαν
1279 1039 1313 1065 ὲν
1332 1039 1413 1072 πυρί.
1430 1038 1484 1064 Καὶ
1496 1037 1651 1071 ἐπιλέγεται
1661 1046 1668 1052 ·
1684 1037 1738 1063 Kal
1765 1035 1870 1063 πολλοὶ

1086 1085 1121 1111 ἐν
1141 1084 1259 1119 Ἰσραὴλ
1271 1084 1473 1118 ὠχιφώθησαν
1483 1084 1517 1110 ἐν
1534 1083 1633 1116 αὐτοῖς
1647 1083 1700 1110 τοῦ
1711 1082 1755 1117 μὴ
1767 1081 1871 1117 φαγεῖν

1087 1130 1182 1158 κοινά.
1204 1130 1258 1158 Kal
1272 1130 1457 1162 ἀπεδέξαντο
1473 1129 1644 1161 ἀποθανεῖν,
1663 1129 1713 1155 ἵνα
1731 1129 1775 1163 μὴ
1788 1135 1871 1163 μιαν-

1086 1176 1159 1203 θῶσι
1179 1176 1241 1209 τοῖς
1256 1176 1405 1210 βρώμασι,
1427 1175 1476 1202 καὶ
1492 1175 1652 1203 ἀπέθανον.
1679 1174 1734 1201 Kal
1755 1173 1872 1208 ἐγένετο

1087 1222 1159 1257 ὀργὴ
1177 1222 1292 1257 μεγάλη
1315 1222 1363 1248 ἐπὶ
1380 1221 1499 1256 Ἰσραὴλ
1516 1221 1644 1256 σφόδρα.
1664 1220 1756 1247 Ταῦτα
1775 1220 1804 1246 δὲ
1819 1228 1870 1255 μα-

1087 1269 1161 1303 κροῖς
1183 1268 1293 1302 ὕστερον
1315 1267 1465 1302 ἐπληροῦτο
1484 1267 1588 1302 χρόνοις
1605 1265 1674 1301 μετὰ
1691 1265 1726 1292 τὰ
1743 1264 1870 1300 Ἀσσύρια

1088 1313 1133 1339 καὶ
1149 1312 1268 1347 Μηδικὰ,
1293 1312 1340 1338 καὶ
1366 1311 1434 1346 μετὰ
1456 1311 1490 1337 τὰ
1514 1311 1636 1346 Περσικᾶ
1659 1311 1706 1337 καὶ
1730 1310 1800 1346 μετὰ
1823 1310 1870 1345 τὴν

1093 1357 1265 1394 Ἀλεξάνδρου
1291 1357 1339 1384 τοῦ
1361 1358 1513 1389 Μακέδονος
1542 1357 1681 1392 τελευτήν.
1704 1357 1741 1383 Τό
1763 1364 1796 1390 γε
1819 1355 1870 1391 μὴν

1087 1403 1199 1439 Πνεῦμα
1222 1403 1253 1430 τὸ
1277 1404 1347 1430 θεῖον
1371 1403 1414 1430 διὰ
1440 1403 1487 1430 τοῦ
1516 1403 1584 1438 μετὰ
1611 1404 1704 1438 χεῖρας
1729 1402 1870 1438 προφήτου

1087 1450 1156 1477 αὐτὰ
1172 1450 1204 1486 δὴ
1225 1450 1311 1476 ταῦτα
1319 1449 1450 1481 ’Θεσπίζει
1464 1449 1556 1483 λέγον·
1580 1449 1608 1475 Ὁ
1626 1449 1712 1482 Θεὸς,
1732 1449 1869 1482 εἰσήλθο-

1087 1503 1147 1522 σαν
1162 1495 1233 1529 ἔθνη
1250 1497 1293 1528 είς
1306 1494 1364 1528 τὴν
1378 1495 1578 1529 κληρονομίαν
1596 1503 1664 1527 σου,
1679 1494 1806 1528 ἐμίαναν
1820 1492 1871 1519 τὸν

1086 1541 1162 1568 ναὸν
1189 1541 1244 1568 τὸν
1271 1541 1357 1576 ἅγιόν
1380 1549 1456 1574 σου,
1482 1541 1584 1568 ἔθεντο
1612 1539 1804 1579 Ἰερουσαλὴμ
1829 1539 1870 1571 εἰς

247 1589 504 1623 ιῖπωροφυλάκιον.
521 1590 641 1616 Ἐθεντο
657 1589 692 1615 τὰ
711 1588 873 1622 θνησιμαῖα
893 1588 953 1615 τῶν
985 1588 1103 1615 δούλων
1118 1597 1177 1615 σου
1191 1588 1295 1623 ,βρῶμα
1315 1589 1378 1622 τοῖς
1398 1588 1543 1622 πετεινοῖς
1567 1587 1621 1615 τοῦ
1650 1587 1790 1622 οὐρανοῦ,
1820 1587 1871 1618 τὰς

247 1634 363 1668 σάρκας
388 1634 447 1660 τῶν
460 1635 554 1661 ὁσίων
569 1642 627 1661 σου
655 1633 718 1666 τοῖς
747 1635 859 1668 θηρίοις
890 1634 946 1668 τῆς
968 1633 1033 1669 γῆς.
1060 1634 1199 1669 Ἑξέχεαν
1219 1635 1252 1661 τὸ
1269 1631 1339 1669 αἷμα
1353 1635 1452 1661 αὐτῶν
1470 1635 1510 1668 ὡς
1525 1634 1603 1669 ὕδωρ
1634 1635 1735 1666 κύκλῳ
1765 1634 1870 1667 Ἰερου-

247 1680 361 1714 σαλὴμ,
374 1680 424 1706 καὶ
448 1681 503 1707 οὐκ
522 1677 562 1715 ἦν
579 1681 595 1706 ό
619 1679 747 1707 θάπτων.
767 1680 964 1715 Ἐγ-ενήθημεν
989 1681 1104 1714 ὄνειδος
1126 1681 1188 1714 τοῖς
1205 1682 1337 1717 γείτοσιν
1352 1681 1446 1716 ἡμῶν.
1465 1681 1669 1716 μυκτηρισμὸς
1687 1680 1736 1707 καὶ
1761 1681 1869 1714 χλευα-

247 1724 326 1759 σμὸς
347 1725 409 1758 τοῖς
428 1726 529 1758 κύκλῳ
551 1726 645 1760 ἡμῶν.
673 1727 747 1752 ’Λντὶ
770 1727 798 1753 δὲ
819 1727 878 1759 τοῦ,
900 1728 943 1759 εἰς
969 1727 1225 1763 ὀπωροφυλάκιον,
1255 1729 1270 1754 ὁ
1291 1728 1340 1764 μὲν
1363 1727 1488 1760 Ἀκύλας,
1513 1728 1557 1760 είς
1584 1727 1776 1762 λιθολοτίαν,
1795 1726 1809 1751 ὁ
1841 1725 1868 1751 δὲ

248 1771 403 1807 Σύμμαχος,
418 1772 461 1804 είς
476 1771 607 1806 δρυμοὺς
623 1771 798 1799 ὲκδεδώκασι.

283 1816 366 1844 Vens.
383 1817 399 1844 5
424 1815 570 1851 Usquequo,
581 1816 700 1849 Domine,
714 1817 837 1844 irasceris
848 1817 875 1844 in
885 1818 980 1852 ﬁnem,
993 1825 1035 1844 ac-
1048 1819 1071 1849 ο

247 1862 371 1890 ceadelur
393 1862 462 1889 velut
482 1862 551 1897 ignis
568 1862 639 1889 zelus
656 1866 716 1889 tuus
731 1863 743 1890 ?
760 1862 875 1890 Videtur
889 1863 954 1890 mihi
969 1870 1033 1898 pro-

245 1908 328 1944 pheta
354 1908 446 1943 Asapli
471 1912 533 1943 post
556 1908 762 1936 accusationem
787 1908 895 1936 Judaici
921 1909 1031 1944 populi,

247 1961 329 1989 quam
347 1954 374 1981 in
390 1953 554 1989 praecedenti
568 1953 705 1985 instituit,
721 1953 780 1981 haec
800 1953 926 1989 apposite
951 1953 1033 1980 indu-

246 2008 329 2031 cere,
352 2007 412 2035 quae
435 1999 515 2034 quasi
540 1999 573 2026 ad
591 1999 773 2034 placationem
796 2005 821 2028 et
842 1999 875 2027 ad
899 1999 1031 2027 medelam

247 2053 342 2073 eorum
358 2053 419 2080 quae
435 2045 511 2079 prius
526 2046 690 2080 reprehensa
705 2044 781 2073 fuere
793 2046 942 2080 composita
957 2049 1031 2073 sunt.

247 2090 382 2118 Rccenset
395 2091 486 2125 itaque
500 2091 575 2118 varia
590 2092 687 2119 mortis
698 2099 798 2127 genera
813 2091 969 2119 Judazorum
985 2092 1033 2127 qui

248 2144 299 2172 pro
322 2137 422 2171 pietate
445 2137 605 2172 martyrium
631 2140 698 2164 tunc
726 2138 879 2166 subierunt.
910 2137 1032 2171 Quorum

248 2182 394 2209 morticina
426 2182 529 2210 inimici
554 2183 602 2210 Dei
628 2183 655 2210 in
680 2191 759 2211 escas
789 2184 946 2212 volatilibus
968 2183 1032 2210 (εωιί

248 2227 383 2255 dederunt
394 2248 401 2260 ,
417 2233 444 2256 et
461 2235 561 2256 carnes
583 2232 742 2256 sanctorum
760 2228 806 2256 Dei
827 2229 924 2257 bestiis
942 2232 1031 2256 terrae.

247 2273 405 2310 Opportune
420 2274 503 2309 igitur
515 2281 565 2309 pro
578 2273 612 2302 iis
625 2273 710 2301 Deum
727 2275 818 2309 placat
833 2294 841 2306 ,
857 2282 890 2301 ac
905 2274 927 2301 si
945 2274 1033 2302 sacri-

247 2319 339 2347 ﬁcium
369 2318 421 2354 ipsi
448 2323 536 2346 morte
561 2321 720 2346 sanctorum
749 2325 863 2346 suorum
889 2318 1030 2346 oll‘eratur.

1122 1817 1198 1849 Ἕως
1209 1816 1291 1847 πότε,
1302 1816 1399 1850 Κύριε,
1413 1816 1578 1851 ὀργισθήσῃ
1596 1816 1638 1848 εἰς
1651 1814 1747 1848 τέλος,
1762 1816 1868 1844 ἐκκαυ-

1086 1860 1207 1895 θήσεται
1216 1861 1255 1893 ὠς
1267 1860 1326 1894 πῦρ
1340 1862 1356 1887 ο
1372 1860 1461 1894 ζ’ῆλός
1471 1863 1547 1892 σου;
1559 1861 1636 1887 Δοκεῖ
1649 1869 1693 1895 μοι
1703 1861 1718 1886 ὁ
1731 1863 1870 1898 προφήτης

1092 1905 1177 1940 Ἀσὰφ
1189 1906 1258 1941 μετὰ
1271 1905 1319 1942 τὴν
1334 1906 1381 1932 τοῦ
1399 1906 1531 1934 Ἰουδαίων
1544 1906 1636 1939 ἔθνους
1648 1907 1825 1943 κατηγορίαν,
1838 1907 1870 1943 ἢν

1086 1951 1232 1994 πεποίητριι
1248 1952 1277 1978 ὲν
1301 1951 1341 1987 τῷ
1364 1952 1417 1988 πρὸ
1445 1953 1555 1984 τούτου,
1580 1952 1614 1978 τὰ
1642 1953 1810 1988 προκείμενα
1826 1953 1870 1980 καὶ

1085 1997 1239 2029 ἀκολούθως
1266 1997 1391 2032 ἐπάγειν,
1412 1997 1585 2034 ὲξιλεούμενα
1609 1997 1702 2033 ὥσπερ
1722 1999 1770 2024 καὶ
1792 1998 1871 2034 θερα-

1087 2043 1202 2070 πεύοντα
1224 2043 1259 2070 τὰ
1272 2043 1316 2070 διὰ
1339 2043 1393 2069 τῶν
1413 2043 1567 2080 ἔμπροσθεν
1585 2043 1765 2080 ἐληλεγμένα.
1781 2045 1871 2072 Κατα-

1087 2089 1160 2122 λὲγει
1174 2089 1238 2123 γοῦν
1256 2089 1319 2121 τοὺς
1334 2089 1402 2125 ὑπὲρ
1424 2089 1562 2122 εὐσεϐείας
1583 2090 1713 2121 Θανάτους
1729 2090 1784 2117 τῶν
1806 2090 1870 2126 παρ’

1087 2136 1178 2167 αὐτοῖς
1192 2136 1329 2168 Ἰουδαίοις
1347 2133 1663 2172 μεμαρτυρηκότων·λῶν
1673 2137 1707 2162 ἰὰ
1723 2136 1872 2173 θνησιμιιῐα

1084 2182 1109 2208 οἱ
1123 2181 1215 2217 ἐχθροὶ
1237 2181 1284 2208 τοῦ
1299 2181 1366 2208 Θεοῦ
1390 2181 1480 2208 ἔθεντο
1496 2181 1626 2218 βρώματα
1656 2183 1712 2213 τοῖς
1736 2184 1871 2214 πετεινοῖς

1086 2225 1132 2252 τοῦ
1154 2225 1286 2262 οὐρανοῦ,
1301 2226 1413 2257 καὶτὰς
1434 2225 1538 2262 σάρκας
1559 2226 1612 2253 τῶν
1632 2226 1713 2258 ὁσίων
1735 2226 1783 2253 τοῦ
1804 2226 1870 2253 Θεοῦ

1086 2272 1142 2303 τοῖς
1158 2271 1261 2307 θηρίοις
1279 2271 1329 2306 τῆς
1346 2271 1406 2306 γῆς.
1426 2272 1568 2307 Εὑκαίρως
1589 2270 1676 2298 τοίνυν
1701 2271 1748 2298 ἐπὶ
1766 2271 1870 2303 τούτοις

1088 2317 1226 2344 ἱλάσκεται
1240 2318 1287 2344 τὸν
1308 2317 1374 2344 Θεὸν
1386 2337 1393 2350 ,
1413 2317 1514 2345 ὡσανεὶ
1527 2317 1620 2349 Θυσίας
1641 2317 1715 2352 αὒτῷ
1735 2326 1871 2354 προσενη-

247 2365 429 2399 Quamobrem
449 2365 507 2392 ait:
525 2363 672 2400 Usquequo,
689 2364 809 2396 Domine,
825 2364 948 2392 irasceris
962 2365 988 2391 in
1001 2365 1033 2399 ﬁ-

1086 2364 1219 2400 νεγμένης
1237 2364 1285 2391 τοῦ
1301 2364 1416 2391 θανάτου
1428 2364 1482 2391 τῶν
1506 2364 1587 2391 ὁσίων
1602 2363 1695 2390 αὑτοῦ.
1712 2364 1759 2390 Διό
1770 2372 1851 2400 φησιν
1861 2371 1870 2380 ·

248 2419 305 2438 nem
315 2412 327 2439 ?
339 2411 373 2438 ad
389 2410 511 2445 priorum
529 2411 686 2438 memoriam
702 2417 856 2442 sermonem
873 2410 1009 2442 reducens
1019 2431 1027 2443 .

1087 2409 1160 2442 Ἕως
1180 2410 1266 2442 πότε,
1284 2410 1390 2444 Κύριε,
1406 2409 1572 2444 ὀρτισθήσῃ
1594 2410 1638 2442 εἷς
1663 2409 1769 2442 τέλος;
1795 2410 1872 2437 Ἀνα-

247 2456 327 2492 queis
353 2457 494 2484 dicebatur
512 2466 520 2484 :
541 2455 649 2491 thuid,
680 2456 762 2488 Deus,
792 2456 914 2491 repuliin
943 2457 970 2483 in
996 2458 1031 2492 [i-

1086 2453 1201 2489 πέμπων
1219 2455 1264 2481 τὸν
1280 2455 1356 2489 λόγον
1376 2455 1422 2482 ἐπὶ
1441 2455 1490 2491 τὴν
1508 2456 1617 2491 μνήμην
1636 2454 1690 2481 τῶν
1707 2454 1870 2491 ἔμπροσθεν,

246 2509 306 2528 nem
320 2501 362 2527 ’τι
375 2500 439 2528 Vult
455 2501 528 2528 enim
544 2505 694 2528 extremam
710 2501 783 2528 illam
800 2501 894 2536 populi
919 2501 1027 2528 ruinam

1085 2500 1116 2527 δι’
1129 2497 1167 2527 ὧν
1182 2501 1287 2537 εἴρητο·
1309 2501 1405 2533 ἰι-ατί,
1427 2502 1444 2527 ό
1465 2501 1546 2534 Θεὸς,
1572 2500 1681 2528 ἀπώσω
1701 2501 1746 2533 εἰς
1766 2500 1870 2533 τέλος;

246 2551 274 2574 et
286 2546 465 2582 ahjectionen)
477 2547 610 2576 cohiberi.
619 2550 646 2574 et
659 2554 706 2581 per
719 2547 860 2582 sanguinis
869 2551 1031 2575 sanctorum

1085 2546 1211 2573 Βούλεται
1226 2546 1280 2582 γὰρ
1300 2547 1349 2583 τὴν
1371 2547 1410 2579 είς
1433 2546 1508 2578 τέλος
1528 2547 1685 2573 ἀπόπτωσιν
1704 2546 1751 2573 καὶ
1771 2546 1869 2572 ἀποδο-

247 2599 361 2619 suorum
379 2592 537 2619 memoriam
565 2592 634 2619 iram
662 2593 763 2620 sedari.
789 2591 942 2627 Utrumque
965 2600 1031 2621 vero

1085 2592 1133 2628 λὴν
1148 2591 1194 2618 τοῦ
1213 2592 1278 2619 λαοῦ
1297 2592 1483 2627 ἐπισχεθῆναι,
1495 2593 1542 2620 καὶ
1558 2593 1592 2619 τὰ
1605 2592 1654 2627 τῆς
1670 2592 1754 2627 ὀργῆς
1766 2592 1869 2619 παύσα-

245 2636 361 2668 dietum,
381 2643 487 2671 nempe,
507 2636 657 2673 Usquequo,
675 2637 798 2669 Domine,
820 2638 944 2665 irasceris
959 2638 987 2664 in
1002 2638 1033 2672 ﬁ-

1087 2637 1147 2664 σοαι
1161 2637 1204 2664 διὰ
1217 2637 1268 2672 τῆς
1289 2638 1397 2673 μνήμης
1417 2638 1465 2665 τοῦ
1479 2638 1593 2673 αἵματος
1609 2638 1662 2664 τῶν
1679 2638 1760 2664 ὁσίων
1777 2635 1868 2663 αὑτοῦ.

246 2684 325 2711 nam?
337 2687 364 2711 et
374 2682 448 2718 quod
459 2683 594 2718 sequitur,
613 2683 775 2711 Ezardcscet
789 2684 858 2711 sicut
872 2684 938 2720 ignis
957 2684 1031 2711 zelus

1085 2685 1153 2711 Κατ’
1176 2684 1328 2720 ἀμφότερον
1348 2684 1376 2710 δὲ
1394 2684 1498 2722 ἀκούσῃ
1518 2685 1559 2719 τὸ,
1573 2685 1646 2718 Ἕως
1668 2684 1750 2718 πότε,
1771 2684 1868 2718 Κύριε,

283 2774 306 2790 ⁸³
322 2773 333 2800 1
352 2773 440 2801 Mach.
457 2781 481 2806 I,
497 2773 542 2801 2|.
581 2773 603 2790 δ’
623 2774 687 2801 ibid.
706 2774 750 2802 Η.
790 2774 813 2789 ⁸⁰
833 2774 898 2802 ibid.
908 2774 958 2811 .57.
984 2774 1027 2815 _"_'_
1041 2774 1108 2802 ibid.
1125 2773 1169 2802 65.
1209 2775 1232 2792 "
1251 2775 1323 2804 Psal.
1342 2783 1445 2809 LXXIII,
1465 2775 1491 2802 1.

282 2851 319 2885 (ι)
335 2851 397 2879 llaec
408 2851 435 2879 in
446 2850 539 2880 Bibliis
551 2851 660 2887 paulum
673 2851 782 2880 diversa
796 2856 871 2880 sunt.
