2024 3214
143 207 146 210 ’
168 197 219 224 9ιῦ

730 197 983 242 ΒΟΜΜΕῌΤΔΒΙΔ
1003 199 1038 227 ῐΝ
1058 197 1226 227 PSALMOS.

1290 185 1350 224 7'3
1739 197 1794 226 sm

166 255 329 291 ὀργισυήσῃ
343 257 388 289 εἰς
406 255 491 290 τέλος
502 264 510 288 ;
523 257 570 283 καὶ
591 256 662 284 κατὰ
676 258 738 290 τοὺς
754 258 818 294 ἑξῆς
835 258 956 293 ἐπιλεγο-

1013 262 1074 285 tuus
1086 258 1099 285 ?
1111 256 1152 288 sic
1167 255 1324 290 intelligas:
1341 255 1491 291 Quousque
1507 256 1565 283 hinc
1579 256 1677 283 erunt?
1690 255 1797 284 Dicitur

168 303 273 338 μένους,
294 301 526 335 Ὲῖωιιιυθήσεται
537 302 578 335 ὡς
589 302 649 336 πῦρ
663 303 680 329 ό
693 301 787 335 ζῆλόςι
793 311 869 333 σου;
885 303 958 335 Ἕως

169 348 230 375 πότε
245 347 299 383 γὰρ
315 347 453 374 καὶτοῦτο
466 347 557 380 terat;
575 348 705 375 Λέλεκται
719 349 748 375 δὲ
764 350 778 376 ὁ
791 349 870 384 ζῆλος
888 349 958 375 κατὰ

166 393 325 430 παραϐολὴν
341 393 396 420 τῶν
417 394 451 420 δι’
467 394 619 429 ὑπερϐολὴν
638 394 782 426 διαθέσεως
806 395 958 430 ζηλούντων

165 439 213 472 τὰς
228 440 331 466 ἑαυτῶν
347 439 478 475 γαμετὰς,
492 440 516 466 ει
529 440 686 475 προσέχοιεν
698 441 800 475 ἕτεροις
813 440 939 475 ἀνδράσιν
949 448 955 454 ·

167 485 236 513 οὕτω
249 485 313 520 γοῦν
330 486 377 512 καὶ
393 486 440 512 ἐπὶ
458 485 505 512 τοῦ
526 485 592 512 Θεοῦ
620 486 669 521 τὴν
688 485 827 521 ἐκδίκησιν
842 486 896 512 τῶν
910 486 958 517 τὰς

167 531 235 567 πρὸς
255 531 336 558 αὑτὸν
370 531 508 567 συνθήκας
532 531 753 567 παραϐαινόντων
776 531 856 567 ζῆλον
879 532 958 558 εἴωθε

167 577 257 604 καλεῖν
284 577 298 604 ὸ
322 576 410 611 λόγος.
434 577 562 604 Ίκετεύει
584 578 672 603 τοίνυν
695 579 709 604 ὁ
732 578 877 613 Προφήτης
900 578 958 612 ἦτοι

166 623 194 656 ἐξ
213 621 278 649 [δίου
294 622 451 658 προσώπου,
467 623 483 658 ἢ
499 623 545 649 καὶ
562 622 599 654 ὡς
619 624 651 649 ἐκ
664 623 718 649 τῶν
732 623 802 650 κατὰ
816 624 878 655 τοὺς
899 624 958 650 ’Λν-

166 669 254 704 τιόχου
280 669 392 705 χρόνους
419 669 615 701 διασωθέντων,
642 669 709 704 μετὰ
731 669 781 705 τὴν
808 670 958 705 πρόρρησιν

164 714 218 742 τῶν
234 715 385 751 μελλόντων
402 715 510 742 ἔσεσθαι
530 715 600 742 κατὰ
621 716 753 750 Ἀντίοχον
772 716 817 742 τὸν
836 716 886 751 τῆς
908 717 959 742 Συ-

167 759 225 795 ρίας
237 761 358 796 βασιλέα,
376 761 436 788 καθ’
451 761 480 787 ὃν
490 762 518 787 οἱ
532 762 601 788 ὅσιοι
619 762 665 788 τοῦ
679 761 746 788 Θεοῦ
765 762 810 788 τὸν
831 762 900 798 ὑπὲρ
914 762 959 789 εὐ-

166 806 271 839 σεϐείας
293 807 410 834 θάνατον
426 808 670 843 ὑπομεμενήκασι,”
683 808 838 835 παύσασθαι
859 808 909 843 μὲν
925 809 959 835 τὰ

164 852 211 887 τῆς
228 853 313 889 ὀργῆς
327 853 376 888 τῆς
394 853 466 879 κατὰ
480 853 527 879 τοῦ
547 853 623 886 λαοῦ,
641 853 777 889 μετελθεῖν
793 854 821 880 δὲ
849 854 910 886 τοὺς
934 855 961 881 ὲ-

165 896 261 932 χθροὺς
273 897 419 926 αὐτοῦ.Διό
432 906 524 933 φησιν’
540 900 664 934 Ἕκχεον
675 899 733 934 τὴν
743 900 835 935 ὀργήν
845 908 902 928 σου
912 901 961 928 ἐπὶ

1009 307 1100 331 autem
1116 303 1203 336 zelus,
1215 302 1250 330 ad
1264 302 1420 337 exemplum
1435 309 1531 330 eorum
1547 302 1594 337 qui
1611 302 1702 330 nimiae
1723 303 1798 330 zelo-

1009 350 1089 385 typia:
1103 349 1199 376 all‘ectu
1216 352 1345 376 tenentur
1354 356 1418 383 erga
1428 356 1539 381 uxores,
1551 349 1574 376 si
1591 349 1624 377 ad
1639 349 1708 377 alios
1723 349 1798 378 viros

1009 395 1158 428 accedant;
1175 395 1218 422 sic
1233 395 1306 422 enim
1321 399 1348 421 et
1364 394 1392 421 in
1405 394 1460 422 Deo
1476 395 1607 422 ultionem
1636 403 1731 423 eorum
1749 395 1796 431 qui

1009 446 1088 477 pacta
1102 449 1164 469 eum
1180 449 1214 469 eo
1231 441 1300 468 inita
1317 442 1482 476 transgressi
1510 447 1586 471 sunt.
1606 442 1694 469 zelum
1722 442 1798 469 Scri-

1010 493 1089 523 ptura
1101 488 1171 515 solet
1186 487 1333 522 appellare.
1349 486 1492 522 Supplicat
1501 495 1566 522 ergo
1579 487 1726 522 Propheta,
1739 489 1797 515 sive

1009 542 1041 561 ex
1057 533 1166 568 propria
1183 541 1311 569 persona,
1321 533 1379 561 sive
1390 540 1485 560 eorum
1500 533 1609 560 nomine
1617 533 1662 568 qui
1675 537 1798 568 tempore

1011 578 1139 606 Antiochi
1155 578 1224 606 salvi
1242 578 1307 605 iacti
1318 581 1394 609 sunt.
1412 582 1473 612 post
1488 577 1692 613 praedictionem
1701 585 1797 605 eorum

1010 633 1070 660 quae
1084 629 1206 660 tempore
1223 624 1352 652 Antiochi
1368 624 1454 660 Syriae
1472 624 1546 660 regis
1561 627 1692 651 eventura
1707 629 1796 655 erant,

1010 671 1122 706 quando
1134 671 1222 698 sancti
1238 669 1284 698 Dei
1304 677 1353 705 pro
1367 670 1469 704 pietate
1487 673 1604 696 mortem
1621 668 1747 700 subiere,
1768 673 1798 696 ut

1011 722 1100 745 cesset
1127 717 1167 743 ira
1200 716 1302 751 populo
1329 715 1464 748 immissa,
1482 719 1510 742 et
1536 714 1647 742 invadat
1674 714 1800 742 inimicus

1011 761 1082 796 ejus.
1098 761 1280 794 Quamobrem
1293 761 1330 787 ait
1346 770 1353 787 :
1370 776 1404 780 —
1415 759 1497 788 Vsus.
1515 760 1542 791 6,
1558 760 1583 787 7.
1601 759 1716 794 E/I'unde
1731 760 1799 786 iram

1013 813 1086 834 tuam
1100 808 1127 833 in
1138 812 1225 842 genth
1241 815 1299 841 qua:
1311 811 1336 834 te
1349 815 1401 834 non
1418 811 1557 838 Moverunt,
1569 811 1593 833 at
1608 807 1634 833 in
1648 814 1728 841 regna
1741 813 1799 841 qua:

1012 862 1105 881 nomen
1136 858 1209 880 tuum
1235 861 1286 880 non
1314 853 1508 880 invocaverunt.
1538 853 1607 885 Quia
1632 852 1800 879 comederunt

1011 899 1106 930 Jacob,
1124 904 1148 926 et
1160 899 1246 926 locum
1260 899 1317 934 ejus
1346 898 1540 926 desolauerunt.
1557 899 1716 933 Opportune
1741 899 1801 926 exi-

166 942 200 969 τὰ
215 943 287 977 ἕθνη
305 943 340 969 τὰ
352 943 395 977 μὴ
412 943 597 978 τινώσκοντά
610 953 657 976 σε,
673 945 722 972 καί
739 946 788 972 ἐπὶ
798 946 956 979 βασιλείας

1011 946 1092 973 stimo
1106 945 1151 973 hic
1181 945 1274 972 Jacobi
1303 945 1470 972 mentionem
1499 945 1569 977 ﬁeri,
1585 945 1621 972 ob
1638 946 1799 979 religionem

164 987 194 1015 at
217 988 249 1014 τὸ
274 988 367 1022 ὄνομά
386 997 444 1016 σου
464 990 520 1016 οὐκ
537 989 772 1018 ἐπεκαλέσαντο.
795 992 854 1018 Ὅτι
876 991 960 1018 κατέ-

164 1042 261 1068 φαγον
280 1034 334 1061 τὸν
352 1034 460 1067 Ἰακὼϐ,
477 1036 527 1061 καὶ
547 1035 602 1062 τὸν
620 1037 713 1062 τόπον
729 1037 822 1064 αὑτοῦ
844 1037 960 1072 ἠρήμω-

164 1087 234 1106 σαν.
251 1080 329 1107 Κατὰ
352 1080 447 1115 καιρὸν
472 1081 498 1107 δὲ
523 1082 551 1107 ἐν
573 1082 678 1114 τούτοις
696 1082 743 1109 τοῦ
767 1083 864 1109 Ἰακὼὸ
883 1081 959 1119 οἶμαι

166 1125 327 1162 πεποιῆσθαι
341 1127 390 1161 τὴν
408 1127 518 1162 μνήμην
531 1128 580 1163 τῆς
593 1128 640 1154 τοῦ
655 1128 770 1155 παλαιοῦ
787 1129 958 1165 προπάτορος

165 1171 319 1204 Θεοσεὸείας
340 1173 430 1199 ἕνεκα.
450 1173 493 1204 Ὧς
509 1174 564 1209 γὰρ
587 1174 803 1210 ὑπομιμνήσκων
827 1176 872 1202 τὸν
893 1176 959 1202 Θεὸν

164 1216 211 1244 τοῦ
231 1217 370 1253 θεοφιλοῦς
385 1219 480 1255 ἀνδρὸς
497 1220 544 1246 καὶ
559 1220 608 1255 τῆς
623 1221 727 1247 ἐκείνου
743 1221 853 1257 ἀρετῆς,
873 1222 959 1249 δυσω-

167 1263 213 1290 πεῖ
235 1263 280 1290 διὰ
304 1264 354 1300 τῆς
378 1266 482 1292 ἐκείνου
502 1266 621 1301 μνήμης,
647 1267 694 1293 καὶ
721 1267 836 1294 ίλεοῦται
858 1268 891 1294 τὰ
908 1277 959 1294 πα-

154 1309 254 1345 ρόντα.
278 1311 321 1337 Ἐν
335 1311 384 1345 μὲν
405 1311 444 1346 τῷ
463 1312 515 1348 πρὸ
538 1312 632 1339 τούτου
653 1314 762 1349 ψαλμῷ,
779 1315 897 1350 ὁπηνίκα
911 1315 958 1342 τοῦ

171 1354 268 1391 Ἰωσὴφ
284 1356 486 1392 ἐμνημόνευεν,
505 1359 536 1385 οὐ
561 1359 606 1385 τὸν
629 1360 737 1394 Ἰωσὴφ,
752 1359 820 1386 ἀλλὰ
839 1361 869 1387 τὸ
893 1362 959 1396 σκή-

165 1408 244 1435 νωμα
259 1401 342 1428 αὑτοῦ
358 1402 558 1439 ἀποὸεϐλῆσθαι
574 1404 649 1438 ἔλεγε
672 1404 714 1432 διὰ
729 1406 774 1432 τοῦ
785 1414 792 1420 ι
807 1406 861 1432 Kal
878 1406 957 1433 ἀπώ-

165 1452 240 1472 σατο
254 1447 288 1473 τὸ
301 1447 446 1483 σκήνωμα
460 1450 581 1484 Ἰωσὴφ,
595 1450 642 1477 καὶ
658 1451 715 1485 τὴν
724 1453 826 1486 φυλὴν
838 1453 958 1487 Ἐφραίμ

165 1492 220 1518 οὐκ
239 1492 410 1526 ἐξελέξατο,
427 1495 473 1521 τοῦ
496 1495 575 1530 λόγου
602 1496 778 1532 σημαίνοντος
796 1498 842 1524 τὸν
860 1499 888 1525 ἐν
908 1499 958 1534 Ση-

166 1536 225 1572 λὼμ
249 1538 346 1565 τόπον”
366 1539 480 1576 ἐπείπερ
504 1541 532 1567 ὲν
559 1541 650 1577 κλήρῳ
672 1543 722 1577 τῆς
745 1543 832 1577 φυλῆς
861 1543 958 1580 Ἰωσὴφ

167 1582 254 1610 ἔκειτο
269 1584 285 1619 ἡ
301 1584 400 1619 Σηλώμ
410 1594 417 1600 ·
432 1586 460 1611 ὲν
477 1586 581 1619 τούτοις
595 1587 622 1614 δὲ
638 1588 685 1614 τοῦ
708 1588 805 1614 Ἰακὼϐ
821 1589 957 1624 μέμνηται

1011 991 1093 1026 prisci
1111 991 1183 1018 illius
1200 991 1282 1018 atavi.
1307 990 1374 1017 Nam
1396 991 1476 1018 talem
1494 991 1583 1017 virum
1599 989 1655 1017 Deo
1669 990 1799 1017 dilectum

1009 1038 1125 1072 ejusque
1137 1037 1267 1064 virtutem
1289 1036 1341 1071 ipsi
1369 1036 1425 1063 Deo
1443 1043 1674 1067 commemorans,
1690 1035 1799 1063 videtur

1009 1083 1070 1118 ejus
1084 1083 1222 1110 mentione
1239 1082 1309 1109 facta
1325 1082 1414 1117 ipsum
1431 1082 1585 1117 deprecari,
1595 1085 1622 1108 et
1635 1082 1661 1108 in
1670 1082 1798 1116 praesenti

1009 1137 1076 1158 casu
1104 1129 1252 1165 propitium
1286 1128 1410 1156 reddere.
1438 1128 1466 1155 in
1495 1127 1660 1164 praecedenti
1687 1128 1797 1163 quidem

1009 1176 1126 1210 psalmo,
1146 1175 1257 1210 quando
1274 1174 1424 1210 Joscphum
1439 1175 1612 1207 memoravit,
1628 1182 1683 1202 non
1709 1174 1797 1209 ipsum

1009 1222 1170 1257 Josephum,
1182 1222 1231 1249 sed
1246 1221 1455 1250 tabernaculum
1471 1221 1531 1255 ejus
1557 1222 1697 1257 repulsum
1714 1220 1799 1248 fuisse

1010 1269 1079 1296 dixit
1096 1269 1139 1296 his
1155 1268 1245 1295 verbis
1262 1279 1268 1295 :
1294 1267 1327 1294 Et
1346 1267 1440 1302 repulit
1465 1267 1662 1294 tabernaculum
1687 1266 1795 1301 Joscplt,

1009 1319 1033 1341 et
1053 1314 1150 1341 tribum
1166 1313 1293 1348 Ephraim
1310 1322 1360 1341 non
1385 1314 1461 1349 elegit
1478 1314 1514 1346 ⁸³,
1536 1314 1636 1348 hisque
1659 1313 1798 1348 signiﬁcat

1011 1361 1099 1388 locum
1117 1360 1193 1387 illum
1211 1361 1237 1387 in
1262 1360 1319 1386 Silo
1334 1360 1436 1393 situm;
1454 1359 1517 1395 quia
1542 1360 1569 1386 in
1597 1359 1669 1386 tribu
1697 1358 1798 1394 Joseph

1011 1406 1066 1434 Silo
1080 1407 1199 1441 jacebat.
1216 1406 1266 1433 Hic
1280 1414 1346 1434 vero
1361 1405 1494 1433 Iacobum
1511 1405 1635 1433 meminit
1652 1409 1681 1432 et
1705 1405 1795 1432 locum

1009 1451 1070 1485 ejus
1086 1460 1092 1478 :
1111 1459 1158 1486 per
1173 1450 1316 1483 Iacobum,
1330 1451 1448 1486 religiosi
1467 1450 1541 1478 illius
1553 1450 1602 1477 viri
1616 1455 1740 1485 posteros
1753 1450 1795 1477 in-

1008 1498 1118 1530 dicans;
1135 1506 1182 1532 per
1195 1498 1284 1524 locum
1297 1505 1362 1525 vero
1372 1497 1442 1532 ejus,
1459 1497 1690 1532 Hierosolymam,
1713 1504 1797 1532 quam

1009 1545 1036 1570 in
1053 1544 1228 1571 solitudinem
1244 1544 1310 1571 verti
1328 1547 1450 1578 tempore
1462 1544 1591 1570 Antiochi
1601 1544 1726 1578 contigit.
1740 1543 1798 1571 Sub

1010 1590 1066 1617 haec
1082 1589 1174 1623 adjicit
1192 1599 1198 1616 :
1212 1605 1247 1608 —
1263 1589 1345 1617 Vens.
1363 1590 1391 1616 8.
1407 1588 1447 1617 Ne
1461 1589 1609 1616 memineris
1623 1589 1794 1624 iuiquitatum

166 1627 212 1654 καὶ
225 1627 273 1654 τοῦ
289 1628 372 1654 τόπου
397 1630 494 1656 αὐτοῦ·
512 1631 554 1657 διὰ
573 1632 622 1666 μὲν
640 1632 687 1659 τοῦ
708 1633 803 1659 Ἰακὼϐ
814 1634 877 1665 τοὺς
893 1635 956 1661 ἀπο-

1011 1640 1162 1662 uottrarum
1185 1636 1366 1669 antiquarunt.
1391 1634 1444 1662 Eos
1467 1634 1514 1669 qui
1533 1642 1582 1670 pro
1602 1634 1727 1669 pristinis
1742 1635 1797 1662 illis

166 1672 259 1706 γόνους
279 1672 326 1699 τοῦ
346 1673 483 1709 θεοφιλοῦς
510 1677 605 1712 ἀνδρὸς
625 1678 722 1713 δηλῶν,
740 1679 783 1705 διὰ
802 1680 830 1705 δὲ
850 1680 896 1706 τοῦ
910 1681 955 1707 τό-

165 1728 216 1746 που
229 1719 312 1747 αὑτοῦ
327 1721 377 1756 τὴν
393 1721 570 1757 Ἰερουσαλὴμ
584 1724 734 1759 σημαίνων,
746 1725 779 1760 ἢν
800 1726 840 1757 είς
856 1725 958 1762 ἔρημον

165 1765 252 1794 ἐλθεῖν
264 1766 334 1793 κατὰ
346 1769 408 1799 τοὺς
429 1768 563 1804 Ἀντιόχου
579 1770 678 1805 συνέϐη
691 1771 811 1806 χρόνους.
826 1769 882 1798 Εἶθ’
894 1772 958 1807 ἑξῆς

165 1812 298 1847 ἐπιλέγει·
325 1813 373 1847 Μὴ
397 1814 537 1848 μνησθῇς
559 1815 644 1849 ἡμῶν
665 1817 795 1850 ἀνομιῶν
816 1818 955 1851 ἀρχαίων.

165 1858 197 1884 οι
212 1858 235 1885 δ’
254 1858 324 1894 ὑπὲρ
347 1860 468 1895 ἀρχαίων
490 1861 696 1896 ἁμαρτημάτων
719 1863 858 1898 εὐχόμενοι
883 1864 955 1899 δῆλοι

165 1902 198 1931 ἂν
216 1902 271 1930 εἷεν
291 1905 328 1940 μὴ
350 1906 491 1941 νεωτέροις
514 1908 667 1942 ὲνεχόμενοι
687 1909 862 1944 πταίσμασιν.
887 1911 957 1936 Ἀντὶ

164 1947 193 1975 δὲ
208 1949 267 1982 τοῦ,
283 1950 360 1983 Ταχὺ
379 1953 687 1984 προκαταῐαϐἐτωσαν
702 1953 781 1988 ἡμᾶς
801 1956 828 1981 ol
851 1956 957 1989 olle/p-

165 1995 213 2030 μοι
226 2003 298 2028 σου,
314 1996 359 2022 ὅτι
375 1997 607 2032 ἐπτωχεύσαμεν
620 1999 748 2033 σφόδρα,
761 2001 775 2025 ό
792 2000 954 2035 Σύμμαχος,

167 2041 311 2076 Τὰχυνον,
326 2043 573 2076 προκαταλαϐἑτω
590 2045 668 2079 ἡμᾶς
683 2046 718 2071 τὰ
739 2045 808 2079 ἐλέη
824 2054 892 2075 σου.
911 2047 956 2073 ὅτι

163 2086 355 2123 ἠτονήσαμεν
368 2090 495 2124 σφόδρα,
511 2092 692 2127 ἡρμήνευσεν.
706 2093 810 2128 Ὥσπερ
828 2093 856 2119 δὲ
873 2094 956 2130 ἀθλη-

163 2133 223 2168 τὴς,
239 2134 352 2167 πολλοὺς
370 2136 489 2168 ὑποστὰς
502 2137 609 2170 ἀγῶνας
631 2138 677 2164 καὶ
693 2139 790 2170 ἄθλους
807 2139 955 2174 ὑπομείνας

164 2179 278 2212 πολλοὺς
299 2181 328 2207 ὲν
348 2182 466 2216 φροντίδι
490 2182 651 2218 καθέστηκε,
673 2185 709 2219 μή
733 2193 770 2220 πη
794 2185 956 2222 ὲξατονήσας

164 2224 251 2260 πέσῃ·
268 2225 313 2251 τὸν
330 2226 410 2253 αὐτὸν
422 2227 521 2262 τρόπον
542 2228 587 2254 καὶ
603 2228 656 2254 οἵδε
689 2229 838 2256 ἱκετεύουσι
851 2239 955 2266 προκα-

163 2268 331 2305 ταληφθῆναι
357 2273 404 2298 καὶ
428 2272 553 2307 βοηθείας
575 2274 675 2308 τυχεῖν.
701 2275 746 2300 Διό
768 2284 848 2309 φασι·
876 2276 954 2310 Τιιχπὺ

1010 1682 1130 1715 peccatis
1158 1682 1324 1716 supplicant,
1349 1682 1438 1716 palam
1459 1686 1501 1708 est
1523 1689 1577 1708 non
1595 1689 1657 1709 esse
1684 1681 1798 1716 nuperis

1008 1728 1114 1755 delictis
1136 1727 1281 1755 obnoxios.
1307 1727 1361 1754 Pro
1379 1727 1425 1754 illo
1440 1731 1530 1755 autem
1548 1747 1556 1760 ,
1576 1727 1636 1755 Cito
1656 1728 1798 1761 anticipant

1008 1782 1056 1800 nos
1080 1773 1269 1800 misericordiae
1298 1777 1361 1806 luat,
1382 1773 1446 1808 quia
1463 1781 1589 1808 pauperes
1614 1773 1680 1808 [acti
1706 1781 1798 1800 sumus

1008 1820 1086 1846 nimis
1096 1839 1104 1852 ,
1124 1819 1317 1855 Symmachus,
1330 1819 1465 1851 Accelcru,
1477 1819 1637 1852 prwveniant
1655 1827 1702 1845 nos
1720 1819 1798 1845 mise—

1009 1864 1133 1891 ricordiw
1147 1869 1210 1896 tua’,
1226 1864 1289 1898 quia
1307 1864 1438 1898 infirmati
1453 1871 1545 1890 sumus
1560 1862 1646 1895 valde,
1663 1864 1796 1898 interpre-

1008 1912 1082 1936 tatus
1099 1913 1150 1935 est.
1168 1907 1403 1941 Quemadmodum
1419 1907 1491 1934 cnim
1508 1908 1610 1935 athleta
1635 1908 1682 1942 qui
1712 1908 1797 1934 multa

1008 1954 1092 1980 subiit
1109 1953 1271 1985 certamina,
1292 1958 1318 1980 et
1347 1961 1452 1989 pugnas
1476 1954 1579 1981 multas
1602 1953 1748 1985 sustinuit,
1769 1953 1796 1980 in

1008 1999 1196 2027 sollicitudine
1209 1999 1293 2034 degit,
1312 2007 1345 2026 ne
1359 1999 1475 2026 debilior
1499 1998 1588 2026 factus
1615 1999 1742 2031 labatur;
1760 1999 1797 2026 ita

1008 2044 1035 2070 hi
1055 2051 1164 2078 quoque
1192 2047 1340 2078 precantur
1368 2051 1398 2070 se
1423 2043 1580 2078 praemuniri
1610 2046 1638 2070 et
1664 2043 1795 2070 auxilium

1007 2091 1151 2125 consequi.
1168 2089 1258 2123 Quare
1274 2090 1350 2117 aiunt
1365 2099 1373 2117 ι
1389 2089 1450 2117 Cito
1466 2089 1611 2124 anticipeut
1628 2098 1675 2117 nos
1691 2091 1797 2117 miseri-

1007 2137 1105 2163 cordia:
1132 2140 1194 2167 tute,
1222 2144 1285 2169 quia
1306 2142 1435 2169 pauperes
1462 2135 1528 2169 [acti
1551 2143 1643 2162 sumus
1657 2135 1746 2162 nimis.
1760 2150 1795 2154 —

1008 2181 1091 2209 Vsus.
1109 2182 1135 2209 9.
1159 2181 1265 2216 Adjut'a
1280 2189 1338 2213 nos,
1355 2180 1424 2208 Deus
1439 2182 1556 2208 salvator
1572 2186 1671 2213 uoster,
1688 2186 1794 2215 propter

1007 2228 1120 2263 gloriam
1136 2227 1250 2254 nominis
1267 2227 1306 2252 tui
1319 2234 1329 2258 ;
1343 2226 1464 2258 Domine,
1484 2226 1566 2252 libera
1582 2235 1639 2256 nos,
1665 2230 1689 2252 ct
1705 2226 1797 2259 propi-

1008 2274 1060 2300 tius
1076 2277 1131 2300 esto
1146 2272 1260 2307 peccatis
1277 2272 1376 2298 nostris
1393 2277 1500 2305 propter
1516 2279 1610 2298 nomen
1631 2275 1715 2297 tuum.
1733 2270 1796 2297 Haec

163 2317 469 2350 προκαταλαϐέτωσαν
494 2318 572 2353 ἡμᾶς
597 2321 623 2346 cl
654 2321 798 2355 οἰκτιρμοί
823 2330 891 2353 σου.
909 2323 953 2349 ὅτι

1008 2319 1142 2353 Propheta
1162 2326 1195 2345 ex
1211 2325 1327 2353 persona
1348 2325 1442 2344 eormn
1459 2317 1505 2351 qui
1525 2320 1645 2350 tempore
1669 2315 1796 2342 Antiochi

162 2360 392 2397 ἐπτωχεύσαμεν
406 2364 532 2398 σφόδρα.
553 2365 708 2399 Βοήθησον
722 2367 802 2401 ἡμῖν,
819 2369 834 2395 ό
850 2368 922 2401 Θεὸς
938 2371 955 2396 ὁ

163 2408 264 2442 σωτὴρ
289 2409 382 2443 ἡμῶν,
410 2410 514 2437 ἕνεκεν
538 2411 591 2445 τῆς
615 2412 707 2446 δοξῆς
731 2414 783 2440 τοῦ
808 2415 953 2448 ὀνόματός

163 2461 221 2480 σου
233 2464 240 2469 ·
256 2455 354 2488 Κύριε.
366 2456 457 2489 ῥῦσαι
470 2457 556 2491 ἡμᾶς,
574 2459 622 2485 καὶ
635 2459 773 2494 modum;
784 2460 847 2493 ταῖς
861 2462 953 2495 ἀμαρ-

165 2500 240 2534 τίαις
261 2501 345 2535 ἡμῶν
365 2501 469 2529 ἕνεκεν
486 2504 538 2530 τοῦ
557 2505 701 2538 ὀνόματός
713 2514 780 2532 σου.
799 2507 853 2533 Καὶ
867 2507 954 2534 ταῦτα

164 2545 178 2570 ὸ
196 2545 340 2581 Προφήτης
353 2547 385 2572 ὲκ
400 2547 546 2582 προσώπου
569 2549 623 2574 τῶν
640 2549 709 2575 κατὰ
729 2551 862 2585 ’Λντίοχον
880 2551 956 2585 βασι-

164 2589 211 2616 λέα
223 2590 409 2625 δεδιωγμένων
423 2593 588 2628 προφέρεται
600 2602 607 2608 ο
624 2595 799 2630 προφητικῶς
813 2595 863 2630 τὴν
876 2596 957 2632 εὐχὴν

163 2635 207 2663 διὰ
221 2636 271 2671 τῆς
287 2637 398 2672 γραφῆς
412 2640 467 2670 τοῖς
480 2639 606 2674 μέλλουσι
620 2640 765 2667 διώκεσθαι
785 2641 951 2676 καταλιπὼν,

164 2681 201 2713 ὡς
223 2681 256 2708 ἂν
276 2682 361 2717 ἔχοιεν
380 2682 409 2716 ἐξ
435 2684 543 2719 ἑτοίμου
564 2685 673 2717 εἰδέναι,
697 2686 798 2717 ὁποίοις
821 2688 953 2722 προσήκει

164 2727 312 2763 κεχρῆσθαι
334 2727 431 2760 αὐτοὺς
449 2728 538 2763 λόγοις
558 2730 586 2756 ἐν
609 2732 668 2762 ταῖς
684 2731 750 2766 πρὸς
764 2731 810 2757 τὸν
826 2731 892 2758 Θεὸν
908 2733 953 2758 εὑ-

167 2773 233 2806 ζαῖς.
250 2773 287 2799 Οὒ
313 2772 365 2808 μὴν
387 2774 425 2804 εἰς
447 2774 567 2806 ἐκείνους
595 2776 691 2810 μόνους
709 2777 816 2803 ἵσταται
831 2777 865 2803 τὰ
879 2777 955 2811 λεγό-

168 2826 251 2853 μενα·
277 2818 406 2854 ἁρμόσειε
429 2820 458 2846 δὲ
486 2822 531 2847 καὶ
555 2823 621 2848 πᾶσι
646 2824 701 2855 τοῖς
718 2823 752 2849 τὰ
776 2824 951 2859 παραπλήσια

169 2863 308 2890 τεπονοόσι
319 2884 327 2896 ,
342 2865 402 2891 ἐπεὶ
414 2866 460 2892 καὶ
476 2867 503 2892 ἐν
518 2869 571 2899 τοῖς
586 2869 644 2895 καθ’
661 2870 731 2904 ἡμᾶς
747 2869 883 2905 δειιιγμοῖς,
904 2879 952 2905 μυ-

199 2942 221 2957 ¹³
242 2941 315 2971 l’sal.
331 2951 422 2971 tum
437 2964 443 2977 ,
461 2944 506 2973 67.

1009 2364 1081 2399 regis
1109 2364 1289 2396 vexabantur,
1313 2362 1488 2397 pronuntiat;
1516 2362 1667 2387 orationem
1698 2360 1731 2387 iis
1749 2360 1797 2395 qui

1008 2410 1229 2445 persecutionem
1249 2410 1356 2445 passuri
1381 2413 1459 2436 erant
1488 2408 1618 2442 scriptam
1639 2407 1797 2442 prophetice

1008 2457 1184 2491 relinquens,
1213 2461 1243 2482 ut
1270 2456 1296 2482 in
1329 2460 1454 2489 promptu
1478 2461 1647 2488 cognoscere
1670 2457 1795 2488 possent,

1008 2502 1109 2537 quibus
1123 2502 1161 2528 uIi
1179 2501 1270 2528 verbis
1288 2501 1315 2527 in
1343 2501 1402 2528 suis
1425 2500 1459 2527 ad
1480 2500 1564 2527 Deum
1581 2499 1709 2534 precibus
1725 2507 1796 2534 opus

1008 2552 1091 2575 esset.
1108 2546 1201 2582 Neque
1218 2547 1252 2574 iis
1267 2546 1356 2573 solum
1375 2546 1433 2573 hinc
1447 2545 1546 2572 tradita
1565 2549 1648 2579 sunt;
1666 2545 1796 2573 omnibus

1006 2593 1110 2628 quippe
1119 2593 1220 2620 similia
1233 2592 1402 2627 patientibus
1421 2594 1590 2626 competunt,
1607 2591 1672 2625 quia
1691 2590 1718 2617 in
1735 2598 1796 2625 pcr-

1007 2640 1194 2668 secutionibus
1204 2647 1264 2674 qum
1280 2643 1373 2666 nostra
1387 2643 1467 2666 actate
1476 2638 1662 2672 contigerunt,
1673 2642 1794 2665 sexcenti

1007 2694 1089 2721 supra
1106 2685 1248 2713 recensitis
1265 2685 1364 2712 similia
1381 2688 1445 2712 sunt
1461 2684 1596 2719 perpessi,
1623 2684 1670 2718 qui
1693 2691 1795 2718 oppor-

1007 2735 1072 2759 tune
1088 2732 1182 2766 utique
1194 2730 1295 2758 talibus
1310 2730 1392 2758 dictis
1408 2731 1451 2758 usi
1468 2730 1581 2762 iuerint,
1600 2730 1679 2765 queis
1703 2729 1736 2755 ad
1755 2729 1792 2755 ita

1008 2777 1172 2812 loquendum
1193 2777 1386 2804 instituimur:
1413 2776 1524 2810 Propter
1539 2777 1651 2811 gloriam
1671 2774 1794 2802 nomini;

1008 2824 1056 2854 tui,
1073 2822 1195 2854 Domino,
1218 2822 1301 2848 libera
1324 2830 1379 2849 nos.
1398 2821 1512 2849 Etiamsi
1532 2822 1604 2849 enim
1622 2828 1672 2848 nos
1687 2820 1791 2847 auxilio

1008 2870 1080 2905 digni
1096 2877 1151 2897 non
1175 2869 1277 2903 simus,
1294 2873 1320 2896 at
1346 2876 1443 2896 nomen
1471 2869 1565 2903 gloria:
1590 2871 1643 2894 tum
1667 2874 1701 2894 nc
1721 2865 1792 2899 apud
