2024 3214
238 185 290 216 Θοτ

575 181 711 216 ΕυεΕΒΠ
729 183 972 214 CESARIENSIS
990 182 1067 212 OPP.
1087 181 1179 211 PARS
1194 181 1238 210 Ill.
1254 195 1290 201 —
1301 177 1507 209 EXEGETICA.

1810 174 1863 203 9&3

235 247 331 280 {entes
346 244 564 280 blasphematur,
573 252 606 273 ae
617 246 641 273 si
653 252 709 273 non
722 244 811 271 valeat
819 250 870 271 nos
882 242 1002 270 liberare

1074 240 1127 276 ρίοι
1144 240 1180 267 τὰ
1198 241 1278 276 ὅμοια
1291 240 1349 272 τοῖς
1364 236 1550 274 προλεχθεῖσιν
1572 233 1827 271 ὑπομεμενήκασιν·
1838 231 1862 258 οἳ

238 291 273 318 Et
292 292 432 326 propitius,
451 291 551 327 inquit.
570 296 626 318 esto
652 292 766 325 peccatis
791 289 889 316 nostris
913 293 1018 322 propter

234 345 328 363 nomen
343 342 427 364 tuum.
441 335 575 371 Superius
592 335 702 370 quidem
715 335 857 362 dicebatur
877 343 883 360 :
902 333 943 359 Ne
963 340 1017 358 me-

234 383 341 409 mineris
369 382 541 418 :‘niquitatum
569 386 722 409 nostrarum
744 382 913 415 antiquarum
939 388 948 406 :
970 379 1017 406 sed

233 427 288 454 iliic
304 428 425 462 quidem,
437 428 621 463 iniquitatum,
640 427 751 454 dicitur.
778 426 937 460 lniquitates
951 433 1017 452 sane

232 474 296 500 olim
314 475 513 502 admiseramus
529 480 675 509 antequam
688 475 788 501 divinis
810 474 915 508 legibus
936 473 1016 500 obse-

232 527 398 553 queremur;
416 527 481 555 quae
489 520 586 547 merito
593 520 711 554 antiquae
722 519 862 546 dicuntur.
875 519 941 545 Nam
953 522 1016 546 ante

233 565 279 592 Dei
296 565 480 600 cognitionem
496 565 599 593 scelera
615 569 709 591 nostra
725 564 883 599 iniquitates
897 564 1016 598 antiquae

230 614 324 643 erant;
343 618 416 638 mine
433 618 497 637 vero
510 618 570 637 cum
584 610 640 637 hasc
655 617 799 644 precantur
813 617 866 636 non
886 609 1015 644 iniquita-

231 658 288 683 Iuin
303 656 429 687 ulterius,
444 656 491 683 sed
505 661 678 690 peccatorum
697 655 775 681 nobis
787 655 892 682 conscii
904 662 1013 688 sumus;

231 706 258 728 at
276 702 309 729 iis
321 709 430 737 quoque
447 702 580 736 propitius
594 705 654 728 esto
670 708 810 735 rogamus,
828 704 939 735 propter
965 708 1014 727 no-

230 755 292 774 men
309 753 384 774 tuum
400 747 473 782 quod
490 747 646 773 invocatum
671 750 714 772 est
736 753 820 780 super
837 753 898 773 nos.
923 746 1014 780 Siqui-

228 793 289 821 dem
307 793 411 820 nomini
438 792 584 819 consulens
608 796 656 818 tuo
680 799 734 826 quo
762 799 812 818 nos
836 798 1011 822 exornamur,

229 839 366 873 propitius
380 843 438 865 esto
455 837 691 872 peccatis'nostris
710 847 716 863 :
732 845 765 864 ne
779 836 848 863 forte
859 836 937 863 nobis
948 837 1012 862 sub-

225 885 338 919 jugatis.
367 883 469 911 inimici
493 883 651 917 blaspliema
673 882 745 909 dicta
762 883 789 909 in
810 889 909 908 nomen
935 885 1010 907 tamn

1070 286 1115 312 καὶ
1125 287 1260 323 εὐκαίρως
1278 286 1425 322 χρήσαιντο
1434 283 1494 313 ταῖς
1507 279 1700 317 προκειμέναις
1712 278 1823 312 φωναῖς,
1835 278 1863 323 ἐν

1069 330 1112 364 αἷς
1135 321 1315 368 διδαοκόμεθα
1339 330 1443 364 λέγειν·
1474 328 1596 354 Ἕνεκεν
1616 325 1671 359 τῆς
1698 323 1791 357 δόξης
1810 321 1862 368 τοῦ

1068 378 1213 412 ὀνόματός
1225 385 1293 408 σου,
1303 376 1402 410 Κύριε,
1409 373 1500 408 ῥῦσαι
1509 371 1598 407 ἡμᾶς.
1608 370 1667 397 Κᾶν
1677 369 1813 405 γὰρήμεῖς
1826 367 1863 404 μὴ

1067 423 1136 457 ἄξιοι
1151 420 1225 458 ὦμεν
1241 422 1375 458 βοηθείας,
1390 420 1457 447 ἀλλὰ
1470 419 1500 446 τό
1514 427 1546 453 γε
1563 418 1647 452 δνομα
1657 416 1711 451 τῆς
1720 415 1769 450 σῆς
1785 414 1862 450 δόξης

1069 470 1105 505 μὴ
1124 468 1335 505 βλασφημείσθω
1351 467 1427 502 παρὰ
1442 467 1498 497 τοῖς
1514 464 1629 495 ἔθνεσιν,
1646 462 1684 494 ὡς
1696 461 1734 497 μὴ
1750 461 1861 496 ἰσχῦσαν

1067 517 1141 552 ἡμᾶς
1155 515 1305 551 ῥύσασθαι·
1321 514 1375 541 Καὶ
1393 512 1541 545 ίλάσθητι,
1558 510 1586 536 δὲ
1603 518 1678 545 φησι,
1694 507 1759 539 ταῖς
1772 508 1863 541 ἀμαρ-

1067 562 1142 593 τίαις
1158 559 1242 595 ἡμῶν
1260 559 1364 586 ἕνεκεν
1386 558 1437 585 τοῦ
1462 555 1607 590 ὀνόματός
1630 562 1697 581 σου.
1722 551 1861 587 Ἀνωτέρω

1068 607 1116 641 μὲν
1134 604 1180 632 οὖν
1197 605 1318 640 ἐλέγετο·
1336 605 1385 638 Μὴ
1402 601 1542 638 μνησθῇς
1560 599 1644 635 ἡμῶν
1662 598 1792 634 ἀνομιῶν
1807 598 1860 631 ἁρ-

1066 652 1174 686 χιιίων·
1191 651 1248 677 ἀλλ’
1265 651 1323 676 ἐκεῖ
1339 649 1388 685 μὲν
1403 646 1547 682 ἀνομιῶν
1562 645 1672 681 ἀνομίαι
1685 644 1712 670 δὲ
1725 641 1796 679 ἦσαν
1807 643 1859 669 πά-

1065 698 1108 724 λαι
1123 698 1186 732 ἡμῖν
1204 695 1396 732 πεπραγμέναι
1414 693 1466 730 πρὸ
1480 693 1529 728 τῆς
1554 691 1602 718 τοῦ
1626 691 1700 717 θείου
1715 690 1797 726 νόμου
1810 689 1861 715 ὐπ-

1066 745 1162 779 ακοῆς,
1180 744 1282 774 αἵτινες
1309 743 1421 773 εἰκότως
1441 741 1552 778 ἀρχαῖαι
1574 739 1705 774 εῖρηνται.
1717 736 1790 772 Πρὸς
1807 735 1861 773 γὰρ

1063 791 1114 825 τῆς
1131 789 1177 816 τοῦ
1195 789 1261 816 Θεοῦ
1280 788 1406 823 γνώσεως
1422 788 1457 814 τὰ
1477 786 1711 821 πλημμελούμενα
1724 784 1790 818 ἡμῖν
1801 783 1860 810 ἀνο-

1065 838 1177 872 μήματα
1191 835 1223 871 ἦν
1240 837 1355 871 ἀρχαῖα·
1378 834 1425 861 νῦν
1448 833 1486 864 δὲ,
1504 833 1548 859 ὅτε
1572 831 1605 858 τὰ
1628 833 1678 866 τῆς
1694 830 1776 865 εὐχῆς
1792 830 1858 856 ἀνα-

1064 883 1220 917 πέμπομεν,
1235 881 1326 908 οὐκέτι
1344 882 1392 916 μὲν
1413 881 1538 915 ἀνομίας,
1557 877 1694 913 ἁμαρτίας
1710 876 1737 903 δὲ
1754 876 1859 907 ἑαυτοῖς

227 930 366 965 proferant
381 930 504 957 dicentes
521 937 575 955 :——
587 927 671 955 Vens.
694 928 738 955 10.
757 927 807 954 Ubi
824 933 862 954 est
879 927 949 954 Deus
969 935 1009 953 eo-

1065 929 1238 964 συνοίδαμεν*
1265 927 1332 954 ἀλλὰ
1359 927 1405 953 καὶ
1435 925 1535 956 ταύτας
1561 922 1702 958 ἱλασθῆναι
1730 921 1858 955 ἀξιοῦμεν

227 978 306 1004 rum?
320 977 354 1003 At
372 976 449 1007 illud,
462 974 518 1006 ubi,
540 975 633 1002 dicere
643 982 783 1009 nunquam
798 974 1009 1009 permittuntur;

226 1024 272 1051 sed
285 1029 311 1050 tu
324 1022 452 1050 Servator
463 1026 556 1049 noster
569 1021 737 1056 conspicuus
743 1020 866 1050 elfcctus,
877 1019 1012 1046 ulciscere

226 1069 387 1104 sanguinein
403 1075 546 1096 servorum
567 1072 689 1100 tuorum,
706 1067 754 1102 qui
774 1066 877 1094 ell'usus
899 1071 951 1093 est.
970 1066 1010 1093 Ad

225 1116 283 1143 haec
294 1116 321 1142 in
338 1115 466 1150 precibus
479 1119 602 1149 tempore
620 1113 821 1149 persecutionis
836 1112 951 1140 dicenda
966 1113 1008 1139 in—

224 1161 381 1193 stiltlilnur,
398 1160 550 1187 hostiarum
576 1164 603 1187 et
633 1159 857 1187 holocaustorum
876 1159 935 1186 loco
950 1166 1011 1186 san-

223 1207 331 1241 guinem
351 1210 510 1233 sanctorum
527 1209 677 1240 martyrum
695 1210 889 1240 proponentes,
913 1212 945 1232 ac
963 1205 1010 1231 hu-

223 1255 345 1298 iusmodi
371 1263 588 1297 supplicationes
609 1263 775 1290 emittentes.
807 1262 870 1289 llaec
900 1269 1010 1297 quoque

192 1329 201 1341 ,
223 1315 286 1337 ante
297 1318 349 1337 nos
365 1310 412 1344 qui
436 1310 463 1336 in
478 1308 594 1336 Judaico
620 1310 722 1344 populo
743 1309 842 1336 similia
872 1313 936 1335 sunt
955 1316 1011 1342 per-

223 1357 306 1391 pessi,
325 1359 476 1384 memorato
492 1361 614 1391 tempore
628 1355 720 1383 dicere
731 1356 918 1382 edocebantur
935 1365 941 1382 :
956 1363 1010 1389 quo

220 1407 248 1430 «ιε,
265 1403 335 1437 apud
348 1403 410 1431 illos
421 1402 550 1438 generosi
566 1407 700 1437 martyres
715 1401 923 1429 commonstrati
936 1406 1009 1429 sunt.

221 1449 324 1476 llorum
345 1450 469 1476 meminit
499 1448 718 1476 Machabzeorum
746 1449 882 1483 scriptura
908 1449 954 1475 “z
983 1449 1009 1475 in

219 1496 308 1530 iisque
319 1499 379 1522 erat
394 1495 543 1523 Eleazarus
558 1496 600 1523 vir
612 1495 740 1526 illustris.
756 1499 836 1522 mtate
851 1500 1009 1530 provectus,

219 1542 264 1575 qui
280 1549 440 1577 generosam
453 1545 570 1569 mortem
585 1549 636 1577 pro
652 1542 752 1577 pietate
769 1549 833 1577 erga
853 1543 936 1569 Deum
947 1544 1010 1570 vita:

219 1590 346 1624 praetulit.
364 1589 416 1616 Sed
428 1590 509 1616 etiam
523 1590 647 1624 quaedam
660 1589 793 1616 mirabilis
810 1594 912 1624 septem
930 1589 1007 1616 lilio—
1023 1589 1044 1618 C

171 1670 174 1673 '
219 1643 279 1661 rum
297 1639 395 1667 mater,
412 1636 562 1663 certamine
586 1636 709 1671 martyrii
732 1636 806 1663 omni
822 1636 901 1663 laude
917 1644 1006 1671 supe-

219 1683 276 1708 iior
302 1682 444 1717 perfuncta
461 1687 518 1716 est;
547 1682 595 1709 lilii
619 1691 729 1718 quoque
754 1683 827 1710 illius
843 1687 946 1718 septem
961 1691 1006 1709 va-

220 1729 275 1755 rias
292 1735 397 1763 pugnas
410 1729 571 1760 subeuntes,
587 1728 705 1756 faustam
718 1730 928 1764 perseverantiae
950 1730 1006 1756 vir—

219 1779 302 1802 tutem
318 1775 466 1803 exhibuere
479 1776 513 1801 ".
531 1775 584 1802 Alii
601 1783 711 1810 quoque
726 1776 836 1810 plurimi
853 1776 942 1803 sancti
955 1775 1004 1802 viri

219 1823 303 1853 fuere,
311 1829 425 1857 quorum
435 1826 548 1850 mortem
555 1826 581 1849 et
591 1822 733 1857 sanguinis
742 1822 901 1849 ell'usionem
911 1822 938 1849 in
947 1829 1006 1848 ora-

217 1870 292 1896 tione
306 1876 397 1897 sermo
408 1872 605 1896 commemorat
622 1868 667 1896 his
681 1869 771 1896 rerbis
791 1878 797 1896 :
813 1867 847 1894 Et
859 1869 1005 1896 innotescat

217 1917 244 1942 in
256 1915 408 1942 nationibus
422 1923 512 1942 coram
522 1915 607 1942 oculis
620 1916 718 1942 nostris
729 1916 796 1942 ultio
804 1915 941 1950 sanguinis
949 1924 1005 1942 ser-

218 1971 307 1989 vorum
315 1967 431 1994 tuorum,
443 1962 488 1998 qui
496 1962 596 1996 eﬂ'usus
604 1966 653 1989 est.
663 1962 715 1989 Alii
724 1961 833 1997 quidem
845 1962 1006 1997 sanguinem

218 2017 297 2036 suum
313 2010 391 2044 quasi
408 2009 539 2036 libamina
555 2017 605 2044 pro
621 2013 676 2036 tota
690 2013 770 2044 gente
783 2009 936 2041 tradidere;
959 2009 1005 2035 alii

217 2062 281 2081 vero
297 2062 351 2081 non
370 2054 470 2081 similia
487 2056 572 2089 passil
590 2055 643 2082 alio
664 2055 746 2083 modo
762 2063 811 2090 pro
835 2056 935 2090 pietate
948 2063 1006 2082 cer-

220 2104 310 2127 tamen
330 2100 453 2127 inierunt
477 2101 634 2128 carceribus
662 2102 822 2137 mancipati,
842 2106 869 2129 et
889 2102 1005 2129 vinculis

217 2157 370 2184 constricti.
387 2156 509 2189 Quorum
526 2157 590 2184 item
617 2159 735 2193 gemitus
753 2163 779 2186 et
798 2159 907 2186 dolores
923 2160 1006 2186 labo-

216 2211 316 2237 resque
329 2207 483 2238 opportune
496 2203 523 2230 in
539 2204 665 2231 oratione
681 2211 877 2232 commemorat
890 2205 1003 2233 dicens:

1062 975 1106 1001 διὰ
1121 975 1151 1001 τὸ
1167 973 1380 1008 ἐπεκεκλημένον
1397 973 1462 1007 ἡμῖν
1480 972 1525 997 σὺν
1541 970 1636 1005 ὄνομα.
1651 968 1703 995 Τοῦ
1723 967 1777 1003 γὰρ
1792 975 1857 994 σαυ-

1062 1020 1108 1047 τοῦ
1123 1021 1279 1055 φειδόμενος
1300 1020 1431 1054 ὀνόματος
1453 1017 1499 1044 τοῦ
1517 1016 1683 1052 κοσμοῦντος
1699 1015 1783 1050 ἡμᾶς,
1803 1013 1859 1040 ἱλά-

1063 1067 1140 1102 σθητι
1156 1068 1215 1098 ταῖς
1232 1065 1382 1101 ἁμαρτίαις
1401 1064 1491 1100 ἡμῶν,
1509 1064 1624 1098 μήποτε,
1645 1060 1772 1092 λαϐόντες
1785 1060 1859 1095 ἡμᾶς

1063 1112 1235 1147 ὑποχειρίους
1253 1112 1277 1137 οἱ
1295 1110 1396 1145 ἐχθροὶ,
1412 1109 1631 1144 βλασφημήσωσι
1651 1106 1682 1133 τὸ
1708 1106 1753 1133 σὺν
1774 1105 1860 1140 ονομα

1061 1159 1200 1192 λέγοντες·
1228 1157 1291 1184 Ποῦ
1313 1157 1399 1183 ἐστιν
1422 1157 1438 1182 ό
1463 1155 1535 1187 Θεὸς
1559 1152 1677 1185 αὺτῶν;
1701 1152 1781 1179 Ἀλλὰ
1803 1151 1857 1187 γὰρ

1061 1203 1139 1229 τοίτο
1157 1203 1217 1237 μὲν,
1232 1201 1302 1234 ποῦ,
1318 1202 1406 1227 εἰπεῖν
1420 1200 1512 1231 αὐτοῖς
1528 1198 1565 1234 μὴ
1583 1196 1789 1233 συγχωρηθείη·
1809 1197 1858 1232 ὲμ-

1062 1249 1147 1283 φανὴς
1161 1248 1190 1274 δὲ
1203 1247 1348 1282 γενόμενος
1365 1247 1397 1272 σὺ
1414 1246 1494 1277 αὐτὸς
1512 1246 1525 1271 ὁ
1543 1244 1638 1280 Σωτὴρ
1652 1243 1730 1279 ἡμῶν
1751 1242 1801 1278 τὴν
1814 1242 1859 1268 ἐκ·

1061 1293 1167 1328 δίκησιν
1182 1292 1292 1326 ποίησαι
1308 1290 1354 1317 τοῦ
1371 1290 1486 1325 αἵματος
1509 1289 1563 1317 τῶν
1576 1288 1676 1315 δούλων
1692 1296 1738 1314 σου
1752 1286 1800 1314 τοῦ
1814 1288 1858 1313 ὲκ-

1061 1338 1219 1373 κεχυμένου.
1234 1337 1325 1363 Ταῦτα
1335 1335 1425 1369 λέγειν
1445 1336 1473 1362 ἐν
1486 1335 1578 1369 εὐχαῖς
1590 1333 1774 1369 παιδευόμεθα
1787 1331 1858 1360 κατὰ

1061 1384 1124 1415 τοὺς
1141 1383 1194 1410 τῶν
1208 1383 1335 1418 διωγμῶν
1349 1382 1471 1417 καιροὺς,
1490 1380 1550 1407 ἀντὶ
1567 1380 1662 1411 θυσίας
1679 1381 1726 1406 καὶ
1749 1379 1858 1406 ὁλοκαυ-

1061 1430 1195 1465 τωμάτων
1217 1429 1252 1456 τὰ
1274 1429 1377 1464 αἵματα
1395 1427 1449 1454 τῶν
1470 1427 1554 1460 ἁγίων
1573 1425 1718 1461 μαρτύρων
1739 1424 1858 1461 1:906:11-

1062 1476 1168 1511 λόμενοι
1184 1496 1190 1505 ,
1225 1475 1272 1501 καὶ
1302 1474 1430 1505 τοιαύτας
1460 1472 1669 1507 ἀναπέμποντες
1706 1471 1855 1507 ἱκετηρίας.

1062 1522 1155 1548 Ταῦτα
1169 1521 1197 1547 δὲ
1214 1522 1260 1547 καὶ
1277 1521 1330 1556 πρὸ
1344 1520 1422 1555 ἡμῶν
1443 1521 1466 1546 οἱ
1488 1520 1517 1546 ὲν
1534 1519 1573 1554 τῷ
1591 1518 1724 1545 Ἰουδαίων
1737 1518 1809 1545 ἔθνει
1825 1518 1858 1546 τὰ

1062 1569 1142 1603 ὅμοια
1157 1567 1321 1598 πεπονθότες
1335 1567 1404 1593 κατὰ
1424 1567 1469 1593 τὸν
1489 1565 1643 1602 δηλωθέντα
1659 1565 1753 1600 καιρὸν
1768 1564 1857 1599 λέγειν

1060 1613 1246 1640 ἐδιδάσκοντο·
1269 1613 1329 1639 καθ’
1351 1613 1380 1639 ὃν
1399 1613 1463 1647 παρ’
1485 1612 1576 1643 αὐτοῖς
1590 1612 1707 1646 γενναῖοι
1722 1610 1857 1646 μάρτυρες

1059 1659 1269 1694 ἀπεδείχθησαν.
1282 1656 1332 1685 Ὧν
1349 1659 1484 1694 μέμνηται
1504 1660 1521 1693 ὴ
1541 1658 1635 1693 γραφὴ
1654 1657 1708 1684 τῶν
1723 1656 1857 1692 καλουμέ-

1059 1706 1111 1733 νῶν
1125 1705 1329 1732 Μακκαΰαίων·
1348 1706 1376 1731 ἐν
1393 1703 1433 1738 οἷς
1454 1703 1487 1741 ἦν
1506 1705 1668 1740 Ἐλεάζαρος
1686 1713 1738 1736 τις,
1757 1704 1857 1738 ἐπιφα-

1059 1752 1106 1787 νὴς
1129 1752 1209 1787 ἀνὴρ,
1230 1750 1407 1787 προϐεϐηκὼς
1430 1751 1479 1786 μὲν
1501 1751 1550 1786 τὴν
1567 1750 1685 1786 ἠλικίαν,
1704 1749 1734 1776 τὸ
1755 1749 1784 1776 δὲ
1798 1749 1855 1784 μετ’

1059 1798 1181 1829 εὐκλείας
1206 1797 1320 1824 θάνατον
1340 1799 1388 1833 τῆς
1405 1798 1477 1832 ζωῆς
1493 1798 1577 1832 αὐτῆς
1598 1796 1771 1832 προτιμήσας
1786 1795 1856 1830 ὑπὲρ

1059 1844 1107 1880 τῆς
1121 1845 1161 1876 εἰς
1177 1844 1221 1871 τὸν
1241 1844 1306 1870 Θεὸν
1329 1843 1479 1875 εὐσεϐείας.
1502 1843 1582 1869 Ἀλλὰ
1605 1842 1652 1869 καὶ
1674 1843 1767 1880 μήτηρ
1788 1840 1858 1868 ἑπτὰ

1059 1892 1161 1918 παίδων
1178 1891 1318 1927 θαυμασία
1342 1900 1382 1924 τις
1400 1892 1446 1918 καὶ
1461 1891 1531 1926 ὑπὲρ
1550 1891 1637 1917 πάντα
1651 1890 1728 1924 λόγον
1744 1889 1857 1925 ὲναθλή-

1059 1947 1129 1966 σασα
1139 1938 1178 1973 τῷ
1192 1938 1339 1974 μαρτυρίῳ
1350 1947 1357 1953 ·
1372 1938 1465 1969 παῖδές
1480 1946 1509 1963 τε
1520 1936 1622 1972 ταύτης
1634 1936 1703 1963 ἑπτὰ
1716 1935 1855 1971 διαφόροις

1060 1984 1225 2016 ὑποστάντες
1246 1984 1353 2016 ἄθλοις,
1378 1984 1495 2017 ἐξαίσιον
1518 1983 1618 2018 ἀρετὴν
1640 1982 1789 2018 καρτερίας
1811 1981 1855 2007 ὲνο

1060 2029 1203 2062 εδείξαντο.
1219 2029 1311 2056 Ἄλλοι
1326 2038 1356 2055 τε
1376 2028 1452 2064 παρὰ
1467 2028 1570 2060 τούτοις
1589 2028 1709 2054 πλεῖστοι
1724 2028 1804 2059 ὅσιοι,
1817 2023 1854 2054 ὧν

1059 2075 1109 2110 τῆς
1119 2075 1248 2110 τελευτῆς
1264 2076 1311 2102 καὶ
1324 2075 1377 2101 τῶν
1393 2074 1515 2110 αἱμάτων
1528 2074 1578 2108 τῆς
1599 2073 1736 2109 ὲκχὺσεως
1752 2072 1796 2099 διὰ
1806 2072 1855 2107 τῆς

1059 2122 1139 2156 εὐχῆς
1155 2121 1330 2157 μνημονεύων
1347 2121 1360 2147 ὁ
1373 2121 1450 2155 λόγος
1471 2121 1552 2156 φησί·
1567 2120 1621 2147 Καὶ
1643 2119 1806 2154 γνωσθήτω
1820 2118 1855 2145 ἐν

1058 2167 1120 2199 τοῖς
1134 2167 1255 2194 ἔθνεσιν
1269 2166 1397 2193 ἐνώπιον
1414 2166 1473 2193 τῶν
1489 2165 1653 2200 ὀφθαλμῶν
1668 2165 1753 2200 ἡμῶν
1766 2165 1786 2199 ἡ
1803 2165 1853 2191 ἑκ-

1059 2212 1179 2246 δίκησις
1193 2213 1247 2240 τοῦ
1261 2212 1385 2246 αἵματος
1401 2211 1461 2238 τῶν·
1480 2211 1598 2238 δούλων
1615 2218 1673 2238 σου
1703 2209 1756 2237 τοῦ
1775 2210 1854 2238 ἐκκε-

215 2264 249 2269 ——
265 2249 348 2279 Vens.
363 2250 407 2277 ll.
426 2249 546 2277 Introeat
558 2251 585 2277 in
596 2256 734 2285 conspectu
749 2257 793 2278 tuo
805 2253 917 2286 gemitus
932 2261 1005 2280 com-

1061 2258 1201 2293 γυμένου.
1215 2259 1246 2285 Oi
1261 2259 1309 2294 μὲν
1326 2258 1360 2285 τὰ
1383 2258 1486 2293 αἵματα
1504 2257 1607 2284 ἑαυτῶν
1626 2257 1720 2292 ὥσπερ
1738 2256 1854 2287 σπονδὰς

215 2297 373 2329 peditatum.
387 2297 564 2333 Compeditos
575 2305 651 2331 vero,
668 2306 721 2325 non
735 2299 825 2326 labere
837 2299 860 2326 si
872 2299 949 2328 dicas
957 2308 1004 2328 eos

215 2351 276 2372 esse
292 2344 338 2379 qui
367 2344 395 2371 in
419 2344 582 2372 mortalibus
608 2344 772 2379 corporibus
796 2349 853 2371 toto
869 2346 931 2373 vitae
948 2354 1004 2374 suae

215 2394 339 2425 tempore
352 2390 482 2418 macerati
500 2394 575 2418 sunt.
591 2390 687 2423 Qualis
697 2395 756 2417 erat
770 2390 873 2418 Paulus
889 2391 1002 2419 dicens:

219 2435 273 2462 Nos
299 2441 388 2463 autem
409 2437 521 2464 viventes
549 2437 577 2463 in
600 2436 784 2471 tabernaculo,
807 2438 1003 2473 ingemiscimus

214 2483 317 2516 gravati
330 2483 371 2515 '3;
388 2487 415 2510 et
427 2491 554 2511 rursum:
574 2483 672 2518 Infelix
683 2492 728 2519 ego
745 2484 832 2516 homo,
847 2486 904 2520 quis
920 2494 960 2513 mc
972 2486 1005 2513 li-

215 2529 315 2556 berabit
325 2528 357 2555 de
371 2537 479 2563 corpore
494 2531 587 2556 mortis
603 2530 681 2565 hujus
695 2531 739 2557 ‘7?
764 2531 845 2559 Tales
858 2537 938 2560 erant
954 2532 1002 2560 Dei

217 2575 366 2610 propheta.
390 2583 541 2610 omnesque
569 2576 616 2611 qui
641 2577 668 2604 in
687 2578 852 2612 corporibus
878 2579 936 2606 suis
954 2587 1004 2606 nec

215 2618 322 2646 deliciis
338 2625 388 2645 nec
400 2619 586 2653 voluptatibus
602 2621 686 2648 dediti
705 2621 826 2650 fuerunt.
849 2623 896 2650 sed
910 2629 1005 2650 contra

216 2664 298 2690 vitam
319 2668 397 2692 suam
417 2664 537 2693 alllixere
560 2666 686 2700 jejuniis,
712 2667 866 2699 laboribus,
889 2669 1004 2704 aliisque

216 2710 344 2737 asceticis
358 2711 607 2744 macerationibus;
627 2713 674 2748 qui
697 2721 752 2740 non
767 2722 816 2747 pro
831 2722 861 2742 se
885 2719 1003 2748 tantum,

215 2755 262 2783 sed
277 2757 359 2783 etiam
372 2764 423 2791 pro
438 2760 496 2784 toto
511 2758 612 2792 popqu
630 2759 685 2785 imo
696 2764 806 2793 pectore
816 2760 850 2786 ad
864 2760 946 2787 Deum
962 2761 1003 2787 in-

218 2801 411 2835 geniscebant.
426 2803 517 2836 Quare
538 2804 639 2831 dicitur
658 2814 662 2831 :
685 2804 802 2832 Iulrocnt
821 2806 846 2832 in
864 2813 1003 2841 conspectu

247 2879 271 2895 εδ
290 2878 311 2906 ΙΙ
327 2879 415 2907 lllaeh.
435 2889 478 2909 vr.
498 2881 541 2907 18η
581 2883 602 2899 ⁸⁸
625 2882 646 2910 ll
662 2885 748 2913 Μειρίι
768 2891 816 2911 vn.

252 2926 292 2963 ὁ)
311 2928 364 2962 Γρ.
383 2928 514 2964 εἱργμοίς.

1058 2305 1130 2339 (resp
1151 2304 1198 2331 τοῦ
1215 2305 1315 2336 παντὸς
1335 2305 1427 2336 ἔθνους
1448 2303 1644 2331 ἐκδεδώκασιν·
1667 2304 1691 2330 oi
1712 2302 1751 2335 δὲ,
1768 2302 1806 2338 μὴ
1820 2301 1854 2328 τὰ

1061 2352 1137 2386 {pora
1154 2350 1256 2383 τούτοις
1267 2350 1439 2383 πεπονθότες,
1448 2350 1519 2386 ἄλλῳ
1528 2350 1622 2386 τρόπῳ
1633 2349 1678 2376 τὸν
1695 2349 1766 2383 ὑπὲρ
1776 2349 1854 2375 εὐσε-

1059 2397 1135 2428 ὀείας
1147 2397 1295 2432 ὑπέμειναν
1308 2397 1411 2431 ἀγῶνα,
1420 2396 1511 2432 ἔργοις
1523 2396 1559 2431 (Ι)
1574 2396 1621 2422 καὶ
1633 2395 1742 2430 δεσμοῖς
1758 2393 1853 2421 πεδού-

1061 2451 1147 2477 μενοι.
1164 2439 1214 2468 Ὧν
1230 2443 1276 2468 καὶ
1293 2441 1381 2468 αὐτῶν
1399 2442 1462 2473 τοὺς
1483 2442 1651 2476 στεναγμοὺς
1670 2441 1717 2467 καὶ
1732 2440 1781 2472 τὰς
1798 2439 1854 2467 666-

1059 2497 1107 2519 νας
1123 2488 1169 2515 καὶ
1184 2487 1247 2519 τοὺς
1266 2487 1364 2519 πόνους
1378 2487 1513 2522 εὐκαίρως
1531 2487 1575 2515 διὰ
1588 2487 1638 2522 τῆς
1658 2486 1740 2521 εὐχῆς
1752 2486 1853 2521 ἀναμι-

1060 2536 1174 2569 μνήσκει
1190 2534 1293 2568 λέγων·
1318 2534 1485 2562 Εἱσελθέτω
1507 2533 1635 2560 ἐνώπιόν
1664 2541 1722 2560 σου
1742 2534 1758 2560 ό
1783 2541 1851 2560 στε-

1055 2580 1167 2614 ναγμὸς
1187 2579 1246 2606 τῶν
1263 2579 1485 2614 πεπεδημένων.
1522 2579 1730 2614 Πεπεδημένους
1750 2578 1779 2605 δὲ
1803 2579 1852 2605 οὐκ

1056 2626 1088 2653 ἂν
1106 2626 1238 2661 ἁμάρτοις
1253 2626 1337 2656 εἰπὼν
1352 2626 1398 2653 καὶ
1413 2626 1477 2657 τοὺς
1495 2626 1524 2651 ὲν
1546 2626 1602 2656 τοῖς
1619 2624 1726 2660 θνητοῖς
1744 2623 1852 2659 σώμασι

1058 2671 1147 2697 πάντα
1170 2667 1217 2697 τὸν
1230 2671 1279 2706 τῆς
1302 2671 1375 2706 ζωῆς
1392 2670 1482 2697 αὐτῶν
1505 2670 1561 2705 βίον
1587 2669 1850 2705 κατατρυχομένους.

1062 2716 1169 2747 ’ίὶποῖος
1182 2713 1215 2750 ἦν
1229 2716 1334 2747 Παῦλος
1355 2715 1455 2750 λέγων·
1472 2715 1571 2749 Ἡμεῖς
1589 2716 1616 2742 οῙ
1628 2714 1734 2747 ζῶντες
1753 2714 1789 2741 ἐν
1811 2714 1851 2747 τῷ

1059 2762 1167 2795 σκήνει
1190 2762 1368 2796 στενάζομεν
1380 2762 1579 2796 ,βαρούμενοιι
1608 2762 1655 2787 καὶ
1679 2760 1775 2787 πάλιν·
1797 2762 1850 2787 Ta-

1058 2808 1206 2841 .tuimofoq
1228 2808 1284 2842 ἐγὼ
1307 2807 1471 2841 ἅνθρωπος,
1491 2808 1536 2840 τίς
1552 2816 1589 2842 με
1605 2807 1729 2841 ῥύσεται
1748 2805 1783 2833 ἐκ
1797 2803 1848 2833 τοῦ

856 2884 878 2901 ⁵⁸
898 2883 920 2912 ll
937 2884 999 2912 Cor.
1019 2893 1044 2917 ν,
1063 2885 1090 2916 ὥ.
1129 2886 1150 2902 ⁵⁷
1171 2885 1250 2914 llom.
1269 2893 1323 2914 vn.
1342 2885 1386 2913 25.
