2024 3214
587 187 725 216 EUSEBll
748 186 994 215 CJESARIENSIS
1011 185 1087 214 OPP.
1110 185 1201 214 PARS
1218 186 1262 216 Ill.
1282 203 1318 209 —
1335 187 1539 217 EXEGETICA.

1823 189 1876 217 952

247 245 391 281 preliendat
415 254 468 273 eos.
487 245 550 272 Fiat
569 246 700 274 habitatio
719 254 810 274 eorum
831 246 946 279 deserta,
965 250 989 273 et
1006 245 1015 271 i

1068 244 1133 273 ,καὶ
1160 244 1214 271 τὸν
1244 245 1340 273 νῶτον
1367 246 1460 273 αὐτὸν
1492 246 1652 281 διαπαντὸς
1682 248 1873 283 σύγκαμψον.

247 291 427 319 tabernaculis
448 300 538 320 eorum
557 301 609 320 non
632 294 668 320 sit
682 293 727 328 qui
747 293 885 321 inhabitet.
903 293 1034 326 Quoniam

245 345 322 373 quem
338 342 366 364 tu
379 339 532 373 percussisti
545 339 674 374 persecuti
689 344 761 371 sunt,
784 344 809 367 et
824 348 902 375 super
916 339 1034 367 dolorem

245 384 384 411 ulnarum
410 392 528 412 meorum
547 385 718 413 addiderunt.
737 386 768 413 Hi
791 387 900 422 quidem
923 386 1034 414 Davidts

244 433 320 458 Sunt.
336 429 468 459 Filiorum
483 439 548 460 vero
558 432 640 461 ‘Core
661 440 734 465 wa,
751 433 796 460 cui
813 433 918 464 titulus.
934 432 987 461 Pro
999 433 1032 460 iis

243 476 290 508 qui
316 478 568 512 eommutabuntur,
596 479 733 507 canticum
760 487 810 514 pro
839 479 942 507 Dilecto
964 480 1032 507 emi-

243 522 290 553 sit,
317 523 398 558 cujus
426 523 572 551 adventum
598 523 761 559 vaticinans,
786 526 956 553 vocationem
981 525 1032 552 Ec-

242 566 335 595 clesiae
352 576 385 596 ex
402 569 530 604 gentibus
552 569 666 603 addidit,
681 571 732 598 hoc
743 579 802 598 eam
816 571 896 598 modo
911 571 1032 599 subindi-

242 620 310 641 cans
325 624 331 641 :
344 614 427 647 Audi,
449 616 519 650 ﬁlia,
536 621 561 643 et
577 617 644 649 vide,
668 622 693 644 et
711 618 811 646 inclina
838 626 928 645 aurem
945 623 1029 650 tuum,

240 663 266 685 et
280 659 433 688 obliviscere
441 662 567 696 populum
584 669 655 690 tuum
669 669 692 691 et
708 663 816 691 domum
827 665 911 699 patris
927 665 974 692 tui.
995 665 1029 692 Et

240 707 405 741 concupiscet
421 716 468 735 rex
481 709 600 736 decorem
613 715 697 743 tuum,
709 712 834 746 quoniam
851 713 906 746 ipse
919 717 958 739 est
972 711 1029 739 Do-

239 754 326 781 minus
341 758 413 787 tuus,
428 759 453 781 et
472 755 621 783 adorabunt
631 764 701 789 eum,
716 757 774 789 filia
793 757 856 792 Tyri
869 758 896 784 in
913 759 1029 785 muneri-

238 801 297 828 bus.
312 800 414 829 Eodem
430 802 522 837 itaque
541 802 621 829 modo
637 803 682 830 hic
701 811 782 838 quem
795 807 958 837 tractamus,
972 805 1026 832 Pro

237 847 271 875 iis
289 848 335 882 qui
353 847 584 874 commutabuntur
607 848 768 884 inscriptus,
787 857 820 877 ac
835 850 863 877 in
883 849 963 877 linem
985 859 1027 879 re-

236 894 358 925 mittens,
377 893 479 921 Christi
494 895 653 927 adventum,
667 895 775 923 Judaici
800 897 893 932 populi
909 898 1023 933 captivi-

236 942 320 966 tatem
339 943 366 966 et
383 938 634 974 HierOsoLymorum
656 940 813 969 incendium
824 942 922 977 quoda
939 943 1022 979 Baby-

235 984 318 1013 lonlis
332 984 434 1012 factum
451 990 493 1014 est
516 987 692 1021 praenuntiat.
709 986 802 1015 Primo
815 988 925 1023 quidem
949 989 1024 1016 ordi-

234 1033 280 1057 tur
294 1030 328 1058 ab
340 1031 416 1059 exitu
433 1030 591 1060 Judzeorum
611 1041 645 1060 ex
663 1033 792 1069 Egypto,
811 1040 838 1062 et
855 1035 1023 1064 habitatione

184 1096 187 1099 .
232 1083 327 1104 eorum
351 1078 379 1105 in
407 1077 550 1108 Palestina
573 1089 580 1107 :
603 1079 702 1108 deinde
729 1080 822 1115 adjicit
851 1082 1022 1110 obsidionem

232 1126 294 1158 post
323 1123 381 1151 haec
408 1124 443 1152 ab
467 1124 587 1160 Assyriis
611 1129 638 1153 et
662 1125 820 1161 Babyloniis
845 1127 944 1155 factam
964 1128 1021 1156 :ad

231 1168 290 1197 hac
320 1174 412 1198 autem
440 1170 669 1206 supplicationem
695 1171 812 1200 elIundit
839 1180 889 1208 pro
918 1173 1020 1202 Christi

230 1215 349 1244 adventu
376 1224 384 1244 ε
410 1224 471 1252 qua:
500 1216 656 1252 singulatim
689 1217 717 1245 in
751 1218 834 1254 hujus
871 1220 1020 1255 prophetia:

229 1261 457 1297 interpretatione
484 1263 706 1298 explicabuntur.
734 1263 814 1292 lnitio
839 1270 930 1293 autem
956 1274 1018 1293 eum

229 1307 276 1341 qui
299 1307 386 1341 pascit
407 1306 489 1335 lsrael
511 1308 634 1343 psalmus
657 1312 752 1337 evocat
767 1318 774 1337 :
787 1309 832 1337 hic
856 1317 938 1345 porro
960 1315 1019 1338 erat

228 1351 278 1379 Dei
297 1351 428 1385 Verbum,
454 1354 495 1381 uti
514 1352 674 1390 plerumque
697 1355 945 1391 comprobavimus,
972 1357 1018 1384 de-

227 1398 367 1426 clarantes
393 1406 448 1427 non
473 1398 557 1427 Deum
583 1401 630 1436 qui
656 1409 740 1437 super
763 1402 855 1429 omnia
878 1407 940 1433 est.
965 1403 1018 1431 sub

228 1443 348 1474 hominis
378 1445 463 1481 ﬁgura
492 1446 581 1474 visum
611 1446 767 1474 Abrahamo
796 1447 901 1482 fuisse;
929 1457 1018 1484 neque

227 1488 314 1525 Moysi
336 1491 448 1518 oracula
468 1491 581 1525 fudisse,
601 1500 652 1520 nec
677 1493 704 1521 in
721 1493 827 1522 deserto
842 1496 1016 1530 pmoessisse

226 1536 375 1571 populum;
388 1537 435 1565 sed
453 1537 526 1565 hunc
544 1546 598 1571 non
612 1539 695 1567 alium
707 1547 779 1572 esse.
791 1548 873 1575 quam
888 1549 950 1569 eum
968 1543 1015 1577 qui

224 1581 253 1611 in
267 1579 413 1617 Evangelia
434 1583 501 1610 dicit
516 1591 523 1609 ε
541 1584 688 1620 Antequam
711 1586 847 1614 Abraham
859 1588 949 1621 ﬁeret,
968 1597 1014 1624 ego
1029 1596 1050 1625 α

224 1626 333 1660 sum";
349 1632 386 1661 et,
403 1627 537 1655 Abraham
548 1634 624 1663 pater
643 1636 726 1658 vester
740 1632 882 1660 exsultavit
899 1639 927 1660 ut
942 1634 1014 1662 uide-

224 1677 264 1699 ret
275 1672 345 1700 diem
360 1681 458 1706 meum,
470 1678 495 1702 et
510 1674 616 1706 ridit,et
627 1677 732 1711 gavisus
747 1679 839 1706 est“‘.
850 1679 938 1713 Ipsum
950 1689 1015 1716 ergo

198 1752 200 1754 _
221 1718 280 1752 jam
295 1724 392 1746 evocat
404 1719 499 1748 dicens
516 1730 523 1748 :
541 1721 594 1754 Qui
602 1723 689 1756 pascis
707 1722 805 1758 Israel,
814 1725 928 1757 intende,
946 1730 1013 1760 ctc.,

224 1768 357 1800 rogatque
374 1770 404 1792 ut
429 1766 555 1794 ostendat
575 1767 672 1795 faciem
694 1777 772 1797 suam
798 1778 847 1805 pro
875 1773 1014 1800 communi

224 1811 348 1839 omnium
371 1812 475 1846 salute,
501 1814 704 1850 adventumque
728 1816 789 1850 ejus
809 1819 1012 1853 quamprimum

223 1856 382 1892 contingere
401 1859 538 1894 supplicat
561 1860 604 1888 his
621 1861 713 1889 verbis
729 1870 735 1887 :
752 1861 848 1890 Excita
868 1866 1012 1899 potentiam

211 1907 307 1935 tuam,
324 1909 349 1934 et
374 1905 432 1932 veni
446 1906 475 1932 ut
499 1907 587 1934 salvos
613 1907 699 1942 facias
716 1914 762 1935 nos
775 1917 785 1940 ;
800 1917 832 1936 ac
849 1911 930 1938 tertio
948 1919 1011 1939 cum

220 1948 299 1980 dicit,
313 1949 429 1977 Ostende
444 1951 540 1985 faciem
555 1958 648 1986 tuam,
662 1959 688 1981 et
700 1955 767 1981 salvi
781 1956 890 1984 erimus.
910 1956 1012 1986 Deinde

220 2002 287 2021 vero
303 1996 438 2024 adventus
452 1998 563 2026 modum
577 1998 699 2027 declarat
710 2000 805 2030 dicens
818 2009 825 2028 :
843 2002 906 2030 Fiat
917 2012 1011 2031 manus

221 2044 269 2068 tua
291 2048 369 2074 super
388 2042 473 2069 virum
487 2043 602 2072 dexterae
617 2050 678 2078 tute,
694 2051 719 2073 et
730 2055 809 2082 super
824 2049 910 2083 filium
925 2049 1012 2078 homi-

220 2085 274 2118 nis,
286 2094 361 2120 quem
380 2088 546 2125 conﬁrmasti
561 2090 619 2121 tibi.
631 2091 822 2127 lncorporeum
838 2102 955 2130 namque
965 2096 1010 2123 Dei

220 2130 341 2160 Verbum
363 2139 452 2168 rogat,
471 2138 501 2161 ut
518 2143 566 2170 per
589 2137 678 2164 virum
695 2138 815 2167 dextera:
832 2148 899 2173 suae,
921 2146 948 2168 et
962 2149 1011 2176 per

219 2177 319 2211 Filium
334 2179 452 2210 hominis
468 2182 617 2212 beneﬁcam
637 2185 765 2213 virtutem
785 2195 864 2218 suam
879 2190 1009 2221 omnibus

218 2224 360 2260 largiatur.
384 2226 475 2258 Divini
499 2229 592 2265 itaque
610 2235 637 2258 et
651 2232 781 2261 salutaris
808 2235 943 2264 adventus
957 2236 1009 2264 hac

1088 291 1213 325 Ἕκχεον
1225 292 1270 319 ἐπ’
1283 293 1394 328 αὺτρὺς
1417 293 1474 328 τὴν
1491 294 1586 329 ὀργήν
1600 302 1669 326 σου,
1687 294 1736 321 καί
1750 296 1767 322 ὀ
1783 295 1874 330 θυμὸς

1085 337 1139 371 τῆς
1160 337 1252 373 ἀρῆς
1272 346 1330 366 σου
1353 339 1513 367 καταλάϐοι
1538 341 1658 373 αὐτούς.
1678 340 1838 376 Γενηθήτω
1853 342 1872 377 ἠ

1083 383 1212 417 ἔπαυλις
1224 383 1324 411 αὐτῶν
1337 385 1526 420 ἠρημωμένη,
1551 386 1599 413 καί
1617 387 1653 414 ἐν
1675 387 1737 420 τοῖς
1754 386 1879 422 σκηνώο,

1080 436 1176 464 μασιν
1187 428 1287 456 αὐτῶν
1293 429 1337 464 μὴ
1348 431 1425 457 ἔστω
1442 433 1458 458 ὀ
1469 430 1614 458 κατοικῶν
1624 441 1631 448 ·
1643 431 1688 459 ὅτι
1700 432 1737 459 ὃν
1749 432 1790 460 σὺ
1802 432 1872 460 ἐπά-

1083 474 1176 508 ταξας
1190 475 1383 509 κατεδίωξαν,
1400 477 1449 504 καί
1469 477 1518 504 ἐπὶ
1541 478 1575 504 τὸ
1596 477 1690 513 ἄλγος
1705 477 1764 505 τῶν
1783 487 1870 513 τραυ-

1079 519 1182 554 μάτων
1207 530 1268 556 μου
1292 522 1492 557 προσέθηκαν.
1519 520 1598 553 Οὗτοι
1624 523 1674 559 μὲν
1700 522 1746 550 οὖν
1774 524 1800 552 οἱ
1824 523 1869 552 τοῦ

1081 566 1170 593 Δαυτδ.
1180 566 1241 594 Τῶν
1254 567 1282 594 δὲ
1298 568 1362 595 υίῶν
1370 569 1442 604 Κορέ
1454 570 1468 595 ό
1480 569 1531 604 μδ,
1539 569 1628 604 Ὑπὲρ
1642 569 1701 597 τῶν
1710 570 1870 605 ἀλλοιωθῆ-

1080 611 1217 646 σομένων
1230 612 1280 649 τὴν
1293 614 1447 650 ἐπιγραφὴν
1463 614 1542 649 ἔχων,
1559 615 1629 651 ᾠδὴν
1647 615 1788 651 ἀνέπεμπε
1800 615 1869 652 ὑπὲρ

1079 657 1127 684 τοῦ
1146 658 1312 694 Ἀγαπητοῦ,
1325 657 1355 687 οὖ
1374 660 1423 696 τὴν
1444 661 1593 696 παρουσίαν
1610 660 1740 694 θεσπίσας
1761 661 1870 688 ἐπισυν-

1079 704 1149 739 ῆπτε
1172 705 1222 740 τὴν
1243 705 1337 740 κλῆσιν
1361 706 1410 741 τῆς
1434 705 1463 738 ἐξ
1484 706 1568 732 ἐθνῶν
1591 706 1753 742 Ἐκκλησίας
1776 706 1870 735 τοῦτον

1079 750 1262 786 αἰνιττόμενος
1287 752 1333 779 τὸν
1358 753 1473 787 τρόπον·
1489 753 1644 785 Ἄκουσον,
1668 754 1803 788 θύγατερ,
1820 754 1868 781 καὶ

1078 797 1184 823 κλῖνον
1205 797 1238 824 τὸ
1259 795 1314 831 οὖς
1332 806 1400 831 σου,
1421 798 1471 825 καὶ
1487 799 1631 827 ἐπιλάθου
1648 799 1701 826 τοῦ
1718 799 1795 826 λαοῦ
1810 807 1868 828 σου

1077 843 1126 870 καὶ
1139 843 1191 870 τοῦ
1203 844 1289 870 obth
1302 844 1356 871 τοῦ
1370 845 1481 879 πατρός
1494 853 1563 872 σου.
1586 846 1640 873 Καὶ
1662 845 1838 881 ἐπιθυμήσει
1851 847 1868 874 d

1074 889 1225 922 βασιλεὺς
1244 890 1297 917 τοῦ
1317 890 1451 924 κάλλους
1469 898 1538 923 σου,
1556 891 1601 918 ὅτι
1616 891 1708 924 αὐτός
1722 891 1788 919 ἐστι
1811 891 1867 918 Κύ-

1071 935 1137 970 ριός
1160 944 1230 968 σου,
1251 936 1300 963 καὶ
1323 936 1596 971 προσκυνήσουσιν
1619 937 1714 970 αὐτῷ,
1736 936 1867 972 θυγάτηρ

1077 982 1170 1016 Τύρου
1186 982 1221 1009 ὲν
1236 982 1349 1016 δώροις.
1367 983 1444 1010 Κατὰ
1466 983 1512 1010 τὸν
1535 983 1616 1010 αὐτὸν
1635 981 1681 1010 οὖν
1699 984 1798 1019 τρόπον
1820 983 1867 1011 καὶ

1073 1029 1087 1054 ό
1102 1028 1170 1063 μετὰ
1183 1029 1374 1065 χεῖραςὙπὲρ
1394 1029 1452 1056 τῶν
1462 1030 1750 1065 Μλοιωθησομένων
1773 1031 1865 1065 ἐπιγι-

1071 1075 1242 1110 γραμμένος,
1267 1076 1315 1102 καὶ
1337 1077 1377 1107 εἰς
1402 1076 1432 1102 τὸ
1451 1076 1527 1108 τέλος
1548 1076 1728 1112 ἀναπέμπων,
1747 1075 1864 1112 Χριστοῦ
1915 1070 1923 1095 \

1071 1120 1231 1156 παρουσίαν,
1248 1121 1294 1148 τοῦ
1308 1130 1338 1148 τε
1359 1122 1491 1148 Ἰουδαίων
1502 1122 1594 1154 ἔθνους
1614 1123 1664 1158 τὴν
1679 1121 1864 1158 αίχμαλωσίαν

1071 1167 1117 1193 καὶ
1132 1167 1177 1193 τὸν
1192 1168 1354 1203 ἐμπρησμὸν
1367 1169 1415 1204 τῆς
1434 1169 1609 1204 Ἰερουσαλὴμ.
1621 1169 1650 1195 ὃν
1664 1168 1797 1196 πέπονθεν
1813 1168 1865 1195 ὑπὸ

1070 1212 1248 1240 Βαϐυλωνίων
1268 1216 1465 1250 προαναφωνεϊ.
1492 1214 1603 1250 Πρῶτον
1620 1216 1668 1250 μὲν
1690 1213 1736 1242 οὖν
1760 1214 1864 1252 διεξέρ-

1069 1267 1146 1294 χεται
1169 1259 1219 1296 τὴν
1245 1261 1292 1287 ἀπ’
1313 1260 1452 1296 Δίγύπου
1474 1261 1528 1288 τῶν
1548 1261 1683 1288 Ἰουδαίων
1701 1261 1800 1294 ἔξοδον,
1817 1260 1863 1288 καὶ

1068 1305 1118 1342 τὴν
1134 1306 1290 1342 κατοίκησιν
1304 1306 1394 1333 αὐτῶν
1408 1307 1455 1342 τὴν
1468 1307 1515 1334 ἐπὶ
1537 1307 1587 1342 τῆς
1601 1307 1655 1334 τῶν
1669 1307 1862 1342 ,Παλαιστίνων

1068 1354 1136 1389 γῆς·
1157 1352 1252 1380 ἔπειτα
1276 1354 1407 1381 συνάπτει
1422 1354 1471 1389 τὴν
1490 1353 1559 1390 μετὰ
1579 1354 1666 1380 ταῦτα
1688 1352 1861 1380 είσελθοῦσαιν

1068 1399 1158 1431 αὐτοῖς
1168 1399 1326 1433 πολιορκίαν
1334 1400 1387 1426 ὑπὸ
1401 1400 1550 1435 Ἀσσυρίων
1562 1400 1608 1426 καὶ
1616 1399 1795 1426 Βαϐυλωνίων
1814 1399 1861 1426 καὶ

1068 1444 1136 1480 πρὸς
1150 1443 1255 1476 τούτοις
1268 1445 1407 1480 ἱκετηρίαν
1426 1445 1563 1472 ἐκτίθεται
1576 1445 1647 1480 ὑπὲρ
1662 1446 1711 1481 τῆς
1728 1444 1776 1471 τοῦ
1793 1445 1860 1481 Xpt-

1068 1489 1131 1516 στοῦ
1145 1490 1317 1525 ἐπιφανείας-
1330 1490 1416 1518 ταῦτα
1428 1491 1456 1518 δὲ
1470 1490 1541 1518 κατὰ
1554 1491 1636 1527 μέρος
1648 1490 1817 1526 δειχθήσεται
1831 1492 1859 1518 ἐν

1067 1539 1099 1573 τῇ
1111 1537 1163 1565 τῶν
1174 1539 1419 1574 προφητευομένων
1435 1538 1581 1575 ἑρμηνείᾳ.-
1593 1538 1663 1565 κατὰ
1676 1538 1704 1565 δέ
1713 1538 1762 1575 τὴν
1772 1537 1859 1574 ἀρχὴν

1067 1583 1240 1611 ἀνακαλεῖται
1263 1586 1277 1611 ό
1293 1584 1399 1620 ψαλμὺς
1418 1585 1464 1611 τὸν
1483 1584 1660 1620 ποιμαίνοντα
1676 1584 1720 1611 τὸν
1740 1584 1857 1620 Ἰσραήλ·

1067 1626 1142 1663 οὗτος
1156 1631 1185 1657 δὲ
1199 1629 1233 1667 ἦν
1249 1632 1264 1658 ό
1277 1631 1324 1658 τοῦ
1339 1631 1406 1658 Θεοῦ
1417 1631 1512 1666 Λόγος,
1525 1631 1564 1663 ὡς
1581 1631 1708 1663 πολλάκις
1718 1627 1858 1664 ἀπεδείξα-

1067 1685 1116 1712 μεν
1127 1676 1322 1712 παριστῶντες,
1333 1677 1369 1712 μὴ
1381 1677 1426 1704 τὸν
1438 1677 1566 1704 ἐπέκεινα
1578 1676 1624 1704 τὸν
1636 1677 1704 1704 ὅλων
1711 1676 1778 1704 Θεὸν
1788 1676 1858 1705 εἶναι

1064 1723 1109 1750 τὸν
1120 1720 1209 1757 ὦφθαι
1219 1723 1259 1759 τῷ
1275 1724 1398 1759 Ἀϐραὰμ
1408 1725 1436 1751 ἐν
1448 1723 1542 1760 ἀνδρὸς
1559 1724 1676 1759 σχήματι
1687 1724 1857 1760 ἀναγεγραμ-

1066 1769 1156 1804 μένον,
1167 1769 1214 1796 καὶ
1223 1769 1261 1804 τῷ
1272 1770 1383 1796 Μωῦσεῐ
1394 1770 1634 1805 κεχρηματικέναι,
1649 1768 1695 1796 καὶ
1709 1770 1738 1795 ἐν
1751 1770 1784 1804 τῇ
1794 1769 1857 1804 ἐρή-

1066 1824 1108 1851 μῳ
1125 1815 1324 1851 προωδευκέναι
1336 1815 1384 1842 τοῦ
1393 1815 1467 1842 λαοῦ·
1484 1813 1552 1842 εἶναι
1568 1816 1596 1842 δὲ
1611 1815 1703 1842 τοῦτον
1716 1815 1856 1851 οὐδέτερον

1064 1861 1110 1888 τοῦ
1133 1861 1162 1888 ἐν
1190 1861 1368 1895 Εὑαγγελίοις
1395 1861 1549 1897 εἰρηκότος·
1571 1861 1647 1895 Πρὶν
1666 1861 1793 1896 Ἀϐραὰμ
1807 1869 1854 1896 τε-

1063 1907 1168 1934 νέσθαι
1179 1907 1236 1942 ἐγώ
1246 1908 1303 1942 ειμι
1314 1916 1321 1922 ·
1331 1908 1389 1939 καὶ,
1403 1907 1530 1942 Ἀϐραὰμ
1542 1909 1558 1934 d
1566 1906 1664 1942 πατὴρ
1673 1907 1756 1941 ὑμῶν
1764 1907 1855 1942 ἡται-

1062 1953 1189 1980 λιάσατο
1199 1954 1249 1980 ἵνα
1261 1954 1309 1988 Ζὸῃ
1322 1953 1380 1988 τὴν
1392 1954 1505 1988 ἡμέραν
1518 1954 1576 1989 τὴν
1587 1953 1674 1989 ἐμὴν,
1686 1954 1735 1980 καί
1746 1951 1792 1980 ἴδε
1804 1953 1853 1980 καὶ

1062 1999 1165 2034 ἐχάρη.
1195 2000 1281 2027 Αὐτὸν
1295 2000 1327 2036 δὴ
1341 1998 1387 2027 οὗν
1403 2001 1450 2027 ἐπὶ
1465 2000 1513 2026 τοῦ
1529 2000 1662 2036 παρόντος
1677 1999 1852 2027 ἀνακαλεῖται

1063 2045 1175 2080 φάσκων
1183 2054 1190 2060 ·
1199 2047 1230 2073 '0
1238 2047 1402 2081 ποιμαίνων
1410 2045 1463 2072 τὸν
1474 2046 1604 2080 Ἰσραὴλ,
1613 2047 1756 2080 πρόσχες,
1765 2046 1812 2073 καὶ
1818 2044 1853 2072 τὰ

1062 2092 1125 2128 ἑξῆς
1135 2112 1142 2124 ,
1156 2092 1287 2126 ἐπιφᾶναι
1296 2101 1326 2118 τε
1337 2092 1368 2119 τὺ
1377 2093 1521 2128 πρόσωπον
1532 2092 1614 2119 αὑτοῦ
1624 2092 1693 2127 ὺπέρ
1703 2091 1752 2127 τῆς
1760 2091 1852 2128 κοινῆς

1061 2139 1188 2166 ἁπάντων
1199 2139 1335 2174 σωτηρίας
1342 2139 1485 2172 ἀντιϐολεῖ,
1492 2139 1541 2175 τήν
1548 2147 1578 2165 τε
1586 2138 1737 2174 παρουσίαν
1745 2135 1851 2176 αὐτοῦῇ

1061 2184 1143 2219 τάχος
1163 2183 1289 2218 γενέσθαι
1310 2184 1381 2217 ἁξιοῖ
1394 2184 1480 2219 item»:
1490 2194 1496 2200 '
1512 2185 1678 2220 Ἐξέγειρον
1689 2184 1747 2219 τὴν
1758 2184 1851 2212 δυνὰ-

1061 2231 1166 2258 στείαν
1176 2239 1234 2257 σου
1241 2250 1249 2263 ,
1259 2230 1308 2258 καὶ
1318 2231 1388 2257 ἐλθὲ
1396 2251 1404 2263 ,
1412 2232 1456 2264 είς
1465 2230 1498 2257 τὸ
1507 2231 1605 2258 σῶσαι
1614 2230 1702 2266 ἡμᾶς.
1715 2231 1814 2267 Τρίτον
1822 2231 1850 2259 δὲ

217 2271 323 2303 ratione
347 2274 517 2307 mentionem.
532 2275 612 2310 fecit;
631 2277 739 2307 lsraelis
756 2287 822 2308 vero
846 2281 953 2309 ruinam
970 2283 1007 2310 ita

1068 2276 1156 2309 είπὼν,
1171 2277 1336 2312 Ἐπίφανον
1349 2276 1382 2303 τὸ
1395 2278 1557 2311 πρόσωπόν
1567 2285 1625 2304 σου
1635 2297 1642 2310 ,
1658 2277 1707 2304 καὶ
1715 2278 1850 2311 σωθησό-

215 2318 382 2350 vaticinatur
399 2327 406 2346 :
421 2319 519 2356 thuid
532 2321 689 2351 destruisti
704 2327 847 2353 maceriam
859 2328 938 2362 ejus?
953 2331 1007 2357 sci-

216 2363 280 2392 licet
290 2365 386 2397 vineat.
403 2374 485 2404 quam
507 2376 541 2396 ex
565 2369 682 2412 Egypto
699 2373 850 2406 transtulit,
868 2379 893 2400 et
917 2375 1007 2403 vinde-

215 2410 300 2438 miant
315 2420 373 2439 eam
388 2420 478 2441 omnes
488 2415 534 2449 qui
547 2417 799 2451 prtetergrediuntur
814 2419 893 2447 uiam.
906 2419 1004 2448 Exter—

214 2457 326 2484 minavit
336 2467 394 2485 eam
408 2467 471 2493 aper
489 2460 522 2488 de
529 2461 600 2488 silua
613 2481 620 2493 ,
635 2467 660 2489 et
674 2453 819 2499 singularis
834 2466 906 2500 ferus
924 2467 1005 2502 depa-

198 2506 271 2533 ,stus
288 2506 326 2528 est
340 2510 409 2543 eam.
423 2503 536 2531 Incensa
551 2505 606 2543 igni
620 2511 644 2533 et
657 2508 783 2542 suﬂ'ossa.
801 2509 864 2537 llaec
877 2511 910 2538 de
926 2511 1004 2540 vinea

214 2540 389 2582 percurrens,
401 2548 521 2580 Judaica:
533 2540 622 2587 gentis
637 2540 817 2586 vastationem
833 2559 1002 2592 praenuntia—

212 2595 268 2621 bat.
284 2593 349 2622 Jure
371 2596 463 2631 itaque
484 2598 512 2624 in
541 2599 620 2626 titulo
638 2600 696 2628 haec
720 2601 793 2628 dicta
816 2603 1003 2631 testimonium

214 2645 347 2669 vocantur
363 2650 446 2669 :nam
470 2644 656 2676 testimonium
672 2647 730 2676 haec
747 2649 839 2677 futura
851 2658 912 2680 esse
922 2651 1001 2680 dixit.

213 2687 292 2715 Unde
313 2688 384 2722 apud
409 2687 604 2723 Symmachum
625 2697 653 2720 et
682 2695 828 2729 Aquilam,
850 2697 1001 2730 testiﬁcatio

211 2732 325 2760 dicitur.
343 2733 419 2761 Illius
434 2738 525 2762 autem
538 2736 608 2768 loco,
622 2746 669 2771 pro
694 2740 728 2766 iis
740 2741 785 2775 qui
801 2742 1001 2773 commutabun-

210 2782 271 2810 tur,
292 2777 485 2814 Symmachus,
499 2789 546 2815 pro
562 2783 691 2816 ﬂoribus;
707 2786 805 2821 Aquila
821 2796 894 2822 vero,
909 2797 957 2823 pro
968 2790 1000 2816 li-

221 2825 265 2857 iis,
284 2825 456 2861 interpretati
473 2831 547 2856 sunt.
573 2829 786 2865 Prospei-itatcm
802 2835 935 2870 siquidem
951 2835 999 2864 Ju-

246 2903 270 2921 "
288 2903 365 2937 Joan.
384 2913 449 2940 vni,
469 2906 512 2934 58.
552 2886 594 2924 "‘4
607 2909 673 2938 ibid.
689 2910 733 2938 56.

1060 2325 1145 2356 μεθα,
1156 2322 1202 2350 τὸν
1210 2323 1309 2359 τρόπον
1316 2323 1366 2359 τῆς
1377 2323 1536 2358 ἐπιφανείας
1546 2323 1710 2359 παρίστησιν
1719 2323 1784 2359 ἑξῆς
1794 2323 1850 2350 ἑπι-

1060 2369 1146 2403 λέγων
1156 2377 1163 2386 ·
1173 2369 1332 2404 Γενηθήτω
1340 2370 1359 2403 ἡ
1372 2370 1437 2404 χείρ
1445 2379 1503 2398 σου
1511 2370 1558 2396 ἐπ’
1568 2369 1663 2404 ἄνδρα
1669 2369 1772 2403 δεξιᾶς
1778 2377 1846 2410 σου,

1058 2416 1107 2442 καὶ
1122 2416 1170 2442 ἐπὶ
1184 2415 1252 2443 υἱὸν
1266 2417 1434 2450 ἀνθρώπου,
1452 2416 1488 2444 ὃν
1502 2416 1704 2451 ἐκραταιωσας
1719 2415 1846 2448 σεαυτῷ.

1058 2462 1110 2488 Τὸν
1131 2462 1185 2498 γὰρ
1200 2462 1344 2500 ἀσώματον
1360 2463 1407 2489 τοῦ
1428 2462 1496 2489 Θεοῦ
1517 2463 1602 2496 Λόγον
1615 2462 1686 2496 ἀξιοῖ
1701 2462 1735 2489 δι’
1751 2462 1847 2499 ἀνδρὸς

1057 2507 1146 2540 δεξιᾶς
1157 2508 1240 2534 αὑτοῦ
1255 2509 1301 2539 καὶ
1314 2508 1358 2535 διὰ
1371 2509 1435 2535 Υἱοῦ
1451 2508 1594 2544 ἀνθρώπω
1610 2509 1660 2544 τὴν
1671 2507 1847 2545 εὐεργετικὴν

1058 2554 1139 2580 αὑτοῦ
1159 2554 1273 2596 δύναμιν
1292 2555 1465 2596 δωρήσασθαι
1480 2557 1537 2588 τοῖς
1556 2556 1632 2588 πᾶσι.
1661 2555 1718 2591 Τῆς
1735 2556 1785 2591 μὲν
1800 2553 1846 2582 οὖν

1058 2601 1191 2636 σωτηρίου
1216 2601 1375 2636 θεοφανείας
1391 2602 1440 2638 τὴν
1459 2603 1569 2639 μνήμην
1589 2602 1682 2629 τοῦτον
1697 2602 1846 2637 ἐποιήσατο

1055 2647 1101 2674 τὸν
1115 2647 1226 2683 τρόπον,
1242 2648 1291 2684 τὴν
1304 2649 1332 2675 δέ
1344 2649 1389 2676 τοῦ
1408 2639 1515 2685 Ἰσραὴλ
1526 2650 1685 2678 ἀπόπτωσιν
1700 2649 1793 2685 seem
1805 2648 1845 2676 θε-

1057 2695 1146 2727 σπίζει
1158 2695 1244 2730 λέγων
1254 2705 1260 2711 ·
1279 2696 1365 2727 Ἰνατί
1382 2697 1517 2730 καθεῖλες
1525 2697 1578 2724 τὸν
1588 2696 1722 2732 φραγμὸν
1732 2695 1844 2730 αὐτῆς-ς

1055 2741 1173 2777 δηλονότι
1183 2743 1232 2778 τῆς
1247 2743 1379 2778 ἀμπέλου,
1393 2743 1426 2779 ἢν
1439 2742 1614 2778 ἐξΑίγύπτου
1628 2745 1780 2780 μετήγαγε,
1794 2743 1842 2770 καί

1056 2789 1201 2824 τρυγῶσιν
1215 2791 1313 2824 αὐτὴν
1324 2790 1435 2824 πάντες
1451 2792 1478 2818 οἱ
1498 2793 1773 2827 παραπορευόμενοι
1785 2792 1841 2826 τὴν

1055 2836 1133 2865 ὁδόν,
1159 2837 1346 2872 Ἐλινμήνατο
1363 2838 1458 2873 αὐτὴν
1483 2837 1519 2872 ὗς
1537 2839 1570 2867 ἐκ
1585 2838 1708 2874 δρυμοῦ,
1724 2839 1773 2867 καί
1786 2847 1838 2874 μο-

1924 1098 1931 1136 l

1930 1137 1933 1153 Ι
