2024 3214
120 185 174 213 953

703 182 957 213 COMMENTARIA
977 182 1011 211 IN
1029 183 1198 214 μελικοῦ.
1250 187 1273 222 7
1289 181 1315 229 ἢ
1367 194 1377 196 ⁷⁷

1695 185 1748 213 954

119 244 184 276 νιὸς
191 243 294 278 duum:
300 231 521 278 mwsuﬂaaro
529 241 635 276 αὐτήν.
659 241 910 277 Ἐμπεπυρισμένη

966 240 1088 269 deorum
1105 242 1215 270 brevem
1238 245 1266 270 et
1280 246 1493 277 temporaneam,
1511 242 1625 270 ﬂoribus
1639 247 1667 270 et
1684 243 1749 271 liliis

120 290 154 316 ἐν
167 289 241 323 πυρὶ
255 289 304 316 καὶ
321 289 561 323 κατεσκαμμένη.
577 287 669 315 Ταῦτα
680 287 744 323 περὶ
756 288 805 323 τῆς
817 287 907 322 ἀμπέ-

121 336 167 363 λου
179 335 302 367 διελθὼν,
312 335 362 370 τὴν
372 335 419 361 τοῦ
436 334 571 362 Ἰουδαίων
583 334 676 365 ἔθνους
692 333 834 365 ὲθέσπιζεν
848 334 909 369 ὲρη-

123 380 196 417 μίαν.
226 380 346 412 Εἰκότως
366 378 412 407 οὖν
429 380 458 407 ὲν
474 381 507 415 τῇ
531 380 676 415 προγραφῇ
698 378 744 405 καὶ
761 377 909 414 μαρτύριον

121 427 252 463 κέκληται
261 427 296 453 τὰ
307 427 453 462 λεγόμενα·
469 426 616 462 μαρτύριον
626 425 679 461 γὰρ
693 425 778 451 ταῦτα
789 423 907 457 ἔσεσθαι,

121 471 166 498 κα)⁵
177 471 387 507 διεμαρτύρατο.
401 471 480 498 Ὅθεν
494 470 569 506 παρὰ
579 470 616 506 τῷ
626 470 765 505 Συμμάχῳ
777 470 824 496 καὶ
834 469 909 504 παρὰ

122 514 159 550 τῷ
173 515 274 551 Ἀκύλᾳ
282 515 429 550 μαρτυρία
438 515 556 551 εἴρηται.
576 515 647 542 Ἀντὶ
656 515 684 542 δὲ
693 515 751 548 τοῦ,
765 515 840 549 ὑπὲρ
850 514 909 541 τῶν

121 561 420 596 ἀλλοιωθησομένων,
434 562 448 588 ὁ
464 562 513 596 μὲν
529 561 685 597 Σύμμαχος,
700 561 776 595 ὑπὲρ
789 560 848 588 τῶν
861 561 910 588 ἀν-

124 607 192 640 θῶν,
207 607 222 633 6
232 607 261 634 δὲ
280 607 403 640 Ἀκύλας,
420 607 496 642 ὑπὲρ
508 607 567 635 τῶν
581 608 699 642 κρίνων,
719 608 907 643 ήρμήνευσαν·
924 607 926 609 ⁷

123 654 214 682 ἄνθεσι
229 654 276 680 καὶ
289 653 390 689 κρίνοις
403 653 451 689 τὴν
466 654 631 689 πρόσκαιρον
647 654 749 689 βραχὺν
761 654 910 690 γενομένην

123 700 188 727 ποτὲ
206 699 254 727 τοῦ
271 699 403 727 Ἰουδαίων
415 699 508 731 ἔθνους
524 699 677 735 εὐπραγίαν
690 698 909 734 παραϐάλλοντος

122 747 168 774 τοῦ
186 746 277 781 λόγου.
301 747 470 782 Ἀναπέμπει
486 746 553 781 δῆτα
573 747 588 773 6
608 746 754 782 Προφήτης
770 745 910 781 ἱκετηρίαν

123 792 190 829 πρὸς
204 793 251 819 τὸν
268 792 351 819 πάλαι
366 791 506 827 ἐφορῶντα
521 792 567 819 καὶ
584 791 783 818 ἐπισκοποῦντα
797 791 842 818 τὸν
861 792 910 817 Ἰσ-

123 838 193 875 ραὴλ
201 837 251 865 τοῦ
258 838 325 864 Θεοῦ
339 838 424 872 Λόγον
435 858 442 870 ,
456 839 503 865 καὶ
517 837 612 865 τοῦτον
626 837 844 873 ἀνακαλούμενός
859 846 910 873 φη-

122 893 164 912 σιν
174 893 181 900 ·
200 885 227 911 ’0
242 885 405 919 ποιμαίνων
416 884 469 911 τὸν
483 884 618 918 Ἰσραὴλ,
630 884 778 918 πρόσχες·
796 883 867 910 οὕτω
881 883 910 909 δὲ

121 931 240 959 δυσωπεῖ
256 931 470 966 ὑπομιμνήσκων
485 931 534 965 τῆς
551 931 634 957 πάλαι
650 931 731 957 αὑτοῦ
746 930 908 965 ἐπισκοπῆς.

122 977 183 1010 Τοῖς
195 977 251 1011 γὰρ
268 978 335 1011 σοῖς,
347 976 430 1013 φησὶ,
447 976 587 1013 θρέμμασι
602 977 649 1003 καὶ
662 978 718 1008 τοῖς
735 978 790 1008 σοῖς
807 975 910 1011 προϐά-

121 1033 176 1056 τοις
192 1024 320 1060 πρόσχες,
335 1024 349 1049 6
361 1023 425 1049 ποτὲ
436 1023 571 1058 ποιμάνας
584 1023 663 1050 αὐτά.
679 1024 710 1050 Et
722 1022 776 1058 γὰρ
787 1022 834 1049 καί
845 1031 910 1049 ποτε

121 1070 216 1097 ἄλλοτε
230 1070 279 1106 τὴν
296 1069 475 1105 ποιμαντικὴν
491 1069 640 1104 ὑπέμεινας
661 1069 812 1105 ἀνθρώπων
828 1077 909 1103 φρονσ

120 1116 179 1143 τίδα
191 1136 199 1149 ,
215 1115 358 1151 ὡδήγησάς
376 1125 406 1142 τε
427 1116 472 1143 τὸν
494 1117 522 1143 ὲν
536 1115 689 1151 ἀνθρώποις
705 1115 849 1150 γενόμενόν
862 1124 909 1141 σου

119 1162 199 1194 λαὸν,
214 1162 317 1189 τούτων
339 1161 427 1189 αὐτῶν
445 1162 596 1198 μνήσθητι·
615 1162 662 1189 καὶ
681 1162 718 1197 μὴ
733 1162 849 1198 παρίδῃς
864 1161 910 1193 οὓς

119 1208 255 1244 τοσαύτης
269 1208 386 1243 ἠξίωσας
402 1208 539 1244 προνοίας.
553 1208 675 1244 Πρόσχες
689 1206 735 1235 οὖν
745 1228 752 1240 ,
769 1208 849 1243 φησὶ,
864 1208 911 1234 καὶ

120 1254 287 1291 κατανόησον
301 1256 381 1282 ὁποῖα
398 1255 530 1282 πέπονθεν
543 1255 560 1290 ή
572 1255 605 1290 σὴ
617 1255 727 1290 ποίμνη,
744 1254 790 1281 καὶ
801 1254 838 1286 ὡς
851 1254 911 1281 ἐλυ-

122 1301 224 1337 μήνατο
242 1302 341 1333 αὐτοὺς
354 1299 385 1334 ὖς
404 1303 435 1328 ἐκ
452 1301 565 1337 δρυμοῦ,
580 1302 627 1328 καὶ
642 1301 732 1337 μονιὺς
747 1301 841 1336 ἄγριος
858 1309 909 1327 κα-

119 1347 288 1382 τενεμήσατο
311 1347 409 1383 αὐτὴν,
428 1347 474 1373 καὶ
492 1347 530 1378 ὡς
549 1347 660 1381 γέγονεν
681 1346 908 1382 ὲμπεπυρισμένη

120 1392 187 1429 πυρὶ
203 1393 251 1420 καὶ
265 1393 459 1429 ἀνεσκαμμένη
476 1392 530 1419 ἀπὸ
548 1393 731 1428 ἐπιτιμήσεως
746 1392 792 1419 τοῦ
807 1392 910 1428 προσώ-

120 1446 172 1466 που
190 1447 249 1466 σου.
266 1438 390 1465 Διδάσκει
402 1438 430 1464 δὲ
441 1438 526 1464 ταῦτα
541 1438 570 1464 ἐν
582 1437 721 1472 Πνεύματι
734 1437 805 1472 ἁγίῳ
819 1438 833 1463 6
844 1438 910 1472 Προ-

121 1485 210 1519 φήτης
224 1483 255 1510 τὸ
276 1484 409 1511 Ἰουδαίων
425 1484 500 1515 ἔθνος
511 1505 518 1517 ,
538 1483 651 1519 μελετᾷν
665 1484 712 1510 καὶ
728 1484 909 1518 ἀπαγγέλλειν

120 1529 264 1565 προλαόὼν
274 1530 335 1561 τοὺς
346 1530 457 1565 χρόνους
469 1530 516 1556 καὶ
529 1529 564 1556 τὰ
578 1530 728 1564 πράγματα
738 1538 745 1545 ·
758 1529 791 1555 ἶν’
800 1530 909 1556 ἐπειδὰν

240 1575 286 1601 καὶ
302 1574 334 1602 δι’
351 1574 439 1610 ἔργων
460 1575 571 1610 χωρήσῃ
593 1574 627 1600 τὰ
649 1574 907 1610 προπεφητευμένα,
923 1595 944 1623 c

120 1619 222 1655 δέχοιεν
238 1620 266 1653 ἐξ
286 1620 394 1654 ἑτοίμου
415 1620 465 1655 τῆς
482 1620 549 1655 πρὸς
563 1619 608 1646 τὸν
622 1619 688 1646 Θεὸν
704 1620 845 1655 ἱκετηρίας
860 1620 910 1655 τὴν

120 1666 230 1701 γνῶσιν.
248 1666 296 1696 Τίς
310 1666 338 1693 δέ
353 1667 425 1692 ἐστιν
442 1667 455 1693 6
468 1666 619 1700 ποιμαίνων
633 1666 678 1692 τὸν
697 1666 814 1701 Ἰσραὴλ,
829 1666 910 1698 αὐτὸς

121 1713 285 1748 παρίστησιν
297 1713 310 1739 6
327 1712 426 1739 εἰπών’
463 1712 533 1747 Ἐτὼ
544 1713 602 1746 ειμι
618 1713 634 1739 ό
650 1712 761 1747 ποιμὴν
776 1714 793 1739 ὁ
807 1712 908 1745 καλὸς,

121 1756 169 1784 καὶ
181 1756 318 1791 γινώσκω
336 1758 372 1784 τὰ
381 1757 447 1792 ἐμὰ,
467 1757 517 1784 καὶ
533 1756 718 1792 γινώσκουσί
731 1765 769 1792 με
783 1757 818 1784 τὰ
837 1757 908 1792 ἐμά·

121 1801 168 1828 καὶ
181 1799 276 1833 αὖθις’
306 1802 379 1837 Ἐγώ
391 1803 450 1837 ειμι
466 1804 482 1830 ό
498 1803 611 1837 ποιμὴν
626 1804 642 1830 ό
656 1803 766 1836 καλὸς,
790 1803 838 1829 καὶ
854 1803 911 1837 τὴν

121 1847 226 1882 ψυχήν
238 1856 297 1882 μου
313 1849 410 1882 τίθημι
426 1848 502 1882 ὑπὲρ
513 1848 572 1875 τῶν
585 1849 749 1883 προϐάτων.
781 1849 867 1880 Ᾱύτὺς
882 1849 910 1875 δὲ

120 1889 154 1928 ἦν
169 1892 217 1919 καὶ
229 1893 243 1919 6
260 1892 304 1926 τῂν
323 1893 419 1928 Ἰωσὴφ
437 1893 503 1920 ὡσεὶ
516 1894 651 1930 πρόϐατον
665 1895 770 1930 ὁδηγῶν
787 1895 847 1930 ἦτοι
861 1895 910 1931 τήν

121 1938 224 1975 φυλὴν,
251 1938 268 1974 ἢ
282 1939 312 1965 τὸ
329 1940 383 1966 πᾶν
405 1940 538 1966 Ἰουδαίων
555 1940 631 1972 ἔθνος
649 1940 840 1976 μεταφορικῶς
856 1941 910 1967 ἀπὸ

122 1987 188 2021 μιᾶς
202 1986 343 2021 ὀνομάζων
360 1987 446 2021 φυλῆς
456 1987 506 2022 τῆς
518 1987 564 2014 τοῦ
585 1988 697 2023 ’1ωσήφ’
720 1987 736 2022 ἢ
749 1988 795 2014 καὶ
811 1988 909 2022 μᾶλλον

121 2032 201 2058 αὐτὸν
214 2032 260 2058 τὸν
276 2032 359 2068 ἄνδρα
375 2032 420 2059 τὸν
434 2033 484 2067 τῆς
498 2033 585 2068 φυλῆς
600 2033 770 2068 προπάτορα.
802 2033 909 2068 Ἐπειδὴ

121 2078 203 2114 συνῆν
219 2078 293 2113 αὐτῷ
317 2078 551 2114 ὲπιῦουλευομένῳ
568 2079 620 2105 ὑπὸ
639 2078 693 2105 τῶν
708 2078 829 2113 ἀδελφῶν
841 2098 848 2109 ,
864 2079 910 2105 κα)⁸

121 2124 335 2160 πιπρασκομένῳ
356 2126 412 2156 τοῖς
431 2124 628 2160 Ἰσμαηλίταις,
650 2125 698 2151 καὶ
716 2126 755 2156 είς
775 2126 910 2160 Αἴγυπτον

120 2169 310 2205 καταγομένῳ,
325 2171 371 2197 καί
386 2170 423 2206 τῷ
434 2171 559 2206 Πετεφρῇ
572 2170 734 2203 δουλεύοντι,
747 2172 795 2207 τήν
806 2180 835 2198 τε
850 2172 910 2198 ἀκό-

120 2215 216 2243 λαστον
223 2216 365 2244 δέσποιναν
379 2216 619 2252 ἀποστρεφομένῳ,
629 2217 667 2248 ὡς
678 2218 717 2249 εἰς
727 2217 910 2253 δεσμωτήριόν

960 293 1112 322 comparat.
1140 287 1373 323 Supplicationem
1389 289 1471 323 igitur
1493 289 1593 316 elnittit
1612 288 1747 324 Propheta

960 334 993 361 ad
1014 342 1075 361 eum
1096 334 1143 369 qui
1158 335 1223 362 olim
1244 334 1372 362 lsraelem
1396 335 1507 362 curabat
1528 339 1555 362 et
1575 335 1746 371 inspiciebat,

959 379 1007 407 Dei
1022 380 1129 408 scilicet
1140 379 1272 413 Verbum,
1285 380 1358 415 quod
1375 381 1505 407 invocans
1518 381 1555 407 ait
1574 388 1581 406 :
1598 381 1649 414 Qui
1659 382 1747 416 pascis

960 425 1057 460 Israel,
1073 426 1187 454 intende.
1204 426 1250 454 Sic
1271 431 1362 454 autem
1382 426 1471 461 ipsum
1495 426 1602 454 ﬂectere
1621 432 1746 459 conatur,

959 474 1099 509 antiquam
1111 475 1172 509 ejus
1189 475 1215 501 in
1230 474 1359 510 populum
1372 473 1569 508 inspectionem
1582 481 1748 501 commemo-

959 527 1036 548 rans.
1052 520 1121 552 Tua,
1138 520 1237 556 inquit,
1255 520 1365 556 pecora,
1379 527 1499 555 ovesque
1515 524 1576 547 tuas
1595 527 1684 552 cures,
1700 520 1746 555 qui

960 566 1024 593 olim
1043 567 1175 601 poscebas
1196 567 1268 594 illas.
1294 566 1360 594 Nam
1383 566 1405 594 si
1423 566 1561 601 quondam
1585 567 1747 600 pastoralem

961 611 1101 638 hominum
1122 611 1334 639 sollicitudinem
1359 610 1479 643 subiisti,
1496 610 1520 638 si
1544 611 1684 645 populum,
1700 611 1747 645 qui

960 657 1032 683 inter
1041 656 1166 684 homines
1177 657 1245 684 alios
1254 661 1317 684 tuus
1331 656 1485 687 dicebatur,
1493 655 1643 687 deduxisti,
1652 656 1747 682 horum

961 706 1108 735 memento,
1119 710 1207 738 neque
1220 702 1358 738 despicias
1369 709 1416 729 eos
1430 709 1500 737 quos
1519 706 1595 729 tanta
1607 702 1749 736 providen-

961 748 998 774 tia
1013 748 1141 783 dignatus
1155 756 1196 776 es.
1212 747 1325 775 Intende
1340 748 1432 783 igitur,
1449 747 1548 782 inquit,
1561 751 1588 774 et
1604 747 1747 774 considera

960 798 1063 828 quanta
1088 802 1153 829 grex
1169 794 1214 821 ille
1240 797 1305 821 tuus
1329 793 1460 828 patiatur,
1481 793 1618 828 quomodo
1640 793 1747 820 vineam

961 841 1035 868 illam
1064 841 1285 869 exterminaverit
1316 847 1382 875 aper
1395 840 1429 867 de
1452 840 1530 872 silva,
1553 844 1581 867 et
1601 840 1748 875 singularis

962 886 1038 915 ferus
1060 887 1191 922 depastus
1210 887 1246 914 sit
1271 894 1343 919 eam,
1366 886 1503 921 quomodo
1530 885 1612 913 fuerit
1636 886 1747 913 incensa

961 933 1018 968 igni
1032 937 1059 960 et
1079 933 1196 961 sutTossa
1225 933 1260 960 ab
1285 933 1473 967 increpatione
1497 932 1590 959 vultus
1614 932 1663 959 tui.
1686 931 1749 959 Haec

960 986 1042 1013 porro
1058 979 1085 1005 in
1100 979 1203 1013 Spiritu
1219 982 1314 1006 sancto
1332 977 1471 1005 Iudaicam
1488 981 1593 1012 gentem
1613 976 1748 1012 Propheta

960 1025 1050 1057 docet,
1066 1030 1190 1060 tempora
1204 1029 1230 1052 et
1243 1029 1358 1053 eventus
1378 1032 1471 1052 rerum
1489 1023 1615 1051 meditari
1628 1029 1660 1050 ac
1680 1030 1749 1058 prae-

960 1072 1087 1099 nuntiare
1113 1079 1270 1106 occupans;
1284 1074 1313 1098 ut
1327 1078 1388 1098 cum
1411 1077 1456 1098 res
1470 1076 1531 1104 quae
1548 1069 1576 1095 in
1607 1067 1748 1103 prophetia

960 1117 1088 1144 feruntur
1103 1105 1276 1150 advenerim,
1294 1117 1322 1143 in
1342 1119 1469 1151 promptu
1486 1105 1618 1142 notitiam.
1629 1115 1702 1142 illius
1714 1114 1748 1141 ad

960 1163 1045 1191 Deum
1064 1164 1172 1191 emissae
1188 1163 1397 1198 supplicationis
1421 1162 1589 1197 exciperent.
1605 1161 1673 1194 Quis
1684 1168 1749 1188 vero

961 1209 997 1237 sit
1009 1209 1055 1244 qui
1068 1210 1157 1244 pascit
1172 1209 1266 1242 lsrael,
1279 1209 1401 1236 declarat
1416 1209 1474 1243 ipse
1486 1208 1530 1243 qui
1546 1207 1584 1234 ait
1599 1217 1606 1235 ;
1620 1207 1675 1242 Ego
1690 1215 1748 1234 sum

959 1261 1053 1290 pastor
1075 1256 1169 1287 bonus,
1192 1260 1216 1282 et
1235 1263 1363 1290 cognosco
1380 1263 1463 1287 meas,
1478 1259 1503 1282 et
1523 1258 1682 1289 cognoscunt
1708 1262 1749 1281 me

960 1311 1024 1330 mem
1037 1304 1077 1337 5’;
1091 1306 1118 1329 et
1133 1310 1243 1329 rursum
1260 1311 1266 1329 :
1284 1301 1339 1337 Ego
1360 1309 1419 1328 sum
1440 1301 1531 1336 pasl‘or
1540 1300 1633 1332 bonus,
1647 1304 1671 1326 at
1689 1300 1748 1327 ani-

959 1357 1030 1376 mam
1047 1356 1132 1375 meam
1145 1356 1213 1382 pono
1223 1356 1270 1382 pro
1285 1347 1374 1374 ovibus
1385 1347 1417 1374 ⁶⁰.
1433 1346 1492 1381 Ipse
1502 1353 1566 1373 vero
1577 1349 1635 1373 erat
1643 1346 1689 1381 qui
1702 1344 1749 1373 Jo-

960 1395 1087 1430 sephum,
1102 1395 1143 1422 vel
1158 1394 1258 1421 tribum
1272 1393 1344 1428 ejus,
1361 1396 1390 1420 ut
1406 1399 1484 1420 ovem
1504 1391 1671 1424 deducebat;
1691 1392 1749 1418 sive

960 1441 1042 1468 etiam
1059 1444 1143 1467 totam
1157 1439 1299 1467 Judaicam
1318 1442 1425 1474 gentem
1444 1437 1631 1472 metaphorice
1643 1437 1677 1464 ab
1694 1444 1748 1464 una

960 1486 1031 1513 tribu
1045 1485 1145 1520 Joseph
1161 1485 1359 1517 subindicans;
1377 1483 1433 1511 sive
1449 1483 1540 1517 potius
1552 1482 1642 1517 ipsum
1659 1482 1749 1509 virum

962 1531 1050 1558 tribus
1063 1529 1273 1565 progenitorem.
1290 1528 1425 1561 Quoniam
1443 1527 1496 1563 ipsi
1508 1526 1617 1553 insidiis
1632 1526 1749 1553 fratrum

961 1577 1096 1612 impetito,
1114 1575 1258 1603 lsmaelitis
1274 1575 1396 1606 vendito,
1413 1573 1440 1600 in
1455 1572 1601 1609 IEgyptum
1619 1572 1747 1603 deducto,

961 1623 1102 1658 Petcphraa
1118 1621 1257 1654 servienti,
1270 1620 1434 1655 impudicam
1450 1619 1589 1647 dominam
1600 1618 1747 1650 aversanti,

961 1670 988 1696 in
1004 1676 1142 1696 carcerem
1160 1668 1224 1695 item
1250 1666 1385 1701 conjecto,
1400 1665 1506 1692 aderat.
1524 1664 1591 1691 Nam
1615 1664 1643 1690 in
1659 1664 1749 1691 omni-

960 1716 1011 1742 bus
1026 1714 1069 1742 his
1087 1714 1209 1741 adfuisse
1220 1713 1321 1749 Moysis
1341 1712 1479 1747 scriptura
1498 1714 1696 1739 commemorat
1708 1710 1748 1737 di-

960 1768 1026 1788 cens
1041 1769 1047 1786 :
1064 1760 1097 1786 Et
1114 1764 1171 1787 erat
1185 1759 1316 1786 Dominus
1340 1767 1399 1785 cum
1420 1757 1517 1791 Ioseph
1527 1758 1560 1785 ⁶¹.
1579 1755 1657 1784 Unde
1672 1764 1749 1783 com-

960 1807 1069 1834 modius
1094 1806 1209 1834 vertisse
1221 1805 1288 1832 mihi
1306 1805 1414 1832 videtur
1441 1803 1604 1834 Theodotio,
1621 1803 1667 1838 qui
1684 1803 1722 1829 ait
1740 1812 1746 1830 :

961 1853 1014 1885 Qui
1026 1852 1133 1880 deducis
1147 1852 1224 1887 quasi
1241 1860 1312 1878 ovem
1334 1850 1441 1885 Joseph.
1458 1850 1496 1877 Ila
1512 1857 1621 1885 quoque
1646 1849 1749 1876 dixeris

961 1899 1052 1934 ipsum
1066 1898 1206 1930 lsraelem,
1218 1898 1264 1932 q_ui
1282 1898 1388 1932 primus
1404 1897 1456 1923 hoc
1470 1897 1581 1924 nomine
1597 1895 1749 1930 appellatus

960 1950 1014 1977 est,
1028 1953 1043 1971 a
1061 1949 1171 1979 pastore
1190 1945 1302 1971 ductum
1318 1943 1415 1971 fuisse.
1432 1942 1482 1970 Hic
1498 1950 1562 1969 vero
1575 1940 1659 1967 Jacob
1677 1943 1747 1970 erat.

961 1991 1033 2018 ﬁlius
1057 1991 1143 2018 Isaac.
1165 1989 1233 2017 Nam
1248 1989 1293 2016 ille
1308 1995 1370 2015 cum
1386 1988 1461 2016 solus
1481 1988 1509 2015 in
1525 1985 1749 2021 Mesopotamiam

961 2045 1008 2071 spe
1020 2037 1047 2063 in
1061 2036 1145 2063 Deum
1158 2036 1243 2063 fultus
1257 2035 1448 2067 descenderet,
1459 2036 1597 2068 pastorem
1611 2038 1692 2058 suum
1708 2031 1751 2057 in—

961 2083 1036 2110 venit
1056 2082 1104 2117 qui
1129 2082 1223 2110 aderat
1237 2081 1300 2112 sibi,
1322 2080 1441 2108 Verbum
1463 2080 1568 2108 scilicet
1593 2078 1651 2110 Dei,
1676 2076 1749 2113 quod

961 2128 1011 2163 ipsi
1025 2135 1157 2163 apparere
1169 2127 1284 2155 solebat.
1300 2126 1461 2161 Opportune
1472 2126 1564 2160 itaque
1580 2123 1635 2151 Deo
1647 2122 1750 2157 suppli-

961 2181 1038 2205 cans,
1051 2181 1106 2200 non
1132 2173 1239 2200 turbam
1264 2172 1410 2207 impiorum
1437 2175 1580 2203 memorat,
1600 2170 1646 2198 sed
1667 2169 1750 2196 unius

961 2224 1067 2247 tantum
1084 2224 1110 2247 et
1125 2220 1239 2246 alterius
1251 2227 1282 2246 ex
1294 2218 1432 2253 religiosis
1442 2219 1496 2246 illis
1511 2218 1575 2244 olim
1591 2216 1659 2244 viris
1674 2223 1750 2242 men—

120 2269 150 2288 τε
160 2261 360 2299 καθειργμένῳ.
379 2262 422 2289 Ἑν
436 2263 502 2288 πᾶσι
512 2262 577 2297 γοῦν
587 2262 691 2294 τούτοις
702 2263 909 2298 ἐπισημαίνεται

963 2266 1063 2293 tionem
1082 2265 1158 2298 facit,
1180 2272 1212 2292 ex
1229 2264 1435 2299 progenitorum
1459 2264 1559 2289 virtute
1579 2265 1605 2288 et
1620 2260 1751 2295 religione

120 2306 137 2342 ἡ
154 2306 294 2338 Μωῦσέως
314 2307 406 2342 γραφὴ
425 2306 556 2340 λέγουσα·
576 2307 631 2333 Καὶ
649 2305 688 2342 ἦν
710 2308 819 2341 Κύριος
834 2309 910 2342 μετὰ

127 2351 247 2387 Ἰωσήφ.
256 2353 335 2380 Ὅθεν
353 2362 397 2388 μοι
407 2353 479 2379 δοκεῖ
495 2352 660 2389 κυριώτερον
678 2354 878 2389 ήρμηνευκέναι
896 2355 909 2380 6

119 2396 265 2424 Θεοόοτίων
285 2398 385 2432 φήσας·
414 2398 445 2424 '0
463 2397 636 2432 καθοδηγῶν
657 2398 729 2425 ὡσεὶ
761 2399 910 2432 πρόϐατον

121 2445 173 2470 τὸν
192 2443 308 2478 Ἰωσήφ.
326 2443 405 2470 Οὕτω
419 2445 441 2470 δ’
455 2445 488 2471 ἂν
502 2440 588 2476 εἴποις
603 2444 650 2471 καὶ
665 2445 849 2480 πεποιμάνθαι
863 2446 911 2472 αὺ-

120 2490 164 2520 τὺν
179 2490 226 2517 τὸν
250 2491 358 2527 Ἰσραὴλ
372 2491 417 2518 τὸν
432 2491 539 2526 πρῶτον
553 2500 605 2526 χρη
611 2491 762 2526 ματίσαντα
775 2491 861 2527 ταύτῃ
876 2493 909 2527 τῇ

120 2537 299 2573 προσηγορίᾳ.
313 2535 367 2564 Ἦν
380 2538 408 2564 δὲ
424 2534 501 2569 οὗτος
521 2537 629 2570 Ἰακὼϐ,
640 2539 654 2565 6
667 2539 730 2570 παῖς
741 2537 787 2564 τοῦ
805 2538 906 2565 Ἰσαάκ.

126 2583 201 2610 Ἐπεὶ
213 2584 338 2616 κάκεῖνος
352 2585 431 2622 μόνος
440 2585 479 2616 εἰς
493 2585 542 2620 τὴν
557 2586 641 2621 μέσην
649 2585 703 2612 τῶν
717 2585 846 2621 ποταμῶν
860 2594 908 2612 κα-

121 2629 205 2661 ταϐὰς
223 2629 292 2665 μετὰ
311 2630 361 2666 τῆς
382 2630 422 2662 εἰς
435 2630 481 2658 τὸν
496 2631 561 2658 Θεὸν
578 2631 683 2663 ἐλπίδος
693 2652 700 2663 ,
716 2631 796 2658 αὐτὸν
811 2630 908 2668 εὕρατο

122 2675 236 2711 ποιμένα
253 2675 299 2702 τὸν
319 2676 432 2703 συνόντα
448 2676 522 2711 αὐτῷ
535 2676 582 2703 τοῦ
602 2676 670 2703 Θεοῦ
684 2677 783 2711 Λόγον,
798 2676 844 2702 τὸν
859 2676 908 2708 τὰς

122 2721 279 2755 ἐπιφανείας
292 2722 366 2758 αὐτῷ
383 2717 575 2758 πεποιημένον.
607 2723 750 2759 Εὐκαίρως
764 2721 809 2749 οὖν
823 2723 908 2750 δυσω-

123 2765 180 2793 πῶν
195 2767 209 2794 6
222 2767 299 2801 λόγος
318 2768 364 2795 τὸν
378 2768 459 2800 Θεὸν,
482 2769 512 2794 οὺ
527 2768 649 2803 βούλεται
668 2769 716 2804 μὲν
732 2769 776 2794 τοῦ
793 2769 909 2804 πλήθους

156 2892 179 2911 ¹⁹
197 2892 276 2922 Joan.
296 2902 329 2928 x,
350 2895 390 2922 M.
430 2894 451 2910 “
470 2894 549 2926 ibid.,
570 2894 610 2924 ll.
650 2895 670 2911 ⁶¹
690 2895 756 2924 Gen.
778 2903 877 2929 xxxix,
895 2895 921 2922 2.

961 2317 1086 2346 posteros
1103 2318 1197 2337 eorum
1211 2309 1424 2338 misericordiam
1441 2307 1571 2342 consequi
1588 2306 1747 2340 deprecans.

961 2372 996 2378 —
1015 2356 1096 2385 Vsus.
1121 2357 1148 2384 ‘5.
1179 2355 1228 2382 llic
1255 2363 1320 2382 vero
1345 2355 1403 2389 ipse
1423 2355 1468 2389 qui
1498 2356 1655 2380 sanctorum
1684 2350 1749 2377 olim

962 2402 1084 2430 virorum
1101 2406 1194 2437 pastor
1207 2401 1268 2433 fuit,
1286 2401 1309 2428 is
1320 2401 1366 2435 qui
1383 2399 1542 2428 cherubinis
1557 2397 1665 2425 vehitur
1679 2400 1749 2423 erat.

963 2449 1133 2481 Quibusnam
1164 2447 1336 2478 cherubinis,
1360 2445 1414 2473 nisi
1432 2445 1466 2472 iis
1484 2444 1530 2480 qui
1556 2443 1591 2469 ab
1609 2441 1752 2468 Ezechicln

961 2494 1013 2522 visi
1039 2499 1119 2525 sunt,
1145 2500 1262 2528 quorum
1289 2491 1421 2526 imagines
1444 2494 1471 2516 et
1504 2489 1627 2524 symbola
1656 2488 1752 2522 jussus

961 2540 1068 2575 Moyses
1087 2547 1168 2574 supra
1184 2546 1275 2565 arcam
1292 2546 1325 2565 ex
1339 2544 1405 2564 auro
1416 2535 1523 2571 posuit?
1537 2534 1684 2562 Cherubin)
1701 2540 1751 2560 au-

962 2589 1015 2612 tcm
1036 2585 1160 2612 meminit
1177 2584 1300 2612 Ezechiel
1314 2584 1366 2610 hoc
1386 2586 1467 2617 pacto
1482 2582 1596 2616 loquens
1611 2590 1617 2607 :
1637 2579 1670 2606 Et
1685 2579 1750 2611 vidi,

961 2636 986 2658 et
998 2639 1055 2658 ecce
1075 2639 1152 2664 super
1170 2631 1383 2665 ﬁrmamentum,
1403 2628 1471 2663 quod
1492 2632 1550 2655 erat
1574 2634 1651 2661 super
1673 2630 1751 2659 caput

963 2676 1107 2708 cherubim,
1123 2677 1200 2712 quasi
1217 2676 1285 2710 lapis
1308 2675 1436 2710 sapphiri,
1455 2673 1605 2701 similitudo
1622 2672 1709 2698 throni
1723 2671 1752 2697 iu

962 2724 1058 2757 ipso“.
1074 2723 1171 2751 Postea
1188 2730 1252 2749 vero
1269 2722 1307 2748 ait
1324 2729 1331 2746 :
1351 2720 1383 2747 Et
1401 2729 1505 2756 egressa
1526 2723 1564 2746 est
1584 2718 1671 2753 gloria
1693 2715 1751 2743 Dr-

963 2770 1029 2796 mini
1050 2779 1065 2796 a
1086 2770 1175 2796 limine
1208 2769 1311 2800 donius,
1332 2773 1355 2795 et
1372 2767 1490 2795 ascendit
1504 2773 1580 2801 super
1596 2763 1728 2792 cherubim
1741 2771 1751 2790 .'

962 2895 983 2912 θ’
1004 2894 1101 2924 Ezech.
1122 2901 1146 2927 ι,
1163 2893 1207 2920 26.
