2024 3214
291 175 346 202 955

628 171 763 202 EUSEBII
781 175 1022 204 CESARIENSIS
1039 177 1114 206 OPP.
1134 178 1226 206 PARS
1245 177 1290 206 Ill.
1305 194 1340 200 —
1352 178 1556 208 EXEGETICA.

1858 182 1911 210 956

290 236 315 258 et
328 236 525 265 ussumpserunt
536 232 668 259 cherubim
682 234 741 260 alas
753 241 828 265 suae,
837 238 862 260 et
872 233 971 261 elevata
981 239 1041 262 sunt
1056 244 1064 262 ι

1125 237 1179 263 τῶν
1195 236 1299 263 ἀσεϐῶν
1316 237 1493 272 μνημονεύειν
1503 246 1509 252 ·
1539 237 1599 269 ἑνὸς
1611 238 1640 264 δὲ
1655 238 1700 265 καὶ
1714 238 1841 274 δευτέρου
1857 239 1910 265 τῶν

291 280 361 302 terra
375 277 401 302 in
414 281 553 310 conspectu
576 285 632 304 meo
646 277 709 304 dum
723 278 843 306 exirent:
864 284 889 305 et
908 283 974 306 rotae
992 279 1074 306 horre-

290 320 353 346 bant
365 321 440 355 ipsis.
452 320 620 348 Eleleleruul
633 322 668 348 ad
675 322 869 356 prmliminaria
883 328 966 356 porta:
979 323 1073 350 domus

289 374 303 393 ε
326 367 429 400 regione
453 367 558 401 positae,
582 373 606 393 et
627 368 714 402 gloria
737 367 784 394 Dei
807 367 894 394 Israel
914 373 971 395 erat
992 376 1074 402 supra

288 418 332 437 eos
341 411 374 437 ".
389 410 484 438 Viden‘
495 420 549 447 quo
565 416 644 447 pacto
666 412 709 439 hic
722 420 821 440 currus
838 412 884 440 Dei
900 412 1073 440 describatur

289 457 323 485 de
343 466 398 492 quo
422 458 486 486 alibi
512 459 624 491 dicitur,
649 458 751 486 Curru:
773 459 822 486 Dei
847 459 934 487 decem
954 459 1072 487 millibus

289 504 427 539 mulliplex
448 505 534 532 millia
550 505 718 532 lwtaulium?
733 505 878 532 Cherubin:
896 513 961 533 vero
973 513 1071 534 currus

288 555 366 577 erant
377 570 384 582 ,
398 551 434 577 ita
444 554 473 578 ut
486 558 569 586 supra
585 555 666 586 caput
681 551 802 586 ipsorum
814 551 905 578 throni
921 551 1071 580 similitudo

288 601 372 627 esset.
399 601 426 623 ct
447 605 530 632 supra
554 597 682 623 thronum
698 597 782 631 gloria
806 596 922 624 Domini.
941 597 1071 630 Quienam

287 645 361 670 esset
377 642 464 677 gloria
479 642 586 669 Domini
602 643 680 669 initio
703 642 764 670 lihri
779 643 945 675 declaratur,
961 643 1006 670 ubi
1029 643 1071 671 di-

287 688 359 715 citur
374 687 477 722 :Super
488 689 619 715 cherubim
633 689 709 723 quasi
722 689 818 722 species
829 693 886 715 crat
899 688 995 723 lapidis
1010 697 1071 723 sap-

286 734 367 766 phiri,
382 734 529 762 similitudo
546 735 631 761 throni
648 743 724 769 super
738 735 825 769 ipsum
838 741 847 761 :
862 738 887 762 et
905 742 982 768 super
997 736 1071 762 simi-

287 779 423 807 litudinem
440 780 526 807 throni
545 781 692 808 similitudo
703 780 780 815 quasi
795 780 890 814 species
906 780 1018 808 hominis
1026 781 1071 808 de-

286 835 372 861 super.
390 827 423 853 Et
442 827 495 854 vidi
507 828 584 862 quasi
601 828 715 861 formam
730 827 821 854 electri
836 835 852 854 a
873 827 956 861 specie
970 827 1071 854 lumbo-

287 881 345 899 rum
358 878 381 900 el
395 872 524 907 desuper;
544 877 569 900 et
592 882 609 900 a
629 874 712 907 specie
728 873 877 900 lumborum
897 873 1070 908 usquetdeor-

1125 281 1207 308 πάλαι
1222 281 1352 316 Θεοφιλῶν
1365 283 1468 318 ἀνδρῶν
1483 285 1591 319 μνήμην
1603 286 1729 316 ποιεῖται,
1739 285 1782 312 διὰ
1794 286 1845 320 τῆς
1857 286 1911 312 τῶν

1123 326 1302 362 προπατόρων
1313 327 1413 362 ἀρετῆς
1426 328 1472 354 καὶ
1482 328 1634 360 Θεοσεὸειας
1644 329 1707 361 τοὺς
1719 329 1749 361 ἐξ
1761 329 1850 357 αὐτῶν
1864 338 1911 363 γε-

1123 371 1250 406 νομένους
1262 372 1335 398 ὲλέου
1346 373 1437 407 τυχεῖν
1448 373 1638 408 ποτνιώμενος.
1657 374 1686 400 '0
1699 374 1726 401 δὲ
1739 374 1819 406 αὐτὸς
1832 371 1909 406 οὗτος

1121 417 1136 444 ὀ
1149 417 1203 444 τῶν
1217 419 1302 452 ἁγίων
1313 419 1417 454 ἀνδρῶν
1431 427 1496 446 ποτε
1509 419 1653 454 γενόμενος
1667 421 1779 455 ποιμὴν,
1792 420 1839 446 καὶ
1853 421 1910 451 τοῖς

1121 463 1253 500 χερουεὶμ
1269 465 1447 500 ἐποχούμενος
1463 463 1506 500 ἦν.
1527 465 1616 497 nolet;
1632 465 1659 492 δὲ
1675 465 1807 501 χερουϐὶμ
1821 465 1838 500 ἢ
1852 467 1909 498 τοῖς

1121 509 1197 545 παρὰ
1204 509 1242 544 τῷ
1257 510 1379 546 Ἐζεκιήλ
1391 510 1509 547 τεθεωρη
1513 512 1613 546 μένοις,
1624 508 1662 537 ὧν
1671 511 1776 542 εἰκόνας
1787 511 1834 537 καὶ
1843 510 1909 546 σύμ-

1120 554 1189 581 ϐολα
1199 555 1321 590 Μωῦοῆς
1331 555 1375 582 διὰ
1387 555 1486 591 χρυσοῦ
1498 556 1624 591 ὑπεράνω
1634 555 1683 590 τῆς
1691 555 1807 582 κιϐωτοῦ
1816 555 1909 582 κελευ-

1121 598 1195 630 σθεὶς
1209 599 1314 632 Euolat;
1330 600 1474 636 Μέμνηται
1489 601 1517 627 δὲ
1531 600 1585 626 τῶν
1601 600 1755 636 χερουϐὶμὸ
1773 599 1906 635 Ἐζεκιήλ,

1119 642 1215 670 τοῦτον
1230 643 1315 678 λέγων
1326 644 1371 671 τὸν
1380 646 1489 680 τρόπον·
1502 646 1556 672 Καὶ
1567 643 1658 676 εἶδον,
1671 646 1720 673 καὶ
1729 645 1792 672 ἰδοὺ
1807 645 1908 672 ἐπάνω

1119 689 1172 716 τοῦ
1187 689 1389 724 στερεώματος
1399 691 1451 718 τοῦ
1462 691 1537 725 ὑπὲρ
1552 690 1688 726 κεφαλῆς
1704 691 1756 718 τοῦ
1767 691 1907 726 χειιουϐιμ

1119 735 1160 768 ὡς
1169 736 1254 769 λίθος
1265 737 1432 771 σαπςςείρου
1442 738 1571 772 ὁμοίωμα
1581 737 1688 771 θρόνου
1697 737 1743 764 ἐπ’
1751 736 1841 769 αὐτῷ.
1853 737 1908 763 Καὶ

1121 782 1180 818 μεθ’
1196 783 1277 819 ἕτερά
1292 791 1374 819 φησιο
1385 785 1440 811 Kal
1451 783 1560 818 ἐξῆλθε
1570 783 1644 816 δόξα
1656 783 1765 818 Κυρίου
1780 783 1840 810 ἀπὸ
1854 783 1908 810 τοῦ

1119 830 1232 863 αἰθρίου
1256 830 1310 858 τοῦ
1326 831 1410 858 οἴκου
1422 850 1429 863 ,
1457 831 1505 857 καὶ
1525 831 1616 865 ἐπέϐη
1631 831 1681 858 ἐπὶ
1697 830 1733 857 τὰ
1747 830 1904 865 χερουϐἰμ·

1120 875 1168 901 καὶ
1180 875 1306 902 ἀνέλαϐε
1317 876 1351 902 τὰ
1361 877 1502 911 χερουϐὶμ
1516 876 1568 909 τὰς
1578 875 1725 911 πτέρυγας
1736 874 1846 906 αὐτῶν.
1857 875 1907 902 καὶ

286 927 354 950 sum,
372 920 449 953 quasi
465 919 563 953 species
575 920 655 954 ignis.
670 924 694 946 el
709 919 755 945 lux
772 919 828 953 ejus
842 919 868 946 in
881 919 1009 950 circuitu;
1023 919 1064 946 ad-

1120 920 1375 956 ἐμετεωρίσθησαν
1388 922 1447 949 ἀπὸ
1464 922 1519 956 τῆς
1532 921 1588 957 γῆς
1597 921 1725 948 ἐνώπιον
1737 921 1811 956 ἐμοῦ
1820 921 1856 948 ὲν
1867 921 1908 954 τῷ

283 963 416 999 jicitque:
436 964 499 991 llu'c
521 966 586 992 uisio
603 965 788 992 simililudinis
805 965 899 1001 gloriae
918 966 1065 994 Domini“.

1120 967 1254 998 ἐξελθεῖν
1265 966 1350 997 αὐτὰ,
1365 967 1413 992 καὶ
1427 968 1452 993 οὶ
1465 967 1564 1000 τροχοὶ
1575 967 1710 1001 ἐχόμενοι
1721 965 1831 993 αὐτῶν.
1851 967 1907 993 Kal.

283 1011 419 1044 ἔστησαν
428 1011 477 1038 ἐπὶ
490 1012 526 1039 τὰ
536 1013 667 1046 πρόθυρα
681 1012 734 1047 τῆς
746 1014 845 1046 πύλης
856 1013 908 1040 τοῦ
938 1013 1022 1040 οῖκου
1051 1013 1106 1047 τῆς
1123 1013 1266 1040 ἀπέναντι
1276 1033 1284 1046 ,
1302 1013 1351 1040 καὶ
1370 1013 1443 1044 δόξα
1459 1013 1532 1040 Θεοῦ
1554 1013 1678 1047 Ἰσραὴλ
1693 1011 1732 1048 ἦν
1745 1012 1792 1038 ἐπ’
1809 1011 1908 1039 αὐτῶν

284 1057 429 1090 ὑπεράνω.
452 1057 533 1093 Ὁρᾷς
549 1058 622 1089 ὅπως
638 1059 666 1084 ὲν
681 1057 785 1090 τούτοις
800 1059 830 1085 τὸ
849 1058 925 1093 ἂρμα
938 1058 985 1085 τοῦ
1001 1058 1068 1084 Θεοῦ
1087 1058 1273 1093 διαγράφεται,
1304 1058 1367 1094 περὶ
1379 1055 1408 1085 οὗ
1422 1058 1544 1085 λέλεκται
1560 1059 1589 1085 ὲν
1604 1058 1703 1093 ἑτέρῳ,
1719 1058 1752 1084 Τὸ
1764 1057 1844 1092 ἅρμα
1854 1056 1909 1085 τοῦ

284 1105 356 1131 Θεοῦ
364 1104 587 1139 μιιριοπλάσιον
609 1105 742 1140 χιλιάδες
766 1106 989 1139 εὐθηνούντων;
1000 1106 1137 1141 Χερουϐὶμ
1157 1106 1186 1132 δὲ
1198 1104 1232 1141 ἦν
1245 1106 1276 1132 τὺ
1290 1106 1382 1141 ἅρμα,
1399 1106 1436 1137 ὡς
1450 1105 1519 1141 ὑπὲρ
1546 1105 1664 1140 κεφαλῆς
1679 1104 1773 1141 θρόνου
1805 1103 1906 1139 ὁμοίω-

284 1159 331 1185 μα,
347 1152 392 1178 καὶ
403 1151 449 1178 ἐπὶ
460 1151 545 1186 τούτῳ
555 1151 617 1184 δόξα
631 1152 745 1188 Κυρίου.
762 1153 809 1185 Τίς
836 1153 865 1180 δὲ
894 1155 909 1189 ἡ
924 1152 986 1186 δόξα
999 1153 1102 1188 Κυρίου
1119 1151 1153 1188 ἦν
1179 1153 1238 1179 κατ’
1255 1152 1340 1187 ἀρχὰς
1359 1152 1407 1188 τῆς
1431 1152 1521 1186 βίϐλου
1537 1151 1664 1185 δηλοῦται
1676 1170 1684 1184 ,
1698 1150 1762 1176 ἔνθα
1780 1150 1905 1186 εἴρηται·

287 1197 432 1230 ’Υπεμὶνω
445 1197 504 1224 τῶν
517 1199 657 1233 χερουϐἳμ
677 1199 716 1231 ὡς
730 1199 831 1232 ὅρασις
846 1197 886 1234 ἦν
909 1200 995 1226 λίθου
1022 1199 1207 1233 σαπφείρυυ,
1224 1199 1354 1232 ὁμοίωμα
1385 1199 1493 1232 θρόνου
1508 1198 1554 1223 ἐπ’
1571 1197 1680 1224 αὐτοῦ’
1698 1196 1748 1223 καὶ
1766 1196 1816 1222 ἐπὶ
1854 1196 1907 1222 τοῦ

281 1243 462 1278 ὀμοιώματος
475 1243 528 1270 τοῦ
545 1245 652 1278 θρόνου
666 1245 795 1279 ὁμοίωμα
813 1246 852 1277 ὼς
882 1243 962 1278 εἶδος
975 1245 1132 1279 ἀνθρώπου
1158 1245 1280 1271 ἄνωθεν.
1294 1244 1348 1271 Kal
1358 1242 1439 1270 εἶδον
1450 1244 1490 1277 ὠς
1501 1243 1572 1278 ὄψιν
1600 1244 1746 1277 ἠλέκτρου
1758 1242 1818 1269 ἀπὸ
1843 1241 1908 1276 ἀρά,

280 1298 358 1322 σεως
373 1290 487 1324 ὀσφύος
504 1289 560 1323 ἕως
587 1290 666 1318 ἆνωο
688 1291 738 1318 καὶ
754 1291 814 1318 ἀπὸ
826 1292 958 1326 ὁράσεως
983 1292 1099 1326 ὀσφύος
1118 1292 1173 1325 ἕως
1189 1290 1285 1324 κάτω,
1311 1291 1350 1324 ὼς
1367 1291 1472 1325 ὅρασις
1490 1289 1601 1325 πυρὸς,
1619 1290 1667 1316 καὶ
1689 1289 1798 1324 φέγγος
1813 1287 1906 1315 αὑτοῦ

281 1337 400 1370 κύκλῳ⁶
415 1338 462 1364 καὶ
477 1338 612 1372 ἐπιλέγει·
625 1339 706 1373 Αῦτη
721 1339 740 1373 ἡ
753 1339 858 1372 ὅρασις
873 1339 1054 1374 ὀμοιώματος
1072 1339 1165 1373 δόξης
1177 1338 1297 1373 Κυρίου.

320 1383 400 1410 Vides
428 1384 565 1418 quomodo
589 1384 703 1419 gloriam
734 1385 780 1412 Dei
808 1385 836 1412 in
853 1385 952 1412 throno
966 1385 1064 1412 seden-

281 1434 334 1457 tem
347 1429 496 1464 explicans,
511 1430 625 1457 formam
644 1430 761 1458 hominis
777 1431 972 1466 descripserit?
986 1430 1065 1465 Quae-

282 1481 345 1500 nam
376 1474 429 1501 alia
460 1474 542 1502 fuerit
566 1475 611 1502 illa
637 1475 756 1503 hominis
782 1476 889 1509 forma,
916 1484 977 1511 quae
1008 1483 1063 1503 non

282 1520 340 1555 ipse
361 1519 448 1552 Deus,
474 1521 522 1548 sed
543 1521 630 1555 gloria
656 1522 702 1549 Dei
725 1521 798 1549 dicta
819 1525 873 1554 est.
898 1529 980 1557 quam
1003 1522 1064 1549 lini-

281 1566 401 1600 genitum
420 1565 467 1593 Dei
483 1565 600 1594 Verbum
614 1587 621 1599 ,
639 1567 712 1602 quod
728 1568 875 1603 aliquando
890 1569 1004 1604 gloriam
1016 1568 1063 1596 Dei

281 1611 380 1642 Patris,
396 1612 544 1646 aliquando
567 1613 686 1647 speciem
709 1614 828 1642 hominis
850 1618 961 1649 propter
975 1615 1064 1642 homi-

1158 1385 1239 1420 Ὁρᾷς
1255 1385 1328 1415 ὅπως
1340 1383 1353 1409 ὁ
1368 1383 1444 1417 λόγος
1460 1382 1508 1418 τὴν
1523 1381 1569 1409 ἐπὶ
1581 1381 1628 1409 τοῦ
1644 1381 1737 1417 Θρόνου
1752 1381 1906 1416 ὀχουμένην

1116 1432 1194 1465 δόξαν
1215 1432 1283 1459 Θεοῦ
1301 1432 1486 1468 ὄιερμηνεύων
1505 1428 1573 1462 εἶδος
1593 1429 1735 1465 ἀνθρώπου
1757 1429 1904 1464 διέγραψες

1117 1478 1150 1505 Τι
1165 1478 1187 1504 δ’
1201 1477 1234 1505 ἂν
1247 1478 1352 1512 γένοιτο
1366 1477 1445 1504 τοῦτο
1456 1476 1486 1503 τὸ
1503 1474 1570 1508 εἶδος
1584 1475 1630 1502 τοῦ
1647 1475 1789 1510 ἀνθρώπου
1803 1495 1811 1506 ,
1836 1475 1906 1509 ὅπερ

1116 1523 1167 1550 οὐκ
1181 1523 1262 1555 αὐτὸς
1288 1524 1303 1550 ὀ
1317 1523 1394 1554 Θεὸς,
1410 1522 1478 1549 ἀλλὰ
1491 1521 1553 1554 δόξα
1568 1521 1614 1548 τοῦ
1629 1521 1696 1547 Θεοῦ
1713 1519 1836 1556 εἴρηται,
1852 1520 1868 1555 ἢ
1890 1521 1905 1547 ὁ

1118 1567 1263 1603 μονογενὴς
1282 1566 1330 1594 τοῦ
1350 1566 1415 1593 Θεοῦ
1435 1566 1534 1600 Λόγος·
1555 1566 1585 1593 ὃν
1600 1565 1664 1592 ποτε
1680 1566 1728 1601 μὲν
1742 1565 1821 1598 δόξαν
1835 1564 1904 1591 Θεοῦ

1116 1611 1162 1639 τοῦ
1185 1612 1290 1647 Πατρδς
1303 1611 1447 1646 ὀνομάζει,
1471 1610 1535 1638 ποτὲ
1548 1610 1576 1637 δὲ
1590 1608 1657 1642 εἶδος
1673 1609 1817 1645 ἀνθρώπου
1830 1610 1862 1636 δι’
1873 1609 1904 1635 ὃν

279 1663 341 1684 nem
358 1664 438 1691 quem
454 1658 614 1692 assumpsit,
624 1660 782 1694 nuncupat?
797 1659 877 1694 cujus
890 1667 949 1694 quae
959 1659 993 1687 ad
1007 1659 1064 1687 dei-

1115 1658 1257 1693 ἀνείληφεν
1265 1657 1407 1692 ἆνθρωπον
1416 1665 1424 1690 ;
1436 1654 1466 1684 οὗ
1474 1657 1508 1683 τὰ
1519 1657 1567 1692 μὲν
1575 1656 1624 1691 τῆς
1634 1655 1771 1690 θεολογίας
1779 1655 1903 1690 ἠλέκτρῳ
1939 1665 1945 1673 -

280 1707 363 1731 tatem
379 1704 539 1738 spectabant
550 1705 663 1737 electro,
681 1705 771 1732 onmis
787 1705 907 1733 materia:
921 1705 1065 1740 pretiosis-

278 1749 359 1781 simo,
373 1749 462 1777 simile
484 1749 642 1783 dicebatur;
656 1758 717 1785 qua:
738 1758 804 1779 vero
827 1759 842 1778 ξι
858 1751 958 1778 lumbis
979 1759 1065 1786 usque

278 1795 406 1824 deorsum
434 1799 522 1828 erant,
550 1796 632 1823 modo
660 1796 760 1831 speciei
781 1797 863 1832 ignis,
891 1797 972 1824 modo
995 1796 1063 1824 lucis

278 1842 433 1877 splendori;
445 1842 510 1877 quia
527 1850 588 1877 quae
597 1842 624 1869 in
639 1846 745 1870 natura:
757 1842 927 1870 consortium
940 1843 1062 1875 veniunt,

278 1889 403 1917 homines
430 1889 537 1917 scilicet
558 1889 586 1916 in
612 1893 686 1916 terra
714 1889 867 1922 constituti,
883 1889 959 1916 vario
983 1889 1063 1916 modo

276 1935 337 1970 ejus
348 1937 495 1964 virtutibus
510 1944 580 1971 opus
591 1936 693 1963 habent
708 1944 714 1962 :
735 1943 798 1963 nam
814 1936 833 1963 ii
849 1936 897 1971 qui
913 1935 972 1964 luce
981 1936 1063 1971 digna

277 1981 571 2014 faciunt,i||uminantc
582 1981 608 2008 vi
624 1981 759 2017 indigent;
776 1981 822 2016 qui
837 1988 902 2008 vero
912 1981 973 2016 igne
981 1981 1062 2016 digna

276 2030 443 2061 perpetrant,
460 2026 638 2053 eomburentc
662 2030 690 2052 et
713 2025 812 2053 ultrice
838 2025 950 2053 virtute.
975 2018 1063 2052 Culle-

276 2071 359 2098 stium
376 2078 457 2105 porro
480 2070 611 2105 imagines
631 2074 658 2098 et
673 2071 795 2106 symbola
819 2070 954 2098 adornare
965 2071 1061 2106 jussus

276 2115 394 2150 Moyses,
406 2115 547 2143 cherubim
560 2123 592 2142 ex
609 2123 677 2143 auro
693 2116 811 2143 confecit
827 2125 834 2143 :
849 2116 906 2143 haec
916 2124 981 2144 vero
991 2123 1062 2144 arca:

275 2161 442 2191 insidebant.
470 2161 498 2188 in
517 2168 634 2196 quorum
664 2160 754 2188 medio
779 2161 1002 2196 propitiatorium
1026 2169 1060 2190 ex

274 2214 343 2233 auro
372 2206 473 2234 factum
499 2206 815 2241 consistebatzeratque
841 2206 1060 2242 propitiatorium

274 2252 302 2279 in
318 2252 407 2280 medio
421 2252 562 2280 cherubim
579 2251 680 2286 auriga:
694 2252 781 2279 instar
798 2252 866 2286 ipsis
881 2252 1058 2287 impositum;

273 2298 311 2325 ita
338 2303 368 2326 ut
384 2297 605 2334 propitiatorium
621 2297 688 2324 illud
708 2305 741 2325 ex
757 2305 823 2325 auro
838 2297 951 2331 factum,
970 2298 1059 2333 imago

272 2348 300 2372 et
314 2344 454 2379 exemplar
469 2347 543 2371 esset
557 2343 618 2378 ejus
633 2344 679 2378 qui
695 2351 779 2379 super
793 2343 934 2371 cherubim
953 2344 980 2371 in
995 2343 1059 2371 Eze-

272 2390 359 2418 chiele
379 2390 511 2426 propheta
526 2390 602 2418 visus
618 2393 676 2423 est;
690 2397 771 2425 quem
788 2388 908 2417 Verbum
925 2397 986 2417 csse
1008 2389 1055 2417 Dei

271 2435 558 2463 commoustravimus.
573 2435 664 2468 Quare
683 2435 792 2462 divinus
802 2434 951 2470 Apostolus
967 2434 1056 2470 ipsum

272 2480 390 2508 Verbum
415 2481 635 2516 propitiatorium
658 2486 747 2514 vocat,
762 2481 857 2508 dicens
876 2489 882 2507 :
899 2481 981 2514 Quem
998 2488 1057 2514 pro-

270 2527 357 2559 posuit
382 2525 451 2552 Deus
475 2526 687 2560 propitiatur-ium
711 2534 756 2560 per
778 2526 856 2560 fidem
881 2526 909 2552 in
929 2526 1056 2561 sanguine

270 2572 326 2606 ejus
342 2572 376 2598 ⁸⁵.
398 2571 460 2598 llaec
475 2576 566 2599 autem
589 2579 605 2598 a
620 2571 711 2606 Moyse
733 2579 767 2599 ex
781 2579 849 2598 auro
865 2571 979 2607 ﬁgurate
993 2579 1056 2598 con-

272 2617 360 2650 lecta,
387 2617 528 2645 cherubim
555 2618 617 2645 dico
636 2623 663 2646 et
684 2618 905 2654 propitiatorium
919 2638 927 2650 ,
954 2619 1055 2653 populo

271 2664 402 2699 praeibam
418 2663 446 2690 in
465 2663 624 2695 solitudine,
642 2672 734 2691 coram
751 2663 891 2699 Ephraim,
912 2664 1053 2700 Benjamin

269 2713 298 2737 et
313 2709 449 2737 Manasse.
465 2709 533 2736 Nam
545 2710 573 2737 in
593 2710 667 2737 exitu
684 2710 828 2738 duodecim
843 2710 974 2742 tribuum,
992 2715 1055 2738 ante

270 2761 361 2781 arcam
380 2757 436 2782 tres
451 2753 541 2782 tribus
562 2754 845 2786 castrametabautur,
863 2762 960 2789 nempe
972 2753 1053 2786 Iuda,

270 2800 395 2828 lssachar
408 2804 435 2827 ct
446 2799 567 2827 Zabulon
580 2809 586 2833 ;
603 2807 693 2826 arcam
710 2800 772 2827 item
787 2805 842 2827 tres
856 2800 942 2827 tribus
957 2807 1055 2835 seque-

270 2846 379 2877 bantur,
400 2854 495 2880 nempc
511 2846 649 2880 Ephrnim,
670 2845 810 2880 Beujamin
829 2849 856 2873 ct
880 2845 1016 2878 Mauassc,
1038 2854 1053 2873 a

308 2903 329 2918 ‘-‘
347 2903 444 2932 Ezech.
462 2913 486 2936 ι,
504 2904 534 2930 l8
584 2904 605 2920 ⁵³
625 2904 722 2932 Ezech.
740 2913 763 2938 ι,
780 2905 824 2932 26.
865 2906 886 2922 ⁵³
899 2905 977 2933 llom.
997 2913 1038 2939 ιιι,
1057 2907 1100 2935 2.3.

1113 1703 1152 1739 τῷ
1163 1704 1252 1738 πάσης
1264 1703 1328 1738 ὕλης
1337 1701 1545 1739 τιμαλφεστέρῳ
1555 1701 1744 1738 παρεικάζετο,
1760 1701 1794 1727 τὰ
1807 1701 1835 1727 δὲ
1848 1701 1904 1728 ἀπὸ

1113 1748 1213 1783 ὀσφύος
1226 1749 1273 1775 καὶ
1288 1748 1371 1780 κάτω,
1438 1747 1486 1782 μὲν
1500 1747 1594 1784 ὁράσει
1608 1747 1702 1783 πυρὸς,
1719 1747 1756 1782 πὴ
1770 1747 1798 1773 δὲ
1814 1747 1902 1782 φωτὸς

1114 1794 1226 1828 φέγγει·
1238 1793 1330 1829 ἐπειδὴ
1343 1794 1377 1820 τὰ
1388 1794 1420 1820 ὲκ
1434 1794 1567 1828 γενέσεως
1581 1793 1692 1829 μέτοχα,
1703 1794 1748 1820 καὶ
1759 1793 1784 1819 οἱ
1794 1793 1840 1819 ἐπὶ
1851 1792 1901 1827 γῆς

1113 1839 1252 1876 ἄνθρωποι
1268 1840 1404 1876 διαφόρων
1425 1840 1508 1866 αὐτοῦ
1525 1839 1664 1875 δυνάμεως
1681 1839 1830 1866 ὲπιδέονται
1842 1848 1849 1854 ·
1877 1839 1900 1865 οἱ

1114 1886 1164 1921 μὲν
1175 1886 1263 1921 φωτὸς
1275 1885 1337 1917 ἀξια
1346 1885 1502 1923 πράξαντες
1514 1886 1563 1920 τῆς
1577 1885 1740 1920 φωτιστικῆς
1750 1885 1899 1921 ἐνεργείας,

1112 1931 1136 1957 οἱ
1147 1931 1175 1958 δὲ
1185 1930 1219 1957 τὰ
1232 1931 1317 1966 πυρὸς
1331 1931 1394 1963 ἄξια
1405 1931 1455 1966 τῆς
1467 1931 1618 1966 καυστικῆς
1629 1931 1676 1957 καὶ
1689 1930 1811 1966 τιμωροῦ
1822 1931 1899 1957 δυνά-

1114 1985 1195 2011 μεως.
1228 1976 1288 2003 Τῶν
1305 1976 1327 2003 δ’
1344 1976 1478 2012 οὐρανίων
1493 1975 1600 2008 εἰκόνας
1616 1976 1662 2003 καὶ
1678 1975 1801 2010 σύμϐολα
1816 1985 1898 2002 καταε

1113 2023 1243 2050 σκευάσαι
1251 2023 1370 2058 Μωῦσῆς
1378 2022 1543 2055 κελευσθεὶς,
1551 2022 1584 2049 τὰ
1594 2022 1726 2058 χερουὸὶμ
1733 2021 1787 2048 ἀπὸ
1798 2021 1898 2058 χρυσοῦ

1111 2067 1311 2094 κατεσκεύασεν
1321 2075 1328 2082 ⁸
1345 2066 1470 2093 ἐπέκειτό
1482 2075 1512 2093 τε
1524 2062 1611 2094 ταῦτα
1627 2069 1659 2102 τῇ
1676 2066 1802 2102 κιϐωτῷ,
1819 2066 1898 2102 μέσον

1110 2113 1205 2149 ἔχοντα
1218 2113 1249 2140 τὸ
1263 2113 1418 2149 ἱλαστήριον
1428 2114 1460 2140 ὲκ
1470 2113 1572 2149 χρυσοῦ
1586 2113 1768 2148 πεποιημένον
1778 2121 1785 2128 ⁸
1805 2113 1851 2140 καὶ
1866 2111 1898 2148 ἦν

1109 2161 1140 2186 τὸ
1153 2160 1307 2196 ἱλαστήριον
1321 2159 1404 2196 μέσον
1418 2160 1472 2187 τῶν
1484 2159 1617 2196 χερουϐὶμ
1631 2159 1736 2195 ἡνιόχου
1748 2158 1828 2194 δίκην
1839 2159 1898 2185 ἑπι-

1110 2206 1236 2241 κείμενον
1251 2206 1342 2238 αὐτοῖς
1351 2214 1358 2221 ο
1374 2205 1439 2233 ὥστ’
1452 2206 1522 2234 εἶναι
1539 2208 1631 2234 εἰκόνα
1645 2206 1690 2233 καὶ
1705 2205 1790 2232 τύπον
1803 2206 1834 2232 τὸ
1847 2205 1899 2232 ἀπὸ

1110 2251 1211 2287 χρυσοῦ
1229 2252 1410 2288 πεποιημένον
1427 2253 1582 2290 ἱλαστήριον
1604 2252 1654 2280 τοῦ
1672 2253 1700 2279 ἐν
1717 2251 1756 2287 τῷ
1771 2252 1898 2287 προφήτῃ

1116 2297 1240 2332 Ἐζεκιὴλ
1253 2297 1323 2332 ὑπὲρ
1336 2296 1369 2323 τὰ
1387 2298 1520 2334 χερουσὶμ
1535 2297 1678 2332 ὀφθέντος·
1694 2296 1723 2324 ὃν
1739 2296 1900 2323 ἀποδείκνυ-

1111 2350 1160 2377 μεν
1173 2340 1242 2369 εἶναι
1255 2342 1301 2369 τὸν
1314 2343 1400 2378 Λόγον
1414 2343 1461 2371 τοῦ
1475 2343 1552 2371 Θεοῦ.
1563 2343 1643 2370 Ὅθεν
1655 2344 1669 2370 ὁ
1680 2343 1750 2374 θεῖος
1767 2343 1897 2369 Ἀπόστο-

1109 2387 1153 2418 λος
1171 2387 1323 2423 ἱλαστήριον
1337 2389 1417 2416 αὐτὸν
1432 2389 1511 2416 καλεῖ
1524 2389 1609 2424 λέγων
1618 2397 1626 2404 ο
1649 2389 1704 2415 ’ον
1725 2387 1868 2422 προέθετο
1882 2388 1898 2414 ό

1110 2434 1183 2467 Θεὸς
1196 2435 1372 2469 ἱλαστήριον
1383 2435 1432 2463 διὰ
1442 2435 1572 2469 πίστεως
1582 2435 1618 2461 ὲν
1628 2434 1668 2467 τῷ
1679 2433 1773 2461 αὑτοῦ
1784 2434 1895 2469 αἵματι.

1109 2479 1200 2507 Ταῦτα
1219 2480 1247 2507 δὲ
1262 2480 1383 2513 τυπικῶς
1396 2480 1470 2517 παρὰ
1483 2482 1594 2508 Μωῡσεί
1603 2480 1646 2508 διὰ
1661 2479 1763 2516 χρυσοῦ
1780 2489 1896 2515 πεποιη-

1110 2524 1188 2559 μένα,
1202 2525 1274 2559 λέγω
1287 2525 1315 2552 δὲ
1327 2525 1362 2553 τὰ
1377 2525 1509 2562 χερουϐὶμ
1521 2526 1568 2552 καὶ
1582 2526 1612 2552 τὸ
1627 2526 1791 2561 ἱλαστήριον,
1809 2533 1895 2562 προη-

1108 2572 1181 2605 γεῖτο
1194 2571 1240 2598 τοῦ
1253 2572 1282 2598 ὲν
1297 2574 1330 2608 τῇ
1347 2573 1443 2608 ἐρήμῳ
1456 2572 1522 2600 λαοῦ
1536 2572 1606 2599 κατὰ
1618 2572 1762 2608 πρόσωπον
1779 2571 1896 2608 Ἐφρατμ

1108 2617 1155 2644 καὶ
1171 2618 1298 2653 Βενιαμὶν
1315 2619 1362 2645 καὶ
1376 2619 1518 2655 Μανασσῆ.
1552 2619 1596 2646 Ἐν
1611 2619 1664 2654 γὰρ
1678 2619 1710 2653 τῇ
1728 2619 1827 2654 πορείᾳ
1842 2618 1894 2645 τῶν

1108 2662 1147 2689 ιϐ’
1159 2663 1249 2698 φυλῶν
1264 2663 1417 2700 ἔμπροσθεν
1435 2665 1484 2701 μὲν
1497 2665 1547 2701 τῆς
1570 2665 1686 2692 κιϐωτοῦ
1709 2665 1894 2700 παρενέϐαλον

1107 2709 1189 2745 φυλαὶ
1202 2712 1286 2744 τρεῖς,
1310 2711 1406 2743 Ἰούδα,
1419 2712 1467 2738 καὶ
1486 2711 1607 2747 Ἰσάχαρ,
1621 2711 1668 2738 καὶ
1681 2710 1822 2738 Ζαϐουλὼν
1834 2719 1840 2726 '
1853 2711 1891 2737 ετ-

1106 2764 1188 2782 ποντο
1198 2756 1226 2783 δὲ
1281 2757 1390 2793 κιϐωτῷ
1400 2757 1501 2792 ὁμοίως
1512 2757 1592 2792 φυλαὶ
1602 2758 1687 2792 τρεῖς,
1706 2756 1835 2791 Ἐφραῒμ,
1846 2755 1891 2782 καὶ

1106 2802 1250 2838 Βενιαμὶν,
1273 2803 1319 2830 καὶ
1342 2805 1475 2839 Μανασσῆ
1486 2824 1493 2837 ,
1512 2804 1582 2831 κατὰ
1598 2804 1682 2831 νώτου
1699 2803 1890 2830 ἁκολουθοῦσαι

1105 2849 1158 2880 τοῖς
1172 2849 1311 2885 χερουϐἰμ.
1321 2849 1364 2876 Διὸ
1375 2850 1497 2877 λέλεκται
1509 2849 1624 2877 ἐνταῦθα
1632 2858 1638 2865 ·
1649 2849 1811 2884 Ἑμφάνηοι
1823 2850 1888 2876 καθ-
