2024 3214
109 190 161 219 957

693 187 946 217 COMMENTABIA
963 186 998 215 1N
1016 186 1186 215 PSALMOS.

1247 194 1307 238 7c,
1688 188 1742 217 958

109 247 220 283 ήμενος
233 246 284 273 ἐπὶ
300 246 360 273 τῶν
387 245 527 281 χερουϐὶμ
548 251 688 274 εναντιον
707 247 838 282 Ἐφραῖμ,
855 247 901 274 καὶ

957 249 1035 280 tergo
1045 244 1188 273 cherubim
1201 247 1358 278 sequentes.
1372 243 1553 277 Quamobrem
1565 245 1610 272 hic
1619 244 1720 272 dicitur
1735 255 1740 272 :

112 293 265 328 Βενιαμὶν,
282 292 332 319 καὶ
345 292 508 327 Μανασσῆ.
526 293 572 319 Διὸ
589 293 660 319 κατὰ
673 293 719 320 τὸν
740 293 854 320 Ἀκύλαν
866 293 904 320 et-

113 347 210 377 ρηται·
235 338 390 373 Καθήμενε
412 338 474 371 τοῖς
491 338 651 373 χερουσὶμ,
675 338 836 373 ἐπιφάνηθι
860 338 903 370 εις

111 386 274 421 πρόσωπον
292 385 428 419 Ἐερραῒμ,
445 384 495 411 καὶ
510 384 661 419 Βενιαμὶν,
676 384 725 411 καὶ
741 383 902 418 Μανασσῆ.

111 433 146 459 Σὺ
159 431 225 468 γὰρ,
239 431 332 467 φησὶν,
348 431 362 457 ὸ
373 431 413 462 εἰς
423 430 570 466 πρόσωπον
582 429 630 457 καὶ
641 430 756 457 ἐνώπιον
773 430 902 466 Ἐφραῖμ,

111 477 157 505 καὶ
165 477 305 513 Βενιαμὶν,
321 477 368 504 καὶ
380 477 513 512 Μανασσῆ
529 476 765 512 προπορευόμενος
778 476 902 512 ὲμφάνη-

112 523 147 550 οι.
171 523 359 550 Ἀνακαλεῖται
377 522 405 549 δὲ
421 523 450 548 ὲν
465 522 571 554 τούτοις
584 523 629 549 τὸν
648 522 694 549 τοῦ
710 522 777 549 Θεοῦ
792 522 877 556 Λόγον
889 524 904 549 ὁ

111 569 256 605 Προφήτης
269 568 323 595 ἀπὸ
332 568 386 595 τῶν
395 568 602 604 γνωριζομένων
613 568 650 604 τῷ
662 568 718 603 λαῷ
729 568 778 604 τὴν
791 569 904 604 ἐπίκλη-

111 623 153 641 σιν
167 615 345 650 ποιούμενος’
360 614 418 641 ἀλλ’
436 615 487 641 οὐκ
508 614 562 642 ἀπὸ
575 614 626 649 τῆς
641 614 779 646 οεοπτίας,
796 614 849 648 τῆς
865 614 904 650 τῷ

111 662 242 697 Προφήτῃ
259 661 384 696 Ἐζεκιὴλ
394 660 572 696 τεθεαμένης.
585 661 710 687 Δυσωπεί
720 660 748 687 δὲ
762 661 807 687 τὸν
819 669 904 696 παρα-

111 705 276 742 καλούμενον
290 706 335 733 διὰ
347 706 398 742 τῆς
411 707 509 742 εὐχῆς·
532 707 564 733 Εἰ
576 706 630 743 γὰρ
645 707 807 742 ὑπέμεινας,
826 707 902 742 φησὶ,

111 752 199 788 καιρῷ
208 761 262 780 τινι
274 753 435 789 πρωδεῦσαι
448 752 609 788 ἀνθρώπων,
622 753 733 790 καὶτῶν
746 753 904 789 προλεχθει-

111 799 164 826 σῶν
180 799 336 835 ἡγήσασθαι
351 799 442 834 φυλῶν
453 820 460 832 ,
473 799 520 825 καὶ
535 799 582 826 νῦν
599 800 655 831 τοῖς
669 799 761 831 αὐτοῖς
776 799 902 835 χειμαζο-

111 845 201 881 μένοις
217 843 264 872 iuit
275 845 471 880 ἀπολλυμένοις
487 844 625 880 ἐμφάνηθι
637 854 644 860 ·
655 845 702 871 καὶ
717 845 749 871 σύ
762 853 794 879 γε
811 844 902 877 αὐτὸς,

109 891 123 917 ὁ
138 891 186 918 καὶ
202 891 263 918 τότε
285 892 423 926 ποιμάνας
441 891 488 918 καὶ
511 892 740 927 προηγησάμενος
758 891 806 918 τοῦ
826 891 890 918 λαοῦ

109 936 260 972 ἐξέτειρον
278 937 335 972 τὴν
356 937 541 964 δυναστείαν
561 946 638 970 σου,
653 938 702 965 καὶ
721 938 791 966 ἐλθὲ
810 939 853 970 εὶς
868 937 901 964 τὸ

110 981 207 1009 σῶσαι
222 981 310 1017 ἡμᾶς.
335 982 461 1009 Ἱκετεύει
475 992 504 1009 τε
524 984 552 1009 ὲν
568 983 673 1014 τούτοις
683 983 732 1019 τὴν
747 984 786 1015 εις
797 983 902 1019 ἀνθρώ-

110 1036 177 1060 πους
192 1029 274 1056 αὑτοῦ
288 1029 379 1064 ἄφιξιν
395 1029 560 1065 ποιήσασθαι
576 1030 624 1056 καὶ
637 1031 700 1062 τοὺς
712 1030 901 1065 ἀποστραφέν-

108 1083 158 1107 τας
173 1075 222 1102 καὶ
247 1076 276 1102 ὲν
293 1075 450 1102 ἁποπτώσει
465 1077 628 1111 γενομένους
645 1076 725 1103 πάλιν
747 1076 900 1108 ἀναλαϐεῖν,

109 1121 189 1148 πάλιν
204 1121 251 1148 καὶ
267 1122 307 1152 εἰς
324 1122 404 1148 αὐτὸν
417 1122 580 1158 ἐπιπρέψαι
598 1123 719 1157 ποιῆσαι,
749 1122 794 1148 Διὸ
807 1122 879 1157 λέγει
892 1131 899 1137 ·

115 1167 142 1193 '0
162 1168 245 1201 Θεὸς,
262 1168 447 1202 ἑπίστρεψυν
464 1167 543 1203 ἡμᾶς
556 1168 605 1194 καὶ
619 1169 769 1203 ἐπίφανον
783 1168 816 1195 τὸ
831 1169 901 1203 πρό-

109 1214 212 1240 σωπόν
230 1220 289 1241 σου
299 1234 305 1245 ,
323 1214 371 1240 καὶ
386 1214 595 1248 σωθησόμεθα.
621 1215 709 1248 Κύριε
724 1216 740 1241 ὀ
755 1214 826 1247 Θεὸς
842 1214 902 1241 τῶν

110 1258 266 1294 δυνάμεων
277 1280 284 1292 ,
311 1260 367 1292 ἕως
387 1261 459 1287 πότε
474 1259 572 1294 ὀρτίζὶι
586 1260 635 1287 ἐπὶ
650 1260 707 1294 τὴν
725 1260 898 1294 προσευχὴν

108 1305 168 1332 τῶν
187 1305 307 1333 δούλων
328 1306 404 1339 σοῦ;
435 1307 463 1332 '0
478 1306 625 1342 λεγόμενος
639 1307 686 1333 ἐπὶ
701 1307 747 1333 τοῦ
768 1307 901 1341 παρόντος
922 1318 924 1334 ι

109 1351 211 1388 Κύριος
226 1353 274 1379 καὶ
289 1353 355 1385 Θεὸς
368 1353 422 1379 τῶν
437 1353 592 1388 δυνάμεων,
610 1354 690 1385 αὐτὸς
712 1351 746 1389 ἦν
768 1355 869 1385 ἐκεῖνος
885 1354 899 1379 ὁ

110 1398 260 1433 ποιμαίνων
274 1399 319 1425 τὸν
335 1399 462 1434 ἀληθινὸν
485 1400 592 1435 Ἰσραὴλ
601 1419 608 1431 ,
627 1400 673 1426 καὶ
686 1400 821 1435 ὁδηγήσας
835 1401 900 1427 ὡσεὶ

110 1445 243 1480 πρόὸατον
253 1445 299 1472 τὸν
313 1446 421 1481 Ἰωσὴφ,
436 1447 483 1472 καὶ
494 1447 508 1472 ὁ
519 1446 672 1481 καθήμενος
684 1447 729 1473 ἐπί
742 1446 796 1474 τῶν
807 1455 901 1482 χερου-

110 1489 159 1524 (ily.
168 1497 175 1506 -
188 1489 340 1525 προοδεύων
349 1499 378 1517 τε
391 1491 510 1518 ἐναντίον
525 1490 644 1526 Ἐφραῖμ
656 1491 702 1518 καὶ
715 1492 842 1526 Βενιαμὶν
854 1492 900 1518 καὶ

110 1535 254 1571 Μανασσῆ.
270 1536 372 1571 Κύριος
387 1537 413 1563 δὲ
425 1538 472 1564 καὶ
489 1537 555 1570 Θεὸς
567 1537 619 1564 τῶν
629 1538 770 1573 δυνάμεων
781 1538 898 1573 εἴρηται,

894 912 940 949 ΣΒ

955 290 1153 324 Manifestaria,
1187 291 1231 326 qui
1265 290 1338 317 sedes
1366 298 1442 324 super
1472 290 1603 321 cherubim
1619 309 1627 322 ,
1653 298 1743 317 coram

956 336 1096 372 Ephraim.
1117 332 1259 370 Benjamiu
1284 341 1309 363 et
1335 336 1469 363 Manasse.
1503 336 1564 363 Ideo
1592 335 1747 363 secundum:

953 382 1081 417 Aquilam
1105 382 1208 410 dicitur
1227 392 1234 409 :
1252 382 1376 409 Insidens
1399 389 1475 415 super
1493 382 1636 415 cherubim,
1655 383 1742 409 mani-

954 430 1053 465 festare
1068 430 1094 456 in
1110 429 1179 464 facie
1196 428 1336 463 Ephraim,
1353 427 1494 462 Beujamin
1509 432 1534 454 et
1554 427 1688 455 Manasse.
1700 426 1741 455 Tu

953 476 1037 509 enim,
1056 476 1156 511 inquit,
1176 475 1223 510 qui
1243 475 1270 501 in
1291 474 1362 502 facie
1382 474 1520 508 Ephraim,
1548 473 1688 508 Bcnjamin
1716 478 1743 500 ct

954 520 1081 548 Manasse
1104 519 1242 555 procedis,
1259 518 1447 546 manifestare.
1470 517 1498 544 lu
1517 517 1559 545 his
1570 522 1659 544 autem
1674 516 1742 543 Pro-

954 567 1034 602 pheta
1051 565 1099 593 Dei
1114 565 1232 593 Verbum
1257 568 1363 595 evocat,
1375 564 1411 591 ab
1430 563 1465 590 iis
1485 571 1546 598 quae
1565 563 1663 597 populo
1679 566 1741 589 nota

954 616 1033 640 erant
1047 619 1146 639 nomen
1163 611 1223 646 ejus
1237 615 1379 642 mutuans,
1397 609 1444 637 sed
1462 617 1516 636 non
1531 617 1546 635 a
1572 608 1662 635 divina
1677 607 1741 635 Eze-

954 659 1050 686 chielis
1061 658 1179 685 visione.
1195 656 1286 692 lpsmn
1303 660 1394 683 autem
1409 655 1452 682 bis
1461 655 1551 682 verbis
1566 653 1742 689 supplicando

954 704 1101 740 compellat
1121 713 1128 731 :
1145 703 1173 730 Si
1186 703 1304 738 quodam
1322 706 1454 737 tempore,
1467 702 1566 737 inquit,
1587 701 1742 728 hominibus

954 752 1060 779 anteire
1084 751 1212 785 dignatus
1235 757 1276 781 es,
1293 752 1513 784 niemoi-atasque
1525 748 1614 775 tribus
1631 747 1741 779 ducere,

954 805 1028 825 nunc
1045 797 1112 832 ipsis
1124 795 1323 823 ﬂuctuantibus
1335 798 1364 822 et
1381 794 1561 830 pereuntibus
1575 801 1690 829 appare;
1701 796 1741 826 tu,

954 844 1077 879 inquam,
1094 843 1154 878 ipse
1175 842 1221 877 qui
1238 842 1303 869 olim
1329 841 1459 876 populum
1481 839 1617 875 poscebas
1636 839 1743 875 ipsique

955 890 1088 923 anteibas,
1107 889 1194 916 excita
1208 888 1353 923 potentiam
1371 892 1444 913 tuam
1466 891 1490 913 et
1514 886 1581 918 veni,
1604 890 1633 912 ut
1655 885 1742 912 salvas

954 935 1039 970 facias
1057 943 1114 962 nos.
1132 933 1181 961 His
1196 940 1261 960 vero
1283 932 1419 967 supplicat
1433 934 1463 957 ut
1479 930 1512 957 ad
1529 929 1654 957 homines
1669 937 1744 957 acce-

952 981 1009 1013 dat,
1021 984 1049 1007 et
1075 987 1123 1007 eos
1137 977 1292 1014 qui’aversi
1310 981 1337 1004 et
1359 976 1427 1010 lapsi
1446 980 1533 1007 erant,
1551 975 1649 1002 iterum
1664 982 1742 1002 resu-

953 1029 1020 1058 mat,
1038 1025 1136 1052 iterum
1153 1023 1188 1050 ad
1216 1030 1246 1051 se
1272 1025 1426 1049 convertat.
1453 1020 1625 1055 Quapropter
1648 1019 1715 1046 dicit
1734 1030 1740 1047 :

953 1071 1034 1103 Deus,
1047 1075 1166 1098 conuerte
1180 1078 1237 1102 nos,
1252 1073 1278 1096 et
1304 1069 1411 1095 ostende
1426 1067 1521 1102 faciem
1536 1072 1618 1099 luant,
1635 1071 1659 1093 et
1675 1066 1743 1093 salvi

951 1117 1098 1143 erimus.—
1107 1115 1189 1143 Vens.
1207 1114 1233 1141 5.
1247 1113 1358 1140 Domine
1368 1111 1438 1139 Deus
1460 1112 1598 1144 virtutum,
1611 1119 1743 1146 quousque

952 1162 1076 1188 irasceris
1095 1168 1173 1195 super
1189 1159 1336 1186 orationem
1356 1157 1491 1185 s‘eruorum
1506 1157 1634 1184 tuorum?
1649 1156 1700 1188 Qui
1715 1156 1743 1183 in

952 1207 1081 1243 praesenti
1091 1206 1193 1241 dicitur
1218 1204 1350 1232 Dominus
1366 1207 1394 1231 et
1406 1203 1479 1230 Deus
1491 1203 1636 1235 virtutum,
1652 1202 1676 1230 is
1685 1202 1743 1237 ipse

951 1259 1010 1283 erat
1033 1254 1080 1289 qui
1112 1252 1243 1289 pascebat
1270 1258 1365 1278 verum
1383 1249 1526 1281 lsraelcm,
1550 1253 1578 1276 et
1593 1249 1732 1279 dedurcba

952 1302 1024 1329 sicut
1042 1307 1120 1327 ovem
1132 1297 1244 1333 Ioseph,
1256 1301 1284 1325 et
1298 1296 1345 1332 qui
1361 1296 1474 1324 sedebat
1490 1302 1573 1330 super
1589 1294 1742 1328 cherubim,

951 1351 978 1375 et
992 1347 1040 1383 qui
1054 1345 1197 1373 incedebat
1212 1351 1305 1371 coram
1319 1342 1460 1378 prraim,
1480 1341 1622 1376 Benjamin
1641 1345 1669 1368 et
1683 1340 1741 1368 Ma-

951 1403 1042 1422 nasse.
1064 1392 1198 1420 Dominus
1213 1394 1303 1418 autem
1326 1394 1353 1417 et
1383 1389 1455 1417 Deus
1473 1388 1605 1416 virtutum
1630 1387 1741 1425 dicitur,

951 1445 981 1468 ut
995 1440 1060 1467 alibi
1080 1439 1135 1466 dux
1149 1437 1287 1466 exercitus
1302 1440 1330 1464 et
1347 1435 1458 1464 virtutis
1471 1434 1590 1464 Domini.
1603 1441 1634 1461 ac
1650 1434 1741 1469 magni

952 1486 1061 1514 consilii
1078 1485 1209 1521 Angelus.
1222 1483 1286 1511 Jesu
1302 1483 1395 1517 itaque
1418 1481 1521 1518 Moysis
1532 1480 1697 1513 successori,
1714 1480 1742 1507 in

952 1533 1039 1561 forma
1061 1531 1181 1559 hominis
1196 1536 1331 1565 apparens
1351 1528 1414 1563 quis
1430 1528 1490 1562 ipse
1504 1530 1577 1554 esset
1592 1525 1742 1553 conﬁteba-

110 1581 190 1617 (DC‘EV
212 1582 315 1618 ἑτέροις
331 1583 550 1618 ἀρχιστράτηγος
570 1584 711 1620 δυνάμεως
728 1584 830 1619 Κυρίου
854 1584 901 1610 καὶ

954 1584 1009 1610 tur.
1030 1579 1125 1606 dicens
1142 1587 1148 1605 :
1169 1576 1224 1612 Ego
1240 1584 1299 1603 sum
1322 1575 1377 1601 dux
1399 1574 1561 1601 exercituum
1589 1578 1614 1600 et
1638 1573 1742 1600 virtutis

111 1628 232 1664 μεγάλης
238 1628 479 1664 βουλῆςἈγγελος.
486 1630 531 1665 Τῷ
541 1631 588 1666 μὲν
596 1628 642 1657 οὖν
650 1630 902 1664 διαδόχῳΜωῦε-έως

116 1673 202 1710 Ἰησοῦ
213 1695 220 1707 ,
238 1675 266 1701 ὲν
285 1675 403 1710 σχήματι
421 1676 516 1711 ἀνδρὸς
533 1676 644 1711 φανεὶς,
662 1677 757 1703 ἑαυτὸν
768 1676 902 1711 ὡμολόγει

110 1720 182 1752 ὅστις
188 1718 222 1755 ἦν
232 1720 319 1755 λέγων
327 1729 334 1735 ”
353 1720 425 1755 Ἐγώ
435 1723 494 1756 εὶμι
502 1721 739 1756 ἀρχιστράτηγος
750 1721 902 1757 δυνάμεως

110 1767 230 1801 Κυρίου.
248 1766 291 1793 Ἐν
303 1767 331 1794 δὲ
343 1766 380 1802 τῷ
394 1767 493 1802 Ἡσαΐᾳ
506 1767 647 1800 λέλεκται,
656 1767 696 1793 ὅτι
707 1767 829 1794 Παιδίον
840 1768 902 1802 ἐγε-

111 1812 186 1847 νήθη
202 1813 276 1849 ἡμῖν
288 1833 296 1846 ,
310 1813 376 1846 υἱὸς
389 1814 438 1841 καὶ
453 1814 542 1848 ἐδόθη
558 1814 640 1849 ἡμῖν.
669 1812 711 1842 οὔ
726 1814 744 1848 ἡ
761 1814 838 1849 ἀρχὴ
852 1815 901 1842 ἐπὶ

111 1859 164 1886 τοῦ
175 1859 256 1894 ὤμου
266 1861 371 1894 αὐτοῦ,
387 1861 435 1888 καὶ
448 1860 582 1887 καλεῖται
598 1860 631 1887 τὸ
643 1860 738 1894 ὄνομα
754 1861 846 1888 αὐτοῦ
855 1870 902 1896 με·

110 1905 206 1940 qvi/inc
214 1905 485 1942 βουλῆςᾌγγεενῑος.
498 1906 578 1933 Κατὰ
588 1907 616 1933 δὲ
623 1907 685 1939 τοὺς
697 1907 806 1939 λοιποὺς
818 1908 902 1944 ἑρμη-

111 1951 221 1983 νευτάς’
237 1952 309 1985 Θεὸς
327 1952 464 1986 δυνατὸς,
476 1953 694 1988 ὲξουσιαστὴς,
711 1954 811 1989 ἅρχων
821 1955 900 1990 εἰρή-

111 2005 167 2031 νης
180 2017 188 2030 ,
205 1997 304 2031 πατὴρ
323 1998 439 2032 αἰῶνος.
474 1999 560 2026 Τοῦτο
575 2000 663 2026 τοίνυν
678 2000 831 2027 διδάσκεται
849 2001 901 2027 ὑπὸ

110 2043 157 2069 τοῦ
173 2043 332 2078 Πνεῦματος
349 2043 398 2070 τοῦ
417 2044 587 2080 προφητικοῦ
603 2045 685 2081 εὐχὴν
701 2045 871 2081 ἀναπέμπειν
887 2048 901 2074 ὁ

112 2089 300 2123 καταλειφθεὶς
317 2090 420 2126 ἔρημος
434 2090 498 2122 λαὸς
509 2111 516 2124 ,
534 2091 581 2118 καὶ
594 2091 669 2127 αὐτῷ
685 2091 787 2126 λέγειν·
813 2093 901 2127 Κύριε

111 2135 128 2163 ό
144 2134 216 2168 Θεὸς
228 2135 289 2162 τῶν
304 2135 460 2170 δυνάμεων
470 2157 477 2169 ,
504 2137 559 2170 ἕως
575 2137 648 2164 πότε
666 2137 765 2172 ὀργίζῃ
781 2138 831 2164 ἐπὶ
844 2137 902 2172 τὴν

111 2181 288 2216 προσευχὴν
296 2182 349 2209 τοῦ
362 2182 475 2209 δούλου
487 2190 545 2210 σου
552 2191 562 2215 ;
581 2183 650 2210 Ἀνθ¹
658 2181 689 2210 οὗ
700 2184 725 2210 οἱ
737 2184 825 2210 λοιποὶ
838 2184 900 2211 πάν-

111 2235 156 2259 τες
174 2228 342 2263 ἑρμηνευταὶ
353 2247 360 2260 ,
377 2229 430 2256 τοῦ
446 2228 524 2256 λαοῦ
548 2237 622 2263 σου,
636 2230 822 2265 ἡρμήνευσαν.
855 2232 900 2257 Δι-

953 1625 1062 1653 Domini
1075 1624 1108 1652 “.
1126 1623 1156 1650 ln
1166 1622 1234 1650 Isaia
1246 1630 1311 1649 vero
1325 1621 1429 1648 dictum
1442 1625 1485 1648 est
1497 1629 1504 1647 :
1525 1619 1597 1646 Puer
1610 1624 1688 1646 natus
1703 1624 1743 1646 est

953 1672 1039 1704 nobis,
1065 1676 1090 1698 et
1110 1671 1182 1705 ﬁlius
1207 1669 1286 1696 datus
1308 1672 1347 1695 est
1370 1667 1454 1695 nobis.
1471 1665 1555 1701 Cujus
1579 1666 1742 1701 principatus

952 1727 1030 1753 super
1049 1717 1185 1744 humerum
1199 1716 1267 1750 ejus,
1280 1719 1306 1742 et
1319 1713 1455 1741 vocabitur
1468 1721 1561 1740 nomen
1575 1713 1632 1747 ejus
1653 1713 1744 1748 magni

953 1765 1055 1793 consilii
1071 1763 1178 1799 angelus
1190 1763 1223 1790 °".
1240 1761 1396 1790 Secundum
1410 1759 1532 1795 reliquos
1555 1759 1716 1794 interpretes
1734 1769 1742 1787 :

952 1811 1024 1839 Deus
1048 1811 1138 1846 fortis,
1159 1815 1264 1844 potens,
1285 1809 1406 1843 princeps
1433 1806 1519 1842 pacis,
1545 1811 1621 1840 pater
1640 1806 1741 1839 surculi.

952 1858 1011 1886 lloc
1027 1858 1119 1892 itaque
1137 1857 1251 1884 docetur
1279 1862 1295 1882 a
1324 1853 1427 1889 Spiritu
1452 1852 1611 1888 prophetico
1626 1852 1743 1887 populus

952 1905 999 1939 qui
1027 1903 1176 1931 derelictus
1202 1906 1254 1934 est,
1269 1906 1299 1929 ut
1311 1900 1421 1928 emittat
1441 1899 1594 1926 orationem
1617 1905 1644 1925 et
1669 1898 1742 1925 dicat

953 1950 1019 1985 ipsi:
1034 1949 1144 1976 Domine
1157 1948 1226 1975 Deus
1240 1948 1378 1979 virtutum,
1387 1953 1521 1981 quousque
1532 1945 1656 1971 irasceris
1665 1953 1742 1979 super

953 1996 1098 2022 arationem
1120 1995 1187 2021 servi
1207 1994 1264 2021 tui?
1285 1993 1339 2020 Pro
1352 2000 1406 2028 quo
1422 1992 1521 2027 reliqui
1542 1999 1637 2019 omnes
1655 1991 1741 2019 inter-

952 2045 1054 2078 pretes,
1063 2041 1155 2076 populi
1170 2041 1219 2073 tui,
1237 2039 1408 2075 interpretati
1420 2042 1495 2066 sunt.
1507 2038 1645 2065 Docentur
1659 2045 1741 2073 porro

953 2095 1049 2124 panem
1063 2089 1243 2123 lacrymarum
1259 2086 1404 2114 comedere
1420 2092 1470 2120 pro
1485 2084 1598 2112 ausibus
1617 2085 1691 2117 suis,
1711 2089 1741 2113 ut

952 2135 1023 2162 mala
1041 2141 1091 2162 sua
1116 2133 1212 2161 ﬂentes
1230 2140 1262 2160 ac
1289 2132 1423 2168 lugentes,
1441 2131 1658 2158 consolationem
1668 2131 1741 2159 obti-

951 2185 1044 2213 neunt,
1061 2184 1090 2207 ut
1105 2180 1132 2207 in
1148 2179 1365 2207 beatitudinibus
1376 2178 1478 2205 dicitur
1493 2187 1500 2206 :
1519 2177 1595 2204 Beati
1605 2178 1651 2212 qui
1664 2178 1740 2212 ﬂent,

951 2228 1076 2263 quoniam
1086 2226 1217 2253 ridebunt.
1237 2226 1370 2258 Beatiqui
1391 2225 1488 2260 lugent,
1503 2225 1628 2260 quoniam
1648 2233 1741 2252 conso-

111 2272 254 2301 δὰτχονται
275 2274 304 2301 δὲ
320 2275 367 2301 καὶ
381 2275 463 2310 ἄρτον
478 2275 603 2311 δακρύων
624 2264 724 2303 scietas
740 2276 781 2311 ἐφ’
802 2275 841 2309 οἷς
857 2286 901 2303 τε-

953 2274 1078 2301 labuntur
1100 2273 1131 2300 ⁵³.
1163 2272 1319 2300 Secundum
1355 2271 1548 2307 Symmachum
1575 2274 1664 2298 autem
1682 2280 1689 2298 :
1707 2287 1739 2293 ——

111 2318 295 2355 τολμὴκασιν·
319 2320 364 2352 ἵν’,
387 2320 626 2356 ὰποκλαυσάμενοι
651 2321 685 2348 τὰ
708 2322 813 2349 ὲαυτῶν
829 2322 902 2350 κακὰ

112 2364 159 2391 καὶ
172 2364 367 2401 πενθήσαντες,
380 2366 487 2402 τύχοιεν
498 2367 697 2402 παρακλήσεως
710 2368 781 2395 κατὰ
794 2369 840 2395 τὸν
850 2369 902 2405 φή-

112 2419 196 2438 σαντα
212 2413 400 2448 μακαρισμόν·
415 2414 560 2447 Μακάριοι
573 2416 600 2441 οἱ
617 2415 783 2448 κλαίοντες,
801 2415 845 2441 ὅτι
855 2424 902 2449 γε·

111 2455 269 2484 λὰσονται·
283 2458 424 2492 μακάριοι
435 2460 462 2486 οὶ
480 2460 661 2493 πενθοῦντες
670 2481 677 2493 ,
690 2461 734 2487 ὅτι
748 2462 902 2495 παρακλη-

112 2502 265 2536 θήσονται.
275 2504 355 2532 Κατὰ
365 2504 393 2531 δὲ
402 2505 449 2532 τὸν
459 2505 607 2541 Σύμμαχον
615 2515 622 2521 ·
638 2507 804 2541 Ἐψ-ώμισας
811 2507 900 2542 ἡμᾶς,

113 2549 211 2584 φησὶν,
230 2549 322 2584 ἄρτον
342 2550 496 2585 δακρύων,
521 2553 571 2579 καὶ
582 2553 725 2587 ὲπότισας
738 2553 817 2589 ἡμᾶς
827 2554 902 2589 μετὰ

112 2593 248 2629 δακρύω
262 2596 369 2630 μέτρῳ.
404 2598 435 2624 El
451 2597 506 2634 γὰρ
520 2599 567 2625 καὶ
582 2598 616 2626 τὰ
634 2599 750 2635 μάλιστα
764 2599 901 2635 κλαυθμοῦ

113 2640 159 2666 καὶ
173 2641 298 2678 δακρύων
311 2642 380 2675 ἄξιοι
395 2644 561 2680 γεγόναμεν,
584 2645 654 2672 ὥστε
666 2645 727 2672 ἀντὶ
739 2646 821 2681 ἄρτου
839 2645 902 2681 τρέ-

114 2686 210 2719 φεσθαι
233 2686 382 2723 κλαυθμοῖς
407 2690 454 2716 καὶ
481 2692 662 2725 στεναγμοῖς,
680 2691 728 2717 καὶ
745 2690 901 2723 ποτιζεσθαι

114 2729 226 2766 δάκρυσι
248 2732 295 2759 καὶ
317 2734 407 2768 γόοις·
436 2735 494 2761 ἀλλ’
515 2735 584 2762 αὐτὰ
603 2736 688 2763 ταῦτα
706 2737 901 2772 μεμετρημένα

116 2775 178 2810 ἡμῖν
191 2776 317 2811 γινέσθω,
335 2777 405 2805 ὥστε
423 2779 460 2815 μὴ
477 2780 517 2812 εἰς
533 2780 645 2815 ἄπειρον
662 2782 726 2816 ἡμῖν
744 2782 901 2817 παραταθῆ-

116 2830 157 2850 v1:
168 2832 175 2838 “
190 2824 269 2860 λῆξαι
284 2825 312 2852 δέ
331 2835 406 2858 ποτε,
423 2827 468 2853 καὶ
484 2827 645 2862 μεταϐαλεῖν
661 2828 707 2854 ἐπὶ
719 2827 749 2853 τὸ
764 2828 901 2862 φαιδρότε-

151 2902 173 2917 ⁶⁵
191 2902 249 2931 Jos.
267 2912 291 2937 ν,
309 2904 352 2932 14.
391 2904 413 2920 δ’
431 2904 483 2933 isa.
504 2913 530 2932 rx
543 2925 550 2938 ,
568 2904 594 2933 6.
634 2906 655 2921 ⁵⁸
674 2905 769 2933 Matth.
790 2915 816 2939 v,
833 2906 860 2934 5.

950 2319 1035 2348 Vens.
1063 2319 1089 2347 6.
1112 2319 1215 2347 Cibasti
1231 2327 1289 2350 nos,
1307 2318 1406 2354 inquit,
1422 2325 1490 2352 parte
1506 2317 1696 2352 lacrymarum,
1715 2321 1739 2343 et

949 2367 1047 2401 potasti
1062 2374 1109 2394 nos
1124 2373 1182 2393 cum
1193 2365 1316 2400 lacrymis
1325 2372 1459 2391 mensura.
1471 2363 1529 2391 Etsi
1543 2370 1659 2397 namque
1675 2362 1738 2389 ﬂetu

950 2417 977 2440 et
994 2413 1122 2448 lacrymis
1135 2412 1210 2448 digni
1225 2412 1312 2439 simus
1325 2432 1332 2444 ,
1350 2414 1380 2437 ut
1395 2411 1455 2437 loco
1469 2409 1561 2445 panis,
1582 2409 1691 2436 ﬂetibus
1708 2416 1740 2437 ac

950 2458 1096 2494 gemitibus
1110 2458 1227 2491 alamur.
1245 2457 1376 2493 lacrymis
1389 2461 1416 2483 et
1434 2455 1677 2483 lamentationibus
1692 2463 1741 2491 po-

952 2508 1042 2532 temur
1055 2513 1063 2538 ;
1079 2508 1107 2532 at
1119 2504 1176 2532 haec
1191 2504 1250 2539 ipsa
1264 2507 1421 2531 mensurate
1436 2501 1517 2529 nobis
1530 2501 1683 2535 tradantur,
1703 2502 1741 2529 ita

953 2555 983 2579 ut
998 2559 1053 2578 non
1065 2553 1092 2578 in
1113 2551 1251 2578 inﬁnitum
1271 2549 1441 2585 procedant,
1459 2548 1507 2576 sed
1522 2547 1669 2583 aliquando
1679 2555 1740 2576 ces-

952 2601 1023 2628 sent.
1040 2605 1072 2624 ac
1083 2598 1110 2625 in
1123 2597 1288 2632 jucundiora
1304 2598 1456 2622 mutentur.
1470 2594 1511 2621 Tu
1523 2594 1595 2622 enim
1609 2593 1704 2630 (Vens.
1714 2594 1742 2629 7)

952 2644 1065 2678 posuisti
1089 2652 1135 2671 nos
1157 2644 1183 2670 in
1206 2642 1443 2670 contradictionem
1461 2641 1553 2668 uicinis
1576 2641 1685 2673 nostris,
1716 2646 1741 2668 et

952 2691 1053 2717 inimici
1068 2690 1152 2718 nostri
1167 2689 1395 2717 subsannat'erunt
1410 2697 1457 2716 nos
1473 2696 1482 2716 :
1495 2688 1544 2724 qui
1570 2696 1627 2715 non
1653 2687 1742 2715 simile

953 2737 1092 2772 quidpiam
1107 2737 1171 2764 olim
1183 2736 1243 2763 ausi
1262 2741 1356 2763 contra
1376 2743 1426 2763 nos
1438 2739 1512 2768 sunt,
1524 2742 1586 2761 cum
1608 2738 1634 2761 te
1653 2737 1743 2769 patro-

955 2791 1020 2810 num
1037 2783 1209 2810 haberemus.
1224 2782 1406 2815 Quamobrem
1430 2782 1524 2817 (Vens.
1540 2781 1567 2815 8)
1585 2786 1741 2816 precamur,

955 2834 981 2857 ct
1002 2835 1027 2858 te
1048 2830 1131 2858 Deum
1158 2830 1288 2857 virtutum
1310 2829 1480 2861 invocamus,
1499 2828 1684 2862 supplicantes
1711 2828 1743 2854 ut
