2024 3214
265 183 320 212 959
603 182 739 210 EUSEBII
759 181 999 211 CESARIENSIS
1019 182 1094 210 OPP.
1115 182 1206 210 PARS
1226 183 1270 210 III.
1286 197 1319 203 --
1334 181 1540 210 EXEGETICA.
1845 183 1898 212 960

267 250 317 270 nos
331 245 483 270 convertas
511 240 589 274 Quod
615 249 682 268 sane
708 241 814 268 eveniet
838 236 861 268 si
890 241 1056 276 conspicuus

1108 250 1162 277 ρον.
1183 242 1218 268 Σὺ
1233 241 1288 277 γὰρ
1304 242 1374 272 ἔθου
1390 241 1469 275 ἡμᾶς
1481 242 1525 273 εὶς
1538 239 1711 275 ἀντιλογίαν
1727 240 1790 273 τοῖς
1807 240 1899 274 γειτο-

267 289 316 316 tias
331 292 358 315 et
369 288 472 315 vultum
487 292 562 314 tuum
578 287 708 315 ostendas
720 287 810 314 nobis.
823 286 890 314 Nam
906 288 930 314 si
946 287 971 314 id
986 295 1053 314 con-

1108 296 1160 315 σιν
1173 287 1265 322 ἡμῶν,
1283 288 1332 314 καὶ
1345 289 1371 314 οι
1385 288 1484 322 ἐχθροὶ
1499 287 1582 322 ἡμῶν
1593 285 1799 321 ὲμυκτήρισαν
1809 286 1898 322 ἡμᾶς,

267 335 392 366 cedatur.
412 335 480 362 salvi
503 334 617 364 erimus.
644 341 676 361 ac
702 341 752 362 nos
780 341 889 369 quoque
907 333 1053 362 dicemus:

1110 335 1192 370 μηδὲν
1214 334 1316 361 τούτων
1335 335 1418 361 πάλαι
1433 334 1494 360 καθ’
1514 333 1591 368 ήμῶν
1610 333 1780 369 τολμῶντες,
1797 333 1843 360 ὅτε
1869 342 1899 360 σε

267 381 407 416 Signatum
436 388 475 407 est
502 388 579 414 super
596 389 643 407 nos
670 381 757 407 lumen
784 380 871 407 vultus
896 380 945 412 tui,
962 379 1055 407 Domi-

1109 380 1263 416 προστάτην
1277 381 1396 416 εἴχομεν.
1412 381 1456 407 Διὸ
1466 380 1592 415 δεόμεθα,
1602 380 1649 407 καὶ
1660 379 1707 406 τὸν
1717 379 1784 407 Θεὸν
1795 379 1851 407 τῶν
1859 379 1896 406 δυ-

266 435 298 454 ne
316 428 348 453 η.
1110 426 1144 453 νά
1147 435 1219 461 μεων
1225 426 1361 453 ἀνακαλού
1365 426 1445 461 μεθα,
1453 420 1616 462 ἐπιστρέψαι
1623 427 1639 460 ὴ
1645 426 1697 461 μᾶς
1709 424 1902 452 καθικετεύου-

265 481 319 504 τες.
339 473 422 500 Τοῦτο
432 473 460 499 δὲ
471 472 547 499 ἔσται
559 473 583 498 εἰ
595 472 729 508 ἐπιφανὴς
741 472 839 507 γένοιο,
854 473 901 500 καὶ
911 473 942 500 τὸ
973 472 1070 500 σαυτοῦ
1091 472 1236 507 πρόσωπον
1253 472 1413 504 ὲπιδείξειας
1433 473 1508 507 ἡμῖν.
1540 472 1640 498 Τούτου
1671 471 1725 506 γὰρ
1741 470 1901 506 γενομένου,

265 519 444 554 σωθησόμεθα
457 518 577 551 λέξοντες
589 518 621 545 ἂν
637 519 684 545 καὶ
698 519 794 554 ἡμεῖς·
814 519 992 554 Ἐσημειώθη
1008 519 1055 554 ἐφ’
1075 518 1154 553 ἡμᾶς
1170 518 1204 545 τὸ
1220 518 1283 553 φῶς
1298 518 1351 545 τοῦ
1367 519 1528 553 προσώπου
1545 526 1614 549 σου,
1629 518 1728 552 Κύριε.

300 573 383 602 Vens.
399 575 426 602 9.
446 574 553 601 Vineam
570 574 602 601 de
612 574 729 609 (Egypto
754 576 916 603 transtulisti
930 584 939 603 :
955 576 1057 611 θ’]εείΜί

1142 577 1296 611 ’Ἄμπελον
1303 577 1338 610 ἐξ
1348 578 1498 612 Αἰγύπτου
1505 576 1637 612 μετῆρας
1645 584 1652 591 °
1663 576 1807 609 ἐξέϐαλες
1816 575 1899 609 ἔθνη.

265 625 353 656 gentes
371 625 396 647 et
414 620 544 655 plantaali
558 629 626 648 eam.
650 621 712 647 Duo:
734 622 835 649 itineris
856 622 931 657 fuisti
948 623 975 648 in
994 630 1056 649 con-

1105 622 1153 648 καὶ
1163 623 1389 657 κατερύτευσας
1400 622 1506 656 αὑτήν.
1522 622 1722 655 Ὠδοποίησας
1730 621 1901 655 ἔμπροσθεν

265 671 354 700 specta
367 666 434 700 ejus,
449 671 472 693 et
488 666 617 700 plantasli
632 667 734 694 radices
751 667 819 702 ejus,
832 672 856 694 et
875 667 990 702 implevit
1007 673 1056 694 ter:

1105 667 1260 701 αὑτῆς,καὶ
1269 670 1495 703 κτιτεφύτευσας
1504 669 1557 698 τὰς
1560 668 1644 702 ῥίζας
1651 666 1901 701 αὐτῆς,καὶέπ.ιή‹

266 721 335 740 ram.
345 712 576 747 Supplicationem
591 713 702 741 ordiens
715 714 861 748 Propheta,
873 721 935 741 eum
950 713 996 748 qui
1009 722 1054 748 pa-

1102 720 1181 745 ρωσε
1192 713 1248 747 τὴν
1257 714 1324 748 γῆν.
1336 714 1497 750 Ἀρχόμενος
1507 714 1556 749 τῆς
1568 713 1708 749 ἱκετηρίας
1719 713 1732 739 ὁ
1742 712 1901 747 Προφήτης.

266 760 318 788 scit
333 760 416 787 Israel
428 760 570 788 evocabat.
587 759 652 787 Erat
668 764 759 788 autem
775 760 857 788 lsracl
873 768 888 788 a
904 765 1053 787 memorata

1103 759 1148 784 τὸν
1157 760 1334 794 ποιμαίνοντα
1342 761 1386 787 τὸν
1392 760 1500 796 Ἰσραὴλ
1507 758 1730 787 ὰνεκαλεῐτοῘΗν
1737 758 1786 785 δὲὸ
1792 757 1901 793 Ἰσραὴλ

265 806 311 833 hic
323 807 401 833 vinea
418 805 554 834 diversus.
571 806 638 833 Nam
660 807 706 834 ille
720 808 830 842 quidem
847 814 955 842 semper
969 815 984 834 a
1001 807 1053 834 Do-

1107 805 1200 840 ἒτερος
1214 806 1261 841 τῆς
1279 806 1395 833 ἐνταῦθα
1415 806 1565 842 λεγομένης
1583 806 1715 841 ἀμπέλου.
1742 805 1772 832 ’0
1785 806 1835 840 μὲν
1848 805 1901 840 γὰρ

266 853 342 879 mino
357 852 496 888 pascitur;
514 853 571 880 haec
585 858 676 881 autem
694 854 772 881 vinea
788 854 815 880 in
835 853 953 888 pejorem
967 853 1053 880 multo

1107 851 1150 877 ἀεὶ
1162 852 1332 886 ποιμαίνεται
1342 852 1394 878 ὑπὸ
1402 852 1447 878 τοῦ
1456 853 1559 888 Κυρίου
1570 854 1602 888 ’ἡ
1613 852 1641 878 δὲ
1649 852 1773 888 παροῦσα
1780 851 1902 887 ἄμπελος

266 899 450 926 conditionem
483 899 643 926 declinavit.
684 899 737 927 Per
769 900 931 934 religiosum
963 903 1054 926 autem

1107 898 1205 934 πολλὴν
1218 899 1346 934 ὑπέμεινε
1360 899 1408 935 τὴν
1425 900 1470 926 ἐπὶ
1482 899 1516 926 τὰ
1527 899 1610 935 χείρῳ
1622 900 1718 935 ῥοπήν.
1734 900 1861 926 Δυσωπεῖ
1874 899 1902 926 δὲ

266 946 372 978 virum,
400 945 475 972 illum
502 953 600 980 nempe
629 946 694 973 olim
721 944 872 978 lsraelem,
903 945 958 973 Deo
991 953 1054 980 sup-

1108 945 1151 972 διὰ
1163 945 1210 972 τοῦ
1224 945 1364 980 θεοφιλοῦς
1373 947 1469 982 ἀνδρὸς
1482 947 1529 973 τοῦ
1551 945 1635 972 πάλαι
1655 946 1764 982 Ἰσραὴλ
1778 946 1825 973 τὸν
1835 945 1902 972 Θεὸν

266 992 348 1025 plicat
366 994 394 1018 ut
412 992 531 1026 posteris
549 991 607 1019 suis
628 992 699 1020 male
722 992 865 1027 agentibus
891 992 1053 1027 prospiciat.

1108 993 1147 1024 εἰς
1163 992 1193 1018 τὸ
1210 993 1354 1027 ἐπιϐλέψαι
1370 993 1462 1024 κακῶς
1480 993 1629 1028 πράττουσι
1644 993 1700 1023 τοῖς
1717 992 1822 1018 ἐκείνου
1835 992 1901 1019 ἀπο-

265 1035 360 1064 Faerit
377 1045 442 1064 vero
462 1037 556 1070 Israel,
571 1038 716 1073 perspicax
736 1038 826 1065 omnis
844 1038 947 1070 anima,
962 1046 1023 1073 qua:
1041 1045 1056 1064 a

1107 1039 1204 1073 γόνοις.
1224 1039 1272 1074 Εῐη
1289 1040 1311 1066 δ’
1326 1040 1358 1066 ἂν
1379 1039 1485 1074 Ἰσραὴλ
1510 1040 1556 1066 καὶ
1571 1039 1645 1066 πᾶσα
1665 1038 1807 1074 διορατικὴ
1829 1038 1902 1074 ψυχὴ

265 1083 337 1110 bono
358 1088 468 1118 pastore
490 1091 599 1119 semper
624 1084 757 1120 pascitur.
785 1084 870 1112 Vinea
897 1089 986 1111 autem
1009 1083 1055 1111 Dei

1109 1084 1160 1110 ὑπὸ
1182 1084 1228 1110 τοῦ
1252 1084 1333 1110 καλοῦ
1353 1084 1480 1119 ποιμένος
1502 1084 1545 1110 διὰ
1566 1084 1666 1116 παντὸς
1690 1083 1899 1118 ποιμαινομένη.

267 1129 386 1161 dicatur,
412 1137 473 1164 qua:
493 1130 640 1166 imaginem
653 1135 745 1158 servat
758 1131 818 1166 ejus
831 1132 876 1166 qui
893 1132 920 1158 in
936 1131 1057 1165 Evange-

1108 1130 1222 1165 Λεχϐείη
1238 1130 1260 1156 δ’
1281 1130 1313 1156 ἂν
1331 1131 1377 1156 καὶ
1394 1130 1514 1164 ἄμπελος
1536 1129 1604 1156 Θεοῦ
1627 1130 1644 1165 ἡ
1669 1129 1718 1164 τὴν
1738 1129 1831 1155 εἰκόνα
1851 1129 1901 1155 σώ-

266 1176 303 1202 lio
323 1175 415 1202 dixit:
439 1174 493 1210 Ego
519 1183 579 1202 sum
604 1175 665 1203 vitis
693 1177 805 1210 vera";
834 1178 913 1203 vinea
939 1184 1002 1204 vero
1023 1184 1057 1204 ex

1109 1175 1191 1206 ζουσα
1213 1175 1259 1201 τοῦ
1275 1176 1411 1210 φήσαντος
1432 1176 1460 1202 ἐν
1485 1176 1679 1210 Εὐαγγελίοις·
1705 1175 1776 1210 Ἐγώ
1797 1176 1857 1210 ειμι
1882 1175 1901 1208 ή

265 1218 383 1255 Alu'pto
399 1221 543 1253 translata,
557 1224 600 1248 est
616 1221 706 1249 anima
723 1222 931 1250 subversionem
948 1229 1028 1256 passa
1047 1232 1053 1249 :

1108 1219 1241 1252 ἄμπελος
1259 1220 1277 1253 νὴ
1303 1221 1440 1254 ἀληθινή.
1464 1221 1497 1247 'H
1514 1221 1535 1246 δ’
1550 1220 1580 1253 ἐξ
1596 1220 1734 1254 Αἰγύπτου
1759 1228 1903 1256 μετενηνε-

266 1268 355 1303 qualis
381 1268 433 1296 fuit
457 1268 590 1297 Iudaicus
615 1269 734 1305 populus
759 1269 806 1305 qui
832 1269 898 1296 olim
923 1269 1056 1297 diuturno

1109 1265 1195 1300 γμένη
1223 1266 1344 1301 ἄμπελος
1378 1268 1393 1302 ὴ
1423 1267 1547 1294 παθοῦσα
1575 1267 1742 1304 διαστροφὴν
1772 1268 1903 1303 τυγχάνει

265 1316 389 1348 tempore
406 1313 476 1340 idola
493 1313 521 1340 in
538 1313 657 1350 [Egypto
674 1314 772 1346 coluit,
789 1322 821 1341 ac
846 1322 908 1341 cum
933 1315 1056 1342 modicos

1108 1312 1179 1348 ψυχή
1196 1321 1202 1326 ·
1224 1313 1314 1344 ὁποῖος
1335 1314 1444 1348 γέγονεν
1471 1315 1485 1340 ὁ
1515 1314 1650 1341 Ἰουδαίων
1675 1314 1738 1347 λαὸς
1762 1313 1901 1341 εἰδωλολα-

267 1358 374 1386 t‘ructus
389 1359 561 1394 protulisset,
576 1364 606 1386 ut
617 1359 652 1387 de
665 1359 719 1387 illis
732 1359 896 1386 tl-stiticatur
910 1359 1018 1395 Moyses
1029 1361 1056 1388 in

1108 1359 1212 1393 τρήσας
1239 1360 1267 1386 ὲν
1291 1360 1420 1394 Αἰγύπτῳ
1447 1362 1561 1396 μακροῖς
1586 1359 1702 1396 χρόνοις,
1728 1361 1846 1397 μικρούς
1870 1368 1901 1387 τε

267 1411 366 1439 magno
381 1404 490 1431 cantico
507 1403 564 1432 hac
581 1404 706 1432 scribens
722 1414 729 1432 :
745 1403 816 1431 Nam
831 1412 864 1431 ex
879 1405 954 1431 vinea
970 1404 1057 1432 Sodo-

1109 1405 1342 1441 προενεγκάμενος
1365 1406 1487 1441 καρποὺς
1507 1406 1544 1438 ὡς
1569 1408 1704 1442 μαρτυρεῖ
1727 1407 1851 1442 Μωῠσῆς
1873 1407 1902 1433 ὲν

268 1457 372 1476 morum
386 1450 461 1477 vinea
473 1458 575 1482 eorum,
591 1455 617 1478 et
631 1451 732 1485 palntes
745 1459 836 1477 eorum
850 1459 882 1478 ea:
898 1450 1055 1479 Gomorrha.

1111 1451 1214 1487 μεγάλῃ
1227 1452 1281 1488 ᾠδῇ
1290 1452 1402 1488 γράφων
1414 1453 1500 1479 ταῦτα
1511 1453 1575 1488 περὶ
1586 1452 1674 1479 αὐτῶν
1684 1461 1691 1468 ο
1711 1452 1763 1480 Ἐκ
1777 1453 1832 1488 γὰρ
1846 1453 1903 1488 ἀμ-

271 1493 328 1522 ῑΙυα
340 1503 430 1522 eorum
445 1504 496 1522 uva
519 1496 601 1530 fellis,
625 1496 717 1524 botru:
741 1496 930 1523 amaritudinis
953 1505 1055 1524 eorum.

1110 1498 1204 1524 πέλοι)
1221 1498 1359 1533 Σοδόμων
1374 1499 1391 1531 ὴ
1408 1499 1540 1533 ἄμπελος
1554 1499 1663 1532 αὐτῶν,
1679 1499 1730 1526 καὶ
1751 1500 1771 1534 ἡ
1785 1501 1903 1534 κλημα-

270 1540 359 1568 Furor
373 1542 520 1570 draconum
534 1543 623 1571 viuum
638 1551 740 1574 eorum,
754 1547 778 1570 et
795 1543 871 1578 furor
881 1543 1003 1578 aspidum
1017 1544 1058 1570 in-

1111 1544 1156 1576 τὶς
1171 1544 1270 1571 αὐτῶν
1282 1544 1316 1571 ἐκ
1333 1546 1357 1571 Γ
1358 1545 1494 1579 ομόρῤίις.
1518 1546 1548 1572 Ἡ
1562 1546 1705 1580 σταφυλὴ
1720 1545 1821 1573 αὐτῶν
1832 1553 1904 1573 στα-

269 1587 400 1615 sanabilis
410 1588 450 1622 “;
466 1589 574 1617 etiamsi
588 1589 746 1625 hujusmodi
758 1594 861 1621 essent,
874 1590 942 1624 ipsis
954 1589 1059 1624 prospi-

1111 1589 1194 1623 φυλὴ
1212 1589 1316 1624 χολῆς,
1331 1590 1444 1623 βότρυς
1461 1591 1582 1624 πικρίας
1602 1590 1711 1618 αὐτῶν.
1725 1590 1824 1625 Θυμὸς
1834 1590 1904 1624 δρα-

268 1634 345 1662 ciens
367 1633 439 1662 Deus
460 1635 672 1670 transplantavit
693 1643 752 1668 eos,
777 1636 885 1664 radices
907 1643 1002 1663 eorum
1024 1644 1058 1663 ex

1111 1621 1229 1661 κόντιυιιί
1242 1637 1258 1662 ό
1274 1621 1354 1669 οίνος
1370 1621 1478 1667 α-ῠτιῦν,
1497 1621 1544 1662 καὶ
1560 1621 1652 1670 ῥυμὸς
1663 1621 1801 1663 ἀσπίδων
1812 1621 1902 1663 eiula-

269 1679 432 1715 ngyptiaco
447 1684 509 1708 satu
523 1681 642 1708 evellens
652 1701 660 1713 ,
679 1681 706 1708 in
722 1681 858 1716 aliamque
880 1685 983 1709 terram
999 1682 1059 1717 pin-

1110 1690 1160 1714 τος
1172 1689 1178 1696 '
1198 1681 1264 1707 ἀλλὰ
1277 1681 1329 1717 γὰρ
1345 1682 1392 1708 καὶ
1406 1681 1492 1713 οὕτως
1507 1681 1618 1717 ἔχοντας
1634 1683 1732 1714 αὐτοὺς
1747 1682 1900 1717 ἐπισκεψά-

269 1734 404 1761 guemque
429 1727 518 1754 locum
549 1727 731 1759 transferens,
757 1731 787 1755 ut
809 1728 889 1755 docet
911 1727 996 1755 lsaias
1016 1728 1059 1755 his

1112 1736 1191 1763 μενος
1218 1729 1232 1754 ὁ
1260 1728 1325 1759 Θεὸς
1354 1727 1561 1762 μετεφύτευσεν,
1589 1727 1741 1763 ὲκριζώσας
1770 1728 1821 1764 μὲν
1852 1729 1901 1764 τῆς

269 1772 362 1799 verbis
378 1781 384 1799 :
407 1772 489 1799 Vinea
504 1772 578 1807 facta
592 1777 631 1800 est
649 1773 743 1800 dilecto
754 1774 783 1800 in
799 1773 921 1800 cornuin
935 1773 990 1800 loco
1000 1774 1060 1808 pin-

1111 1773 1297 1808 Αἰγυπτιακῆς
1321 1773 1473 1808 συμφυΐας,
1495 1773 1701 1808 μεταφυτεὺσας
1720 1773 1749 1800 δὲ
1769 1775 1799 1800 ὲν
1821 1774 1903 1810 ἑτέρᾳ

269 1819 324 1854 qui.
348 1818 382 1845 Et
405 1827 490 1853 sepem
512 1819 704 1853 circumposui.
724 1823 749 1846 et
768 1819 875 1852 vallavi,
896 1823 921 1846 et
940 1819 1060 1854 plantovi

1111 1818 1186 1853 χώρᾳ
1204 1818 1250 1843 καὶ
1269 1817 1344 1852 τόπῳ
1361 1817 1443 1849 πίονι,
1458 1817 1497 1849 ὡς
1519 1817 1638 1844 διδάσκει
1660 1817 1746 1851 λέγων
1768 1817 1900 1850 Ἡσαΐας·

270 1866 373 1892 vineam
396 1865 503 1893 δοτική.
530 1865 564 1892 Et
580 1865 710 1900 aedificavi
731 1867 826 1893 turrim
847 1867 875 1893 in
892 1866 977 1893 medio
990 1866 1058 1901 ejus,

1117 1863 1265 1898 Ἀμπελὼν
1281 1863 1405 1898 ἐγενήθη
1424 1863 1464 1896 τῷ
1481 1863 1662 1898 ἠγαπημένῳ
1685 1863 1720 1890 ἐν
1741 1863 1842 1898 κέρατι
1866 1863 1901 1890 ἐν

269 1917 294 1938 et
313 1912 481 1946 protorcular
496 1912 553 1947 {odi
568 1913 594 1939 in
607 1920 639 1939 ea
647 1913 680 1939 ".
692 1912 725 1939 Et
736 1920 803 1941 sane
817 1920 879 1940 cum
894 1913 922 1941 in
933 1913 1060 1948 pinguio-

1110 1912 1189 1941 τόπῳ
1208 1910 1299 1936 πίονι.
1317 1910 1370 1936 Καὶ
1388 1909 1524 1944 φραγμὸν
1538 1909 1708 1944 περιέθηκα,
1727 1909 1778 1937 καὶ
1793 1908 1901 1944 ἐχαρά-

270 1966 327 1986 rem
348 1965 375 1986 et
392 1959 477 1986 multo
493 1959 633 1986 meliorem
657 1959 775 1995 (Egypto
797 1960 936 1995 regionem
962 1960 1060 1995 praedi-

1110 1964 1203 1989 κωσίι,
1221 1956 1440 1990 καὶλέρύτευσα
1454 1955 1590 1990 ἄμπελον
1612 1955 1726 1990 Σωρήχ.
1747 1955 1803 1983 Καὶ
1826 1956 1899 1989 ᾠκο-

270 2007 342 2031 ctam
364 2005 472 2032 vineam
497 2005 698 2038 transtulisset,
717 2013 777 2034 eam
793 2005 831 2033 ibi
847 2006 991 2041 plantavit.
1008 2005 1058 2033 De-

1109 2003 1227 2035 δύμησα
1250 2002 1364 2037 πύρνον
1383 2001 1418 2028 ἐν
1435 2002 1519 2036 μέσῳ
1535 2002 1639 2034 αὐτοῦ,
1661 2002 1709 2028 καί
1735 2001 1900 2036 apo.)th

270 2048 345 2080 inde,
359 2053 453 2084 utpote
477 2050 597 2085 optimus
613 2050 744 2085 agritcia,
766 2056 828 2086 post
849 2051 965 2086 primam
986 2051 1058 2078 illam

1109 2048 1208 2081 ὢριιξα
1231 2048 1266 2074 ἐν
1285 2047 1375 2079 αὐτῷ.
1390 2048 1445 2074 Καὶ
1466 2048 1498 2083 δὴ
1522 2048 1550 2074 ἐν
1567 2048 1643 2083 τόπῳ
1669 2047 1742 2074 πίονι
1769 2048 1817 2074 καὶ
1834 2046 1898 2074 πολῦ

272 2094 492 2127 translationem,
512 2095 567 2123 dux
583 2096 689 2124 itineris
705 2095 755 2123 fuit
771 2105 798 2123 in
817 2101 966 2132 conspectu
987 2097 1057 2131 ejus,

1110 2094 1242 2129 κρείττονι
1254 2095 1303 2129 τῆς
1326 2093 1464 2128 Αἰγύπτου
1482 2093 1572 2129 χώρας
1589 2093 1752 2129 μεταγαγὼν
1766 2093 1817 2129 τὴν
1836 2102 1899 2129 προ-

271 2138 418 2168 fruticibus
439 2141 549 2174 amotis,
567 2142 696 2176 omnique
716 2142 803 2169 aliena
822 2143 935 2170 materia
955 2143 1057 2174 excisa,

1109 2140 1248 2174 λεχθεῖσαν
1265 2140 1385 2175 ἄμπελον
1401 2140 1610 2174 κατεφύτευσεν.
1626 2138 1694 2173 Εἶθ’,
1712 2137 1757 2166 οἷα
1777 2139 1899 2176 γεωργὸς

271 2189 302 2212 ut
317 2185 369 2221 ipsi
387 2186 480 2215 nullus
501 2187 570 2214 obex
583 2188 616 2215 ad
633 2187 771 2214 fructuum
788 2189 962 2216 eiiiissionem
978 2189 1058 2217 ades-

1109 2187 1229 2222 ἅριστος,
1247 2187 1315 2222 μετὰ
1330 2186 1378 2222 τὴν
1387 2186 1498 2223 πρώτην
1514 2187 1740 2222 μεταμὸσχευσιν,
1749 2186 1898 2221 ὡδοποίησε

271 2236 322 2260 set.
345 2232 398 2260 Pro
414 2233 459 2260 illo
472 2237 574 2266 autem,
588 2233 649 2261 Dux
665 2235 767 2262 itineris
784 2234 860 2269 fuisti
879 2236 906 2262 in
922 2241 1059 2269 conspectu

1110 2232 1264 2268 ἔμπροσθεν
1287 2233 1382 2267 αὐτῆς,
1404 2233 1457 2258 πᾶν
1479 2232 1509 2258 τὸ
1531 2232 1674 2267 βλαστικδν
1695 2232 1897 2263 ἀποσκευάσας.

269 2279 338 2314 ejus,
355 2279 547 2315 Symmachus,
562 2281 691 2308 Amoviin
705 2281 731 2307 in
744 2286 882 2315 conspectu
891 2281 958 2316 ejus,
971 2281 1057 2308 inter-

1110 2280 1156 2306 καὶ
1169 2280 1258 2306 πᾶσαν
1273 2279 1414 2315 ἀλλοτρίαν
1425 2278 1490 2314 ὓλην
1500 2278 1633 2314 ἐκτεμὼν.
1646 2279 1684 2310 ὡς
1701 2278 1738 2314 μή
1749 2287 1776 2305 τι
1787 2278 1900 2314 κώλυμα

269 2329 393 2361 pretatus
409 2329 461 2354 est.
485 2326 587 2354 Deinde
604 2326 756 2362 subjungit,
774 2327 896 2354 radicare
911 2327 996 2362 fecisti
1012 2336 1056 2354 ra-

1110 2325 1233 2360 ἐμποδὼν
1250 2326 1318 2360 αὐτῇ
1331 2324 1436 2358 γένοιτο
1450 2324 1518 2360 πρὸς
1529 2324 1577 2360 τὴν
1590 2324 1644 2351 τῶν
1656 2324 1772 2360 καρπῶν
1785 2325 1898 2360 ὲκφυήν.

269 2372 340 2400 dices
350 2372 418 2405 eius.
438 2372 508 2400 Cum
522 2376 598 2400 tanta
616 2372 662 2400 Dei
676 2372 756 2400 Verbi
773 2380 839 2399 cura
856 2377 1005 2400 memorata
1015 2373 1057 2400 vi-

1116 2372 1188 2398 Ἀντὶ
1208 2371 1236 2398 δὲ
1258 2371 1320 2397 τοῦ·
1344 2371 1541 2404 Ὠδοποίησας
1562 2371 1734 2405 ἔμπροσθεν
1755 2370 1870 2405 αὐτῆς,
1885 2370 1899 2397 ό

271 2425 322 2445 nea
346 2418 457 2454 dignata
482 2418 575 2451 fuerit,
599 2418 662 2454 jure
687 2419 809 2454 implevit
830 2423 941 2450 terram,
966 2418 1003 2444 ita
1027 2423 1054 2445 ut

1110 2417 1272 2452 Σύμμαχος-
1293 2417 1514 2449 Ἀπεσκεύασας
1537 2416 1708 2451 ἔμπροσθεν
1728 2415 1838 2450 αὐτῆς,
1851 2416 1898 2452 ἡρ-

270 2468 376 2492 montes
394 2465 502 2500 quidem
527 2465 707 2496 inumbrarct,
729 2465 827 2492 cedros
848 2472 912 2491 vero
937 2464 1056 2492 arbustis

1109 2464 1252 2499 μήνευσεν.
1271 2461 1327 2490 Εἶτ’
1339 2463 1473 2498 ἐπήγαγε,
1498 2462 1547 2489 καὶ
1565 2461 1777 2496 ἐριζοόόλησας
1791 2462 1846 2495 τὰς
1855 2462 1898 2496 ,ῥι-

269 2511 329 2538 suis
342 2511 461 2546 operiret
477 2510 570 2547 (Vens.
589 2511 643 2547 ll),
655 2511 781 2546 palmites
796 2510 955 2538 extenderet
970 2519 1057 2545 usque

1107 2509 1155 2542 ζης
1173 2509 1278 2543 αὐτῆς.
1294 2509 1427 2544 Τοιαύτης
1443 2509 1465 2536 δ’
1486 2508 1645 2544 ἐπιμελείας
1669 2508 1746 2544 παρὰ
1766 2507 1816 2535 τοῦ
1832 2507 1896 2535 Θεοῦ

269 2556 304 2583 ad
316 2564 400 2589 mare,
412 2561 439 2584 et
449 2565 535 2592 usque
545 2557 579 2584 ad
590 2557 702 2584 ﬂumina
714 2557 879 2592 propagines
891 2556 986 2591 (Vens.
1000 2556 1054 2586 12).

1107 2557 1193 2590 Λόγου
1207 2556 1325 2591 τυχοῦσα
1341 2557 1358 2591 ἠ
1374 2555 1523 2591 δηλωθεῖσα
1537 2555 1668 2591 ἄμπελος,
1686 2554 1800 2587 εἰκότως
1817 2555 1896 2590 ἐπλή-

271 2602 339 2634 llaec,
352 2603 443 2630 omnia
465 2603 516 2638 ipsi
540 2608 700 2631 evenerunt.
726 2603 757 2630 Et
779 2604 844 2637 quia
861 2608 900 2630 tot
918 2604 1056 2638 tantisque

1108 2611 1178 2637 ρωσε
1194 2603 1243 2638 τὴν
1259 2603 1322 2637 γῆν,
1343 2603 1380 2634 ὡς
1397 2602 1448 2638 ὅρη
1473 2603 1522 2638 μὲν
1548 2601 1716 2631 ὲπισκιάσαι,
1741 2601 1855 2636 κέδρους
1869 2599 1894 2626 δὲ

270 2648 370 2675 donata
387 2651 444 2679 est,
459 2648 522 2683 jure
537 2657 628 2676 sermo
643 2649 772 2684 precandi
788 2649 842 2676 ritu
859 2649 931 2676 hunc
947 2648 1055 2683 agrico-

1108 2648 1225 2683 καλὺῲαι
1244 2650 1304 2680 ταῖς
1326 2649 1411 2684 αὐτῆς
1437 2647 1640 2683 ἁναδενδράσιν.
1669 2647 1788 2673 ἐκτεῖναι
1811 2646 1840 2673 δὲ
1864 2646 1894 2672 τὰ

271 2693 324 2719 lam
340 2700 509 2726 memorans,
527 2694 570 2722 his
584 2703 645 2722 cum
661 2701 741 2730 rogat
755 2699 782 2722 et
803 2694 948 2729 compellat
963 2704 969 2721 :
988 2694 1056 2727 Quia

1108 2695 1234 2730 κλήματα
1251 2695 1302 2727 ἕως
1320 2694 1467 2730 θαλάσσης,
1481 2694 1529 2721 καὶ
1540 2693 1589 2725 τὰς
1604 2693 1708 2727 φυάδας
1722 2692 1803 2728 μέχρι
1816 2699 1895 2720 ma-

269 2742 346 2766 tanta
363 2740 534 2775 providentia
550 2745 577 2768 ct
587 2748 653 2768 cura
666 2741 822 2776 praedictam
839 2741 948 2768 vineam
962 2740 1057 2776 digna-

1109 2742 1175 2777 μῶν.
1189 2742 1282 2768 Ταῦτα
1295 2742 1383 2768 πάντα
1403 2741 1523 2777 ὑπῆρξεν
1538 2741 1617 2776 αὐτῇ.
1631 2740 1685 2766 Καὶ
1699 2737 1793 2774 ἐπειδη
1805 2737 1894 2766 τοσΘὺ

269 2788 315 2812 tus
330 2793 371 2816 es,
386 2794 436 2821 pro
449 2786 619 2814 humanitate
634 2791 661 2814 et
675 2788 762 2822 gratia
783 2791 829 2814 tua
850 2787 906 2814 hatc
921 2787 1011 2814 omnia
1029 2787 1055 2814 in

1106 2795 1160 2812 των
1171 2787 1284 2822 ἠξιώθη,
1301 2787 1411 2818 εἰκότως
1427 2788 1442 2814 ὁ
1458 2787 1536 2820 λόγος
1548 2787 1585 2818 ὡς
1601 2787 1630 2813 ἐν
1644 2785 1708 2820 εὐχῇ
1725 2784 1820 2811 τοῦτον
1832 2785 1892 2810 ὐπο-

271 2829 320 2858 illa
333 2836 478 2866 operatus;
497 2831 558 2866 quis
575 2840 627 2859 non
645 2832 671 2858 in
695 2832 892 2860 hmsitationcm
905 2836 933 2859 et
944 2831 1054 2860 dubium

1108 2835 1210 2869 μνήσας
1228 2834 1272 2860 τὸν
1288 2834 1419 2869 γεωργὸν,
1433 2834 1552 2860 δυσωπεῖ
1567 2833 1610 2860 διὰ
1627 2832 1674 2867 τῆς
1693 2831 1831 2866 ἱκετηρίας
1850 2830 1891 2857 ιιαὲ

305 2917 327 2935 ⁸⁵
346 2917 417 2946 I‘sal.
439 2927 475 2946 ιγ.
495 2920 519 2947 7.
560 2921 581 2937 τ’*
601 2920 678 2949 Joan.
700 2929 742 2955 xv,
763 2922 786 2949 1.
827 2924 846 2938 ’¹
870 2922 946 2951 Deut,
968 2931 1058 2958 xuii,
1078 2924 1104 2951 ὅς

560 2921 581 2937 ⁷⁰
601 2920 678 2949 Joan.
700 2929 742 2955 xv,
763 2922 786 2949 1.
827 2924 846 2938 ἰ
870 2922 946 2951 Deut,
968 2931 1058 2958 xuii,
1078 2924 1121 2952 5:2.
1151 2925 1183 2962 ⁴⁷¹
1205 2923 1255 2952 in,
1279 2933 1303 2957 ν,
1327 2924 1348 2951 l.
