2024 3214
108 191 158 220 961

694 181 946 213 COHMENTARIA
965 180 999 208 IN
1017 178 1187 208 PSALMOS.

1265 180 1339 215 '7‘?
1687 173 1740 202 96³

111 259 178 286 φησι
205 250 276 286 πρὸς
299 248 400 277 αὐτόν’
427 247 536 283 Ἐπειδὴ
564 246 699 282 τοσαύτης
730 244 902 280 κατηξίωσας

968 241 1077 269 ncidens
1100 240 1152 267 hoc
1168 239 1320 274 pet-quirat,
1340 238 1433 274 (Vens.
1454 235 1499 271 15)
1517 233 1614 270 thuid
1632 233 1739 261 destru-

112 297 242 333 προνοιας
259 297 306 323 καὶ¹
319 295 476 331 ἐπιμελείας
487 294 537 330 τὴν
551 293 699 329 εἰρημένην
713 292 843 327 ἄμπελον,
861 300 900 325 φι-

112 343 272 379 λανθρωπίᾳ
286 343 333 368 καὶ
345 342 436 377 χάριτι
456 341 544 368 πάντα
559 340 645 367 ταῦτα
665 340 704 370 εἱς
718 339 802 374 αὐτὴν
817 338 900 364 ἐνδει-

113 389 240 424 ξάμενος,
255 388 298 420 τίς
308 388 358 415 οὐκ
369 387 402 414 ἂν
415 388 600 422 ἀμηχανήσειε
615 386 661 412 καὶ
672 386 711 417 εἰς
725 385 839 421 ἀπορίαν
854 385 901 418 ὲμ-

114 436 192 463 πέσοι
205 434 306 470 ζητῶν,
321 434 408 460 Ἰνατι
432 432 569 465 καθεῖλες
583 432 638 458 τόν
649 430 784 465 φραγμὸν
797 429 901 464 αὐτῆς,

114 474 282 509 καταπατεῖν
296 489 327 507 τε
340 480 425 514 αὐτὴν
442 479 528 506 ἆπασι
543 479 599 508 τοῖς
615 477 734 504 ἐθέλουσι
754 475 904 511 συνεχώρη-

116 537 164 559 σας
177 537 184 543 ·
200 527 238 559 ὡς
250 527 353 562 τρυγᾷν
367 526 451 561 αὐτὴν
467 526 529 556 τοὺς
543 523 729 559 βουλομένους,
747 521 859 558 μηδενός
874 530 904 547 τε

117 572 357 609 περιφράττοντος,
371 570 436 597 ποτὲ
452 570 501 605 μὲν
517 566 549 596 ὗν
562 569 594 594 ὲκ
608 567 711 604 δρυμοῦ
727 566 904 602 λυμαίνεσθαι

118 619 211 654 αὐτὴν,
225 618 319 645 ἄλλοτε
331 617 359 644 δὲ
375 616 464 652 μονιὸν
476 615 569 651 ἄγριον
581 613 797 641 καταϐόσκεσθαι
809 613 903 647 αὑτήν;

124 664 202 691 Ἀλλὰ
218 663 272 699 γὰρ
289 663 356 699 πρὸς
371 662 474 697 ταύτην
484 661 532 696 τὴν
546 660 715 696 ὲπαπόρησιν
729 658 906 694 ἀποκρίνεται

118 708 162 736 διὰ
179 709 291 735 Ἡσαΐου
316 707 363 733 τοῦ
384 706 534 742 προφήτου,
552 704 645 739 ὥσπερ
661 702 878 738 ἀπολογούμενος
893 702 907 727 ὁ

120 755 250 792 γεωργὸς,
277 754 324 780 καὶ
349 753 397 788 τὴν
423 751 511 779 αἰτίαν
539 750 687 786 παρίστησι
709 749 810 784 λέγων·
830 749 907 776 Διότι

121 803 223 837 ἔμεινα
239 801 289 827 ἵνα
305 799 418 833 ποιήσῃ
441 798 615 833 σταφυλὴν,
631 797 756 830 ἐποίησε
770 795 804 822 δὲ
817 794 908 822 ἀκάν-

122 849 190 880 θας·
208 846 257 873 καὶ
277 846 312 873 οὐ
329 844 536 877 δικαιοσύνην,
555 843 635 873 ἀλλὰ
652 841 796 876 κραυγήν.
816 840 908 867 Ταῦτα

121 893 143 920 δ’
168 894 208 919 ὅτι
228 891 294 926 περὶ
316 890 363 917 τοῦ
386 889 519 916 Ἰουδαίων
535 889 660 914 λέλεκται
675 886 751 918 λαοῦ,
772 886 857 918 οὐδεὶς
875 885 908 912 ἂν

950 287 1015 315 τεἱαὶ
1032 286 1175 313 maceriam
1191 285 1258 319 ejus,
1276 289 1303 312 et
1322 292 1381 312 eam
1397 283 1525 311 omnibus
1541 281 1669 317 gentibus
1684 282 1741 307 cal-

951 333 1068 360 candam
1083 331 1241 367 praebuisti;
1257 331 1295 357 ita
1310 335 1340 357 ut
1358 330 1464 357 nemine
1483 327 1739 358 circummunicnte,

952 378 1052 413 cuique
1065 377 1167 404 volentl
1184 375 1272 411 ipsam
1293 374 1463 402 vindemiare
1482 374 1582 405 liceat;
1605 380 1637 399 ac
1658 371 1741 399 modo

954 432 1019 459 aper
1032 423 1066 450 de
1080 422 1150 450 silva
1163 421 1330 457 pessumdet,
1346 419 1426 447 modo
1441 418 1588 454 singularis
1603 417 1679 445 ferus
1693 417 1742 444 de-

954 474 1049 506 pascat
1065 469 1156 497 illam?
1182 468 1282 496 Verum
1310 467 1375 494 huic
1397 466 1480 494 dubio
1495 473 1544 501 per
1563 466 1660 493 Isaiam
1678 472 1741 500 pro-

954 517 1064 551 phetam
1075 515 1223 550 respondet
1238 513 1372 548 agricola,
1385 512 1464 547 quasi
1476 513 1519 539 sui
1533 511 1666 546 purgandi
1679 518 1743 545 ετο-

955 564 1003 594 tia,
1029 562 1164 596 huiusque
1186 560 1225 587 rei
1242 567 1352 587 causam
1369 559 1412 586 his
1426 558 1517 585 verbis
1532 557 1633 592 profert
1650 567 1655 584 :
1673 556 1742 589 Quia

955 606 1101 641 exspectaui
1120 611 1149 632 ut
1174 606 1270 640 faceret
1291 612 1379 637 uuam,
1402 602 1462 638 fecit
1481 607 1567 629 autem
1592 601 1694 635 spinas,
1718 605 1743 626 et

957 662 1009 681 non
1026 653 1172 687 justitiam,
1196 650 1240 678 sed
1260 651 1402 677 clamorem
1413 649 1446 675 ".
1471 648 1534 676 Haec
1549 654 1632 682 porro
1647 647 1680 673 de
1697 645 1745 672 Ju-

957 698 1036 725 daico
1060 697 1161 733 populo
1183 696 1256 723 dicta
1280 703 1341 723 esse
1366 701 1447 722 nemo
1471 693 1646 721 dubitaverit.
1670 691 1745 724 Quc-

958 744 1040 770 modo
1054 747 1144 770 autcm
1159 742 1255 769 umbra
1269 741 1355 768 vinea:
1372 744 1480 767 montes
1503 738 1643 774 operuerit
1665 737 1746 764 intel-

959 789 1037 823 liges,
1063 788 1086 815 si
1110 786 1264 822 perpendas
1286 793 1348 813 cum
1371 786 1415 813 lex
1438 785 1593 812 futurorum
1611 783 1744 810 bonorum

960 835 1096 866 umbram,
1121 841 1175 861 non
1197 837 1289 860 autem
1312 832 1398 867 ipsam
1422 837 1514 858 rerum
1531 829 1677 864 imaginem
1697 828 1747 855 lia-

960 879 1041 912 beat;
1055 886 1116 907 eam
1132 878 1214 905 modo
1233 878 1261 904 in
1281 881 1374 904 monte
1391 876 1459 908 Silo,
1475 875 1520 902 ubi
1533 876 1611 910 prius
1624 878 1745 902 erectum

302 936 419 971 Νοήσεις
442 934 471 962 δὲ
496 935 570 966 ὅπως
586 933 719 968 ἐκάλυψεν
739 917 823 968 δρηή
846 931 908 959 σκιὰ

968 927 1048 954 'uerat
1070 924 1296 957 tabernaculum;
1319 923 1400 951 modo
1422 923 1450 950 in
1471 925 1564 949 monte
1588 920 1654 947 Sion
1677 925 1705 947 et
1719 920 1746 947 in

123 985 172 1020 τῆς
184 983 317 1019 ἀμπέλου,
336 981 494 1015 ἐπιστήσας,
508 981 546 1011 ὡς
563 980 642 1006 σκιὰν
655 979 724 1015 ἔχων
735 980 749 1005 ὁ
762 979 843 1014 νόμος
856 978 909 1005 τῶν

126 1028 274 1065 μελλόντων
289 1026 408 1062 ἀγαθῶν,
431 1026 482 1052 οὐκ
496 1025 580 1060 αὐτὴν
600 1025 650 1060 τὴν
665 1024 755 1051 εἰκόνα
771 1024 826 1050 τῶν
840 1032 911 1059 πρα-

125 1075 248 1110 γμάτων,
264 1073 329 1100 ποτὲ
347 1072 396 1107 μὶν
411 1072 456 1098 ἐπὶ
469 1070 516 1097 τοῦ
536 1071 617 1106 ὅρους
635 1070 800 1097 συνετελεϊτο
818 1069 865 1096 τοῦ
882 1069 912 1095 ἐν

126 1120 234 1156 Σηλὼμ,
250 1120 314 1146 ἔνθα
335 1120 365 1146 τὸ
386 1119 516 1155 πρότερον
539 1118 660 1154 ἵδρυτοὴ
686 1116 781 1152 σκηνὴ,
805 1116 869 1142 ποτὲ
884 1116 912 1142 δὲ

127 1167 173 1193 ἐπὶ
191 1166 238 1193 τοῦ
250 1166 318 1193 Σιὼν
331 1166 410 1202 ὅρους
424 1166 471 1192 καὶ
484 1165 534 1200 τῆς
550 1164 736 1199 Ἰερουσαλὴμ,
749 1164 795 1190 καὶ
808 1163 836 1189 αἱ
850 1163 913 1190 ἀνα-

127 1206 265 1247 δενδράδες
283 1211 312 1238 δὲ
326 1211 409 1246 αὐτῆς
426 1210 562 1244 ἐκάλυψαν
576 1209 625 1240 τὰς
641 1209 752 1244 κέδρους
771 1207 819 1235 τοῦ
834 1207 911 1235 Θεοῦ.

129 1257 211 1289 Τίνας
223 1256 245 1283 δ’
262 1256 295 1284 ἂν
311 1256 398 1288 εἴποις
412 1256 462 1288 τὰς
474 1254 670 1290 ἀναδενδράδας
684 1254 733 1289 τῆς
749 1253 880 1289 ἀμπέλου,
897 1253 913 1288 ἢ

129 1303 178 1335 τὰς
190 1302 362 1338 προφητικὰς
377 1302 465 1337 ψυχὰς
480 1301 528 1327 καὶ
542 1301 606 1332 τοὺς
622 1301 651 1327 ὲν
665 1300 704 1335 τῷ
718 1299 844 1335 προτέρῳ
859 1299 915 1334 λαῷ

131 1350 169 1381 εἰς
182 1349 249 1384 ὕψος
260 1349 440 1384 ἐπηρμένους,
452 1347 519 1373 Θεοῦ
530 1356 560 1373 τε
570 1346 651 1379 ἀξίως
662 1345 914 1380 πολιτευσαμένους,

131 1396 155 1422 οἶ
170 1395 215 1423 καὶ
228 1395 275 1422 ἐπὶ
296 1395 344 1427 τὰς
367 1394 479 1430 κέδρους
499 1393 545 1420 τοῦ
562 1392 629 1419 Θεοῦ
652 1392 853 1423 διανεπαύοντο,
868 1391 916 1422 τὰς

132 1441 260 1476 δυνάμεις
275 1440 307 1476 δὴ
320 1440 368 1472 τὰς
381 1439 512 1475 ἀοράτους
526 1439 573 1465 καλ⁸
587 1438 677 1471 θείας;
690 1438 778 1473 Μέχρι
789 1437 843 1473 γὰρ
857 1437 918 1464 τού-

134 1495 186 1513 των
201 1486 365 1521 ὲξετάθησαν
378 1485 406 1511 αἱ
421 1484 604 1520 διαπρέψασαι
621 1484 650 1511 ὲν
670 1483 709 1518 τῷ
723 1484 847 1518 προτέρῳ
861 1483 917 1518 λαῷ

133 1532 228 1568 ψυχαὶ,
240 1532 277 1563 ὡς
297 1532 344 1558 καὶ
360 1531 517 1566 Πνεύματος
534 1531 611 1564 ἁγίου
635 1530 768 1565 μετέχειν,
792 1529 838 1556 καὶ
855 1529 918 1561 τοὺς

134 1579 256 1614 καρποὺς
280 1578 408 1604 ἐκτείνειν
429 1577 509 1612 μέχρι
530 1578 580 1612 τῆς
595 1576 742 1611 ἀγγελικῆς
763 1576 916 1611 δυνάμεως.
932 1596 953 1624 C

134 1624 174 1651 Τὰ
188 1624 217 1651 δὲ
231 1624 358 1659 κλήματα
372 1624 421 1659 τῆς
433 1623 566 1659 ἀμπέλου,
581 1623 663 1658 ἔτερα
685 1622 750 1649 ὄντα
773 1622 848 1657 παρὰ
867 1622 918 1657 τὴν

136 1670 213 1697 σκιὰν
228 1670 276 1697 καὶ
292 1670 367 1705 παρὰ
381 1670 429 1702 τὰς
451 1669 657 1705 ἀναδενδράδας,
675 1669 788 1704 ἐξετάθη
805 1669 856 1701 ἓως
871 1668 918 1696 θα-

135 1716 247 1752 λάσσης.
265 1716 294 1741 '0
309 1715 337 1741 δὲ
352 1715 500 1750 Σύμμαχος
516 1715 576 1741 ἀντὶ
592 1714 649 1746 τοῦ,
662 1715 697 1741 τὰ
709 1714 855 1748 κλήματα,
866 1714 919 1747 τὰς

136 1762 240 1797 χαίτας
262 1760 368 1794 αὐτῆς,
393 1760 485 1795 φησὶν,
510 1760 657 1792 ἐξέτεινεν
674 1760 729 1793 ἕως
751 1760 918 1793 θαλάσσης.

137 1805 198 1834 Εἶεν
212 1807 234 1834 δ’
247 1806 279 1834 ἂν
292 1807 382 1841 χαῖται
399 1807 445 1833 καὶ
460 1806 551 1841 κόμαι,
566 1805 657 1842 ὥσπερ
671 1805 848 1841 ἀναρίθμητοι
862 1805 920 1841 τρί-

137 1862 193 1889 χες,
210 1853 227 1889 ἢ
241 1853 289 1880 καὶ
303 1852 428 1888 κλήματα
445 1852 621 1887 πληθύνοντα,
638 1851 709 1878 κατὰ
725 1851 755 1878 τὸ
768 1852 816 1887 τῆς
831 1851 920 1886 ἀμπέ-

138 1898 183 1925 λου
202 1897 386 1934 παράδειγμα,
400 1898 414 1923 ὁ
428 1896 509 1928 πολὺς
530 1896 577 1923 τοῦ
599 1896 732 1922 Ἰουδαίων
749 1895 842 1926 ἔθνους
859 1895 921 1930 ὰρι-

138 1944 216 1980 θμὺς,
228 1944 258 1975 ὃς
268 1943 300 1979 δὴ
312 1943 411 1977 ἔφθασε
426 1943 505 1978 μέχρι
517 1942 663 1977 θαλάσσης,
677 1941 821 1977 πληρώσας
833 1941 921 1967 πάντα

138 1990 184 2016 τὸν
202 1989 257 2016 τῶν
275 1988 425 2024 ἀνθρώπων
445 1988 511 2023 βίον.
534 1988 578 2014 Διὸ
595 1987 718 2014 λέλεκται
739 1988 768 2013 ὲν
788 1987 867 2021 Ὠσηὲ
883 1986 922 2021 τῷ

140 2036 283 2072 προφήτῃ·
308 2036 362 2062 Καὶ
381 2033 420 2070 ἦν
442 2036 458 2062 ὀ
479 2034 599 2069 ἀριθμὸς
624 2034 683 2061 τῶν
707 2033 780 2061 υὶιῖγν·
804 2032 922 2067 Ἰσραὴλ

140 2082 210 2109 ὡσεὶ
227 2081 323 2116 ἄμμος
336 2080 391 2115 τῆς
414 2080 582 2114 θαλάσσης,
598 2079 617 2113 ἤ
637 2080 694 2106 οὐκ
708 2078 923 2113 ἐκμετρηθήσε-

142 2136 197 2160 ται,
215 2127 286 2154 οὐδὲ
301 2127 576 2162 ἐξαριθμηθήσεται.
594 2126 772 2162 Παραφυάδες
795 2126 823 2152 δὲ
846 2125 923 2152 ἄλλαι

142 2173 214 2205 τινὲς
233 2173 309 2208 παρὰ
323 2174 357 2200 τὰ
373 2173 499 2208 κλήματα
513 2172 642 2207 νεώτεραι
657 2172 703 2198 καὶ
719 2172 859 2207 ἀρτιφυεῖς
873 2171 925 2202 ἕως

143 2218 264 2254 ποταμοῦ
280 2219 481 2254 παρετάθησαν,
490 2218 514 2243 οἱ
525 2217 573 2252 τῆς
586 2217 687 2252 Καινῆς
700 2217 835 2252 Διαθήκης
846 2217 926 2252 κήρυ-

144 2273 205 2297 κες·
221 2264 293 2298 λέγω
305 2264 333 2290 δὲ
345 2265 370 2290 οἱ
382 2263 523 2290 ἀπόστολοι
535 2263 582 2289 καὶ
596 2264 620 2289 οἱ
637 2263 754 2298 μαθηταὶ
768 2263 815 2289 τοῦ
832 2262 925 2297 Σωτῆ-

147 2319 191 2346 ρος
311 2310 361 2346 τὴν
379 2310 429 2345 μὲν
445 2310 514 2345 φυὴν
534 2309 581 2335 καὶ
596 2309 646 2344 τὴν
663 2308 768 2342 γένεσιν
783 2309 928 2344 ἐσχηκότες

145 2357 178 2384 ἐκ
185 2357 236 2391 τῆς
249 2355 443 2392 προλεχθείσης
455 2355 587 2390 ἀμπέλου,
600 2355 646 2380 καλ¹
658 2353 752 2389 ὥσπερ
762 2354 833 2386 τινὲς
844 2363 919 2390 παρα

146 2403 245 2437 φυάδες
261 2402 346 2437 αὐτῆς
367 2401 516 2436 γενόμενοι,
530 2400 619 2427 οὐκέτι
635 2400 663 2426 δὲ
679 2400 779 2435 ὁμοίως
794 2402 851 2431 ταῖς
868 2401 929 2435 χαί-

144 2455 206 2478 ταις
230 2447 277 2473 καὶ
297 2448 354 2478 τοῖς
371 2447 491 2482 κλήμασι
515 2446 567 2478 ἓως
588 2445 724 2479 θαλάσσης
742 2444 928 2479 προελθόντες,

146 2493 203 2520 ἀλλ’
218 2493 270 2524 ἕως
287 2492 408 2528 ποταμοῦ
427 2492 471 2519 διὰ
491 2492 522 2518 τὺ
545 2491 691 2528 μυστήριον
714 2491 762 2526 τῆς
782 2491 816 2516 δι’
840 2491 930 2517 αὐτῶν

147 2538 351 2575 χορηγουμένης
369 2539 398 2564 ὲν
416 2537 525 2573 Χριστῷ
540 2537 756 2571 παλιγγενεσίας.
775 2536 870 2563 Ἔνθεν
884 2538 926 2563 κα¹

148 2586 162 2611 ὁ
177 2584 272 2620 Σωτὴρ
293 2584 374 2616 αὐτὸς
391 2585 420 2610 έν
444 2587 481 2610 οα¹
500 2583 598 2618 ψαλμῷ
612 2583 750 2609 λέλεκται·
766 2583 821 2610 Καὶ
842 2591 931 2610 κατα-

149 2629 299 2662 κυριεύσει
314 2628 372 2655 ἀπὸ
387 2627 544 2660 θαλάσσης
560 2627 615 2660 ἕως
626 2625 794 2659 θαλάσσης,
812 2625 860 2652 καὶ
872 2625 931 2652 ἀπὸ

150 2673 284 2708 ποταμοῦ
297 2673 352 2706 ἕως
368 2672 427 2699 τῶν
447 2671 579 2706 περάτων
597 2671 652 2705 τῆς
666 2670 852 2705 οἰκουμένης.
872 2671 933 2706 ’Δρ-

151 2717 266 2754 ξαμένου
289 2718 344 2754 γὰρ
360 2718 414 2745 ἀπὸ
429 2718 476 2744 τοῦ
497 2717 567 2744 κατὰ
587 2717 632 2743 τὸν
653 2717 787 2752 Ἰορδάνην
807 2715 930 2751 ποταμοῦ

151 2765 197 2792 τοῦ
217 2766 415 2801 βαπτίσματος,
433 2765 480 2800 τὴν
504 2763 649 2799 σύμπασαν
667 2763 824 2799 ἐπλήρωσεν
844 2763 932 2789 οἰκου-

154 2812 245 2847 μένην.
262 2811 387 2838 Τέσσαρα
403 2811 431 2837 δὲ
446 2811 574 2844 τάγματα
590 2810 638 2844 τῆς
651 2809 798 2845 εἰρημένης
812 2808 933 2844 ἀμπέλου

189 2901 212 2917 ⁷³
230 2900 282 2930 lsa.
302 2910 327 2934 v,
344 2901 385 2928 5..
408 2900 431 2917 τι
450 2899 514 2927 Osc.
533 2907 560 2932 ι,
577 2899 621 2925 10.

945 2276 964 2303 υ

960 972 1112 999 Jerusalem
1137 970 1299 1006 completam
1320 977 1392 1001 esse,
1407 972 1434 996 et
1448 968 1561 995 arbusta
1575 967 1635 1002 ejus
1649 966 1748 995 eedros

960 1018 1007 1045 Dei
1020 1017 1173 1052 operuisse.
1186 1010 1315 1049 Quaenam
1329 1023 1390 1042 esse
1403 1014 1489 1042 vineae
1503 1013 1615 1041 arbusta
1631 1012 1746 1045 dixeris,

960 1064 1014 1092 nisi
1030 1064 1136 1091 animas
1150 1061 1335 1098 propheticas,
1354 1068 1387 1087 ac
1407 1067 1455 1087 eos
1472 1059 1518 1094 qui
1532 1059 1596 1086 olim
1612 1059 1639 1085 in
1657 1059 1749 1094 priore

963 1110 1066 1145 populo
1080 1108 1266 1142 erigebantur,
1281 1110 1308 1134 et
1328 1106 1375 1141 qui
1398 1105 1480 1140 digne
1499 1105 1553 1132 Deo
1567 1104 1650 1131 vitam
1670 1104 1750 1131 insti-

961 1160 1084 1187 tuerunt,
1100 1155 1147 1190 qui
1162 1155 1245 1182 etiam
1266 1153 1295 1180 in
1311 1145 1400 1181 cedris
1414 1152 1472 1186 Dei,
1489 1152 1515 1179 id
1528 1155 1581 1183 est,
1601 1151 1630 1178 in
1652 1151 1748 1178 invisi-

961 1203 1063 1230 bilibus
1071 1201 1224 1235 divinisque
1234 1199 1390 1231 virtutibus,
1400 1198 1625 1234 requiescebant?
1637 1197 1707 1224 Nam
1716 1205 1750 1225 eo

963 1256 1051 1283 usque
1067 1250 1200 1283 provecta:
1216 1249 1280 1274 sunt
1302 1246 1399 1272 animae
1417 1253 1478 1280 qua:
1492 1245 1519 1272 in
1535 1245 1626 1280 priore
1640 1244 1687 1270 illo
1700 1251 1748 1278 po-

964 1295 1029 1331 pulo
1044 1297 1141 1321 ornate
1153 1296 1180 1320 et
1194 1293 1278 1327 probe
1289 1292 1425 1324 vixerunt,
1442 1295 1472 1319 ut
1486 1295 1513 1318 et
1527 1291 1646 1325 Spiritus
1661 1292 1750 1318 sancti

965 1341 1112 1376 participes
1126 1342 1229 1370 essent,
1251 1343 1278 1366 et
1299 1346 1385 1373 usque
1399 1337 1433 1364 ad
1449 1338 1587 1373 angelicas
1602 1340 1750 1372 potestates

966 1388 1073 1415 fructus
1089 1393 1154 1414 suos
1169 1384 1356 1412 extenderent.
1372 1383 1502 1411 Palmites
1514 1390 1596 1418 porro
1610 1383 1706 1416 vineas,
1717 1383 1751 1410 ab

967 1434 1062 1461 umbra
1085 1440 1152 1460 sane
1175 1439 1280 1459 necnon
1302 1430 1336 1458 ab
1360 1430 1479 1458 arbustis
1504 1429 1615 1461 diversi,
1645 1430 1751 1456 extensi

967 1483 1032 1508 sunt
1046 1487 1133 1514 usque
1149 1478 1182 1505 ad
1198 1485 1282 1504 mare.
1304 1476 1484 1512 Symmachus
1507 1479 1596 1503 autem
1620 1482 1670 1509 pro
1692 1475 1751 1507 illo,

967 1527 1099 1562 palmites,
1120 1526 1201 1560 jubas
1222 1525 1294 1556 s'uas,
1317 1524 1365 1555 ait,
1384 1523 1499 1550 extendit
1519 1531 1599 1558 usque
1619 1522 1654 1548 ad
1668 1530 1751 1549 mare.

968 1572 1044 1600 Juba'
1059 1574 1149 1598 autem
1165 1574 1192 1596 et
1208 1576 1304 1601 comm,
1327 1576 1377 1596 ceu
1399 1567 1536 1595 innumeri
1560 1567 1651 1602 capilli
1675 1573 1754 1600 sunt;

971 1621 1028 1646 sive
1044 1617 1126 1645 etiam
1143 1616 1269 1652 palmites
1284 1615 1322 1642 illi
1344 1614 1518 1650 multiplicati
1541 1614 1691 1642 secundum
1713 1615 1753 1641 vi-

971 1672 1029 1691 nea:
1045 1663 1210 1697 exemplum,
1231 1668 1346 1696 magnus
1363 1661 1408 1688 ille
1422 1660 1542 1688 Iudaicae
1556 1661 1645 1695 gentis
1658 1668 1755 1687 nume-

972 1718 1019 1737 rus
1035 1713 1088 1741 est,
1106 1709 1152 1744 qui
1172 1716 1238 1735 sane
1260 1712 1347 1735 totum
1372 1707 1512 1734 hominum
1537 1715 1623 1742 genus
1646 1707 1757 1741 replens

973 1755 1095 1791 pervenit
1115 1762 1201 1789 usque
1218 1754 1251 1781 ad
1268 1761 1352 1780 mare.
1369 1753 1549 1786 Quamobrem
1563 1753 1591 1780 in
1608 1752 1676 1781 Osea
1692 1761 1756 1788 pro—

972 1803 1052 1837 phela
1067 1802 1169 1829 dictum
1184 1805 1225 1828 est
1241 1810 1248 1828 :
1265 1800 1300 1827 Et
1316 1804 1373 1827 erat
1390 1808 1514 1826 numerus
1536 1800 1655 1833 ﬁliorum
1670 1798 1757 1827 Israel

973 1848 1049 1883 quasi
1063 1856 1144 1874 arena
1159 1847 1253 1880 maris,
1266 1855 1324 1881 qua-
1333 1854 1384 1873 rum
1399 1846 1595 1873 mensurabitur
1607 1851 1631 1872 et
1644 1854 1695 1872 mm
1709 1854 1758 1872 nu-

974 1894 1118 1921 merabitur
1129 1894 1162 1921 ⁷⁵.
1178 1893 1344 1928 Propagines
1359 1900 1424 1920 vero
1438 1892 1496 1919 aliae
1513 1892 1629 1923 adnate,
1640 1892 1758 1926 palmiti—

974 1941 1025 1969 bus
1042 1941 1207 1968 recentiores
1226 1947 1257 1966 ac
1272 1946 1359 1973 nuper
1375 1942 1485 1970 exortae,
1502 1945 1589 1972 usque
1605 1937 1638 1964 ad
1657 1937 1756 1965 ﬂumen

974 1991 1093 2015 extensae
1106 1990 1180 2018 sunt,
1197 1985 1323 2012 videlicet
1338 1983 1405 2011 Novi
1421 1983 1589 2011 Testamenti
1607 1991 1756 2018 paeones,

976 2033 1113 2068 apostolos
1134 2032 1196 2058 dico
1213 2036 1239 2058 et
1252 2030 1403 2065 discipulos
1421 2029 1577 2058 Servatoris
1598 2029 1696 2061 nostri,
1711 2030 1757 2064 qui

976 2086 1061 2114 genus
1075 2082 1102 2106 et
1113 2077 1245 2113 originem
1261 2085 1294 2104 ex
1308 2076 1436 2111 praedicta
1450 2077 1528 2103 vinea
1543 2075 1656 2108 ducunt,
1670 2080 1698 2103 et
1708 2083 1759 2103 ceu

977 2125 1140 2160 propagines
1151 2124 1274 2159 quaedam
1287 2123 1347 2158 ejus
1360 2126 1433 2151 sunt.
1445 2121 1538 2157 Neque
1548 2126 1637 2150 tamen
1647 2122 1761 2157 perinde

978 2176 1059 2206 atque
1079 2171 1152 2206 jubae
1169 2176 1196 2198 et
1217 2170 1341 2205 palmites
1357 2170 1390 2197 ad
1403 2177 1490 2204 usque
1504 2176 1579 2196 mare
1593 2169 1761 2203 protendun-

980 2221 1033 2248 tur,
1050 2216 1097 2244 sed
1114 2224 1201 2251 usque
1218 2215 1251 2242 ad
1267 2214 1378 2247 ﬂumen,
1397 2215 1432 2242 ob
1447 2214 1605 2249 mysterium
1621 2220 1762 2247 regenera-

979 2262 1063 2290 tionis
1087 2262 1114 2289 in
1134 2262 1244 2290 Christo
1268 2261 1303 2289 ab
1323 2261 1358 2289 iis
1376 2260 1598 2288 subministrata.
1621 2258 1710 2291 Quare
1728 2259 1761 2285 de

981 2308 1121 2335 Salvatore
1135 2308 1196 2343 ipso
1212 2308 1239 2334 in
1255 2307 1360 2342 psalmo
1375 2314 1438 2333 uxr
1455 2305 1556 2333 dicitur
1568 2313 1575 2331 :
1589 2303 1622 2330 Et
1639 2303 1763 2329 domina-

980 2354 1050 2380 bitur
1065 2362 1081 2380 a
1096 2354 1164 2380 mari
1179 2362 1259 2389 usque
1282 2353 1316 2380 ad
1333 2360 1416 2383 mare,
1436 2355 1461 2379 et
1473 2360 1489 2378 a
1503 2350 1611 2385 ﬂumine
1630 2357 1711 2384 usque
1728 2349 1762 2375 ad

981 2400 1104 2426 termino:
1116 2399 1185 2426 orbis
1202 2403 1345 2426 terrarum.
1357 2398 1425 2425 Nam
1437 2405 1499 2425 cum
1510 2397 1664 2431 baptismus
1679 2403 1693 2421 a
1706 2395 1765 2422 Jor—

980 2444 1050 2473 dane
1071 2445 1153 2472 iluvio
1172 2445 1278 2472 initium
1295 2445 1414 2476 duxerit.
1429 2447 1516 2470 totum
1531 2442 1644 2477 replevit
1657 2442 1763 2469 orbum.

981 2490 1103 2523 Quatuor
1127 2498 1208 2525 porro
1234 2490 1370 2525 przedicue
1394 2489 1479 2516 vinea:
1508 2488 1619 2515 ordines
1645 2495 1765 2522 praesens

981 2544 1070 2564 sermo
1085 2536 1216 2564 describit
1226 2556 1233 2568 ,
1249 2536 1374 2563 umbram
1387 2535 1492 2562 scilicet
1507 2534 1567 2569 ejus
1581 2538 1688 2561 montes
1701 2541 1766 2568 ope—

981 2582 1112 2614 rientem;
1139 2583 1251 2609 arbusta
1276 2582 1336 2617 ejus
1357 2582 1385 2608 in
1405 2582 1490 2608 altum
1513 2581 1594 2613 elata,
1611 2581 1650 2607 ita
1665 2584 1695 2607 ut
1711 2588 1767 2607 non

982 2628 1144 2663 simpliciter
1167 2629 1275 2662 cedros,
1302 2628 1350 2655 sed
1375 2628 1472 2655 cedros
1492 2627 1540 2655 Dei
1563 2627 1704 2662 operiant;
1733 2626 1767 2653 ad

983 2675 1041 2702 haec
1062 2674 1186 2709 palmites
1211 2675 1271 2709 ejus
1294 2682 1382 2709 usque
1400 2674 1434 2701 ad
1453 2681 1529 2701 mare
1544 2678 1687 2703 extensos;
1700 2680 1768 2707 prte—

984 2722 1026 2746 ter
1047 2718 1103 2745 hate
1123 2719 1213 2745 omnia
1228 2723 1318 2746 autem
1334 2719 1495 2754 propagines
1511 2719 1582 2753 ejus,
1595 2726 1654 2754 quae
1667 2718 1700 2744 ad
1712 2718 1768 2744 ilu-

987 2773 1048 2792 men
1069 2773 1155 2799 usque
1172 2765 1338 2800 perlingunl.
1367 2765 1489 2797 Quorum
1517 2763 1767 2799 interpretationem

989 2817 1037 2844 pro
1052 2810 1149 2837 collata
1164 2810 1243 2838 nobis
1260 2810 1345 2846 gratia
1359 2809 1498 2843 dedimus,
1514 2810 1638 2837 umbram
1657 2807 1768 2844 quidem
