2024 3214
125 149 180 179 965

689 151 940 180 COMMENTARIA
955 151 992 179 ‘IN
1011 151 1179 182 PSALMOS.

1260 130 1324 179 't‘t
1704 155 1759 184 966

127 207 228 242 σαλὴμ,
249 207 385 240 θεσπίζων
395 208 464 243 αὐτῇ
484 207 518 235 τὰ
538 208 730 244 συμϐησόμενα
741 209 811 237 κατὰ
825 210 888 241 τοὺς
905 209 1075 245 δηλωθέντας
1086 211 1209 246 χρόνους.
1224 212 1273 239 Διὰ
1285 212 1335 248 μὲν
1349 211 1396 240 οὖν
1411 213 1465 240 τῶν
1482 213 1552 249 μετὰ
1566 214 1659 250 χεῖρας
1669 212 1757 239 ἔοικεν

125 255 192 290 ὁμοῦ
213 256 260 282 καὶ
277 255 326 290 τὴν
348 256 459 290 πρώτην
475 256 632 291 πολιορκίαν
648 256 696 291 τὴν
720 257 771 282 ὑπὸ
804 257 980 283 Βαϐυλωνίων
996 263 1156 293 γενομένην,
1174 259 1221 284 καὶ
1241 259 1290 294 τὴν
1311 260 1437 296 δευτέραν
1460 261 1509 296 τὴν
1531 261 1583 287 ὑπὸ
1613 259 1756 296 Ῥωμαίων

125 302 309 339 προφητεύειν
321 310 328 318 ·
347 302 390 329 διὰ
407 302 435 328 δὲ
453 302 498 327 τοῦ
515 302 568 337 πρὸ
583 301 677 328 τούτου
694 303 728 329 τὰ
750 304 820 330 κατὰ
842 304 977 338 ’Λντίοχον
988 304 1033 330 τὸν
1050 304 1182 340 Ἐπιφανῆ
1201 306 1356 340 συμϐάντα·
1374 306 1418 333 διὰ
1440 307 1466 333 δὲ
1482 308 1528 333 τοῦ
1544 308 1564 333 ο’
1579 308 1626 334 καὶ
1644 307 1668 342 τ
1688 308 1756 344 μόνα

124 350 157 376 τὰ
168 349 219 384 τῆς
241 349 359 384 ὑστάτης
376 348 533 383 πολιορκίας
547 348 597 383 τῆς
611 348 664 375 ὑπὸ
684 349 825 383 Ῥωμαίων
842 349 1000 384 γενομένης,
1017 349 1055 380 ὡς
1067 349 1255 377 ἀποδέδεικται
1269 353 1298 378 ἐν
1314 353 1370 383 τοῖς
1385 352 1454 378 κατὰ
1471 353 1515 379 τὸν
1530 356 1568 386 ογ¹
1588 353 1754 389 είρημένοις,

164 395 191 420 '0
218 394 291 426 Θεὸς
310 393 369 420 τῶν
390 392 554 427 δυνάμεων,
581 393 766 428 ἐπίστρεψον
780 394 829 427 δὴ,
851 395 915 421 ἐπί·
928 399 952 425 Α

124 441 239 474 meti-or
260 439 295 470 ἐξ
312 438 452 472 adparat},
470 438 518 465 καὶ
539 438 594 471 ἴδε,
609 439 658 465 καὶ
678 440 838 474 ἐπίσκεψαι
856 441 913 474 τὴν

122 486 260 521 ἄμπελον
274 485 398 518 ταύτην,
418 485 466 511 καὶ
480 485 653 519 κατάρτισαι
667 486 773 520 αὐτὴν,
792 486 832 520 ἢν
845 488 913 521 ἐφύ-

121 539 232 558 τευσεν
252 530 271 564 ὴ
287 529 370 561 δεξιὰ
382 537 450 561 σου,
469 530 518 557 καὶ
538 531 587 557 ἐπὶ
605 531 672 557 υἱὸν
689 531 856 565 ἀνθρώπων,
877 533 913 558 ὃν

122 576 326 610 ἑκραταίωσας
342 575 468 608 σεαυτῷ,
491 576 749 610 Ἐμπεπυρισμένη
769 578 838 610 πυρὶ
862 578 910 604 καὶ

121 621 346 656 ἀνεσκαμμένη,
370 622 428 648 ἀπὸ
450 622 647 656 ἐπιτιμήσεως
672 623 725 648 τοῦ
748 624 910 657 προσώπου

120 674 178 693 σου
201 666 396 693 ἀπολοῦνται.
419 667 463 697 Ὠς
487 666 588 700 ἀγαθὸν
610 668 732 702 γεωργὸν
753 669 910 705 ὑπομνήσας

120 712 169 746 τῆς
186 711 286 746 πολλῆς
302 711 384 738 αὑτοῦ
400 712 463 747 περὶ
480 712 528 747 τὴν
542 712 664 748 ἄμπελον
680 713 848 748 ἐπιμελείας,
863 716 909 742 καὶ

120 757 167 791 τῆς
186 757 255 791 μετὰ
277 756 362 782 ταῦτα
380 757 522 792 συμὸάσης
539 759 606 794 αὐτῇ
626 758 753 794 ἐρημίας,
778 759 841 794 ἐξῆς
863 761 909 787 καὶ

120 802 272 834 ἀκολούθως
301 803 417 828 ἱκετεύει
439 803 601 838 ἐπιστρέψαι
625 805 662 836 ώς
689 806 907 840 ἀποστραφέντα,

120 849 165 874 καὶ
180 848 224 875 διὰ
240 849 289 884 τῆς
303 850 476 885 ἀποπροςςῆς
489 851 543 881 τοῖς
560 851 690 882 ἐναντίοις
709 853 789 877 πᾶσιν
801 852 909 879 ἐκδεδω-

119 895 184 920 κότα
201 895 251 930 τὴν
275 895 405 930 ἄμπελον.
428 896 594 931 ιἘπισκέψαι
619 897 647 923 δὲ
674 898 754 924 αὑτὸν
782 898 905 930 ἱκετεύει,

118 941 162 966 καὶ
179 940 322 975 ἐπιϐλέψαι
338 942 439 968 ἄνωθεν
453 942 482 974 ἐξ
497 943 610 977 οὐρανοῦ
621 952 628 958 ·
648 944 798 979 μνησθῆναί
814 953 853 976 τε,
869 945 907 976 ὡς

117 987 169 1021 ἄρα
187 986 228 1022 εἴη
243 987 325 1014 αὑτοῦ
341 988 447 1022 φυτεία,
466 988 511 1014 καὶ
525 989 574 1024 τῆς
586 989 668 1015 αὑτοῦ
683 990 771 1023 δεξιᾶς
785 991 906 1026 γεωργία

117 1031 132 1065 ή
154 1031 334 1067 προλεχθεῖσα
358 1033 489 1067 ἄμπελος,
509 1035 555 1060 καὶ⁵
579 1035 730 1070 μνησθέντα
755 1036 905 1070 ἐπισκέψα-

116 1077 177 1103 σθαι
193 1078 288 1112 αὐτὴν,
305 1078 342 1109 ὡς
362 1078 395 1105 ἂν
411 1079 493 1105 πάλαι
509 1080 557 1113 μὲν
575 1081 625 1106 ὑπὸ
648 1081 697 1115 τῆς
711 1081 793 1107 αὐτοῦ
815 1082 903 1114 δεξιᾶς

115 1123 303 1157 φυτευθεῖσαν,
319 1125 376 1150 νυνὶ
391 1125 418 1150 δὲ
438 1126 680 1161 ἐμπεπυρισμένην
698 1128 764 1162 πυρὶ
780 1128 826 1154 καὶ
843 1128 903 1153 ἁνε-

115 1169 286 1205 σκαμμένην,
301 1171 347 1196 καὶ
362 1170 415 1196 ἀπὸ
434 1172 619 1207 ἐπιτιμήσεως
634 1171 681 1198 τοῦ
695 1172 838 1207 προσώπου
856 1174 903 1199 αὺ-

114 1216 158 1242 τοῦ
171 1216 349 1243 ὰπολωλυίαν.
369 1217 451 1249 Ἀξιοῖ
465 1226 493 1243 τε
509 1218 723 1253 καταρτίσασοαι
740 1219 823 1254 αὐτὴν
838 1220 903 1245 ἀνα-

114 1262 227 1289 λαϐόντα
260 1264 307 1289 καὶ
339 1264 564 1299 ἀνακτησάμενον
588 1264 665 1299 δίκην
700 1265 820 1300 σωτῆρος
855 1266 902 1292 καὶ

114 1308 204 1343 lupo?)
214 1317 221 1323 '
236 1309 377 1335 καὶταῦτα
392 1310 493 1344 πρᾶξαι
507 1310 550 1336 διὰ
566 1309 612 1336 τοῦ
629 1309 693 1336 Υἱοῦ
708 1310 737 1336 ὃν
749 1311 901 1346 ἐκραταίω-

113 1363 158 1380 σεν
174 1354 273 1390 ἐαυτῷ.
298 1356 337 1381 Δι’
362 1352 398 1382 ὧν
416 1356 509 1389 σαφῶς
525 1357 538 1382 ὁ
559 1356 637 1389 λόγος
657 1356 775 1382 διδάσκει
793 1357 901 1393 πρῶτον

111 1397 180 1425 εἶναι
202 1399 248 1426 τὸν
265 1401 428 1435 ἐμπρησμὸν
447 1401 475 1427 ὃν
493 1401 600 1436 πρῶτον
622 1401 766 1436 ὑπέμεινεν
783 1403 797 1427 ὁ
819 1402 902 1434 τόπος

112 1445 163 1471 ὑπὸ
185 1445 372 1473 Βαϐυλωνίων.
395 1447 431 1472 Οὐ
452 1446 505 1482 γὰρ
520 1447 552 1474 ἂν
571 1447 639 1482 μετὰ
655 1448 700 1473 τὸν
713 1448 838 1484 δεύτερον
852 1449 901 1483 εμ-

111 1491 236 1526 πρησμὺν
252 1491 297 1518 τὸν
312 1492 364 1518 ὑπὸ
382 1493 524 1528 Ῥωμαίων
547 1494 693 1528 γενόμενον
713 1493 760 1528 τὴν
776 1493 824 1520 τοῦ
843 1494 899 1520 Σω-

110 1537 190 1573 τῆρος
209 1537 369 1572 Θεοφάνειαν
384 1539 511 1572 γενέσθαι
526 1539 602 1573 ἠξίου
619 1539 667 1573 τὴν
683 1539 732 1575 ἤδη
746 1541 898 1575 γεγενημέ-

110 1592 167 1619 νην.
191 1584 291 1620 Χώραν
312 1584 339 1610 δὲ
363 1585 419 1621 ἕχει
442 1586 510 1621 μετὰ
528 1586 562 1612 τὰ
582 1586 676 1620 πρῶτα
694 1586 835 1621 συμϐάντα
859 1588 898 1623 τῷ

108 1630 183 1665 τόπῳ
197 1631 327 1657 ἱκετεύειν
339 1632 385 1657 καὶ
398 1631 504 1657 δέεσθαι
519 1631 565 1657 τὸν
576 1632 722 1667 Λυτρωτὴν
738 1634 895 1668 ἐπιστῆναι·

108 1672 138 1702 οὗ
160 1676 331 1709 ἐπιστάντος,
352 1677 413 1703 ἐπεὶ
436 1677 472 1712 μὴ
498 1677 680 1713 παρεδέξαντο
705 1678 753 1713 τὴν
779 1679 897 1714 πρώτοις

108 1722 197 1753 αὐτοῖς
213 1722 245 1748 δι’
261 1722 342 1749 αὑτοῦ
358 1723 589 1757 καταγγελοεῖσαν
611 1724 700 1759 χάριν,
719 1725 830 1756 εἰκότως
847 1727 895 1761 τὴν

108 1769 225 1804 ὑστάτην
239 1769 388 1804 ὑπέμειναν
399 1769 533 1804 ἐρημίαν·
552 1770 585 1804 ἣν
598 1770 678 1801 αὐτὸς
695 1771 894 1806 προσετίμησεν

107 1815 195 1846 αὐτοῖς
221 1815 319 1841 εἰπών·
349 1816 481 1848 Ποσάκίς
504 1816 640 1849 ἠθέλησα
661 1816 894 1851 ἐπισυναγαγεῖν

106 1860 139 1887 τὰ
163 1861 256 1888 τέκνα
276 1870 344 1893 σου,
360 1862 396 1888 ὃν
420 1863 531 1896 τρόπον
555 1862 638 1896 ὅρνις
655 1863 830 1898 ἐπισυνάγει
858 1864 893 1890 τὰ

104 1908 215 1934 νοσσία
230 1908 289 1935 ὑπὸ
313 1908 366 1941 τὰς
387 1909 544 1942 πτέρυγας,
562 1910 609 1936 καὶ
632 1910 687 1936 οὐκ
706 1910 872 1943 ἠθελήσατε
883 1919 892 1942 ;

1003 393 1086 422 Vsus.
1104 395 1200 424 45—17.
1223 396 1294 424 Deus
1319 398 1455 429 virtutum,
1472 405 1630 432 convertere,
1656 402 1755 436 respice

963 439 994 465 de
1011 440 1085 472 uelo,
1105 446 1130 467 et
1157 441 1224 473 vide,
1248 447 1273 469 et
1296 443 1374 470 visita
1395 445 1497 470 vineam
1511 445 1601 478 istaut,
1620 452 1644 473 et
1658 448 1754 481 perﬁce

962 493 1031 518 eam,
1053 495 1131 521 quam
1159 488 1290 521 plantavit
1315 490 1424 517 dextera
1440 496 1497 521 tua,
1522 496 1546 518 et
1572 500 1649 526 super
1668 494 1751 527 [ilium

962 531 1086 564 hominis,
1104 541 1179 567 quem
1194 535 1360 568 conﬁrmasti
1382 536 1440 562 tibi.
1464 535 1576 563 Incensa
1592 538 1645 572 igni
1658 544 1681 565 et
1696 539 1753 574 suf-

963 577 1046 611 fossa,
1060 578 1092 604 ab
1108 579 1286 612 increpatione
1298 581 1384 608 vultus
1400 582 1438 608 tui
1453 583 1584 617 peribunt.
1603 583 1750 619 Postquam

962 623 986 649 ei
1003 626 1032 649 ut
1046 623 1116 650 bono
1132 625 1257 658 agricola:
1276 625 1303 652 in
1326 628 1485 654 memoriam
1506 630 1644 655 revocavit
1659 630 1752 664 ingen-

962 674 1016 697 tem
1046 670 1119 697 illaut
1138 679 1215 698 suam
1241 680 1290 706 pro
1307 673 1385 701 vinea
1410 674 1635 707 sollicitudinem,
1652 680 1679 703 et
1695 676 1750 710 ipsi

961 716 1063 743 illatam
1079 721 1173 751 p05tea
1202 719 1375 751 vastitatem;
1403 722 1455 747 sub
1479 721 1535 748 lucc
1551 727 1753 757 consequenter

960 763 1106 797 supplicat,
1124 769 1152 790 ut
1165 765 1197 791 ad
1213 772 1272 791 eam
1288 773 1318 792 se
1331 770 1484 798 convertat,
1497 767 1658 802 quipridem
1676 776 1752 796 aver-

960 816 1007 835 sus
1033 809 1057 835 ei
1087 813 1171 841 esset,
1201 818 1233 836 ac
1258 818 1305 844 per
1324 812 1495 838 aversioncm
1519 813 1604 844 illam,
1631 814 1752 841 inimicis

959 855 1079 882 eamdem
1096 856 1202 883 vincant
1218 857 1384 885 tradidisset.
1409 857 1496 893 Rogat
1520 863 1610 886 autent
1630 860 1705 887 illum
1723 867 1752 888 ιλι

958 900 1114 928 consideret
1143 905 1170 928 et
1190 910 1300 929 sursum
1328 903 1362 929 de
1378 904 1448 930 coelo
1471 904 1608 938 respiciat,
1622 906 1749 934 recorde-

958 949 1057 980 turque
1082 952 1260 974 memoratam
1287 948 1405 981 vineam,
1433 950 1475 976 sui
1504 950 1701 984 plautationem
1723 957 1751 980 ct

957 991 1076 1019 dexterm
1101 1001 1158 1020 sua:
1189 994 1385 1028 agriculturam
1412 1003 1485 1026 esse,
1509 996 1624 1031 ejusque
1646 1005 1751 1024 meumr

956 1039 1049 1065 visitet
1061 1039 1146 1070 illam,
1166 1044 1259 1074 utpote
1273 1048 1333 1075 qua:
1347 1041 1412 1068 olim
1426 1042 1459 1068 ab
1470 1041 1529 1076 ejus
1545 1042 1657 1069 dextera
1673 1044 1750 1078 plan-

920 1077 939 1103 Β
955 1088 1009 1110 tata
1025 1084 1106 1115 fuerit
1119 1095 1124 1112 :
1138 1085 1193 1119 jam
1206 1093 1270 1113 vero
1282 1086 1391 1113 incensa
1404 1087 1458 1122 igni
1473 1092 1499 1114 el.
1515 1088 1643 1119 suﬂ'ossa,
1661 1090 1695 1116 ab
1710 1089 1736 1116 iu

954 1131 1111 1165 crepatione
1139 1132 1231 1159 vultus
1248 1132 1308 1167 ejus
1333 1134 1454 1168 perierit.
1483 1134 1614 1161 Precatur
1638 1135 1702 1162 item
1721 1141 1750 1162 ut

954 1184 1098 1204 resumens
1114 1182 1329 1213 restauransque
1343 1179 1415 1206 illam
1436 1181 1586 1208 servatoris
1601 1188 1632 1207 ac
1646 1181 1747 1208 medici

959 1223 1046 1250 instar
1062 1223 1219 1250 rt-liciat:ct
1232 1224 1288 1251 haec
1300 1229 1361 1260 agat
1377 1233 1423 1259 per
1434 1226 1531 1253 Filium
1548 1235 1630 1261 quem
1647 1226 1748 1256 conﬁt"—

954 1269 1037 1295 mavit
1052 1270 1116 1296 sibi.
1127 1270 1210 1302 Queis
1221 1275 1314 1305 aperte
1328 1272 1484 1299 declaratur
1498 1272 1542 1299 llic
1555 1273 1674 1308 primunt
1693 1275 1746 1301 loci

953 1315 1110 1342 incendium
1140 1316 1362 1352 adnotari,quod
1383 1326 1398 1344 a
1424 1317 1580 1353 Babyloniis
1599 1328 1747 1355 perpessus

952 1365 1002 1387 est.
1017 1360 1110 1395 Neque
1136 1362 1209 1388 cnim
1228 1367 1288 1397 post
1313 1364 1465 1390 secundum
1482 1364 1638 1392 incendium
1656 1374 1671 1392 a
1689 1365 1746 1393 Ro-

952 1407 1040 1433 manis
1058 1407 1172 1439 illatum,
1200 1408 1323 1435 divinum
1350 1409 1501 1437 Salvatoris
1524 1411 1681 1443 adventum,
1698 1414 1744 1447 qui

948 1453 1003 1488 jam
1016 1456 1180 1490 contigerat.
1198 1457 1330 1483 maturari
1361 1463 1494 1492 rogasset.
1519 1458 1677 1493 Opportune
1697 1467 1745 1485 au—

951 1504 1003 1526 tem
1031 1505 1092 1535 post
1129 1502 1246 1536 priorem
1277 1503 1350 1529 illam
1378 1504 1430 1530 loci
1460 1505 1643 1531 calamitatem
1667 1509 1745 1539 rogat

950 1547 1134 1581 postulalqut‘.
1145 1552 1173 1573 ut
1183 1548 1348 1583 Redemptor
1363 1550 1487 1577 adveniat
1500 1558 1569 1585 :quo
1584 1551 1743 1583 accedente,

948 1592 1010 1626 quia
1024 1593 1138 1626 gratiam
1152 1593 1218 1627 ipsis
1235 1595 1372 1628 prioribus
1390 1596 1581 1622 anuuntiatam
1596 1605 1650 1623 non
1667 1605 1741 1630 rece-

950 1642 1061 1671 perunt.
1080 1645 1229 1666 extremam
1255 1642 1487 1676 promeritumque
1509 1643 1664 1669 vastitatem
1680 1643 1743 1677 jure

948 1683 1069 1716 νεηνιδεί
1100 1689 1173 1715 sunt,
1190 1693 1270 1719 quam
1289 1686 1347 1720 ipse
1364 1688 1550 1715 comminatus
1566 1688 1621 1716 illis
1643 1693 1683 1716 est
1700 1689 1743 1716 liis

948 1728 1038 1754 vetbis
1058 1738 1063 1755 :
1083 1728 1192 1761 Quoties
1214 1731 1283 1757 volui
1307 1740 1465 1767 congregare
1479 1734 1550 1767 ﬁlios
1569 1739 1638 1765 tuos,
1652 1742 1743 1768 quem-

948 1775 1090 1803 admodum
1110 1779 1211 1812 gallina
1233 1786 1372 1814 congregnt
1388 1782 1474 1814 pullos
1488 1791 1550 1808 suos
1567 1783 1615 1809 sub
1630 1783 1700 1813 alas.
1715 1788 1740 1809 ut

948 1822 1173 1852 noluistis?Ect-e
1198 1827 1359 1861 relinquetur
1384 1827 1455 1854 vobis
1477 1828 1569 1855 domus
1595 1834 1680 1855 ucstra
1696 1828 1741 1853 dr-

947 1875 1018 1896 scrtn
1030 1871 1072 1896 λοι
1088 1871 1198 1905 quando
1215 1872 1364 1899 secundutu
1387 1872 1558 1907 Apostolum,
1575 1873 1689 1907 pervertit
1704 1881 1736 1899 aa

947 1922 989 1940 eos
1002 1915 1043 1941 ira
1056 1916 1082 1941 in
1101 1917 1177 1944 linem
1192 1916 1225 1942 ⁸η.

111 1953 186 1980 Ἰδοὺ
202 1955 319 1989 ἀφίεται
332 1955 403 1990 ὑμῖν
415 1957 430 1982 o'
447 1953 529 1989 οἶκος
545 1956 629 1991 ὑμῶν
642 1957 768 1991 ἕρημος’
790 1958 833 1983 ὅτε
859 1959 906 1985 καὶ
926 1961 995 1987 κατὰ
1019 1962 1064 1988 τὸν
1086 1963 1256 1994 ’Λπόστολον,
1273 1963 1405 1997 ἔφθασεν
1428 1965 1472 1996 εἱς
1491 1964 1600 1991 αὺτοὶφ
1623 1964 1642 1997 ἡ
1663 1962 1737 1997 ὀργὴ

103 2002 145 2034 εις
156 2001 252 2034 τέλος.

136 2071 298 2106 Γενηθήτω
310 2072 329 2105 ἡ
354 2071 419 2107 χείρ
441 2079 499 2100 σου
520 2073 568 2099 ἐπ’
588 2073 682 2108 ἄνδρα
700 2073 801 2107 δεξιᾶς
821 2082 890 2108 σου,

102 2118 151 2145 καὶ
166 2118 217 2144 ὲπὶ
229 2118 298 2146 υἱὸν
309 2118 478 2153 ἀνθρώπου,
493 2119 530 2146 ὃν
542 2120 747 2154 expue/ulmeae
763 2122 890 2155 σεαυτῷ.

103 2164 157 2191 Καὶ
178 2166 215 2192 οὐ
228 2164 271 2199 μὴ
288 2165 468 2200 ἀποστ-ὦμεν
492 2166 550 2193 ἀπὸ
568 2167 636 2199 σοῦ,
657 2167 781 2201 ζωώσεις
800 2168 890 2203 ἡμᾶς.

102 2211 172 2237 Μίαν
183 2211 239 2237 τῶν
253 2211 456 2247 προλεχοέντων
470 2212 599 2239 ἁπάντων
611 2212 759 2247 Θεραπείαν
771 2214 891 2242 διδάσκει

100 2256 130 2283 τὸ
150 2257 263 2292 Πνεῦμα
285 2257 316 2284 τὺ
338 2257 425 2292 ἅγιον,
442 2258 491 2293 τὴν
507 2259 548 2290 εἰς
572 2258 730 2295 ἀνθρώπους
753 2260 801 2287 τοῦ
824 2261 891 2296 Χρι-

102 2303 164 2330 στοῦ
176 2303 224 2329 τοῦ
239 2303 307 2329 Θεοῦ
323 2304 481 2339 παρουσίαν.
497 2304 597 2340 Διόπερ
611 2304 679 2339 μετὰ
692 2305 726 2332 τὰ
741 2314 891 2341 προφητευ-

100 2349 179 2377 θέντα
194 2350 258 2385 περὶ
269 2350 320 2385 τῆς
333 2350 450 2386 ἐρημίας
462 2349 509 2376 τοῦ
524 2349 685 2385 ἀμπελῶνος
698 2351 745 2378 καὶ
756 2351 803 2377 τοῦ
814 2352 890 2378 ἐπελ-

980 2074 1062 2102 Vens.
1082 2075 1124 2102 i8.
1145 2074 1210 2102 Fiat
1225 2083 1321 2102 manus
1346 2081 1392 2103 tua
1416 2083 1495 2110 super
1514 2076 1600 2103 virum
1621 2077 1737 2107 dextera

944 2125 1007 2153 tum,
1023 2126 1047 2148 et
1061 2129 1139 2153 super
1154 2121 1240 2156 ﬁlium
1260 2120 1385 2153 hominis,
1403 2130 1478 2156 quem
1496 2123 1661 2156 conﬁrmasti
1676 2124 1734 2151 tibi.

943 2165 978 2193 Et
997 2175 1049 2194 non
1064 2167 1227 2194 discedemus
1245 2176 1261 2194 a
1277 2173 1311 2198 te.
1324 2167 1469 2202 viviﬁcabis
1486 2176 1543 2195 nos.
1561 2168 1647 2196 Unam
1666 2178 1736 2205 prae-

942 2213 1079 2240 dictorum
1101 2214 1223 2241 omnium
1246 2214 1416 2241 curationem
1438 2213 1518 2241 docet
1534 2214 1653 2249 Spiritus
1670 2223 1734 2243 san-

943 2263 1015 2291 ctus,
1044 2268 1142 2295 nempe
1168 2259 1271 2287 Christi
1296 2259 1343 2287 Dei
1368 2260 1402 2286 ad
1431 2260 1555 2287 homines
1576 2261 1731 2288 adventum.

943 2304 1127 2338 Quamobrem
1157 2310 1220 2341 post
1246 2306 1417 2341 prophetiam
1442 2305 1476 2332 de
1492 2305 1578 2332 vineae
1593 2306 1732 2339 vastitate,

943 2351 1013 2378 etde
1028 2351 1121 2379 futuro
1135 2352 1195 2387 ejus
1218 2352 1357 2383 incendio,
1375 2352 1417 2378 his
1433 2351 1569 2386 supplicat
1586 2354 1615 2377 ut
1626 2350 1733 2378 redem-

101 2396 191 2429 υόντος
206 2396 280 2432 αὒτῷ
300 2397 466 2434 ἐμπρησμοῦ
482 2397 597 2424 ἱκετεύει
616 2397 649 2424 τὰ
666 2397 836 2433 προκείμενα
851 2399 891 2429 είς

949 2399 1047 2430 plorem
1066 2401 1225 2431 exspectare
1249 2398 1339 2430 liceat,
1366 2397 1455 2423 virum
1479 2396 1596 2422 dexterae
1622 2395 1681 2429 Dei,
1705 2401 1732 2423 et

99 2443 129 2470 τὸ
150 2444 302 2479 προσδοκᾷν
325 2444 465 2481 λυτρωτὴν
490 2445 535 2472 τὴν
557 2444 641 2481 ἄνδρα
664 2444 713 2479 τῆς
736 2443 826 2477 δεξιᾶς
839 2443 886 2470 τοῦ

99 2487 176 2521 θεοῦ,
193 2488 240 2515 καὶ
259 2488 305 2514 τὸν
317 2489 373 2515 υἱὸν
391 2489 438 2516 τοῦ
458 2488 601 2525 ἀνθρώπου
619 2489 664 2515 τὸν
681 2488 734 2515 ὑπὸ
754 2489 801 2515 τοῦ
820 2489 888 2516 Θεοῦ

99 2534 346 2569 κεκραταιωμένον.
364 2532 448 2566 Οὗτος
463 2535 492 2562 δὲ
507 2533 541 2571 ἦν
555 2535 569 2562 ὸ
583 2535 726 2570 ἀγαπητὸς
745 2534 792 2561 τοῦ
809 2534 888 2566 Θεοῦ,

98 2579 127 2606 ὂν
141 2580 240 2607 εἰδέναι
259 2580 307 2607 καὶ
332 2582 459 2616 παρεῖναι
474 2581 508 2607 δι’
528 2581 612 2616 εὐχῆς
627 2580 748 2608 τίθεσθαι
773 2580 888 2617 παραδί-

98 2625 162 2652 δωσι
185 2628 241 2658 τοῖς
264 2626 492 2662 ἐντυγχάνουσιν·
515 2627 553 2658 ὡς
578 2626 621 2657 ἂν,
641 2626 751 2660 γνόντες
768 2626 847 2653 αὑτὸν
864 2626 889 2652 οἱ

98 2672 184 2699 ταῦτα
205 2673 448 2709 προδιδασκόμενοι
461 2673 509 2700 καὶ
525 2674 564 2704 εἰς
581 2672 662 2699 αὐτὸν
682 2672 887 2703 πιστεύσαντες,

98 2716 129 2743 δι’
139 2717 221 2744 αὑτοῦ
234 2718 325 2753 τυχεῖν
336 2718 387 2753 τῆς
401 2717 455 2743 τῶν
469 2717 562 2743 κακῶν
577 2716 725 2752 Θεραπείας
736 2716 885 2743 ἐλπίσειαν.

100 2762 143 2789 Διὸ
157 2763 189 2789 ἐκ
210 2763 357 2798 προσώπου
377 2762 430 2789 τῶν
445 2762 592 2797 θεραπείας
612 2762 747 2797 δεομένων
765 2761 831 2796 φησὶ
844 2762 886 2793 τὸ,

100 2808 256 2843 Γενηθήτω
271 2810 290 2844 ἡ
305 2809 370 2844 χείρ
390 2817 448 2836 σου
461 2809 507 2836 ἐπ’
525 2808 619 2842 ἄνδρα
630 2808 732 2842 δεξιᾶς
752 2816 820 2842 σου,
836 2809 885 2836 καὶ

134 2887 158 2904 ⁸⁸
175 2886 270 2915 Matth.
289 2895 376 2921 mu,
393 2886 438 2915 37.
476 2887 498 2903 ⁸¹
519 2886 528 2913 l
546 2885 643 2915 Thess.
662 2894 699 2920 ll,
717 2886 751 2914 115

941 2442 1027 2469 tilium
1045 2442 1163 2470 hominis
1177 2451 1192 2470 a
1214 2442 1269 2470 Deo
1283 2442 1485 2469 conﬁrmatum.
1503 2440 1554 2467 Hic
1574 2448 1657 2476 porro
1672 2447 1731 2468 erat

940 2487 1058 2515 dilectus
1076 2487 1123 2515 Dei
1138 2498 1143 2515 :
1156 2496 1236 2522 quem
1247 2496 1276 2515 se
1286 2495 1378 2517 nosse.
1392 2494 1425 2513 ac
1438 2489 1468 2513 ut
1482 2485 1610 2512 adveniat
1622 2485 1649 2512 in
1666 2490 1733 2514 voto

942 2534 1042 2561 habere
1058 2535 1210 2570 legentibus
1234 2534 1339 2567 tradit;
1367 2533 1454 2567 utqui
1477 2533 1534 2559 haec
1549 2532 1626 2567 prius
1640 2532 1730 2560 edocti

943 2584 1018 2612 sunt,
1036 2581 1087 2607 hac
1113 2580 1208 2607 notitia
1227 2584 1254 2607 et
1272 2580 1324 2607 fide
1341 2580 1368 2606 in
1388 2579 1464 2605 illum
1488 2578 1627 2610 instructi,
1642 2578 1730 2605 malo-

943 2634 1002 2653 rum
1031 2625 1181 2653 remedinm
1213 2625 1247 2652 ab
1270 2633 1304 2652 eo
1329 2633 1359 2653 se
1387 2628 1586 2652 consecuturos
1609 2628 1729 2659 sperent.

939 2671 1028 2705 Quare
1040 2680 1072 2699 ex
1090 2679 1206 2707 persona
1232 2679 1326 2699 eorum
1339 2672 1385 2706 qui
1409 2670 1513 2698 medela
1539 2678 1609 2705 opus
1629 2671 1731 2697 habent

938 2719 975 2745 ait
991 2728 997 2746 2
1016 2718 1080 2745 Fiat
1102 2726 1195 2744 manus
1221 2723 1267 2744 tua
1293 2726 1371 2752 super
1383 2717 1469 2744 virum
1491 2717 1607 2744 dextera;
1628 2722 1690 2747 tute,
1704 2720 1729 2742 et

936 2771 1014 2797 super
1030 2763 1115 2797 ﬁlium
1139 2763 1263 2794 hominis,
1276 2770 1351 2797 gnem
1366 2762 1530 2796 confirmasti
1555 2762 1610 2788 tibi.
1625 2760 1659 2787 Et
1676 2768 1730 2787 non

936 2808 1098 2837 discedemus
1109 2817 1125 2836 a
1138 2813 1172 2836 te.
1187 2808 1250 2836 ΙΙωο
1265 2816 1346 2844 porro
1361 2809 1437 2836 verbi
1452 2807 1587 2837 sententia
1598 2811 1640 2835 est
1657 2816 1664 2835 :
1681 2805 1730 2834 Ve)
