2024 3214
285 165 335 193 961

649 164 783 192 EUSEBII
802 164 1040 193 CESARIENSIS
1057 163 1133 193 OPP.
1152 163 1244 193 PARS
1261 164 1305 192 III.
1318 180 1353 185 -—
1366 163 1571 193 EXEGETICA.

1854 164 1907 193 968

283 230 358 251 nunc
372 222 480 250 tandem
502 229 600 250 manus
615 226 662 250 tua
676 222 785 250 occulta
804 222 850 250 illa
863 226 891 250 et
913 222 1069 255 invisibilis.

1124 223 1173 249 ἐπὶ
1187 223 1255 250 υἱὸν
1267 223 1435 257 ἀνθρώπω,
1448 223 1485 250 ὃν
1493 222 1695 257 ἐκραταιωσας
1711 221 1840 254 σεαυτῷ.
1851 222 1908 250 Kal

283 267 425 295 illucescat
434 267 462 295 in
476 267 533 295 viro
546 267 663 295 dexterae
673 271 727 295 tuae
740 268 878 300 ministro,
893 272 920 296 et
937 268 965 296 in
979 276 1012 297 eo
1022 269 1070 304 qui

284 312 370 340 Filius
387 313 506 341 hominis
515 313 656 341 vocandus
665 317 709 341 est
722 323 729 340 :
745 322 826 349 quem
843 318 872 341 tu
888 314 936 342 tibi
955 316 1069 350 parasti,

264 357 269 360 ’
283 363 365 394 atque
380 364 410 387 ut
429 360 639 388 instrumentum
659 361 770 388 virtutis
785 365 838 388 tuae
852 361 1032 393 conﬁrmasti,
1044 366 1071 389 et

283 406 362 441 quasi
378 406 487 434 deitatis
508 410 560 433 tua;
580 407 757 434 simulacrum
775 408 910 435 excitasti.
928 407 996 434 Nam
1020 408 1070 435 hoc

283 455 441 486 apparente,
459 460 513 479 non
536 452 652 479 ulterius
667 452 739 479 idola
755 453 893 480 colemus:
919 453 967 481 sed
983 461 1070 488 neque

282 498 430 524 multorum
454 498 597 525 numinum
611 499 697 525 errori
726 499 885 532 serviemus,
904 507 993 533 neque
1012 506 1071 526 am-

283 544 354 579 plius
370 552 385 570 a
401 548 427 572 te
440 544 610 572 recedemus.
626 544 772 579 Postquam
783 548 873 571 autem
885 545 919 572 ab
929 553 961 572 eo
974 545 1068 577 vitam,

281 595 309 617 et
328 591 443 617 salutem
457 599 517 625 qure
527 590 554 618 in
569 595 595 618 te
611 596 653 618 est
665 591 863 625 acceperimus,
878 599 977 618 nomen
992 595 1068 618 tuum

282 634 489 663 invocabimus:
520 643 608 670 neque
633 636 749 663 ulterius
776 635 930 671 cujuspiam
961 636 1070 663 nomine

282 681 489 714 appellabimur,
517 689 571 708 non
589 681 623 708 ab
650 682 750 708 lsraele
772 681 912 715 lsraelitze,
942 689 1031 716 neque
1054 689 1070 708 a

281 725 350 753 Juda
364 725 465 758 Judaei;
485 726 531 753 sed
546 733 560 752 a
578 730 635 758 tuo,
651 725 770 757 Christe,
789 727 899 754 nomine
922 726 1069 754 Christiani

281 773 448 799 vocabimur.
464 772 633 807 Quapropter
653 774 802 799 secundum
819 772 1013 807 Symmachum
1028 773 1069 799 di-

281 818 371 845 citur:
395 818 544 852 Viriﬁcabis
556 826 614 849 nos,
627 822 652 844 et
670 817 775 844 nomine
789 823 834 844 tuo
848 818 1008 844 vocabimur.
1024 817 1070 843 Mi-

281 865 335 891 rari
348 872 429 899 porro
445 865 528 895 subit,
541 872 591 891 cur
606 863 690 891 Judaei
712 864 769 891 ιιωο
784 864 915 899 legentes,
930 869 982 891 ct.a
1000 868 1070 891 tene

282 912 320 938 ris
334 911 489 946 unguiculis
511 912 684 943 meditantes,
698 919 753 938 non
772 915 896 946 quaerant
913 911 975 945 quis
990 910 1070 938 fuerit

282 958 327 985 ille
345 958 386 984 vir
399 958 518 985 dexterae
531 957 587 990 Dei,
605 966 693 993 neque
708 965 770 985 eum
786 958 832 992 qui
849 957 935 985 Filius
952 957 1070 984 hominis

280 1009 392 1031 vocatur
408 1007 576 1039 cognoscant
594 1014 600 1031 :
620 1012 705 1039 quare
721 1004 749 1031 in
765 1004 921 1031 calamitate
934 1012 988 1031 sua
1006 1012 1070 1039 per-

280 1055 415 1078 severant.
433 1051 484 1084 Qui
503 1052 525 1078 si
548 1052 637 1086 ipsum
662 1052 803 1080 novissent
826 1059 857 1078 ac
880 1052 1068 1085 edidicissent,

279 1098 380 1124 scirent
403 1098 497 1132 utique
514 1097 561 1125 Dei
578 1098 709 1131 Verbum,
722 1099 795 1132 quod
816 1099 944 1133 praesenti
968 1099 1070 1134 suppli-

279 1144 387 1171 catione
403 1144 591 1176 invocabatur,
605 1145 632 1171 in
648 1145 708 1179 ipso
727 1145 875 1172 habitasse.
894 1145 946 1173 Sed
962 1153 1012 1173 nos
1023 1147 1071 1181 qui

277 1190 367 1224 ipsum
392 1191 584 1225 prmexsistens
606 1199 678 1222 esse,
696 1198 728 1218 ac
748 1191 782 1219 de
800 1191 958 1219 hominibus
979 1192 1070 1227 provi-

278 1236 397 1265 dentiam
419 1237 530 1265 omnino
545 1245 638 1272 gerere
665 1239 808 1271 novimus;
834 1246 895 1265 nam
914 1238 947 1265 In
973 1239 1069 1265 mundo

277 1290 345 1316 erat,
363 1289 386 1311 et
400 1285 511 1311 mundus
530 1293 575 1319 per
585 1285 671 1318 ipsum
683 1285 769 1319 factus
783 1290 832 1317 est,
847 1291 870 1312 et
887 1286 1000 1313 mundus
1011 1295 1069 1314 eum

277 1340 330 1358 non
349 1332 466 1366 cognovit
481 1331 522 1364 9';
540 1332 643 1359 scimus
659 1332 748 1366 ipsum
773 1332 799 1358 in
824 1333 931 1367 propria
953 1334 1069 1365 venisse,

278 1378 388 1412 quando
404 1385 500 1405 manus
514 1378 574 1412 ejus
588 1378 645 1405 sive
654 1378 696 1405 vis
710 1386 827 1413 operans
846 1379 917 1406 facta
929 1384 971 1407 est
989 1388 1071 1415 super

277 1425 366 1451 virum
379 1424 497 1452 dextera:
508 1425 578 1459 ejus,
592 1425 638 1459 qui
650 1425 676 1451 in
687 1425 840 1460 Evangeliis
851 1426 936 1453 Filius
952 1427 1070 1454 hominis

277 1475 391 1498 vocatur
407 1481 412 1498 :
429 1480 508 1506 quem
533 1472 585 1499 sibi
603 1472 654 1507 ipsi
677 1472 736 1506 ipse
752 1480 784 1498 ex
803 1471 905 1506 Spiritu
923 1477 1018 1500 sancto
1030 1472 1071 1500 ef-

278 1518 424 1545 formavit:
438 1526 517 1553 quem
534 1519 558 1545 si
573 1519 742 1550 noverimus,
760 1517 906 1546 defectioni
929 1526 1069 1554 nunquam

1120 269 1156 295 οὐ
1167 268 1211 302 μὴ
1224 267 1403 303 ἀποστ-ὦμεν
1412 267 1472 295 ἀπὸ
1479 267 1548 295 σοῦ.
1566 267 1599 294 Ἦ
1608 267 1637 293 δὲ
1644 266 1757 301 δύναμις
1767 266 1815 292 τοῦ
1828 266 1907 301 λόγω

1119 314 1213 342 τοῦτον
1228 314 1284 350 ἔχει
1295 315 1341 342 τὸν
1356 314 1433 342 νοῦν·
1450 314 1519 349 Ἤδη
1539 314 1604 341 ποτὲ
1619 313 1713 350 ή-χείρ
1735 321 1783 350 σου
1805 313 1824 348 ἡ
1842 313 1900 347 ἀφα

1120 361 1168 396 vi];
1184 362 1231 388 καὶ
1243 348 1363 397 ’ἀόρατος
1380 348 1561 396 ὲπιλαμψᾶτω
1579 348 1686 386 ἐπὶγτὺν
1699 348 1845 396 γὺπηρέτην
1858 359 1907 394 τῆς

1121 407 1171 441 σῆς
1184 406 1273 438 δεξιᾶς
1288 407 1380 443 ἄνδρα,
1394 407 1440 434 καὶ
1462 407 1507 434 ἐπὶ
1519 406 1566 433 τὸν
1582 405 1712 440 μέλλοντα
1728 404 1908 441 χρηματίζειν
1928 439 1936 446 .

1122 454 1184 480 Υἱὸν
1205 454 1348 489 ἀνθρώπου
1359 463 1365 468 ·
1379 454 1408 480 ὃν
1423 454 1455 480 σὺ
1471 453 1562 488 σαυτῷ
1589 451 1804 483 κατεσκεύασας,
1826 451 1908 486 ἐκρα-

1119 499 1239 531 ταίωσας
1264 500 1378 535 ὕργανον
1399 501 1449 535 τῆς
1479 500 1528 535 σῆς
1555 499 1715 533 δυνάμεως,
1737 498 1784 524 καὶ
1812 497 1908 533 ὥσπερ

1120 547 1230 583 ἄγαλμα
1244 548 1293 583 τῆς
1314 547 1411 573 σαυτοῦ
1435 546 1560 581 θεότητος
1581 546 1675 572 τοῦτον
1691 544 1773 572 αὑτὸν
1789 544 1907 579 ἀναστή-

1121 603 1179 626 σας.
1194 593 1295 619 Τούτου
1317 593 1371 628 γὰρ
1391 593 1529 627 φανέντος,
1548 591 1667 623 εἰδώλοις
1682 590 1772 618 οὐκέτι
1793 590 1907 625 λατρεύ-

1121 648 1221 675 σομεν·
1251 639 1309 666 ἀλλ’
1333 639 1393 665 οὐδὲ
1414 640 1448 674 τῇ
1465 638 1586 673 πολυθέῳ
1609 638 1696 673 πλάνῃ
1719 636 1907 671 δουλεύσομεν,

1120 687 1180 714 οὐδὲ
1204 685 1418 721 ἀναχωρήσομέν
1439 693 1485 711 σου
1511 684 1558 711 τοῦ
1588 683 1701 711 λοιποῦ·
1728 683 1762 710 δι’
1778 682 1863 709 αὑτοῦ
1879 682 1907 708 δὲ

1120 733 1274 765 ζωωθέντες
1286 733 1333 759 καὶ
1351 732 1400 766 τῆς
1420 731 1495 767 παρὰ
1514 732 1555 757 σοὶ
1570 730 1705 766 σωτηρίας
1721 730 1858 764 τυχόντες,
1879 729 1909 755 τὸ

1120 779 1206 814 ὄνομά
1218 787 1264 805 σου
1281 777 1509 812 ὲπικαλεσόμεθα,
1529 776 1617 803 οὐκέτ’
1633 776 1663 807 ἐξ
1676 775 1819 810 ἀνθρώπου
1837 775 1908 806 τινος

1120 824 1349 860 χρηματίζοντες,
1374 823 1427 850 οὐδ’
1456 822 1618 858 Ἰσραηλῖται
1641 821 1695 848 ἀπὸ
1721 820 1768 847 τοῦ
1801 820 1909 856 Ἰσραὴλ

1122 871 1292 906 καλούμενοι,
1309 870 1366 897 ἀλλ’
1382 869 1442 896 οὐδὲ
1458 869 1512 895 ἀπὸ
1525 868 1571 895 τοῦ
1590 868 1675 894 Ἰούδα
1696 867 1816 894 Ἰουδαῖοι
1828 875 1837 883 ’
1856 867 1909 893 ἀπὺ

1121 917 1149 944 δὲ
1163 916 1210 943 ⁴τοῦ
1229 916 1275 943 σοῦ
1287 916 1417 950 ὀνόματος
1433 914 1479 941 τοῦ
1498 914 1615 950 Χριστοῦ
1631 913 1788 949 Χριστιανοὶ
1801 921 1909 948 χρημα-

1120 964 1240 998 τίσομεν.
1261 963 1306 989 Διὸ
1321 962 1444 988 λέλεκται
1460 961 1529 987 κατὰ
1538 961 1584 987 τὺν
1594 960 1740 995 Σύμμαχον
1751 967 1758 974 ·
1773 959 1909 991 Ζωώσεις

1120 1009 1209 1044 ἡμᾶς,
1222 1009 1271 1036 καὶ
1286 1007 1324 1040 τῷ
1344 1007 1465 1042 ὀνόματι
1481 1015 1539 1034 σου
1555 1006 1774 1040 κληθησόμεθα.
1797 1004 1909 1039 Θαυμά-

1122 1064 1166 1082 σαι
1179 1056 1206 1082 δὲ
1223 1056 1279 1081 ἔστι
1294 1055 1354 1080 τίνα
1365 1054 1464 1088 τρόπον
1486 1053 1591 1084 τούτοις
1611 1051 1821 1086 ἐντυγχάνοντες
1845 1051 1909 1077 Ἰου-

1120 1102 1202 1128 δαίων
1218 1101 1321 1132 παῖδες,
1332 1100 1361 1132 ἐξ
1378 1099 1489 1126 ἁπαλῶν
1502 1107 1531 1124 τε
1557 1098 1659 1132 ὀνύχων
1681 1096 1766 1122 ταῦτα
1785 1104 1908 1131 καταμε-

1121 1148 1261 1179 λετῶντες,
1275 1147 1305 1173 οὐ
1327 1146 1437 1181 ζητοῦσι
1450 1145 1495 1171 τὸν
1512 1144 1596 1179 ἄνδρα
1614 1143 1663 1178 τῆς
1676 1143 1764 1175 δεξιᾶς
1781 1141 1830 1168 τοῦ
1841 1141 1908 1168 Θεθῦ

1121 1195 1162 1226 τίς
1179 1202 1243 1220 ποτε
1260 1191 1304 1229 ἦν,
1319 1193 1378 1219 οὐδὲ
1392 1193 1437 1218 τὸν
1454 1191 1599 1225 λεγόμενον
1616 1190 1679 1216 Υἱον
1691 1188 1838 1224 ἀνθρώπου
1854 1189 1910 1214 ἑπι-

1121 1242 1282 1276 γινώσκουσι
1292 1249 1298 1254 ·
1309 1240 1348 1266 διὸ
1358 1240 1405 1266 καὶ
1416 1237 1602 1274 παραμένουσι
1615 1237 1647 1272 τῇ
1656 1235 1759 1262 ἑαυτῶν
1769 1234 1907 1270 συμφορᾷ.

1127 1289 1169 1320 Ὡς
1197 1288 1275 1322 εἴπερ
1313 1286 1472 1319 ἐπέγνωσαν
1498 1284 1545 1310 καὶ
1576 1282 1780 1318 μεμαθήκεισαν
1808 1280 1909 1311 αὑτὸν,

1121 1334 1241 1368 ἔγνωσαν
1257 1333 1289 1359 ἂν
1304 1332 1351 1358 καὶ
1366 1331 1411 1357 τὸν
1430 1331 1458 1356 ὲν
1478 1329 1551 1364 αὐτῷ
1563 1328 1764 1361 κατοικήσαντα
1778 1324 1847 1352 Θεοῦ
1862 1324 1910 1351 Λό-

1121 1389 1168 1414 γον
1188 1380 1217 1405 ὃν
1239 1380 1255 1414 ἡ
1281 1377 1404 1413 παροῦσα
1429 1376 1522 1410 δέησις
1543 1373 1710 1400 ἀνεκαλεῖτο.
1737 1371 1807 1397 Ἀλλ’
1829 1371 1909 1405 ἡμεῖς

1121 1427 1200 1454 αὐτὴν
1212 1427 1312 1457 εἰδότες
1328 1424 1455 1460 προόντα,
1475 1422 1522 1448 καὶ
1539 1422 1570 1447 ὲκ
1580 1420 1627 1446 τοῦ
1640 1419 1740 1450 παντὸς
1756 1416 1909 1453 ἀνθρώπιον

1121 1471 1315 1506 ἐπιμελόμενον
1329 1478 1335 1484 ·
1351 1470 1398 1495 Ἐν
1405 1468 1459 1503 γὰρ
1467 1467 1506 1500 τῷ
1518 1467 1620 1500 κόσμῳ
1632 1463 1680 1500 ἦν,
1698 1464 1747 1491 καὶ
1761 1464 1778 1490 ὁ
1794 1463 1910 1497 κόσμος

1121 1519 1158 1546 δι’
1173 1517 1265 1545 αὑτοῦ
1281 1516 1407 1551 ἐγένετο,
1423 1514 1470 1541 καὶ
1482 1516 1498 1540 ὁ
1511 1514 1624 1546 κόσμος
1640 1510 1732 1538 αὑτὸν
1745 1510 1801 1536 οὐκ
1813 1508 1891 1544 ἔγνω
1901 1517 1908 1523 ·

277 1565 389 1592 obnoxii
410 1566 523 1596 erimus,
545 1565 578 1592 ab
593 1573 625 1592 eo
643 1566 725 1592 vitam
749 1565 926 1599 accipientes,
941 1566 1001 1600 ejus
1020 1573 1068 1592 no-

1121 1565 1199 1600 ἵσμεν
1215 1564 1292 1590 αὐτὴν
1305 1563 1351 1589 καὶ
1367 1563 1406 1593 εἰς
1423 1560 1456 1587 τὰ
1471 1560 1523 1586 ἴδια
1539 1559 1660 1589 ἐλθόντα,
1678 1557 1721 1583 ὅτε
1736 1555 1784 1583 καὶ
1798 1554 1910 1589 γέγονεν

277 1612 351 1639 mine
371 1612 509 1646 appellati,
524 1611 580 1639 Nos
602 1613 692 1647 itaque
707 1612 753 1646 qui
782 1611 879 1638 Filium
895 1612 1012 1639 hominis
1027 1620 1070 1639 ex-

278 1663 446 1693 spectamus,
461 1663 488 1686 et
500 1667 575 1693 spem
596 1664 717 1686 nostram
742 1659 769 1685 in
783 1659 871 1693 ipsum
890 1659 1067 1693 conjecimus,

278 1706 335 1732 haec
352 1706 386 1732 dc
402 1706 480 1733 nobis
497 1705 563 1740 ipsis
580 1705 717 1739 loquimur
731 1712 797 1738 :pro
806 1704 935 1731 membris
950 1712 1013 1731 vero
1024 1712 1070 1730 no-

278 1753 343 1779 stris
368 1752 500 1786 reliquam
533 1752 685 1778 oralionem
715 1750 855 1777 fundimus
881 1750 923 1777 his
954 1750 1067 1777 verbis:

278 1814 311 1818 —
326 1798 409 1825 Vens.
428 1798 472 1825 ΞΟ.
490 1798 559 1825 Deus
572 1799 708 1828 virtutum,
727 1802 845 1824 converte
861 1805 917 1829 nos,
929 1802 953 1823 et
963 1796 1068 1823 ostende

279 1846 373 1879 faciem
386 1849 457 1871 tuam
472 1850 495 1872 et
510 1845 576 1872 salvi
596 1845 704 1876 erimus,
725 1851 877 1871 sermonem
890 1843 916 1870 in
930 1843 1066 1869 communi

277 1891 449 1927 proferentes
463 1899 512 1926 pro
528 1892 571 1923 iis,
586 1891 632 1926 qui
647 1891 767 1918 nondum
781 1889 908 1917 conversi
921 1894 995 1921 sunt,
1008 1896 1069 1916 nec-

278 1939 343 1965 dum
359 1938 504 1965 adventum
518 1938 578 1972 ejus
594 1942 746 1971 noverunt;
764 1937 879 1972 ideoque
894 1936 1014 1963 nondum
1028 1943 1067 1962 sa-

278 1984 361 2011 lutem
377 1992 392 2010 a
409 1983 463 2011 Deo
479 1989 543 2011 sunt
559 1984 711 2010 consecuti.

1122 1610 1203 1637 αὑτοῦ
1219 1611 1234 1644 ἡ
1249 1609 1318 1644 χεὶρ,
1335 1607 1471 1633 τουτέστιν
1484 1607 1500 1640 ἠ
1516 1604 1655 1640 πρακτικὴ
1667 1603 1780 1636 δύναμις
1798 1600 1846 1627 ἐπὶ
1864 1600 1910 1626 τὸν

1121 1657 1205 1692 ἄνδρα
1215 1656 1263 1690 τῆς
1277 1654 1366 1686 δεξιᾶς
1377 1652 1458 1679 αὑτοῦ
1469 1673 1475 1685 ,
1491 1652 1535 1677 τὸν
1551 1651 1597 1677 καὶ
1611 1649 1654 1676 διὰ
1667 1648 1720 1675 τῶν
1734 1646 1910 1681 Εὑαγγελίων

1122 1691 1184 1729 Υὶὸν
1198 1702 1246 1728 ἀνθ
1252 1700 1342 1736 pth-mu
1358 1698 1565 1734 χρηματίσαντα
1575 1705 1581 1710 ·
1597 1695 1626 1721 ὃν
1637 1694 1718 1725 αὐτὸς
1732 1691 1821 1726 ἑαυτῷ
1833 1700 1910 1717 συνε-

1122 1749 1239 1783 στήσατο
1261 1748 1289 1780 ἐξ
1307 1746 1383 1780 ἁγίου
1410 1744 1566 1779 ΙΙνεύματος
1592 1740 1774 1776 καταρτίσας·
1798 1738 1828 1764 ὃν
1851 1738 1911 1764 Em—

1121 1795 1230 1829 γνόντες
1254 1793 1433 1820 ἀναπόστατοι
1458 1790 1550 1816 λοιπὸν
1573 1785 1742 1823 γενησόμεθα
1769 1785 1804 1812 δι’
1827 1783 1909 1811 αὐτοῦ

1122 1841 1285 1875 ζωούμενοι,
1312 1838 1350 1873 τῷ
1381 1846 1410 1864 τε
1433 1837 1545 1871 ὀνόματι
1571 1833 1653 1861 αὑτοῦ
1682 1830 1908 1868 χρηματίζοντες.

1127 1887 1220 1922 Ἡμεῖς
1246 1886 1294 1920 μὲν
1320 1882 1366 1910 οὖν
1382 1883 1406 1909 οἱ
1424 1883 1469 1908 τὸν
1483 1881 1546 1907 Υἱὸν
1564 1879 1610 1906 τοῦ
1627 1877 1771 1914 ἀνθρώπου
1794 1875 1908 1922 προσρα-

1120 1919 1220 1962 κῶντες
1231 1919 1277 1956 καὶ
1290 1930 1338 1960 τὰς
1353 1928 1462 1958 ἐλπίδας
1471 1927 1510 1958 εἰς
1518 1926 1598 1952 αὑτὸν
1612 1925 1662 1959 ἀνη
1667 1932 1716 1958 ρτη
1721 1922 1807 1957 μένοι,
1822 1919 1911 1947 ταῦτα

1120 1979 1183 2014 περὶ
1203 1976 1307 2003 ἑαυτῶν
1327 1983 1417 2009 φαμεν
1429 1982 1436 1988 ·
1452 1973 1514 2008 περὶ
1526 1972 1554 1998 δὲ
1575 1971 1628 1997 τῶν
1647 1969 1789 2005 ἡμετέρων
1808 1966 1908 2002 μελῶν.

277 2032 325 2066 τὴν
337 2031 431 2066 λοιπὴν
452 2031 590 2067 ἱκετηρίαν
606 2030 803 2066 ἀναπέμπομεν
817 2030 981 2064 φάσκοντες·
998 2028 1024 2053 '0
1045 2027 1116 2059 Θεὸς
1131 2025 1189 2052 τῶν
1203 2023 1367 2057 δυνάμεων,
1384 2021 1568 2053 ἑπίστρεψον
1590 2016 1677 2067 mide,
1697 2016 1746 2043 καὶ
1759 2015 1911 2067 ἐπίξηνον

278 2076 312 2103 τὸ
326 2078 487 2110 πρόσωπόν
499 2085 566 2109 σου,
583 2077 630 2103 καὶ
648 2077 855 2111 σωθησόμεθα,
867 2073 1079 2104 καινοποιοῦντες
1095 2073 1140 2098 τὸν
1155 2071 1231 2105 λόγον
1243 2069 1313 2104 ὑπὲρ
1329 2068 1383 2094 τῶν
1402 2067 1513 2102 μηδέπω
1526 2063 1757 2111 ἐπιστρεψάντων,
1772 2061 1841 2097 μηδὲ
1859 2061 1910 2096 τὴν

279 2123 437 2156 ἐπιφάνειαν
461 2123 653 2156 ὲπεγνωκότων
680 2123 772 2155 αὑτοῦ,
789 2123 836 2149 καὶ
854 2122 898 2149 διὰ
910 2121 988 2147 τοῦτο
1002 2120 1111 2156 μηδέπω
1130 2118 1178 2152 τῆς
1195 2116 1270 2150 παρὰ
1287 2115 1326 2149 τῷ
1340 2113 1399 2148 Θεῷ
1419 2111 1554 2147 σωτηρίας
1577 2108 1774 2144 τετυχηκότων.

333 2201 358 2227 l.
377 2199 410 2226 IN
429 2199 533 2226 FINEM
557 2199 625 2226 PRO
651 2199 919 2227 TORCULARIBES
948 2198 1012 2226 lPSl

543 2234 666 2262 ASAPH.
688 2235 794 2262 LXXX.

314 2304 397 2333 Vens.
412 2304 440 2333 2.
464 2304 602 2331 Enullale
624 2303 679 2331 Deo
701 2303 821 2338 adjutori
841 2307 942 2335 nostra,
954 2302 1067 2337 jubilate

279 2351 335 2380 Deo
347 2351 441 2379 Iacob.
464 2350 565 2379 Psalmi
586 2349 640 2377 Pro
660 2349 837 2376 torcularibus
857 2349 982 2387 inscripti
1011 2353 1067 2376 tres

279 2406 395 2427 numero
410 2401 493 2426 sunt:
511 2404 582 2424 unus
598 2395 719 2428 Davidis,
736 2403 833 2431 nempe
848 2399 977 2429 octavus;
995 2403 1067 2422 unus

279 2444 391 2480 Asaphi,
406 2452 485 2479 quem
495 2443 551 2478 jam
563 2447 729 2476 tractamus;
743 2442 861 2469 ﬁliorum
879 2446 970 2469 autem
986 2440 1067 2473 Core,

280 2496 396 2518 unm.
411 2489 530 2517 Octavus
544 2489 637 2523 itaque
652 2488 823 2516 vocationem
840 2487 960 2522 gentium
977 2492 1069 2522 aperte

282 2535 490 2565 vaticinabatur.
507 2542 589 2569 quam
606 2533 710 2568 Spiritu
725 2533 818 2561 divino
834 2533 1012 2567 praeﬁdentes
1022 2532 1070 2560 Dei

281 2580 420 2615 propheta;
456 2584 568 2615 stupore
592 2579 806 2607 afﬁciebantur:
833 2586 918 2614 quare
944 2579 1070 2606 mirantis

282 2633 359 2653 more
382 2625 570 2653 exclamabant
593 2626 727 2657 dicentes,
754 2625 864 2653 Domina
878 2625 949 2653 Deus
968 2631 1066 2657 noster,

282 2680 361 2705 quam
375 2671 532 2699 admirabile
541 2677 580 2699 est
599 2680 693 2700 nomen
709 2676 783 2698 tuum
798 2672 826 2699 in
839 2673 963 2699 universa
977 2672 1068 2699 terra!

283 2716 472 2752 Octogesimus
485 2725 550 2744 vero
567 2718 665 2745 tertius
679 2718 764 2745 multa
783 2718 970 2751 tabernacula,
984 2719 1068 2746 multa

284 2763 391 2796 altaria,
419 2764 486 2790 atria
508 2763 624 2798 plurima
649 2763 707 2791 fore
734 2764 916 2799 praevalebat;
943 2764 1069 2792 videlicet

284 2807 420 2836 Ecclesias
435 2809 481 2836 Dei
498 2817 545 2845 per
560 2813 645 2836 totum
662 2810 756 2837 orbem
781 2810 954 2842 constitutas,
972 2811 1067 2838 altaria

319 2876 341 2892 ⁸²
355 2876 433 2904 .loan.
450 2885 475 2911 ι,
492 2877 533 2904 lO.

1191 2174 1244 2199 ΕΙΣ
1265 2172 1308 2198 ΤΟ
1329 2171 1449 2203 ΤΕΛΟΣ,
1470 2169 1558 2195 ΥΠΕΡ
1573 2167 1639 2194 ΤΩΝ
1662 2165 1781 2194 ΔῙΙΝΩΝ
1793 2166 1838 2201 Τῼ

1430 2250 1534 2277 ἈΣΑΦ.
1546 2249 1576 2276 [1'

1161 2298 1353 2335 Ἀγαιλιᾶσθε
1360 2295 1399 2329 τῷ
1406 2295 1467 2328 Θεῷ
1475 2294 1514 2327 τῷ
1522 2293 1625 2327 ,βοηθῷ
1634 2292 1727 2334 ήμῶν,
1736 2290 1912 2323 ἁςιαλάξατε

1121 2345 1160 2379 τῷ
1170 2345 1230 2377 Θεῷ
1252 2343 1364 2371 Ἰακώϐ.
1374 2343 1405 2369 Οἱ
1421 2339 1653 2376 ἐπιγεγραμμένοι
1670 2338 1724 2365 τῶν
1743 2337 1833 2374 ληνῶν
1842 2337 1913 2372 ψαλ-

1122 2392 1168 2427 μοὶ
1193 2392 1266 2427 τρεῖς
1284 2389 1330 2416 τὸν
1359 2387 1475 2424 ἀριθμὸν
1495 2386 1688 2421 τυγχάνουσιν·
1719 2381 1760 2416 εἷς
1791 2384 1841 2419 μὲν
1861 2382 1910 2409 τοῦ

1120 2437 1211 2469 Δαυῒδ,
1231 2437 1245 2463 ὁ
1261 2436 1364 2470 ὄγδοος,
1394 2430 1434 2465 εἷς
1458 2433 1486 2460 δὲ
1500 2432 1548 2459 τοῦ
1570 2432 1666 2466 Ἀσὰφ,
1684 2432 1698 2457 ὁ
1716 2430 1787 2466 μετὰ
1805 2431 1908 2465 χεῖρας.

1120 2484 1168 2511 καὶ
1186 2483 1240 2510 τῶν
1256 2483 1322 2509 υἱῶν
1334 2481 1407 2517 Κορὲ
1422 2481 1436 2507 ὁ
1452 2484 1478 2507 τι
1495 2480 1542 2506 καὶ
1554 2482 1588 2513 γ’.
1606 2479 1635 2504 '0
1652 2478 1701 2513 μὲν
1717 2474 1764 2503 οὖν
1777 2479 1802 2512 η’
1817 2475 1910 2510 σαφῶς

1120 2529 1175 2556 τῶν
1188 2528 1272 2555 ὲθνῶν
1283 2528 1332 2564 τὴν
1342 2528 1437 2562 κλῆσιν
1453 2525 1603 2557 ὲθέσπιζεν,
1621 2524 1653 2559 ῆν
1668 2522 1706 2558 τῷ
1717 2521 1859 2556 Πνεύματι
1873 2520 1910 2556 τῷ

1122 2573 1187 2609 θείῳ
1216 2571 1435 2608 προθεωροῦντες
1450 2571 1475 2597 οἱ
1497 2569 1544 2596 τοῦ
1563 2568 1632 2595 Θεοῦ
1663 2567 1813 2602 προφῆται,
1827 2567 1910 2601 ὑπερ-

1122 2618 1325 2654 εξεπλήττοντο·
1337 2616 1376 2643 διὸ
1390 2616 1437 2643 καὶ
1444 2610 1692 2651 ἀποθαυμαστικῶς
1701 2612 1857 2647 ἀνεφὼνουν
1865 2611 1894 2637 τό
1901 2618 1908 2625 ·

1120 2664 1208 2698 Κύριε
1226 2665 1242 2691 ό
1258 2663 1329 2696 Θεὸς
1348 2662 1442 2697 ἡμῶν,
1457 2663 1497 2695 ὠς
1515 2661 1689 2695 θαυμαστὸν
1702 2660 1735 2685 τὸ
1749 2657 1842 2693 ὄνομά
1854 2665 1909 2684 σου

1120 2709 1154 2735 ὲν
1167 2708 1250 2743 πάσῃ
1260 2708 1298 2742 τῇ
1311 2707 1349 2744 γῇ
1357 2708 1367 2734 !
1379 2707 1434 2734 Καὶ
1447 2708 1461 2733 ὁ
1472 2709 1495 2740 γ’
1507 2706 1536 2732 δὲ
1550 2706 1597 2733 καὶ
1607 2708 1633 2731 π’
1646 2704 1730 2731 πολλὰ
1743 2702 1910 2738 σκηνώματα

1119 2755 1167 2781 καὶ
1182 2754 1265 2781 πολλὰ
1276 2754 1455 2789 θυσιαστήρια
1471 2753 1518 2780 καὶ
1532 2751 1633 2782 πολλὰς
1654 2749 1738 2781 αὐλὰς
1767 2747 1906 2783 προεώρα·

1120 2799 1220 2836 δηλαδὴ
1229 2798 1278 2832 τὰς
1295 2800 1355 2827 καθ’
1364 2800 1426 2836 ὅλης
1440 2799 1489 2834 τῆς
1503 2797 1664 2833 οἰκουμένης
1682 2795 1845 2830 Ἑκκλησίας
1860 2791 1908 2821 τοῦ
