2024 3214
133 139 186 169 969

693 134 945 165 COMMENTABIA
963 135 997 164 IN
1013 134 1182 165 1’SALHOS.
1245 122 1306 166 τοο

1698 135 1751 163 970

134 195 213 229 Θεοῦ,
241 204 289 223 και
310 202 345 223 τα
373 203 402 223 εν
424 196 518 228 αὐταῖς
538 195 621 223 πολλὰ
643 195 841 231 θυτιαστήρια”
854 195 873 223 ἃ
885 195 917 231 δὴ

979 202 1022 229 [ue
1042 194 1070 224 in
1085 194 1140 223 illis
1156 195 1225 222 bene
1242 199 1346 222 multa:
1366 202 1427 230 quia
1446 195 1489 222 his
1503 193 1595 222 verbis
1607 193 1727 222 declarat
1741 201 1752 222 :

136 242 255 278 παρίστη
267 241 355 276 ’λέγων
368 250 374 255 ·
397 241 445 275 Ὧς
457 242 593 277 ἀγαπητὰ
612 241 647 268 τὰ
658 241 838 276 σκηνώματά
853 249 921 274 σου,

137 289 224 322 Κύριε
248 288 307 314 τῶν
335 287 509 322 δυνάμεωνέ
524 289 570 315 καὶ
591 286 684 319 αὖθις·
708 288 858 315 Ἑπικοθεῖ
873 287 922 314 καὶ

137 333 269 361 susum
279 333 298 366 ἡ
312 333 396 367 ψυχή
409 343 467 368 μου
481 334 524 366 εἰς
543 333 595 366 τὰς
616 334 712 366 αὐλὰς
725 334 777 360 τοῦ
793 334 902 368 Κυρίου
913 342 921 349 ·

138 379 184 405 καὶ
198 378 263 413 ἑξῆς
276 387 282 393 ·
303 379 340 405 Τὰ
361 378 559 413 θυσιαστήριά
580 387 649 411 σου,
666 380 754 413 Κύριε
767 379 826 405 τῶν
838 379 924 406 δυνά-

134 433 223 460 μεων.
246 425 275 450 'U
296 424 324 450 δὲ
347 424 414 460 μετὰ
428 426 520 460 χεῖρας
535 425 638 460 ἑτέροις
655 425 704 460 μὲν
728 424 857 460 ἀγαλλιᾷν
877 425 923 451 καὶ

124 470 281 503 ’ἀλαλάζειν
305 471 352 497 καὶ
371 470 482 505 ψάλλειν
498 470 720 506 παρακελεύεται,
739 470 786 497 τοῦ
808 470 836 497 δὲ
857 471 923 496 Ἰου-

134 517 218 544 δαίων
245 517 338 548 ἔθνους
363 517 413 552 τὴν
441 516 575 552 ἀποϐολὴν
590 517 636 543 καὶ
655 516 702 552 τὴν
719 517 823 552 ταύτης
836 517 924 543 αἰτίαν

138 563 295 599 παρίστησι,
320 563 367 589 καὶ
380 563 470 598 σφόδρ’
494 563 645 595 ἀκολούθως
667 565 726 595 ταῖς
746 563 790 589 διὰ
805 563 859 589 τῶν
875 562 924 597 ἐμ-

136 608 255 644 προσθεν
270 608 457 645 προφητείαις.
477 608 584 643 Ἐπειδὴ
599 608 652 644 γὰρ
670 609 698 635 ὲν
710 609 749 643 τῷ
765 609 817 644 πρδ
829 608 923 635 τούτου

135 654 230 691 ἠρώτα
243 654 339 689 λέγων·
362 654 421 681 Ἵνα
443 655 471 681 τί
485 654 619 688 καθεῖλες
640 655 692 681 τὸν
716 655 851 690 φραγμὸν
870 655 924 681 αὺ-

137 700 201 735 τῆς,
218 700 267 727 καὶ
280 700 428 735 τρυγῶσιν
439 700 536 735 αὐτὴν
551 701 662 734 πάντες
681 702 708 727 οἱ
722 701 925 735 παραπορευό-

135 755 220 782 μενοι
236 746 293 780 τὴν
305 746 391 779 ὀδὸν;
408 747 546 774 ὲπιλύεται
562 748 610 783 τὴν
627 747 806 783 ἐπα-πόρῃσιν,
820 747 863 773 διὰ
877 746 923 773 τοῦ

138 793 210 828 μετὰ
224 794 318 828 χεῖρας
333 793 444 827 φάσκων
454 801 460 807 ·
475 794 509 819 El
522 794 538 820 ὀ
562 793 636 825 λαός
651 802 710 827 μου
726 792 840 828 ἤκουσέ
853 801 923 827 μου,

144 838 265 872 Ἰσραὴλ
286 840 312 865 εὶ
332 838 396 871 ταῖς
413 838 492 872 ὁδοῖς
505 847 565 873 μου
590 839 733 873 ἐπορεύθη
744 848 750 854 ·
764 840 798 865 ἐν
811 839 851 871 τῷ
866 847 924 872 μη-

136 866 202 910 δενῖὶ
223 866 294 915 τοὺς
309 866 434 917 ἐχθροὺς
450 866 546 910 αἰῖτέὖν
558 866 744 911 ἑταπέίνωσα
755 893 761 898 ·
774 884 820 910 καὶ
836 866 927 910 ,ὲέιλὲ-
941 866 962 893 Β

138 936 198 962 γει·
215 929 270 955 Καὶ
281 929 334 955 οὐκ
342 928 474 962 ἤκουσεν
487 930 503 955 ὁ
516 930 591 962 λαός
602 939 660 963 μου
675 929 731 964 τῆς
745 929 845 964 φωνῆς
855 938 924 964 μου,

138 973 189 1000 καὶ
210 973 330 1008 Ἰσραὴλ
349 974 383 1000 οὐ
403 973 555 1008 προσέσχε
572 983 632 1009 μοι.
651 974 707 1001 Καὶ
729 975 926 1007 ἐξαπέστειλα

138 1019 250 1052 αὐτοὺς
266 1020 341 1046 κατὰ
363 1018 398 1045 τὰ
413 1019 629 1054 ἐπιτηδεύματα
653 1020 711 1046 τῶν
736 1020 863 1054 καρδιῶν
878 1022 927 1047 αὺ-

138 1063 209 1095 «Iw,
228 1064 427 1097 πορεύσονται
443 1063 478 1089 ἐν
490 1064 552 1096 τοῖς
566 1063 799 1098 ἐπιτηδεύμασιν
817 1063 925 1090 αὐτῶν.

143 1108 221 1135 Ἐπεὶ
231 1108 319 1134 τοίνυν
340 1109 370 1135 τὸ
387 1109 500 1145 ἀνήκοον
516 1109 562 1135 καὶ
579 1108 610 1134 τὸ
631 1108 742 1140 ἀπειθὲς
757 1108 845 1134 αὐτῶν
858 1116 927 1143 παρ-

143 1154 241 1189 ίστησι,
264 1154 424 1190 μεταϐάλλει
445 1154 490 1181 τὸν
506 1154 583 1188 λόγον
600 1155 721 1186 εἰκότως,
740 1154 786 1180 καὶ
801 1154 851 1189 τὴν
873 1154 927 1180 τῶν

140 1199 225 1226 ἐθνῶν
256 1200 351 1234 κλῆσιν
380 1199 582 1234 εὐαγγελὶξεται
609 1199 640 1226 τὸ
665 1198 775 1234 Πνεῦμα
790 1199 820 1225 τὺ
840 1199 926 1233 ἆγιον,

140 1245 224 1270 πᾶσιν
250 1243 404 1279 ἀνθρώποις
434 1243 609 1279 προσφωνοῦν
637 1244 683 1270 καὶ
707 1243 799 1277 λέγον
830 1244 928 1278 Ἀταλ-

141 1289 248 1317 λιᾶονθε
270 1290 309 1322 τῷ
330 1289 390 1322 Θεῷ
406 1289 446 1321 τῷ
465 1289 567 1323 ,ϐοηθῷ
587 1289 679 1324 ἡμῶν.
698 1290 778 1324 Λέγει
801 1290 829 1316 δὲ
843 1291 927 1317 ταῦτα

140 1336 175 1362 ἐκ
187 1335 332 1371 προσώπου
346 1335 392 1362 τοῦ
404 1335 482 1371 χοροῦ
494 1335 541 1362 τοῦ
558 1336 737 1371 προφητικοῦ.
763 1336 805 1367 Ὡς
825 1336 878 1372 γὰρ
899 1338 927 1363 ἐν

141 1379 179 1415 τῷ
195 1383 220 1415 η’
243 1379 331 1414 ἐλεγε’
347 1380 434 1413 Κύριε
448 1381 465 1406 ό
478 1380 583 1413 Κύριος
597 1379 690 1414 ἡμῶν,
710 1379 927 1414 ὶδιοποιουμένων

143 1427 187 1453 τδν
198 1427 266 1453 Θεὸν
278 1426 334 1453 τῶν
349 1426 435 1453 ταῦτα
448 1425 590 1460 λεγόντων,
602 1425 645 1451 διὰ
660 1425 690 1451 τὸ
706 1424 820 1461 πρώτων
838 1424 927 1451 αὐτῶν

141 1472 281 1506 γεγονέναι
297 1471 341 1498 τὸν
357 1471 421 1498 Θεόν
431 1480 437 1486 ·
454 1471 524 1498 οὕτω
539 1472 585 1497 καὶ
601 1471 716 1497 ἐνταῦθα
730 1471 754 1496 οἱ
766 1471 852 1503 αὐτοὶ,
864 1472 927 1503 τοὺς

142 1517 364 1553 ἁπεξενωμὲνους
373 1518 419 1544 καὶ
428 1517 581 1553 ἀλλοτρίους
592 1517 816 1552 ἀνακαλούμενοι,
834 1516 926 1551 φασίν·

142 1561 177 1590 Ὦ
189 1561 277 1596 οὗτοι,
303 1563 510 1596 καταλείποντες
534 1564 596 1595 τοὺς
615 1562 829 1598 πεπλανημένως
851 1571 927 1597 νομι-

142 1610 272 1646 ζομένους
300 1610 363 1645 ὑμῖν
386 1609 473 1641 θεοὺς,
505 1609 587 1644 ἥκετε
612 1609 771 1640 σπεύδοντες
793 1609 861 1645 πρὸς
883 1609 929 1635 τὸν

143 1656 277 1692 ἡμέτερον
299 1656 374 1689 Θεὸν,
401 1655 448 1682 καὶ
473 1655 559 1690 τούτῳ
574 1654 738 1689 ἀγαλλιᾶσθε
760 1654 798 1689 τῷ
815 1655 929 1681 πάντοτε

145 1702 223 1738 ἡμῶν
237 1701 290 1728 τῶν
305 1702 379 1736 αὐτῷ
402 1701 586 1737 ἀνακειμένων
611 1700 701 1736 βοηθῴ
719 1701 865 1735 γενομένῳ.
881 1700 930 1731 Τίς

144 1749 166 1774 δ’
181 1746 215 1784 ἦν
230 1746 316 1780 οὗτος,
332 1748 395 1783 ἑξῆς
419 1748 568 1784 παριστῶσι
588 1747 727 1781 λέγοντες·
752 1746 929 1779 Ἀλαλάξατε

144 1794 184 1826 τῷ
192 1793 255 1827 Θεῷ
263 1794 373 1821 Ἰακώϐ·
389 1794 428 1829 τῷ
446 1794 500 1830 γὰρ
522 1793 606 1820 πάλαι
625 1793 732 1828 ὀφθέντι
748 1793 787 1828 τῷ
802 1793 930 1829 ἡμετέρῳ

143 1840 297 1877 προπάτορι
324 1839 382 1875 Θεῷ
401 1840 532 1872 ἐλθόντες,
552 1840 712 1872 ἁλαλάξατε,
728 1839 799 1866 κατὰ
812 1840 842 1865 τὸ
857 1840 931 1875 εἰρη-

145 1887 225 1922 μένον
237 1888 284 1914 καὶ
295 1889 323 1914 ὲν
339 1887 384 1920 Es“
409 1886 588 1918 Ἁλαλάξατε
608 1886 647 1918 τῷ
665 1885 734 1918 Θεῷ,
748 1885 831 1913 πᾶσα
845 1887 864 1920 ἡ
880 1884 928 1920 γῆ.

144 1933 192 1966 Τις
207 1934 236 1961 δὲ
254 1932 288 1969 ἦν
308 1935 323 1970 ἡ
348 1935 422 1961 πᾶσα
433 1934 467 1968 γῆ
487 1933 634 1967 διασαφεῖὸ
656 1932 750 1959 εἰπών’
772 1932 873 1959 Πάντα
894 1932 931 1959 τὰ

145 1980 226 2015 ἔθνη,
255 1980 419 2015 κροτήσατε
440 1980 555 2014 χεῖρας,
575 1979 745 2012 excedam
760 1979 799 2012 τῷ
819 1978 879 2011 Θεῷ
897 1979 932 2005 ἐν

145 2026 231 2061 φωνῇ
257 2027 471 2062 ἀγαλλιάσεως.
498 2027 560 2058 Τοῖς
576 2025 622 2053 οὖν
648 2027 737 2058 αὐτοῖς
758 2026 804 2053 καὶ
820 2026 864 2052 διὰ
877 2025 931 2051 τῶν

147 2070 215 2104 μετὰ
230 2071 324 2106 χεῖρας
332 2072 486 2106 προσφωνεί
496 2071 583 2104 λέγων
590 2072 603 2097 ὁ
616 2071 694 2107 χορὸς
705 2071 758 2096 τῶν
767 2070 912 2106 προφητῶν
922 2078 929 2085 ·

152 2115 344 2151 Ἀγυλλιᾶσθε
354 2116 393 2149 τῷ
405 2116 467 2149 Θεῷ
477 2116 515 2149 τῷ
524 2116 626 2150 ,βοηθῷ
643 2115 737 2151 ἡμῶν,
760 2115 931 2147 ἀλαλάεατε

146 2160 185 2193 τῷ
199 2161 260 2194 Θεῷ
280 2161 389 2188 Ἰακώϐ.
405 2162 469 2188 Θεὸν
486 2162 513 2188 δὲ
536 2161 631 2188 Ἰακὼὸ
646 2161 694 2187 τὸν
705 2162 819 2196 Σωτῆρα
832 2161 931 2196 σημαί-

974 241 1060 273 Quam
1074 241 1170 268 dilecta
1184 240 1353 267 tabernacula
1367 245 1423 273 tua,
1441 241 1551 268 Domine
1565 240 1709 267 virtutum!
1721 247 1753 267 ac

973 293 1082 313 rursum
1098 295 1105 312 :
1121 285 1320 319 Concupiscitet
1334 285 1421 319 deﬁcit
1440 286 1530 312 anima
1553 293 1612 312 mea
1635 285 1663 312 in
1683 284 1754 311 atria

973 331 1098 363 Domini;
1111 335 1140 360 et
1151 332 1249 359 iterum
1262 331 1385 359 :Altaria
1408 336 1462 362 tua,
1485 331 1593 358 Domine
1614 332 1753 358 virtutum.

972 377 1098 405 Psalmus
1111 385 1177 405 vero
1191 385 1321 412 praesens.
1336 378 1405 405 alios
1420 377 1529 412 quidem
1549 378 1697 410 exsultare,
1710 377 1755 411 ju-

973 424 1061 451 hilare
1074 427 1101 451 et
1127 424 1244 459 psallere
1262 424 1349 459 jubet,
1364 423 1470 451 Iudaici
1487 431 1551 451 vero
1572 424 1663 458 populi
1680 424 1754 458 abjc-

973 470 1090 497 ctionem
1111 469 1225 504 ejusque
1244 477 1354 497 causam
1371 470 1499 499 declarat.
1513 474 1542 497 ct
1554 470 1662 505 quidem
1678 470 1756 497 valde

974 519 1171 549 consequenter
1193 515 1224 542 ad
1243 516 1348 550 priores
1367 515 1535 550 prophetias.
1557 515 1624 542 Nam
1639 516 1702 551 quia
1727 517 1754 544 in

974 559 1135 594 pmcedenti
1148 560 1332 595 interrogabat
1345 560 1442 588 dicens
1458 570 1466 588 :
1487 560 1584 596 Ulquid
1598 561 1756 589 destruxiin

975 606 1117 633 maceriam
1131 607 1198 641 ejus,
1213 611 1237 633 et
1248 607 1407 633 vindemiant
1417 615 1477 634 eam
1494 615 1583 634 omnes
1600 608 1645 642 qui
1654 613 1758 642 pra-ter-

974 652 1129 687 grediuntur
1145 653 1235 680 viam?
1250 652 1294 679 hic
1308 652 1419 679 dubium
1436 653 1517 680 solvit
1536 652 1579 680 his
1598 654 1690 682 verbis
1705 663 1712 681 :
1727 654 1758 681 Si

973 697 1084 731 populus
1098 705 1169 724 meus
1178 697 1295 724 audisset
1306 706 1356 729 me,
1374 697 1459 725 Israel
1473 699 1497 725 si
1512 699 1539 726 in
1556 700 1604 726 viis
1621 701 1685 727 meis
1699 709 1758 726 am-

975 743 1102 775 bulasset,
1117 751 1164 778 pro
1176 743 1257 771 nihilo
1273 744 1394 771 inimicos
1411 752 1504 771 eorum
1515 744 1713 779 humiliassem;
1726 754 1758 773 ac

976 789 1129 824 subiungit:
1143 788 1177 815 Et
1192 797 1243 816 non
1252 789 1352 816 audivit
1362 790 1473 824 populus
1484 798 1555 817 nteus
1565 799 1651 818 vocem
1662 799 1757 824 meam,

975 840 1000 862 et
1018 836 1104 863 Israel
1118 845 1170 863 non
1183 837 1295 864 intendit
1308 837 1382 864 mihi.
1399 837 1434 864 Et
1448 838 1538 865 dimisi
1555 847 1599 866 eos
1615 838 1759 867 secundum

975 880 1109 908 desideria
1133 882 1220 909 cordis
1247 890 1351 915 eorum,
1376 882 1451 909 ibunt
1478 883 1505 910 in
1530 882 1760 911 adinventionibu

977 926 1043 953 suis.
1057 926 1125 959 Quia
1142 927 1223 962 igitur
1239 927 1472 962 inobsequentiam
1486 934 1580 955 eorum
1595 931 1623 955 et
1638 928 1761 955 immori-

976 978 1072 1005 gerum
1096 971 1217 998 animum
1236 972 1368 1004 declarat,
1391 979 1542 1000 sermonem
1559 974 1657 1000 merito
1674 972 1761 1008 Spiri-

977 1021 1022 1044 tus
1039 1021 1153 1045 sanctus
1174 1017 1313 1051 transfert,
1331 1021 1359 1046 et
1379 1018 1498 1053 gentium
1519 1019 1690 1046 vocationem
1710 1028 1760 1047 an-

978 1063 1084 1089 nuntiat
1104 1062 1231 1089 omnibus
1259 1063 1428 1095 hominibus,
1454 1064 1494 1091 sic
1515 1072 1563 1092 eos
1590 1064 1732 1099 alloquens
1752 1074 1759 1092 :

979 1107 1119 1134 Exsultate
1133 1107 1187 1134 Deo
1206 1108 1323 1142 adjutori
1344 1113 1445 1136 nostra.
1463 1109 1520 1137 Hoc
1537 1117 1619 1145 porro
1642 1111 1709 1138 dicit
1727 1119 1760 1138 ex

978 1160 1094 1187 persona
1116 1152 1192 1179 chori
1211 1153 1371 1188 prophetici.
1389 1153 1424 1181 Ut
1437 1156 1509 1182 enim
1527 1155 1554 1183 in
1579 1160 1676 1183 octavo
1689 1156 1761 1190 psal-

979 1205 1023 1225 mo
1035 1197 1140 1225 dicebat
1154 1206 1160 1224 :
1175 1199 1287 1226 Domine
1299 1199 1428 1227 Dominus
1444 1206 1542 1234 nos/er,
1555 1202 1591 1228 ita
1607 1205 1636 1229 ut
1647 1203 1693 1237 qui
1706 1203 1762 1230 hac

979 1243 1110 1276 dicerent,
1130 1243 1215 1271 Deum
1235 1246 1312 1280 quasi
1334 1246 1385 1273 sibi
1409 1247 1548 1281 proprium
1571 1247 1761 1281 praedicarent.

979 1288 1042 1322 quia
1058 1296 1152 1316 eorum
1179 1290 1295 1324 primum
1321 1290 1392 1318 Deus
1409 1292 1514 1325 fuerat;
1531 1294 1570 1319 ita
1589 1296 1616 1320 et
1630 1293 1682 1320 hoc
1703 1294 1763 1321 loco

980 1334 1061 1361 iidem
1077 1342 1136 1365 eos.
1158 1335 1205 1370 qui
1225 1336 1348 1363 extranei
1370 1341 1399 1364 et
1417 1337 1500 1365 alieni
1517 1338 1579 1365 facti
1598 1342 1673 1371 sunt,
1696 1347 1763 1367 evo-

979 1384 1083 1412 cantes,
1091 1380 1186 1408 dicunt
1198 1390 1205 1407 :
1218 1381 1292 1409 licus
1303 1390 1361 1414 vos,
1376 1383 1479 1411 relictis
1487 1384 1523 1411 iis
1534 1392 1604 1420 quos
1613 1393 1707 1413 errore
1715 1386 1763 1413 du-

978 1426 1015 1452 cti
1031 1425 1095 1454 deos
1105 1427 1389 1459 :estimabatis,venite
1400 1428 1559 1458 festinanter
1572 1431 1605 1458 ad
1620 1431 1705 1459 Deum
1714 1439 1765 1458 no—

980 1475 1076 1504 strum,
1087 1473 1193 1508 ipsique
1201 1475 1352 1508 exsultetis,
1361 1476 1407 1510 qui
1420 1483 1527 1511 semper
1538 1477 1618 1504 nobis
1625 1477 1677 1512 ipsi
1685 1478 1763 1505 addi-

980 1518 1032 1545 ctis
1042 1518 1151 1553 adjutor
1163 1519 1223 1546 fuit.
1239 1519 1306 1553 Quis
1315 1528 1396 1555 porro
1410 1521 1454 1549 hic
1463 1521 1555 1554 fuerit,
1563 1522 1661 1550 deinde
1672 1523 1763 1551 decla-

982 1568 1044 1591 rant
1054 1564 1177 1592 dieentes
1188 1574 1194 1591 :
1206 1565 1324 1593 Jabilale
1336 1567 1391 1594 Deo
1405 1567 1488 1595 Iacob
1498 1577 1507 1595 :
1516 1568 1549 1595 ad
1563 1568 1647 1596 Deum
1657 1570 1764 1598 scilicet

979 1610 1026 1646 qui
1038 1611 1104 1638 olim
1118 1615 1197 1640 atavo
1206 1617 1300 1641 nostro
1315 1614 1390 1642 visus
1399 1619 1441 1642 est
1455 1616 1626 1648 accedentes,
1639 1615 1764 1650 jubilate,

980 1657 1129 1685 secundum
1140 1658 1166 1685 id
1175 1659 1248 1694 quod
1256 1659 1340 1687 inuv
1349 1661 1454 1695 psalmo
1462 1661 1563 1689 dictum
1571 1666 1613 1690 est
1622 1663 1763 1696 :Jubilate,

980 1703 1065 1730 omnis
1083 1710 1163 1730 terra.
1192 1704 1259 1737 Quae
1278 1710 1352 1732 esset
1376 1706 1465 1733 omnis
1480 1711 1565 1739 terra,
1580 1707 1699 1742 explicat
1717 1709 1763 1743 qui

980 1749 1038 1775 ait:
1059 1748 1154 1776 Omnes
1170 1754 1269 1783 gentes,
1287 1749 1406 1784 plaudite
1428 1752 1560 1784 manibus,
1581 1753 1699 1787 jubilate
1710 1753 1765 1780 Deo

980 1795 1006 1820 in
1021 1802 1080 1821 voce
1096 1795 1281 1822 exsultationis
1291 1796 1323 1821 ⁸³.
1342 1795 1456 1824 Eosdem
1468 1797 1559 1832 itaque
1574 1798 1647 1833 ipsos
1663 1799 1765 1826 chorus

980 1840 1156 1874 propheticus
1182 1841 1209 1867 in
1227 1843 1351 1875 praesenti
1369 1842 1515 1877 alloquitur
1530 1843 1625 1870 dicens
1639 1852 1646 1871 :
1663 1843 1764 1870 Exsul-

982 1890 1035 1912 tale
1053 1885 1111 1912 Dea
1132 1886 1250 1920 adjutori
1261 1892 1360 1919 nostra,
1377 1887 1491 1921 jubilate
1500 1888 1553 1915 Deo
1566 1888 1659 1916 Iacob.
1679 1888 1763 1916 Deum

981 1939 1045 1958 vero
1061 1931 1145 1958 Iacob
1158 1931 1327 1959 Servatorem
1341 1938 1428 1965 vocat,
1445 1934 1491 1968 qui
1504 1934 1530 1960 in
1544 1933 1631 1961 forma
1646 1934 1765 1962 hominis

979 1977 1084 2004 Jacobo
1096 1978 1171 2005 visus
1184 1981 1237 2011 est,
1255 1977 1364 2012 quando
1382 1981 1489 2006 vocavit
1499 1979 1584 2007 Iacob
1597 1987 1694 2007 nomen
1711 1980 1764 2007 loci

982 2024 1008 2050 in
1024 2031 1078 2057 quo
1096 2023 1173 2051 visus
1188 2024 1239 2058 ipsi
1253 2028 1296 2051 est
1312 2023 1393 2056 Deus,
1410 2025 1528 2059 Speciem
1543 2026 1591 2052 Dei
1606 2034 1616 2052 :
1629 2033 1691 2053 nam
1707 2026 1765 2054 hac

981 2069 1057 2095 addit
1074 2078 1079 2096 :
1097 2069 1159 2096 Vidi
1174 2070 1244 2096 enim
1270 2070 1352 2097 Deum
1372 2070 1439 2105 [acie
1463 2072 1497 2098 ad
1516 2072 1622 2107 faciem,
1641 2076 1667 2099 et
1690 2072 1766 2100 salva

982 2115 1055 2148 ['acla
1071 2120 1110 2141 est
1139 2115 1229 2141 animo
1252 2123 1318 2142 mea.
1347 2114 1417 2143 Huic
1443 2118 1527 2148 enim,
1546 2121 1639 2152 utpote
1649 2117 1696 2152 qui
1717 2125 1766 2144 rex

984 2165 1076 2188 noster
1090 2162 1136 2194 sit,
1150 2162 1268 2197 jubilare
1278 2163 1409 2198 praecipit,
1425 2163 1671 2198 triumphalemque
1688 2163 1767 2198 hym-

147 2215 186 2233 νει
203 2206 248 2233 τὸν
272 2207 300 2233 ὲν
328 2206 470 2242 ἀνθρώπου
498 2208 615 2242 σχήματι
627 2206 745 2240 ὀφθέντα
766 2206 805 2241 τῷ
816 2205 927 2232 Ίακώὸι

983 2214 1046 2233 num
1078 2207 1128 2242 ipsi
1151 2208 1287 2235 emittere.
1311 2208 1453 2241 Quomodo
1468 2213 1558 2236 alitem
1578 2217 1624 2236 rex
1649 2217 1664 2235 a
1685 2207 1766 2236 Patre

147 2252 190 2278 ὅτε
221 2252 268 2278 καὶ
291 2252 403 2278 ἐκάλεσε
434 2252 529 2279 Ἰακὼό
552 2252 582 2279 τὺ
604 2252 687 2287 ὄνομα
705 2251 751 2278 τοῦ
765 2252 846 2277 τόπου
865 2251 894 2277 ὲν
907 2248 930 2284 ᾦ

147 2297 225 2334 ὤφθη
238 2298 312 2333 αὐτῷ
325 2300 339 2326 ὁ
348 2298 422 2331 Θεὸς,
431 2297 519 2331 Εἶδος
532 2298 616 2332 Θεοῦ,
630 2298 750 2325 ἐπειπών
760 2307 766 2312 ·
779 2298 868 2325 Εἶδον
876 2296 929 2332 γὰρ

149 2344 223 2372 Θεὸν
236 2345 397 2379 πρόσωπον
411 2344 487 2379 πρὸς
507 2345 677 2379 πρόσωπον,
696 2344 745 2371 καὶ
758 2343 854 2377 ἐσώθη
869 2352 928 2378 μου

148 2390 168 2424 ἡ
185 2390 281 2425 ψυχή.
299 2390 391 2426 Τούτῳ
417 2389 473 2423 οὖν,
488 2391 525 2422 ὡς
544 2390 577 2417 ἂν
596 2390 668 2425 αὐτῷ
692 2390 748 2416 ὄντι
768 2389 806 2424 τῷ
827 2389 931 2424 βασιλεῖ

147 2436 236 2472 ἡμῶν,
250 2436 392 2468 ἀλαλάζειν
413 2437 584 2472 προστάττει,
603 2437 757 2471 νικητήριον
771 2436 852 2471 ὕμνον
867 2437 931 2462 ἁνα-

149 2481 306 2517 πέμποντας
320 2481 403 2517 αὐτῷ.
423 2482 515 2514 Ὅπως
535 2482 564 2508 δὲ
591 2481 715 2516 βασιλεὺς
732 2481 784 2507 ὐπδ
807 2480 854 2507 τοῦ
880 2480 931 2506 Πα-

148 2528 211 2563 τρδς
236 2527 407 2560 καθίσταται,
427 2528 508 2559 αὐτὸς
534 2528 652 2555 διδάσκει
678 2528 778 2561 λέγων·
804 2527 874 2561 Ἐγὼ
897 2526 931 2553 δὲ

150 2574 335 2608 ωτεστάθην
343 2574 492 2607 ,βασιλεὺς
504 2575 553 2601 ὑπ’
567 2574 659 2602 αὑτοῦ
671 2574 720 2600 ἐπὶ
731 2575 807 2601 Σιὼν
818 2574 885 2607 ὅρος
897 2574 930 2600 τὸ

150 2619 233 2655 ἄτιον
252 2620 355 2647 αὑτοῦ.
371 2620 407 2647 υὺ
425 2620 503 2655 μόνον
515 2620 543 2646 δὲ
554 2620 695 2652 ἀλαλάζειν
702 2620 741 2655 τῷ
755 2619 813 2655 Θεῷ
835 2620 931 2646 Ἰακὼὸ

151 2666 273 2700 βούλεται
288 2667 350 2698 τοὺς
367 2666 559 2701 κεκλημένους,
570 2666 637 2693 ἀλλὰ
649 2667 695 2693 καὶ
711 2666 857 2702 λαμσάνειν
865 2666 931 2701 ψαλ-

153 2712 200 2746 μὺν
224 2713 271 2738 καὶ
290 2712 387 2738 διδόναι
410 2712 558 2747 τύμπανον,
581 2712 627 2738 καὶ
649 2711 797 2747 ψαλτήριον
817 2712 931 2747 τερπνὴν

153 2758 220 2792 μετὰ
234 2757 357 2793 κιθάρας.
375 2758 452 2784 Κατὰ
466 2757 493 2783 δε
507 2757 551 2783 τὸν
574 2757 697 2784 Ἀκύλαν*
715 2759 826 2791 Ἄρατε,
852 2758 929 2791 φησὶ,

186 2846 210 2862 ⁸³
228 2845 301 2874 Psal.
317 2853 395 2874 ιινι.
413 2845 441 2872 2.

332 2890 467 2920 Ριτιιοι.
483 2890 542 2921 Gn.
566 2890 684 2922 XXIII.

984 2254 1176 2286 constituatur,
1196 2255 1253 2289 ipse
1282 2254 1363 2282 docet
1388 2255 1431 2282 his
1457 2255 1548 2282 verbis
1570 2264 1577 2282 :
1599 2255 1656 2289 Ego
1677 2259 1765 2281 autem

983 2300 1141 2326 constitutus
1151 2308 1209 2326 sum
1223 2308 1269 2327 rex
1281 2300 1314 2327 ab
1328 2309 1358 2328 eo
1368 2308 1445 2334 super
1452 2300 1514 2328 Sion
1523 2304 1635 2327 montem
1644 2304 1766 2327 sanctum

983 2345 1050 2379 ejus.
1063 2345 1121 2372 Non
1132 2346 1218 2373 solum
1234 2351 1323 2373 autem
1337 2347 1394 2373 vult
1405 2346 1637 2380 vocatosjubilare
1654 2345 1709 2373 Deo
1719 2345 1767 2373 Ja-

982 2391 1046 2423 cob,
1057 2391 1103 2418 sed
1121 2393 1203 2419 etiam
1212 2393 1336 2427 accipere
1343 2392 1476 2427 psalmum
1485 2395 1512 2419 et
1522 2391 1587 2419 dare
1595 2395 1766 2427 tympanum,

983 2441 1010 2463 et
1036 2438 1194 2471 psalterium
1216 2438 1367 2474 jucundum
1391 2446 1453 2465 cum
1474 2437 1588 2465 cithara.
1608 2437 1766 2466 Secundum

984 2482 1108 2517 Aquilam
1121 2491 1184 2511 vero
1195 2494 1200 2510 ε
1213 2484 1315 2517 Levate,
1328 2484 1429 2519 inquit,
1439 2483 1580 2511 melodiam
1594 2488 1620 2511 et
1631 2484 1692 2511 date
1700 2489 1767 2520 tym«

985 2535 1093 2562 panum,
1117 2528 1247 2556 citharam
1263 2529 1393 2556 decentem
1406 2536 1466 2555 cum
1492 2528 1589 2560 nabla;
1614 2530 1765 2557 secundum

985 2573 1177 2609 Symmachum
1204 2579 1292 2602 autem
1314 2574 1469 2609 :Suscipite
1492 2575 1642 2607 canticum,
1665 2580 1689 2602 et
1705 2574 1766 2601 date

985 2625 1148 2655 tympanum,
1165 2621 1249 2655 lyram
1263 2620 1365 2647 dulcem
1380 2629 1440 2647 cum
1455 2620 1545 2648 nabla.
1560 2620 1670 2656 Aliquid
1685 2621 1766 2656 igitur

985 2666 1118 2700 accipere,
1134 2665 1235 2700 aliquid
1250 2666 1398 2693 retribuere
1412 2666 1550 2700 praecipit;
1567 2666 1692 2701 accipere
1706 2668 1767 2699 qui-

985 2713 1056 2745 dem,
1077 2712 1225 2740 secundum
1265 2713 1402 2747 Aquilam,
1421 2713 1585 2745 melodiam;
1615 2713 1763 2740 secundum

986 2758 1178 2792 Symmachum
1206 2766 1287 2792 vero,
1312 2760 1468 2787 canticum:
1498 2759 1648 2787 retribuere
1675 2763 1764 2785 autem

1550 2893 1586 2921 31
