2024 3214
155 143 205 171 975

712 146 963 175 COMMENTARIA
984 148 1016 175 IN
1035 148 1202 176 PSALMOS.

1278 161 1303 193 ς
1318 158 1335 179 t>
1718 154 1771 182 οτι

154 202 245 237 τήριος
264 201 412 238 παρίστησι
441 202 609 230 διδασκαλία.
630 202 677 231 ‘Ex
706 205 758 233 τῶν
772 205 874 241 ταύτης
904 206 1045 243 τοιγαροῦν
1063 207 1211 243 κλημάτων
1231 207 1404 236 διαδοθέντων
1419 210 1480 237 καθ’
1501 210 1566 247 ὅλης
1586 220 1633 248 της
1647 214 1773 249 οἰκουμέ-
1811 232 1813 238 ι

153 255 201 282 νης
227 247 392 283 συνέστησαν
409 248 584 283 ἀμπελῶνες·
604 250 651 276 καὶ
674 251 776 278 τούτων
790 252 814 277 οἱ
839 253 940 288 καρποὶ
959 253 1069 281 κατὰτὸ
1097 255 1163 281 αὐτὸ
1196 255 1412 291 συναγόμενοιὲν
1424 259 1484 289 ταῖς
1502 259 1565 286 καθ’
1581 259 1644 296 ὅλης
1669 261 1718 297 τῆς
1737 263 1776 289 οἰ-

154 293 288 329 κουμένης
298 294 455 330 ἐκκλησίαις
477 295 543 322 πολὺ
558 296 659 332 πλῆθος
676 297 878 334 ἀπειργάσαντο
892 300 993 336 ληνῶν·
1010 297 1046 328 ὧν
1059 301 1139 327 ἕνεκα
1170 300 1213 327 διὰ
1233 301 1280 328 τοῦ
1301 302 1378 335 ἁγίου
1399 303 1555 339 Πνεύματος
1568 306 1594 331 οἱ
1610 293 1776 342 Tanaim“

154 338 254 375 ψαλμοὶ
272 341 445 376 προφητικῶς
459 342 679 378 ἁνεφωνήθησαν.

189 398 361 424 Σαλπίσατε
373 397 407 424 ἐν
428 400 570 434 νεομηνία
588 400 740 437 σάλπιγγι,
761 403 795 430 ἐν
816 404 938 440 εὺσήμῳ

1026 404 1108 433 Vens.
1126 405 1152 432 ιι.
1167 405 1308 433 Ruccmale
1330 414 1358 432 tn
1383 408 1519 434 neomenia
1533 407 1607 440 tuba,
1625 409 1652 436 in
1678 410 1775 445 insigni

155 442 250 478 ἡμέρᾳ
259 443 365 478 ἑορτῆς
377 444 468 478 ὑμῶν.
487 446 593 472 Ἐκάλει
607 447 656 480 μὲν
669 449 682 474 ὁ
699 448 776 483 λόγος
792 450 939 486 ἀρχόμενος

153 487 201 515 ἐπὶ
214 487 388 523 ὰγαλλίασιν·
409 489 570 526 προσέταττε
582 492 610 518 δὲ
626 492 768 524 ἀλαλάζειν
779 513 786 525 ,
803 496 940 523 τουτέστιν

154 533 239 570 ὕμνον
273 535 405 563 ἐπινίκιον
439 537 612 572 ἀναπέμπειν
640 539 678 574 τῷ
705 540 851 575 δηλωθέντι
882 542 940 578 Θεῷ

159 579 271 606 Ἰακώϐ·
288 578 346 607 εἶτα
365 581 462 615 λόγους
487 582 691 617 διδασκαλικοὺς
716 586 941 621 παραλαμϐάνον-

152 632 212 656 τας,
227 625 317 661 ἔργοις
331 626 441 658 τούτους
451 628 624 664 ἀποπληροῦν
637 639 643 646 ·
660 630 806 666 πληρωτὰς
823 632 851 659 δὲ
866 641 941 666 γενο-

154 670 252 706 μένους
267 671 321 697 τῶν
332 671 430 706 ἔργων,
444 672 493 708 ἤδη
505 672 597 700 λοιπὸν
610 675 657 700 καὶ
668 675 707 706 εἰς
722 676 824 708 πάντας
838 677 942 712 ἀνθρώ-

154 723 222 747 πους
247 715 392 752 κηρύττειν
411 716 457 743 καὶ
476 716 616 749 σαλπίζειν
628 738 636 750 ,
657 718 762 755 ὲξηχεῖν
779 729 808 746 τε
834 721 881 746 καὶ
899 721 941 753 ἐξ·

153 760 285 788 ἀκουστον
305 764 360 794 τοῖς
376 763 444 789 πᾶσι
455 765 541 790 ποιεῖν
550 764 581 791 τὸ
596 765 770 799 Εὑαγγέλιον·
788 765 881 803 ὥσπερ
895 765 941 794 οὖν

154 807 200 834 καὶ
214 808 229 834 ό
248 808 342 843 Σωτὴρ
355 809 552 844 παρεκελεύετο
575 810 661 845 λέγων
677 813 733 843 τοῖς
753 813 835 839 αὐτοῦ
855 814 941 850 μαθη-

152 855 213 885 ταῖς
224 862 231 869 ·
251 855 282 880 Ὅ
293 856 336 887 είς
353 854 385 881 τὸ
404 853 458 888 οὖς
476 856 616 888 ἀκούετε,
638 859 807 892 κηρύσσετε
822 859 942 887 ἐπὶτῶν

152 899 305 935 δωμάτων.
323 901 368 928 Διὸ
381 901 503 928 λέλεκται
514 904 569 935 τοῖς
581 903 614 930 τὰ
629 904 725 941 πρῶτα
736 906 938 942 κατωρθωκὸσι·

154 947 336 974 Σαλπίσατε.
355 948 416 978 Πῶς
442 948 470 975 δὲ
493 949 591 981 αὐτοὺς
615 950 738 985 βούλεται
760 952 939 988 σαλπίζειν,ῆ

153 993 191 1024 ὼς
211 993 355 1026 ὲσάλπιζον
373 993 455 1020 πάλαι
475 995 606 1030 πρότερον
621 996 645 1022 οἱ
662 996 710 1028 τὰς
721 998 827 1030 εἰκόνας
850 999 939 1025 ἐπιτε-

154 1038 274 1072 λοῦντες,
289 1039 337 1066 καὶ
351 1039 385 1067 τὰ
403 1039 525 1075 σύμϐολα
549 1042 668 1075 καὶτοὺς
682 1043 784 1075 τύπους
803 1045 856 1071 τῶν
875 1045 940 1081 άλη-

155 1083 224 1117 θῶν;
239 1085 398 1117 Ἐσάλπιζον
421 1086 449 1112 δὲ
474 1087 572 1113 ἐκεῖνοι
592 1088 621 1114 ἐν
636 1089 767 1125 νεομηνίᾳ
789 1090 836 1117 καὶ
849 1091 879 1117 ὲν
895 1092 940 1118 εὐ-
957 1077 977 1106 Β

156 1130 235 1165 σήμῳ
245 1131 335 1167 ἡμέρᾳ
348 1131 454 1167 ἑορτῆς.
471 1132 526 1159 Καὶ
551 1132 622 1159 τοῦτ’
643 1133 776 1170 ἔπραττον
800 1137 869 1163 κατὰ
897 1138 941 1164 τὸν

155 1175 267 1212 ἕϐδομον
290 1177 371 1213 μῆνα,
399 1180 427 1205 ὲν
451 1176 473 1212 ᾧ
494 1179 695 1215 συνερχόμενοι,
711 1182 759 1216 τὴν
775 1182 869 1219 ἑορτὴν
888 1184 942 1210 τῶν

155 1221 314 1258 Σαλπΐγγων
329 1224 481 1256 ἐπετέλουν,
494 1224 566 1258 ἅπαξ
578 1225 622 1252 τοῦ
631 1226 755 1254 ἐνιαυτοῦ
767 1228 846 1256 τοῦτο
856 1229 942 1265 πράτ-

154 1277 254 1302 τοντες.
273 1272 354 1306 Λέγει
368 1273 389 1299 δ’
407 1271 453 1300 οὖν
470 1275 485 1310 ἡ
499 1276 591 1311 γραφὴ
601 1276 646 1303 τοῦ
658 1277 740 1312 νόμου
752 1286 759 1292 ·
774 1277 828 1305 Τοῦ
844 1278 940 1313 μηνὸς

156 1316 207 1344 τοῦ
220 1317 355 1352 ἑϐδόμου,
366 1319 422 1354 μιᾷ
431 1321 484 1348 τοῦ
496 1322 601 1356 μηνὸς,
619 1322 705 1349 ἔσται
723 1323 794 1358 ὑμῖν
806 1324 941 1351 ἀνάπαυ-

154 1370 214 1396 σις,
227 1365 426 1398 μνημόσυνον
440 1368 625 1403 camp/Tur
647 1369 742 1404 κλητὴ
764 1370 833 1404 ἁγία
855 1370 941 1398 ἔσται

155 1409 234 1443 ὑμῖν.
259 1409 351 1442 Οὕτως
377 1409 422 1437 οὖν
448 1411 541 1449 ὥσπερ
570 1413 600 1440 ἐν
625 1415 798 1452 τῇνεομηνίᾳ
819 1418 852 1452 τῇ
880 1417 940 1443 τότε

155 1455 309 1488 ὲσάλπιζον,
331 1456 453 1491 βούλεται
469 1459 515 1485 καὶ
529 1459 578 1486 νῦν
592 1460 655 1491 τοὺς
670 1461 854 1496 κεκλημένους
874 1463 939 1490 σαλ-

155 1500 252 1533 πίζειν.
266 1500 320 1528 Ἦν
331 1502 360 1529 δὲ
373 1504 490 1539 ὴήμέρα
502 1505 614 1541 ἐκείνηή
626 1507 675 1541 τῆς
692 1507 787 1543 ἑορτῆς
804 1508 856 1534 τῶν
871 1509 938 1535 Σαλ-

156 1545 262 1580 πῖγγων
282 1546 399 1582 εὔσημος
415 1548 521 1584 ἡμέρα·
543 1549 616 1583 λέγει
639 1550 661 1576 δ’
682 1549 729 1577 οὖν
749 1552 852 1587 Μωσῆς
875 1553 939 1588 περὶ

155 1592 241 1627 αὐτῆς
250 1601 256 1607 ·
273 1591 338 1620 Πᾶν
354 1593 443 1628 ἔργον
456 1596 622 1629 λατρευτόν
634 1597 669 1623 οὺ
682 1596 833 1631 ποιήσετε.
859 1598 939 1634 Ἡμέ-

150 1645 191 1671 pa
202 1637 356 1671 σημασίας
368 1637 453 1665 ἔσται
464 1639 543 1674 ὑμῖν.
555 1641 600 1667 Διὸ
612 1642 658 1668 καὶ
672 1642 787 1670 ἐνταῦθα
797 1643 920 1671 λέλεκται
930 1653 938 1660 ·

160 1683 208 1709 Ἐν
223 1683 346 1718 εὐσήμφ
361 1683 456 1719 ’ἡμέρῃ
481 1686 587 1720 ἑορτῆς
608 1687 699 1721 ὑμῶν.
722 1686 775 1715 Ἦν
785 1687 831 1715 οὖν
848 1690 940 1726 ἡμέρα,

154 1728 275 1766 εὔσημος
302 1730 349 1757 καὶ
373 1731 452 1767 ἐορτὴ
481 1732 587 1765 οὺδενὺς
611 1734 705 1770 ἑτέρου
725 1735 741 1771 ἦ
763 1736 936 1771 σαλπίγγων“
952 1749 973 1778 C

155 1775 231 1803 ἐνθεν
245 1776 293 1803 καὶ
304 1776 465 1811 Σαλπίγγων
475 1778 555 1814 ἑορτὴ
569 1779 693 1815 κέκλητο.
706 1781 795 1816 Τριῶν
808 1782 837 1808 δὲ
853 1782 940 1810 οὐσῶν

155 1822 256 1858 ἑορτῶν
272 1823 344 1850 κατὰ
358 1824 405 1850 τὸν
428 1825 508 1851 αὐτὸν
528 1825 615 1861 μῆνα·
633 1826 744 1863 πρώτης
760 1828 809 1863 μὲν
822 1829 871 1863 τῆς
886 1829 940 1856 τῶν

156 1867 316 1903 Σαλπίγγων
335 1870 364 1895 ὲν
389 1871 421 1905 τῇ
439 1871 569 1907 νεομηνία
593 1873 803 1908 συντελουμένης
815 1883 821 1889 ·
844 1875 940 1910 ἑτέρας

155 1913 182 1941 δὲ
195 1915 244 1950 τῆς
258 1915 305 1942 τοῦ
324 1915 448 1951 Ἰλασμοῠ
465 1918 493 1944 ὲν
508 1918 661 1959 τῇιδεκάτῃ
678 1920 768 1956 ἡμέρᾳ
787 1921 831 1947 τοῦ
856 1922 940 1956 μηνὸς

155 1959 328 1995 γιγνομένης·
348 1960 394 1987 καὶ
410 1961 504 1996 τρίτης
517 1962 566 1997 τῆς
581 1963 635 1989 τῶν
650 1964 761 1999 Σκηνῶν
771 1973 777 1980 ·
797 1965 880 2001 μόνην
890 1966 939 2000 τὴν

154 2003 208 2030 τῶν
228 2003 389 2039 Σαλπίγγων
406 2006 546 2041 μιμεῖσθαι
566 2008 670 2035 κελεύει
686 2010 796 2044 φάσκων
807 2019 813 2025 ·
830 2009 941 2038 Σαζίπί-

155 2056 228 2075 σατε
240 2049 275 2075 ἐν
295 2051 437 2084 νεομηνία
454 2051 611 2087 σάλπιγγιυ
631 2055 795 2090 σαφέστερον
812 2056 840 2082 δὲ
855 2056 940 2088 οὕτως

156 2093 188 2121 ἂν
203 2093 288 2121 εἶπεν.
301 2096 405 2131 Ὥσπερ
420 2097 449 2123 ὲν
465 2099 496 2134 τῇ
508 2100 638 2136 νεομηνία
651 2101 795 2134 ἐσάλπιςόν
814 2112 878 2129 ποτε
892 2112 939 2129 πε-

156 2140 325 2176 ριτρέχοντες
338 2142 427 2169 πάντα
441 2143 521 2170 τόπον
535 2146 575 2177 εἰς
591 2146 621 2172 τὸ
636 2147 756 2182 σημῆναι
769 2148 818 2184 τὴν
832 2148 938 2184 ἑορτὴν,

154 2185 199 2212 τὸν
213 2186 292 2213 αὑτὸν
308 2187 407 2222 τρόπον
423 2188 470 2214 καὶ
486 2189 575 2224 ὑμεῖς,
590 2188 630 2222 οἷς
640 2192 654 2217 ό
670 2191 746 2225 λόγος
766 2193 938 2228 προστάττει,

155 2233 334 2260 σαλπίσατε.
352 2233 479 2261 Βούλεται
500 2235 528 2261 δὲ
546 2237 608 2267 τοὺς
632 2237 755 2272 κήρυκας
779 2237 832 2265 τῶν
856 2238 940 2266 ἐθνῶν

157 2277 193 2313 μὴ
205 2279 265 2310 ταῖς
274 2277 380 2310 λοιπαῖς
394 2280 538 2314 προσέχειν
553 2281 710 2313 Ἰουδαῖκαῖς
722 2283 939 2319 παρατηρήσεσι,

158 2323 230 2359 μόνῳ
247 2324 275 2351 δὲ
288 2325 406 2360 χρῆσθαι
430 2325 468 2360 τῷ
487 2327 662 2362 κηρύγματι,
681 2328 727 2354 καὶ
746 2329 884 2362 σαλπίζειν
900 2332 940 2362 εἰς

157 2368 279 2401 ἅπαντας
301 2371 460 2407 ἀνθρώπους
482 2372 526 2398 τὸν
547 2373 677 2409 σωτήριον
697 2374 742 2400 καὶ
765 2375 940 2410 εὖαγγελικὸν

991 449 1033 477 die
1046 451 1220 478 solenmitatt's
1234 457 1335 479 vestrm.
1359 451 1416 479 Sub
1435 452 1542 479 initium
1558 454 1666 489 quidem
1684 463 1775 483 sermo

991 496 1025 523 ad
1041 497 1250 524 exsultationem
1266 498 1392 529 vocabat,
1409 505 1441 525 ac
1450 498 1567 533 jubilare
1588 501 1773 536 praecipiebat,

991 542 1043 569 boc
1056 546 1109 574 est,
1126 543 1316 577 triumphalem
1343 543 1474 579 hymnum
1491 549 1641 572 memorato
1661 546 1717 574 Deo
1728 546 1774 574 J‘a-

992 588 1042 615 cob
1055 588 1196 622 emittere;
1209 589 1306 616 deinde
1320 593 1446 625 suscepta
1469 590 1600 618 doctrina:
1614 593 1695 619 verba
1709 601 1775 628 ope-

991 634 1068 661 ribus
1084 635 1197 670 implere
1213 644 1220 662 :
1236 635 1369 662 absolutis
1390 640 1479 664 autem
1498 637 1637 672 operibus,
1651 642 1707 665 tum
1724 639 1774 667 de-

993 686 1066 706 mum
1081 679 1238 707 hominibus
1252 680 1402 714 praedicare
1418 684 1445 708 et
1455 681 1615 715 buccinare,
1632 683 1775 712 vociferari

992 725 1056 752 item
1071 729 1098 752 et
1109 725 1138 751 in
1152 726 1272 752 omnium
1294 726 1407 753 auribus
1423 726 1600 763 Evangelium
1627 730 1774 764 nuntiare;

992 770 1220 805 quemadmodum
1245 770 1375 799 Servator
1402 772 1545 808 discipulis
1573 776 1696 810 pra-cipit
1718 776 1775 804 suis

991 815 1085 843 dicens
1095 825 1101 842 :
1112 815 1189 848 Quod
1197 817 1223 842 in
1232 824 1296 843 aure
1306 817 1417 850 auditis,
1426 819 1569 852 prwdicate
1577 829 1655 856 super
1662 827 1729 850 tecta
1740 823 1774 850 ".

992 861 1172 894 Quamobrem
1182 861 1216 889 iis
1222 862 1267 897 qui
1275 862 1367 897 priora
1375 868 1447 891 recte
1453 871 1606 900 gesserant,
1614 867 1715 895 dictum
1722 873 1774 896 est:

991 907 1143 935 Buccinate.
1162 907 1221 942 Qua
1243 913 1334 936 autem
1350 910 1456 939 ratione
1479 911 1553 946 ipsos
1567 913 1714 942 buccinare
1727 923 1776 942 vo-

993 953 1082 984 luerit,
1101 953 1154 980 nisi
1178 961 1231 989 qua
1251 955 1315 982 olim
1331 959 1358 983 et
1373 957 1530 992 antiquitus
1544 958 1591 993 qui
1608 959 1666 987 veri
1679 960 1776 996 imagi-

991 1007 1063 1031 nem,
1075 999 1197 1034 symbola
1211 1004 1237 1027 et
1252 1001 1329 1036 signa
1337 1002 1488 1036 gerebant?
1500 1002 1686 1032 Buccinabant
1693 1014 1775 1041 porro

991 1045 1032 1072 illi
1053 1045 1081 1072 in
1108 1046 1262 1078 ncomenia,
1287 1052 1314 1074 et
1340 1048 1369 1075 in
1390 1049 1491 1084 insigni
1505 1050 1549 1077 die
1570 1050 1751 1080 solemnitatis
1766 1073 1774 1080 .

993 1090 1073 1125 idque
1087 1091 1202 1125 agebant
1215 1092 1331 1126 septimo
1348 1100 1452 1125 mense,
1466 1101 1520 1128 quo
1538 1095 1706 1130 congregati,
1720 1095 1776 1123 Tu-

991 1136 1088 1164 barum
1101 1136 1300 1164 solemnitatem
1316 1137 1491 1166 celebrabant
1508 1148 1515 1167 :
1531 1139 1613 1175 idque
1627 1141 1710 1168 semel
1726 1149 1775 1176 per

991 1190 1093 1210 annum
1110 1183 1286 1218 praestabant.
1299 1183 1344 1210 Ait
1357 1192 1423 1220 ergo
1437 1185 1503 1221 legis
1518 1187 1669 1222 scriptura_:
1687 1187 1775 1215 Meum

991 1230 1111 1263 septimo,
1127 1229 1214 1264 prima
1227 1230 1323 1257 mensis
1340 1231 1391 1258 erit
1406 1232 1477 1260 vobis
1490 1233 1602 1268 requies,
1625 1234 1776 1262 memorial:

992 1275 1115 1302 tubarum
1125 1284 1135 1302 .'
1147 1276 1283 1303 vocabitur
1299 1282 1394 1304 sancta
1406 1278 1476 1305 vobis
1488 1279 1521 1305 "’.
1536 1277 1570 1306 Ut
1581 1279 1699 1314 igiturin
1709 1287 1776 1308 neo-

991 1322 1081 1349 menia
1098 1322 1142 1349 illa
1158 1323 1331 1360 clangebant.
1348 1324 1384 1350 ita
1393 1325 1550 1352 etiamnunc
1558 1329 1670 1353 vocatos
1685 1326 1774 1355 bucci-

990 1375 1056 1395 nare
1064 1368 1216 1403 cupit.Erat
1222 1373 1311 1397 autem
1320 1369 1379 1397 dies
1388 1370 1432 1397 illa
1440 1371 1619 1398 solemnitatis
1626 1371 1774 1406 Tubarum,

990 1411 1049 1441 dies
1066 1415 1231 1449 conspicua;
1247 1414 1337 1450 aitque
1353 1415 1388 1443 de
1404 1415 1450 1442 illa
1464 1415 1571 1452 Moyses
1585 1426 1591 1444 :
1608 1415 1691 1444 Omne
1710 1425 1774 1452 opus

990 1459 1083 1486 serv-ile
1101 1468 1152 1486 non
1172 1460 1293 1494 facietis:
1313 1461 1369 1488 dies
1395 1461 1554 1490 celebritatis
1580 1465 1630 1492 erit
1650 1465 1722 1494 vobis
1738 1467 1773 1494 ⁸⁸.

989 1504 1161 1541 Quapropter
1177 1506 1222 1534 hic
1242 1515 1351 1542 quoque
1370 1507 1490 1535 dicitur:
1509 1508 1543 1536 In
1558 1510 1658 1546 insigni
1671 1511 1714 1539 die
1727 1521 1773 1539 so-

990 1551 1134 1578 lemnitatis
1152 1557 1255 1580 vestrae.
1272 1553 1338 1581 Erat
1356 1562 1421 1590 ergo
1437 1555 1555 1590 insignis
1569 1556 1628 1584 dies
1645 1561 1671 1584 et
1687 1557 1774 1587 festus

989 1596 1065 1632 dies,
1088 1606 1141 1625 non
1162 1599 1290 1638 aliusrrei
1313 1608 1395 1636 quam
1416 1601 1565 1629 tubarum:
1583 1611 1668 1638 quare
1684 1604 1776 1632 Tuba-

989 1651 1050 1670 rum
1067 1643 1166 1672 festum
1178 1637 1337 1674 vocabatur.
1352 1646 1420 1674 Cum
1437 1653 1529 1675 autem
1542 1637 1599 1677 tres
1613 1654 1706 1678 essent
1727 1659 1776 1680 eo-

990 1688 1052 1717 dem
1068 1697 1161 1718 mense
1184 1690 1381 1725 solemnitates,
1403 1693 1491 1728 prima
1505 1693 1655 1729 Tubarum,
1672 1704 1731 1732 qua:
1747 1698 1775 1726 in

990 1735 1132 1762 neomenia
1141 1735 1346 1769 celebrabatur;
1364 1736 1484 1765 secunda
1500 1737 1717 1773 Propitiationis,
1732 1740 1776 1767 dc-

991 1779 1062 1807 cima
1073 1779 1118 1808 die
1128 1781 1240 1813 mensis;
1251 1781 1330 1808 tertia
1338 1780 1590 1811 Tabernacuiorum
1603 1793 1610 1817 ;
1625 1784 1712 1812 sol-tm
1720 1784 1776 1812 Tu-

991 1826 1085 1854 barum
1103 1827 1174 1855 diem
1191 1827 1291 1855 imitari
1308 1828 1431 1863 pmcipit
1445 1828 1540 1857 dicens
1558 1838 1564 1856 :
1582 1830 1725 1858 Buccinate
1747 1832 1775 1858 in

990 1873 1127 1900 momem‘a
1145 1873 1228 1904 tuta;
1242 1874 1315 1907 quod
1330 1874 1432 1902 clarius
1447 1874 1484 1900 ita
1500 1875 1660 1909 protulisset
1674 1884 1680 1903 :
1699 1875 1775 1904 Sicut

991 1918 1056 1946 olim
1073 1918 1100 1945 in
1116 1919 1260 1946 neomenia
1271 1939 1278 1952 ,
1294 1919 1384 1946 locum
1399 1927 1506 1947 omnem
1523 1920 1774 1949 circumcursantes

990 1962 1189 1995 buccinabant,
1205 1967 1235 1990 ut
1247 1962 1345 1991 festum
1359 1964 1512 1992 indicarent
1524 1974 1531 1998 ;
1546 1965 1671 1993 similiter
1684 1971 1711 1994 et
1723 1975 1773 1995 vos

989 2009 1037 2043 qui
1056 2008 1189 2042 jubemini
1200 2028 1208 2040 .
1231 2009 1377 2037 buccinate.
1393 2009 1456 2037 Vult
1471 2018 1553 2045 porro
1569 2011 1689 2046 gentium
1705 2020 1775 2048 pra:-

990 2059 1088 2084 cones,
1111 2060 1165 2080 non
1182 2053 1288 2081 cateris
1309 2053 1432 2082 Judaicis
1456 2055 1693 2085 observationibus
1715 2058 1777 2085 aif-

989 2106 1065 2125 mum
1085 2098 1234 2132 adhibere,
1260 2100 1307 2127 sed
1321 2100 1380 2128 sola
1395 2101 1590 2135 praedicatione
1604 2102 1659 2134 uti,
1675 2106 1702 2130 et
1716 2110 1774 2130 om.

989 2145 1070 2172 nibus
1092 2144 1248 2173 hominibus
1269 2146 1390 2174 salutare
1405 2150 1432 2174 et
1450 2148 1637 2182 evangelicum
1660 2149 1775 2177 verbum

990 2190 1146 2219 buccinare.
1169 2190 1272 2219 Horum
1286 2199 1405 2227 namque
1431 2194 1555 2228 symbola
1575 2193 1681 2230 Moyses
1699 2195 1775 2223 insti-

990 2236 1083 2263 tuebat
1093 2256 1100 2269 ,
1112 2240 1226 2272 eratque
1239 2243 1403 2274 praeceptum
1417 2239 1443 2266 in
1456 2238 1538 2267 Israel
1561 2239 1656 2274 (Vens.
1674 2240 1702 2275 5)
1716 2241 1775 2276 lege

989 2282 1125 2310 sancitum
1140 2283 1214 2318 quod
1238 2283 1386 2312 buccinare
1406 2289 1559 2319 oporteret.
1578 2285 1686 2320 dieique
1710 2285 1774 2313 festi

990 2331 1099 2364 tempus
1114 2330 1179 2356 tuba
1194 2330 1323 2358 omnibus
1340 2330 1505 2365 signiﬁcare.
1523 2330 1580 2358 Hoc
1595 2339 1660 2358 vero
1675 2339 1774 2366 praece-

992 2378 1067 2409 ptum
1083 2383 1116 2402 ex
1128 2375 1233 2409 judicio
1245 2395 1252 2408 ,
1276 2375 1417 2403 voluntate
1438 2379 1465 2403 et
1489 2376 1600 2403 decreto
1624 2375 1671 2403 Dei
1686 2376 1772 2404 Jacob

156 2412 244 2448 λόγον.
261 2414 370 2441 Τούτων
386 2415 440 2451 γὰρ
457 2416 546 2442 αὐτῶν
566 2417 600 2443 τὰ
624 2417 746 2453 σύμϐολα
769 2420 814 2446 καὶ
836 2421 938 2456 Μωσῆς

990 2420 1131 2448 edebatur.
1156 2421 1215 2455 Ipse
1234 2429 1353 2457 namque
1369 2421 1458 2453 Deus,
1475 2422 1521 2457 qui
1546 2421 1649 2449 Iacobo
1662 2423 1728 2450 olim
1743 2423 1773 2450 in

155 2458 259 2491 ἐποίει,
277 2460 323 2487 καὶ
348 2459 382 2496 ἦν
401 2462 563 2498 πρόσταγμα
579 2463 618 2498 τῷ
636 2464 742 2500 Ἰσραὴλ
766 2466 838 2498 ἰδίως
860 2460 939 2493 τούτο

155 2505 415 2542 νενομοθετημένον,
435 2508 466 2534 τὸ
487 2509 541 2535 δεῖν
562 2509 719 2543 σαλπίζειν,
748 2512 795 2538 καὶ
821 2512 865 2538 διὰ
889 2513 938 2548 τῆς

156 2550 304 2585 σάλπιγγος
322 2552 464 2587 σημαίνειν
482 2555 538 2586 τοῖς
553 2555 619 2581 πᾶσι
639 2555 688 2590 τὴν
700 2556 747 2582 τοῦ
766 2557 861 2592 καιροῦ
879 2558 938 2593 ἐορ-

155 2595 214 2631 τήν.
227 2595 264 2622 "re
278 2595 307 2622 δὲ
327 2596 491 2632 πρόσταγμα
513 2599 592 2626 τοῦτο
611 2600 680 2626 κατὰ
708 2601 798 2636 κρίσιν
819 2602 937 2636 ἐγένετο,

156 2641 201 2668 καὶ
215 2641 285 2669 κατὰ
300 2642 421 2679 βούλημα
431 2644 478 2670 καὶ
492 2646 577 2680 κρῖμα
592 2646 638 2673 τοῦ
650 2646 717 2674 Θεοῦ
736 2648 841 2676 Ἰακώϐ.
854 2649 938 2680 Αὐτὸς

990 2466 1040 2493 vu-i
1049 2467 1139 2501 specie
1162 2471 1189 2493 et
1212 2466 1299 2495 forma
1321 2468 1397 2496 visus
1416 2471 1474 2500 est,
1500 2468 1546 2495 hic
1572 2472 1631 2495 erat
1643 2469 1689 2504 qui
1707 2468 1772 2496 olim

995 2511 1090 2539 isthaac
1101 2513 1230 2547 populum
1242 2513 1453 2548 iacere'tigurate
1465 2521 1513 2548 per
1523 2513 1640 2549 Moysem
1648 2514 1770 2549 iubebat.

990 2557 1067 2589 Quod
1081 2562 1171 2585 autem
1182 2558 1328 2587 buccinare
1342 2559 1401 2591 hic,
1414 2560 1534 2587 clamare
1549 2563 1575 2587 et
1590 2560 1716 2588 omnibus
1727 2568 1774 2588 an-

989 2603 1126 2636 nuntiare,
1140 2604 1284 2639 signiticet,
1295 2604 1375 2632 docet
1387 2605 1516 2632 Servator
1525 2605 1568 2633 his
1583 2606 1673 2633 verbis
1685 2615 1691 2633 :
1705 2606 1772 2633 Cum

990 2648 1057 2683 facit
1075 2650 1284 2685 eleemosynam,
1301 2651 1355 2678 noli
1375 2650 1438 2677 tuba
1457 2659 1548 2678 canere
1564 2656 1625 2679 ante
1644 2657 1668 2679 te
1684 2652 1717 2679 ".

155 2687 209 2724 γὰρ
231 2689 270 2724 τῷ
289 2689 385 2716 Ἰακὼό
406 2691 499 2726 ὀφθεὶς
516 2692 598 2719 πάλαι
615 2693 680 2725 Θεὸς
699 2694 728 2720 ἐν
751 2695 847 2730 ἀνδρὸς
866 2695 930 2722 εῖδει
950 2696 996 2722 καὶ
1010 2697 1141 2732 σχήματι,
1153 2693 1229 2728 οὗτος
1243 2694 1276 2732 ἦν
1289 2697 1304 2723 ὁ
1318 2696 1403 2725 ταῦτα
1414 2698 1460 2725 καὶ
1478 2698 1522 2725 διὰ
1537 2699 1658 2729 Μωσέως
1676 2699 1770 2725 είκονι-

155 2735 211 2767 κῶς
229 2737 269 2772 τῷ
296 2736 352 2772 λαῷ
379 2738 508 2774 πράττειν
526 2738 730 2775 διαταξάμενος.
752 2741 811 2768 ’Ὁτι
834 2741 861 2768 δὲ
885 2742 916 2768 τὸ
935 2741 1073 2774 σαλπίζειν
1093 2743 1153 2769 ἀντὶ
1180 2743 1227 2769 τοῦ
1247 2743 1309 2778 βοᾷν
1325 2744 1372 2770 καὶ
1389 2745 1428 2776 είς
1459 2745 1563 2776 πάντας
1578 2744 1772 2778 καταγγέλλειν

154 2779 292 2815 λέλεκται,
309 2783 426 2810 διδάσκει
451 2785 470 2810 ὸ
490 2785 585 2820 Σωτὴρ
606 2785 709 2819 λέγων·
733 2787 820 2813 Ὅταν
838 2787 926 2820 ποιῇς
943 2787 1161 2824 ἐλεημοσύνην,
1177 2789 1220 2824 μὴ
1239 2791 1394 2824 σαλπίσῃς
1405 2790 1573 2825 ἔμπροσθέν
1590 2798 1658 2819 σου.

188 2860 211 2876 ⁸⁸
230 2860 323 2889 Μοιῑίι.
342 2870 356 2888 x
368 2883 375 2894 ,
391 2862 436 2890 27.

475 2864 497 2879 ε’
517 2864 602 2892 chlt.
621 2869 703 2898 nui,
722 2865 766 2893 ‘24.
805 2867 828 2883 ⁸⁸
847 2866 909 2894 Lev.
927 2875 1010 2900 mn.
1032 2867 1056 2896 7.
1094 2868 1115 2883 "
1136 2867 1230 2896 Matth.
1249 2876 1291 2900 TI,
1307 2869 1334 2896 ‘2.
