2024 3214
233 144 286 173 975

591 143 722 171 EUSEBII
742 143 980 171 CJESARIENSIS
1000 142 1075 171 OPP.
1097 143 1188 171 PARS
1207 144 1251 172 Ill.
1271 160 1306 165 —
1326 143 1530 171 EXEGETICA.

1799 144 1854 172 976

271 202 351 231 Vens.
370 203 397 230 6.
427 202 614 229 Testimonium
642 203 670 229 in
695 202 793 237 εισιφὴ
815 203 903 237 posuit
929 201 1017 234 illud,

1105 203 1272 237 Μαρτύριον
1290 202 1326 236 ᾆν
1347 201 1388 234 τῷ
1415 201 1521 236 Ἰωσὴφ
1546 201 1630 228 ἔθετο
1656 200 1741 233 αὐτὸ.
1758 201 1793 228 ἐν
1816 201 1858 234 τῷ

235 257 292 275 cum
313 250 394 275 exiret
421 247 452 274 tle
477 253 546 274 terra
572 248 697 283 lEgypti,
725 249 841 283 linguam
863 256 942 282 quam
966 255 1016 273 non

235 299 341 321 noverat
362 294 472 321 audivit.
492 293 672 321 Memoratum
690 294 724 322 de
739 294 814 321 tubis
831 296 996 328 prmeeptum
1009 312 1016 324 ,

235 340 440 372 testimonium,
472 340 582 374 inquit,
607 340 700 375 posuit
723 340 750 367 in
775 339 886 374 Joseph.
915 339 1018 366 Secun-

235 386 299 412 dum
317 385 510 421 Symmachum
524 393 604 413 vero:
626 385 848 420 Testiﬁcationem
862 393 908 420 per
921 385 1017 419 Ioseph

232 432 322 465 posuit
346 431 435 458 illud:
457 432 646 459 testimonium
668 439 734 459 vero
755 431 833 467 quasi
855 431 1019 459 testiﬁcatus

235 476 336 503 dabat:
352 480 466 511 eratque
480 476 546 503 illud
571 476 680 512 signum
703 477 815 504 alterius
836 477 885 504 rei.
905 477 1019 512 Aliquas

234 523 306 550 enim
332 523 413 551 tubas
439 523 647 554 subindieabat,
675 531 790 558 quarum
814 523 930 550 ofﬁcium
955 531 1016 551 cum

235 568 350 604 apostoli
380 568 533 596 Servatoris
561 569 665 601 nostri,
691 572 748 595 tum
772 569 919 604 evangelici
943 569 1018 596 verbi

234 621 374 648 praecones
399 614 496 649 partim
523 614 684 648 explebant.
710 621 760 649 per
785 621 893 642 omnem
916 618 1018 642 terram

233 660 412 695 clangentes,
442 659 624 695 omnibusque
652 660 780 695 gentibus
811 660 940 688 salutaris
971 659 1018 687 Dei

234 704 368 732 adventus
399 705 498 733 festum
528 705 720 740 praedicantes.
751 706 925 733 Arcanorum
954 713 1018 733 vero

233 751 499 778 consummationem
524 747 571 785 per
596 751 708 786 angelos
734 750 853 778 futuram
876 751 955 778 docet
972 751 1017 786 qui

235 795 293 822 ait:
310 795 383 822 Tuba
400 801 475 822 canet
490 797 576 828 enim,
597 801 621 823 et
641 797 739 823 mortui
758 797 785 823 in
805 797 910 824 Christo
931 805 1019 824 resur-

233 845 294 876 gent
319 841 398 876 primi
420 841 441 856 ’°
460 849 467 873 ;
496 849 527 868 ac
550 849 658 868 rursum
675 851 680 868 ι
698 841 731 868 1η
752 847 899 875 momento,
918 843 944 869 in
965 843 1017 870 ictu

1068 248 1202 280 ἐξελθεῖν
1220 249 1314 275 αὐτὸν
1329 249 1364 274 ἐκ
1382 247 1439 283 γῆς
1460 247 1629 281 Αἰγύπτου,
1655 245 1800 281 γλῶσσαν
1817 246 1857 280 ἢν

1067 295 1122 321 οὑκ
1138 296 1214 329 ἔγνω
1237 294 1360 328 ἤκουσε.
1380 294 1417 320 Τὸ
1434 293 1581 329 προλεχθὲν
1605 292 1670 328 περὶ
1698 291 1858 326 σαλπίγγων

1069 341 1232 375 πρόσταγμα
1252 339 1411 376 μαρτύριον,
1431 340 1524 375 φησὶν,
1539 338 1615 365 ἔθετο
1635 339 1665 364 ὲν
1685 337 1724 373 τῷ
1745 339 1855 374 Ἰωσήφ·

1069 388 1138 414 κατὰ
1153 388 1180 414 δὲ
1191 388 1236 414 τὸν
1244 388 1391 423 Σύμμαχον
1401 409 1408 420 ,
1429 387 1602 421 Μαρτιψίαν
1616 386 1664 412 διὰ
1677 386 1730 413 τοῦ
1746 385 1857 420 Ἰωσὴφ

1069 434 1176 467 ἔταξεν
1189 436 1276 462 αὑτό·
1293 435 1324 461 τὸ
1340 434 1367 461 δὲ
1385 433 1534 469 μαρτύριον
1555 432 1650 468 ὥσπερ
1672 431 1857 468 διαμαρτυρό-

1071 490 1152 516 μενος
1171 480 1266 507 ἐδίδου·
1283 481 1330 508 καὶ
1348 479 1382 517 ἦν
1397 480 1476 506 τοῦτο
1492 481 1603 516 σημεῖον
1614 479 1707 515 ἐτέρου
1727 480 1857 515 πράγμα-

1068 535 1130 558 τος·
1153 527 1278 561 ᾐνίττετο
1295 527 1349 562 γὰρ
1375 527 1439 562 περί
1462 535 1542 553 τινων
1570 525 1745 559 σαλπίγγων,
1764 521 1802 552 ὧν
1825 525 1858 552 ὲκ

1070 573 1170 608 μέρους
1188 572 1236 607 μὲν
1249 573 1273 599 οἱ
1292 573 1437 600 ἀπόστολοι
1457 572 1504 598 τοῦ
1525 571 1651 607 Σωτῆρος
1665 571 1754 606 ἡμῶν,
1770 570 1818 598 καὶ
1832 570 1859 597 οι

1068 617 1114 644 τοῦ
1129 618 1306 652 εὐαγγελικοῦ
1319 619 1398 653 λόγου
1409 619 1530 654 κήρυκες
1540 617 1715 653 ἁπεπλήρουν
1730 616 1764 643 τὰ
1777 617 1857 653 ἔργα,

1069 665 1108 696 είς
1134 665 1224 691 πᾶσαν
1240 664 1289 700 τὴν
1313 664 1365 700 γῆν
1392 664 1577 697 σαλπίζοντες,
1596 663 1643 690 καὶ
1663 663 1744 690 πᾶσιν
1770 662 1859 690 ἔθνεσι

1069 709 1248 745 κηρύττοντες
1272 710 1321 745 τὴν
1340 710 1389 745 τῆς
1416 710 1550 745 σωτηρίου
1572 709 1731 744 θεοφανείας
1750 709 1858 744 ἑορτήν.

1070 754 1110 780 Τὰ
1123 754 1150 780 δὲ
1164 754 1372 790 ἀποτελέσματα
1385 754 1440 780 τῶν
1451 753 1678 790 ἀπορῤητοτέρων
1690 753 1723 780 δι’
1736 752 1859 787 ἀγγέλων

1070 801 1178 828 ἔσεσθαι
1195 801 1316 827 διδάσκει
1341 801 1355 827 ό
1381 799 1466 826 είπών
1479 808 1486 815 ο
1510 800 1659 827 Σαλπίσει
1673 799 1739 834 γὰρ,
1763 799 1813 827 καὶ
1831 800 1859 826 οὶ

1069 847 1167 882 νεκροὶ
1174 847 1208 874 ἐν
1217 845 1330 881 Χριστῷ
1338 846 1550 881 ἐγερθήσονται
1567 845 1675 880 πρῶτοι
1686 854 1692 860 ·
1702 845 1749 872 καὶ
1757 844 1839 871 πάλιν
1849 853 1858 859 ·

235 886 318 917 oculi,
335 887 363 912 in
377 886 518 913 novissima
536 886 598 912 tuba
610 887 631 902 "
647 894 654 918 ;
673 886 913 922 iterumque:lpse
928 886 1018 914 Domi-

1076 877 1128 919 ‘Er:
1139 877 1247 927 drdjltp:
1262 877 1375 926 érﬁtzi}
1384 877 1551 926 οφθαλμοῦ,
1562 877 1596 917 ἐν
1608 890 1644 925 τῇ
1656 889 1770 925 ἐσχάτῃ
1785 889 1860 917 σάλ-

233 941 282 959 nus
298 933 324 959 in
339 932 417 966 jussu
432 937 457 959 et
474 933 501 958 in
516 941 575 959 voce
595 932 766 968 archangeli,
789 937 813 959 et
838 933 866 960 in
887 934 949 960 tuba
970 933 1019 961 Dei

235 977 373 1007 descendet
390 979 423 1005 ⁹¹.
449 977 497 1005 llis
519 986 601 1013 porro
626 977 756 1006 Servator
778 979 930 1013 discipulos
954 987 1019 1007 suos

235 1023 463 1052 initiabatdicens
474 1034 480 1051 :
493 1023 526 1051 Et
539 1024 662 1051 videbunt
677 1023 778 1051 Filium
792 1025 905 1052 hominis
920 1026 1020 1052 venien-

234 1075 285 1097 tem
301 1070 327 1096 in
345 1069 458 1097 nubibus
476 1071 534 1097 ειεΙὶ
550 1079 608 1097 eum
625 1075 753 1105 potestate
767 1075 790 1097 et
807 1071 946 1106 majestate
961 1080 1020 1098 nta-

233 1124 295 1152 gna.
321 1115 355 1143 Et
376 1117 460 1143 mittet
483 1117 590 1152 angelos
614 1125 677 1144 suos
703 1126 761 1144 cum
780 1118 842 1144 tuba
860 1126 974 1153 magna,
996 1123 1020 1145 et

234 1163 426 1198 congregabunt
442 1162 537 1189 electos
552 1162 655 1197 ejusea:
670 1168 784 1197 quatuor
800 1163 898 1194 uentis,
915 1172 931 1190 a
949 1172 1021 1190 sum-

235 1208 286 1236 mis
308 1209 434 1236 caelorum
455 1217 536 1244 usque
561 1209 595 1236 ad
618 1214 763 1236 extremum
787 1217 877 1236 eorum
902 1209 936 1235 ".
967 1209 1020 1237 Sed

238 1259 409 1282 mortuorum
431 1255 541 1290 quidem
563 1255 749 1292 resurrectio,
779 1263 827 1289 per
850 1255 1021 1290 evangelicas

236 1300 317 1328 tubas
334 1301 531 1328 annuntiantes
554 1301 699 1328 adventum
716 1301 792 1337 regni
808 1300 868 1328 Filii
895 1301 952 1334 Dei,
969 1301 1022 1328 eili-

237 1345 325 1373 cietur
339 1355 345 1372 :
365 1346 479 1381 apostoli
495 1350 585 1373 autem
598 1346 654 1381 jam
673 1347 699 1373 in
715 1347 803 1382 primo
820 1347 938 1374 adventu
961 1347 1022 1381 ejus

236 1391 326 1424 tubis,
341 1392 449 1427 magnis
471 1393 576 1420 scilicet
601 1392 719 1428 Spiritus
742 1393 830 1421 sancti
852 1393 1023 1421 vociferatio-

236 1438 318 1466 nibus
333 1442 442 1467 utentes
457 1458 464 1471 .
489 1443 624 1474 quotquot
646 1439 709 1466 olim
731 1439 880 1467 secundum
902 1440 1021 1467 animam

241 1484 340 1511 mortui
356 1488 451 1516 erant,
468 1484 501 1511 ad
514 1485 595 1511 vitam
607 1493 666 1519 qua-
682 1485 709 1511 in
724 1484 778 1512 Deo
788 1489 831 1512 est
846 1489 1021 1513 revocarunt.

1069 946 1148 974 ττιγγι
1159 947 1165 953 ·
1177 939 1223 964 καὶ
1231 938 1311 965 πάλιν
1321 947 1327 953 ·
1337 938 1432 970 Αὐτὸς
1442 939 1459 965 ὀ
1465 938 1572 971 Κύριος
1580 936 1801 971 ὲνκελεύσματι
1810 934 1859 964 καί

1069 985 1103 1011 ἐν
1112 984 1197 1018 φωνῇ
1205 984 1393 1018 ἀρχαγγέλου
1402 984 1450 1010 καὶ
1457 984 1491 1010 ἐν
1498 983 1642 1018 σάλπιγγι
1652 983 1725 1010 Θεοῦ
1733 983 1860 1016 καταϐή-

1069 1039 1164 1057 σεται.
1178 1029 1271 1055 Ταῦτα
1279 1029 1306 1055 δὲ
1318 1029 1365 1055 καὶ
1377 1032 1390 1054 ο
1404 1028 1498 1064 Σωτὴρ
1509 1027 1698 1063 ὲμυσταγώγει
1706 1028 1768 1059 τοὺς
1776 1028 1861 1056 αὐτοῦ

1072 1075 1204 1111 μαθητὰς,
1227 1075 1313 1109 λέγων
1325 1083 1332 1089 ο
1356 1074 1409 1101 Kal
1431 1075 1556 1108 ὄψονται
1570 1074 1624 1100 τὸν
1653 1074 1721 1100 Υὶὸν
1734 1074 1788 1101 τοῦ
1808 1074 1861 1101 ἁν-

1070 1120 1186 1154 θρώπου
1199 1120 1364 1154 ἐρχόμενον
1375 1119 1424 1145 ἐπὶ
1438 1118 1496 1145 τῶν
1510 1118 1646 1153 νεφελῶν
1659 1118 1710 1145 τοῦ
1727 1119 1859 1153 οὐρανοῦ

1068 1166 1142 1200 μετὰ
1153 1165 1307 1199 δυνάμεως
1326 1165 1373 1191 καί
1388 1164 1480 1197 δόξης
1491 1163 1621 1198 πολλῆς.
1633 1165 1687 1191 Καὶ
1698 1164 1863 1192 ἀποστελεῖ

1070 1211 1140 1243 τοὺς
1159 1210 1306 1244 ἀγγέλους
1325 1209 1418 1236 αὑτοῦ
1433 1210 1509 1244 μετὰ
1528 1209 1697 1244 σάλπιγγος
1712 1210 1860 1244 μεγάλης,

1071 1257 1119 1282 καὶ
1139 1255 1358 1287 ὲπισυνάξουσι
1376 1255 1447 1288 τοὺς
1463 1255 1626 1289 ἐκλεκτοὺς
1639 1255 1732 1283 αὺτοῦ
1748 1255 1783 1282 ὲκ
1801 1255 1863 1283 τῶν

1070 1302 1227 1335 τεσσάρων
1239 1301 1365 1336 ἀνέμων,
1376 1301 1426 1328 ἀπ’
1440 1301 1539 1336 ἄκρων
1551 1301 1688 1336 οὐρανῶν
1699 1302 1755 1335 ἕως
1765 1301 1861 1337 ἄκρον

1071 1347 1179 1373 αὐτῶν.
1201 1346 1270 1373 Ἀλλ’
1291 1347 1308 1382 ὴ
1334 1347 1384 1382 μὲν
1409 1347 1464 1373 τῶν
1487 1347 1591 1383 νεκρῶν
1612 1348 1760 1380 ἀνάστασις
1784 1348 1860 1376 ἔσται

1071 1394 1136 1420 ποτὲ
1156 1393 1200 1420 διὰ
1220 1393 1378 1428 σαλπίγγων
1400 1393 1587 1428 εὐαγγελικῶν
1611 1393 1860 1429 εὐαγγελιζομένων

1072 1441 1120 1475 τὴν
1135 1439 1226 1474 ἄφιξιν
1244 1440 1293 1475 τῆς
1310 1439 1449 1475 βασιλείας
1467 1439 1514 1465 τοῦ
1530 1438 1595 1466 Υἱοῦ
1610 1439 1657 1466 τοῦ
1674 1439 1758 1466 Θεοῢο
1774 1439 1820 1467 καὶ
1834 1440 1860 1466 οι

1072 1486 1216 1513 ἀπόστολοι
1232 1485 1260 1511 δὲ
1277 1485 1401 1512 ἐντεῦθεν
1422 1485 1471 1521 ἤδη
1494 1485 1564 1512 κατὰ
1584 1485 1632 1521 τὴν
1651 1485 1762 1521 πρώτην
1776 1485 1861 1513 αὑτοῦ

236 1527 357 1561 Quorum
374 1528 496 1564 symbola
513 1529 624 1556 tradens
638 1529 753 1565 Moyses,
769 1529 908 1557 Tubarum
922 1530 1021 1558 festum

1074 1531 1225 1566 παρουσίαν
1239 1529 1365 1565 σάλπιγξι
1383 1530 1529 1566 χρώμενοι,
1542 1531 1603 1562 ταῖς
1618 1530 1664 1557 τοῦ
1677 1531 1756 1565 ἁγίου
1777 1531 1860 1558 Ilvati-

237 1574 295 1608 lege
314 1574 441 1601 sancivit.
457 1573 629 1609 Quapropter
644 1574 745 1602 dicitur
760 1585 766 1602 :
786 1575 977 1603 Testimonium
992 1576 1021 1602 in

1074 1586 1158 1613 ματος
1183 1577 1397 1612 μεγαλοφωνίαις
1417 1577 1521 1609 πάντας
1537 1577 1716 1604 ἀνεκαλοῦντο
1731 1578 1794 1610 τοὺς
1808 1577 1859 1613 ψυ-

236 1618 331 1654 Joseph
342 1620 428 1654 posuit
440 1619 518 1648 illud.
531 1620 674 1653 Quodnam
688 1621 754 1647 illud
767 1627 931 1657 prteceptum
944 1622 1021 1649 erat?

237 1664 271 1693 de
286 1665 359 1692 tubis
374 1665 500 1692 scilicet:
520 1666 553 1692 ab
576 1673 629 1692 una
646 1670 737 1693 autem
757 1667 829 1694 tribu
853 1666 957 1703 Josepli
979 1673 1021 1695 to-

237 1715 292 1738 tam
309 1714 417 1746 gentem
431 1710 572 1738 indicavit.
588 1711 643 1738 Cur
656 1716 746 1739 autem
760 1712 787 1739 in
802 1713 844 1740 liis
860 1718 944 1740 totam
958 1721 1022 1749 gen-

237 1760 291 1784 tem
303 1754 404 1790 Joseph
420 1756 545 1783 vocavit?
557 1756 626 1789 Quia
637 1756 749 1793 Josephi
765 1758 910 1786 occasione
925 1767 1022 1788 omnes

238 1803 265 1829 in
279 1801 425 1837 Egyptum
439 1801 651 1830 descenderunt.
669 1802 850 1836 Quandonam
865 1812 931 1832 vero
948 1805 1023 1832 testi-

238 1848 359 1875 monium
370 1868 377 1881 ,
399 1849 523 1876 videlicet
547 1849 673 1877 tubarum
692 1850 777 1885 legem
793 1850 893 1885 populo
909 1851 1001 1886 posuit
1014 1871 1021 1884 ,

238 1894 290 1922 nisi
315 1902 370 1930 quo
393 1898 515 1930 tempore
534 1895 628 1924 eduxit
649 1903 711 1923 eum
732 1896 766 1923 de
790 1900 863 1923 terra
889 1896 1020 1932 Egypti,

238 1940 348 1976 quando
364 1941 483 1977 linguam
501 1949 581 1976 quam
605 1949 659 1969 non
675 1945 789 1970 noverat
810 1942 935 1970 audivit?
953 1943 1021 1970 Cum

238 1988 310 2015 enim
324 1987 351 2014 in
362 1987 472 2015 deserto
484 1992 670 2020 versarentur,
683 1995 749 2015 voce
763 1987 810 2016 l)ei
823 1988 927 2024 dignati
940 1993 1020 2021 sunt,

239 2033 453 2069 quiDecalogum
469 2034 590 2069 ipsorum
604 2034 715 2062 auribus
730 2038 890 2070 exceptum,
908 2042 1022 2062 servan-

239 2078 303 2105 dum
320 2078 442 2105 tradidit.
459 2077 593 2113 Tempore
613 2083 704 2106 autem
729 2079 776 2106 illo
799 2079 834 2106 ab
860 2077 1022 2115 Egyptiaea

240 2125 372 2152 servitute
394 2129 421 2152 et
443 2124 597 2152 calamitate
615 2125 725 2152 liberati
746 2129 821 2153 sunt.
837 2126 1022 2158 Quamobrem

239 2170 342 2198 dictum
357 2174 414 2197 est:
426 2183 460 2189 ——
469 2169 562 2205 (Vens.
571 2169 728 2205 7.)Divertit
737 2170 768 2197 ab
782 2171 902 2198 oneribus
914 2172 1022 2199 dorsum

1070 1624 1120 1658 χὰς
1145 1623 1363 1659 νενεκρωμένους
1384 1624 1430 1650 ἐπὶ
1458 1623 1506 1659 τὴν
1529 1624 1558 1650 ἐν
1579 1623 1639 1659 Θεῷ
1657 1624 1744 1659 ζωήνο
1762 1621 1800 1650 ὧν
1826 1623 1862 1651 τὰ

1071 1669 1194 1704 σύμϐολα
1215 1669 1318 1704 Μωσῆς
1335 1668 1516 1704 παραδιδοὺς,
1542 1669 1592 1704 τὴν
1616 1669 1680 1704 περὶ
1703 1669 1861 1703 σαλπίγγιινι

1071 1715 1223 1750 ἐνομοθέτει
1239 1715 1346 1750 ἑορτήν.
1362 1714 1408 1741 Διὸ
1424 1714 1565 1741 λέλεκται·
1585 1715 1755 1749 Μωρτύριον
1773 1714 1809 1742 ἐν
1820 1713 1861 1747 τῷ

1078 1761 1184 1795 Ἰωσὴφ
1198 1762 1279 1788 ἔθετο
1296 1761 1379 1788 αὑτό.
1394 1761 1426 1787 Τί
1439 1761 1467 1787 δὲ
1489 1761 1554 1787 αὐτὸ
1575 1758 1609 1796 ἦν
1632 1761 1662 1787 τὸ
1679 1761 1860 1796 widmann;

1071 1807 1101 1833 τὸ
1117 1806 1249 1842 περὶτῶν
1263 1807 1419 1841 σαλπίγγων
1431 1815 1437 1821 ·
1454 1807 1507 1833 ἀπὸ
1522 1808 1586 1842 μιᾶς
1603 1807 1632 1833 δὲ
1648 1806 1734 1842 φυλῆς
1751 1807 1803 1842 τῆς
1813 1806 1859 1833 τοῦ

1079 1854 1175 1890 Ἰωσὴφ
1191 1854 1222 1880 τὸ
1237 1855 1290 1880 πᾶν
1308 1853 1403 1889 ἐδήλου
1415 1852 1499 1885 ἔθνος.
1517 1852 1567 1879 Διὰ
1580 1852 1606 1879 τί
1622 1853 1650 1880 δὲ
1664 1854 1693 1880 ὲν
1706 1853 1813 1885 τούτοις
1829 1853 1861 1879 τὸ

1072 1902 1126 1927 πᾶν
1138 1900 1213 1932 ἔθνος
1235 1900 1333 1936 Ἰωσὴφ
1350 1901 1510 1936 ὼνόμασενς
1541 1899 1702 1936 Ἐπειδήπερ
1724 1900 1860 1936 προφάσει

1071 1947 1118 1973 τοῦ
1139 1946 1236 1982 Ἰωσὴφ
1255 1946 1280 1972 οἱ
1292 1946 1392 1978 πάντες
1411 1945 1639 1981 κατεληλύθεισαν
1655 1947 1694 1978 εἰς
1711 1945 1860 1981 Αἴγυπτον.

1072 1992 1141 2018 Πότε
1156 1991 1183 2018 δὲ
1201 1991 1348 2027 μαρτύριον
1364 1991 1409 2018 τὸν
1430 1991 1494 2026 περὶ
1517 1990 1676 2026 σαλπίγγων
1689 1991 1771 2026 νόμον
1785 1991 1861 2018 ἔθετο

1071 2037 1110 2073 τῷ
1124 2037 1191 2072 λαῷ,
1205 2037 1221 2072 ἦ
1237 2037 1296 2064 κατ’
1310 2037 1413 2063 ἐκεῖνον
1429 2037 1475 2063 τὸν
1487 2037 1592 2072 χρόνον,
1611 2036 1670 2063 καθ’
1681 2036 1710 2063 δν
1725 2037 1861 2073 ἐξήγαγεν

1072 2083 1170 2114 αὐτοὺς
1191 2083 1221 2109 ἐκ
1241 2083 1292 2117 γῆς
1305 2082 1455 2116 Αἰγύπτου,
1473 2082 1590 2118 ὁπηνίκα
1603 2082 1728 2116 γλῶσσαν
1752 2082 1786 2118 ἣν
1811 2081 1862 2109 οὐκ

1072 2129 1142 2162 ἔγνω
1156 2129 1291 2164 ἧκουσενς
1310 2128 1370 2154 Ἐπὶ
1392 2128 1442 2163 τῆς
1458 2128 1562 2164 ἐρήμου
1585 2128 1640 2163 γὰρ
1659 2127 1859 2163 διατρίϐοντες,

1073 2175 1165 2209 φωνῆς
1190 2174 1257 2201 Θεοῦ
1280 2173 1504 2209 κατηξιώθησαν,
1527 2174 1576 2210 τὴν
1598 2174 1746 2208 Δεκᾶλογον
1769 2174 1862 2206 αὐτοῖς

238 2217 311 2251 ejus,
327 2224 422 2243 manus
438 2216 494 2251 ejus
514 2216 541 2242 in
557 2215 667 2250 cophino
687 2217 852 2250 servierunt;
871 2218 1021 2245 secundum

1075 2219 1235 2252 ἐξάκουστον
1247 2218 1465 2254 διαταττομένου.
1480 2219 1548 2245 Κατ’
1560 2219 1648 2245 ἐκεῖνο
1661 2218 1690 2244 δὲ
1702 2218 1799 2254 καιροῦ
1814 2219 1862 2245 καὶ

241 2262 435 2299 Symmachum
451 2270 535 2289 vero:
552 2261 726 2289 Abstulerunt
743 2262 775 2289 ab
790 2271 866 2290 onere
885 2263 1022 2290 humerum

238 2309 296 2343 ejus
307 2315 317 2335 :
328 2316 421 2334 manus
435 2307 492 2339 eius
508 2315 523 2333 a
537 2306 647 2342 cophino
660 2307 776 2334 liberatm
791 2312 862 2335 sunt.
878 2307 945 2334 Nam
960 2315 1022 2335 cum

239 2353 376 2381 Pharaoni
397 2353 548 2384 servirent,
566 2361 597 2380 ac
610 2353 667 2379 luto
683 2353 868 2388 lateribusque
887 2354 1022 2389 astringe-

239 2403 344 2433 rentur,
357 2399 480 2427 eivitates
493 2397 544 2433 ipsi
555 2397 732 2430 aediﬁcantes,
744 2401 810 2425 tunc
822 2405 888 2425 sane
898 2399 1023 2433 copbinis

241 2453 338 2473 manus
349 2465 356 2478 ,
371 2445 502 2473 oneribus
519 2444 626 2471 humeri
641 2443 871 2479 delatigabantur.
889 2443 1023 2471 Caeterum

240 2492 396 2530 visitatione
418 2491 464 2518 Dei
485 2490 665 2520 adveniente.
691 2489 910 2517 liberi'evasere.
934 2490 1024 2523 Quare

241 2537 299 2564 ait:
323 2536 434 2563 Divertit
456 2536 487 2562 ob
511 2536 633 2563 oneribus
648 2534 757 2561 dorsum
774 2535 841 2569 ejus.
867 2534 934 2567 Quis
960 2542 1024 2562 vero

241 2583 370 2615 divertit,
391 2582 443 2609 nisi
463 2582 509 2616 qui
531 2581 656 2609 liberavit
682 2589 729 2608 eos
749 2580 846 2608 Deus?
873 2580 920 2608 llis
941 2588 1024 2616 porro

242 2629 369 2664 dignatus
390 2635 438 2655 eos
455 2632 513 2660 est,
540 2627 604 2662 quia
626 2627 653 2653 in
674 2627 850 2654 tribulatione
871 2627 958 2662 ipsum
986 2627 1024 2653 in-

241 2675 384 2702 vocabant.
416 2671 492 2705 Quod
516 2673 597 2700 etiam
623 2672 723 2708 Moysis
740 2671 881 2707 Scriptura
904 2671 1024 2699 declarat

242 2719 337 2747 dicens
356 2728 362 2746 :
381 2717 414 2744 Et
443 2718 621 2752 ingemuerunt
654 2717 705 2752 ﬁlii
735 2716 833 2749 Israel,
867 2722 891 2744 et
922 2717 1024 2744 clama-

242 2770 333 2792 uerunt
349 2764 383 2792 ad
396 2763 555 2795 Dominum,
573 2768 597 2789 et
617 2763 733 2790 ascendit
754 2763 856 2789 clamor
876 2771 965 2791 eorum
989 2763 1023 2789 ad

278 2854 301 2868 '°
320 2852 330 2879 l
346 2851 441 2881 Thess.
461 2860 497 2885 ιν,
516 2853 560 2880 15.
599 2853 620 2869 "
642 2853 729 2881 lCor.
747 2861 790 2886 Iv,
808 2853 853 2881 52.
891 2854 913 2870 "
934 2853 942 2879 Ι
960 2852 1056 2881 Thess.

1072 2263 1121 2298 τῆς
1143 2264 1206 2298 παρ’
1227 2263 1387 2297 Αἰγυπτίοις
1407 2263 1529 2295 δουλείας
1549 2271 1578 2289 τε
1604 2263 1651 2290 καὶ
1675 2262 1861 2295 κακοπαθείας

1073 2309 1274 2345 ἠλευθεροῦντο.
1283 2310 1328 2336 Διὸ
1338 2309 1471 2336 λέλεκται·
1489 2310 1670 2344 Ἀπέστησεν
1677 2310 1736 2337 ἀπὸ
1744 2310 1862 2345 ἆρσεων

1073 2356 1126 2381 τὸν
1140 2355 1236 2382 νῶτον
1250 2355 1355 2382 αὐτοῦ’
1376 2356 1405 2382 a1
1418 2355 1515 2390 χεῖρες
1530 2355 1623 2382 αὐτοῦ
1645 2357 1679 2382 ὲν
1690 2355 1730 2388 τῷ
1747 2358 1861 2392 κοφίνφ

1074 2401 1259 2427 ἐδούλευσαν
1270 2409 1276 2416 ·
1287 2401 1357 2427 κατὰ
1367 2401 1394 2427 δὲ
1409 2401 1454 2427 τὸν
1469 2401 1614 2436 Σύμμαχον
1624 2409 1632 2416 ·
1644 2401 1792 2435 [lapsi/tor
1802 2400 1860 2429 ἀρπό

1072 2445 1250 2480 βαστιιγμοῦ
1264 2446 1317 2472 τὸν
1335 2443 1418 2481 ὦμον
1431 2446 1534 2479 αὐτοῦ,
1547 2448 1577 2472 αἱ
1587 2446 1682 2481 χεῖρες
1701 2446 1795 2474 αὐτοῦ
1811 2455 1861 2473 κο-

1076 2492 1165 2526 φίνου
1177 2491 1477 2526 ἀπηλλάγησαν.”οτε
1487 2491 1542 2527 γὰρ
1554 2492 1691 2519 ἐδούλευον
1703 2491 1743 2528 τῷ
1750 2491 1858 2529 Φαραὼ,

1078 2536 1154 2572 πηλῷ
1167 2545 1195 2562 τε
1215 2536 1261 2563 καὶ
1282 2536 1405 2572 πλινθείᾳ
1420 2536 1639 2572 κατειργάζοντο,
1658 2537 1859 2572 οἰκοδομοῦντες

1076 2580 1149 2615 αὐτῷ
1164 2581 1213 2611 τὰς
1230 2580 1330 2612 πόλεις,
1341 2580 1371 2606 τὸ
1380 2581 1531 2616 τηνικαῦτα
1544 2581 1662 2616 κοφίνοις
1677 2582 1726 2618 μὲν
1744 2582 1794 2613 τὰς
1804 2582 1858 2617 χεῖ·

1077 2634 1136 2662 ρας,
1152 2625 1324 2661 βαστάγμασι
1341 2626 1368 2653 δὲ
1384 2627 1447 2658 τοὺς
1463 2626 1553 2662 ὤμους
1568 2626 1776 2655 κατεπονοῦντο.
1787 2626 1858 2662 Πλὴν

1076 2671 1143 2698 ἀλλὰ
1159 2672 1260 2698 τούτων
1274 2672 1399 2699 ἁπάντων
1410 2672 1546 2708 ἐλεύθεροι
1560 2673 1728 2709 κατέστησαν
1742 2670 1792 2708 τῆς
1802 2673 1858 2699 ἑπι-

1078 2717 1181 2752 σκοπῆς
1201 2718 1292 2749 αὐτοῖς
1310 2718 1468 2753 γενομένης.
1490 2719 1535 2745 Διό
1552 2727 1648 2754 φησιν·
1679 2718 1858 2752 Ἁπέστησεν

1076 2763 1135 2790 ἀπὸ
1156 2763 1271 2797 ᾶίσεων
1283 2764 1336 2790 τὸν
1352 2763 1448 2791 νῶτον
1466 2765 1570 2813 αὑτοῖῐ.
1588 2765 1637 2797 Τίς
1651 2764 1679 2792 δὲ
1696 2763 1854 2799 ἀπέστησεν,

1077 2861 1114 2886 tv,
1132 2853 1173 2880 l5.
1212 2854 1234 2869 "
1255 2853 1338 2880 Matth
1369 2862 1442 2886 uiv,
1461 2855 1502 2882 5t).
