2024 3214
160 218 211 247 977

719 219 973 247 COMMENTARIA
993 219 1026 247 IN
1045 217 1214 248 PSALMOS.

1279 185 1305 221 ς
1327 194 1346 219 ο
1723 215 1776 250 978

157 275 213 303 ἀλλ’
225 276 242 312 ἦ
254 276 269 302 6
283 275 469 313 ἐλευθερώσας
479 278 578 310 αὐτοὺς
592 278 674 311 Θεὸς;
686 278 794 306 Τούτων
805 279 835 306 δὲ
847 279 943 311 αὐτοὺς

995 279 1080 307 Deum
1094 279 1127 307 ’⁸.
1149 278 1255 313 Quibus
1279 278 1380 306 accinit
1400 278 1452 306 hoc
1472 277 1574 306 dictum
1594 277 1634 305 sic
1648 277 1775 304 habens:

157 321 242 356 ὴξξου,
262 322 411 359 ἐπειδήπερ
425 324 454 350 ἐν
475 323 562 358 θλίψει
583 324 664 352 αὑτὸν
681 324 878 352 ἐπεκαλοῦντο·
895 325 943 353 καὶ

157 367 236 394 τοῦτο
253 367 282 394 δὲ
295 368 312 403 ἡ
328 368 449 401 Μωσέως
463 370 611 405 παρίστησι
627 370 722 407 Γραφὴ
739 371 855 405 λέγουσα
865 379 872 387 ·
887 371 943 399 Kal

157 413 382 449 mearéralfar
405 416 433 442 ol
456 415 516 443 vlol
544 416 686 450 Ἰσραὴλ.
706 417 756 445 καὶ
773 418 944 452 ἀνεϐόησαν

158 458 232 492 πρὸς
256 460 382 493 Κύριον,
406 461 455 488 καὶ
480 461 572 495 ἀνέϐη
594 463 655 496 βοὴ
679 463 778 490 αὐτῶν
799 464 873 497 πρὸς
892 464 945 491 τὸν

158 503 242 530 Θεόν.
257 502 304 535 Οἷς
317 504 469 537 ἀκολούθως
482 506 530 532 καὶ
542 506 571 532 τὸ
585 508 670 543 παρόν
688 517 753 544 ςρησι
768 509 858 543 λόγιον
871 518 876 522 '
897 510 945 536 Ἐν

158 549 259 583 θλίψει
275 550 449 578 ἐπεκαλέσω
466 560 515 586 με,
537 552 585 578 καὶ
607 553 780 589 ἐρρυσάμην
795 562 848 581 σε·
873 555 945 588 ἐπή-

158 593 256 621 κουσά
274 602 332 622 σου
348 596 383 622 ἐν
397 597 560 631 ἀποκρύφῳ
580 599 760 633 καταιγίδος,
781 600 946 635 ἐδοκίμασά

157 646 195 664 σε
208 639 255 665 ἐπὶ
272 639 381 674 ὕδατος
391 642 574 677 ἀντιλογίας.
583 643 655 669 Ἀντὶ
667 643 695 670 δὲ
710 644 766 670 τοῦ·
776 644 946 678 Ἐπήκουσά

157 691 215 711 σου
231 684 267 711 ἐν
295 686 459 722 ἀποκρύφῳ
491 690 670 725 καταιγίδος,
691 692 705 717 6
735 691 784 726 μὲν
814 692 942 724 Ἀκύλας·

163 731 336 759 Ἐπακούσω
356 741 414 761 σου
436 735 471 761 ἐν
498 736 662 771 ἀποκρύφῳ
684 737 835 772 ,βροντῆς-τ
861 738 907 765 καὶ
928 739 945 774 ή

158 776 270 813 πέμπτη
283 778 388 811 ἔκδοσις
402 781 511 815 ὁμοίως.
526 782 592 808 Εἶτα
609 783 729 817 ἐπιλέγει
739 792 745 797 ·
768 783 946 817 Ἑδοκίμασά

156 829 193 850 σε
208 822 257 850 ἐπὶ
274 823 383 857 ὕδατος
399 825 579 860 ἀντιλογίας.
598 828 630 853 "0
652 827 684 863 δὴ
701 828 748 854 καὶ
767 828 833 854 αὐτὸ
852 828 945 863 σαφῶς

157 869 174 904 ἡ
191 869 313 902 Μωσέως
329 872 476 907 παρίστησι
494 873 588 909 Γραφὴ
614 873 742 908 λέγουσα·
769 875 829 901 οὐκ
852 873 891 910 ἦν
911 874 946 900 δὲ

157 915 235 950 ὔδωρ
248 916 327 943 πιεῖν
342 917 382 950 τῷ
399 917 470 950 λαῷ·
492 919 540 946 καὶ
556 919 734 954 ἐλοιδορεῖτο
749 922 765 948 ό
779 920 853 954 λαὸς
870 921 945 955 πρὸς

157 960 280 995 Μοισῆν,
290 962 339 990 καὶ
350 962 465 996 ἔλεγον·
476 963 531 996 Δὸς
540 964 611 998 ἡμῖν
619 964 707 999 ὕδωρ,
719 965 769 992 ἵνα
780 966 902 1000 πίωμεν.
918 966 944 992 Ὁ
961 957 981 984 Β

156 1006 190 1033 δὲ
206 1006 301 1043 ἔλεγε·
317 1008 348 1034 Τί
359 1007 545 1042 λοιδορεῖσθέ
557 1019 620 1044 μοι,
633 1010 651 1044 ἣ
666 1010 693 1037 τί
717 1010 866 1045 πειράζετε
887 1012 945 1038 Κύ-

152 1061 238 1086 ριον;
251 1053 305 1080 Καὶ
321 1054 395 1089 ἑξῆς
411 1053 485 1082 Εἷπε
501 1055 612 1091 Μωσῆς
628 1056 703 1091 πρὸς
714 1058 822 1091 Κύριον
833 1058 942 1092 λέγων·

160 1098 189 1124 Τί
204 1099 319 1132 ποίησω
333 1099 373 1131 τῷ
389 1099 453 1132 λαῷ
468 1101 577 1132 τούτῳ;
587 1102 630 1128 ἐτι
641 1101 759 1136 μικρὸν,
771 1101 820 1128 καί
830 1102 945 1128 λιθοϐο-

155 1141 293 1177 λήσουσί
307 1154 355 1179 με.
379 1144 440 1172 Εἶθ’
457 1148 473 1173 ό
493 1147 600 1180 Κύριος
622 1147 696 1181 πρὸς
712 1148 803 1174 αὐτόν
832 1155 943 1182 φησιν·

155 1186 227 1216 *Οδε
241 1189 298 1224 ἐγὼ
308 1190 421 1225 ἕστηκα
438 1191 494 1225 πρὸ
509 1192 563 1218 τοῦ
577 1192 614 1219 σὲ
627 1192 698 1225 ἐκεῖ,
707 1192 756 1219 ἐπὶ
771 1192 826 1226 τῆς
837 1193 945 1227 πέτρας

155 1235 191 1262 ὲν
203 1235 315 1269 Χωρήσ.
331 1236 385 1263 Kal
401 1236 522 1269 πατάξω
544 1237 601 1271 τὴν
614 1238 735 1272 πέτραν,
754 1239 804 1265 καί
824 1238 945 1270 ἐξελεύ-

156 1286 241 1306 σεται
252 1279 340 1314 ὕδωρ,
356 1280 405 1307 καὶ
419 1282 516 1308 πίεται
533 1283 549 1309 ό
564 1283 649 1316 λαός.
665 1283 718 1310 Kal
732 1283 874 1317 ἐποίησεν
894 1284 944 1310 οῦ-

157 1333 213 1358 τως
229 1326 352 1360 Μωσῆς.
373 1328 426 1354 Καὶ
441 1329 617 1363 ἐπωνόμασε
634 1329 666 1356 τὸ
683 1329 776 1365 ὄνομα
788 1329 840 1357 τοῦ
851 1331 944 1357 τόπου

156 1370 274 1398 ἐκείνου
292 1373 460 1407 Πειρασμὸς
477 1374 525 1400 καὶ
540 1375 726 1409 Λοιδόρησις,
743 1376 792 1402 διὰ
807 1377 865 1410 τὴν
881 1377 944 1403 λοι-

156 1416 261 1451 δορίαν
271 1418 330 1444 τῶν
344 1419 418 1445 υἱῶν
441 1420 575 1454 Ἰσραὴλ,
594 1422 642 1448 καὶ
664 1421 712 1448 διὰ
732 1421 785 1448 τοῦ
800 1421 944 1456 πειράζειν

156 1464 268 1497 αὐτοὺς
279 1465 397 1498 Κύριον,
405 1465 560 1500 λέγονταςο
573 1468 607 1493 El
618 1466 684 1493 ἐστι
693 1468 799 1501 Κύριος
813 1468 848 1494 ἐν
860 1469 941 1503 ἡμῖν,

157 1509 177 1544 ἢ
196 1510 248 1542 οὕ;
268 1511 361 1538 Ταῦτα
379 1512 466 1539 πάντα
477 1512 524 1538 τὸν
547 1513 576 1546 ἐξ
599 1512 683 1539 ἐθνῶν
698 1513 761 1540 λαὸν
783 1514 902 1541 διδάσκει
926 1516 942 1550 ή

159 1556 228 1591 μετὰ
241 1558 334 1592 χεῖρας
345 1558 509 1593 προφητεία,
521 1558 558 1589 ὡς
572 1558 604 1585 ἂν
622 1559 716 1594 μάθοιο
731 1560 814 1587 ποίων
825 1560 918 1596 ἔτυχεν
929 1562 943 1587 6

158 1602 265 1638 πρῶτος
287 1603 361 1635 λαὸς,
380 1604 426 1630 καὶ
443 1605 482 1636 εἰς
497 1602 554 1631 οἷον
578 1605 690 1640 ἐλήλυθε
709 1606 794 1638 τέλος,
812 1607 943 1643 σωφρονί-

158 1647 229 1679 ζοιτό
242 1657 270 1674 τε
285 1649 317 1674 ὲκ
332 1649 379 1675 τοῦ
392 1650 620 1685 παραδείγματος.
633 1650 678 1676 Διὺ
692 1653 748 1683 τοῖς
758 1652 942 1687 προλεχθεῖσιν

158 1694 382 1721 ἐπισυνάπτειτὰ
411 1695 475 1730 ἑξῆς
507 1696 673 1729 ἀναγκαίως,
698 1697 727 1723 ἐν
751 1694 792 1728 οἷς
819 1698 940 1733 εἴρηται”

160 1739 317 1772 Ἄκουσον,
341 1742 416 1774 λαός
437 1751 513 1776 μου,
537 1742 585 1769 καὶ
606 1742 856 1777 διαμαρτιφοῦμαί
873 1751 921 1771 σοι
934 1753 940 1759 ·

165 1785 298 1820 Ἰσραὴλ,
320 1787 374 1813 ἐὰν
395 1787 530 1821 ἀκούσῃς
551 1797 620 1822 μου,
634 1789 689 1815 οὑκ
705 1788 790 1815 ἔσται
809 1797 859 1816 σοι
872 1790 942 1823 Θεὸς

157 1831 341 1865 πρόσφατος,
365 1831 435 1858 οὐδὲ
458 1833 683 1868 προσκυνήσεις
703 1834 763 1867 Θεῷ
785 1835 940 1869 ἀλλοτρίῳ.

164 1875 234 1910 Ἐγὼ
248 1875 304 1910 γάρ
318 1877 376 1911 ειμι
392 1878 498 1911 Κύριος
512 1880 528 1905 ὁ
540 1879 611 1911 Θεός
629 1887 686 1906 σου
701 1881 718 1906 ό
733 1880 889 1914 ἀναγαγών
906 1888 942 1907 σε

157 1920 191 1947 ἐκ
206 1920 264 1955 γῆς
279 1923 431 1956 Al-rziztov
442 1930 448 1937 '
471 1924 628 1952 πλάτυνον
645 1925 678 1952 τὸ
697 1927 794 1961 στόμα
805 1934 874 1959 σου,
895 1927 942 1954 καὶ

157 1966 307 2000 κληρώσω
318 1968 400 1994 αὑτό.
413 1969 467 1995 Καὶ
483 1970 537 1996 οὐκ
552 1969 687 2003 ἤκουσεν
699 1973 715 1998 ὁ
727 1972 800 2004 λαός
816 1981 875 2006 μου
888 1973 942 2007 τῆς

157 2012 260 2047 φωνῆς
276 2011 346 2048 μου,
360 2014 410 2041 καὶ
439 2016 562 2049 Ἰσραὴλ
581 2018 616 2044 οὐ
643 2018 795 2052 προσέσχε
811 2028 871 2053 μοι.
887 2021 941 2046 Καὶ

157 2057 357 2090 ἐξαπέστειλα
378 2060 488 2094 αὐτοὺς
505 2062 579 2089 κατὰ
601 2062 636 2089 τὰ
655 2063 870 2098 ἐπιτηδεύματα
884 2065 943 2091 τῶν

158 2104 287 2139 καρδιῶν
299 2107 407 2133 αὐτῶν
422 2108 618 2141 πορεύσονται
629 2109 663 2136 ἐν
679 2109 739 2143 τοῖς
752 2108 943 2146 ἐπιτηδεύμα-

156 2158 211 2178 σιν
220 2151 328 2178 αὐτῶν.
341 2153 381 2179 Τὰ
394 2153 442 2188 μὲν
457 2155 522 2189 παρ’
535 2155 612 2189 ἐμοῦ,
629 2155 706 2190 φησὶ,
722 2156 894 2192 δεδωρημένα
903 2158 942 2193 τῷ

158 2196 213 2233 λαῷ
227 2198 340 2224 τοιαῦτα
358 2196 409 2234 ἦν,
426 2200 504 2226 ὁποῖα
520 2200 657 2235 διεξῆλθεν
676 2203 690 2228 6
712 2202 805 2236 λόγος’
825 2203 859 2230 τὰ
877 2203 898 2229 6‘
912 2204 943 2236 ἐξ

158 2242 246 2270 αὐτῶν
260 2244 300 2275 εἰς
317 2244 367 2280 ἐμὲ
384 2246 431 2280 οὐχ
447 2246 536 2280 ὃμοια,
554 2247 613 2273 οὐδὲ
628 2246 691 2279 ἄξια.
712 2244 748 2274 ὧν
762 2247 855 2283 ἔτυχον
876 2250 941 2284 παρ’

993 325 1131 361 —(Vsns.
1148 325 1188 360 8.)
1200 324 1233 352 In
1253 324 1423 352 tribulatione
1437 324 1565 351 inuocaui
1573 330 1622 356 me,
1637 327 1662 350 et
1669 322 1777 349 liberavi

995 376 1035 403 te,
1049 370 1172 398 exaudiui
1186 375 1210 398 te
1223 370 1251 397 in
1266 369 1421 397 abscondito
1435 369 1612 404 tempestatis,
1627 367 1736 403 probari
1752 370 1777 394 te

994 417 1064 452 apud
1079 425 1175 453 aquam
1190 415 1417 444 contradictionis.
1432 415 1486 446 I’ro
1500 415 1546 443 illo
1561 420 1668 442 autem:
1684 412 1777 440 Exau-

994 463 1048 490 divi
1063 467 1087 490 te
1102 463 1130 490 in
1144 462 1297 490 abscondito
1313 463 1475 496 tempestatis
1487 482 1494 493 ,
1509 461 1606 496 Aquila
1620 461 1660 488 sic
1673 459 1754 487 habet
1766 468 1775 488 :

996 510 1146 536 Exaudiant
1159 514 1182 536 te
1200 510 1228 536 in
1242 509 1394 536 abscondito
1407 508 1515 535 tonitrui
1526 528 1533 540 ,
1544 512 1571 534 et
1585 507 1679 542 quinta
1693 506 1776 534 editio

995 556 1130 583 similiter.
1151 555 1253 583 Deinde
1271 555 1363 582 subdit
1388 563 1395 581 :
1421 554 1537 581 Prabavi
1552 557 1574 579 te
1592 552 1660 587 apud
1679 560 1773 587 aquam

995 601 1224 629 contradictionis.
1239 600 1316 634 Quod
1331 601 1419 635 ipsum
1435 600 1509 627 clare
1522 598 1622 634 Moysis
1635 597 1776 632 Scriptura

995 652 1104 674 enarrat
1119 647 1162 675 his
1175 646 1286 674 verbis:
1304 645 1366 673 Non
1379 650 1437 673 erat
1450 651 1538 672 autem
1553 653 1621 680 aqua
1637 644 1670 671 ad
1689 643 1777 671 biben-

995 693 1058 719 dum
1078 692 1195 727 populo:
1212 697 1236 719 et
1252 692 1376 727 jurgatus
1393 695 1431 718 est
1455 692 1568 726 populus
1588 695 1680 717 contra
1702 689 1778 724 Moy-

995 748 1049 766 sem
1065 739 1154 766 dicens
1167 748 1173 766 :
1185 738 1225 765 Da
1244 739 1318 765 nobis
1338 746 1444 772 aquam,
1461 743 1490 764 ut
1506 737 1637 764 bibamus.
1654 736 1704 763 Ille
1718 734 1777 763 vero

995 785 1096 812 dicebat
1112 793 1122 811 :
1133 785 1221 818 Quare
1234 784 1381 820 jurgamini
1400 791 1517 816 mecum,
1534 788 1580 810 aut
1601 791 1649 810 cur
1672 781 1778 809 tentatis

996 830 1138 858 Dominum
1152 830 1192 857 "7
1205 829 1303 857 Postea
1319 837 1400 856 vero:
1416 828 1492 855 Dixit
1503 828 1608 864 Moyses
1625 827 1659 857 ad
1683 827 1778 854 Domi-

997 884 1056 902 num
1066 883 1077 903 :
1093 875 1162 908 Quid
1181 875 1279 908 faciam
1294 874 1391 909 populo
1406 874 1490 901 huic?
1503 881 1598 908 parum
1615 872 1699 899 aberit
1714 872 1778 907 quin

998 921 1115 956 lapidem
1129 929 1179 948 me.
1196 920 1296 948 Deinde
1311 920 1348 947 ait
1364 919 1492 946 Dominus
1507 918 1541 945 ad
1565 926 1624 945 eum
1637 926 1646 945 .'
1662 917 1713 944 Hic
1731 926 1778 952 ego

996 974 1037 995 sto
1053 973 1113 995 ante
1128 973 1151 995 te
1165 968 1192 995 in
1204 972 1278 1002 petra
1289 968 1317 994 in
1330 967 1441 994 Choreb.
1456 966 1488 993 Et
1501 965 1645 1000 percutiam
1659 968 1776 998 petram.

995 1020 1020 1042 et
1035 1014 1116 1041 exibit
1131 1022 1211 1049 aqua,
1226 1019 1249 1040 et
1268 1013 1335 1040 bibet
1350 1013 1470 1047 populus.
1486 1011 1519 1038 Et
1536 1011 1596 1045 fecit
1605 1011 1642 1037 ita
1659 1009 1774 1045 Moyses.

995 1060 1031 1087 Et
1046 1060 1143 1086 vocavit
1157 1067 1247 1085 nomen
1266 1059 1316 1085 loci
1329 1057 1600 1090 illius,Tentationem
1609 1054 1775 1089 etlurgtum,

994 1109 1099 1139 propter
1114 1104 1234 1138 jurgium
1250 1103 1366 1132 ﬁliorum
1392 1102 1497 1135 Israel,
1525 1107 1549 1129 et
1575 1102 1638 1136 quia
1663 1105 1777 1128 tentave-

994 1155 1055 1176 runt
1075 1149 1215 1177 Dominum
1231 1149 1366 1176 dicentes:
1382 1149 1421 1174 An
1439 1152 1477 1175 est
1496 1147 1624 1174 Dominus
1640 1147 1667 1172 in
1691 1145 1775 1176 nobis,

994 1203 1073 1222 necne
1088 1194 1131 1214 ’σν
1145 1193 1207 1221 llaec
1223 1194 1381 1221 universum
1395 1200 1429 1220 ex
1441 1192 1568 1227 gentibus
1580 1190 1709 1226 populum
1727 1189 1778 1216 do-

995 1245 1037 1269 cet
1066 1247 1186 1275 praesens
1210 1239 1369 1274 prophetia,
1387 1242 1417 1265 ut
1439 1238 1529 1266 sciant
1548 1244 1609 1273 qua:
1630 1236 1720 1272 prisco
1738 1234 1777 1262 illi

994 1286 1095 1322 populo
1109 1285 1269 1319 acciderint,
1281 1289 1308 1313 et
1322 1284 1368 1321 qui
1384 1284 1446 1312 linis
1461 1283 1521 1319 eius
1534 1284 1632 1315 fuerit;
1648 1286 1730 1318 atque
1743 1289 1776 1308 ex

993 1332 1053 1366 ejus
1066 1331 1191 1366 exemplo
1204 1331 1237 1358 ad
1252 1330 1386 1358 cautelam
1400 1334 1521 1356 vocetur.
1539 1328 1628 1361 Quare
1640 1326 1777 1362 prazdictis

995 1377 1051 1404 haec
1070 1385 1131 1412 qua;
1148 1381 1301 1412 sequuntur
1324 1375 1481 1403 necessario
1501 1374 1594 1409 adjicit
1609 1383 1616 1400 ι
1630 1388 1665 1393 -
1692 1372 1775 1401 Vsus.

994 1422 1072 1450 9-15.
1095 1423 1176 1454 Audi,
1195 1423 1305 1457 populus
1314 1430 1396 1454 meus,
1406 1427 1429 1449 et
1438 1420 1599 1456 testiﬁcabor
1607 1421 1671 1447 tibi:
1679 1419 1775 1453 Israel,

993 1469 1017 1496 si
1032 1470 1148 1497 audieris
1163 1478 1213 1503 me,
1226 1478 1276 1496 non
1290 1470 1339 1496 erit
1354 1470 1380 1496 in
1392 1475 1415 1496 te
1424 1468 1494 1495 Deus
1503 1476 1601 1500 recens,
1615 1475 1694 1503 neque
1708 1467 1775 1493 ado-

993 1516 1065 1543 rabis
1082 1515 1165 1542 Deum
1180 1515 1304 1542 alienum.
1322 1515 1378 1550 Ego
1397 1515 1465 1542 enim
1489 1523 1547 1541 sum
1562 1513 1689 1540 Dominus
1706 1512 1775 1539 Deus

993 1561 1115 1596 tuus,qui
1128 1560 1209 1587 eduxi
1219 1565 1242 1587 te
1250 1561 1281 1588 de
1295 1565 1365 1587 terra
1375 1559 1501 1594 Egypti;
1511 1559 1596 1585 dilata
1610 1566 1638 1585 os
1653 1562 1737 1590 tuum,
1751 1563 1776 1584 et

994 1608 1106 1642 implebo
1118 1607 1197 1634 illud.
1215 1606 1250 1634 Et
1276 1614 1327 1633 non
1351 1606 1452 1633 audivit
1468 1605 1579 1640 populus
1593 1612 1665 1631 meus
1690 1612 1776 1631 uocem

993 1664 1089 1688 meam,
1101 1659 1126 1682 et
1142 1653 1228 1681 Israel
1241 1661 1292 1680 non
1312 1652 1425 1679 intendit
1440 1652 1515 1678 milii.
1537 1650 1570 1677 Et
1582 1651 1672 1677 dimisi
1681 1658 1723 1676 eos
1736 1658 1777 1676 se-

993 1701 1108 1728 cundum
1125 1700 1258 1729 desideria
1270 1699 1355 1726 cordis
1368 1706 1474 1730 eorum;
1487 1697 1560 1724 ibunt
1572 1698 1598 1724 in
1613 1696 1777 1724 adinventio-

993 1747 1069 1774 nibus
1082 1747 1148 1773 suis.
1163 1745 1241 1774 Talia
1257 1749 1345 1776 erant.
1363 1744 1462 1780 inquit,
1485 1751 1598 1771 munera
1618 1743 1718 1778 populo
1729 1750 1777 1777 per

993 1800 1037 1820 me
1050 1793 1161 1825 collata,
1172 1792 1262 1827 qualia
1276 1798 1367 1819 sermo
1391 1790 1540 1817 enarravit.
1555 1789 1607 1816 Sed
1620 1797 1680 1824 quae
1695 1788 1722 1815 in
1735 1796 1778 1815 me

993 1839 1045 1874 ipsi
1061 1846 1200 1874 peregere,
1212 1845 1267 1865 non
1284 1836 1395 1867 similia,
1420 1843 1509 1870 neque
1532 1835 1612 1870 digna
1638 1834 1672 1862 iis
1698 1838 1777 1861 erant

993 1893 1054 1921 quae
1067 1892 1082 1911 a
1096 1892 1139 1911 me
1156 1882 1299 1911 consecuti
1314 1886 1387 1910 sunt.
1404 1880 1543 1916 Siquidem
1554 1888 1604 1915 ego
1622 1883 1662 1907 tot
1686 1884 1776 1907 tanto-

992 1938 1108 1965 rumque
1124 1930 1192 1965 ipsis
1208 1929 1320 1964 largitor
1348 1929 1492 1960 bonorum,
1510 1927 1562 1954 hoc
1577 1934 1661 1954 unum
1675 1926 1709 1953 ab
1736 1926 1777 1954 eis

992 1980 1134 2011 expetens,
1152 1975 1225 2010 quod
1243 1982 1310 2003 sane
1331 1976 1419 2010 legum
1444 1980 1550 2002 summa
1575 1977 1602 2001 et
1626 1976 1708 2008 caput
1722 1976 1775 2004 est,

992 2026 1023 2049 ut
1035 2029 1088 2049 non
1100 2021 1181 2054 idola,
1191 2021 1238 2049 sed
1252 2028 1294 2048 me
1309 2021 1397 2048 solum
1408 2019 1492 2047 Deum
1504 2020 1635 2051 colerent,
1648 2018 1775 2054 pmcepi,

992 2065 1036 2092 his
1052 2064 1114 2092 illos
1129 2071 1306 2092 commonens
1321 2063 1425 2090 verbis:
1437 2062 1517 2094 Audi,
1530 2061 1641 2097 populus
1656 2069 1738 2094 meus,
1750 2065 1775 2087 et

992 2111 1154 2145 testiﬁcabor
1170 2110 1218 2137 tibi
1232 2117 1242 2137 :
1255 2109 1354 2143 Israel,
1366 2110 1388 2136 si
1403 2109 1519 2136 audieris
1538 2117 1588 2141 me,
1613 2115 1665 2134 non
1682 2107 1731 2134 erit
1747 2107 1774 2132 in

994 2163 1017 2184 te
1036 2157 1105 2184 Deus
1118 2165 1217 2190 recens,
1234 2164 1314 2191 neque
1327 2155 1452 2182 adorabis
1477 2155 1560 2181 Deum
1577 2154 1702 2181 alienum.
1720 2151 1775 2187 Ego

992 2205 1060 2231 enim
1072 2212 1130 2230 sum
1142 2203 1270 2230 Dominus
1289 2202 1357 2229 Deus
1377 2206 1447 2233 tuus,
1464 2202 1509 2236 qui
1521 2200 1599 2227 eduxi
1613 2205 1636 2227 te
1647 2200 1679 2226 de
1704 2204 1777 2225 terra

993 2250 1114 2284 Egypti.
1130 2248 1193 2277 Ηωε
1208 2248 1312 2280 monui,
1330 2247 1386 2275 haec
1410 2247 1527 2283 praecepi
1544 2255 1550 2272 ε
1567 2246 1624 2272 haec
1649 2248 1707 2271 crat
1731 2247 1774 2270 to-

158 2287 235 2323 ὲμοῦ.
255 2289 326 2323 Ἐγὼ
347 2291 395 2325 μὲν
409 2290 462 2326 γὰρ
474 2292 488 2317 6
499 2291 553 2317 τῶν
569 2292 703 2319 τοσούτων
720 2293 811 2325 αὐτοῖς
824 2294 941 2330 χορηγὸς

994 2296 1049 2322 tius
1066 2294 1133 2330 legis
1147 2302 1214 2322 mea;
1231 2302 1307 2322 mens
1318 2296 1345 2321 et
1368 2292 1514 2321 sententia.
1540 2289 1686 2324 Praeceptis
1709 2295 1776 2315 vero

158 2333 278 2368 ἀγαθῶν,
287 2334 316 2361 ἓν
328 2335 400 2361 τοῦτ’
414 2336 554 2368 αὑτοῖς,τὺ
562 2337 595 2372 δὴ
609 2337 663 2364 τῶν
679 2338 768 2373 νόμων
783 2339 940 2373 κεφάλαιον,

157 2378 228 2413 λέγω
240 2379 269 2406 δὲ
283 2380 312 2406 τὸ
324 2380 361 2416 μὴ
375 2381 586 2417 εἰδωλολατρείν,
602 2383 651 2417 ἐμὲ
660 2383 688 2409 δὲ
703 2384 782 2419 μόνον
795 2384 860 2411 Θεὸν
875 2386 942 2412 ειδέ-

158 2434 211 2459 ναι,
227 2426 480 2463 παρεκελευσάμην,
494 2428 564 2455 αὐτὰ
580 2429 611 2464 δὴ
628 2429 713 2456 ταῦτα
733 2431 874 2466 παραινῶν
897 2432 942 2458 καὶ

158 2471 254 2505 λέγων·
274 2473 430 2505 Ἄκουσον,
445 2475 520 2507 λαός
534 2483 604 2509 μου,
626 2476 674 2502 καὶ
691 2476 943 2511 διαμαρτυροῦμαί

157 2524 206 2542 σοι
215 2525 222 2532 “
245 2517 374 2551 Ἰσραὴλ,
390 2518 444 2545 ἐὰν
455 2520 590 2554 ἀκούσῃς
598 2530 668 2555 μου,
681 2522 735 2549 οὐκ
744 2522 828 2549 ἔσται
841 2523 876 2549 ἐν
890 2523 939 2549 σοὶ

159 2563 229 2596 Θεὸς
243 2564 427 2597 πρόσφατος,
442 2565 513 2592 οὐδὲ
532 2567 756 2600 προσκυνήσεις
769 2567 830 2600 Θεῷ
846 2568 939 2595 ἀλλο-

157 2610 241 2643 τρίῳ·
254 2610 312 2645 ἐγὼ
325 2610 380 2645 γάρ
398 2612 456 2645 εΙμι
472 2613 578 2646 Κύριος
593 2616 610 2640 ό
629 2614 701 2647 Θεός
723 2622 781 2641 σου
793 2616 810 2641 ό
829 2615 939 2649 ἀναγα-

157 2654 216 2688 γών
232 2662 269 2682 σε
280 2655 315 2682 ἐκ
329 2655 385 2691 τῆς
397 2658 557 2691 Αἰγύπτου.
579 2660 670 2685 Ταῦτα
686 2660 834 2695 παρῄνουν,
855 2661 940 2687 ταῦτα

157 2700 393 2737 παρεκελευόμην,
415 2702 500 2730 ταῦτα
512 2705 526 2730 6
549 2705 602 2736 πᾶς
620 2705 669 2740 τῆς
697 2705 766 2740 ἐμῆς
783 2706 942 2741 νομοθεσίας

157 2745 282 2774 ἐϐούλετο
295 2747 367 2779 νοῦς.
383 2748 507 2784 Συνῆπτό
519 2759 548 2776 τε
562 2751 618 2782 τοῖς
633 2751 858 2787 παραγγέλμασιν
873 2753 941 2786 ἀγα-

158 2789 210 2817 θῶν
221 2792 381 2826 ὲπαγγελία,
395 2794 429 2820 δι’
439 2790 476 2821 ὧν
487 2794 604 2829 ἔφασκον
615 2803 620 2810 ’
634 2795 792 2823 Πλάτυνον
803 2796 835 2823 τὸ
844 2799 941 2831 στόμα

157 2844 225 2870 σου,
240 2838 290 2864 καί
308 2840 456 2873 πληρώσω
470 2841 552 2868 αὑτό.
568 2841 600 2867 Εἰ
620 2841 674 2876 γὰρ
693 2841 778 2869 ταῦτα
797 2842 938 2876 φυλάξετε,

195 2928 216 2943 ⁸⁸
237 2928 320 2955 mod.
343 2937 372 2961 ιι,
388 2930 432 2956 ‘22.
462 2908 493 2945 ,⁵³
513 2929 597 2957 Exod.
616 2939 681 2964 xvn,
703 2933 726 2959 1.
765 2932 787 2947 ’⁸
807 2930 870 2958 ibid.
891 2932 917 2959 ιι.

993 2341 1129 2368 bonorum
1156 2340 1301 2376 promissio
1323 2338 1520 2374 copulabatur.
1543 2344 1604 2364 cum
1632 2335 1773 2362 dicerem:

993 2386 1086 2413 Dilata
1102 2395 1130 2413 os
1144 2391 1228 2418 tuum,
1243 2391 1267 2413 et
1281 2385 1392 2419 implebo
1409 2384 1487 2410 illud.
1508 2382 1575 2409 Nam
1601 2382 1658 2408 haec
1674 2380 1696 2407 si
1714 2387 1775 2407 ser-

993 2432 1072 2465 vetis,
1091 2431 1191 2459 aﬂ‘atim
1208 2431 1380 2466 ubertimque
1392 2430 1444 2457 cibi
1460 2428 1537 2456 vobis
1560 2426 1774 2462 suppeditabun-

994 2483 1048 2510 tur,
1065 2478 1121 2505 sive
1133 2477 1268 2512 corporei,
1285 2477 1343 2503 sive
1359 2476 1378 2503 ii
1390 2475 1437 2510 qui
1458 2482 1506 2509 per
1521 2473 1627 2501 divinas
1652 2472 1775 2507 discipli-

994 2531 1043 2551 nas
1057 2523 1154 2550 animze
1169 2522 1423 2550 subministrantur.
1440 2520 1497 2555 Ego
1522 2519 1631 2554 quidem
1646 2518 1702 2545 haec
1717 2525 1775 2545 mo-

993 2569 1101 2600 nebam,
1119 2568 1176 2595 haec
1187 2567 1395 2603 promittebam;
1413 2566 1452 2593 illi
1470 2571 1560 2593 autem
1576 2572 1671 2592 vocem
1686 2571 1775 2591 meam

993 2622 1048 2641 non
1065 2613 1209 2641 audierunt
1225 2623 1231 2640 :
1247 2617 1273 2641 et
1281 2613 1374 2645 Israel,
1388 2612 1434 2647 qui
1446 2611 1529 2639 tantis
1542 2610 1682 2638 beneﬁciis
1693 2617 1775 2637 oma-

993 2665 1038 2687 tus
1055 2664 1107 2693 est,
1136 2667 1190 2687 non
1214 2659 1329 2686 intendit
1354 2658 1440 2685 mihi:
1457 2657 1518 2685 ideo
1538 2656 1601 2691 jure
1621 2656 1711 2682 dimisi
1730 2662 1772 2681 eos

995 2706 1138 2733 secundum
1158 2705 1290 2732 desideria
1314 2705 1400 2732 cordis
1418 2711 1517 2731 eorum.
1542 2702 1596 2730 Pro
1622 2710 1676 2736 quo
1696 2700 1774 2736 Sym-

994 2750 1109 2777 machus
1123 2750 1317 2785 interpretatus
1330 2754 1391 2777 est:
1412 2748 1473 2775 Non
1489 2748 1590 2775 audivit
1619 2752 1705 2773 autem
1724 2754 1772 2780 po-

993 2796 1071 2830 pulus
1083 2804 1155 2822 meus
1167 2804 1252 2822 vocem
1263 2803 1359 2829 meam,
1383 2800 1408 2822 et
1424 2794 1507 2822 Israel
1520 2802 1570 2820 non
1587 2791 1772 2827 obtemperavit

993 2843 1066 2870 mihi.
1087 2842 1184 2870 Dimisi
1203 2850 1264 2878 ergo
1288 2842 1349 2869 illos
1372 2842 1530 2877 beneplacito
1554 2839 1641 2867 cordis
1663 2838 1716 2870 sui,
1742 2840 1771 2864 ut
