2024 3214
220 215 274 243 979

568 216 703 245 EUSEBII
721 215 963 244 CESARIENSIS
984 215 1059 244 OPP.
1081 215 1174 244 PARS
1193 215 1237 245 Ill.
1250 216 1500 245 ~EXEGETICA.

1797 215 1850 244 980

221 273 355 301 ambulent
370 274 397 301 in
414 274 533 302 consiliis
549 275 616 302 suis.
644 275 714 302 Hine
729 274 838 302 divinus
864 274 1011 309 Apostolus

1078 274 1220 306 ιχοπιάτως
1231 274 1307 308 ἕξετε
1319 275 1365 302 καὶ
1377 274 1597 311 πεπληρωμένως
1610 273 1659 306 τὰς
1669 273 1781 311 τροφὰς,
1795 275 1850 301 εἴτε

221 320 256 347 de
272 320 436 355 quibusdam
450 321 530 349 docet
548 330 554 347 :
574 321 690 356 Propter
715 322 786 357 quod
813 321 924 348 tradidit
951 321 1011 348 illos

225 366 295 393 Deus
309 367 336 393 in
354 367 486 394 desideria
501 367 588 394 cordis
603 376 695 394 eorum
711 368 745 394 '7.
758 367 811 394 Pro
836 368 882 394 illo
908 370 1010 399 autem,

224 411 286 439 Non
298 414 349 440 erit
360 414 388 440 in
401 418 425 441 te
437 413 507 441 Deus
525 422 633 441 recens:
649 414 758 448 Aquila,
788 413 849 440 Non
871 414 920 441 erit
944 414 972 440 in
989 418 1012 440 te

222 459 300 493 fortis
310 459 412 486 alienus
422 468 432 492 ;
445 459 626 495 Symmachus
639 468 704 487 vero
718 469 723 486 :
735 459 796 486 Non
809 460 843 486 sit
860 460 887 486 in
902 465 927 487 te
942 460 1012 487 Deus

222 510 362 533 extraneas
381 526 389 539 ,
418 507 589 541 interpretati
615 510 680 533 sunt
713 506 879 533 Extraneum
895 511 985 534 autem
1005 516 1011 534 :

223 552 342 580 alienum
356 557 384 580 et
400 556 539 580 recentem
554 551 650 584 Deum,
669 554 715 587 qui
740 552 803 579 talis
818 552 890 587 apud
919 556 1013 587 gentes

224 598 294 626 falso
319 601 480 633 reputatur,
508 597 671 631 nominavit,
693 598 844 625 multorum
870 598 1014 626 numinum

225 644 408 671 idololatriam
422 645 462 671 sic
478 644 593 679 carptim
607 651 772 671 memorans.
786 643 891 677 Quibus
903 645 995 673 subdit
1007 655 1013 673 :

225 690 282 726 Ego
299 690 370 717 enim
386 698 445 716 sum
475 690 603 717 Dominus
619 689 689 716 Deus
714 694 786 722 tuus,
810 690 956 718 declarans
986 699 1016 719 se

225 744 315 772 neque
327 740 498 768 extraneum,
516 743 604 771 neque
629 736 760 768 alienum,
779 743 868 772 neque
878 741 1015 764 recentem

226 783 311 810 Deum
323 790 394 810 esse.
412 782 475 809 Erat
491 782 592 818 quippe
609 790 692 810 unum
719 787 746 810 et
770 782 842 811 idem
874 783 921 811 Dei
948 782 1016 811 Ver-

225 829 302 860 bum.
318 828 389 864 quod
405 829 470 856 olim
482 828 667 856 diversimode
687 830 808 864 antiquis
834 829 888 857 illis
905 830 1017 857 oracula

226 875 368 908 fundebat,
385 876 513 911 quodque
528 875 601 903 Deus
612 875 698 903 Iacob
711 880 835 908 vocatur,
853 877 925 912 quod
952 876 1017 904 item

227 921 255 948 in
269 921 505 949 consummatione
532 922 695 949 saeculorum
711 922 740 949 in
764 925 837 949 terra
847 922 936 949 visum
965 926 1016 949 est.

1063 320 1111 351 τὰς
1123 320 1171 347 τοῦ
1187 319 1322 356 σώματος,
1337 321 1392 348 εἴτε
1413 321 1459 348 καὶ
1474 321 1523 353 τὰς
1536 321 1579 348 διὰ
1590 321 1670 348 θείων
1684 321 1851 357 μαθημάτων

1064 366 1096 401 τῇ
1111 366 1184 401 ψυχῇ
1202 366 1417 402 χορηγουμένας.
1442 366 1512 401 Ἐγὼ
1529 367 1578 402 μὲν
1592 364 1637 393 οὖν
1657 366 1744 393 ταῦτα
1765 366 1852 402 mor;-

1064 421 1124 438 νουν
1142 413 1189 438 καὶ
1206 412 1426 448 ἐπηγγελλόμην·
1441 413 1466 439 οἱ
1483 413 1512 439 δὲ
1528 413 1578 439 οὐκ
1600 412 1698 448 ἢκουον
1711 412 1759 448 τῆς
1781 411 1852 446 ἐμῆς

1065 457 1173 493 φωνῆς·
1200 458 1247 484 καὶ
1267 459 1281 484 ό
1303 458 1438 485 τοσούτων
1462 457 1665 493 κατηξιωμένος
1689 457 1852 492 εὐεργεσιῶν

1071 504 1180 540 Ἰσραὴλ
1201 504 1231 530 οὑ
1268 505 1402 539 προσέσχε
1433 513 1491 540 μοι·
1523 504 1583 531 ὅθεν
1608 503 1721 535 είκὸτως
1745 502 1852 535 ἐξαπέ-

1065 552 1171 578 creua.
1190 551 1301 583 αὐτοὺς
1316 551 1390 577 κατὰ
1403 550 1440 577 τὰ
1462 549 1681 584 ἐπιτηδεύματα
1700 549 1759 576 τῶν
1782 557 1849 583 κειρ-

1065 596 1138 623 διῶν
1147 597 1256 624 αὐτῶν.
1266 597 1335 623 Ἀνθ“
1344 594 1373 623 οὗ
1384 597 1398 623 ὁ
1409 596 1554 632 Σύμμαχος
1571 597 1742 632 ἡρμήνευε-εν
1755 595 1854 622 εἰπών’

1063 644 1125 678 οὐχ
1141 644 1301 678 ὑπήκουσε
1319 643 1354 670 δὲ
1373 646 1389 670 ό
1414 645 1489 676 λαός
1509 652 1568 677 μου
1585 643 1641 676 τῆς
1661 641 1764 677 φωνῆς
1783 650 1854 676 μου,

1067 691 1118 718 καὶ
1135 691 1254 726 Ἰσραὴλ
1267 693 1322 719 οὐκ
1338 692 1462 725 ἐπείσθη
1476 700 1537 726 μοι.
1558 689 1669 724 law-(xu
1678 687 1735 716 οὖν
1745 688 1858 721 αὐτοὺς

1067 737 1105 771 τῇ
1119 738 1259 772 ἀρεσκείᾳ
1291 738 1347 773 τῆς
1367 737 1492 772 καρδίας
1514 736 1633 768 αὐτῶν,
1655 735 1770 763 ὁδεύειν
1792 734 1858 768 ταῖς

1066 784 1194 818 ,βουλαῖς
1209 784 1317 812 αὐτῶν.
1341 784 1482 812 Ἐντεῦθεν
1499 785 1513 811 ὸ
1528 784 1598 815 θεῖος
1607 782 1767 814 Ἀπόστολος
1783 782 1856 808 διδά-

1070 840 1129 858 σκει
1152 831 1215 867 περί
1229 840 1310 858 τινων
1324 830 1411 866 λέγων
1424 839 1430 846 ·
1454 831 1502 858 Διὸ
1519 830 1691 865 παρέδωκεν
1712 828 1823 861 αὐτοὺς
1842 829 1860 855 d

1071 877 1142 910 Θεὸς
1168 878 1203 904 ἐν
1231 876 1295 910 ταῖς
1318 877 1488 912 ἐπιθυμίαις
1511 876 1571 903 τῶν
1597 875 1725 910 καρδιῶν
1748 872 1858 901 αὐτῶν.

1076 923 1149 949 Ἀντὶ
1164 923 1192 950 δὲ
1207 923 1265 949 τοῦδ
1286 924 1346 950 Οὐκ
1361 923 1447 950 ἔσται
1463 923 1498 949 ἐν
1517 923 1566 950 σοὶ
1584 922 1656 955 Θεὸς
1674 921 1860 955 πρόσφατος,

227 961 295 994 Nam
306 967 388 995 etiam
400 971 463 995 ante
480 967 603 994 divinum
619 975 698 995 suum
711 968 857 996 adventum
873 968 900 995 in
915 968 1017 995 mundo

1078 970 1083 995 ᾧ
1106 969 1220 1001 Ἀκύλας
1230 978 1236 984 ·
1250 970 1312 996 Οὐκ
1326 969 1411 996 ἔσται
1422 969 1458 996 ἐν
1468 969 1517 996 σοὶ
1540 968 1666 1003 ἰσχυρὸς
1682 968 1859 1000 ἀλλότριος·

227 1018 297 1046 erat,
309 1018 336 1041 et
354 1014 473 1042 mundus
485 1022 532 1050 per
544 1015 633 1050 ipsum
648 1014 737 1042 factus
753 1018 804 1041 est.
832 1013 1016 1047 Quamobrem

1078 1017 1083 1042 i
1098 1015 1126 1042 δὲ
1141 1016 1296 1051 Σύμμαχος
1310 1015 1358 1050 Μὴ
1370 1016 1448 1043 ἔστω
1462 1016 1497 1042 ἐν
1511 1015 1560 1043 σοὶ
1572 1014 1644 1048 Θεὸς
1659 1014 1757 1046 ξένος,
1769 1013 1862 1048 ἡρμή-

228 1060 286 1087 hac
302 1060 427 1087 instituta
443 1061 527 1088 tradit
543 1070 549 1088 :
563 1060 620 1096 Ego
635 1062 705 1087 enim
720 1069 779 1087 sum
806 1060 935 1087 Dominus
948 1060 1016 1088 Deus

1078 1071 1160 1089 IE'JG’S.
1179 1062 1260 1090 Ξένον
1279 1063 1307 1090 δὲ
1324 1063 1371 1090 καὶ
1388 1063 1526 1099 ἀλλότριον
1542 1061 1608 1088 Θεὸν
1629 1061 1676 1088 καὶ
1693 1060 1861 1096 πρόσφατον,

229 1112 299 1139 tuus,
313 1107 357 1142 qui
370 1107 451 1134 eduxi
464 1111 488 1133 te
501 1107 532 1133 de
545 1112 616 1134 terra
630 1107 751 1142 gypti.

1078 1108 1118 1135 τὸν
1143 1108 1359 1144 πεπλανημένως
1383 1108 1459 1143 παρὰ
1481 1108 1536 1139 τοῖς
1559 1107 1648 1133 ἔθνεσι
1670 1104 1865 1141 νενομισμένον

228 1155 363 1191 ὠνόμασε,
380 1155 429 1190 τὴν
444 1154 574 1181 πολύθεΟν
594 1154 816 1191 εἰδωλολατρείαν
836 1155 908 1182 οὕτω
929 1156 1190 1192 παραπεμπόμενος.
1206 1154 1253 1188 Οἷς
1266 1155 1401 1190 ἐπιλέγει’
1427 1155 1497 1190 Ἐγὼ
1616 1154 1674 1188 ειμι
1706 1152 1814 1186 Κύριος
1847 1152 1864 1177 ὁ

230 1203 303 1236 Bede
318 1211 392 1236 σου,
414 1203 549 1239 παριστὰς
565 1201 659 1229 ἑαυτὸν
675 1202 735 1229 οὔτε
753 1202 837 1236 ξένον,
859 1202 920 1229 οὔτε
936 1204 1085 1240 ἀλλότριον,
1097 1203 1159 1230 οὔτε
1176 1204 1332 1240 πρόσφατον
1350 1203 1415 1230 ὅντα
1430 1203 1505 1230 Θεόν.
1536 1200 1590 1229 Ἦν
1620 1201 1675 1238 γὰρ
1695 1198 1735 1232 εἷς
1771 1200 1820 1226 καὶ
1849 1200 1864 1225 ὁ

229 1250 310 1281 αὐτὸς
321 1250 336 1276 ὁ
352 1249 399 1276 τοῦ
415 1248 483 1275 Θεοῦ
499 1248 596 1283 Λόγος,
617 1249 664 1275 καὶ
679 1249 694 1275 ὁ
713 1249 796 1276 πάλαι
813 1249 950 1285 διαφόρως
963 1251 1020 1281 τοῖς
1039 1250 1164 1282 παλαιοῖς
1183 1249 1370 1286 χρηματίζων,
1387 1251 1401 1276 ό
1411 1249 1442 1285 δὴ
1453 1250 1500 1276 καὶ
1519 1248 1585 1280 Θεὸς
1602 1247 1699 1274 ’Ῑακὼὸ
1716 1246 1864 1281 ἐπικεκλη-

232 1297 327 1333 μένος,
341 1297 356 1322 ὁ
381 1295 427 1322 καὶ
453 1295 499 1321 ἐπὶ
523 1295 665 1331 συντελείᾳ
688 1295 743 1322 τῶν
763 1295 868 1322 αἰώνων
893 1297 939 1322 ἐπὶ
964 1296 1017 1331 γῆς
1036 1296 1139 1331 ὀφθείς.
1154 1296 1261 1332 Ἐνγὰρ
1272 1296 1311 1332 τῷ
1323 1296 1418 1332 κόσμῳ
1429 1294 1463 1331 ἦν
1475 1295 1521 1322 καὶ
1551 1294 1605 1330 πρὸ
1614 1294 1664 1329 τῆς
1694 1292 1864 1327 θεοφανείας,

231 1344 301 1372 καὶὸ
312 1344 413 1379 κόσμος
422 1343 457 1370 δι’
467 1343 549 1371 αὐτοῦ
563 1343 680 1377 ἐγένετο.
694 1343 793 1379 Διόπερ
806 1343 1021 1379 παρακελεύεται
1039 1344 1125 1380 λέγων
1135 1352 1142 1359 ο
1166 1344 1235 1379 Ἐγὼ
1252 1344 1308 1379 γάρ
1327 1345 1385 1379 εἰμι
1397 1343 1504 1378 Κύριος
1521 1344 1536 1369 ό
1552 1342 1623 1375 Θεός
1644 1348 1714 1373 σου,
1743 1341 1761 1367 ό
1791 1339 1866 1368 ἁνα-

231 1391 330 1426 τατών
343 1400 380 1418 σε
392 1391 426 1418 ἐκ
445 1390 502 1426 γῆς
516 1392 679 1426 Αἰγύπτου.

268 1449 352 1478 Vens.
369 1450 469 1481 14,15.
484 1449 515 1477 Si
528 1450 639 1486 populus
652 1459 723 1479 meus
735 1451 852 1479 audisset
867 1460 918 1484 nte,
938 1451 1024 1479 Israel

233 1498 256 1525 si
268 1498 295 1524 in
307 1497 355 1525 viis
372 1497 436 1524 meis
448 1497 610 1524 ambulasse!
620 1519 627 1532 ,
643 1506 690 1533 pro
704 1498 787 1525 nihilo
802 1499 918 1532 forsitan
931 1499 1024 1526 inimi-

234 1553 278 1571 cos
305 1551 397 1571 eorum
419 1543 612 1577 Immiliassem,
639 1549 663 1571 et
691 1553 769 1580 super
795 1545 952 1573 tribulantes
981 1555 1024 1574 eos

235 1591 367 1617 misissem
382 1598 489 1616 "ianum
504 1598 600 1617 meam.
613 1591 684 1618 Iram
700 1591 800 1627 quippe
821 1591 869 1620 Dei
883 1600 939 1620 non
954 1592 1026 1627 inju-

235 1636 277 1662 ria
289 1643 339 1663 nec
354 1635 414 1663 sine
424 1643 508 1662 causa
523 1635 666 1663 Judaicam
692 1636 826 1664 invasisse
840 1641 948 1672 gentem
966 1638 1026 1665 suf—

237 1681 361 1708 ﬁcienter
379 1680 512 1708 defendit.
532 1680 700 1716 Videturque
713 1682 779 1709 mihi
797 1682 830 1710 ad
843 1683 1029 1718 precedentcs

237 1726 483 1761 interrogationes:
498 1725 608 1761 thuid,
618 1726 699 1760 Deus,
709 1727 832 1762 repuliin
840 1729 867 1755 in
875 1729 964 1764 finem,
974 1730 1029 1755 ira-

239 1779 282 1801 tus
295 1778 332 1800 est
348 1773 424 1808 furor
436 1777 496 1799 tuus
510 1781 589 1807 super
603 1781 660 1800 oves
686 1781 792 1808 pascui:
804 1778 856 1801 tua:
868 1774 910 1801 "‘2
927 1782 958 1802 ac
969 1783 1031 1802 rur-

1113 1452 1149 1478 Et
1167 1452 1183 1478 ὁ
1196 1450 1271 1482 λαός
1282 1457 1342 1484 μου
1356 1447 1472 1482 ἤκουσέ
1481 1455 1552 1482 μου,
1571 1445 1695 1480 Ἰσραὴλ
1704 1445 1770 1479 ταῖς
1786 1445 1868 1479 ὁδοῖς

1075 1507 1135 1534 μου
1152 1498 1178 1524 εί
1189 1496 1337 1531 ἐπορεύθη
1348 1503 1355 1510 ·
1368 1494 1402 1521 ἐν
1418 1493 1458 1526 τῷ
1477 1492 1584 1528 μηδενὶ
1601 1491 1639 1519 ἂν
1653 1492 1724 1525 τοὺς
1742 1491 1866 1527 ἐχθροὺς

1077 1543 1177 1572 αὐτῶν
1187 1543 1383 1573 ἐταπείνωσα,
1394 1540 1442 1567 καὶ
1451 1540 1500 1567 ἐπὶ
1511 1539 1582 1573 τοὺς
1592 1539 1750 1572 θλίϐοντας
1758 1539 1868 1572 αὐτοὺς

1079 1591 1229 1618 ἐπέϐαλον
1240 1590 1278 1616 ἂν
1290 1590 1347 1623 τὴν
1361 1587 1445 1623 χεῖρά
1454 1596 1524 1623 μου.
1539 1586 1650 1619 Ἰκανῶς
1661 1585 1867 1622 ἁπολελόγηται,

1078 1638 1119 1664 ὅτι
1136 1637 1173 1673 μὴ
1189 1636 1308 1673 ἀκρίτως
1326 1635 1394 1670 μήτε
1408 1634 1446 1666 ὡς
1459 1634 1537 1669 ἔτυχε
1556 1633 1671 1669 μετῆλθε
1685 1633 1716 1659 τὸ
1735 1632 1868 1659 Ἰουδαίων
1920 1623 1925 1627 ’

1080 1684 1156 1716 ἔθνος
1170 1684 1186 1719 ἡ
1205 1684 1237 1710 ἐκ
1256 1681 1324 1709 Θεοῦ
1340 1682 1419 1717 ὀργή.
1435 1681 1490 1708 Καί
1508 1689 1553 1716 μοι
1564 1680 1637 1707 δοκεῖ
1652 1680 1721 1716 πρὸς
1735 1680 1785 1711 τὰς
1798 1679 1867 1706 ἀνω-

1081 1730 1152 1765 τέρω
1172 1729 1337 1764 λελεγμένας
1359 1727 1481 1759 πεύσεις,
1502 1728 1531 1754 ἐν
1551 1726 1590 1762 τῷ
1611 1727 1674 1754 Ἵνα
1698 1726 1726 1752 τί
1749 1727 1766 1752 ὁ
1787 1726 1869 1758 Θεὸς,

1081 1775 1191 1802 ἀπώσω
1207 1776 1251 1807 εις
1267 1774 1364 1807 τέλος,
1378 1773 1509 1808 ὠργίσθη
1521 1774 1538 1799 ὁ
1549 1773 1642 1807 θυμός
1657 1779 1715 1799 σου
1729 1771 1779 1798 ἐπὶ
1799 1771 1870 1805 πρό-

239 1825 300 1845 sum
313 1827 319 1845 2
333 1817 432 1853 thuid
439 1817 596 1845 destruxisti
609 1818 751 1844 maceriam
758 1818 827 1853 ejus,
836 1824 860 1845 et
870 1819 1025 1847 vindemiam

1082 1823 1155 1848 dum
1167 1821 1263 1855 νομῆς
1271 1828 1347 1852 σου;
1368 1820 1416 1846 καὶ
1429 1819 1510 1846 πάλιν
1520 1827 1527 1833 ·
1544 1819 1606 1846 Ἵνα
1624 1818 1652 1845 τί
1670 1817 1807 1850 καθεῖλες
1819 1817 1872 1844 τὸν

239 1873 297 1891 eam
312 1872 400 1892 omnes
414 1865 459 1899 qui
479 1864 735 1899 pratergrediuutur
762 1865 832 1892 viam
847 1865 891 1891 '9?
917 1873 1025 1901 respon-

1082 1867 1219 1902 φραγμὸν
1237 1866 1342 1900 αὐτῆς,
1357 1866 1406 1893 καὶ
1429 1865 1580 1900 τρυγῶσιν
1603 1864 1700 1898 αὐτὴν
1716 1863 1830 1896 πάντες
1845 1864 1872 1891 οι

240 1912 345 1939 sionem
373 1911 528 1939 instituere.
546 1910 612 1938 Nam
630 1919 684 1945 qua
699 1911 733 1939 de
758 1919 841 1939 causa
869 1912 928 1940 haec
957 1913 1025 1947 passi

1083 1913 1358 1947 παραπορευόμενοι
1380 1911 1438 1946 τὴν
1457 1912 1546 1943 ὀδόν-ς
1568 1912 1617 1946 τὴν
1647 1910 1793 1946 ἀπόκρισιν
1826 1918 1872 1936 πε-

241 1957 316 1990 sint,
328 1957 450 1985 declarat
464 1957 508 1986 his
521 1957 612 1985 verbis
628 1968 633 1984 :
655 1956 724 1990 Quia
735 1966 788 1985 non
804 1958 910 1985 audivit
917 1959 1025 1994 popula:

1083 1959 1223 1995 ποιῆσθαι.
1234 1960 1293 1987 Ἵνα
1306 1960 1333 1986 τί
1346 1959 1402 1996 γὰρ
1415 1958 1450 1986 τὰ
1461 1958 1572 1985 τοιαῦτα
1584 1957 1734 1996 πεπόνθασι
1753 1956 1873 1984 διδάσκει

241 2012 314 2031 meus
327 2013 414 2031 vocem
430 2012 526 2038 meam,
540 2009 565 2031 et
589 2003 676 2032 Israel
692 2013 743 2031 non
759 2005 872 2032 intendit
888 2005 967 2038 mihi;
983 2010 1010 2033 et
1024 2016 1025 2031 ς

1084 2006 1171 2041 λέγων
1182 2015 1188 2021 ·
1202 2006 1265 2033 ’Ότι
1281 2007 1337 2033 οὐκ
1356 1995 1491 2040 ἤκουσεν
1507 2006 1523 2031 ὁ
1539 2004 1614 2036 λαός
1629 2011 1688 2038 μου
1701 1995 1757 2037 τῆς
1771 2001 1874 2036 φωνῆς

242 2050 272 2079 Si
288 2051 399 2086 populus
413 2060 485 2078 meus
501 2051 619 2078 audisset
640 2059 691 2083 me,
707 2050 794 2078 Israel
812 2052 836 2078 si
849 2052 877 2078 in
892 2052 943 2078 viis
969 2052 1025 2078 mei:

1081 2062 1151 2088 μου,
1171 2052 1221 2080 καὶ
1232 2052 1356 2087 Ἰσραὴλ
1369 2052 1406 2078 οὑ
1417 2050 1569 2085 προσέσχε
1579 2059 1640 2085 μοι.
1655 2049 1712 2081 καὶ,
1724 2049 1758 2075 Εἰ
1772 2049 1788 2075 ό
1801 2048 1875 2081 λαός

242 2097 416 2131 ambulasset,
432 2106 479 2131 pro
497 2097 581 2124 nihilo
607 2097 722 2132 forsitan
746 2097 869 2125 inimicos
883 2106 974 2125 eorum
989 2099 1025 2125 hu

1082 2108 1142 2134 μου
1156 2098 1271 2133 ἤκουσέ
1283 2107 1355 2132 μου,
1373 2096 1498 2131 Ἰσραὴλ
1513 2097 1578 2129 ταῖς
1592 2095 1673 2129 ὁδοῖς
1686 2103 1747 2130 μου
1762 2095 1788 2121 ει
1809 2094 1876 2120 ἐποι

242 2143 402 2170 miliassem.
424 2142 478 2170 Pro
492 2151 547 2178 quo
567 2142 749 2178 Symmachus
762 2144 958 2178 interpretatus
967 2149 1009 2172 est

1082 2145 1192 2179 ρεύθη·
1212 2144 1248 2170 ἐν
1270 2143 1310 2176 τῷ
1336 2142 1445 2178 μηδενὶ
1467 2142 1505 2169 ἂν
1530 2142 1601 2174 τοὺς
1623 2140 1749 2175 ἐχθροὺς
1777 2139 1876 2167 αὐτῶν

243 2189 278 2216 1η
295 2190 407 2216 minimo
424 2189 539 2224 forsitan
551 2189 673 2216 inimicos
683 2197 775 2216 eorum
794 2190 927 2223 uicissem,
946 2195 971 2218 et
986 2199 1025 2218 su:

1085 2191 1282 2218 ἐταπείνωσα.
1301 2189 1372 2216 Ἀνθ’
1388 2187 1418 2216 ob
1432 2190 1446 2215 ὁ
1458 2189 1606 2225 Σύμμαχος
1617 2188 1792 2223 ἡρμήνευσεν
1803 2195 1809 2201 ·
1830 2186 1877 2211 Ἑν

243 2244 289 2270 per
304 2235 472 2262 adversarios
489 2243 580 2262 eorum
594 2236 778 2263 convertissem
803 2244 911 2263 manum
937 2245 1021 2264 meam

1087 2238 1230 2273 ὀλιγίστῳ
1241 2237 1279 2265 ἂν
1293 2236 1418 2272 ἐχθροὺς
1430 2236 1530 2262 αὐτῶν
1542 2235 1670 2269 ῆττησιι,
1682 2233 1731 2260 καὶ
1743 2233 1794 2259 ἐπὶ
1808 2232 1878 2265 τοὺς

242 2281 308 2309 Haec
325 2289 391 2309 sane
407 2280 545 2313 fecissem,
558 2281 657 2316 inquit.
670 2285 767 2308 contra
788 2281 916 2309 inimicos
931 2283 1022 2318 populi

1087 2284 1244 2317 ἐναντίους
1261 2282 1360 2310 αὐτῶν
1382 2281 1555 2316 ἀνέστρεψα
1578 2279 1616 2308 ἂν
1632 2279 1689 2315 τὴν
1706 2279 1790 2314 χεῖρά
1807 2288 1877 2314 μου.

244 2329 268 2355 si
280 2328 432 2363 morigeros
445 2327 508 2355 illos
520 2327 691 2361 habuissem,
699 2332 727 2355 et
741 2327 765 2355 si
777 2328 805 2355 in
814 2327 866 2355 viis
878 2328 958 2362 meis,
967 2337 1025 2364 qua:

1090 2327 1183 2355 Ταῦτα
1194 2315 1357 2363 ἃννὲπραξα,
1373 2327 1450 2362 φησὶ,
1466 2315 1537 2354 πατὰ
1555 2325 1608 2352 τῶν
1624 2325 1728 2361 ἐχθρῶν
1743 2324 1790 2351 τοῦ
1802 2324 1878 2356 λαοῦ,

244 2375 468 2410 praescripseram
483 2374 563 2410 ipsis,
580 2373 771 2402 incessissent.
794 2373 874 2401 Nunc
891 2382 956 2402 vero
973 2383 1025 2401 cun

1090 2375 1114 2401 εἰ
1129 2374 1208 2409 ἔσχον
1225 2373 1323 2405 αὐτοὺς
1341 2372 1488 2409 ὑπηκόους,
1504 2372 1552 2399 καὶ
1567 2372 1592 2398 εἰ
1608 2373 1667 2403 ταῖς
1680 2371 1751 2402 ὁδοῖς
1769 2378 1820 2406 μου
1836 2367 1879 2401 αἷς

245 2422 461 2456 inobsequentes
474 2425 501 2448 et
530 2420 697 2456 immorigeri
722 2419 786 2448 lacti
806 2420 873 2453 sint,
898 2428 958 2448 sese
983 2421 1025 2456 ips

1089 2420 1256 2456 διεταξάμην
1270 2419 1362 2450 αὐτοῖς
1378 2418 1576 2455 ἐπορεύθησαν.
1587 2417 1645 2444 Νῦν
1658 2417 1686 2444 δὲ
1705 2417 1816 2452 ἀνήκοοι
1833 2416 1878 2443 καὶ

244 2466 374 2494 inimicos
384 2466 432 2493 Dei
445 2465 660 2493 constituerunt.
678 2464 781 2492 Deinde
805 2464 937 2499 quoniam
949 2464 1037 2500 Spiri-

246 2517 290 2540 tus
306 2516 420 2540 sanctus
449 2512 640 2547 immorigeros
663 2516 691 2539 et
719 2512 934 2547 inobsequentes
966 2511 1038 2544 illos.

246 2560 377 2595 populum
393 2567 475 2587 suum
488 2567 538 2595 per
554 2559 734 2587 humanitatis
751 2559 974 2594 exsuperantiam
989 2567 1040 2586 vo-

247 2607 331 2638 cavit,
347 2606 428 2633 docet
440 2607 589 2640 neminem,
601 2607 647 2641 qui
662 2614 726 2633 vere
741 2606 859 2641 populus
867 2605 914 2633 Dei
925 2607 971 2638 sit,
988 2605 1042 2641 ipsi

249 2656 477 2688 repugnaturum.
503 2652 685 2685 Quamobrem
717 2652 800 2680 infert
816 2652 968 2681 z—Vms.
996 2652 1041 2680 16.

249 2699 358 2726 Inimici
372 2698 479 2725 Domini
495 2699 597 2725 mentiti
608 2705 670 2726 sunt
686 2699 728 2731 ei;
745 2700 896 2727 secundum
915 2698 1041 2735 Symma-

249 2746 332 2772 chum
348 2749 461 2773 autem:
479 2745 623 2772 Dominum
644 2754 753 2774 exosum
774 2746 943 2781 faciunt,in
968 2754 1041 2773 men—

251 2792 356 2819 tiuntur
369 2792 430 2827 ipsi.
457 2792 593 2828 Additque
612 2802 618 2820 :
634 2792 668 2819 Et
690 2793 740 2819 erit
767 2799 867 2827 tempus
893 2800 984 2820 eorum
1015 2793 1042 2819 in

250 2839 388 2867 uetulum.
405 2839 520 2867 Etiamsi
535 2839 609 2867 enim
632 2839 697 2866 talia
708 2839 768 2866 ausi
792 2839 905 2872 fuerint,
921 2843 1041 2866 attamen

251 2891 372 2920 praesens
386 2885 519 2912 smculum
543 2885 716 2913 obtinebunt.
735 2885 768 2913 Et
785 2886 838 2913 hoc
862 2893 956 2913 eorum
975 2889 1043 2912 tem.

1090 2467 1213 2498 ἀπειθεῖς
1224 2465 1374 2501 γενόμενοι,
1391 2465 1467 2492 αὐτοὶ
1486 2465 1599 2495 ἑαυτοὺς
1618 2463 1732 2500 ἐχθροὺς
1744 2463 1791 2490 τοῦ
1812 2461 1878 2489 Θεοῦ

1093 2513 1276 2549 κατέστησαν.
1302 2511 1358 2538 Εἶτ’
1382 2511 1532 2546 ἐπειδήπερ
1558 2510 1622 2537 λαὺν
1651 2509 1733 2536 αὑτοῦ
1754 2509 1880 2544 ὠνόμασε

1093 2561 1156 2592 τοὺς
1173 2559 1295 2591 ἀπειθεῖς
1311 2559 1358 2585 καὶ
1383 2557 1514 2593 ἀνηκόους
1534 2556 1594 2584 καθ’
1618 2555 1770 2592 ὑπερϐολὴν
1790 2555 1881 2591 φιλαν-

1094 2606 1217 2642 θρωπίας
1231 2606 1261 2633 τὸ
1286 2605 1400 2641 Πνεῦμα
1417 2604 1448 2631 τὺ
1467 2604 1562 2639 ἅγιον,
1585 2603 1705 2630 διδάσκει
1730 2603 1772 2629 ὅτι
1797 2601 1881 2632 οὐδεὶς

1094 2651 1154 2688 Θεῷ
1166 2651 1324 2686 ἀπειθήσειε
1342 2649 1406 2681 λαὸς
1418 2648 1512 2676 αὑτοῦι
1525 2647 1570 2674 Διδ
1582 2646 1703 2682 ἐπιλέγει
1714 2654 1721 2661 ’
1735 2647 1767 2672 οι
1782 2644 1881 2679 ἐχθροὶ

1094 2698 1205 2731 Κυρίου
1218 2697 1389 2731 ἐψεύσαντο
1412 2695 1491 2727 αὐτῷ
1502 2704 1508 2710 ·
1529 2694 1600 2721 κατὰ
1614 2693 1642 2719 δὲ
1655 2693 1701 2720 τὸν
1717 2691 1864 2727 Σύμμαχον
1873 2697 1880 2705 ·

1093 2744 1253 2771 Μισοποιοὶ
1263 2744 1374 2778 Κυρίου
1387 2743 1414 2770 ol
1428 2740 1614 2776 ψευσάμενοι
1631 2738 1720 2772 αὐτῷ.
1731 2738 1786 2765 Καὶ
1798 2745 1880 2773 προσ-

1093 2791 1202 2826 τίθησι·
1218 2790 1274 2817 Kal
1289 2790 1375 2816 ἔσται
1388 2790 1405 2819 d
1423 2788 1525 2822 καιρὸς
1541 2785 1641 2814 αὐτῶν
1655 2787 1699 2819 εὶς
1711 2784 1766 2811 τὸν
1781 2783 1881 2811 αἰῶνα.

1094 2838 1127 2864 Εἰ
1137 2837 1192 2873 γὰρ
1206 2837 1252 2864 καὶ
1264 2835 1377 2863 τοιαῦτα
1390 2834 1599 2870 τετολμήκασιν,
1611 2833 1686 2868 ὅμως
1699 2831 1744 2857 τὸν
1763 2830 1883 2865 παρόντα

1096 2883 1181 2910 αἰῶνα
1194 2883 1294 2915 ἕξουσι.
1316 2882 1373 2909 Καὶ
1399 2877 1478 2912 οὗτός
1499 2881 1573 2907 ἐστιν
1592 2877 1681 2905 αὐτῶν
1696 2877 1710 2903 ὁ
1724 2875 1830 2910 καιρὸς,
1855 2873 1882 2899 ὲν

287 2963 308 2977 ’⁷
329 2961 406 2992 lium.
426 2971 449 2996 ι,
468 2962 513 2990 '23.
553 2964 574 2981 ³⁵
594 2963 667 2992 Psal.
686 2971 789 2998 LXMH,
811 2968 833 2992 ι.
873 2965 894 2981 ’9
917 2963 988 2992 Psal.
1008 2971 1101 2997 ινδιξ,
1123 2963 1164 2990 15.
