2024 3214
154 193 205 223 981

740 191 993 220 COMMENTMHA
1013 191 1046 218 ΙΝ
1067 191 1235 219 PSALMOS.

1308 187 1342 230 ιο
1359 191 1367 217 t
1740 192 1792 221 οδε

156 251 179 288 ᾧ
194 252 241 279 καὶ
264 250 334 286 μετὰ
350 249 470 276 τοσαῦτα
488 249 712 284 πλημμελήματα
728 249 881 283 ἐψώμισεν
897 250 949 276 αὺ-

1004 257 1054 283 pus
1069 252 1121 281 est,
1139 257 1193 283 quo
1211 252 1271 283 post
1293 251 1333 274 tot
1362 253 1490 283 tantaque
1517 249 1619 276 scelera
1637 248 1731 285 (Vens.
1747 250 1790 283 Π)

155 299 226 331 τοὺς
251 298 285 324 ἐκ
316 297 443 329 στέατος
474 296 581 330 πυροῦ,
602 296 651 322 καὶ
677 296 711 322 ἐκ
744 295 852 329 πέτρας
879 295 948 330 μέλι

154 346 321 380 ἐχόρτασεν
347 343 466 376 αὐτούς.
487 343 566 368 Κατὰ
586 341 665 369 τοῦτο
685 342 712 368 δὲ
736 342 854 377 ἐπλήρου
886 351 949 368 κατ-

155 392 274 425 αξιώσας
300 391 400 421 αὐτοῦς
421 390 471 424 τῆς
494 389 598 419 οἰκείας
615 389 728 424 τροφῆς,
757 388 786 414 οὐ
807 388 885 423 μόνον
900 388 949 423 τῆς

156 436 328 472 σωματικῆς,
345 435 412 462 ἀλλὰ
430 436 477 461 καὶ
493 434 543 469 τῆς
568 434 730 469 ἐπουρανίου
756 434 803 459 καὶ
829 441 949 467 πνευμα-

156 483 250 518 τικῆς,
269 482 387 517 ὁπηνίκα
405 481 523 516 πρώτοις
540 481 632 511 αὐτοῖς
653 480 785 515 ἐπεδήμει
803 481 816 506 ὁ
832 479 948 515 Χριστὸς

156 529 201 555 τοῦ
229 528 309 561 Θεοῦ,
327 528 428 564 τροφὴν
458 528 549 558 αὐτοῖς
581 528 694 562 παρεῖχε
719 526 765 553 τὸν
788 525 948 560 ἐπουράνιον

156 576 238 611 ἄρτον
257 575 337 606 αὐτὸς
355 574 460 600 ἑαυτὸν.
478 573 514 598 Οὐ
536 573 588 608 μὴν
603 572 670 599 ἀλλὰ
689 573 736 598 καὶ
750 571 887 606 ἐψώμισεν
902 571 949 597 αὺ-

156 623 219 652 τοὺς
238 623 270 648 ἐκ
287 623 367 648 πέντε
393 621 482 656 ἄρτων
500 619 657 655 παραδόξως
681 620 727 644 ἐπὶ
756 619 804 653 τῆς
828 618 946 653 ἐρήμου·

157 669 252 704 ὥσπερ
268 668 352 695 πάλαι
370 667 414 693 διὰ
426 667 548 698 Μωσέως
566 667 595 692 τὸ
616 667 710 701 μάννα.
731 665 791 691 Ἔτι
808 664 835 690 δὲ
855 664 903 690 καὶ
914 664 948 689 ἐκ

156 715 267 750 πέτρης
282 714 351 749 μέλι
371 714 534 748 ἑχόρτασεν
549 713 675 742 αὐτούς·
695 712 782 747 πέτρα
802 711 829 736 δὲ
849 708 882 745 ἦν
899 710 948 736 αὑ-

156 763 211 794 τὸς,
229 760 354 797 χορηγῶν
382 760 472 791 αὐτοῖς
495 760 529 786 τὰ
551 759 641 793 πάσης
664 758 760 793 ἡδονῆς
786 758 831 783 καὶ
850 756 949 787 παντὸς

158 807 264 843 μέλιτος
281 806 435 840 γλυκύτερα
462 804 609 840 μαθήματα
622 825 628 836 ν
647 804 710 838 περὶ
736 800 772 829 ὧν
792 801 825 838 ἦν
843 803 928 828 εἰπεῖν
941 810 947 816 -

163 855 211 886 Ὠς
224 853 338 887 γλυκέα
350 852 384 879 τὰ
398 852 485 886 λόγιίὶ
506 860 564 877 σου
581 850 620 882 τῷ
640 850 771 884 φάρυγγι
786 849 864 883 μου]
876 847 949 881 ὑπὲρ

154 900 224 935 μέλι
249 898 289 931 τῷ
309 899 436 933 στόματὶ
451 907 521 932 μου.
547 897 602 923 Καὶ
620 897 702 923 πάλαι
726 896 753 921 δὲ
770 895 813 921 διὰ
828 894 949 925 Μωσέως

1003 295 1151 322 cibueiteos
1168 303 1201 321 ex
1215 294 1291 328 adipe
1305 295 1442 328 frumenti,
1457 295 1524 322 etde
1540 300 1615 330 petra
1630 296 1704 322 melle
1718 301 1792 323 satu—

1004 343 1072 368 ravit
1086 350 1140 368 eos.
1163 340 1241 367 Tunc
1257 348 1339 376 porro
1355 341 1417 368 illos
1432 342 1543 376 proprio
1555 342 1616 369 cibo
1632 343 1736 377 replere
1750 342 1792 369 di-

1002 392 1102 423 gnatus
1118 392 1170 419 cst,
1188 395 1243 414 non
1257 395 1389 422 corporeo
1406 388 1505 420 solum,
1522 388 1568 414 sed
1581 388 1663 415 etiam
1686 389 1792 416 caelesti

1003 438 1029 461 et
1039 434 1184 468 spirituali,
1196 441 1258 460 cum
1273 433 1307 460 ad
1317 434 1390 468 ipsos
1400 434 1502 468 primos
1515 434 1641 462 Christus
1653 434 1698 462 Dei
1714 443 1792 470 pcre-

1004 481 1128 516 grinatus
1152 484 1193 508 est
1218 483 1301 515 atque
1322 480 1349 507 in
1371 480 1462 507 cibum
1487 480 1564 515 ipsis,
1580 481 1719 508 caelestem
1744 489 1792 515 pan

1003 534 1076 558 nem,
1090 526 1195 553 scilicet
1210 526 1343 560 seipsum,
1357 525 1440 553 dedit.
1462 524 1533 558 Quin
1545 526 1625 552 etiam
1643 525 1670 552 in
1682 525 1790 553 deserto

1002 581 1035 599 ex
1046 573 1166 607 quinque
1180 572 1297 607 panibus
1312 572 1474 599 mirabiliter
1497 572 1598 599 cibavit
1628 580 1691 604 eos;
1720 572 1791 599 sicut

1003 619 1066 646 olim
1083 626 1130 654 per
1158 618 1277 653 Moyscm
1297 626 1397 645 manna
1417 618 1558 653 impertiit.
1577 617 1744 653 lnsuperque
1760 626 1793 645 ea:

1002 670 1077 700 petra
1093 665 1168 691 melle
1183 664 1314 691 saturavit
1341 673 1384 691 eos
1401 673 1409 691 :
1429 669 1505 700 petra
1533 669 1623 692 autem
1651 665 1708 698 ipse
1721 668 1791 696 erat,

1003 711 1165 746 disciplinas
1179 719 1254 744 suas,
1272 710 1394 746 qualibet
1419 711 1558 745 voluptate
1571 718 1603 737 ac
1629 711 1708 737 melle
1733 710 1792 737 dul—

1003 759 1102 790 ciores,
1118 758 1184 793 ipsis
1197 758 1386 793 suppeditans,
1406 757 1439 784 de
1456 757 1556 792 quibus
1577 757 1669 784 dicere
1685 757 1765 784 liceat
1784 765 1791 783 :

1005 805 1090 838 Quam
1107 805 1196 831 dulcia
1209 804 1331 839 faucibus
1358 804 1422 830 meis
1438 804 1542 838 eloquia
1567 809 1612 830 tua
1623 803 1632 829 .l
1649 812 1727 837 super
1741 803 1792 829 mel

1003 851 1043 877 ori
1058 858 1114 877 meo
1130 851 1149 877 ¹.
1165 849 1235 877 Olim
1252 851 1316 877 item
1344 857 1392 884 per
1415 849 1531 885 Moysem
1547 858 1579 877 ex
1599 854 1673 884 petra
1689 849 1792 884 potavit

1003 905 1060 925 eos.
1082 897 1133 924 Mel
1144 901 1232 923 autem
1250 896 1282 923 de
1301 900 1386 932 petra,
1403 896 1448 923 hic
1463 904 1517 923 non
1542 896 1595 922 alio
1609 903 1691 931 quam
1712 895 1793 922 intel-

156 948 188 973 ὲκ
202 946 306 982 πέτρας
319 946 410 977 αὐτοῖς
427 946 540 981 παρεῖχε
555 944 645 970 ποτόν.
663 943 728 969 Μέλι
742 943 770 968 δὲ
787 941 904 968 ἐνταῦθα
920 941 949 967 τὺ

1002 942 1101 978 ligendi
1128 951 1204 970 more
1231 937 1374 977 excipias:
1395 942 1524 977 quoniam
1550 943 1608 977 ipse
1627 941 1734 977 Moyses
1764 942 1791 968 in

157 994 189 1019 ὲκ
210 993 313 1028 πέτρας
334 992 387 1018 οὐδ’
405 991 492 1023 ἄλλως
519 991 535 1025 ἢ
557 990 628 1021 κατὰ
651 990 770 1015 διάνοιαν
790 987 946 1014 ἐκδεκτέον·

157 1039 218 1064 ὲπεὶ
233 1038 279 1064 καὶ
294 1038 372 1069 αὐτὸς
391 1038 491 1072 Μωσῆς
512 1037 559 1072 τὴν
583 1036 666 1071 αὐτὴν
681 1035 770 1069 τίθησι
785 1033 948 1069 μαρτυρίαν,

157 1084 244 1118 λέγων
259 1084 288 1109 ἐν
304 1083 408 1118 μεγάλῃ
426 1083 496 1118 ᾠδῇ·
517 1082 687 1115 Ἐθήλασίιν
697 1080 767 1115 μέλι
779 1081 812 1106 ἑκ
828 1078 947 1113 πέτρας,

158 1130 207 1158 καὶ
227 1130 330 1156 ἔλαιον
349 1130 382 1156 ἐκ
407 1128 532 1163 στερεᾶς
555 1128 674 1162 πέτρας.
689 1128 778 1162 "Amp
807 1127 875 1162 πρὸς
901 1126 949 1160 μὲν

157 1174 237 1209 ψιλὴν
250 1174 297 1209 τὴν
312 1174 384 1207 λέξιν
398 1175 447 1209 οὺχ
459 1174 621 1208 ὑφέστηκεν,
635 1171 825 1208 ἁλληγορικῶς
835 1172 863 1197 δὲ
879 1171 950 1197 κατὰ

159 1220 243 1255 μόνην
258 1219 305 1255 τὴν
317 1219 435 1246 διάνοιαν
447 1219 618 1252 ἐξακούεται.
634 1218 719 1249 Aine;
738 1218 791 1252 γὰρ
807 1218 820 1243 ὁ
834 1217 950 1252 Χριστὸς

158 1268 286 1304 ή-πέτρα,
299 1267 383 1293 ταῦτα
396 1267 484 1293 πάντα
500 1267 626 1301 παρέχων
641 1266 732 1296 αὐτοῖς
748 1265 791 1290 διὰ
803 1264 853 1299 τῆς
868 1264 949 1290 αὐτοῦ

159 1313 343 1345 διδασκαλίας,
357 1313 387 1338 οὺ
403 1311 464 1338 καθ’
479 1312 507 1338 ὃν
522 1311 616 1346 χρόνον
633 1310 762 1345 ἐπεδήμει
780 1309 868 1345 μόνον,
883 1308 950 1335 ἀλλὰ

159 1360 207 1386 καὶ
221 1359 274 1395 πρὸ
287 1360 335 1395 τῆς
351 1360 483 1394 ὲνσάρκου
500 1358 647 1393 ἐπιδημίας
659 1356 755 1383 αὐτοῦ’
771 1356 808 1387 ὼς
824 1355 852 1387 ἐξ
866 1355 950 1381 ἅπαν-

158 1414 204 1437 τος
221 1406 320 1436 αὐτοὺς
334 1406 383 1440 μὲν
402 1403 469 1431 εἶναι
485 1404 713 1438 ἀναπολογήτους,
729 1401 835 1427 δικαίαν
857 1401 883 1427 δὲ
902 1400 950 1435 τὴν

160 1450 206 1478 τοῦ
216 1450 283 1477 Θεοῦ
295 1451 383 1487 κρῐσιν
400 1451 468 1486 μετὰ
482 1450 515 1477 τὰ
528 1450 645 1476 τοσαῦτα
657 1449 706 1484 τὴν
716 1447 851 1482 ἀποϐολὴν
861 1447 950 1473 αὐτῶν

160 1497 360 1532 ἐργασαμένην.
379 1495 459 1522 Ἀλλὰ
475 1495 528 1531 γὰρ
543 1494 628 1521 ταῦτα
649 1494 721 1528 ἡμᾶς
733 1493 795 1524 τοὺς
815 1492 844 1525 ἐξ
867 1491 951 1518 ἐθνῶν

159 1543 204 1569 ἐπὶ
226 1544 276 1578 τὴν
293 1542 381 1569 ἔνθεον
409 1541 568 1575 ἀγαλλίατιν
585 1540 627 1567 διὰ
651 1540 704 1566 τῶν
722 1538 837 1575 πρώτων
854 1538 951 1573 κεκλη-

161 1589 256 1624 μένους
269 1589 283 1615 ὁ
306 1589 384 1623 λόγος
404 1588 523 1614 διδάσκει
544 1586 834 1623 προφυλαττομένους,
858 1585 894 1621 μή
912 1593 949 1619 πη

159 1636 214 1666 τοῖς
227 1635 331 1670 ὁμοίοις
350 1636 395 1661 καὶ
412 1634 488 1661 αὺτοί
504 1642 568 1659 ποτε
587 1632 792 1668 περιπέσωμεν.

352 1709 498 1737 ΨΛΛΜΟΣ
517 1709 561 1744 Τῼ
583 1709 680 1735 ΑΣΑΦ.
701 1708 763 1734 IIA’.

199 1778 225 1804 '0
244 1777 316 1811 Θεὸς
336 1777 410 1812 ἔστη
435 1777 470 1804 ὲν
492 1776 654 1811 συναγωγῇ
668 1775 753 1808 θεῶν,
766 1776 802 1802 ἐν
813 1775 898 1810 μέσῳ
916 1776 952 1803 δὲ

158 1824 246 1858 θεοὺς
260 1824 413 1858 διακρίνει.
423 1824 452 1850 'O
470 1824 520 1859 μὲν
532 1824 584 1860 πρὸ
598 1823 693 1850 τούτου
708 1823 791 1857 λόγος
802 1824 951 1859 κατηγορεῖ

157 1872 204 1899 τοῦ
220 1871 321 1903 παντδς
340 1870 474 1898 Ἰουδαίων
490 1870 566 1902 λαοῦ,
580 1870 673 1904 σαφῶς
687 1869 734 1896 τοῦ
748 1869 816 1896 Θεοῦ
831 1870 949 1904 φάσκον-

157 1926 219 1949 τος·
245 1917 306 1944 Οὐκ
321 1916 456 1951 ἤκουσεν
476 1917 492 1943 ὀ
513 1916 589 1949 λαός
607 1925 667 1950 μου
689 1915 744 1950 τῆς
760 1915 865 1949 φωνῆς
877 1924 948 1950 μου,

158 1964 207 1991 καὶ
229 1963 348 1997 Ἰσραὴλ
367 1963 403 1990 οὐ
420 1961 573 1997 προσέσχε
594 1971 654 1996 μοι.
676 1961 732 1988 Καὶ
750 1960 951 1994 ἐξαπέστειλα

158 2009 269 2042 αὐτοὺς
280 2008 355 2035 κατὰ
373 2008 409 2035 τὰ
433 2007 652 2042 ἐπιτηδεύματα
670 2007 726 2042 τῆς
750 2005 874 2041 καρδίας
896 2007 949 2033 αὺ-

157 2055 231 2083 τῶν·
262 2055 309 2082 καὶ
329 2054 429 2082 πάλιν⁸
455 2055 490 2081 El
517 2056 533 2081 ό
559 2055 635 2087 λαός
654 2062 711 2087 μου
732 2052 848 2086 ἢκουσέ
869 2061 949 2088 μου,

164 2101 284 2136 Ἰσραὴλ
297 2101 362 2135 ταῖς
374 2101 455 2134 ὁδοῖς
464 2110 524 2135 μου
538 2102 565 2128 εὶ
578 2101 735 2135 ἐπορεύθη·
752 2100 833 2132 ἐντῷ
842 2099 950 2135 μηδενὶ

157 2148 196 2175 ἂν
218 2148 291 2181 τοὺς
313 2148 438 2183 ἐχθροὺς
459 2147 558 2174 αὐτῶν
579 2146 781 2173 ἐταπείνωσεν
803 2147 817 2173 ὁ
839 2146 868 2173 δὲ
882 2145 951 2180 μετὰ

158 2195 252 2230 χεῖρας
277 2193 430 2225 ἀκολούθως
453 2193 568 2224 ἐκείνοις
589 2192 643 2219 τῶν
667 2192 806 2228 προέδρων
821 2190 868 2219 τοῦ
885 2191 950 2218 λαοῦ

158 2240 323 2275 κατηγορεί-
348 2239 386 2271 ὠς
402 2238 470 2274 πρὸς
493 2238 610 2274 ἄρχοντα
630 2237 695 2271 γοῦν
709 2237 756 2264 καὶ
769 2237 865 2272 κριτὰς
882 2238 950 2264 ἁπο-

157 2286 275 2313 τείνεται
300 2285 388 2319 λέγων
401 2293 408 2300 ·
427 2285 504 2317 ’Ἕως
523 2285 595 2311 πότε
616 2284 731 2318 κρίνετε
752 2283 881 2314 ἀδικίαν,
901 2283 950 2310 καὶ

159 2333 304 2366 πρόσωπα
320 2329 502 2365 ἁμαρτωλῶν
520 2329 704 2364 λαμϐάνετε;
732 2330 858 2364 Κρινατε
874 2336 950 2357 πτω-

157 2378 214 2412 χὸν
235 2377 286 2404 καὶ
307 2376 459 2409 ταπεινὸν,
474 2376 606 2411 ὀρφανὸν
621 2376 670 2402 καὶ
694 2375 809 2409 πένητα
832 2375 949 2402 δικαιώ-

157 2432 241 2451 σατε.
259 2422 327 2451 Εῐτα
347 2423 485 2459 ἐπιλέγει·
511 2422 581 2457 Ἐγὼ
597 2422 682 2449 ταῦτα
707 2421 929 2458 παρεκελευόμην
941 2430 947 2436 ·

158 2469 182 2495 οἱ
196 2468 225 2495 δὲ
238 2469 295 2495 οὐκ
313 2468 450 2503 ἐντωσαν
462 2467 533 2495 οὐδὲ
549 2465 702 2502 συνῆκαν,
722 2468 757 2494 ἐν·
770 2467 871 2494 σκότει
885 2467 948 2494 δια-

158 2515 345 2549 πορεύονται.
359 2514 442 2547 Θεοὺς
456 2514 485 2541 δὲ
501 2514 599 2547 αὐτοὺς
614 2513 757 2546 ἀποκαλεῖ,
772 2514 831 2549 ἦτοι
840 2513 883 2540 διὰ
899 2513 948 2549 τὴν

157 2560 240 2598 τιμὴν
254 2561 287 2597 ῆν
303 2561 440 2597 ἀπένεμεν
457 2561 548 2593 αὐτοῖς
563 2562 578 2588 ἁ
590 2561 668 2593 λαός·
693 2561 765 2588 οὕτω
782 2560 851 2595 μετὰ
874 2560 949 2587 πλεί-

158 2615 221 2634 στου
239 2606 320 2642 φόόου
334 2609 382 2634 καὶ
395 2607 478 2643 τιμῆς
494 2607 612 2643 προσιὼν
629 2608 723 2640 αὐτοῖς
735 2607 801 2633 ὡσεὶ
812 2607 859 2634 καὶ
874 2606 949 2643 αὐτῷ

158 2652 195 2689 τῷ
212 2653 288 2688 Θεῷ·
311 2653 328 2689 ἢ
351 2654 500 2690 ἐπειδήπερ
516 2653 606 2689 χώραν
628 2653 695 2680 Θεοῦ
715 2654 823 2689 ἐπεῖχον
839 2653 870 2680 τὸ
888 2654 951 2689 κρί-

158 2708 213 2726 νειν
225 2699 444 2735 ἀναδεδεγμένοι,
461 2699 621 2732 κολάζοντες
638 2708 668 2725 τε
687 2700 735 2727 καὶ
750 2699 949 2735 τιμωρούμενοι

159 2746 222 2777 τοὺς
236 2744 397 2777 ἀδικοῦντας
415 2745 485 2772 κατὰ
498 2746 544 2772 τὸν
561 2747 625 2781 παρ’
643 2746 736 2777 αὐτοῖς
753 2745 850 2781 νόμον·
867 2746 883 2781 ἢ
906 2745 950 2772 διὰ

159 2790 188 2816 τὸ
200 2790 363 2826 τετιμῆσθαι
378 2790 476 2822 αὐτοὺς
489 2791 542 2817 ὑπὸ
555 2790 603 2817 τοῦ
620 2790 687 2817 Θεοῦ
701 2790 739 2826 τῷ
751 2790 802 2827 τῆς
816 2791 950 2823 υἱοθεσίας

149 2835 270 2871 ὀνόματι
280 2855 287 2868 ,
301 2836 339 2868 ὡς
356 2830 481 2870 λέγεσθαι
494 2836 558 2872 περὶ
572 2836 661 2862 αὐτῶν
671 2844 678 2851 ·
697 2835 782 2868 Υὶοὺς
799 2835 950 2872 ἐγέννησα

196 2913 204 2930 ¹
224 2913 297 2942 Psal.
315 2921 400 2941 cum
413 2933 421 2947 ,
440 2914 499 2942 105.
538 2916 548 2931 ²
567 2914 645 2942 Deut.
664 2921 757 2947 um,
776 2915 820 2942 18.

1001 997 1099 1025 magno
1115 990 1223 1016 cantico
1238 989 1309 1016 idem
1327 989 1513 1016 testimonium
1541 987 1644 1023 profert
1670 988 1765 1015 dicens
1783 996 1790 1014 :

1002 1035 1135 1062 Sustentat
1157 1035 1207 1062 mel
1230 1035 1260 1062 de
1278 1041 1363 1070 petra,
1385 1040 1410 1062 et
1434 1035 1520 1062 oleum
1545 1043 1578 1062 ex
1593 1034 1660 1061 duro
1681 1042 1746 1061 saxo
1768 1035 1790 1062 ³.

1001 1082 1066 1115 Quae
1083 1082 1192 1118 quidem
1211 1090 1266 1109 non
1284 1082 1435 1109 secundum
1453 1082 1553 1109 nudam
1570 1082 1715 1109 lectionem
1727 1089 1791 1109 eve-

1001 1134 1118 1162 nerunt;
1136 1128 1184 1156 sed
1198 1128 1344 1164 allegorice
1357 1128 1445 1156 solum
1463 1132 1490 1156 et
1502 1128 1640 1163 cogitandi
1657 1128 1739 1155 modo
1751 1128 1793 1155 in~

1002 1176 1170 1209 telliguutur.
1190 1175 1257 1202 Nam
1276 1175 1334 1210 ipse
1346 1175 1473 1203 Christus
1503 1179 1578 1211 petra
1592 1181 1643 1207 est,
1660 1174 1706 1210 qui
1734 1175 1793 1203 haec

1001 1222 1093 1249 omnia
1112 1221 1165 1249 illis
1179 1230 1227 1256 per
1241 1222 1394 1249 doctrinam
1408 1229 1485 1249 suam
1499 1222 1678 1256 impertiebat,
1692 1230 1746 1249 non
1759 1231 1792 1248 eo

1002 1268 1089 1296 solum
1107 1272 1228 1303 tempore
1245 1276 1300 1302 quo
1314 1268 1550 1303 peregrinabatur,
1570 1268 1617 1295 sed
1629 1269 1709 1295 etiam
1729 1273 1791 1295 ante

1002 1314 1140 1341 carnalem
1170 1322 1249 1341 suum
1277 1314 1442 1348 adventum;
1473 1314 1510 1341 ita
1539 1318 1567 1341 ut
1592 1313 1645 1348 ipsi
1677 1321 1792 1349 prorsus

1002 1359 1221 1390 inexcusabiles;
1247 1359 1294 1386 Dei
1322 1367 1388 1386 vero
1414 1358 1560 1394 judicium,
1587 1366 1643 1394 quo
1667 1359 1719 1386 sub
1735 1359 1792 1385 hanc

1002 1404 1077 1438 ipsos
1093 1404 1257 1438 repudiavit,
1272 1404 1378 1438 justum
1399 1403 1445 1431 sit.
1468 1403 1604 1431 Castorum
1630 1404 1687 1431 haec
1714 1404 1794 1431 nobis

1002 1449 1048 1484 qui
1078 1457 1111 1476 ex
1139 1449 1265 1484 gentibus
1294 1449 1329 1477 ad
1356 1449 1477 1477 divinam
1505 1450 1718 1478 exsultationem
1744 1457 1793 1485 per

1003 1496 1095 1531 priora
1108 1496 1190 1522 verba
1205 1496 1293 1522 vocati
1309 1503 1415 1527 sumus,
1431 1496 1463 1523 ad
1477 1497 1612 1523 cautelam
1626 1497 1773 1524 traduntur
1783 1517 1790 1529 ,

1003 1550 1037 1569 ne
1054 1542 1080 1569 in
1095 1542 1169 1577 paria
1187 1542 1239 1577 ipsi
1254 1550 1363 1577 quoque
1380 1542 1533 1570 incidamus

1116 1711 1142 1738 l.
1159 1710 1322 1739 PSALMUS
1337 1710 1408 1739 IPSI'
1419 1711 1543 1739 ASAPH.
1565 1711 1684 1741 LXXXI.

1038 1778 1108 1806 Deus
1124 1780 1198 1807 stetit
1211 1780 1239 1806 in
1253 1788 1390 1815 synagoga
1409 1780 1528 1812 deorum,
1553 1780 1581 1806 in
1601 1780 1686 1807 medio
1705 1783 1793 1807 autem

1001 1825 1063 1852 deos
1078 1825 1220 1860 dijudicat.
1237 1825 1290 1859 Qui
1313 1826 1387 1853 hunc
1403 1825 1531 1861 praecedit
1543 1833 1634 1853 sermo
1645 1830 1731 1852 totum
1744 1824 1794 1853 Ju-

1001 1870 1123 1898 daaorum
1147 1872 1278 1907 populum
1309 1871 1440 1899 incusat:
1458 1879 1521 1898 nam
1542 1871 1579 1899 ibi
1607 1870 1679 1898 Deus
1700 1877 1794 1906 aperte

1002 1917 1069 1944 dicit
1085 1926 1092 1944 :
1107 1916 1170 1944 Non
1195 1918 1297 1944 audivit
1323 1917 1435 1952 populus
1450 1926 1522 1944 meus
1543 1924 1630 1944 vocem
1650 1925 1745 1950 meum,
1768 1921 1794 1944 et

1003 1963 1090 1990 Israel
1115 1971 1166 1996 non
1190 1964 1304 1990 intendit
1322 1964 1396 1990 mihi.
1425 1963 1460 1990 Et
1484 1963 1575 1990 dimisi
1590 1972 1633 1990 eos
1649 1963 1793 1990 secundum

1002 2008 1135 2035 desideria
1150 2008 1238 2035 cordis
1266 2017 1378 2041 eorum;
1411 2016 1443 2037 ac
1468 2016 1578 2037 rursum
1598 2017 1605 2034 :
1628 2008 1657 2036 Si
1680 2009 1793 2044 populus

1003 2062 1076 2082 meus
1091 2054 1210 2082 audisset
1228 2063 1278 2088 me,
1291 2054 1378 2082 Israel
1388 2056 1412 2082 si
1430 2056 1457 2082 in
1468 2056 1517 2083 viis
1539 2056 1604 2082 meis
1619 2055 1793 2089 ambulasset,

1001 2108 1050 2135 pro
1072 2100 1156 2127 nihilo
1177 2101 1294 2135 forsitan
1315 2101 1438 2128 inimicos
1463 2110 1555 2128 eorum
1579 2102 1763 2130 humiliassem
1783 2111 1793 2129 :

1002 2145 1048 2172 hic
1064 2152 1130 2173 vero
1147 2145 1272 2181 psalmus
1287 2149 1489 2181 consequenter
1501 2147 1535 2174 ad
1552 2147 1597 2174 illa
1615 2148 1707 2183 populi
1722 2156 1793 2183 pra:-

1004 2191 1077 2219 sides
1093 2196 1217 2224 accusat,
1232 2192 1384 2227 principem
1399 2193 1472 2220 enim
1488 2197 1515 2220 et
1526 2192 1634 2226 judices
1646 2193 1794 2228 compellat

1003 2238 1047 2266 his
1061 2238 1152 2266 verbis
1172 2246 1179 2264 :
1200 2237 1338 2274 Usquequo
1356 2239 1490 2273 judicatis
1511 2238 1689 2274 iniquitatem,
1710 2244 1734 2266 et
1751 2241 1795 2274 [an

1004 2285 1056 2312 cies
1068 2289 1236 2319 peccatorum
1262 2285 1389 2312 sumitis?
1401 2285 1522 2319 judicats
1541 2293 1682 2320 pauperem
1702 2290 1728 2312 et
1745 2285 1795 2312 Ιιιιη

1003 2331 1102 2363 mitem,
1117 2330 1249 2365 pupillum
1271 2335 1295 2357 ιι
1309 2331 1412 2365 inopem
1422 2331 1579 2365 justi/itote.
1604 2330 1708 2358 Deinde
1726 2332 1795 2359 sub-

1002 2377 1067 2404 dit:
1092 2375 1156 2403 Haec
1185 2384 1235 2412 ego
1259 2376 1464 2411 praecipiebam,
1489 2376 1529 2403 illi
1553 2384 1617 2404 vero
1631 2377 1792 2409 nescierunt,

1003 2430 1083 2458 neque
1098 2422 1295 2455 intellexerunt,
1310 2422 1338 2448 in
1359 2421 1471 2449 tenebris
1496 2421 1644 2450 ambulant.
1663 2422 1734 2451 Deos
1746 2432 1791 2450 au~

1001 2473 1056 2497 tem
1077 2472 1157 2496 vocat
1171 2476 1231 2501 eos,
1244 2468 1302 2496 sive
1318 2469 1430 2497 honoris
1447 2476 1501 2503 quo
1515 2468 1635 2504 populus
1658 2469 1734 2505 ipsos
1752 2470 1795 2496 ai-

1002 2515 1110 2542 liciebat
1124 2522 1219 2547 causa,
1235 2522 1297 2542 cum
1316 2515 1415 2542 timore
1430 2519 1513 2550 atque
1526 2515 1700 2543 veneratione
1717 2516 1794 2551 ipsos

1004 2560 1118 2595 perinde
1133 2566 1215 2596 atque
1239 2560 1324 2589 Deum
1342 2561 1456 2595 adiens;
1473 2561 1531 2589 sive
1545 2561 1610 2597 quia
1636 2562 1725 2590 locum
1745 2561 1794 2589 Dei

1002 2612 1180 2641 occuparent,
1207 2606 1350 2642 iudicandi
1378 2615 1491 2635 munere
1515 2613 1654 2644 suscepto,
1684 2609 1793 2644 iniquos

1004 2651 1155 2679 secundum
1168 2652 1255 2688 legem
1271 2652 1323 2679 sibi
1343 2652 1471 2679 traditam
1496 2653 1630 2688 supplicio
1648 2654 1793 2689 poenisque

1004 2696 1177 2732 allicientes;
1209 2699 1251 2726 vel
1276 2699 1338 2734 quia
1370 2706 1385 2726 a
1416 2698 1472 2727 Deo
1504 2699 1659 2734 adoptionis
1682 2700 1794 2728 nomine

1003 2745 1129 2772 exornati
1144 2749 1225 2778 sunt;
1244 2745 1280 2772 ita
1297 2750 1326 2772 ut
1339 2745 1372 2773 de
1384 2745 1451 2781 ipsis
1476 2745 1700 2773 dicatur:Filios
1714 2746 1794 2780 genui

1003 2796 1027 2818 et
1041 2791 1174 2824 exaltari;
1185 2791 1228 2819 vel
1240 2792 1305 2826 quia
1317 2791 1350 2819 ad
1368 2792 1513 2827 imaginem
1537 2796 1564 2820 et
1586 2791 1792 2819 similitudinem

1003 2835 1062 2869 Dei,
1079 2843 1127 2871 per
1137 2836 1308 2872 spiritualcm
1320 2841 1348 2865 et
1361 2837 1551 2866 rationabilem
1578 2837 1650 2864 illam
1663 2837 1689 2863 in
1707 2836 1796 2863 homi--
