2024 3214
116 199 169 228 985

700 196 955 227 COMMENTARIA
974 197 1007 225 IN
1033 197 1204 227 PSALMOS.

1299 195 1352 245 ‘6!
1689 200 1742 229 9S6

115 257 191 293 παρὰ
214 255 262 283 τοῦ
279 255 386 292 Πατρὸς
401 255 540 291 εἰληφότα,
555 255 614 287 πῶς
638 255 669 282 οὺ
690 256 857 283 δικαιότατον
873 256 906 291 τῇ

961 263 1012 283 non
1029 256 1214 291 aequissimum
1232 255 1312 284 fuerit
1327 257 1472 285 venerabili
1489 257 1536 285 Dei
1552 258 1656 286 honore
1670 259 1743 286 cele-

115 298 172 330 τοῦ’
186 301 255 329 Θεοῦ
283 301 423 338 σεϐασμίῳ
443 303 510 337 τιμῇ
527 301 687 336 σεμνύνειν;
702 302 787 328 Τοῦτό
802 311 843 328 τοι
859 303 905 329 καὶ⁸

116 348 197 381 αὐτὸς
211 349 225 375 ὁ
239 347 335 384 Σωτὴρ
347 347 544 382 δυσωπητικῶς
558 347 627 383 πρὸς
646 348 744 378 αὐτοὺς
757 348 820 379 τοὺς
840 348 906 374 Ἰου-

117 395 200 422 δαίων
220 395 354 431 ἄρχοντας
379 394 546 430 προῠτεινεν,
563 393 659 426 αὐταῖς
682 393 710 420 δὲ
734 393 846 426 ταύταις
859 402 906 420 κε-

116 439 252 477 χρημένος
273 440 333 470 ταῖς
359 438 509 474 παρούσαις
531 439 645 472 λέξεσιν.
672 439 827 474 Εἱρηκότων
853 439 907 474 γὰρ

116 485 220 512 αὐτῶν·
240 485 309 519 Περὶ
327 485 420 511 καλοῦ
434 485 522 519 ἔργου
538 486 574 511 οὐ
591 483 747 519 λιθάζομέν
765 493 811 516 σε,
827 485 908 511 ἀλλὰ

116 532 184 566 περὶ
203 531 414 566 βλασφημίας,
434 531 478 558 ὅτι
501 530 553 563 σὺ,
571 530 725 565 ἅνθρωπος
747 530 799 564 ὢν,
815 530 908 563 ποιεῖς

116 578 248 605 σεαυτὸν
275 578 365 604 Θεόν·
384 577 586 611 ἁνταπεκρίθη
609 577 712 610 αὐτοῖς
736 579 752 605 ό
773 577 887 611 Ἰησοῦς
900 586 906 591 ·

118 625 179 651 οὐκ
194 624 259 652 ἔστι
271 623 474 658 γεγραμμένον
482 624 517 651 ὲν
526 623 565 656 τῷ
578 624 658 658 νόμῳ
672 623 763 658 ὑμῶν,
774 623 829 656 ὅτι,
838 623 908 658 Ἐγὼ

116 667 195 696 εἶπα·
206 669 273 696 Θεοί
288 670 358 696 ἐστε
369 678 378 701 ;
395 671 429 696 Et
442 670 578 702 ἐκείνους
589 667 654 696 εἷπε
667 669 845 703 θεοὺς,πρὸς
854 669 908 702 οὓς

117 715 133 742 ὁ
148 715 240 749 λόγος
255 714 373 749 ἐγένετο
388 714 440 742 τοῦ
459 715 544 747 Θεοῦ,
561 715 610 742 καὶ
623 715 658 741 οὑ
671 714 795 741 δύναται
816 713 909 748 λυθῆ-

115 769 165 788 ναι
177 761 197 794 ἡ
212 760 330 795 Γραφὴ,
345 760 382 787 ὃν
398 762 414 787 d
431 760 532 795 Πατὴρ
545 761 653 796 ήγίασε
665 760 713 786 καὶ
730 760 910 787 ἀπέστειλεν

117 807 160 840 εις
175 806 231 834 τὸν
242 807 366 842 κόσμον,
381 806 465 840 ὑμεῖς
479 806 592 841 λέγετε,
606 806 650 833 ὅτι
664 806 850 841 βλασφημεῖ,
866 806 910 832 ὅτι

117 851 212 880 daor-
231 853 296 886 Υἱὸς
309 852 382 880 Θεοῦ
397 854 465 887 εἰμι.
479 853 510 879 Εἰ
525 853 552 880 δὲ
564 852 639 886 λέγοι
649 852 776 888 ὸΣωτὴρ,
791 853 910 885 amotos

117 898 183 926 ἐστι
190 897 394 934 γεγραμμένον
405 899 440 925 ἐν
453 898 493 931 τῷ
504 899 584 933 νόμῳ
594 907 604 930 ;
618 898 655 934 μὴ
673 898 817 934 θαυμάσῃς
826 907 832 913 ·
849 897 910 924 ἐπεὶ

119 944 207 972 πάντα
228 944 305 978 λόγον
322 943 401 976 Θεοῦ,
418 944 447 970 οὺ
466 944 545 980 μόνον
559 944 604 970 τὸν
677 933 800 975 Μωσέως
810 963 818 975 ,
842 943 909 970 ἀλλὰ
926 933 947 960 Β

118 992 163 1018 καὶ
177 991 225 1018 τὸν
239 991 284 1018 διὰ
296 990 350 1018 τῶν
372 991 520 1026 προφητῶν
542 991 715 1026 λελεγμένον,
731 990 826 1026 ὥσπερ
850 991 910 1018 τινὰ

119 1036 257 1072 βασιλικὸν
272 1036 352 1072 νόμον
366 1036 544 1072 ἀποδέχεσθαι
564 1037 700 1063 διδάσκει·
724 1036 793 1063 ὥστε
813 1037 860 1063 καὶ
876 1036 911 1063 τὰ

117 1083 161 1111 διὰ
188 1083 244 1110 τῶν
271 1083 419 1119 προφητῶν
446 1083 660 1119 παρηγγελμένα
673 1082 790 1117 εὐλόγως
803 1083 836 1110 ἄν
851 1091 911 1109 τινα

118 1128 187 1157 εἶναι
203 1129 286 1165 φάναι
303 1130 402 1163 νόμους
426 1129 507 1157 Θεοῦ·
524 1130 572 1156 καὶ
586 1129 616 1156 τὸ
629 1129 672 1156 διὰ
686 1129 734 1165 τῆς
750 1129 910 1164 ψαλμῳδίας

118 1176 229 1212 ὁμοίως.
247 1176 332 1208 Αὐτὸς
346 1174 392 1203 οὖν
409 1177 423 1203 ό
437 1176 483 1203 τοῦ
497 1175 564 1202 Θεοῦ
579 1176 675 1210 Λόγος,
693 1175 801 1211 μορφὴν
817 1175 910 1202 δούλου

119 1222 220 1255 λαϐὼν,
237 1223 284 1250 καὶ
299 1223 420 1258 σχήματι
433 1223 554 1259 εὑρεθεὶς
576 1223 613 1255 ὡς
637 1223 790 1259 ἄνθρωπος,
803 1217 867 1258 εὰτη
882 1223 911 1248 ὲν

119 1270 264 1305 συναγωγῇ
285 1269 363 1299 θεῶν,
380 1269 427 1296 καὶ
443 1269 524 1304 μέσος
536 1269 590 1295 τῶν
602 1270 631 1295 ὲν
642 1268 795 1304 ἀνθρώποις
806 1268 912 1304 ὠνομα-

119 1317 237 1344 σθέντων
251 1315 320 1342 θεῶν
331 1315 460 1350 γεγονὼς,
473 1315 579 1350 ἔκρινεν
594 1315 701 1347 αὐτοὺς,
713 1315 831 1350 ὁπηνίκα
844 1314 912 1350 πρὸς

118 1363 216 1394 αὐτοὺς
227 1362 335 1397 ἔλεγεν·
361 1362 387 1388 '0
407 1363 499 1396 λόγος
517 1361 553 1388 ὂν
573 1360 713 1396 ἐλάλησα
733 1361 808 1395 πρὸς
822 1360 911 1396 ὑμᾶς,

118 1408 209 1441 αὐτὸς
230 1407 309 1443 ὑμᾶς
327 1408 431 1441 κρίνει.
454 1407 508 1433 Καὶ
536 1407 635 1442 μᾶλλον
657 1407 728 1433 οὕτω
755 1407 855 1443 πρέποι
879 1407 912 1434 ἂν

121 1453 278 1490 ἐκδέχεσθαι
303 1453 353 1488 τὴν
376 1452 516 1488 παροῦσαν
541 1452 697 1488 Γραφὴν,ἢ
724 1451 844 1487 νομίζειν
867 1452 912 1479 τὸν

120 1501 249 1528 ἐπέκεινα
267 1500 320 1527 τῶν
337 1499 404 1526 ὅλων
425 1499 501 1531 Θεὸν,
519 1499 599 1525 αὑτὸν
612 1499 657 1525 τὸν
673 1499 791 1534 Πατέρα,
809 1499 837 1525 ἐν
850 1498 912 1524 τού-

119 1556 175 1579 τοις
199 1546 356 1581 εἰσάγεσθαι
380 1546 480 1582 μεταξὺ
507 1545 576 1572 θεῶν
594 1545 695 1581 ἐτέρων
710 1545 824 1572 ἑστῶτα.
843 1544 911 1572 Οὔτε

119 1594 172 1629 γὰρ
189 1593 329 1628 ἰσοτίμους
348 1592 422 1627 αὐτῷ
436 1601 511 1623 τινας
526 1590 595 1618 εἶναι
608 1592 731 1619 ὑπονοεῖν
747 1591 835 1627 Θέμις,
850 1591 910 1617 οὗτε
926 1607 946 1635 c

121 1639 201 1666 αὐτὸν
219 1640 259 1671 εἰς
271 1638 398 1666 τοσοῦτον
414 1640 591 1672 καταγαγεῖν,
609 1638 646 1670 ὼς
662 1638 742 1674 μέσον
762 1637 911 1673 ἀνθρώπων

121 1686 248 1722 παρεῖναι
273 1685 320 1712 καὶ
343 1685 453 1712 ἑστάναι
476 1684 660 1711 ὑποτίθεσθαι.
674 1685 766 1711 Ταῦτα
780 1685 809 1711 δὲ
823 1685 912 1711 πάντα

119 1731 151 1759 ἂν
177 1731 292 1768 ἁρμόζοι
314 1731 354 1766 τῷ
377 1730 487 1766 Χριστῷ
510 1730 556 1757 τοῦ
582 1730 665 1757 Θεοῦ·
682 1731 711 1762 ὃς
732 1730 765 1766 δὴ
779 1731 910 1765 φάσκων

120 1778 195 1811 Ἕως
214 1778 286 1804 ,πότε
302 1778 418 1811 κρίνετε
438 1776 567 1808 ἀδικίαν,
583 1776 631 1803 καὶ
656 1777 802 1811 πρόσωπα
819 1777 912 1812 ἀμαρ-

119 1823 222 1852 τωλῶν
245 1823 430 1858 λαμϐάνετε;
454 1823 484 1849 οὐ
513 1823 581 1858 πρὸς
603 1823 723 1855 ἐκείνους
748 1823 845 1858 μόνους
872 1821 913 1857 οἷς

121 1870 216 1907 παρὼν
230 1870 339 1906 ὡμίλει,
354 1869 423 1896 ἀλλὰ
435 1870 482 1897 καὶ
496 1869 563 1905 πρὸς
574 1869 677 1902 πάντας
688 1869 759 1896 εἴποι
772 1869 804 1896 ἃν
815 1869 912 1902 ταῦτα,

121 1917 183 1948 τοὺς
208 1915 258 1951 τὴν
280 1915 404 1948 ἐξουσίαν
430 1915 476 1942 τοῦ
502 1916 605 1950 κρίνειν
627 1915 738 1951 ἑτέρους
759 1915 911 1951 εἰληφότας.

122 1961 267 1995 Μέμφεται
292 1960 320 1986 δὲ
347 1960 459 1992 εἰκότως
480 1960 542 1991 τοὺς
567 1960 850 1996 καθυποκρινομένους
865 1961 913 1996 μὲν

120 2006 153 2034 τὰ
176 2006 231 2033 τῶν
255 2005 390 2033 πλουσίων
415 2006 560 2041 πρόσωπα,
577 2005 797 2037 καταπονοῦντας
811 2006 839 2032 δὲ
851 2006 914 2038 τοὺς

121 2051 257 2087 πένητας·
274 2051 333 2078 δέον
358 2050 397 2086 τῷ
419 2051 469 2086 τῆς
490 2050 664 2086 δικαιοσύνης
685 2050 760 2086 ζυγῷ
783 2051 912 2084 δικάζειν,

124 2096 343 2133 μνημονεύοντας
362 2097 512 2131 φάσκοντος
533 2096 615 2131 νόμου
627 2104 634 2110 '
652 2098 694 2123 οὺ
717 2096 802 2131 λήψῃ
823 2097 915 2130 πρόσ-

129 2151 211 2170 ωπον
226 2143 262 2170 ἐν
272 2143 376 2178 κρίσει.
392 2142 461 2169 Νυνὶ
475 2143 502 2169 δε
520 2143 649 2175 πολλάκις
660 2143 708 2169 καὶ
718 2144 797 2178 ἡμεῖς
809 2143 855 2169 ἐπὶ
866 2143 915 2178 μὲν

127 2188 181 2216 τῶν
194 2189 316 2224 πενήτων
332 2188 480 2215 πταιόντων
497 2187 602 2223 σμικρά
613 2196 672 2214 τινα
685 2188 815 2223 ἀπότομον.
826 2187 915 2222 γιγνό-

128 2235 196 2270 μεθα
214 2235 316 2271 κριταὶ,
334 2235 382 2261 καὶ
407 2234 589 2270 ἀπαραίτητοι
613 2235 641 2261 ὲν
667 2235 727 2266 ταῖς
748 2234 808 2261 κατ’
825 2233 914 2260 αὐτῶν

956 301 1057 328 lii-are?
1072 300 1150 334 Quod
1167 302 1225 337 ipse
1241 301 1370 330 Servator
1383 303 1486 338 pudore
1496 299 1650 332 Iudaeorum
1666 305 1743 340 prin-

956 346 1030 381 cipes
1043 346 1173 378 alliciens.
1184 346 1349 383 eosdemque
1366 347 1409 375 his
1425 348 1492 383 ipsis
1510 348 1600 376 verbis
1619 349 1741 384 compel-

957 392 1028 425 lans,
1048 393 1203 428 objiciebat.
1223 392 1290 420 Nam
1311 401 1375 420 cum
1395 394 1434 421 illi
1447 395 1579 423 dixissem
1596 405 1601 422 :
1618 395 1657 422 De
1676 394 1742 422 bono

957 446 1033 473 opere
1048 446 1100 465 non
1114 438 1264 473 lapidamus
1281 443 1314 472 te,
1333 439 1377 466 sed
1387 439 1419 467 de
1433 439 1609 474 blasphemia;
1624 442 1686 476 quia
1702 446 1742 473 tu,

958 484 1037 511 homo
1057 493 1116 511 cum
1132 485 1180 517 sis,
1204 485 1272 519 facis
1293 486 1402 520 teipsum
1425 486 1531 513 Deum:
1549 487 1679 521 respondit
1704 488 1742 514 eis

958 528 1036 555 Iesus
1051 536 1060 555 :
1078 528 1172 556 Nonne
1191 530 1317 564 scriptum
1330 527 1411 558 estin
1427 530 1481 566 lege
1496 536 1598 558 vestra:
1608 531 1664 566 Ego
1676 532 1743 565 dixi,

959 574 1005 602 Dii
1014 576 1076 602 estis
1085 576 1097 603 ?
1107 574 1138 602 Si
1151 575 1212 603 illos
1227 576 1296 603 dixit
1308 576 1369 604 deos
1383 577 1417 603 ad
1431 585 1495 612 quos
1506 586 1589 604 sermo
1602 578 1649 604 Dei
1657 578 1744 613 factus

959 627 1008 653 est,
1025 626 1049 648 et
1068 630 1120 648 non
1133 626 1218 656 potest
1241 621 1308 649 solvi
1323 622 1478 656 Scriptura;
1497 631 1573 658 quem
1588 622 1668 650 Pater
1683 632 1746 650 san-

960 667 1085 702 ctiﬁcauit
1097 672 1121 694 et
1135 668 1208 695 misit
1225 668 1252 695 in
1267 668 1405 700 mundum,
1424 677 1468 696 vos
1488 668 1578 696 dicitis
1596 669 1659 704 quia
1674 669 1746 696 blas-

960 715 1076 748 phemat,
1093 715 1156 750 quia
1171 715 1228 741 dixi
1240 723 1249 741 :
1266 714 1354 742 Filius
1366 714 1416 741 Dei
1433 724 1492 742 sum
1506 715 1528 743 ⁸.
1543 715 1621 749 Quod
1640 716 1662 743 si
1683 715 1747 743 Ser-

960 765 1038 789 vator
1052 760 1125 788 dicat
1142 771 1148 788 :
1167 759 1261 788 Nonne
1275 765 1315 788 est
1334 761 1462 795 scriptum
1477 761 1504 788 in
1524 761 1578 797 lege
1591 763 1602 790 ξ)
1615 770 1650 789 ne
1665 763 1747 789 mire-

961 806 1016 839 ris;
1035 806 1164 841 quoniam
1181 806 1329 841 quemlibet
1349 813 1503 833 sermonem
1517 806 1574 837 Dei,
1586 815 1640 834 non
1657 807 1747 834 solum

961 853 1007 887 qui
1020 860 1068 887 per
1086 852 1216 888 Moysem,
1234 852 1281 880 sed
1297 852 1378 880 etiam
1395 860 1442 887 per
1463 853 1611 888 prophetas
1627 854 1748 888 prolatus

963 898 1008 930 sit,
1023 898 1101 933 quasi
1115 898 1215 932 regiam
1232 897 1377 932 quamdam
1396 897 1480 933 legem
1500 897 1687 932 accipiendum
1700 898 1749 925 do-

961 949 1024 975 cet;
1051 944 1088 971 ita
1111 948 1140 971 ιιι
1162 948 1296 979 praecepta
1319 952 1367 979 per
1385 944 1531 979 prophetas
1549 944 1664 977 tradita,
1686 945 1749 980 jure

963 990 1034 1025 leges
1053 989 1099 1017 Dei
1112 998 1173 1018 esse
1190 990 1332 1023 dicantur;
1348 994 1375 1017 et
1392 991 1516 1018 similiter
1531 998 1591 1026 quae
1618 990 1646 1018 in
1669 990 1747 1019 Psal—

962 1037 1014 1064 mis
1029 1036 1164 1064 feruntur.
1183 1035 1273 1071 Ipsum
1289 1037 1379 1071 itaque
1394 1036 1440 1064 Dei
1457 1036 1586 1069 Verbum,
1600 1036 1672 1074 quod
1691 1037 1749 1064 for-

962 1090 1033 1110 mam
1048 1083 1119 1110 servi
1137 1083 1242 1118 aecepit
1253 1087 1280 1110 et
1292 1083 1387 1110 habitu
1400 1083 1538 1111 inventum
1555 1088 1597 1111 est
1612 1087 1642 1110 ut
1655 1083 1746 1115 homo,

962 1128 1036 1156 stetit
1049 1128 1075 1155 in
1091 1136 1228 1164 synagoga
1242 1128 1354 1156 deorum
1365 1148 1373 1161 ,
1391 1133 1418 1156 et
1433 1130 1552 1157 medium
1577 1133 1654 1157 stans
1678 1129 1749 1157 inter

962 1173 1097 1207 homines,
1114 1174 1161 1209 qui
1175 1174 1212 1201 dii
1230 1179 1374 1205 vocantur,
1391 1174 1532 1209 judicabat
1546 1183 1611 1207 eos,
1631 1182 1692 1202 cum
1708 1174 1750 1204 σι-

962 1223 1035 1247 ceret
1050 1220 1104 1247 illis
1120 1229 1127 1247 :
1140 1219 1233 1247 Sermo
1252 1228 1327 1255 quem
1342 1221 1444 1247 locutus
1461 1228 1520 1248 sum
1535 1220 1616 1252 vobis,
1636 1220 1690 1255 ipse
1704 1228 1748 1247 vos

957 1266 1062 1301 judicat
1071 1265 1171 1294 '.llanc
1181 1273 1263 1302 porro
1275 1266 1444 1301 Scripturam
1456 1266 1639 1302 praestabilius
1650 1266 1750 1294 esthoc

963 1313 1086 1348 accipere
1105 1312 1197 1345 modo,
1214 1321 1295 1348 quam
1312 1316 1408 1348 putare
1430 1312 1514 1340 Deum
1530 1313 1577 1348 qui
1593 1320 1676 1347 super
1691 1320 1751 1339 om-

963 1360 1007 1386 nia
1024 1362 1077 1391 est,
1092 1359 1182 1394 ipsum
1202 1358 1321 1390 Patrem,
1340 1358 1383 1386 hic
1405 1358 1496 1386 induci
1513 1359 1584 1386 inter
1599 1359 1667 1386 alios
1683 1359 1750 1386 deos

963 1409 1091 1433 stantem.
1106 1404 1198 1440 Neque
1214 1405 1286 1432 enim
1304 1405 1366 1432 licet
1382 1405 1451 1432 alios
1468 1405 1518 1440 ipsi
1540 1404 1644 1432 honore
1659 1412 1749 1439 a'qua-

963 1452 1002 1479 lcs
1019 1459 1080 1478 esse
1098 1452 1244 1486 suspicari,
1268 1458 1356 1485 neque
1382 1451 1471 1486 ipsum
1487 1451 1524 1478 ita
1539 1450 1701 1486 deprimere.
1721 1455 1751 1478 ut

964 1498 1070 1525 medius
1097 1498 1168 1524 inter
1191 1497 1316 1525 homines
1338 1504 1400 1524 esse
1418 1502 1446 1524 et
1470 1501 1544 1525 stare
1570 1503 1749 1533 supponatur.

964 1543 1026 1571 llzec
1039 1551 1121 1579 porro
1135 1545 1227 1570 omnia
1242 1542 1354 1570 Christo
1370 1541 1417 1570 Dei
1431 1547 1587 1578 competant
1604 1543 1669 1578 :qui
1684 1550 1751 1570 sane

964 1597 1025 1617 cum
1043 1589 1100 1616 haec
1117 1588 1183 1616 dicit
1199 1598 1205 1616 :
1232 1587 1368 1623 Usquequo
1382 1587 1509 1622 iudicatis
1529 1588 1704 1623 iniquitatem,
1725 1592 1750 1616 et

963 1635 1044 1670 [acies
1057 1639 1223 1670 peccatorum
1234 1634 1338 1661 sumitis
1350 1636 1361 1662 ?
1375 1642 1428 1661 non
1441 1641 1488 1662 eos
1501 1634 1588 1661 solum
1601 1642 1670 1670 quos
1682 1642 1751 1669 pm-

963 1689 1027 1709 sens
1043 1680 1248 1716 alloquebatur;
1265 1679 1312 1707 sed
1327 1679 1408 1706 etiam
1423 1687 1519 1707 omnes
1530 1683 1663 1715 quotquot
1674 1683 1753 1714 pote-

963 1731 1062 1755 statem
1077 1728 1111 1754 de
1128 1727 1190 1755 aliis
1204 1726 1346 1762 iudicandi
1359 1726 1525 1761 acceperint,
1541 1726 1581 1754 sic
1595 1727 1750 1761 compellat.

965 1774 1059 1801 Merito
1077 1778 1166 1800 autem
1185 1773 1275 1808 arguit
1291 1781 1349 1806 eos,
1371 1773 1417 1808 qui
1433 1772 1547 1800 divitum
1562 1780 1707 1808 personam
1722 1773 1751 1800 in

964 1821 1072 1848 occulto
1083 1819 1233 1856 accipiunt,
1249 1827 1381 1855 pauperes
1393 1823 1483 1846 autem
1495 1819 1652 1854 opprimunt
1666 1828 1674 1852 ;
1686 1827 1749 1846 cum

963 1871 1088 1903 oporteat
1104 1874 1166 1894 cum
1179 1866 1293 1902 justitia:
1312 1866 1419 1894 bilance
1434 1866 1567 1900 judicium
1592 1865 1673 1897 ferre,
1698 1873 1751 1892 me-

964 1922 1054 1942 mores
1072 1914 1138 1948 legis
1154 1921 1214 1948 quae
1226 1913 1264 1939 ait
1281 1920 1288 1938 ι
1306 1912 1366 1939 Νυη
1381 1912 1492 1946 accipies
1510 1919 1650 1946 personam
1662 1911 1687 1937 in
1703 1910 1755 1944 jar.-

963 1959 1033 1986 dicio
1048 1959 1068 1986 '.
1088 1958 1166 1986 Nune
1182 1962 1273 1985 autem
1289 1958 1450 1993 plerumque
1463 1964 1515 1984 nos
1538 1963 1602 1992 erga
1617 1963 1757 1991 pauperes

964 2005 992 2032 in
1009 2004 1116 2031 modica
1132 2004 1234 2038 lapsos,
1259 2003 1392 2030 immanes
1414 2010 1510 2030 sumus
1530 2002 1648 2037 iudices,
1669 2007 1758 2037 atque

964 2050 992 2076 in
1007 2049 1142 2076 sententia
1161 2053 1257 2076 contra
1271 2055 1319 2075 eos
1337 2047 1447 2075 ferenda
1469 2048 1665 2081 inexorabiles;
1681 2048 1758 2075 divi—

964 2100 1021 2123 tum
1043 2103 1107 2123 vero
1124 2095 1170 2130 qui
1197 2094 1359 2130 gravissima
1386 2094 1501 2122 crimina
1527 2097 1694 2130 perpetrant,
1718 2102 1754 2122 ac

964 2141 1061 2170 deinde
1075 2142 1102 2169 in
1121 2141 1270 2168 Eeclesiam
1285 2140 1333 2168 Dei
1357 2140 1500 2173 accedunt,
1519 2148 1663 2176 personam
1679 2141 1755 2168 acci-

964 2190 1065 2225 pimus,
1080 2188 1116 2216 ita
1131 2191 1160 2214 ut
1174 2187 1254 2215 nobis
1264 2187 1346 2214 etiam
1359 2191 1495 2222 competat
1508 2187 1574 2214 illud
1592 2196 1598 2214 :
1614 2186 1753 2222 Usquequo

961 2234 1090 2269 judicatis
1107 2233 1284 2268 iniquitatem,
1303 2236 1327 2258 et
1345 2232 1426 2266 facies
1444 2237 1609 2267 peccatorum
1627 2231 1754 2259 sumitis?

124 2281 296 2316 ἁποψάσεσι·
324 2280 458 2308 πλουσίων
482 2279 509 2305 δὲ
530 2280 565 2307 τὰ
583 2279 698 2314 μέγιστα
713 2279 913 2315 ἐξαμαρτανόν-

964 2280 1032 2308 Cum
1047 2283 1137 2307 autem
1162 2279 1239 2311 dicit,
1256 2286 1397 2314 usque-quo,
1413 2278 1447 2305 de
1469 2277 1530 2305 vita:
1545 2277 1619 2304 exitu
1637 2284 1689 2304 nos
1702 2275 1754 2303 ad-

122 2334 186 2358 των,
202 2325 296 2352 ἔπειτα
318 2325 545 2361 παραὸαλλόντων
565 2325 605 2356 εἰς
619 2324 667 2360 τὴν
689 2325 850 2360 Ἐκκλησίαν
864 2325 911 2352 τοῦ

121 2370 200 2403 Θεοῦ,
220 2371 353 2407 πρόσωπα
377 2370 564 2406 λαμϐάνομεν·
592 2369 663 2398 ὥστε
689 2370 736 2397 καὶ
754 2370 820 2406 πρὸς
837 2372 912 2406 ἡμᾶς

122 2419 252 2456 ἁρμόττει
263 2418 294 2446 τό
303 2427 309 2434 ·
327 2419 400 2452 Ἕως
411 2419 483 2445 πότε
493 2419 609 2452 κρίνετε
619 2418 749 2450 ἀδικίαν,
759 2418 808 2446 καὶ
819 2420 911 2461 ardo-

965 2329 1068 2354 monet.
1091 2325 1240 2359 Quantum,
1273 2325 1372 2359 inquit,
1402 2323 1532 2358 temporis
1558 2322 1636 2350 vobis
1650 2322 1751 2356 aderit,

964 2380 1019 2408 quo
1034 2372 1102 2400 tales
1120 2371 1201 2399 sitis?
1220 2378 1252 2398 ac
1267 2370 1376 2398 demum
1391 2377 1439 2397 vos
1458 2369 1506 2396 Dei
1528 2368 1659 2404 judicium
1673 2368 1753 2395 inva-

965 2420 1020 2447 det.

121 2473 186 2493 ωπα
205 2466 388 2501 ἁμαρτωλῶν
412 2466 596 2501 λαμϐάνετε;
619 2467 663 2493 Ἐν
686 2466 715 2494 δὲ
735 2467 774 2502 τῷ
798 2468 907 2503 λέγειν,
926 2469 981 2501 ἕως
1007 2468 1090 2498 πότε,
1118 2465 1322 2501 ὑπομιμνήσκει
1349 2461 1399 2499 τῆς
1426 2462 1473 2490 τοῦ
1507 2462 1564 2498 βίου
1580 2461 1752 2498 ἀπαλλαγῆς-

123 2515 208 2542 Πόσον
221 2514 286 2550 γὰρ,
297 2515 389 2550 φησὶν,
400 2514 475 2547 ἕξετε
488 2514 582 2550 χρόνον
598 2515 626 2541 ὲν
640 2511 662 2549 ᾧ
675 2515 790 2542 τοιοῦτοι
801 2516 911 2549 ἔπαθες
930 2516 977 2543 καὶ
991 2515 1083 2541 λοιπὸν
1095 2513 1253 2549 διαλήψεται
1269 2512 1341 2547 ὑμᾶς
1355 2512 1371 2547 ἡ
1384 2510 1430 2537 τοῦ
1444 2510 1511 2537 Θεοῦ
1524 2509 1624 2546 κρίσις.

156 2572 202 2599 Διὸ
214 2572 335 2607 ἐπιλέγει
344 2580 351 2587 ·
369 2573 495 2607 Κρίνατε
509 2573 629 2608 πτωχὸν
640 2573 688 2600 καὶ
704 2574 845 2609 ὀρφανὸν,
860 2582 910 2601 τα-

999 2572 1085 2599 Vsns.
1102 2572 1129 2598 4.
1147 2571 1238 2604 Quare
1261 2567 1353 2597 subdit
1371 2579 1378 2597 :
1393 2568 1517 2595 Judicale
1539 2576 1647 2603 egenum
1661 2572 1686 2594 et
1700 2575 1751 2602 pu~

122 2617 227 2645 κεινὸν
239 2618 288 2644 καὶ
299 2618 413 2651 πένητα
421 2617 607 2646 δικαιώσατε.
617 2618 773 2651 Ἐξέλεσθε
785 2619 909 2654 πένητα,

962 2619 1066 2654 pillum,
1077 2617 1201 2644 humilem
1215 2621 1240 2644 et
1251 2624 1389 2652 pauperem
1399 2615 1556 2649 justiﬁcate.
1575 2614 1673 2649 Eripite
1682 2622 1749 2648 pau-

123 2663 171 2691 καὶ
186 2663 308 2698 πτωχὸν
320 2664 355 2690 ἐκ
374 2664 475 2698 χειρὸς
496 2664 671 2698 άμαρτωλοῦ
691 2665 837 2699 ῥύσασθε.
847 2665 910 2692 Ἐὰν

961 2673 1058 2699 perem,
1073 2669 1097 2691 et
1116 2672 1225 2699 egenum
1245 2663 1277 2690 de
1305 2670 1385 2689 manu
1413 2662 1556 2696 peccatoris
1583 2661 1699 2688 liberate.
1720 2659 1749 2687 Si

125 2710 173 2745 μὲν
187 2708 234 2737 οὖν
242 2710 344 2737 τούτων
356 2709 525 2746 ἀκροώμενοι
540 2710 731 2747 παιδευώμεθα
742 2711 789 2737 καὶ
800 2711 834 2738 τὰ
843 2721 913 2747 παρ-

964 2712 1057 2747 itaque
1069 2711 1112 2739 his
1125 2710 1226 2738 auditis
1238 2709 1272 2737 ad
1288 2708 1460 2744 disciplinam
1471 2708 1634 2735 accedamus
1644 2711 1671 2734 et
1683 2714 1750 2742 prae-

124 2756 284 2791 αγγὲλματα
302 2755 493 2791 φυλάττοιμεν,
511 2756 561 2790 τῆς
577 2757 609 2783 ὲκ
623 2756 676 2783 τῶν
686 2757 772 2791 λόγων
784 2757 912 2793 ὠνάμεοα

964 2762 1041 2792 cepta
1061 2764 1216 2788 servemus,
1238 2763 1272 2784 ex
1294 2754 1468 2783 sermonibus
1489 2753 1634 2781 utilitatem
1657 2751 1748 2787 perci-

123 2800 266 2836 ὼφελείας.
276 2801 351 2827 Ἐπεὶ
364 2801 409 2827 καὶ
419 2802 483 2836 ἡμῖν
494 2801 670 2837 λεχθήσεται·
689 2804 749 2829 Οὺκ
764 2803 911 2837 ἔγνωσαν,

964 2804 1079 2839 piemus.
1089 2803 1195 2831 Etenim
1208 2803 1288 2830 nobis
1305 2809 1413 2837 quoque
1435 2800 1541 2828 dicetur
1555 2798 1698 2827 :———Vt-:tts.
1719 2798 1747 2825 5.

125 2846 194 2874 οὐδὲ
207 2846 359 2880 συνῆκαν,
372 2847 407 2873 ἐν
417 2847 517 2873 σκότει
530 2847 808 2881 διαπορεύονται.Τί
822 2847 849 2874 δὲ
862 2849 912 2875 οὐκ

966 2849 1133 2882 Nescierunt,
1149 2858 1228 2885 neque
1254 2849 1449 2881 intellexerunt,
1474 2849 1504 2874 in
1529 2846 1638 2874 tenebris
1655 2843 1749 2872 ambus

166 2925 177 2941 ⁵
190 2924 272 2953 Joan.
290 2934 324 2959 ι,
342 2926 386 2953 '53.
426 2926 435 2941 ⁵
455 2925 534 2953 Joan.
553 2932 608 2959 sn,
625 2925 669 2953 48.
708 2925 718 2941 ⁵
737 2924 816 2953 Deut.
834 2933 895 2960 xw,
916 2925 957 2953 l9.
