2024 3214
285 192 340 233 osi

637 202 772 232 EUSEBII
789 203 1029 232 CESARIENSIS
1043 203 1118 232 OPP.
1139 203 1230 231 PARS
1246 202 1289 231 Ill.
1308 217 1343 223 —
1358 202 1562 232 EXEGETICA.

1854 205 1907 233 988

286 262 353 290 lant.
375 261 444 296 Quid
463 267 551 290 autem
568 262 727 289 nescierunt
753 270 842 297 neque
867 262 1058 289 intellexerunt

1121 262 1242 298 ἔγνωσαν
1264 261 1325 288 οὐδὲ
1350 260 1510 297 συνῆκαν,ἢ
1527 262 1567 288 ὅτι
1591 262 1652 289 ὅσον
1670 260 1746 289 οὔπω
1767 262 1815 289 καὶ
1831 257 1912 290 αὖτοῐ

286 307 339 334 nisi
356 314 386 334 se
402 307 602 342 quamprimum
629 306 758 333 tribunali
775 305 823 334 Dei
844 306 980 333 sistendos
995 314 1067 338 esse,

285 353 417 380 rationem
437 353 470 380 de
489 353 601 387 judiciis
621 352 722 387 injuste
747 352 810 379 latis
835 352 1007 379 reddituros?
1028 352 1068 379 llli

284 406 349 425 vero
362 398 496 433 judicium
516 397 563 425 Dei
581 406 635 433 pra:
653 398 740 425 oculis
759 406 812 424 non
827 402 968 432 ponentes,
985 398 1012 424 in
1028 401 1068 424 te-

285 445 378 471 nebris
391 445 540 475 ambulant,
561 445 719 479 ignorantia:
734 445 849 479 caligine
863 444 962 470 mcntis
974 443 1067 470 oculos

284 491 438 525 opplentes.
451 489 633 522 Quamobrem
650 497 698 524 par
715 494 756 517 est
771 497 818 516 eos
832 489 906 515 verbi
923 488 1067 523 splendore

284 537 446 568 illustratus,
476 543 521 563 aut
546 544 600 563 non
621 536 756 570 judicare,
780 543 913 563 memores
938 536 997 569 ejus
1021 535 1066 569 qui

284 581 352 608 dixit
370 591 376 608 :
392 580 481 608 Nolite
495 581 626 615 judicare,
642 585 669 606 ut
689 589 740 606 non
756 580 911 614 judicemini
926 580 934 595 ⁷
949 589 955 612 ;
972 583 1018 605 aut
1043 579 1066 606 si

285 626 311 653 id
335 626 482 661 aliquando
499 634 610 653 necesse
627 625 716 657 fuerit,
734 625 918 659 justissimum
933 624 1066 659 judicium

283 672 365 703 ferre,
383 681 415 699 ac
435 676 592 707 peceatores
605 672 780 703 convincere;
793 671 899 698 etiamsi
917 671 1066 705 oportuerit

283 726 333 752 pro
347 718 459 744 veritate
475 718 542 744 mori
565 727 570 744 :
590 718 615 744 in
634 717 753 743 animum
772 717 941 748 inducentes,
963 716 989 743 in
1005 717 1066 742 uni-

282 764 383 790 versali
399 763 444 791 Dei
461 764 575 798 judicio,
593 763 665 798 quod
683 771 730 797 per
746 762 885 790 Christum
900 770 978 790 suum
996 763 1066 788 latu-

282 816 331 836 rus
346 815 397 840 est,
411 810 530 836 omnium
548 809 604 836 fore
621 809 883 836 consummationem
898 813 925 835 et
935 809 1064 835 mutatio-

282 863 354 882 nem.
381 855 457 888 Quod
485 855 617 889 judicium
635 855 756 882 declarat
779 856 805 882 id
820 855 892 890 quod
918 855 1063 890 sequitur:

281 899 402 927 —V£ns.
416 900 442 931 6.
460 901 486 927 7.
503 901 679 928 Morabantur
691 902 779 929 omnia
796 901 967 936 fundamenta
977 906 1062 928 terra}.

281 945 337 980 Ego
351 946 475 973 Δίπὶςῦἰὶ
486 948 560 979 estis,
571 953 595 974 et
610 949 660 983 [itii
677 949 806 975 Altissimi
819 956 918 975 omnes.
943 947 994 974 Vos
1015 956 1063 974 au—
1080 940 1100 966 Β

282 996 330 1017 tem
345 993 412 1018 sicut
427 993 543 1020 homines
562 995 718 1027 moriemini,
731 999 755 1021 et
773 994 840 1020 sicut
854 1002 921 1020 unus
936 993 967 1020 de
988 995 1062 1028 prin-

279 1037 380 1071 cipibus
393 1038 502 1066 cadetis.
520 1039 675 1067 Memoratis
692 1040 754 1071 diis,
771 1039 887 1066 ducibus
904 1040 1026 1067 videlicet
1038 1045 1065 1067 et

280 1082 449 1117 principibus
474 1084 577 1118 populi,
603 1084 647 1118 qui
673 1085 699 1111 in
723 1084 842 1111 medium
869 1092 965 1111 eorum
989 1085 1063 1111 venit

279 1127 361 1160 Deus,
375 1128 431 1154 haec
445 1129 527 1155 etiam
540 1129 668 1163 loquitur,
678 1129 790 1161 docens,
809 1137 838 1156 se
851 1129 960 1164 quidem
973 1129 1062 1157 Patris

279 1173 468 1201 liberalitatem
498 1174 644 1207 imitatum,
671 1175 745 1202 nulla
773 1175 874 1202 invidia
899 1176 1059 1204 cohibitum.

278 1220 406 1247 deitatem
422 1220 625 1247 communicare
641 1228 734 1254 suam;
752 1221 789 1247 ita
814 1223 843 1247 ut
868 1221 929 1248 illos
954 1228 1062 1255 quoque

277 1274 372 1293 omnes
387 1266 453 1294 deos
468 1270 494 1293 et
514 1266 584 1294 ﬁlios
601 1266 734 1294 Altissimi
748 1270 868 1298 vocaret,
883 1266 955 1301 quod
971 1271 1060 1293 tamen

277 1312 330 1340 sibi
347 1313 399 1340 soli
414 1313 517 1346 inerat;
534 1312 571 1339 illi
588 1321 652 1340 vero
676 1314 791 1348 gratiam
808 1313 973 1340 contumelia
1000 1313 1061 1340 alle-

276 1362 383 1385 cerunt.
400 1357 459 1390 Quo
475 1362 555 1393 pacto
568 1361 658 1385 autem
674 1359 720 1392 qui
737 1366 751 1385 a
766 1357 821 1386 Deo
830 1359 972 1393 imperium
985 1366 1062 1386 acce-

276 1411 351 1439 pere,
367 1404 479 1431 deorum
503 1404 632 1432 honorem
665 1405 735 1439 apud
761 1405 885 1432 subditos
908 1405 1058 1437 obtineant,

276 1450 419 1485 intelliges,
436 1450 458 1476 si
475 1450 564 1477 animo
587 1450 712 1477 advertas
729 1449 832 1477 dictum
848 1449 932 1485 Moysi
949 1450 1032 1478 fuisse
1051 1460 1057 1477 :

275 1494 343 1522 Ecce
359 1496 483 1522 constitui
504 1500 527 1522 te
549 1495 625 1522 hodie
641 1495 717 1522 deum
739 1495 898 1526 Pharaonis,
922 1500 946 1522 et
970 1496 1058 1522 Aaron

275 1542 359 1576 frater
379 1547 438 1568 tuus
456 1542 505 1568 erit
527 1542 573 1567 tibi
588 1541 714 1576 propheta
727 1542 747 1568 ⁸.
764 1541 840 1569 Sicut
855 1543 928 1569 enim
940 1541 1057 1577 Moyses,

274 1595 336 1614 cum
352 1587 433 1614 homo
449 1587 496 1614 Dei
511 1591 594 1619 esset,
605 1591 631 1614 et
649 1589 682 1614 ab
700 1596 732 1615 eo
748 1588 878 1615 honorem
894 1589 1055 1623 accepisset,

274 1632 342 1659 deus
360 1632 512 1659 Pharaonis
525 1633 679 1667 appellatus
698 1638 739 1661 est
752 1643 759 1667 ;
774 1635 867 1661 eodem
885 1635 965 1661 modo
979 1640 1057 1669 quot-

273 1681 341 1712 quot
356 1685 370 1703 a
388 1677 442 1704 Deo
460 1678 590 1705 honorem
607 1679 772 1713 acceperint,
792 1680 904 1707 deorum
919 1681 977 1707 loco
991 1681 1057 1708 sub-

274 1723 338 1750 ditis
355 1722 498 1749 habentur.
520 1723 703 1756 Quamobrem
733 1724 814 1751 iidem
835 1725 934 1752 subditi
956 1725 988 1752 ad
1010 1734 1058 1753 eos

273 1776 336 1796 cum
351 1768 501 1795 reverentia
518 1772 545 1795 et
557 1769 653 1796 timore
665 1769 808 1801 accedunt,
821 1777 876 1796 non
892 1770 926 1797 ob
940 1770 1057 1797 militare

274 1814 444 1846 satellitium,
463 1822 517 1841 non
533 1815 567 1841 ob
588 1814 696 1842 divitias
711 1819 737 1842 et
762 1819 937 1850 potestatem;
958 1816 1004 1843 sed
1021 1816 1056 1843 oh

272 1860 403 1886 honorem
419 1859 486 1894 ipsis
500 1867 514 1886 a
526 1859 581 1887 Deo
593 1859 718 1887 inditum.
736 1859 781 1887 Sic
796 1861 867 1887 enim
884 1860 984 1896 Moysis
998 1861 1056 1887 vul-

271 1908 317 1932 tus
333 1906 418 1940 gloria
435 1905 601 1940 replebatur,
628 1906 668 1933 sic
695 1906 880 1940 apostolorum
907 1906 1055 1934 Salvatoris

271 1951 368 1983 nostri,
383 1951 423 1978 sic
440 1951 504 1978 olim
521 1951 569 1978 Dei
592 1951 797 1986 prophetarum,
815 1952 854 1979 sic
871 1952 992 1978 omnium
1008 1952 1055 1987 qui

270 2003 333 2023 vere
351 1996 422 2023 servi
439 1995 485 2022 Dei
499 2000 593 2029 erant;
611 1997 657 2031 qui
674 1996 738 2024 dum
754 1997 812 2024 sine
827 1997 971 2032 splendore
988 2005 1056 2032 pau-

269 2049 402 2076 pcresque
419 2041 502 2067 vitam
518 2042 656 2076 degerem,
670 2050 685 2069 a
705 2043 839 2078 religiosis
860 2048 949 2070 tamen
967 2043 1055 2070 homi-

270 2087 351 2113 nibus
363 2086 520 2113 obinditam
538 2087 590 2114 sibi
614 2088 728 2121 gratiam
751 2088 777 2114 in
799 2087 902 2114 honore
916 2088 1055 2115 habeban-

269 2136 325 2159 tur.
342 2131 397 2167 Ego
408 2132 529 2166 quidem,
547 2132 594 2162 ait,
610 2132 650 2159 sic
670 2133 753 2164 volui,
771 2133 811 2160 sic
827 2133 881 2159 dixi
898 2142 903 2159 :
921 2133 966 2160 Dii
979 2134 1052 2161 estis.

269 2179 349 2206 Volui
364 2183 430 2205 sane
446 2186 495 2205 vos
508 2178 620 2213 perinde
638 2182 718 2213 atque
730 2186 772 2205 me
789 2179 816 2205 in
829 2179 918 2206 medio
931 2182 1052 2206 vestrum

268 2228 386 2252 stantem
415 2223 510 2254 Deum,
536 2222 668 2250 Altissimi
692 2222 762 2250 lilios
779 2222 867 2255 elliei;
892 2231 940 2250 vos
961 2227 1051 2250 autem

267 2271 383 2305 gratiam
409 2268 624 2304 contempsistis.
648 2269 677 2295 ln
704 2272 793 2295 vestra
819 2269 909 2303 itaque
934 2269 1051 2296 humana

267 2317 382 2348 malitia,
405 2319 432 2343 et
455 2316 483 2342 in
508 2315 628 2350 peccatis
648 2315 745 2342 vestris
769 2315 932 2343 moriemini.
956 2315 1053 2342 Anima

266 2363 338 2390 enim
359 2370 416 2398 qua:
436 2362 591 2396 peccaverit,
616 2360 674 2395 ipsa
696 2362 822 2387 morietur
836 2360 857 2388 ’.
878 2360 1049 2395 Quapropter

266 2416 309 2435 vos
334 2409 401 2434 sicut
430 2408 546 2434 homines
575 2406 737 2437 moriemini,
769 2411 793 2433 et
826 2407 894 2432 sicut
921 2415 988 2433 unus
1018 2407 1049 2434 de

265 2454 424 2488 principibus
434 2453 544 2480 cadetis.
553 2452 787 2485 Quemadmodum
798 2454 870 2479 enim
881 2453 945 2480 olim
954 2452 1049 2480 diabo-

267 2500 310 2527 lus
332 2500 435 2527 honore
459 2499 572 2526 allectus
588 2498 638 2526 fuit
653 2499 724 2534 apud
739 2498 835 2531 Deum,
852 2503 879 2526 et
894 2500 1047 2534 principum

266 2547 294 2573 in
308 2546 385 2572 coalis
398 2546 555 2580 angelorum
572 2554 643 2573 unus
656 2546 706 2572 luit
719 2555 726 2579 ;
743 2546 842 2573 deinde
858 2554 942 2580 pravo
957 2547 1049 2574 consi-

266 2593 303 2619 lio
322 2599 441 2622 usus,ex
457 2592 517 2618 loco
531 2600 581 2619 suo
596 2592 707 2625 decidit,
717 2593 753 2619 ita
770 2596 799 2619 ut
815 2592 848 2619 de
863 2593 909 2619 illo
923 2593 1047 2620 dicatur:

267 2636 402 2670 Quomodo
411 2637 501 2663 cecidit
508 2637 539 2663 de
546 2638 609 2664 ccelo
618 2637 779 2672 Lucifer,qui
789 2646 864 2665 mane
873 2639 1050 2665 oriebatur”?

266 2683 335 2709 tales
348 2687 375 2709 et
389 2690 437 2710 vos
449 2691 557 2717 quoque
577 2684 669 2711 fuistis
682 2694 688 2711 :
705 2692 760 2711 non
782 2685 854 2719 quod
869 2689 966 2711 natura
983 2685 1046 2711 mali

265 2729 344 2762 sitis;
363 2728 411 2756 sed
425 2729 558 2756 electione
571 2735 661 2757 vestra
675 2738 729 2757 non
746 2731 816 2757 bona
829 2732 881 2758 usi.
900 2730 971 2758 Sane
984 2739 1046 2759 vero

264 2783 296 2802 ea
311 2782 371 2809 quze
385 2782 400 2801 a
424 2783 466 2802 me
481 2775 704 2810 proﬁciscuntur,
721 2777 755 2804 ad
776 2777 821 2804 Dei
841 2777 972 2804 honorem
998 2786 1048 2805 vos

263 2821 422 2849 evocabant.
432 2820 487 2850 Vos
499 2826 589 2850 autem
599 2822 692 2858 lapsus
703 2824 851 2858 principem
863 2824 970 2858 imitati,
979 2825 1046 2851 sicut

1119 307 1340 342 παραστήσονται
1353 305 1391 341 τῷ
1406 305 1506 341 βήματι
1523 305 1570 333 τοῦ
1583 306 1660 338 Θεοῦ,
1679 306 1756 340 λόγον
1777 305 1907 338 δώσοντες

1119 352 1182 387 περὶ
1208 348 1245 378 ὧν
1270 353 1299 378 οὐ
1325 351 1438 383 δικαίως
1451 352 1578 388 ἔκριναν;
1595 353 1626 378 υἱ
1644 353 1672 379 δὲ
1691 352 1727 388 μὴ
1742 352 1794 387 πρὸ
1808 352 1907 387 ὀφθαλ-

1120 397 1177 432 μῶν
1194 397 1300 433 θέμενοι
1316 397 1365 433 τήν
1383 397 1472 432 κρίσιν
1491 397 1537 424 τοῦ
1565 397 1632 424 Θεοῦ
1659 399 1686 424 ὲν
1706 398 1794 424 σκότει
1813 398 1906 425 διαπο-

1120 442 1252 476 ρεὺονται,
1268 442 1307 477 τῷ
1318 443 1368 478 τῆς
1382 443 1492 476 ἀγνοίας
1504 443 1590 477 σκότῳ
1604 442 1637 469 τὰ
1651 442 1700 478 τῆς
1713 443 1801 478 ψυχῆς
1816 443 1905 469 αὐτῶν

1117 488 1227 522 δμματα
1252 488 1455 524 πληρώσαντες.
1473 489 1518 514 Διὸ
1544 489 1685 524 προσήκει,
1700 489 1739 524 τῷ
1762 488 1808 514 τοῦ
1826 488 1907 523 λόγου

1118 534 1212 568 φέγγει
1230 534 1441 570 φωτιζομένους,
1458 535 1474 570 ἢ
1501 535 1537 570 μὴ
1558 535 1669 570 κρίνειν,
1687 534 1904 570 μνημονεύοντας

1116 580 1163 606 τοῦ
1180 581 1319 617 είρηκότος
1331 591 1337 596 ·
1354 582 1402 615 Μὴ
1425 582 1549 615 κρίνετε,
1568 581 1617 607 ἵνα
1630 581 1672 615 μὴ
1690 581 1806 615 κριθῆτε
1819 590 1826 596 ·
1844 581 1860 617 ἢ
1881 583 1904 608 εί

1117 626 1222 662 ἀνάγκη
1254 627 1317 653 ποτε
1344 627 1464 663 κρίνειν,
1492 627 1561 654 κατὰ
1582 627 1612 653 τὸ
1634 627 1802 654 δικαιότατον
1825 627 1904 654 τοῦτο

1116 674 1202 699 ποιεῖν
1217 673 1262 699 καὶ
1274 673 1393 708 ἐλέγχειν
1404 674 1468 705 τοὺς
1480 674 1692 708 ἁμαρτάνοντας,
1706 673 1756 700 κᾶν
1768 673 1822 700 δέοι
1833 674 1904 710 ὑπὲρ

1116 718 1244 753 ἀληθείας
1259 718 1395 754 θνήσκειν,
1413 719 1612 754 πεπεισμένους
1628 720 1758 755 ἀκριϐῶς,
1781 720 1822 746 ὄτι
1838 720 1904 747 πᾶν-

1117 771 1169 789 των
1185 763 1261 789 ἔσται
1275 764 1412 791 συντέλεια
1436 766 1481 791 καὶ
1500 764 1633 800 μεταϐολὴ
1650 766 1695 791 ἐπὶ
1716 766 1749 800 τῇ
1773 765 1903 802 καθολικῇ

1116 808 1205 844 κρίσει
1228 809 1274 835 τοῦ
1291 810 1368 842 Θεοῦ,
1382 811 1415 845 ἦν
1429 812 1569 846 ποιήσεται
1593 811 1637 837 διὰ
1658 811 1703 837 τοῦ
1719 811 1838 847 Χριστοῦ
1853 813 1902 839 αὐ-

1115 854 1162 880 τοῦ
1173 863 1179 869 ·
1193 854 1226 890 ἢν
1241 855 1286 881 καὶ
1303 856 1317 881 δ
1338 856 1432 891 παρὼν
1453 858 1602 892 παρίστησι
1620 857 1696 891 λόγος
1712 859 1903 885 ὲπισυνάπτων

1116 899 1179 935 ἑξῆς
1198 899 1244 926 τό·
1258 902 1499 935 relictionem-tat
1521 902 1617 929 πάντα
1643 902 1678 929 τὰ
1702 903 1822 938 θεμέλια
1847 902 1903 937 τῆς

1114 944 1179 979 γῆς,
1202 946 1273 980 Ἐγὼ
1300 944 1381 972 εἶπαν
1408 948 1472 974 Θεοί
1500 948 1588 981 ἐστε,
1609 949 1658 975 καὶ
1680 949 1737 976 υἱοὶ
1760 949 1902 983 Ὑψίστου

1114 990 1225 1024 πάντες
1237 1000 1243 1006 ·
1256 992 1339 1026 ὑμεῖς
1356 992 1389 1019 δὲ
1403 994 1443 1026 ὼς
1463 993 1610 1028 ἅνθρωποι
1623 995 1840 1030 ἀποθνήσκετε,
1853 995 1901 1022 καὶ

1113 1037 1153 1069 ὠς
1181 1035 1225 1070 εἷς
1252 1037 1311 1064 τῶν
1335 1039 1488 1073 ἀρχόντων
1520 1041 1650 1067 πίπτετε.
1667 1041 1726 1067 Ἔτι
1748 1041 1819 1077 πρὸς
1838 1041 1903 1074 τοὺς

1114 1083 1309 1119 προλεχϐἐντας
1326 1084 1413 1117 Θεοὺς,
1430 1085 1597 1120 ἡγουμένους
1609 1086 1709 1122 δηλαδὴ
1733 1087 1780 1113 καὶ
1801 1086 1901 1123 ἄρχον-

1112 1136 1161 1160 τας
1173 1129 1220 1155 τοῦ
1242 1129 1317 1163 λαοῦ,
1334 1131 1347 1156 ό
1362 1131 1442 1165 μέσος
1461 1131 1549 1158 αὐτῶν
1562 1132 1705 1167 γενόμενος
1720 1132 1785 1164 Θεὸς
1802 1133 1851 1160 καὶ
1866 1133 1901 1160 τὰ

1113 1175 1233 1210 παρόντα
1254 1176 1433 1209 ἀποτείνεται,
1453 1177 1594 1210 διδάσκων,
1614 1179 1652 1210 ὠς
1672 1179 1753 1210 αὐτὸς
1776 1179 1836 1213 μὲν,
1851 1178 1901 1215 τήν

1112 1219 1156 1246 τοῦ
1172 1221 1276 1256 Πατρὸς
1297 1221 1427 1255 ἀφθονίαν
1452 1223 1628 1258 μιμούμενος,
1644 1224 1725 1250 πᾶσιν
1741 1224 1833 1255 αὐτοῖς
1850 1225 1900 1260 τῆς

1112 1265 1193 1291 αὑτοῦ
1205 1265 1329 1301 θεότητος
1339 1268 1389 1293 οὑκ
1397 1267 1528 1302 ἐφθόνησε
1539 1268 1753 1304 μεταδοῦναι,ὼς
1762 1269 1810 1296 καὶ
1821 1268 1899 1302 Geo-2:;

1111 1311 1290 1346 ἀναγορεῦἇαι
1317 1313 1414 1345 αὐτοὺς
1437 1313 1485 1340 καὶ
1509 1315 1583 1346 υἱοὺς
1603 1314 1728 1349 Ὑψίστου
1743 1314 1848 1347 πάντας
1864 1315 1897 1342 ἂν

1111 1357 1208 1389 εἰπεῖν,
1225 1357 1291 1392 ὅπερ
1302 1358 1375 1394 αὐτῷ
1388 1359 1459 1394 μόνῳ
1476 1360 1578 1395 προσῆν
1590 1369 1596 1374 ·
1613 1361 1636 1386 οἱ
1650 1360 1677 1386 δὲ
1694 1360 1742 1396 τὴν
1757 1361 1838 1397 χάριν
1856 1361 1898 1388 ὲν-

1111 1403 1232 1440 ύόρισαν.
1249 1406 1363 1441 Νοήσεις
1376 1407 1404 1432 δὲ
1418 1407 1475 1438 πῶς
1490 1407 1570 1442 τιμὴν
1584 1407 1652 1434 θεῶν
1667 1408 1690 1434 οἱ
1707 1407 1760 1434 ὑπὸ
1770 1407 1819 1434 τοῦ
1829 1408 1896 1434 Θεοῦ

1110 1451 1159 1486 τὴν
1173 1452 1260 1487 ἀρχὴν
1275 1452 1415 1487 εἰληφότες
1428 1453 1503 1489 παρὰ
1517 1455 1571 1486 τοῖς
1587 1454 1748 1489 ἀρχομένοις
1768 1455 1897 1491 ἐκτήσαν-

1109 1505 1161 1530 το,
1191 1498 1340 1534 ἐπιστήσας
1363 1500 1436 1531 ὅπως
1468 1501 1573 1535 εἴρηται
1599 1500 1638 1536 τῷ
1666 1501 1760 1527 Μωσεί
1777 1509 1783 1516 ·
1822 1500 1894 1528 Ἰδοὺ

1109 1543 1278 1578 καθέστηκά
1310 1553 1347 1572 σε
1376 1545 1509 1580 σήμερον
1540 1547 1609 1573 θεὸν
1637 1547 1678 1580 τῷ
1701 1547 1823 1581 Φαραὼ,
1846 1548 1894 1574 καί

1117 1589 1222 1623 Ἀαρὼν
1244 1592 1261 1618 ὁ
1288 1591 1419 1626 ἀδελφός
1448 1599 1505 1619 σου
1530 1592 1615 1620 ἔσται
1646 1601 1695 1619 σοι
1727 1592 1892 1627 προφήτης.

1111 1636 1215 1671 Ὥσπερ
1238 1636 1290 1672 γὰρ
1311 1638 1424 1672 Μωσῆς,
1449 1638 1591 1674 ἄνθρωπος
1613 1639 1650 1665 ὢν
1666 1639 1733 1666 Θεοῦ
1755 1640 1804 1666 καὶ
1829 1639 1896 1676 παρ’

1109 1680 1190 1707 αὐτοῦ
1205 1682 1254 1717 τὴν
1264 1683 1346 1717 τιμὴν
1355 1683 1454 1715 λαϐὼν,
1470 1683 1529 1715 θεὸς
1542 1684 1709 1720 ἀνηγορεύθη
1725 1684 1771 1711 τοῦ
1782 1684 1897 1721 Φαραώ⁵

1107 1727 1152 1753 τὸν
1162 1727 1242 1753 αὑτὸν
1251 1728 1351 1763 τρόπον
1362 1729 1409 1755 καὶ
1423 1729 1521 1761 πάντες
1534 1729 1579 1761 οὓς
1593 1729 1625 1756 ἃν
1634 1731 1774 1766 τιμήσειεν
1790 1731 1805 1756 ὸ
1816 1731 1897 1764 Θεὸς,

1108 1770 1175 1797 θεῶν
1200 1771 1291 1808 χώραν
1317 1773 1391 1808 παρὰ
1415 1775 1471 1805 τοῖς
1494 1774 1722 1809 ὑποτεταγμένοις
1741 1775 1891 1811 εἰλήφασιν.

1109 1816 1202 1843 Ἔνθεν
1222 1818 1268 1843 κα)⁸
1284 1819 1308 1844 οἱ
1324 1819 1470 1854 ἀρχόμενοι
1491 1820 1634 1855 προσίασιν
1650 1820 1739 1851 αὐτοῖς
1757 1821 1826 1856 μετὰ
1845 1821 1892 1848 εὐ-

1106 1861 1216 1894 λαϐείας
1233 1863 1279 1889 καὶ
1292 1863 1378 1895 δέους,
1396 1865 1425 1890 οὐ
1442 1864 1487 1890 διά
1507 1873 1566 1891 τινα
1579 1865 1738 1901 δορυφορίαν
1758 1875 1891 1902 στρατιω-

1105 1908 1194 1943 τικὴν,
1209 1909 1239 1934 οὺ
1254 1908 1297 1935 διὰ
1310 1909 1423 1936 πλοῦτον
1442 1910 1488 1936 καὶ
1499 1910 1667 1943 δυναστείαν,
1680 1912 1722 1938 διὰ
1736 1912 1765 1938 δὲ
1778 1913 1828 1946 τὴν
1839 1912 1893 1939 ὑπὸ

1105 1952 1172 1979 Θεοῦ
1188 1953 1346 1988 περιθεῖσαν
1363 1955 1454 1987 αὐτοῖς
1476 1957 1568 1991 τιμήν.
1589 1956 1667 1984 Οὕτω
1688 1958 1742 1993 γὰρ
1763 1959 1811 1985 καὶ
1827 1959 1892 1986 Μω-

1106 1999 1173 2031 σέως
1187 1997 1220 2035 ἦν
1235 2000 1428 2035 δεδοξασμένον
1442 2002 1473 2028 τὸ
1490 2002 1649 2037 πρόσωπον·
1667 2003 1737 2030 οὓτω
1760 2004 1808 2030 καὶ
1833 2005 1888 2031 τῶν

1104 2047 1258 2073 ἀποστόλων
1271 2047 1317 2073 τοῦ
1333 2048 1458 2084 Σωτῆρος
1473 2049 1562 2083 ήμῶν,
1577 2049 1648 2076 οὕτω
1668 2050 1715 2076 καὶ
1735 2050 1789 2076 τῶν
1805 2051 1890 2078 πάλαι

1103 2092 1149 2118 τοῦ
1164 2092 1231 2119 Θεοῦ
1248 2094 1403 2129 προφητῶν.
1425 2094 1495 2121 οὕτω
1518 2095 1564 2121 καὶ
1581 2095 1688 2122 πάντων
1705 2096 1760 2123 τῶν
1780 2097 1890 2132 ἀληθῶς

1102 2139 1148 2165 τοῦ
1163 2139 1229 2166 Θεοῦ
1243 2140 1352 2171 δούλων,
1369 2141 1469 2174 ἀδόξως
1486 2142 1619 2177 μενόντων
1628 2142 1677 2168 καὶ
1688 2142 1805 2177 πτωχῶν
1818 2142 1890 2170 κατὰ

1102 2183 1147 2209 τὸν
1165 2184 1229 2218 βίον,
1244 2185 1433 2220 τετιμημένων
1442 2186 1470 2212 δὲ
1484 2186 1558 2221 παρὰ
1568 2188 1623 2218 τοῖς
1637 2187 1772 2214 θεοσεϐέσι
1785 2187 1831 2215 διὰ
1841 2187 1892 2224 τὴν

1103 2230 1134 2255 ἐκ
1150 2229 1217 2256 Θεοῦ
1232 2230 1375 2265 δεδομένην
1399 2232 1491 2263 αὐτοῖς
1507 2232 1595 2268 χάριν.
1605 2232 1675 2267 Ἐγὼ
1691 2234 1739 2268 μὲν
1761 2231 1819 2265 οὖν,
1835 2243 1888 2270 φη-

1068 2284 1090 2312 D
1105 2276 1140 2307 σι,
1159 2276 1205 2302 καὶ
1230 2276 1358 2311 ἠθέλησα,
1378 2278 1425 2304 καὶ
1447 2276 1539 2305 εἶπον·
1559 2279 1624 2306 Θεοί
1642 2279 1728 2306 ἐστε·
1747 2280 1888 2316 βουληθεὶς

1103 2322 1174 2356 ὑμᾶς
1189 2322 1287 2357 ὁμοίως
1309 2323 1370 2357 ἐμοὶ
1391 2323 1430 2357 τῷ
1455 2324 1530 2359 μέσῳ
1543 2325 1619 2360 ὑμῶν
1630 2325 1727 2352 ἑστῶτι
1741 2325 1802 2361 Θεῷ
1814 2326 1890 2358 υἱοὺς

1103 2368 1226 2402 γενέσθαι
1236 2368 1282 2395 τοῦ
1298 2369 1439 2403 Ὑψίστου·
1453 2371 1530 2405 ὑμεῖς
1538 2371 1624 2406 δὲτὴν
1635 2371 1713 2407 χάριν
1725 2372 1885 2407 ήθετήσατε.

1103 2414 1168 2445 Ταῖς
1191 2413 1256 2448 γοῦν
1272 2414 1454 2449 ἀνθρωπίναις
1476 2417 1585 2448 κακίαις
1604 2418 1651 2443 καὶ
1667 2419 1727 2449 ταῖς
1741 2418 1887 2454 ὑμετέραις

1101 2460 1249 2494 ἁμαρτίαις
1277 2461 1499 2496 ὲναποθνήσχετε.
1528 2462 1614 2497 Ψυχὴ
1635 2463 1688 2500 γὰρ
1715 2464 1735 2497 ή
1758 2464 1887 2498 ἀμαρτύ-

1099 2512 1206 2537 νουσα,
1221 2506 1297 2539 αὺτὴ
1321 2507 1519 2534 ἀποθανεῖται.
1535 2509 1581 2535 Διδ
1604 2510 1650 2535 καὶ
1668 2509 1753 2544 ὑμεῖς
1772 2511 1814 2543 ὡς
1835 2510 1885 2538 ἇν-

1102 2552 1210 2583 ορωποι
1232 2551 1437 2584 ἀποθνήσκετε
1452 2574 1459 2585 ,
1485 2553 1533 2580 καί
1558 2554 1599 2586 ὡς
1625 2551 1668 2586 εἷς
1690 2553 1750 2580 τῶν
1774 2555 1882 2590 ἀρχόν-

1100 2602 1159 2620 των
1168 2595 1298 2622 πίπτετε.
1308 2596 1351 2628 Ὠς
1363 2596 1416 2632 γὰρ
1426 2595 1458 2632 ἦν
1472 2606 1537 2624 ποτε
1550 2599 1564 2624 ὁ
1574 2598 1696 2630 διάϐολος
1708 2600 1791 2635 τιμῆς
1804 2599 1882 2634 ἠξιω-

1101 2640 1179 2675 μένος
1194 2641 1268 2677 παρὰ
1284 2641 1321 2677 τῷ
1338 2642 1396 2677 Θεῷ
1411 2643 1457 2669 καὶ
1468 2643 1521 2670 τῶν
1538 2645 1566 2670 ὲν
1579 2644 1701 2679 οὐρανοῖς
1715 2645 1881 2680 ἀρχοντικῶν

1099 2687 1222 2720 ἀγγέλων
1240 2685 1296 2718 εἴς’
1319 2687 1376 2714 εἶτα
1399 2689 1523 2725 μοχθηρᾷ
1538 2690 1694 2725 προαιρέσει
1711 2691 1880 2726 χρησάμενος

1100 2732 1281 2760 ἀποπέπτωκε
1294 2736 1342 2769 τῆς
1354 2735 1435 2761 αὑτοῦ
1451 2735 1552 2771 χώρας,
1569 2736 1607 2768 ὡς
1619 2737 1746 2771 εἰρῆσθαι
1760 2737 1824 2773 περὶ
1834 2737 1879 2764 αὗ-

1098 2779 1145 2805 τοῦ
1155 2788 1161 2794 ·
1180 2779 1245 2813 Πῶς
1265 2780 1409 2812 ἐξέπεσεν
1421 2781 1456 2808 ἐκ
1465 2782 1518 2808 τοῦ
1531 2783 1659 2816 οὐρανοῦ
1676 2784 1692 2809 ό
1713 2783 1879 2818 Ἐωσςβόρος

1099 2827 1116 2852 ό
1129 2826 1201 2859 πρωὶ
1219 2826 1408 2859 ἀνατέλλωη
1424 2827 1538 2855 τοιοῦτοί
1554 2837 1625 2860 τινες
1646 2829 1692 2855 καὶ
1710 2829 1789 2863 ὑμεῖς
1802 2827 1878 2863 γεγό-

328 2911 422 2941 Μοιιιι.
441 2922 497 2948 vu,
519 2914 544 2943 Ι,
583 2914 594 2931 ¹
613 2913 698 2942 Exod.
717 2922 770 2947 vn,
790 2915 814 2942 Ι.
852 2916 863 2932 ⁹
883 2915 981 2944 Ezecb.
998 2923 1058 2944 xvm

1108 2915 1124 2943 ι.
1164 2917 1185 2933 ¹⁰
1205 2915 1257 2944 lsa.
1276 2925 1337 2952 xrv,
1356 2916 1399 2946 12.
