2024 3214
126 223 177 252 διο

694 224 950 254 COMMENTARIA
971 224 1005 252 IN
1025 224 1194 254 PSALMOS.

1334 226 1390 268 (ω
1702 224 1755 253 990

125 294 199 316 νατε,
213 286 264 312 οὐκ
276 286 309 312 ὲκ
321 285 427 321 φύσεως
441 285 517 318 ὅντες
534 286 623 318 κακοὶ,
639 286 807 322 χρησάμενοι
824 286 852 313 δὲ
867 286 909 313 οὐ,

969 295 1037 313 unus
1049 286 1081 313 de
1094 285 1257 321 princinibus
1272 285 1419 313 cadetis.—-
1431 284 1513 313 Vens.
1522 285 1549 313 8.
1560 284 1654 320 Surge,
1672 285 1753 317 Deus.

124 332 213 367 ἀγαθῇ
225 333 258 367 τῇ
276 331 445 367 προαιρέσει.
458 331 503 357 Διὸ
516 331 550 357 τὰ
566 331 615 367 μὲν
632 331 696 367 παρ’
711 331 776 367 ἐμοῦ
792 332 832 363 είς
847 330 914 358 Θεοῦ

124 378 207 414 τιμὴν
224 378 296 413 ὑμᾶς
313 377 405 404 ἐκάλει
416 387 422 393 ·
438 378 517 413 ὑμεῖς
533 377 562 404 δὲ
577 377 623 404 τὸν
639 377 759 412 ἄρχοντα
771 377 821 413 τῆς
843 376 916 404 πτώ-

126 434 195 457 σεως
207 424 403 461 μιμησάμενοι,
416 424 457 457 ὡς
472 421 516 457 εἷς
529 423 588 450 τῶν
600 423 755 458 ἀρχόντων
767 423 816 450 καὶ
831 423 914 450 αὐτοὶ

124 472 257 499 πίπτετε.
281 470 416 502 Ἀνάστα,
432 472 449 497 ὀ
475 470 557 504 Θεὸς,
572 470 678 504 κρῖνον
699 469 758 504 τὴν
778 469 848 505 γῆν,
871 470 915 497 ὅτι

124 518 165 545 σὺ
189 518 427 552 κληρονομήσεις
449 518 484 544 ἐν
506 516 581 544 πᾶσι
600 517 662 549 τοῖς
680 517 791 544 ἔθνεσι.
811 517 915 552 Σφόδρα

125 563 278 594 ἀκολούθως
298 562 342 589 διὰ
354 562 402 588 τοῦ
419 562 470 598 πρὸ
485 562 579 588 τούτου
596 561 703 598 ψαλμοῦ
721 562 915 597 κατηγορήσας

125 611 139 637 ό
159 610 239 644 λόγος
262 609 309 636 τοῦ
333 609 433 640 παντὸς
457 609 591 636 Ἰουδαίων
616 609 718 640 ἔθνους,
733 609 780 634 καὶ
801 608 845 634 διὰ
867 607 914 634 τοῦ

127 653 196 689 μετὰ
221 655 315 689 χεῖρας
337 653 365 679 δὲ
387 653 517 684 ὡσαύτως
540 653 594 679 τῶν
614 654 752 689 ἀρχόντων
776 653 823 679 τοῦ
849 653 915 680 λαοῦ

126 696 292 732 κατηγορίαν
307 697 500 732 πεποιημένος,
515 697 660 733 διαλλαγὴν
672 699 743 724 αἰτεῖ
758 698 804 724 καὶ
816 698 914 732 ἐπιφά-

126 749 200 767 νειαν
221 739 329 776 εὔχεται
350 741 474 775 γενέσθαι
497 742 588 768 οὐκέτι
612 743 651 778 τῷ
669 742 802 769 Ἰουδαίων
826 742 913 774 ἔθνει,

126 786 193 813 ἀλλὰ
220 787 287 813 πᾶσι
311 789 367 819 τοῖς
392 787 491 814 ἔθνεσι.
516 789 561 814 Διὸ
585 789 722 823 ἐπιλέγει·
741 788 876 821 Ἀνάστα,
898 789 914 814 ὀ

127 832 208 865 Θεὸς,
223 832 326 866 κρῖνον
344 833 402 867 τὴν
417 832 485 868 γῆν,
506 833 550 860 ὅτι
564 834 605 860 σὺ
623 834 862 868 κληρονομήσεις
880 833 915 859 ἐν

125 877 200 905 πᾶσι
215 879 277 911 τοῖς
299 878 412 906 ἔθνεσι.
428 879 477 910 Τις
491 879 519 905 δέ
538 881 611 906 ἐστιν
631 881 644 906 ό
664 880 869 915 κληρονομήσας
886 879 913 904 ὲν

125 926 192 952 πᾶσι
206 926 262 957 τοῖς
277 925 375 956 ἔθνεσι,
393 925 430 961 μὴ
446 925 544 961 ἐρώτα,
568 927 597 952 τὸ
617 926 644 952 δὲ
663 927 778 962 πρᾶγμα
793 924 912 958 ἐξέταζε,

962 332 1057 368 judice
1066 337 1176 366 terram,
1186 341 1253 368 quon
1258 332 1311 359 iam
1322 336 1349 358 tu
1357 331 1524 359 lum-editabis
1535 332 1560 359 in
1569 332 1689 359 omnibus
1695 340 1755 368 gen-

966 378 1045 405 tibus.
1062 377 1130 406 Cum
1154 379 1182 405 in
1198 377 1361 414 praecedenti
1386 377 1491 413 psalmo
1514 381 1597 404 totam
1611 376 1752 405 Iudaicam

965 430 1074 460 gentem
1087 428 1294 457 aceusasset,et
1309 424 1338 451 in
1353 424 1481 459 praesenti
1494 424 1647 459 principum
1660 424 1752 459 populi

966 471 1169 499 accusationem
1193 470 1368 502 instituisset,
1384 469 1529 497 admodum
1554 473 1753 505 consequenter

963 517 1019 551 jam
1036 517 1288 545 reconciliationem
1301 522 1328 544 et
1341 517 1487 544 adventum
1502 516 1603 543 Christi
1619 517 1750 551 postulat,

966 572 1020 592 non
1036 564 1192 592 Judaaorum
1208 564 1292 599 genti,
1313 564 1361 592 sed
1379 564 1507 591 omnibus
1529 564 1646 598 populis.
1663 564 1752 597 Quare

966 611 1006 638 sic
1032 611 1172 638 concludit
1189 620 1196 638 :
1213 610 1308 646 Surge,
1325 610 1407 642 Deus,
1430 610 1524 645 judica
1549 616 1656 642 terram,
1685 619 1751 645 quo-

966 659 1037 685 niam
1053 663 1079 683 tu
1095 656 1262 684 ltwreditabis
1280 657 1307 683 in
1331 656 1451 683 omnibus
1465 656 1594 691 gentibus.
1618 656 1686 690 Quis
1703 664 1754 684 au-

965 709 1019 731 tem
1040 704 1075 730 sit
1103 703 1149 738 qui
1168 702 1394 730 htereditabit'in
1414 703 1551 743 omnibus
1565 703 1702 738 gentibus,
1718 711 1753 731 ne

965 750 1130 784 interroges,
1148 749 1197 776 sed
1212 757 1268 777 rem
1286 749 1430 784 perquire;
1453 753 1480 776 et
1498 748 1685 784 deprehendes
1697 757 1752 777 non

965 796 1049 823 alium
1058 804 1128 828 esse,
1141 803 1222 831 quam
1236 795 1376 823 Christum
1392 794 1454 827 Dei;
1468 795 1511 822 cui
1527 803 1542 821 a
1559 794 1639 822 Patre
1650 795 1752 823 dictum

964 845 1006 869 est
1022 852 1028 869 :
1048 841 1136 868 Filius
1155 850 1227 868 meus
1238 850 1265 868 es
1282 846 1309 867 tu
1322 849 1387 874 :ega
1401 840 1477 867 hodie
1491 841 1568 875 genui
1589 846 1621 868 te.
1639 840 1753 871 Postulo

966 896 981 913 a
997 895 1046 918 me,
1065 892 1088 913 et
1104 886 1172 913 dabo
1186 886 1233 912 tibi
1248 891 1336 920 gentes
1355 885 1534 911 liwrcditatem
1551 889 1634 916 luam,
1654 890 1677 911 et
1692 893 1753 919 pos-

965 934 1105 960 sessionem
1119 937 1192 958 tuam
1216 932 1340 958 terminos
1356 931 1469 958 tet-rw“.
1487 930 1565 957 Hunc
1584 938 1648 965 ergo
1661 931 1707 965 qui
1725 930 1751 957 in

125 970 171 997 καὶ
190 971 316 1006 εὑρήσεις
331 970 391 996 οὐδὲ
413 971 493 998 ἄλλον
513 972 529 1007 ἢ
551 972 596 998 τὸν
621 972 737 1007 Χριστὸν
759 971 806 998 τοῦ
829 971 909 998 Θεοῦ¹

966 978 1055 1006 medio
1070 978 1184 1005 deorum
1199 977 1270 1005 Deus
1279 977 1416 1007 consistit,
1427 980 1454 1003 et
1465 976 1589 1003 homines
1605 975 1666 1003 illos
1675 983 1753 1002 coar-

124 1016 193 1048 τιρδς
209 1015 239 1042 ὅν
258 1015 366 1042 λέλεκτο
382 1017 434 1043 ὑπὸ
450 1017 496 1043 τοῦ
514 1018 620 1053 Πατρός
630 1027 637 1033 ·
662 1018 726 1050 Υἱός
738 1026 798 1052 μου
814 1015 843 1044 εἴ
853 1019 892 1044 σύ
903 1027 909 1033 ⁸

124 1061 179 1097 ἐγὼ
199 1062 334 1096 σήμερον
351 1063 515 1098 γεγέννηκά
535 1072 581 1091 σε.
602 1065 729 1098 Αἵτησαι
745 1065 813 1098 παρ’
827 1064 911 1099 ἐμοῦ,

124 1107 171 1135 ταὶ
187 1107 273 1135 δώσω
300 1117 349 1135 σοι
372 1109 444 1143 ἔθνη
467 1110 523 1144 τὴν
546 1111 747 1145 κληρονομίαν
770 1120 838 1142 σου,
863 1111 912 1138 καὶ

123 1154 180 1188 τὴν
198 1153 388 1189 κατάσχεσίν
406 1163 464 1182 σου
480 1156 515 1182 τὰ
530 1155 641 1190 πέρατα
656 1156 710 1190 τῆς
728 1156 793 1191 γῆς.
812 1157 911 1184 Τοῦτον

123 1197 168 1227 οὖν
183 1199 323 1236 διεγείρων
336 1201 381 1227 τὸν
398 1202 426 1227 ὲν
441 1201 517 1237 μέσῳ
527 1202 581 1228 τῶν
594 1202 662 1228 Θεῶν
673 1202 738 1228 Θεὸν
754 1203 852 1229 στάντα
865 1203 912 1229 καὶ

123 1245 296 1280 διελέγξαντα
313 1247 376 1278 τοὺς
391 1247 597 1283 προλεχϐέντας,
615 1248 663 1284 ἤδη
683 1248 747 1275 ποτὲ
764 1249 809 1275 ἐπὶ
826 1249 912 1284 πέρας

122 1291 273 1326 ἐπαγαγεῖν
285 1290 333 1327 τὴν
350 1291 418 1327 πρὸς
431 1292 512 1318 αὑτὸν
529 1293 693 1327 ἐπαγγελίαν
706 1295 719 1320 ὁ
735 1293 828 1330 παρὼν
841 1294 912 1327 ἀξιοῖ

122 1337 200 1374 λίγος
223 1339 330 1374 φήσας*
355 1338 494 1371 Ἀνάστα,
511 1341 528 1366 ὁ
545 1340 627 1372 Θεὸς,
647 1339 750 1373 κρῖνον
764 1340 820 1374 τὴν
842 1340 909 1375 γῆν,

122 1384 166 1412 ἔτι
185 1385 226 1412 σὺ
241 1384 555 1419 κατακληρονομήσεις
568 1385 603 1412 ἐν
614 1385 688 1412 πᾶσι
703 1386 765 1419 τοῖς
777 1386 908 1413 ἔθνεσιν.

122 1431 153 1457 0t
169 1430 220 1466 μὲν
232 1430 286 1466 γὰρ
302 1431 599 1466 προκατηγορηθέντες,
616 1433 692 1467 φησὶ,
707 1432 786 1459 κακοὶ
802 1433 911 1468 γενόμε-

121 1485 161 1504 νοι
182 1477 287 1513 κριταὶ,
311 1477 339 1503 ἐν
366 1477 454 1513 σκότῳ
478 1477 691 1514 διεπορεύοησαν
706 1488 712 1493 ·
735 1479 796 1505 ἐπεὶ
818 1478 846 1504 δέ
870 1488 910 1505 σοι

121 1523 222 1559 πρέπει
245 1522 275 1549 τὸ
290 1522 401 1554 δικαίως
417 1523 520 1559 κρίνειν
533 1532 540 1538 ·
558 1524 630 1559 μόνῳ
652 1524 705 1560 γὰρ
727 1523 775 1559 τὴν
794 1523 882 1559 κρίσιν
896 1525 910 1550 ὁ

122 1568 216 1604 Πατὴρ
232 1568 315 1595 ἔδωκε
332 1568 370 1604 τῷ
385 1569 441 1605 Υἱῷ
452 1577 458 1584 ·
474 1569 525 1605 ἤδη
540 1570 604 1596 ποτὲ
622 1570 652 1596 σὺ
670 1570 750 1601 αὐτὸς
767 1570 907 1605 ἀνάστηθι,

120 1614 164 1641 διὰ
181 1615 233 1650 τῆς
255 1614 353 1642 σαντοῦ
375 1615 549 1647 ἀναστάσεως
568 1616 617 1651 τὴν
634 1615 724 1651 κοινὴν
743 1616 850 1642 πάντων
864 1617 910 1642 ἀν-

122 1659 238 1696 θρώπων
251 1661 398 1688 ἀνάστασιν
414 1661 592 1697 ποιησόμενος
602 1671 608 1676 ·
624 1663 670 1689 καὶ
683 1664 773 1698 κρῖνον
784 1663 833 1698 τὴν
847 1665 908 1700 γῆν,

121 1706 227 1737 πάντας
241 1706 341 1742 δηλαδὴ
356 1707 419 1738 τοὺς
431 1708 480 1742 τὴν
503 1707 555 1742 γῆν
576 1708 717 1739 οἰκοῦντας
739 1708 908 1744 ἀνθρώπους.

120 1751 225 1787 Πρέπει
247 1751 276 1778 δέ
301 1761 341 1778 σοι
368 1752 471 1784 πάντας
494 1753 653 1788 ἀνθρώπους
670 1754 788 1789 κρίνειν,
806 1755 909 1790 ἐπειδὴ

963 1025 1021 1060 guit
1048 1024 1183 1057 excitans,
1209 1027 1287 1059 rogat
1304 1028 1334 1050 ut
1357 1023 1413 1057 jam
1443 1022 1551 1049 demum
1576 1021 1675 1048 factam
1700 1022 1752 1049 sibi

964 1071 1174 1105 promissionem
1195 1070 1229 1097 ad
1252 1070 1334 1097 tinem
1360 1069 1494 1101 deducat,
1512 1068 1608 1095 dicens
1627 1077 1633 1094 :
1657 1067 1751 1103 Surge,

963 1116 1044 1148 Deus,
1067 1116 1161 1151 judica
1188 1121 1296 1148 (errant,
1326 1116 1450 1152 quoniam
1485 1120 1512 1142 lu
1535 1114 1703 1142 Ita-reditabis
1724 1114 1753 1142 in

963 1163 1083 1190 onmibus
1098 1163 1229 1198 gentibus.
1248 1163 1315 1190 Nam
1331 1164 1348 1190 ii
1365 1164 1411 1199 qui
1437 1164 1513 1198 prius
1530 1162 1652 1189 accusati
1676 1166 1751 1194 sunt,

963 1207 1062 1241 inquit,
1074 1208 1147 1242 quod
1163 1208 1248 1243 iniqui
1264 1207 1373 1242 judices
1394 1208 1506 1241 fuerint,
1516 1209 1543 1235 in
1560 1207 1680 1235 tenebris
1694 1215 1753 1234 am-

962 1252 1102 1280 bularunt.
1120 1253 1254 1286 Quoniam
1276 1262 1341 1282 vero
1367 1258 1393 1281 te
1404 1255 1479 1289 juste
1505 1253 1630 1288 judicare
1658 1253 1752 1287 decet,

964 1300 1013 1326 soli
1024 1299 1124 1334 quippe
1136 1299 1205 1326 Filio
1218 1298 1299 1326 Pater
1314 1299 1448 1334 judicium
1463 1299 1553 1326 dedit:
1570 1300 1625 1334 jam
1643 1298 1751 1326 demum

963 1349 992 1372 tu
1017 1346 1074 1380 ipse
1100 1354 1192 1381 surge,
1209 1346 1410 1373 resurrectione
1435 1350 1481 1372 tua
1503 1352 1676 1372 communem
1693 1352 1752 1372 om-

963 1391 1037 1418 nium
1062 1391 1292 1419 resurrectionem
1323 1391 1462 1424 tacturus;
1477 1395 1504 1418 et
1529 1390 1621 1425 judica
1637 1394 1750 1421 terram,

963 1445 1058 1464 omnes
1087 1437 1212 1465 homines
1227 1436 1353 1464 videlicet
1372 1438 1417 1472 qui
1446 1437 1474 1464 in
1497 1440 1569 1464 terra
1593 1440 1750 1464 versantur.

964 1482 1024 1510 Tibi
1039 1491 1122 1518 porro
1139 1484 1267 1511 convenit
1283 1491 1379 1511 omnes
1394 1483 1517 1510 homines
1536 1482 1671 1517 judicare,
1687 1490 1748 1517 quo-

962 1527 1033 1554 niam
1046 1532 1073 1553 tu
1083 1527 1251 1555 Ita'reditabt's
1264 1528 1291 1554 in
1308 1527 1428 1554 omnibus
1436 1527 1565 1562 gentibus.
1581 1527 1614 1554 Et
1630 1535 1751 1562 prasens

961 1572 1072 1608 quidem
1092 1574 1214 1608 psalmus
1244 1581 1410 1609 synagogam
1436 1574 1550 1600 deorum
1577 1573 1749 1605 memoravit,

962 1627 994 1647 ac
1010 1619 1095 1646 Deum
1110 1620 1138 1647 in
1156 1620 1246 1647 medio
1260 1624 1390 1652 stantem,
1401 1620 1521 1654 deosque
1540 1619 1749 1653 dijudicantem,

963 1659 1103 1702 totamque
1117 1666 1268 1694 doctrinam
1289 1675 1366 1694 suam
1386 1667 1419 1694 de
1439 1666 1543 1701 judicio
1570 1667 1706 1700 instituit;
1721 1667 1748 1693 in

961 1711 1014 1739 ﬁne
1035 1719 1100 1739 vero
1125 1711 1224 1747 adjecit
1242 1712 1308 1740 illud
1330 1721 1335 1739 :
1353 1711 1445 1748 Surge,
1473 1711 1555 1744 Deus,
1580 1711 1674 1747 judico
1697 1716 1750 1739 ter-

961 1765 990 1782 ra
994 1765 1018 1783 m
1023 1778 1030 1784 .

119 1799 160 1826 σὺ
174 1799 490 1834 κατακληρονομήσεις
504 1801 538 1826 ἐν
555 1800 630 1828 πᾶσι
645 1801 707 1834 τοῖς
724 1802 833 1829 ἔθνεσι.
852 1804 906 1830 Καὶ
925 1805 939 1829 ὁ
953 1804 1002 1839 μὲν
1021 1803 1115 1840 παρὼν
1136 1805 1242 1840 ψαλμὺς
1261 1805 1419 1841 συναγωγὴν
1451 1805 1519 1832 θεῶν
1554 1805 1690 1841 ὠνόμασε,
1704 1805 1750 1831 καὶ

118 1849 184 1876 Θεδν
205 1849 287 1885 μέσον
307 1849 423 1881 ἑστῶτα,
460 1849 507 1876 καὶ
533 1849 609 1881 θεοὺς
632 1850 813 1885 διακρίνοντα,
836 1852 925 1878 πᾶσάν
943 1861 973 1878 τε
995 1852 1044 1889 τὴν
1067 1853 1240 1880 διδασκαλίαν
1262 1854 1325 1890 περὶ
1347 1854 1463 1890 κρίσεως
1483 1854 1644 1889 ὲποιήσατιν
1680 1853 1749 1888 ἐπή-

117 1896 187 1930 γαγέ
198 1904 228 1922 τε
245 1896 291 1922 ἐπὶ
302 1896 373 1922 τέλει
390 1896 428 1928 τὸ,
453 1895 587 1930 Ἀνάστα,
605 1898 620 1923 ὀ
636 1897 718 1930 Θεὸς,
731 1898 834 1931 κρῖνυν
850 1899 906 1933 τὴν
924 1899 992 1934 γῆν.

152 1952 249 1980 Ταῦτά
265 1961 294 1979 τε
306 1953 395 1980 πάντα
413 1953 443 1979 τὸ
458 1953 569 1989 Πνεῦμα
585 1954 615 1980 τὺ
629 1955 706 1988 ἅγιον
724 1954 767 1982 διὰ
782 1956 828 1982 τοῦ
843 1965 908 1992 προ-

993 1956 1056 1984 Haac
1072 1965 1155 1992 porro
1166 1958 1257 1984 omnia
1274 1957 1392 1992 Spiritus
1405 1962 1517 1985 sanctus
1528 1964 1575 1991 per
1589 1955 1747 1991 prophetam

119 1997 206 2034 φήτου
226 1998 312 2032 Ἀσὰφ
330 1997 513 2033 ἐξενήνεκται.
531 1999 607 2025 Ἐπεὶ
620 1999 648 2026 δὲ
666 2000 782 2036 εὕρομεν
799 2002 844 2027 καὶ
862 2002 906 2028 τὸν

120 2042 161 2078 μθ¹
185 2042 292 2079 ψαλμὸν
314 2044 361 2070 καὶ
382 2044 462 2070 αὑτὸν
486 2045 721 2080 ἐπιγεγραμμένον
738 2046 791 2073 Τοῦ
804 2047 905 2080 Ἀσὰφ,

118 2089 165 2116 καὶ
181 2089 217 2115 τὰ
230 2089 294 2125 περὶ
310 2089 425 2124 κρίσεως
442 2090 597 2125 διειληφότα
609 2091 710 2126 ὁμοίως
723 2093 778 2122 τοῖς
799 2100 908 2128 προκει-

120 2135 227 2170 μένοιςο
243 2136 355 2168 εἰκότως
373 2136 536 2172 ἡγησάμεθα
553 2137 699 2164 ἀκόλουθον
713 2137 783 2164 εἶναι
804 2139 906 2165 ἐκεῖνον

117 2181 215 2216 τούτῳ,
231 2181 294 2208 ὄντα
314 2182 363 2217 μὲν
385 2183 484 2218 ὁμοίως
501 2182 547 2208 τοῦ
566 2183 662 2217 Ἀσάφ,
673 2183 723 2218 τὴν
740 2183 822 2218 αὐτὴν
843 2185 907 2210 ὑπό-

118 2227 192 2254 θεσιν
203 2227 409 2263 εἰσηγούμενον.
423 2230 537 2264 Εἴρηται
548 2229 612 2263 γοῦν
626 2230 672 2255 καὶ
689 2230 717 2255 ἐν
730 2230 803 2265 αὐτῴ
813 2239 820 2247 σ
835 2231 906 2264 Θεὸς

118 2273 194 2301 θεῶν
211 2275 318 2308 Κύριος
337 2274 480 2309 ὲλάλησε,
497 2276 546 2301 καὶ
560 2275 688 2302 ἐκάλεσε
705 2276 762 2309 τὴν
776 2276 835 2311 γῆν
846 2278 904 2304 ἀπὸ

116 2319 274 2347 ἀνατολῶν
287 2321 376 2354 ἡλίου
386 2321 474 2355 μέχρι
490 2321 624 2355 δυσμῶν.
639 2321 693 2347 Θέα
712 2321 766 2357 γὰρ
782 2323 856 2354 ὅπως
876 2323 906 2349 τὸ

118 2365 167 2400 μὲν
181 2365 258 2397 τέλος
272 2366 318 2392 τοῦ
333 2367 401 2401 μετὰ
412 2368 505 2402 χεῖρας
520 2367 631 2401 φάσκει·
647 2367 781 2399 Ἀνάστα,
793 2370 808 2396 ὀ
822 2370 903 2401 Θεὸς,

115 2411 221 2444 κρῖνον
235 2411 293 2445 τὴν
313 2412 386 2447 γῆν·
406 2414 423 2448 ἡ
445 2414 472 2440 δὲ
503 2413 550 2440 τσιῦ
576 2414 618 2448 μθ¹
633 2415 702 2449 ἀρχή
719 2423 726 2429 ·
748 2415 819 2447 Θεὸς
832 2415 905 2442 θεῶν

116 2458 225 2491 Κύριος
237 2457 380 2491 enatam,
402 2459 450 2485 καὶ
471 2459 600 2486 ἐκάλεσε
624 2459 680 2494 τὴν
704 2459 770 2494 γῆν.
794 2462 848 2487 Καὶ
863 2462 905 2488 ὲν-

115 2503 204 2530 ταῦθα
219 2504 268 2539 μὲν
281 2505 399 2540 εἴρηται·
414 2506 474 2532 Ὀτι
493 2506 533 2533 σὺ
548 2507 861 2541 κατακλτιρονομήσεις
871 2508 905 2534 ἐν

117 2550 193 2577 πᾶσι
209 2550 272 2583 τοῖς
289 2551 426 2578 ἔθνεσιν·
441 2553 469 2578 ὲν
485 2553 580 2588 ἐκείνῳ
605 2553 644 2585 δὲ,
668 2553 728 2580 ἀπὸ
750 2553 905 2580 ἀνατολῶν

116 2594 205 2627 ἡλίου
216 2595 305 2630 μέχρι
321 2596 445 2631 δυσμῶν
455 2605 461 2611 ⁸
477 2598 523 2624 καὶ
540 2598 620 2624 πάλιν
636 2599 664 2624 ὲν
683 2598 732 2633 μὲν
747 2598 786 2633 τῷ
805 2598 846 2632 μο’
862 2598 905 2624 λέ-

958 2002 1049 2038 Asapb
1067 2003 1174 2031 extulit.
1191 2004 1260 2036 Quia
1277 2012 1339 2030 vero
1356 2003 1488 2038 psalmum
1504 2010 1579 2034 xux,
1589 2002 1635 2037 qui
1648 2005 1675 2029 et
1689 2002 1747 2036 ipse

957 2048 1056 2083 Asaphi
1083 2050 1260 2082 inscribitur,
1275 2049 1310 2076 de
1335 2049 1441 2084 judicio
1461 2049 1526 2076 item
1549 2049 1746 2076 edisserentem

957 2094 1189 2130 deprehendimus
1205 2094 1318 2130 perinde
1332 2098 1413 2129 atque
1423 2098 1585 2129 praesentem
1598 2102 1606 2127 ;
1617 2094 1679 2129 jure
1692 2093 1747 2121 exi-

958 2141 1102 2169 stimamus
1123 2142 1198 2168 illum
1222 2141 1285 2168 huic
1308 2140 1525 2168 subnectendum
1551 2148 1621 2171 esse,
1652 2143 1746 2174 utpote

957 2187 1003 2223 qui
1017 2187 1146 2215 similiter
1162 2187 1265 2222 Asaphi
1280 2187 1327 2219 sit,
1344 2192 1371 2214 et
1387 2186 1456 2213 idem
1477 2190 1667 2221 argumentum
1682 2194 1744 2221 per-

957 2236 1064 2260 tractet.
1081 2232 1148 2260 Nam
1171 2233 1207 2261 ibi
1219 2241 1327 2268 quoque
1341 2233 1443 2260 dictum
1462 2232 1511 2259 fuit
1525 2242 1530 2259 :
1550 2232 1620 2259 Deus
1636 2231 1744 2258 deorum

957 2278 1085 2306 Dominus
1100 2280 1203 2307 locutus
1224 2285 1273 2313 est,
1288 2285 1313 2307 et
1330 2281 1429 2307 vocavit
1448 2285 1545 2307 terram
1565 2288 1582 2306 a
1603 2279 1668 2306 solis
1685 2284 1745 2306 artu

956 2333 1036 2359 usque
1062 2324 1095 2351 ad
1122 2333 1255 2352 occasum.
1286 2325 1495 2352 Animadwrtas
1524 2325 1625 2359 quippe
1651 2323 1744 2356 velim,

956 2371 1099 2405 praesentis
1125 2371 1206 2398 ﬁnem
1232 2371 1272 2398 sic
1296 2371 1400 2398 habere
1417 2379 1422 2396 :
1438 2369 1530 2404 Surge,
1559 2368 1744 2404 Deus,judica

957 2421 1070 2449 terram;
1091 2421 1118 2443 et
1142 2417 1344 2452 quadragesimi
1369 2417 1433 2443 noni
1460 2416 1568 2443 initiutn
1586 2415 1636 2443 hoc
1658 2423 1742 2444 esse:

954 2463 1027 2491 Deus
1042 2463 1150 2490 deorum
1162 2463 1289 2490 Dominus
1305 2463 1407 2490 locutus
1421 2467 1470 2493 est,
1487 2467 1510 2488 et
1524 2462 1622 2489 vocavit
1633 2466 1742 2490 terram.

956 2507 1006 2535 llic
1018 2509 1099 2535 etiam
1116 2508 1228 2538 dicitur,
1246 2508 1377 2539 Quoniam
1390 2512 1418 2533 tu
1435 2506 1603 2533 Itwreditabit
1617 2508 1643 2533 in
1655 2507 1743 2534 omni-

957 2554 1002 2581 bus
1017 2553 1155 2589 gentibus;
1172 2554 1209 2580 ibi
1231 2561 1306 2585 vero,
1324 2562 1340 2580 a
1355 2553 1420 2580 solis
1436 2557 1495 2580 ortu
1513 2561 1594 2587 usque
1610 2552 1645 2578 ad
1664 2561 1742 2579 occa-

956 2609 1023 2627 sum.
1042 2600 1081 2626 Ac
1102 2608 1212 2627 rursum
1231 2600 1258 2626 in
1280 2607 1343 2626 xm
1359 2598 1462 2625 dictum
1484 2602 1526 2626 est
1547 2608 1554 2625 :
1572 2598 1642 2625 Deus
1657 2599 1737 2625 mani-

116 2640 210 2668 λεκται
220 2649 227 2656 ·
248 2642 274 2668 '0
293 2642 364 2676 Θεὸς
379 2643 517 2677 ἐμφανῶς
532 2644 608 2677 ἣξει,
622 2646 638 2671 ὀ
654 2645 726 2678 Θεὸς
743 2644 838 2679 ἡμῶν,
852 2646 900 2672 καὶ

960 2647 1019 2673 Γεδιε
1033 2646 1125 2678 veniet,
1144 2646 1214 2673 Deus
1230 2651 1328 2679 noster,
1338 2651 1360 2672 et
1376 2654 1428 2672 non
1443 2645 1539 2674 silebit.
1556 2644 1624 2672 Cum
1638 2645 1742 2672 venerit

116 2688 151 2714 οὑ
167 2688 432 2722 παρασιωπήσεται
443 2698 451 2706 ι
473 2690 558 2716 ἐλθὼν
578 2691 606 2717 δὲ
625 2691 651 2717 τί
668 2692 786 2727 ποιήσει,
804 2692 817 2717 ό
833 2692 902 2727 μετὰ

116 2735 209 2770 χεῖρας
222 2734 345 2761 διδάσκει
358 2736 443 2769 λέγων
452 2744 459 2751 ·
479 2737 505 2762 '0
522 2737 593 2770 Θεὸς
609 2738 681 2767 ἔστη
694 2738 728 2764 ὲν
742 2738 902 2773 συναγωγῇ

116 2778 206 2805 θεῶν·
222 2780 257 2806 ἐν
273 2780 358 2815 μέσῳ
378 2781 412 2807 δὲ
431 2782 517 2815 θεοὺς
532 2783 684 2817 διακρίνει.
710 2784 772 2816 Πῶς
796 2784 824 2810 δὲ
846 2784 902 2811 δια-

117 2825 213 2859 κρίνει,
236 2825 250 2851 ὁ
268 2826 310 2861 μθ¹
326 2827 452 2862 διασαφεῖ
468 2829 578 2862 φάσκων
590 2837 596 2844 ’
617 2829 680 2863 Πῦρ
698 2830 836 2856 ἐναντίον
850 2831 902 2858 ab-

116 2870 169 2898 τοῦ
180 2871 379 2906 καυθήσεται·
395 2874 498 2907 κύκλῳ
513 2875 606 2902 αὑτοῦ
621 2876 753 2911 natandi;
772 2876 900 2911 σφόδρα.

153 2948 173 2966 ⁸³
194 2949 267 2979 Pssl.
286 2944 316 2986 it,
336 2953 360 2980 7.

955 2700 1056 2728 autem,
1071 2696 1135 2731 quid
1153 2700 1264 2723 acturus
1279 2695 1324 2727 sit,
1340 2695 1418 2722 docet
1429 2703 1548 2730 prtesens
1561 2695 1683 2730 psalmus
1698 2693 1740 2721 his

954 2742 1045 2769 verbis
1061 2751 1067 2769 :
1086 2741 1156 2769 Deus
1180 2742 1252 2768 stetit
1281 2742 1308 2768 iu
1324 2750 1458 2776 synagoga
1481 2741 1600 2773 deorum,
1613 2742 1641 2767 in
1655 2739 1740 2767 medio

957 2791 1044 2812 autem
1057 2786 1118 2813 deos
1144 2785 1284 2820 dijudicat.
1303 2785 1445 2819 Quomodo
1461 2785 1633 2821 dijudicabit,
1650 2785 1740 2812 decla-

956 2836 998 2858 rat
1016 2839 1091 2864 xle,
1105 2831 1147 2858 liis
1162 2831 1253 2859 verbis
1272 2841 1278 2858 :
1297 2831 1370 2867 Ignis
1390 2832 1418 2858 in
1433 2836 1570 2866 conspectu
1582 2831 1638 2866 ejus
1659 2839 1739 2858 exar-

954 2876 1050 2911 descet,
1066 2878 1091 2904 in
1106 2877 1218 2904 circuitu
1241 2877 1298 2912 ejus
1324 2882 1462 2912 tempestas
1477 2876 1575 2904 valida.
1592 2875 1736 2904 Advocabit
