2024 3214
289 189 338 216 991

620 190 754 218 EUSEBII
771 190 1010 218 CESARIENSIS
1029 190 1105 219 OPP.
1125 190 1214 218 PARS
1230 190 1275 219 ιιι.
1297 205 1330 212 -—-
1348 189 1551 218 EXECETICA.

1859 190 1911 217 902

289 246 381 273 calum
410 245 548 274 desursum
565 266 573 280 ,
595 252 620 274 et
646 252 743 274 terram
770 247 918 282 dijudicare
949 247 1065 282 populua

1126 247 1367 281 Προσκαλέσεται
1390 247 1444 273 τὸν
1464 245 1592 281 οὐρανὸν
1615 245 1676 273 ἅνω
1704 245 1753 272 καὶ
1775 245 1833 280 τὴν
1854 245 1910 280 γῆν

288 299 375 318 suum.
392 290 495 319 Horum
506 299 590 320 causa
605 293 703 319 merito
717 292 885 319 arbitramur
894 291 1072 327 quadragesi-

287 345 362 365 mum
377 346 479 366 nonum
495 338 559 365 huic
577 339 682 373 psalmo
701 339 921 374 sulijungendum
945 345 1016 366 csse.
1037 337 1072 364 ll-

288 382 388 418 ludque
401 384 464 411 item
479 384 689 416 observandum,
699 384 808 412 eosdem
824 385 944 418 psalmos
959 384 1072 419 perinde

286 432 368 464 atque
383 430 591 465 subsequentes,
602 430 649 465 qui
661 430 725 458 item
737 429 839 465 Asapbi
854 435 927 462 sunt,
940 430 1071 464 abjectio-

287 482 349 501 nem
365 474 520 502 Judaeorum
536 475 650 511 ejusque
668 483 767 504 causas
778 476 931 511 complecti.
946 476 1071 509 Quadra-

286 520 406 555 pesimus
422 528 487 548 vero
502 528 602 553 nonus,
619 522 653 548 ab
666 522 760 549 eodem
785 523 916 557 propheta
938 523 1068 557 scriptus.

286 573 335 601 per
361 566 558 594 sacriﬁciorum
584 568 811 602 repudiationem,
845 568 972 596 Mosaicae
1003 569 1070 604 legis

285 610 490 646 abrogationem
507 612 627 645 inducit;
641 613 677 640 ita
693 618 720 640 ut
734 614 761 640 in
788 614 834 641 illo
855 615 977 650 ejusdem
989 623 1070 650 argu-

286 654 372 681 menti
386 654 472 682 series
494 657 685 691 sententiaque
702 658 872 686 exhibeatur.
886 659 944 692 Qua
958 667 1023 686 vero
1036 659 1070 688 de

284 706 369 726 causa
381 707 444 726 xux
461 708 475 727 a
491 703 671 736 prasentilius
687 703 798 732 avulsus
817 709 843 732 et
860 709 922 732 ante
934 706 1070 740 quinqua-

283 746 380 781 gesimi
393 747 487 781 psalmi
502 748 702 776 confessionem
718 750 824 784 positus
838 751 883 783 sit,
896 751 952 786 jam
970 752 997 779 in
1010 753 1070 788 cjus

284 793 480 820 commentario
490 793 656 829 disputatum
671 798 722 822 est.

315 929 337 955 ί.
356 927 530 956 CANTICUM
547 928 672 957 PSALMI
691 929 755 958 IPSI
772 929 896 958 ASAPH.
917 929 1048 958 LXXXII.
1085 925 1106 952 Β

318 1002 401 1031 Vsus.
424 1004 451 1031 2.
468 1004 549 1038 Deus,
567 1006 625 1040 quis
638 1006 734 1033 similis
758 1007 809 1034 erit
836 1007 905 1035 tibi?
921 1015 952 1034 ne
967 1012 1067 1040 taceas,

280 1058 361 1085 neque
372 1051 554 1084 compescaris,
563 1051 644 1079 Deus.
654 1052 878 1089 Septuagesimus
892 1062 982 1081 nonus
995 1055 1068 1088 psal-

279 1104 341 1123 mus
357 1096 573 1124 destructionem
590 1098 676 1126 vineae
686 1119 694 1131 ,
709 1097 828 1126 Iudaica:
842 1099 930 1134 gentis
947 1100 1066 1132 ruinam,

280 1142 332 1170 loci
347 1144 394 1178 qui
412 1151 496 1178 penes
521 1151 569 1172 eos
590 1144 617 1172 in
639 1146 728 1180 pretio
742 1150 769 1173 et
783 1146 887 1173 honore
914 1146 1068 1173 habebatur

280 1187 437 1215 incendium
465 1193 492 1216 et
511 1190 666 1218 vastitatem
695 1191 914 1226 praenuntiabat;
941 1191 996 1219 duo
1023 1200 1067 1220 se-

278 1237 394 1267 quentes
411 1241 524 1261 causam
541 1235 623 1271 hujus
637 1237 804 1265 calamitatis
817 1238 1003 1272 enarrabant;
1022 1238 1066 1266 hic

278 1286 344 1305 vero
359 1279 393 1307 iis
410 1280 585 1315 conjunctus,
603 1282 829 1317 supplicationem
852 1287 880 1311 et
897 1283 1067 1312 obsecratio-

278 1331 340 1352 nem
371 1333 420 1360 pro
443 1327 543 1361 populo
567 1327 653 1355 eﬂ‘ert.
676 1327 742 1356 Post
764 1329 853 1356 tristia
885 1330 985 1365 quippe
1020 1330 1065 1358 illa

277 1370 357 1404 quasi
372 1371 505 1399 medelam
521 1373 668 1408 quamdam
684 1373 823 1409 praedictis
836 1375 981 1403 admovere
997 1383 1062 1403 con-

277 1420 437 1445 sentaneum
467 1418 529 1452 fuit,
546 1420 766 1455 quandoquidem
796 1422 894 1456 psalmi
923 1423 1013 1457 Asaplt
1038 1423 1065 1450 in

276 1461 329 1490 hoc
340 1463 805 1499 circumscribentur.Quamobrem
816 1467 957 1494 Canticum
967 1468 1065 1503 psalmi

277 1506 428 1544 inscriptus
436 1513 489 1543 est,
499 1511 562 1546 quia
572 1511 642 1539 bona
657 1512 759 1547 populo
768 1517 905 1548 precatur.
919 1513 967 1541 Est
982 1521 1065 1549 porro

277 1553 440 1583 undecimus
457 1563 551 1584 eorum
577 1557 624 1592 qui
648 1556 749 1593 Asaplu‘
772 1558 978 1592 inscribuntur,
995 1567 1064 1595 quo-

1122 293 1176 320 τοῦ
1191 293 1337 327 διακρῖναι
1356 293 1409 320 τὸν
1428 293 1506 320 λαὸν
1526 292 1628 320 αὐτοῦ.
1644 291 1752 319 Τούτων
1767 292 1910 327 τοιγαροῦν

1122 337 1202 364 ἕνεκα
1223 337 1335 369 εἰκότως
1349 338 1463 364 ἔπεσθαι
1483 337 1522 373 τῷ
1543 338 1611 373 μετά
1633 338 1726 372 χεῖρας
1748 337 1910 372 ἡγησάμεθα

1121 383 1166 409 τὸν
1190 383 1243 418 μθ’.
1260 383 1379 409 Κάκεῖνο
1401 382 1429 409 δὲ
1453 383 1594 418 τηρητέον,
1609 382 1646 414 ὡς
1667 382 1767 418 ὁμοίως
1788 383 1846 413 τοῖς
1869 384 1910 408 ὲν-

1121 428 1208 455 ταῦθα
1225 429 1408 464 συνημμένοις
1424 428 1470 456 τοῦ
1499 428 1586 463 Ἀσὰφ
1608 428 1726 463 ψαλμοῖς
1745 428 1794 463 τὴν
1810 428 1911 454 ἀποδο-

1121 474 1170 511 λὴν
1195 474 1242 501 τοῦ
1268 475 1403 502 Ἰουδαίων
1427 474 1530 508 ἔθνους,
1554 474 1601 501 καὶ
1623 474 1725 510 ταύτης
1746 474 1797 506 τὰς
1820 474 1910 506 αἰτίας

1121 520 1285 556 περιέχουσι.
1307 521 1362 548 Καὶ
1382 522 1396 548 ό
1417 520 1459 556 μθ⁹
1477 520 1524 547 τοῦ
1541 520 1623 547 αὑτοῦ
1642 519 1783 555 τυγχάνων
1802 521 1908 556 προφή-

1119 576 1177 599 του,
1193 568 1349 604 ἀνατροπὴν
1368 567 1416 594 τοῦ
1431 567 1552 598 Μωσέως
1568 566 1651 602 νόμου
1671 567 1776 601 εἰσάγει
1794 566 1839 593 διὰ
1859 567 1908 601 τῆς

1119 611 1173 639 τῶν
1191 612 1290 639 θυσιῶν
1309 613 1517 648 παραιτήσεως·
1535 612 1605 638 ὥστε
1631 613 1678 639 καὶ
1702 612 1731 638 ὲν
1752 612 1845 647 ταύτῷ
1861 611 1908 648 τὴν

1119 657 1280 685 ἀκολουθίαν
1302 658 1457 685 δείκνυσθαι
1482 658 1532 693 τῆς
1555 657 1608 684 τῶν
1633 657 1828 693 ἐμφερομένων
1853 657 1909 684 δια-

1119 704 1203 736 νοίας.
1221 705 1270 732 Διά
1289 704 1355 731 τίδὲ
1369 704 1556 740 μετατεθειται
1570 705 1585 730 6
1605 704 1647 740 μθ¹
1662 706 1694 731 ἐκ
1707 704 1756 740 τῆς
1772 704 1826 732 τῶν
1847 712 1909 739 προ-

1120 749 1253 784 κειμένων
1271 749 1430 783 συναφείας,
1454 749 1636 784 προτέτακται
1657 749 1686 775 δὲ
1707 749 1756 783 τῆς
1776 749 1806 776 ὲν
1826 748 1866 784 τῷ
1887 752 1908 774 ν

1119 794 1218 829 ψαλμῷ
1236 794 1466 830 ὲξομολογήσεως,
1480 794 1509 819 ἐν
1522 795 1578 826 τοῖς
1591 794 1632 826 είς
1644 794 1724 821 αὑτὸν
1737 793 1909 829 τεθεωρημέ-

1120 849 1175 872 νοις
1188 841 1253 876 ἡμῖν
1268 841 1483 876 προδιείληπται.

1273 929 1339 965 ῼΔΗ
1356 929 1505 956 ΨΑΛΜΟΥ
1521 929 1564 964 Τῼ
1580 929 1677 957 ΑΣᾹΦ.
1691 929 1753 956 IIB’.

1159 1005 1189 1032 '0
1205 1005 1286 1038 Θεὸς,
1305 1006 1350 1038 τίς
1373 1005 1587 1040 ὁμοιωθήσεται
1603 1013 1672 1037 σοι;
1691 1005 1739 1040 Μὴ
1763 1005 1906 1041 σιγήσας,

1115 1049 1194 1084 μηδὲ
1217 1051 1439 1085 καταπραΰνῃς,
1464 1053 1481 1078 ὀ
1506 1052 1588 1084 Θεός.
1610 1052 1638 1078 ’0
1667 1052 1716 1087 μὲν
1742 1051 1779 1078 οθ¹
1800 1051 1907 1087 ψαλμὸς

1118 1095 1302 1131 προανεςρώνει
1317 1096 1363 1123 τὸν
1384 1097 1536 1132 ἀφανισμὸν
1550 1097 1597 1123 τοῦ
1614 1097 1775 1133 ἀμπελῶνος
1790 1098 1837 1124 καὶ
1857 1098 1905 1132 τὴν

1118 1141 1222 1168 πτῶσιν
1237 1141 1284 1168 τοῦ
1303 1141 1436 1169 Ἰουδαίων
1456 1142 1558 1175 ἔθνους,
1571 1143 1618 1170 τοῦ
1634 1151 1664 1170 τε
1679 1144 1743 1179 παρ’
1758 1143 1851 1176 αὐτοῖς
1868 1152 1906 1170 τε-

1116 1188 1268 1223 τιμημένου
1289 1188 1372 1215 τόπου
1387 1189 1433 1216 τὸν
1448 1189 1612 1225 ἐμπρησμὸν
1637 1189 1684 1216 καὶ
1703 1190 1752 1225 τὴν
1768 1190 1886 1225 ἐρημίαν
1897 1198 1904 1206 ο

1116 1235 1141 1261 ot
1162 1234 1184 1262 δ’
1207 1234 1271 1270 ἑξῆς
1286 1235 1360 1270 αὐτῷ
1374 1235 1420 1262 δύο
1435 1235 1484 1270 τὴν
1499 1235 1590 1262 αἰτίαν
1607 1236 1744 1262 ἐδίδασκον
1762 1236 1797 1262 δι’
1812 1236 1848 1271 ἢν
1864 1245 1907 1263 πε-

1116 1281 1229 1308 πόνθασι
1248 1280 1350 1307 ταῦτα·
1374 1282 1388 1308 6
1410 1281 1439 1308 δὲ
1461 1281 1565 1316 παρὼν,
1589 1282 1760 1316 συνημμένος
1780 1282 1904 1314 ἐκείνοις,

1117 1327 1257 1363 ἱκετηρίαν
1275 1327 1323 1354 καὶ
1345 1327 1436 1362 δέησιν
1456 1327 1527 1362 ὑπὲρ
1542 1327 1590 1354 τοῦ
1606 1327 1672 1354 λαοῦ
1689 1329 1816 1355 ποιεῖται.
1833 1328 1904 1354 Ἕδει

1115 1372 1169 1408 γὰρ
1184 1372 1252 1407 μετά
1267 1372 1301 1399 τὰ
1315 1372 1465 1408 σκυθρωπὰ
1479 1372 1573 1409 ὥσπερ
1586 1372 1647 1400 τινὰ
1660 1372 1807 1409 θεραπείαν
1821 1382 1904 1409 προσ-

1115 1418 1191 1452 άγειν
1201 1419 1258 1450 τοῖς
1272 1418 1454 1454 προλεχθεῖσι,
1473 1418 1617 1454 μέλλοντας
1631 1419 1660 1445 ἐν
1673 1419 1759 1453 τούτῳ
1772 1420 1904 1455 περιγρά-

1115 1465 1212 1499 φεσθαι
1221 1465 1283 1497 τοὺς
1292 1465 1346 1492 Τοῦ
1354 1464 1449 1499 Ἀσὰρ
1458 1464 1590 1500 ψαλμοὺς.
1599 1465 1644 1491 Διὸ
1653 1465 1698 1491 καὶ
1706 1464 1773 1500 ᾨόὴ
1781 1464 1904 1499 Wipse;

1114 1509 1315 1544 ἐπιγέγραπται
1325 1509 1339 1535 6
1351 1508 1444 1545 παρὼν
1455 1509 1543 1544 λόγος,
1557 1509 1601 1536 διὰ
1611 1509 1641 1535 τὸ
1657 1509 1690 1536 τὰ
1705 1509 1812 1544 χρηστά
1825 1510 1905 1544 ὑπερ-

1113 1553 1241 1588 εύχεσθαι
1257 1553 1303 1580 τοῦ
1318 1553 1394 1580 λαοῦ.
1408 1554 1486 1580 Ἐστι
1498 1554 1526 1580 δὲ
1537 1555 1550 1580 6
1564 1553 1659 1590 παρὼν
1671 1552 1725 1580 τῶν
1738 1555 1904 1589 ἐπιγεγραμ-

277 1607 337 1626 rum
360 1601 464 1635 primus
478 1606 537 1629 erat
557 1610 642 1635 Lutl,
659 1603 697 1630 ita
729 1608 758 1630 ut
778 1604 805 1631 in
834 1612 928 1631 eorum
956 1613 1065 1640 quoque

1117 1600 1204 1633 μένων
1216 1598 1270 1626 Τοῦ
1279 1598 1369 1633 Ἀσὰερ
1380 1602 1424 1631 ια’,
1439 1595 1476 1625 ὧν
1492 1598 1600 1634 πρῶτος
1615 1596 1648 1634 ἦν
1662 1599 1675 1624 ό
1692 1599 1741 1631 οσ’,
1761 1607 1905 1634 συμπαρα-

277 1652 392 1672 numero
407 1650 551 1673 censeatur
566 1655 641 1679 nix,
659 1648 723 1682 quia
743 1648 766 1675 is
784 1648 865 1675 etiam
884 1652 926 1676 est
941 1649 1061 1684 Asaplii:

277 1694 358 1724 atque
368 1691 404 1718 ita
419 1698 515 1718 omnes
525 1692 669 1719 duodecim
680 1700 795 1720 numero
810 1698 883 1721 sunt.
897 1693 926 1721 In
938 1696 1063 1729 praztsenti

278 1735 361 1770 igitur
381 1736 515 1771 propheta
545 1737 599 1765 Deo
628 1739 786 1773 supplicans
810 1739 871 1767 ait:
893 1739 975 1772 Deus,
1005 1741 1063 1775 quis

276 1781 372 1808 similis
406 1782 456 1808 erit
480 1782 548 1810 tibi?
567 1792 598 1810 ne
633 1788 732 1816 taceas,
767 1793 848 1820 neque
878 1787 1063 1820 compescat-is,

276 1825 358 1854 Deus.
379 1827 425 1854 Ait
443 1828 563 1863 quippe:
585 1828 794 1864 Deopaticnti,
815 1830 942 1858 toleranti
957 1851 965 1863 ,
986 1832 1063 1860 ideo-

276 1881 329 1907 que
356 1881 452 1902 omnes
489 1873 607 1907 ferenti,
639 1883 720 1903 nemo
756 1876 866 1904 similis.
901 1876 969 1904 Nam
1001 1878 1063 1913 quis

275 1919 388 1954 perinde
410 1924 492 1955 atque
518 1926 546 1948 tu
579 1922 723 1949 atlieorum
752 1927 779 1950 et
814 1923 960 1958 impiorum
990 1924 1064 1952 blas-

275 1965 373 2000 phema
403 1965 476 1993 dicta
505 1971 533 1994 et
565 1968 722 2002 superbiam
753 1968 825 1997 fcrre
843 1970 960 1998 valeat?
989 1970 1064 2004 Qua-

274 2017 305 2037 re
321 2010 370 2038 tibi
386 2011 494 2046 quidem
512 2012 567 2041 Deo
585 2021 666 2041 nemo
681 2015 781 2043 similis
796 2015 857 2043 erit.
878 2016 934 2052 Ego
951 2024 1016 2044 vero
1033 2020 1063 2044 ut

274 2055 368 2088 homo,
387 2057 545 2086 inﬁrmitate
570 2064 715 2094 superatus
730 2069 800 2092 mea,
825 2061 882 2088 haec
908 2063 1063 2097 supplicare

275 2100 374 2134 audeo,
391 2102 495 2138 tibique
506 2102 562 2131 Deo
573 2112 636 2131 cum
653 2106 778 2140 precibus
790 2106 897 2134 dicere:
910 2106 951 2134 Ne
963 2112 1061 2140 taceas,

276 2154 357 2181 neque
381 2149 567 2183 compescaris,
598 2149 680 2178 Deus.
698 2150 776 2179 Tunc
796 2159 861 2179 vero
886 2155 978 2180 tacere
991 2152 1062 2181 Deus

274 2192 387 2226 dicitur,
408 2201 470 2221 cum
491 2194 697 2230 insurgentibus
722 2197 810 2225 atheis
830 2201 859 2225 et
873 2197 964 2233 impiis
982 2198 1060 2233 viris,

274 2239 354 2273 quasi
383 2247 438 2266 non
454 2240 599 2269 advertens
618 2241 664 2268 ille
683 2245 784 2274 manet,
801 2250 889 2277 neque
916 2243 1060 2270 confestim

274 2285 405 2312 ultionem
418 2286 513 2318 sumit,
523 2294 573 2314 nec
586 2287 741 2322 promeritis
751 2295 799 2315 eos
809 2288 952 2323 suppliciis
965 2297 1061 2325 aggre-

273 2331 357 2358 ditur.
369 2331 552 2364 Quamobrem
566 2332 624 2367 ipse
636 2332 728 2368 Asaph
740 2333 767 2360 in
781 2341 843 2360 :le
856 2334 961 2368 psalan
975 2333 1060 2362 Deum

274 2375 332 2404 haec
352 2377 530 2410 peccantibus
551 2377 688 2406 dicentem
703 2378 809 2406 inducit
826 2389 833 2406 :
849 2379 913 2406 Hm:
927 2380 1024 2414 fecisti,
1035 2385 1061 2407 et

274 2425 345 2449 tacui
360 2430 368 2448 :
382 2423 543 2450 αἰσιὶηιαειὶ
559 2424 648 2458 inique
660 2424 729 2459 quod
749 2433 793 2451 ero
809 2425 846 2452 tui
863 2424 971 2454 similis.
987 2426 1061 2453 Cau-

274 2475 333 2494 sam
350 2476 414 2496 vero
426 2469 539 2501 silentii.
556 2469 695 2504 patientiae
708 2475 735 2498 et
749 2471 900 2499 tolerantia)
917 2471 964 2499 Dei
981 2472 1061 2499 docet

274 2513 432 2547 Apostolus.
449 2515 506 2542 haec
524 2516 649 2543 scribens
663 2525 669 2542 :
682 2515 723 2542 An
738 2516 845 2544 diuitias
862 2517 988 2544 bonitatis
1003 2518 1060 2553 ejus

274 2562 300 2584 et
321 2558 456 2592 patientia:
478 2565 503 2586 et
523 2560 731 2596 longanimitatis
753 2563 909 2595 contemnis,
935 2564 1060 2598 ignorans

274 2601 344 2636 quod
367 2601 512 2636 benignitas
535 2604 584 2632 Dei
602 2606 637 2632 ad
654 2606 833 2640 paenitentiam
854 2611 878 2634 te
898 2606 1007 2634 adducit
1019 2607 1061 2635 "‘2

275 2647 329 2674 Sed
344 2651 373 2674 tu
390 2647 511 2682 quidem,
532 2649 580 2682 ait,
598 2655 626 2678 ut
642 2651 723 2684 Deus,
743 2659 838 2679 omnes
857 2652 986 2684 sustines,
1002 2660 1061 2679 om-

275 2701 325 2721 nes
347 2694 497 2721 clementer
509 2695 621 2728 toleras,
638 2704 670 2724 ac
683 2697 717 2725 de
733 2698 768 2725 iis
783 2698 848 2725 siles
862 2699 910 2733 qui
935 2699 1017 2733 impie
1033 2701 1061 2725 et

274 2740 379 2767 nefarie
392 2744 517 2774 peccant.
531 2745 558 2768 et
582 2747 678 2769 contra
693 2747 720 2770 te
740 2743 825 2770 Deum
843 2744 1003 2778 blaspliema
1017 2743 1060 2771 di-

275 2789 318 2812 cta
333 2785 486 2820 prol‘crunt.
504 2785 560 2821 Ego
577 2795 643 2815 vero
664 2796 726 2816 cum
740 2789 799 2816 haec
813 2788 906 2816 videre
927 2797 982 2816 non
996 2797 1060 2824 pos-

276 2831 340 2864 sim,
354 2831 478 2866 supplico
491 2833 678 2869 dcprecorque
694 2835 798 2862 veniam
821 2835 964 2871 consequi,
986 2835 1059 2871 quod

313 2908 334 2924 "
354 2907 432 2936 Rom.
453 2917 486 2942 ιι,
505 2910 530 2938 ι.

1115 1643 1321 1678 λαμϐανομένου
1340 1645 1397 1676 τοῖς
1419 1644 1610 1680 προκειμένοις
1627 1643 1675 1670 τοῦ
1697 1648 1722 1679 μ’
1740 1645 1786 1671 καὶ
1809 1644 1842 1676 θ’,
1860 1644 1902 1671 διὰ

1113 1690 1144 1716 τὸ
1163 1689 1211 1716 καὶ
1226 1689 1307 1716 αὑτὸν
1319 1687 1389 1716 εἶναι
1403 1689 1450 1716 τοῦ
1471 1690 1567 1724 Ἀσάφ.
1585 1690 1605 1716 Γ
1606 1690 1700 1716 ἐνοιντ⁹
1716 1690 1749 1717 ἂν
1762 1691 1787 1717 οῑ
1802 1691 1902 1723 πάντες

1113 1736 1158 1762 τὸν
1171 1735 1287 1770 ἀριθμὸν
1303 1735 1348 1762 ιδ’.
1362 1736 1443 1770 Λέγει
1457 1736 1485 1763 δὲ
1500 1735 1544 1763 διὰ
1558 1735 1604 1762 τοῦ
1618 1737 1751 1772 παρόντος
1766 1737 1781 1763 ὁ
1794 1738 1902 1773 Προφή-

1113 1789 1163 1816 της
1185 1781 1215 1808 ἐν
1237 1782 1270 1816 τῇ
1292 1781 1362 1816 πρὸς
1377 1781 1422 1808 τὸν
1443 1781 1508 1809 Θεὸν
1532 1783 1673 1818 ἱκετηρία·
1698 1783 1730 1809 ⁸ο
1752 1783 1836 1817 Θεὸς,
1859 1785 1904 1817 τίς

1102 1825 1328 1860 ,ὁμοιωθήσεται
1343 1834 1412 1858 σοι;
1427 1826 1475 1861 Μὴ
1492 1826 1717 1862 σιγήσῃς,μηδὲ
1732 1830 1900 1863 καταπραΰ-

1112 1881 1181 1907 νῃς.
1192 1874 1209 1899 ό
1227 1873 1308 1906 Θεός.
1327 1873 1357 1900 '0
1372 1873 1421 1908 μὲν
1433 1874 1496 1909 γὰρ,
1509 1875 1585 1909 φησι,
1599 1874 1638 1909 τῷ
1653 1875 1712 1910 Θεῷ
1730 1875 1901 1911 μακροθύμῳ

1113 1919 1169 1946 όντι
1188 1919 1234 1946 καὶ
1256 1918 1419 1954 ἀνεξικάκῳ,
1437 1920 1484 1946 καὶ
1507 1919 1552 1946 διὰ
1571 1919 1650 1946 τοῦτο
1673 1920 1782 1947 πάντων
1805 1921 1901 1956 ἀνεχο-

1115 1965 1198 2000 μένῳ,
1212 1964 1299 1996 οὐδεὶς
1317 1965 1420 2000 ὅμοιος.
1436 1965 1484 1997 Τίς
1503 1965 1558 2000 γάρ
1578 1973 1618 1992 σοι
1638 1965 1838 2002 παραπλησίως
1854 1967 1902 1998 ca;

1113 2011 1166 2038 τῶν
1179 2010 1266 2038 ἀθέων
1280 2011 1327 2037 καὶ
1339 2011 1444 2038 ἀσεϐῶν
1457 2010 1562 2046 ἀνδρῶν
1577 2011 1733 2046 δυσφημίας
1751 2012 1798 2039 καὶ
1818 2013 1902 2048 ὑπερο

1112 2056 1230 2091 ηφανίας
1248 2055 1304 2087 οἶός
1317 2057 1341 2083 τ’
1357 2056 1391 2083 ἀν
1412 2056 1454 2092 εἴη
1475 2056 1582 2092 φέρειν;
1600 2057 1646 2084 Διὺ
1662 2057 1704 2084 σοὶ
1723 2057 1784 2093 μὲν,
1799 2059 1814 2084 6
1824 2058 1900 2090 Θεὸς,

1111 2102 1199 2133 οὐδεὶς
1209 2101 1407 2137 ὁμοιωθήσεται
1416 2110 1423 2116 ·
1444 2101 1499 2136 ἐγὼ
1512 2101 1540 2128 δὲ
1556 2101 1594 2134 ὡς
1608 2101 1761 2137 ἄνθρωπος,
1776 2102 1902 2139 ἡττώμε-

1112 2155 1157 2180 νος
1174 2147 1227 2174 ὐπὸ
1243 2147 1293 2182 τῆς
1308 2146 1427 2182 ἐμαυτοῦ
1446 2147 1599 2179 ἀσθενείας,
1614 2147 1704 2183 τολμῶ
1724 2147 1840 2180 δεῖσθαι,
1856 2149 1901 2175 καὶ

1113 2193 1155 2219 σοὶ
1178 2192 1217 2228 τῷ
1241 2193 1301 2228 Θεῷ
1325 2193 1384 2228 μεθ’
1404 2193 1542 2230 ἱκετηρίας
1560 2193 1663 2228 λέγειν·
1683 2194 1732 2228 Μὴ
1757 2195 1900 2229 σιτήσῃς,

1109 2237 1187 2272 μηδὲ
1214 2239 1436 2273 καταπραΰνῃς,
1459 2239 1476 2265 ὁ
1505 2239 1586 2271 Θεός.
1612 2239 1694 2274 Σιγᾷν
1710 2239 1739 2265 δὲ
1757 2239 1867 2274 λέγεται
1886 2241 1900 2267 6

1076 2273 1099 2300 Ῑ)
1112 2282 1187 2315 Θεὸς,
1206 2283 1316 2310 ἐπειδὰν
1329 2283 1517 2319 ἐπαιρομένων
1533 2284 1588 2311 τῶν
1599 2273 1687 2312 ἀθέων
1701 2286 1749 2312 καὶ
1761 2273 1900 2313 δυσσεὸὦν

1112 2329 1227 2365 ἀνδρῶν,
1241 2329 1441 2364 ἀπροσποίητος
1455 2330 1541 2365 μένει,
1556 2330 1594 2366 μὴ
1605 2331 1715 2365 ἐπάγων
1729 2333 1899 2368 παραχρῆμα

1110 2376 1159 2411 τὴν
1175 2376 1235 2402 κατ’
1256 2375 1344 2402 αὐτῶν
1358 2375 1453 2411 ὀργὴν,
1471 2375 1538 2411 μηδέ
1558 2378 1617 2409 ταῖς
1633 2378 1693 2404 κατ’
1711 2378 1801 2405 αὐτῶν
1815 2387 1899 2414 τιμω-

1113 2421 1184 2456 ρίαις
1199 2420 1347 2456 χρώμενος.
1367 2421 1412 2447 Διὸ
1431 2421 1478 2448 καὶ
1497 2423 1554 2453 τοῖς
1571 2422 1772 2458 ἁμαρτάνουσιν
1788 2425 1803 2450 6
1819 2424 1898 2456 αὐτὸς

1117 2467 1202 2501 Ἀσάφ
1224 2468 1254 2494 ἐν
1270 2467 1310 2502 τῷ
1329 2470 1357 2502 μ’
1373 2467 1419 2494 καὶ
1444 2467 1466 2494 θ’
1485 2467 1531 2494 τὸν
1551 2468 1616 2495 Θεὸν
1639 2469 1745 2503 εἰσάγει
1765 2469 1895 2504 λέγοντα·

1114 2512 1208 2540 Ταῦτα
1227 2513 1388 2546 ἐποίησας,
1407 2512 1457 2539 καὶ
1479 2513 1623 2548 ἐσίγησαο
1652 2514 1802 2548 ὑπέλαϐες
1828 2517 1896 2543 ἀνο-

1107 2559 1192 2593 μίαν,
1207 2558 1251 2585 ὅτι
1264 2559 1372 2594 ἔσομαι
1383 2565 1432 2585 σοι
1444 2558 1555 2593 ὅμοιος.
1570 2559 1610 2586 Τὰ
1620 2559 1649 2586 δέ
1663 2560 1737 2587 αίτια
1753 2562 1804 2596 τῆς
1819 2561 1895 2596 σιγῆς

1110 2604 1157 2630 τοῦ
1173 2604 1241 2631 Θεοῦ
1257 2604 1305 2631 καὶ
1318 2604 1368 2639 τῆς
1384 2604 1484 2640 ἀνοχῆς
1500 2605 1547 2631 καὶ
1561 2605 1610 2640 τῆς
1628 2606 1820 2641 μακροθυμίας
1835 2614 1894 2633 παι-

1109 2649 1180 2676 δεύει
1200 2651 1214 2677 ό
1233 2650 1392 2682 ’Δπόστολος
1411 2650 1542 2685 γράφων·
1563 2650 1597 2678 Ἢ
1616 2651 1669 2677 τοῦ
1692 2653 1826 2680 πλούτου
1845 2651 1894 2685 τῆς

1110 2696 1312 2730 χρηστότητος
1329 2696 1422 2724 αὑτοῦ
1443 2697 1492 2724 καὶ
1507 2697 1561 2732 τῆς
1579 2698 1694 2732 ἀνοχῆς
1710 2698 1760 2726 καὶ
1774 2698 1830 2733 τῆς
1839 2707 1893 2733 μα-

1110 2741 1271 2775 κροθυμίας
1283 2741 1489 2776 καταφρονεῖς,
1508 2742 1636 2779 ἀγνοῶν,
1649 2744 1693 2770 ὅτι
1714 2743 1747 2770 τὸ
1761 2744 1892 2778 χρηστὸν

1110 2786 1163 2813 τοῦ
1184 2786 1258 2814 Θεοῦ
1282 2788 1325 2820 εὶς
1338 2787 1500 2822 μετάνοιάν
1517 2796 1554 2816 σε
1572 2789 1655 2825 ἄγευ
1680 2789 1761 2815 Ἀλλά
1778 2790 1811 2816 σὺ
1833 2790 1891 2825 μὲν,

1111 2832 1201 2868 φησὶν,
1216 2833 1253 2864 ὡς
1268 2832 1334 2865 Θεὸς
1354 2833 1462 2862 πάντων
1480 2834 1651 2870 ἀνεχόμενος,
1675 2835 1780 2867 πάντας
1803 2835 1891 2873 φέρεις
