2024 3214
113 158 167 187 993

661 156 912 186 COMMENTARIA
931 156 964 185 IN
984 156 1153 187 PSALMOS.

1279 148 1307 187 %
1320 152 1360 175 ν
1682 159 1737 189 994

111 213 219 250 πράως,
236 213 286 241 ut
307 212 354 240 ἐπὶ
374 213 431 245 τοῖς
443 213 530 248 ἀσεϐῆ
545 213 594 240 καὶ
614 212 684 241 ἄθεα
701 213 898 249 ἁμαρτάνουσι,

951 220 1006 241 non
1025 213 1107 241 simili
1131 215 1214 248 atque
1232 216 1263 240 tu
1287 212 1370 241 modo
1391 212 1510 242 tolerare
1524 213 1651 242 valeam:
1671 222 1736 242 nam

111 260 158 287 καὶ
171 259 244 286 κατὰ
253 258 300 286 σοῦ
309 258 356 286 τοῦ
366 258 434 285 Θεοῦ
444 259 644 294 βλασφημοῦσι,
658 259 763 295 σιωπᾷς
772 267 778 274 ·
793 258 848 293 ἐγὼ
860 259 898 293 δὲ,

113 306 150 342 μὴ
161 305 312 341 δυνάμενος
333 304 421 332 ταῦτα
433 306 509 340 ὸρᾷν,
526 305 621 339 δέομαι
634 305 682 331 καὶ
703 305 814 331 ἱκετεύω
836 313 900 339 συγ-

110 352 223 388 γνώμης
235 353 327 387 τυχεῖν
338 352 383 378 επὶ
395 351 426 378 τὺ
443 352 480 387 μὴ
493 351 622 378 δύνασθαι
634 351 726 387 φέρειν
738 360 779 378 σοι
793 350 832 386 τῷ
841 350 900 386 Θεῷ

110 397 324 432 παραπλησίως·
347 396 389 428 τίς
410 396 464 432 γάρ
482 405 523 422 σοι
546 396 764 431 ὁμοιωθήσεταις
790 396 836 422 Διὸ
862 396 900 428 ὡς

108 443 262 479 ἄνθρωπος,
285 442 364 478 ζῆλον
379 442 448 477 ἔχων
462 442 508 469 τὸν
525 442 595 478 ὑπὲρ
610 442 659 477 τῆς
677 443 727 477 σῆς
748 442 898 475 εὐσεϐείας,

108 488 200 523 τολμῶ
227 487 370 524 ἱκετηρίαν
397 496 437 515 σοι
462 488 627 522 προσάγειν
652 487 721 514 ὥστε
744 487 899 514 παύσασθαι

108 535 158 570 μὲν
181 535 231 570 τῆς
257 534 360 569 ἀφὰτου
387 533 575 570 μακροθυμίας
598 534 645 561 καὶ
668 534 716 568 τῆς
739 534 899 567 ἀνεξικάκου

109 581 230 616 σιωπῆς·
242 581 293 616 ἤδη
303 580 332 607 δέ
345 588 410 606 ποτε
421 580 562 615 κινηθῆναι
574 580 644 606 κατά
655 580 708 606 τῶν
716 580 751 607 τὰ
763 580 899 616 ἀνήκεστα

107 624 323 661 τετολμηκότων.
339 625 384 651 Διό
397 633 469 659 φημι
479 632 486 638 ⁸
503 624 551 658 Μὴ
567 624 707 658 σιγήσῃς,
720 624 797 659 μηδὲ
813 633 900 651 κατα-

107 671 261 705 κραῢνῃςσ
277 670 334 697 ἀνθ’
355 666 386 696 οὗ
406 671 420 697 ὁ
443 669 492 704 μὲν
515 669 641 702 Ἀκύλας,
654 670 702 704 Μὴ
724 670 897 705 καθησυχά-

107 725 179 752 σῃς,
208 718 223 743 ὸ
239 717 267 743 δὲ
292 717 450 752 Σύμμαχος,
474 716 522 750 Μὴ
548 716 717 751 emptio-nc,
745 717 897 752 εἰρήκασιν.

108 761 164 790 Εἶτ’
181 762 303 796 ἐπιλέγει
317 762 395 798 ἑξῆς·
414 763 472 788 ’Ὁτι
497 762 561 789 ιδοὺ
585 763 612 788 ol
633 762 733 797 ἐχθροί
746 769 804 789 σου
825 762 900 796 ἥκη-

108 817 178 841 σαν,
192 808 242 836 καὶ
261 809 288 835 οἱ
303 808 463 842 μισοῦντές
476 816 514 834 σε
527 806 603 843 ἦραν
616 808 761 843 κεφαλήν.
780 808 858 834 Κατὰ
871 808 899 835 δὲ

107 855 153 881 τὸν
173 854 299 881 Ἀκύλαν·
330 854 390 881 ’Ὁτι
413 854 476 881 ἰδοὺ
495 856 523 881 οἱ
541 854 642 888 ἐχθροί
665 862 723 881 σου
743 854 898 889 ὥκλασαν,

951 261 1013 295 quis
1027 260 1126 288 similis
1147 260 1200 287 erit
1220 259 1289 286 tibi?
1301 259 1473 295 Quapropter
1490 264 1519 288 ut
1535 260 1627 293 homo,
1645 260 1738 289 studio

950 306 1061 342 pietatis
1072 314 1137 342 erga
1154 310 1181 333 te
1196 306 1336 338 incensus,
1353 306 1507 340 supplicare
1523 306 1571 334 tibi
1590 306 1689 340 audeo,
1706 309 1737 334 ut

950 351 1031 378 ﬁnem
1049 349 1136 378 facias
1157 349 1308 377 tolerantia:
1322 353 1350 377 et
1370 350 1483 381 silentii,
1501 358 1533 378 ac
1548 352 1604 386 jam
1624 351 1735 380 demum

949 403 1077 423 moveare
1097 395 1231 424 adversus
1250 403 1298 423 eos
1314 395 1360 431 qui
1378 396 1560 424 intolerabilia
1582 398 1642 425 ausi
1658 401 1732 425 sunt.

950 441 1014 469 Ideo
1033 441 1097 469 dico
1111 450 1117 468 :
1129 441 1170 469 Ne
1186 446 1286 473 taceas,
1299 450 1379 476 neque
1402 443 1586 476 compescaris.
1606 443 1660 470 Pro
1679 451 1735 478 quo

948 486 1109 521 Aquila,Ne
1122 487 1252 522 quiescas,
1276 486 1458 522 Symmachus
1478 495 1553 519 vero,
1577 487 1619 515 Ne
1637 497 1733 520 cesses,

949 533 1120 568 interpretati
1129 536 1204 560 sunt.
1218 532 1321 562 Deinde
1336 532 1429 560 subdit
1441 543 1448 559 :
1459 549 1492 555 —
1508 533 1591 560 Vens.
1609 534 1638 561 5.
1665 534 1736 566 Quo-

950 580 1022 606 niam
1037 587 1095 606 ecce
1117 579 1217 607 inimici
1242 579 1280 606 lui
1300 584 1454 612 sonuerunt,
1471 584 1495 606 et
1521 580 1565 614 qui
1585 580 1694 607 oderunt
1710 584 1738 607 te

949 626 1099 653 extulerunt
1120 630 1209 660 caput.
1238 624 1396 653 Secundum
1415 626 1544 661 Aquilam
1560 634 1642 654 vero:
1662 626 1735 659 Quo-

949 673 1021 699 niam
1042 680 1099 699 ecce
1112 672 1214 699 inimici
1229 672 1268 698 tui
1289 671 1382 699 turbas
1401 676 1547 705 ntooerunl,
1571 677 1596 699 et
1611 672 1657 707 qui
1674 672 1737 699 ode-

950 721 1014 744 runt
1035 722 1060 744 te
1077 717 1229 744 extulerunt
1247 722 1342 751 caput;
1366 718 1518 745 secundum
1540 716 1738 753 Symmachum

949 771 1016 791 vero
1032 773 1039 792 ι
1055 764 1122 791 Ecce
1136 764 1204 791 enim
1221 764 1320 791 inimici
1337 764 1386 795 tui,
1403 763 1502 799 inquit,
1518 772 1573 791 una
1588 769 1695 797 sonant,
1711 768 1738 791 et

949 811 994 845 qui
1004 809 1116 837 oderunt
1133 815 1158 837 te
1172 810 1284 844 e/ferunt
1299 814 1388 844 caput.
1409 809 1515 837 Sonant
1529 814 1620 838 autem
1636 813 1664 837 et
1677 813 1736 837 tur-

949 856 999 884 bas
1020 860 1131 884 movent
1153 856 1256 884 inimici
1275 855 1332 889 Dei,
1358 863 1420 883 cum
1437 863 1492 883 non
1516 856 1630 884 latenter
1647 864 1737 892 neque

108 901 156 928 καὶ
170 900 404 935 μισοποιοῦντές
417 909 454 927 σε
471 900 548 934 ἦραν
561 900 698 934 κεφαλήν
707 909 714 916 ·
729 900 801 927 κατὰ
811 900 838 926 δὲ
852 900 897 927 τὸν

949 900 1063 929 remisse
1078 901 1236 936 blasphema
1250 900 1322 928 dicta
1336 905 1433 928 contra
1449 901 1533 928 Deum
1547 901 1671 935 prolerre
1686 909 1736 929 au-

109 947 273 982 Σὺμμαχον·
294 946 366 973 Ἰδοὺ
390 947 445 981 γὰρ
463 948 490 973 οι
511 946 612 980 ἐχθροί
633 954 701 978 σου,
724 947 800 981 φησὶ,
823 954 898 973 συν-

109 992 231 1027 ηχοῦσι,
252 992 301 1019 καὶ
314 994 340 1020 οι
350 992 513 1027 μισοῦντές
531 1000 568 1019 σε
580 993 737 1026 ἐπαίρουσι
750 991 897 1026 κεφαλήν.

115 1039 226 1074 Ἦχοῦσι
244 1039 273 1066 δὲ
289 1039 336 1065 καὶ
358 1038 517 1074 ὀχλάςουσιν
537 1039 562 1064 οἱ
585 1038 678 1074 ἐχθροὶ
695 1038 744 1066 τεῦ
763 1037 842 1070 Θεοῦ,
854 1038 898 1064 ὅτε

109 1083 202 1111 οὐκέτι
223 1084 354 1119 κρύϐδην,
377 1084 438 1110 οὐδὲ
460 1084 650 1119 πεφεισμένως
670 1083 789 1120 τολμῶσι
811 1092 900 1120 παρα-

111 1129 276 1165 φθέγγεσθαι
297 1130 345 1162 τὰς
362 1130 431 1157 κατὰ
446 1131 492 1157 τοῦ
508 1130 575 1157 Θεοῦ
593 1130 781 1166 βλασφημίας·
798 1130 849 1166 ἤδη
870 1130 899 1157 δὲ

110 1177 142 1203 ὲκ
162 1175 210 1203 τοῦ
228 1177 383 1212 προφανοῦς
399 1177 444 1204 καὶ
462 1176 567 1213 ἁθρόως
590 1177 616 1203 οἱ
638 1177 738 1208 πάντες
761 1176 831 1203 κατὰ
850 1176 898 1202 τοῦ

110 1222 177 1249 Θεοῦ
198 1222 234 1248 τὰ
252 1221 319 1250 ἄθεα
341 1222 522 1258 προφέρονται
545 1222 665 1258 ῥήματα,
686 1223 765 1249 ὁποῖα
779 1221 898 1257 τολμῶσι

110 1268 240 1303 πράττειν
259 1267 331 1294 κατὰ
346 1267 409 1298 τοὺς
426 1267 479 1294 τῶν
496 1266 624 1302 διωγμῶν
647 1267 769 1302 καιρούς.
789 1265 855 1294 Εἶτα
870 1266 898 1293 δὲ

108 1313 156 1340 καὶ
181 1312 394 1348 ὕψαυχενοῦντες
415 1314 463 1340 καὶ
488 1313 683 1349 φρυαττόμενοι
708 1313 758 1349 τὴν
777 1313 898 1349 κεφαλὴν

109 1358 278 1394 ἐπαίρουσιν,
293 1359 337 1385 ὅτε
359 1358 476 1393 μάλιστα
496 1359 640 1394 ὲπιτριϐὴν
659 1359 750 1390 αὐτοῖς
771 1360 788 1394 ὴ
809 1359 898 1394 σιωπὴ

110 1403 154 1430 τοῦ
184 1403 253 1430 Θεοῦ
282 1403 490 1439 κατεργάζεται.
527 1403 634 1431 Τούτων
650 1404 678 1431 δὲ
710 1405 760 1440 τὴν
777 1404 899 1440 κεφαλὴν

949 946 1028 980 dent;
1047 946 1095 974 sed
1113 947 1202 983 palam
1219 951 1246 975 et
1260 947 1405 974 confertim
1418 954 1514 974 omnes
1531 946 1559 974 in
1579 946 1664 975 Deum
1684 947 1737 975 ini-

948 993 993 1028 pia
1005 993 1087 1021 verba
1104 998 1245 1024 evomunt,
1261 992 1353 1027 qualia
1369 992 1590 1027 perSecutionum
1611 997 1735 1028 tempore

949 1039 1050 1066 audent
1063 1038 1169 1068 ell‘erre.
1187 1039 1289 1067 Deinde
1302 1043 1392 1067 erecta
1406 1039 1514 1066 cervice
1526 1039 1674 1067 frementes
1687 1047 1736 1066 ca-

949 1089 998 1120 put
1015 1085 1147 1117 exaltant,
1164 1086 1274 1120 quando
1293 1085 1414 1112 maxime
1435 1085 1575 1112 silentium
1590 1085 1637 1112 Dei
1655 1085 1736 1113 indu-

949 1131 1007 1159 cias
1030 1131 1097 1166 ipsis
1127 1132 1240 1167 praebet.
1266 1131 1315 1159 liis
1344 1139 1411 1160 vero
1434 1136 1518 1166 caput
1541 1130 1736 1164 efferentibus,

950 1175 999 1203 Dei
1028 1175 1153 1204 homines
1184 1175 1276 1203 atilicti
1304 1175 1499 1209 humiliantur;
1526 1179 1555 1203 ut
1576 1176 1635 1203 vice
1658 1183 1736 1203 versa

950 1221 1089 1257 depressis
1106 1222 1226 1250 inimicis
1239 1221 1298 1253 Dei,
1315 1225 1474 1249 sanctorum
1491 1222 1737 1257 religiosorumquc

950 1267 1072 1295 virorum
1085 1269 1175 1304 capita
1186 1269 1353 1296 exaltantur.
1368 1268 1459 1301 Quare
1469 1276 1502 1295 ex
1512 1276 1606 1295 eorum
1619 1275 1737 1303 persona

950 1313 1051 1340 alicubi
1072 1313 1176 1341 dictum
1201 1317 1243 1341 est
1257 1322 1264 1341 :
1277 1313 1311 1340 Et
1327 1321 1394 1340 nunc
1408 1314 1534 1340 exultauit
1551 1319 1629 1348 caput
1651 1322 1737 1341 meum

950 1368 1028 1394 super
1039 1361 1160 1388 inimicos
1176 1369 1246 1388 meos
1260 1361 1291 1388 ".

928 1406 1077 1442 αίρόντων,
1111 1408 1135 1433 οἱ
1164 1406 1211 1433 τοῦ
1243 1406 1311 1433 Θεοῦ
1338 1405 1476 1442 ἄνθρωποι
1506 1406 1737 1442 καταπονούμενοι

110 1449 312 1476 ταπεινοῦνται’
344 1449 382 1481 ὡς
411 1449 528 1485 ἔμπαλιν
559 1451 777 1486 ταπεινουμένων
808 1451 863 1478 τῶν
885 1452 989 1487 ἐχθρῶν
1008 1452 1056 1480 τοῦ
1070 1453 1138 1480 Θεοῦ
1160 1454 1188 1480 αἱ
1210 1453 1265 1480 τῶν
1287 1453 1372 1487 ἁγίων
1398 1453 1445 1479 καὶ
1469 1452 1600 1488 θεοφιλῶν
1630 1453 1736 1488 ἀνδρῶν

110 1494 225 1529 κεφαλαὶ
244 1494 384 1530 ὑψοῦνται.
408 1496 454 1523 Διὸ
473 1496 579 1532 εἴρηταί
599 1505 651 1523 που
673 1497 701 1524 ἐξ
724 1496 813 1524 αὐτῶν
832 1497 978 1533 προσώπου
991 1499 1032 1525 τό·
1063 1500 1119 1526 Καὶ
1158 1499 1217 1527 νῦν
1241 1500 1346 1534 ϋψωσε
1370 1498 1509 1534 κεφαλήν
1536 1508 1596 1534 μου
1620 1499 1666 1526 ἐπ’
1688 1499 1738 1533 ἐχ-

111 1541 200 1575 θρούς
212 1550 284 1576 μου.

150 1597 214 1624 Ἐπί
231 1597 285 1625 τὸν
299 1599 376 1626 λαόν
389 1606 448 1625 σου
469 1598 806 1633 κατεπανουρτεύσαντο
824 1598 897 1634 γνώ-

983 1597 1067 1626 νειιε.
1083 1597 1111 1630 ι,
1128 1597 1155 1625 5.
1177 1597 1262 1632 Super
1280 1597 1407 1632 populum
1430 1602 1505 1624 tuum
1524 1597 1737 1631 malignaverunt

108 1651 181 1678 μην,
195 1643 246 1670 καὶ
260 1644 481 1673 ἐϐουλεύσαντο
493 1645 568 1671 κατὰ
579 1644 638 1671 τῶν
654 1645 746 1679 ἁγίων
758 1652 826 1671 σου.
848 1643 898 1672 Εἷ-

110 1696 189 1716 παν·
221 1689 320 1722 Δεῦτε,
350 1691 399 1717 καὶ
430 1691 693 1725 ὲξολοθρεύσωμεν
722 1690 833 1724 αὐτοὺς
863 1690 898 1723 ἐξ

109 1735 228 1768 ἔθνους,
242 1735 291 1763 καὶ
304 1737 341 1762 οὐ
352 1735 395 1770 μὴ
407 1736 531 1770 μνησθῇ
546 1736 578 1762 τὸ
596 1736 689 1771 ὄνομα
707 1737 826 1770 Ἰσραὴλ
844 1737 896 1764 ἔτι.

111 1782 238 1808 Δυσωπεί
251 1781 296 1808 τὸν
309 1781 374 1808 Θεὸν
389 1782 403 1807 ό
412 1782 558 1817 Προφήτης
573 1782 602 1807 ἑν
614 1781 684 1817 ἁγίῳ
699 1782 846 1817 Πνεύματι,
855 1782 899 1809 διὰ

111 1827 158 1854 τοῦ
170 1827 399 1862 ὑπομιμνήσκειν,
412 1826 449 1859 ὡς
465 1827 518 1861 ἄρα
534 1827 597 1858 λαὸς
611 1827 693 1854 αὐτοῦ
707 1828 828 1862 γεγόνοιο
838 1828 898 1864 (sic)

111 1873 144 1899 τὰ
169 1871 289 1899 τοσαῦτα
313 1872 463 1905 πεπονθώς.
492 1871 559 1899 Εἶτα
575 1873 622 1899 καὶ
646 1873 701 1899 τῶν
725 1874 755 1900 ὲν
776 1874 814 1909 τῷ
842 1874 899 1910 λαῷ

111 1917 317 1953 διαλαμψάντων
340 1918 423 1944 πάλαι
440 1918 571 1954 πρότερον
591 1918 675 1952 ἁγίων
695 1918 743 1945 τοῦ
759 1919 826 1946 Θεοῦ
851 1919 899 1955 μέ-

113 1972 222 2000 μνηται,
245 1963 370 1999 δεόμενος
393 1964 440 1990 καὶ
455 1964 601 1991 ἀντιϐολῶν
622 1965 659 2000 μὴ
681 1964 735 1991 τῶν
756 1965 786 1991 ἐν
807 1965 899 1997 αὐτοῖς

111 2010 218 2037 ἀσεϐῶν
236 2010 284 2037 καὶ
300 2010 476 2046 παρανόμων,
499 2011 587 2045 μόνων
606 2010 634 2037 δὲ
647 2011 700 2037 τῶν
716 2010 801 2045 ἁγίων
815 2011 898 2038 αὑτοῦ

113 2055 276 2091 μνησθῆναι,
293 2056 339 2082 καὶΙ
359 2056 392 2082 δι’
409 2056 507 2088 αὐτοὺς
522 2057 553 2082 τὸ
569 2057 622 2082 πᾶν
635 2056 795 2092 κατελεῆσαι
812 2057 896 2088 εθνος.

117 2100 264 2128 Ἀκόλουθα
278 2101 306 2128 δὲ
326 2101 417 2133 αὐτοῖς
438 2101 576 2134 ποιοῦντες
597 2103 621 2129 οἱ
640 2102 732 2137 ἐχθροὶ
751 2103 797 2129 τοῦ
819 2103 897 2136 Θεοῦ,

112 2147 157 2174 τὸν
172 2146 238 2174 λαὺν
259 2147 342 2173 αὐτοῦ
357 2147 515 2182 πολεμοῦσι,
534 2148 687 2184 πανουργίᾳ
702 2147 836 2184 χρώμενοι
852 2149 899 2175 καὶ

113 2193 189 2229 δόλῳ,
208 2193 276 2229 πρὸς
291 2193 322 2220 τδ
336 2194 498 2220 καταϐαλεῖν
517 2193 599 2220 αὐτὸν
613 2194 660 2220 καὶ
679 2195 833 2230 ἀποστῆσαι
849 2195 898 2230 τῆς

112 2238 158 2266 τοῦ
184 2239 254 2265 Θεοῦ
267 2239 416 2271 εὐσεϐείας.
433 2239 479 2265 Διὸ
497 2239 635 2266 λέλεκται’
660 2240 721 2267 Ἐπὶ
744 2240 798 2268 τὸν
822 2242 899 2268 ,λαόν

112 2292 170 2311 σου
193 2286 529 2320 κατεπανουργεύσαντο
545 2286 675 2320 γνώμην,
697 2286 745 2313 καί
761 2286 899 2313 ἐϐουλεύ-
914 2276 936 2304 D

112 2338 206 2358 σαντο
221 2331 295 2358 κατὰ
308 2330 368 2358 τῶν
381 2331 472 2365 ἁγίων
484 2339 552 2358 σου.
565 2331 767 2367 Μεμελημένως
785 2332 839 2366 γὰρ
852 2332 899 2358 καὶ

112 2376 351 2413 πεφροντισμένως
370 2377 493 2412 μηχανάς
508 2386 583 2408 τινας
607 2377 739 2413 κρυφίους
761 2377 831 2404 κατὰ
849 2377 897 2404 τοῦ

113 2421 175 2448 λαοῦ
192 2421 240 2448 τοῦ
255 2421 321 2448 Θεοῦ
338 2422 493 2453 καττύουσι,
510 2422 580 2449 κατά
599 2431 627 2449 τε
647 2423 701 2450 τῶν
716 2423 802 2457 ἁγίων
815 2423 897 2450 αὑτοῦ

112 2465 258 2498 ἐπιϐουλὰς
282 2467 540 2499 κατασκευάζονται,
563 2468 596 2494 δι’
620 2468 667 2495 ἕνα
692 2469 792 2495 σκοπὸν
813 2469 843 2495 ὃν
868 2470 897 2496 ἐν

113 2511 218 2543 ἑαυτοῖς
236 2511 397 2546 προθέμενοι
411 2520 487 2546 φασιν
504 2512 602 2545 Δεῦτε,
619 2512 668 2539 καὶ
678 2512 898 2546 ἐξολοθρεύσω-

110 2565 166 2590 μεν
175 2557 287 2590 αὐτοὺς
298 2557 332 2590 ἐξ
344 2558 460 2590 ἔθνους,
471 2558 518 2584 καὶ
531 2559 566 2584 οὐ
576 2558 618 2592 μὴ
629 2557 751 2592 μνησθῇ
760 2557 794 2584 τὸ
805 2557 898 2592 ὄνομα

112 2602 163 2629 τοῦ
184 2602 302 2636 Ἰσραὴλ
315 2603 367 2630 ἔτι.
386 2604 417 2630 Οἱ
435 2605 483 2639 μὲν
502 2603 550 2631 οὖν
563 2604 690 2640 θεομάχοι
710 2605 741 2631 οὐ
759 2604 896 2639 βούλονται

113 2647 141 2673 ἐν
163 2646 317 2683 ἀνθρώποις
338 2647 413 2680 ἔθνος
428 2648 495 2675 Θεοῦ
522 2649 683 2683 ὑφεστάναι·
710 2648 778 2675 ἀλλὰ
799 2649 846 2676 καὶ
867 2649 898 2676 τὸ

113 2693 198 2732 ὄνομα
206 2693 254 2720 τοῦ
272 2694 379 2730 Ἰσραὴλ
393 2694 585 2730 ἐξαλειφθῆναι
603 2695 808 2728 σπουδάζουσιν,
824 2696 853 2722 Ὀ
869 2695 898 2722 δὲ

114 2738 189 2772 Θεδς,
205 2739 249 2766 ἀεὶ
262 2739 337 2771 ἔθνος
352 2741 440 2776 ἑαυτῷ
452 2741 498 2767 ἐπὶ
511 2741 561 2777 γῆς
571 2742 750 2777 καταρτίζων,
766 2741 834 2777 μετὰ
848 2741 898 2776 τὴν

114 2784 160 2811 τοῦ
176 2785 308 2820 προτέρου
320 2785 384 2812 λαοῦ
397 2787 498 2814 πτῶσιν
511 2787 559 2823 τὴν
573 2787 602 2819 ἐξ
619 2787 702 2814 ἐθνῶν
716 2787 898 2822 συνεστήσατο

153 2862 175 2879 ⁸³
193 2836 264 2891 Ρέοι.
284 2872 356 2896 “vl,
374 2864 400 2891 6.

950 1645 1102 1676 consilium,
1128 1648 1154 1670 et
1178 1644 1357 1678 cogitaverunt
1383 1643 1508 1671 adversus
1535 1647 1640 1670 sanctos
1666 1647 1735 1670 tuos.

950 1692 1082 1719 Dixerunt
1094 1698 1103 1718 .'
1116 1690 1206 1717 Venite
1216 1694 1240 1717 et
1255 1689 1438 1724 disperdamus
1449 1698 1492 1717 eos
1508 1689 1540 1716 de
1550 1693 1634 1724 gente,
1649 1693 1674 1715 et
1685 1697 1745 1716 non.

949 1742 1109 1765 memoratur
1120 1744 1214 1763 nomen
1230 1735 1316 1763 Israel
1328 1737 1412 1762 ultra.
1430 1735 1514 1763 Deum
1529 1735 1657 1762 obsecrat
1670 1731 1739 1762 Pro-

949 1784 1029 1819 pheta
1046 1783 1073 1810 in
1087 1782 1192 1818 Spiritu
1205 1785 1312 1813 sancto,
1325 1789 1439 1809 monens
1453 1788 1527 1813 eum,
1543 1781 1591 1816 qui
1605 1781 1671 1807 talia
1687 1788 1737 1816 pa-

949 1831 1027 1861 titur,
1046 1829 1176 1865 populum
1196 1827 1257 1863 ejus
1283 1835 1355 1854 esse.
1370 1826 1427 1853 Sub
1444 1826 1502 1853 haec
1525 1831 1616 1853 autem
1630 1833 1736 1859 eorum,

948 1876 996 1911 qui
1010 1876 1038 1903 in
1055 1874 1155 1910 populo
1168 1874 1224 1908 jam
1238 1873 1302 1900 olim
1325 1872 1466 1907 conspicui
1483 1872 1604 1903 luerunt,
1624 1875 1736 1898 sancto—

949 1930 1009 1949 rum
1026 1921 1074 1948 Dei
1091 1919 1226 1952 meminit,
1248 1919 1406 1954 supplicans
1421 1918 1636 1951 obsecransque,
1658 1919 1688 1943 ut
1703 1923 1737 1943 ne

950 1967 1097 2002 impiorum
1116 1966 1366 1998 sceleratorumque
1387 1964 1414 1990 in
1430 1963 1540 1998 populo,
1561 1962 1609 1990 sed
1625 1965 1737 1990 sancto-

949 2021 1009 2041 rum
1031 2019 1144 2041 suorum
1169 2010 1349 2038 recordetur:
1364 2016 1515 2044 eorumque
1538 2008 1627 2044 gratia
1650 2010 1736 2035 totam

948 2062 1054 2093 gentem
1067 2055 1255 2083 misericordia
1266 2055 1358 2082 donet.
1375 2053 1470 2081 Allinia
1484 2057 1574 2081 autem
1591 2053 1736 2088 impiorum

949 2103 1034 2140 gestis
1058 2105 1248 2138 perpetrantes
1263 2101 1366 2128 inimici
1385 2099 1443 2132 Dei.
1462 2099 1592 2136 populum
1615 2099 1676 2133 ejus
1690 2105 1738 2133 op-

949 2153 1083 2185 pugnant,
1106 2149 1226 2176 versutia
1243 2151 1352 2175 utentes
1372 2150 1400 2175 et
1421 2146 1495 2180 dolo,
1511 2150 1541 2174 ut
1560 2146 1648 2181 ipsum
1667 2145 1737 2180 deji-

949 2196 1022 2223 ciant
1040 2199 1067 2223 et
1092 2202 1108 2221 a
1130 2194 1230 2230 pietate
1254 2201 1318 2229 erga
1341 2192 1425 2220 Deum
1453 2195 1586 2219 avertant.
1601 2190 1737 2224 Quocirca

950 2241 1053 2268 dictum
1081 2238 1245 2274 est:Super
1270 2238 1395 2273 populum
1423 2242 1497 2264 tuum
1527 2236 1737 2272 malignanrunt

951 2286 1101 2319 consilium,
1123 2290 1148 2312 et
1176 2285 1357 2320 cogitaverunt
1382 2284 1507 2311 adversus
1533 2286 1639 2309 sanctos
1664 2285 1736 2308 tuos.

951 2329 1073 2357 Meditati
1087 2329 1161 2356 enim
1175 2336 1238 2356 cum
1260 2327 1445 2356 sollicitudine
1457 2326 1590 2361 quasdam
1612 2325 1738 2353 occultas

951 2375 1093 2402 machinas
1107 2378 1203 2401 contra
1217 2374 1346 2409 populum
1362 2372 1410 2400 Dei
1423 2373 1575 2403 instruunt,
1587 2376 1614 2398 et
1630 2370 1737 2398 sanctis

951 2420 1010 2455 ejus
1024 2420 1139 2447 insidias
1161 2423 1269 2455 parant,
1285 2426 1327 2450 ac,
1343 2418 1377 2445 ob
1391 2425 1475 2445 unum
1489 2424 1569 2451 quem
1594 2416 1622 2443 in
1643 2415 1737 2443 animo

951 2469 1107 2501 proponunt
1129 2472 1254 2500 scopum,
1280 2464 1356 2491 aiunt
1374 2472 1381 2489 :
1404 2462 1492 2490 Venite
1510 2465 1534 2489 et
1548 2461 1734 2496 disperdamus

951 2520 994 2539 eos
1009 2513 1041 2539 de
1061 2515 1144 2547 gente,
1164 2516 1188 2538 et
1204 2519 1256 2539 non
1273 2514 1431 2537 memoratur
1442 2517 1536 2536 nomen
1549 2507 1636 2535 Israel
1648 2507 1732 2536 ultra.

951 2558 1056 2585 Inimici
1074 2558 1167 2592 itaque
1182 2556 1228 2584 Dei
1250 2556 1379 2592 populum
1393 2554 1441 2583 Dei
1456 2555 1484 2582 in
1499 2554 1655 2582 hominibus
1666 2561 1734 2581 con-

951 2605 1048 2632 sistere
1075 2604 1172 2631 nolunt
1191 2612 1198 2630 :
1217 2602 1283 2638 quin
1297 2603 1378 2629 etiam
1392 2601 1502 2629 lsraelis
1520 2608 1620 2629 nomen
1643 2600 1734 2629 delere

950 2653 1089 2685 satagunt.
1107 2649 1178 2677 Deus
1190 2656 1254 2676 vero
1267 2652 1330 2684 post
1345 2648 1445 2683 prioris
1459 2647 1551 2682 populi
1567 2647 1674 2674 ruinam
1685 2653 1734 2682 po-

949 2697 1043 2732 pulum
1069 2696 1121 2724 sibi
1141 2702 1249 2730 semper
1265 2695 1294 2722 in
1318 2699 1390 2722 terra
1412 2701 1523 2729 parans,
1549 2700 1583 2721 ex
1606 2692 1733 2728 gentibus

950 2740 1098 2768 Ecclesiam
1118 2739 1273 2771 constituit,
1295 2745 1393 2766 novam
1410 2745 1595 2774 nuperamque
1611 2740 1732 2772 gentem.

949 2794 982 2815 ex
1002 2785 1129 2822 gentibus
1145 2792 1193 2820 per
1208 2788 1296 2812 totum
1312 2784 1405 2812 orbem
1425 2783 1563 2818 selectam.
1580 2782 1686 2810 Idcirco
1703 2783 1733 2809 et
