2024 3214
311 135 363 163 395

645 133 779 162 EUSEBll
796 132 1036 161 CAESARIENSIS
1054 132 1129 161 OPP.
1151 132 1250 161 PARS.
1271 133 1358 161 ll|.—
1376 134 1577 163 EXEGETICA.

1881 137 1932 165 996

311 194 420 222 lsraelis
440 202 551 226 nomen,
572 198 599 222 et
615 194 738 222 omnium
758 193 949 229 religiosorum
971 194 1086 221 virorun

1150 193 1323 229 Ἐκκλησίαν,
1345 195 1392 221 καὶ
1410 195 1441 222 τὺ
1461 195 1552 222 καινὸν
1568 195 1614 222 καὶ
1637 195 1697 222 νέον
1720 195 1807 228 ἔθνος,
1825 195 1856 222 τδ
1871 197 1931 223 καθ’

311 240 442 268 memoria
462 241 549 276 magis
571 241 713 275 magisque
730 240 893 273 celebratur,
913 245 940 268 et
964 240 1015 274 pia:
1029 239 1094 267 reli-

310 286 399 320 gionis
413 290 488 320 gesta
505 286 689 321 resplendent.

1147 239 1211 276 ὅλης
1226 241 1275 276 τῆς
1289 241 1449 277 οἰκουμένης
1463 243 1495 268 ὲκ
1508 242 1557 276 τῆς
1569 241 1622 268 τῶν
1639 241 1722 268 ἐθνῶν
1738 241 1855 277 ἐκλογῆς
1867 243 1933 269 ὕπο-

1149 286 1224 313 στάν.
1248 286 1293 312 Διὸ
1317 287 1446 322 μειζόνως
1466 288 1514 314 καὶ
1535 287 1565 313 τὸ
1585 287 1669 322 ὄνομα
1685 287 1731 313 τοῦ
1752 288 1872 324 Ἰσραὴλ,
1887 289 1931 314 καὶ

311 331 418 357 πάντων
434 331 488 357 τῶν
501 331 632 366 θεοφιλῶν
646 330 750 366 ἀνδρῶν
770 331 786 366 ὴ
809 331 902 367 μνήμη
923 331 1096 365 ἀνυμνεῖται,
1108 330 1142 357 τά
1158 339 1187 357 τε
1199 330 1249 366 τῆς
1266 331 1421 364 θεοσεϐείας
1435 331 1633 368 κατορθώματα
1645 331 1802 367 διαλάμπει.

343 387 427 415 Vens.
444 387 471 420 6,
487 388 513 419 8,
527 388 553 415 9.
575 387 707 420 Quoniam
729 387 910 422 cogitaverunt
930 387 1093 414 unanimiter

308 434 389 460 simul
401 441 410 460 ε
424 433 562 460 adversum
577 439 602 460 te
613 438 797 460 testamentum
808 433 993 467 disposuerunt
1005 433 1092 460 taber-

308 480 405 506 nacula
421 479 612 511 ldumazorum,
627 485 651 507 et
664 479 820 511 lamaelitar,
837 478 917 506 Moab
929 484 954 506 et
966 479 1092 514 Agareni,

309 525 392 552 δειναί
413 530 436 552 et
456 527 567 552 Ammon
586 531 610 552 et
628 526 746 558 Amalec,
763 526 918 561 alienigente
939 534 997 552 cum
1015 525 1092 552 habi-

307 572 424 598 tantibus
442 571 549 606 Tyrum.
568 573 671 599 Etenim
691 573 776 599 Assur
792 573 860 600 venit
873 581 933 599 cum
945 573 1012 603 illis,
1028 572 1093 607 facti

307 621 369 642 sunt
395 617 422 642 in
447 616 610 650 adjutorium
635 617 698 652 ﬁliis
723 616 782 644 Lot.
811 617 978 651 Diapsalma.
1008 617 1092 650 Quasi

307 660 392 688 Deum
409 662 531 690 excitans
545 662 710 698 irritansque
726 662 861 698 Propheta
878 663 905 690 in
922 671 970 690 sua
983 670 1032 698 pro
1046 671 1091 698 po-

306 708 369 746 pule
384 709 582 746 supplicatione
595 710 642 744 ait,
657 710 794 738 adversum
808 715 842 738 te.
859 709 919 737 Non
935 710 1006 737 enim
1025 717 1091 736 con-

306 764 349 786 tra
364 759 505 794 populum,
523 757 622 793 inquit,
636 757 682 786 sed
699 757 844 784 adversum
860 760 898 788 te,
914 759 941 783 et
958 755 1090 783 adversus

306 808 499 832 testamentum
519 808 595 830 tuum
611 803 715 830 inimici
728 803 820 838 populi
831 802 870 829 tui
885 802 1088 829 machinantur.

307 850 375 877 llinc
392 854 484 877 narrat
498 857 558 884 qua:
579 850 606 876 in
623 849 797 885 Assyriorum
821 849 971 884 lrruptione
992 851 1088 875 contra

1182 387 1240 413 Ὅτι
1263 387 1483 414 ἐϐουλεύσαντο
1507 387 1542 414 ἐν
1565 388 1686 422 ὁμονοίᾳ
1712 387 1761 414 ἐπὶ
1786 387 1821 414 τὸ
1841 389 1929 416 αὐτό·

1145 433 1219 460 κατὰ
1241 433 1300 460 σοῦ
1315 433 1460 467 διαθήκην
1473 433 1604 461 διέθεντο
1621 433 1657 460 τὰ
1672 433 1853 468 σκηνώματα
1874 435 1932 462 τῶν

1150 479 1332 514 Ἰδουμαίων,
1358 479 1406 506 καὶ
1424 481 1451 506 οί
1481 479 1674 515 ’Ῑσμαηλῖται,
1705 481 1795 506 Μωὰϐ
1820 480 1871 506 καὶ
1903 482 1931 507 al

1149 525 1309 559 Ἇγαρηνοί,
1325 526 1423 553 Γεϐὰλ
1447 526 1497 553 καὶ
1518 526 1630 561 Ἀμμὼν
1647 526 1696 553 καί
1718 526 1857 561 Ἀμαλὴκ,
1877 527 1931 554 ἀλ-

1142 571 1271 605 λόφυλοι
1284 571 1359 606 μετὰ
1375 571 1434 598 τῶν
1448 572 1666 599 κατοικούντων
1686 573 1787 606 Τύρον.
1806 573 1862 600 Kal
1875 573 1931 608 rip

1142 617 1192 643 καὶ
1215 617 1340 651 Ἄσσοὺρ
1359 618 1600 652 συμπαρετένετο
1620 619 1682 652 μετ’
1705 617 1813 651 αὐτῶν,
1827 618 1932 653 ἐτεινήο

1144 665 1242 696 θησαν
1257 664 1300 695 εἰς
1320 663 1484 697 ἀντίληψιν
1496 663 1558 695 τοῖς
1574 663 1650 696 υἱοῖς
1670 662 1744 690 Λώτ,
1762 662 1929 697 Auiti-milia.

1144 709 1248 745 Ὥσπερ
1263 709 1403 745 διεγείρων
1422 710 1467 735 καὶ
1483 709 1639 744 παροξύνων
1652 709 1697 735 τὸν
1711 708 1776 735 Θεὸν
1791 709 1805 735 ὁ
1822 709 1931 745 Προφή-

1142 763 1191 789 της
1205 755 1234 780 ἐν
1256 755 1289 789 τῇ
1312 754 1435 789 ἱκετηρία
1456 756 1488 789 τῇ
1512 754 1582 789 ὑπὲρ
1605 754 1651 780 τοῦ
1676 753 1741 780 λαοῦ
1765 753 1867 789 φάσκει
1889 754 1928 786 τὸ,

1143 800 1216 826 κατὰ
1227 799 1295 827 σοῦ.
1314 800 1351 826 Οὐ
1369 801 1422 835 γὰρ
1439 800 1508 826 κατὰ
1522 799 1568 826 τοῦ
1579 799 1654 831 λαοῦ,
1673 799 1765 835 φησιν,
1776 799 1846 827 ἀλλὰ
1860 800 1929 827 κατὰ

1144 845 1189 872 σοῦ
1209 847 1256 872 καὶ
1271 847 1341 873 κατά
1359 847 1407 882 τῆς
1426 848 1473 881 σῆς
1487 847 1617 882 διαθήκης
1632 846 1830 882 τετολμήκασιν
1843 847 1868 873 ot
1884 845 1928 872 τοῦ

304 895 447 922 .ludaicum
463 895 592 930 populum
608 899 684 931 gesta
700 899 775 923 sunt.
795 894 827 922 Et
841 895 898 922 haec
911 894 1086 926 vaticinatur,

1141 891 1205 918 λαοῦ
1215 901 1261 918 σου
1270 892 1401 928 πολέμιοι.
1415 891 1470 919 Εἶθ’
1486 893 1549 928 ἑξῆς
1561 893 1726 929 διεξέρχεται
1741 893 1775 920 τὰ
1786 895 1816 920 ἑν
1827 895 1862 930 τῇ
1874 893 1928 920 τῶν

306 946 450 977 postquam
473 943 574 977 quibus
594 942 629 970 de
653 942 748 970 causis
771 941 898 969 hostibus
921 941 1015 968 traditi
1036 941 1090 968 sint

304 991 491 1014 cnarraverat.
510 987 578 1014 Nam
596 988 624 1014 in
647 987 810 1023 praecedenti
826 987 932 1022 psalmo
954 987 1090 1022 principes

305 1033 397 1067 populi
422 1034 588 1068 coarguebat
611 1033 726 1060 dicens:
742 1032 880 1068 Usquequo
893 1033 1022 1068 judicatis
1043 1033 1091 1060 ini-

303 1079 449 1113 quitatem:
469 1086 501 1106 ac
525 1086 646 1109 rursum,
670 1078 839 1111 Nescieruut,
853 1087 933 1114 neque
955 1079 1090 1106 intellexe-

304 1129 377 1157 runt,
392 1125 419 1151 in
435 1124 546 1151 tenebris
561 1124 707 1151 ambulant.
728 1124 756 1152 In
775 1125 910 1160 superiori
927 1132 992 1152 vero
1006 1129 1089 1151 totam

302 1174 411 1205 gentem
434 1171 582 1198 accusabat
601 1171 717 1200 dicens:
734 1171 766 1199 Et
788 1180 841 1199 non
858 1172 958 1199 audivit
979 1173 1089 1207 populus

304 1224 377 1243 meus
388 1225 474 1244 vocem
490 1225 585 1249 meam,
602 1222 626 1244 et
640 1217 726 1246 Israel
740 1227 792 1246 non
807 1218 922 1245 intendit
937 1219 1012 1246 mihi.
1035 1218 1089 1246 Sed

303 1262 387 1289 etiam
402 1261 429 1288 in
444 1269 537 1289 txxvn
555 1262 707 1290 facinorum
721 1263 842 1298 ipsorum
858 1264 968 1299 longum
985 1264 1088 1291 catalo-

303 1315 367 1342 gum
383 1307 478 1334 texuit.
493 1307 700 1342 Consequenter
714 1308 798 1344 igitur
813 1315 873 1344 quae
887 1308 1017 1336 diuturno
1028 1313 1090 1344 post

304 1359 428 1388 tempore
449 1354 517 1389 ipsis
540 1354 716 1389 contigerunt
731 1355 767 1382 ob
784 1355 881 1383 allatas
900 1363 999 1383 causas
1019 1356 1089 1383 vati-

303 1400 422 1428 cinatur.
456 1399 513 1428 lllic
543 1404 635 1428 autem
665 1402 750 1429 variis
783 1402 952 1438 temporibus
982 1402 1088 1430 obsessi

303 1450 378 1478 sunt,
397 1446 514 1481 primum
539 1454 554 1473 a
572 1446 747 1483 Babyloniis;
766 1447 888 1475 secundo
905 1448 939 1475 ab
954 1447 1089 1475 Antiocho

304 1500 367 1527 rege
393 1491 494 1528 Syrias;
525 1496 665 1528 postremo
698 1501 713 1520 a
745 1493 876 1521 Romanis
906 1497 969 1528 post
999 1497 1090 1528 patra-

303 1541 361 1565 tum
386 1539 414 1566 in
443 1538 614 1567 Servatorem
644 1543 767 1567 nostrum
799 1540 900 1568 scelus.
930 1538 1088 1575 Opportune

303 1591 337 1611 ex
352 1582 470 1617 Spiritus
489 1585 659 1618 prmscientia
683 1588 739 1612 tres
753 1584 813 1613 illas
835 1585 994 1612 obsidiones
1014 1585 1085 1612 idem

306 1628 436 1662 propheta
455 1629 644 1662 praenuntiat:
666 1636 729 1656 nam
759 1629 787 1656 in
815 1636 891 1656 Lxxtl
919 1633 1084 1664 postremam

305 1673 458 1707 signiﬁcat,
485 1677 515 1700 ut
534 1674 651 1708 propriis
668 1674 696 1700 in
717 1673 785 1701 locis
810 1673 1033 1706 declaravimus;
1055 1674 1084 1700 in

304 1725 406 1744 Lxxvm
421 1738 429 1750 ,
450 1725 510 1745 eam
533 1726 594 1753 quae
615 1719 667 1746 sub
692 1718 828 1746 Antiocho
858 1718 927 1754 Syro
953 1719 1084 1754 contigit,

304 1763 345 1789 uti
360 1767 603 1791 commonstratum
611 1768 653 1792 est
664 1773 672 1797 ;
684 1763 711 1790 in
723 1763 848 1798 praesenti
866 1767 955 1791 autem
970 1764 1085 1798 primum

304 1807 445 1838 meminit,
459 1808 564 1835 scilicet
578 1809 754 1844 Assyriorum
765 1827 772 1841 ,
791 1816 872 1844 quam
897 1810 979 1836 etiam
1002 1816 1085 1837 Lxxtx

303 1852 469 1881 vaticinatus
497 1858 556 1886 est,
584 1854 670 1882 vineae
695 1854 852 1882 incendium
876 1859 904 1882 et
929 1856 1085 1883 vastitatem

303 1897 471 1933 signiﬁcans.
490 1898 530 1926 Ex
545 1899 659 1927 historia
684 1899 766 1935 igitur
781 1899 867 1928 edisci
890 1904 998 1936 potest,
1020 1905 1085 1936 quot

303 1947 398 1979 gentes
418 1944 446 1971 in
467 1952 552 1971 unum
567 1949 663 1972 contra
678 1944 823 1972 Judaicum
838 1946 968 1980 populum
984 1950 1086 1973 coacta:

304 1990 360 2016 sint
374 1990 400 2016 in
415 1990 501 2025 prima
514 1990 689 2026 Assyriorum
701 1991 854 2026 irruptione
863 2011 871 2024 ,
883 2000 952 2026 quas
966 1999 1085 2026 praesens

305 2035 447 2069 prophetia
459 2041 584 2064 recenset
597 2045 604 2064 :
617 2044 677 2071 quae
690 2037 794 2071 primos
806 2042 931 2064 numerat
943 2037 1084 2071 Idumaeos,

304 2080 403 2108 deinde
418 2079 586 2114 lsmaelitas,
600 2083 681 2110 tertio
697 2082 830 2110 Moabitas
840 2103 847 2114 ,
865 2088 964 2119 quarto
980 2083 1085 2118 Agat-e-

305 2132 356 2152 nos
367 2145 374 2157 ,
387 2126 452 2152 hinc
462 2126 613 2155 Gebalenos
626 2132 653 2155 ct
665 2129 836 2156 Ammonitas
846 2148 854 2161 ,
868 2133 896 2157 et
908 2129 1082 2156 Amalecitas.

304 2169 404 2197 Praeter
417 2170 466 2197 hos
475 2174 565 2197 autem
576 2171 653 2204 dicit,
661 2170 820 2206 Alienigena
833 2180 893 2199 cum
905 2173 1084 2200 habitantibus

305 2215 415 2250 Tyrum.
428 2215 481 2242 Pro
496 2216 543 2243 illo
555 2222 645 2243 autem
656 2236 663 2247 ,
674 2217 843 2252 alienigena,
856 2218 954 2254 Aquila
965 2223 993 2246 ct
1006 2218 1085 2254 Sym-

303 2261 429 2293 machus,
448 2261 621 2297 Phylistwam
637 2263 787 2290 ediderunt.
807 2263 863 2292 Hoc
880 2272 962 2300 porro
977 2267 1085 2292 nomine

303 2306 434 2341 appellari
453 2308 543 2334 solent
557 2307 604 2343 qui
622 2307 741 2340 Gazam,
765 2309 929 2337 Ascalonem
954 2314 981 2338 et
1005 2312 1085 2338 mari-

302 2352 396 2379 timam
417 2352 550 2380 incolunt.
569 2353 601 2380 Hi
615 2353 706 2388 itaque
720 2354 849 2382 maritimi
872 2356 1000 2391 allophyli
1021 2365 1083 2384 CIII"

303 2396 490 2425 habitantibus
501 2397 602 2433 Tyrum
617 2398 759 2426 irruerunt
769 2418 777 2431 ,
790 2399 895 2434 inquit,
911 2400 937 2426 in
954 2401 1082 2435 populum

302 2445 400 2475 tuum;
418 2447 444 2470 et
457 2447 555 2478 praeter
570 2443 620 2471 hos
634 2451 729 2472 omnes
751 2444 899 2480 Assyrius,
921 2446 995 2480 quod
1017 2455 1083 2474 sane

302 2492 384 2522 caput
396 2489 527 2516 malorum
543 2492 602 2521 est,
618 2496 679 2516 cum
694 2489 727 2517 iis
744 2489 874 2525 impetum
887 2490 1001 2524 faciens,
1014 2492 1082 2520 illis-

302 2540 356 2567 que
371 2534 603 2562 commilitonibus
619 2543 685 2563 usus
698 2540 789 2563 castra
802 2536 914 2571 posuit:
931 2545 1082 2573 omnesque

303 2577 424 2613 praedicti
441 2579 522 2606 simul
542 2579 608 2614 facti
631 2586 692 2608 sunt
706 2581 733 2608 in
752 2581 917 2617 adjutorium
937 2583 1002 2618 ﬁliis
1019 2584 1079 2611 Lat.

302 2622 354 2649 Pro
367 2629 422 2657 quo
448 2623 562 2658 Aquila,
593 2625 672 2653 Facti
688 2631 765 2659 sunt,
780 2628 883 2663 inquit,
897 2628 1034 2657 brachium
1048 2631 1082 2665 ﬁ-

302 2668 344 2694 liis
362 2667 433 2700 Lat;
449 2669 628 2704 Symmachus
641 2680 721 2705 vero,
743 2672 822 2700 Facti
843 2679 904 2701 sunt
923 2676 1081 2703 commilito-

301 2720 346 2740 nos
360 2712 425 2748 ﬁliis
442 2711 500 2739 Lot.
523 2712 586 2741 Filii
607 2720 696 2744 autem
719 2716 770 2744 Lot
785 2721 864 2746 erant
877 2718 1039 2748 Ammonius
1054 2724 1081 2749 et

337 2835 360 2852 ιδ
377 2833 451 2864 Psal.
469 2843 549 2872 Lxxx,
568 2837 610 2866 l2.

1148 937 1296 973 Ἀσσυρίων
1307 939 1429 965 ἐπιθέσει
1440 939 1511 965 κατὰ
1518 939 1652 966 Ἰουδαίων
1660 939 1754 971 ἔθνους
1762 940 1927 976 πραχθέντα.

1141 984 1196 1010 Καὶ
1218 984 1304 1010 ταῦτα
1330 984 1451 1017 θεσπίζει
1476 985 1639 1020 προδιελθὼν
1651 985 1701 1017 τὰς
1724 985 1825 1018 αἰτίας,
1843 986 1877 1013 δι’
1896 986 1928 1018 ἃς

1140 1030 1196 1060 τοῖς
1217 1030 1358 1065 πολεμίοις
1378 1031 1574 1066 παρεδόθησαν.
1593 1031 1637 1057 Ἐν
1663 1031 1712 1066 μὲν
1732 1031 1786 1067 γὰρ
1811 1031 1853 1067 τῷ
1877 1032 1927 1068 πρὸ

1140 1076 1233 1102 τούτου
1248 1076 1347 1111 ψαλμῷ
1360 1077 1423 1108 τοὺς
1436 1077 1566 1112 ἄρχοντας
1581 1077 1720 1112 ἁπήλεγχι
1735 1077 1783 1104 τοῦ
1795 1077 1862 1104 λαοῦ
1877 1079 1927 1113 φή-

1141 1130 1205 1153 σας·
1226 1122 1299 1155 Ἕως
1311 1123 1382 1149 πότε
1400 1123 1515 1156 κρίνετε
1534 1123 1669 1155 ἀδικίαν;
1685 1123 1733 1151 καὶ
1751 1123 1848 1151 πάλιν⁸
1867 1118 1925 1151 οὐκ

1139 1168 1285 1202 ἔγνωσαν,
1303 1168 1374 1195 οὐδὲ
1393 1169 1542 1203 συνῆκαν,
1558 1169 1592 1196 ἐν
1612 1170 1713 1196 σκότει
1734 1169 1925 1204 ὃαιπορεύον-

1140 1223 1197 1241 ται.
1219 1215 1262 1241 Ἐν
1279 1215 1306 1241 δὲ
1322 1215 1361 1250 τῷ
1378 1215 1505 1251 ἀνωτέρω
1520 1216 1551 1242 τὸ
1572 1217 1625 1243 πᾶν
1639 1216 1776 1244 διέϐαλλεν
1794 1217 1873 1250 ἔθνος
1890 1218 1926 1244 εἰ-

1140 1260 1217 1286 πών·
1235 1261 1288 1287 Kal
1309 1261 1365 1287 οὐκ
1387 1261 1520 1294 ἤκουσεν
1544 1263 1560 1288 ὀ
1585 1262 1659 1294 λαός
1680 1271 1739 1297 μου
1759 1262 1814 1296 τῆς
1828 1262 1928 1298 φωνῆς

1137 1315 1207 1340 μου,
1226 1306 1274 1332 καὶ
1299 1305 1417 1340 Ἰσραὴλ
1439 1307 1475 1333 οὺ
1489 1306 1642 1341 προσέσχε
1661 1316 1722 1341 μοι.
1743 1307 1824 1335 Ἀλλὰ
1841 1309 1889 1336 καὶ
1901 1310 1927 1335 ὲν

1139 1352 1177 1387 τῷ
1191 1352 1228 1384 οζ¹
1243 1351 1346 1387 μακρόν
1356 1352 1504 1386 κατάλογον
1516 1352 1571 1379 τῶν
1583 1353 1825 1389 παρανομημάτων
1840 1355 1927 1382 αὐτῶν

1139 1397 1285 1433 διεξῆλθεν.
1306 1397 1471 1430 Ἀκολοὺθως
1491 1395 1538 1425 οὖν
1563 1398 1597 1425 τὰ
1621 1398 1813 1434 συμϐεϐηκότα
1836 1400 1928 1431 αὐτοῖς

1142 1445 1254 1479 μακροῖς
1269 1443 1381 1480 ὕστερον
1396 1440 1501 1479 χρόνοις
1513 1444 1557 1471 διὰ
1569 1444 1617 1476 τὰς
1634 1444 1827 1480 προλεχθείσας
1839 1446 1927 1478 αἰτίας

1140 1489 1314 1526 προφητεύει.
1330 1491 1384 1517 Καὶ
1396 1491 1453 1517 ἐκεῖ
1472 1491 1542 1518 κατὰ
1556 1491 1700 1526 διαφόρους
1714 1491 1829 1527 χρόνους
1843 1500 1927 1519 πεπο-

1140 1536 1310 1571 λιόρκηνται·
1335 1536 1466 1572 πρότερον
1487 1537 1536 1571 μὲν
1558 1537 1611 1563 ὑπὸ
1631 1537 1820 1570 Βαϐυλωνίων,
1838 1537 1927 1565 δεύτε-

1101 1571 1123 1601 c
1142 1592 1185 1619 ρον
1199 1584 1228 1610 δὲ
1246 1584 1290 1609 ὑπ’
1311 1571 1445 1618 Ἀντιόχου
1468 1583 1515 1608 τοῦ
1532 1584 1581 1618 τῆς
1602 1583 1700 1618 Συρίας
1718 1583 1863 1618 βασιλέως,
1881 1583 1927 1610 καὶ

1139 1630 1169 1656 τὺ
1193 1630 1300 1656 πάντων
1327 1629 1440 1655 ὕστατον
1457 1629 1509 1655 ὑπὸ
1528 1629 1670 1664 Ῥωμαίων
1698 1630 1766 1665 μετὰ
1787 1630 1839 1666 τὴν
1858 1630 1927 1657 κατὰ

1139 1674 1185 1701 τοῦ
1210 1675 1336 1710 Σωτῆρος
1352 1673 1431 1709 ἡμῶν
1449 1674 1561 1709 τόλμαν.
1580 1674 1699 1706 Εἰκότως
1721 1676 1754 1710 τῇ
1772 1675 1926 1710 προγνώσει

1138 1721 1184 1747 τοῦ
1210 1720 1367 1755 Πνεύματος
1392 1719 1442 1751 τὰς
1467 1721 1541 1754 τρεῖς
1561 1719 1662 1751 ταύτας
1683 1720 1698 1746 ὁ
1720 1720 1802 1751 αὐτὸς
1817 1720 1925 1757 προφή-

1138 1773 1187 1800 της
1212 1766 1402 1800 προαναφωνεῖ
1424 1764 1596 1800 πολιορκίας*
1622 1766 1651 1791 ὲν
1679 1765 1727 1801 μὲν
1751 1765 1792 1801 τῷ
1815 1769 1856 1800 of
1878 1765 1926 1801 τὴν

1139 1810 1257 1845 ὑστάτην
1284 1811 1433 1846 σημαίνων,
1463 1811 1500 1842 ὡς
1521 1811 1593 1837 κατὰ
1606 1811 1668 1843 τοὺς
1694 1811 1813 1843 οἰκείους
1827 1811 1926 1842 τόπους

1138 1856 1351 1891 παρεστήκαμεν
1363 1864 1370 1870 ·
1391 1856 1419 1881 ὲν
1433 1855 1461 1882 δὲ
1473 1856 1511 1891 τῷ
1525 1859 1564 1891 οη¹
1584 1856 1633 1891 τὴν
1656 1857 1703 1882 ἐπὶ
1723 1857 1860 1892 Ἀντιόχου
1880 1857 1925 1884 τοῦ

1139 1901 1235 1937 Σύρου,
1259 1901 1350 1933 καθὼς
1375 1901 1580 1928 ἀποδέδεικται·
1595 1903 1624 1928 ἐν
1643 1902 1672 1929 δὲ
1685 1901 1724 1937 τῷ
1743 1902 1814 1936 μετὰ
1833 1904 1925 1938 χεῖρας

1137 1948 1187 1982 τῆς
1204 1948 1314 1983 πρώτης
1336 1948 1481 1983 μέμνηται,
1507 1948 1578 1982 λέγω
1593 1948 1622 1974 δὲ
1638 1948 1687 1983 τῆς
1711 1949 1876 1984 Ἀσσυρίων,
1892 1950 1924 1985 ῆν

1138 1993 1184 2019 καὶ
1197 1993 1212 2018 ὀ
1234 1993 1271 2019 οθ¹
1297 1993 1434 2026 ἐθέσπισε,
1449 1994 1494 2020 τὸν
1519 1994 1683 2030 ἐμπρησμὸν
1700 1994 1748 2021 τοῦ
1764 1995 1926 2030 ἀμπελῶνος

1139 2038 1185 2064 καὶ
1194 2037 1241 2073 τὴν
1255 2039 1370 2073 ἐρημίαν
1386 2039 1466 2065 αὑτοῦ
1479 2041 1613 2076 σημήνας.
1630 2041 1707 2066 Ἐστι
1718 2040 1740 2066 δ’
1750 2038 1797 2067 οὖν
1812 2041 1860 2068 καὶ
1873 2041 1925 2068 ἀπὸ

1138 2084 1186 2118 τῆς
1213 2084 1333 2119 ἱστορίας
1360 2085 1464 2120 μαθεῖν,
1491 2086 1542 2112 ὅσα
1564 2086 1636 2113 κατὰ
1655 2086 1686 2113 τὸ
1708 2085 1775 2113 αὐτὸ
1795 2086 1925 2122 συνῆλθον

1138 2128 1200 2164 ἔθνη
1217 2130 1287 2156 κατὰ
1298 2130 1344 2156 τοῦ
1363 2131 1496 2158 Ἰουδαίων
1508 2132 1572 2159 λαοῦ
1589 2133 1617 2159 ὲν
1629 2134 1660 2168 τῇ
1676 2132 1770 2168 πρώτῃ
1788 2133 1844 2160 τῶν
1865 2133 1924 2160 Ἀσ-

1140 2175 1238 2209 συρὶων
1252 2176 1381 2207 ὲπιθέσει,
1394 2177 1412 2203 ἃ
1431 2177 1477 2204 καὶ
1491 2178 1506 2212 ἡ
1524 2178 1592 2213 μετὰ
1609 2180 1702 2214 χεῖρας
1713 2179 1923 2215 καταριθμεῖται

1139 2223 1304 2256 προφητεία·
1321 2222 1444 2258 πρώτους
1472 2224 1636 2260 Ἰδουμαίους
1665 2225 1849 2260 ὀνομάζουσι,
1865 2223 1923 2253 εἶτα

1145 2267 1326 2302 Ἰσμαηλίτας,
1344 2269 1390 2294 καὶ
1409 2270 1516 2304 τρίτους
1537 2271 1693 2303 Μωαὸίτας,
1711 2271 1758 2297 καὶ
1777 2271 1923 2307 τετάρτους

1145 2311 1319 2348 Ἀγαρηνοὺς,
1339 2312 1397 2340 εἶτα
1413 2314 1593 2350 Γεϐαληνοὺς,
1609 2316 1654 2342 καὶ
1677 2317 1861 2352 Ἀμμανίτας,
1877 2318 1923 2344 καὶ

1143 2356 1336 2393 Ἀμαληκίτας.
1353 2359 1407 2385 Καὶ
1430 2360 1474 2386 ἐπὶ
1498 2360 1612 2394 τούτοις,
1633 2361 1821 2396 Ἀλλόςρυλοι,
1847 2364 1921 2399 φησὶ,

1134 2403 1209 2436 μετὰ
1219 2403 1279 2429 τῶν
1288 2405 1504 2432 κατοικούντων
1515 2407 1616 2439 Τύρον.
1633 2407 1705 2434 Ἀντὶ
1719 2407 1747 2434 δὲ
1759 2407 1819 2441 τοῦ,
1831 2409 1922 2437 ἀλλό-

1137 2450 1236 2482 φυλοι,
1252 2449 1365 2481 Ἀκύλας
1374 2451 1419 2477 καὶ
1427 2451 1583 2486 Σύμμαχος,
1598 2453 1794 2487 Φυλισταίαν,
1809 2453 1921 2481 M5656)-

1137 2503 1227 2521 κασιν·
1241 2495 1301 2527 ἔθος
1327 2495 1355 2522 δὲ
1372 2496 1464 2523 καλεῖν
1491 2497 1578 2533 τούτῳ
1597 2498 1636 2533 τῷ
1658 2498 1771 2534 ὀνόματι
1795 2501 1860 2533 τοὺς
1872 2500 1920 2536 τὴν

1136 2539 1224 2571 Γάζαν
1237 2541 1283 2566 xa‘t
1298 2541 1347 2576 τὴν
1377 2542 1533 2569 Ἀσκάλωνα
1547 2543 1593 2570 καὶ
1609 2543 1659 2579 τὴν
1679 2544 1801 2580 πάραλον
1817 2545 1919 2573 οἰκοῦν-

1135 2594 1193 2617 τας.
1209 2587 1263 2613 Καὶ
1286 2585 1358 2614 οὗτοι
1384 2588 1473 2614 τοίνυν
1495 2589 1593 2625 ἑφεξῆς
1609 2591 1634 2616 οἱ
1655 2591 1826 2626 Μραλιῶται
1844 2592 1918 2619 ἀλλό-

1136 2631 1212 2665 φυλοι
1230 2633 1298 2667 μετὰ
1313 2633 1368 2660 τῶν
1378 2634 1573 2662 κατοικούντων
1587 2635 1674 2672 Τύρον
1686 2637 1826 2670 ἐπέθεντο,
1842 2639 1916 2674 φησὶ,

1136 2677 1205 2704 κατὰ
1215 2679 1261 2704 τοῦ
1283 2679 1347 2706 λαοῦ
1371 2689 1417 2707 σου
1430 2689 1437 2695 -
1457 2681 1504 2708 καὶ
1527 2682 1572 2709 ἐπὶ
1589 2683 1672 2709 πᾶσιν
1685 2685 1700 2710 ό
1721 2684 1872 2721 Ἀσσύριος,
1887 2683 1916 2711 τὸ

1134 2722 1165 2758 δὴ
1182 2725 1327 2759 κεφάλαιον
1350 2726 1404 2753 τῶν
1432 2727 1535 2761 κακῶν,
1554 2729 1602 2755 σὺν
1617 2728 1722 2761 τούτοις
1745 2729 1914 2766 ὁρμώμενος,
