2024 3214
125 152 177 180 997

126 211 173 238 καὶ
200 210 304 242 τούτοις
336 211 489 246 συμμάχοις

126 256 273 291 ὲποιήσατο
285 263 291 270 ’
318 256 385 291 ὁμοῦ
408 264 436 282 τε
453 255 552 287 πάντες
571 255 595 282 οἱ
614 255 914 291 προλεχοέντεςὲγενή-

126 304 225 335 θησαν
251 302 295 334 εις
319 301 483 335 ἀντίληψιν
506 301 566 333 τοῖς
580 300 654 332 υἱοῖς
673 300 746 327 Λώτ.
769 301 840 327 Ἀνθ“
852 298 882 328 οὗ
898 301 912 327 ό

128 347 176 382 μὲν
199 346 324 378 Ἀκύλας,
346 345 511 381 Ἐγένοντο,
529 346 605 382 φησὶ,
619 346 754 380 βραχίων
770 346 914 380 τοῖςυίοῗς

126 392 232 419 Λώτσό
258 392 286 419 δὲ
311 391 472 427 Σύμμαχος,
495 391 646 426 Ἐγένοντο
675 393 826 427 σύμμαχοι
851 393 913 425 τοῖς

125 438 201 471 vluit;
213 437 287 465 Λώτ.
302 438 362 464 Υἱοὶ
376 438 403 464 δὲ
421 437 482 464 Λὼτ
499 435 568 473 ἦσαν
593 438 754 473 Ἀμμανῖται
771 439 817 464 καὶ
831 439 914 465 Μωα-

128 484 197 511 aut
208 493 214 499 ·
227 484 273 511 δύο
287 484 340 520 γὰρ
357 482 430 510 οὗτοι
450 484 594 518 γεγόνασιν
610 484 662 510 υἱοὶ
675 484 720 510 τοῦ
737 484 808 516 Λὼτ,
827 485 913 511 Μωὰὸ

128 530 173 558 καὶ
207 530 329 566 Ἀμμών.
359 529 450 556 Ταῦτα
464 530 491 556 δὲ
510 530 550 556 ὅτι
567 530 635 565 μηδὲ
654 530 747 557 ἄλλοτε
763 530 914 566 ἐπληροῦτο

127 577 142 613 ἢ
171 576 244 604 κατὰ
270 577 335 615 τοὺς
358 576 507 612 Ἀσσυρίων
525 577 646 612 χρόνους,
665 577 759 612 σαφῶς
777 577 793 612 ή
810 577 914 613 ἱστορία

127 623 284 659 παρίστησι.
301 623 337 650 Τὸ
352 623 500 659 τηνικαῦτα
517 623 571 657 γὰο
588 624 676 650 πάντα
691 625 724 651 τὰ
739 625 771 650 ὲκ
786 623 914 658 γειτόνων

126 669 188 705 ἔθνη
202 669 416 705 διαφθονούμενα
432 671 464 705 τῇ
487 669 663 707 Ἰερουσαλὴμ
684 669 782 705 καὶτῷ
799 670 828 696 ὲν
846 670 913 705 αὐτῇ

126 716 311 751 γεγραμμένῳ
326 716 364 750 (Ι)
380 715 435 750 ναῷ
450 715 495 741 τοῦ
510 715 588 747 Θεοῦ,
599 715 718 750 διψῶντα
732 724 761 741 τε
776 715 826 750 τὴν
839 714 914 741 ἀπώ-

691 151 943 180 εολινεΝΤΑΒιΑ
962 152 996 180 IN
1014 152 1185 182 PSALMOS.

515 210 664 246 χρώμενος,
689 210 737 245 τὴν
758 211 910 246 παράταξιν

963 211 1086 239 Moabitae
1099 220 1106 238 :
1123 219 1186 239 nam
1203 211 1230 238 hi
1247 211 1301 239 duo
1316 211 1362 239 lilii
1377 211 1427 240 Lot
1442 211 1518 240 fuere
1528 232 1536 244 ,
1551 211 1631 240 Moab
1644 216 1672 241 et
1685 214 1751 240 Am-

1312 165 1342 200 45
1355 166 1397 187 γ
1692 154 1746 184 998

965 265 1040 284 mon.
1063 257 1125 285 Haec
1148 265 1230 292 porro
1250 265 1304 284 non
1327 258 1380 285 alio
1394 265 1476 293 quam
1491 258 1666 294 Assyriorum
1681 263 1752 287 tem-

964 311 1030 338 pore
1042 308 1117 339 gesta
1132 302 1217 331 fuisse
1231 308 1323 338 aperte
1337 308 1429 331 narrat
1443 304 1570 332 historia.
1585 304 1636 333 Illo
1650 306 1752 342 quippe

963 357 1021 376 aevo
1037 356 1132 376 omnes
1149 349 1255 376 finitimi
1271 350 1364 385 populi
1377 349 1571 386 Hierosolyma:
1587 354 1615 379 et
1629 351 1666 383 ei,
1678 353 1751 387 quod

965 394 992 421 in
1009 393 1148 429 Scriptura
1163 393 1258 427 fertur,
1273 393 1373 429 templo
1388 394 1434 421 Dei
1448 395 1510 422 istic
1522 396 1611 431 posito
1623 396 1750 424 inviden-

965 442 1023 471 tes,
1037 439 1241 474 perniciemque
1261 439 1345 466 totius
1361 438 1481 467 Iudaica
1500 441 1588 475 gentis
1610 441 1750 474 sitientes,

965 492 1019 511 una
1033 484 1172 511 iri-uerunt
1185 487 1281 511 contra
1298 484 1359 511 illos
1369 504 1376 514 ,
1394 484 1606 520 Babyloniorum
1622 487 1751 521 potentia:

965 535 993 557 et
1007 530 1169 558 commilitio
1185 530 1329 565 adscripti.
1349 529 1426 558 Tunc
1445 531 1536 558 multa:
1555 532 1687 560 adversus
1702 540 1751 559 eos

967 581 1062 611 gentes
1079 576 1199 612 Assyriis
1218 576 1381 604 auxiliantes
1400 580 1504 604 coactae
1519 581 1593 604 sunt.
1610 578 1645 604 At
1661 585 1752 613 neque

945 618 949 622 ⁷
966 623 1102 650 Antiocho
1119 630 1208 658 neque
1224 622 1371 654 Romanis,
1390 623 1417 650 in
1435 627 1573 658 postrema
1589 623 1749 656 obsidione,

967 672 1061 703 gentes
1084 668 1161 703 prius
1189 671 1370 701 enumeratos.
1391 669 1418 696 in
1436 670 1507 697 bello
1526 674 1623 697 contra
1641 669 1751 698 Iudaeos

967 714 1062 745 initio,
1081 721 1159 748 opem
1176 713 1272 740 tulisse
1285 713 1422 742 videntur.

126 766 200 793 Αειαν
207 762 253 788 τοῦ
269 763 368 795 παντὸς
385 763 518 789 Ἰουδαίων
535 763 637 795 ἔθνους,
654 763 722 798 ὁμοῦ
739 761 784 790 οὖν
797 763 925 790 ἐπέθεντο
936 763 995 789 κατ’
1014 762 1102 788 αὐτῶν
1117 763 1151 797 τῇ
1165 761 1218 788 τῶν
1227 761 1404 788 Βαϐυλωνίων
1435 762 1577 798 δυναστείᾳ
1606 763 1753 799 συμμαχή-

128 818 222 837 σαντα.
239 809 307 836 Τότε
327 810 377 845 μὲν
391 808 438 836 οὖν
453 809 537 837 πολλὰ
551 809 668 845 συνῆκτο
693 811 752 837 κατ’
768 810 858 837 αὐτῶν
869 809 904 836 τὰ
913 812 969 841 τοῖς
985 808 1339 845 Ἀσσυρίοιςσυμμαχοῦντα
1354 809 1427 845 ἔθνη.
1441 809 1509 836 Oli-.5
1526 810 1553 836 δὲ
1567 810 1637 837 κατὰ
1653 810 1753 837 Ἄντίο-

126 866 182 893 xcv,
195 857 256 884 οὔτε
268 857 337 885 κατὰ
353 858 402 893 τὴν
417 858 534 893 ὑστάτην
571 858 738 893 πολιορκίαν,
757 858 791 884 τὰ
821 857 1103 894 προκατηριθμημένα
1125 856 1188 892 ἔθνη
1204 857 1326 891 φαίνεται
1347 858 1562 892 συμμαχήσαντα
1597 856 1751 892 Ῥωμαίοις,

125 904 244 940 ὁπηνίκα
260 905 305 931 τὸν
327 905 395 941 πρὸς
417 905 558 937 Ἰουδαίους
571 906 767 941 συνεστήσαντο
784 906 911 940 πόλεμον.

159 965 293 999 Ποίησον
305 965 406 998 αὐτοῖς
420 966 460 998 ὠς
474 965 511 1000 τῇ
527 965 643 993 Μαδιὰν
657 966 705 993 καὶ
724 966 762 999 τῷ
779 965 892 1000 Σισάρᾳ
902 986 909 997 ,

997 962 1082 990 Vsus.
1104 962 1199 989 10-12.
1221 960 1278 988 Fac
1293 961 1347 988 illis
1367 962 1435 988 sicut
1456 960 1569 988 Madian
1586 966 1611 989 et
1631 963 1750 996 δίκαι-αι,

125 1011 162 1045 ὡς
175 1011 215 1044 τῷ
237 1011 323 1046 Ἰαϐίμ
338 1012 372 1038 ἐν
384 1011 424 1044 τῷ
439 1012 585 1047 χειμάρῤῳ
594 1012 702 1041 Κισών,
721 1012 913 1046 Ἐξωλοθρσύ-

123 1057 225 1090 θησαν
237 1056 271 1083 ὲν
287 1056 418 1091 Ἀενδὼρ,
433 1057 621 1092 ἐγενήθησαν
646 1057 717 1084 ὡσεὶ
743 1057 853 1091 κόπρος
877 1056 913 1091 τῇ

124 1098 174 1134 τῇ.
189 1100 248 1127 Θοῦ
263 1100 333 1134 τοὺς
351 1101 498 1136 ἄρχοντας
517 1101 616 1129 αὐτῶν
634 1103 674 1135 ὼς
690 1102 743 1129 τὸν
761 1102 849 1136 Ὠρὴσ
864 1102 913 1129 καὶ

124 1144 188 1179 Ζὴϐ
216 1145 266 1173 καὶ
294 1147 380 1173 Ζεσεὲ
409 1147 458 1173 καὶ
482 1146 638 1182 Σαλμωνᾶ.
673 1148 791 1174 Τοιαῦτα
820 1147 913 1174 θεσπί-

125 1189 167 1222 ζει
189 1191 314 1225 γενέσθαι
330 1193 385 1223 τοῖς
401 1192 589 1227 προλεχθεῖσιν
607 1193 711 1220 ἔθνεσιν
728 1195 742 1220 ὸ
756 1194 912 1229 Προφήτης,

124 1237 205 1264 ὁποῖα
227 1239 260 1273 τῇ
283 1238 395 1273 Μαδιάμ
422 1239 469 1265 καὶ
482 1238 520 1273 τῷ
537 1239 651 1274 Σισάρᾳ,
668 1238 766 1273 καὶτῷ
784 1239 872 1274 Ἰαὸὶμ
884 1239 914 1265 ὲν

124 1282 164 1318 τῷ
180 1283 323 1320 χειμάρρῳ
336 1284 426 1310 Κισὼν
444 1284 542 1319 συνέὸη
558 1285 623 1311 ποτέ
636 1293 643 1300 ·
656 1285 754 1317 οἵτινες
765 1285 834 1320 όμοῦ
847 1285 915 1312 πάν-

125 1335 170 1360 τες
191 1327 426 1364 ὲξωλοορεύθησαν
454 1330 483 1356 ὲν
513 1330 649 1366 Ἀενδὼρ,
676 1331 723 1358 καὶ
747 1331 914 1367 ἐγενήθησαν

124 1373 190 1400 ὡσεὶ
216 1374 318 1410 κόπρος
345 1377 435 1411 τῇτῇ.
454 1376 534 1403 Ἀλλὰ
553 1378 600 1404 καὶ
616 1377 678 1408 τοὺς
703 1377 835 1412 ἄρχοντας
860 1378 914 1405 τῶν

124 1419 328 1456 προλεχθέντων
353 1420 436 1448 ἐθνῶν
453 1421 565 1448 τοιαῦτα
597 1422 693 1449 ποθεῖν
720 1422 808 1455 ἀξιοῖ.
834 1424 913 1451 ὁποῖα

126 1463 292 1491 πεπόνθασιν
326 1465 408 1501 Ὧρὴϐ
433 1466 479 1492 καὶ
499 1466 554 1502 Ζὴὸ
575 1467 622 1493 καὶ
644 1466 725 1494 Ζεϐεὲ
739 1467 785 1493 καὶ
802 1468 914 1503 Σαλμω-

125 1511 183 1542 vlg.
199 1510 342 1537 Τούτωνδὲ
356 1511 463 1539 πάντων
480 1511 529 1547 τὴν
547 1512 665 1548 ἱστορίαν
686 1513 812 1548 εὑρήσεις
838 1514 866 1540 ὲν
879 1515 911 1550 τῇ

126 1556 209 1592 βίϐλῳ
232 1557 384 1593 φερομένην
406 1558 459 1585 τῶν
490 1558 609 1593 Κριτῶν·
629 1558 693 1585 ἔνθα
706 1559 753 1585 καὶ
776 1560 790 1586 ὁ
809 1559 913 1596 Σισάρα

125 1604 172 1631 καὶ
182 1603 196 1630 ό
213 1602 307 1635 Ἰαϐὶς,
323 1603 370 1630 καὶ
378 1604 403 1630 οι
415 1603 503 1631 λοιποὶ
512 1605 762 1640 κατωνομασμένοι,
771 1605 857 1632 ὁπόσα
866 1606 912 1633 καὶ

965 1010 1032 1036 sicut
1047 1008 1129 1035 .Iubin
1142 1009 1169 1034 in
1185 1012 1300 1034 torrente
1320 1007 1412 1035 Cison.
1432 1007 1615 1042 Disperierunt
1633 1009 1662 1035 in
1681 1009 1752 1037 1E1:-

963 1056 1023 1088 dor,
1040 1055 1106 1090 facti
1119 1060 1179 1081 sunt
1196 1059 1225 1080 ut
1240 1059 1341 1081 stercus
1362 1058 1448 1081 terrae.
1467 1053 1540 1081 Pone
1558 1055 1688 1089 principes
1707 1064 1751 1083 eo—

964 1110 1023 1129 rum
1038 1103 1106 1130 sicut
1124 1101 1190 1129 Oreb
1207 1105 1232 1128 et
1246 1100 1298 1127 Zeb
1313 1104 1338 1126 et
1352 1099 1432 1127 Zebee
1450 1105 1475 1127 et
1491 1100 1628 1128 Salmona.
1650 1101 1751 1130 Eadem

964 1148 1123 1176 memoratis
1144 1147 1272 1183 gentibus
1301 1146 1392 1173 futura
1414 1146 1580 1174 vaticinatur
1598 1146 1750 1183 Propheta.

964 1203 1025 1230 qua:
1044 1195 1108 1222 olim
1130 1193 1237 1220 Madian
1252 1213 1260 1225 ,
1282 1191 1383 1220 Sisaras
1396 1212 1404 1225 ,
1425 1196 1452 1220 et
1470 1192 1559 1220 Jabim
1580 1193 1607 1219 in
1629 1196 1752 1221 torrente

964 1240 1048 1267 Cison
1074 1239 1274 1273 contigerunt:
1306 1238 1354 1273 qui
1383 1246 1479 1266 omnes
1506 1238 1690 1273 disperierunt
1722 1240 1751 1267 in

964 1284 1084 1316 Endor,
1106 1288 1134 1311 et
1158 1284 1223 1311 facti
1246 1288 1309 1312 sunt
1332 1288 1362 1311 ut
1387 1289 1495 1312 stercus
1516 1288 1606 1312 terrae.
1632 1285 1673 1312 Ad
1694 1285 1752 1313 haec

964 1331 1046 1358 etiam
1073 1330 1214 1365 principes
1239 1330 1433 1366 praedictorum
1465 1331 1629 1365 populorum
1656 1332 1752 1359 eadem

964 1376 1068 1411 perpeti
1093 1379 1190 1411 rogat,
1209 1384 1270 1411 qua:
1289 1375 1361 1403 Oreb
1382 1381 1408 1403 et
1429 1375 1484 1403 Zeb
1505 1379 1532 1403 et
1547 1376 1635 1404 Zebee
1650 1380 1676 1404 et
1692 1375 1752 1404 εει-

964 1430 1071 1450 monas.
1092 1421 1195 1449 Horum
1216 1430 1299 1457 porro
1320 1422 1442 1450 omnium
1462 1422 1606 1450 historiam
1631 1422 1752 1457 reperias

964 1467 991 1493 in
1009 1466 1079 1494 libro
1096 1465 1240 1499 Judicum,
1262 1467 1308 1494 ubi
1328 1474 1388 1502 quae
1409 1465 1503 1494 Sisara
1523 1471 1550 1494 et
1568 1466 1648 1494 Jabin
1667 1472 1752 1501 atque

964 1512 1028 1545 alii,
1044 1512 1091 1548 qui
1107 1520 1189 1547 supra
1205 1515 1395 1546 recensentur,
1410 1515 1504 1539 contra
1521 1511 1647 1541 lsraelem
1663 1511 1750 1539 moliti

964 1561 1047 1590 sunt,
1061 1563 1087 1586 et
1101 1566 1162 1593 qua:
1177 1558 1258 1585 iidem
1274 1561 1340 1585 sunt
1355 1558 1497 1593 perpessi,
1514 1557 1656 1593 Scriptura
1671 1565 1751 1585 enar-

963 1607 1006 1629 rat
1023 1603 1055 1630 ¹⁵.
1082 1602 1120 1630 Eo
1141 1608 1231 1630 autem
1251 1603 1408 1635 mittemus.
1431 1603 1454 1630 si
1475 1611 1555 1638 quem
1575 1611 1608 1630 ea
1627 1603 1751 1631 ediscere

124 1650 187 1677 τίνα
207 1649 276 1676 κατὰ
299 1649 345 1676 τοῦ
373 1650 480 1686 Ἰσραὴλ
505 1637 721 1686 ἐμηχανήσαντο,
755 1651 801 1677 udi.
832 1652 912 1678 όποῖα

965 1647 1047 1675 libeat
1062 1656 1122 1683 quas
1138 1649 1172 1676 ad
1193 1649 1268 1682 ipsos
1284 1648 1422 1676 attinent:
1438 1637 1501 1675 nam
1521 1656 1599 1684 aquo
1619 1649 1750 1684 prolixior

123 1695 330 1731 πτυόνθασιν,ἡ
349 1695 442 1732 Γραφή
461 1696 633 1732 παρίστησιν.
654 1697 710 1732 Ἐφ’
733 1697 767 1732 ήν
789 1697 912 1733 ἀναπέμ-

123 1739 218 1776 ψωμεν
232 1739 276 1766 τὸν
292 1739 451 1776 βουλόμενον
464 1740 498 1767 τὰ
514 1742 574 1768 κατ’
587 1741 684 1773 αὐτοὺς
697 1741 805 1773 ειδέναι,
823 1742 866 1769 διὰ
881 1743 912 1769 τὸ

126 1786 299 1822 μακροτέραν
311 1783 378 1813 εἶναι
391 1787 440 1822 τὴν
457 1788 521 1823 περὶ
531 1787 621 1814 αὐτῶν
633 1787 768 1823 διήγησιν.
788 1788 828 1815 Τὰ
842 1788 913 1815 αὐτὰ

125 1831 172 1856 σὺν
184 1830 298 1862 ἐκείνοις
312 1830 357 1857 καὶ
369 1831 479 1863 τούτους
493 1831 606 1858 ἱκετεύει
622 1831 726 1865 παθεῖν,
733 1833 800 1859 διότι
814 1833 912 1869 ὁμοίως

123 1875 237 1907 ἐκείνοις
253 1876 299 1902 καὶ
315 1874 532 1912 οὗτοιειρήκασι,
547 1879 827 1913 Κληρονομήσωμεν
845 1879 913 1905 ἐαυ-

123 1920 185 1954 τοῖς
200 1921 235 1948 τὸ
256 1922 449 1957 ἀγιαστήριον
469 1924 521 1950 τοῦ
547 1924 630 1952 Θεοῦ.
647 1925 758 1959 Ἔλεγον
783 1925 810 1951 δὲ
828 1925 913 1952 ταῦτα

122 1967 171 1994 καὶ
185 1967 210 1993 οι
228 1967 291 2003 περὶ
306 1967 351 1994 τὸν
364 1968 477 2003 Σισάρα,
488 1969 634 2003 καὶῚαὸις,
649 1971 676 1996 οἵ
690 1978 717 1996 τε
730 1969 827 2002 λοιποὶ,
837 1969 882 2001 οὒς
899 1970 912 1996 ό

122 2011 202 2048 λόγος
212 2013 282 2040 κατὰ
292 2014 363 2046 λέξιν
379 2015 428 2050 (2),
445 2015 507 2051 περὶ
520 2015 570 2051 τῆς
584 2017 686 2052 σκηνῆς
705 2018 751 2044 καὶ
768 2018 816 2052 τῆς
829 2017 911 2043 κιϐω-

124 2058 171 2086 τοῦ
179 2058 228 2086 τοῦ
236 2059 313 2086 Θεοῦ.
326 2060 361 2086 Τὸ
370 2060 424 2096 γὰρ
439 2061 614 2097 ἀγιαστήριον
625 2061 670 2088 τοῦ
692 2063 759 2089 Θεοῦ
770 2062 855 2090 ταῦτα
866 2060 910 2097 ἦν,

126 2105 208 2141 μήπω
235 2105 284 2141 τῆς
315 2106 492 2142 Ἰερουσαλὴμ
510 2107 690 2143 συνεστώσης.
716 2108 867 2144 Ἐπηύξατο
884 2108 911 2135 δὲ

124 2150 235 2178 ταῦταὸ
250 2150 397 2187 Προφήτης
414 2152 484 2178 κατὰ
501 2151 554 2178 τῶν
572 2153 777 2188 δεδηλωμένων·
801 2151 848 2180 εἶτ’
863 2153 911 2180 οὐκ

125 2196 164 2228 εἰς
179 2196 284 2232 μακρὸν
310 2196 460 2233 ἐπληροῦτο
486 2197 520 2224 τὰ
537 2200 586 2233 τῆς
608 2199 700 2234 εὐχῆς.
722 2199 824 2226 Αὐτίκα
847 2199 911 2234 γοῦν

126 2242 294 2278 παραχρῆμα
310 2244 342 2278 τῇ
360 2243 429 2270 κατὰ
444 2243 497 2270 τῶν
522 2244 654 2270 Ἰουδαίων
676 2244 816 2280 πολιορκίᾳ
832 2246 878 2271 καὶ
893 2247 909 2281 ή

964 1699 1058 1719 eorum
1076 1693 1215 1720 enarratio
1235 1692 1314 1720 foret.
1334 1708 1370 1713 ———
1387 1692 1470 1721 Vens.
1492 1694 1534 1721 13.
1548 1693 1648 1722 Eadem
1668 1702 1751 1730 porro

962 1746 1024 1774 quae
1040 1739 1097 1772 illi,
1116 1739 1184 1767 istos
1201 1739 1283 1767 etiam
1301 1740 1403 1775 perpeti
1421 1745 1516 1775 rogat,
1533 1741 1598 1776 quia
1613 1741 1708 1769 eodem
1723 1745 1752 1770 et

963 1785 1007 1813 isti
1031 1785 1112 1813 modo
1132 1786 1283 1818 dixerunt,
1302 1786 1467 1814 [hereditate
1484 1786 1667 1822 possideantur
1688 1796 1752 1815 san-

963 1832 1096 1858 ctuarium
1112 1831 1171 1860 Dei.
1188 1831 1235 1859 Illa
1252 1840 1317 1860 vero
1331 1831 1461 1860 dicebant
1479 1832 1590 1865 Sisara,
1605 1832 1686 1860 Jabin
1697 1853 1705 1866 ,
1723 1837 1751 1861 et

963 1878 1061 1912 reliqui
1080 1877 1240 1905 nominatim
1258 1878 1410 1918 recensiti.
1430 1878 1464 1905 de
1487 1879 1662 1907 tabernaculo
1676 1883 1703 1908 et
1717 1881 1751 1908 de

963 1932 1026 1951 arca
1043 1923 1089 1952 Dei
1104 1934 1110 1951 :
1128 1924 1184 1951 hmc
1198 1924 1298 1959 quippe
1312 1927 1390 1952 erant
1404 1925 1591 1952 sanctuarium
1607 1925 1672 1958 Dei,
1687 1934 1750 1954 cum

962 1972 1085 1999 nondum
1097 1971 1250 1999 Jerusalem
1258 1972 1432 2000 consisteret.
1446 1972 1508 2000 Haec
1518 1980 1600 2008 porro
1610 1973 1748 2008 Propheta

962 2021 1088 2053 precatus
1112 2020 1154 2044 est
1180 2017 1312 2044 adversus
1334 2025 1381 2044 eos
1405 2017 1451 2052 qui
1477 2018 1604 2053 superius
1630 2018 1744 2046 indicati

962 2065 1045 2089 sunt:
1064 2069 1114 2089 nec
1129 2061 1175 2089 diu
1193 2066 1287 2097 postea
1308 2062 1428 2096 precatio
1445 2066 1488 2090 est
1503 2063 1629 2090 allectum
1651 2071 1749 2092 consc-

962 2112 1034 2135 cuta.
1051 2107 1117 2134 Nam
1135 2108 1286 2135 secundum
1301 2108 1373 2135 illam
1387 2108 1544 2136 Iudaeorum
1559 2109 1728 2138 obsidionem
1739 2130 1748 2144 ,

961 2153 1136 2189 Assyriorum
1151 2153 1293 2189 imperium
1307 2154 1454 2190 derepente
1467 2155 1587 2183 solutum
1600 2160 1658 2189 est,
1673 2161 1749 2192 post-

962 2208 1042 2235 quam
1059 2201 1189 2228 diuturno
1204 2208 1261 2228 aevo
1281 2201 1422 2234 stetisset;
1440 2206 1466 2229 et
1486 2203 1595 2237 quidem
1614 2211 1700 2238 usque
1714 2204 1749 2231 ad

962 2246 1028 2273 illud
1052 2250 1159 2281 tempus
1171 2266 1179 2278 ,
1201 2254 1256 2282 quo
1278 2247 1342 2274 talia
1356 2250 1451 2274 contra
1464 2248 1680 2283 Hierosolymam
1699 2257 1748 2283 ag-

132 2288 281 2324 ’Δσσυρίων
295 2289 428 2324 κατελύθη
443 2288 585 2315 δυναστεία
599 2286 766 2325 διαρκέσασα
785 2290 890 2326 χρόνοις
901 2300 907 2305 ·

963 2292 1036 2327 gredi
1051 2292 1112 2319 ausi
1127 2296 1202 2319 sunt.
1216 2291 1275 2319 Non
1290 2293 1336 2320 diu
1354 2292 1444 2328 itaque
1459 2297 1554 2327 postea
1567 2293 1654 2328 Cyrus
1664 2313 1671 2326 .
1685 2302 1747 2322 cum

127 2333 173 2360 καὶ
187 2334 268 2370 μέχρι
283 2334 377 2361 τούτου
397 2335 518 2361 συστᾶσα
534 2334 629 2370 μέχρις
646 2332 676 2362 οὗ
692 2335 803 2362 τοιαῦτα
819 2335 910 2362 τετολ-

129 2378 230 2414 μήκασι
258 2380 328 2406 κατὰ
355 2380 404 2415 τῆς
427 2380 614 2415 Ἰερουσαλήμ.
633 2380 699 2407 Μετ’
717 2381 747 2407 οὐ
763 2381 829 2408 πολὺ
845 2382 910 2416 γοῦν

127 2423 226 2460 Κῦρος,
252 2424 302 2460 τῆς
317 2425 430 2461 Περσῶν
453 2425 590 2460 βασιλείας
611 2428 764 2462 κρατήσας,
785 2427 911 2454 καταλύει

127 2469 175 2504 τὴν
195 2469 344 2505 Ἀσσυρίων
358 2471 455 2506 ἀρχήν.
471 2470 526 2497 Καὶ
546 2469 579 2496 τὰ
596 2469 675 2497 λοιπὰ
695 2470 723 2496 δὲ
745 2471 815 2497 κατὰ
829 2471 912 2506 μέρος

127 2515 308 2552 ὠνομασμένα
325 2516 387 2552 ἔθνη
408 2517 520 2543 τοιαῦτα
538 2515 681 2546 πέπονθεν.
696 2517 773 2543 ὁποῖα
796 2517 810 2543 ό
834 2517 911 2551 λόγος

128 2561 281 2597 προέφησεν
291 2570 298 2578 ο
315 2561 378 2588 ὥστ’
392 2562 502 2593 εἰκότως
516 2562 548 2588 ἄν
564 2570 624 2588 τινα
648 2561 743 2596 φῆσαι,
761 2561 797 2597 μὴ
812 2561 910 2588 κατεύ-

127 2607 220 2641 χεσθαι
236 2608 281 2633 τὸν
301 2608 447 2643 Προφήτην
470 2608 498 2633 ὲν
522 2607 624 2640 τούτοις
644 2607 697 2634 τῶν
721 2607 908 2643 δηλουμένων,

128 2651 307 2688 προφητεύειν
320 2652 348 2679 δὲ
361 2653 451 2684 αὐτοῖς
466 2653 499 2680 τὰ
523 2654 647 2688 ἐσόμενα,
668 2653 739 2680 κατά.
760 2661 821 2679 τινα
849 2660 910 2679 συν-

126 2697 220 2733 ήθειαν
236 2698 285 2734 τῆς
305 2698 416 2734 Γραφῆς
441 2698 631 2734 προστακτικῷ
651 2698 744 2734 τρόπῳ
765 2698 825 2725 ἀντὶ
842 2706 910 2733 προ-

126 2744 301 2780 αγορευτικοῦ
324 2744 508 2779 κεχρημένον·
539 2745 603 2772 ὥσθ’
618 2746 691 2780 ἡμᾶς
709 2743 847 2779 ἐξακούειν
862 2743 891 2771 τὸ
901 2764 908 2777 ,

165 2790 185 2805 ⁸⁸
203 2789 294 2816 Judic.
314 2797 352 2822 Ir,
370 2797 428 2824 seq.

162 2868 199 2902 li)
221 2869 271 2901 Γρ.
286 2868 472 2903 ἓγηγερμένῳ.

962 2336 1106 2364 Persarum
1115 2345 1227 2373 regnum
1237 2342 1410 2373 occupasset,
1418 2338 1592 2374 Assyriorum
1603 2338 1747 2373 imperium

963 2383 1071 2411 evertit.
1090 2383 1211 2418 Reliqua:
1228 2391 1294 2411 vero
1314 2383 1470 2418 singulatim
1491 2383 1633 2411 recensita:
1654 2388 1748 2419 gentes

963 2436 995 2455 ea
1008 2432 1071 2455 sunt
1083 2436 1229 2463 perpessae,
1241 2436 1302 2463 qua:
1312 2428 1363 2455 hoc
1377 2435 1502 2456 sermone
1513 2429 1746 2463 praenuntiantur;

964 2472 1000 2499 ila
1019 2477 1047 2499 ut
1063 2481 1078 2500 e
1094 2481 1122 2500 re
1138 2473 1271 2508 quispiam
1285 2473 1397 2506 dixerit,
1413 2472 1577 2508 Prophetam
1592 2475 1748 2503 memoratis

965 2519 1090 2553 gentibus
1102 2527 1156 2546 non
1168 2519 1313 2555 imprecari
1328 2520 1408 2553 mala,
1423 2521 1470 2547 sed
1486 2520 1577 2547 futura
1589 2520 1747 2554 vaticinari,

964 2572 995 2592 ac
1017 2572 1067 2601 pro
1089 2569 1200 2593 assueto
1223 2565 1372 2601 Scriptum.
1396 2574 1487 2597 more,
1513 2567 1673 2602 imperantis
1689 2574 1748 2594 mo-

963 2610 1039 2643 dum,
1052 2611 1111 2638 loco
1120 2611 1341 2646 pramuntiantis,
1354 2620 1505 2647 usurpare;
1524 2612 1592 2640 adeo
1599 2617 1628 2640 ut
1640 2613 1746 2644 isthaac,

963 2654 1021 2682 Fac
1034 2656 1106 2688 illis,
1125 2663 1175 2683 nos
1194 2656 1234 2684 sic
1257 2657 1459 2692 intelligamus,
1481 2657 1576 2685 Facies
1599 2658 1654 2685 illis
1679 2659 1746 2685 sicut

963 2701 1080 2728 Madian
1091 2706 1114 2729 ει
1129 2701 1239 2729 Sisarae.
1255 2701 1318 2729 Haec
1334 2710 1417 2738 porro
1430 2703 1464 2731 de
1476 2703 1650 2740 Assyriorum
1659 2724 1666 2735 ,
1680 2704 1747 2731 alia-

963 2751 1078 2782 rumque
1101 2746 1147 2774 hic
1179 2746 1379 2774 recensitarum
1403 2749 1527 2784 gentium
1556 2748 1662 2776 excidio
1679 2755 1736 2782 pra

1001 2865 1037 2901 (9.)
1058 2865 1154 2894 Det-sse
1166 2865 1272 2894 videtur
1288 2866 1410 2899 verbum,
1431 2865 1500 2894 forte
1519 2864 1655 2902 ὀνομάζει.
1667 2865 1746 2893 Eutr.
