2032 3215
291 160 341 188 999

629 158 766 186 EUSEBII
781 157 1023 186 CESARIENSIS
1039 157 1114 185 OPP.
1134 157 1224 184 PARS
1242 156 1286 185 ill.
1305 172 1335 178 —
1360 156 1563 185 EXEGETICA.

1842 157 1854 184 1
1859 156 1909 184 0υῦ

289 217 459 244 nuntiantur.
472 215 566 252 Neque
578 220 669 243 tamen
685 215 718 243 de
733 216 766 243 iis
781 216 828 251 qui
843 220 904 251 post
921 215 1072 243 Salvatoris

1124 217 1256 250 Ποίησον
1267 216 1378 249 αὐτοῖς,
1392 216 1452 242 ἀντὶ
1469 215 1528 248 τοῦ,
1544 214 1683 248 Ποιήσεις
1695 216 1734 249 ὼς
1744 216 1783 250 τῇ
1793 216 1910 250 Madidis

289 263 374 290 nostri
393 262 538 290 adventum
553 268 717 298 postremam
732 261 983 298 Hierosolymorum
1000 262 1075 290 obsi-

289 307 397 335 dionem
411 308 553 341 fecerunt,
568 308 669 336 similia
685 307 821 336 feruntur.
835 308 926 342 Quare
940 308 1006 335 nihil
1021 308 1075 335 tale

289 352 404 381 Romani
420 358 483 389 post
498 354 601 381 illatam
616 353 690 389 genti
705 354 810 381 cladem
825 354 949 389 perpessi
963 358 1037 381 sunt.

1127 262 1177 289 καί
1186 261 1226 295 τῷ
1236 262 1359 296 Σισάρᾳ.
1377 261 1470 289 Ταῦτα
1485 261 1513 288 δὲ
1529 261 1650 297 περὶτοῦ
1664 262 1760 293 τέλους
1775 262 1830 289 τῶν
1853 262 1912 289 Ἀσ-

1127 308 1227 343 συρίων
1253 308 1299 334 καὶ
1323 307 1377 334 τῶν
1396 307 1444 333 σὺν
1471 307 1562 338 αὐτοῖς
1588 307 1808 342 καταλεχθέντων
1828 307 1911 336 ἐθνῶν

1127 352 1337 390 προφητεύεται.
1351 352 1388 378 Οὐ
1405 352 1458 388 μὴν
1471 352 1592 387 καὶπερὶ
1604 352 1658 378 τῶν
1669 352 1718 387 τὴν
1730 352 1849 388 ὑστάτην
1863 360 1911 379 πο-

288 400 410 436 λιορκίαν
427 400 495 436 μετὰ
509 401 558 436 τὴν
568 401 614 427 τοῦ
630 401 757 437 Σωτῆρος
771 401 850 437 ἡμῶν
883 402 1034 439 παρουσίαν
1062 401 1304 437 κατειργασμένων
1313 400 1427 428 τοιαῦτά
1449 408 1511 427 τινα
1545 400 1669 436 ἐφέρετο.
1687 399 1733 426 Διὸ
1747 399 1824 426 οὐδὲν
1848 400 1907 426 Ῥω-

290 448 364 482 μαῖοι
378 446 498 474 τοιοῦτον
514 447 664 473 πεπόνθασι
683 446 752 482 μετὰ
768 446 816 482 τὴν
829 446 900 473 κατὰ
915 447 962 474 τοῦ
979 447 1071 478 ἔθνους
1090 447 1269 483 ἐπιχείρησιν.

325 506 409 534 Vens.
422 506 466 533 Η.
482 505 551 532 Deus
567 513 724 540 meus,pone
736 505 797 532 illos
809 510 837 532 ut
851 509 947 537 rotam,
961 509 986 532 et
999 506 1068 532 sicut

288 552 415 587 stipulam
432 556 493 578 ante
509 551 604 586 facient
623 552 702 578 venti.
722 550 782 578 Non
801 551 993 586 intempestive
1004 551 1072 578 Pro-

289 599 389 634 pheta,
416 597 470 624 imo
489 597 582 632 potius
602 597 628 624 in
646 605 678 625 eo
698 596 817 632 Spiritus
836 601 949 624 sanctus
961 617 969 629 ,
989 597 1083 624 Deum"

289 648 318 670 ut
334 643 387 670 sibi
404 643 545 677 proprium
559 642 587 670 in
603 642 759 677 huiusmodi
772 642 930 669 narratione
942 646 1075 670 memorat

288 690 400 720 dicens,
418 688 488 715 Deus
505 696 577 715 meus
591 695 600 714 :
618 695 705 722 neque
719 687 793 714 cnim
808 687 866 719 ait,
883 687 952 715 Deus
969 693 1073 720 noster;

289 734 354 766 sed,
374 734 444 761 Deus
465 741 553 765 meus;
569 734 648 768 quasi
669 733 709 761 vel
728 741 801 761 unus
820 737 944 766 tantum,
963 734 1007 762 vel
1026 734 1075 762 ad—

289 780 399 808 modum
415 780 495 815 pauci
511 785 634 815 tempore
651 779 827 815 Assyriorum
847 780 999 808 obsidionis
1020 780 1074 808 Deo

288 826 363 862 digni
383 825 470 853 relicti
489 825 602 853 fuerint.
624 825 691 852 Nam
710 833 773 853 cum
794 827 912 862 populus
929 826 1019 854 omnis
1035 827 1075 854 la-

1169 505 1194 531 '0
1206 505 1278 538 Θεός
1291 512 1362 539 μου,
1382 503 1436 531 θοῦ
1448 503 1559 536 αὐτοὺς
1574 503 1614 537 ὡς
1631 503 1751 538 τροχὸν.
1763 503 1805 536 ὠς
1819 503 1912 530 κα.ὶά-

1122 559 1185 586 μην
1195 550 1270 577 κατὰ
1283 550 1447 583 πρόσωπον
1461 548 1585 583 ἀνέμου.
1605 549 1663 575 Οὐκ
1679 548 1801 583 ἀκαίρως
1814 549 1829 575 ὁ
1840 549 1910 584 Προ-

1125 597 1224 632 φήτης,
1238 594 1337 630 μᾶλλον
1349 594 1378 621 δὲ
1390 594 1420 620 τὸ
1435 594 1462 620 ἑν
1470 593 1543 629 αὐτῷ
1553 593 1629 628 ἅγιον
1643 592 1764 628 Πνέῦμα,
1780 594 1913 621 ἱδιοποιεῐ-

1125 651 1170 669 ται
1182 642 1227 668 τὸν
1241 641 1307 668 Θεὸν
1334 641 1363 667 ἐν
1385 641 1418 676 τῇ
1436 639 1604 677 προκειμένῃ
1628 639 1734 675 ίστορίᾳ
1754 640 1876 674 φάσκον,
1896 642 1912 668 ό

1127 687 1199 720 Θεός
1208 695 1268 722 μου
1277 695 1284 702 ·
1298 686 1329 713 οὐ
1340 686 1393 721 γὰρ
1403 705 1411 718 ,
1423 687 1439 713 ό
1453 685 1524 719 Θεὸς
1534 685 1627 720 ἡμῶν,
1638 686 1730 721 φησὶν,
1743 686 1801 712 ἀλλ’
1813 687 1830 713 ό
1844 686 1913 719 Θεός

1123 741 1193 766 μου,
1213 731 1251 764 ὡς
1273 731 1307 758 ἂν
1334 731 1394 763 ἑνός
1408 739 1460 757 που
1481 731 1528 758 καὶ
1545 731 1658 758 σπανίου
1672 731 1912 767 περιλελειμμένου

1126 778 1197 804 κατὰ
1213 777 1259 804 τὸν
1277 776 1432 812 δηλωθέντα
1448 777 1543 813 καιρὸν
1555 776 1606 812 τῆς
1622 777 1676 803 τῶν
1701 777 1850 813 Ἀσσυρίων
1867 786 1914 804 πο-

1126 824 1260 860 λιορκίας,
1281 822 1356 855 ἀξίου
1372 822 1419 849 τοῦ
1434 822 1512 850 Θεοῦ.
1534 822 1577 854 Ὠς
1597 822 1652 859 γὰρ
1669 822 1715 850 τοῦ
1731 823 1797 850 λαοῦ
1815 823 1914 855 παντὸς

288 879 355 908 psus
377 875 405 899 et
430 875 606 906 peccatorum
629 878 713 898 causa
741 872 932 901 obsidentibus
956 873 1073 900 traditus

1124 870 1295 902 ἐκπεσόντος,
1315 870 1361 896 καὶ
1370 869 1414 896 διὰ
1428 868 1477 901 τὰς
1492 869 1630 905 ἁμαρτίας
1644 871 1702 901 τοῖς
1723 869 1914 905 πολιορκηταῐς

288 923 377 950 esset.
398 925 452 945 non
469 918 650 945 communiter
671 917 755 945 Deum
773 919 939 954 compellat;
968 919 1016 947 sed
1039 927 1074 947 ex

291 963 402 999 propria
416 970 532 999 persona
543 963 583 990 sic
596 962 679 990 inlert
693 962 781 990 :Deus
791 971 873 996 meus,
889 971 954 998 pone
971 964 1030 991 illos
1046 968 1076 991 ut

288 1014 384 1037 rotam.
403 1009 439 1036 Ea
457 1014 549 1037 autem
564 1013 631 1036 rota:
644 1013 742 1036 natura
759 1014 818 1043 est,
833 1014 863 1037 ut
877 1011 1004 1039 volubilis
1021 1010 1073 1044 sit,

288 1063 338 1083 nec
353 1056 450 1084 eodem
464 1055 492 1083 in
509 1055 571 1083 loco
589 1055 734 1083 consistat.
753 1055 828 1082 Talis
842 1063 906 1083 vero
921 1060 978 1083 tota
1000 1056 1076 1084 atlie-

286 1109 367 1129 orum
383 1103 438 1129 vita
453 1106 512 1133 est,
529 1109 589 1137 qua:
604 1106 709 1129 certum
724 1101 757 1129 ad
780 1105 888 1137 tempus
910 1103 938 1130 in
957 1102 1076 1130 sublime

287 1152 384 1176 evecta
395 1168 402 1180 ,
418 1147 517 1175 deinde
534 1147 622 1175 instar
638 1151 704 1174 rota:
718 1148 746 1174 in
764 1147 932 1175 contrarium
948 1148 1073 1175 vertitur.

286 1193 408 1221 Primum
427 1194 530 1229 itaque,
546 1193 618 1220 Pone
633 1193 694 1220 illos
709 1199 738 1220 ut
753 1199 839 1220 rotam
849 1214 856 1225 ,
873 1194 960 1228 inquit
976 1203 984 1228 ;
1000 1194 1076 1222 dein-

288 1239 338 1271 de,
358 1238 461 1274 (Vens.
479 1239 531 1274 15)
554 1239 624 1266 sicut
650 1239 778 1273 stipulam
793 1244 853 1266 ante
873 1239 968 1274 facient
989 1239 1074 1272 venti,

285 1288 332 1317 et,
355 1285 422 1312 sicut
437 1285 504 1320 ignis
519 1285 563 1320 qui
577 1286 710 1312 comburat
731 1285 833 1320 sylsam
845 1294 855 1317 ;
869 1285 921 1313 sub
936 1285 1008 1317 haec,
1024 1285 1077 1312 sio-

286 1333 317 1357 ut
344 1329 456 1364 ﬂamma
484 1338 542 1365 qui:
562 1330 696 1358 comburet
722 1335 832 1358 montes.
860 1332 937 1367 Ipsos
956 1338 1075 1366 namque

287 1375 434 1404 adversum
472 1375 579 1411 seipsos
614 1376 819 1404 insurrecturos
835 1397 842 1409 ,
872 1384 905 1404 ac
931 1377 984 1404 sibi
1011 1376 1078 1412 ipsis

287 1421 471 1449 admissorum
498 1421 632 1449 scelerum
659 1422 824 1457 supplicium
855 1422 981 1450 illaturos
1008 1423 1077 1450 vati-

286 1467 394 1494 cinatur
420 1466 464 1494 his
492 1466 605 1494 verbis:
624 1466 697 1494 Pone
721 1466 796 1494 illos.
823 1466 893 1494 Huic
919 1471 1010 1494 autem
1035 1466 1076 1494 di-

284 1517 342 1543 cto,
358 1512 426 1538 sicut
437 1512 564 1546 stipulam
577 1515 636 1539 ante
649 1512 743 1546 [aciem
756 1512 836 1543 renti,
850 1512 922 1538 istuc
935 1510 999 1538 alibi
1011 1518 1076 1545 pro-

288 1558 370 1585 latum
387 1557 502 1592 adjicias
513 1567 520 1585 :
533 1557 593 1584 Non
609 1558 648 1585 sic
659 1557 744 1592 impii,
759 1566 810 1585 non
820 1558 874 1588 sic;
889 1558 933 1584 sed
949 1562 1074 1592 tanquam
1087 1546 1109 1575 (ἶ

286 1602 372 1636 pulvis
395 1610 471 1638 quem
493 1603 602 1637 proiicit
627 1608 716 1630 ventus
733 1612 750 1629 a
771 1603 839 1637 {acie
863 1607 940 1630 terra:
951 1603 973 1619 “
988 1602 1075 1630 :lllud

287 1651 389 1679 autem,
415 1647 484 1674 sicut
503 1647 572 1682 ignis
597 1647 643 1682 qui
666 1648 799 1674 comburat
824 1647 937 1682 sylvam,
955 1648 1076 1677 declarat

288 1690 364 1726 ipsos
377 1692 478 1727 ignem,
494 1692 659 1727 eosdemque
673 1693 777 1728 sylvam
799 1701 877 1725 esse;
891 1693 928 1720 ita
943 1697 972 1720 ut
988 1694 1040 1728 ipsi
1059 1701 1075 1721 a

287 1736 388 1771 seipsis
401 1737 579 1764 comburendi
601 1737 665 1769 sint,
683 1737 835 1766 secundum
862 1738 940 1770 illud,
957 1738 1075 1766 lncedile

287 1782 324 1809 ad
335 1782 417 1809 lucem
427 1782 494 1818 ignis
502 1783 590 1816 vestri,
600 1787 625 1810 et
642 1783 676 1810 ad
686 1784 824 1818 flammam
836 1792 915 1819 quam
926 1785 1075 1811 succendis-

289 1828 323 1855 tis
338 1828 369 1856 ".
386 1827 454 1855 Illud
469 1836 545 1862 vero,
562 1827 656 1864 (Vens.
676 1829 720 1865 l6)
739 1830 805 1857 sicut
820 1830 928 1864 flantum
936 1838 994 1865 qua:
1003 1839 1076 1858 com~

288 1876 362 1904 buret
378 1881 490 1910 montes,
508 1878 742 1913 nequitiacorum
759 1880 972 1915 magnitudinem
987 1880 1073 1914 eiiert,

288 1929 321 1949 ac
332 1922 475 1951 denuntiat
490 1923 628 1959 quomodo
643 1923 753 1951 ﬂamma
776 1924 911 1960 ipsorum,
928 1925 1073 1953 elationem

287 1971 315 1995 ct
342 1970 498 2004 superbiam
528 1977 635 2002 eorum,
667 1970 802 1998 montium
827 1971 915 1998 instar
944 1975 1072 2004 erectam,

287 2015 467 2043 combustura
482 2017 528 2043 sit.
544 2015 729 2052 Subsequitur
746 2017 845 2045 deinde
859 2027 865 2045 :
884 2033 920 2039 -
933 2018 1013 2046 Vens.
1028 2017 1072 2044 17.

289 2059 333 2087 Ita
348 2062 510 2095 persequeris
525 2061 604 2088 illos:
621 2062 684 2089 alibi
696 2070 805 2099 quoque
815 2063 919 2090 dictum
933 2068 986 2096 est,
1001 2062 1074 2099 Ignis

286 2111 314 2133 et
329 2106 438 2141 sulphur
452 2111 478 2133 et
499 2108 608 2141 spiritus
624 2108 802 2142 procellarum
827 2116 890 2143 pars
920 2110 1011 2136 colicis
1035 2117 1076 2135 eo-

288 2160 350 2178 rum
368 2151 400 2179 ι’.
426 2151 473 2179 His
492 2159 574 2187 porro
598 2153 764 2185 declaratur,
781 2154 926 2188 procellam
952 2154 1074 2189 iramque

288 2196 338 2224 Dei
353 2204 408 2224 non
425 2196 508 2223 animi
527 2200 631 2223 motum
646 2197 674 2224 in
686 2197 741 2224 Deo
757 2205 836 2231 esse;
851 2198 898 2225 sed
911 2199 970 2233 ejus
982 2200 1073 2234 provi‘
1088 2216 1110 2243 Β

285 2242 421 2275 dentiam,
434 2249 488 2278 qua
498 2246 586 2275 curat,
600 2250 648 2270 eos
665 2248 759 2270 contra
776 2244 882 2279 seipsos
900 2244 1073 2280 insurgentes

287 2288 343 2317 sibi
355 2288 508 2316 facinorum
525 2295 620 2324 pmnas
635 2287 768 2324 inﬂigere.
786 2289 849 2316 Haec
863 2290 954 2316 omnia
971 2291 1074 2318 accide-

289 2341 320 2362 re
330 2338 467 2369 precatur,
485 2334 543 2362 sive
557 2334 650 2369 potius
664 2334 830 2369 praenuntiat
845 2335 976 2363 adversus
986 2335 1074 2363 inimi-

286 2388 338 2408 cos
351 2380 399 2409 Dei
420 2384 569 2414 eventura;
592 2384 622 2407 ut
646 2381 688 2408 vel
715 2381 779 2408 hinc
805 2381 902 2409 saltem
927 2381 1074 2417 aliquando

289 2427 426 2461 iuventur.
443 2426 583 2462 Siquidem
595 2434 701 2454 summa
711 2431 754 2454 est
766 2427 969 2460 utilitas,nosse
977 2426 1073 2459 Deum,

288 2476 318 2499 et
329 2472 362 2498 ad
378 2472 583 2507 inquisitionem
595 2472 714 2500 nominis
726 2471 786 2507 ejus
801 2471 905 2505 venire,
918 2472 990 2507 quod
1007 2472 1073 2507 ipsis

290 2524 466 2544 accessurum
489 2525 550 2545 esse
574 2522 637 2553 post
650 2517 780 2553 praedicta
794 2517 875 2546 docet
900 2517 945 2546 his
960 2519 1072 2546 verbis:

290 2562 410 2590 -—Vens.
427 2563 470 2596 18,
488 2563 532 2592 19.
553 2563 588 2591 Et
601 2568 717 2600 quierant
737 2572 830 2591 nomen
846 2569 937 2596 tuum,
951 2564 1073 2593 Domine.

293 2604 455 2632 Erubescant
478 2611 505 2633 et
524 2607 711 2634 conturbantur
724 2607 752 2633 in
779 2607 905 2634 smculum
928 2608 1030 2641 tutudi,
1049 2611 1074 2634 et

292 2650 488 2685 confundantur
501 2656 527 2679 et
546 2658 663 2686 pereant.
681 2652 715 2680 Et
730 2659 889 2688 cognoscant
904 2654 966 2688 quia
978 2662 1072 2680 nomen

292 2695 340 2722 tibi
351 2695 506 2725 Dominus:
524 2701 552 2723 tu
573 2697 646 2724 solus
672 2697 826 2725 Altissimus
851 2699 880 2725 in
894 2698 966 2725 omni
991 2703 1070 2725 terra.

293 2738 465 2768 lnimicorum
479 2740 525 2768 Dei
542 2746 657 2769 mortem
668 2742 773 2770 duobus
786 2742 905 2770 futuram
921 2743 1010 2771 modis
1024 2750 1072 2770 va-

293 2785 437 2814 tieinatur:
451 2787 505 2815 alio
518 2786 628 2822 quidem
645 2795 699 2824 quo
713 2788 768 2816 illis
786 2796 862 2824 spem
876 2788 976 2816 bonam
989 2789 1073 2818 ascri-

266 2882 271 2891 .
328 2863 353 2880 ⁸⁸
370 2863 443 2893 Psal.
463 2873 487 2897 i,
504 2865 531 2892 4.
571 2865 592 2881 ¹’
613 2865 665 2895 lsa.
682 2873 745 2896 ul.
764 2866 808 2895 il.
847 2866 868 2883 "
889 2865 960 2894 Psal.
980 2874 1014 2898 ι.
1031 2866 1057 2894 7.

1125 914 1331 951 παραδοθέντος,
1346 914 1376 940 οὐ
1389 915 1536 941 κοινοποιεί
1545 914 1594 950 τὴν
1602 914 1744 950 ἐπίκλησιν
1754 923 1760 929 ·
1773 914 1804 947 ἑξ
1815 915 1915 941 οἰκείου

1123 961 1152 987 δὲ
1169 960 1250 996 μόνου
1263 959 1409 996 προσώπου
1422 960 1519 994 ἐπάγει
1533 960 1611 995 λέγον
1623 969 1631 976 ⁴
1649 960 1676 986 Ὁ
1688 961 1760 993 Θεός
1771 969 1844 995 μου,
1863 961 1915 988 θοῦ

1123 1006 1234 1039 αὐτοὺς
1253 1006 1294 1039 ὡς
1316 1006 1434 1040 τροχόν.
1458 1006 1481 1033 Τ
1484 1006 1563 1042 ροχοῦ
1578 1006 1607 1033 δὲ
1626 1006 1707 1041 φύσις
1724 1006 1847 1042 στρεπτὴ
1870 1006 1916 1033 καὶ

1122 1053 1170 1087 οὐχ
1186 1051 1293 1078 ἑστῶσα
1309 1053 1338 1078 ἑν
1351 1051 1452 1088 ταύτῷ.
1464 1051 1592 1084 Τοιοῦτος
1612 1052 1641 1079 δὲ
1661 1053 1716 1084 πᾶς
1732 1054 1746 1080 ὸ
1761 1052 1815 1079 τῶν
1828 1052 1916 1080 ἀθέων

1124 1100 1192 1136 βίος,
1206 1099 1295 1136 καιρῷ
1311 1100 1360 1135 μὲν
1372 1101 1412 1132 είς
1429 1100 1495 1135 ὕψος
1509 1101 1699 1137 ἐπαιρόμενος,
1715 1099 1774 1128 εἷτα
1796 1102 1916 1138 στροφὴν

1125 1146 1285 1180 ποιούμενος
1299 1145 1348 1181 τὴν
1362 1147 1408 1172 ἐπὶ
1426 1147 1591 1179 τούναντίον,
1602 1147 1691 1183 τροχῷ
1707 1147 1915 1183 παραπλησίως.

1125 1191 1237 1228 Πρῶτον
1247 1192 1349 1224 τοίνυν,
1364 1191 1423 1218 Θοῦ
1436 1192 1547 1225 αὐτοὺς
1554 1193 1594 1226 ὡς
1605 1192 1724 1227 τροχὸν,
1736 1192 1817 1227 φησίν
1828 1201 1835 1207 ·
1847 1190 1915 1223 εἶτα,

1124 1237 1163 1270 ὡς
1180 1237 1321 1272 καλάμην
1340 1237 1415 1264 κατὰ
1433 1238 1596 1272 πρόσωπον
1607 1238 1736 1272 ἀνέμου·
1753 1238 1801 1264 καὶ
1812 1257 1820 1270 ,
1846 1237 1915 1264 ὡσεὶ

1125 1283 1195 1317 πῦρ,
1217 1283 1397 1318 ῦδιαφλέξει
1408 1283 1539 1319 δρυμόν·
1570 1283 1618 1310 καὶ
1645 1279 1692 1310 ἐπὶ
1713 1284 1830 1315 τούτοις,
1846 1284 1914 1310 ὡσεῦ

1125 1330 1215 1365 φλὸξ,
1232 1329 1252 1364 ἡ
1274 1330 1457 1357 κατακαύσει
1465 1330 1530 1364 ὄρη.
1547 1330 1651 1362 Αὐτοὺς
1669 1330 1724 1366 γὰρ
1747 1331 1808 1356 κατ’
1828 1330 1914 1357 αὐτῶν

1124 1377 1318 1408 ἑπαναστῆναι,
1334 1377 1382 1404 καὶ
1395 1376 1427 1403 δι’
1443 1377 1546 1403 ἑαυτῶν
1560 1376 1610 1408 τὰς
1627 1376 1761 1412 τιμωρίας
1775 1373 1814 1402 ὦν
1830 1376 1908 1402 τετολ

1128 1423 1246 1459 μήκασιν
1260 1423 1388 1458 ὑποσχεῖν
1401 1422 1444 1449 διὰ
1468 1422 1569 1450 τούτων
1591 1421 1714 1454 θεσπίζει
1737 1421 1826 1448 εἰπών
1839 1430 1846 1437 ⁸
1860 1421 1913 1449 Gai

1126 1469 1247 1501 αὐτούς.
1255 1467 1428 1503 Παραθήσεις
1440 1467 1468 1494 δὲ
1479 1467 1528 1503 τῷ,
1539 1467 1579 1500 ὡς
1593 1466 1732 1502 καλάμην
1739 1467 1816 1494 κατὰ
1828 1468 1908 1502 πρόσ

1127 1522 1209 1541 ωπον
1229 1513 1352 1548 ἀνέμου,
1368 1515 1398 1541 τὺ
1420 1514 1448 1540 ὲν
1464 1513 1568 1549 ἑτέροις
1593 1512 1763 1548 λελεγμένον·
1782 1514 1846 1548 οὐχ
1866 1513 1913 1540 οὔ-

1124 1569 1181 1594 τως
1208 1562 1235 1588 οὶ
1258 1559 1387 1593 ἀσεϐεῖς,
1408 1560 1465 1594 οὐχ
1492 1559 1595 1592 οὕτως’
1616 1559 1683 1586 ἀλλ’
1703 1559 1743 1592 ὠς
1763 1559 1869 1594 χνοῦς,
1883 1559 1911 1586 ὃν

1124 1608 1254 1642 expiaret
1266 1609 1282 1634 ό
1298 1607 1408 1641 ἄνεμος
1423 1606 1482 1633 ἀπὸ
1499 1605 1662 1639 προσώπου
1680 1606 1736 1640 τῆς
1746 1606 1813 1641 γῆς.
1830 1607 1867 1633 Τὸ
1878 1607 1914 1639 δὲ,

1124 1654 1194 1680 ὡσεὶ
1210 1653 1279 1687 πῦρ,
1294 1653 1309 1680 ὃ
1322 1652 1475 1687 διαρλέξει
1489 1652 1612 1686 δρυμὸν,
1633 1652 1797 1687 παρίστησιν
1820 1653 1914 1684 αὑτοῦ.Ι

1125 1697 1235 1725 εἶναιτὸ
1246 1698 1311 1734 πῦρ,
1327 1697 1375 1724 καὶ
1389 1696 1487 1729 αὐτοὺς
1500 1694 1570 1724 εἶναι
1586 1696 1631 1723 τδν
1647 1697 1748 1732 δρυμόν
1758 1705 1765 1712 ·
1782 1697 1855 1724 ὥστε
1870 1698 1908 1724 αὐ

1123 1746 1186 1777 τοὺς
1202 1746 1246 1779 ὑφ’
1266 1743 1373 1771 ἑαυτῶν
1390 1743 1589 1779 φλεχθήσεσθαι
1613 1743 1683 1770 κατὰ
1702 1743 1732 1770 τδ
1754 1743 1860 1777 φάσκον
1872 1743 1900 1770 λό

1124 1800 1198 1826 γιον·
1213 1791 1379 1824 Πορεύεσθε
1389 1789 1430 1822 τῷ
1445 1789 1519 1824 φωτὶ
1530 1789 1584 1816 τοῦ
1594 1790 1688 1823 πυρὸς
1704 1788 1799 1824 ὑμῶν,
1813 1790 1862 1817 καί
1878 1789 1913 1824 τῇ

1123 1835 1211 1870 φλογὶ
1219 1833 1238 1871 ᾗ
1245 1835 1436 1867 ἑξεκαύσατε.
1449 1835 1486 1861 Τὸ
1495 1834 1533 1867 δὲ,
1541 1834 1611 1861 ὡσεὶ
1617 1835 1696 1869 φλὸξ
1704 1834 1723 1868 ἡ
1733 1836 1913 1863 κατακαύσει

1125 1881 1190 1915 ὄρη,
1203 1880 1322 1907 δείκνυσι
1337 1882 1387 1916 τῆς
1399 1879 1488 1907 αὐτῶν
1511 1880 1609 1911 κακίας
1625 1879 1655 1906 τὸ
1673 1879 1797 1915 μέγεθος,
1816 1880 1864 1907 καὶ
1878 1881 1913 1911 ὡ,

1125 1928 1141 1963 ἡ
1158 1928 1245 1954 αὐτῶν
1260 1927 1325 1962 φλὸξ
1336 1927 1371 1954 τὰ
1385 1927 1533 1963 ἐπάρματα
1548 1926 1638 1954 αὐτῶν
1655 1927 1701 1954 καὶ
1715 1927 1749 1953 τὰ
1766 1927 1913 1963 ὑψώματα,

1124 1974 1217 2010 ὥσπερ
1230 1974 1291 2001 τινὰ
1313 1973 1375 2010 ὅρη,
1394 1973 1575 2001 κατακαύσει.
1596 1973 1730 2008 Ἐπιλὲγει
1746 1974 1774 2000 δὲ
1793 1973 1912 2006 τούτοιςο

1126 2018 1207 2044 Οὕτω
1225 2017 1414 2050 καταδιώξεις
1430 2018 1550 2050 αὐτούς.
1573 2018 1630 2044 Καὶ
1650 2019 1681 2045 ὲν
1692 2018 1796 2054 ἑτέροις
1817 2019 1847 2046 δὲ
1870 2019 1913 2045 λέ-

1123 2063 1216 2090 λεκται
1228 2071 1234 2078 ·
1249 2063 1312 2097 Πῦρ
1329 2063 1378 2091 καὶ
1397 2063 1477 2090 θεῖον
1493 2063 1541 2090 καὶ
1560 2063 1678 2098 πνεῦμα
1698 2064 1881 2099 καταιτίδος,
1894 2065 1912 2098 ἠ

1121 2109 1205 2144 μερὶς
1219 2109 1272 2136 τοῦ
1286 2109 1429 2143 ποτηρίου
1449 2107 1557 2136 αὐτῶν.
1578 2108 1695 2143 Ἐδίδαξε
1708 2109 1739 2136 δὲ
1752 2110 1797 2137 διὰ
1811 2110 1912 2137 τούτων

1123 2156 1137 2181 6
1151 2155 1238 2189 λόγος,
1252 2155 1292 2181 ὅτι
1309 2155 1326 2190 ἠ
1344 2155 1471 2189 καταιγὶς
1481 2155 1528 2182 καὶ
1542 2155 1636 2192 ήόργὴ
1646 2155 1693 2182 τοῦ
1707 2155 1775 2182 Θεοῦ
1793 2156 1823 2182 οὐ
1840 2156 1911 2192 πάθη

1123 2202 1250 2237 τυγχάνει
1268 2201 1315 2228 τοῦ
1332 2202 1410 2233 Θεοῦ,
1431 2201 1489 2228 ἀλλ’
1505 2202 1522 2236 ἡ
1537 2202 1626 2229 τοιάδε
1645 2210 1687 2234 τις
1703 2202 1863 2238 ἑπίσκηψις,
1879 2202 1910 2229 δι’

1123 2244 1156 2282 ἧς
1172 2247 1270 2279 αὐτοὺς
1288 2246 1349 2273 καθ’
1371 2247 1475 2274 ἑαυτῶν
1490 2248 1695 2280 ἑπαναστάντας
1711 2246 1740 2280 ἑξ
1751 2248 1856 2274 ἑαυτῶν
1866 2248 1909 2274 λα-

1123 2292 1180 2319 ϐεῖν
1195 2289 1232 2319 ὧν
1245 2292 1360 2328 ἔδρασαν
1383 2292 1431 2328 τὴν
1454 2293 1590 2329 τιμωρίαν
1607 2293 1756 2320 συνέϐαινε.
1777 2293 1869 2320 Ταῦτα
1882 2292 1908 2319 δὲ

1124 2336 1212 2363 πάντα
1239 2336 1400 2372 ῑκετεύει,ἢ
1426 2337 1473 2363 καὶ
1503 2337 1601 2372 μᾶλλον
1629 2337 1751 2370 θεσπίζει
1767 2338 1838 2364 κατά
1858 2338 1907 2364 τῶν

1124 2381 1229 2416 ἐχθρῶν
1245 2380 1291 2407 τοῦ
1306 2380 1373 2407 Θεοῦ
1390 2381 1500 2408 ἔσεσθαι
1512 2390 1519 2397 ·
1538 2382 1582 2410 ῐνα
1598 2382 1651 2409 κᾶν
1667 2382 1737 2409 οὓτω
1754 2384 1819 2410 ποτὲ
1838 2383 1907 2418 ὠφε-

1123 2426 1238 2462 ληθείεν.
1252 2427 1283 2453 Εἰ
1298 2426 1331 2462 δη
1343 2426 1462 2461 ὠφέλεια
1483 2427 1598 2464 μεγίστη
1617 2429 1745 2464 τυγχάνει
1767 2429 1798 2456 τὸ
1812 2429 1907 2463 γνῶναι

1123 2471 1168 2497 τὸν
1184 2471 1259 2504 Θεὸν,
1273 2471 1319 2498 καὶ
1333 2471 1380 2498 ἐπὶ
1390 2472 1503 2508 ζήτησιν
1513 2473 1560 2500 τοῦ
1572 2473 1703 2509 ὀνόματος
1719 2473 1800 2501 αὑτοῦ
1816 2475 1906 2508 ἐλθεῖν,

1124 2516 1191 2552 ὓπερ
1205 2516 1313 2543 ἔσεσθαι
1341 2518 1404 2553 περὶ
1419 2518 1509 2545 αὐτῶν
1523 2519 1592 2554 μετὰ
1615 2519 1650 2547 τὰ
1673 2520 1856 2556 προλεχθὲντα
1873 2521 1906 2549 δι-

1123 2562 1329 2597 δάσκειλέγωψ
1348 2564 1403 2592 Καὶ
1425 2564 1589 2598 ζητήσουσι
1609 2565 1643 2593 τὸ
1659 2566 1754 2602 ὄνομὰ
1775 2575 1844 2600 σου,
1859 2567 1907 2594 Κύ-

1120 2616 1176 2641 ριε.
1200 2608 1455 2644 Αισχυνθήτωσαν
1477 2610 1527 2637 καί
1545 2611 1780 2646 ταραχθῆτωσαν
1800 2613 1845 2646 εις
1860 2611 1906 2638 τὸν

1125 2653 1217 2681 αἰῶνα
1243 2654 1298 2682 τοῦ
1321 2655 1438 2689 αἰῶνος,
1464 2656 1759 2691 καὶὲντραπήτωσαν
1776 2659 1826 2686 καὶ
1843 2659 1903 2685 ἀπο

1125 2700 1293 2728 λέσθωσαν.
1309 2702 1365 2729 Καὶ
1378 2702 1548 2737 γνώτωσαν,
1564 2703 1608 2730 ὅτι
1618 2703 1711 2738 ὄνομά
1725 2712 1776 2731 σοι
1790 2705 1906 2739 Κύριος’

1126 2746 1166 2772 σὺ
1176 2746 1270 2780 μόνος
1282 2746 1412 2781 ὕψιστος
1432 2748 1481 2774 ἐπὶ
1496 2748 1599 2776 πᾶσαν
1619 2749 1677 2784 τὴν
1694 2749 1762 2784 γῆν.
1786 2750 1843 2785 Τῆς
1856 2749 1906 2776 τῶν

1127 2790 1231 2826 ἐχθρῶν
1259 2792 1306 2819 τοῦ
1328 2791 1397 2819 Θεοῦ
1420 2792 1548 2828 τελευτῆς
1573 2793 1620 2821 δύο
1652 2794 1770 2829 τρόπους
1800 2792 1906 2821 ἔσεσθαι
