2032 3215
305 187 378 220 Ἷοῦὅ

665 192 800 221 Ευεειιιι
819 189 1056 220 ΟΕΞἈΒΙΕΝΞΙΞ
1075 192 1151 222 ΟΡΡ.
1172 188 1263 220 PARS
1283 192 1572 222 lll.-EXEGETICA.

1856 191 1925 222 {00$

304 252 407 278 ‘uuvl
435 252 551 280 obscure
574 250 839 287 subindicanlur;at
862 253 948 281 multo
970 254 1047 288 plura
1063 260 1081 281 el

1140 254 1242 280 τούτων
1269 255 1434 290 προρρήσεις
1451 255 1576 290 ἐκφῆναι.
1600 253 1687 287 Πολὺς
1709 254 1774 289 γοῦν
1788 251 1823 289 ἦν
1834 254 1850 280 ὁ
1864 254 1926 289 περὶ

308 295 484 331 profundiora
511 297 544 326 de
559 301 646 326 morte
661 297 721 333 ejus
746 307 829 334 quam
859 307 908 334 pro
934 300 1090 327 hominibus

307 342 448 374 sustinuit,
465 343 512 378 qui
531 348 684 378 postremus
698 344 816 377 filiorum
834 343 902 371 Core
917 344 1088 376 inscribitur,

306 390 403 423 nempe
419 396 528 415 Lxxxvn
549 389 751 424 complectitur.
769 388 827 416 Duo
844 393 932 415 autem
946 390 992 424 qui
1005 390 1031 416 in
1048 389 1090 417 his

307 431 423 466 primum
439 433 530 460 locum
543 437 689 468 occupant,
711 434 817 461 scilicet
838 434 881 461 hic
895 442 975 469 quem
991 438 1090 461 tracta-

306 485 368 505 mus
378 481 404 505 et
424 479 606 513 subsequens,
624 479 684 514 ejus
699 479 734 506 ad
749 480 872 507 homines
886 480 1042 513 adventum,
1063 485 1090 508 et

306 524 434 558 praeclara
454 532 514 560 qua:
526 524 571 552 hic
585 525 709 553 editurus
727 531 786 553 erat
804 531 878 561 gesta
894 527 1086 554 vaticinantur.

306 567 356 596 llic
380 575 461 604 porro
486 569 656 601 inscribitur,
670 568 701 596 In
725 569 812 604 ﬁnem,
828 576 874 604 pro
900 570 1086 598 torcularibus.

304 614 427 650 Cumque
447 619 503 643 tres
523 615 578 643 sint
593 615 639 650 qui
654 615 703 642 hoc
718 616 796 643 titulo
813 615 1001 643 inscribuntur
1018 625 1024 643 :
1044 616 1088 643 hic

304 668 337 688 ex
350 668 443 687 eorum
462 669 574 688 numero
587 669 635 695 pro
648 660 826 688 torcularibus
845 661 970 688 similiter
989 661 1088 688 inscri-

303 709 366 740 ptus
379 710 436 739 est;
452 705 597 741 itidemque
614 713 662 732 vni
679 710 706 734 et
722 713 804 733 Lxxx.
822 707 920 733 Verum
940 715 973 733 ex
988 706 1021 734 iis
1033 705 1087 734 duo

304 755 496 786 nuncupantur
524 752 633 786 psalmi,
664 751 792 779 nimirum
823 759 870 778 vni
899 757 925 779 et
953 759 1085 787 praesens.

302 796 393 830 Quare
408 797 550 832 praesentia
570 798 640 825 bona
665 797 837 825 denuntiant.
854 805 927 824 un
949 805 1012 825 vero
1031 797 1086 824 Pro

262 855 265 857 >
303 841 480 869 torcularibus
493 841 600 877 quidem
623 842 772 877 inscriptus
793 846 850 874 est,
867 842 915 870 sed
939 850 994 869 non
1013 843 1086 878 psal-

261 894 273 913 .‘
305 897 375 921 πιιιι,
392 889 456 924 quia
472 892 568 916 contra
580 888 707 916 lsraelem
724 889 814 916 tristia
829 887 951 924 quaedam
967 889 1086 923 comple-

301 934 393 961 ctitur.
409 933 440 961 Hi
456 941 537 970 porro
557 938 612 961 tres
627 933 681 960 Pro
694 934 873 960 torcularibus
889 933 1028 969 inscripti,
1049 933 1084 961 ad
1099 928 1120 956 Β

301 984 356 1008 tres
371 988 504 1015 personas
523 980 677 1016 pertinent;
693 984 808 1008 octavus
827 987 924 1016 nempe
946 980 979 1007 ad
1004 979 1086 1008 Davi-

299 1027 373 1059 dem,
389 1028 460 1054 u‘xx
476 1026 509 1054 ad
529 1026 679 1062 Asaphum,
695 1027 740 1054 bic
756 1035 821 1054 vero
836 1034 916 1062 quem
934 1030 1084 1055 tractamus

299 1072 333 1100 ad
351 1073 420 1100 filios
434 1072 512 1100 Core.
530 1072 617 1108 Atque
640 1073 742 1108 pariter
764 1072 844 1100 iidem
861 1078 916 1100 tres
929 1072 1084 1100 inscribun-

299 1122 344 1146 tur
356 1119 383 1145 ἱη
394 1119 483 1153 ﬁnem,
497 1118 588 1154 idque,
606 1124 634 1146 ut
648 1118 775 1151 arbitror,
793 1117 828 1145 ob
845 1119 1001 1154 prophetias
1016 1127 1084 1154 quas

298 1164 424 1197 ellcrunt,
435 1172 495 1200 qua)
510 1165 536 1192 in
553 1164 604 1192 line
616 1168 768 1200 temporum
783 1170 810 1193 et
826 1165 854 1192 in
869 1166 1083 1193 consummatio-1

298 1218 333 1238 ne
349 1211 444 1239 saeculi
460 1211 602 1246 completa:
620 1216 694 1239 sunt.

333 1301 402 1329 Olim
417 1301 526 1337 quidem
541 1308 603 1328 cum
619 1307 673 1327 una
683 1304 755 1328 esset
770 1300 849 1327 vinea
863 1300 896 1327 de
910 1307 963 1335 qua
979 1299 1081 1327 dictum

296 1351 350 1380 est,
364 1347 436 1375 Nam
449 1348 524 1375 vinea
538 1347 644 1375 Domini
658 1346 887 1380 Sabaotli,domus
901 1345 989 1374 Israel
999 1351 1038 1373 est
1048 1347 1080 1380 ";

296 1402 380 1422 unum
399 1402 449 1422 ceu
476 1394 596 1422 torcular
623 1396 652 1422 in
683 1393 729 1421 illa
756 1397 825 1427 erat,
854 1393 934 1428 cujus
959 1392 1081 1421 meminit

297 1441 383 1469 Isaias
403 1449 435 1469 ex
462 1448 578 1476 persona
606 1439 723 1473 Domini,
740 1438 835 1466 dicens
863 1448 870 1466 :
891 1439 924 1466 Et
947 1439 1081 1474 aediﬁcavi

297 1487 402 1520 turrim,
416 1491 441 1513 et
453 1486 620 1521 prolortular
631 1486 686 1520 fodi
702 1486 728 1512 in
739 1493 771 1512 ea
781 1485 816 1513 '°.
831 1484 882 1512 Per
896 1484 992 1512 turrim
1004 1492 1079 1517 vero,

297 1531 575 1569 Hierosolymitanum
591 1532 706 1560 fortasse
719 1531 848 1567 templum
865 1531 1013 1566 signiﬁcat,
1031 1538 1081 1564 per

296 1579 468 1616 protorcular
489 1583 591 1610 autem,
606 1578 691 1606 altare
715 1578 743 1605 in
769 1577 869 1612 templo
883 1576 966 1605 situm
982 1586 989 1604 :
1006 1576 1078 1612 quod

297 1633 364 1654 sane
377 1625 475 1653 merito
491 1632 546 1652 non
564 1624 696 1655 torcular,
710 1623 758 1651 sed
773 1622 944 1658 protorcular
962 1622 1078 1654 vocavit,

295 1671 360 1706 quia
383 1669 572 1705 spiritualibus
588 1668 740 1704 corporalia
764 1668 905 1703 praeibam,
930 1671 957 1695 et
974 1666 1079 1694 Novum

295 1716 500 1744 Testamentum
517 1722 532 1742 a
549 1714 637 1742 Veteri
663 1713 834 1749 prmceditur,
858 1714 930 1749 quod
957 1714 1078 1750 symbola

295 1762 484 1798 imaginesque
498 1759 623 1788 veritatis
643 1760 713 1796 apud
737 1759 846 1787 Judaaos
870 1760 1051 1787 conservabat
1070 1769 1076 1786 :

296 1809 358 1836 ideo
372 1808 458 1835 altare
478 1807 601 1843 ipsorum
624 1814 678 1833 non
699 1805 831 1836 torcular,
844 1805 891 1832 sed
907 1805 1079 1840 protorculnr

294 1855 454 1884 vocabatur.
470 1855 505 1882 At
520 1861 582 1882 cum
596 1860 650 1880 una
666 1856 738 1881 esset
752 1852 841 1884 vinea,
853 1860 935 1879 unum
951 1856 1010 1878 erat
1024 1857 1079 1878 tor-

294 1902 382 1934 cular,
399 1901 480 1928 unius
496 1899 590 1935 templi
611 1898 706 1926 altare.
729 1897 797 1926 Tres
820 1905 902 1933 porro
930 1897 1026 1932 psalmi
1046 1896 1080 1925 de

293 1948 394 1983 quibus
404 1947 460 1982 jam
473 1953 574 1979 sermo,
591 1952 645 1973 non
661 1952 757 1978 unum,
775 1944 823 1973 sed
838 1944 915 1980 plura
932 1943 1078 1971 toreularia

293 1998 459 2027 memorant,
475 1992 553 2028 queis
583 1991 742 2019 indicantur
774 1990 898 2018 ecclesiis
924 1989 1077 2017 Servatoris

294 2039 384 2068 nostri
409 2042 497 2067 totum
524 2046 572 2073 per
598 2038 692 2066 orbem
717 2037 880 2064 constituta.
898 2035 926 2063 In
950 2035 1076 2071 praesenti

294 2092 371 2117 vero,
387 2084 480 2112 statim
508 2083 610 2111 dicitur
638 2083 665 2110 in
693 2083 785 2115 titulo,
807 2081 861 2110 Pro
883 2081 1077 2109 torcularibus:

294 2138 358 2158 mox
383 2129 576 2158 subsumitur:
599 2129 687 2162 Quam
716 2128 813 2155 dilecta
829 2127 998 2155 tabernacula
1022 2131 1077 2158 tua,

296 2175 409 2204 Domine
422 2174 567 2202 virtutum!
581 2174 681 2209 quibus
698 2180 766 2209 pene
783 2172 939 2200 declaratur
952 2179 1076 2208 quaenam

294 2223 340 2250 illa
366 2221 506 2257 praemissa
534 2220 712 2248 tabernacula
739 2219 849 2247 fuerint.
866 2218 959 2246 Palam
977 2219 1078 2254 quippe

293 2269 393 2297 dicitur
409 2275 470 2296 esse
484 2266 659 2295 tabernacula
674 2265 792 2298 Domini,
802 2265 928 2293 videlicet
945 2265 1074 2294 ecclesias

295 2314 366 2350 ejus,
377 2313 478 2349 quasin
488 2311 779 2348 sequentibusklarius
793 2310 837 2339 his
850 2311 941 2339 verbis
955 2319 1076 2340 comme-

297 2365 386 2388 morat
400 2358 537 2387 :—VEns.
547 2359 573 2386 5.
584 2357 751 2392 (‘oncupiscit
760 2362 784 2384 et
793 2357 881 2392 deﬁcit
890 2357 978 2384 anima
985 2366 1041 2385 mea
1049 2358 1075 2384 in

294 2407 365 2433 atria
377 2405 492 2433 Domini.
507 2404 563 2431 Sub
574 2404 631 2431 haec
639 2411 735 2431 rursus
751 2404 788 2430 ait
802 2413 809 2430 :
824 2403 929 2430 Allaria
944 2408 1000 2437 tua,
1021 2403 1075 2430 Do—

297 2453 366 2479 mine
382 2452 520 2479 virtutum.
541 2450 579 2477 Ac
595 2449 756 2486 perpendas,
771 2456 875 2484 quazso,
891 2456 981 2476 annon
1004 2449 1074 2485 pari,

293 2505 375 2534 atque
383 2498 410 2525 in
419 2497 549 2533 tituloqui
563 2496 616 2523 Pro
624 2496 802 2524 torcularibus
809 2495 947 2528 scribitur,
956 2496 1077 2524 oratione

295 2546 470 2574 tabernacula
484 2545 628 2581 pluraliter
637 2544 835 2580 exprimantur.
849 2544 996 2579 itidemque
1008 2544 1077 2570 atria

292 2597 320 2620 et
332 2591 446 2624 altaria;
465 2591 502 2618 ita
527 2595 557 2618 ut
572 2598 628 2618 non
650 2590 707 2625 jam
733 2590 873 2625 antiquum
898 2590 963 2617 illud
992 2598 1076 2617 unum

293 2637 500 2665 tabernaculum
513 2636 690 2672 Jerosolymis
706 2636 862 2668 situm,.non
876 2644 960 2663 ullum
977 2636 1075 2663 ibidem

293 2684 413 2720 positum
440 2682 535 2714 altare,
551 2691 605 2709 non
631 2691 715 2711 unum
745 2682 844 2710 alrium
871 2682 965 2710 eodem
984 2682 1076 2710 consi-

293 2736 368 2759 stens
383 2729 461 2761 loco;
476 2727 524 2755 sed
547 2729 673 2755 universa
690 2736 738 2763 per
753 2729 846 2756 orbem
864 2728 970 2760 altaria,
986 2728 1075 2756 taber-

292 2776 390 2804 nacula
407 2779 434 2803 et
443 2773 511 2801 atria
526 2773 570 2800 hic
581 2772 720 2808 Scriptura
736 2775 878 2810 signiﬁcet.
888 2775 938 2801 Alii
954 2774 1074 2809 quidem,

293 2823 341 2854 ait,
357 2822 409 2848 alia
429 2820 545 2855 diligunt
559 2825 585 2847 et
609 2821 696 2855 magni
714 2821 832 2854 faciunt;
847 2821 911 2848 mihi
926 2829 1000 2853 vero,
1019 2821 1071 2847 Do-

329 2900 349 2916 "
368 2898 410 2928 lsa
439 2908 465 2931 ν,
485 2899 508 2926 7.
548 2899 570 2915 "
591 2899 657 2926 ibid.
671 2898 699 2926 2.

794 2952 801 2971 1

1141 300 1189 336 τῆς
1204 300 1333 334 γενέσεως
1348 300 1429 327 αὑτοῦ
1443 301 1530 335 λόγος,
1547 301 1580 336 ἢν
1597 302 1627 328 ὲν
1641 301 1680 336 τῷ
1694 304 1742 334 πς¹
1753 301 1854 336 ψαλμῷ
1867 302 1925 328 επι-

1141 346 1339 382 κεκρυμμένως
1349 346 1473 381 ᾑνίξατο¹
1490 347 1537 373 καὶ
1547 347 1693 374 ὲπιπλείων
1712 347 1760 374 καὶ
1778 347 1925 383 βαθύτερος

1139 391 1154 417 ὀ
1168 391 1230 426 περὶ
1252 391 1298 418 τοῦ
1312 391 1425 418 θανάτου
1444 391 1537 423 αὑτοῦ,
1549 391 1578 418 ὃν
1602 392 1670 428 ὑπὲρ
1693 392 1844 428 ἀνθρώπων
1862 393 1923 419 ἀνε-

1139 436 1242 470 δέξατο,
1251 437 1279 468 ὂς
1287 437 1326 463 ἔνι
1337 437 1390 464 τῶν
1400 437 1506 464 πάντων
1512 437 1756 474 ἐπιγεγραμμένων
1766 437 1840 466 υίῶν
1849 437 1925 472 Κορὲ

1139 483 1305 515 τελευταῖος*
1318 482 1388 518 λέγω
1401 483 1430 510 δὲ
1447 483 1486 519 τῷ
1499 483 1542 516 rtt‘,"
1560 484 1760 520 περιείληπται.
1780 485 1811 512 Ol
1823 485 1854 511 δὲ
1863 484 1924 511 τού-

1138 537 1192 556 των
1203 529 1348 564 ἡγούμενοι
1372 529 1419 556 δύο
1442 529 1554 565 ψαλμοὶ,
1573 531 1588 558 ὃ
1607 539 1637 556 τε
1656 531 1725 566 μετὰ
1741 532 1835 566 χεῖρας
1854 531 1924 558 καὶὸ

1139 574 1201 610 ἑξῆς
1215 574 1300 611 αὐτῷ,
1313 575 1362 611 τὴν
1377 576 1416 607 είς
1433 576 1591 612 ἀνθρώπους
1613 577 1696 604 αὑτοῦ
1713 577 1865 612 παρουσίαν
1877 578 1924 605 ναὶ

1137 621 1171 648 τὰ
1183 621 1230 648 ἐπὶ
1247 621 1331 657 ταύτῃ
1359 622 1556 658 κατορθώματα
1573 622 1755 655 Οεσπίζουσιν.
1769 623 1803 650 ’0
1817 632 1849 657 γε
1871 623 1923 659 μὴν

1138 667 1315 703 προκείμενος
1334 669 1544 704 ἐπιγέγραπται,
1562 670 1605 702 εἰς
1615 669 1647 695 τὸ
1665 669 1762 702 τέλος.
1776 668 1854 702 ὑπὲρ
1865 668 1923 696 τῶν

1136 712 1248 746 ληνῶν.
1270 713 1359 749 Τριῶν
1377 713 1405 739 δὲ
1428 713 1512 739 ὅντων
1527 713 1581 740 τῶν
1599 714 1647 749 τὴν
1666 714 1792 750 τοιαύτην
1809 715 1922 749 ἐπιγρα-

1137 757 1189 793 φὴν
1203 758 1327 793 ἐχόντων,
1340 757 1380 791 εἷς
1395 761 1445 796 μὲν
1463 759 1540 794 οὗτος
1554 761 1695 797 τυγχάνει·
1709 761 1809 796 ὁμοίως
1819 760 1849 786 δὲ
1863 761 1922 786 ἑπι-

1136 803 1289 839 γέγραπται
1307 805 1353 832 καὶ
1376 807 1389 832 ό
1410 809 1445 841 η’.
1470 806 1517 833 καὶ
1542 807 1622 834 πάλιν
1637 808 1652 833 ὁ
1667 809 1703 833 π’.
1724 805 1804 832 Ἀλλὰ
1817 805 1920 832 τούτων

1137 850 1186 885 μὲν
1207 850 1253 877 δύο
1273 850 1471 888 ὠνομάσθησαν
1481 853 1591 889 ψαλμοὶ,
1604 854 1617 880 ὃ
1633 861 1663 880 τε
1683 855 1708 888 η’
1722 853 1770 879 καὶ
1781 853 1796 879 ό
1813 852 1919 888 παρών.

1135 896 1180 922 Διὸ
1192 897 1316 932 χρηστῶν
1338 898 1477 933 παρόντων
1501 898 1669 933 ἀπαγγελίας
1684 897 1868 934 περιέχουσιν.
1892 898 1920 923 '0

1134 943 1162 970 δὲ
1177 947 1203 969 π
1216 941 1249 978 ἦν
1259 943 1398 979 μὲνὙπὲρ
1410 944 1469 971 τῶν
1483 944 1596 978 ληνῶν,
1610 944 1640 971 οὐ
1656 944 1709 980 μὴν
1727 943 1773 970 καὶ
1785 943 1918 978 grande,

1135 989 1179 1016 διὰ
1195 989 1224 1015 τὸ
1241 989 1390 1024 σκυθρωπά
1409 999 1469 1017 τινα
1489 991 1623 1026 περιέχειν
1644 989 1714 1016 κατὰ
1729 988 1775 1016 τοῦ
1800 988 1918 1025 Ἰσραήλ.

1135 1036 1214 1071 Τρεῖς
1221 1036 1248 1062 δὲ
1258 1036 1332 1068 ὄντες
1344 1037 1368 1063 οἱ
1385 1036 1468 1070 ’Υπὲρ
1480 1035 1654 1070 τῶνληνῶν,
1663 1036 1751 1072 τρισὶν
1762 1035 1918 1063 ἀνάκεινται

1134 1081 1289 1117 προσώποις
1300 1089 1306 1096 ·
1327 1083 1340 1108 ὁ
1362 1082 1410 1117 μὲν
1422 1085 1446 1116 η’
1459 1081 1498 1117 τῷ
1511 1081 1600 1115 Δαυῖδ,
1617 1083 1631 1108 ὁ
1645 1081 1674 1108 δὲ
1692 1085 1719 1108 π’
1731 1082 1770 1118 τῷ
1793 1081 1890 1117 ¹Δσὼφ,
1904 1083 1918 1110 6

1133 1128 1162 1154 δὲ
1179 1128 1248 1164 μετὰ
1260 1129 1352 1164 χεῖρας
1367 1131 1421 1160 τοῖς
1434 1129 1500 1160 υἱοῖς
1514 1129 1596 1164 Κορέ.
1611 1128 1667 1155 Καὶ
1679 1127 1834 1164 συμφώνως
1850 1134 1882 1163 τι
1893 1129 1918 1156 οι

1133 1175 1206 1210 τρεῖς
1231 1175 1428 1210 ἐπιγράφονται
1440 1176 1483 1208 εις
1496 1174 1529 1201 τὸ
1545 1175 1642 1207 τέλος,
1653 1174 1691 1206 ὡς
1707 1172 1795 1209 οἶμαι,
1813 1173 1859 1201 διὰ
1870 1174 1918 1206 τὰς

1133 1220 1161 1246 ἐν
1173 1220 1262 1252 αὐτοῖς
1280 1221 1456 1256 προῳητείας,
1474 1221 1513 1251 εἰς
1531 1219 1561 1246 τὸ
1583 1219 1659 1251 τέλος
1674 1219 1728 1246 τῶν
1741 1219 1859 1256 καιρῶν,
1870 1219 1916 1246 καὶ

1133 1267 1178 1293 ἐπὶ
1192 1267 1330 1303 συντελείᾳ
1344 1267 1391 1293 τοῦ
1404 1267 1499 1298 αἰῶνος
1510 1265 1737 1298 ἐπιτελεσθείσας.

1168 1310 1254 1338 Πάλαι
1269 1312 1318 1346 μὲν
1329 1309 1385 1342 οὖν,
1401 1311 1438 1343 ὡς
1453 1311 1485 1338 ἂν
1498 1311 1556 1342 ἑνὸς
1569 1311 1736 1347 ὑπάρχοντος
1747 1311 1916 1347 ἀμπελῶνος,

1133 1357 1196 1392 περὶ
1209 1354 1238 1384 οὗ
1255 1358 1356 1393 εἴρητο,
1377 1358 1408 1384 '0
1429 1358 1483 1392 γὰρ
1501 1357 1643 1392 ἀμπελὼν
1664 1357 1774 1392 Κυρίου
1796 1358 1917 1386 Σαϐαὼθ

1132 1400 1213 1436 οἶκος
1235 1402 1288 1430 τοῦ
1305 1403 1422 1437 Ἰσραήλ
1434 1403 1512 1430 ἐστι·
1540 1403 1588 1438 μία
1611 1400 1706 1439 ὥσπερ
1729 1403 1809 1439 ληνὸς
1829 1402 1865 1440 ἦν
1888 1405 1917 1431 tv

1131 1447 1215 1482 αὐτῷ,
1232 1446 1265 1484 ἧς
1279 1449 1414 1484 μέμνηται
1428 1450 1441 1475 ὁ
1459 1449 1569 1480 Ἡσαΐας
1585 1449 1616 1476 ἐκ
1632 1448 1776 1485 προσώπου
1794 1450 1842 1477 τοῦ
1862 1450 1917 1477 Κυ-

1131 1494 1189 1529 ρίου
1206 1494 1307 1528 λέγων’
1324 1495 1380 1522 Καὶ
1400 1495 1576 1530 ᾠκοδόμησα
1594 1496 1717 1531 πύρινον,
1736 1496 1784 1523 καὶ
1802 1497 1916 1531 προλή-

1130 1549 1196 1567 νισν
1208 1540 1307 1574 ὦρυξα
1322 1541 1357 1567 ἐν
1370 1540 1457 1574 αὐτῷ.
1482 1541 1628 1577 Ἐσήμαινε
1650 1541 1678 1568 δὲ
1699 1541 1771 1577 ἄρα,
1795 1542 1840 1569 διὰ
1867 1542 1915 1577 μὲν

1131 1585 1177 1612 τοῦ
1197 1586 1302 1622 πύργου
1325 1587 1370 1613 τὸν
1394 1587 1422 1613 ἐν
1441 1587 1636 1623 Ἰεροσολύμοις
1657 1587 1735 1620 νεὼν,
1754 1587 1798 1614 διὰ
1817 1587 1847 1614 δὲ
1869 1587 1915 1615 τοῦ

1132 1632 1276 1668 προληνίου
1294 1633 1324 1659 τὸ
1345 1633 1413 1669 πρὸς
1430 1633 1469 1668 τῷ
1491 1633 1546 1669 ναῷ
1575 1634 1778 1670 θυσιαστήριον,
1801 1635 1870 1669 ὅπερ
1885 1635 1914 1661 οὐ

1131 1679 1219 1714 ληνὸν,
1244 1679 1312 1706 ἀλλὰ
1337 1679 1478 1715 προλήνιον
1503 1680 1653 1716 ὠνόμασεν,
1669 1681 1798 1712 εἰκότως·
1823 1681 1914 1716 ἐπειδὴ

1130 1724 1183 1752 τῶν
1205 1724 1306 1760 νοητῶν
1327 1724 1360 1750 τὰ
1391 1724 1533 1759 σωματικὰ
1554 1726 1707 1760 προηγεῖτο,
1726 1724 1773 1751 καὶ
1794 1724 1848 1760 πρὸ
1867 1723 1915 1758 τῆς

1130 1768 1235 1804 Καινῆς
1248 1769 1383 1806 Διαθήκης
1398 1771 1414 1804 ἡ
1429 1769 1528 1797 παλαιὰ
1543 1769 1661 1805 σύμϐολα
1679 1769 1726 1796 καὶ
1744 1769 1852 1801 εἰκόνας
1863 1768 1915 1795 τῶν

1130 1815 1237 1851 ἀληθῶν
1250 1816 1324 1851 παρὰ
1340 1816 1474 1847 Ἰουδαίοις
1486 1815 1647 1850 ἐφυλάττετο
1656 1823 1663 1830 ·
1676 1815 1768 1850 διόπερ
1782 1815 1814 1841 οὺ
1827 1814 1914 1850 ληνὸς,

1129 1861 1197 1888 ἀλλὰ
1212 1861 1355 1897 προλήνιον
1366 1860 1520 1896 ὠνομάζετο
1534 1861 1563 1887 τὸ
1575 1861 1638 1896 παρ’
1648 1860 1760 1889 ἐκείνοις
1773 1859 1915 1895 θυσιαστήι

1131 1914 1197 1941 ριον.
1221 1906 1264 1938 Ὧς
1281 1906 1340 1938 ἐνὸς
1360 1906 1387 1932 δὲ
1405 1906 1452 1932 τοῦ
1469 1905 1638 1941 ἀμπελῶνος,
1657 1906 1704 1941 μία
1718 1903 1752 1941 ἦν
1769 1905 1853 1933 πάλαι
1870 1906 1915 1940 λη-

1129 1953 1184 1985 νὸς,
1201 1953 1248 1980 καὶ
1264 1953 1323 1985 ὲνδς
1338 1952 1402 1980 ναοῦ
1415 1953 1615 1989 θυσιαστήριον.
1627 1953 1657 1979 Οἱ
1669 1952 1698 1978 δὲ
1712 1953 1739 1978 ὲν
1751 1951 1790 1987 τῷ
1804 1952 1913 1987 παρόντι

1129 1998 1285 2035 δηλούμενοι
1310 2001 1383 2034 τρεῖς
1406 1999 1507 2034 ψαλμοὶ
1532 1999 1562 2025 οὑ
1585 1999 1648 2034 περὶ
1663 1999 1736 2034 μιᾶς,
1758 1998 1826 2025 ἀλλὰ
1853 1998 1915 2033 περὶ

1129 2044 1233 2072 πολλῶν
1251 2044 1445 2080 μνημονεύουσι
1461 2043 1558 2080 ληνῶν,
1574 2044 1627 2071 τῶν
1643 2043 1694 2070 ἀνὰ
1713 2044 1802 2070 πᾶσαν
1818 2044 1868 2079 τὴν
1879 2044 1915 2070 oi-

1129 2092 1264 2127 κουμένην
1280 2091 1326 2117 τοῦ
1347 2091 1471 2127 Σωτῆρος
1487 2090 1565 2126 ήμῶν
1584 2089 1733 2125 ἐκκλησιῶν
1755 2090 1850 2116 τοῦτον
1870 2090 1914 2124 δη-

1128 2137 1265 2172 λουμένων
1279 2136 1325 2162 τὸν
1340 2137 1448 2172 τρόπον.
1466 2136 1570 2162 Αὐτίκα
1587 2135 1630 2162 διὰ
1650 2135 1703 2161 τῶν
1728 2135 1914 2170 προκειμένων

1129 2182 1236 2218 εἴρηται
1268 2182 1316 2217 μὲν
1339 2183 1368 2208 ὲν
1390 2183 1422 2217 τῇ
1451 2182 1597 2217 προγραφῇ
1618 2180 1692 2214 ὑπὲρ
1715 2179 1775 2207 τῶν
1795 2179 1912 2214 Jortin“

1129 2229 1192 2265 ἑξῆς
1213 2228 1241 2255 δὲ
1264 2227 1434 2263 ὲπιλέγεται·
1458 2229 1504 2261 Ὠς
1521 2227 1658 2263 ἀγαπητὰ
1679 2227 1714 2254 τὰ
1736 2226 1914 2260 σχηνώμιιτά

1092 2269 1113 2297 Ῑ)
1127 2282 1195 2306 σου,
1218 2275 1305 2308 Κύριε
1323 2273 1381 2301 τῶν
1399 2273 1554 2308 δυνάμεων
1562 2273 1573 2299 .’
1593 2272 1732 2309 μονονουχὶ
1754 2272 1913 2308 σαφηνίζον-

1128 2328 1174 2351 τος
1186 2319 1233 2346 τοῦ
1252 2319 1330 2353 λόγου
1345 2319 1392 2351 τὰς
1411 2318 1629 2355 προτεταγμένας
1648 2318 1753 2353 ληνοὺς,
1764 2317 1837 2349 τίνες
1852 2316 1914 2343 ποτὲ

1128 2363 1194 2393 εἷεν.
1205 2365 1284 2400 Δηλοῖ
1300 2366 1353 2401 γὰρ
1373 2365 1473 2397 ταύτας
1486 2363 1554 2392 εἶναι
1571 2365 1605 2392 τὰ
1621 2364 1785 2400 σκηνώματα
1803 2363 1850 2390 τοῦ
1862 2364 1914 2390 Kac

1131 2411 1197 2448 ρίου,
1215 2411 1314 2447 δηλαδὴ
1335 2411 1384 2443 τὰς
1404 2411 1549 2446 ἐκκλησίας
1569 2409 1663 2442 αὺτοῦ,
1681 2410 1714 2442 ἃς
1738 2409 1841 2445 προῖὼν
1857 2409 1914 2436 λευ-

1130 2459 1240 2494 κότερον
1264 2458 1344 2485 πάλιν
1367 2457 1493 2492 ὀνομάζει
1514 2457 1613 2491 λέγων·
1637 2455 1782 2483 Ἐπιποθεῖ
1802 2455 1850 2483 καὶ
1871 2455 1914 2482 ἐκ·

1130 2504 1226 2531 λείπει
1240 2505 1258 2537 ἡ
1274 2503 1358 2538 ψυχή
1378 2512 1437 2538 μου
1458 2505 1501 2536 εὶς
1525 2503 1577 2535 τὰς
1595 2501 1692 2534 αὐλὰς
1713 2501 1766 2528 τοῦ
1794 2501 1912 2534 Κυρίου.

1130 2549 1187 2576 Καὶ
1198 2547 1274 2580 αὖθις
1291 2549 1392 2584 προϊών
1408 2557 1475 2585 φησι
1485 2557 1491 2564 ’
1514 2548 1551 2575 Τὰ
1567 2545 1764 2581 θυσιαστήριὰ
1782 2555 1852 2579 σου,
1861 2546 1914 2573 Κύ-

1125 2603 1174 2629 ριε
1193 2594 1252 2621 τῶν
1272 2593 1434 2629 δυνάμεων.
1459 2594 1514 2620 Καὶ
1534 2594 1584 2629 ὅρα
1604 2594 1627 2619 εί
1652 2592 1690 2628 μὴ
1709 2592 1862 2627 συμφώνως
1882 2593 1912 2627 τῇ

1130 2642 1274 2676 προγραφῇ
1298 2640 1373 2674 ὑπὲρ
1395 2639 1454 2666 τῶν
1472 2639 1575 2673 ληνῶν
1591 2638 1755 2674 περιεχούσῃ
1774 2637 1912 2672 πληθυντι-

1129 2686 1186 2718 κῶς
1199 2686 1234 2712 τὰ
1250 2685 1414 2721 σκηνώματα
1426 2686 1541 2721 εἴρηται,
1560 2685 1605 2711 καὶ
1622 2684 1702 2711 αἰολιιῖ⁸
1716 2683 1763 2710 καὶ
1775 2683 1809 2709 τὰ
1823 2683 1912 2710 Θυσια·

1131 2731 1237 2766 στήρια,
1253 2731 1345 2765 σαφῶς
1361 2730 1406 2757 τοῦ
1426 2730 1504 2764 λόγου
1521 2730 1610 2756 οὐκέτι
1629 2729 1660 2756 τὸ
1679 2729 1791 2755 παλαιὸν
1806 2728 1834 2754 ἓν
1850 2729 1911 2762 σκή-

1130 2785 1208 2811 νωμα
1221 2777 1250 2803 ἐν
1268 2776 1471 2812 Ἰεροσολύμοις,
1488 2776 1546 2802 οὐδὲ
1569 2776 1600 2802 τὸ
1623 2775 1651 2802 ἒν
1673 2775 1863 2810 θυσιαστήριον
1882 2773 1910 2800 τὸ

1128 2822 1220 2850 αὐτόθι
1237 2822 1386 2858 ἱδρυμένον,
1398 2822 1458 2849 οὐδὲ
1480 2821 1529 2857 τὴν
1548 2821 1639 2848 αὐτόθι
1657 2821 1720 2856 μίαν
1735 2820 1828 2856 αὐλὴν,
1846 2819 1909 2846 ἀλλὰ
