2032 3215
111 199 181 228 £005

672 178 922 229 conuerti-Attia
944 198 978 227 IN
998 198 1168 228 PSALMOS.

1260 168 1291 204 ἵ
1298 157 1335 198 κ)
1664 200 1736 229 1006

110 258 143 287 τὰ
165 257 227 285 καθ’
246 258 310 294 ὅλης
329 258 379 293 τῆς
399 257 549 294 ἀνθρώπων
571 258 733 294 οἰκουμένης
754 259 900 295 θυσιαστή-

959 258 1035 290 nine,
1049 258 1225 286 tabernacula
1245 260 1304 289 tua.
1318 257 1415 285 dilecta
1428 264 1455 285 et
1468 258 1594 286 amabilia
1612 263 1687 293 sunt,
1708 260 1737 287 in

112 313 156 340 ρια
182 304 231 331 καὶ
253 304 288 331 τὰ
312 304 486 340 σκηνώματα
502 305 550 331 καὶ
570 305 620 336 τὰς
642 305 726 337 αὐλὰς
748 306 899 341 δηλοῦντος.

113 349 203 376 ’Δλλοι
220 349 270 384 μὲν
285 346 331 376 οὖν
342 349 420 380 ἄλλα,
437 349 528 384 φησὶν,
544 350 683 383 ἀγαπῶσι,
698 350 743 377 καὶ
758 352 822 386 περὶ
836 351 901 377 πολ--

111 395 156 422 λοῦ
170 395 325 422 ποιοῦνται·
342 395 402 431 ἐμοὶ
418 395 456 427 δὲ,
474 392 496 421 ὦ
514 395 611 431 Κύριε,
631 396 666 422 τὰ
686 396 719 422 σὰ
737 395 901 432 σκηνώματα

112 441 247 477 προσφιλῆ
265 442 311 468 καὶ
331 441 460 476 ἀγαπητὰ
475 442 612 476 τυγχάνει,
630 442 658 468 ἐν
673 439 715 474 οἷς
731 442 901 477 κατηξίωσας

111 486 192 518 αὐτὸς
216 486 274 521 ἅμα
298 485 451 522 ἀνθρώποις
481 486 530 515 τὰς
556 486 695 522 διατριϐὰς
720 487 901 522 ποιησάμενος

112 532 337 567 κατασκηνῶσαι,
363 533 465 567 φήσας·
495 533 584 559 Ὅπου
605 533 659 559 δύο
683 532 701 566 ἢ
726 532 802 566 τρεῖς
826 540 900 558 συν-

111 577 232 613 ηγμένοι
239 578 321 604 εἰσιν
332 579 373 610 εὶς
388 577 421 604 τὸ
431 578 504 612 ἐμὸν
516 577 618 612 ὄνομα,
628 578 694 604 ἐκεῖ
705 579 762 613 εἰμι
775 578 810 604 ἐν
819 578 902 612 μέσῳ

111 623 221 651 αὐτῶν.
242 623 320 651 Οὕτω
336 623 364 650 δέ
380 633 424 659 μοι
442 624 577 659 προσφιλῆ
598 625 644 651 καὶ
663 624 793 660 ἀγαπητὰ
804 625 903 660 τυγχά-

112 678 151 697 νει
169 670 205 697 τὰ
221 670 361 706 εἰρημένα,
383 670 454 696 ὥστε
474 670 508 697 δι’
528 670 676 706 ὑπερὸολὴν
691 671 836 705 ἐπιθυμίας
855 671 902 697 αὐ-

111 715 165 743 τῶν
190 715 330 750 ὁμολογεῖν
356 714 492 742 ἐκλείπειν
512 715 561 750 τὴν
591 716 680 750 ψυχήν
716 724 766 750 μου
786 716 825 749 τῷ
839 716 902 751 περὶ

112 760 198 792 αὐτὰς
222 759 298 795 πόθῳ
324 759 488 795 νικωμένην,
511 760 558 786 καὶ
577 759 627 794 τῆς
644 759 715 795 ζωῆς
734 760 818 795 αὐτῆς
837 769 904 796 προ-

112 807 195 842 τιμᾷν
212 806 262 837 τὰς
289 806 317 832 ἐν
352 807 411 837 ταῖς
432 805 526 836 αὐλαῖς
545 814 592 832 σου
622 805 773 841 διατριϐάς.
798 807 853 833 Καὶ
872 806 902 832 οὐ

115 852 183 888 μόνη
195 853 258 887 γεή
280 851 352 887 ψυχή
383 860 433 887 μου
454 851 585 884 ἐκλείπει,
612 852 678 879 ἀλλὰ
698 853 745 878 καὶ
772 853 788 887 ἡ
806 852 903 888 καρδία

112 906 165 933 μου
193 898 241 925 καὶ
268 898 336 933 πρὸς
361 899 394 933 τῇ
421 898 519 933 καρδίᾳ
551 906 601 933 μου
629 898 769 924 uate-51:6
799 907 850 932 μου
872 898 903 924 τὸ

953 304 1053 339 quibus
1073 304 1132 339 ipse
1148 311 1202 331 una
1216 311 1279 331 cum
1297 303 1454 332 hominibus
1479 305 1581 332 morari
1605 305 1739 340 sedesque

953 357 1054 384 ponere
1078 350 1207 384 dignatus
1227 357 1275 382 es;
1291 356 1354 376 nam
1376 349 1446 376 dicis
1466 359 1472 376 :
1493 349 1543 377 Ubi
1559 350 1611 377 duo
1630 350 1669 378 vel
1685 356 1737 378 tres

953 395 1102 430 congregati
1119 395 1218 430 fuerint
1229 396 1256 422 in
1271 395 1374 422 nomine
1386 403 1453 427 meo,
1467 396 1522 422 illic
1535 404 1593 423 sum
1611 397 1639 423 in
1652 398 1736 424 media

952 449 1043 467 eorum
1061 441 1095 468 ".
1113 440 1152 467 lta
1173 448 1255 475 porro
1279 441 1345 468 Illllll
1370 441 1429 468 haec
1443 441 1499 476 jam
1523 447 1671 470 memorata
1695 443 1738 470 di-

954 488 1022 515 lecta
1035 491 1063 514 et
1080 487 1206 514 amabilia
1223 491 1298 519 sunt,
1317 491 1347 514 ut
1370 487 1457 514 fatear
1477 496 1511 515 ex
1528 496 1621 516 eorum
1637 497 1738 517 concu-

953 532 1086 566 piscentia
1099 532 1218 559 animam
1230 539 1330 564 meam,
1342 539 1438 560 eorum
1451 540 1544 561 amore
1557 533 1738 567 victam,defi-

953 585 1016 605 cere
1042 581 1124 612 atque
1150 577 1223 604 illam
1251 577 1279 604 in
1310 578 1389 605 atriis
1410 578 1464 606 luis
1494 579 1737 607 commorationem

953 623 1015 650 vitae
1025 631 1133 658 quoque
1155 626 1327 658 anteponere.
1360 623 1454 659 Neque
1466 624 1558 651 solum
1573 625 1674 657 anima,
1691 626 1739 652 sed

954 674 981 696 ct
998 676 1046 696 cor
1068 677 1158 696 meum
1189 668 1302 702 deﬁcit;
1318 668 1374 696 imo
1398 677 1465 697 vero
1483 670 1572 705 ipsum
1596 678 1696 706 corpus
1713 677 1740 698 et

953 722 1019 742 caro
1033 722 1086 749 qua
1097 714 1314 742 circumvestior.
1329 714 1391 742 Haec
1416 716 1518 743 etenim
1540 724 1572 744 ex
1591 717 1652 744 vita:
1667 717 1741 746 illius

954 769 1014 796 quae
1039 768 1123 796 penes
1141 764 1167 787 te
1190 765 1232 788 est
1259 761 1403 792 memoria,
1415 761 1516 796 gaudio
1534 767 1562 790 et
1585 763 1679 790 laetitia
1698 772 1741 791 re-

954 806 1062 841 plentur
1074 815 1080 839 ;
1097 806 1134 832 ita
1147 809 1177 832 ut
1191 813 1252 833 vere
1268 805 1357 833 dicam
1374 815 1381 832 :
1395 805 1448 833 Cor
1471 815 1557 834 meum
1569 813 1594 834 et
1608 817 1671 836 caro
1682 817 1742 836 mea

954 853 1151 879 exsultaveruut
1175 852 1202 878 in
1218 851 1302 878 Deum
1328 853 1423 879 vivum.
1443 851 1515 880 Deus
1530 854 1632 889 quippe
1647 859 1741 883 noster

954 898 1060 929 vivens,
1070 898 1116 933 qui
1134 898 1209 926 solus
1218 897 1355 932 propriam
1366 903 1393 925 et
1406 900 1557 927 naturalem
1574 900 1602 927 in
1617 908 1647 928 se
1658 901 1740 929 vitam

114 942 194 978 σῶμα
231 942 278 969 καὶ
303 942 412 978 ήισὰρξ
438 942 470 977 ἣν
496 942 704 977 περισέϐλημαι.
736 942 790 968 Καὶ
815 941 901 968 ταῦτα

959 945 1081 979 )ossidet,
1098 945 1151 971 imo
1182 945 1271 979 potius
1285 944 1375 972 omnis
1392 945 1454 972 vitae
1475 945 1535 974 fons
1546 951 1597 978 est,
1611 955 1671 974 eam
1682 955 1742 975 om-

113 989 167 1025 γὰρ
185 989 218 1016 ὲκ
242 989 291 1025 τῆς
325 990 434 1024 μνήμης
461 988 511 1023 τῆς
538 989 614 1024 παρὰ
646 990 687 1015 σοὶ
719 989 790 1024 ζωῆς
819 989 905 1024 χαρᾶς

114 1034 264 1070 πληροῦται
286 1035 333 1060 καὶ
352 1033 534 1070 εὐφροσύνης·
550 1033 613 1060 ὥστ’
630 1033 794 1069 ἀληθεύοντά
812 1042 845 1069 με
863 1033 905 1060 λέ-

114 1087 182 1113 γειν·
198 1078 229 1105 Ἠ
241 1078 347 1112 καρδία
352 1087 412 1113 μου
425 1078 474 1105 καί
490 1079 508 1112 ἡ
522 1077 601 1112 σάρξ
613 1087 672 1112 μου
682 1078 906 1113 ἠγαλλιάσαντο

112 1125 163 1152 ἐπὶ
181 1124 256 1151 Θεὸν
272 1123 371 1154 ζῶντα.
390 1123 448 1151 Ζῶν
463 1124 516 1159 γὰρ
532 1126 546 1151 ὁ
561 1124 693 1160 ἡμέτερος
705 1124 779 1157 Θεὸς,
794 1125 840 1151 καὶ
855 1125 903 1160 μό-

114 1179 159 1202 νος
181 1170 329 1205 ιδιόκτητον
362 1170 410 1196 καὶ
437 1170 553 1206 φυσικὴν
580 1170 608 1196 ἐν
635 1169 708 1205 αὺτῴ
734 1170 900 1205 κεκτημένος

115 1215 198 1251 ζωὴν,
212 1215 311 1251 μᾶλλον
325 1215 353 1242 δὲ
367 1215 447 1247 αὐτὸς
458 1215 495 1242 ὢν
512 1217 528 1251 ὴ
543 1215 616 1251 πηγὴ
632 1216 722 1251 πάσης
736 1215 817 1250 ζωῆς,
833 1216 899 1242 πᾶσι

956 992 1040 1019 nibus
1062 991 1094 1018 ad
1125 999 1155 1018 se
1177 991 1369 1019 accedentibus
1393 991 1522 1026 impertit.
1559 992 1741 1026 Quamobrem

958 1038 1017 1073 ipsa
1042 1045 1107 1065 caro
1131 1045 1200 1068 mea,
1215 1045 1275 1072 (μιςὲ
1298 1041 1396 1064 natura
1427 1045 1477 1065 sua
1503 1039 1626 1066 mortalis
1640 1044 1667 1066 et
1680 1047 1743 1067 cor-

955 1084 1076 1119 ruptioni
1091 1084 1207 1111 obnoxia
1219 1087 1272 1115 est,
1282 1084 1383 1118 gaudet
1397 1087 1424 1111 et
1437 1084 1605 1118 gratulatur;
1617 1086 1681 1119 quia
1695 1093 1743 1120 per

955 1137 1015 1158 eam
1030 1130 1192 1156 immortalis
1202 1129 1265 1156 vitae
1279 1136 1395 1157 consors
1421 1132 1448 1156 et
1462 1123 1560 1156 divinat
1572 1130 1667 1165 gratiae
1680 1137 1743 1165 par—

954 1176 1041 1210 ticeps
1063 1174 1156 1202 futura
1173 1178 1225 1202 est.

115 1263 170 1294 τοῑς
196 1261 374 1297 πλησιάζουσι
402 1261 501 1297 ταύτης
533 1261 701 1297 μεταδίδωσι.
732 1261 830 1296 Διόπερ
854 1261 901 1288 καὶ
919 1260 988 1297 αὐτὴ
1011 1262 1028 1297 ἡ
1053 1262 1132 1296 φύσει
1152 1261 1235 1298 θνητὴ
1264 1262 1311 1289 καὶ
1330 1262 1436 1298 φθαρτή
1462 1271 1510 1299 μου
1546 1264 1614 1300 σὰρξ
1652 1265 1743 1301 χαίρει

116 1308 162 1335 καὶ
182 1307 332 1343 συγχαίρει,
350 1307 398 1334 ἅτε
421 1307 454 1333 δι’
471 1307 555 1342 αὐτῆς
577 1308 778 1343 κοινωνήσουσα
795 1307 904 1334 αἰωνίου
925 1306 1007 1342 ζωῆς,
1018 1307 1127 1344 καὶτῆς
1138 1307 1184 1335 τοῦ
1195 1308 1262 1335 Θεοῦ
1276 1309 1387 1345 χάριτος
1402 1309 1621 1346 μεταληψομένη.

150 1365 245 1393 Ταῦτα
257 1366 285 1392 δέ
300 1374 380 1401 φησιν
399 1367 413 1392 ὁ
426 1366 571 1401 Προφήτης
585 1366 726 1397 διδάσκων,
745 1367 835 1392 ὁποῖον
849 1363 905 1401 εἶχε

116 1412 206 1447 lpum
221 1412 267 1438 καὶ
281 1411 362 1438 πόθον
380 1412 444 1447 περὶ
459 1412 493 1438 τὰ
512 1412 556 1438 ὑπ’
576 1412 658 1438 αὐτοῦ
671 1413 905 1448 προφητευόμενα.

117 1457 215 1493 Διόπερ
230 1459 244 1484 ὁ
261 1458 355 1493 Σωτὴρ
365 1457 444 1493 ήμῶν
461 1458 537 1491 ἔλεγε
548 1466 554 1473 ·
569 1458 680 1485 Πολλοὶ
698 1457 845 1492 προφῆται
857 1457 907 1484 καὶ

115 1503 226 1530 δίκαιοι
251 1503 444 1537 ἐπεθύμησαν
467 1502 540 1529 ἰδεῖν
556 1502 576 1529 ἂ
595 1503 679 1536 ὑμεῖς
698 1502 838 1534 βλέπετε,
859 1501 908 1528 καὶ

117 1550 173 1576 οὐκ
193 1546 286 1575 εἶδον.
308 1548 362 1584 Τὴν
394 1548 483 1583 σάρκα
504 1548 533 1574 δέ
563 1556 644 1583 φησιν
669 1547 727 1582 ἃμα
749 1548 781 1583 τῇ
810 1547 908 1582 καρδίᾳ

117 1594 296 1629 ἁγαλλιᾶσθαι
311 1595 358 1621 ἐπὶ
373 1594 438 1621 Θεὸν
451 1594 550 1626 ζῶντα.
564 1594 755 1629 αἰνιττόμενος,
769 1594 806 1625 ὡς
819 1591 906 1629 οἶμαι,

119 1642 165 1668 καὶ
180 1641 228 1668 τοῦ
246 1641 370 1677 Σωτῆρος
383 1640 432 1676 τὴν
448 1641 480 1667 ὲκ
495 1640 598 1676 νεκρῶν
620 1641 776 1667 ἀνάστασιν.
799 1638 907 1674 Ἐπειδὴ
920 1631 941 1660 C

116 1686 171 1723 γὰρ
197 1687 221 1713 οἱ
244 1686 297 1713 τῶν
322 1687 406 1713 ἐθνῶν
428 1687 597 1722 νομιζόμενοι
622 1686 677 1712 θεοὶ
698 1686 790 1721 νεκροὶ
811 1685 908 1720 ἀψυχοι

117 1733 291 1769 τυγχάνουσι-⁸
307 1733 344 1760 Τὰ
355 1732 408 1768 γὰρ
417 1732 524 1760 εἴδωλα
535 1732 593 1759 τῶν
602 1732 697 1759 ἐθνῶν
707 1732 847 1767 ἀργύριον
859 1732 909 1759 καὶ

119 1779 258 1814 χρυσίον,
272 1779 343 1813 ἔργα
357 1778 461 1813 χειρῶν
477 1778 654 1813 ἀνθρώπων·
671 1779 757 1805 ταῦτα
772 1779 800 1805 δὲ
817 1778 909 1805 ἔσεϐον

119 1826 143 1852 ot
162 1826 222 1852 τότε
234 1825 370 1860 ἂνθρωποι
381 1833 387 1839 ·
403 1824 468 1858 ἐγὼ,
485 1825 576 1859 φησὶν,
589 1825 618 1851 οὺ
632 1824 750 1851 τοιοῦτόν
761 1834 821 1851 τινα
832 1825 909 1856 Θεὸν,

119 1871 186 1898 ἀλλὰ
204 1870 292 1903 ζῶντα
314 1870 379 1897 Θεὸν
399 1870 571 1906 προθεωρῶν,
587 1872 619 1906 τῇ
647 1870 744 1906 καρδίᾳ.
767 1870 909 1906 εὐφραινο-

123 1925 186 1951 μαι-
206 1916 253 1942 καὶ
271 1916 339 1951 αὕτη
358 1916 386 1942 δὲ
410 1925 459 1951 μου
487 1917 501 1951 ὴ
525 1915 594 1951 σὰρξ
616 1917 662 1942 ἐπὶ
681 1916 766 1951 τούτῳ
791 1915 828 1951 τῷ
852 1916 910 1951 θεῷ

120 1961 316 1997 ⁴ήγαλλιάσατο,
340 1962 378 1993 ὡς
401 1962 447 1987 ἐπὶ
469 1961 527 1996 Θεῷ
545 1961 652 1996 ἀληθῶς
677 1961 758 1992 ζῶντι
779 1961 825 1987 καὶ
844 1962 910 1993 ζωο-

121 2008 241 2035 ποιοῦντι
253 2008 316 2040 τοὺς
332 2008 454 2042 νεκροὺς,
471 2007 500 2039 ὃς
517 2008 563 2034 καὶ
579 2008 662 2043 αὐτὴν
681 2016 730 2043 μου
750 2007 909 2042 ζωοποιήσει

121 2055 170 2090 τὴν
185 2055 273 2090 σάρκα
287 2054 332 2081 διὰ
351 2054 401 2089 τῆς
425 2053 520 2080 ἑαυτοῦ
538 2054 721 2084 ἀναστάσεως.
737 2052 781 2078 Διὸ
796 2053 862 2088 πρὸς
877 2054 909 2088 τῇ

121 2101 193 2137 ψυχῇ
211 2101 258 2128 καὶ
272 2101 289 2135 ἡ
302 2100 369 2136 σάρξ
390 2108 438 2134 μου
451 2099 641 2134 ἠγαλλιάσατο.
657 2099 712 2125 Καὶ
731 2098 785 2133 γὰρ
801 2106 910 2132 στρου-

123 2148 188 2174 θίον
207 2144 296 2181 εὗρεν
317 2146 412 2178 ἑαυτῷ
436 2147 543 2177 οὶκίαν,
565 2145 614 2171 καὶ
641 2143 755 2179 τρυγὼν
782 2142 911 2170 νοσσιὰν

122 2192 234 2227 ἑαυτῇ,
260 2190 296 2220 οὗ
319 2191 405 2225 θήσει
426 2192 462 2218 τὰ
488 2191 600 2217 νοσσία
620 2189 724 2223 αὐτῆς,
749 2191 785 2216 τὰ
809 2190 912 2216 θυσια-

122 2235 230 2270 στήριὰ
237 2243 305 2267 σου,
319 2236 406 2270 Κύριε
419 2234 477 2261 τῶν
494 2234 658 2268 δυνάμεων.
678 2234 732 2261 Καὶ
747 2233 804 2265 πῶς
811 2233 865 2269 γὰρ
880 2233 910 2259 οὐ

123 2281 235 2313 δίκαιον,
243 2281 320 2316 φησὶ,
335 2280 469 2328 προσφιλῆ
485 2280 531 2306 καὶ
550 2280 678 2315 ἀγαπητὰ
685 2279 823 2314 ὁμολογεῖν
839 2277 907 2328 εἶναι
925 2300 947 2328 D

123 2326 157 2353 τὰ
169 2325 336 2362 σκηνώματά
352 2334 408 2358 σου,
424 2322 446 2352 ὦ
461 2324 556 2360 Κύριε,
570 2325 649 2351 ὁπότε
664 2324 805 2360 καταφυγὴ
817 2323 909 2359 γέγονε

124 2372 204 2398 παντὶ
219 2371 258 2407 τῷ
271 2371 319 2406 οἴῳ
331 2379 361 2397 τε
379 2370 468 2405 λέγειν
477 2379 483 2385 ”
505 2371 540 2398 Ἠ
554 2370 639 2405 ψυχὴ
652 2369 736 2404 ἡμῶν
749 2370 789 2403 ὡς
800 2378 909 2404 στρουο

124 2417 188 2445 θιον
197 2417 327 2452 emtam;
347 2417 381 2443 ἐκ
404 2416 458 2450 τῆς
482 2416 606 2451 παγίδος
628 2416 687 2443 τῶν
709 2417 907 2450 θηρευόντωγ·

125 2462 169 2489 καὶ
186 2462 266 2489 πάλιν
287 2462 325 2497 τῷ
346 2462 490 2496 φάσκοντι·
511 2463 571 2488 Ὲπί
594 2462 634 2495 τῷ
656 2462 752 2496 Κυρίῳ
773 2461 907 2493 πέποιθα,

124 2507 186 2541 πῶς
197 2507 288 2542 ἐρεῖτε
299 2507 336 2541 τῇ
346 2507 430 2542 ψυχῇ
435 2516 504 2542 μου·
513 2508 741 2534 Μετανιιστεύου
751 2507 799 2533 ἐπὶ
810 2508 845 2533 τὰ
855 2506 908 2540 ὄρη

126 2554 162 2588 ὼς
174 2554 350 2588 στρουθίον;
366 2554 428 2580 "Ott
444 2553 508 2580 ίδοὺ
529 2555 555 2580 al
571 2553 736 2588 ἁμαρτωλοὶ
755 2552 909 2591 ,ἐνέτειναν

125 2599 222 2633 τόξον,
235 2600 402 2634 ἡτοίμασαν
413 2598 492 2632 ,βέλη
509 2600 552 2632 είς
563 2599 720 2633 φαρέτραν.
737 2597 843 2624 Πολλῶν
855 2596 909 2632 γὰρ

125 2645 172 2681 τὴν
186 2645 233 2672 τοῦ
245 2644 383 2680 θεοφιλοῦς
399 2644 485 2679 ψυχὴν
497 2645 591 2678 παγίσι
609 2644 785 2679 μεταϐάλλειν
805 2643 851 2669 καὶ
870 2643 909 2668 δι-

127 2692 216 2723 κτύοις
231 2691 325 2726 ὥσπερ
347 2690 472 2727 θηρεύειν
494 2690 577 2726 αὐτὴν
599 2690 787 2726 πειρωμένὼν,
806 2689 911 2716 διιπτα-

128 2735 209 2770 μὲνην
223 2732 273 2761 ὧδε
284 2736 405 2766 κάκεῖσε,
422 2735 467 2762 καὶ
481 2735 568 2769 πάντη
584 2735 804 2770 περινοστοῦσαν,
820 2733 858 2769 τῷ
874 2734 910 2769 μὴ

127 2781 195 2816 ἔχειν
207 2781 358 2808 ἀνάπαυσιν
376 2783 404 2808 ὲν
423 2782 461 2816 τῷ
478 2781 566 2817 θνητῷ
579 2781 637 2817 βίῳ,
654 2781 721 2816 μόνα
738 2781 771 2807 τὰ
783 2780 829 2807 τοῦ
844 2779 911 2805 Θεοῦ

128 2827 291 2863 σκηνώματα
311 2829 452 2863 καταφυγὴ
467 2829 499 2863 τῇ
517 2828 626 2863 τοιαύτῃ
642 2828 747 2862 γέγονε.
773 2827 818 2853 Διὺ
837 2826 911 2861 εἴρη-

127 2881 170 2899 ται
180 2882 186 2888 ·
199 2873 254 2900 Καὶ
271 2875 324 2909 γὰρ
338 2873 496 2907 στρουθίον
510 2871 596 2909 aﬂuer-
612 2873 705 2906 ἐαυτῷ
722 2874 827 2905 οὶκίαν,
847 2871 915 2898 ἀλλὰ

995 1365 1057 1393 llaec
1074 1370 1164 1393 autem
1186 1367 1223 1393 ait
1237 1366 1383 1401 Propheta,
1401 1374 1480 1395 suum
1502 1367 1633 1395 exhibens
1648 1367 1744 1396 adver-

960 1418 1008 1437 sus
1023 1417 1055 1437 ea
1069 1418 1130 1446 quae
1143 1410 1170 1438 in
1197 1411 1339 1446 prophetia
1365 1411 1543 1439 enuntiantur
1570 1412 1689 1440 studium
1717 1418 1745 1441 et

960 1463 1092 1484 amorem.
1105 1456 1167 1484 ideo
1181 1457 1312 1484 Servator
1326 1461 1420 1484 noster
1433 1457 1540 1485 dicebat
1557 1467 1563 1485 :
1586 1457 1668 1484 Multi
1683 1466 1745 1493 pro-

960 1502 1043 1538 phetis
1055 1507 1080 1529 et
1099 1503 1168 1537 justi
1183 1503 1320 1530 voluerunt
1341 1503 1428 1531 videre
1448 1512 1506 1539 quae
1532 1512 1576 1531 vos
1593 1503 1696 1537 videtis,
1719 1509 1745 1532 et

961 1557 1013 1575 non
1030 1548 1147 1575 viderunt
1163 1550 1198 1584 ι’,
1214 1549 1259 1575 Ait
1275 1557 1357 1584 porro
1371 1557 1424 1577 una
1441 1557 1503 1577 cum
1528 1549 1610 1577 corde
1632 1557 1744 1577 carnem

960 1596 1048 1632 ipsam
1061 1597 1199 1624 exsultare
1214 1597 1241 1624 in
1259 1597 1341 1624 Deum
1356 1598 1464 1631 vivum;
1479 1598 1568 1632 queis,
1583 1601 1613 1624 ut
1627 1598 1743 1629 aestimo.

959 1642 1046 1678 ipsam
1066 1643 1217 1671 Servatoris
1231 1643 1317 1671 nostri
1331 1650 1363 1670 ex
1382 1643 1499 1671 mortuis
1514 1645 1745 1671 resurrectionem

959 1689 1112 1716 adumbrat.
1127 1688 1196 1722 Quia
1210 1689 1282 1716 enim
1298 1688 1316 1716 ii
1332 1688 1378 1724 qui
1396 1689 1467 1716 inter
1484 1693 1578 1724 gentes
1594 1688 1632 1715 dii
1649 1688 1744 1716 existi-

960 1739 1079 1766 mantur,
1093 1735 1195 1762 mortui
1211 1738 1238 1762 et
1257 1734 1400 1762 inanimati
1415 1738 1480 1762 sunt
1496 1744 1502 1762 ε
1519 1742 1581 1761 nam
1597 1734 1744 1762 simulacra

960 1780 1075 1815 gentium
1089 1783 1225 1814 argentum
1242 1783 1267 1806 et
1285 1787 1390 1810 aurum,
1407 1785 1485 1813 opera
1508 1787 1635 1805 manuum
1659 1779 1744 1806 Itami-

961 1833 1023 1851 num
1036 1825 1058 1840 ’³
1073 1835 1078 1852 :
1096 1825 1153 1852 hmo
1166 1829 1255 1852 tamen
1268 1825 1305 1851 illi
1317 1825 1380 1851 olim
1396 1824 1520 1852 homines
1534 1825 1743 1852 venerabantur.

960 1870 1016 1906 Ego
1035 1879 1109 1903 vero,
1121 1871 1218 1906 inquit,
1235 1879 1289 1898 non
1315 1871 1395 1898 deum
1413 1870 1582 1905 hujusmodi,
1597 1871 1643 1898 sed
1660 1871 1743 1899 Deum

960 1918 1050 1943 vivum
1067 1917 1265 1950 contemplans.
1280 1917 1379 1952 gaudio
1396 1917 1423 1943 in
1438 1917 1520 1944 corde
1533 1917 1639 1951 repleor
1657 1926 1663 1943 :
1676 1917 1746 1952 ipsa-

961 1968 1014 1995 que
1029 1968 1094 1987 caro
1110 1968 1169 1988 mea
1187 1960 1215 1987 in
1234 1961 1308 1988 hunc
1324 1961 1408 1988 Deum
1434 1960 1590 1992 exsultavit.
1610 1965 1703 1996 utpote
1717 1962 1745 1988 in

962 2006 1046 2033 Deum
1064 2014 1126 2033 vcre
1140 2006 1273 2034 viventem
1288 2010 1316 2033 et
1337 2009 1461 2034 mortuos
1488 2006 1678 2038 viviﬁcantem,
1699 2007 1745 2041 qui

961 2052 1031 2079 hanc
1042 2052 1130 2087 ipsam
1140 2060 1250 2080 carnem
1262 2059 1348 2080 meam
1360 2059 1408 2087 per
1422 2052 1650 2080 resurrectionem
1667 2060 1745 2080 suam

962 2098 1122 2126 reviviscere
1150 2098 1237 2126 faciet.
1270 2098 1360 2132 Quare
1384 2106 1447 2126 cum
1474 2098 1566 2126 anima
1593 2106 1660 2126 caro
1687 2099 1747 2134 ipsa
1781 2092 1784 2097 ’

961 2146 1118 2173 exsultavit.
1133 2160 1169 2166 —
1183 2144 1267 2173 Vens.
1284 2145 1312 2172 Δ.
1330 2144 1434 2172 Etenim
1458 2153 1551 2180 passer
1580 2146 1676 2173 inuenit
1696 2145 1746 2172 sibi

961 2189 1079 2221 domum,
1100 2194 1125 2217 et
1151 2195 1239 2216 turtur
1275 2189 1366 2216 nidum
1393 2189 1454 2222 sibi,
1485 2189 1529 2216 ubi
1559 2194 1639 2224 ponat
1660 2189 1747 2223 pullas

962 2242 1034 2267 suos,
1053 2234 1153 2261 altaria
1165 2238 1220 2266 tua,
1236 2234 1348 2261 Domine
1361 2233 1499 2262 virtutum.
1512 2234 1544 2261 Et
1559 2235 1616 2269 qui,
1633 2234 1681 2266 ait,
1692 2241 1746 2260 non

963 2288 1070 2316 aequum
1090 2279 1184 2313 fuerit,
1212 2288 1229 2307 ο
1251 2280 1376 2313 Domine,
1401 2280 1497 2308 altaria
1526 2284 1572 2307 tua
1599 2280 1698 2307 dilecta
1720 2285 1748 2306 et

963 2327 1088 2355 amabilia
1111 2334 1172 2354 esse
1201 2326 1299 2360 fateri,
1316 2326 1426 2361 quando
1446 2333 1477 2353 ea
1494 2324 1628 2360 refugium
1647 2324 1747 2359 cuique

964 2374 1039 2402 fuere
1050 2375 1095 2409 qui
1109 2373 1201 2401 dicere
1211 2373 1324 2405 valeret,
1341 2372 1438 2399 Anima
1455 2375 1546 2399 nostra
1566 2371 1632 2398 sicut
1655 2377 1748 2404 passer

962 2425 1051 2454 erepta
1064 2419 1145 2446 estde
1157 2418 1249 2453 laqueo
1263 2417 1412 2444 venantium
1426 2417 1467 2450 “;
1484 2423 1516 2443 ac
1531 2423 1640 2443 rursum
1656 2415 1681 2442 ei
1700 2414 1746 2450 qui

962 2463 1043 2495 dicat,
1059 2462 1091 2490 In
1107 2463 1221 2490 Domino
1240 2461 1343 2496 conﬁdo
1356 2481 1364 2494 ,
1394 2460 1522 2496 quomodo
1546 2460 1639 2488 dicetis
1652 2459 1748 2486 anima:

962 2517 1045 2536 mete:
1059 2508 1230 2543 Transmigra
1243 2508 1271 2534 in
1286 2512 1398 2534 montem
1409 2507 1476 2533 sicut
1491 2506 1603 2539 passer?
1615 2505 1747 2539 Quoniam

962 2563 1019 2581 ecce
1037 2558 1184 2588 peccatores
1200 2552 1366 2580 intenderunt
1395 2559 1499 2582 arcum,
1513 2555 1674 2585 rarat'erunt
1703 2559 1748 2578 sa-

963 2600 1042 2635 gittas
1058 2607 1119 2626 suas
1137 2599 1163 2625 in
1180 2598 1303 2633 pharetra
1315 2598 1349 2624 “.
1365 2596 1432 2624 Nam
1449 2604 1512 2624 cum
1533 2596 1610 2623 multi
1627 2596 1682 2624 sint
1700 2597 1747 2632 qui

964 2644 1083 2679 religiosi
1101 2645 1151 2672 viri
1162 2644 1279 2671 animam
1292 2651 1342 2671 ceu
1354 2642 1459 2678 laqueis
1473 2642 1647 2677 intercipere,
1664 2646 1692 2670 et
1705 2650 1748 2670 re-

965 2690 1038 2717 tibus
1052 2697 1102 2717 ceu
1123 2688 1217 2716 venari
1232 2692 1379 2719 conantur,
1396 2695 1457 2714 cum
1483 2694 1514 2715 ea
1529 2687 1602 2714 ultro
1624 2687 1749 2723 citroque

964 2736 1051 2762 evolet
1063 2742 1094 2762 ac
1109 2734 1322 2769 circumquaque
1337 2741 1366 2761 se
1376 2737 1472 2766 vertat,
1483 2733 1555 2768 quod
1571 2733 1597 2760 in
1609 2732 1660 2760 hac
1674 2740 1746 2760 mor-

964 2782 1012 2808 tali
1028 2781 1094 2814 vita,
1109 2780 1201 2816 requie
1217 2779 1291 2807 nulla
1316 2779 1437 2812 fruatur,
1453 2779 1480 2806 in
1503 2779 1570 2807 solis
1587 2779 1632 2806 Dei
1656 2778 1747 2806 taber-

965 2827 1070 2854 naculis
1099 2829 1237 2860 receptum
1264 2824 1366 2852 habere
1393 2825 1490 2859 potuit.
1511 2823 1680 2858 Quapropter
1706 2822 1747 2849 tli-

967 2877 1039 2899 ctum
1068 2876 1129 2901 cst-
1167 2871 1269 2898 Etenim
1302 2879 1392 2905 passer
1417 2871 1515 2901 inuenit
1539 2869 1588 2899 sibi
1621 2870 1745 2901 dantuiri,

1030 2914 1041 2927 \

163 2950 182 2966 ’³
204 2934 299 2978 Matth.
318 2958 401 2984 "nt,
416 2950 461 2980 το.
500 2951 522 2967 ¹¹
543 2943 638 2979 Matth.
658 2959 717 2985 xm,
732 2951 779 2979 17.
817 2950 928 2990 "'Psal.
948 2958 1033 2984 cun,
1050 2950 1075 2978 Δ.
1116 2949 1231 2996 "_Psal.
1249 2956 1355 2985 cum,
1373 2949 1397 2978 ‘L
1435 2949 1458 2966 "
1477 2948 1549 2978 Psal.
1569 2955 1602 2979 ι,
1620 2945 1688 2981 2,5.
