  <div class='ocr_page' id='page_1' title='image "/cluster/home/n/w/nwhite01/storage/ocr_20150623/23/njp.32101077772505/511.png"; bbox 0 0 2032 3215; ppageno 0'>
   <div class='ocr_carea' id='block_1_1' title="bbox 301 177 369 211">
    <p class='ocr_par' dir='ltr' id='par_1_1' title="bbox 301 177 369 211">
     <span class='ocr_line' id='line_1_1' title="bbox 301 177 369 211; baseline 0 -1"><span class='ocrx_word' id='word_1_1' title='bbox 301 177 369 211; x_wconf 75' lang='lat' dir='ltr'><strong>i007</strong></span> 
     </span>
    </p>
   </div>
   <div class='ocr_carea' id='block_1_2' title="bbox 653 181 1564 221">
    <p class='ocr_par' dir='ltr' id='par_1_2' title="bbox 653 181 1564 221">
     <span class='ocr_line' id='line_1_2' title="bbox 653 181 1564 221; baseline 0.004 -12"><span class='ocrx_word' id='word_1_2' title='bbox 653 182 787 211; x_wconf 81' lang='lat' dir='ltr'><strong>EUSEBII</strong></span> <span class='ocrx_word' id='word_1_3' title='bbox 802 181 1042 211; x_wconf 67' lang='lat' dir='ltr'><strong>CESARIENSIS</strong></span> <span class='ocrx_word' id='word_1_4' title='bbox 1060 183 1136 211; x_wconf 81' lang='lat' dir='ltr'><strong>OPP.</strong></span> <span class='ocrx_word' id='word_1_5' title='bbox 1153 183 1244 211; x_wconf 79' lang='lat' dir='ltr'><strong>PARS</strong></span> <span class='ocrx_word' id='word_1_6' title='bbox 1263 181 1564 221; x_wconf 76' lang='lat' dir='ltr'><strong>lll.—_EXEGET1CA.</strong></span> 
     </span>
    </p>
   </div>
   <div class='ocr_carea' id='block_1_3' title="bbox 1859 187 1928 216">
    <p class='ocr_par' dir='ltr' id='par_1_3' title="bbox 1859 187 1928 216">
     <span class='ocr_line' id='line_1_3' title="bbox 1859 187 1928 216; baseline 0.014 -1"><span class='ocrx_word' id='word_1_7' title='bbox 1859 187 1928 216; x_wconf 78' lang='grc'><strong>1008</strong></span> 
     </span>
    </p>
   </div>
   <div class='ocr_carea' id='block_1_4' title="bbox 299 238 1088 282">
    <p class='ocr_par' dir='ltr' id='par_1_4' title="bbox 299 238 1088 276">
     <span class='ocr_line' id='line_1_4' title="bbox 299 238 1088 276; baseline 0.003 -10"><span class='ocrx_word' id='word_1_8' title='bbox 299 239 454 274; x_wconf 75' lang='lat' dir='ltr'><strong>pariterque</strong></span> <span class='ocrx_word' id='word_1_9' title='bbox 481 243 569 265; x_wconf 78' lang='lat' dir='ltr'><strong>turtur</strong></span> <span class='ocrx_word' id='word_1_10' title='bbox 595 238 718 272; x_wconf 81' lang='lat' dir='ltr'><strong>nidum;</strong></span> <span class='ocrx_word' id='word_1_11' title='bbox 752 239 878 268; x_wconf 73' lang='lat' dir='ltr'><strong>videlicet</strong></span> <span class='ocrx_word' id='word_1_12' title='bbox 907 241 998 268; x_wconf 88' lang='lat' dir='ltr'><strong>anima</strong></span> <span class='ocrx_word' id='word_1_13' title='bbox 1028 243 1088 276; x_wconf 71' lang='lat' dir='ltr'><strong>q&#39;uaz</strong></span> 
     </span>
    </p>
   </div>
   <div class='ocr_carea' id='block_1_5' title="bbox 1139 238 1927 282">
    <p class='ocr_par' dir='ltr' id='par_1_5' title="bbox 1139 242 1927 282">
     <span class='ocr_line' id='line_1_5' title="bbox 1139 242 1927 282; baseline 0.006 -14"><span class='ocrx_word' id='word_1_14' title='bbox 1139 242 1189 268; x_wconf 76' lang='grc' dir='ltr'>καὶ</span> <span class='ocrx_word' id='word_1_15' title='bbox 1206 242 1322 277; x_wconf 75' lang='grc' dir='ltr'>τρυγὼν</span> <span class='ocrx_word' id='word_1_16' title='bbox 1337 243 1479 270; x_wconf 70' lang='grc' dir='ltr'>νοσσιὰν·</span> <span class='ocrx_word' id='word_1_17' title='bbox 1504 244 1520 278; x_wconf 85' lang='grc' dir='ltr'>ὴ</span> <span class='ocrx_word' id='word_1_18' title='bbox 1537 244 1608 270; x_wconf 68' lang='grc' dir='ltr'>κατὰ</span> <span class='ocrx_word' id='word_1_19' title='bbox 1625 244 1674 279; x_wconf 86' lang='grc' dir='ltr'><strong>τὴν</strong></span> <span class='ocrx_word' id='word_1_20' title='bbox 1685 243 1836 272; x_wconf 72' lang='grc' dir='ltr'><strong>ἐνεστῶσαν</strong></span> <span class='ocrx_word' id='word_1_21' title='bbox 1859 246 1927 282; x_wconf 81' lang='grc' dir='ltr'>ζωὴν</span> 
     </span>
    </p>
   </div>
   <div class='ocr_carea' id='block_1_6' title="bbox 301 285 1090 320">
    <p class='ocr_par' dir='ltr' id='par_1_6' title="bbox 301 285 1090 320">
     <span class='ocr_line' id='line_1_6' title="bbox 301 285 1090 320; baseline 0.005 -9"><span class='ocrx_word' id='word_1_22' title='bbox 301 286 328 312; x_wconf 91' lang='lat' dir='ltr'><strong>in</strong></span> <span class='ocrx_word' id='word_1_23' title='bbox 362 285 488 320; x_wconf 68' lang='lat' dir='ltr'><strong>praesenti</strong></span> <span class='ocrx_word' id='word_1_24' title='bbox 527 285 670 312; x_wconf 77' lang='lat' dir='ltr'><strong>honestam</strong></span> <span class='ocrx_word' id='word_1_25' title='bbox 700 289 728 313; x_wconf 86' lang='lat' dir='ltr'><strong>et</strong></span> <span class='ocrx_word' id='word_1_26' title='bbox 765 287 950 314; x_wconf 87' lang='lat' dir='ltr'><strong>continentem</strong></span> <span class='ocrx_word' id='word_1_27' title='bbox 981 291 1090 315; x_wconf 79' lang='lat' dir='ltr'><strong>exercet</strong></span> 
     </span>
    </p>
   </div>
   <div class='ocr_carea' id='block_1_7' title="bbox 302 331 1090 366">
    <p class='ocr_par' dir='ltr' id='par_1_7' title="bbox 302 331 1090 366">
     <span class='ocr_line' id='line_1_7' title="bbox 302 331 1090 366; baseline 0.004 -9"><span class='ocrx_word' id='word_1_28' title='bbox 302 331 383 358; x_wconf 85' lang='lat' dir='ltr'><strong>vitam</strong></span> <span class='ocrx_word' id='word_1_29' title='bbox 410 331 590 366; x_wconf 78' lang='lat' dir='ltr'><strong>(hujusmodi</strong></span> <span class='ocrx_word' id='word_1_30' title='bbox 622 339 739 365; x_wconf 81' lang='lat' dir='ltr'><strong>namque</strong></span> <span class='ocrx_word' id='word_1_31' title='bbox 769 339 831 359; x_wconf 87' lang='lat' dir='ltr'><strong>esse</strong></span> <span class='ocrx_word' id='word_1_32' title='bbox 862 332 908 359; x_wconf 82' lang='lat' dir='ltr'><strong>illa</strong></span> <span class='ocrx_word' id='word_1_33' title='bbox 938 333 995 360; x_wconf 83' lang='lat' dir='ltr'><strong>avis</strong></span> <span class='ocrx_word' id='word_1_34' title='bbox 1021 333 1090 360; x_wconf 86' lang='lat' dir='ltr'><strong>dici-</strong></span> 
     </span>
    </p>
   </div>
   <div class='ocr_carea' id='block_1_8' title="bbox 300 376 1088 414">
    <p class='ocr_par' dir='ltr' id='par_1_8' title="bbox 300 376 1088 414">
     <span class='ocr_line' id='line_1_8' title="bbox 300 376 1088 414; baseline 0.003 -11"><span class='ocrx_word' id='word_1_35' title='bbox 300 377 373 412; x_wconf 90' lang='lat' dir='ltr'><strong>tur),</strong></span> <span class='ocrx_word' id='word_1_36' title='bbox 386 384 418 404; x_wconf 90' lang='lat' dir='ltr'><strong>ac</strong></span> <span class='ocrx_word' id='word_1_37' title='bbox 433 384 494 412; x_wconf 75' lang='lat' dir='ltr'><strong>qnze</strong></span> <span class='ocrx_word' id='word_1_38' title='bbox 513 376 654 403; x_wconf 83' lang='lat' dir='ltr'><strong>hominum</strong></span> <span class='ocrx_word' id='word_1_39' title='bbox 668 377 800 404; x_wconf 82' lang='lat' dir='ltr'><strong>malitiam</strong></span> <span class='ocrx_word' id='word_1_40' title='bbox 817 379 890 413; x_wconf 81' lang='lat' dir='ltr'><strong>luget</strong></span> <span class='ocrx_word' id='word_1_41' title='bbox 903 382 930 405; x_wconf 87' lang='lat' dir='ltr'><strong>et</strong></span> <span class='ocrx_word' id='word_1_42' title='bbox 945 378 1088 414; x_wconf 84' lang='lat' dir='ltr'><strong>deplorat,</strong></span> 
     </span>
    </p>
   </div>
   <div class='ocr_carea' id='block_1_9' title="bbox 300 421 1088 458">
    <p class='ocr_par' dir='ltr' id='par_1_9' title="bbox 300 421 1088 458">
     <span class='ocr_line' id='line_1_9' title="bbox 300 421 1088 458; baseline 0.004 -9"><span class='ocrx_word' id='word_1_43' title='bbox 300 422 361 458; x_wconf 87' lang='lat' dir='ltr'><strong>ipsa</strong></span> <span class='ocrx_word' id='word_1_44' title='bbox 384 421 537 457; x_wconf 78' lang='lat' dir='ltr'><strong>perfugium</strong></span> <span class='ocrx_word' id='word_1_45' title='bbox 563 423 674 457; x_wconf 85' lang='lat' dir='ltr'><strong>reperit,</strong></span> <span class='ocrx_word' id='word_1_46' title='bbox 699 423 827 450; x_wconf 89' lang='lat' dir='ltr'><strong>nimirum</strong></span> <span class='ocrx_word' id='word_1_47' title='bbox 854 424 952 450; x_wconf 81' lang='lat' dir='ltr'><strong>altaria</strong></span> <span class='ocrx_word' id='word_1_48' title='bbox 979 425 1006 451; x_wconf 93' lang='lat' dir='ltr'><strong>in</strong></span> <span class='ocrx_word' id='word_1_49' title='bbox 1029 429 1088 453; x_wconf 84' lang='lat' dir='ltr'><strong>toto</strong></span> 
     </span>
    </p>
   </div>
   <div class='ocr_carea' id='block_1_10' title="bbox 298 467 1089 503">
    <p class='ocr_par' dir='ltr' id='par_1_10' title="bbox 298 467 1089 503">
     <span class='ocr_line' id='line_1_10' title="bbox 298 467 1089 503; baseline 0.004 -8"><span class='ocrx_word' id='word_1_50' title='bbox 298 468 367 496; x_wconf 84' lang='lat' dir='ltr'><strong>orbe</strong></span> <span class='ocrx_word' id='word_1_51' title='bbox 389 476 438 503; x_wconf 92' lang='lat' dir='ltr'><strong>per</strong></span> <span class='ocrx_word' id='word_1_52' title='bbox 453 467 556 495; x_wconf 84' lang='lat' dir='ltr'><strong>Christi</strong></span> <span class='ocrx_word' id='word_1_53' title='bbox 577 468 729 495; x_wconf 83' lang='lat' dir='ltr'><strong>doctrinam</strong></span> <span class='ocrx_word' id='word_1_54' title='bbox 756 469 874 496; x_wconf 77' lang='lat' dir='ltr'><strong>excitata</strong></span> <span class='ocrx_word' id='word_1_55' title='bbox 891 479 898 496; x_wconf 86' lang='lat'>:</span> <span class='ocrx_word' id='word_1_56' title='bbox 916 470 961 497; x_wconf 82' lang='lat' dir='ltr'><strong>ubi</strong></span> <span class='ocrx_word' id='word_1_57' title='bbox 987 478 1036 498; x_wconf 86' lang='lat' dir='ltr'><strong>ccu</strong></span> <span class='ocrx_word' id='word_1_58' title='bbox 1061 471 1089 498; x_wconf 91' lang='lat' dir='ltr'><strong>in</strong></span> 
     </span>
    </p>
   </div>
   <div class='ocr_carea' id='block_1_11' title="bbox 301 514 1090 551">
    <p class='ocr_par' dir='ltr' id='par_1_11' title="bbox 301 514 1090 551">
     <span class='ocr_line' id='line_1_11' title="bbox 301 514 1090 551; baseline 0.004 -10"><span class='ocrx_word' id='word_1_59' title='bbox 301 514 366 542; x_wconf 91' lang='lat' dir='ltr'><strong>nido</strong></span> <span class='ocrx_word' id='word_1_60' title='bbox 381 521 414 541; x_wconf 82' lang='lat' dir='ltr'><strong>ac</strong></span> <span class='ocrx_word' id='word_1_61' title='bbox 432 514 608 549; x_wconf 84' lang='lat' dir='ltr'><strong>receptaculo</strong></span> <span class='ocrx_word' id='word_1_62' title='bbox 622 521 720 542; x_wconf 77' lang='lat' dir='ltr'><strong>recens</strong></span> <span class='ocrx_word' id='word_1_63' title='bbox 739 519 831 541; x_wconf 84' lang='lat' dir='ltr'><strong>natam</strong></span> <span class='ocrx_word' id='word_1_64' title='bbox 846 522 878 542; x_wconf 84' lang='lat' dir='ltr'><strong>ac</strong></span> <span class='ocrx_word' id='word_1_65' title='bbox 894 519 1015 543; x_wconf 78' lang='lat' dir='ltr'><strong>teneram</strong></span> <span class='ocrx_word' id='word_1_66' title='bbox 1030 524 1090 551; x_wconf 86' lang='lat' dir='ltr'><strong>pro-</strong></span> 
     </span>
    </p>
   </div>
   <div class='ocr_carea' id='block_1_12' title="bbox 302 560 1088 597">
    <p class='ocr_par' dir='ltr' id='par_1_12' title="bbox 302 560 1088 597">
     <span class='ocr_line' id='line_1_12' title="bbox 302 560 1088 597; baseline 0.003 -10"><span class='ocrx_word' id='word_1_67' title='bbox 302 561 354 588; x_wconf 90' lang='lat' dir='ltr'><strong>lem</strong></span> <span class='ocrx_word' id='word_1_68' title='bbox 372 561 501 595; x_wconf 80' lang='lat' dir='ltr'><strong>deponet,</strong></span> <span class='ocrx_word' id='word_1_69' title='bbox 520 564 607 587; x_wconf 85' lang='lat' dir='ltr'><strong>tutum</strong></span> <span class='ocrx_word' id='word_1_70' title='bbox 623 560 787 595; x_wconf 78' lang='lat' dir='ltr'><strong>insidiisque</strong></span> <span class='ocrx_word' id='word_1_71' title='bbox 801 568 918 588; x_wconf 87' lang='lat' dir='ltr'><strong>vacuum</strong></span> <span class='ocrx_word' id='word_1_72' title='bbox 936 564 1016 589; x_wconf 87' lang='lat' dir='ltr'><strong>nacta</strong></span> <span class='ocrx_word' id='word_1_73' title='bbox 1026 563 1088 597; x_wconf 89' lang='lat' dir='ltr'><strong>pul-</strong></span> 
     </span>
    </p>
   </div>
   <div class='ocr_carea' id='block_1_13' title="bbox 301 607 1087 643">
    <p class='ocr_par' dir='ltr' id='par_1_13' title="bbox 301 607 1087 643">
     <span class='ocr_line' id='line_1_13' title="bbox 301 607 1087 643; baseline 0.001 -9"><span class='ocrx_word' id='word_1_74' title='bbox 301 607 336 634; x_wconf 90' lang='lat' dir='ltr'><strong>lis</strong></span> <span class='ocrx_word' id='word_1_75' title='bbox 353 607 412 634; x_wconf 85' lang='lat' dir='ltr'><strong>suis</strong></span> <span class='ocrx_word' id='word_1_76' title='bbox 429 607 619 634; x_wconf 85' lang='lat' dir='ltr'><strong>domicilium:</strong></span> <span class='ocrx_word' id='word_1_77' title='bbox 637 607 674 634; x_wconf 87' lang='lat' dir='ltr'><strong>ita</strong></span> <span class='ocrx_word' id='word_1_78' title='bbox 691 610 721 634; x_wconf 90' lang='lat' dir='ltr'><strong>ut</strong></span> <span class='ocrx_word' id='word_1_79' title='bbox 739 607 836 634; x_wconf 87' lang='lat' dir='ltr'><strong>altaria</strong></span> <span class='ocrx_word' id='word_1_80' title='bbox 855 611 902 634; x_wconf 82' lang='lat' dir='ltr'><strong>tua</strong></span> <span class='ocrx_word' id='word_1_81' title='bbox 918 608 1023 642; x_wconf 85' lang='lat' dir='ltr'><strong>passeri</strong></span> <span class='ocrx_word' id='word_1_82' title='bbox 1037 615 1087 643; x_wconf 92' lang='lat' dir='ltr'><strong>pro</strong></span> 
     </span>
    </p>
   </div>
   <div class='ocr_carea' id='block_1_14' title="bbox 301 652 1087 688">
    <p class='ocr_par' dir='ltr' id='par_1_14' title="bbox 301 652 1087 688">
     <span class='ocr_line' id='line_1_14' title="bbox 301 652 1087 688; baseline 0.003 -9"><span class='ocrx_word' id='word_1_83' title='bbox 301 652 393 685; x_wconf 88' lang='lat' dir='ltr'><strong>domo,</strong></span> <span class='ocrx_word' id='word_1_84' title='bbox 407 652 507 679; x_wconf 86' lang='lat' dir='ltr'><strong>turturi</strong></span> <span class='ocrx_word' id='word_1_85' title='bbox 526 660 574 687; x_wconf 91' lang='lat' dir='ltr'><strong>pro</strong></span> <span class='ocrx_word' id='word_1_86' title='bbox 586 652 650 679; x_wconf 85' lang='lat' dir='ltr'><strong>nidu</strong></span> <span class='ocrx_word' id='word_1_87' title='bbox 664 652 828 680; x_wconf 80' lang='lat' dir='ltr'><strong>habeantur.</strong></span> <span class='ocrx_word' id='word_1_88' title='bbox 842 652 889 680; x_wconf 68' lang='lat' dir='ltr'><strong>Hae</strong></span> <span class='ocrx_word' id='word_1_89' title='bbox 902 654 1002 688; x_wconf 87' lang='lat' dir='ltr'><strong>quippe</strong></span> <span class='ocrx_word' id='word_1_90' title='bbox 1013 661 1087 686; x_wconf 80' lang='lat' dir='ltr'><strong>aves,</strong></span> 
     </span>
    </p>
   </div>
   <div class='ocr_carea' id='block_1_15' title="bbox 302 699 1088 734">
    <p class='ocr_par' dir='ltr' id='par_1_15' title="bbox 302 699 1088 734">
     <span class='ocr_line' id='line_1_15' title="bbox 302 699 1088 734; baseline 0.001 -9"><span class='ocrx_word' id='word_1_91' title='bbox 302 705 398 733; x_wconf 84' lang='lat' dir='ltr'><strong>passer</strong></span> <span class='ocrx_word' id='word_1_92' title='bbox 415 699 521 726; x_wconf 81' lang='lat' dir='ltr'><strong>scilicet</strong></span> <span class='ocrx_word' id='word_1_93' title='bbox 536 702 563 725; x_wconf 91' lang='lat' dir='ltr'><strong>et</strong></span> <span class='ocrx_word' id='word_1_94' title='bbox 577 702 677 732; x_wconf 85' lang='lat' dir='ltr'><strong>turtur,</strong></span> <span class='ocrx_word' id='word_1_95' title='bbox 694 699 759 726; x_wconf 90' lang='lat' dir='ltr'><strong>olim</strong></span> <span class='ocrx_word' id='word_1_96' title='bbox 775 703 921 733; x_wconf 81' lang='lat' dir='ltr'><strong>antequam</strong></span> <span class='ocrx_word' id='word_1_97' title='bbox 940 707 988 734; x_wconf 88' lang='lat' dir='ltr'><strong>per</strong></span> <span class='ocrx_word' id='word_1_98' title='bbox 1003 703 1088 726; x_wconf 87' lang='lat' dir='ltr'><strong>totum</strong></span> 
     </span>
    </p>
   </div>
   <div class='ocr_carea' id='block_1_16' title="bbox 301 745 1089 781">
    <p class='ocr_par' dir='ltr' id='par_1_16' title="bbox 301 745 1089 781">
     <span class='ocr_line' id='line_1_16' title="bbox 301 745 1089 781; baseline 0.003 -9"><span class='ocrx_word' id='word_1_99' title='bbox 301 745 395 772; x_wconf 84' lang='lat' dir='ltr'><strong>orbem</strong></span> <span class='ocrx_word' id='word_1_100' title='bbox 412 745 508 772; x_wconf 86' lang='lat' dir='ltr'><strong>altaria</strong></span> <span class='ocrx_word' id='word_1_101' title='bbox 528 750 747 781; x_wconf 79' lang='lat' dir='ltr'><strong>exstruerentur,</strong></span> <span class='ocrx_word' id='word_1_102' title='bbox 763 747 868 773; x_wconf 89' lang='lat' dir='ltr'><strong>nullum</strong></span> <span class='ocrx_word' id='word_1_103' title='bbox 887 747 1007 774; x_wconf 87' lang='lat' dir='ltr'><strong>habuere</strong></span> <span class='ocrx_word' id='word_1_104' title='bbox 1028 753 1089 781; x_wconf 88' lang='lat' dir='ltr'><strong>per-</strong></span> 
     </span>
    </p>
   </div>
   <div class='ocr_carea' id='block_1_17' title="bbox 303 789 1099 827">
    <p class='ocr_par' dir='ltr' id='par_1_17' title="bbox 303 789 1099 827">
     <span class='ocr_line' id='line_1_17' title="bbox 303 789 1099 827; baseline 0.004 -10"><span class='ocrx_word' id='word_1_105' title='bbox 303 789 418 825; x_wconf 71' lang='lat' dir='ltr'><strong>fugium,</strong></span> <span class='ocrx_word' id='word_1_106' title='bbox 433 795 461 818; x_wconf 87' lang='lat' dir='ltr'><strong>at</strong></span> <span class='ocrx_word' id='word_1_107' title='bbox 479 791 610 819; x_wconf 89' lang='lat' dir='ltr'><strong>diuturno</strong></span> <span class='ocrx_word' id='word_1_108' title='bbox 630 795 754 827; x_wconf 89' lang='lat' dir='ltr'><strong>tempore</strong></span> <span class='ocrx_word' id='word_1_109' title='bbox 775 792 936 820; x_wconf 72' lang='lat' dir='ltr'><strong>errabunda!</strong></span> <span class='ocrx_word' id='word_1_110' title='bbox 953 792 1099 827; x_wconf 39' lang='lat' dir='ltr'><strong>pellebana</strong></span> 
     </span>
    </p>
   </div>
   <div class='ocr_carea' id='block_1_18' title="bbox 302 837 1090 874">
    <p class='ocr_par' dir='ltr' id='par_1_18' title="bbox 302 837 1090 874">
     <span class='ocr_line' id='line_1_18' title="bbox 302 837 1090 874; baseline 0.004 -11"><span class='ocrx_word' id='word_1_111' title='bbox 302 841 347 863; x_wconf 91' lang='lat' dir='ltr'><strong>tur</strong></span> <span class='ocrx_word' id='word_1_112' title='bbox 360 841 387 864; x_wconf 87' lang='lat' dir='ltr'><strong>et</strong></span> <span class='ocrx_word' id='word_1_113' title='bbox 403 837 583 872; x_wconf 81' lang='lat' dir='ltr'><strong>captabantur</strong></span> <span class='ocrx_word' id='word_1_114' title='bbox 598 845 612 865; x_wconf 87' lang='lat' dir='ltr'><strong>a</strong></span> <span class='ocrx_word' id='word_1_115' title='bbox 627 839 813 866; x_wconf 80' lang='lat' dir='ltr'><strong>venatoribus.</strong></span> <span class='ocrx_word' id='word_1_116' title='bbox 829 838 892 867; x_wconf 88' lang='lat' dir='ltr'><strong>Ideo</strong></span> <span class='ocrx_word' id='word_1_117' title='bbox 901 839 948 874; x_wconf 91' lang='lat' dir='ltr'><strong>qui</strong></span> <span class='ocrx_word' id='word_1_118' title='bbox 964 846 1013 866; x_wconf 90' lang='lat' dir='ltr'><strong>ceu</strong></span> <span class='ocrx_word' id='word_1_119' title='bbox 1026 846 1090 873; x_wconf 82' lang='lat' dir='ltr'><strong>pas-</strong></span> 
     </span>
    </p>
   </div>
   <div class='ocr_carea' id='block_1_19' title="bbox 302 883 1087 919">
    <p class='ocr_par' dir='ltr' id='par_1_19' title="bbox 302 883 1087 919">
     <span class='ocr_line' id='line_1_19' title="bbox 302 883 1087 919; baseline 0.001 -9"><span class='ocrx_word' id='word_1_120' title='bbox 302 891 348 910; x_wconf 85' lang='lat' dir='ltr'><strong>ser</strong></span> <span class='ocrx_word' id='word_1_121' title='bbox 368 883 529 918; x_wconf 81' lang='lat' dir='ltr'><strong>pellebatur,</strong></span> <span class='ocrx_word' id='word_1_122' title='bbox 557 884 614 911; x_wconf 63' lang='lat' dir='ltr'><strong>heec</strong></span> <span class='ocrx_word' id='word_1_123' title='bbox 637 883 745 911; x_wconf 84' lang='lat' dir='ltr'><strong>dicebat</strong></span> <span class='ocrx_word' id='word_1_124' title='bbox 761 894 767 911; x_wconf 74' lang='grc' dir='ltr'><strong>ε</strong></span> <span class='ocrx_word' id='word_1_125' title='bbox 784 884 816 911; x_wconf 81' lang='lat' dir='ltr'><strong>In</strong></span> <span class='ocrx_word' id='word_1_126' title='bbox 838 884 950 911; x_wconf 80' lang='lat' dir='ltr'><strong>Domino</strong></span> <span class='ocrx_word' id='word_1_127' title='bbox 973 884 1087 919; x_wconf 83' lang='lat' dir='ltr'><strong>conﬁdo,</strong></span> 
     </span>
    </p>
   </div>
   <div class='ocr_carea' id='block_1_20' title="bbox 1140 288 1926 327">
    <p class='ocr_par' dir='ltr' id='par_1_20' title="bbox 1140 288 1926 327">
     <span class='ocr_line' id='line_1_20' title="bbox 1140 288 1926 327; baseline 0.008 -13"><span class='ocrx_word' id='word_1_128' title='bbox 1140 288 1292 324; x_wconf 79' lang='grc' dir='ltr'>σεμνότητα</span> <span class='ocrx_word' id='word_1_129' title='bbox 1309 289 1356 315; x_wconf 76' lang='grc' dir='ltr'>καὶ</span> <span class='ocrx_word' id='word_1_130' title='bbox 1372 289 1549 325; x_wconf 85' lang='grc' dir='ltr'><strong>σωφροσύνην</strong></span> <span class='ocrx_word' id='word_1_131' title='bbox 1563 289 1683 316; x_wconf 79' lang='grc' dir='ltr'>ἀσκοῦσα</span> <span class='ocrx_word' id='word_1_132' title='bbox 1691 291 1770 327; x_wconf 72' lang='grc' dir='ltr'><strong>-ψυχῆ</strong></span> <span class='ocrx_word' id='word_1_133' title='bbox 1797 293 1926 326; x_wconf 78' lang='grc' dir='ltr'>(τοιοῦτον</span> 
     </span>
    </p>
   </div>
   <div class='ocr_carea' id='block_1_21' title="bbox 1139 332 1927 373">
    <p class='ocr_par' dir='ltr' id='par_1_21' title="bbox 1139 332 1927 373">
     <span class='ocr_line' id='line_1_21' title="bbox 1139 332 1927 373; baseline 0.004 -13"><span class='ocrx_word' id='word_1_134' title='bbox 1139 333 1194 369; x_wconf 85' lang='grc' dir='ltr'>γὰρ</span> <span class='ocrx_word' id='word_1_135' title='bbox 1206 332 1275 360; x_wconf 80' lang='grc' dir='ltr'>εἶναι</span> <span class='ocrx_word' id='word_1_136' title='bbox 1292 334 1396 368; x_wconf 82' lang='grc' dir='ltr'>λέγεται</span> <span class='ocrx_word' id='word_1_137' title='bbox 1411 334 1441 361; x_wconf 83' lang='grc' dir='ltr'><strong>τὸ</strong></span> <span class='ocrx_word' id='word_1_138' title='bbox 1459 334 1573 369; x_wconf 69' lang='grc' dir='ltr'>ὄρνεον),</span> <span class='ocrx_word' id='word_1_139' title='bbox 1589 335 1780 371; x_wconf 72' lang='grc' dir='ltr'>ἀποκλᾳομένη</span> <span class='ocrx_word' id='word_1_140' title='bbox 1799 337 1847 362; x_wconf 77' lang='grc' dir='ltr'>καὶ</span> <span class='ocrx_word' id='word_1_141' title='bbox 1862 336 1927 373; x_wconf 82' lang='grc' dir='ltr'><strong>θρη-</strong></span> 
     </span>
    </p>
   </div>
   <div class='ocr_carea' id='block_1_22' title="bbox 1140 378 1928 418">
    <p class='ocr_par' dir='ltr' id='par_1_22' title="bbox 1140 378 1928 418">
     <span class='ocr_line' id='line_1_22' title="bbox 1140 378 1928 418; baseline 0.004 -13"><span class='ocrx_word' id='word_1_142' title='bbox 1140 379 1223 406; x_wconf 79' lang='grc' dir='ltr'>νοῦσα</span> <span class='ocrx_word' id='word_1_143' title='bbox 1239 380 1288 416; x_wconf 82' lang='grc' dir='ltr'>τὴν</span> <span class='ocrx_word' id='word_1_144' title='bbox 1304 381 1332 407; x_wconf 82' lang='grc' dir='ltr'><strong>ἐν</strong></span> <span class='ocrx_word' id='word_1_145' title='bbox 1346 380 1498 415; x_wconf 81' lang='grc' dir='ltr'>ἀνθρώποις</span> <span class='ocrx_word' id='word_1_146' title='bbox 1510 380 1619 413; x_wconf 78' lang='grc' dir='ltr'><strong>κακίαν,</strong></span> <span class='ocrx_word' id='word_1_147' title='bbox 1635 378 1698 416; x_wconf 76' lang='grc' dir='ltr'>εὗρε</span> <span class='ocrx_word' id='word_1_148' title='bbox 1711 382 1870 418; x_wconf 82' lang='grc' dir='ltr'>καταφυγὴν</span> <span class='ocrx_word' id='word_1_149' title='bbox 1883 382 1928 409; x_wconf 78' lang='grc' dir='ltr'><strong>καὶ</strong></span> 
     </span>
    </p>
   </div>
   <div class='ocr_carea' id='block_1_23' title="bbox 1139 423 1929 463">
    <p class='ocr_par' dir='ltr' id='par_1_23' title="bbox 1139 423 1929 463">
     <span class='ocr_line' id='line_1_23' title="bbox 1139 423 1929 463; baseline 0.005 -13"><span class='ocrx_word' id='word_1_150' title='bbox 1139 424 1207 460; x_wconf 84' lang='grc' dir='ltr'>αὑτὴ</span> <span class='ocrx_word' id='word_1_151' title='bbox 1222 425 1256 451; x_wconf 75' lang='grc' dir='ltr'><strong>τὰ</strong></span> <span class='ocrx_word' id='word_1_152' title='bbox 1276 425 1335 451; x_wconf 85' lang='grc' dir='ltr'>καθ’</span> <span class='ocrx_word' id='word_1_153' title='bbox 1349 425 1413 461; x_wconf 80' lang='grc' dir='ltr'><strong>ὅλης</strong></span> <span class='ocrx_word' id='word_1_154' title='bbox 1430 427 1478 460; x_wconf 85' lang='grc' dir='ltr'><strong>τῆς</strong></span> <span class='ocrx_word' id='word_1_155' title='bbox 1493 426 1655 461; x_wconf 80' lang='grc' dir='ltr'><strong>οἰκουμένης</strong></span> <span class='ocrx_word' id='word_1_156' title='bbox 1670 423 1810 462; x_wconf 71' lang='grc' dir='ltr'><strong>ἱδρυθέντα</strong></span> <span class='ocrx_word' id='word_1_157' title='bbox 1823 427 1868 454; x_wconf 75' lang='grc' dir='ltr'><strong>διὰ</strong></span> <span class='ocrx_word' id='word_1_158' title='bbox 1879 428 1929 463; x_wconf 73' lang='grc' dir='ltr'>τῆς</span> 
     </span>
    </p>
   </div>
   <div class='ocr_carea' id='block_1_24' title="bbox 1138 469 1929 507">
    <p class='ocr_par' dir='ltr' id='par_1_24' title="bbox 1138 469 1929 507">
     <span class='ocr_line' id='line_1_24' title="bbox 1138 469 1929 507; baseline 0.004 -12"><span class='ocrx_word' id='word_1_159' title='bbox 1138 469 1185 495; x_wconf 81' lang='grc' dir='ltr'><strong>τοῦ</strong></span> <span class='ocrx_word' id='word_1_160' title='bbox 1199 470 1316 506; x_wconf 82' lang='grc' dir='ltr'><strong>Χριστοῦ</strong></span> <span class='ocrx_word' id='word_1_161' title='bbox 1333 479 1379 496; x_wconf 88' lang='grc' dir='ltr'><strong>σου</strong></span> <span class='ocrx_word' id='word_1_162' title='bbox 1392 470 1563 503; x_wconf 75' lang='grc' dir='ltr'><strong>διδασκαλίας</strong></span> <span class='ocrx_word' id='word_1_163' title='bbox 1583 471 1776 507; x_wconf 78' lang='grc' dir='ltr'><strong>θυσιαστήρια·</strong></span> <span class='ocrx_word' id='word_1_164' title='bbox 1796 471 1861 498; x_wconf 74' lang='grc' dir='ltr'><strong>ἔνθα</strong></span> <span class='ocrx_word' id='word_1_165' title='bbox 1877 472 1929 498; x_wconf 79' lang='grc' dir='ltr'><strong>ὥσ-</strong></span> 
     </span>
    </p>
   </div>
   <div class='ocr_carea' id='block_1_25' title="bbox 1139 516 1929 553">
    <p class='ocr_par' dir='ltr' id='par_1_25' title="bbox 1139 516 1929 553">
     <span class='ocr_line' id='line_1_25' title="bbox 1139 516 1929 553; baseline 0.004 -12"><span class='ocrx_word' id='word_1_166' title='bbox 1139 523 1192 550; x_wconf 82' lang='grc' dir='ltr'>περ</span> <span class='ocrx_word' id='word_1_167' title='bbox 1209 517 1237 542; x_wconf 93' lang='grc' dir='ltr'><strong>ἐν</strong></span> <span class='ocrx_word' id='word_1_168' title='bbox 1261 516 1369 547; x_wconf 78' lang='grc' dir='ltr'><strong>καλιαῖς</strong></span> <span class='ocrx_word' id='word_1_169' title='bbox 1391 516 1438 542; x_wconf 77' lang='grc' dir='ltr'>καὶ</span> <span class='ocrx_word' id='word_1_170' title='bbox 1455 517 1587 548; x_wconf 80' lang='grc' dir='ltr'>νεοττιαις</span> <span class='ocrx_word' id='word_1_171' title='bbox 1603 517 1637 543; x_wconf 78' lang='grc' dir='ltr'>τὰ</span> <span class='ocrx_word' id='word_1_172' title='bbox 1657 517 1786 553; x_wconf 79' lang='grc' dir='ltr'>ἀρτιγενῆ</span> <span class='ocrx_word' id='word_1_173' title='bbox 1808 517 1858 544; x_wconf 79' lang='grc' dir='ltr'><strong>καὶ</strong></span> <span class='ocrx_word' id='word_1_174' title='bbox 1877 526 1929 544; x_wconf 88' lang='grc' dir='ltr'>νεο-</span> 
     </span>
    </p>
   </div>
   <div class='ocr_carea' id='block_1_26' title="bbox 1139 561 1929 598">
    <p class='ocr_par' dir='ltr' id='par_1_26' title="bbox 1139 561 1929 598">
     <span class='ocr_line' id='line_1_26' title="bbox 1139 561 1929 598; baseline 0.005 -11"><span class='ocrx_word' id='word_1_175' title='bbox 1139 561 1190 595; x_wconf 80' lang='grc' dir='ltr'>γνὰ</span> <span class='ocrx_word' id='word_1_176' title='bbox 1201 561 1254 588; x_wconf 84' lang='grc' dir='ltr'><strong>τῶν</strong></span> <span class='ocrx_word' id='word_1_177' title='bbox 1267 562 1353 597; x_wconf 76' lang='grc' dir='ltr'>αὐτῆς</span> <span class='ocrx_word' id='word_1_178' title='bbox 1372 562 1474 590; x_wconf 82' lang='grc' dir='ltr'>τέκνων</span> <span class='ocrx_word' id='word_1_179' title='bbox 1489 563 1665 598; x_wconf 80' lang='grc' dir='ltr'>ἀποθήσεται,</span> <span class='ocrx_word' id='word_1_180' title='bbox 1682 563 1792 598; x_wconf 78' lang='grc' dir='ltr'><strong>ἀσφαλῆ</strong></span> <span class='ocrx_word' id='word_1_181' title='bbox 1810 563 1859 590; x_wconf 75' lang='grc' dir='ltr'><strong>καὶ</strong></span> <span class='ocrx_word' id='word_1_182' title='bbox 1873 564 1929 591; x_wconf 81' lang='grc' dir='ltr'>ἀνε-</span> 
     </span>
    </p>
   </div>
   <div class='ocr_carea' id='block_1_27' title="bbox 1139 607 1927 644">
    <p class='ocr_par' dir='ltr' id='par_1_27' title="bbox 1139 607 1927 644">
     <span class='ocr_line' id='line_1_27' title="bbox 1139 607 1927 644; baseline 0.004 -11"><span class='ocrx_word' id='word_1_183' title='bbox 1139 607 1313 634; x_wconf 76' lang='grc' dir='ltr'>πιϐούλευτον</span> <span class='ocrx_word' id='word_1_184' title='bbox 1335 608 1454 644; x_wconf 78' lang='grc' dir='ltr'>εὑροῦσα</span> <span class='ocrx_word' id='word_1_185' title='bbox 1475 609 1531 640; x_wconf 79' lang='grc' dir='ltr'>τοῖς</span> <span class='ocrx_word' id='word_1_186' title='bbox 1557 609 1655 644; x_wconf 79' lang='grc' dir='ltr'>ἑαυτῆς</span> <span class='ocrx_word' id='word_1_187' title='bbox 1683 610 1799 640; x_wconf 76' lang='grc' dir='ltr'><strong>νεοττοῖς</strong></span> <span class='ocrx_word' id='word_1_188' title='bbox 1829 609 1927 644; x_wconf 83' lang='grc' dir='ltr'>μονήν·</span> 
     </span>
    </p>
   </div>
   <div class='ocr_carea' id='block_1_28' title="bbox 1138 650 1928 690">
    <p class='ocr_par' dir='ltr' id='par_1_28' title="bbox 1138 650 1928 690">
     <span class='ocr_line' id='line_1_28' title="bbox 1138 650 1928 690; baseline 0.003 -11"><span class='ocrx_word' id='word_1_189' title='bbox 1138 652 1207 679; x_wconf 67' lang='grc' dir='ltr'>ὥστε</span> <span class='ocrx_word' id='word_1_190' title='bbox 1221 650 1334 680; x_wconf 73' lang='grc' dir='ltr'>εἶναιτὰ</span> <span class='ocrx_word' id='word_1_191' title='bbox 1356 654 1534 690; x_wconf 78' lang='grc' dir='ltr'>θυσιαστήριά</span> <span class='ocrx_word' id='word_1_192' title='bbox 1555 663 1601 680; x_wconf 87' lang='grc' dir='ltr'><strong>σου</strong></span> <span class='ocrx_word' id='word_1_193' title='bbox 1618 654 1750 689; x_wconf 84' lang='grc' dir='ltr'>στρουθίῳ</span> <span class='ocrx_word' id='word_1_194' title='bbox 1767 654 1817 689; x_wconf 82' lang='grc' dir='ltr'>μὲν</span> <span class='ocrx_word' id='word_1_195' title='bbox 1830 655 1928 687; x_wconf 74' lang='grc' dir='ltr'>οὶκίαν,</span> 
     </span>
    </p>
   </div>
   <div class='ocr_carea' id='block_1_29' title="bbox 1139 698 1929 736">
    <p class='ocr_par' dir='ltr' id='par_1_29' title="bbox 1139 698 1929 736">
     <span class='ocr_line' id='line_1_29' title="bbox 1139 698 1929 736; baseline 0.004 -12"><span class='ocrx_word' id='word_1_196' title='bbox 1139 698 1234 724; x_wconf 80' lang='grc' dir='ltr'>καλιὰν</span> <span class='ocrx_word' id='word_1_197' title='bbox 1250 699 1278 726; x_wconf 78' lang='grc' dir='ltr'><strong>δὲ</strong></span> <span class='ocrx_word' id='word_1_198' title='bbox 1290 699 1409 734; x_wconf 77' lang='grc' dir='ltr'>τρυγόνι.</span> <span class='ocrx_word' id='word_1_199' title='bbox 1425 699 1517 726; x_wconf 81' lang='grc' dir='ltr'>Ταῦτα</span> <span class='ocrx_word' id='word_1_200' title='bbox 1531 700 1584 735; x_wconf 79' lang='grc' dir='ltr'><strong>γὰρ</strong></span> <span class='ocrx_word' id='word_1_201' title='bbox 1597 699 1631 726; x_wconf 76' lang='grc' dir='ltr'>τὰ</span> <span class='ocrx_word' id='word_1_202' title='bbox 1643 700 1734 736; x_wconf 74' lang='grc' dir='ltr'>ὄρνεα,</span> <span class='ocrx_word' id='word_1_203' title='bbox 1748 700 1778 726; x_wconf 80' lang='grc' dir='ltr'>τὸ</span> <span class='ocrx_word' id='word_1_204' title='bbox 1791 700 1929 736; x_wconf 78' lang='grc' dir='ltr'>στρουθίον</span> 
     </span>
    </p>
   </div>
   <div class='ocr_carea' id='block_1_30' title="bbox 1139 744 1929 780">
    <p class='ocr_par' dir='ltr' id='par_1_30' title="bbox 1139 744 1929 780">
     <span class='ocr_line' id='line_1_30' title="bbox 1139 744 1929 780; baseline 0.004 -10"><span class='ocrx_word' id='word_1_205' title='bbox 1139 744 1209 778; x_wconf 83' lang='grc' dir='ltr'>λέγω</span> <span class='ocrx_word' id='word_1_206' title='bbox 1230 745 1275 770; x_wconf 85' lang='grc' dir='ltr'>καὶ</span> <span class='ocrx_word' id='word_1_207' title='bbox 1296 746 1312 779; x_wconf 81' lang='grc' dir='ltr'>ἡ</span> <span class='ocrx_word' id='word_1_208' title='bbox 1327 745 1445 780; x_wconf 75' lang='grc' dir='ltr'>τρυγὼν,</span> <span class='ocrx_word' id='word_1_209' title='bbox 1471 745 1554 771; x_wconf 82' lang='grc' dir='ltr'>πάλαι</span> <span class='ocrx_word' id='word_1_210' title='bbox 1578 745 1640 780; x_wconf 84' lang='grc' dir='ltr'>μὲν,</span> <span class='ocrx_word' id='word_1_211' title='bbox 1655 745 1707 780; x_wconf 77' lang='grc' dir='ltr'><strong>πρὸ</strong></span> <span class='ocrx_word' id='word_1_212' title='bbox 1727 745 1774 772; x_wconf 82' lang='grc' dir='ltr'>τοῦ</span> <span class='ocrx_word' id='word_1_213' title='bbox 1797 745 1929 780; x_wconf 73' lang='grc' dir='ltr'>συστῆναι</span> 
     </span>
    </p>
   </div>
   <div class='ocr_carea' id='block_1_31' title="bbox 1138 790 1927 828">
    <p class='ocr_par' dir='ltr' id='par_1_31' title="bbox 1138 790 1927 828">
     <span class='ocr_line' id='line_1_31' title="bbox 1138 790 1927 828; baseline 0.004 -12"><span class='ocrx_word' id='word_1_214' title='bbox 1138 791 1172 817; x_wconf 76' lang='grc' dir='ltr'>τὰ</span> <span class='ocrx_word' id='word_1_215' title='bbox 1185 791 1320 826; x_wconf 73' lang='grc' dir='ltr'>πανταχοῦ</span> <span class='ocrx_word' id='word_1_216' title='bbox 1333 792 1386 827; x_wconf 84' lang='grc' dir='ltr'>γῆς</span> <span class='ocrx_word' id='word_1_217' title='bbox 1406 791 1594 827; x_wconf 80' lang='grc' dir='ltr'>θυσιαστήρια,</span> <span class='ocrx_word' id='word_1_218' title='bbox 1614 792 1664 818; x_wconf 82' lang='grc' dir='ltr'>οὐκ</span> <span class='ocrx_word' id='word_1_219' title='bbox 1679 790 1734 827; x_wconf 81' lang='grc' dir='ltr'>εἶχε</span> <span class='ocrx_word' id='word_1_220' title='bbox 1752 793 1927 828; x_wconf 78' lang='grc' dir='ltr'>καταφυγήν·</span> 
     </span>
    </p>
   </div>
   <div class='ocr_carea' id='block_1_32' title="bbox 1138 834 1930 873">
    <p class='ocr_par' dir='ltr' id='par_1_32' title="bbox 1138 834 1930 873">
     <span class='ocr_line' id='line_1_32' title="bbox 1138 834 1930 873; baseline 0.001 -10"><span class='ocrx_word' id='word_1_221' title='bbox 1138 837 1273 864; x_wconf 75' lang='grc' dir='ltr'><strong>ἐπλανᾶτο</strong></span> <span class='ocrx_word' id='word_1_222' title='bbox 1295 837 1322 864; x_wconf 82' lang='grc' dir='ltr'><strong>δὲ</strong></span> <span class='ocrx_word' id='word_1_223' title='bbox 1346 839 1460 873; x_wconf 77' lang='grc' dir='ltr'><strong>μακροῖς</strong></span> <span class='ocrx_word' id='word_1_224' title='bbox 1485 838 1600 873; x_wconf 78' lang='grc' dir='ltr'><strong>χρόνοις,</strong></span> <span class='ocrx_word' id='word_1_225' title='bbox 1627 839 1654 863; x_wconf 88' lang='grc' dir='ltr'><strong>ἐν</strong></span> <span class='ocrx_word' id='word_1_226' title='bbox 1673 834 1714 869; x_wconf 74' lang='grc' dir='ltr'>οἷς</span> <span class='ocrx_word' id='word_1_227' title='bbox 1735 837 1868 873; x_wconf 76' lang='grc' dir='ltr'>ἠλαύνετο</span> <span class='ocrx_word' id='word_1_228' title='bbox 1885 839 1930 866; x_wconf 78' lang='grc' dir='ltr'>καὶ</span> 
     </span>
    </p>
   </div>
   <div class='ocr_carea' id='block_1_33' title="bbox 1140 883 1929 920">
    <p class='ocr_par' dir='ltr' id='par_1_33' title="bbox 1140 883 1929 920">
     <span class='ocr_line' id='line_1_33' title="bbox 1140 883 1929 920; baseline 0.001 -11"><span class='ocrx_word' id='word_1_229' title='bbox 1140 883 1264 910; x_wconf 78' lang='grc' dir='ltr'><strong>ἐδιώκετο</strong></span> <span class='ocrx_word' id='word_1_230' title='bbox 1280 884 1347 919; x_wconf 82' lang='grc' dir='ltr'>πρὸς</span> <span class='ocrx_word' id='word_1_231' title='bbox 1361 883 1413 910; x_wconf 84' lang='grc' dir='ltr'>τῶν</span> <span class='ocrx_word' id='word_1_232' title='bbox 1429 884 1575 919; x_wconf 80' lang='grc' dir='ltr'>θηρευτῶν.</span> <span class='ocrx_word' id='word_1_233' title='bbox 1594 884 1639 910; x_wconf 78' lang='grc' dir='ltr'>Διὸ</span> <span class='ocrx_word' id='word_1_234' title='bbox 1658 884 1691 917; x_wconf 84' lang='grc' dir='ltr'>δὴ</span> <span class='ocrx_word' id='word_1_235' title='bbox 1710 883 1802 918; x_wconf 74' lang='grc' dir='ltr'>ελεγον</span> <span class='ocrx_word' id='word_1_236' title='bbox 1819 885 1835 910; x_wconf 82' lang='grc' dir='ltr'><strong>ὁ</strong></span> <span class='ocrx_word' id='word_1_237' title='bbox 1854 884 1929 920; x_wconf 74' lang='grc' dir='ltr'>δίκην</span> 
     </span>
    </p>
   </div>
   <div class='ocr_carea' id='block_1_34' title="bbox 301 929 1088 965">
    <p class='ocr_par' dir='ltr' id='par_1_34' title="bbox 301 929 1088 965">
     <span class='ocr_line' id='line_1_34' title="bbox 301 929 1088 965; baseline 0.001 -9"><span class='ocrx_word' id='word_1_238' title='bbox 301 929 430 964; x_wconf 84' lang='lat' dir='ltr'><strong>quomodo</strong></span> <span class='ocrx_word' id='word_1_239' title='bbox 455 930 548 957; x_wconf 76' lang='lat' dir='ltr'><strong>dicetis</strong></span> <span class='ocrx_word' id='word_1_240' title='bbox 565 931 661 958; x_wconf 69' lang='lat' dir='ltr'><strong>animw</strong></span> <span class='ocrx_word' id='word_1_241' title='bbox 684 939 759 962; x_wconf 60' lang='lat' dir='ltr'><strong>meai,</strong></span> <span class='ocrx_word' id='word_1_242' title='bbox 783 930 956 965; x_wconf 79' lang='lat' dir='ltr'><strong>Transmigra</strong></span> <span class='ocrx_word' id='word_1_243' title='bbox 974 931 1002 957; x_wconf 74' lang='lat' dir='ltr'><strong>in</strong></span> <span class='ocrx_word' id='word_1_244' title='bbox 1016 938 1088 957; x_wconf 82' lang='lat' dir='ltr'><strong>mon-</strong></span> 
     </span>
    </p>
   </div>
   <div class='ocr_carea' id='block_1_35' title="bbox 1139 929 1928 965">
    <p class='ocr_par' dir='ltr' id='par_1_35' title="bbox 1142 929 1928 964">
     <span class='ocr_line' id='line_1_35' title="bbox 1142 929 1928 964; baseline 0.001 -9"><span class='ocrx_word' id='word_1_245' title='bbox 1142 929 1282 964; x_wconf 82' lang='grc' dir='ltr'>στρουθίου</span> <span class='ocrx_word' id='word_1_246' title='bbox 1308 930 1498 964; x_wconf 73' lang='grc' dir='ltr'><strong>ἐλαυνόμενος·</strong></span> <span class='ocrx_word' id='word_1_247' title='bbox 1522 930 1583 956; x_wconf 78' lang='grc' dir='ltr'><strong>Ἐπὶ</strong></span> <span class='ocrx_word' id='word_1_248' title='bbox 1610 929 1650 961; x_wconf 84' lang='grc' dir='ltr'><strong>τῷ</strong></span> <span class='ocrx_word' id='word_1_249' title='bbox 1668 930 1766 963; x_wconf 84' lang='grc' dir='ltr'><strong>Κυρίῳ</strong></span> <span class='ocrx_word' id='word_1_250' title='bbox 1791 930 1928 961; x_wconf 78' lang='grc' dir='ltr'>πέποιθα,</span> 
     </span>
    </p>
   </div>
   <div class='ocr_carea' id='block_1_36' title="bbox 303 976 1088 1011">
    <p class='ocr_par' dir='ltr' id='par_1_36' title="bbox 303 976 1088 1011">
     <span class='ocr_line' id='line_1_36' title="bbox 303 976 1088 1011; baseline 0 -9"><span class='ocrx_word' id='word_1_251' title='bbox 303 980 353 1002; x_wconf 82' lang='lat' dir='ltr'><strong>tem</strong></span> <span class='ocrx_word' id='word_1_252' title='bbox 368 976 436 1002; x_wconf 77' lang='lat' dir='ltr'><strong>sicut</strong></span> <span class='ocrx_word' id='word_1_253' title='bbox 455 977 565 1009; x_wconf 75' lang='lat' dir='ltr'><strong>passer?</strong></span> <span class='ocrx_word' id='word_1_254' title='bbox 598 976 682 1004; x_wconf 87' lang='lat' dir='ltr'><strong>Iidem</strong></span> <span class='ocrx_word' id='word_1_255' title='bbox 699 984 762 1003; x_wconf 90' lang='lat' dir='ltr'><strong>vero</strong></span> <span class='ocrx_word' id='word_1_256' title='bbox 789 976 840 1011; x_wconf 86' lang='lat' dir='ltr'><strong>ipsi</strong></span> <span class='ocrx_word' id='word_1_257' title='bbox 861 984 894 1003; x_wconf 84' lang='lat' dir='ltr'><strong>ex</strong></span> <span class='ocrx_word' id='word_1_258' title='bbox 913 976 1088 1003; x_wconf 89' lang='lat' dir='ltr'><strong>inimicorum</strong></span> 
     </span>
    </p>
   </div>
   <div class='ocr_carea' id='block_1_37' title="bbox 301 1020 1090 1055">
    <p class='ocr_par' dir='ltr' id='par_1_37' title="bbox 301 1020 1090 1055">
     <span class='ocr_line' id='line_1_37' title="bbox 301 1020 1090 1055; baseline -0.001 -8"><span class='ocrx_word' id='word_1_259' title='bbox 301 1021 429 1047; x_wconf 85' lang='lat' dir='ltr'><strong>manibus</strong></span> <span class='ocrx_word' id='word_1_260' title='bbox 449 1020 546 1055; x_wconf 87' lang='lat' dir='ltr'><strong>erepti,</strong></span> <span class='ocrx_word' id='word_1_261' title='bbox 562 1020 620 1048; x_wconf 64' lang='lat' dir='ltr'><strong>haec</strong></span> <span class='ocrx_word' id='word_1_262' title='bbox 643 1020 844 1048; x_wconf 76' lang='lat' dir='ltr'><strong>conﬁtebantur</strong></span> <span class='ocrx_word' id='word_1_263' title='bbox 859 1030 866 1047; x_wconf 88' lang='lat'><strong>:</strong></span> <span class='ocrx_word' id='word_1_264' title='bbox 881 1020 979 1047; x_wconf 79' lang='lat' dir='ltr'><strong>Anima</strong></span> <span class='ocrx_word' id='word_1_265' title='bbox 998 1025 1090 1047; x_wconf 70' lang='lat' dir='ltr'><strong>nostra</strong></span> 
     </span>
    </p>
   </div>
   <div class='ocr_carea' id='block_1_38' title="bbox 301 1066 1089 1102">
    <p class='ocr_par' dir='ltr' id='par_1_38' title="bbox 301 1066 1089 1102">
     <span class='ocr_line' id='line_1_38' title="bbox 301 1066 1089 1102; baseline 0.001 -9"><span class='ocrx_word' id='word_1_266' title='bbox 301 1066 368 1093; x_wconf 71' lang='lat' dir='ltr'><strong>sicut</strong></span> <span class='ocrx_word' id='word_1_267' title='bbox 387 1074 479 1100; x_wconf 78' lang='lat' dir='ltr'><strong>passer</strong></span> <span class='ocrx_word' id='word_1_268' title='bbox 509 1071 598 1100; x_wconf 76' lang='lat' dir='ltr'><strong>erepta</strong></span> <span class='ocrx_word' id='word_1_269' title='bbox 620 1071 659 1094; x_wconf 80' lang='lat' dir='ltr'><strong>est</strong></span> <span class='ocrx_word' id='word_1_270' title='bbox 679 1067 712 1094; x_wconf 82' lang='lat' dir='ltr'><strong>de</strong></span> <span class='ocrx_word' id='word_1_271' title='bbox 735 1067 827 1102; x_wconf 77' lang='lat' dir='ltr'><strong>laqueo</strong></span> <span class='ocrx_word' id='word_1_272' title='bbox 849 1069 1008 1094; x_wconf 77' lang='lat' dir='ltr'><strong>venantium.</strong></span> <span class='ocrx_word' id='word_1_273' title='bbox 1033 1067 1089 1094; x_wconf 85' lang='lat' dir='ltr'><strong>Oc-</strong></span> 
     </span>
    </p>
   </div>
   <div class='ocr_carea' id='block_1_39' title="bbox 301 1113 1090 1148">
    <p class='ocr_par' dir='ltr' id='par_1_39' title="bbox 301 1113 1090 1148">
     <span class='ocr_line' id='line_1_39' title="bbox 301 1113 1090 1148; baseline 0.003 -9"><span class='ocrx_word' id='word_1_274' title='bbox 301 1113 369 1140; x_wconf 88' lang='lat' dir='ltr'><strong>eulti</strong></span> <span class='ocrx_word' id='word_1_275' title='bbox 389 1121 457 1148; x_wconf 74' lang='lat' dir='ltr'><strong>ergo</strong></span> <span class='ocrx_word' id='word_1_276' title='bbox 471 1116 497 1140; x_wconf 92' lang='lat' dir='ltr'><strong>et</strong></span> <span class='ocrx_word' id='word_1_277' title='bbox 512 1113 664 1141; x_wconf 81' lang='lat' dir='ltr'><strong>invisibiles</strong></span> <span class='ocrx_word' id='word_1_278' title='bbox 676 1117 820 1141; x_wconf 82' lang='lat' dir='ltr'><strong>venatores</strong></span> <span class='ocrx_word' id='word_1_279' title='bbox 852 1114 995 1142; x_wconf 87' lang='lat' dir='ltr'><strong>animabus</strong></span> <span class='ocrx_word' id='word_1_280' title='bbox 1007 1113 1090 1141; x_wconf 74' lang='lat' dir='ltr'><strong>caele-</strong></span> 
     </span>
    </p>
   </div>
   <div class='ocr_carea' id='block_1_40' title="bbox 302 1159 1087 1194">
    <p class='ocr_par' dir='ltr' id='par_1_40' title="bbox 302 1159 1087 1194">
     <span class='ocr_line' id='line_1_40' title="bbox 302 1159 1087 1194; baseline 0 -8"><span class='ocrx_word' id='word_1_281' title='bbox 302 1160 337 1186; x_wconf 86' lang='lat' dir='ltr'><strong>sti</strong></span> <span class='ocrx_word' id='word_1_282' title='bbox 357 1167 389 1187; x_wconf 90' lang='lat' dir='ltr'><strong>ac</strong></span> <span class='ocrx_word' id='word_1_283' title='bbox 413 1160 522 1187; x_wconf 87' lang='lat' dir='ltr'><strong>sublimi</strong></span> <span class='ocrx_word' id='word_1_284' title='bbox 543 1159 605 1186; x_wconf 78' lang='lat' dir='ltr'><strong>vilae</strong></span> <span class='ocrx_word' id='word_1_285' title='bbox 623 1167 735 1194; x_wconf 86' lang='lat' dir='ltr'><strong>operam</strong></span> <span class='ocrx_word' id='word_1_286' title='bbox 759 1159 889 1188; x_wconf 82' lang='lat' dir='ltr'><strong>dantibus</strong></span> <span class='ocrx_word' id='word_1_287' title='bbox 913 1160 1087 1192; x_wconf 82' lang='lat' dir='ltr'><strong>insidiantes,</strong></span> 
     </span>
    </p>
   </div>
   <div class='ocr_carea' id='block_1_41' title="bbox 302 1205 1088 1241">
    <p class='ocr_par' dir='ltr' id='par_1_41' title="bbox 302 1205 1088 1241">
     <span class='ocr_line' id='line_1_41' title="bbox 302 1205 1088 1241; baseline 0.001 -8"><span class='ocrx_word' id='word_1_288' title='bbox 302 1206 370 1233; x_wconf 83' lang='lat' dir='ltr'><strong>retia</strong></span> <span class='ocrx_word' id='word_1_289' title='bbox 395 1210 422 1233; x_wconf 89' lang='lat' dir='ltr'><strong>et</strong></span> <span class='ocrx_word' id='word_1_290' title='bbox 444 1206 558 1241; x_wconf 82' lang='lat' dir='ltr'><strong>laqueos</strong></span> <span class='ocrx_word' id='word_1_291' title='bbox 577 1205 736 1238; x_wconf 82' lang='lat' dir='ltr'><strong>tendebant,</strong></span> <span class='ocrx_word' id='word_1_292' title='bbox 754 1213 786 1233; x_wconf 87' lang='lat' dir='ltr'><strong>ac</strong></span> <span class='ocrx_word' id='word_1_293' title='bbox 812 1206 944 1233; x_wconf 85' lang='lat' dir='ltr'><strong>venabula</strong></span> <span class='ocrx_word' id='word_1_294' title='bbox 966 1206 1088 1241; x_wconf 80' lang='lat' dir='ltr'><strong>cujusvis</strong></span> 
     </span>
    </p>
   </div>
   <div class='ocr_carea' id='block_1_42' title="bbox 301 1251 1088 1287">
    <p class='ocr_par' dir='ltr' id='par_1_42' title="bbox 301 1251 1088 1287">
     <span class='ocr_line' id='line_1_42' title="bbox 301 1251 1088 1287; baseline -0.001 -8"><span class='ocrx_word' id='word_1_295' title='bbox 301 1252 410 1287; x_wconf 71' lang='lat' dir='ltr'><strong>generis</strong></span> <span class='ocrx_word' id='word_1_296' title='bbox 427 1251 599 1279; x_wconf 87' lang='lat' dir='ltr'><strong>adornabant</strong></span> <span class='ocrx_word' id='word_1_297' title='bbox 625 1251 658 1278; x_wconf 84' lang='lat' dir='ltr'><strong>ad</strong></span> <span class='ocrx_word' id='word_1_298' title='bbox 673 1252 789 1279; x_wconf 84' lang='lat' dir='ltr'><strong>insidias</strong></span> <span class='ocrx_word' id='word_1_299' title='bbox 813 1253 958 1287; x_wconf 87' lang='lat' dir='ltr'><strong>parandas.</strong></span> <span class='ocrx_word' id='word_1_300' title='bbox 974 1251 1041 1284; x_wconf 76' lang='lat' dir='ltr'><strong>Qua:</strong></span> <span class='ocrx_word' id='word_1_301' title='bbox 1061 1252 1088 1279; x_wconf 92' lang='lat' dir='ltr'><strong>in</strong></span> 
     </span>
    </p>
   </div>
   <div class='ocr_carea' id='block_1_43' title="bbox 303 1297 1088 1333">
    <p class='ocr_par' dir='ltr' id='par_1_43' title="bbox 303 1297 1088 1333">
     <span class='ocr_line' id='line_1_43' title="bbox 303 1297 1088 1333; baseline -0.003 -8"><span class='ocrx_word' id='word_1_302' title='bbox 303 1298 466 1333; x_wconf 65' lang='lat' dir='ltr'><strong>praecedenti</strong></span> <span class='ocrx_word' id='word_1_303' title='bbox 491 1298 535 1325; x_wconf 90' lang='lat' dir='ltr'><strong>his</strong></span> <span class='ocrx_word' id='word_1_304' title='bbox 569 1297 659 1325; x_wconf 84' lang='lat' dir='ltr'><strong>verbis</strong></span> <span class='ocrx_word' id='word_1_305' title='bbox 684 1297 825 1325; x_wconf 81' lang='lat' dir='ltr'><strong>enuntiata</strong></span> <span class='ocrx_word' id='word_1_306' title='bbox 852 1302 940 1325; x_wconf 85' lang='lat' dir='ltr'><strong>sunt:</strong></span> <span class='ocrx_word' id='word_1_307' title='bbox 958 1297 1088 1329; x_wconf 76' lang='lat' dir='ltr'><strong>Quoniam</strong></span> 
     </span>
    </p>
   </div>
   <div class='ocr_carea' id='block_1_44' title="bbox 302 1342 1087 1377">
    <p class='ocr_par' dir='ltr' id='par_1_44' title="bbox 302 1342 1087 1377">
     <span class='ocr_line' id='line_1_44' title="bbox 302 1342 1087 1377; baseline -0.004 -6"><span class='ocrx_word' id='word_1_308' title='bbox 302 1351 360 1371; x_wconf 74' lang='lat' dir='ltr'><strong>ecce</strong></span> <span class='ocrx_word' id='word_1_309' title='bbox 375 1344 476 1370; x_wconf 79' lang='lat' dir='ltr'><strong>inimici</strong></span> <span class='ocrx_word' id='word_1_310' title='bbox 492 1343 530 1370; x_wconf 78' lang='lat' dir='ltr'><strong>tui</strong></span> <span class='ocrx_word' id='word_1_311' title='bbox 538 1347 692 1375; x_wconf 81' lang='lat' dir='ltr'><strong>sonuerunt,</strong></span> <span class='ocrx_word' id='word_1_312' title='bbox 707 1347 732 1369; x_wconf 83' lang='lat' dir='ltr'><strong>et</strong></span> <span class='ocrx_word' id='word_1_313' title='bbox 746 1343 790 1377; x_wconf 84' lang='lat' dir='ltr'><strong>qui</strong></span> <span class='ocrx_word' id='word_1_314' title='bbox 805 1342 916 1369; x_wconf 79' lang='lat' dir='ltr'><strong>oderunt</strong></span> <span class='ocrx_word' id='word_1_315' title='bbox 940 1347 964 1368; x_wconf 85' lang='lat' dir='ltr'><strong>te</strong></span> <span class='ocrx_word' id='word_1_316' title='bbox 986 1342 1087 1369; x_wconf 73' lang='lat' dir='ltr'><strong>extule-</strong></span> 
     </span>
    </p>
   </div>
   <div class='ocr_carea' id='block_1_45' title="bbox 302 1388 1089 1424">
    <p class='ocr_par' dir='ltr' id='par_1_45' title="bbox 302 1388 1089 1424">
     <span class='ocr_line' id='line_1_45' title="bbox 302 1388 1089 1424; baseline -0.004 -6"><span class='ocrx_word' id='word_1_317' title='bbox 302 1395 365 1418; x_wconf 83' lang='lat' dir='ltr'><strong>runt</strong></span> <span class='ocrx_word' id='word_1_318' title='bbox 377 1394 465 1424; x_wconf 82' lang='lat' dir='ltr'><strong>caput.</strong></span> <span class='ocrx_word' id='word_1_319' title='bbox 482 1389 567 1423; x_wconf 75' lang='lat' dir='ltr'><strong>Super</strong></span> <span class='ocrx_word' id='word_1_320' title='bbox 577 1389 701 1423; x_wconf 79' lang='lat' dir='ltr'><strong>populum</strong></span> <span class='ocrx_word' id='word_1_321' title='bbox 716 1393 790 1415; x_wconf 83' lang='lat' dir='ltr'><strong>tuum</strong></span> <span class='ocrx_word' id='word_1_322' title='bbox 806 1388 1015 1423; x_wconf 76' lang='lat' dir='ltr'><strong>malignaverunt</strong></span> <span class='ocrx_word' id='word_1_323' title='bbox 1030 1397 1089 1415; x_wconf 75' lang='lat' dir='ltr'><strong>con-</strong></span> 
     </span>
    </p>
   </div>
   <div class='ocr_carea' id='block_1_46' title="bbox 303 1433 1088 1471">
    <p class='ocr_par' dir='ltr' id='par_1_46' title="bbox 303 1433 1088 1471">
     <span class='ocr_line' id='line_1_46' title="bbox 303 1433 1088 1471; baseline -0.003 -8"><span class='ocrx_word' id='word_1_324' title='bbox 303 1437 404 1468; x_wconf 76' lang='lat' dir='ltr'><strong>silium,</strong></span> <span class='ocrx_word' id='word_1_325' title='bbox 428 1436 605 1471; x_wconf 74' lang='lat' dir='ltr'><strong>cogilaverunt</strong></span> <span class='ocrx_word' id='word_1_326' title='bbox 614 1435 738 1462; x_wconf 68' lang='lat' dir='ltr'><strong>adversus</strong></span> <span class='ocrx_word' id='word_1_327' title='bbox 745 1439 851 1462; x_wconf 71' lang='lat' dir='ltr'><strong>sanctos</strong></span> <span class='ocrx_word' id='word_1_328' title='bbox 870 1439 928 1461; x_wconf 80' lang='lat' dir='ltr'><strong>tuas</strong></span> <span class='ocrx_word' id='word_1_329' title='bbox 940 1434 1011 1462; x_wconf 75' lang='lat'><strong>&quot;&quot;7.</strong></span> <span class='ocrx_word' id='word_1_330' title='bbox 1024 1433 1088 1462; x_wconf 83' lang='lat' dir='ltr'><strong>Per-</strong></span> 
     </span>
    </p>
   </div>
   <div class='ocr_carea' id='block_1_47' title="bbox 303 1480 1088 1517">
    <p class='ocr_par' dir='ltr' id='par_1_47' title="bbox 303 1480 1088 1517">
     <span class='ocr_line' id='line_1_47' title="bbox 303 1480 1088 1517; baseline -0.003 -7"><span class='ocrx_word' id='word_1_331' title='bbox 303 1482 477 1510; x_wconf 86' lang='lat' dir='ltr'><strong>seCutionum</strong></span> <span class='ocrx_word' id='word_1_332' title='bbox 488 1486 620 1517; x_wconf 82' lang='lat' dir='ltr'><strong>tempore,</strong></span> <span class='ocrx_word' id='word_1_333' title='bbox 632 1490 687 1516; x_wconf 85' lang='lat' dir='ltr'><strong>quo</strong></span> <span class='ocrx_word' id='word_1_334' title='bbox 703 1481 807 1508; x_wconf 70' lang='lat' dir='ltr'><strong>inimici</strong></span> <span class='ocrx_word' id='word_1_335' title='bbox 826 1481 872 1508; x_wconf 86' lang='lat' dir='ltr'><strong>Dei</strong></span> <span class='ocrx_word' id='word_1_336' title='bbox 888 1480 1088 1516; x_wconf 55' lang='lat' dir='ltr'><strong>populumjcjus</strong></span> 
     </span>
    </p>
   </div>
   <div class='ocr_carea' id='block_1_48' title="bbox 303 1526 1089 1564">
    <p class='ocr_par' dir='ltr' id='par_1_48' title="bbox 303 1526 1089 1564">
     <span class='ocr_line' id='line_1_48' title="bbox 303 1526 1089 1564; baseline -0.004 -8"><span class='ocrx_word' id='word_1_337' title='bbox 303 1528 500 1564; x_wconf 81' lang='lat' dir='ltr'><strong>impugnabant</strong></span> <span class='ocrx_word' id='word_1_338' title='bbox 516 1527 715 1562; x_wconf 78' lang='lat' dir='ltr'><strong>vexabantque,</strong></span> <span class='ocrx_word' id='word_1_339' title='bbox 728 1526 775 1555; x_wconf 85' lang='lat' dir='ltr'><strong>Dei</strong></span> <span class='ocrx_word' id='word_1_340' title='bbox 790 1527 915 1554; x_wconf 84' lang='lat' dir='ltr'><strong>homines</strong></span> <span class='ocrx_word' id='word_1_341' title='bbox 931 1527 1018 1554; x_wconf 86' lang='lat' dir='ltr'><strong>instar</strong></span> <span class='ocrx_word' id='word_1_342' title='bbox 1030 1534 1089 1562; x_wconf 84' lang='lat' dir='ltr'><strong>pas-</strong></span> 
     </span>
    </p>
   </div>
   <div class='ocr_carea' id='block_1_49' title="bbox 304 1572 1088 1608">
    <p class='ocr_par' dir='ltr' id='par_1_49' title="bbox 304 1572 1088 1608">
     <span class='ocr_line' id='line_1_49' title="bbox 304 1572 1088 1608; baseline -0.003 -7"><span class='ocrx_word' id='word_1_343' title='bbox 304 1582 396 1602; x_wconf 86' lang='lat' dir='ltr'><strong>serum</strong></span> <span class='ocrx_word' id='word_1_344' title='bbox 410 1574 463 1600; x_wconf 93' lang='lat' dir='ltr'><strong>huc</strong></span> <span class='ocrx_word' id='word_1_345' title='bbox 478 1573 542 1600; x_wconf 88' lang='lat' dir='ltr'><strong>illuc</strong></span> <span class='ocrx_word' id='word_1_346' title='bbox 558 1573 703 1608; x_wconf 76' lang='lat' dir='ltr'><strong>fugientes,</strong></span> <span class='ocrx_word' id='word_1_347' title='bbox 720 1573 829 1600; x_wconf 91' lang='lat' dir='ltr'><strong>demum</strong></span> <span class='ocrx_word' id='word_1_348' title='bbox 842 1572 934 1600; x_wconf 86' lang='lat' dir='ltr'><strong>oblata</strong></span> <span class='ocrx_word' id='word_1_349' title='bbox 950 1580 1028 1608; x_wconf 84' lang='lat' dir='ltr'><strong>pace,</strong></span> <span class='ocrx_word' id='word_1_350' title='bbox 1047 1576 1088 1599; x_wconf 82' lang='lat' dir='ltr'><strong>ta-</strong></span> 
     </span>
    </p>
   </div>
   <div class='ocr_carea' id='block_1_50' title="bbox 1140 974 1930 1010">
    <p class='ocr_par' dir='ltr' id='par_1_50' title="bbox 1140 974 1930 1010">
     <span class='ocr_line' id='line_1_50' title="bbox 1140 974 1930 1010; baseline 0.003 -9"><span class='ocrx_word' id='word_1_351' title='bbox 1140 975 1203 1008; x_wconf 76' lang='grc' dir='ltr'><strong>πῶς</strong></span> <span class='ocrx_word' id='word_1_352' title='bbox 1221 975 1312 1009; x_wconf 80' lang='grc' dir='ltr'>ἐρεῖτε</span> <span class='ocrx_word' id='word_1_353' title='bbox 1333 975 1370 1009; x_wconf 76' lang='grc' dir='ltr'>τῇ</span> <span class='ocrx_word' id='word_1_354' title='bbox 1389 974 1474 1010; x_wconf 74' lang='grc' dir='ltr'>ψυχῇ</span> <span class='ocrx_word' id='word_1_355' title='bbox 1493 985 1563 1010; x_wconf 81' lang='grc' dir='ltr'>μου,</span> <span class='ocrx_word' id='word_1_356' title='bbox 1581 976 1804 1010; x_wconf 75' lang='grc' dir='ltr'>μεταναστεύου</span> <span class='ocrx_word' id='word_1_357' title='bbox 1824 976 1874 1003; x_wconf 71' lang='grc' dir='ltr'><strong>ἐπὶ</strong></span> <span class='ocrx_word' id='word_1_358' title='bbox 1895 975 1930 1004; x_wconf 76' lang='grc' dir='ltr'>τὰ</span> 
     </span>
    </p>
   </div>
   <div class='ocr_carea' id='block_1_51' title="bbox 1141 1020 1930 1058">
    <p class='ocr_par' dir='ltr' id='par_1_51' title="bbox 1141 1020 1930 1058">
     <span class='ocr_line' id='line_1_51' title="bbox 1141 1020 1930 1058; baseline 0.004 -12"><span class='ocrx_word' id='word_1_359' title='bbox 1141 1020 1193 1054; x_wconf 80' lang='grc' dir='ltr'><strong>ὅρη</strong></span> <span class='ocrx_word' id='word_1_360' title='bbox 1212 1021 1252 1053; x_wconf 86' lang='grc' dir='ltr'>ὡς</span> <span class='ocrx_word' id='word_1_361' title='bbox 1269 1022 1443 1054; x_wconf 81' lang='grc' dir='ltr'>στρουθίον;</span> <span class='ocrx_word' id='word_1_362' title='bbox 1461 1022 1515 1047; x_wconf 78' lang='grc' dir='ltr'><strong>Καὶ</strong></span> <span class='ocrx_word' id='word_1_363' title='bbox 1529 1021 1671 1056; x_wconf 76' lang='grc' dir='ltr'>ῥυσθέντες</span> <span class='ocrx_word' id='word_1_364' title='bbox 1685 1030 1717 1056; x_wconf 84' lang='grc' dir='ltr'><strong>γε</strong></span> <span class='ocrx_word' id='word_1_365' title='bbox 1733 1022 1764 1048; x_wconf 73' lang='grc' dir='ltr'><strong>ἐκ</strong></span> <span class='ocrx_word' id='word_1_366' title='bbox 1781 1022 1872 1058; x_wconf 72' lang='grc' dir='ltr'>χειρὸς</span> <span class='ocrx_word' id='word_1_367' title='bbox 1887 1023 1930 1058; x_wconf 78' lang='grc' dir='ltr'>ἐχ-</span> 
     </span>
    </p>
   </div>
   <div class='ocr_carea' id='block_1_52' title="bbox 1140 1064 1928 1102">
    <p class='ocr_par' dir='ltr' id='par_1_52' title="bbox 1140 1064 1928 1102">
     <span class='ocr_line' id='line_1_52' title="bbox 1140 1064 1928 1102; baseline 0.004 -12"><span class='ocrx_word' id='word_1_368' title='bbox 1140 1064 1230 1100; x_wconf 82' lang='grc' dir='ltr'>Θρῶν,</span> <span class='ocrx_word' id='word_1_369' title='bbox 1259 1064 1414 1100; x_wconf 79' lang='grc' dir='ltr'><strong>ὡμολόγουν</strong></span> <span class='ocrx_word' id='word_1_370' title='bbox 1441 1065 1565 1099; x_wconf 76' lang='grc' dir='ltr'>λέγοντες</span> <span class='ocrx_word' id='word_1_371' title='bbox 1593 1066 1639 1092; x_wconf 79' lang='grc' dir='ltr'><strong>καὶ</strong></span> <span class='ocrx_word' id='word_1_372' title='bbox 1665 1066 1756 1092; x_wconf 79' lang='grc' dir='ltr'>αὐτοί·</span> <span class='ocrx_word' id='word_1_373' title='bbox 1780 1067 1816 1094; x_wconf 77' lang='grc' dir='ltr'><em>Ἠ</em></span> <span class='ocrx_word' id='word_1_374' title='bbox 1843 1067 1928 1102; x_wconf 69' lang='grc' dir='ltr'>ψυχὴ</span> 
     </span>
    </p>
   </div>
   <div class='ocr_carea' id='block_1_53' title="bbox 1139 1110 1930 1146">
    <p class='ocr_par' dir='ltr' id='par_1_53' title="bbox 1139 1110 1930 1146">
     <span class='ocr_line' id='line_1_53' title="bbox 1139 1110 1930 1146; baseline 0.001 -9"><span class='ocrx_word' id='word_1_375' title='bbox 1139 1110 1224 1145; x_wconf 76' lang='grc' dir='ltr'><strong>ἡμῶν</strong></span> <span class='ocrx_word' id='word_1_376' title='bbox 1249 1111 1289 1144; x_wconf 85' lang='grc' dir='ltr'>ὡς</span> <span class='ocrx_word' id='word_1_377' title='bbox 1319 1112 1480 1145; x_wconf 80' lang='grc' dir='ltr'>στρουθίον</span> <span class='ocrx_word' id='word_1_378' title='bbox 1505 1111 1635 1145; x_wconf 79' lang='grc' dir='ltr'><strong>ἐρρύσθη</strong></span> <span class='ocrx_word' id='word_1_379' title='bbox 1664 1112 1697 1138; x_wconf 81' lang='grc' dir='ltr'><strong>ἐκ</strong></span> <span class='ocrx_word' id='word_1_380' title='bbox 1725 1111 1780 1145; x_wconf 85' lang='grc' dir='ltr'>τῆς</span> <span class='ocrx_word' id='word_1_381' title='bbox 1805 1111 1930 1146; x_wconf 64' lang='grc' dir='ltr'>παγίδος</span> 
     </span>
    </p>
   </div>
   <div class='ocr_carea' id='block_1_54' title="bbox 1139 1155 1929 1193">
    <p class='ocr_par' dir='ltr' id='par_1_54' title="bbox 1139 1155 1929 1193">
     <span class='ocr_line' id='line_1_54' title="bbox 1139 1155 1929 1193; baseline 0.001 -9"><span class='ocrx_word' id='word_1_382' title='bbox 1139 1157 1198 1184; x_wconf 74' lang='grc' dir='ltr'><strong>τῶν</strong></span> <span class='ocrx_word' id='word_1_383' title='bbox 1211 1158 1404 1191; x_wconf 74' lang='grc' dir='ltr'><strong>θηρευόντων.</strong></span> <span class='ocrx_word' id='word_1_384' title='bbox 1430 1158 1553 1192; x_wconf 65' lang='grc' dir='ltr'>Ἀφανεῖς</span> <span class='ocrx_word' id='word_1_385' title='bbox 1574 1155 1620 1184; x_wconf 76' lang='grc' dir='ltr'><strong>οὖν</strong></span> <span class='ocrx_word' id='word_1_386' title='bbox 1643 1158 1689 1184; x_wconf 69' lang='grc' dir='ltr'><strong>καὶ</strong></span> <span class='ocrx_word' id='word_1_387' title='bbox 1710 1157 1822 1193; x_wconf 72' lang='grc' dir='ltr'>ἀόρατοι</span> <span class='ocrx_word' id='word_1_388' title='bbox 1837 1159 1862 1185; x_wconf 66' lang='grc' dir='ltr'><strong>οἱ</strong></span> <span class='ocrx_word' id='word_1_389' title='bbox 1883 1157 1929 1193; x_wconf 78' lang='grc' dir='ltr'><strong>θη-</strong></span> 
     </span>
    </p>
   </div>
   <div class='ocr_carea' id='block_1_55' title="bbox 1141 1203 1929 1240">
    <p class='ocr_par' dir='ltr' id='par_1_55' title="bbox 1141 1203 1929 1240">
     <span class='ocr_line' id='line_1_55' title="bbox 1141 1203 1929 1240; baseline 0.001 -10"><span class='ocrx_word' id='word_1_390' title='bbox 1141 1205 1232 1240; x_wconf 75' lang='grc' dir='ltr'>ρευταὶ</span> <span class='ocrx_word' id='word_1_391' title='bbox 1246 1205 1305 1235; x_wconf 86' lang='grc' dir='ltr'>ταῖς</span> <span class='ocrx_word' id='word_1_392' title='bbox 1317 1204 1364 1231; x_wconf 80' lang='grc' dir='ltr'>τὸν</span> <span class='ocrx_word' id='word_1_393' title='bbox 1385 1204 1507 1239; x_wconf 74' lang='grc' dir='ltr'>οὐράνιον</span> <span class='ocrx_word' id='word_1_394' title='bbox 1530 1204 1577 1230; x_wconf 70' lang='grc' dir='ltr'>καὶ</span> <span class='ocrx_word' id='word_1_395' title='bbox 1602 1205 1746 1239; x_wconf 72' lang='grc' dir='ltr'><strong>μετάρσιον</strong></span> <span class='ocrx_word' id='word_1_396' title='bbox 1771 1203 1828 1239; x_wconf 76' lang='grc' dir='ltr'>βίον</span> <span class='ocrx_word' id='word_1_397' title='bbox 1849 1212 1929 1240; x_wconf 79' lang='grc' dir='ltr'>μετα-</span> 
     </span>
    </p>
   </div>
   <div class='ocr_carea' id='block_1_56' title="bbox 1138 1247 1928 1285">
    <p class='ocr_par' dir='ltr' id='par_1_56' title="bbox 1138 1247 1928 1285">
     <span class='ocr_line' id='line_1_56' title="bbox 1138 1247 1928 1285; baseline 0 -9"><span class='ocrx_word' id='word_1_398' title='bbox 1138 1249 1299 1281; x_wconf 83' lang='grc' dir='ltr'>διωκούσαις</span> <span class='ocrx_word' id='word_1_399' title='bbox 1312 1249 1410 1285; x_wconf 75' lang='grc' dir='ltr'>ψυχαῖς</span> <span class='ocrx_word' id='word_1_400' title='bbox 1427 1249 1654 1282; x_wconf 74' lang='grc' dir='ltr'>ἐπιϐουλεύοντες,</span> <span class='ocrx_word' id='word_1_401' title='bbox 1672 1249 1766 1276; x_wconf 80' lang='grc' dir='ltr'>δίκτυα</span> <span class='ocrx_word' id='word_1_402' title='bbox 1780 1250 1829 1277; x_wconf 79' lang='grc' dir='ltr'>καὶ</span> <span class='ocrx_word' id='word_1_403' title='bbox 1850 1247 1928 1284; x_wconf 71' lang='grc' dir='ltr'>πιίγί-</span> 
     </span>
    </p>
   </div>
   <div class='ocr_carea' id='block_1_57' title="bbox 1138 1295 1928 1331">
    <p class='ocr_par' dir='ltr' id='par_1_57' title="bbox 1138 1295 1928 1331">
     <span class='ocr_line' id='line_1_57' title="bbox 1138 1295 1928 1331; baseline 0 -9"><span class='ocrx_word' id='word_1_404' title='bbox 1138 1295 1184 1326; x_wconf 70' lang='grc' dir='ltr'>διις</span> <span class='ocrx_word' id='word_1_405' title='bbox 1199 1296 1334 1327; x_wconf 78' lang='grc' dir='ltr'>ἱστῶντες,</span> <span class='ocrx_word' id='word_1_406' title='bbox 1352 1296 1475 1331; x_wconf 83' lang='grc' dir='ltr'>θήρατρά</span> <span class='ocrx_word' id='word_1_407' title='bbox 1493 1304 1522 1321; x_wconf 83' lang='grc' dir='ltr'><strong>τε</strong></span> <span class='ocrx_word' id='word_1_408' title='bbox 1544 1296 1657 1322; x_wconf 80' lang='grc' dir='ltr'>παντοῖα</span> <span class='ocrx_word' id='word_1_409' title='bbox 1677 1295 1878 1328; x_wconf 72' lang='grc' dir='ltr'>κατεσκεύαζον</span> <span class='ocrx_word' id='word_1_410' title='bbox 1890 1296 1928 1327; x_wconf 84' lang='grc' dir='ltr'><strong>εις</strong></span> 
     </span>
    </p>
   </div>
   <div class='ocr_carea' id='block_1_58' title="bbox 1138 1341 1927 1377">
    <p class='ocr_par' dir='ltr' id='par_1_58' title="bbox 1138 1341 1927 1377">
     <span class='ocr_line' id='line_1_58' title="bbox 1138 1341 1927 1377; baseline 0 -9"><span class='ocrx_word' id='word_1_411' title='bbox 1138 1342 1280 1377; x_wconf 79' lang='grc' dir='ltr'>ἐπιϐουλὴν</span> <span class='ocrx_word' id='word_1_412' title='bbox 1301 1341 1398 1368; x_wconf 82' lang='grc' dir='ltr'>αὐτῶν.</span> <span class='ocrx_word' id='word_1_413' title='bbox 1421 1343 1476 1368; x_wconf 72' lang='grc' dir='ltr'><strong>Καὶ</strong></span> <span class='ocrx_word' id='word_1_414' title='bbox 1497 1342 1584 1369; x_wconf 79' lang='grc' dir='ltr'>ταῦτά</span> <span class='ocrx_word' id='word_1_415' title='bbox 1603 1350 1634 1376; x_wconf 85' lang='grc' dir='ltr'><strong>γε</strong></span> <span class='ocrx_word' id='word_1_416' title='bbox 1654 1342 1804 1376; x_wconf 79' lang='grc' dir='ltr'>παρίστατο</span> <span class='ocrx_word' id='word_1_417' title='bbox 1819 1341 1863 1370; x_wconf 76' lang='grc' dir='ltr'><strong>διὰ</strong></span> <span class='ocrx_word' id='word_1_418' title='bbox 1881 1341 1927 1369; x_wconf 77' lang='grc' dir='ltr'>τοῦ</span> 
     </span>
    </p>
   </div>
   <div class='ocr_carea' id='block_1_59' title="bbox 1138 1383 1928 1422">
    <p class='ocr_par' dir='ltr' id='par_1_59' title="bbox 1138 1383 1928 1422">
     <span class='ocr_line' id='line_1_59' title="bbox 1138 1383 1928 1422; baseline 0.001 -9"><span class='ocrx_word' id='word_1_419' title='bbox 1138 1387 1343 1422; x_wconf 83' lang='grc' dir='ltr'>προηγουμένου</span> <span class='ocrx_word' id='word_1_420' title='bbox 1367 1386 1484 1422; x_wconf 78' lang='grc' dir='ltr'><strong>ψαλμοῦ,</strong></span> <span class='ocrx_word' id='word_1_421' title='bbox 1512 1388 1539 1413; x_wconf 86' lang='grc' dir='ltr'><strong>ἐν</strong></span> <span class='ocrx_word' id='word_1_422' title='bbox 1607 1387 1710 1422; x_wconf 77' lang='grc' dir='ltr'>εἴρητο·</span> <span class='ocrx_word' id='word_1_423' title='bbox 1730 1387 1790 1414; x_wconf 82' lang='grc' dir='ltr'>Ὅτι</span> <span class='ocrx_word' id='word_1_424' title='bbox 1815 1387 1880 1414; x_wconf 83' lang='grc' dir='ltr'><strong>ιδοὺ</strong></span> <span class='ocrx_word' id='word_1_425' title='bbox 1902 1389 1928 1414; x_wconf 86' lang='grc' dir='ltr'><strong>οι</strong></span> 
     </span>
    </p>
   </div>
   <div class='ocr_carea' id='block_1_60' title="bbox 1137 1429 1927 1469">
    <p class='ocr_par' dir='ltr' id='par_1_60' title="bbox 1137 1429 1927 1469">
     <span class='ocr_line' id='line_1_60' title="bbox 1137 1429 1927 1469; baseline 0.003 -11"><span class='ocrx_word' id='word_1_426' title='bbox 1137 1433 1238 1466; x_wconf 79' lang='grc' dir='ltr'>ἐχθροί</span> <span class='ocrx_word' id='word_1_427' title='bbox 1263 1440 1320 1458; x_wconf 84' lang='grc' dir='ltr'><strong>σου</strong></span> <span class='ocrx_word' id='word_1_428' title='bbox 1343 1431 1475 1466; x_wconf 78' lang='grc' dir='ltr'><strong>ἤχησαν,</strong></span> <span class='ocrx_word' id='word_1_429' title='bbox 1496 1433 1542 1459; x_wconf 76' lang='grc' dir='ltr'>καὶ</span> <span class='ocrx_word' id='word_1_430' title='bbox 1562 1434 1588 1460; x_wconf 78' lang='grc' dir='ltr'><strong>οἱ</strong></span> <span class='ocrx_word' id='word_1_431' title='bbox 1610 1432 1776 1467; x_wconf 69' lang='grc' dir='ltr'>μισοῦντές</span> <span class='ocrx_word' id='word_1_432' title='bbox 1794 1441 1833 1460; x_wconf 81' lang='grc' dir='ltr'><strong>σε</strong></span> <span class='ocrx_word' id='word_1_433' title='bbox 1846 1429 1927 1469; x_wconf 71' lang='grc' dir='ltr'>ἦραν·</span> 
     </span>
    </p>
   </div>
   <div class='ocr_carea' id='block_1_61' title="bbox 1138 1478 1928 1514">
    <p class='ocr_par' dir='ltr' id='par_1_61' title="bbox 1138 1478 1928 1514">
     <span class='ocr_line' id='line_1_61' title="bbox 1138 1478 1928 1514; baseline 0.001 -9"><span class='ocrx_word' id='word_1_434' title='bbox 1138 1478 1281 1513; x_wconf 63' lang='grc' dir='ltr'>κεφαλήν.</span> <span class='ocrx_word' id='word_1_435' title='bbox 1313 1478 1375 1505; x_wconf 76' lang='grc' dir='ltr'><strong>Ἐπὶ</strong></span> <span class='ocrx_word' id='word_1_436' title='bbox 1407 1479 1460 1505; x_wconf 75' lang='grc' dir='ltr'><strong>τὸν</strong></span> <span class='ocrx_word' id='word_1_437' title='bbox 1484 1479 1560 1506; x_wconf 81' lang='grc' dir='ltr'>λαῠν</span> <span class='ocrx_word' id='word_1_438' title='bbox 1587 1486 1645 1506; x_wconf 76' lang='grc' dir='ltr'>σου</span> <span class='ocrx_word' id='word_1_439' title='bbox 1674 1480 1928 1514; x_wconf 66' lang='grc' dir='ltr'>κατι-πανουργεύ-</span> 
     </span>
    </p>
   </div>
   <div class='ocr_carea' id='block_1_62' title="bbox 1137 1524 1927 1559">
    <p class='ocr_par' dir='ltr' id='par_1_62' title="bbox 1137 1524 1927 1559">
     <span class='ocr_line' id='line_1_62' title="bbox 1137 1524 1927 1559; baseline 0.001 -8"><span class='ocrx_word' id='word_1_440' title='bbox 1137 1533 1232 1552; x_wconf 79' lang='grc' dir='ltr'>σαντο</span> <span class='ocrx_word' id='word_1_441' title='bbox 1255 1524 1385 1559; x_wconf 74' lang='grc' dir='ltr'>γνώμην,</span> <span class='ocrx_word' id='word_1_442' title='bbox 1411 1525 1631 1552; x_wconf 73' lang='grc' dir='ltr'>ἐϐουλεύσαντο</span> <span class='ocrx_word' id='word_1_443' title='bbox 1650 1526 1724 1552; x_wconf 80' lang='grc' dir='ltr'>κατὰ</span> <span class='ocrx_word' id='word_1_444' title='bbox 1751 1524 1810 1552; x_wconf 80' lang='grc' dir='ltr'>τῶν</span> <span class='ocrx_word' id='word_1_445' title='bbox 1837 1526 1927 1552; x_wconf 75' lang='grc' dir='ltr'><strong>ὁσίων</strong></span> 
     </span>
    </p>
   </div>
   <div class='ocr_carea' id='block_1_63' title="bbox 1138 1570 1927 1606">
    <p class='ocr_par' dir='ltr' id='par_1_63' title="bbox 1138 1570 1927 1606">
     <span class='ocr_line' id='line_1_63' title="bbox 1138 1570 1927 1606; baseline -0.001 -9"><span class='ocrx_word' id='word_1_446' title='bbox 1138 1579 1206 1598; x_wconf 86' lang='grc' dir='ltr'>σου.</span> <span class='ocrx_word' id='word_1_447' title='bbox 1226 1570 1305 1597; x_wconf 76' lang='grc' dir='ltr'><strong>Κατὰ</strong></span> <span class='ocrx_word' id='word_1_448' title='bbox 1324 1571 1433 1603; x_wconf 82' lang='grc' dir='ltr'><strong>τούτους</strong></span> <span class='ocrx_word' id='word_1_449' title='bbox 1455 1571 1509 1598; x_wconf 84' lang='grc' dir='ltr'><strong>τῶν</strong></span> <span class='ocrx_word' id='word_1_450' title='bbox 1529 1571 1656 1606; x_wconf 85' lang='grc' dir='ltr'><strong>διωγμῶν</strong></span> <span class='ocrx_word' id='word_1_451' title='bbox 1673 1571 1796 1606; x_wconf 81' lang='grc' dir='ltr'>καιροὺς,</span> <span class='ocrx_word' id='word_1_452' title='bbox 1809 1570 1927 1603; x_wconf 61' lang='grc' dir='ltr'><strong>ηθύὒς</strong></span> 
     </span>
    </p>
   </div>
   <div class='ocr_carea' id='block_1_64' title="bbox 303 1614 1088 1653">
    <p class='ocr_par' dir='ltr' id='par_1_64' title="bbox 303 1617 1088 1653">
     <span class='ocr_line' id='line_1_64' title="bbox 303 1617 1088 1653; baseline -0.004 -6"><span class='ocrx_word' id='word_1_453' title='bbox 303 1619 462 1652; x_wconf 86' lang='lat' dir='ltr'><strong>bernacula,</strong></span> <span class='ocrx_word' id='word_1_454' title='bbox 478 1619 547 1645; x_wconf 87' lang='lat' dir='ltr'><strong>atria</strong></span> <span class='ocrx_word' id='word_1_455' title='bbox 561 1622 588 1646; x_wconf 89' lang='lat' dir='ltr'><strong>et</strong></span> <span class='ocrx_word' id='word_1_456' title='bbox 605 1619 703 1645; x_wconf 85' lang='lat' dir='ltr'><strong>altaria</strong></span> <span class='ocrx_word' id='word_1_457' title='bbox 717 1617 764 1646; x_wconf 88' lang='lat' dir='ltr'><strong>Dei</strong></span> <span class='ocrx_word' id='word_1_458' title='bbox 784 1618 811 1645; x_wconf 87' lang='lat' dir='ltr'><strong>in</strong></span> <span class='ocrx_word' id='word_1_459' title='bbox 828 1617 981 1653; x_wconf 72' lang='lat' dir='ltr'><strong>perfugium</strong></span> <span class='ocrx_word' id='word_1_460' title='bbox 1000 1625 1032 1645; x_wconf 85' lang='lat' dir='ltr'><strong>ac</strong></span> <span class='ocrx_word' id='word_1_461' title='bbox 1043 1625 1088 1645; x_wconf 85' lang='lat' dir='ltr'><strong>re-</strong></span> 
     </span>
    </p>
   </div>
   <div class='ocr_carea' id='block_1_65' title="bbox 1139 1614 1927 1653">
    <p class='ocr_par' dir='ltr' id='par_1_65' title="bbox 1139 1615 1927 1652">
     <span class='ocr_line' id='line_1_65' title="bbox 1139 1615 1927 1652; baseline 0 -10"><span class='ocrx_word' id='word_1_462' title='bbox 1139 1618 1161 1642; x_wconf 79' lang='grc' dir='ltr'><strong>οἱ</strong></span> <span class='ocrx_word' id='word_1_463' title='bbox 1187 1616 1279 1651; x_wconf 76' lang='grc' dir='ltr'>ἐχθροὶ</span> <span class='ocrx_word' id='word_1_464' title='bbox 1306 1616 1352 1642; x_wconf 80' lang='grc' dir='ltr'>τοῦ</span> <span class='ocrx_word' id='word_1_465' title='bbox 1381 1616 1449 1643; x_wconf 86' lang='grc' dir='ltr'><strong>Θεοῦ</strong></span> <span class='ocrx_word' id='word_1_466' title='bbox 1472 1617 1516 1643; x_wconf 81' lang='grc' dir='ltr'>τὸν</span> <span class='ocrx_word' id='word_1_467' title='bbox 1542 1616 1605 1644; x_wconf 74' lang='grc' dir='ltr'>λαὸν</span> <span class='ocrx_word' id='word_1_468' title='bbox 1635 1616 1717 1643; x_wconf 77' lang='grc' dir='ltr'>αὑτοῦ</span> <span class='ocrx_word' id='word_1_469' title='bbox 1748 1615 1927 1652; x_wconf 72' lang='grc' dir='ltr'>πολεμοῦντες</span> 
     </span>
    </p>
   </div>
   <div class='ocr_carea' id='block_1_66' title="bbox 303 1663 1086 1699">
    <p class='ocr_par' dir='ltr' id='par_1_66' title="bbox 303 1663 1086 1699">
     <span class='ocr_line' id='line_1_66' title="bbox 303 1663 1086 1699; baseline 0 -9"><span class='ocrx_word' id='word_1_470' title='bbox 303 1664 394 1699; x_wconf 88' lang='lat' dir='ltr'><strong>quiem</strong></span> <span class='ocrx_word' id='word_1_471' title='bbox 418 1664 592 1691; x_wconf 86' lang='lat' dir='ltr'><strong>invenerunt.</strong></span> <span class='ocrx_word' id='word_1_472' title='bbox 610 1663 631 1689; x_wconf 87' lang='lat' dir='ltr'><strong>E</strong></span> <span class='ocrx_word' id='word_1_473' title='bbox 651 1671 679 1690; x_wconf 92' lang='lat' dir='ltr'><strong>re</strong></span> <span class='ocrx_word' id='word_1_474' title='bbox 696 1666 788 1691; x_wconf 77' lang='lat' dir='ltr'><strong>autem</strong></span> <span class='ocrx_word' id='word_1_475' title='bbox 807 1663 920 1696; x_wconf 76' lang='lat' dir='ltr'><strong>dixeris,</strong></span> <span class='ocrx_word' id='word_1_476' title='bbox 945 1663 1086 1698; x_wconf 80' lang='lat' dir='ltr'><strong>expeditos</strong></span> 
     </span>
    </p>
   </div>
   <div class='ocr_carea' id='block_1_67' title="bbox 303 1708 1086 1743">
    <p class='ocr_par' dir='ltr' id='par_1_67' title="bbox 303 1708 1086 1743">
     <span class='ocr_line' id='line_1_67' title="bbox 303 1708 1086 1743; baseline 0 -7"><span class='ocrx_word' id='word_1_477' title='bbox 303 1709 366 1736; x_wconf 88' lang='lat' dir='ltr'><strong>illos</strong></span> <span class='ocrx_word' id='word_1_478' title='bbox 385 1709 497 1740; x_wconf 84' lang='lat' dir='ltr'><strong>milites,</strong></span> <span class='ocrx_word' id='word_1_479' title='bbox 515 1708 561 1743; x_wconf 92' lang='lat' dir='ltr'><strong>qui</strong></span> <span class='ocrx_word' id='word_1_480' title='bbox 579 1709 758 1736; x_wconf 85' lang='lat' dir='ltr'><strong>monasticam</strong></span> <span class='ocrx_word' id='word_1_481' title='bbox 774 1709 857 1735; x_wconf 84' lang='lat' dir='ltr'><strong>vitam</strong></span> <span class='ocrx_word' id='word_1_482' title='bbox 880 1709 996 1743; x_wconf 82' lang='lat' dir='ltr'><strong>amplexi</strong></span> <span class='ocrx_word' id='word_1_483' title='bbox 1012 1713 1086 1742; x_wconf 89' lang='lat' dir='ltr'><strong>sunt,</strong></span> 
     </span>
    </p>
   </div>
   <div class='ocr_carea' id='block_1_68' title="bbox 304 1753 1087 1789">
    <p class='ocr_par' dir='ltr' id='par_1_68' title="bbox 304 1753 1087 1789">
     <span class='ocr_line' id='line_1_68' title="bbox 304 1753 1087 1789; baseline 0.001 -9"><span class='ocrx_word' id='word_1_484' title='bbox 304 1761 354 1789; x_wconf 88' lang='lat' dir='ltr'><strong>pro</strong></span> <span class='ocrx_word' id='word_1_485' title='bbox 376 1753 536 1788; x_wconf 80' lang='lat' dir='ltr'><strong>passeribus</strong></span> <span class='ocrx_word' id='word_1_486' title='bbox 556 1753 696 1781; x_wconf 87' lang='lat' dir='ltr'><strong>habendos</strong></span> <span class='ocrx_word' id='word_1_487' title='bbox 718 1761 797 1787; x_wconf 84' lang='lat' dir='ltr'><strong>esse;</strong></span> <span class='ocrx_word' id='word_1_488' title='bbox 820 1761 868 1781; x_wconf 78' lang='lat' dir='ltr'><strong>eos</strong></span> <span class='ocrx_word' id='word_1_489' title='bbox 887 1758 976 1781; x_wconf 85' lang='lat' dir='ltr'><strong>autem</strong></span> <span class='ocrx_word' id='word_1_490' title='bbox 992 1755 1037 1788; x_wconf 87' lang='lat' dir='ltr'><strong>qui</strong></span> <span class='ocrx_word' id='word_1_491' title='bbox 1055 1755 1087 1782; x_wconf 91' lang='lat' dir='ltr'><strong>li-</strong></span> 
     </span>
    </p>
   </div>
   <div class='ocr_carea' id='block_1_69' title="bbox 304 1799 1087 1834">
    <p class='ocr_par' dir='ltr' id='par_1_69' title="bbox 304 1799 1087 1834">
     <span class='ocr_line' id='line_1_69' title="bbox 304 1799 1087 1834; baseline -0.001 -7"><span class='ocrx_word' id='word_1_492' title='bbox 304 1799 378 1827; x_wconf 83' lang='lat' dir='ltr'><strong>beris</strong></span> <span class='ocrx_word' id='word_1_493' title='bbox 393 1799 458 1826; x_wconf 86' lang='lat' dir='ltr'><strong>dant</strong></span> <span class='ocrx_word' id='word_1_494' title='bbox 472 1806 594 1834; x_wconf 84' lang='lat' dir='ltr'><strong>operam,</strong></span> <span class='ocrx_word' id='word_1_495' title='bbox 614 1804 640 1826; x_wconf 89' lang='lat' dir='ltr'><strong>et</strong></span> <span class='ocrx_word' id='word_1_496' title='bbox 663 1799 777 1834; x_wconf 86' lang='lat' dir='ltr'><strong>reliquis</strong></span> <span class='ocrx_word' id='word_1_497' title='bbox 790 1799 853 1826; x_wconf 64' lang='lat' dir='ltr'><strong>vitae</strong></span> <span class='ocrx_word' id='word_1_498' title='bbox 869 1800 985 1834; x_wconf 77' lang='lat' dir='ltr'><strong>negotiis</strong></span> <span class='ocrx_word' id='word_1_499' title='bbox 999 1804 1026 1826; x_wconf 82' lang='lat' dir='ltr'><strong>et</strong></span> <span class='ocrx_word' id='word_1_500' title='bbox 1043 1808 1087 1827; x_wconf 89' lang='lat' dir='ltr'><strong>cu-</strong></span> 
     </span>
    </p>
   </div>
   <div class='ocr_carea' id='block_1_70' title="bbox 303 1845 1089 1881">
    <p class='ocr_par' dir='ltr' id='par_1_70' title="bbox 303 1845 1089 1881">
     <span class='ocr_line' id='line_1_70' title="bbox 303 1845 1089 1881; baseline 0 -8"><span class='ocrx_word' id='word_1_501' title='bbox 303 1846 342 1874; x_wconf 88' lang='lat' dir='ltr'><strong>ris</strong></span> <span class='ocrx_word' id='word_1_502' title='bbox 364 1853 393 1874; x_wconf 88' lang='lat' dir='ltr'><strong>se</strong></span> <span class='ocrx_word' id='word_1_503' title='bbox 411 1845 523 1877; x_wconf 84' lang='lat' dir='ltr'><strong>dedunt,</strong></span> <span class='ocrx_word' id='word_1_504' title='bbox 551 1845 667 1873; x_wconf 90' lang='lat' dir='ltr'><strong>turturis</strong></span> <span class='ocrx_word' id='word_1_505' title='bbox 685 1846 772 1873; x_wconf 88' lang='lat' dir='ltr'><strong>vicem</strong></span> <span class='ocrx_word' id='word_1_506' title='bbox 791 1853 872 1881; x_wconf 74' lang='lat' dir='ltr'><strong>agere</strong></span> <span class='ocrx_word' id='word_1_507' title='bbox 888 1855 895 1873; x_wconf 84' lang='lat'><strong>:</strong></span> <span class='ocrx_word' id='word_1_508' title='bbox 911 1853 992 1880; x_wconf 88' lang='lat' dir='ltr'><strong>quam</strong></span> <span class='ocrx_word' id='word_1_509' title='bbox 1011 1847 1089 1880; x_wconf 82' lang='lat' dir='ltr'><strong>jubet</strong></span> 
     </span>
    </p>
   </div>
   <div class='ocr_carea' id='block_1_71' title="bbox 303 1890 1088 1927">
    <p class='ocr_par' dir='ltr' id='par_1_71' title="bbox 303 1890 1088 1927">
     <span class='ocr_line' id='line_1_71' title="bbox 303 1890 1088 1927; baseline 0.003 -9"><span class='ocrx_word' id='word_1_510' title='bbox 303 1891 400 1920; x_wconf 79' lang='lat' dir='ltr'><strong>oll‘erre</strong></span> <span class='ocrx_word' id='word_1_511' title='bbox 413 1890 468 1919; x_wconf 86' lang='lat' dir='ltr'><strong>Deo</strong></span> <span class='ocrx_word' id='word_1_512' title='bbox 482 1891 573 1927; x_wconf 89' lang='lat' dir='ltr'><strong>pullos</strong></span> <span class='ocrx_word' id='word_1_513' title='bbox 589 1899 665 1924; x_wconf 80' lang='lat' dir='ltr'><strong>suos,</strong></span> <span class='ocrx_word' id='word_1_514' title='bbox 683 1899 785 1927; x_wconf 89' lang='lat' dir='ltr'><strong>eosque</strong></span> <span class='ocrx_word' id='word_1_515' title='bbox 801 1891 827 1919; x_wconf 91' lang='lat' dir='ltr'><strong>in</strong></span> <span class='ocrx_word' id='word_1_516' title='bbox 843 1892 977 1919; x_wconf 83' lang='lat' dir='ltr'><strong>altaribus</strong></span> <span class='ocrx_word' id='word_1_517' title='bbox 991 1899 1041 1920; x_wconf 87' lang='lat' dir='ltr'><strong>ceu</strong></span> <span class='ocrx_word' id='word_1_518' title='bbox 1060 1893 1088 1920; x_wconf 89' lang='lat' dir='ltr'><strong>in</strong></span> 
     </span>
    </p>
   </div>
   <div class='ocr_carea' id='block_1_72' title="bbox 304 1938 750 1972">
    <p class='ocr_par' dir='ltr' id='par_1_72' title="bbox 304 1938 750 1972">
     <span class='ocr_line' id='line_1_72' title="bbox 304 1938 750 1972; baseline 0.002 -8"><span class='ocrx_word' id='word_1_519' title='bbox 304 1938 368 1965; x_wconf 91' lang='lat' dir='ltr'><strong>nido</strong></span> <span class='ocrx_word' id='word_1_520' title='bbox 383 1938 519 1972; x_wconf 82' lang='lat' dir='ltr'><strong>deponere</strong></span> <span class='ocrx_word' id='word_1_521' title='bbox 533 1941 560 1965; x_wconf 92' lang='lat' dir='ltr'><strong>et</strong></span> <span class='ocrx_word' id='word_1_522' title='bbox 575 1945 750 1966; x_wconf 82' lang='lat' dir='ltr'><strong>consecrare.</strong></span> 
     </span>
    </p>
   </div>
   <div class='ocr_carea' id='block_1_73' title="bbox 1138 1659 1927 1699">
    <p class='ocr_par' dir='ltr' id='par_1_73' title="bbox 1138 1659 1927 1699">
     <span class='ocr_line' id='line_1_73' title="bbox 1138 1659 1927 1699; baseline 0.003 -11"><span class='ocrx_word' id='word_1_523' title='bbox 1138 1663 1261 1697; x_wconf 79' lang='grc' dir='ltr'>ἠλαυνον,</span> <span class='ocrx_word' id='word_1_524' title='bbox 1275 1663 1300 1688; x_wconf 84' lang='grc' dir='ltr'>οἱ</span> <span class='ocrx_word' id='word_1_525' title='bbox 1317 1662 1364 1688; x_wconf 80' lang='grc' dir='ltr'>τοῦ</span> <span class='ocrx_word' id='word_1_526' title='bbox 1381 1663 1448 1689; x_wconf 75' lang='grc' dir='ltr'>Θεοῦ</span> <span class='ocrx_word' id='word_1_527' title='bbox 1469 1663 1605 1698; x_wconf 80' lang='grc' dir='ltr'>ἅνθρωποι</span> <span class='ocrx_word' id='word_1_528' title='bbox 1624 1663 1702 1698; x_wconf 87' lang='grc' dir='ltr'>δίκην</span> <span class='ocrx_word' id='word_1_529' title='bbox 1715 1662 1865 1699; x_wconf 76' lang='grc' dir='ltr'>στρουθίων</span> <span class='ocrx_word' id='word_1_530' title='bbox 1878 1659 1927 1690; x_wconf 75' lang='grc' dir='ltr'><strong>ὧδε</strong></span> 
     </span>
    </p>
   </div>
   <div class='ocr_carea' id='block_1_74' title="bbox 1137 1708 1928 1745">
    <p class='ocr_par' dir='ltr' id='par_1_74' title="bbox 1137 1708 1928 1745">
     <span class='ocr_line' id='line_1_74' title="bbox 1137 1708 1928 1745; baseline 0.003 -11"><span class='ocrx_word' id='word_1_531' title='bbox 1137 1709 1248 1734; x_wconf 82' lang='grc' dir='ltr'>κάκεῖσε</span> <span class='ocrx_word' id='word_1_532' title='bbox 1266 1708 1485 1743; x_wconf 76' lang='grc' dir='ltr'>περιφεύγοντες,</span> <span class='ocrx_word' id='word_1_533' title='bbox 1502 1708 1613 1744; x_wconf 69' lang='grc' dir='ltr'>ὕστερόν</span> <span class='ocrx_word' id='word_1_534' title='bbox 1635 1717 1700 1736; x_wconf 74' lang='grc' dir='ltr'>ποτε</span> <span class='ocrx_word' id='word_1_535' title='bbox 1721 1710 1834 1745; x_wconf 75' lang='grc' dir='ltr'>εἰρήνης</span> <span class='ocrx_word' id='word_1_536' title='bbox 1847 1717 1928 1736; x_wconf 71' lang='grc' dir='ltr'>κατα-</span> 
     </span>
    </p>
   </div>
   <div class='ocr_carea' id='block_1_75' title="bbox 1139 1751 1927 1790">
    <p class='ocr_par' dir='ltr' id='par_1_75' title="bbox 1139 1751 1927 1790">
     <span class='ocr_line' id='line_1_75' title="bbox 1139 1751 1927 1790; baseline 0.003 -10"><span class='ocrx_word' id='word_1_537' title='bbox 1139 1754 1288 1786; x_wconf 81' lang='grc' dir='ltr'>ξιωθέντες,</span> <span class='ocrx_word' id='word_1_538' title='bbox 1304 1751 1383 1790; x_wconf 79' lang='grc' dir='ltr'>εὗρον</span> <span class='ocrx_word' id='word_1_539' title='bbox 1404 1755 1438 1781; x_wconf 83' lang='grc' dir='ltr'>τὰ</span> <span class='ocrx_word' id='word_1_540' title='bbox 1456 1754 1622 1790; x_wconf 84' lang='grc' dir='ltr'><strong>σκηνώματα</strong></span> <span class='ocrx_word' id='word_1_541' title='bbox 1637 1755 1684 1782; x_wconf 80' lang='grc' dir='ltr'><strong>τοῦ</strong></span> <span class='ocrx_word' id='word_1_542' title='bbox 1706 1755 1785 1787; x_wconf 81' lang='grc' dir='ltr'>Θεοῦ,</span> <span class='ocrx_word' id='word_1_543' title='bbox 1809 1756 1858 1783; x_wconf 84' lang='grc' dir='ltr'><strong>καὶ</strong></span> <span class='ocrx_word' id='word_1_544' title='bbox 1879 1756 1927 1786; x_wconf 72' lang='grc' dir='ltr'>τὰς</span> 
     </span>
    </p>
   </div>
   <div class='ocr_carea' id='block_1_76' title="bbox 1139 1800 1928 1837">
    <p class='ocr_par' dir='ltr' id='par_1_76' title="bbox 1139 1800 1928 1837">
     <span class='ocr_line' id='line_1_76' title="bbox 1139 1800 1928 1837; baseline 0.004 -11"><span class='ocrx_word' id='word_1_545' title='bbox 1139 1800 1222 1833; x_wconf 77' lang='grc' dir='ltr'>αὐλὰς</span> <span class='ocrx_word' id='word_1_546' title='bbox 1239 1800 1331 1832; x_wconf 71' lang='grc' dir='ltr'>αὐτοῦ,</span> <span class='ocrx_word' id='word_1_547' title='bbox 1349 1802 1395 1827; x_wconf 55' lang='grc' dir='ltr'><strong>καὶ⁵</strong></span> <span class='ocrx_word' id='word_1_548' title='bbox 1409 1801 1444 1827; x_wconf 85' lang='grc' dir='ltr'>τὰ</span> <span class='ocrx_word' id='word_1_549' title='bbox 1456 1801 1635 1837; x_wconf 82' lang='grc' dir='ltr'>θυσιαστήρια</span> <span class='ocrx_word' id='word_1_550' title='bbox 1650 1801 1810 1837; x_wconf 80' lang='grc' dir='ltr'>καταφυγὴν</span> <span class='ocrx_word' id='word_1_551' title='bbox 1823 1800 1928 1832; x_wconf 78' lang='grc' dir='ltr'><strong>ἑαυτοῖς</strong></span> 
     </span>
    </p>
   </div>
   <div class='ocr_carea' id='block_1_77' title="bbox 1141 1846 1928 1883">
    <p class='ocr_par' dir='ltr' id='par_1_77' title="bbox 1141 1846 1928 1883">
     <span class='ocr_line' id='line_1_77' title="bbox 1141 1846 1928 1883; baseline 0.001 -10"><span class='ocrx_word' id='word_1_552' title='bbox 1141 1848 1187 1873; x_wconf 76' lang='grc' dir='ltr'>καὶ</span> <span class='ocrx_word' id='word_1_553' title='bbox 1200 1847 1360 1874; x_wconf 81' lang='grc' dir='ltr'>ἀνάπαυσιν.</span> <span class='ocrx_word' id='word_1_554' title='bbox 1379 1848 1472 1878; x_wconf 83' lang='grc' dir='ltr'>Εἴποις</span> <span class='ocrx_word' id='word_1_555' title='bbox 1492 1848 1515 1873; x_wconf 80' lang='grc' dir='ltr'><strong>δ’</strong></span> <span class='ocrx_word' id='word_1_556' title='bbox 1531 1847 1563 1874; x_wconf 83' lang='grc' dir='ltr'><strong>ἂν</strong></span> <span class='ocrx_word' id='word_1_557' title='bbox 1576 1848 1640 1879; x_wconf 74' lang='grc' dir='ltr'>τοὺς</span> <span class='ocrx_word' id='word_1_558' title='bbox 1657 1848 1706 1883; x_wconf 79' lang='grc' dir='ltr'>μὲν</span> <span class='ocrx_word' id='word_1_559' title='bbox 1729 1846 1865 1879; x_wconf 68' lang='grc' dir='ltr'>εὐζώνους</span> <span class='ocrx_word' id='word_1_560' title='bbox 1883 1847 1928 1874; x_wconf 78' lang='grc' dir='ltr'><strong>καὶ</strong></span> 
     </span>
    </p>
   </div>
   <div class='ocr_carea' id='block_1_78' title="bbox 1141 1891 1929 1930">
    <p class='ocr_par' dir='ltr' id='par_1_78' title="bbox 1141 1891 1929 1930">
     <span class='ocr_line' id='line_1_78' title="bbox 1141 1891 1929 1930; baseline 0.001 -12"><span class='ocrx_word' id='word_1_561' title='bbox 1141 1893 1187 1919; x_wconf 82' lang='grc' dir='ltr'>τὸν</span> <span class='ocrx_word' id='word_1_562' title='bbox 1203 1893 1305 1928; x_wconf 84' lang='grc' dir='ltr'><strong>μονήρη</strong></span> <span class='ocrx_word' id='word_1_563' title='bbox 1318 1893 1372 1927; x_wconf 81' lang='grc' dir='ltr'>βίον</span> <span class='ocrx_word' id='word_1_564' title='bbox 1388 1893 1611 1930; x_wconf 76' lang='grc' dir='ltr'><strong>ἐπανῃρημένους</strong></span> <span class='ocrx_word' id='word_1_565' title='bbox 1623 1891 1691 1920; x_wconf 73' lang='grc' dir='ltr'>εἶναι</span> <span class='ocrx_word' id='word_1_566' title='bbox 1704 1893 1855 1928; x_wconf 79' lang='grc' dir='ltr'>στρουθίον,</span> <span class='ocrx_word' id='word_1_567' title='bbox 1868 1894 1929 1924; x_wconf 76' lang='grc' dir='ltr'>τοὺς</span> 
     </span>
    </p>
   </div>
   <div class='ocr_carea' id='block_1_79' title="bbox 1141 1938 1929 1975">
    <p class='ocr_par' dir='ltr' id='par_1_79' title="bbox 1141 1938 1929 1975">
     <span class='ocr_line' id='line_1_79' title="bbox 1141 1938 1929 1975; baseline -0.001 -10"><span class='ocrx_word' id='word_1_568' title='bbox 1141 1938 1169 1965; x_wconf 84' lang='grc' dir='ltr'><strong>δὲ</strong></span> <span class='ocrx_word' id='word_1_569' title='bbox 1193 1940 1360 1971; x_wconf 82' lang='grc' dir='ltr'>παιδοποιίας</span> <span class='ocrx_word' id='word_1_570' title='bbox 1376 1941 1423 1966; x_wconf 71' lang='grc' dir='ltr'><strong>καὶ</strong></span> <span class='ocrx_word' id='word_1_571' title='bbox 1447 1940 1495 1975; x_wconf 83' lang='grc' dir='ltr'><strong>τῆς</strong></span> <span class='ocrx_word' id='word_1_572' title='bbox 1519 1939 1602 1974; x_wconf 82' lang='grc' dir='ltr'>ἄλλης</span> <span class='ocrx_word' id='word_1_573' title='bbox 1621 1939 1776 1975; x_wconf 76' lang='grc' dir='ltr'>οἰκονομίας</span> <span class='ocrx_word' id='word_1_574' title='bbox 1801 1939 1929 1975; x_wconf 79' lang='grc' dir='ltr'>πρόνοιαν</span> 
     </span>
    </p>
   </div>
   <div class='ocr_carea' id='block_1_80' title="bbox 303 1985 1928 2024">
    <p class='ocr_par' dir='ltr' id='par_1_80' title="bbox 303 1985 1928 2024">
     <span class='ocr_line' id='line_1_80' title="bbox 303 1985 1928 2024; baseline 0.001 -12"><span class='ocrx_word' id='word_1_575' title='bbox 303 1986 513 2020; x_wconf 80' lang='grc' dir='ltr'>πεποιημένους,</span> <span class='ocrx_word' id='word_1_576' title='bbox 530 1986 580 2021; x_wconf 79' lang='grc' dir='ltr'><strong>τὴν</strong></span> <span class='ocrx_word' id='word_1_577' title='bbox 592 1985 720 2021; x_wconf 83' lang='grc' dir='ltr'><strong>τρυγόνα,</strong></span> <span class='ocrx_word' id='word_1_578' title='bbox 741 1986 774 2021; x_wconf 83' lang='grc' dir='ltr'>ἦν</span> <span class='ocrx_word' id='word_1_579' title='bbox 799 1986 839 2021; x_wconf 82' lang='grc' dir='ltr'>τῷ</span> <span class='ocrx_word' id='word_1_580' title='bbox 854 1986 913 2022; x_wconf 84' lang='grc' dir='ltr'><strong>Θεῴ</strong></span> <span class='ocrx_word' id='word_1_581' title='bbox 937 1995 1004 2022; x_wconf 82' lang='grc' dir='ltr'>φησι</span> <span class='ocrx_word' id='word_1_582' title='bbox 1020 1987 1184 2024; x_wconf 78' lang='grc' dir='ltr'>προσφέρειν</span> <span class='ocrx_word' id='word_1_583' title='bbox 1198 1987 1252 2014; x_wconf 85' lang='grc' dir='ltr'>δεῖν</span> <span class='ocrx_word' id='word_1_584' title='bbox 1264 1988 1326 2019; x_wconf 83' lang='grc' dir='ltr'>τοὺς</span> <span class='ocrx_word' id='word_1_585' title='bbox 1355 1987 1467 2019; x_wconf 73' lang='grc' dir='ltr'>ἑαυτοὺς</span> <span class='ocrx_word' id='word_1_586' title='bbox 1485 1987 1616 2019; x_wconf 76' lang='grc' dir='ltr'>νεοττοὺς</span> <span class='ocrx_word' id='word_1_587' title='bbox 1633 1987 1681 2013; x_wconf 78' lang='grc' dir='ltr'><strong>καὶ</strong></span> <span class='ocrx_word' id='word_1_588' title='bbox 1711 1986 1867 2013; x_wconf 78' lang='grc' dir='ltr'>ἀνατιθέναι</span> <span class='ocrx_word' id='word_1_589' title='bbox 1881 1985 1928 2013; x_wconf 59' lang='lat' dir='ltr'><strong>ab»</strong></span> 
     </span>
    </p>
   </div>
   <div class='ocr_carea' id='block_1_81' title="bbox 303 2032 997 2069">
    <p class='ocr_par' dir='ltr' id='par_1_81' title="bbox 303 2032 997 2069">
     <span class='ocr_line' id='line_1_81' title="bbox 303 2032 997 2069; baseline 0.003 -11"><span class='ocrx_word' id='word_1_590' title='bbox 303 2032 376 2063; x_wconf 72' lang='grc' dir='ltr'>τοὺς,</span> <span class='ocrx_word' id='word_1_591' title='bbox 390 2032 427 2063; x_wconf 84' lang='grc' dir='ltr'>ὡς</span> <span class='ocrx_word' id='word_1_592' title='bbox 441 2033 469 2059; x_wconf 92' lang='grc' dir='ltr'><strong>ἐν</strong></span> <span class='ocrx_word' id='word_1_593' title='bbox 485 2033 565 2067; x_wconf 85' lang='grc' dir='ltr'>καλιᾷ</span> <span class='ocrx_word' id='word_1_594' title='bbox 581 2033 610 2058; x_wconf 85' lang='grc' dir='ltr'>ἐν</span> <span class='ocrx_word' id='word_1_595' title='bbox 622 2034 677 2064; x_wconf 83' lang='grc' dir='ltr'>τοῖς</span> <span class='ocrx_word' id='word_1_596' title='bbox 690 2033 892 2069; x_wconf 80' lang='grc' dir='ltr'>θυσιαστηρίοις</span> <span class='ocrx_word' id='word_1_597' title='bbox 904 2033 997 2060; x_wconf 81' lang='grc' dir='ltr'>αὐτοῦ.</span> 
     </span>
    </p>
   </div>
   <div class='ocr_carea' id='block_1_82' title="bbox 339 2088 1088 2122">
    <p class='ocr_par' dir='ltr' id='par_1_82' title="bbox 339 2088 1088 2122">
     <span class='ocr_line' id='line_1_82' title="bbox 339 2088 1088 2122; baseline 0.003 -7"><span class='ocrx_word' id='word_1_598' title='bbox 339 2088 421 2116; x_wconf 80' lang='lat' dir='ltr'><strong>Vsus.</strong></span> <span class='ocrx_word' id='word_1_599' title='bbox 448 2089 473 2116; x_wconf 77' lang='lat'><strong>5.</strong></span> <span class='ocrx_word' id='word_1_600' title='bbox 495 2089 549 2116; x_wconf 77' lang='lat' dir='ltr'><strong>Rea:</strong></span> <span class='ocrx_word' id='word_1_601' title='bbox 576 2097 647 2116; x_wconf 79' lang='lat' dir='ltr'><strong>meus</strong></span> <span class='ocrx_word' id='word_1_602' title='bbox 663 2094 688 2116; x_wconf 81' lang='lat' dir='ltr'><strong>et</strong></span> <span class='ocrx_word' id='word_1_603' title='bbox 712 2089 782 2116; x_wconf 76' lang='lat' dir='ltr'><strong>Deus</strong></span> <span class='ocrx_word' id='word_1_604' title='bbox 805 2098 889 2122; x_wconf 72' lang='lat' dir='ltr'><strong>urens,</strong></span> <span class='ocrx_word' id='word_1_605' title='bbox 912 2090 981 2117; x_wconf 78' lang='lat' dir='ltr'><strong>beati</strong></span> <span class='ocrx_word' id='word_1_606' title='bbox 1000 2099 1088 2118; x_wconf 78' lang='lat' dir='ltr'><strong>omnes</strong></span> 
     </span>
    </p>
   </div>
   <div class='ocr_carea' id='block_1_83' title="bbox 303 2135 1089 2172">
    <p class='ocr_par' dir='ltr' id='par_1_83' title="bbox 303 2135 1089 2172">
     <span class='ocr_line' id='line_1_83' title="bbox 303 2135 1089 2172; baseline 0 -10"><span class='ocrx_word' id='word_1_607' title='bbox 303 2135 348 2172; x_wconf 72' lang='lat' dir='ltr'><strong>qui</strong></span> <span class='ocrx_word' id='word_1_608' title='bbox 363 2135 485 2162; x_wconf 80' lang='lat' dir='ltr'><strong>habitant</strong></span> <span class='ocrx_word' id='word_1_609' title='bbox 499 2136 526 2162; x_wconf 77' lang='lat' dir='ltr'><strong>in</strong></span> <span class='ocrx_word' id='word_1_610' title='bbox 543 2135 621 2162; x_wconf 84' lang='lat' dir='ltr'><strong>domo</strong></span> <span class='ocrx_word' id='word_1_611' title='bbox 637 2140 694 2167; x_wconf 85' lang='lat' dir='ltr'><strong>tua,</strong></span> <span class='ocrx_word' id='word_1_612' title='bbox 710 2136 735 2162; x_wconf 85' lang='lat' dir='ltr'><strong>in</strong></span> <span class='ocrx_word' id='word_1_613' title='bbox 750 2136 848 2162; x_wconf 74' lang='lat' dir='ltr'><strong>swcula</strong></span> <span class='ocrx_word' id='word_1_614' title='bbox 862 2135 1019 2162; x_wconf 71' lang='lat' dir='ltr'><strong>merularum</strong></span> <span class='ocrx_word' id='word_1_615' title='bbox 1032 2135 1089 2162; x_wconf 87' lang='lat' dir='ltr'><strong>lau-</strong></span> 
     </span>
    </p>
   </div>
   <div class='ocr_carea' id='block_1_84' title="bbox 304 2181 1080 2216">
    <p class='ocr_par' dir='ltr' id='par_1_84' title="bbox 304 2181 1080 2216">
     <span class='ocr_line' id='line_1_84' title="bbox 304 2181 1080 2216; baseline 0 -8"><span class='ocrx_word' id='word_1_616' title='bbox 304 2182 404 2209; x_wconf 83' lang='lat' dir='ltr'><strong>dabunt</strong></span> <span class='ocrx_word' id='word_1_617' title='bbox 417 2188 451 2210; x_wconf 83' lang='lat' dir='ltr'><strong>te.</strong></span> <span class='ocrx_word' id='word_1_618' title='bbox 461 2181 628 2216; x_wconf 72' lang='lat' dir='ltr'><strong>Diapralmu.</strong></span> <span class='ocrx_word' id='word_1_619' title='bbox 641 2183 732 2214; x_wconf 77' lang='lat' dir='ltr'><strong>Quare</strong></span> <span class='ocrx_word' id='word_1_620' title='bbox 742 2181 839 2209; x_wconf 87' lang='lat' dir='ltr'><strong>dilecta</strong></span> <span class='ocrx_word' id='word_1_621' title='bbox 850 2185 877 2209; x_wconf 87' lang='lat' dir='ltr'><strong>et</strong></span> <span class='ocrx_word' id='word_1_622' title='bbox 887 2181 1014 2208; x_wconf 82' lang='lat' dir='ltr'><strong>amabilia</strong></span> <span class='ocrx_word' id='word_1_623' title='bbox 1024 2182 1080 2208; x_wconf 88' lang='lat' dir='ltr'><strong>mih</strong></span> 
     </span>
    </p>
   </div>
   <div class='ocr_carea' id='block_1_85' title="bbox 304 2217 1091 2258">
    <p class='ocr_par' dir='ltr' id='par_1_85' title="bbox 304 2217 1091 2258">
     <span class='ocr_line' id='line_1_85' title="bbox 304 2217 1091 2258; baseline -0.003 -3"><span class='ocrx_word' id='word_1_624' title='bbox 304 2231 369 2255; x_wconf 80' lang='lat' dir='ltr'><strong>sum</strong></span> <span class='ocrx_word' id='word_1_625' title='bbox 383 2227 558 2254; x_wconf 87' lang='lat' dir='ltr'><strong>tabernacula</strong></span> <span class='ocrx_word' id='word_1_626' title='bbox 575 2231 632 2258; x_wconf 81' lang='lat' dir='ltr'><strong>tua,</strong></span> <span class='ocrx_word' id='word_1_627' title='bbox 647 2230 674 2253; x_wconf 88' lang='lat' dir='ltr'><strong>et</strong></span> <span class='ocrx_word' id='word_1_628' title='bbox 688 2233 738 2253; x_wconf 89' lang='lat' dir='ltr'><strong>cur</strong></span> <span class='ocrx_word' id='word_1_629' title='bbox 760 2226 897 2254; x_wconf 84' lang='lat' dir='ltr'><strong>desiderio</strong></span> <span class='ocrx_word' id='word_1_630' title='bbox 915 2233 1010 2254; x_wconf 83' lang='lat' dir='ltr'><strong>eorum</strong></span> <span class='ocrx_word' id='word_1_631' title='bbox 1025 2217 1091 2258; x_wconf 43' lang='lat' dir='ltr'><strong>deti;</strong></span> 
     </span>
    </p>
   </div>
   <div class='ocr_carea' id='block_1_86' title="bbox 305 2257 1091 2306">
    <p class='ocr_par' dir='ltr' id='par_1_86' title="bbox 305 2257 1091 2306">
     <span class='ocr_line' id='line_1_86' title="bbox 305 2257 1091 2306; baseline -0.004 -6"><span class='ocrx_word' id='word_1_632' title='bbox 305 2273 342 2300; x_wconf 88' lang='lat' dir='ltr'><strong>cit</strong></span> <span class='ocrx_word' id='word_1_633' title='bbox 356 2272 446 2299; x_wconf 82' lang='lat' dir='ltr'><strong>anima</strong></span> <span class='ocrx_word' id='word_1_634' title='bbox 459 2279 529 2304; x_wconf 84' lang='lat' dir='ltr'><strong>mea,</strong></span> <span class='ocrx_word' id='word_1_635' title='bbox 551 2270 585 2297; x_wconf 86' lang='lat' dir='ltr'><strong>ad</strong></span> <span class='ocrx_word' id='word_1_636' title='bbox 606 2257 663 2297; x_wconf 58' lang='lat' dir='ltr'><strong>hinc</strong></span> <span class='ocrx_word' id='word_1_637' title='bbox 678 2270 762 2298; x_wconf 89' lang='lat' dir='ltr'><strong>etiam</strong></span> <span class='ocrx_word' id='word_1_638' title='bbox 778 2270 805 2297; x_wconf 92' lang='lat' dir='ltr'><strong>in</strong></span> <span class='ocrx_word' id='word_1_639' title='bbox 820 2278 875 2306; x_wconf 93' lang='lat' dir='ltr'><strong>quo</strong></span> <span class='ocrx_word' id='word_1_640' title='bbox 885 2270 1032 2298; x_wconf 84' lang='lat' dir='ltr'><strong>exsultavit</strong></span> <span class='ocrx_word' id='word_1_641' title='bbox 1043 2257 1091 2297; x_wconf 64' lang='lat' dir='ltr'><strong>co&#39;i</strong></span> 
     </span>
    </p>
   </div>
   <div class='ocr_carea' id='block_1_87' title="bbox 303 2315 1088 2351">
    <p class='ocr_par' dir='ltr' id='par_1_87' title="bbox 303 2315 1088 2351">
     <span class='ocr_line' id='line_1_87' title="bbox 303 2315 1088 2351; baseline -0.005 -5"><span class='ocrx_word' id='word_1_642' title='bbox 303 2326 394 2346; x_wconf 89' lang='lat' dir='ltr'><strong>meum</strong></span> <span class='ocrx_word' id='word_1_643' title='bbox 409 2321 436 2345; x_wconf 87' lang='lat' dir='ltr'><strong>et</strong></span> <span class='ocrx_word' id='word_1_644' title='bbox 449 2325 513 2344; x_wconf 87' lang='lat' dir='ltr'><strong>caro</strong></span> <span class='ocrx_word' id='word_1_645' title='bbox 524 2317 602 2344; x_wconf 82' lang='lat' dir='ltr'><strong>mea?</strong></span> <span class='ocrx_word' id='word_1_646' title='bbox 615 2316 682 2350; x_wconf 85' lang='lat' dir='ltr'><strong>Quia</strong></span> <span class='ocrx_word' id='word_1_647' title='bbox 696 2324 787 2351; x_wconf 67' lang='lat' dir='ltr'><strong>passer</strong></span> <span class='ocrx_word' id='word_1_648' title='bbox 797 2316 895 2343; x_wconf 77' lang='lat' dir='ltr'><strong>inuenit</strong></span> <span class='ocrx_word' id='word_1_649' title='bbox 907 2315 957 2343; x_wconf 77' lang='lat' dir='ltr'><strong>sibi</strong></span> <span class='ocrx_word' id='word_1_650' title='bbox 970 2315 1088 2349; x_wconf 83' lang='lat' dir='ltr'><strong>domum,</strong></span> 
     </span>
    </p>
   </div>
   <div class='ocr_carea' id='block_1_88' title="bbox 303 2362 1089 2395">
    <p class='ocr_par' dir='ltr' id='par_1_88' title="bbox 303 2362 1089 2395">
     <span class='ocr_line' id='line_1_88' title="bbox 303 2362 1089 2395; baseline -0.003 -4"><span class='ocrx_word' id='word_1_651' title='bbox 303 2369 328 2392; x_wconf 82' lang='lat' dir='ltr'><strong>et</strong></span> <span class='ocrx_word' id='word_1_652' title='bbox 344 2370 432 2391; x_wconf 76' lang='lat' dir='ltr'><strong>turtur</strong></span> <span class='ocrx_word' id='word_1_653' title='bbox 454 2363 555 2395; x_wconf 81' lang='lat' dir='ltr'><strong>nidum,</strong></span> <span class='ocrx_word' id='word_1_654' title='bbox 580 2362 681 2390; x_wconf 79' lang='lat' dir='ltr'><strong>altaria</strong></span> <span class='ocrx_word' id='word_1_655' title='bbox 705 2368 761 2394; x_wconf 82' lang='lat' dir='ltr'><strong>tua,</strong></span> <span class='ocrx_word' id='word_1_656' title='bbox 781 2362 892 2389; x_wconf 79' lang='lat' dir='ltr'><strong>Domine</strong></span> <span class='ocrx_word' id='word_1_657' title='bbox 906 2363 1042 2389; x_wconf 84' lang='lat' dir='ltr'><strong>virtutum.</strong></span> <span class='ocrx_word' id='word_1_658' title='bbox 1059 2363 1089 2389; x_wconf 89' lang='lat' dir='ltr'><strong>ln</strong></span> 
     </span>
    </p>
   </div>
   <div class='ocr_carea' id='block_1_89' title="bbox 304 2408 1090 2445">
    <p class='ocr_par' dir='ltr' id='par_1_89' title="bbox 304 2408 1090 2445">
     <span class='ocr_line' id='line_1_89' title="bbox 304 2408 1090 2445; baseline 0 -9"><span class='ocrx_word' id='word_1_659' title='bbox 304 2410 405 2445; x_wconf 88' lang='lat' dir='ltr'><strong>quibus</strong></span> <span class='ocrx_word' id='word_1_660' title='bbox 429 2409 562 2437; x_wconf 84' lang='lat' dir='ltr'><strong>altaribus</strong></span> <span class='ocrx_word' id='word_1_661' title='bbox 586 2408 633 2444; x_wconf 91' lang='lat' dir='ltr'><strong>qui</strong></span> <span class='ocrx_word' id='word_1_662' title='bbox 658 2416 711 2436; x_wconf 91' lang='lat' dir='ltr'><strong>non</strong></span> <span class='ocrx_word' id='word_1_663' title='bbox 739 2408 772 2435; x_wconf 88' lang='lat' dir='ltr'><strong>ad</strong></span> <span class='ocrx_word' id='word_1_664' title='bbox 796 2408 878 2436; x_wconf 89' lang='lat' dir='ltr'><strong>breve</strong></span> <span class='ocrx_word' id='word_1_665' title='bbox 899 2412 1016 2443; x_wconf 83' lang='lat' dir='ltr'><strong>tempus.</strong></span> <span class='ocrx_word' id='word_1_666' title='bbox 1042 2408 1090 2436; x_wconf 80' lang='lat' dir='ltr'><strong>sed</strong></span> 
     </span>
    </p>
   </div>
   <div class='ocr_carea' id='block_1_90' title="bbox 305 2453 1088 2490">
    <p class='ocr_par' dir='ltr' id='par_1_90' title="bbox 305 2453 1088 2490">
     <span class='ocr_line' id='line_1_90' title="bbox 305 2453 1088 2490; baseline -0.004 -7"><span class='ocrx_word' id='word_1_667' title='bbox 305 2456 414 2483; x_wconf 81' lang='lat' dir='ltr'><strong>assidue</strong></span> <span class='ocrx_word' id='word_1_668' title='bbox 427 2460 455 2483; x_wconf 90' lang='lat' dir='ltr'><strong>et</strong></span> <span class='ocrx_word' id='word_1_669' title='bbox 474 2459 681 2490; x_wconf 88' lang='lat' dir='ltr'><strong>perseveranter</strong></span> <span class='ocrx_word' id='word_1_670' title='bbox 693 2457 899 2482; x_wconf 87' lang='lat' dir='ltr'><strong>commorantur</strong></span> <span class='ocrx_word' id='word_1_671' title='bbox 912 2457 940 2481; x_wconf 87' lang='lat' dir='ltr'><strong>et</strong></span> <span class='ocrx_word' id='word_1_672' title='bbox 953 2453 1088 2486; x_wconf 84' lang='lat' dir='ltr'><strong>habitant,</strong></span> 
     </span>
    </p>
   </div>
   <div class='ocr_carea' id='block_1_91' title="bbox 304 2500 1090 2537">
    <p class='ocr_par' dir='ltr' id='par_1_91' title="bbox 304 2500 1090 2537">
     <span class='ocr_line' id='line_1_91' title="bbox 304 2500 1090 2537; baseline 0.001 -10"><span class='ocrx_word' id='word_1_673' title='bbox 304 2504 346 2528; x_wconf 91' lang='lat' dir='ltr'><strong>ter</strong></span> <span class='ocrx_word' id='word_1_674' title='bbox 367 2502 439 2529; x_wconf 87' lang='lat' dir='ltr'><strong>beati</strong></span> <span class='ocrx_word' id='word_1_675' title='bbox 465 2506 538 2529; x_wconf 89' lang='lat' dir='ltr'><strong>sunt.</strong></span> <span class='ocrx_word' id='word_1_676' title='bbox 563 2500 611 2529; x_wconf 88' lang='lat' dir='ltr'><strong>His</strong></span> <span class='ocrx_word' id='word_1_677' title='bbox 636 2508 718 2537; x_wconf 89' lang='lat' dir='ltr'><strong>porro</strong></span> <span class='ocrx_word' id='word_1_678' title='bbox 740 2500 822 2528; x_wconf 85' lang='lat' dir='ltr'><strong>dictis</strong></span> <span class='ocrx_word' id='word_1_679' title='bbox 846 2501 943 2534; x_wconf 80' lang='lat' dir='ltr'><strong>legalia</strong></span> <span class='ocrx_word' id='word_1_680' title='bbox 967 2502 1057 2528; x_wconf 88' lang='lat' dir='ltr'><strong>omnia</strong></span> <span class='ocrx_word' id='word_1_681' title='bbox 1074 2508 1090 2527; x_wconf 82' lang='lat' dir='ltr'><strong>a</strong></span> 
     </span>
    </p>
   </div>
   <div class='ocr_carea' id='block_1_92' title="bbox 305 2545 1089 2582">
    <p class='ocr_par' dir='ltr' id='par_1_92' title="bbox 305 2545 1089 2582">
     <span class='ocr_line' id='line_1_92' title="bbox 305 2545 1089 2582; baseline -0.001 -9"><span class='ocrx_word' id='word_1_682' title='bbox 305 2547 397 2582; x_wconf 85' lang='lat' dir='ltr'><strong>Moyse</strong></span> <span class='ocrx_word' id='word_1_683' title='bbox 417 2547 517 2574; x_wconf 90' lang='lat' dir='ltr'><strong>tradita</strong></span> <span class='ocrx_word' id='word_1_684' title='bbox 533 2547 736 2575; x_wconf 84' lang='lat' dir='ltr'><strong>circumscribit</strong></span> <span class='ocrx_word' id='word_1_685' title='bbox 757 2552 784 2574; x_wconf 85' lang='lat' dir='ltr'><strong>et</strong></span> <span class='ocrx_word' id='word_1_686' title='bbox 801 2547 918 2582; x_wconf 75' lang='lat' dir='ltr'><strong>ablegat.</strong></span> <span class='ocrx_word' id='word_1_687' title='bbox 936 2545 994 2573; x_wconf 80' lang='lat' dir='ltr'><strong>Non</strong></span> <span class='ocrx_word' id='word_1_688' title='bbox 1016 2547 1089 2573; x_wconf 92' lang='lat' dir='ltr'><strong>enim</strong></span> 
     </span>
    </p>
   </div>
   <div class='ocr_carea' id='block_1_93' title="bbox 307 2592 1089 2628">
    <p class='ocr_par' dir='ltr' id='par_1_93' title="bbox 307 2592 1089 2628">
     <span class='ocr_line' id='line_1_93' title="bbox 307 2592 1089 2628; baseline -0.003 -8"><span class='ocrx_word' id='word_1_689' title='bbox 307 2593 401 2620; x_wconf 88' lang='lat' dir='ltr'><strong>beatos</strong></span> <span class='ocrx_word' id='word_1_690' title='bbox 416 2593 484 2620; x_wconf 78' lang='lat' dir='ltr'><strong>dixit</strong></span> <span class='ocrx_word' id='word_1_691' title='bbox 500 2593 691 2624; x_wconf 69' lang='lat' dir='ltr'><strong>circumcisus.</strong></span> <span class='ocrx_word' id='word_1_692' title='bbox 709 2601 764 2620; x_wconf 91' lang='lat' dir='ltr'><strong>non</strong></span> <span class='ocrx_word' id='word_1_693' title='bbox 777 2600 825 2620; x_wconf 89' lang='lat' dir='ltr'><strong>eos</strong></span> <span class='ocrx_word' id='word_1_694' title='bbox 840 2593 885 2628; x_wconf 93' lang='lat' dir='ltr'><strong>qui</strong></span> <span class='ocrx_word' id='word_1_695' title='bbox 905 2592 1023 2620; x_wconf 86' lang='lat' dir='ltr'><strong>Sabbata</strong></span> <span class='ocrx_word' id='word_1_696' title='bbox 1040 2592 1089 2619; x_wconf 91' lang='lat' dir='ltr'><strong>ob-</strong></span> 
     </span>
    </p>
   </div>
   <div class='ocr_carea' id='block_1_94' title="bbox 304 2638 1091 2671">
    <p class='ocr_par' dir='ltr' id='par_1_94' title="bbox 304 2638 1091 2671">
     <span class='ocr_line' id='line_1_94' title="bbox 304 2638 1091 2671; baseline -0.003 -5"><span class='ocrx_word' id='word_1_697' title='bbox 304 2642 431 2671; x_wconf 72' lang='lat' dir='ltr'><strong>servant,</strong></span> <span class='ocrx_word' id='word_1_698' title='bbox 459 2646 512 2666; x_wconf 92' lang='lat' dir='ltr'><strong>non</strong></span> <span class='ocrx_word' id='word_1_699' title='bbox 545 2638 725 2667; x_wconf 83' lang='lat' dir='ltr'><strong>Mosaicorum</strong></span> <span class='ocrx_word' id='word_1_700' title='bbox 755 2639 953 2666; x_wconf 87' lang='lat' dir='ltr'><strong>sacriﬁciorum</strong></span> <span class='ocrx_word' id='word_1_701' title='bbox 984 2638 1091 2665; x_wconf 72' lang='lat' dir='ltr'><strong>caetero-</strong></span> 
     </span>
    </p>
   </div>
   <div class='ocr_carea' id='block_1_95' title="bbox 303 2683 1089 2720">
    <p class='ocr_par' dir='ltr' id='par_1_95' title="bbox 303 2683 1089 2720">
     <span class='ocr_line' id='line_1_95' title="bbox 303 2683 1089 2720; baseline -0.001 -9"><span class='ocrx_word' id='word_1_702' title='bbox 303 2691 421 2718; x_wconf 85' lang='lat' dir='ltr'><strong>rumque</strong></span> <span class='ocrx_word' id='word_1_703' title='bbox 448 2684 599 2718; x_wconf 83' lang='lat' dir='ltr'><strong>corporalis</strong></span> <span class='ocrx_word' id='word_1_704' title='bbox 633 2684 700 2720; x_wconf 77' lang='lat' dir='ltr'><strong>legis</strong></span> <span class='ocrx_word' id='word_1_705' title='bbox 728 2687 925 2719; x_wconf 73' lang='lat' dir='ltr'><strong>praeceptorum</strong></span> <span class='ocrx_word' id='word_1_706' title='bbox 952 2683 1089 2715; x_wconf 83' lang='lat' dir='ltr'><strong>cultores,</strong></span> 
     </span>
    </p>
   </div>
   <div class='ocr_carea' id='block_1_96' title="bbox 304 2729 1088 2765">
    <p class='ocr_par' dir='ltr' id='par_1_96' title="bbox 304 2729 1088 2765">
     <span class='ocr_line' id='line_1_96' title="bbox 304 2729 1088 2765; baseline -0.003 -8"><span class='ocrx_word' id='word_1_707' title='bbox 304 2737 393 2765; x_wconf 88' lang='lat' dir='ltr'><strong>neque</strong></span> <span class='ocrx_word' id='word_1_708' title='bbox 408 2729 491 2757; x_wconf 85' lang='lat' dir='ltr'><strong>etiam</strong></span> <span class='ocrx_word' id='word_1_709' title='bbox 505 2737 552 2757; x_wconf 89' lang='lat' dir='ltr'><strong>eos</strong></span> <span class='ocrx_word' id='word_1_710' title='bbox 569 2730 614 2765; x_wconf 89' lang='lat' dir='ltr'><strong>qui</strong></span> <span class='ocrx_word' id='word_1_711' title='bbox 632 2738 666 2757; x_wconf 84' lang='lat' dir='ltr'><strong>ex</strong></span> <span class='ocrx_word' id='word_1_712' title='bbox 681 2730 828 2757; x_wconf 84' lang='lat' dir='ltr'><strong>Abrahami</strong></span> <span class='ocrx_word' id='word_1_713' title='bbox 842 2730 927 2765; x_wconf 88' lang='lat' dir='ltr'><strong>stirpe</strong></span> <span class='ocrx_word' id='word_1_714' title='bbox 943 2733 1017 2760; x_wconf 83' lang='lat' dir='ltr'><strong>sunt,</strong></span> <span class='ocrx_word' id='word_1_715' title='bbox 1034 2736 1088 2755; x_wconf 91' lang='lat' dir='ltr'><strong>non</strong></span> 
     </span>
    </p>
   </div>
   <div class='ocr_carea' id='block_1_97' title="bbox 304 2774 1089 2811">
    <p class='ocr_par' dir='ltr' id='par_1_97' title="bbox 304 2774 1089 2811">
     <span class='ocr_line' id='line_1_97' title="bbox 304 2774 1089 2811; baseline -0.003 -8"><span class='ocrx_word' id='word_1_716' title='bbox 304 2775 443 2808; x_wconf 82' lang='lat' dir='ltr'><strong>lsraelcm,</strong></span> <span class='ocrx_word' id='word_1_717' title='bbox 458 2783 547 2811; x_wconf 88' lang='lat' dir='ltr'><strong>neque</strong></span> <span class='ocrx_word' id='word_1_718' title='bbox 560 2775 702 2803; x_wconf 66' lang='lat' dir='ltr'><strong>Iudaicam</strong></span> <span class='ocrx_word' id='word_1_719' title='bbox 719 2780 824 2811; x_wconf 78' lang='lat' dir='ltr'><strong>gentem</strong></span> <span class='ocrx_word' id='word_1_720' title='bbox 837 2785 843 2808; x_wconf 91' lang='lat'>;</span> <span class='ocrx_word' id='word_1_721' title='bbox 868 2775 915 2803; x_wconf 87' lang='lat' dir='ltr'><strong>sed</strong></span> <span class='ocrx_word' id='word_1_722' title='bbox 930 2774 1089 2810; x_wconf 88' lang='lat' dir='ltr'><strong>simpliciter</strong></span> 
     </span>
    </p>
   </div>
   <div class='ocr_carea' id='block_1_98' title="bbox 303 2821 1088 2857">
    <p class='ocr_par' dir='ltr' id='par_1_98' title="bbox 303 2821 1088 2857">
     <span class='ocr_line' id='line_1_98' title="bbox 303 2821 1088 2857; baseline -0.004 -7"><span class='ocrx_word' id='word_1_723' title='bbox 303 2830 398 2850; x_wconf 90' lang='lat' dir='ltr'><strong>omnes</strong></span> <span class='ocrx_word' id='word_1_724' title='bbox 427 2822 473 2857; x_wconf 92' lang='lat' dir='ltr'><strong>qui</strong></span> <span class='ocrx_word' id='word_1_725' title='bbox 497 2821 619 2849; x_wconf 86' lang='lat' dir='ltr'><strong>habitant</strong></span> <span class='ocrx_word' id='word_1_726' title='bbox 645 2823 671 2849; x_wconf 91' lang='lat' dir='ltr'><strong>in</strong></span> <span class='ocrx_word' id='word_1_727' title='bbox 700 2822 782 2850; x_wconf 89' lang='lat' dir='ltr'><strong>domo</strong></span> <span class='ocrx_word' id='word_1_728' title='bbox 807 2822 862 2850; x_wconf 85' lang='lat' dir='ltr'><strong>Dei.</strong></span> <span class='ocrx_word' id='word_1_729' title='bbox 885 2822 955 2855; x_wconf 76' lang='lat' dir='ltr'><strong>Quid</strong></span> <span class='ocrx_word' id='word_1_730' title='bbox 983 2821 1088 2848; x_wconf 81' lang='lat' dir='ltr'><strong>beatius</strong></span> 
     </span>
    </p>
   </div>
   <div class='ocr_carea' id='block_1_99' title="bbox 339 2899 703 2934">
    <p class='ocr_par' dir='ltr' id='par_1_99' title="bbox 339 2899 703 2934">
     <span class='ocr_line' id='line_1_99' title="bbox 339 2899 703 2934; baseline -0.005 -6"><span class='ocrx_word' id='word_1_731' title='bbox 339 2901 396 2917; x_wconf 83' lang='grc'><strong><em>²⁶·²⁷</em></strong></span> <span class='ocrx_word' id='word_1_732' title='bbox 416 2899 487 2928; x_wconf 84' lang='lat' dir='ltr'><strong>Psal.</strong></span> <span class='ocrx_word' id='word_1_733' title='bbox 505 2908 608 2932; x_wconf 74' lang='lat' dir='ltr'><strong>Luxu,</strong></span> <span class='ocrx_word' id='word_1_734' title='bbox 630 2900 658 2934; x_wconf 82' lang='lat'><strong>5,</strong></span> <span class='ocrx_word' id='word_1_735' title='bbox 677 2900 703 2926; x_wconf 80' lang='grc'><strong>4.</strong></span> 
     </span>
    </p>
   </div>
   <div class='ocr_carea' id='block_1_100' title="bbox 1181 2089 1929 2125">
    <p class='ocr_par' dir='ltr' id='par_1_100' title="bbox 1181 2089 1929 2125">
     <span class='ocr_line' id='line_1_100' title="bbox 1181 2089 1929 2125; baseline -0.003 -7"><span class='ocrx_word' id='word_1_736' title='bbox 1181 2091 1207 2117; x_wconf 90' lang='lat'><strong>&#39;0</strong></span> <span class='ocrx_word' id='word_1_737' title='bbox 1232 2091 1380 2124; x_wconf 79' lang='grc' dir='ltr'>βασιλεύς</span> <span class='ocrx_word' id='word_1_738' title='bbox 1406 2098 1466 2125; x_wconf 76' lang='grc' dir='ltr'><strong>μου</strong></span> <span class='ocrx_word' id='word_1_739' title='bbox 1493 2090 1541 2117; x_wconf 74' lang='grc' dir='ltr'>καὶ</span> <span class='ocrx_word' id='word_1_740' title='bbox 1565 2091 1581 2116; x_wconf 86' lang='lat' dir='ltr'><strong>d</strong></span> <span class='ocrx_word' id='word_1_741' title='bbox 1605 2090 1677 2122; x_wconf 83' lang='grc' dir='ltr'>Θεός</span> <span class='ocrx_word' id='word_1_742' title='bbox 1696 2098 1766 2124; x_wconf 85' lang='grc' dir='ltr'>μου,</span> <span class='ocrx_word' id='word_1_743' title='bbox 1789 2089 1929 2124; x_wconf 78' lang='grc' dir='ltr'>μακάριοι</span> 
     </span>
    </p>
   </div>
   <div class='ocr_carea' id='block_1_101' title="bbox 1141 2135 1930 2170">
    <p class='ocr_par' dir='ltr' id='par_1_101' title="bbox 1141 2135 1930 2170">
     <span class='ocr_line' id='line_1_101' title="bbox 1141 2135 1930 2170; baseline -0.003 -7"><span class='ocrx_word' id='word_1_744' title='bbox 1141 2136 1251 2170; x_wconf 81' lang='grc' dir='ltr'>πάντες</span> <span class='ocrx_word' id='word_1_745' title='bbox 1267 2138 1294 2163; x_wconf 86' lang='grc' dir='ltr'><strong>οι</strong></span> <span class='ocrx_word' id='word_1_746' title='bbox 1313 2136 1520 2169; x_wconf 78' lang='grc' dir='ltr'>κατοικοῦντες</span> <span class='ocrx_word' id='word_1_747' title='bbox 1538 2135 1573 2162; x_wconf 82' lang='grc' dir='ltr'>ἐν</span> <span class='ocrx_word' id='word_1_748' title='bbox 1588 2135 1627 2168; x_wconf 84' lang='grc' dir='ltr'>τῷ</span> <span class='ocrx_word' id='word_1_749' title='bbox 1640 2135 1711 2168; x_wconf 76' lang='grc' dir='ltr'><strong>οἴκῳ</strong></span> <span class='ocrx_word' id='word_1_750' title='bbox 1721 2143 1790 2167; x_wconf 86' lang='grc' dir='ltr'>σου,</span> <span class='ocrx_word' id='word_1_751' title='bbox 1806 2136 1850 2168; x_wconf 83' lang='grc' dir='ltr'><strong>εις</strong></span> <span class='ocrx_word' id='word_1_752' title='bbox 1861 2135 1930 2168; x_wconf 78' lang='grc' dir='ltr'>τοὺς</span> 
     </span>
    </p>
   </div>
   <div class='ocr_carea' id='block_1_102' title="bbox 1140 2180 1929 2216">
    <p class='ocr_par' dir='ltr' id='par_1_102' title="bbox 1140 2180 1929 2216">
     <span class='ocr_line' id='line_1_102' title="bbox 1140 2180 1929 2216; baseline -0.004 -6"><span class='ocrx_word' id='word_1_753' title='bbox 1140 2182 1249 2216; x_wconf 70' lang='grc' dir='ltr'>αἰῶνας</span> <span class='ocrx_word' id='word_1_754' title='bbox 1263 2182 1322 2210; x_wconf 84' lang='grc' dir='ltr'><strong>τῶν</strong></span> <span class='ocrx_word' id='word_1_755' title='bbox 1335 2182 1446 2209; x_wconf 74' lang='grc' dir='ltr'>αιώνων</span> <span class='ocrx_word' id='word_1_756' title='bbox 1460 2181 1616 2208; x_wconf 81' lang='grc' dir='ltr'>αινέσουσί</span> <span class='ocrx_word' id='word_1_757' title='bbox 1631 2189 1677 2207; x_wconf 86' lang='grc' dir='ltr'>σε.</span> <span class='ocrx_word' id='word_1_758' title='bbox 1693 2180 1864 2215; x_wconf 73' lang='grc' dir='ltr'><strong>Διάψαλμπ.</strong></span> <span class='ocrx_word' id='word_1_759' title='bbox 1882 2181 1929 2207; x_wconf 72' lang='grc' dir='ltr'><strong>Διὰ</strong></span> 
     </span>
    </p>
   </div>
   <div class='ocr_carea' id='block_1_103' title="bbox 1141 2226 1929 2266">
    <p class='ocr_par' dir='ltr' id='par_1_103' title="bbox 1141 2226 1929 2266">
     <span class='ocr_line' id='line_1_103' title="bbox 1141 2226 1929 2266; baseline -0.001 -11"><span class='ocrx_word' id='word_1_760' title='bbox 1141 2229 1167 2255; x_wconf 81' lang='grc' dir='ltr'>τί</span> <span class='ocrx_word' id='word_1_761' title='bbox 1176 2229 1311 2266; x_wconf 81' lang='grc' dir='ltr'>προσφιλῆ</span> <span class='ocrx_word' id='word_1_762' title='bbox 1324 2237 1368 2264; x_wconf 87' lang='grc' dir='ltr'><strong>μοι</strong></span> <span class='ocrx_word' id='word_1_763' title='bbox 1381 2228 1506 2263; x_wconf 77' lang='grc' dir='ltr'>τυγχάνει</span> <span class='ocrx_word' id='word_1_764' title='bbox 1518 2227 1564 2254; x_wconf 68' lang='grc' dir='ltr'>καὶ</span> <span class='ocrx_word' id='word_1_765' title='bbox 1575 2227 1702 2262; x_wconf 74' lang='grc' dir='ltr'>ἀγαπητὰ</span> <span class='ocrx_word' id='word_1_766' title='bbox 1716 2226 1749 2253; x_wconf 86' lang='grc' dir='ltr'><strong>τὰ</strong></span> <span class='ocrx_word' id='word_1_767' title='bbox 1764 2227 1929 2262; x_wconf 74' lang='grc' dir='ltr'>σκηνώματά</span> 
     </span>
    </p>
   </div>
   <div class='ocr_carea' id='block_1_104' title="bbox 1142 2271 1926 2308">
    <p class='ocr_par' dir='ltr' id='par_1_104' title="bbox 1142 2271 1926 2308">
     <span class='ocr_line' id='line_1_104' title="bbox 1142 2271 1926 2308; baseline -0.004 -7"><span class='ocrx_word' id='word_1_768' title='bbox 1142 2283 1200 2306; x_wconf 85' lang='grc' dir='ltr'>σου,</span> <span class='ocrx_word' id='word_1_769' title='bbox 1214 2275 1259 2301; x_wconf 69' lang='grc' dir='ltr'>καὶ</span> <span class='ocrx_word' id='word_1_770' title='bbox 1273 2274 1344 2306; x_wconf 84' lang='grc' dir='ltr'>τίνος</span> <span class='ocrx_word' id='word_1_771' title='bbox 1354 2273 1434 2300; x_wconf 65' lang='grc' dir='ltr'>ἕνεκα</span> <span class='ocrx_word' id='word_1_772' title='bbox 1450 2271 1568 2299; x_wconf 81' lang='grc' dir='ltr'>ἐκλείπει</span> <span class='ocrx_word' id='word_1_773' title='bbox 1583 2273 1600 2308; x_wconf 86' lang='grc' dir='ltr'>ἡ</span> <span class='ocrx_word' id='word_1_774' title='bbox 1614 2272 1685 2307; x_wconf 74' lang='grc' dir='ltr'>ψυχή</span> <span class='ocrx_word' id='word_1_775' title='bbox 1701 2280 1751 2307; x_wconf 86' lang='grc' dir='ltr'><strong>μου</strong></span> <span class='ocrx_word' id='word_1_776' title='bbox 1767 2272 1834 2308; x_wconf 77' lang='grc' dir='ltr'>περὶ</span> <span class='ocrx_word' id='word_1_777' title='bbox 1851 2272 1926 2303; x_wconf 71' lang='grc' dir='ltr'>αὐτὰ,</span> 
     </span>
    </p>
   </div>
   <div class='ocr_carea' id='block_1_105' title="bbox 1142 2316 1927 2352">
    <p class='ocr_par' dir='ltr' id='par_1_105' title="bbox 1142 2316 1927 2352">
     <span class='ocr_line' id='line_1_105' title="bbox 1142 2316 1927 2352; baseline -0.001 -9"><span class='ocrx_word' id='word_1_778' title='bbox 1142 2317 1208 2343; x_wconf 80' lang='grc' dir='ltr'>ἀλλὰ</span> <span class='ocrx_word' id='word_1_779' title='bbox 1230 2317 1276 2343; x_wconf 77' lang='grc' dir='ltr'><strong>καὶ</strong></span> <span class='ocrx_word' id='word_1_780' title='bbox 1305 2318 1321 2352; x_wconf 84' lang='grc' dir='ltr'>ὴ</span> <span class='ocrx_word' id='word_1_781' title='bbox 1344 2317 1440 2352; x_wconf 86' lang='grc' dir='ltr'>καρδία</span> <span class='ocrx_word' id='word_1_782' title='bbox 1465 2325 1514 2352; x_wconf 88' lang='grc' dir='ltr'><strong>μου</strong></span> <span class='ocrx_word' id='word_1_783' title='bbox 1533 2317 1580 2342; x_wconf 86' lang='grc' dir='ltr'><strong>καὶ</strong></span> <span class='ocrx_word' id='word_1_784' title='bbox 1601 2317 1618 2351; x_wconf 89' lang='grc' dir='ltr'><strong>ἠ</strong></span> <span class='ocrx_word' id='word_1_785' title='bbox 1645 2316 1712 2351; x_wconf 79' lang='grc' dir='ltr'>σάρξ</span> <span class='ocrx_word' id='word_1_786' title='bbox 1734 2324 1784 2351; x_wconf 79' lang='grc' dir='ltr'><strong>μου</strong></span> <span class='ocrx_word' id='word_1_787' title='bbox 1806 2316 1854 2343; x_wconf 77' lang='grc' dir='ltr'>ἐπὶ</span> <span class='ocrx_word' id='word_1_788' title='bbox 1877 2316 1927 2343; x_wconf 80' lang='grc' dir='ltr'>τίνι</span> 
     </span>
    </p>
   </div>
   <div class='ocr_carea' id='block_1_106' title="bbox 1141 2360 1927 2398">
    <p class='ocr_par' dir='ltr' id='par_1_106' title="bbox 1141 2360 1927 2398">
     <span class='ocr_line' id='line_1_106' title="bbox 1141 2360 1927 2398; baseline -0.003 -8"><span class='ocrx_word' id='word_1_789' title='bbox 1141 2363 1338 2398; x_wconf 74' lang='grc' dir='ltr'>ὴγαλλιάσατος</span> <span class='ocrx_word' id='word_1_790' title='bbox 1362 2362 1523 2398; x_wconf 83' lang='grc' dir='ltr'>Ἐπειδήπερ</span> <span class='ocrx_word' id='word_1_791' title='bbox 1543 2360 1631 2396; x_wconf 72' lang='grc' dir='ltr'>εὗρεν</span> <span class='ocrx_word' id='word_1_792' title='bbox 1655 2361 1750 2394; x_wconf 79' lang='grc' dir='ltr'>ἐαυτῷ</span> <span class='ocrx_word' id='word_1_793' title='bbox 1772 2362 1927 2396; x_wconf 79' lang='grc' dir='ltr'><strong>στρουθίον</strong></span> 
     </span>
    </p>
   </div>
   <div class='ocr_carea' id='block_1_107' title="bbox 1140 2406 1924 2443">
    <p class='ocr_par' dir='ltr' id='par_1_107' title="bbox 1140 2406 1924 2443">
     <span class='ocr_line' id='line_1_107' title="bbox 1140 2406 1924 2443; baseline -0.004 -8"><span class='ocrx_word' id='word_1_794' title='bbox 1140 2409 1239 2436; x_wconf 83' lang='grc' dir='ltr'>οὶκίαν</span> <span class='ocrx_word' id='word_1_795' title='bbox 1255 2409 1303 2435; x_wconf 76' lang='grc' dir='ltr'>καὶ</span> <span class='ocrx_word' id='word_1_796' title='bbox 1318 2407 1432 2443; x_wconf 79' lang='grc' dir='ltr'>τρυγὼν</span> <span class='ocrx_word' id='word_1_797' title='bbox 1445 2407 1585 2439; x_wconf 73' lang='grc' dir='ltr'>νοσσιὰν,</span> <span class='ocrx_word' id='word_1_798' title='bbox 1600 2406 1635 2433; x_wconf 78' lang='grc' dir='ltr'>τὰ</span> <span class='ocrx_word' id='word_1_799' title='bbox 1649 2406 1849 2441; x_wconf 76' lang='grc' dir='ltr'>θυσιαστήριά</span> <span class='ocrx_word' id='word_1_800' title='bbox 1861 2415 1924 2436; x_wconf 83' lang='grc' dir='ltr'>σου,</span> 
     </span>
    </p>
   </div>
   <div class='ocr_carea' id='block_1_108' title="bbox 1141 2450 1923 2489">
    <p class='ocr_par' dir='ltr' id='par_1_108' title="bbox 1141 2450 1923 2489">
     <span class='ocr_line' id='line_1_108' title="bbox 1141 2450 1923 2489; baseline -0.006 -7"><span class='ocrx_word' id='word_1_801' title='bbox 1141 2455 1229 2489; x_wconf 83' lang='grc' dir='ltr'><strong>Κύρίε</strong></span> <span class='ocrx_word' id='word_1_802' title='bbox 1244 2454 1304 2481; x_wconf 72' lang='grc' dir='ltr'><strong>τῶν</strong></span> <span class='ocrx_word' id='word_1_803' title='bbox 1315 2454 1483 2489; x_wconf 50' lang='grc' dir='ltr'><strong>δυνάμεων</strong></span> <span class='ocrx_word' id='word_1_804' title='bbox 1500 2454 1565 2487; x_wconf 72' lang='grc' dir='ltr'>παρ’</span> <span class='ocrx_word' id='word_1_805' title='bbox 1579 2450 1619 2485; x_wconf 73' lang='grc' dir='ltr'><strong>οἷς</strong></span> <span class='ocrx_word' id='word_1_806' title='bbox 1632 2451 1836 2487; x_wconf 76' lang='grc' dir='ltr'>θυσιαστηρίοις</span> <span class='ocrx_word' id='word_1_807' title='bbox 1851 2453 1875 2478; x_wconf 81' lang='grc' dir='ltr'>οἱ</span> <span class='ocrx_word' id='word_1_808' title='bbox 1891 2450 1923 2486; x_wconf 88' lang='grc' dir='ltr'>μὴ</span> 
     </span>
    </p>
   </div>
   <div class='ocr_carea' id='block_1_109' title="bbox 1142 2497 1924 2538">
    <p class='ocr_par' dir='ltr' id='par_1_109' title="bbox 1142 2497 1924 2538">
     <span class='ocr_line' id='line_1_109' title="bbox 1142 2497 1924 2538; baseline -0.008 -9"><span class='ocrx_word' id='word_1_809' title='bbox 1142 2500 1209 2538; x_wconf 78' lang='grc' dir='ltr'>πρὸς</span> <span class='ocrx_word' id='word_1_810' title='bbox 1227 2501 1312 2538; x_wconf 80' lang='grc' dir='ltr'>βραχὺ</span> <span class='ocrx_word' id='word_1_811' title='bbox 1329 2500 1518 2536; x_wconf 79' lang='grc' dir='ltr'>διατρίσοντες,</span> <span class='ocrx_word' id='word_1_812' title='bbox 1537 2499 1593 2526; x_wconf 78' lang='grc' dir='ltr'>ἀλλ’</span> <span class='ocrx_word' id='word_1_813' title='bbox 1619 2499 1658 2530; x_wconf 75' lang='grc' dir='ltr'>εἰς</span> <span class='ocrx_word' id='word_1_814' title='bbox 1681 2498 1711 2524; x_wconf 69' lang='grc' dir='ltr'>τὸ</span> <span class='ocrx_word' id='word_1_815' title='bbox 1735 2497 1859 2534; x_wconf 74' lang='grc' dir='ltr'>διηνεκὲς</span> <span class='ocrx_word' id='word_1_816' title='bbox 1880 2505 1924 2523; x_wconf 77' lang='grc' dir='ltr'><strong>κα-</strong></span> 
     </span>
    </p>
   </div>
   <div class='ocr_carea' id='block_1_110' title="bbox 1139 2542 1925 2580">
    <p class='ocr_par' dir='ltr' id='par_1_110' title="bbox 1139 2542 1925 2580">
     <span class='ocr_line' id='line_1_110' title="bbox 1139 2542 1925 2580; baseline -0.008 -6"><span class='ocrx_word' id='word_1_817' title='bbox 1139 2547 1300 2578; x_wconf 82' lang='grc' dir='ltr'>τοικοῦντες,</span> <span class='ocrx_word' id='word_1_818' title='bbox 1326 2547 1371 2572; x_wconf 74' lang='grc' dir='ltr'>καὶ</span> <span class='ocrx_word' id='word_1_819' title='bbox 1391 2545 1555 2580; x_wconf 83' lang='grc' dir='ltr'>παραμόνως</span> <span class='ocrx_word' id='word_1_820' title='bbox 1582 2544 1756 2580; x_wconf 77' lang='grc' dir='ltr'>ἐμμένοντες,</span> <span class='ocrx_word' id='word_1_821' title='bbox 1779 2542 1925 2578; x_wconf 76' lang='grc' dir='ltr'>τρισμακά-</span> 
     </span>
    </p>
   </div>
   <div class='ocr_carea' id='block_1_111' title="bbox 1141 2587 1924 2629">
    <p class='ocr_par' dir='ltr' id='par_1_111' title="bbox 1141 2587 1924 2629">
     <span class='ocr_line' id='line_1_111' title="bbox 1141 2587 1924 2629; baseline -0.008 -9"><span class='ocrx_word' id='word_1_822' title='bbox 1141 2602 1192 2629; x_wconf 84' lang='grc' dir='ltr'>ριοι</span> <span class='ocrx_word' id='word_1_823' title='bbox 1213 2593 1383 2627; x_wconf 71' lang='grc' dir='ltr'>τυγχάνουσι.</span> <span class='ocrx_word' id='word_1_824' title='bbox 1405 2591 1490 2618; x_wconf 77' lang='grc' dir='ltr'>Τοῦτο</span> <span class='ocrx_word' id='word_1_825' title='bbox 1512 2591 1533 2617; x_wconf 79' lang='grc' dir='ltr'><strong>δ’</strong></span> <span class='ocrx_word' id='word_1_826' title='bbox 1559 2590 1653 2622; x_wconf 80' lang='grc' dir='ltr'>εἰπὼν,</span> <span class='ocrx_word' id='word_1_827' title='bbox 1679 2589 1767 2616; x_wconf 84' lang='grc' dir='ltr'>πάντα</span> <span class='ocrx_word' id='word_1_828' title='bbox 1793 2589 1828 2616; x_wconf 75' lang='grc' dir='ltr'>τὰ</span> <span class='ocrx_word' id='word_1_829' title='bbox 1854 2587 1924 2623; x_wconf 80' lang='grc' dir='ltr'>παρὰ</span> 
     </span>
    </p>
   </div>
   <div class='ocr_carea' id='block_1_112' title="bbox 1141 2631 1924 2675">
    <p class='ocr_par' dir='ltr' id='par_1_112' title="bbox 1141 2631 1924 2675">
     <span class='ocr_line' id='line_1_112' title="bbox 1141 2631 1924 2675; baseline -0.006 -11"><span class='ocrx_word' id='word_1_830' title='bbox 1141 2639 1253 2665; x_wconf 79' lang='grc' dir='ltr'><strong>Μωῦσεῖ</strong></span> <span class='ocrx_word' id='word_1_831' title='bbox 1262 2637 1363 2675; x_wconf 68' lang='grc' dir='ltr'>νᾴμιμα</span> <span class='ocrx_word' id='word_1_832' title='bbox 1375 2636 1569 2672; x_wconf 77' lang='grc' dir='ltr'>περιέγραψεν.</span> <span class='ocrx_word' id='word_1_833' title='bbox 1584 2637 1620 2662; x_wconf 80' lang='grc' dir='ltr'><strong>Οὐ</strong></span> <span class='ocrx_word' id='word_1_834' title='bbox 1637 2634 1691 2670; x_wconf 86' lang='grc' dir='ltr'>γὰρ</span> <span class='ocrx_word' id='word_1_835' title='bbox 1705 2635 1854 2669; x_wconf 81' lang='grc' dir='ltr'>μακαρίους</span> <span class='ocrx_word' id='word_1_836' title='bbox 1869 2631 1924 2660; x_wconf 60' lang='lat' dir='ltr'><strong>eius</strong></span> 
     </span>
    </p>
   </div>
   <div class='ocr_carea' id='block_1_113' title="bbox 1139 2679 1923 2720">
    <p class='ocr_par' dir='ltr' id='par_1_113' title="bbox 1139 2679 1923 2720">
     <span class='ocr_line' id='line_1_113' title="bbox 1139 2679 1923 2720; baseline -0.008 -9"><span class='ocrx_word' id='word_1_837' title='bbox 1139 2685 1203 2716; x_wconf 73' lang='grc' dir='ltr'>τοὺς</span> <span class='ocrx_word' id='word_1_838' title='bbox 1233 2683 1444 2720; x_wconf 77' lang='grc' dir='ltr'>ἐμπεριτόμους,</span> <span class='ocrx_word' id='word_1_839' title='bbox 1465 2683 1525 2709; x_wconf 80' lang='grc' dir='ltr'>οὐδὲ</span> <span class='ocrx_word' id='word_1_840' title='bbox 1546 2682 1608 2713; x_wconf 80' lang='grc' dir='ltr'>τοὺς</span> <span class='ocrx_word' id='word_1_841' title='bbox 1625 2681 1659 2708; x_wconf 75' lang='grc' dir='ltr'>τὰ</span> <span class='ocrx_word' id='word_1_842' title='bbox 1679 2680 1807 2707; x_wconf 73' lang='grc' dir='ltr'><strong>Σάϐϐατα</strong></span> <span class='ocrx_word' id='word_1_843' title='bbox 1827 2679 1923 2715; x_wconf 73' lang='grc' dir='ltr'>φυλατ-</span> 
     </span>
    </p>
   </div>
   <div class='ocr_carea' id='block_1_114' title="bbox 1141 2724 1924 2764">
    <p class='ocr_par' dir='ltr' id='par_1_114' title="bbox 1141 2724 1924 2764">
     <span class='ocr_line' id='line_1_114' title="bbox 1141 2724 1924 2764; baseline -0.008 -8"><span class='ocrx_word' id='word_1_844' title='bbox 1141 2738 1246 2762; x_wconf 78' lang='grc' dir='ltr'>τοντας,</span> <span class='ocrx_word' id='word_1_845' title='bbox 1264 2730 1322 2756; x_wconf 70' lang='grc' dir='ltr'>οὐδὲ</span> <span class='ocrx_word' id='word_1_846' title='bbox 1345 2730 1406 2761; x_wconf 76' lang='grc' dir='ltr'>τοὺς</span> <span class='ocrx_word' id='word_1_847' title='bbox 1424 2729 1474 2760; x_wconf 86' lang='grc' dir='ltr'>τὰς</span> <span class='ocrx_word' id='word_1_848' title='bbox 1488 2728 1562 2764; x_wconf 75' lang='grc' dir='ltr'>παρὰ</span> <span class='ocrx_word' id='word_1_849' title='bbox 1579 2728 1688 2754; x_wconf 83' lang='grc' dir='ltr'>Μωῦσεῖ</span> <span class='ocrx_word' id='word_1_850' title='bbox 1703 2725 1798 2758; x_wconf 74' lang='grc' dir='ltr'>θυσίας</span> <span class='ocrx_word' id='word_1_851' title='bbox 1814 2726 1860 2751; x_wconf 79' lang='grc' dir='ltr'><strong>καὶ</strong></span> <span class='ocrx_word' id='word_1_852' title='bbox 1879 2724 1924 2754; x_wconf 71' lang='grc' dir='ltr'>τὰς</span> 
     </span>
    </p>
   </div>
   <div class='ocr_carea' id='block_1_115' title="bbox 1141 2770 1923 2810">
    <p class='ocr_par' dir='ltr' id='par_1_115' title="bbox 1141 2770 1923 2810">
     <span class='ocr_line' id='line_1_115' title="bbox 1141 2770 1923 2810; baseline -0.008 -8"><span class='ocrx_word' id='word_1_853' title='bbox 1141 2775 1238 2808; x_wconf 75' lang='grc' dir='ltr'>λοιπὰς</span> <span class='ocrx_word' id='word_1_854' title='bbox 1254 2775 1300 2801; x_wconf 82' lang='grc' dir='ltr'>τοῦ</span> <span class='ocrx_word' id='word_1_855' title='bbox 1323 2773 1476 2810; x_wconf 83' lang='grc' dir='ltr'>σωματικοῦ</span> <span class='ocrx_word' id='word_1_856' title='bbox 1489 2773 1571 2809; x_wconf 88' lang='grc' dir='ltr'>νόμου</span> <span class='ocrx_word' id='word_1_857' title='bbox 1597 2772 1703 2803; x_wconf 73' lang='grc' dir='ltr'>ἐντολὰς</span> <span class='ocrx_word' id='word_1_858' title='bbox 1722 2770 1923 2806; x_wconf 78' lang='grc' dir='ltr'>ἐπιτηροῦντας,</span> 
     </span>
    </p>
   </div>
   <div class='ocr_carea' id='block_1_116' title="bbox 1142 2814 1922 2855">
    <p class='ocr_par' dir='ltr' id='par_1_116' title="bbox 1142 2814 1922 2855">
     <span class='ocr_line' id='line_1_116' title="bbox 1142 2814 1922 2855; baseline -0.006 -8"><span class='ocrx_word' id='word_1_859' title='bbox 1142 2821 1197 2847; x_wconf 81' lang='grc' dir='ltr'>ἀλλ’</span> <span class='ocrx_word' id='word_1_860' title='bbox 1211 2821 1271 2847; x_wconf 73' lang='grc' dir='ltr'>οὐδὲ</span> <span class='ocrx_word' id='word_1_861' title='bbox 1285 2820 1347 2852; x_wconf 78' lang='grc' dir='ltr'>τοὺς</span> <span class='ocrx_word' id='word_1_862' title='bbox 1364 2820 1513 2854; x_wconf 76' lang='grc' dir='ltr'>ἀπογόνους</span> <span class='ocrx_word' id='word_1_863' title='bbox 1530 2818 1663 2855; x_wconf 73' lang='grc' dir='ltr'>Ἀϐραὰμ,</span> <span class='ocrx_word' id='word_1_864' title='bbox 1674 2817 1733 2844; x_wconf 76' lang='grc' dir='ltr'><strong>οὐδὲ</strong></span> <span class='ocrx_word' id='word_1_865' title='bbox 1746 2817 1792 2844; x_wconf 77' lang='grc' dir='ltr'>τὸν</span> <span class='ocrx_word' id='word_1_866' title='bbox 1810 2814 1922 2850; x_wconf 80' lang='grc' dir='ltr'><strong>Ἰσραὴλ.</strong></span> 
     </span>
    </p>
   </div>
  </div>
