2032 3215
296 199 365 229 1011

297 304 477 340 Symmachus
492 308 533 333 slc
542 305 633 335 habet.
646 305 826 340 Prwgrediem
841 307 935 334 vallem
947 307 1079 341 plorabat.

297 350 346 377 llic
364 358 445 385 porro
463 359 510 386 per
521 351 616 378 vallem
630 352 822 387 lacrymarum.
837 353 981 379 humanam
998 354 1080 379 vitam

296 400 411 427 indicari
430 400 559 431 diximus.
588 407 668 434 quam
688 401 710 428 is
724 401 770 435 qui
797 400 893 428 beatus
919 401 1081 436 praedicatur

297 445 482 479 perlransiens
492 449 519 472 et
537 449 730 473 transcurrens
743 446 820 480 quasi
832 446 934 473 advena
944 447 1079 482 quispiam

295 494 322 516 et
338 490 507 525 peregrinus,
524 489 646 517 cmlestis
663 491 757 525 patrize
778 498 870 518 amore
885 491 1013 526 ﬂagrans,
1034 492 1081 519 lle-

294 535 369 562 tibus
397 535 580 570 lacrymisque
600 535 796 563 beatitudinem
820 537 992 571 parientibus
1019 545 1080 566 sese

295 584 424 612 macerat,
443 580 592 607 secundum
612 581 694 612 illud.
714 581 791 607 Beati
803 582 848 616 qui
860 582 948 617 lugent
959 583 991 610 ³⁸.
1007 583 1081 617 Qua—

294 625 328 651 lis
344 629 402 651 erat
416 624 516 652 Paulus
539 626 584 660 qui
601 626 664 652 talia
682 626 754 653 fatur
770 626 780 653 :'
794 626 851 654 Nos
877 629 921 662 qui
942 637 1032 655 sumus
1053 629 1081 656 in

295 672 476 703 tabernaculo,
502 673 696 707 ingemiscimus
712 674 816 708 gravati
832 674 864 700 ³¹.
881 674 934 701 Pro
960 675 1007 701 illo
1029 683 1079 702 au-

294 723 358 749 lem,
371 717 403 744 In
420 718 475 745 loco
496 727 571 753 quem
595 720 692 752 posuit,
717 719 824 754 Aquila,
850 719 962 747 Fonlem
985 725 1080 755 ponent

292 772 368 795 eam;
386 763 566 799 Symmachus
583 772 657 797 vero,
687 764 758 792 Fons
783 766 958 794 ordinabitur.
981 766 1078 799 Quem,

292 809 391 844 inquit,
409 810 510 836 fontem
537 813 648 844 ponent,
671 810 726 837 nisi
754 811 850 838 vallem
881 812 1080 847 lacrymarum?

293 855 391 883 Totum
407 860 496 881 autem
518 856 606 882 locum
619 856 659 883 sic
672 855 770 890 Aquila
781 856 976 891 interpretatur
993 866 999 884 :
1013 857 1079 884 Per-

293 906 457 928 transeuntes
472 903 498 928 in
511 901 579 928 valle
591 902 678 931 fletus.
694 903 790 931 fontem
806 908 902 937 ponent
927 912 996 931 eam.
1030 904 1078 932 His

667 200 801 229 EUSEBII
817 201 1057 230 CESARIENSIS
1075 201 1151 230 OPP.
1173 200 1262 230 PARS
1275 201 1564 231 “L—EXEGETICA.

332 260 386 287 Pro
403 259 449 287 illo
471 263 561 287 autem
572 280 579 291 ,
599 259 732 293 Disposuit
760 260 787 287 in
799 260 867 288 valle
883 261 1079 296 lacrymarum,
1095 265 1118 293 Α

1849 201 1917 229 1012

1173 260 1244 287 Ἀντὶ
1253 260 1281 287 δὶ
1291 260 1339 287 τοῦ
1346 280 1353 293 ,
1364 260 1478 288 Διέθοτο
1490 260 1533 292 είς
1542 258 1600 292 τὴν
1611 257 1737 285 κοιλάδα
1746 254 1802 284 τοῦ
1812 259 1917 285 κλαυθ-

1129 306 1238 342 μῶν-ος,
1245 308 1259 334 6
1265 307 1412 343 Σύμμαχός
1419 315 1496 342 φησι,
1506 305 1677 340 Προοδεύω·
1686 304 1810 332 κοιλάδα
1817 305 1916 332 ἔκλαι-

1132 362 1175 380 εν.
1195 354 1312 380 Κοιλάδα
1325 353 1352 379 δὲ
1370 352 1543 387 κλαυθμῶνος
1559 353 1587 378 ὲν
1600 351 1703 382 τούτοις
1717 351 1763 377 τὸν
1779 349 1915 384 ἀνθρώπι-

1132 408 1175 426 νον
1187 399 1290 433 ἔφαμεν
1300 398 1444 434 δηλοῦσθαι
1457 398 1522 432 βίον,
1536 398 1564 423 ὃν
1575 397 1588 423 6
1603 397 1817 433 μακαριζόμενος
1830 405 1916 431 παρο-

1130 444 1214 470 δεύων
1230 444 1275 470 καὶ
1291 444 1468 479 παρατρέχων
1479 463 1486 475 ,
1504 442 1597 478 ὥσπερ
1605 451 1647 474 τις
1659 442 1788 477 πάροικος
1800 441 1848 468 καὶ
1866 449 1916 468 πα-

1132 491 1295 526 ρεπίδημος,
1315 490 1364 524 τὴν
1385 489 1544 524 ἐπουράνιον
1566 487 1663 515 ἑαυτοῦ
1680 487 1796 524 πατρίδα
1814 487 1914 520 ποθῶν,

1130 536 1295 571 ὰποκλᾴεται
1321 535 1458 570 κλαυθμδν
1481 534 1526 561 τὸν
1555 533 1749 570 μακαριοποιὸν
1771 533 1843 560 κατὰ
1865 533 1912 561 τά·

1130 582 1273 616 Μακάριοι
1289 584 1315 609 οἱ
1338 582 1505 615 κλαίοντες.
1535 578 1596 612 υἷος
1618 578 1652 616 ἧν
1666 581 1679 607 ὁ
1693 579 1799 612 Παῦλος
1809 580 1913 614 λέγων·

1135 628 1230 663 Ἡμεῖς
1241 629 1267 654 οἱ
1278 628 1362 660 ὄντες
1370 628 1405 653 ἐν
1416 627 1455 660 τῷ
1470 626 1574 659 σκήνει
1585 625 1764 660 στενάζομεν
1768 625 1916 660 βαρούμε-

1129 683 1184 701 rei.
1207 674 1277 700 Ἂντὶ
1289 674 1318 700 δὲ
1329 673 1375 699 τοῦ
1386 693 1392 705 ,
1407 674 1459 705 Εὶς
1473 672 1565 698 τόπον
1578 671 1614 697 ὃν
1625 671 1707 698 ἔθετο
1716 691 1723 702 ,
1740 672 1754 697 ὁ
1768 671 1817 706 μὲν
1839 671 1916 697 Ἀκὺο

1129 720 1178 751 λας
1193 720 1268 754 φησὶ.
1285 719 1389 753 Πηγὴν
1405 718 1549 751 θήσονται
1562 717 1670 750 αὑτήν·
1689 718 1703 743 δ
1717 717 1745 743 δὲ
1758 717 1914 752 Σύμμαχος,

1130 766 1213 801 [In-rh
1226 765 1354 798 τάξεται.
1367 765 1431 791 Τίνα
1443 764 1469 790 δὲ
1481 764 1575 799 αὐτὴν,
1587 764 1663 799 φησὶ,
1674 764 1767 798 πηγὴν
1776 763 1913 799 θήσονται,

1129 813 1145 848 ἢ
1163 812 1280 847 δηλονότι
1296 810 1344 846 τὴν
1361 811 1469 837 κοιλάδα
1482 810 1528 836 τοῦ
1542 810 1735 845 κλαυθμῶνος;
1754 809 1834 837 Ὅλον
1851 810 1915 845 γοῦν

1129 858 1213 889 οὕτως
1230 858 1400 893 ὴρμήνευσεν
1416 857 1430 882 6
1447 856 1562 887 Ἀκύλας
1579 855 1678 882 εἰπών·
1699 855 1916 890 Παρερχόμενοι

1128 904 1164 930 ἐν
1174 903 1290 930 κοιλάδι
1301 903 1354 929 τοῦ
1365 902 1529 937 κλαυθμοῦ,
1543 900 1645 936 πηγὴν
1654 900 1797 934 θήσονται
1808 900 1913 934 auctir.

292 954 374 981 porro
389 946 535 981 signiﬁcat,
560 947 679 975 advenas
694 952 721 975 et
738 949 897 983 peregrinos
917 950 943 976 in
971 950 1021 977 hac
1037 951 1077 977 vi-

1129 950 1208 985 Δηλοῖ
1228 949 1256 975 δὲ
1272 948 1315 975 διὰ
1331 947 1448 979 τούτων,
1465 948 1502 979 ὼς
1516 949 1569 984 ἄρα
1587 949 1611 974 οί
1625 948 1751 983 πάροικοι
1768 947 1815 974 καὶ
1830 955 1914 982 παρε-

292 998 328 1024 ta.
346 994 486 1020 hominum
502 994 600 1020 vallem
613 995 640 1021 in
657 995 757 1021 fontem
773 996 921 1029 posituros,
935 997 992 1024 sive
1019 997 1079 1024 fon-

292 1044 345 1066 tem
361 1040 539 1067 ordinaturos
554 1048 616 1068 esse
630 1048 663 1067 ex
692 1040 866 1076 Symmacho,
882 1042 988 1078 hacque
1012 1052 1079 1072 voce

290 1085 410 1112 divinam
424 1086 577 1113 doctrinam
594 1087 741 1121 appellant.
759 1086 832 1115 Fons
844 1088 945 1123 quippe
953 1090 1015 1116 vim
1030 1097 1079 1124 po—

291 1135 336 1158 tus
354 1132 569 1159 immortalitatis
584 1133 611 1160 in
632 1134 702 1161 valle
720 1134 799 1163 ﬂetus
816 1142 831 1162 a
848 1135 896 1163 Dei
910 1141 938 1163 et
960 1136 1079 1163 homini~

290 1177 343 1204 bus
361 1177 431 1212 apud
447 1178 588 1204 hominum
605 1186 691 1213 genus
712 1181 898 1214 constituitur,
924 1189 972 1217 per
988 1182 1077 1208 viviﬁ-

290 1230 351 1250 cam
373 1224 478 1251 scilicet
494 1229 521 1251 et
543 1224 615 1259 piam
636 1225 803 1258 doctrinam.
830 1235 912 1262 quam
940 1235 1002 1254 cum
1024 1228 1077 1263 ipsi

291 1268 426 1300 adierunt,
443 1273 499 1295 tum
518 1269 580 1297 aliis
596 1277 645 1305 per
659 1271 760 1303 scripta
775 1279 823 1298 sua
851 1271 1031 1306 reliquerunt.
1042 1286 1077 1292 -—

290 1312 375 1341 Vens.
391 1314 417 1341 8.
433 1314 467 1342 lis
483 1322 547 1342 vero
571 1315 638 1350 ipsis
663 1316 691 1343 in
715 1316 897 1352 lacrymarum
922 1317 1076 1345 mercedem

290 1360 513 1395 condignumque
540 1360 670 1394 fructum,
701 1362 918 1391 benedictionem
945 1364 1077 1398 rependet

291 1405 413 1440 ipsorum
428 1406 578 1441 legislator.
600 1407 768 1439 Quibusnam
782 1408 998 1436 benedictionem
1025 1410 1077 1436 im-

291 1452 401 1486 pertiet,
415 1453 468 1480 nisi
484 1453 518 1480 iis
532 1453 577 1488 qui
605 1453 632 1480 in
652 1453 703 1480 hac
735 1454 803 1480 valle
830 1454 958 1490 lacrymis
980 1455 1075 1490 dediti,

291 1498 393 1526 fontem
410 1498 436 1525 in
453 1499 498 1525 illa
516 1499 676 1533 posuerint?
703 1498 754 1527 Pro
770 1500 817 1527 illo
833 1504 935 1532 autem,
962 1501 1075 1536 legisla-

290 1549 348 1575 tor;
366 1544 476 1578 Aquila,
503 1545 669 1574 matttlinus;
697 1544 878 1580 Symmachus
899 1554 974 1576 vero.
1003 1556 1076 1574 com-

289 1595 466 1621 monstrator,
481 1590 565 1623 dixit;
586 1591 679 1625 quinta
693 1595 783 1618 autem
796 1591 961 1625 editio,‘Qui
974 1593 1075 1619 illumi-

290 1641 353 1669 nat,
370 1635 422 1662 alia
436 1635 499 1662 item
516 1635 640 1669 quaedam
659 1639 735 1662 sexta
759 1635 854 1667 editio.
868 1637 921 1669 Qui
934 1637 1018 1665 docet.
1036 1638 1076 1665 lta

291 1685 321 1707 ut
335 1689 367 1708 ex
385 1681 512 1708 omnibus
527 1681 646 1707 salutare
660 1679 778 1707 Verbum
804 1682 931 1714 indicari,
946 1683 1076 1710 subintel—

290 1727 375 1762 Iigere
386 1726 477 1753 liceat.
495 1726 553 1761 Ipse
567 1733 685 1761 namque
708 1730 750 1753 est
764 1727 913 1762 legislator.
939 1728 1077 1756 illumina-

290 1776 344 1804 tor,
364 1772 469 1803 doctor,
499 1773 623 1807 idemque
646 1773 797 1800 matutinus
822 1778 848 1801 et
873 1779 1076 1802 commonstra-

289 1824 353 1853 tor;
370 1820 520 1847 secundum
534 1821 655 1855 singulas
671 1820 802 1847 virtutum
827 1827 938 1848 suarum
956 1822 1076 1850 rationes

291 1865 334 1893 his
349 1873 416 1892 usus
430 1866 581 1893 vocabulis.
598 1865 620 1892 Α
637 1873 691 1900 quo
708 1865 925 1893 benedictionem
942 1867 1013 1893 nacti
1028 1867 1075 1902 qui

290 1910 318 1937 in
337 1911 408 1938 valle
423 1911 620 1946 lacrymantu-r.
636 1911 725 1943 ibunt,
741 1911 793 1939 iter
809 1919 889 1939 suum
901 1912 1074 1946 perﬁcientes

289 1963 322 1984 ac
338 1956 363 1983 in
381 1956 439 1983 dies
455 1956 593 1993 roborati_;
609 1957 645 1983 ita
661 1961 689 1983 ut
704 1965 811 1992 semper
827 1957 983 1992 proﬁciant,
1000 1963 1027 1985 et
1041 1966 1075 1986 ea

289 2002 388 2029 minori
405 2002 430 2029 iu
446 2002 576 2037 majorem
591 2003 718 2031 virtutem
735 2004 879 2036 accedant,
894 2008 921 2032 et
950 2012 965 2031 a
989 2005 1075 2040 gloria

289 2047 318 2074 in
329 2048 454 2082 gloriam,
471 2052 501 2075 ut
527 2050 564 2075 ait
587 2049 697 2076 divinus
722 2050 870 2085 Apostolus
886 2058 892 2076 :
911 2050 943 2077 In
958 2052 1075 2078 eamdem

289 2094 430 2128 imaginem
443 2095 630 2129 transformali
642 2104 657 2121 ιι
671 2095 757 2130 gloria
772 2097 798 2122 in
813 2096 924 2131 gloriam
941 2097 972 2123 ³¹.
986 2096 1075 2129 Quare

290 2139 473 2173 Symmachus
484 2140 525 2167 sic
549 2140 743 2176 interpretatus
759 2146 800 2169 est
816 2152 822 2168 :
841 2142 895 2169 Iter
924 2143 1020 2176 facient
1043 2152 1075 2170 ea:

289 2183 385 2210 uirtute
397 2183 425 2210 in
436 2184 569 2211 virtutem.

325 2282 408 2310 Vens.
424 2282 450 2309 9.
475 2282 611 2309 Videbitur
626 2282 695 2310 Deus
722 2283 830 2310 deorum
848 2283 874 2310 in
890 2282 964 2310 Sion.
982 2284 1075 2311 Domi-
1091 2298 1113 2325 ι)

289 2338 320 2356 ne
332 2329 403 2356 Deus
415 2330 553 2362 virtutum,
569 2329 667 2357 exaudi
683 2331 829 2357 oralionem
847 2338 949 2361 meam;
966 2331 1075 2357 auribus

291 2374 404 2409 percipe,
416 2373 488 2401 Deus
499 2374 592 2401 Iacob.
608 2373 756 2409 Postquam
778 2374 894 2407 dixerat,
913 2375 1075 2402 Benedictio-

288 2429 347 2447 nem
371 2419 446 2447 dabit
474 2421 620 2456 legislator,
650 2421 773 2456 apposite
796 2421 875 2448 docet
899 2429 953 2456 qua
971 2422 1076 2449 ratione

288 2465 462 2492 versantibus
478 2465 505 2492 in
518 2466 587 2493 valle
611 2466 768 2493 hominibus
782 2466 999 2494 benedictionem
1027 2467 1073 2494 da-

288 2515 368 2537 turus
384 2511 429 2538 sit.
452 2511 511 2544 Quo
528 2515 608 2546 pacto
626 2512 712 2544 dabit,
729 2513 782 2540 nisi
807 2512 934 2548 dignatus
950 2514 977 2540 in
1002 2518 1074 2541 terra

289 2557 434 2591 conspici?
449 2557 601 2585 Admodum
614 2562 824 2594 consequenter,
841 2560 1006 2588 vaticinatus
1021 2565 1076 2588 tor-

288 2602 393 2629 eularia
410 2601 454 2629 Dei
472 2610 519 2637 per
534 2607 620 2630 totum
633 2605 726 2631 orbem
744 2605 828 2632 multa
844 2605 934 2632 futura
947 2614 1019 2638 esse,
1032 2610 1074 2632 la-

289 2648 437 2676 bernacula
453 2648 515 2675 item
531 2646 701 2683 plura.’atria
715 2659 825 2686 quoque
839 2657 865 2679 et
880 2652 977 2679 altaria
992 2659 1074 2687 quam

288 2694 417 2730 plurima.
429 2701 540 2721 causam
556 2696 634 2722 aliert
646 2704 696 2724 cur
707 2697 764 2723 haec
776 2698 866 2724 omnia
884 2698 911 2725 in
927 2702 998 2725 terra
1010 2705 1076 2725 cou-

289 2741 427 2769 stituenda
444 2741 510 2768 sint.
541 2741 669 2774 Quaenam
685 2752 767 2779 porro
793 2745 829 2772 sit
854 2745 911 2777 illa,
929 2745 1009 2773 docet
1032 2745 1075 2773 his

289 2787 380 2815 verbis
395 2797 401 2814 :
419 2786 554 2814 Videbitur
570 2788 641 2815 Deus
658 2789 767 2817 deorum
783 2792 810 2817 in
826 2790 909 2823 Sion;
929 2792 1074 2819 adventum

290 2832 336 2860 Dei
351 2833 384 2860 ad
398 2833 522 2861 homines
546 2837 573 2861 et
589 2842 766 2870 conspectum
784 2837 844 2871 ejus
868 2841 960 2875 aperte
984 2838 1076 2865 decla-

1128 996 1242 1031 πίδημοι
1254 997 1283 1022 ὲν
1292 995 1332 1031 τῷ
1348 996 1398 1031 βίῳ
1412 995 1497 1029 τούτῳ
1511 994 1560 1029 τὴν
1576 993 1629 1020 τῶν
1644 993 1794 1028 ἀνθρώπων
1805 992 1916 1019 κοιλάδα

1127 1042 1219 1077 πηγὴν
1230 1042 1342 1077 Θήσουσι
1355 1062 1362 1073 ,
1374 1041 1390 1076 ἦ
1402 1041 1511 1074 τάξουσι
1520 1039 1611 1075 πηγὴν
1626 1039 1696 1065 κατὰ
1703 1039 1748 1065 τὸν
1757 1038 1914 1073 Σύμμαχον,

1126 1088 1175 1123 τὴν
1183 1088 1272 1114 ἔνθεον
1281 1088 1452 1114 διδασκαλίαν
1462 1086 1555 1113 τοῦτον
1564 1086 1742 1121 ὀνομάσαντες
1750 1084 1795 1111 τὸν
1805 1084 1913 1120 τρόπον.

1127 1134 1206 1169 Πηγὴ
1218 1134 1272 1169 γὰρ
1285 1134 1357 1168 ζωῆς
1368 1133 1414 1160 καὶ
1427 1133 1507 1159 ποτὸν
1516 1132 1664 1164 ἀθανασίας
1674 1132 1703 1158 ὲν
1711 1132 1744 1167 τῇ
1756 1130 1860 1158 κοιλάδι
1871 1130 1915 1156 τοῦ

1126 1180 1303 1215 κλαυθμῶνος
1314 1179 1352 1215 τῷ
1361 1179 1416 1206 τῶν
1427 1178 1578 1214 ἀνθρώπων
1590 1179 1639 1214 βίῳ
1649 1177 1852 1212 καταὸἐϐληται
1865 1177 1916 1203 ὑπὸ

1126 1225 1179 1252 τῶν
1192 1225 1240 1251 τοῦ
1255 1224 1322 1251 Θεοῦ
1338 1223 1488 1260 ἀνθρώπων
1500 1223 1543 1250 διὰ
1557 1224 1605 1259 τῆς
1618 1222 1749 1256 ζωοποιοῦ
1764 1222 1812 1249 καὶ
1827 1222 1916 1249 Θεοπ-

1126 1270 1190 1302 6οὖς
1212 1270 1400 1302 διδασκαλίας,
1427 1271 1461 1305 ἣν
1479 1269 1556 1296 αὐτοὶ
1574 1269 1704 1305 μετῆλθον
1716 1289 1723 1300 ,
1746 1269 1794 1295 καὶ
1810 1268 1915 1304 ἑτέροις

1128 1317 1355 1343 καταλελοίπασιν
1370 1317 1398 1342 ἐν
1412 1317 1470 1347 ταῖς
1488 1315 1592 1342 ἑαυτῶν
1605 1315 1735 1351 γραφαῖς.
1760 1313 1873 1345 Τούτοις
1888 1312 1916 1339 δὲ

1126 1362 1228 1393 αὐτοῖς,
1241 1362 1332 1396 φησιν,
1347 1361 1471 1395 εὐλογίας
1482 1361 1576 1396 μισθὸν
1587 1360 1634 1387 τοῦ
1645 1359 1782 1395 κλαυθμοῦ
1795 1359 1843 1386 καὶ
1854 1367 1916 1394 καρ-

1126 1409 1175 1434 πὸν
1187 1408 1296 1440 ἐπάξιον
1306 1407 1386 1434 δώσει
1398 1409 1412 1434 6
1422 1407 1570 1443 νομοθέτης
1583 1407 1682 1433 αὐτῶν.
1696 1406 1757 1433 Τίσι
1769 1406 1799 1432 δὲ
1811 1405 1917 1436 τούτοις

1125 1453 1204 1480 δώσει
1219 1453 1267 1485 τὰς
1278 1452 1411 1487 εὐλογίας,
1426 1453 1442 1487 ἢ
1456 1452 1574 1486 δηλονότι
1587 1453 1644 1484 τοῖς
1653 1452 1682 1479 ὲν
1693 1453 1726 1487 τῇ
1742 1450 1847 1478 κοιλάδι
1855 1450 1917 1478 ταύ-

1126 1508 1160 1534 τῃ
1171 1499 1385 1534 ἁποκλᾳομένοις
1399 1499 1445 1525 καὶ
1459 1499 1549 1534 πηγὴν
1563 1499 1590 1524 ὲν
1605 1498 1673 1533 αὐτῇ
1686 1497 1826 1533 θεμένοις;
1844 1496 1915 1523 ’Δντὶ

1126 1546 1153 1572 δὲ
1167 1546 1224 1578 τοῦ,
1241 1548 1257 1573 ό
1273 1546 1449 1581 νομοθετῶν,
1463 1547 1477 1572 6
1492 1546 1539 1580 μὲν
1554 1545 1678 1577 Ἀκύλας,
1692 1544 1832 1578 πρώτμος,
1850 1543 1917 1571 ὠνό-

1129 1597 1225 1624 μασεν,
1242 1590 1256 1614 ὁ
1270 1589 1298 1616 δὲ
1314 1589 1469 1625 Σύμμαχος.
1487 1591 1503 1615 ό
1520 1589 1712 1623 ὐποδείκτης·
1726 1589 1742 1624 ὴ
1757 1588 1785 1614 δὲ
1803 1588 1914 1624 πέμπτη

1129 1635 1243 1667 ἕκδοσις,
1259 1637 1275 1661 ὁ
1285 1635 1428 1668 φωτίζωνν
1442 1634 1508 1670 ἄλλη
1523 1634 1552 1660 δέ
1567 1643 1607 1666 τις
1620 1635 1695 1669 παρὰ
1710 1634 1796 1660 ταῦτα
1812 1633 1915 1665 Εκδοσις

1130 1681 1195 1716 ἕκτη
1205 1701 1212 1712 ,
1235 1683 1251 1708 ὀ
1267 1681 1431 1707 διδάσκων
1448 1681 1516 1707 ὥστε
1532 1680 1560 1712 ἐξ
1578 1681 1704 1707 ἁπάντων
1721 1680 1766 1706 τὸν
1782 1680 1914 1716 σωτήριον

1129 1726 1207 1760 λόγον
1222 1727 1354 1753 ὑπονοεῖν.
1379 1726 1464 1758 Αὐτὸς
1475 1727 1529 1762 γάρ
1544 1727 1616 1753 ἐστιν
1629 1728 1642 1753 6
1653 1726 1820 1761 νομοθετῶν·
1834 1725 1913 1757 αὐτὸς

1129 1773 1175 1799 καὶ
1186 1774 1199 1799 6
1214 1773 1337 1806 φωτίζων
1351 1772 1398 1799 καὶ
1408 1774 1421 1799 ὁ
1433 1772 1565 1799 διδάσκων
1575 1781 1581 1787 ·
1596 1772 1676 1804 αὐτὸς
1691 1772 1738 1798 καὶ
1750 1772 1765 1798 6
1778 1770 1912 1808 πρὼτμος,

1129 1818 1209 1850 αὐτὸς
1225 1818 1272 1845 καὶ
1286 1819 1300 1844 6
1315 1818 1475 1854 ὑποδείκτης
1486 1838 1493 1849 ,
1515 1818 1575 1844 καθ’
1591 1818 1707 1852 ἑκάστην
1725 1817 1848 1843 ἐπίνοιαν
1862 1816 1915 1843 τῶν

1129 1863 1158 1889 ὲν
1168 1862 1240 1898 αὐτῷ
1247 1863 1386 1897 δυνάμεων
1396 1863 1506 1893 ταύταις
1518 1861 1655 1897 χρώμενος
1664 1863 1724 1893 ταῖς
1735 1861 1913 1896 ἐπωνυμίαις,

1129 1908 1193 1943 παρ’
1214 1906 1244 1935 οὗ
1263 1909 1287 1934 οἱ
1305 1909 1334 1935 ὲν
1357 1910 1389 1944 τῇ
1412 1908 1514 1935 κοιλάδι
1538 1908 1691 1940 κλαίοντες,
1719 1907 1914 1943 μεταλαϐόντες

1111 1969 1113 1973 -
1128 1954 1262 1988 εὐλογίας,
1273 1954 1451 1990 πορεύσονται
1460 1954 1508 1990 τὴν
1518 1954 1620 1980 ἑαυτῶν
1630 1953 1742 1989 πορείαν
1751 1953 1914 1984 διανύοντες,

1127 2000 1174 2027 καὶ
1187 2000 1382 2036 δυναμούμενοι
1396 2000 1545 2036 ὁσημέραι·
1560 2001 1597 2031 ὡς
1617 2000 1660 2026 ἀεὶ
1679 2000 1844 2036 προκόπτειν
1855 2000 1915 2026 ὲπι-

1128 2047 1225 2073 διδόναι
1236 2047 1267 2072 ὲκ
1279 2047 1419 2082 δυνάμεως
1432 2046 1600 2082 βραχυτέρας
1611 2047 1656 2073 ἐπὶ
1667 2046 1780 2082 δύναμιν
1792 2045 1914 2081 μείζονα,

1128 2092 1173 2117 καὶ
1187 2091 1240 2117 ἀπὸ
1254 2091 1332 2127 δόξης
1346 2093 1385 2123 εἰς
1399 2090 1486 2123 δόξαν,
1501 2091 1538 2122 ὥς
1553 2100 1633 2126 φησιν
1649 2093 1663 2118 6
1677 2091 1747 2124 θεῖος
1755 2091 1916 2123 Ἀπόπολος

1128 2136 1213 2170 λέγων
1225 2156 1233 2168 ,
1251 2137 1307 2170 τὴν
1325 2136 1421 2170 αὐτὴν
1442 2137 1544 2163 εἰκόνα
1564 2137 1840 2171 μεωμορφούμενοι
1855 2135 1916 2164 ἀπὸ

1127 2182 1218 2217 δόξης
1232 2184 1274 2216 εις
1286 2182 1391 2215 δόξαν.
1411 2183 1490 2209 Ὅθεν
1505 2182 1552 2209 καὶ
1562 2184 1576 2209 6
1589 2175 1733 2218 Σύμμαχος
1743 2183 1916 2218 ἡρμήνευσεν

1127 2229 1210 2256 εἰπών
1220 2239 1226 2245 ·
1248 2229 1441 2256 Ὀδεύσουσ-ιν
1453 2230 1486 2256 ἐκ
1501 2229 1653 2264 δυνάμεως
1667 2231 1710 2262 εἰς
1723 2229 1862 2264 δύναμιν.

1167 2285 1340 2321 Ὸφθήσεται
1358 2288 1373 2311 (ἴ
1390 2286 1461 2318 Θεὸς
1477 2285 1536 2312 τῶν
1559 2285 1634 2313 θεῶν
1647 2285 1681 2311 ἐν
1699 2283 1785 2311 Σιών.
1815 2285 1913 2319 Κύριε,

1131 2333 1146 2358 ό
1161 2331 1232 2366 Θεὸς
1245 2331 1303 2359 τῶν
1314 2331 1477 2366 δυνάμεων,
1489 2332 1670 2358 εἰσάκουσον
1679 2331 1733 2365 τῆς
1742 2331 1915 2366 προσευχῆς

1127 2386 1201 2411 μου,
1218 2378 1353 2404 ἐνώτισιιι
1366 2398 1372 2410 ,
1389 2379 1405 2404 ό
1420 2377 1492 2410 Θεὸς
1512 2377 1617 2404 Ἰακώϐ.
1640 2376 1747 2409 Εἰπὼν,
1765 2377 1914 2412 Eii/tortae

1129 2423 1216 2449 δώσει
1232 2424 1248 2449 ὀ
1262 2422 1438 2457 νομοθετῶν,
1454 2423 1606 2455 ἀκολούθως
1618 2423 1736 2449 διδάσκει
1747 2423 1821 2455 ὅπως
1835 2422 1912 2449 δώσει

1128 2471 1183 2500 τοῖς
1200 2470 1228 2495 ὲν
1243 2471 1275 2507 τῇ
1293 2469 1395 2495 κοιλάδι
1409 2469 1458 2501 τὰς
1470 2469 1604 2504 εὐλογίας.
1618 2469 1680 2502 Πῶς
1695 2468 1751 2501 οὖν,
1767 2470 1847 2505 φησὶ,
1862 2468 1911 2497 δὼ-

1130 2524 1180 2547 σει,
1195 2515 1250 2541 ἀλλ’
1266 2515 1282 2550 ἢ
1298 2514 1467 2547 καταξιώσας
1479 2515 1592 2551 ὀφθῆναι
1608 2516 1653 2542 ἐπὶ
1667 2515 1716 2550 τῆς
1730 2515 1782 2551 γῆς
1792 2524 1799 2548 ;
1811 2515 1912 2551 Σφόδρα

1128 2560 1155 2586 δὲ
1174 2561 1325 2592 ἀκολούθως
1340 2560 1470 2592 Θεσπίτας
1483 2561 1497 2586 ὁ
1507 2560 1584 2595 λόγος
1598 2560 1694 2596 ληνοὺς
1704 2560 1773 2587 Θεοῦ
1787 2561 1911 2590 πλείστας

1130 2607 1236 2641 μέλλειν
1251 2607 1357 2634 ἔσεσθαι
1369 2608 1428 2634 καθ’
1439 2607 1503 2643 ὅλης
1518 2606 1678 2643 οἰκουμένης
1689 2607 1735 2633 καὶ
1749 2606 1910 2642 σκηνώματα

1130 2652 1241 2678 πλεῖστα
1256 2653 1301 2678 καὶ
1313 2652 1397 2684 αὐλὰς
1408 2653 1526 2685 πλείους,
1540 2653 1587 2679 καὶ
1601 2648 1780 2688 θυσιαστήρια
1790 2652 1910 2682 πλεῖστα,

1129 2700 1225 2733 ἐπάγει
1239 2699 1287 2734 τὴν
1300 2700 1399 2731 αἰτίαν,
1410 2700 1444 2726 δι’
1454 2700 1487 2735 ἢν
1500 2699 1599 2735 ἠμελλε
1609 2699 1694 2726 ταῦτα
1707 2699 1796 2725 πάντα
1808 2699 1853 2725 ἐπὶ
1864 2698 1910 2733 τῆς

1127 2744 1312 2771 συνίστασθαι.
1330 2744 1377 2777 Τίς
1391 2745 1420 2771 δὲ
1435 2743 1468 2780 ἦν
1483 2746 1499 2781 ὴ
1514 2745 1588 2772 αἰτία
1601 2745 1721 2772 διδάσκει
1731 2744 1836 2778 λέγων·
1856 2744 1912 2777 Ὁφ-

1127 2791 1248 2823 θήσεται
1264 2793 1280 2818 o'
1294 2791 1365 2824 Θεὸς
1378 2792 1437 2818 τῶν
1460 2791 1535 2819 θεῶν
1550 2792 1585 2818 ἐν
1599 2792 1687 2819 Σκῦν·
1705 2791 1798 2826 σαφῶς
1812 2799 1898 2825 stupeo

1128 2838 1187 2865 σίαν
1203 2838 1242 2870 εἰς
1261 2837 1418 2874 ἀνθρώπους
1433 2838 1500 2865 Θεοῦ
1517 2838 1563 2866 καὶ
1578 2838 1730 2874 φανέρωσιν
1744 2837 1830 2866 αὐτοῦ
1840 2836 1911 2864 atas.

326 2912 349 2928 ³⁸³
369 2912 463 2940 Matth.
482 2921 508 2944 v.
591 2914 611 2930 ³²
633 2913 654 2940 ll
668 2913 732 2941 Cor.
750 2923 776 2946 v,
796 2915 822 2943 Il.
862 2915 883 2931 ³³
904 2914 999 2943 ίιίὶοι.
1014 2923 1062 2947 ιιι,
1082 2915 1125 2943 18.
