2032 3215
137 185 184 213 io!
189 184 211 212 5

722 183 971 213 COMMENTARIA
992 184 1026 212 IN
1040 185 1208 214 PSALMOS.

1285 160 1313 193 ς
1322 143 1355 179 ’5
1688 181 1763 209 {01L

137 244 289 276 ωαυν.Θεὺς
299 243 328 271 δὲ
338 244 407 271 θεῶν
418 243 433 271 6
443 243 490 272 τοῦ
500 243 568 271 Θεοῦ
579 244 665 279 Λόγος
675 244 842 280 ὠνόμασται,
854 252 924 271 νοου-

974 254 1051 275 rans.
1069 245 1142 274 Deus
1154 249 1245 273 autem
1261 245 1374 273 deorum
1383 242 1432 272 Dei
1449 242 1569 271 Verbum
1580 245 1707 276 vocatur;
1718 242 1770 269 ita:

139 291 226 326 μένων
236 290 300 325 ἡμῖν
310 290 378 316 θεῶν
388 290 442 316 τῶν
455 290 596 326 μακαρίων
607 290 653 317 κα)¹
664 290 794 324 Θεοφιλῶν
806 290 921 326 ἀνδρῶν,

137 335 204 372 πρὸς
218 335 266 367 οὓς
280 336 295 362 ὸ
311 335 387 370 λόγος
400 335 446 362 τοῦ
463 335 530 362 Θεοῦ
544 335 666 369 ἐγένετο·
684 333 724 367 οἷς
737 336 782 362 καὶ
793 336 899 371 εἴρηται
914 344 921 351 ·

143 381 216 416 Ἐγὼ
231 377 334 408 εἶπεν
351 381 416 408 Θεοί
426 380 510 407 ἑστε-
526 381 587 413 καὶ,
610 380 641 406 '0
650 380 721 413 Θεὸς
735 379 808 413 ἔστη
821 380 854 405 ὲν
868 387 924 406 συ-

136 425 254 461 ναγωγῇ
263 424 347 453 θεῶν·
359 425 417 458 καὶ,
430 425 502 458 Θεὸς
518 425 592 453 θεῶν
603 426 710 459 Κύριος
719 425 862 458 ἐλάλησε,
875 424 923 451 καὶ

135 472 263 499 ἐκάλεσε
273 471 331 505 τὴν
339 471 408 506 γῆν.
423 471 477 498 Καὶ
487 471 541 507 γὰρ
551 472 579 497 ἐν
591 471 695 503 τούτοις
707 471 772 502 Θεὸς,
786 470 854 496 θεῶν
864 470 924 496 οὐδὲ

137 519 214 550 ἄλλος
231 519 248 553 ἢ
264 518 342 554 μόνος
358 518 410 545 ὀὲν
426 518 496 553 ἀρχῇ
512 518 580 553 πρὸς
595 518 640 545 τὸν
652 518 717 544 Θεὸν
732 517 816 551 Λόγος
829 516 924 551 ἀνηγό-

137 573 248 602 ρευται·
272 566 286 592 6
301 565 333 598 δὴ
350 565 396 591 καὶ¹
418 564 495 596 θεοὺς
509 565 606 596 αὐτοὺς
623 565 667 591 διὰ
682 565 730 599 τῆς
744 563 826 590 αὑτοῦ
842 572 923 598 χορη-

135 612 198 645 γίας
220 611 266 638 καὶ
291 610 405 646 μετοχῆς
428 610 475 637 τοῦ
495 610 577 638 αὑτοῦ
592 610 749 645 Πνεὺματος
764 609 923 644 ἀπεργασα-

137 666 227 693 μενος.
258 656 342 687 Θεοὺς
360 655 414 691 γὰρ
430 653 499 683 εἶναι
514 665 596 691 φησιν
610 656 746 687 ἐκείνους,
770 655 837 691 πρὸς
851 654 897 686 οὓς
910 655 924 681 6

136 704 222 738 Λόγος
252 701 299 729 τοῦ
314 701 381 728 Θεοῦ
395 702 511 736 ἐγένετο.
536 702 616 737 Ἑξῆς
632 701 654 728 δ’
669 699 715 728 οὖν
737 701 783 728 καὶ
796 700 925 736 ὀνομαστὶ

135 749 182 775 τοῦ
200 748 318 784 Χριστοῦ
336 747 516 784 μνημονεύει,
532 747 618 782 λέγων
635 747 664 773 ἐν
679 746 761 782 εὐχῇ·
791 746 846 773 Καὶ
860 746 924 772 ἐπι-

136 797 252 830 ϐλεψωρ
267 795 317 822 ἐπὶ
329 795 363 822 τὸ
376 795 537 829 πρόσωπον
551 794 604 822 τοῦ
617 793 746 828 Χριστοῦ
762 801 829 820 σου.
852 793 925 819 ’Λντὶ

135 841 163 868 δὲ
181 840 247 872 τοῦ,
268 840 446 875 Ὀφθήσεται
462 841 479 867 ὁ
498 839 571 872 Θεὸς
591 839 651 866 τῶν
665 838 740 866 θεῶν
753 838 788 865 ἐνν-
802 838 893 871 Σιὼν,
911 838 931 866 ὁ.

142 887 257 917 Ἀκύλας
267 886 358 921 φησὶν,
383 885 557 920 Ὁφθήσεται
574 884 697 919 ἰσχυρὸς
709 884 780 916 Θεὸς
790 884 824 910 ἐν
838 883 922 910 Σιών.

135 934 183 966 Τίς
200 934 225 961 δ’
240 934 273 961 ἂν
291 933 334 968 εῐη
347 929 424 964 οὗτος
441 932 456 958 ὁ
481 930 583 967 μέλλων
602 930 698 966 ὁρατὸς
716 930 762 956 καὶ
776 929 925 965 ὀφθαλμοῖς

136 980 233 1012 054126;-
244 979 352 1006 ἔσεσθαι
361 999 369 1011 ,
381 978 499 1006 διδάσκει
515 976 616 1013 προϊὼν
628 977 675 1003 καὶ
685 976 772 1010 λέγων
782 985 788 991 ·
811 975 923 1003 Ἐνώτι-

136 1035 186 1054 σαι
197 1046 205 1058 ,
222 1027 238 1052 ὀ
255 1025 328 1058 Θεὸς
349 1024 462 1052 Ἰακώϐ.
481 1019 566 1054 Οὗτος
582 1023 635 1058 γὰρ
650 1020 683 1057 ἦν
696 1022 777 1053 αὐτὸς
795 1023 897 1053 ἐκεῖνος
910 1023 924 1048 6

135 1070 182 1097 τοῦ
194 1070 263 1097 Θεοῦ
277 1071 373 1104 Λόγος,
387 1071 400 1096 6
416 1069 498 1096 πάλαι
510 1069 556 1095 καὶ
569 1068 608 1102 τῷ
628 1067 725 1094 Ίακὼὸ
737 1068 766 1094 ἐν
779 1066 924 1103 ἀνθρώπου

136 1117 256 1152 σχήματι
267 1115 369 1151 ὀφθεὶς,
381 1115 468 1151 φήσας
482 1123 511 1140 τε
526 1113 593 1149 πρὸς
606 1114 702 1140 αὐτόν·
721 1114 781 1140 Οὐκ
796 1115 839 1140 ἐτι
852 1115 925 1147 κληη

135 1162 258 1196 θήσεται
272 1160 306 1187 τὸ
317 1160 409 1195 ὄνομά
418 1168 476 1187 σου
495 1159 606 1191 Ἰακὼϐ,
619 1158 687 1185 ἀλλ’
705 1157 828 1192 Ἰσραὴλ.
840 1157 927 1186 ἔσται

135 1207 168 1234 τὸ
179 1206 273 1241 ὄνομά
284 1214 357 1233 σου·
370 1205 414 1232 ὅτι
426 1205 594 1239 ἐνίσχυσας
603 1205 678 1239 μετὰ
690 1203 774 1235 Θεοῦ,
788 1203 837 1230 καὶ
850 1203 925 1238 μετὰ

135 1253 297 1288 ἀνθρώπων
306 1252 446 1285 δυνατός,
464 1252 519 1286 Ἐφ’
527 1248 549 1285 ᾧ
560 1252 606 1278 καὶ
615 1251 629 1276 6
640 1250 774 1286 θεοφιλὴς,
785 1249 925 1279 συναισθό-

138 1309 216 1336 μενος
228 1299 274 1326 τοῦ
286 1299 501 1335 χρηματίζοντος
522 1297 604 1324 αὑτοῦ
628 1296 695 1323 Θεοῦ
719 1305 784 1332 φησι
803 1305 809 1310 ·
836 1293 926 1322 Εἶδον

137 1346 211 1373 Θεὸν
226 1346 388 1380 πρόσωπον
403 1345 478 1379 πρὸς
496 1345 657 1377 πρόσωπον
667 1363 674 1374 ,
688 1342 735 1368 καὶ
751 1341 849 1374 ἐσώθη
865 1350 924 1376 μου

139 1392 155 1426 ἠ
166 1391 263 1427 ψυχή.
277 1391 361 1422 Αὐτὸς
372 1388 418 1417 οὖν
429 1391 531 1421 ἐκεῖνος
540 1391 554 1416 ὁ
567 1389 632 1420 Θεὸς
642 1389 656 1415 6
668 1388 707 1424 τῷ
725 1388 821 1416 Ἰακὼϐ
833 1387 924 1422 ὀφθεὶς

136 1437 215 1469 αὖθις
233 1438 392 1474 ὀφθήσεται,
406 1437 497 1472 φησὶν,
514 1437 542 1462 ὲν
559 1435 639 1469 Σιὼν,
653 1435 800 1470 διαρρήδην
815 1435 863 1469 τῆς
878 1433 924 1459 τοῦ

137 1484 203 1512 Θεοῦ
217 1484 305 1519 Λόγου
321 1485 360 1515 εὶς
371 1482 529 1518 ἀνθρώπους
544 1481 702 1516 ἐπιφανείας
718 1480 810 1506 τοῦτον
826 1488 925 1514 σημαι-

137 1530 254 1565 νομένης
266 1530 312 1557 τὸν
327 1529 436 1565 τρόπον.
463 1529 549 1555 Αὑτὸν
565 1528 597 1563 δὴ
618 1525 664 1555 οὖν
687 1526 779 1554 τοῦτον
799 1526 844 1552 τὸν
859 1525 925 1552 Θεὸν

143 1576 241 1604 Ἰακὼό
265 1575 477 1611 ἐπικαλούμενος
489 1595 496 1606 ,
520 1573 684 1601 ἐπισπεῦσαι
702 1573 751 1608 τὴν
774 1571 925 1608 παρουσίαν
939 1590 961 1621 G

136 1623 218 1650 αὐτοῦ
237 1622 361 1650 ἱκετεύει.
386 1620 610 1655 ’Υπεριισπιστὰ
626 1619 720 1654 ἡμῶν,
737 1618 790 1650 ἰδὲ,
808 1620 824 1645 ό
841 1618 922 1651 Θεός.

136 1669 218 1701 Τίνας
237 1669 266 1696 δέ
289 1677 370 1704 φησιν
392 1668 444 1700 ἰδὲ,
461 1667 518 1694 ἀλλ’
538 1667 554 1702 ἢ
578 1667 640 1698 τοὺς
662 1666 690 1692 ὲν
712 1666 743 1700 τῇ
759 1664 862 1692 κοιλάδι
877 1663 924 1690 τοῦ

135 1714 313 1750 κλαυθμῶνος
334 1714 605 1749 καταπονουμένους;
635 1712 770 1745 Ἐπιλέγει
792 1711 820 1738 δὲ
844 1711 922 1746 ἑξῆς·

135 1761 189 1788 Καὶ
200 1761 366 1794 ἐπίϐλεψω
376 1760 425 1787 ἐπὶ
436 1760 467 1786 τὸ
480 1760 641 1793 πρόσωπον
651 1758 704 1785 τοῦ
716 1758 843 1792 Χριστοῦ
855 1766 923 1790 σου,

134 1807 280 1842 εὐχόμενος
292 1807 450 1842 ὲπιταχῆναι
463 1807 511 1841 τὴν
523 1806 568 1832 τοῦ
579 1805 645 1831 Θεοῦ
658 1805 744 1838 Λόγου
758 1805 797 1836 εις
806 1804 851 1830 τὸν
862 1805 925 1840 Χρι-

137 1852 198 1879 στὸν
211 1852 305 1885 αὑτοῦ,
318 1852 347 1878 ὃν
358 1853 390 1878 ὲκ
401 1852 555 1888 σπέρματος
568 1851 649 1878 Δαυῖδ
660 1851 815 1881 ἐνεδύσατο,
827 1859 925 1887 παρου-

136 1899 206 1925 σίαν.
223 1899 268 1925 Διὸ
278 1899 346 1926 καὶὸ
363 1898 477 1930 Ἀκύλας
489 1899 564 1934 φησι,
576 1897 667 1932 eme
680 1897 774 1932 ἡμῶν,
790 1897 845 1930 me,
860 1897 926 1935 Θεέ,

136 1944 184 1970 καὶ
202 1944 387 1978 ἐπίστρεψον
401 1945 562 1978 πρόσωπον
577 1944 758 1978 ἡλειμμιένου
773 1951 830 1971 σου
840 1952 846 1958 ·
865 1945 879 1970 6
895 1944 924 1970 δὲ

136 1989 292 2025 Σύμμαχος,
308 1990 532 2025 ’Υπερασπιστὰ
545 1990 643 2025 ἡμῶν,
660 1990 704 2017 ὶδὲ
715 2010 722 2022 ,
739 1992 754 2016 ὁ
769 1990 840 2023 Θεὸς
850 2010 857 2022 ,
873 1991 922 2017 καὶ

136 2037 331 2070 πρόσϐλεψον
342 2038 375 2064 τὸ
390 2037 552 2071 πρόσωπον
561 2037 614 2064 τοῦ
627 2036 755 2070 Χριστοῦ
768 2044 835 2063 σου.
851 2035 923 2062 Ταῦ-

135 2091 169 2109 τα
185 2082 214 2109 δὲ
235 2082 358 2118 εὔχονται
378 2085 402 2110 οἱ
416 2084 461 2110 τὸν
476 2084 564 2110 πάντα
578 2083 683 2117 ψαλμὸν
696 2082 820 2115 λέγοντες
830 2090 836 2096 ·
851 2077 922 2108 οὗτοι

135 2129 162 2155 δὲ
181 2127 252 2164 ἦσαν
271 2130 296 2155 οἱ
316 2130 362 2156 τοῦ
377 2130 445 2156 Θεοῦ
465 2131 619 2165 προψῆται,
639 2130 664 2155 οἱ
679 2128 855 2159 διασωθέντες
868 2128 923 2154 ἀπὸ

135 2174 188 2201 τῶν
203 2175 306 2209 νοητῶν
322 2175 457 2211 πολεμίων
469 2197 476 2207 ,
495 2176 542 2202 καὶ
563 2175 757 2210 μεταϐαλόντες
772 2175 825 2200 ἀπὸ
843 2175 922 2200 πολέ-

138 2228 187 2255 μου
204 2221 245 2252 εἰς
264 2222 389 2257 εἰρήνην,
404 2222 439 2248 τά
452 2230 481 2247 τε
500 2220 666 2256 σκηνώματα
681 2221 728 2247 τοῦ
748 2220 815 2247 Θεοῦ
829 2221 923 2247 λοιπὸν

135 2266 174 2302 τῷ
187 2267 253 2302 θείῳ
266 2267 404 2302 Πνεύματι
419 2267 597 2303 προορῶντες,
615 2267 663 2294 καὶ
680 2267 728 2298 τὰς
741 2267 824 2299 αὐλὰς
839 2267 921 2294 αὑτοῦ
939 2261 960 2290 D

136 2313 182 2340 καὶ
193 2313 227 2340 τὰ
244 2312 422 2349 θυσιαστήρια
438 2312 593 2344 ποθοῦντες.
624 2313 656 2339 Οἳ
673 2312 719 2339 καὶ
734 2312 922 2347 παρακαλοῦσι

136 2358 180 2386 τὸν
202 2359 249 2387 τοῦ
264 2360 331 2386 Θεοῦ
342 2360 426 2394 Λόγον
437 2380 444 2392 ,
462 2360 506 2386 τὸν
528 2360 557 2385 ὲν
569 2359 607 2394 τῷ
625 2359 711 2394 καιρῴ
726 2358 779 2384 τῶν
797 2358 922 2394 πολέμων

136 2404 342 2441 ὑπερασπιστὴν
362 2406 451 2432 αὐτῶν
473 2406 632 2441 γενόμενον,
663 2404 805 2439 ἐπιϐλέψαι
821 2405 866 2431 ἐπὶ
888 2405 919 2431 τὸ

974 296 1005 319 ιιι
1019 292 1187 327 intelligatur
1203 292 1269 320 deos
1283 299 1355 323 esse,
1368 291 1462 319 beatos
1475 297 1502 318 et
1513 289 1656 325 religiosos
1670 288 1756 319 viros,

974 338 1008 365 ad
1023 346 1092 373 quos
1109 338 1209 366 factum
1224 342 1268 366 est
1282 337 1401 365 Verbum
1421 337 1467 364 Dei
1484 346 1490 363 :
1508 336 1608 371 quibus
1622 335 1704 362 etiam
1715 333 1757 360 di-

973 388 1047 411 ctum
1059 388 1112 416 est,
1129 383 1184 418 Ego
1198 383 1266 416 diei,
1283 383 1328 410 Dii
1342 383 1405 410 estis
1421 382 1462 414 ³³;
1490 385 1527 415 et,
1543 381 1614 408 Deus
1632 379 1704 407 stetit
1729 379 1758 405 in

974 438 1110 466 synagoga
1124 430 1232 457 deorum
1248 429 1286 462 ³⁸;
1297 435 1336 461 et,
1352 429 1421 456 Deus
1447 427 1555 456 deorum
1571 426 1698 453 Dominus
1718 424 1758 452 lo—

974 481 1049 503 cutus
1064 481 1114 508 est,
1132 481 1157 502 et
1183 476 1283 502 vocavit
1299 480 1397 502 terram
1415 473 1448 501 “.
1461 472 1490 500 in
1515 472 1558 500 his
1571 479 1688 506 namque
1702 477 1758 498 non

975 523 1044 550 alius
1056 522 1127 550 Deus
1146 521 1260 549 deorum
1274 525 1388 549 vocatus
1407 524 1460 552 est,
1475 526 1557 555 quam
1579 518 1603 546 is
1620 518 1695 546 solus
1710 517 1758 552 qui

976 569 1003 595 in
1021 568 1155 602 principio
1175 566 1291 595 Verbum
1303 570 1361 595 erat
1373 566 1445 601 apud
1462 565 1546 592 Deum
1563 572 1570 590 :
1596 563 1642 598 qui
1654 562 1759 590 scilicet

976 621 1088 640 munere
1100 621 1150 641 suo
1169 617 1195 640 et
1204 612 1328 648 ejusdem
1344 611 1464 647 Spiritus
1477 609 1684 646 participatione
1693 608 1759 635 deos

976 660 1039 688 illos
1065 659 1164 687 eﬂ'ecit.
1177 659 1248 687 Deos
1263 665 1382 693 namque
1394 657 1458 685 illos
1473 664 1535 685 esse
1548 655 1626 687 dicit,
1640 654 1675 682 ad
1690 661 1760 688 quos

976 713 1068 734 sermo
1079 705 1127 733 Dei
1143 705 1233 734 iactus
1247 709 1301 733 est.
1321 704 1424 732 Deinde
1438 711 1503 730 vero
1515 701 1655 733 Christum
1671 699 1761 727 nomi-

975 752 1062 779 natim
1088 755 1222 779 memorat
1236 752 1263 779 in
1278 751 1404 778 oratione
1427 749 1534 780 dicens,
1557 747 1590 782 Et
1608 747 1706 782 respice
1733 746 1761 772 in

976 799 1072 834 facient
1087 799 1188 827 Christi
1202 799 1250 826 tui.
1271 797 1324 825 Pro
1339 797 1385 824 illo
1399 801 1502 828 autem.
1528 794 1664 825 Videbitur
1689 792 1760 820 Deus

976 846 1085 873 deorum
1108 846 1134 871 in
1148 844 1224 876 Sion,
1240 843 1337 878 Aquila
1353 843 1394 871 sic
1413 842 1506 873 habet,
1527 840 1664 868 Videbitur
1682 839 1760 874 fortis

976 892 1048 919 Deus
1062 892 1089 918 in
1105 890 1180 918 Sion.
1206 890 1339 923 Quisnam
1355 896 1419 916 vero
1448 888 1487 915 sit
1502 887 1557 919 ille,
1574 887 1622 922 qui
1642 885 1761 914 visibilis

976 936 1118 971 oculisque
1144 934 1303 971 spectabilis
1319 933 1429 961 iuturus
1446 937 1498 965 est,
1515 931 1614 959 deinde
1639 930 1762 958 declarat

975 983 1028 1009 hoc
1049 982 1130 1009 modo
1145 989 1152 1007 :
1168 981 1283 1008 Auribus
1302 981 1415 1015 percipe,
1435 979 1505 1006 Deus
1520 978 1614 1006 Iacob.
1631 976 1699 1004 Nam
1717 976 1762 1004 hic

976 1029 1034 1064 ipse
1049 1032 1108 1056 erat
1121 1027 1168 1055 Dei
1179 1027 1309 1059 Verbum,
1322 1027 1368 1061 qui
1379 1026 1444 1053 olim
1457 1024 1559 1052 Iacobo
1567 1023 1687 1051 hominis
1698 1030 1761 1057 spc-

975 1075 1016 1102 cie
1032 1074 1118 1107 visus,
1135 1074 1175 1102 sic
1197 1081 1259 1101 eum
1275 1073 1373 1101 aﬂ‘atus
1387 1076 1451 1101 est:
1465 1071 1527 1098 Non
1539 1071 1611 1098 ultra
1626 1069 1761 1097 vocabitur

975 1128 1068 1147 nomen
1084 1124 1157 1146 tuum
1182 1118 1286 1152 Iacob,“
1310 1119 1355 1146 sed
1372 1118 1458 1146 Israel
1469 1119 1518 1145 erit
1547 1125 1640 1145 nomen
1665 1121 1760 1143 tuum:

975 1168 1041 1204 quia
1053 1167 1131 1202 {ortis
1143 1167 1219 1202 fuisti
1234 1175 1293 1194 eum
1305 1165 1371 1199 Deo,
1391 1170 1417 1193 et
1436 1173 1495 1193 cum
1510 1163 1659 1191 hominibus
1670 1168 1760 1197 potens

975 1215 1026 1241 eris
1045 1214 1077 1241 '°.
1092 1213 1183 1247 Quare
1197 1213 1239 1240 vir
1257 1213 1306 1240 ille.
1325 1212 1481 1248 religiosus,
1497 1218 1560 1238 cum
1578 1208 1762 1246 persentisce-

976 1265 1018 1287 ret
1030 1267 1092 1287 eum
1109 1260 1155 1295 qui
1172 1259 1258 1295 ipsius
1275 1258 1347 1286 Deus
1367 1264 1489 1290 vocatur,
1519 1257 1557 1284 ait
1573 1265 1580 1282 :
1600 1255 1659 1283 Vidi
1678 1255 1761 1282 Deum

976 1307 1044 1342 [acie
1055 1306 1090 1333 ad
1101 1306 1207 1341 faciem,
1220 1311 1244 1333 et
1261 1305 1336 1332 salua
1350 1304 1423 1339 facta
1439 1308 1478 1331 est
1499 1303 1589 1330 anima
1605 1310 1662 1329 mea
1685 1301 1718 1328 ³⁷.
1736 1300 1762 1329 l5

977 1354 1035 1388 ipse
1049 1353 1131 1384 Deus,
1148 1352 1248 1387 inquit,
1266 1351 1313 1386 qui
1327 1350 1430 1378 Jacobo
1447 1349 1523 1377 visus
1536 1353 1587 1381 est,
1605 1355 1704 1375 rursus
1717 1347 1760 1374 vi-

976 1399 1084 1426 debitur
1098 1399 1126 1425 in
1148 1397 1225 1429 Sion,
1241 1396 1289 1424 Dei
1302 1396 1382 1424 Verbi
1407 1396 1552 1423 adventum
1580 1394 1608 1421 in
1634 1393 1762 1422 homines

977 1443 1052 1470 hisce
1067 1443 1210 1470 manifeste
1220 1441 1374 1469 declarans.
1390 1440 1468 1468 llunc
1482 1439 1566 1467 Deum
1581 1438 1667 1475 Jacob
1683 1438 1762 1465 invo-

976 1497 1053 1520 cans,
1069 1488 1215 1516 adventum
1228 1492 1366 1515 maturare
1378 1495 1458 1515 suum
1471 1490 1558 1522 rogat.
1574 1484 1700 1515 ~Vsas.
1714 1485 1758 1513 10.

975 1534 1220 1567 Protectornoster,
1243 1534 1342 1569 aspice,
1358 1532 1440 1560 Deus.
1468 1532 1607 1565 Quosuam
1637 1530 1761 1565 aspicere

977 1584 1065 1615 rogat.
1080 1580 1192 1608 nisi‘eos
1207 1579 1254 1615 qui
1270 1579 1298 1607 iu
1323 1579 1392 1606 valle
1408 1579 1590 1614 lacrynmrum
1614 1576 1761 1604 amictione

976 1626 1157 1660 premuntur?
1176 1625 1279 1653 Deinde
1293 1632 1358 1652 vero
1384 1624 1541 1659 subiungit,
1558 1627 1582 1650 et
1610 1622 1708 1657 respice
1733 1622 1761 1648 in

976 1671 1071 1706 faciem
1086 1670 1186 1698 Christi
1204 1670 1253 1702 tui,
1267 1677 1367 1705 rogans
1383 1668 1429 1697 Dei
1448 1668 1526 1696 Verbi
1553 1668 1700 1695 adventura
1727 1668 1761 1695 ad

976 1717 1114 1745 Christum
1128 1724 1220 1748 suum,
1234 1723 1315 1751 quem
1333 1723 1364 1742 ex
1383 1715 1488 1742 semine
1503 1714 1587 1742 David
1602 1713 1700 1747 induit,
1716 1720 1762 1740 ac-

975 1762 1098 1789 celerari.
1112 1760 1294 1794 Quamobrem
1305 1760 1400 1795 Aquila
1411 1760 1452 1788 sic
1462 1759 1650 1795 habet,Clypee
1662 1763 1760 1792 noster,

976 1806 1042 1839 uide,
1059 1806 1140 1839 Deus,
1155 1812 1178 1834 et
1204 1813 1322 1834 converte
1338 1807 1438 1833 uultum
1461 1806 1533 1832 uncti
1556 1805 1606 1832 tui.
1634 1805 1760 1841 Symma-

975 1854 1043 1881 chus
1060 1862 1133 1884 vero,
1149 1853 1288 1881 Prolector
1308 1858 1397 1880 noster
1418 1852 1485 1884 uide,
1510 1852 1592 1884 Deus,
1622 1857 1647 1879 et
1675 1851 1762 1885 aspice

975 1900 1075 1927 uultum
1090 1899 1190 1927 Christi
1204 1900 1251 1926 tui.
1267 1899 1329 1926 llaec
1342 1907 1424 1934 porro
1439 1901 1585 1934 precantur
1609 1897 1638 1929 ii.
1654 1897 1701 1932 qui
1718 1901 1761 1924 to—

975 1950 1031 1972 tum
1055 1946 1189 1980 psalmum
1215 1946 1394 1980 pronuntiant
1421 1944 1470 1971 :hi
1494 1946 1584 1972 autem
1606 1946 1685 1970 erant
1713 1942 1762 1970 Dei

974 1992 1121 2026 prophetm,
1139 1991 1185 2026 qui
1199 1999 1214 2018 a
1230 1991 1422 2026 spiritualibus
1440 1989 1559 2018 inimicis
1584 1989 1686 2017 servati
1702 1988 1761 2016 fue-

974 2040 1046 2069 rant,
1063 2040 1090 2063 et
1105 2044 1120 2063 a
1135 2036 1205 2064 bello
1217 2037 1249 2063 ad
1265 2044 1360 2071 pacem
1381 2036 1516 2070 translati,
1533 2036 1627 2064 divino
1652 2034 1762 2063 aﬂlante

974 2082 1071 2117 spiritu
1085 2082 1261 2109 tabernacula
1273 2081 1320 2110 Dei
1346 2083 1557 2118 prospiciebant,
1581 2082 1714 2109 atriorum
1733 2085 1762 2110 et

974 2128 1099 2155 altarium
1112 2128 1172 2163 ejus
1190 2128 1342 2163 percupidi.
1370 2129 1424 2162 Qui
1450 2130 1533 2156 etiam
1559 2129 1607 2156 Dei
1629 2128 1760 2162 Verbum,

973 2182 1053 2201 suum
1066 2174 1092 2201 in
1105 2179 1228 2209 tempore
1240 2174 1302 2202 belli
1329 2178 1510 2209 protectorem
1539 2174 1654 2207 factum,
1680 2175 1762 2202 obse-

973 2225 1054 2248 crant
1069 2226 1098 2248 ut
1113 2221 1147 2249 ad
1159 2221 1256 2249 faciem
1270 2221 1371 2249 Christi
1404 2221 1446 2250 sui
1476 2221 1617 2256 respiciat,
1646 2225 1675 2248 ut
1702 2221 1762 2256 ipso

974 2272 1122 2303 apparente
1144 2275 1176 2295 ac
1188 2266 1339 2300 Christum,
1352 2275 1386 2295 ex
1396 2267 1501 2295 semine
1512 2266 1598 2294 David
1610 2266 1760 2294 secundum

975 2321 1087 2340 carnem
1110 2317 1206 2340 ortum.
1221 2318 1389 2345 assumente,
1416 2311 1496 2339 malis
1512 2311 1637 2347 pristinis
1664 2318 1766 2339 omnes

976 2361 1141 2393 eximantur,
1158 2360 1353 2395 hominumque
1377 2367 1462 2395 genus
1474 2360 1545 2387 bona
1558 2366 1607 2394 per
1619 2357 1767 2388 Christum

975 2406 1162 2433 nanciscatur.

135 2450 280 2488 πρόσωπον
293 2451 340 2478 τοῦ
353 2451 470 2487 Χριστοῦ
481 2451 573 2481 αὐτοῦ,
592 2452 635 2483 ἵν’,
649 2451 825 2485 ἐπιφανέντος
838 2451 919 2477 αὑτοῦ
940 2452 987 2478 καὶ
997 2452 1042 2478 τὸν
1058 2452 1256 2488 ὲκσπέρματος
1267 2452 1348 2479 Δαυῖδ
1357 2452 1426 2478 κατὰ
1455 2452 1543 2486 σάρκα
1554 2451 1670 2487 Χριστὸν
1697 2450 1766 2477 ἀνα-ι

135 2495 277 2530 λαϐόντος,
299 2498 375 2530 λύσις
398 2499 446 2534 μὲν
464 2499 575 2534 γένηται
613 2498 753 2535 προτέρων
785 2498 877 2525 κακῶν
898 2501 953 2531 τοῖς
973 2501 1069 2533 πᾶσιν,
1086 2500 1176 2534 ἀγαθὰ
1189 2501 1217 2527 δὲ
1233 2500 1276 2526 διὰ
1292 2500 1339 2526 τοῦ
1354 2499 1472 2535 Χριστοῦ
1490 2499 1520 2526 τὸ
1539 2500 1594 2527 τῶν
1609 2498 1765 2536 ἀνθρώπων.

135 2543 288 2579 διαδέξηται
303 2544 391 2579 γένος.

162 2602 226 2628 ὀτι
235 2601 385 2636 κρείσσων
392 2602 486 2637 ἡμέρα
491 2603 545 2637 μία
551 2603 586 2630 ἐν
592 2603 656 2636 ταῖς
666 2603 773 2636 αὐλαῖς
779 2610 837 2630 σου
845 2603 920 2637 ὑπὲρ

136 2647 282 2681 χιλιάδας.
297 2648 354 2683 Τῆς
367 2648 414 2674 τοῦ
428 2648 495 2675 Θεοῦ
511 2649 661 2685 παρουσίας
673 2649 722 2684 τὴν
736 2649 809 2684 μίαν,
824 2649 874 2684 τῆς
887 2651 918 2676 ἐκ

135 2693 238 2729 νεκρῶν
253 2694 428 2727 ἀναστάσεως
444 2696 560 2731 ἡμέραν,
579 2696 646 2722 πολὺ
663 2696 779 2731 κρείττω
793 2696 919 2731 χιλιάδων

135 2740 181 2767 καὶ
196 2742 396 2778 προτιμοτέραν
407 2743 421 2769 6
437 2743 482 2769 τὸν
497 2743 619 2777 παρόντα
631 2742 737 2777 ψαλμὸν
749 2743 834 2777 λέγων
846 2743 919 2778 ἠγεῖ-

135 2793 187 2812 ται.
200 2787 369 2815 Λὶνίττεσθαι
380 2788 407 2815 δὲ
419 2788 538 2823 ἠγοῦμαι
549 2788 591 2815 διὰ
601 2789 654 2815 τῶν
665 2789 789 2824 χιλιάδων
799 2789 844 2815 τὸν
856 2789 918 2825 χρό-

137 2840 179 2858 νον
191 2833 240 2868 τῆς
257 2835 409 2867 συστάσεως
423 2835 472 2870 τῆς
491 2835 676 2871 Ἰερουσαλήμ.
713 2836 756 2862 Ἐν
777 2836 846 2867 ὅλοις
864 2836 917 2870 γὰρ

1008 2603 1143 2631 Vsus“.
1155 2603 1224 2636 Quia
1238 2602 1329 2629 melior
1341 2609 1378 2629 est
1392 2603 1447 2630 dies
1459 2611 1511 2629 una
1519 2604 1545 2629 iu
1559 2603 1638 2630 atriis
1647 2603 1699 2630 luis
1713 2611 1769 2630 ειη.

971 2658 1017 2685 per
1028 2650 1124 2677 millia.
1147 2649 1232 2677 Unam
1249 2649 1296 2677 Dei
1312 2649 1480 2684 praesentiat,
1507 2649 1533 2676 id
1550 2654 1609 2683 est,
1633 2657 1758 2678 resurre-

972 2696 1071 2723 ctionis
1086 2703 1119 2723 ex
1134 2695 1249 2722 mortuis
1263 2694 1334 2722 diem
1346 2714 1353 2726 ,
1366 2695 1408 2721 vel
1425 2695 1544 2723 millibus
1561 2695 1657 2723 diebus
1671 2695 1757 2723 multu

973 2744 1111 2771 meliorem
1128 2747 1154 2770 et
1170 2742 1393 2778 praestabiliorem
1413 2750 1474 2770 esse
1494 2742 1643 2770 arbitratur
1671 2742 1695 2770 is
1709 2743 1756 2777 qui

972 2790 1105 2824 psalmum
1122 2789 1195 2816 hunc
1209 2788 1323 2823 profert.
1341 2788 1390 2815 illo
1413 2792 1503 2816 autem
1520 2788 1671 2816 millenario
1688 2793 1756 2823 puto

972 2835 1139 2863 subindicari
1152 2840 1268 2870 tempus,
1282 2841 1337 2870 quo
1357 2834 1526 2870 Jerosolyma
1540 2834 1678 2863 substitit:
1692 2841 1760 2865 nam

171 2909 192 2929 ³³
211 2910 282 2939 Psal.
302 2920 399 2946 tum,
415 2913 432 2940 6
481 2913 503 2930 ³⁵
524 2913 608 2946 ibid.,
629 2913 654 2941 l.
693 2914 714 2931 ³⁸
731 2913 803 2942 Psal.
824 2921 904 2949 XLIII,
987 2914 1009 2930 "
1026 2912 1093 2942 Cen.
1112 2920 1202 2948 xxx",
1219 2913 1265 2942 ‘28.
1304 2913 1328 2930 "
1347 2912 1413 2942 ibid,
1432 2913 1476 2940 50.
