2032 3215
278 198 349 229 1015

648 198 782 227 Ευεειιιι
800 197 1041 227 ϐᾹίδΔΙὶΙΕΝὸΙὸ
1055 197 1131 229 01³1³.
1151 197 1243 226 PARS
1260 197 1549 235 Ill.—EXEGETICA.

1828 200 1896 231 1016

276 259 343 288 totis
363 258 436 286 mille
459 260 539 286 annis
562 259 692 294 templum
717 258 777 294 ejus
803 258 927 293 duravit;
951 257 1062 286 totidem

1114 257 1210 293 χιλίοις
1225 257 1298 284 ιτεσι
1312 258 1427 294 συνέστη
1442 259 1457 286 6
1475 259 1505 286 ἐν
1517 259 1586 295 αὐτῇ
1607 258 1688 292 νεώς·
1705 259 1823 288 τοσαῦτα
1843 262 1896 298 γὰρ

276 305 378 340 quippe
392 308 572 333 numerantur
587 311 603 332 ι
625 304 717 339 templi
734 303 890 332 Salomonis
904 303 1063 332 fundatione

276 359 364 386 usque
383 350 417 378 ad
443 350 592 378 Salvatoris
610 351 698 378 nostri
717 350 874 378 adventum.
899 352 974 383 Quos
998 351 1062 377 item

275 396 391 423 indicari
412 400 479 432 puto
500 396 528 423 in
548 403 647 423 Luxu
663 396 787 430 psalmo,
815 397 860 430 qui
883 396 1061 428 inscribitur,

277 441 371 469 Oratio
387 440 509 477 Moysit;
525 441 551 468 in
568 442 747 477 sequentibus
764 442 864 477 quippe
885 442 943 469 haec
958 442 1039 469 habet
1054 452 1060 469 :

276 488 408 520 Quoniam
424 488 496 515 mille
509 489 573 515 anni
585 493 646 515 ante
661 489 750 516 oculos
766 494 823 515 tuos
834 509 841 519 ,
867 494 992 523 tanquam
1006 488 1062 515 dies

274 532 397 560 hesterna
410 541 468 568 quo:
480 534 622 567 praeteriit,
642 538 666 560 et
682 534 802 561 custodia
817 534 843 560 in
858 538 941 562 nocte.
960 533 1062 568 Hujus-

274 579 348 606 modi
366 579 457 614 itaque
471 579 624 606 millenario
639 579 679 606 vel
697 588 750 606 una
769 580 829 607 dies
850 579 1062 607 resurrectionis

275 624 426 652 Salvatoris
441 626 528 653 nostri
545 633 578 652 ex
598 626 714 653 mortuis
730 625 911 661 praeponenda
922 647 930 658 ,
949 630 977 652 et
994 633 1063 660 pre-

275 670 374 698 tiosior
389 671 483 698 haberi
496 671 577 699 debet
609 672 634 699 ei
662 673 708 707 qui
726 673 848 707 ejusdem
870 679 963 699 amore
985 672 1062 698 duci-

275 719 331 744 tur.
347 716 438 749 Quare
452 717 597 744 adventum
609 721 746 744 maturare
759 725 838 745 suum
855 721 932 752 rogat
946 717 1059 744 dicens:

274 761 379 796 Aspice,
399 762 483 795 Deus,
501 768 525 790 et
542 764 639 797 respice
655 764 682 790 in
698 764 794 798 faciem
808 763 908 791 Christi
924 764 979 796 tui,
996 772 1062 798 quov

274 807 347 833 niam
363 809 454 835 melior
466 814 505 835 est
522 809 576 836 dies
589 817 643 836 una
656 810 682 836 in
702 810 778 836 atriis
795 810 847 837 tuis
862 817 941 844 super
962 810 1059 837 millia.

273 851 367 888 Neque
382 861 447 881 vero
458 854 543 881 millia
572 855 615 882 hic
643 855 785 890 pluraliter
802 855 961 891 accipienda
985 860 1060 882 sunt.

273 898 342 925 Nam
361 899 431 934 apud
447 899 575 929 Hebraeos
591 901 647 928 haec
659 910 711 928 vox
724 902 868 930 millenare
879 909 964 929 unum
978 902 1061 937 signi-

273 943 336 971 ﬁcat
349 964 356 976 ,
382 950 410 972 ut
425 946 523 981 cuique
548 947 735 974 consideranti
753 947 841 981 palam
858 947 921 974 erit.
939 947 972 975 Et
996 948 1061 982 quia

273 993 332 1021 dies
348 1000 401 1020 una
417 993 444 1019 in
459 992 537 1020 atriis
552 1000 600 1027 per
614 997 700 1020 totum
715 993 808 1021 orbem
824 994 850 1020 in
867 993 985 1021 adventu
1002 993 1060 1026 Dei,

272 1040 319 1074 qui
335 1039 543 1075 prmnuntiatur,
563 1038 684 1066 fundatis
697 1059 704 1070 ,
727 1039 899 1073 pmstantior
914 1042 956 1065 est
979 1039 1062 1065 milli-

271 1085 339 1119 bus;
358 1085 420 1113 ideo
439 1086 567 1121 superius
585 1093 693 1120 quoque
705 1085 832 1113 dicebat:
855 1085 1020 1120 Concupiscit
1036 1090 1061 1113 et

273 1131 362 1166 deﬁcit
374 1132 465 1158 animo
479 1140 536 1159 mea
552 1132 578 1158 in
598 1131 670 1158 atria
694 1131 811 1158 Domini.
831 1131 864 1158 Et
884 1140 982 1159 rursus
996 1132 1060 1166 quia

269 1177 327 1213 jam
340 1185 421 1212 supra
435 1178 551 1208 dixerat,
562 1177 636 1204 Beati
647 1178 692 1211 qui
703 1178 822 1204 habitant
835 1178 863 1204 in
877 1178 955 1205 domo
964 1183 1020 1210 tua,
1032 1178 1061 1205 in

271 1224 371 1250 secula
383 1224 539 1251 seculorum
557 1214 703 1251 laudaliunt
727 1229 750 1251 te
762 1232 771 1250 ε
796 1224 839 1251 his
856 1224 933 1251 iidem
958 1224 1061 1251 habens

271 1276 304 1295 ac
315 1276 410 1296 verum
422 1276 483 1296 esse
500 1269 603 1296 dictum
622 1269 777 1304 hujusmodi
795 1277 940 1304 persuasus
951 1288 958 1300 ,
978 1276 1010 1296 ea
1027 1270 1060 1296 de

272 1322 356 1342 causa
370 1316 432 1343 dico
446 1326 453 1342 :
471 1315 546 1351 Elegi
557 1316 673 1350 abjectua
687 1324 743 1343 esse
752 1316 779 1343 in
791 1316 868 1343 domo
880 1316 928 1345 Dei
942 1316 992 1343 mei
1003 1324 1061 1342 ma-

271 1361 330 1395 gis;
347 1365 377 1388 ut
394 1361 422 1388 in
434 1361 515 1389 domo
531 1361 576 1389 Dei
594 1363 750 1389 consistens
777 1362 805 1388 in
830 1362 930 1389 saecula
947 1362 1060 1389 saecula-

271 1414 334 1434 rum
351 1407 434 1435 Deum
457 1408 568 1435 laudare
588 1409 702 1436 valeam.
723 1408 775 1436 Sed
790 1408 872 1436 etiam
890 1409 962 1436 sicut
986 1409 1059 1436 diem

272 1460 354 1480 unam
366 1453 486 1481 millibus
500 1454 612 1481 antetuli
625 1475 632 1486 ,
649 1455 685 1481 ita
699 1458 726 1482 et
740 1455 850 1482 domum
864 1454 921 1486 Dei,
935 1462 995 1489 quze
1018 1459 1060 1481 est

272 1498 395 1541 Ecclesia
413 1498 460 1527 Dei
491 1500 608 1527 viventis
621 1520 628 1532 ,
656 1500 783 1527 columna
809 1504 836 1527 ct
854 1500 1059 1528 fundamentum

269 1545 405 1576 veritatis,
417 1545 509 1580 potius
524 1546 603 1581 elegi,
618 1553 699 1581 quam
720 1546 843 1573 habitare
858 1546 886 1573 in
901 1546 995 1574 multis
1018 1551 1061 1572 ta-

270 1590 428 1618 bernaculis
439 1596 625 1626 peccatorum.
652 1591 718 1619 Nam
742 1592 793 1627 ipsi
810 1593 918 1627 quoque
933 1596 1060 1626 peccato-
1073 1611 1094 1640 ε

272 1643 318 1663 res
333 1636 360 1663 in
375 1638 493 1672 speciem
506 1638 746 1665 tabernaculorum
761 1637 808 1664 Dei
823 1645 883 1665 sese
897 1645 1060 1672 composue-

271 1686 337 1709 runt
351 1692 357 1709 :
383 1682 430 1710 sed
446 1683 621 1710 tabernacula
637 1683 694 1714 Dei,
707 1683 849 1715 amabilia;
874 1687 1059 1718 peccatorum,

270 1728 335 1755 odio
349 1727 431 1763 digna
447 1733 520 1756 sunt.
538 1743 573 1749 —
589 1728 672 1756 Vsus.
700 1729 743 1757 12,
764 1729 834 1762 Quia
850 1729 1060 1755 miseriwrdiam

270 1779 295 1801 et
312 1774 445 1801 veritatem
468 1773 554 1810 diligit
572 1774 698 1803 Dominus
720 1775 807 1808 Deus,
826 1776 941 1810 gratiam
960 1781 985 1802 et
1003 1775 1060 1810 glo-

271 1819 341 1846 riam
358 1818 433 1846 dabit
450 1818 589 1848 Dominus.
615 1819 666 1846 Pro
692 1820 748 1852 illo,
762 1820 833 1853 Quia
850 1821 1059 1847 miscricordimn

271 1869 296 1892 et
309 1866 444 1893 veritatem
458 1865 545 1901 diligit
561 1865 820 1901 Dominus,Aquila,
829 1866 898 1899 Quia
908 1866 1059 1893 miscricor-

271 1912 317 1939 dia
327 1916 352 1939 et
363 1912 469 1947 clypeus
486 1912 614 1941 Dominus
635 1912 722 1944 Deus;
748 1913 844 1948 quinta
870 1920 935 1940 vero
958 1914 1058 1945 editio,

273 1958 343 1991 Quia
356 1957 397 1985 sol
415 1963 440 1985 et
457 1962 591 1992 protector
613 1957 742 1986 Dominus
766 1958 853 1990 Deus;
879 1958 1059 1994 Symmachus

272 2005 410 2036 similiter,
423 2004 494 2037 Quia
508 2004 559 2035 sol.
573 2004 652 2032 dixit.
664 2004 728 2032 Ideo
739 2012 867 2040 namque,
886 2005 933 2037 ait,
947 2013 1001 2032 una
1014 2005 1060 2033 illa

272 2049 330 2077 dies
346 2051 466 2077 millibus
481 2051 576 2078 melior
588 2055 640 2082 est,
656 2051 719 2086 quia
732 2050 865 2079 Dominus
876 2051 923 2078 Dei
942 2052 1059 2078 Verbum

273 2096 327 2124 diei
342 2096 416 2123 illius
441 2096 482 2123 sol
501 2100 554 2123 est.
578 2095 657 2123 llunc
680 2103 745 2123 vero
762 2097 847 2124 solem
862 2097 993 2132 propheta
1018 2097 1059 2125 bis

272 2142 364 2170 verbis
380 2141 582 2169 subindicavit:
610 2141 772 2170 Timentibus
797 2148 884 2171 autem
902 2151 940 2170 me
961 2144 1061 2169 orietur

272 2189 320 2216 Sol
337 2187 470 2223 justitiaz,
488 2192 513 2215 et
530 2187 630 2214 medela
647 2188 673 2214 in
688 2188 738 2214 alis
757 2188 814 2222 ejus
831 2188 863 2214 ⁸⁸.
885 2188 953 2215 Ευιιι
972 2189 1060 2224 ipsum

270 2233 440 2270 signiﬁcabat
449 2233 496 2268 qui
511 2233 599 2260 dixit:
616 2233 650 2260 Et
667 2233 765 2260 occidet
775 2234 816 2260 sol
828 2242 906 2268 super
921 2235 1059 2268 prophetas

1112 302 1146 339 ἦν
1155 304 1190 331 τὰ
1201 304 1256 331 ἀπὸ
1263 304 1313 340 τῆς
1322 304 1493 340 Σολομῶντος
1504 305 1730 341 κατασκευῆςτώ
1744 306 1809 334 ναοῦ
1817 307 1896 344 μέχρι

1112 350 1162 385 τῆς
1172 349 1219 376 τοῦ
1231 350 1356 385 Σωτῆρος
1366 350 1445 385 ἡμῶν
1455 351 1615 387 παρουσίας,
1630 351 1647 379 ἃ
1659 353 1705 379 καὶ
1715 351 1793 385 αὖθις
1801 353 1896 389 δηλοῦ-

1114 395 1175 421 σθαι
1189 395 1308 430 ὴγοῦμαι
1323 395 1366 422 διὰ
1378 395 1426 422 τοῦ
1443 396 1492 423 πθ¹
1504 395 1612 432 ψαλμοῦ
1622 417 1629 430 ,
1651 396 1680 429 ὃς
1696 398 1898 434 ἐπιγέγραπται

1114 440 1173 475 μὲν,
1183 440 1341 474 Προσευχὴ
1350 440 1506 474 Μωῦσέως,
1520 442 1587 477 φησὶ
1600 442 1647 468 καὶ
1654 442 1766 478 προῖὼν,
1779 443 1841 470 ὀτι
1852 444 1896 478 χι-

1111 488 1163 513 .lta
1179 486 1232 520 ἔτη
1252 487 1287 513 ἐν
1307 487 1470 522 ὀφθαλμοῖς
1484 496 1542 514 σου
1555 487 1627 514 ὡσεὶ
1644 488 1740 523 ἡμέρα
1756 489 1776 523 ἠ
1798 489 1895 524 ἐχθὲς,

1112 532 1179 566 ἣτις
1193 532 1306 567 διῆλθε,
1325 533 1373 562 καί
1388 533 1509 568 φυλακὴ
1519 534 1554 560 ἐν
1565 534 1662 561 νυκτί.
1680 534 1736 570 Τῆς
1748 533 1795 562 οὖν
1810 535 1898 571 χιλιὰς

1112 580 1156 611 δος
1170 580 1277 615 ἐκείνης
1292 581 1308 615 ή
1326 581 1374 615 μία
1387 580 1479 617 ἡμέρα
1493 581 1542 616 τῆς
1558 581 1590 607 ὲκ
1607 581 1711 617 νεκρῶν
1723 582 1898 615 ἀναστάσεως

1111 625 1158 651 τοῦ
1167 626 1377 661 Σωτῆροςτήμῶν
1388 627 1537 662 προκριτέα
1546 628 1592 654 καὶ
1602 636 1670 663 προτ
1675 628 1789 664 ιμοτέρα
1797 629 1898 664 arma:

1112 680 1151 698 νει
1164 672 1202 706 τῷ
1216 672 1318 707 ταύτης
1333 672 1489 709 ἐπιθυμητῇ
1506 674 1654 709 γενομένῳ.
1669 673 1715 701 Διὸ
1727 674 1838 710 εῠχεται
1851 683 1897 702 τα-

1111 717 1191 752 χῦναι
1202 718 1251 753 τὴν
1262 719 1413 753 παρουσίαν
1425 719 1506 746 αὑτοῦ
1521 719 1620 754 λέγων·
1643 720 1710 752 ἰδὲ,
1725 722 1742 748 ὁ
1753 720 1836 754 Θεὸς,
1848 721 1896 748 καί

1111 763 1278 797 (latuisti-or
1291 765 1335 797 εὶς
1348 764 1379 791 τὸ
1392 766 1554 798 πρόσωπον
1565 765 1617 792 τοῦ
1630 765 1759 800 Χριστοῦ
1769 774 1839 798 σου,
1855 766 1899 794 ὅτι

1112 810 1262 843 κρείσσων
1275 810 1371 845 ἡμέρα
1386 812 1440 845 μία
1449 812 1485 837 ἐν
1495 811 1560 845 ταῖς
1572 812 1679 845 αὐλαῖς
1691 819 1749 841 σου
1762 812 1840 847 ὑπὲρ
1855 822 1899 847 χιξ

1111 855 1227 889 λιάδας.
1257 856 1294 882 Οὐ
1316 856 1424 888 πάντως
1438 857 1465 883 δὲ
1482 857 1669 892 πληθυντικῶς
1684 858 1830 885 ἀκουστέον
1844 858 1898 885 τῶν

1114 901 1239 936 χιλιάδων
1248 910 1255 917 ο
1272 902 1347 937 παρὰ
1360 902 1414 938 γὰρ
1434 902 1567 937 Ἐὃραίοις
1578 902 1647 938 αὕτη
1664 904 1680 938 ή
1697 902 1768 936 λέξις
1779 903 1844 938 μίαν
1857 912 1897 939 χι-

1077 931 1098 958 Β
1112 931 1189 975 λιάδα
1202 931 1338 983 σημαίνει,
1348 931 1386 979 dig
1397 931 1526 984 iuvet-11?)
1535 931 1711 984 ἐπιστήσαντι
1812 931 1896 978 ἔστὲε.

1111 994 1167 1021 Καὶ
1189 994 1338 1030 ἐπειδήπερ
1355 995 1371 1029 ὴ
1396 995 1444 1030 μία
1463 995 1554 1031 ἡμέρα
1572 996 1756 1032 προτιμοτέρα
1776 997 1837 1023 ἐστὶ
1851 996 1899 1033 τῆς

1110 1039 1227 1075 χιλιάδος
1238 1040 1266 1065 ὲν
1275 1040 1336 1071 ταῖς
1346 1039 1440 1071 αὐλαῖς
1451 1042 1511 1072 ταῖς
1522 1040 1582 1067 καθ’
1593 1041 1656 1076 ὅλης
1667 1041 1715 1076 τῆς
1724 1041 1896 1077 οἰκουμένης,

1110 1085 1154 1111 διὰ
1170 1085 1220 1120 τῆς
1240 1085 1397 1120 θεοφανεὶας
1412 1085 1458 1112 τοῦ
1475 1086 1714 1122 προφητευομένου
1729 1086 1807 1118 Θεοῦ,
1829 1087 1899 1123 ἱδρυο

1111 1131 1214 1164 θείσαις
1224 1141 1230 1148 ’
1259 1132 1303 1159 διὰ
1323 1135 1402 1161 τοῦτο
1418 1133 1464 1159 καὶ
1480 1134 1607 1169 ἀνωτέρω
1621 1133 1726 1168 ἔλεγεν·
1751 1134 1902 1162 Ἐπιποθεῖ

1110 1179 1159 1206 καὶ
1167 1179 1298 1206 ἐκλείπει
1307 1179 1327 1212 ἡ
1335 1179 1419 1213 ψυχή
1427 1188 1487 1213 μου
1495 1180 1538 1212 εὶς
1547 1179 1602 1212 τὰς
1610 1179 1707 1213 αὐλὰς
1716 1179 1769 1207 τοῦ
1777 1180 1899 1214 Κυρίου.

1110 1225 1165 1251 Καὶ
1179 1225 1260 1251 πάλιν
1277 1224 1428 1260 ἐπειδήπερ
1450 1225 1578 1260 ἀνωτέρω
1593 1225 1669 1259 ἔλεγε
1683 1226 1712 1252 τὸ
1722 1245 1729 1258 ,
1756 1225 1900 1260 Μακάριοι

1110 1271 1136 1296 οὶ
1151 1270 1361 1303 κατοικοῦντες
1373 1271 1408 1297 ἐν
1421 1270 1461 1303 τῷ
1471 1271 1543 1305 οἴκῳ
1558 1279 1617 1299 σου
1627 1290 1634 1303 ,
1648 1273 1692 1304 εὶς
1703 1271 1776 1305 τοὺς
1791 1271 1900 1305 uitii-ac

1110 1315 1169 1344 τῶν
1178 1316 1291 1343 αἰώνων
1298 1316 1456 1344 αὶγέσουσί
1466 1325 1503 1344 σε
1513 1325 1519 1332 ·
1529 1317 1614 1352 τούτῳ
1625 1317 1761 1345 πιστεύων
1770 1318 1818 1344 καὶ
1826 1318 1900 1353 ex,»

1110 1362 1164 1393 ϐὡς
1188 1362 1369 1397 πεπεισμένος
1385 1362 1470 1398 ἀληθῆ
1488 1360 1557 1389 εἶναι
1575 1363 1621 1389 τὸν
1641 1362 1734 1397 λόγον,
1756 1362 1802 1390 διὰ
1821 1363 1900 1390 τοῦτό

1111 1417 1180 1444 φημι
1192 1416 1198 1423 -
1223 1408 1426 1443 Ἐεελεξάμην
1438 1408 1702 1442 παραρῤιπτεῖσθαι
1715 1410 1751 1436 ὲν
1771 1408 1813 1442 τῷ
1829 1409 1900 1441 οἴκῳ

1110 1454 1162 1481 τοῦ
1178 1453 1251 1481 Θεοῦ
1259 1463 1318 1488 μου
1335 1454 1455 1488 μᾶλλον
1465 1463 1472 1470 ν
1492 1454 1524 1481 ἵν’
1536 1456 1564 1481 ὲν
1579 1454 1618 1490 τῷ
1631 1455 1698 1490 οἴκῳ
1710 1454 1758 1481 τοῦ
1769 1454 1839 1482 Θεοῦ
1851 1454 1899 1487 ὣν,

1110 1499 1230 1534 δύνωμαι
1247 1500 1287 1530 εἰς
1300 1500 1362 1531 τοὺς
1372 1500 1472 1531 αἰῶνας
1485 1500 1539 1525 τῶν
1552 1499 1657 1527 αἰώνων
1668 1501 1753 1527 αίνεῖν
1765 1500 1812 1527 τὸν
1821 1500 1897 1527 Θεόν.

1110 1545 1218 1572 Μᾶλλον
1233 1546 1261 1572 δὲ
1275 1545 1438 1581 ἐξελεξάμην
1454 1545 1548 1581 ὥσπερ
1564 1546 1614 1581 τὴν
1631 1545 1696 1580 μίαν
1709 1546 1818 1583 ἡμέραν
1830 1545 1901 1582 ὑπὲρ

1111 1592 1161 1624 τὴν
1187 1591 1294 1626 χιλιάδα
1305 1611 1312 1623 ,
1329 1591 1400 1618 οὕτω
1425 1591 1470 1617 τὸν
1492 1589 1565 1618 οἷκον
1581 1591 1628 1617 τοῦ
1643 1591 1728 1624 Θεοῦ,
1748 1592 1810 1627 ἥτις
1825 1592 1899 1618 ἐστὶν

1117 1637 1264 1672 Ἐκκλησία
1273 1638 1339 1664 Θεοῦ
1349 1637 1458 1670 ζῶντος,
1471 1637 1565 1669 στῦλος
1573 1639 1621 1665 καὶ
1630 1637 1770 1674 ἑδραίωμα
1777 1638 1829 1674 τῆς
1835 1637 1901 1674 ἁλη-

1112 1683 1187 1714 θείας
1199 1704 1205 1715 ,
1234 1684 1334 1718 μᾶλλον
1355 1684 1370 1718 ἢ
1393 1685 1476 1710 οἰκεῖν
1495 1684 1524 1710 ὲν
1545 1683 1652 1715 πολλοῖς
1670 1685 1833 1719 σκηνώμασι
1846 1684 1899 1711 τῶν

1110 1729 1289 1764 ἁμαρτωλῶν.
1320 1730 1473 1764 Μιμήματα
1490 1730 1544 1765 γὰρ
1570 1729 1624 1755 τῶν
1647 1730 1834 1765 σκηνωμάτων
1852 1729 1898 1757 ἐυῦ

1111 1775 1177 1801 Θεοῦ
1192 1784 1238 1801 και
1251 1776 1274 1801 οἱ
1291 1776 1445 1810 ἁμαρτωλοὶ
1459 1776 1572 1807 ἑαυτοὺς
1586 1776 1809 1803 κατεσκεύασαν·
1833 1776 1900 1803 ἀλλὰ

1111 1820 1144 1847 τὰ
1161 1820 1210 1855 μὲν
1229 1821 1274 1847 τοῦ
1289 1820 1356 1847 Θεοῦ
1370 1821 1501 1857 ἀγαπητὰ
1514 1822 1661 1857 τυγχάνει,
1680 1822 1775 1857 μίσους
1791 1822 1820 1849 δὲ
1836 1823 1899 1856 ἄξια

1110 1865 1144 1892 τὰ
1154 1865 1207 1892 τῶν
1221 1866 1398 1901 ἁμαρτωλῶν.
1414 1867 1475 1894 ’Ότι
1484 1868 1570 1901 ἕλεος
1581 1867 1630 1894 καὶ
1642 1867 1788 1901 ἀλήθειαν·
1799 1867 1900 1903 ἀγαπᾷ

1110 1912 1217 1948 Κύριος
1237 1913 1254 1938 ό
1274 1912 1361 1945 Θεὸς,
1380 1912 1469 1946 χάριν
1482 1913 1531 1939 καὶ
1554 1913 1648 1945 δόξαν
1669 1912 1758 1940 δώσει
1778 1914 1896 1948 Κύριος.

1117 1958 1189 1984 Ἀντὶ
1200 1958 1257 1990 τοῦ,
1274 1958 1337 1984 Ὅτι
1350 1958 1438 1986 ἔλεον
1452 1960 1501 1986 καὶ
1512 1959 1656 1992 ἀλήθειαν
1665 1959 1765 1994 ἀγαπᾷ
1778 1959 1897 1995 Κύριος,

1111 2004 1125 2029 6
1145 2004 1258 2036 Ἀκύλας
1275 2005 1371 2040 φησὶν,
1388 2005 1447 2032 Ὅτι
1465 2005 1552 2038 ἕλεος
1571 2006 1621 2034 καὶ
1637 2006 1741 2040 θυρεὸς
1757 2007 1868 2040 Κύριος
1882 2008 1900 2034 ὁ

1112 2050 1182 2083 Θεός
1192 2059 1198 2065 ·
1217 2051 1264 2077 καὶ⁵
1279 2052 1295 2086 ή
1311 2051 1422 2087 πέμπτη
1437 2051 1559 2084 ἐκδοσις,
1578 2053 1643 2079 Ὅτι
1665 2052 1751 2086 ἣλιος
1764 2053 1816 2079 καὶ
1831 2061 1900 2080 cme-

1111 2095 1230 2129 παστὴς
1242 2097 1349 2130 Κύριος
1364 2098 1380 2124 ὀ
1395 2098 1466 2129 Θεός
1476 2105 1482 2112 ·
1498 2097 1545 2123 καὶ
1561 2098 1575 2124 ὁ
1588 2097 1735 2133 Σύμμαχος
1750 2097 1779 2124 δὲ
1794 2097 1900 2130 τούτοις

1112 2142 1281 2176 συμφώνως,
1299 2142 1460 2176 Ὅτιῆλιον
1478 2143 1526 2178 (l),
1544 2143 1739 2178 ὼνόμασε.Διὰ
1747 2143 1898 2180 τοῦτογὰρ,

1112 2187 1210 2221 φησιν,
1225 2187 1316 2223 ἐκείνη
1334 2188 1350 2222 ἡ
1370 2188 1419 2223 μία
1435 2188 1526 2223 ἡμέρα
1540 2189 1674 2224 κρείσσων
1687 2188 1746 2215 ἐστὶ
1761 2188 1898 2224 χιλιάδων,

1112 2234 1259 2270 ἐπειδήπερ
1283 2234 1363 2265 αὐτὸς
1381 2236 1395 2260 ὁ
1414 2234 1515 2269 Κύριος
1535 2235 1549 2261 ὁ
1569 2234 1615 2261 τοῦ
1632 2234 1700 2261 Θεοῦ
1717 2235 1804 2274 Λόγος
1825 2235 1898 2271 ἥλιος

270 2280 316 2316 qui
329 2287 421 2307 errare
446 2280 548 2314 faciunt
561 2279 687 2314 populum
710 2287 795 2306 meum
809 2279 848 2313 ";
864 2280 993 2315 [apertius
1010 2289 1060 2308 au—

1113 2281 1240 2315 τυγχάνει
1257 2281 1306 2315 τῆς
1323 2281 1428 2316 ἡμέρας
1441 2281 1557 2317 ἐκείνης.
1585 2281 1685 2308 Τοῦτον
1697 2281 1725 2309 δὲ
1742 2282 1790 2308 καὶ
1805 2283 1820 2309 6
1832 2290 1899 2318 προ-

270 2331 323 2353 tem
339 2326 435 2358 Isaias,
452 2325 513 2353 Non
528 2325 578 2352 erit
596 2325 644 2351 tibi
670 2325 710 2352 sol
725 2326 751 2351 in
766 2326 848 2352 lucem
865 2326 933 2357 diei,
955 2326 1060 2360 inquit,

269 2371 315 2400 sed
328 2373 380 2399 erit
396 2373 443 2400 tibi
460 2372 587 2404 Dominus
601 2372 648 2401 lux
665 2372 835 2406 sentpilerua,
850 2377 875 2399 et
894 2372 962 2399 Deus
975 2373 1062 2408 gloria

270 2423 317 2445 tua
327 2418 360 2446 θ’.
379 2418 446 2446 Cum
460 2419 521 2450 talis
538 2419 579 2446 sol
593 2418 725 2446 Dominus
740 2419 776 2446 sit
790 2439 797 2452 ,
818 2419 935 2454 gratiam
957 2422 985 2445 et
1001 2419 1060 2453 glo-

269 2465 339 2492 riam
364 2472 396 2492 ac
417 2465 498 2493 etiam
515 2465 583 2500 quid
603 2466 778 2500 praestantius
793 2468 819 2492 et
836 2464 949 2496 melius,
976 2468 1059 2500 atque

271 2510 406 2538 ineﬂ'ahile
433 2516 460 2538 et
486 2511 657 2539 reconditum
677 2511 777 2538 bonum
794 2511 870 2538 dabit
894 2510 927 2538 iis
943 2511 989 2545 qui
1004 2518 1063 2537 am-

270 2556 366 2583 bulant
380 2556 406 2582 in
424 2556 598 2590 innocentia;
614 2557 653 2584 siv
664 2565 678 2584 e
700 2556 849 2584 secundum
870 2555 1062 2591 Symmachum

270 2602 365 2638 (Vsus.
379 2602 432 2636 15),
445 2603 477 2629 iis
493 2604 537 2637 qui
554 2603 691 2630 ambulant
710 2603 736 2630 in
748 2603 916 2637 perfectione.
939 2602 1003 2629 ldco
1019 2602 1061 2629 di-

270 2647 322 2674 ctis
345 2646 424 2674 [idem
442 2646 559 2679 habens,
588 2654 621 2674 ac
641 2648 726 2682 probe
748 2655 897 2682 persuasus
926 2654 988 2674 vera
1017 2647 1062 2673 illa

270 2700 342 2725 esse,
352 2693 392 2720 sic
404 2699 557 2720 sermonem
565 2694 662 2721 claudo
675 2704 681 2720 :
701 2693 812 2721 Domine
822 2694 958 2725 uirtutum,
970 2693 1060 2719 beatus

271 2738 346 2766 homo
359 2739 405 2773 qui
418 2743 505 2772 sperat
522 2739 549 2765 in
567 2744 600 2765 te.
618 2739 685 2767 Nam
709 2740 733 2767 si
755 2740 817 2775 quis
834 2740 914 2766 aliter
932 2747 947 2766 a
969 2740 1061 2766 multis

270 2784 368 2813 beatus
383 2784 496 2817 dicitur;
516 2784 568 2819 ipsi
580 2792 645 2812 sane
664 2785 732 2812 falsa
747 2785 886 2813 beatitudo
903 2786 1059 2813 ascribilur.

1115 2326 1202 2361 φήτης
1218 2326 1262 2352 τὸν
1276 2326 1351 2360 ἥλιον
1364 2326 1485 2361 ᾐνίττετο
1499 2327 1602 2361 φήσας⁸
1632 2326 1695 2360 Τοῖς
1705 2327 1740 2354 δὲ
1753 2327 1898 2363 φοϐουμέ-

1115 2378 1222 2405 νοις-με
1230 2371 1475 2403 ἀνατεἬλεῐλιος
1486 2371 1681 2406 δικαιοσύνης
1688 2392 1696 2404 ,
1708 2372 1759 2400 καὶ
1773 2372 1856 2406 ἴασις
1865 2373 1900 2400 ἐν

1113 2416 1177 2449 ταῖς
1192 2416 1334 2450 πτέρυξιν
1349 2417 1452 2444 αὑτοῦ.
1467 2417 1518 2444 Τὸν
1531 2417 1612 2444 αὑτὸν
1621 2417 1649 2444 δὲ
1665 2417 1759 2453 ἐδήλου
1773 2417 1822 2445 καὶ
1836 2419 1852 2445 6
1867 2419 1899 2444 εί-

1114 2461 1181 2488 πών·
1194 2463 1249 2489 Καὶ
1260 2463 1383 2489 δύσεται
1394 2463 1516 2496 (Villia;
1525 2463 1574 2490 ἐπὶ
1584 2463 1654 2497 τοὺς
1663 2463 1819 2498 προφήτας
1829 2463 1899 2497 τοὺς

1114 2508 1291 2541 πλανῶν-τας
1301 2509 1353 2535 τὸν
1360 2511 1436 2536 λαόν
1444 2518 1517 2544 μου·
1529 2510 1694 2545 γυμνότερον
1702 2510 1732 2537 δὲ
1747 2512 1762 2537 ὸ
1775 2510 1896 2542 Ἡσαΐας,

1111 2556 1171 2581 Οὐκ
1187 2555 1271 2582 ἔσται
1281 2564 1331 2582 σοι
1346 2557 1362 2582 ὁ
1377 2555 1463 2589 ἥλιος
1476 2558 1517 2589 είς
1530 2556 1592 2590 φῶς
1606 2556 1660 2591 τῆς
1673 2557 1796 2591 ἡμέρας,
1807 2558 1895 2593 φησὶν,

1113 2602 1181 2628 ἀλλ’
1200 2601 1285 2628 ἔσται
1304 2609 1353 2628 σοι
1374 2603 1481 2636 Κύριος
1497 2602 1560 2636 φῶς
1576 2602 1712 2636 αἰώνιον,
1728 2603 1778 2630 καὶ
1796 2605 1814 2630 ὁ
1828 2603 1897 2636 Θεὸς

1113 2647 1187 2678 δόξα
1201 2655 1268 2675 σου.
1284 2648 1408 2679 Τοιοῦτος
1419 2648 1446 2675 δὲ
1459 2648 1533 2684 ἣλιος
1549 2648 1586 2675 ὢν
1600 2649 1614 2675 ὁ
1628 2649 1739 2685 Κύριος,
1757 2649 1837 2686 χάριν
1851 2649 1896 2676 καὶ

1113 2692 1191 2726 δόξαν
1208 2694 1255 2720 καὶ
1269 2694 1310 2720 ἔτι
1330 2694 1392 2729 μεῖζ
1396 2703 1424 2721 ον
1442 2695 1488 2721 καὶ
1504 2696 1626 2729 κρεῖττον
1638 2715 1645 2727 ,
1663 2696 1782 2731 ἄρῥητόν
1799 2704 1830 2722 τε
1851 2695 1896 2722 καὶ

1114 2740 1268 2775 ἀπόρρητον
1288 2740 1389 2774 ἀγαθὸν
1410 2740 1489 2767 δώσει
1506 2743 1561 2773 τοῖς
1578 2742 1770 2778 πορευομένοις
1783 2742 1813 2770 ὲν
1828 2742 1894 2769 ἀκα-

1115 2786 1175 2821 κίᾳ.’
1193 2787 1209 2822 ἥ
1227 2787 1296 2815 κατὰ
1312 2787 1357 2814 τὸν
1374 2787 1530 2823 Σύμμαχον,
1551 2788 1614 2822 Τοῖς
1626 2787 1786 2816 ὁδεύουσιν
1803 2788 1838 2817 ἐν
1853 2795 1894 2815 res

310 2862 332 2878 ³⁸
352 2862 468 2890 Malach.
485 2869 523 2894 Iv,
539 2862 567 2889 2.
606 2862 628 2878 "
648 2861 732 2890 Mich.
748 2869 798 2895 In,
817 2862 844 2891 6.
882 2863 904 2879 ⁸⁸
924 2863 976 2890 lsa.
997 2871 1029 2890 LX
1042 2883 1048 2894 ,
1069 2863 1111 2890 l9.

313 2921 350 2959 (i)
371 2920 441 2949 Vera
457 2920 538 2949 lectio
552 2925 593 2949 est
609 2921 713 2953 Ἤλιος,
728 2923 814 2954 trum.
