2032 3215
153 221 221 251 1017

695 226 945 258 COMMENTARIA
965 228 997 256 IN
1017 229 1184 258 PSALMOS.

1272 198 1345 246 ’δίί

1713 238 1775 266 1018

152 284 292 318 λειότητι.
318 284 367 310 Διὰ
387 284 465 311 τοῦτο
481 286 615 313 πιστεύων
630 287 687 318 τοῖς
700 288 855 323 εἰρημένοις
866 309 873 321 ,
894 289 933 316 κα¹

994 289 1058 323 Sed,
1071 295 1101 318 ut
1110 298 1175 319 vere
1191 290 1309 324 dicatur,
1325 293 1400 322 solus
1417 294 1462 322 ille
1474 294 1570 323 beatus
1582 296 1626 323 cui
1638 303 1722 332 supra
1733 298 1776 325 di-

152 329 273 366 ἀκρισῶς
285 331 403 365 ἐμαυτὸν
416 331 512 363 πείσας
523 332 634 368 ἀληθεῖς
648 330 716 360 εἶναι
730 334 793 365 τοὺς
807 335 870 369 περὶ
883 335 941 362 τού-

151 384 205 402 των
229 375 341 411 λόγους,
358 377 434 409 τέλος
451 377 498 404 τοῦ
524 378 624 410 παντὸς
640 378 719 413 λόγου
737 380 820 415 φημί·
851 382 946 415 Κύριε,

152 421 211 447 τῶν
227 422 381 456 δυνάμεων
394 443 401 455 ,
419 423 564 457 μακάριος
585 426 601 450 ὁ
620 424 773 458 ἅνθρωπος
787 427 802 451 ὁ
815 426 939 455 ἐλπίζων

151 468 199 495 ἐπὶ
213 468 259 495 σέ.
284 469 341 500 Πᾶς
356 469 409 505 γὰρ
423 471 437 495 ὁ
450 469 535 501 ἄλλως
549 471 622 506 παρὰ
639 473 693 502 τοῖς
708 472 812 503 πολλοῖς
828 481 940 507 μακαρι-

151 514 263 550 ζόμενος
279 516 492 551 πεπλανημένως
505 516 537 543 ἂν
554 518 739 553 μακαρίζοιτο.
759 519 846 550 Μόνος
862 519 900 551 δὲ,
915 520 938 545 εί

151 561 202 596 χρὴ
220 561 322 597 τάληθῆ
345 563 443 596 φάναι,
463 564 595 598 μακάριος
612 564 655 590 διὰ
677 564 711 591 τὰ
727 565 937 600 προλελεγμένα,

149 606 186 637 ὡς
203 606 237 632 ἂν
252 607 360 632 πάντων
377 607 429 633 τῶν
445 608 554 642 ἀγαθῶν
569 609 693 644 ἓμπλεος,
711 610 724 635 ὅ
739 618 779 635 σοι
795 610 867 645 μόνῳ
882 611 939 636 ἐαυ-

149 651 193 677 τδν
209 651 379 687 ἀναρτήσας,
398 654 444 679 καὶ
466 653 555 685 πάσας
576 655 671 681 ἑαυτοῦ
689 655 738 686 τὰς
756 655 864 686 ἐλπίδας
881 657 938 686 ταῖς

151 697 224 733 παρὰ
238 699 278 724 σοὶ
292 699 467 732 ἐπαγγελίαις
481 700 598 732 ἁναυείς.
626 701 694 736 Ἤδη
711 701 738 726 δὲ
754 701 843 736 τρίτον
858 702 885 727 ἐν
902 701 939 736 τῷ

150 744 262 779 παρόντι
274 744 372 779 ψαλμῷ
387 746 540 781 μακαρίσας
550 747 563 772 ὁ
574 747 652 781 λόγος
662 748 725 778 τοὺς
736 748 939 783 ἑμᾳερομένους

149 789 176 814 tu
192 788 277 823 αὐτῷ,
292 789 416 824 οὐδαμῶς
431 790 477 816 τοῦ
493 791 626 817 Ἰουδαίων
634 792 804 825 ἕθνους,ξουδὲ
821 792 866 818 τοῦ
890 793 938 818 Ἰσ-

150 835 217 870 ραὴλ
234 836 445 871 ἐμνημόνευσεν,
462 838 521 863 οὐδὲ
535 838 596 869 τοὺς
614 838 647 864 τὰ
657 839 795 870 Μωῦσέως
805 839 838 865 δι’
851 839 938 874 ἔργων

148 881 372 916 ἁποπληροῦντας
386 883 552 918 ὲμακάρισεν
563 893 570 898 ·
589 884 657 910 ἀλλὰ
671 884 778 919 πρῶτον
792 886 840 919 μὲν
857 886 937 911 καθό-

147 927 192 953 λου
203 928 266 960 τοὺς
280 929 473 962 κατοικοῦντας
485 932 513 957 ὲν
527 931 564 965 τῷ
578 931 644 966 οἴκῳ
656 931 700 956 τοῦ
712 931 777 956 Θεοῦ
787 940 793 945 ·
812 931 937 967 δεύτερον

147 975 235 1001 πάντα
252 975 336 1011 ἄνδρα
350 973 380 1002 οὗ
397 977 469 1002 ἐστιν
483 976 624 1011 ἀντίληψις
637 977 709 1011 αὑτῴ
728 977 803 1012 παρὰ
817 978 918 1012 Κυρίου
929 987 935 993 '

990 342 1034 364 cla
1054 341 1230 373 competunt,
1255 339 1389 374 siquidem
1416 341 1475 376 ipse
1499 343 1626 371 omnibus
1655 344 1776 379 repletur

989 381 1080 414 bonis.
1090 383 1137 418 qui
1153 390 1214 411 sese
1228 383 1276 411 tibi
1289 384 1339 412 soli
1350 385 1530 419 concredidit,
1546 391 1686 423 totamque
1698 396 1776 424 spem

990 428 1018 454 in
1033 428 1175 462 promissis
1195 430 1249 457 tuis
1264 430 1399 465 deposuit.
1416 432 1483 458 Cum
1510 441 1590 467 porro
1606 434 1632 460 in
1648 436 1775 469 prazsenti

991 473 1095 506 psalmo
1110 473 1165 507 jam
1185 475 1264 502 tertio
1282 476 1352 503 beati
1369 478 1506 511 pmdieati
1520 478 1619 506 fuerint
1634 480 1651 506 ii
1669 481 1702 508 de
1713 481 1774 516 qui—

991 519 1040 546 hus
1056 528 1155 552 sermo,
1171 522 1245 548 nulla
1263 521 1382 551 Judaicze
1403 525 1491 559 gentis
1508 526 1549 552 vel
1571 525 1677 553 lsraelis
1702 527 1773 554 facta

990 565 1092 592 mentio
1108 570 1165 598 est;
1188 575 1277 602 neque
1291 569 1372 595 etiam
1390 577 1438 597 ens
1453 571 1499 604 qui
1525 576 1658 606 prmeepta
1674 572 1775 608 Moysis

989 612 1110 638 exsecuti
1130 617 1193 640 sunt
1205 613 1298 641 beatos
1314 616 1489 649 praedicavit:
1512 617 1559 644 sed
1578 618 1665 651 primo
1692 626 1773 653 gene-

991 657 1068 683 ratim
1083 665 1130 685 eos
1145 659 1190 693 qui
1207 659 1331 687 habitant
1354 661 1381 687 in
1400 661 1480 689 domo
1496 662 1541 690 Dei
1555 671 1562 696 ;
1581 664 1701 691 secundo
1717 672 1775 691 0m—

991 710 1050 729 ncm
1068 703 1204 732 hominem
1220 706 1263 732 cui
1280 711 1322 733 est
1338 708 1470 735 auxilium
1491 716 1505 735 a
1522 708 1653 743 Domino;
1680 717 1710 736 ac
1727 710 1775 737 de-

990 757 1063 775 mum
1080 750 1106 776 in
1122 750 1174 778 line
1194 753 1339 785 sermonisl
1356 754 1497 781 indeﬁnite
1516 759 1542 782 et
1555 757 1703 790 generatim
1718 765 1776 784 0m-

990 804 1051 822 neni
1069 796 1205 825 hominem
1228 799 1254 825 in
1273 799 1415 828 Dominum
1439 807 1604 836 sperantem.
1622 803 1688 830 Nam
1712 812 1774 830 cum

990 841 1080 870 futura
1104 842 1150 870 Dei
1174 846 1317 879 priesentia
1351 851 1377 874 et
1405 847 1507 875 Christi
1524 848 1557 875 ad
1586 850 1710 877 homines
1725 850 1773 876 ad-

989 894 1086 916 ventus
1102 892 1313 919 anmmtiaretur
1325 913 1332 925 ,
1349 901 1403 920 non
1418 893 1518 922 Iudicis
1531 899 1647 928 tantum,
1662 896 1708 923 sed
1719 905 1775 923 om-

989 934 1069 961 nibus
1083 936 1165 963 etiam
1184 937 1341 966 hominibus
1359 939 1541 968 beatitudines
1558 942 1629 975 illas,
1643 950 1702 977 quae
1727 950 1774 977 pe-

989 988 1037 1007 nes
1054 981 1137 1009 Deum
1153 988 1227 1016 sunt,
1243 986 1398 1012 annuntiari
1415 989 1545 1022 oportuit.

147 1022 193 1053 7.9).
210 1023 256 1048 ἐπὶ
272 1024 343 1050 τέλει
362 1024 408 1050 τοῦ
444 1025 543 1055 παντὸς
570 1025 648 1058 λόγου
683 1025 814 1060 ἀορίστως
847 1027 893 1051 καὶ
912 1027 1063 1061 καθολικῶς
1086 1031 1173 1057 πάντα
1199 1032 1341 1068 ἄνθρωπον
1365 1034 1409 1060 τὸν
1431 1034 1574 1066 ἐλπίζοντα
1595 1036 1641 1061 ἐπὶ
1661 1036 1771 1071 Κύριον.

146 1069 222 1104 Χρῆν
243 1070 296 1105 γὰρ
317 1072 477 1105 ἐπιφανείας
497 1072 563 1098 Θεοῦ
583 1073 628 1098 καὶ
648 1072 765 1108 Χριστοῦ
788 1074 935 1107 παρουσίας

955 1076 993 1107 εἰς
1010 1076 1169 1112 ἀνθρώπους
1199 1081 1452 1118 καταγγελλομένης
1471 1082 1508 1118 μὴ
1529 1083 1661 1114 Ἰουδαίοις
1684 1084 1761 1119 μόνον

146 1115 211 1141 ἀλλά
228 1118 275 1142 καὶ
289 1118 355 1144 πᾶσι
368 1120 423 1149 τοῖς
437 1118 589 1154 ἀνθρώποις
604 1120 665 1150 τους
680 1120 754 1155 παρᾶ
764 1121 801 1156 τῷ
813 1121 871 1156 Θεῷ
885 1125 1076 1159 μακαρισμους
1092 1126 1325 1161 ἀναγγελίζεσϐαι.

163 1196 216 1222 ΕΙΣ
234 1197 354 1232 ΤΕΛΟΣ,
371 1198 448 1230 ΤΟΙΣ
464 1198 555 1226 ΥΙΟΙΣ
571 1198 664 1227 ΚΟΡΕ
680 1201 837 1228 ΨΑΛΜΟΣ.
857 1202 919 1228 ΠΔ¹.

992 1206 1017 1234 Ι.
1035 1206 1070 1235 ΙΝ
1088 1207 1203 1241 FINEM,
1224 1209 1325 1246 πιμιε
1338 1210 1431 1239 CORE
1449 1211 1772 1240 PSALMUS.LXEXIV.

179 1275 374 1310 Εὺδόκησας,
387 1278 489 1311 Κύριε,
507 1277 565 1311 τὴν
581 1277 640 1312 γῆν
654 1285 712 1305 σου
722 1298 729 1311 ,
744 1277 937 1312 ἀπέστρεψας

143 1322 200 1355 τὴν
216 1323 428 1357 αἰχμαλωσίαν
447 1322 554 1351 Ἰακώϐ.
582 1323 747 1355 ’Δκολούθως
759 1323 798 1359 τῷ
811 1324 864 1359 πρὸ
879 1324 938 1351 τού-

142 1377 188 1395 ¹οου
205 1368 307 1404 ψαλμῷ
324 1369 393 1405 μετὰ
412 1369 461 1405 τὴν
476 1371 504 1396 ὲν
518 1370 616 1405 ὲκείνῳ
633 1369 824 1398 θεσπισθεῖσαν
840 1371 938 1405 θεοφά-

142 1423 216 1442 νειαν
230 1415 259 1441 ἐν
269 1414 309 1450 τῷ
320 1415 388 1450 μετὰ
402 1417 495 1451 χεῖρας
506 1416 600 1443 κακῶν
612 1416 758 1452 ἀπαλλαγὴ
771 1417 936 1452 προφητεύε-

142 1470 198 1494 ται,
218 1462 265 1488 καὶ
281 1461 414 1497 λύτρωσις
430 1462 479 1498 μὲν
496 1462 683 1498 αἰχμαλωσίας
694 1482 703 1494 ,
720 1462 894 1499 συγχώρησις
907 1463 936 1489 δὲ

143 1508 191 1535 καὶ
202 1507 301 1541 ἄφεσις
313 1508 530 1543 ἁμαρτημάτων.
558 1508 658 1535 Εἰπετο
672 1508 726 1544 γὰρ
740 1507 826 1535 ταῦτα
837 1509 870 1544 τῇ
887 1507 934 1535 τοῦ

142 1553 210 1581 Θεοῦ
223 1554 265 1585 είς
279 1552 439 1589 ἀνθρώπους
455 1554 592 1590 παρουσίᾳ
604 1574 612 1587 ,
628 1555 675 1581 καὶ
690 1556 746 1586 τοῖς
760 1555 863 1587 λοιποῖς
878 1556 935 1587 τοῖς

142 1599 187 1625 ἐπὶ
200 1598 241 1634 τῷ
256 1598 310 1634 πρὸ
320 1598 414 1626 τούτου
428 1599 527 1635 ψαλμῷ
539 1599 743 1635 δεδηλωμένοις.
761 1600 867 1639 Ἐπειδὴ
879 1600 934 1635 γὰρ

142 1645 171 1671 ὲν
196 1645 294 1681 ἐκείνῳ
321 1644 488 1681 σκηνώματα
508 1645 576 1672 Θεοῦ
599 1645 710 1672 πλεῖστα
725 1647 772 1673 καὶ
791 1646 871 1673 αὐλαὶ
886 1647 934 1674 καὶ

143 1690 321 1726 θυσιαστήρια
334 1690 380 1716 ὲπὶ
392 1690 441 1726 τῆς
452 1690 504 1725 γῆς
514 1690 671 1723 ὲθεσπίζετο
683 1691 874 1727 συστήσεσθαι,
886 1691 933 1723 καὶ

141 1735 172 1762 τὸ
184 1735 289 1762 τούτων
305 1735 390 1762 αἴτιον
406 1735 471 1767 Θεὸς
485 1733 520 1771 ἦν
533 1736 637 1771 μέλλων
655 1737 702 1763 ἐπὶ
716 1738 766 1773 γῆς
779 1738 931 1772 φαίνεσθαι,

141 1781 188 1813 καὶ
195 1781 326 1816 ὀνομαστὶ
333 1781 450 1816 Χριστὸς
459 1779 493 1817 ἦν
502 1781 723 1818 ὲπιϐλεπόμενος·
734 1783 843 1818 ἐλέγετο
851 1784 915 1818 γοῦν
923 1793 930 1800 ο

148 1826 327 1860 Ὀφοήσεται
341 1828 357 1853 ὀ
369 1827 440 1860 Θεὸς
451 1827 511 1854 τῶν
529 1826 605 1856 θεῶν
618 1828 653 1856 ἐν
668 1828 758 1856 Σιών·
773 1830 819 1856 καὶ
832 1830 911 1858 πάλιν
922 1839 929 1846 ο

148 1872 313 1907 Ἐπίφανον
332 1873 381 1899 ἐπὶ
404 1873 437 1900 τὸ
458 1864 622 1907 πρόσωπονῖ
634 1875 688 1902 τοῦ
708 1876 837 1911 Χριστοῦ
855 1885 928 1904 σου’
944 1860 966 1891 C

142 1918 254 1950 εἰκότως
270 1919 298 1945 ὲν
315 1918 353 1954 τῷ
373 1920 547 1956 προκειμένῳ
559 1920 660 1956 ψαλμῷ
674 1920 708 1948 τὰ
727 1912 857 1957 μέλλοντα
871 1922 930 1949 ἐσε-

142 1965 203 1992 σθαι
217 1964 278 1992 καθ’
293 1965 357 2000 ὅλης
370 1965 420 2001 τῆς
438 1966 492 1992 τῶν
507 1966 658 2003 ἀνθρώπων
669 1967 831 2003 οἰκουμένης
846 1977 930 2004 προα-

140 2012 313 2046 ναφωνεῖται.
332 2012 366 2038 ’Δ
379 2011 411 2047 δὴ
429 2012 477 2038 καὶ
491 2012 669 2048 πεπλήρωται
684 2013 730 2042 ἐπὶ
749 2014 797 2049 τῆς
809 2013 856 2041 τοῦ
870 2014 928 2040 Σω-

139 2056 224 2092 τῆρος
238 2056 318 2092 ἡμῶν
331 2057 493 2092 παρουσίας,
504 2058 564 2084 καθ’
574 2057 608 2093 ἢν
621 2058 765 2095 εὐδόκησεν
777 2060 792 2086 ὁ
801 2059 867 2091 Θεὸς
879 2067 930 2086 κα-

138 2101 277 2134 ταξιώσας
294 2103 380 2138 αὐτὴν
400 2103 449 2139 τῆς
467 2104 621 2136 ἐπιϐάσεως
639 2104 686 2132 τοῦ
700 2105 817 2141 Χριστοῦ
834 2105 928 2135 αὑτοῦ.

140 2146 228 2180 Πάλαι
244 2147 292 2183 μὲν
305 2147 359 2183 γὰρ
372 2147 464 2183 εἴρητο
477 2147 515 2183 τῷ
533 2148 749 2183 πρωτοπλάστῳ·
767 2148 813 2182 Γῆ
826 2148 863 2181 εἴ,
879 2148 929 2175 καί

139 2193 181 2226 εὶς
191 2192 250 2228 γῆν
259 2193 424 2229 ὰπελεύσῃ,
436 2193 492 2226 καὶ,
507 2193 765 2227 Ἐπικατάρατοςή
776 2194 814 2229 γῆ
822 2194 857 2221 ἐν
867 2193 929 2227 τοῖς

139 2238 236 2272 ἔργοις
249 2245 308 2265 σου
318 2246 324 2253 ·
354 2239 401 2265 καὶ
414 2238 492 2270 ἄλλος
508 2237 655 2273 προφητῶν
671 2237 762 2271 ἔλεγεν
773 2246 780 2252 ·
801 2238 865 2272 Ἀρὰ
879 2237 929 2265 καὶ

138 2283 232 2317 ⁴φόνος
252 2282 301 2309 καὶ
315 2282 445 2317 ψεῦδος,
461 2282 509 2309 καὶ
525 2282 625 2316 κλοπὴ
640 2282 688 2308 καὶ
704 2282 824 2316 μοιχεία
838 2282 927 2321 κέχυ-

139 2336 185 2355 ται
199 2327 250 2354 ἐπὶ
265 2327 320 2361 τῆς
336 2327 408 2362 γῆς·
435 2327 484 2354 καὶ
502 2327 611 2362 αἵματα
622 2327 668 2361 ἐφ’
684 2327 789 2362 αἵμασι
801 2327 928 2362 μίσγου-

139 2381 190 2405 σιν
200 2382 206 2388 ·
231 2373 274 2405 Ὠς
286 2373 314 2399 δὲ
328 2373 458 2409 ἐπεδήμει
473 2374 506 2408 τῇ
519 2374 554 2409 γῇ
572 2373 586 2399 ὀ
599 2373 662 2405 Υἱὸς
673 2373 720 2400 τοῦ
734 2373 816 2406 Θεοῦ,
835 2374 882 2402 καὶ
897 2375 928 2401 τὸ

137 2419 192 2446 ἀπὸ
207 2418 259 2454 γῆς
274 2418 353 2454 σῶμα
365 2419 533 2455 ἀνελάμϐανε
544 2428 551 2434 ·
572 2419 706 2455 μεταϐολὴ
721 2419 862 2456 προτέρων
876 2420 929 2454 ἐγί-

139 2474 217 2501 γνετο
228 2465 320 2493 κακῶν
330 2486 337 2498 ,
350 2466 397 2492 καὶ
410 2466 440 2492 τὺ
455 2466 509 2493 πᾶν
525 2465 575 2505 τῆς
588 2466 639 2502 γῆς
651 2467 780 2501 στοιχεῖον
800 2466 860 2492 ἀντὶ
879 2466 928 2501 τῆς

139 2512 273 2549 προτέρας
287 2512 357 2550 ἀρᾶς
370 2511 495 2546 εὐλογίας
511 2511 578 2538 Θεοῦ
595 2511 812 2548 μετελάμϐανεν,
830 2511 928 2546 ἐκκλη-

139 2557 195 2587 σίαι
215 2566 245 2584 τε
265 2557 314 2584 καὶ
334 2555 401 2584 οἶκοι
424 2556 464 2592 τῷ
480 2556 539 2592 Θεῷ
555 2557 764 2593 προσευκτήριοι
787 2556 847 2583 καθ’
863 2556 926 2592 ὅλης

137 2602 187 2638 τῆς
199 2603 361 2638 οἰκουμένης
380 2603 546 2631 συνίσταντο.
580 2604 626 2630 Διδ
644 2603 691 2630 νῦν
716 2603 765 2639 μὲν
785 2602 924 2630 λέλεκται·

139 2648 316 2683 Εὐδόκησας
326 2670 334 2682 ,
346 2649 435 2683 Κύριε
446 2669 454 2682 ,
477 2649 533 2684 τὴν
549 2649 609 2684 γῆν
622 2657 680 2677 σου
692 2659 699 2665 σ
719 2651 747 2677 ὲν
764 2649 871 2685 ἑτέροις
885 2649 924 2682 δὲ,

139 2695 245 2728 Κύριος
257 2695 470 2727 ἐϐασίλευσεν,
486 2695 701 2730 ἀγαλλιάσεται
714 2696 733 2730 ἡ
746 2695 798 2730 γῆ,
816 2697 862 2722 καὶ
875 2696 926 2722 πά-

138 2740 179 2767 λιν
188 2749 194 2755 ·
209 2742 321 2776 ’ᾼσατε
332 2740 371 2774 τῷ
383 2741 481 2775 Κυρίῳ
494 2740 577 2769 πᾶσα
588 2742 607 2776 ἡ
621 2741 667 2777 γῆ.
685 2742 804 2773 Εἰκότως
816 2739 863 2769 οὖν
878 2742 925 2769 καὶ

139 2787 220 2814 αὑτοῦ
236 2788 360 2815 λέλεκται
376 2787 422 2814 τοῦ
437 2787 539 2823 Κυρίου
552 2788 568 2823 ή
583 2788 619 2823 γῆ
630 2811 635 2818 ,
648 2787 719 2814 κατὰ
732 2788 761 2814 τὸ
771 2808 779 2819 ,
791 2787 925 2821 Εὺδόιιη-

140 2841 207 2867 σας,
215 2834 313 2867 Κύριε,
322 2834 379 2867 τὴν
388 2833 446 2868 γῆν
453 2840 521 2861 σου.
532 2834 569 2860 Οὐ
582 2833 660 2868 μόνον
670 2833 723 2867 γὰρ
732 2833 833 2868 κτίσμα
841 2832 923 2859 αὐτοῦ

141 2879 188 2906 καὶ
196 2879 312 2915 ποίημα,
325 2880 392 2906 ἀλλὰ
402 2879 449 2906 καὶ
461 2879 554 2914 κτῆμα
565 2879 659 2914 γέγονε
668 2879 712 2906 διὰ
720 2879 753 2906 τὰ
764 2879 922 2914 λελεγμένα.

1024 1274 1109 1304 Vsus.
1124 1276 1152 1305 2.
1169 1277 1343 1311 Benedixisti,
1356 1278 1478 1312 Domine,
1490 1284 1588 1306 terram
1599 1283 1683 1311 tuum,
1700 1287 1774 1305 arer-

989 1321 1046 1348 iisti
1061 1323 1239 1357 captivitatem
1265 1323 1360 1352 Jacob.
1391 1324 1537 1360 Postquam
1558 1324 1585 1352 in
1611 1324 1773 1360 praecedenti

988 1366 1095 1401 psalmo
1112 1367 1160 1396 Dei
1176 1368 1310 1396 adventus
1324 1370 1524 1404 praenuntiatus
1546 1369 1653 1401 fuerat,
1674 1376 1772 1396 conse-

987 1417 1105 1447 quenter
1116 1413 1145 1440 in
1165 1413 1218 1442 hoc
1231 1415 1336 1449 ereptio
1353 1423 1368 1442 a
1384 1415 1473 1447 malis.
1487 1423 1593 1443 necnon
1605 1415 1772 1450 captivitatis

987 1458 1178 1491 solntio.venia
1185 1468 1293 1496 quoque
1301 1465 1327 1489 et
1338 1462 1462 1490 remissio
1471 1465 1644 1497 peccatorum
1653 1462 1774 1496 praedici-

986 1507 1040 1531 tur.
1056 1503 1118 1532 Haec
1130 1505 1229 1540 quippe
1239 1507 1331 1534 omnia
1344 1506 1389 1534 Dei
1398 1508 1431 1534 ad
1441 1507 1566 1535 homines
1581 1507 1727 1535 adventum
1744 1511 1772 1535 et

985 1549 1124 1584 reliquain
1133 1551 1266 1584 superiori
1281 1552 1386 1586 psalmo
1400 1553 1540 1580 enuntiata
1566 1552 1771 1587 subsequeban-

985 1597 1040 1621 tur.
1053 1593 1120 1628 Quia
1132 1595 1205 1622 enim
1217 1595 1245 1622 in
1256 1595 1302 1623 illo
1313 1596 1397 1623 multa
1410 1596 1458 1624 Dei
1470 1597 1728 1630 tabernacula,atria
1743 1602 1771 1625 et

985 1639 1080 1666 altaria
1089 1639 1117 1667 in
1132 1644 1206 1668 terra
1218 1642 1410 1669 constituenda
1420 1649 1482 1670 esse
1491 1642 1650 1677 praedictum
1664 1642 1770 1677 fuerat;

984 1684 1136 1720 horumque
1151 1690 1248 1713 auctor
1267 1686 1338 1715 Deus
1351 1691 1411 1715 erat
1421 1687 1456 1715 ad
1479 1687 1603 1716 homines
1617 1692 1748 1717 venturus
1761 1708 1769 1721 .

984 1738 1017 1758 ac
1031 1732 1193 1760 nominatim
1204 1725 1333 1761 Christus
1343 1733 1389 1761 hic
1405 1734 1629 1769 conspiciendus,
1644 1734 1716 1762 unde
1728 1735 1770 1762 di-

983 1778 1109 1811 cebatur,
1121 1778 1257 1807 Videbitur
1268 1779 1336 1807 Deut
1347 1780 1457 1808 deorum
1470 1781 1496 1808 in
1512 1780 1597 1814 Sion;
1614 1789 1646 1808 ac
1659 1789 1768 1814 rursus,

983 1824 1088 1858 Appare
1118 1824 1152 1852 ad
1174 1825 1268 1860 [aciem
1294 1825 1395 1853 Christi
1422 1826 1484 1853 tui:
1498 1826 1561 1861 jure
1584 1826 1611 1853 in
1644 1827 1769 1861 praesenti

981 1869 1087 1904 psalmo
1102 1877 1162 1906 quae
1172 1878 1221 1905 per
1237 1874 1322 1898 totum
1344 1871 1437 1898 orbem
1456 1871 1546 1898 futura
1564 1875 1629 1898 sunt
1642 1879 1770 1906 praenun-

981 1916 1094 1945 tianlur.
1124 1915 1189 1952 Qum
1215 1924 1281 1944 sane
1307 1917 1336 1943 in
1364 1917 1481 1944 adventu
1501 1916 1656 1945 Servatoris
1680 1917 1767 1944 nostri

980 1961 1114 1995 completa
1128 1965 1192 1988 sunt
1209 1970 1215 1988 :
1234 1970 1289 1996 quo
1303 1961 1433 1996 placitum
1443 1961 1498 1990 Deo
1514 1962 1564 1989 fuit
1578 1968 1677 1990 terram
1686 1962 1768 1989 Libri-

980 2006 1014 2034 sti
1030 2006 1072 2033 sui
1092 2006 1166 2037 aditu
1181 2006 1299 2042 dignari.
1322 2006 1462 2042 Siquidem
1480 2007 1543 2034 olim
1558 2007 1646 2042 primo
1661 2007 1769 2043 parenti

979 2053 1082 2081 dictum
1099 2052 1206 2085 fuerat:
1224 2052 1307 2080 Terra
1320 2061 1359 2087 es,
1375 2058 1399 2080 et
1417 2054 1445 2079 in
1465 2058 1563 2080 terram
1579 2055 1714 2081 reverteris
1729 2054 1768 2090 διε

979 2103 1015 2130 et,
1031 2096 1177 2126 Maledicta
1202 2102 1274 2125 terra
1298 2098 1326 2125 in
1351 2097 1472 2133 operibus
1498 2098 1550 2126 tui:
1573 2099 1611 2133 ";
1642 2099 1770 2136 aliusque

980 2144 1112 2180 propheta
1124 2143 1192 2171 dicit
1207 2153 1214 2171 :
1231 2143 1405 2171 Maledictum
1419 2148 1444 2171 et
1458 2144 1542 2172 ccede;
1561 2149 1586 2172 et
1599 2145 1765 2173 mendacth

978 2195 1003 2219 et
1016 2190 1117 2225 furtum
1134 2194 1159 2217 et
1170 2190 1331 2217 adulterium
1341 2191 1426 2225 effusa
1438 2195 1500 2218 sunt
1515 2199 1593 2225 super
1605 2196 1703 2219 terram
1713 2201 1723 2219 :
1739 2198 1764 2220 at

978 2237 1133 2272 sanguinem
1160 2237 1287 2272 sanguine
1313 2237 1421 2264 miscent
1435 2237 1477 2263 ωε
1497 2237 1543 2265 ubi
1565 2242 1655 2265 autem
1677 2237 1764 2266 Filius

978 2280 1026 2309 Dei
1043 2282 1233 2318 peregrinatus
1249 2286 1291 2309 est
1316 2282 1344 2309 in
1356 2285 1446 2314 terra.
1459 2286 1652 2317 terrenumque
1664 2290 1766 2318 corpus

979 2329 1138 2365 assumpsit.
1154 2329 1275 2363 priorum
1293 2329 1426 2356 malorum
1447 2329 1601 2355 immutatio
1616 2328 1687 2356 facta
1702 2333 1762 2362 est,

980 2378 1121 2410 totumque
1134 2378 1213 2402 terrae
1230 2374 1394 2403 elementum
1406 2393 1413 2406 ,
1438 2374 1497 2401 loco
1511 2374 1635 2409 pristinae
1649 2374 1764 2402 maledi-

979 2421 1089 2453 ctionis,
1103 2420 1322 2448 benedictionem
1339 2420 1466 2447 sortitum
1477 2424 1530 2453 est,
1546 2427 1579 2448 ac
1598 2420 1722 2448 ecclesia:
1737 2426 1765 2449 et

979 2467 1098 2495 oratoria
1110 2467 1165 2494 Deo
1180 2475 1227 2503 per
1235 2471 1321 2495 totum
1333 2468 1425 2494 orbem
1434 2467 1582 2494 constituta
1591 2471 1665 2495 sunt.
1675 2467 1766 2501 Quare

976 2513 1033 2549 jam
1050 2514 1160 2546 dicitur,
1171 2513 1334 2541 Benedixisti
1346 2534 1353 2546 ,
1376 2513 1497 2546 Domine,
1514 2518 1611 2540 terram
1626 2518 1699 2540 tuam
1721 2513 1765 2547 ⁸⁵ς

980 2560 1007 2588 in
1022 2560 1083 2588 aliis
1098 2568 1174 2592 vero,
1189 2560 1327 2594 Dominus,
1339 2560 1466 2595 regnavit,
1479 2559 1623 2588 exsultabit
1638 2564 1709 2587 terra
1723 2560 1763 2593 ";

980 2613 1012 2633 ac
1026 2613 1147 2637 rursum,
1162 2605 1274 2633 Cantate
1288 2605 1411 2638 Domino,
1425 2605 1509 2632 omnia
1525 2609 1598 2632 terra
1606 2604 1639 2631 “.
1669 2604 1766 2632 Merito

979 2651 1072 2686 itaque
1086 2651 1171 2686 ipsius
1183 2650 1290 2678 Domini
1305 2658 1366 2679 esse
1389 2655 1461 2679 terra
1478 2650 1579 2678 dicitur
1593 2650 1645 2678 hoc
1660 2650 1742 2677 modo
1755 2659 1762 2679 :

979 2698 1155 2730 Benedixiati.
1169 2698 1291 2730 Domine,
1309 2702 1407 2725 terram
1420 2703 1503 2726 tuam.
1518 2698 1577 2726 Non
1595 2698 1667 2726 enim
1686 2697 1764 2733 opill-

978 2745 1051 2772 cium
1062 2745 1204 2777 duntaxat.
1214 2745 1262 2773 sed
1272 2744 1355 2772 etiam
1369 2745 1507 2780 possessio
1518 2745 1579 2781 ejus
1590 2745 1661 2772 facta
1675 2749 1718 2772 est
1728 2744 1766 2774 oh

978 2791 1075 2818 allatas
1090 2792 1216 2827 superius
1227 2799 1335 2819 causas.

193 2956 213 2972 "
234 2955 299 2985 Gen.
318 2964 363 2991 ui,
381 2956 424 2986 l9.
463 2957 484 2973 “
504 2956 571 2985 ibid.
590 2956 631 2984 17.
671 2957 693 2973 ⁸³
711 2956 775 2986 Ose.
794 2965 831 2993 ιγ,
845 2957 873 2986 ‘2.
910 2957 933 2974 “
952 2956 1025 2989 Psal.
1040 2965 1156 2993 uuiv,
1173 2957 1201 2987 2.
1240 2959 1262 2976 "
1285 2958 1477 2994 Psal.xcv1,.‘l.
1516 2958 1538 2976 "
1557 2957 1629 2988 Psal.
1648 2964 1710 2991 xcv,
1730 2955 1758 2995 ι,
