2032 3215
144 205 213 235 lilii

710 195 964 235 couurEN'rAmA
984 205 1017 233 IN
1036 205 1206 234 PSALMOS.

1272 183 1328 234 ⁶⁶⁵ί

1706 209 1775 238 1’02!

181 264 286 296 Δεῖξον
307 263 392 300 ἡμῖν,
406 264 506 299 Κύριε,
523 264 558 292 τὸ
574 263 661 298 ἔλεός
677 273 736 293 σου
753 266 801 293 καὶ
821 267 855 293 τὸ
875 274 933 294 σω-

1020 266 1104 295 Vens.
1122 267 1149 294 8.
1171 266 1284 295 Ostende
1305 268 1398 302 nobis,
1421 269 1549 303 Domine,
1565 269 1776 299 misericordiam

147 311 250 346 τήριόν
265 319 323 338 σου
334 311 412 345 δῴης
428 311 509 346 ἡμῖν.
523 312 582 338 Ἔτι
599 312 646 339 καὶ⁵
662 312 749 340 ταῦτα
760 314 774 339 ὁ
787 313 935 349 Προφήτης

145 357 266 393 εὖχεται,
281 357 410 384 ἱκετεύων
426 357 626 393 καταξιωθῆναι
639 358 685 386 καὶ
697 359 777 390 αὐτὸς
788 359 935 395 ὀφθαλμοῖς

147 403 318 438 παραλαϐεῖν
334 403 369 430 τὰ
382 404 511 439 μέλλοντα
528 404 636 431 ἔσεσθαι
657 405 701 432 διὰ
717 405 763 432 τοῦ
782 405 873 437 ἐλέους
888 405 934 432 τοῦ

144 447 225 480 Θεοῦ,
238 447 256 475 ἃ
267 448 299 483 δὴ
309 449 339 475 ἐν
351 450 407 481 τοῖς
419 449 548 485 ἀνωτέρω
557 450 768 485 προεφητεύετο.
781 450 937 486 Παρακαλεῖ

145 493 175 523 δὲ
191 494 240 521 καὶ
258 493 308 529 τῆς
320 493 367 520 τοῦ
390 494 509 529 Χριστοῦ
526 496 566 527 είς
585 495 744 531 ἀνθρώπους
761 497 935 532 ὲπιλάμψεως

144 540 257 575 τυχεῖν,
280 540 324 567 διὰ
351 540 399 567 τοῦ
420 541 551 575 φάσκειν·
574 542 627 569 Καὶ
645 543 678 570 τὸ
705 543 854 578 σωτήριόν
877 551 934 571 σου

146 585 226 619 64mg-
238 585 322 621 ἡμῖν.
336 586 435 621 Σαφῶς
450 587 478 614 δὲ
498 588 529 614 τὸ
549 589 683 624 σωτήριον
706 590 787 616 αὐτὸν
807 587 876 616 εἶναι
890 590 935 616 τὸν

147 632 264 668 Χριστὸν
294 632 412 666 ἐδίδαξεν
428 634 442 660 ὁ
470 633 582 669 Συμεὼν
607 635 636 660 ὲν
662 637 717 667 τοῖς
743 636 933 669 Εὑαγγελίοις-

145 677 235 707 λαϐὼν
249 678 315 712 γοῦν
334 679 403 714 μετὰ
417 681 511 715 χεῖρας
526 679 566 706 ἔτι
581 681 677 716 νήπιον
692 681 754 708 ὅντα
764 681 809 708 τὸν
821 682 933 717 Ἰησοῦν,

145 721 206 753 εἶπε
216 732 224 739 ·
244 724 310 753 Νῦν
320 725 466 759 ἀπολύεις
480 726 534 752 τὸν
558 726 672 753 δοῦλόν
692 735 750 754 σου
761 747 768 758 ,
785 727 934 760 δέσποτα,

145 769 221 796 κατὰ
244 769 298 796 τὸν
318 771 412 806 λόγον
435 779 493 798 σου
522 772 557 798 ἐν
576 771 690 806 εἰρήνῃ.
717 773 776 799 Ὅτι
805 771 888 800 εἶδον
909 775 935 800 οἱ

145 816 294 850 ὀφθαλμοί
317 825 377 851 μου
391 816 425 844 τὸ
442 817 594 852 Σωτήριόν
615 826 684 845 σου.
708 819 793 846 Τοῦτο
808 818 854 846 οὖν
870 821 936 847 αὐτὸ

147 863 195 893 καὶ
211 862 226 888 ό
242 863 391 899 Προφήτης
404 863 468 890 ίδεῖν
487 863 596 899 εὔχεται
607 873 613 880 ’
630 865 670 891 διό
690 874 772 902 φησιν
793 868 806 893 ὁ
821 867 915 902 Σωτήρ
927 875 933 882 ·

146 908 258 941 Πολλοί
275 908 424 943 προφῆται
441 910 491 937 καί
502 910 608 937 δίκαιοι
623 912 816 946 ἐπεθύμησαν
826 912 901 939 ίδεῖν
915 913 935 939 ἆ

146 954 233 990 ὑμεῖς
246 955 390 988 ,ϐλέπε-τε,
407 955 455 982 καί
469 957 525 984 οὐκ
543 954 634 984 εἶδον.
652 958 827 993 Ἀκούσομαι
842 958 871 985 τί
880 960 934 985 λα-

143 1000 235 1034 λήσει
245 1001 280 1028 ἐν
289 1001 354 1036 ἐμοὶ
367 1002 476 1035 Κύριος
486 1003 502 1029 ὁ
517 1002 599 1036 Θεὸς,
612 1003 657 1030 ὅτι
667 1003 795 1037 λαλήσει
809 1003 934 1038 εἰρήνην

143 1046 194 1075 ἐπὶ
213 1046 268 1074 τὸν
277 1046 354 1074 λαὸν
366 1048 469 1080 αὑτοῦ,
491 1048 540 1075 καί
554 1049 603 1075 ἐπὶ
620 1050 691 1082 τοὺς
713 1050 819 1083 ὁσίους
829 1050 932 1082 αὑτοῦ,

145 1093 194 1122 καί
215 1093 265 1121 ἐπὶ
282 1094 353 1128 τοὺς
369 1094 605 1130 ἐπιστρέφοντας
626 1096 764 1131 καρδίαν.
778 1097 935 1133 Εὐξάμενος

144 1139 159 1166 ὁ
169 1136 325 1176 Προφήτης,
339 1141 372 1175 τῇ
385 1141 473 1176 σιωπῇ
488 1141 584 1167 ἑαυτὸν
595 1142 773 1177 παραδίδωσι,
785 1143 934 1175 πιστεύσας

145 1184 485 1221 ὲπακουσθήσεσθαι.Ε¹ίτα
501 1187 689 1222 προσδοκήσας
704 1188 877 1224 ἀποκρίσεως
888 1199 935 1216 τυ-

145 1233 202 1272 χεῖν
226 1240 309 1267 φησιν
332 1232 412 1264 αὐτὸς
433 1232 502 1268 πρὸς
524 1233 619 1260 αὐτόν·
639 1233 679 1260 Τά
709 1234 758 1270 μὲν
779 1235 829 1270 τῆς
851 1235 934 1271 εὐχῆς

147 1286 192 1318 μοι
204 1276 317 1308 τοιαῦτα
335 1278 430 1312 γέγονε
439 1287 446 1293 ·
460 1279 555 1314 καιρὸς
568 1279 596 1305 δὲ
613 1279 704 1306 λοιπὸν
719 1280 871 1308 ἐπακοῦσαι
886 1281 933 1308 τοῦ

145 1322 224 1356 ἀγίου
237 1322 409 1358 Πνεύματος,
430 1324 476 1350 καὶ
504 1324 599 1359 μαθεῖν
618 1325 683 1361 παρ’
697 1326 779 1352 αὐτοῦ
795 1326 821 1353 τί
842 1327 934 1362 μέλλοι

146 1366 284 1399 θεσπίζειν
301 1368 424 1404 περὶτῆς
438 1369 550 1405 εἰρήνης
561 1370 608 1396 τοῦ
619 1371 683 1397 λαοῦ
697 1372 790 1404 αὐτοῦ,
809 1374 856 1400 καὶ
871 1374 934 1409 περὶ

145 1413 199 1440 τῶν
220 1414 371 1449 μελλόντων
387 1415 432 1442 διὰ
445 1416 492 1442 τοῦ
513 1416 630 1452 Χριστοῦ
648 1417 730 1444 αὑτοῦ
749 1419 932 1454 ἐπιστρέφειν.

146 1457 213 1493 Εἶτα
228 1459 314 1496 βραχύ
326 1461 544 1497 τιὲφησυχάσας,
559 1462 709 1498 πληροῦται
720 1463 766 1490 τοῦ
777 1464 934 1500 Πνεύματος

144 1506 191 1537 τοῦ
209 1506 293 1539 θείου,
320 1507 368 1534 καὶ
392 1508 558 1543 προφητεύει
581 1509 645 1544 ἑξῆς
671 1506 722 1536 ὥδὲ
746 1519 804 1542 πως
832 1510 931 1545 λέγων·

145 1550 232 1586 Πλὴν
243 1551 333 1586 ἐγγὺς
343 1551 402 1579 τῶν
410 1552 604 1587 ⁴ςσοϐουεμένιιιν
621 1553 714 1581 αὐτὸν
736 1554 769 1581 τὸ
786 1554 935 1589 σωτήριον

987 318 1071 346 tuam,
1082 318 1107 341 et
1117 313 1237 341 salutare
1247 319 1321 341 tuum
1332 315 1368 341 da
1383 316 1468 344 nobis.
1486 316 1536 345 llic
1546 317 1627 345 etiam
1636 317 1775 352 Propheta

987 360 1126 395 precando
1142 360 1258 393 insistit,
1274 364 1304 388 ut
1322 361 1380 397 ipse
1393 369 1502 398 quoque
1514 363 1615 399 dignus
1629 363 1773 396 habeatur,

986 407 1032 441 qui
1045 414 1076 434 ea
1099 415 1159 442 quae
1171 415 1221 442 per
1233 407 1451 435 misericordiam
1468 408 1514 436 Dei
1527 414 1675 441 eventura.
1700 416 1775 445 quaa-

986 459 1039 486 que
1051 456 1131 480 aulea
1145 453 1326 488 praenuntiata
1339 459 1414 487 sunt,
1429 455 1515 483 oculis
1529 455 1671 491 percipiat.
1686 454 1775 491 Rogat

986 498 1049 525 item
1065 501 1094 525 ut
1109 498 1269 532 splendendi
1294 499 1368 527 illius
1394 498 1495 527 Christi
1516 500 1549 527 ad
1572 500 1697 528 homines
1723 499 1774 527 ad-

986 548 1084 571 ventus
1099 544 1157 580 ipse
1173 551 1287 572 consors
1297 544 1440 577 etliciatur,
1455 553 1516 572 cum
1531 546 1585 578 ait,
1602 545 1636 572 Et
1655 544 1774 573 salttum

987 595 1060 617 tuum
1075 590 1110 617 da
1122 591 1208 618 nobis.
1226 590 1351 619 Salutare
1366 595 1456 620 autem
1474 592 1541 619 illud
1557 591 1697 620 Christum
1712 600 1775 621 csse

987 638 1059 666 clare
1074 638 1154 666 docet
1168 638 1195 665 in
1211 638 1366 675 Evangeliis
1378 638 1490 667 Simeon
1504 648 1510 666 :
1527 639 1585 674 qui,
1602 638 1666 667 Jesu
1685 639 1774 667 adhuc

987 685 1091 713 infante
1106 686 1133 712 in
1150 685 1223 713 ulnis
1241 689 1365 721 accepto,
1380 685 1448 712 dixit
1463 695 1470 713 :
1491 685 1570 713 Num:
1586 685 1698 713 dimittis
1718 693 1774 713 ser-

987 740 1046 758 vum
1076 737 1171 763 tuum,
1197 731 1327 763 Domine,
1352 731 1495 759 secundum
1520 732 1626 759 verbum
1642 737 1716 759 mum
1746 732 1774 758 in

985 786 1057 812 pace.
1074 777 1144 811 Quia
1163 778 1282 805 viderunt
1304 777 1375 805 oculi
1404 778 1453 804 mei
1483 778 1602 805 salutare
1630 782 1706 805 tuum
1738 777 1772 805 ".

986 823 1104 858 ldipsum
1129 822 1223 850 videre
1242 827 1369 858 peroptat
1384 822 1521 858 Propheta
1538 832 1544 850 :
1571 823 1633 851 ideo
1649 822 1775 850 Salvator

986 870 1034 900 ait,
1048 868 1128 895 Multi
1144 869 1276 903 prophetis
1287 875 1313 896 et
1322 869 1391 904 justi
1406 869 1542 896 coluerunt
1557 869 1642 896 videre
1656 877 1715 904 qua
1729 877 1774 896 vos

986 913 1089 946 videtis,
1104 918 1129 940 et
1144 922 1195 941 non
1208 913 1326 941 uiderunt
1341 914 1376 941 ¹¹¹.
1388 929 1421 933 -
1434 912 1517 941 Vens.
1534 913 1561 940 9.
1580 913 1695 940 Audiam
1710 914 1774 949 quid

986 961 1106 996 loquetur
1127 961 1155 987 in
1172 968 1212 986 nte
1240 960 1368 987 Dominus
1390 959 1481 991 Deus,
1503 960 1627 994 quoniam
1653 960 1774 995 loquetur

984 1015 1074 1041 pacem
1089 1007 1116 1034 in
1129 1007 1228 1041 plebem
1238 1015 1326 1039 suam,
1337 1011 1361 1034 et
1383 1007 1410 1033 in
1435 1011 1540 1033 sanctos
1556 1015 1617 1033 suos
1633 1010 1658 1033 et
1685 1007 1712 1033 in
1728 1015 1772 1034 eos

984 1054 1029 1088 qui
1042 1058 1228 1082 convertuntur
1241 1053 1328 1080 corde.
1343 1052 1490 1088 Postquam
1505 1056 1632 1088 precatus
1651 1057 1693 1080 est
1706 1052 1774 1079 Pro-

986 1099 1083 1135 pheta,
1110 1105 1203 1127 certus
1227 1107 1256 1127 se
1283 1099 1483 1127 exaudiendum
1508 1107 1586 1131 esse,
1614 1099 1724 1126 silentio
1743 1107 1773 1126 sc

985 1145 1079 1174 tradit.
1098 1145 1169 1172 Hinc
1183 1146 1248 1173 dum
1264 1145 1471 1180 responsionem
1486 1148 1638 1180 exspectat,
1658 1152 1719 1173 sese
1731 1145 1772 1172 sic

986 1191 1134 1226 alloquitur
1150 1200 1157 1218 :
1175 1190 1248 1218 Talis
1276 1190 1327 1218 fuit
1355 1192 1476 1226 precatio
1501 1198 1577 1224 mea;
1594 1190 1649 1226 jam
1666 1195 1773 1226 tempus

985 1239 1028 1264 est
1042 1241 1073 1264 ut
1089 1235 1221 1272 Spiritum
1249 1240 1375 1265 sanctum
1391 1236 1518 1269 audiam,
1543 1240 1570 1265 et
1591 1237 1626 1264 ab
1651 1237 1698 1264 illo
1716 1236 1774 1264 edi-

985 1290 1072 1316 scam,
1089 1282 1155 1317 quid
1171 1282 1205 1310 de
1219 1289 1286 1318 pace
1309 1283 1400 1318 populi
1425 1283 1467 1311 sui
1498 1287 1525 1310 et
1552 1282 1586 1310 de
1602 1282 1636 1310 iis
1649 1282 1696 1318 qui
1725 1290 1774 1318 per

985 1329 1125 1357 Christum
1154 1337 1235 1357 suum
1263 1329 1439 1357 convertendi
1465 1332 1545 1361 sunt,
1575 1329 1772 1357 vaticinaturus

986 1375 1032 1403 sit.
1053 1374 1155 1403 Deinde
1180 1382 1245 1402 vero
1269 1379 1414 1410 postquam
1447 1375 1557 1409 paulum
1591 1374 1715 1403 substitit
1745 1378 1773 1402 et

985 1420 1098 1456 quievit,
1132 1419 1235 1456 Spiritu
1263 1419 1356 1448 divino
1394 1420 1528 1455 repletur;
1569 1425 1596 1447 et
1633 1420 1686 1447 sub
1715 1419 1773 1447 haec
1818 1433 1825 1439 -

986 1467 1155 1503 prophetiam
1178 1466 1233 1495 edit
1254 1466 1298 1494 his
1313 1466 1423 1495 verbis:
1442 1482 1475 1487 ——
1492 1465 1574 1494 Vens.
1601 1466 1643 1500 19.
1663 1465 1773 1493 Verum-

987 1518 1074 1540 tamen
1090 1520 1169 1547 prope
1184 1513 1303 1540 timentes
1318 1520 1378 1539 eum
1395 1513 1513 1540 salutare
1522 1512 1617 1547 ipsius,
1630 1516 1658 1539 ut
1669 1511 1774 1539 inhabi.

987 1563 1022 1586 tet
1035 1559 1122 1595 gloria
1144 1559 1171 1586 in
1187 1564 1257 1586 terra
1283 1563 1384 1587 nostra.
1401 1558 1450 1587 His
1464 1562 1554 1588 autem
1568 1559 1689 1587 declarat
1701 1558 1774 1593 jam-

145 1597 249 1630 αὑτοῦ,
267 1592 321 1625 τοῦ
337 1598 570 1633 κατασκηνῶσαι
585 1599 678 1630 δόξαν
689 1599 723 1626 ἐν
739 1599 776 1634 τῇ
786 1599 825 1634 γῇ
840 1600 933 1635 ἡμῶν·

986 1592 1045 1640 iani
1056 1604 1235 1633 adventurum
1255 1604 1413 1639 hominibus
1436 1612 1499 1633 esse
1523 1604 1644 1632 salutare
1666 1592 1724 1636 Dei,
1738 1604 1774 1632 de

146 1642 300 1681 Ηαρίστησι
317 1644 345 1673 δὲ
359 1643 403 1671 διὰ
415 1644 528 1677 τούτων,
544 1645 606 1671 ὅσον
622 1645 727 1672 οὐδέπω
746 1645 852 1681 μέλλειν
875 1647 935 1672 ἐπι-

147 1690 293 1725 στήσεσθαι
306 1689 460 1726 ἀνθρώποις
474 1689 505 1716 τὺ
521 1691 653 1726 σωτήριον
666 1690 711 1717 τοῦ
732 1690 809 1722 Θεοῦ,
822 1692 886 1728 περὶ
903 1688 934 1717 οὗ

146 1736 275 1772 ἀνωτέρω
301 1735 402 1772 ηὔξατο
419 1735 516 1763 εἰπών·
541 1735 645 1768 Δεῖξον
669 1735 757 1770 ἡμῖν,
774 1737 876 1770 Κύριε,
901 1737 934 1763 τὸ

145 1782 232 1815 ἔλεός
246 1789 314 1814 σου,
326 1781 376 1809 καὶ
389 1782 422 1808 τὸ
437 1781 584 1815 σωτήριόν
599 1789 657 1808 σου
669 1780 748 1816 δῴης
767 1782 847 1817 ἡμῖν.
865 1782 936 1809 Αὐτὸ

146 1827 178 1864 δὴ
194 1825 242 1855 οὖν
259 1827 339 1854 τοῦτό
357 1837 422 1865 φησι
440 1828 470 1854 τὸ
490 1829 627 1865 Σωτήρων
641 1827 759 1863 ἔγγιστα
781 1829 934 1864 τυγχάνειν,

146 1873 193 1900 καὶ
217 1873 331 1909 πλησίον
350 1874 400 1909 ήδη
414 1873 460 1900 καὶ
479 1874 562 1908 ἐγγὺς
583 1873 638 1900 τῶν
658 1873 832 1909 φοὸουμένων
855 1874 935 1901 αὐτὸν

146 1917 228 1954 εἶναι,
240 1919 327 1948 αἴτιον
348 1919 469 1955 ὑπάρχον
487 1919 534 1947 τοῦ
559 1920 770 1956 κατασκηνῶσαι
789 1919 866 1952 δόξαν
889 1920 935 1946 καὶ

147 1965 315 2002 σκηνώματα
342 1966 474 2002 συστῆσαι
489 1967 519 1992 ὲν
533 1968 566 2002 τῇ
584 1968 619 2002 γῇ
641 1966 728 2002 ἡμῶν.
747 1966 827 1998 Ἕθος
850 1966 879 1992 δὲ
901 1967 934 2002 τῇ

147 2005 208 2049 θεία
227 2012 323 2048 Γραφῇ
339 2012 385 2039 τὸν
408 2013 524 2048 Χριστὸν
539 2012 586 2039 τοῦ
603 2012 670 2039 Θεοῦ
689 2013 823 2048 σωτήριον
835 2012 935 2048 ὀνομά-

148 2057 214 2092 ζειν,
232 2058 362 2090 πολλάκις
386 2059 430 2086 διὰ
446 2059 550 2087 πολλῶν
575 2059 766 2094 ἀπεδείξαμεν.
782 2060 815 2086 Ὃ
836 2058 869 2094 δὴ
890 2059 937 2085 καὶ

146 2103 194 2137 νῦν
213 2103 349 2137 θεσπίζων
370 2105 384 2131 ό
410 2104 498 2139 λόγος,
519 2105 637 2142 παρίστη
654 2105 787 2132 διδάσκων
806 2105 866 2131 ἀντὶ
887 2104 936 2138 τῆς

148 2150 282 2187 προτέρας
296 2151 409 2186 ἀτιμίας
420 2152 469 2186 τῆς
484 2151 554 2178 κατὰ
566 2151 614 2187 τὴν
629 2150 851 2186 εἰδωλολατρείαν
870 2150 937 2176 ὑπο-

149 2196 251 2232 στάσης
274 2197 303 2223 ὲν
319 2197 351 2235 τῇ
366 2198 401 2235 γῇ
420 2196 498 2230 δόξαν
509 2198 538 2224 ὲν
558 2197 626 2232 αὐτῇ
642 2195 874 2232 κατασκηνώσειν,
888 2195 936 2221 καὶ

149 2242 317 2280 σκηνώματα
335 2243 473 2279 πανταχοῦ
502 2243 553 2278 γῆς
578 2242 768 2279 ἱδρυθήσεσθαι
791 2242 870 2278 δόξης
886 2242 936 2277 τῆς

986 1659 1041 1687 quo
1061 1651 1188 1686 superius
1200 1651 1258 1679 haec
1272 1651 1436 1687 precabatur
1451 1659 1458 1677 :
1476 1650 1591 1679 Ostende
1610 1650 1696 1684 nobis,
1715 1649 1772 1677 Do-

986 1697 1065 1728 mine,
1085 1696 1293 1725 misericordiam
1308 1702 1392 1729 tuam,
1406 1702 1431 1725 et
1449 1696 1566 1724 salutare
1582 1701 1656 1723 tuum
1671 1696 1707 1723 da
1727 1704 1775 1722 no-

986 1743 1036 1771 bis.
1046 1743 1102 1771 Hoc
1112 1744 1200 1779 ipsum
1212 1741 1394 1778 salutare'jam
1405 1743 1559 1778 proximum
1582 1750 1644 1770 esse
1655 1741 1776 1770 declarat

986 1797 1018 1818 ac
1034 1790 1153 1817 vicinum
1166 1790 1324 1817 timentibus
1341 1797 1421 1821 eum.
1442 1789 1588 1825 ipsumque
1604 1796 1696 1817 veram
1713 1796 1774 1817 esse

985 1842 1097 1862 causam
1114 1843 1165 1862 cur
1189 1835 1275 1870 gloria
1298 1834 1431 1862 inhabitet
1454 1838 1481 1861 et
1500 1834 1676 1861 tabernacula
1690 1836 1774 1868 ponat

987 1882 1015 1908 in
1036 1885 1108 1909 terra
1120 1885 1224 1909 nostra.
1242 1880 1271 1908 Id
1285 1884 1375 1908 autem
1389 1880 1474 1908 moris
1486 1887 1548 1907 esse
1571 1879 1719 1914 Scriptum
1735 1878 1775 1906 di-

987 1928 1066 1960 vinae,
1082 1931 1112 1954 ut
1126 1927 1264 1954 Christum
1278 1926 1325 1954 Dei
1348 1926 1470 1954 salutare
1488 1931 1638 1960 nuncupet.
1652 1933 1724 1960 saepe
1746 1929 1774 1953 et

987 1974 1111 2009 pluribus
1124 1973 1374 2009 comprobavimus.
1390 1971 1469 2005 Quod
1489 1979 1555 2000 sane
1581 1972 1632 1998 hoc
1656 1971 1682 1999 iu
1703 1972 1773 1999 vati—

986 2018 1060 2045 cinio
1082 2017 1247 2048 declaratur.
1263 2016 1368 2044 scilicet
1379 2016 1440 2043 loco
1455 2015 1554 2051 prioris
1570 2015 1698 2046 infamiae.
1713 2021 1774 2050 qua

987 2063 1147 2091 idololatriae
1170 2069 1293 2098 tempore
1316 2062 1343 2089 in
1366 2066 1439 2089 terra
1463 2061 1633 2093 versabatur,
1659 2060 1774 2095 gloriam

987 2109 1086 2137 ibidem
1104 2101 1300 2139 habitaturam,
1311 2111 1339 2135 et
1352 2107 1529 2134 tabernacula
1540 2106 1636 2142 gloriae
1657 2105 1713 2133 Deo
1726 2113 1775 2141 per

987 2155 1171 2191 evangelicam
1185 2154 1338 2182 doctrinam
1354 2153 1515 2185 referendas.
1527 2153 1628 2188 ubique
1640 2157 1775 2180 terrarum

989 2202 1094 2238 ﬁgenda
1117 2209 1188 2230 esse.
1217 2200 1375 2229 Secundum
1398 2200 1457 2228 haec
1480 2199 1593 2227 modum
1615 2199 1703 2233 aperit
1719 2206 1775 2233 quo

989 2248 1123 2282 promissa
1134 2246 1295 2282 complenda
1313 2249 1389 2279 sunt,
1401 2245 1445 2274 his
1458 2245 1549 2274 verbis
1562 2254 1568 2272 :
1581 2259 1618 2265 —
1628 2242 1714 2271 Vsus.
1729 2242 1774 2270 Η.

146 2289 186 2330 τῷ
204 2289 265 2329 Θεῷ
280 2289 325 2317 διὰ
342 2290 392 2325 τῆς
411 2289 590 2324 εὐαγγελικῆς
608 2288 780 2320 διδασκαλίας
803 2287 935 2323 ἀνατεθη-

987 2293 1173 2321 Misericordia
1190 2298 1215 2321 et
1236 2294 1333 2321 veritas
1350 2291 1518 2320 obviarerunt
1541 2290 1603 2323 sibi,
1629 2288 1736 2324 justitia
1749 2293 1774 2315 et

148 2335 278 2372 σομένης.
306 2332 374 2362 Εἶτα
398 2335 503 2367 τούτοις
532 2335 596 2370 ἑξῆς
619 2335 666 2361 τὸν
689 2335 802 2371 τρόπον,
823 2334 884 2364 καθ’
907 2333 937 2361 ὃν

147 2381 259 2419 ἔμελλεν
282 2380 564 2418 ἀποπληρωθήσεσθαι
590 2380 624 2408 τὰ
645 2381 854 2417 ἐπηγγελμένα,
877 2381 936 2408 δια-

148 2429 230 2462 σαφεῖ
250 2427 356 2462 λέγων’
375 2429 480 2460 Ἔλεος
502 2426 550 2454 καί
579 2426 704 2460 ἀλήθεια
725 2426 935 2460 συνήντησαν,

149 2473 326 2508 δικαιοσύνη
350 2474 400 2502 καὶ
413 2473 518 2508 εἰρήνη
539 2473 757 2507 κατεφίλησαν.
774 2472 826 2499 Δύο
841 2472 873 2508 δὴ
892 2472 937 2506 διὰ

147 2519 250 2548 τούτων
264 2519 393 2555 συζυγίας
408 2520 490 2555 φησὶν
503 2519 632 2555 ἀλλήλαις
645 2518 854 2555 συνηντηκέναι,
870 2515 907 2546 ὧν
919 2520 937 2554 ἡ

148 2565 245 2602 πρώτη
259 2566 351 2599 ἐλέους
366 2564 400 2602 ἦν
415 2566 463 2594 καὶ
477 2566 616 2601 ἀληθείας,
631 2566 648 2602 ἡ
662 2565 690 2593 δὲ
707 2564 821 2601 δευτέρα
835 2565 937 2592 δικαιο-

149 2611 232 2647 σύνης
253 2612 300 2639 καὶ
321 2612 442 2648 εἰρήνης.
461 2612 633 2647 Συνήντησαν
649 2611 786 2647 ἀλλήλαις,
798 2611 874 2647 φησὶ,
890 2611 937 2638 καὶ

151 2657 274 2692 φιλικοὺς
299 2659 462 2693 ἀσπασμοὺς
475 2658 677 2685 ἀποδεδώκασι·
703 2657 886 2693 κατεφίλησὰν
906 2665 936 2683 τε

149 2703 217 2739 ὁμοῦ
227 2703 278 2740 τὴν
294 2704 468 2740 δικαιοσύνην
478 2705 525 2731 καὶ
540 2704 590 2741 τὴν
607 2705 718 2742 εἰρήνην
732 2705 749 2739 ή
764 2704 877 2739 ἀλήθεια
891 2703 938 2731 καὶ

151 2748 182 2775 τὶ
194 2748 277 2781 ἔλεος.
297 2745 381 2776 Πόθεν
397 2750 426 2776 δὲ
436 2750 602 2786 ἀφικόμεναι
615 2749 743 2786 ἀλλήλαις
757 2750 936 2786 συνήντησαν,

153 2795 232 2825 πάλιν
245 2795 350 2828 ὑποὸὰς
364 2795 484 2824 διδάσκει
494 2796 595 2831 λέγων·
617 2796 751 2830 Ἀλήθεια
767 2797 801 2823 ἐκ
815 2796 870 2831 τῆς
883 2795 939 2832 γῆς

152 2841 295 2875 ἀνέτειλε,
309 2842 357 2870 καί
377 2842 552 2878 δικαιοσύνη
573 2843 607 2870 ἑκ
624 2843 677 2870 τοῦ
697 2843 827 2877 οὐρανοῦ
840 2842 938 2871 διέκυ-

186 2933 209 2948 “
229 2932 293 2962 Luc.
314 2941 351 2966 ιι,
370 2933 470 2967 29,.30.
508 2933 529 2950 "
552 2932 648 2961 Matth.
666 2941 731 2966 xui,
749 2933 794 2962 l7.

987 2348 1040 2375 pas:
1056 2340 1182 2368 osculata:
1204 2344 1276 2367 sunt.
1301 2338 1350 2366 His
1373 2346 1456 2374 porro
1472 2338 1551 2365 binas
1566 2335 1775 2370 conjugationes

987 2385 1124 2413 coaluisse
1139 2385 1229 2418 docet,
1244 2391 1360 2420 quarum
1378 2383 1465 2418 prima
1481 2385 1524 2410 est
1541 2379 1736 2408 misericordia:
1747 2383 1775 2406 et

986 2432 1126 2464 veritatis;
1143 2431 1264 2459 secunda
1278 2438 1352 2463 vero,
1365 2429 1480 2465 iustitiae
1493 2432 1521 2456 ct
1542 2427 1630 2463 pacis.
1641 2426 1776 2454 Occurre-

987 2481 1063 2510 runt,
1082 2477 1181 2512 inquit,
1203 2480 1309 2509 mutuo,
1327 2475 1487 2510 amicasque
1508 2473 1688 2502 salutationes
1708 2480 1775 2500 con-

987 2523 1110 2551 tulerunt
1133 2532 1140 2551 :
1161 2523 1255 2550 oscula
1274 2521 1409 2550 dederunt
1427 2521 1510 2550 simul
1533 2520 1648 2556 iustitiae
1666 2523 1694 2547 et
1714 2519 1774 2556 paci

987 2567 1090 2595 veritas
1103 2571 1130 2595 et
1144 2567 1343 2596 misericordia.
1358 2566 1438 2595 Unde
1457 2574 1521 2595 vero
1537 2566 1665 2602 proiecta:
1679 2569 1775 2593 mutuo

988 2614 1172 2647 occurrerint,
1198 2614 1348 2642 secundum
1373 2615 1431 2641 haec
1452 2613 1573 2641 declarat
1596 2612 1639 2640 his
1659 2611 1773 2640 verbis:

988 2676 1024 2681 —
1034 2660 1117 2689 Vens.
1135 2661 1179 2688 12.
1202 2660 1304 2688 Veritas
1319 2660 1351 2688 de
1365 2665 1434 2687 terra
1447 2664 1506 2687 orta
1520 2663 1568 2692 est,
1584 2663 1610 2686 et
1619 2659 1728 2694 justitia
1743 2657 1775 2685 de

989 2707 1052 2735 caelo
1063 2707 1208 2742 prospexit.
1218 2706 1318 2742 Utpotc
1328 2706 1410 2742 igitur
1420 2714 1454 2734 ex
1464 2713 1562 2742 magna
1572 2703 1775 2740 intercapedine

990 2757 1086 2782 mutuo
1100 2757 1308 2785 concurrentes,
1327 2760 1387 2781 sese
1406 2752 1523 2782 invicem
1542 2752 1673 2787 amplexae
1688 2754 1714 2778 et
1730 2757 1775 2778 os-

990 2800 1088 2828 culatze
1103 2803 1177 2832 sunt,
1195 2799 1260 2827 hinc
1279 2798 1388 2834 justitia
1402 2807 1464 2835 qua:
1484 2798 1518 2826 de
1540 2798 1610 2826 C(elo
1629 2797 1656 2824 in
1673 2800 1775 2824 terram

990 2845 1141 2883 prospexit,
1162 2845 1226 2874 inde
1245 2845 1346 2874 veritas
1369 2853 1430 2881 qua:
1452 2844 1486 2874 dc
1509 2845 1564 2872 imo
1578 2843 1636 2872 sive
1652 2842 1686 2871 de
1703 2846 1775 2870 terra
