2032 3215
266 195 337 224 1023

622 195 759 224 EUSEBII
778 194 1016 222 CESARIENSIS
1034 193 1109 223 OPP.
1130 193 1221 222 PARS
1238 193 1282 221 Ill.
1302 209 1337 215 —
1357 194 1559 223 EXEGETICA.

1825 196 1894 225 1024

265 260 327 284 orta
341 259 394 284 est.
414 255 464 284 His
479 259 681 291 consequenter
696 255 859 290 adjiciemus
871 258 897 282 et
914 255 1057 290 subjunge-

1112 257 1180 289 ψεν.
1203 254 1247 286 Ὧς
1262 255 1294 281 ὲκ
1315 254 1420 290 μακροῦ
1441 252 1584 289 τοιγαροῦν
1601 254 1784 290 διαστήματος
1803 263 1898 282 συντυο

265 309 328 329 mus
343 309 375 329 ea
393 309 455 336 qua:
470 301 497 328 in
513 300 650 336 principio
667 300 764 335 psalmi
776 300 866 335 posita
887 303 962 332 sunt,
978 304 1005 327 et
1020 299 1060 327 sic

268 347 371 375 habent
384 347 575 380 :Beuedixisti,
593 346 715 379 Domine,
729 350 828 373 terram
844 351 925 379 tuam,
942 345 1060 373 ωσι-αἱαὶ

266 393 449 428 captivitatem
463 392 557 420 Iacob.
574 392 710 419 Remisisti
724 392 889 427 iniquitatem
902 391 983 425 plebis
996 396 1058 423 tuae.

267 436 396 474 aperuisti
413 439 503 466 omnia
524 443 632 474 peccata
647 446 748 466 eorum.
772 437 834 465 llaec
848 437 948 472 quippe
967 437 1059 464 omnia

265 489 322 512 tum
341 485 432 512 futura
449 485 711 520 prtenuntiabantur,
732 491 795 510 cum
822 483 943 510 salutare
958 481 1006 510 Dei
1028 482 1056 509 in

264 536 339 558 terra
353 531 442 558 visum
454 534 538 558 esset.
556 529 697 565 Siquidem
707 536 761 556 una
776 535 840 556 cum
858 528 973 555 salutari
984 527 1056 555 veri-

266 581 310 605 tas
329 576 364 604 de
379 581 451 604 terra
466 580 535 609 orta,
551 583 584 604 ac
597 575 706 611 justitia
724 582 784 610 qua:
800 574 834 601 de
855 574 926 602 caelo
949 573 1059 609 prospi—

264 623 342 652 ciens
367 622 418 657 ipsi
441 622 576 653 occurrit.
604 621 652 649 Dei
678 621 795 656 gratiam
819 628 853 648 ex
876 627 955 655 aequo
969 627 1058 655 exque

265 675 394 703 suprema
422 667 492 702 justi
517 667 623 696 ratione
646 666 675 695 in
700 674 797 694 omnes
821 665 947 694 homines
971 665 1058 694 etIun-

267 714 320 742 dit.

1110 300 1205 335 χοῦσαι
1225 299 1368 335 ἀλλήλαις,
1391 300 1606 335 περιεπτύξαντο
1625 299 1673 326 καὶ
1698 300 1894 335 κατεφίλησαν·

1109 344 1212 371 ἄνωθεν
1228 345 1278 380 μὲν
1289 344 1318 377 ἐξ
1333 345 1447 380 οὐρανοῦ
1460 345 1613 380 διακύψασα
1629 346 1675 372 ἐπὶ
1688 346 1737 381 τὴν
1759 345 1812 380 γῆν
1827 347 1843 381 ἡ
1858 345 1897 372 δι-

1109 389 1250 425 καιοσύνη,
1277 390 1400 417 κάτωθεν
1423 390 1452 416 δὲ
1476 390 1531 417 ἀπὸ
1551 390 1601 425 τῆς
1626 390 1678 425 γῆς
1703 389 1897 425 ἀνατείλασαή
1927 398 1929 400 '

1109 436 1232 471 ἀλήθεια.
1246 435 1356 468 Τούτοις
1375 436 1528 468 ἀκολούθως
1543 436 1605 472 ἑξῆς
1622 435 1838 471 παραθησόμεθα
1852 436 1898 461 καὶ

1111 481 1265 517 συνάψομεν
1279 482 1315 508 τὰ
1338 482 1434 517 πρῶτα
1451 481 1497 509 τοῦ
1516 475 1642 517 ψαλμοῦ,
1658 483 1687 508 ὲν
1710 479 1750 513 οἷς
1771 481 1896 514 ἐλέγετοι

1109 528 1297 563 Εὐδόκησας,
1310 529 1408 563 Κύριε,
1421 528 1477 563 τὴν
1488 528 1546 563 γῆν
1556 535 1624 561 σου,
1634 527 1828 562 ἀπέστρεψας
1843 527 1899 561 τὴν

1110 575 1318 610 αἰχμαλωσίαν
1345 574 1451 604 Ἰακώϐ.
1477 574 1605 609 Ἇφῆκας
1628 573 1684 608 τὴν
1699 574 1828 608 ἀνομίαν
1846 572 1898 599 τοῦ

1109 620 1186 649 λαοῦ
1200 627 1268 652 σου,
1278 619 1433 654 ἐκάλυψα(
1451 619 1551 653 πάσας
1562 619 1615 652 τὰς
1627 619 1771 653 ἁμαρτίας
1789 618 1896 645 αὐτῶν.

1109 665 1202 692 Ταῦτα
1215 665 1270 701 γὰρ
1285 665 1373 692 πάντα
1385 665 1491 701 μέλλειν
1507 665 1616 692 ἔσεσθαι
1632 663 1897 700 προεφητεύετο,τοῦ

1114 711 1248 747 σωτηρίου
1265 711 1311 738 τοῦ
1332 711 1399 738 Θεοῦ
1412 712 1458 737 ἐπὶ
1474 711 1526 745 γῆς
1557 710 1693 745 ὀφθέντος.
1711 710 1788 736 Ἐπεὶ
1799 710 1847 736 σὺν
1861 709 1899 744 τῷ

264 758 396 794 Σωτηρίῳ
419 758 532 794 ἀλήθεια
547 759 580 784 ὲκ
596 758 644 792 τῆς
660 757 711 792 γῆς
729 756 903 788 ὰνατείλασα,
924 756 1012 793 ταύτῃ
1046 765 1076 783 τε
1097 757 1287 792 συναντήσασα
1306 757 1323 792 ή
1349 758 1380 783 ὲκ
1403 757 1449 783 τοῦ
1470 756 1585 791 οὐρανοῦ
1620 755 1774 790 διακύψασα
1798 755 1898 782 δικαιο-

266 805 332 840 σύνη
343 825 351 837 ,
369 806 408 836 εἰς
433 805 538 836 πάντας
554 804 714 839 ἀνθρώπους
737 802 768 835 ἐξ
791 803 848 829 ἴσου
867 804 915 830 καὶ
939 804 1010 830 κατὰ
1026 803 1056 830 τὸ
1075 803 1245 830 δικαιότατον
1258 804 1308 839 τὴν
1322 803 1368 831 τοῦ
1381 803 1448 830 Θεοῦ
1462 803 1541 839 χάριν
1556 803 1705 838 ὲξὴπλωσε.

303 863 352 893 llis
370 871 455 898 porro
479 863 589 891 divinus
620 862 727 890 Domini
743 867 771 890 ct
789 862 945 892 Servatoris
969 864 1056 892 nostri

1146 864 1244 899 Σαφῶς
1260 864 1288 891 δὲ
1303 864 1346 890 διὰ
1366 864 1467 893 τούτων
1481 866 1497 900 ἡ
1514 863 1656 898 θεοςράνεια
1667 863 1712 890 τοῦ
1728 863 1832 900 Κυρίου
1853 865 1898 891 καὶ

263 907 327 936 Iesu
344 908 449 936 Christi
482 908 616 936 adventus
636 908 781 944 perspicue
808 909 987 942 enuntiatur;
1010 917 1057 944 μοι·

1109 912 1234 947 Σωτῆρος
1258 911 1336 947 ἡμῶν
1358 911 1444 946 Ἰησοῦ
1471 911 1588 946 Χριστοῦ
1615 910 1793 946 παρίσταται·
1823 910 1857 938 δι’
1868 908 1897 937 οὗ

265 962 347 989 quem
370 955 458 981 solum
476 954 578 982 veritas
601 954 636 982 de
659 958 731 981 terra
751 957 811 981 orta
827 958 870 981 est
886 962 895 982 ε
912 954 976 990 quia
1000 955 1057 990 ipse

1111 957 1192 993 μόνου
1214 957 1358 993 ἠάλήθεια
1381 957 1412 984 ἐκ
1429 957 1477 992 τῆς
1502 957 1554 992 γῆς
1575 955 1727 983 ἀνέτειλενο
1750 956 1896 992 ἐπειδήπερ

262 1001 366 1027 veritas
384 1004 454 1032 erat,
473 1007 504 1026 ac
525 1000 659 1027 doctrinae
682 1000 743 1034 ejus
765 1000 928 1036 evangelicae
952 1009 1056 1035 sermo,

262 1053 319 1073 non
330 1050 359 1072 nt
372 1046 436 1072 olim
450 1046 477 1072 in
499 1045 593 1080 ﬁguris
615 1050 642 1072 et
663 1045 806 1081 symbolis,
823 1046 872 1074 sed
899 1054 946 1082 per
971 1047 1058 1081 ipsam

262 1092 407 1126 veritatem
437 1092 608 1119 tradebatur.
635 1090 698 1119 ldeo
723 1092 827 1121 dictum
850 1096 892 1119 est
917 1101 924 1119 :
944 1091 999 1119 Lex
1012 1101 1059 1126 per

263 1137 384 1172 Moysem
399 1137 465 1164 data
486 1143 536 1169 est,
551 1138 638 1172 gratia
655 1143 680 1164 et
695 1138 791 1165 veritas
811 1146 856 1172 per
872 1138 965 1166 Iesum
981 1139 1059 1166 Chri-

261 1188 332 1210 stum
346 1183 418 1216 facta
433 1187 472 1210 est
481 1183 527 1209 "1’
552 1182 685 1211 Universa
705 1188 795 1211 autem
813 1182 895 1218 opera
911 1184 971 1218 ejus
984 1184 1058 1212 veri-

261 1233 304 1255 tas
318 1232 407 1260 erant,
423 1236 530 1255 necnon
545 1233 623 1256 ortus
636 1229 707 1264 ejus,
725 1229 816 1264 passio
831 1233 858 1256 et
871 1233 981 1262 castora,
998 1238 1059 1265 qua:

262 1274 354 1309 specie
369 1275 460 1302 solum
476 1278 503 1302 et
517 1274 663 1310 phantasia
676 1279 753 1310 gesta
769 1275 856 1304 fuisse
874 1276 1058 1311 opinabantur

263 1320 337 1348 atbei
356 1320 490 1349 haeretici.
508 1321 587 1354 Quod
604 1323 627 1349 si
649 1323 739 1350 omnis
756 1322 839 1350 homo
856 1323 985 1355 mendax,
1000 1330 1059 1350 me-

262 1366 319 1393 rito
336 1367 395 1402 ipse
411 1367 498 1400 solus,
517 1368 564 1402 qui
583 1369 683 1396 veritas
697 1372 751 1401 est,
776 1369 810 1397 de
826 1373 900 1396 terra
915 1373 992 1397 ortus
1004 1375 1056 1402 est,

212 1417 219 1426 '
261 1413 436 1449 peregrinum
451 1415 592 1449 quidpiam
607 1419 635 1441 et
656 1415 780 1443 insolens
792 1425 798 1449 ;
812 1420 889 1443 terra
899 1417 979 1451 quale
991 1425 1059 1444 nun-

264 1466 348 1493 quam
365 1460 466 1487 tulerat
482 1460 582 1487 honum
599 1461 766 1496 proferente,
780 1463 806 1489 in
821 1471 876 1497 quo
891 1463 1000 1497 justitia
1011 1463 1057 1490 illa

264 1504 299 1532 tle
312 1506 383 1532 cutio
401 1507 574 1541 prospiciens
596 1507 740 1542 requievit.
765 1508 874 1536 Justitia
899 1517 974 1541 vero,
998 1517 1059 1544 quae

263 1551 293 1579 in
310 1553 427 1580 veritate
443 1553 587 1588 requievit,
603 1562 728 1589 quaenam
740 1556 793 1582 alia
809 1555 903 1588 fuerit,
927 1555 980 1583 nisi
999 1557 1057 1592 ipse

263 1595 338 1625 Deus
354 1597 474 1625 Verbum
490 1598 524 1626 de
538 1605 594 1633 quo
612 1599 715 1626 dictum
734 1605 777 1628 est
804 1610 811 1628 ε
841 1601 892 1634 Qui
912 1601 998 1635 [actus
1017 1607 1056 1629 est

263 1641 342 1671 nobis
357 1643 488 1676 sapientia
504 1651 520 1669 ο
537 1641 603 1675 Deo,
616 1643 726 1678 justitia
745 1649 770 1671 et
787 1646 964 1680 sanctiﬁcatio
977 1651 1003 1673 et
1016 1655 1056 1674 re-

263 1687 379 1721 demptio
404 1687 447 1714 "3
471 1688 521 1717 Hie
547 1696 665 1724 namque
688 1697 721 1717 ex
743 1691 821 1718 ctelis
842 1691 1011 1723 descendens
1029 1692 1055 1719 in

263 1733 391 1765 veritate,
408 1741 468 1768 quae
486 1734 520 1761 de
538 1740 610 1761 terra
626 1740 687 1762 orta
709 1740 760 1768 est,
785 1736 927 1771 requievit,
951 1737 1058 1773 ipsique

263 1777 439 1813 conjunctus,
456 1786 507 1807 ceu
524 1780 651 1808 dilectam
667 1781 822 1809 amabiliter
836 1789 896 1809 eam
912 1783 1057 1817 amplexa-

266 1826 314 1850 tus
326 1828 378 1851 est.
397 1823 513 1852 Veritati
534 1833 617 1861 porro
645 1826 679 1854 de
707 1831 778 1854 terra
798 1832 865 1855 ortae
886 1836 1057 1863 prtecurrcns

265 1869 362 1897 aderat
375 1870 563 1898 misericordia
576 1880 583 1898 :
596 1880 644 1907 per
655 1873 873 1901 misericordiam
886 1875 986 1910 quippe
998 1875 1056 1908 Dei,

267 1920 325 1943 tota
339 1917 464 1945 veritatis
484 1918 655 1953 dispensatio
677 1919 747 1946 facta
764 1923 817 1948 est.
832 1919 973 1948 Justitiam
993 1929 1058 1949 vero

264 1962 300 1989 de
316 1963 387 1990 caelo
404 1963 543 1999 delapsam
562 1972 612 1999 pax
630 1966 812 2000 sequebatur;
825 1971 853 1993 ut
868 1967 992 1995 homines
1004 1972 1058 1996 ter-

264 2016 325 2036 ram
341 2010 505 2042 incolentes,
525 2019 580 2038 non
596 2012 683 2039 solum
702 2012 888 2040 misericordia
904 2013 951 2041 Dei
968 2017 995 2043 et
1011 2023 1058 2042 ve-

265 2055 359 2087 ritate,
378 2056 425 2083 sed
439 2057 522 2083 etiam
537 2057 585 2084 illa
600 2058 707 2086 caelesti
727 2059 836 2093 justitia
852 2064 879 2087 et
896 2060 956 2094 ejus
970 2061 1057 2088 amica

266 2107 335 2135 pace
358 2099 527 2128 fruerentur.
542 2101 610 2129 Nam
626 2103 690 2130 olim
714 2103 823 2138 quidem
839 2104 952 2139 justitiaa
967 2108 995 2132 et
1010 2112 1059 2140 pa-

265 2145 307 2172 cis
321 2144 491 2172 domicilium
508 2147 608 2174 ctelum
630 2153 709 2180 erat;
729 2157 801 2176 nunc
821 2158 887 2177 vero
907 2154 978 2178 terra
995 2159 1056 2178 cum

267 2191 458 2218 misericordia
471 2190 517 2219 Dei
530 2192 557 2218 ih
570 2195 643 2220 terra
659 2188 789 2221 substitit.
801 2193 869 2221 Nam
884 2195 941 2222 haec
955 2196 1058 2223 subse—

264 2282 413 2310 ricordiam
429 2283 533 2319 reliqua
545 2284 637 2313 omnia
654 2289 748 2315 secuta
764 2290 829 2313 sunt
843 2296 849 2314 :
866 2291 928 2322 post
945 2288 1057 2316 miseri-

265 2329 388 2356 cordiam
405 2329 506 2365 quippe
519 2330 631 2362 veritas,
646 2331 709 2358 hinc
722 2331 840 2366 justitia,
856 2332 973 2368 denique
990 2341 1055 2369 pax.

264 2375 304 2403 De
323 2375 471 2404 Servatore
489 2381 563 2404 certe
579 2381 676 2404 nostro
691 2377 793 2405 diserte
812 2379 943 2406 scribitur
961 2389 966 2406 :
987 2379 1058 2412 Quia

265 2421 321 2456 ipse
335 2426 374 2447 est
387 2429 441 2455 pax
457 2427 559 2454 nostra,
577 2423 621 2457 qui
642 2423 703 2457 fecit
722 2428 832 2458 utraque
854 2432 935 2451 unum
952 2425 989 2458 “;
1007 2429 1055 2454 et':

266 2465 418 2501 Paciﬁcans
432 2475 477 2502 per
489 2477 516 2495 se
530 2469 583 2496 sive
596 2477 655 2504 qua:
665 2470 692 2495 in
706 2470 789 2501 caelis,
807 2471 859 2497 siue
873 2479 932 2506 qua:
946 2471 973 2498 in
987 2478 1057 2500 terra

255 2504 329 2539 'sunt
340 2512 380 2546 '5;
392 2521 423 2540 ac
437 2521 547 2541 rursum
565 2525 571 2542 :
593 2514 703 2542 Veniens
720 2517 908 2551 euangelista-it
921 2526 1011 2552 pacem
1024 2519 1057 2547 iis

267 2559 313 2592 qui
328 2558 413 2595 longe,
431 2564 457 2586 et
477 2561 510 2587 iis
540 2561 585 2596 qui
599 2569 678 2596 prope
704 2567 766 2589 sunt
782 2563 816 2590 ⁵⁸,
846 2563 911 2591 Jure
937 2572 1002 2600 ergo
1029 2565 1056 2593 in

267 2603 377 2632 Psalmo
396 2604 498 2632 dicitur
513 2607 580 2634 illud
599 2617 605 2634 ε
629 2608 816 2636 Verumtamen
835 2617 915 2644 prope
937 2611 1055 2638 timentes

267 2659 327 2678 eum
356 2650 476 2677 salutare
493 2651 586 2685 ipsius,
597 2657 626 2679 ut
639 2653 764 2681 inhabitet
780 2655 866 2689 gloria
881 2657 907 2683 in
924 2661 994 2683 terra
1010 2665 1057 2683 uo-

269 2701 335 2725 stra.
353 2696 436 2723 Multa
448 2697 548 2732 quippe
562 2705 713 2735 magnaque
724 2701 813 2736 gloria
830 2701 856 2728 in
870 2706 942 2729 terra
952 2706 1057 2735 nostra,

269 2743 397 2771 videlicet
407 2743 436 2770 in
450 2743 525 2776 orbe,
540 2751 588 2778 per
599 2747 803 2780 prophetiarnm
816 2752 942 2775 eventum
953 2749 1058 2776 consti-

269 2789 312 2821 tit.
326 2789 358 2816 Et
368 2789 425 2825 qui,
433 2797 535 2825 quaeso,
546 2797 599 2818 non
612 2792 767 2820 habitatura
777 2798 837 2820 erat
847 2794 933 2828 gloria
943 2795 971 2822 in
986 2798 1058 2822 terra

270 2838 376 2869 nostra,
388 2835 498 2870 quando
515 2836 637 2864 salutare
652 2837 747 2871 ipsius,
764 2839 890 2866 Christus
902 2839 960 2871 Dei,
973 2844 1000 2867 et
1011 2839 1057 2867 illa

307 2913 329 2933 "-
342 2911 422 2944 Joan.
440 2921 466 2947 ι,
488 2913 528 2941 l7.

1069 1573 1093 1605 ϐ

1109 1005 1191 1036 αὐτὸς
1214 1002 1247 1040 ἦν
1267 1005 1283 1040 ἡ
1303 1003 1428 1039 ἀλήθεια,
1455 1004 1468 1030 ὅ
1492 1012 1521 1030 τε
1538 1003 1588 1038 τῆς
1613 1002 1794 1038 εὐαγγελικῆς
1816 1003 1897 1030 αὑτοῦ

1107 1051 1282 1082 διδασκαλίας
1299 1050 1377 1085 λόγος
1397 1051 1447 1077 οὐκ
1463 1050 1500 1076 ἔθ’
1518 1050 1556 1082 ὡς
1572 1050 1602 1076 τὸ
1619 1049 1732 1076 παλαιὸν
1756 1050 1786 1076 ὲν
1804 1049 1898 1081 τύποις

1109 1097 1156 1124 καὶ
1171 1097 1216 1124 διὰ
1233 1097 1376 1132 συμσόλων
1399 1096 1573 1131 παραδέδοτο,
1590 1095 1658 1122 ἀλλὰ
1682 1095 1717 1121 δι’
1730 1095 1815 1131 αὐτῆς
1834 1095 1897 1130 ἀλη-

1109 1143 1194 1174 θείας.
1207 1143 1252 1168 Διὺ
1263 1142 1368 1178 εἴρηται
1380 1151 1385 1156 ·
1406 1143 1433 1167 Ὁ
1448 1142 1540 1176 νόμος
1556 1140 1605 1168 διὰ
1612 1140 1760 1174 Μωῦσέως
1770 1141 1897 1175 eddom?)

1108 1189 1194 1224 χάρις
1212 1189 1261 1215 καὶ
1275 1188 1294 1221 ἡ
1309 1188 1436 1222 ἀλήθεια
1449 1187 1497 1214 διὰ
1515 1188 1612 1221 Ἰησοῦ
1626 1186 1754 1221 Χριστοῦ
1768 1187 1896 1221 ἐγένετο.

1108 1234 1164 1260 Καὶ
1179 1235 1263 1260 πᾶσαι
1277 1234 1306 1259 δὲ
1321 1233 1402 1260 αὑτοῦ
1416 1234 1443 1260 αἱ
1468 1232 1582 1269 πράξεις
1601 1233 1714 1269 ἀλήθεια
1729 1230 1810 1268 ἦσαν,
1830 1233 1848 1268 ἦ
1869 1239 1898 1259 τε

1108 1280 1215 1315 γένεσις
1233 1280 1315 1306 αὑτοῦ
1333 1280 1421 1306 καὶτὸ
1436 1279 1521 1311 πάθος
1537 1279 1629 1306 καὶτὰ
1645 1279 1736 1312 λοιπὰ,
1747 1279 1765 1306 ἃ
1780 1279 1813 1315 δὴ
1828 1279 1898 1306 ξ.-τὰ

1108 1327 1218 1361 δόκησιν
1235 1326 1282 1352 καὶ
1306 1326 1457 1360 φαντασίαν
1476 1325 1610 1352 ὑπέλαϐον
1623 1325 1762 1360 γεγονέναι
1780 1326 1805 1351 οἰ
1825 1324 1898 1352 ἄθεοι

1109 1371 1277 1407 αἱρεσιῶται.
1298 1371 1330 1397 Εἰ
1340 1371 1367 1398 δὲ
1387 1371 1434 1397 καὶ
1447 1372 1500 1402 πᾶς
1518 1370 1659 1406 ἄνθρωπος
1674 1370 1805 1406 ψεύστης,
1820 1369 1898 1405 μόνος

1109 1418 1142 1444 ἂν
1156 1417 1236 1449 αὐτὸς
1249 1418 1370 1450 εἰκότως,
1384 1418 1495 1453 ἀλήθεια
1509 1417 1557 1449 ὢν,
1571 1417 1626 1444 ἀπὸ
1638 1417 1687 1452 τῆς
1702 1417 1753 1452 γῆς
1767 1415 1897 1449 ἀνέτειλε,

1110 1463 1185 1497 ξένον
1200 1472 1225 1490 τι
1237 1464 1331 1499 χρῆμα
1348 1464 1397 1499 τῆς
1416 1465 1484 1500 γῆς,
1509 1464 1555 1490 καὶ
1573 1461 1629 1489 οἷον
1647 1463 1820 1490 οὐδεπώποτε
1835 1469 1900 1499 τιμ-

1109 1510 1243 1545 ηνέγκατο
1259 1509 1371 1544 ἀγαθὸν,
1383 1510 1551 1545 ἀποδούσης·
1571 1511 1613 1544 ἐφ’
1630 1510 1659 1536 ὃν
1673 1510 1719 1536 καὶ
1734 1511 1751 1545 ὴ
1769 1509 1800 1542 ἐξ
1816 1511 1898 1546 οὐρα-

1109 1556 1156 1583 νοῦ
1171 1557 1324 1592 διακύψασα
1337 1557 1492 1592 δικαιοσύνη
1509 1556 1689 1584 ἀνεπαύσατο.
1704 1556 1752 1588 Τίς
1768 1556 1790 1583 δ’
1807 1555 1840 1583 ἂν
1857 1556 1897 1592 εἴη

1108 1605 1125 1640 ἡ
1136 1603 1292 1639 δικαιοσύνη
1303 1605 1318 1639 ὴ
1331 1604 1547 1640 ἁναπαυσαμένη
1561 1604 1607 1630 ἐπὶ
1618 1604 1667 1640 τὴν
1678 1603 1807 1640 ἀλήθειαν
1817 1604 1898 1640 ἀλλ’ἢ

1108 1650 1189 1682 αὐτὸς
1206 1651 1220 1676 ό
1237 1650 1302 1681 Θεὸς
1323 1650 1409 1683 Λόγος
1420 1669 1426 1680 ,
1444 1650 1508 1685 περὶ
1522 1647 1551 1676 οὗ
1566 1649 1685 1686 εἴρηται,
1704 1650 1752 1683 Ὃς
1771 1649 1898 1684 ἐγενήθη

1107 1696 1180 1732 ἡμῖν
1201 1696 1295 1730 σοφία
1317 1695 1376 1722 ἀπὸ
1394 1695 1479 1728 Θεοῦ,
1496 1695 1674 1730 δικαιοσύνη
1695 1704 1726 1722 τε
1751 1695 1803 1722 καὶ
1819 1695 1898 1730 ἁγια-

1107 1741 1185 1777 σμὸς
1207 1741 1255 1768 καὶ
1280 1741 1505 1774 ἀπολύτρωσιω
1528 1738 1611 1773 Οὗτος
1630 1741 1699 1775 γὰρ,
1717 1740 1748 1774 ὲξ
1772 1741 1896 1777 οὐρανῶν

1108 1787 1240 1818 καταϐὰς,
1256 1787 1463 1813 imusne-Scuto
1477 1788 1510 1823 τῇ
1531 1787 1583 1814 ἀπὸ
1598 1787 1647 1822 τῆς
1662 1787 1713 1821 γῆς
1733 1786 1898 1823 ἁνατειλάσῃ

1109 1834 1230 1870 ἀληθείᾳ,
1246 1833 1338 1869 ἡνώοη
1356 1842 1384 1860 τε
1410 1834 1478 1868 αὐτῇ
1490 1854 1497 1866 ,
1514 1833 1561 1861 καὶ
1585 1834 1622 1864 ὡς
1645 1833 1709 1868 φίλῃ
1730 1832 1898 1869 περιπλοκὰς

1109 1878 1192 1907 {Bome
1208 1881 1328 1915 φιλικὰς.
1343 1880 1430 1916 Συνῆν
1445 1881 1472 1907 δὲ
1492 1882 1526 1916 τῇ
1543 1880 1592 1916 μὲν
1611 1881 1664 1908 ὰπὸ
1687 1880 1736 1915 τῆς
1759 1880 1813 1915 γῆς
1832 1881 1898 1907 ἀνα-

1108 1925 1219 1962 τειλάσῃ
1234 1926 1348 1961 ἀληθείᾳ
1362 1925 1392 1952 τὸ
1411 1925 1486 1957 ἔλεος
1504 1925 1653 1961 προτρέχον
1673 1925 1756 1960 αὐτῆς
1767 1934 1773 1940 ·
1787 1925 1833 1952 διὰ
1846 1924 1899 1960 γὰρ

1108 1971 1138 1997 τὸ
1152 1970 1197 1997 τοῦ
1211 1971 1278 1998 Θεοῦ
1296 1970 1369 2002 ἕλεος
1381 1971 1398 2006 ἡ
1416 1970 1492 1996 πᾶσα
1504 1970 1554 2005 τῆς
1565 1969 1692 2004 ἀληθείας
1704 1969 1816 2004 γέγονεν
1829 1969 1899 1996 οἰκο-

1108 2017 1204 2052 νομία·
1231 2017 1311 2052 τῇδὲ
1338 2016 1367 2049 ἐξ
1386 2016 1507 2052 οὐρανῶν
1540 2014 1706 2051 κατελθθύσῃ
1737 2014 1898 2052 δικαιοσύνῃ

1109 2064 1227 2099 aias-copi}
1239 2064 1344 2099 εἰρήνη,
1358 2063 1431 2094 ὅπως
1442 2063 1526 2096 οἰαὲπὶ
1543 2062 1594 2097 γῆς
1607 2061 1745 2092 οἰκοῦντες
1759 2060 1898 2097 ἄνθρωποι

1111 2109 1148 2144 μὴ
1170 2109 1249 2144 μόνον
1276 2109 1350 2135 ἐλέου
1370 2108 1437 2135 Θεοῦ
1461 2109 1508 2135 καὶ
1535 2107 1663 2142 ἀληθείας
1689 2106 1896 2140 ἀπολαύωσιν,

1109 2155 1178 2182 ἀλλὰ
1190 2156 1236 2182 καὶ
1257 2156 1306 2191 τῆς
1322 2155 1350 2188 ἐξ
1367 2154 1489 2191 οὐρανῶν
1509 2154 1693 2191 δικαιοσύνης,
1713 2154 1772 2190 ἅμα
1785 2153 1834 2180 καὶ
1851 2153 1898 2189 τῆς

1087 2201 1211 2237 -ταύτης
1237 2201 1316 2236 φίλης
1342 2201 1464 2237 εἰρήνης.
1489 2200 1577 2227 Πάλαι
1602 2200 1652 2236 μὲν
1668 2200 1722 2235 γὰρ
1743 2199 1898 2235 οἰκητήριον

265 2236 409 2271 quentium
425 2245 509 2265 causa
527 2237 578 2265 fuit
604 2247 611 2265 :
634 2239 769 2274 siquidem
787 2246 898 2276 propter
912 2241 959 2269 Dei
977 2242 1057 2271 miw

1110 2236 1241 2281 ἐτύγχανε
1255 2246 1304 2280 τῆς
1316 2245 1488 2279 δικαιοσύνης
1503 2245 1550 2271 καὶ
1563 2244 1613 2279 τῆς
1634 2245 1745 2280 εἰρήνης
1767 2243 1896 2279 οὐρανός·

1111 2291 1156 2318 νῦν
1171 2291 1198 2317 δὲ
1213 2292 1257 2317 καὶ
1271 2293 1286 2326 ἡ
1301 2291 1347 2326 γῆ,
1361 2292 1404 2318 ὅτε
1420 2291 1466 2317 ἐπὶ
1476 2291 1525 2326 τῆς
1541 2291 1592 2326 γῆς
1603 2290 1707 2327 ὑπέστη
1722 2290 1751 2317 τὸ
1767 2288 1843 2322 ἔλεος
1853 2289 1898 2316 τοῦ

1109 2336 1273 2363 Θεοῦ.Τοῦτο
1280 2337 1333 2372 γὰρ
1341 2334 1374 2371 ἦν
1383 2336 1489 2362 καὶτῶν
1499 2335 1560 2372 ἑξῆς
1570 2336 1664 2363 αἴτιον·
1672 2335 1715 2362 διὰ
1725 2335 1780 2372 γὰρ
1787 2336 1819 2363 τὸ
1829 2336 1900 2368 ἕλεος

1111 2382 1157 2408 τοῦ
1170 2382 1237 2409 Θεοῦ
1259 2382 1306 2408 καὶ
1325 2382 1357 2408 τὰ
1381 2382 1463 2408 λοιπὰ
1478 2382 1566 2408 πάντα
1595 2381 1815 2418 ἐπηκολούθησε·
1833 2378 1900 2418 μετὰ

1110 2428 1165 2464 ’γὰρ
1181 2428 1210 2454 τὸ
1225 2428 1295 2459 ἔλεος
1314 2429 1330 2463 ἡ
1344 2428 1465 2463 ἀλήθεια,
1480 2427 1574 2454 ἔπειτα
1585 2428 1602 2464 ὴ
1612 2427 1779 2464 δικαιοσύνη,
1792 2427 1842 2455 καὶ
1856 2428 1900 2469 ὲτιὶ

1109 2476 1192 2501 πᾶσιν
1200 2477 1216 2510 ὴ
1230 2474 1493 2510 εἰρήνη.Ι”έγραπται
1505 2475 1533 2501 δὲ
1546 2474 1637 2509 σαφῶς
1649 2474 1712 2510 περὶ
1719 2474 1767 2500 τοῦ
1776 2474 1900 2510 Σωτῆρος

1107 2520 1196 2556 ἡμῶν,
1215 2521 1273 2546 "0n
1288 2520 1378 2553 αὐτός
1391 2520 1477 2546 ἐστιν
1498 2519 1517 2553 ή
1533 2519 1637 2554 εἰρήνη
1653 2519 1748 2555 ἡμῶν,
1769 2519 1900 2553 ποιήσας

1108 2566 1145 2594 τὰ
1157 2567 1307 2601 ἀμφότερα
1318 2565 1368 2592 ἓν·
1386 2565 1442 2598 καὶ,
1455 2565 1696 2600 Εἰρηνοποιήσας
1705 2565 1742 2592 δι’
1755 2565 1851 2593 αὐτοῦ
1866 2565 1900 2592 τὰ

1109 2612 1144 2638 ἐν
1158 2612 1218 2645 τοῖς
1237 2612 1375 2646 οὐρανοῖς
1392 2612 1441 2639 καὶ
1461 2611 1497 2638 τὰ
1516 2611 1565 2638 ἐπὶ
1581 2611 1635 2645 τῆς
1652 2611 1708 2646 γῆς
1720 2620 1726 2626 ·
1740 2612 1788 2638 καὶ
1802 2611 1896 2638 πάλιν·

1116 2657 1226 2684 Ἐλθὼν
1251 2658 1469 2692 εὐηγγελίσατο
1490 2657 1613 2692 εἰρήνην
1635 2657 1698 2690 τοῖς
1707 2657 1830 2692 μακρὰν
1852 2656 1900 2683 καὶ

1110 2702 1172 2736 τοῖς
1188 2703 1286 2737 ἐγγύς.
1301 2703 1421 2735 Εἰκότως
1444 2701 1490 2730 οὖν
1516 2702 1560 2729 διὰ
1571 2702 1658 2730 ταῦτα
1681 2705 1711 2730 ὲν
1735 2701 1775 2739 τῷ
1801 2701 1900 2738 ψαλμῷ

1110 2747 1217 2783 εἴρηται
1229 2748 1269 2781 τὸ,
1284 2748 1371 2783 Πλὴν-
1383 2748 1474 2783 erro;-
1485 2748 1544 2776 τῶν
1555 2748 1748 2783 φοϐουμένων
1761 2748 1856 2776 αὐτὸν
1866 2747 1899 2774 τὸ

1109 2794 1259 2827 σωτήριον
1283 2793 1391 2826 αὑτοῦ,
1421 2795 1474 2821 τοῦ
1494 2794 1726 2828 κατασκηνῶσαι
1749 2794 1844 2827 δόξαν
1866 2794 1898 2821 ἐν

1110 2839 1148 2874 τῇ
1161 2839 1295 2876 mea
1318 2839 1474 2876 Πολλὴγᾲρ
1486 2841 1532 2868 και
1546 2841 1651 2876 μεγάλη
1665 2841 1728 2875 δόξα
1741 2841 1771 2869 εν
1787 2843 1820 2877 τῇ
1833 2841 1898 2876 ἠμε-

580 2914 602 2931 ⁸³
622 2914 632 2942 l
652 2915 715 2942 Cor.
735 2923 760 2948 ι,
778 2915 823 2944 50.
862 2917 884 2932 “
905 2915 1003 2952 Ephes.
1023 2925 1057 2951 ιι,

1108 2932 1121 2946 ι.
1158 2918 1181 2934 ⁸⁵
1200 2917 1260 2945 Col.
1280 2925 1306 2950 ι,
1323 2917 1366 2945 20.
1406 2918 1429 2933 "
1450 2917 1548 2955 Ephcs.
1567 2925 1605 2951 tl,
1626 2917 1669 2948 Π.
