2032 3215
163 164 233 192 1095

745 154 994 189 εοιιιιειενιηλκιε
1015 157 1050 196 1N
1069 154 1239 189 PssLuOst

1315 135 1344 170 8
1352 131 1380 173 ⁸4
1718 161 1788 194 1026

160 225 227 262 τέρᾳ
240 224 287 260 γῇ,
306 222 379 258 λιγω
391 221 419 249 δι
432 223 465 258 τῇ
489 221 544 248 τῶν
558 220 714 257 ἀνθρώπων
729 221 887 257 οἰκουμένῃ,
906 221 948 248 διὰ

1002 221 1037 249 de
1051 221 1121 249 caelo
1137 221 1246 257 iustitia
1261 220 1295 249 ad
1309 222 1369 248 eam
1381 219 1512 250 accedere
1522 216 1633 257 dignata
1643 221 1686 250 est
1696 222 1708 250 τ
1719 222 1789 251 Cum

160 271 209 307 τῆς
231 270 284 297 τῶν
307 269 552 304 προφητευομένων
580 267 720 299 ἑκδάσςως
740 266 867 303 συνέστη.
894 267 953 294 Καὶ

161 317 220 348 πῶς
240 315 295 351 γὰρ
313 315 364 342 οὐκ
389 314 489 350 ήμελλε
512 311 698 349 πατασκηνοῦν
722 313 785 346 δόξα
805 314 835 339 ὲν
857 315 889 349 τῇ
912 314 948 348 γῇ

160 362 249 399 ἡμῶν,
263 362 308 388 ὅτε
322 360 410 388 καὶτὸ
429 362 560 396 σωτήριον
573 359 620 386 τοῦ
643 359 738 392 αὑτοῦ,
752 359 832 391 αὐτὸς
850 360 864 386 ό
880 360 949 394 Χρι-

161 409 221 440 στδς
232 407 326 439 αὐτοῦ,
338 407 385 433 καὶ
397 407 414 442 ἡ
427 406 457 438 ἐξ
467 405 581 442 οὐρανοῦ
594 405 761 440 δικαιοσύνη,
777 404 876 439 ταύτης
890 405 949 430 ἑπι-

161 454 240 489 6ἦναι
256 451 426 488 κατηξίωσε;
447 452 539 479 Ταῦτα
559 451 586 478 δὲ
611 451 699 478 πάντα
723 451 877 483 ἐπακούσας
901 450 948 477 τοῦ

159 499 226 526 Θεοῦ
242 499 436 534 προορίσαντος
449 498 495 524 καὶ
516 497 733 533 προλαλήσαντος
750 497 796 523 ἐπὶ
822 496 868 523 τὸν
884 496 949 524 λαὸν

162 544 257 578 αὑτοῦ,
269 544 392 576 Θεσπίζει
406 544 474 579 μετὰ
487 543 536 579 τὴν
549 544 642 579 εὐχὴν,
656 543 755 570 εἰπὼν·
775 544 950 577 Ἀκούσομηι

161 590 190 618 τί
203 591 335 624 λαλήσει
347 590 454 624 Κύριος
464 591 480 616 ὁ
494 591 580 623 Θεός·
595 590 634 615 διὸ
644 590 784 625 ἐπήγαγεν
799 589 875 624 ἑξῆς·
889 589 950 615 Ὅτι

160 635 292 670 λαλήσει
305 636 430 670 εἰρήνην
439 635 488 662 sal
500 635 555 662 τὸν
571 635 648 662 λαὸν
665 635 766 662 αὑτοῦ.
789 634 862 670 Αὕτη
888 635 916 662 δὲ
932 636 949 670 ἡ

160 682 257 718 εἰρήνη
270 681 365 716 γέγονε
377 681 415 716 τῷ
425 680 493 716 λαῷ.
505 682 548 708 ὅτε
558 681 588 708 τὸ
596 681 669 712 ἕλεος
679 682 750 716 καὶὴ
764 681 875 717 ἀλήθεια
887 689 949 707 συν-

161 729 292 764 ήντησαν,
309 729 326 763 ἥ
345 737 374 754 τε
388 728 543 764 δικαιοσύνη
557 728 604 754 καὶ
617 729 633 764 ἡ
644 729 739 763 εἰρήνη
755 727 947 763 κατεφίλησαν.

160 772 210 802 Ὧν
218 774 305 806 οὕτως
318 774 444 809 ἑχόντων,
460 774 507 800 καὶ
518 773 552 800 τὰ
571 774 619 809 τῆς
634 774 717 809 εὺχῆς
730 774 888 800 ἀποδέδοται
901 773 947 799 τοῦ

159 821 314 857 Προφήτου,
335 822 382 847 καὶ
394 820 427 847 τὰ
446 820 498 856 πρὸ
512 821 561 855 τῆς
575 820 658 855 εὐχῆς
669 820 809 856 εἰρημένα.
829 820 883 846 Καὶ
895 820 948 854 γὰρ

158 866 288 902 εὐδόκησε
310 865 411 902 Κύριος
424 866 472 901 τὴν
489 866 541 901 γῆν
558 866 653 897 αὑτοῦ,
677 866 849 898 καταξιώσας
863 866 948 901 αὐτὴν

159 912 251 944 ἐλέους
265 911 313 939 καὶ
329 912 456 948 ἀληθείας
475 914 521 939 καὶ
532 912 585 938 τῶν
597 912 699 938 λοιπῶν
709 920 715 927 ·
733 911 800 938 ἀλλὰ
813 912 860 939 καὶ
880 912 948 938 ἀπέ-

161 959 259 995 στρεψε
282 958 331 994 τὴν
357 959 545 994 αἰχμαλωσίαν
561 958 615 985 τῶν
641 958 818 994 ἀνθρωπίνων
844 958 947 993 ψυχῶν⁷

159 1005 243 1037 λύσας
261 1005 311 1040 μὲν
326 1005 415 1032 πάντα
435 1005 562 1040 πόλεμον,
577 1004 759 1041 χαρισάμενος
776 1004 804 1030 δὲ
817 1003 865 1039 τὴν
875 1004 951 1039 εἰρή-

158 1060 219 1087 νην,
236 1051 284 1079 καὶ
298 1051 447 1087 διαρρήξας
466 1052 529 1083 τοὺς
546 1051 672 1086 δεσμοὺς,
687 1050 735 1077 καὶ
759 1050 822 1082 τοὺς
843 1049 950 1081 κλοιοῦς

159 1098 221 1130 τοὺς
240 1097 295 1125 ἀπὸ
307 1098 357 1133 τῆς
376 1097 512 1133 ἁμαρτίας
532 1097 736 1132 ἐγγενομένους.
751 1096 795 1122 Διὸ
819 1095 866 1122 καὶ
888 1104 950 1122 συν-

160 1145 245 1180 ῆπται
256 1143 306 1178 τῷ,
325 1143 527 1177 Ἀπέστρεψας
542 1141 599 1175 τὴν
614 1139 824 1176 αἰχμαλωσίαν
840 1140 948 1173 Ἰακὼϐ,

160 1191 199 1222 τὸ,
228 1188 355 1224 Ἆςοῆκας
389 1188 442 1221 τὰς
459 1188 584 1222 ἀνομίας
605 1187 644 1220 τῷ
661 1186 724 1219 λαῷ
746 1194 823 1217 σου,
846 1186 893 1212 καὶ
908 1186 948 1218 τὸ,

166 1234 337 1268 Ἑκάλυψας
354 1233 455 1266 πάσας
476 1235 529 1265 τὰς
547 1232 691 1267 ἁμαρτίας
720 1231 827 1259 αὐτῶν.
850 1232 881 1257 'H
896 1232 949 1267 γὰρ

158 1279 310 1315 ἐπιστροφὴ
332 1280 381 1314 τῆς
398 1278 585 1314 αἰχμαλωσίας
607 1279 656 1304 οὐκ
672 1278 758 1309 ἄλλως
779 1277 948 1313 ἀπετελέσθη

158 1325 175 1361 ἢ
189 1326 222 1353 δι’
237 1325 361 1360 ἀφέσεως
376 1324 430 1351 τῶν
441 1324 593 1360 ἁμαρτιῶν.
609 1324 669 1350 ’Ὁτι
684 1323 712 1349 δὲ
735 1324 782 1350 καὶ
800 1323 886 1350 ταῦτα
905 1324 949 1350 διὰ

159 1374 207 1408 τῆς
229 1371 276 1398 τοῦ
299 1371 424 1406 Σωτῆρος
446 1370 525 1405 ήμῶν
550 1369 711 1404 ἐπιφανείας
731 1369 825 1400 τέλους
843 1369 947 1403 ἔτυχεν,

159 1418 239 1449 αὐτὸς
253 1416 372 1449 ἐδίδαξεν
391 1418 419 1443 ὲν
436 1417 491 1447 τοῖς
508 1414 694 1449 Εὑαγγελίοις,
711 1415 765 1445 ὅτε,
789 1414 878 1440 λαϐὼν
900 1415 949 1448 τὴν

160 1462 251 1498 βίϐλον
265 1462 312 1488 τοῦ
330 1462 451 1492 Ἡσαΐου,
470 1460 517 1487 καὶ
542 1460 674 1493 ἀναγνοὺς
690 1459 730 1491 τὸ,
751 1458 871 1493 Πνεῦμα
889 1461 947 1485 Κυ-

156 1512 223 1545 ρίου
241 1510 287 1537 ἐπ*
302 1509 364 1544 ἐμὲ.
381 1507 417 1536 οὗ
438 1509 554 1534 εἵνεκεν
572 1505 675 1540 ἕχρισέ
692 1513 738 1539 με,
754 1504 949 1539 εὐαγγελίσα-

159 1558 229 1584 σθαι
240 1555 368 1590 πτωχοῖς
378 1553 552 1581 ἀπέσταλκέ
558 1561 605 1587 με,
614 1550 739 1585 κηρῦξαι
751 1549 948 1597 αἰχμαλώτοις
961 1566 984 1597 C

159 1602 279 1636 ἄφεσιν,
297 1601 343 1628 καὶ
360 1601 394 1626 τὰ
423 1600 502 1635 ἑξῆς,
528 1599 677 1632 ἐπήνεγκεν
694 1595 777 1623 εἰπών
791 1604 796 1610 ·
814 1595 948 1629 Σήμερον

159 1647 347 1680 πεπλήρωται
361 1645 380 1678 τ’]
397 1644 501 1679 Γραφὴ
523 1644 599 1677 αὕτη
617 1643 651 1669 ἐν
674 1641 736 1675 τοῖς
755 1641 830 1668 ὠσὶν
850 1641 943 1675 ὑμῶν.

160 1693 190 1719 El.
203 1692 226 1719 δ’
241 1690 287 1718 οὖν
303 1691 436 1726 ὲννοήσειέ
450 1699 501 1722 τις,
513 1690 584 1715 εἴποι
599 1689 631 1715 ἂν
642 1688 672 1714 τὺ
687 1688 764 1722 γένος
774 1687 828 1714 τῶν
843 1686 946 1722 ἀνθρώ-

160 1746 218 1764 πων
233 1737 317 1764 πάλαι
332 1737 463 1773 πρότερον
474 1734 661 1770 αἰχμαλωσίαν
681 1733 733 1760 ὑπὸ
748 1732 802 1758 τῶν
822 1732 946 1767 ἀοράτων

159 1783 308 1818 πολεμίων,
320 1782 374 1808 τῶν
387 1781 494 1817 ἀληθῶς
504 1780 608 1816 ἐχθρῶν
620 1779 666 1806 τοῦ
675 1778 753 1811 Θεοῦ,
764 1777 946 1805 καθελκυσϐὲν

159 1831 198 1862 εἰς
213 1827 445 1863 εἰδωλολατρείας,
463 1827 510 1854 καὶ
531 1826 620 1857 πάσας
642 1824 755 1860 πράξεις
770 1823 885 1858 αἰσχρὰς
900 1823 946 1849 κα)⁸

161 1875 317 1910 ἀθεμίτους,
333 1875 383 1901 οὐκ
398 1874 431 1900 ἂν
444 1873 552 1908 ὀκνήσει
571 1871 661 1906 δεινὴν
675 1870 777 1905 ταύτην
797 1869 878 1904 φάναι
895 1868 945 1903 ψυ-

160 1921 215 1957 χῶν
242 1920 450 1956 αἰχμαλωσίαν,
475 1916 510 1954 ἦς
539 1916 696 1948 ἀπαλλάξας
721 1915 768 1942 καὶ
792 1913 948 1949 ἐλευθέρους

160 1967 400 2003 καταστησάμενος
423 1965 496 2000 ἡμᾶς
515 1965 529 1990 ὁ
551 1963 645 1999 Σωτὴρ
661 1962 708 1989 καὶ
729 1960 831 1996 Κύριος
849 1960 926 1996 ἡμῶν
938 1979 945 1993 ,

159 2013 256 2048 ἄφεσίν
273 2021 303 2040 τε
314 2012 358 2039 διὰ
368 2010 480 2047 λουτροῦ
495 2009 703 2044 παλιγγενεσίας
719 2007 841 2035 παλαιῶν
856 2007 946 2042 πλημ-

999 266 1057 294 haec
1067 270 1157 294 autem
1172 266 1265 294 omnia
1276 273 1292 293 a
1306 265 1361 294 Deo
1372 266 1484 294 dellnita
1501 272 1529 294 et
1543 268 1725 303 prmuntiata
1737 276 1788 296 au-

999 311 1096 345 disset,
1126 315 1188 347 post
1208 311 1309 338 editam
1334 311 1484 339 orationem
1507 314 1562 339 haec
1587 313 1753 341 vaticinatur
1780 323 1788 341 :

999 357 1115 384 Audiam
1127 358 1189 393 quid
1203 357 1324 392 loquetur
1334 357 1361 383 in
1373 365 1412 384 me
1427 357 1554 384 Dominus
1567 358 1638 386 Deus
1650 368 1660 392 ;
1674 359 1790 394 ideoque

999 404 1098 439 pergit,
1109 405 1233 439 quoniam
1244 404 1364 439 loquetur
1374 412 1464 437 pacem
1474 405 1501 431 in
1516 404 1614 439 plebcm
1625 414 1713 433 suam.
1725 405 1789 434 Haec

999 457 1064 478 vero
1079 457 1131 485 pax
1147 454 1204 477 tum
1224 450 1324 484 pepulo
1344 457 1475 477 concessa
1490 455 1543 480 est.
1561 459 1623 478 cum
1639 452 1790 480 misericor-

999 495 1045 523 dia
1061 500 1085 522 et
1099 497 1194 523 veritas
1210 495 1377 523 obviaoerunt
1393 496 1454 528 sibi,
1469 496 1577 530 justitia
1598 501 1622 523 et
1645 505 1696 531 pax
1713 507 1792 526 oscuo

1000 542 1062 569 lata:
1076 547 1147 569 sunt.
1170 541 1236 574 Quae
1261 549 1324 569 cum
1345 542 1383 568 ita
1403 550 1433 570 se
1450 542 1579 575 habeant,
1603 551 1664 570 cum
1682 552 1714 572 ea
1730 553 1791 580 quae

1001 586 1139 622 Propheta
1156 591 1284 622 precatus
1298 587 1397 621 fuerat,
1415 591 1473 615 tum
1484 595 1515 615 ea
1532 596 1592 623 quae
1608 594 1670 616 ante
1687 591 1791 617 oratio-

1000 640 1062 660 nem
1078 632 1194 665 dixerat,
1209 640 1341 661 concessa
1357 632 1445 660 fuere.
1462 632 1530 660 Nam
1541 633 1679 661 benedixit
1693 633 1785 661 Domi-
1803 644 1805 646 ·

1000 685 1052 705 nus
1073 682 1174 705 terram
1196 686 1286 710 suam,
1303 678 1492 706 misericordia
1506 682 1534 706 et
1552 679 1664 706 veritate
1681 686 1713 706 ac
1728 679 1791 706 reli-

1000 724 1062 759 quis
1075 724 1204 759 dignatus
1221 732 1292 757 eam;
1304 724 1371 759 quin
1388 725 1470 751 etiam
1487 725 1639 752 animarum
1657 725 1790 752 humanas

1000 778 1060 796 rum
1077 770 1262 804 captivitatem
1279 770 1388 802 avertit,
1407 770 1497 796 soluto
1520 770 1589 796 bello
1605 770 1737 804 quolibet,
1758 777 1790 797 ac

1000 817 1176 843 reconciliata
1198 824 1273 850 pace,
1291 816 1439 851 fractisque
1456 815 1574 843 vinculis
1598 824 1629 843 ac
1650 816 1789 851 compedi—

1003 862 1055 890 bus
1067 870 1114 897 per
1127 867 1269 897 peccatum
1283 862 1412 889 inductis.
1426 861 1607 894 Quamobrem
1621 862 1683 888 huic
1694 862 1787 890 dicto:

965 902 985 928 Β
1000 909 1128 935 Avertisti
1141 908 1318 942 captivitatem
1330 907 1424 938 Iacob,
1440 905 1512 934 istud
1525 907 1700 941 subjungitur
1715 916 1722 934 :
1739 906 1790 934 Re-

1000 955 1099 981 misisti
1127 954 1279 988 iniquitates
1296 953 1363 987 plebi
1393 958 1461 983 tum;
1483 958 1508 980 et
1534 952 1599 979 illud
1623 961 1629 977 :
1656 952 1790 987 Operuisti

1001 1001 1088 1027 omnia
1104 1005 1211 1034 peccata
1224 1007 1326 1027 eorum.
1346 999 1413 1026 Nam
1443 999 1548 1026 reditus
1563 1006 1596 1026 ex
1619 998 1788 1033 captivitate.

999 1054 1054 1073 non
1071 1047 1124 1073 alio
1136 1054 1218 1082 quam
1230 1054 1279 1081 per
1304 1045 1497 1074 remissionem
1521 1049 1692 1080 peccatorum
1708 1044 1789 1071 modo

1000 1097 1095 1127 partus
1107 1096 1160 1120 est.
1175 1091 1253 1125 Quod
1274 1095 1365 1119 autem
1389 1091 1446 1118 haec
1464 1097 1512 1125 per
1528 1090 1674 1117 adventum
1691 1089 1790 1117 Serva-

1000 1139 1068 1166 toris
1084 1139 1170 1165 nostri
1186 1139 1219 1166 ad
1230 1137 1355 1165 effectum
1366 1137 1483 1165 deducta
1500 1137 1565 1169 sint,
1580 1137 1638 1171 ipse
1656 1136 1684 1163 in
1701 1136 1789 1164 Evan-

1000 1184 1077 1219 geliis
1094 1184 1197 1216 docuit,
1229 1191 1291 1210 cum
1317 1187 1430 1217 accepto
1449 1182 1524 1210 lsaiae
1547 1182 1625 1213 libro,
1645 1186 1788 1217 postquam

1001 1230 1110 1264 legisset
1128 1229 1194 1257 illud
1212 1239 1217 1256 :
1236 1229 1350 1264 Spiritus
1376 1229 1481 1255 Domini
1502 1236 1580 1263 super
1605 1236 1655 1260 me,
1671 1236 1700 1255 eo
1720 1228 1788 1262 quod

999 1277 1104 1302 unxerit
1121 1284 1171 1307 me,
1189 1275 1368 1310 evangeliaare
1383 1274 1542 1308 pauperibus
1563 1275 1635 1301 misit
1656 1282 1705 1307 me,
1720 1281 1789 1308 pra:-

1000 1322 1089 1349 dicare
1104 1323 1213 1356 captivis
1225 1322 1405 1349 dimissionem
1421 1322 1454 1354 ⁸⁷,
1467 1325 1494 1348 et
1508 1325 1622 1354 caetera;
1642 1321 1733 1347 intulit
1745 1321 1788 1348 his

999 1368 1089 1395 verbis
1105 1378 1110 1395 :
1131 1367 1215 1394 Hodie
1228 1368 1334 1402 impleta
1349 1371 1387 1394 est
1404 1367 1459 1394 ha-c
1481 1366 1619 1401 Scriptura
1634 1366 1661 1393 in
1678 1365 1787 1393 auribus

999 1413 1090 1439 vestris
1106 1413 1140 1440 ".
1158 1412 1206 1440 His
1222 1414 1245 1440 si
1264 1413 1326 1447 quis
1343 1412 1464 1439 animum
1479 1411 1616 1445 adhibeat,
1635 1411 1708 1438 dicat
1721 1419 1788 1439 sane
1834 1414 1841 1419 '

999 1468 1084 1494 genus
1100 1459 1240 1486 hominum
1257 1459 1322 1486 olim
1340 1458 1524 1493 captivitatem
1543 1465 1652 1493 passum
1676 1465 1737 1485 esse
1753 1458 1788 1485 ab

999 1505 1320 1536 invisibilibusinimicis,
1339 1512 1402 1532 vere
1419 1504 1465 1531 Dei
1490 1503 1625 1535 hostibus,
1650 1504 1676 1530 in
1699 1503 1788 1530 idolo-

999 1550 1107 1576 latriam
1137 1554 1164 1577 et
1179 1551 1206 1577 in
1221 1550 1309 1584 turpia
1322 1550 1414 1576 omnia
1432 1548 1590 1584 nefariaque
1606 1555 1689 1584 opera
1704 1549 1788 1583 pelle-

998 1599 1090 1628 ctum;
1108 1603 1195 1630 neque
1212 1599 1356 1622 cunctetur
1374 1603 1434 1622 eam
1447 1602 1556 1630 gravem
1569 1595 1722 1621 animarum
1736 1601 1785 1622 ca-

1000 1643 1150 1677 ptivitatem
1169 1643 1357 1678 pronuntiare,
1380 1650 1433 1677 qua
1451 1649 1513 1669 cum
1530 1649 1580 1668 nos
1594 1641 1741 1676 eripuisset
1759 1640 1789 1667 li-

1000 1687 1135 1723 berosque
1151 1688 1341 1716 constituisset
1358 1687 1485 1715 Salvator
1499 1692 1525 1714 et
1537 1686 1669 1715 Dominus
1680 1691 1787 1719 noster,

1000 1740 1130 1760 concessa
1146 1740 1194 1768 per
1215 1732 1353 1760 lavacrum
1375 1732 1590 1767 regenerationis
1609 1732 1788 1767 pristinorum

999 1776 1133 1804 scelerum
1146 1781 1172 1805 et
1184 1777 1353 1812 impietatum
1367 1777 1445 1804 venia
1458 1785 1490 1804 ac
1504 1777 1677 1810 remissione,
1693 1782 1790 1805 auctor

999 1823 1078 1850 nobis
1095 1823 1147 1850 fuit
1175 1824 1324 1858 gratiarum
1347 1823 1464 1850 actionis
1490 1823 1518 1850 in
1551 1823 1657 1858 psalmo
1681 1823 1788 1858 positm,

998 1872 1036 1898 ita
1053 1875 1082 1898 ut
1101 1879 1152 1898 nos
1176 1879 1284 1906 quoque
1312 1870 1404 1897 dicere
1425 1870 1565 1897 valeamus
1585 1879 1591 1897 :
1614 1869 1787 1902 Benedixisti,

1003 1917 1127 1950 Domine,
1146 1922 1243 1944 terram
1265 1922 1355 1948 tuam,
1372 1916 1491 1942 avertisti
1504 1916 1681 1950 captivitatem
1692 1914 1786 1944 Jarob.

999 1963 1139 1990 Remisisti
1169 1963 1322 1998 iniquitates
1347 1961 1429 1997 plebis
1452 1966 1514 1995 tuw,
1546 1961 1672 1996 aperuisti
1698 1962 1787 1988 omnia

998 2013 1104 2042 peccata
1124 2016 1225 2035 eorum.

162 2059 323 2095 μελημάτων
340 2057 387 2084 καὶ
404 2056 480 2083 λύσιν
515 2055 654 2092 προτέρων
672 2054 853 2090 ἀσεϐημάτων
872 2053 1029 2089 παρασχὼν,
1066 2054 1151 2086 αἴτιος
1172 2055 1238 2090 ἡμῖν
1257 2053 1374 2090 κατέστη
1396 2052 1445 2089 τῆς
1476 2055 1505 2081 ὲν
1523 2054 1562 2090 τῷ
1594 2053 1693 2089 ψαλμῷ
1709 2053 1789 2089 εὐχα-

161 2105 276 2139 ριστίας,
290 2105 327 2136 ὠς
345 2103 473 2130 δύνασθαι
496 2102 546 2129 καὶ
569 2103 645 2137 ἡμᾶς
661 2102 766 2135 λέγειν’
787 2100 974 2134 Εὐδόκησας,
1000 2102 1098 2136 Κύριε,
1116 2101 1175 2136 τὴν
1198 2101 1257 2137 γῆν
1283 2108 1352 2133 σου,
1379 2101 1571 2135 ἀπέστρεψας
1600 2098 1658 2135 τὴν
1684 2101 1789 2136 αἰχμα-

161 2150 277 2179 λωσίαν
296 2149 401 2178 Ἰακώϐ.
422 2149 549 2184 Ὰφῆκας
571 2148 624 2181 τὰς
638 2148 763 2182 ἀνομίας
786 2147 839 2174 τοῦ
863 2148 940 2175 λαοῦ
958 2154 1028 2182 σου,
1039 2149 1198 2184 ἑκάλυψας
1209 2148 1309 2182 πάσας
1323 2149 1376 2182 τὰς
1393 2149 1538 2183 ἁμαρτίας
1552 2147 1661 2175 αὐτῶν.

194 2206 249 2234 Καὶ
269 2207 323 2241 γὰρ
342 2207 358 2233 ὁ
372 2206 477 2240 Κύριος
491 2205 580 2231 δώσει
596 2204 795 2239 χρηστότητα,
812 2204 860 2231 καὶ
873 2204 892 2238 ἡ
907 2204 945 2239 γῆ

160 2252 244 2288 ἡμῶν
257 2251 346 2279 δώσει
362 2251 416 2278 τὸν
436 2250 551 2286 καρπὸν
573 2252 678 2285 αὑτης.
715 2251 802 2278 Πάλαι
820 2251 880 2286 μὲν,
902 2251 947 2278 ὅτι

1035 2206 1117 2235 Vus.
1135 2208 1178 2235 15.
1196 2207 1302 2235 Etenim
1320 2206 1448 2234 Dominus
1463 2207 1536 2234 dabit
1557 2207 1751 2242 benignitatem,
1763 2210 1788 2233 et

999 2259 1072 2281 terra
1089 2260 1180 2282 nostra
1192 2255 1266 2282 dabit
1281 2256 1399 2290 fructum
1413 2264 1499 2283 suum.
1511 2255 1582 2282 Olim
1598 2254 1708 2289 quidem
1723 2262 1786 2281 cum

161 2298 212 2325 ὑπὸ
226 2297 348 2335 κατάραν
367 2295 401 2333 ἦν
415 2298 432 2333 ή
446 2297 493 2332 γῆ,
515 2296 635 2329 ἀκάνθας
651 2296 698 2324 καὶ
713 2297 851 2332 τριϐόλους
870 2298 946 2332 Eous,

1001 2299 1052 2326 sub
1063 2299 1208 2327 maledicto
1220 2305 1290 2328 terra
1307 2305 1389 2332 esset,
1407 2300 1500 2334 spinas
1514 2307 1546 2327 ac
1557 2299 1674 2327 tribulos
1689 2299 1788 2334 germi-

161 2343 232 2371 κατὰ
252 2342 283 2370 τὸ
311 2343 463 2379 εἰρημένον·
495 2342 723 2377 Ἐπικατάρατος
742 2343 762 2377 ἡ
781 2343 819 2378 τῆ
839 2344 873 2371 ὲν
888 2343 949 2378 τοῖς

161 2390 258 2425 ἔργοις
272 2397 340 2421 σου,
354 2389 487 2422 ἀκάνθας
503 2390 550 2416 καὶ
563 2391 718 2424 τριϐόλους
734 2389 877 2418 draner
888 2398 948 2417 σοι⁸

161 2437 207 2464 νῦν
223 2436 244 2464 δ’
259 2437 303 2464 ὅτε
322 2437 433 2463 τοιαῦτα
454 2436 544 2471 ἀγαθὰ
564 2437 604 2467 εἰς
624 2436 708 2472 αὐτὴν
731 2436 868 2471 ἐλήλυθεν,
885 2437 951 2463 ἀκο-

161 2483 263 2516 λούθως
277 2483 324 2510 καὶ
337 2483 404 2519 αὑτὴ
419 2483 464 2510 τὸν
480 2483 652 2518 προσήκοντα
671 2483 777 2518 καρπὸν
796 2483 948 2509 ἀποδιδόναι

161 2530 282 2569 λέγεται,
297 2530 344 2557 ἅτε
359 2530 391 2565 δὴ
412 2529 530 2565 τυχοῦσα
545 2529 595 2565 τῆς
609 2529 684 2564 παρὰ
697 2528 744 2555 τοῦ
761 2529 864 2563 Κυρίου
881 2537 948 2563 χρη-

163 2577 300 2613 στᾶτητος.
317 2576 430 2613 Καρπὸς
445 2577 473 2603 δὲ
492 2576 602 2608 ὲπάξιος
621 2576 688 2602 Θεοῦ
703 2576 753 2602 οὐκ
768 2575 882 2602 ἄκανθαι
900 2575 947 2601 καὶ

162 2623 290 2660 τρίὸολοι,
308 2623 375 2649 ἀλλὰ
393 2623 500 2654 πάντως
512 2629 563 2648 που
575 2622 660 2649 ταῦτα
675 2622 708 2648 δι’
723 2618 760 2648 ὧν
774 2621 947 2654 καταξιοῦται

163 2659 287 2704 εὖλογίας
300 2669 349 2704 τῆς
364 2669 437 2705 παρὰ
451 2668 497 2695 τοῦ
511 2668 588 2696 Θεοῦ.
604 2659 646 2703 Γῆ
657 2667 686 2694 δὲ
701 2669 718 2704 ὴ
735 2667 833 2694 πιοῦσα
847 2667 891 2693 τὸν
903 2667 947 2693 ἐπ’

163 2715 248 2750 αὐτῆς
262 2715 407 2750 ἐρχόμενον
426 2715 554 2746 πολλάκις
577 2714 663 2747 ὑετὸν,
680 2713 801 2749 φέρουσά
819 2721 848 2739 τε
868 2713 947 2748 βοτά-

163 2769 212 2797 νην
221 2760 330 2788 εὔθετον
347 2761 470 2792 ἐκεινοις,
491 2761 523 2787 δι’
537 2760 583 2792 οὒς
603 2760 650 2788 καὶ
665 2761 838 2796 γεωργεῖται,
861 2768 946 2794 μετα-

165 2807 297 2843 λαμϐάνει
309 2807 432 2841 εὐλογίας
448 2807 496 2841 τῆς
514 2807 588 2841 παρὰ
606 2807 653 2833 τοῦ
673 2806 751 2834 Θεοῦ.
769 2806 887 2838 Εἰκότως
900 2803 946 2833 οὖν

1000 2345 1095 2377 nabat,
1112 2346 1261 2373 secundum
1280 2346 1345 2372 illud
1364 2356 1369 2373 :
1383 2345 1526 2372 Maledicta
1540 2351 1609 2372 terra
1626 2346 1652 2371 in
1667 2345 1787 2380 operibus

1000 2391 1062 2423 tuis,
1078 2392 1167 2425 spinas
1187 2395 1211 2418 et
1233 2391 1343 2418 tribulos
1360 2391 1516 2425 germinabit
1531 2391 1579 2417 tibi
1592 2391 1614 2406 ”
1630 2399 1636 2418 :
1651 2397 1723 2418 nunc
1738 2398 1786 2417 au-

998 2440 1064 2470 tem,
1079 2445 1141 2464 cum
1158 2438 1186 2464 in
1196 2445 1228 2466 ea
1244 2437 1338 2464 talium
1356 2437 1489 2464 bonorum
1504 2436 1626 2464 accessio
1642 2435 1713 2464 facta
1732 2440 1784 2468 est.

1000 2491 1015 2510 e
1029 2491 1059 2510 re
1076 2488 1271 2519 congruentem
1288 2484 1387 2512 dicitur
1405 2483 1526 2518 proferre
1542 2482 1659 2509 fructum
1673 2491 1680 2515 ;
1694 2486 1787 2517 utpote
1841 2490 1846 2496 '

1000 2539 1060 2566 quae
1087 2530 1192 2558 Domini
1214 2525 1407 2566 benignitatem
1434 2533 1582 2556 consecuta
1599 2528 1644 2555 sil.
1669 2527 1786 2555 Fructus

1000 2581 1097 2605 autem,
1110 2577 1166 2604 Dco
1180 2576 1278 2612 dignus
1294 2585 1347 2603 non
1369 2577 1455 2611 spina:
1471 2579 1498 2603 et
1514 2574 1606 2602 tribuli
1624 2577 1688 2602 sunt
1702 2583 1709 2606 ;
1739 2573 1785 2601 sed

1000 2630 1032 2650 ea
1056 2623 1136 2657 plane
1156 2623 1256 2658 quibus
1284 2622 1331 2650 Dei
1358 2622 1575 2650 benedictionem
1602 2621 1700 2648 sortita
1732 2624 1785 2647 est.

1001 2668 1084 2696 Terra
1103 2677 1166 2697 vero
1187 2677 1247 2704 quae
1266 2669 1435 2697 decidentem
1461 2668 1578 2704 pluviam
1597 2668 1696 2702 saepius
1710 2667 1786 2694 exci-

1000 2715 1040 2749 pit
1051 2719 1077 2741 et
1093 2715 1171 2746 bibit,
1185 2722 1216 2741 ac
1230 2714 1382 2742 cultoribus
1396 2715 1453 2742 suis
1463 2719 1658 2749 congruentem
1674 2713 1786 2740 herbam

1000 2760 1114 2796 profert,
1128 2768 1160 2788 ea
1175 2761 1372 2789 benedictionis
1387 2770 1402 2789 a
1418 2760 1473 2789 Deo
1485 2761 1556 2788 datae
1578 2760 1713 2795 particeps
1732 2762 1784 2785 est.

999 2806 1064 2834 Jure
1081 2814 1145 2843 ergo
1161 2814 1231 2834 nova
1245 2807 1352 2836 cantica
1366 2808 1446 2836 edere
1465 2812 1538 2835 terra
1556 2806 1677 2842 iubetur,
1693 2808 1786 2840 utpote

200 2884 223 2901 "
242 2886 295 2913 In.
312 2892 374 2919 ut,
391 2884 417 2912 1.
454 2883 476 2900 ⁸³
496 2882 563 2917 Luc,
579 2891 615 2918 Iv,
635 2883 679 2912 18.
716 2883 739 2902 ⁸⁹
751 2882 826 2927 _Gen.
846 2890 888 2918 Ill,
904 2882 948 2917 ΓΙ,
