2032 3215
261 169 330 198 i027
377 201 380 204 _

634 167 769 195 EUSEBII
789 166 1026 195 C/ESARIENSIS
1037 167 1114 196 OPP.
1133 166 1223 195 PARS
1238 167 1283 196 Ill.
1297 176 1332 189 —'-
1349 163 1555 199 EXECETICA.

1465 93 1489 103 -μ

1817 171 1883 200 1028

261 233 322 265 qua:
341 228 397 264 jam
414 227 541 255 indicatis
555 227 635 254 bonis
651 227 761 262 dignata
778 227 824 260 sit,
846 235 908 254 cum
930 226 1045 262 Spiritus

1099 227 1134 254 τὰ
1152 227 1232 254 καινὰ
1258 227 1369 263 ᾄσματα
1382 227 1456 263 ᾄδειν
1470 226 1669 264 προστάττεται
1683 226 1702 262 ἡ
1724 227 1771 263 γῆ,
1794 227 1832 260 ὡς
1852 228 1885 255 ἂν

262 280 376 303 sanctus
392 273 444 310 ipsi
459 273 566 301 accinat
578 278 605 301 et
621 273 710 309 dicatl.
725 273 837 301 Caritate
853 273 977 306 Domino,
993 281 1049 300 om-

262 321 303 347 nis
331 325 412 354 terra,
426 324 532 346 cantate
557 319 669 346 Domino
685 319 818 346 canticum
846 327 940 346 novum
955 319 994 351 ἀς
1010 322 1048 352 et,

263 365 394 393 Dominus
421 365 550 400 regnavit,
575 364 719 391 exsultabit
739 368 809 391 terra
826 365 858 397 ",
882 368 909 392 et
931 365 984 391 alia
1007 364 1049 392 his

263 411 374 440 similia.
394 425 429 430 —
444 410 527 438 Vens.
549 410 592 437 H.
609 409 723 437 Iustitia
737 414 797 437 ante
811 419 869 437 eum
891 410 1047 443 ambulabit,

261 464 287 486 et
301 463 379 494 ponet
392 459 420 485 in
435 458 479 484 via
491 465 595 493 gressus
612 459 679 492 ejus.
701 457 789 492 Hujus
803 457 869 485 dicti
886 458 1049 486 sententiam

262 505 394 540 liquidius
419 503 536 531 eﬂ'erunt
560 503 657 538 reliqui
683 504 857 539 interpretes,
876 504 1049 538 maximeque

263 550 444 587 Symmachus
458 552 505 586 qui
532 550 573 578 sic
588 550 670 578 habet
689 559 698 578 ε
715 549 829 578 Iustitia
842 550 1048 585 uniuscujusque

260 597 387 632 pracedet
413 598 509 632 ipsum,
525 602 550 624 et
566 602 642 632 ponet
659 598 686 624 in
701 599 744 625 via
756 597 833 632 pedes
852 597 919 632 ejus.
935 596 1048 624 Collatis

264 649 384 678 namque
394 647 475 670 terrae
487 642 577 674 bonis,
591 642 716 678 quisquis
728 647 828 670 terram
841 642 945 674 incolit,
955 645 1049 678 utpote

260 689 306 724 qui
318 689 432 723 iustitia:
446 688 480 716 de
497 689 568 716 coelo
585 689 776 724 prospicientis
792 696 906 716 consors
921 688 966 720 sit,
984 695 1049 723 pro-

260 734 347 769 priam
360 735 413 762 sibi
422 734 553 769 justitiam
567 734 704 765 obtinens,
714 742 774 762 eam
787 735 815 761 in
825 735 866 761 via
883 733 917 762 ad
930 741 1049 769 superna

260 777 369 809 ducem,
385 784 417 804 ac
428 785 539 813 gressus
554 786 619 807 suos
634 779 795 814 dirigentem
811 779 920 806 habebit
933 787 940 812 ;
957 783 986 806 ut
997 779 1048 806 iter

261 822 295 849 ad
314 823 399 851 caelos
414 831 551 858 emensus,
570 826 772 860 roboratusquc
785 829 813 852 et
828 832 843 852 ο
863 829 1048 860 praecurrente

259 869 365 904 justitia
383 877 431 897 sua
445 876 526 896 manu
535 870 644 904 ductus,
656 879 773 906 superna
789 872 925 906 promissa
946 871 1044 898 nanci-

1100 273 1229 300 τοιούτων
1255 273 1355 309 ἀρτίως
1381 273 1574 309 δεδηλωμένων
1604 273 1813 309 κατηξιωμένη,
1837 274 1884 301 τοῦ

1100 320 1177 355 ἁγίου
1196 320 1353 356 Πνεύματος
1372 320 1571 356 ἐπιφωνοῦντος
1594 320 1662 356 αὐτῇ
1682 320 1729 347 καὶ
1750 320 1883 354 λέγοντος·

1102 367 1215 402 ’ᾼσατε
1230 367 1270 400 τῷ
1290 367 1389 401 Κυρίῳ
1409 366 1494 395 πᾶσα
1513 366 1532 400 ἢ
1556 366 1605 401 γῆ,
1618 366 1712 400 ᾷσατδ
1726 365 1766 399 τῷ
1789 367 1886 400 Κιφίῳ

1099 410 1181 447 ᾆσμα
1196 413 1310 440 καινόν·
1326 413 1383 447 καὶ,
1399 413 1506 447 Κύριος
1517 412 1727 445 ἐϐασίλευσεν,
1743 412 1886 447 ἀγαλλιά-

1099 464 1184 486 σεται
1205 459 1225 492 ἠ
1247 459 1297 494 γῆ,
1321 459 1368 486 καὶ
1386 460 1436 486 ὅσα
1457 459 1561 491 τούτοις
1579 459 1660 494 ὅμοια
1678 459 1816 494 τυγχάνει.
1841 458 1886 485 Δι-

1098 504 1247 538 καιοσύνη
1273 504 1412 532 ἐναντίον
1440 504 1535 531 αὐτοῦ
1563 505 1810 539 προπορεύσεται,
1837 504 1887 532 καὶ

1099 550 1186 584 θήσει
1202 552 1246 584 εἰς
1261 551 1333 578 όδὸν
1352 551 1388 578 τὰ
1405 551 1569 587 διαδήματα
1590 551 1694 579 αὑτοῦ.
1717 551 1819 578 Τούτου
1837 550 1886 586 τὴν

1097 596 1217 624 διάνοιαν
1232 597 1398 634 σαφέστερον
1414 598 1592 625 ὲκδεδώκασιν
1610 599 1635 624 ol.
1650 597 1738 624 λοιποὶ
1753 598 1886 632 έρμηνευι

1097 641 1152 673 ταὶ,
1175 642 1221 668 καὶ
1241 642 1357 677 μάλιστα
1382 644 1396 670 ὁ
1417 643 1565 679 Σύμμαχος
1587 642 1680 670 εἰπών’
1706 643 1886 676 Δικαιοσύνη

1097 687 1227 715 ἑκάστου
1240 690 1454 723 προελεύσεται
1469 690 1572 723 αὐτὸν,
1588 689 1638 716 καὶ
1653 690 1740 723 θήσει
1755 690 1798 722 εις
1814 689 1885 716 ὁδὸν

1097 733 1168 766 τοὺς
1182 734 1277 768 πόδας
1290 736 1393 764 αὐτοῦ.
1408 737 1485 764 Μετὰ
1494 736 1547 772 γὰρ
1557 736 1592 763 τὰ
1603 738 1636 772 τῇ
1650 738 1685 773 γῇ
1700 737 1886 772 κεχαρισμένα

1096 778 1188 813 ἀγαθὰ
1199 779 1314 812 ἕκαστος
1323 780 1378 807 τῶν
1390 780 1438 816 τὴν
1451 781 1503 816 γῆν
1518 782 1729 812 κατοικούντων,
1742 780 1779 813 ὼς
1790 780 1823 807 ἂν
1836 780 1884 815 τῆς

1097 823 1128 856 ἐξ
1146 824 1267 860 οὐρανῶν
1289 826 1459 862 διακυψὰσης
1483 826 1654 862 δικαιοσύνης
1670 825 1822 862 μετασχὼν,
1839 826 1886 852 καὶ

1099 869 1180 902 αὐτὸς
1196 870 1263 897 ἰδίαν
1278 872 1448 907 κτησάμενος
1463 872 1644 908 δικαιοσύνην,
1659 871 1714 904 ἕξει
1728 870 1812 907 αὐτὴν
1824 879 1886 906 προ·

263 919 357 942 scatur
373 925 379 942 :
400 924 459 950 qua:
477 915 604 943 Salvator
615 920 643 944 et
657 916 789 946 Dominus
812 921 906 944 noster
920 916 1045 944 omnibus

1098 915 1217 949 ἀγουσαν
1233 916 1313 943 αὐτὸν
1334 917 1374 948 εἰς
1395 917 1444 952 τὴν
1463 918 1519 944 ἄνω
1542 917 1674 952 φέρουσαν
1690 916 1760 949 ὁδὸν,
1781 916 1829 943 καὶ
1850 915 1884 942 τὰ

261 959 417 988 hominibus
432 961 603 989 annuntiavit
619 961 713 989 dicens
729 971 735 989 :
752 962 977 997 Appropinquavit
1002 970 1046 989 re-

259 1013 338 1040 gnum
366 1006 545 1040 cmlorum“;
578 1011 604 1035 et
631 1007 709 1034 Beati
740 1007 892 1042 hujusmodi
913 1007 1044 1040 homines,

259 1052 382 1086 quoniam
397 1053 515 1087 ipsorum
527 1057 567 1080 est
584 1061 693 1087 regnum
708 1053 832 1080 caelorum
852 1053 885 1081 ⁸³.

1098 961 1254 997 διαδήματα
1270 962 1353 998 αὐτῆς
1372 963 1602 990 κατατάττουσαν·
1623 964 1697 995 ὅπως
1714 962 1826 994 ὁδεύσας
1837 962 1884 997 τὴν

1099 1009 1139 1040 είς
1151 1009 1282 1044 οὐρανοὺς
1298 1009 1442 1045 φέρουσαν,
1458 1010 1698 1046 ὲπιστηριζόμενός
1715 1018 1745 1036 τε
1765 1008 1812 1036 καὶ
1828 1016 1884 1044 χει-

1100 1055 1307 1090 ραγωγούμενος
1324 1055 1375 1082 ὑπὸ
1396 1056 1446 1091 τῆς
1469 1056 1642 1092 προαγούσης
1658 1056 1738 1083 αὑτὸν
1749 1054 1884 1082 δικαιοσύ-

258 1105 307 1134 νης
323 1096 415 1131 αὐτοῦ,
431 1098 507 1133 τύχοι
524 1098 578 1125 τῶν
599 1099 768 1135 ἐπουρανίων
785 1100 965 1134 ἐπαγγελιῶν,
985 1100 1018 1131 ἃς
1033 1101 1046 1126 ὀ
1066 1100 1160 1136 Σωτὴρ
1191 1101 1238 1128 καὶ
1252 1101 1353 1137 Κύριος
1369 1102 1448 1138 ἡμῶν
1466 1103 1600 1139 ἐκήρυττε
1620 1104 1702 1130 πᾶσιν
1728 1101 1884 1138 ἀνθρώποις

258 1145 354 1179 λέγων·
369 1147 506 1182 Ἤγγικεν
519 1147 538 1180 ἠ
549 1147 695 1178 ,βασιλεία
707 1147 766 1174 τῶν
776 1147 923 1181 οὐρανῶν·
937 1148 994 1181 καὶ,
1010 1148 1155 1183 Μακάριοι
1169 1151 1197 1176 οἱ
1227 1149 1348 1183 τοιοίδε,
1363 1149 1407 1177 ὅτι
1420 1149 1520 1178 αὐτῶν
1530 1150 1614 1177 ἐστιν
1625 1151 1644 1184 ἡ
1662 1150 1806 1183 ,ϐασιλεία
1825 1148 1885 1176 τῶν

258 1194 294 1220 οὐ
307 1193 402 1221 »αν-ῶν.

401 1273 532 1302 ORATIO
551 1272 618 1301 INSI
636 1274 751 1302 DAVID.
773 1275 903 1303 LXXXV.

295 1343 378 1372 Vens.
396 1343 422 1371 l.
440 1340 556 1376 Inclina,
569 1342 692 1375 Domine,
717 1352 808 1371 aurem
823 1349 896 1372 tuam
909 1349 934 1371 et
948 1344 1046 1372 exaudi

260 1400 311 1424 me,
329 1390 452 1426 quoniam
475 1390 549 1422 inops
574 1395 599 1417 et
617 1397 716 1424 pauper
731 1398 790 1417 sum
806 1399 862 1425 ego.
876 1390 944 1418 Cum
959 1390 1002 1418 his
1016 1390 1045 1418 in

260 1436 330 1465 locis
343 1440 462 1472 quatuor
475 1435 573 1471 psalmi
588 1436 705 1471 ﬁliorum
723 1435 790 1464 Core
808 1436 932 1472 inscripti
948 1444 1045 1464 conse-

260 1487 375 1518 quenter
389 1486 536 1518 ponantur,
551 1489 667 1517 quorum
682 1482 787 1516 primus
807 1485 850 1510 est
865 1489 980 1514 unm,
1002 1489 1045 1510 se-

260 1529 367 1557 cundus
378 1537 489 1561 Lxxxtv,
505 1529 603 1556 tertius
619 1534 729 1561 Lxxxvr,
745 1532 901 1564 postremus
913 1535 1024 1556 Lxxxvtt
1035 1548 1043 1561 ,

259 1581 411 1611 opportune
420 1579 524 1610 quaerat
540 1575 639 1609 aliquis
651 1575 716 1609 quid
732 1582 823 1602 causa:
841 1574 887 1606 sit,
900 1575 971 1610 quod
984 1582 1045 1602 ora-

1255 1276 1441 1303 ΠΡΟΣΕΥΧΗ
1462 1277 1506 1312 Τῼ
1532 1277 1641 1304 ΔᾹΥΙΔ.
1656 1277 1718 1304 ΠΕ.

1131 1339 1253 1372 Κλῗνον,
1269 1340 1366 1373 Κύριε,
1380 1339 1414 1366 τὸ
1425 1336 1480 1373 οὖς
1490 1348 1558 1372 σου,
1570 1341 1619 1368 καὶ
1630 1340 1804 1369 ὲπάκουσόν
1812 1352 1882 1378 μου,

1096 1386 1140 1414 ὅτι
1156 1386 1273 1421 πτωχὸς
1287 1386 1336 1413 καὶ
1360 1387 1455 1421 πένης
1472 1387 1531 1422 εἰμὶ
1547 1387 1613 1422 ἐγώ.
1633 1388 1780 1424 Τεσσάρων
1800 1390 1882 1417 ὄντων

1096 1433 1194 1469 ἑφεξῆς
1219 1433 1334 1468 ψαλμῶν
1359 1433 1413 1461 τῶν
1441 1433 1688 1470 ἐπιγεγραμμένων
1713 1434 1787 1463 υιῶν
1805 1437 1882 1471 Κορὲ

1097 1480 1167 1506 κατὰ
1191 1480 1254 1511 τοὺς
1273 1479 1411 1514 παρόντας
1434 1479 1543 1512 τόπους,
1565 1479 1673 1516 πρώτου
1697 1481 1746 1516 μὲν
1759 1482 1807 1508 τοῦ
1826 1486 1881 1517 πγ⁴,

1097 1524 1190 1551 ἔπειτα
1211 1524 1258 1551 τοῦ
1279 1524 1331 1557 πδ¹,
1349 1525 1396 1551 καὶ
1414 1525 1506 1561 τρίτου
1523 1525 1571 1552 τοῦ
1587 1529 1645 1559 σις’,
1662 1527 1708 1553 καὶ
1728 1528 1882 1555 τελευταίου

1096 1571 1143 1598 τοῦ
1162 1571 1215 1603 πζ¹,
1237 1571 1295 1603 πῶς
1310 1572 1473 1608 ὴπροσευχὴ
1490 1572 1536 1599 τοῦ
1554 1573 1634 1600 Δαυῒδ
1648 1573 1780 1610 ἀκαίρως,
1796 1575 1834 1607 ὡς
1849 1576 1882 1602 ἂν

259 1622 299 1648 tio
322 1621 431 1648 Davidis
455 1621 655 1655 intempestive,
673 1624 703 1647 ut
726 1621 860 1655 quispiam
887 1621 995 1653 dixerit,
1015 1621 1043 1647 in

1095 1618 1164 1644 εἴποι
1182 1626 1234 1650 τις⁷
1256 1617 1478 1652 παρεμϐέόληται
1500 1618 1580 1654 μέση,
1600 1618 1718 1653 εὐλόγως
1738 1620 1770 1647 ἄν
1785 1629 1826 1652 τις
1840 1621 1882 1653 ἐξα

261 1666 351 1694 medio
367 1673 462 1694 eorum
477 1666 565 1693 locata
583 1666 674 1694 fuerit.
692 1666 810 1694 JEstimo
826 1667 909 1702 igitur
919 1674 972 1694 non
985 1667 1045 1694 sine

260 1719 362 1746 causa,
388 1711 436 1740 sed
456 1712 689 1747 opportunissime
715 1713 854 1740 vaticiniis
876 1712 909 1740 de
934 1713 1045 1740 Christo

261 1757 411 1784 immistam
427 1755 498 1783 hanc
511 1757 661 1784 orationem
677 1757 772 1785 fuisse.
787 1757 857 1790 Quia
870 1758 942 1785 enim
960 1758 1046 1785 bono-

260 1809 321 1829 rum
341 1801 485 1837 promissa,
501 1802 608 1829 veniam
632 1807 817 1838 peccatorum,
834 1803 882 1831 Dei
899 1804 933 1831 ad
954 1804 1044 1832 homi-

259 1856 309 1876 nes
334 1848 491 1881 adventum,
508 1848 610 1877 Christi
635 1849 816 1884 redemptoris
838 1857 870 1877 ac
892 1849 1045 1878 Servatoris

259 1894 400 1922 hominum
416 1895 678 1930 peregrinationem,
698 1895 778 1930 primi
803 1897 901 1931 psalmi
926 1897 1045 1932 ﬁliorum

259 1941 325 1968 Core
355 1941 478 1976 inscripti
496 1941 727 1973 vaticinabantur,
745 1941 872 1970 videlicet
897 1950 1000 1970 Luxu!
1018 1946 1046 1970 et

258 1996 368 2020 Lxxxrv,
385 1988 439 2015 imo
452 1988 533 2015 etiam
547 1988 594 2024 qui
618 1993 712 2023 postea
728 1987 846 2023 ﬁliorum
865 1988 931 2016 Core
946 1989 1045 2017 inscri-

259 2035 370 2066 buntur,
388 2034 507 2069 gentium
525 2034 706 2068 vocationem,
725 2034 826 2062 Christi
849 2039 951 2068 ortum,
970 2043 1045 2063 mor-

259 2085 311 2107 tem
329 2079 363 2106 ab
374 2087 407 2106 eo
422 2086 471 2114 pro
486 2079 642 2106 hominibus
658 2084 824 2115 susceptam.
840 2080 1041 2115 praedicabant;

258 2125 378 2152 arbitror
389 2124 416 2151 in
430 2124 520 2152 medio
533 2125 680 2160 prophetiae
695 2125 777 2153 hasce
799 2133 844 2153 res
859 2126 1043 2161 praenuntian-

258 2174 294 2200 tis
312 2172 471 2200 necessario
496 2172 613 2207 positam
632 2172 718 2200 fuisSe
745 2172 856 2201 Davidis
880 2174 1041 2206 orationem,

257 2227 309 2254 qua
326 2219 461 2254 supplicat
477 2219 547 2246 bona
560 2226 608 2253 per
620 2218 787 2247 Salvatorem
803 2220 938 2248 universis
954 2219 1044 2247 homio

257 2266 339 2293 nibus
355 2265 537 2301 procuranda,
554 2265 604 2292 sibi
617 2272 726 2300 quoque
743 2265 882 2299 conferri;
896 2270 927 2294 ut
947 2267 1043 2304 etipse

257 2312 390 2339 bonorum
403 2319 463 2346 quze
475 2311 500 2338 in
513 2310 655 2346 prophetia
669 2311 848 2339 euuntiantur
858 2319 983 2344 consors,
994 2302 1042 2340 ἶνε-
1056 2302 1079 2330 1)

256 2359 330 2385 niam
347 2362 522 2393 peccatorum
551 2360 746 2392 consequatur,
769 2365 922 2393 magnoque
940 2358 986 2386 illo
1010 2366 1042 2386 ac

257 2404 369 2431 salutari
387 2404 459 2432 bono
475 2403 591 2437 fruatur,
606 2404 677 2438 quod
694 2404 822 2432 onmibus
838 2405 965 2440 gentibus
979 2413 1042 2440 pro-

256 2450 384 2477 mittitur.
402 2451 430 2478 ln
446 2450 498 2478 hac
517 2450 609 2485 itaque
631 2450 756 2477 oratione
777 2450 862 2478 David
883 2450 995 2478 effusam
1015 2451 1042 2479 in

255 2503 351 2523 omnes
365 2500 459 2530 gentes
479 2495 594 2531 gratiam
612 2499 756 2528 memorat,
771 2503 852 2530 quam
867 2495 996 2523 demirari
1012 2503 1041 2524 se

256 2547 283 2571 et.
310 2548 421 2576 stupere
447 2543 589 2576 prolitetur
613 2541 655 2569 his
671 2541 763 2569 verbis
781 2551 788 2569 :
806 2541 866 2568 Non
886 2546 925 2568 est
944 2542 1040 2569 similis

257 2588 296 2614 tui
310 2587 337 2614 in
351 2586 414 2618 diis,
433 2586 550 2617 Domine,
565 2590 589 2612 et
605 2593 656 2612 non
672 2590 710 2612 est
732 2586 873 2613 secundum
888 2594 967 2621 opera
983 2590 1038 2613 tua.

258 2633 354 2660 Omnes
369 2637 454 2667 gentes
470 2639 635 2666 quascunque
647 2631 733 2665 fecisti
745 2632 844 2658 venient
856 2636 880 2658 et
891 2630 1040 2658 adorabunt

255 2687 346 2706 coram
362 2683 394 2704 te.
411 2677 481 2710 Quia
497 2677 580 2712 igitur
594 2677 651 2712 ipse
666 2685 774 2712 quoque
793 2677 869 2712 paria
884 2677 955 2704 bona
974 2684 1040 2704 con--

257 2725 332 2761 sequi
347 2723 521 2760 precabatur,
536 2724 687 2750 orationem
709 2731 785 2751 suam
802 2723 829 2751 in
854 2722 943 2750 medio
967 2722 1040 2758 psal-

256 2779 362 2797 morum
375 2769 593 2804 evangelicorum
607 2773 788 2804 congruenter
804 2769 915 2796 locavit.
931 2768 993 2796 Haec
1007 2768 1040 2796 de

257 2814 393 2848 proposita
412 2813 562 2848 quaestione
579 2812 652 2840 dicta
676 2813 742 2840 sint.
765 2813 822 2841 Nec
845 2813 1038 2850 ignorandum,

1095 1663 1224 1690 ετάσειεν.
1243 1662 1379 1698 Ἦγοῦμαι
1392 1663 1482 1690 τοίνυν
1493 1663 1543 1690 οὐκ
1554 1663 1668 1698 ἀλόγως,
1684 1664 1742 1691 ἀλλ’
1758 1665 1883 1701 εὐκαιρό-

1094 1716 1163 1734 τατα
1182 1709 1242 1739 ταῖς
1263 1708 1327 1744 περὶ
1347 1708 1396 1735 τοῦ
1417 1708 1536 1744 Χριστοῦ
1560 1710 1738 1746 προφητείαις
1754 1719 1881 1747 παραμεο

1096 1753 1189 1789 μιχθαι
1203 1753 1253 1790 τὴν
1270 1754 1452 1790 προκειμένην
1469 1756 1560 1792 εὐχήν.
1584 1756 1691 1792 Ἐπειδὴ
1705 1757 1759 1792 γὰρ
1771 1757 1882 1791 ἀγαθῶν

1095 1799 1260 1833 ἐπαγγελίας
1276 1801 1324 1827 καὶ
1344 1801 1454 1836 ἀφέσεις
1476 1801 1691 1837 ἁμαρτημάτων,
1710 1802 1778 1829 Θεοῦ
1794 1812 1825 1830 τε
1843 1805 1882 1836 εἰς

1094 1844 1254 1880 ἀνθρώπους
1267 1847 1418 1882 παρουσίαν
1439 1847 1486 1874 καὶ
1504 1847 1622 1883 Χριστοῦ
1642 1848 1732 1882 ἄφιξιν
1744 1847 1882 1884 λυτρωτοῦ

1095 1891 1142 1918 καὶ
1156 1891 1280 1927 Σωτῆρος
1302 1892 1463 1928 ἀνθρώπων,
1480 1893 1504 1919 οἱ
1524 1893 1627 1929 πρῶτοι
1643 1893 1697 1920 τῶν
1711 1895 1880 1930 ἐπιγεγραμ-

1096 1937 1183 1972 μένων
1208 1938 1280 1965 υιῶν
1296 1939 1371 1973 Κορὲ
1397 1942 1594 1976 προεφήτευον,
1623 1940 1667 1967 ὅτε
1687 1944 1732 1975 πγ¹
1756 1940 1804 1968 καὶ
1828 1940 1880 1967 πᾶ.

1101 1983 1180 2010 Ἀλλὰ
1199 1984 1245 2011 καὶ
1263 1985 1287 2011 οἱ
1304 1985 1367 2020 ἑξῆς
1381 1986 1567 2022 ἐπιλεγόμενοι
1583 1986 1638 2014 τῶν
1653 1987 1726 2014 υἱῶν
1735 1987 1821 2021 Κορὲ,
1835 1987 1882 2014 καὶ

1094 2029 1170 2056 αὐτοὶ
1184 2030 1268 2057 ἐθνῶν
1286 2031 1382 2067 κλῆσιν
1393 2032 1608 2068 εὐηγγελίζοντο,
1622 2033 1668 2060 καὶ
1680 2033 1798 2068 Χριστοῦ
1809 2033 1882 2067 γένε-

1095 2085 1147 2108 σιν,
1163 2076 1269 2104 καὶτὸν
1290 2078 1359 2114 ὑπὲρ
1379 2078 1529 2114 ἀνθρώπων
1551 2078 1632 2106 αὐτοῦ
1654 2079 1775 2106 θάνατον·
1797 2080 1882 2113 ἁναγν

1093 2123 1178 2155 καίως
1194 2123 1312 2160 ἠγοῦμαι
1330 2124 1381 2160 τῆς
1405 2125 1469 2162 περὶ
1487 2125 1589 2152 τούτων
1609 2126 1776 2160 προφητείας
1795 2125 1881 2161 μέσην

1093 2169 1337 2206 παρεμΰεὸλῆσθαι
1350 2171 1400 2206 τὴν
1412 2171 1565 2208 προσευχὴν
1576 2172 1622 2199 τοῦ
1634 2172 1724 2204 Δαυῒδ,
1736 2173 1769 2199 δι’
1778 2171 1812 2209 ἦς
1824 2175 1881 2199 ἰκε-

1092 2215 1165 2242 τεύει
1182 2217 1274 2251 τυχεῖν
1295 2217 1342 2244 καὶ
1361 2217 1442 2250 αὐτὸς
1462 2218 1515 2245 τῶν
1531 2217 1575 2245 διὰ
1590 2218 1636 2245 τοῦ
1658 2214 1783 2254 Σωτῆρος
1798 2220 1880 2246 πᾶσιν

1093 2261 1245 2298 ἀνθρώποις
1258 2263 1477 2299 προξενουμένων
1490 2263 1609 2298 ἀγαθῶν·
1623 2264 1661 2296 ὡς
1678 2264 1721 2298 ἂν,
1736 2264 1784 2291 καὶ
1800 2264 1880 2297 αὐτὸς

1093 2309 1237 2344 γενόμενος
1252 2309 1380 2341 κοινωνὸς
1396 2310 1450 2336 τῶν
1467 2310 1723 2347 προφητευομένων,
1738 2310 1813 2346 τύχοι
1832 2311 1880 2346 μὲν

1095 2354 1218 2389 ἀφέσεως
1235 2356 1386 2392 ἁμαρτιῶν,
1407 2356 1554 2384 ἀπολαύσοι
1571 2356 1599 2384 δὲ
1613 2357 1663 2393 τῆς
1683 2357 1817 2392 σωτηρίου
1833 2366 1880 2392 με·

1095 2401 1263 2437 γαλοδωρεᾶς
1283 2403 1333 2437 τῆς
1356 2403 1422 2430 πᾶσι
1441 2404 1497 2435 τοῖς
1516 2403 1603 2430 ἔθνεσι
1624 2403 1878 2439 εὐαγγελιζομένης.

1094 2449 1265 2484 Μνημονεύει
1282 2448 1347 2483 γοῦν
1361 2449 1390 2476 έν
1409 2451 1441 2485 τῇ
1457 2449 1539 2476 αὐτοῦ
1555 2451 1692 2485 προσευχῇ
1706 2450 1719 2475 ὁ
1733 2445 1816 2475 Δαυῖδ
1829 2449 1878 2484 τῆς

1093 2495 1132 2526 εἰς
1148 2494 1182 2521 τὰ
1196 2494 1258 2530 ἔθνη
1273 2495 1400 2531 χυθείσης
1418 2495 1464 2522 τοῦ
1486 2495 1552 2522 Θεοῦ
1577 2495 1696 2531 χάριτος,
1718 2495 1877 2530 ἀποθαυμά-

1093 2541 1147 2573 ζων
1162 2541 1208 2568 καὶ
1224 2541 1438 2577 ἐκπληττόμενος
1451 2543 1499 2578 τὴν
1512 2542 1600 2578 χάριν,
1615 2542 1648 2568 δι’
1661 2538 1700 2568 ὧν
1713 2550 1806 2576 φησιν·
1818 2542 1877 2568 Οὺκ

1091 2586 1178 2612 ἔστιν
1191 2585 1292 2621 ὅμοιός
1309 2595 1358 2613 σοι
1385 2587 1420 2613 ὲν
1438 2586 1525 2620 θεοῖς,
1549 2587 1646 2620 Κύριε,
1670 2586 1718 2613 καὶ
1742 2587 1798 2612 οὐκ
1813 2585 1877 2611 ἐστι

1092 2634 1167 2658 κατὰ
1180 2633 1215 2658 τὰ
1231 2631 1302 2666 ἔργα
1318 2641 1387 2659 σου.
1404 2632 1504 2659 Πάντα
1519 2633 1555 2659 τὰ
1569 2633 1641 2666 ἔθνη
1659 2632 1717 2659 ὅσα
1730 2631 1877 2665 ἐποίησας

1093 2676 1202 2709 ’ἥξουσι
1215 2678 1263 2704 καὶ
1279 2679 1549 2711 προσκυνήσουσιν
1569 2677 1696 2704 ἐνώπιόν
1709 2685 1777 2704 σου.
1801 2677 1876 2703 Ἐπεὶ

1091 2722 1181 2748 τοίνυν
1201 2723 1248 2749 καὶ
1271 2723 1352 2755 αὐτὸς
1373 2723 1471 2759 ηὔχετο
1491 2723 1538 2750 τοῦ
1561 2723 1625 2750 ῐσων
1645 2722 1754 2757 ἀγαθῶν
1773 2724 1874 2758 τυχεῖν,

1092 2768 1202 2799 εἰκότως
1218 2769 1267 2804 τὴν
1284 2768 1380 2795 ἑαυτοῦ
1397 2770 1550 2805 προσευχὴν
1566 2769 1651 2805 μέσην
1664 2769 1718 2795 τῶν
1735 2767 1874 2802 εὐαγγελι-

1092 2814 1147 2840 κῶν
1166 2814 1281 2850 ψαλμῶν
1304 2815 1500 2851 παρεμϐάλλει.
1524 2815 1615 2842 Ταῦτα
1643 2815 1692 2850 μὲν
1709 2812 1755 2842 οὖν
1771 2815 1811 2845 εἰς
1825 2813 1874 2849 τὴν

291 2891 313 2906 ⁸ο
333 2891 403 2918 Psal.
424 2898 484 2924 xcv,
504 2890 528 2918 i.
567 2891 588 2906 ⁶¹
609 2889 682 2918 Psal.
701 2897 777 2924 xcvr,
798 2892 822 2918 1.
862 2892 884 2907 ιι
903 2890 999 2919 Matth.
1017 2899 1045 2918 Ill

1095 2893 1108 2918 ξ.
1147 2892 1169 2906 ⁸³
1189 2891 1282 2919 Matth.
1297 2901 1324 2924 v,
1338 2892 1365 2923 3,
1385 2892 1427 2920 i0.
