2032 3215
144 170 214 199 ἔω

699 170 958 200 connexus“
975 171 1011 200 lN
1031 163 1205 202 Psawosi

1313 155 1343 187 τ
1357 133 1392 177 ⁵1
1699 176 1769 206 ιοδο

143 227 283 264 λεχθεῖσαν
297 226 427 263 πρότασιν
440 226 566 263 εἰρήσθω.
582 227 641 263 Χρὴ
656 228 684 254 δὲ
703 229 739 264 μὴ
755 229 870 263 ἀγνοεῖν,
887 230 914 256 ὂτ

966 261 967 264 η
980 230 1049 257 alios
1061 230 1205 265 plerosque
1217 231 1336 266 psalmos
1351 239 1411 260 chc
1422 233 1479 269 qui,
1492 232 1597 266 Oratio,
1610 233 1767 263 inscribun-

143 274 189 301 καὶ
205 273 279 301 ἄλλοι
302 272 408 304 πλείους
429 272 482 299 εἰσὶ
497 273 674 308 Προσευκῆς
698 275 930 311 ἐπιγεγραμμένοι

141 317 252 353 ψαλμοῖ·
264 317 321 344 ἀλλ’
334 314 410 349 οὗτος
425 319 493 352 μετά
510 318 676 354 προσθήκης,
699 320 752 347 τοῦ
769 321 869 354 Δαυῒδ,
889 322 929 348 εί-

143 370 232 397 ρηται·
243 362 335 398 ἕτερος
347 362 375 389 δὲ
389 362 601 398 ἐπιγέγραπται,
614 365 772 400 Προσευχὴ
783 366 836 393 τοῦ
846 368 929 394 Μωϋ-

140 407 181 442 σῆ
194 407 350 447 ἀνθρῴπου
365 408 417 435 tot”:
436 408 519 435 Θεοῦ·
537 410 582 435 καὶ
596 409 683 443 ἄλλος,
702 412 860 447 Προσευχὴ
875 413 928 441 τοῦ

140 454 357 489 πτωχοῦ,’ὄταν
367 454 517 489 ἀκηδιάσῃ
534 455 581 482 καί
600 456 738 484 ἐναντίον
751 459 803 485 τοῦ
817 460 928 494 Κυρίου

139 501 231 535 ἐκχέῃ
246 500 303 534 τὴν
315 499 424 534 δέησιν
435 501 537 528 αὑτοῦ.
561 502 629 529 Ἀλλ’
640 503 677 535 ὡς
693 504 928 541 ἐπαναϐεϐηκότες

137 546 186 578 τὰς
202 547 231 573 ἐν
294 546 398 582 Παλαιᾷ
411 547 504 582 Γραφῇ
523 549 684 584 προσευχὰς,
701 550 725 576 οἱ
742 549 787 576 τοῦ
803 551 928 587 Σωτῆρος

137 591 216 627 ἡμῶν
240 592 391 621 ἀπόστολοι,
406 593 599 628 προσελθόντες
615 594 706 628 ἠξίουν
725 596 806 623 αὑτὸν
824 597 927 631 διδάξαι

136 637 234 669 αὐτοὺς
255 637 470 673 προσεύχεσθαι·
494 639 508 665 ὁ
525 631 553 666 δὲ
569 640 699 674 διδάσκει,
725 642 816 677 μόνοις
834 644 926 677 αὐτοῖς

136 683 183 710 καὶ
197 684 253 715 τοῖς
268 683 372 719 ὁμοίοις
394 685 559 720 κατάλληλον
576 687 738 722 παραδιδοὺς
761 691 924 727 προσευχήν.

135 729 181 756 Διό
202 738 268 765 φησι
292 729 360 766 πρὸς
385 731 492 762 αὐτούς·
520 731 617 766 Οὕτως
641 732 697 760 οὖν
720 736 926 771 προσεύχεσθε

135 775 228 810 ὑμεῖς·
245 775 340 810 Πάτερ
355 776 440 811 ἡμῶν
453 778 469 804 ό
479 777 513 804 ἐν
524 777 585 810 τοῖς
595 779 742 813 οὐρανοῖς,
757 781 925 817 ἁγιασθήτω

135 821 168 848 τὸ
187 821 281 856 ὄνομά
296 830 365 855 σου,
387 823 432 849 καὶ
453 823 487 849 τὰ
510 824 584 859 ἑξῆς.
609 825 743 858 Ἕκαστος
761 824 808 853 οὖν
831 828 924 855 ἑαυτὸν

133 867 313 903 δοκιμαζέτω,
334 869 389 895 εἴτε
404 869 478 902 ἄξιός
496 870 579 903 ἐστιν,
597 871 634 903 ὡς
652 872 702 908 ἤδη
724 873 780 905 υἱὸς
794 874 859 900 Θεοῦ
878 884 924 909 γε-

981 280 1044 309 tur;
1060 276 1108 304 sed
1122 276 1168 304 hic
1182 284 1246 304 cum
1267 278 1319 305 hoc
1345 279 1541 314 additamento,
1558 281 1679 314 Davidis,
1703 291 1768 318 pro-

980 321 1086 356 fertur;
1103 322 1173 350 alius
1198 323 1221 339 “
1247 331 1312 351 vero
1328 325 1486 353 inscribitur
1509 337 1516 355 τ
1541 327 1635 355 Oratio
1664 321 1766 365 Moysi:

979 367 1091 395 hominis
1108 367 1173 402 Dei;
1184 368 1254 397 alius
1269 369 1303 402 ",
1322 370 1416 398 Oratio
1433 374 1566 407 pauperis,
1586 382 1646 401 cum
1668 375 1765 402 anxius

979 414 1076 448 fuerit,
1099 419 1124 442 et
1150 415 1176 442 in
1201 421 1339 450 conspectu
1367 413 1472 445 Domini
1516 419 1638 454 effuderit
1663 428 1765 455 precem

979 468 1065 489 suam.
1078 459 1131 489 Sed
1159 463 1388 497 quemadmodum
1416 466 1532 500 apostoli
1550 465 1700 496 Salvatoris
1717 476 1765 495 uo-

979 506 1049 538 stri,
1072 505 1180 536 Veteris
1220 507 1370 544 Scriptum
1404 510 1576 539 orationibus
1608 513 1764 548 superiores

977 550 1083 584 effecti,
1113 553 1274 581 accedentes
1297 554 1432 590 rogabant
1459 563 1541 588 eum,
1563 562 1592 585 ut
1615 566 1643 585 se
1667 559 1763 586 orandi

977 596 1087 624 modum
1104 597 1246 632 edoceret;
1269 598 1315 626 ille
1336 607 1401 627 vero
1425 600 1494 636 ipsis
1515 601 1581 629 solis
1610 607 1637 630 et
1665 603 1765 630 simili-

977 642 1028 671 bus
1069 644 1189 678 ipsorum
1224 650 1421 680 congruentem
1454 647 1565 675 tradidit
1592 649 1762 682 orationem.
1790 677 1795 684 ,

977 696 1039 716 cum
1055 688 1125 716 dixit
1140 689 1203 722 illis,
1226 689 1270 717 Sic
1295 699 1339 718 vos
1369 696 1444 719 orate
1464 701 1474 720 :
1491 693 1574 721 Pater
1605 699 1703 729 noster,
1719 697 1764 731 qui

975 742 1002 761 es
1033 734 1060 761 in
1077 735 1159 766 cuzlis,
1191 736 1373 770 aancliﬁcelur
1406 745 1500 764 nomen
1530 743 1604 766 tuum
1618 740 1651 772 ",
1670 744 1697 768 et
1711 748 1763 768 ca:-

975 783 1049 813 tera;
1070 780 1160 815 itaque
1182 781 1303 817 seipsum
1321 782 1439 820 quisque
1454 784 1560 819 probet,
1579 793 1646 813 num
1661 786 1762 822 dignus

975 826 1022 859 sit,
1039 831 1132 862 utpote
1149 827 1206 862 jam
1224 828 1296 856 ﬁlius
1316 828 1362 856 Dei
1381 829 1506 862 ell'ectus,
1524 831 1633 860 Patrem
1657 833 1705 868 qui
1732 834 1761 861 in

974 872 1052 899 cmlis
1065 877 1105 899 est
1123 872 1261 906 invocare,
1278 881 1310 901 ac
1325 874 1392 902 illud
1405 875 1538 910 proferre,
1561 876 1643 905 Pater
1655 883 1756 913 noster,

133 913 230 948 γονὼς,
251 913 297 941 τὸν
316 916 345 941 ὲν
368 917 424 947 τοῖς
445 916 568 952 οὐρανοῖς
589 918 777 946 ἐπικαλεῖσθαι
801 921 910 957 Πατέρα

973 919 1019 952 qui
1032 927 1059 945 ea
1081 919 1107 946 in
1122 919 1204 952 caelis,
1229 923 1282 947 etc.
1303 920 1381 953 Quod
1408 922 1430 949 si
1452 922 1514 950 talis
1539 931 1592 951 non
1609 924 1657 958 sit,
1682 929 1760 954 curet

133 960 180 987 καὶ
195 960 285 995 λέγειν
297 961 338 993 τὸ,
352 962 447 996 Πάτερ
462 963 546 997 ἡμῶν
561 965 578 990 ό
591 964 626 991 ἐν
639 965 701 998 τοῖς
712 966 861 1001 οὐρανοῖς,
875 969 922 995 καὶ

131 1006 166 1032 τὰ
183 1005 257 1042 ἑξῆς.
285 1008 316 1034 El
340 1008 377 1043 μὴ
401 1008 527 1041 τοσοῦτος
550 1010 603 1045 είη,
627 1011 805 1046 ἀναλέγεσθαι
833 1015 922 1051 ἐαυτῷ

132 1053 306 1086 σπουδαξέτω
329 1054 377 1091 τὴν
401 1055 574 1091 ἁρμόζουσαν
602 1059 633 1093 τῇ
655 1058 737 1085 αὑτοῦ
756 1061 921 1088 καταστάσει

131 1099 285 1136 προσευχὴν
299 1100 353 1128 ἀπό
367 1110 396 1128 τε
410 1101 459 1137 τῆς
475 1101 567 1137 βίῦλου
583 1104 636 1130 τῶν
649 1104 772 1141 Ψαλμῶν
798 1107 844 1133 καὶ
867 1108 921 1134 ἀπὸ

129 1145 185 1172 τῶν
201 1147 378 1182 προφητικῶν
397 1148 503 1183 φωνῶν.
532 1149 564 1176 'ﬂ
581 1150 672 1185 μέντοι
689 1152 813 1188 παροῦσα
836 1163 920 1190 προσ-

129 1192 196 1228 ευχὴ
207 1193 254 1219 τοῦ
265 1193 345 1221 Δαυῖδ
356 1191 423 1221 οὖσα
433 1195 572 1230 τυγχάνει·
585 1195 672 1229 οὕτως
685 1197 738 1233 γὰρ
748 1199 920 1235 ήρμήνευσεν

129 1237 143 1263 ὃ
153 1246 184 1264 τε
205 1238 319 1271 Ἀκύλας
337 1239 384 1266 καὶ
400 1241 414 1266 ὸ
430 1239 586 1276 Σύμμαχος,
602 1242 662 1269 ἀντὶ
677 1243 735 1275 τοῦ,
759 1244 799 1277 τῷ
818 1245 918 1278 Δαυῖδ,

127 1283 182 1311 τοῦ
206 1284 306 1318 Δαυῒδ,
323 1286 473 1321 εἰρηκότες.
498 1288 577 1314 Δοκεῖ
599 1288 627 1315 δὲ
653 1290 667 1316 ό
692 1290 773 1317 Δαυῒδ
794 1290 833 1327 τῷ
854 1291 919 1328 θείῳ

128 1329 268 1366 Ιινεύματι
288 1331 324 1367 μὴ
341 1332 506 1368 ἠγνοηκέναι
520 1333 566 1360 τὸν
585 1336 649 1370 περὶ
665 1335 720 1362 τῶν
736 1337 851 1373 πτωχῶν
866 1338 918 1365 ὑπὸ

127 1375 174 1402 τοῦ
188 1377 313 1414 Σωτῆρος
333 1379 411 1414 ἡμῶν
425 1380 570 1415 εἰρημένον
588 1382 771 1417 μακαρισμόν·
789 1383 829 1410 διὸ
843 1393 916 1410 πτω-

127 1422 173 1458 χὺν
185 1423 280 1450 ἑαυτὸν
292 1425 337 1451 καὶ
353 1425 456 1460 πένητα
472 1426 605 1461 ὑπάρχειν
617 1427 753 1462 ὁμολογεῖ,
771 1429 817 1455 καὶ
830 1430 916 1457 ταῦτα

127 1469 253 1504 βασιλεὺς
269 1470 307 1497 ὢν
322 1471 368 1498 καὶ
384 1471 489 1507 πλούτῳ
502 1472 592 1508 πολλῷ
606 1474 826 1510 περιρῥεόμενος.
847 1476 916 1503 Ἀλλ’

126 1516 219 1552 ἐπειδὴ
233 1516 272 1552 τῷ
289 1517 424 1552 πνεύματι
437 1518 555 1550 τοιοῦτος
565 1517 610 1554 ἦν,
629 1519 698 1546 κατὰ
713 1520 754 1553 τὸ,
771 1520 915 1555 Μακάριοι

125 1563 152 1589 oi
167 1563 278 1598 πτωχοὶ
297 1563 335 1596 τῷ
356 1565 512 1599 πνεύματι,
528 1565 640 1597 εἰκότως
660 1566 689 1592 ἐν
709 1567 742 1601 τῇ
765 1569 913 1604 προσευχῇ,

124 1609 162 1641 ὡς
187 1609 287 1645 ἀρετὰς
311 1610 409 1637 ἑαυτοῦ
444 1611 491 1637 καὶ
512 1611 546 1638 τὰ
568 1611 767 1648 κατορθώματα
795 1614 913 1648 προϐάλ-

124 1655 198 1682 λεται
223 1656 272 1692 τὴν
301 1657 437 1692 πτωχείαν
472 1657 519 1683 καὶ
551 1658 655 1685 πενίαν.
686 1659 741 1685 Καὶ
771 1659 857 1692 ἄλλως
883 1661 912 1688 δὲ

123 1701 207 1737 ἐρεῖς,
229 1701 280 1734 ὅτι,
303 1702 397 1738 ὥσπερ
419 1703 548 1739 Μωῡσῆς,
576 1704 667 1740 φωνῆς
690 1705 809 1738 ἀκούσας
833 1707 911 1739 Θεοῦ,

124 1746 287 1782 ἰσχνόφωνον
303 1748 399 1776 ἑαυτὸν
413 1746 482 1776 εἶναι
499 1749 641 1784 ὡμολόγει,
667 1751 738 1778 κατὰ
761 1752 911 1788 παράθεσιν

122 1794 171 1829 τῆς
187 1793 263 1827 θείας
279 1796 370 1831 φωνῆς
391 1796 469 1823 τοῦτο
490 1797 587 1833 φήσας·
607 1797 677 1825 οὕτω
693 1799 739 1825 καὶ
751 1800 765 1826 ό
779 1800 870 1833 Δαυτδ,
887 1803 912 1828 εί

122 1839 169 1866 καὶ
192 1839 278 1875 μέγας
299 1838 333 1876 ἦν
360 1842 406 1868 καὶ
429 1842 556 1875 πλούσιος
582 1844 628 1870 καὶ
655 1845 735 1879 σοφὸς
758 1845 910 1882 ἀνθρώποις

122 1887 343 1922 συγκρινόμενος,
362 1888 421 1915 ἀλλ’
436 1889 578 1922 ἀνατείνας
603 1890 671 1926 πρὸς
695 1891 740 1918 τὸν
764 1892 829 1919 Θεὸν
846 1894 910 1926 τοὺς

119 1933 284 1969 ὀφθαλμοὺς,
299 1935 350 1970 ὁρᾷ
364 1935 457 1962 ἑαυτὸν
470 1936 499 1962 τὸ
511 1936 592 1971 μηδὲν
605 1936 678 1964 ὅπερ
694 1938 740 1964 καὶ
753 1938 813 1964 ἐπεὶ
826 1939 862 1974 μή
868 1948 908 1966 πω

118 1976 152 2014 ἦν
162 1979 274 2011 δυνατὺς
288 1981 395 2017 πατέρα
406 1981 452 2008 τὸν
465 1982 530 2008 es?”
540 1982 694 2018 ὀνομάζειν,
712 1984 813 2020 Κύριον
827 1985 907 2012 αὑτὸν

119 2024 207 2058 καλεῖ,
221 2025 314 2052 δούλου
332 2026 423 2062 χώραν
442 2028 537 2055 ἑαυτὸν
558 2029 666 2065 ἐπέχειν
688 2030 836 2066 σημαίνων.
851 2030 907 2057 Εἶθ’

118 2071 156 2103 ὡς
169 2071 251 2104 αὐτὸς
267 2072 354 2108 μένων
369 2074 443 2101 κάτω
460 2083 510 2101 που
527 2075 574 2102 καὶ
586 2076 615 2102 ὲν
636 2075 719 2111 βυθῷ,
737 2076 784 2103 τοῦ
798 2077 826 2102 δὲ
839 2076 906 2103 Θεοῦ

117 2117 192 2150 ὂντος
203 2119 232 2144 ὲν
243 2118 314 2153 ὕψει,
331 2119 418 2146 κλῖναι
432 2120 476 2147 τὸν
491 2121 557 2147 Θεὸν
571 2122 684 2148 ἱκετεύει
698 2122 727 2148 τὸ
740 2120 786 2154 οὖς
796 2121 903 2149 ἑαυτοῦ·

117 2161 164 2189 ἆτε
188 2164 225 2199 μὴ
249 2164 377 2193 τοσοῦτον
405 2166 468 2202 βοᾷν
492 2167 640 2203 δυνάμενος
663 2168 706 2195 διὰ
733 2169 781 2204 τὴν
803 2169 905 2196 οίκείαν

973 965 1054 992 statui
1067 973 1118 993 suo
1128 970 1321 1001 congruentem
1334 968 1484 996 orationem
1499 969 1627 1004 deligere,
1640 978 1672 998 ex
1688 971 1759 999 libro

972 1010 1144 1039 Psalmorum
1160 1015 1187 1040 et
1201 1020 1234 1040 ex
1251 1013 1419 1049 propheticis
1443 1015 1557 1043 vocibus
1573 1016 1759 1052 desumptam.

971 1056 1035 1084 Haec
1049 1057 1132 1093 igitur
1144 1058 1233 1086 oratio
1249 1057 1360 1087 Davidis
1375 1064 1418 1088 est
1432 1071 1438 1088 :
1452 1068 1514 1088 nam
1528 1062 1568 1089 sic
1584 1063 1758 1097 explicarunt

971 1103 1069 1138 Aquila
1084 1107 1111 1130 et
1129 1102 1320 1139 Symmachus,
1334 1105 1382 1140 qui
1399 1113 1448 1140 pro
1464 1106 1521 1136 illo.
1539 1106 1646 1140 Doridi,
1668 1108 1757 1137 inter-

971 1150 1068 1184 pretati
1084 1155 1158 1180 sunt,
1178 1149 1296 1179 Davidis.
1324 1151 1438 1180 Videtur
1452 1160 1535 1188 porro
1551 1153 1647 1187 David,
1663 1154 1757 1183 divino

971 1194 1076 1223 aillatus
1092 1195 1206 1232 Spiritu,
1224 1198 1423 1227 beatitudinem
1447 1200 1521 1227 illaut
1537 1200 1571 1228 de
1587 1202 1756 1236 pauperibus

970 1247 986 1266 a
1003 1240 1143 1269 Salvatore
1157 1247 1252 1270 nostro
1269 1245 1401 1279 prolatam
1418 1253 1473 1272 non
1494 1245 1638 1281 ignorasse
1651 1258 1657 1274 :
1671 1255 1756 1283 quare

970 1293 999 1313 se
1013 1293 1160 1321 pauperem
1173 1293 1200 1315 et
1216 1288 1324 1323 inopem
1339 1296 1401 1317 esse
1415 1290 1527 1323 fatetur,
1539 1292 1646 1320 etiamsi
1662 1300 1709 1320 rex
1723 1301 1756 1321 ac

969 1330 1071 1359 divitiis
1096 1332 1246 1361 instructus
1273 1334 1366 1362 multis
1383 1339 1466 1363 esset.
1494 1335 1546 1363 Sed
1567 1337 1631 1372 quia
1655 1338 1755 1373 spiritu

968 1376 1030 1404 talis
1043 1381 1102 1404 erat
1115 1378 1266 1406 secundum
1285 1379 1363 1412 illud,
1380 1379 1457 1407 Beati
1469 1389 1596 1416 pauperes
1610 1382 1705 1416 spiritu
1714 1384 1752 1418 ";

967 1424 1066 1450 merito
1087 1428 1275 1459 paupertatem
1295 1429 1322 1453 et
1349 1426 1469 1461 inopiam
1494 1427 1566 1454 inter
1590 1428 1706 1457 virtutes
1725 1436 1754 1458 et

967 1474 1041 1497 recte
1069 1469 1139 1498 facta
1163 1478 1212 1499 sua
1234 1472 1262 1499 in
1288 1473 1412 1500 oratione
1438 1478 1574 1502 recenset.
1603 1475 1665 1503 Alio
1688 1476 1752 1504 item

966 1516 1047 1544 modo
1065 1517 1185 1551 dixeris;
1207 1518 1277 1546 sicut
1301 1518 1419 1554 Moyses,
1436 1520 1528 1547 audita
1552 1519 1600 1548 Dei
1624 1530 1700 1555 voce,
1723 1531 1753 1551 se

965 1573 1160 1602 balbutientem
1175 1582 1237 1604 esse
1261 1574 1408 1609 fatebatur,
1426 1577 1508 1612 idque
1529 1577 1638 1606 dicebat
1656 1587 1750 1607 vocem

966 1628 1044 1648 suam
1074 1629 1136 1648 cum
1167 1621 1260 1649 divina
1291 1623 1491 1657 comparando;
1522 1623 1559 1651 ita
1591 1628 1619 1652 et
1650 1624 1751 1659 David,

966 1667 1073 1695 etiamsi
1093 1675 1219 1703 magnus,
1236 1668 1312 1697 dives
1333 1674 1360 1696 et
1379 1670 1499 1704 sapiens,
1516 1678 1578 1698 cum
1595 1671 1752 1700 horninibus

965 1716 1141 1748 comparatus
1169 1718 1255 1747 esset;
1273 1718 1300 1741 at
1315 1714 1429 1743 elevatis
1448 1715 1482 1743 ad
1503 1715 1588 1744 Deum
1603 1717 1702 1749 oculis.
1721 1726 1751 1746 se

964 1759 1034 1786 nihil
1050 1767 1112 1788 esse
1127 1760 1213 1788 vidit:
1229 1764 1256 1788 et
1268 1761 1331 1795 quia
1352 1761 1473 1789 nondum
1489 1767 1580 1797 posset
1595 1762 1680 1790 Deum
1702 1771 1750 1799 pa-

964 1809 1033 1832 trem
1053 1813 1162 1838 vocare,
1179 1806 1324 1834 Dominum
1340 1815 1402 1835 eum
1425 1809 1580 1843 appellavit,
1606 1817 1636 1837 se
1654 1808 1749 1838 Γαιηιηί

964 1851 1053 1879 locum
1071 1856 1164 1880 tenere
1183 1853 1351 1887 signiﬁcans.
1369 1853 1481 1886 Deinde,
1498 1858 1593 1889 utpote
1603 1855 1650 1890 qui
1666 1856 1692 1883 in
1708 1857 1749 1883 io-

963 1897 1035 1925 iimis
1050 1901 1077 1925 et
1105 1898 1133 1924 in
1154 1897 1290 1932 profundo
1313 1903 1431 1930 maneat,
1457 1906 1520 1925 cum
1545 1898 1617 1926 Deus
1642 1899 1669 1926 in
1691 1900 1748 1927 alto

962 1943 1096 1974 exsistat.1
1112 1947 1190 1977 rogat
1210 1947 1240 1970 ut
1258 1943 1474 1971 inclinetaureln
1490 1951 1580 1977 suam,
1597 1945 1671 1979 quod
1689 1945 1747 1980 ipse

961 1995 1016 2023 prae
1036 1987 1193 2015 inﬁrmitate
1216 1991 1321 2015 tantum
1339 1987 1420 2015 edere
1443 1988 1590 2015 clamorem
1610 1996 1664 2016 non
1684 1997 1747 2025 pos-

960 2033 1006 2064 sit,
1027 2033 1073 2067 qui
1092 2033 1118 2059 in
1132 2033 1217 2060 altum
1232 2033 1384 2068 perveniat,
1400 2037 1427 2060 et
1444 2033 1478 2060 ad
1496 2033 1580 2061 Deum
1597 2035 1744 2070 pertingat.

959 2077 1140 2111 Quamobrem
1175 2078 1310 2113 supplicat
1340 2082 1370 2105 ut
1402 2077 1473 2106 Deus
1502 2079 1615 2107 inclinet
1650 2088 1744 2109 aurem

958 2131 1045 2155 suam,
1062 2127 1089 2151 et
1105 2128 1134 2151 ut
1146 2123 1256 2152 divinus
1276 2124 1387 2152 auditus
1402 2124 1553 2153 humilitati
1572 2134 1629 2154 sum
1647 2130 1746 2154 attem-

957 2175 1076 2203 peretur.

116 2208 266 2242 ἀσθένειαν,
279 2210 316 2242 ὡς
329 2211 500 2247 ἀναπέμπειν
516 2214 555 2245 εἰς
569 2213 633 2248 ὕψος
648 2215 695 2241 καὶ
714 2214 811 2241 τείνειν
829 2215 896 2250 πρὸς
910 2214 955 2241 τὸν
967 2215 1033 2241 Θεὸν
1046 2215 1094 2251 τὴν
1108 2215 1204 2242 ἑαυτοῦ
1223 2217 1324 2252 φωνήν.
1341 2216 1386 2244 Διὸ
1400 2217 1483 2245 δεῖται
1499 2217 1587 2245 κλῖναι
1603 2218 1700 2245 ἑαυτοῦ
1713 2218 1744 2245 τὸ

116 2252 162 2287 οὖς
175 2255 221 2282 τὸν
233 2256 309 2288 Θεὸν,
320 2258 365 2284 καὶ
375 2259 406 2293 τῇ
425 2259 520 2284 ἑαυτοῦ
555 2260 727 2295 ταπεινότητι
761 2261 966 2296 συγκαταϐῆναι
980 2262 1029 2296 τὴν
1044 2260 1120 2288 Θείαν
1131 2262 1226 2298 ἀκοήν.

152 2315 292 2348 Φύλαξωλ
302 2315 360 2350 τὴν
371 2317 477 2352 ψυχήν
489 2326 559 2352 μου,
572 2318 615 2345 ὅτι
627 2318 711 2351 ὅσιός
722 2321 789 2354 εΙμι·
803 2320 907 2348 σῶσον

992 2320 1076 2348 Vens.
1097 2321 1124 2348 2.
1146 2320 1255 2348 Custodi
1276 2321 1392 2348 animum
1414 2329 1509 2354 meam,
1532 2321 1657 2357 quoniam
1679 2329 1743 2348 sau-

114 2362 168 2388 τὸν
181 2361 296 2390 δοῦλόν
314 2371 383 2395 σου,
404 2365 420 2391 ὁ
443 2364 524 2398 Θεὸς,
545 2365 598 2392 τὸν
613 2365 771 2396 ἐλπίζοντα
790 2367 837 2394 ἐπὶ
854 2367 900 2394 σέ.

120 2408 165 2434 Ἐν
174 2406 214 2441 οἷς
225 2406 269 2445 ἦν,
284 2410 312 2436 ἐν
326 2410 430 2442 τούτοις
443 2411 609 2447 φυλαχθῆναι
623 2411 694 2444 ἀξιοῖ
704 2413 756 2439 ὑπὸ
766 2414 812 2440 τοῦ
823 2414 901 2447 Θεοῦ,

113 2454 151 2486 ὡς
165 2454 198 2482 ἂν
219 2455 257 2492 μὴ
272 2456 400 2493 συληθείη
417 2457 499 2486 αύτςῦ
516 2458 533 2493 ἡ
547 2458 619 2494 ψυχὴ
639 2456 677 2485 ὦν
691 2459 822 2495 ἐκέκτητο
839 2460 902 2496 ἀρε-

113 2500 177 2528 τῶν·
199 2502 232 2534 ἃς
254 2502 372 2538 ἐδήλωσε
397 2504 504 2539 πρῶτον
527 2503 622 2535 εἰπὼν,
643 2505 703 2532 Ὅτι
721 2505 838 2540 πτωχὸς
852 2506 900 2533 καὶ

113 2545 208 2581 πένης
221 2547 279 2583 ειμι
295 2547 362 2583 ἐμίν
376 2548 511 2584 δεύτερον,
533 2550 592 2576 ’Ὁτι
611 2549 696 2583 ὅσιός
715 2551 783 2585 ειμι·
799 2550 839 2577 διὸ
853 2551 900 2577 καὶ

113 2592 232 2628 ἀλλαχοῦ
242 2594 350 2629 φάσκει·
365 2594 412 2629 Μὴ
422 2595 531 2622 ἐλθέτω
538 2605 589 2630 μοι
600 2596 676 2630 ποῦς
685 2597 900 2631 ὑπερηφανίας.

118 2636 195 2666 Ἐπεὶ
207 2639 235 2666 δὲ
251 2640 354 2676 συνῄδει
365 2641 452 2676 ἐαυτῷ
464 2641 576 2677 μηδέπω
584 2642 640 2669 ὄντι
648 2642 708 2678 υἱῷ,
719 2643 828 2675 εἰκότως
839 2642 900 2669 δοῦ-

112 2685 156 2712 λον
179 2686 273 2713 ἑαυτὸν
293 2687 418 2723 ὁμολογεῖ
439 2688 484 2714 καί
508 2697 584 2724 φησι·
602 2688 706 2716 Σῶσον
724 2689 777 2716 τὸν
789 2688 901 2716 δοῦλόν

112 2739 181 2763 σου,
203 2734 219 2760 ό
243 2734 326 2767 Θεὸς,
352 2733 405 2760 τὸν
430 2734 589 2764 ἐλπίζοντα
610 2734 659 2761 ἐπὶ
681 2734 728 2762 σέ.
753 2734 850 2766 Δοῦλος
872 2735 899 2761 δὲ

113 2778 180 2805 Θεοῦ
195 2780 267 2806 ἐστιν
279 2780 293 2806 ὁ
310 2780 346 2815 μὴ
366 2780 498 2807 δουλεύων
519 2781 650 2817 ἁμαρτίᾳ,
670 2781 737 2817 μηδέ
753 2790 805 2808 τινι
820 2780 899 2808 πάθει

113 2824 384 2862 ὑποκείμενος,ξμόνιμ
397 2827 425 2853 δὲ
440 2826 506 2853 Θεοῦ
518 2827 596 2863 Λόγῳ
607 2827 834 2862 ὑποτεταγμένος,
853 2828 900 2854 καὶ

955 2371 1012 2393 ctus
1027 2375 1084 2393 sum
1097 2375 1106 2394 :
1119 2367 1220 2394 salvum
1243 2368 1285 2403 {ac
1302 2376 1404 2394 servum
1427 2372 1511 2400 tuum,
1531 2367 1612 2398 Deus,
1636 2375 1742 2401 speran-

955 2416 1005 2438 [ειη
1024 2412 1048 2438 in
1073 2417 1106 2438 le.
1124 2411 1153 2438 In
1170 2419 1225 2446 quo
1244 2416 1316 2439 statu
1337 2415 1396 2439 erat
1415 2419 1445 2439 se
1475 2411 1634 2438 conservari
1649 2419 1663 2438 a
1685 2411 1741 2439 Deo

953 2458 1083 2493 postulat,
1103 2462 1134 2485 ut
1147 2466 1181 2485 ne
1204 2458 1294 2485 anima
1319 2466 1368 2485 sua
1384 2457 1532 2485 virtutibus
1548 2465 1617 2493 quas
1631 2457 1739 2485 obtine-
1774 2498 1777 2501 1

953 2505 999 2531 bat
1024 2505 1211 2539 spoliaretur:
1235 2511 1305 2539 quas
1331 2503 1457 2536 virtutes,
1490 2503 1533 2530 his
1564 2503 1738 2537 declarabat,

952 2551 1040 2584 primo
1057 2558 1118 2577 cum
1133 2549 1247 2581 diceret,
1274 2549 1404 2582 Quoniam
1426 2550 1499 2583 inops
1517 2553 1541 2576 et
1563 2557 1662 2584 pauper
1680 2558 1739 2577 sum

951 2604 1012 2631 ego;
1039 2595 1159 2623 secundo
1174 2615 1182 2627 ,
1208 2595 1340 2628 Quoniam
1364 2600 1471 2622 sanctus
1488 2603 1562 2628 sum;
1575 2603 1660 2631 quare
1673 2596 1737 2624 alibi

951 2643 1026 2673 dicit,
1041 2641 1102 2669 Non
1118 2642 1203 2669 veniat
1225 2641 1288 2668 mihi
1304 2650 1347 2677 pes
1367 2642 1496 2676 superbia:
1507 2642 1540 2669 ⁸⁸.
1562 2642 1630 2670 Cum
1647 2646 1737 2670 autem

951 2697 980 2717 se
995 2690 1115 2717 nondum
1137 2689 1220 2716 hlium
1237 2696 1299 2717 esse
1317 2693 1403 2724 putet,
1420 2696 1449 2716 se
1463 2689 1526 2724 jure
1546 2696 1655 2717 servum
1671 2696 1738 2717 con-

951 2735 1042 2762 litetur
1061 2738 1087 2761 et
1101 2735 1149 2766 ait,
1167 2735 1277 2762 Salvum
1292 2734 1335 2769 fac
1350 2742 1452 2761 servum
1469 2739 1555 2766 tuum,
1583 2734 1663 2767 Deus,
1679 2742 1737 2768 spe—

949 2786 1050 2808 rantem
1075 2781 1102 2808 in
1123 2785 1155 2807 le.
1182 2780 1284 2808 Servus
1304 2787 1386 2814 porro
1414 2779 1460 2807 Dei
1482 2785 1535 2813 est,
1553 2781 1600 2815 qui
1625 2785 1736 2815 peccato

950 2835 1004 2854 non
1023 2827 1118 2859 servit,
1144 2826 1266 2862 nullique
1281 2826 1387 2854 ail'cctui
1410 2827 1536 2855 subditus
1559 2832 1610 2860 est,
1628 2826 1674 2855 sccl
1690 2827 1735 2855 uni

147 2903 170 2919 “
186 2902 258 2933 Psal.
275 2912 394 2940 Lxxxtx,
411 2906 437 2933 ί.
467 2906 497 2944 _"
518 2905 590 2934 Psal.
608 2914 651 2939 (ll,
670 2906 694 2933 ί.
733 2907 755 2922 ⁵⁸
775 2905 869 2934 Matth.
889 2912 933 2939 vt,
952 2905 978 2934 9.
1011 2905 1039 2944 _"
1061 2904 1157 2934 Matth.
1177 2904 1245 2942 v,_5.
1271 2905 1309 2944 “'
1328 2903 1400 2932 Psal.
1420 2912 1503 2937 xxxv,
1521 2903 1564 2930 l2.
