2032 3215
162 190 233 219 1035

739 188 991 222 COMMENTARIA
1011 193 1045 221 IN
1063 194 1249 235 PSALMOS._

1306 174 1329 209 ὅ
1342 175 1359 200 ³
1706 204 1776 234 ιοδι

161 250 214 283 σὺ,
238 249 287 277 καὶ
306 249 398 276 ποιῶν
416 249 576 284 θαυμάσια,
592 251 632 278 σὺ
648 249 678 278 εἴ
691 251 762 285 Θεῦς
771 254 874 286 μόνος.
891 253 935 279 κα

996 258 1020 279 et
1031 254 1129 287 faciens
1139 254 1282 286 mirabilia,
1299 260 1325 282 tu
1335 264 1361 282 es
1376 256 1443 284 Deus
1455 258 1537 287 solus.
1555 259 1656 290 Omnes
1666 263 1778 298 quidem

161 296 246 322 πᾶσαι
260 295 310 330 μὲν
323 294 454 330 ὠφέλιμοι
471 296 517 322 καὶ
534 296 684 330 ἀναγκαῖαι¹
693 297 720 323 αἱ
733 296 786 323 τῶν
799 296 883 331 ἁγίων
897 296 944 323 τοῦ

160 341 228 368 Θεοῦ
244 341 401 378 προσευχαί·
424 342 525 377 νομίζω
546 343 592 369 καὶ
615 343 651 378 μὴ
672 343 761 375 πάσας
779 343 944 379 γεγράφθαι,

159 386 217 413 ἀλλ’
231 387 248 422 ἢ
264 387 348 422 μόνας
364 388 471 419 ἐκείνας
480 389 516 421 γὲν
531 385 574 420 αἶς
590 389 800 424 προσευχόμενοι
820 391 852 416 ἐκ
873 389 944 416 θείου

160 431 316 468 Πνεῦμα-τος
332 433 506 469 ἐκινήθησαν,
521 434 559 466 ὡς
580 435 627 461 καὶ
649 436 820 471 προφητικὰς
838 436 945 470 ἀφεῖναι

160 477 260 511 φωνάς.
281 477 413 513 Ἠγοῦμαι
423 478 445 504 δ’
459 477 504 505 οὖν
516 479 616 505 καὶτὸν
627 479 707 506 Δαυῖδ
720 481 871 516 προσευχὰς
883 481 945 508 πολ-

157 522 205 555 λὰς
221 523 380 558 ἀναπέμψαι
401 523 439 559 τῷ
453 524 522 559 Θεῷ,
541 522 578 551 ὧν
595 525 707 560 οὐδεμία
721 528 812 562 γραφῇ
832 526 944 562 ἠξιώθη,

156 567 214 593 ἀλλ’
238 568 266 594 αἱ
293 569 454 603 μετέχουσαι
478 570 685 605 προῃωστικῆς
706 571 753 597 καὶ
774 573 946 607 προφητικῆς

155 613 305 649 δυνάμεως.
320 615 419 651 Διόπερ
436 616 510 652 καὶὴ
525 616 650 652 παροῦσα
664 618 799 653 προσευχὴ
810 620 843 653 τῇ
862 618 945 654 βίϐλῳ

155 658 209 685 τῶν
222 659 344 695 Ψαλμῶν
353 660 524 697 παρελήφθη,
535 662 581 688 καὶ
595 662 664 698 μέση
676 663 729 690 τῶν
741 664 804 699 περὶ
817 664 864 690 τοῦ
876 665 945 700 Χρι-

157 705 218 732 στοῦ
236 706 408 741 τέροιρητειῶν
429 707 663 743 παρεμίέϐληται,
683 709 721 740 ὼς
738 709 944 746 ἀνακεκραμένη

155 752 332 787 προφητικοῖς
356 752 453 786 λόγοις,
479 753 526 779 καὶ
548 753 642 788 κλῆσιν
663 754 747 781 ἐθνῶν
770 756 942 791 περιέχουσα.

157 796 301 832 ’Δντικρυς
328 796 393 831 γοῦν
418 798 513 832 κλῆσις
536 798 589 824 τῶν
612 799 696 826 ἐθνῶν
714 801 759 826 καὶ
784 801 828 827 διὰ
843 801 943 828 τούτων

154 841 321 874 θεσπίζεται.
342 843 451 879 Ἐπειδὴ
461 844 514 880 γὰρ
527 844 560 871 τὰ
577 845 661 871 πολλὰ
679 847 742 882 περὶ
755 847 848 873 ἑαυτοῦ
862 848 942 882 μόνου

153 888 265 924 ηὔξατο,
286 889 476 917 Ἐπάκουσόγ
480 900 551 925 μου,
566 891 660 924 εἰπὼν,
671 893 728 924 καὶ,
741 893 879 926 Φύλαξον
886 894 942 927 τὴν

95 927 98 930 ’
152 934 258 969 ⁴ψυχήν
268 944 340 970 μου,
359 936 416 967 καὶ,
433 936 537 963 Σῶσον
551 936 604 963 τὸν
622 937 734 964 δοῦλόν
750 946 819 971 σου,
836 941 941 974 ὀβεὸς

148 990 218 1016 μου,
226 981 273 1008 καὶ
282 982 322 1015 τὸ,
331 982 474 1016 Ἐλέησόν
482 991 530 1017 με,
538 983 594 1015 καὶ,
608 983 766 1017 Εὕφρανον
775 985 941 1020 τὴνψυχὴν

151 1026 204 1054 τοῦ
215 1026 325 1054 δούλου
336 1035 393 1054 σου
401 1036 407 1042 “
425 1028 485 1054 ἐπεὶ
495 1028 585 1054 τοίνυν
595 1028 628 1054 τὰ
639 1029 756 1055 τοσαῦτα
770 1031 833 1066 περὶ
844 1031 939 1058 ἑαυτοῦ

150 1071 262 1107 ηὔξατο,
277 1073 290 1099 ὁ
307 1072 431 1105 πλούσιος
447 1073 493 1099 καὶ
512 1074 699 1109 μεγαλόδωρος
722 1075 789 1107 Θεὸς
805 1076 940 1103 δείκνυσιν

150 1117 234 1153 αὐτῷ,
244 1117 284 1144 ὅτι
295 1118 331 1153 μὴ
346 1118 418 1154 αὑτῷ
436 1118 507 1154 μόνῳ
520 1119 553 1145 τὰ
563 1119 613 1154 τῆς
625 1120 779 1155 προσευχῆς
790 1122 940 1157 αἰτουμένῳ

149 1162 272 1198 παρέξει,
288 1162 477 1198 ἁπλωθήσεται
492 1163 519 1190 δὲ
531 1164 547 1199 ἡ
561 1163 621 1191 Θεία
637 1165 715 1202 χάρις
732 1166 778 1191 καὶ
792 1167 831 1198 είς
852 1167 940 1194 πάντα

149 1207 182 1234 τὰ
190 1207 267 1244 ἔθνη,
285 1209 323 1240 ὡς
339 1209 385 1235 καὶ
396 1209 484 1236 αὐτῶν
501 1209 651 1244 μελλόντων
664 1211 810 1238 ἀπολαύειν
827 1213 937 1245 τούτων,

149 1249 186 1280 ὧν
197 1254 210 1280 ὁ
223 1254 306 1281 Δαυῒδ
318 1256 407 1290 τυχεῖν
423 1255 602 1290 ὴξίου.“”Οθεν
613 1256 651 1292 τῷ
665 1257 803 1293 Πνεύματι
817 1258 857 1294 τῷ
869 1259 939 1294 ἁγίῳ

149 1299 292 1334 φωτισθεὶς
309 1300 355 1327 καὶ
373 1301 403 1327 τὸ
420 1301 515 1336 μέλλον
529 1301 705 1338 θεασάμενος,
721 1303 939 1341 ὑπερεκπλήττε-

147 1353 191 1372 ται
211 1345 262 1381 τῆς
283 1346 329 1372 τοῦ
360 1346 428 1373 Θεοῦ
453 1347 564 1382 χάριτος
588 1348 638 1383 τὴν
659 1349 871 1385 μεγαλοδωρίαν,
891 1351 938 1377 καί

147 1398 213 1427 φησι
229 1391 263 1418 τὰ
283 1392 477 1428 προλεγὸμενα.
495 1392 578 1425 Θεοὺς
598 1393 626 1420 δέ
654 1394 770 1422 ἐνταῦθα
785 1395 911 1430 λέγεσθαι
924 1399 938 1424 ὁ

147 1436 196 1472 μέν
206 1445 248 1469 τις
259 1438 388 1473 ἡγήσεται
400 1439 463 1470 τοὺς
478 1439 506 1465 ἐν
521 1439 675 1475 ἀνθρώποις
691 1441 810 1474 δικαίους
822 1443 869 1470 καὶ
880 1443 938 1471 θεο-

146 1482 232 1517 φιλεῖς
243 1482 353 1518 ἄνδρας,
366 1483 409 1510 διὰ
422 1484 453 1510 τὺ
467 1484 545 1519 λέγον
557 1494 563 1501 ·
581 1486 651 1521 Ἐγὼ
665 1484 760 1520 εἷπον,
780 1489 845 1515 Θεοί
855 1489 936 1522 ἐστε,

145 1527 194 1555 καὶ
213 1528 275 1555 υἱοὶ
298 1529 443 1563 Ὑψίστου
461 1530 589 1564 πάντες·
606 1533 620 1558 ὁ
640 1532 667 1558 δὲ
683 1532 731 1564 τὰς
753 1533 812 1559 κατ’
825 1534 937 1570 οὐρανὸν

144 1573 220 1606 θείας
229 1574 369 1610 δυνάμεις,
388 1575 432 1602 διὰ
447 1576 477 1602 τὸ
492 1577 606 1611 φάσκειν
625 1580 671 1604 τὸν
691 1579 849 1606 ’Δπόπολον
859 1589 866 1596 ⁶
879 1581 934 1607 Καὶ
948 1596 970 1624 C

142 1621 198 1655 τὰρ
221 1621 305 1655 εἴπερ
329 1621 388 1648 εισι
410 1623 563 1657 ,λεγόμενοι
589 1623 659 1654 θεοὶ,
675 1624 734 1651 εἶτε
753 1625 788 1651 ἐν
808 1626 933 1659 οἰψανῷ,

143 1667 203 1694 εἴτε
216 1666 266 1693 ἐπὶ
276 1667 341 1702 γῆς,
358 1667 469 1704 (ὥσπερ
485 1669 544 1695 elei
559 1669 619 1696 θεοὶ
634 1671 756 1702 πολλοὶ,
773 1672 822 1697 καὶ
839 1673 934 1706 κύριοι

143 1713 254 1740 πολλοι
261 1713 280 1748 ·)
296 1713 368 1748 ἡμῖν
381 1712 425 1746 εἷς
439 1714 511 1747 Θεὸς
525 1716 541 1741 ὁ
555 1715 666 1749 Πατήρ.
685 1716 760 1743 Ἐπεὶ
773 1717 863 1744 τοίνυν
873 1717 933 1745 οὕτε

142 1759 266 1794 ἀγγέλων
281 1769 334 1792 τι·,
351 1759 412 1787 οὔτε
428 1761 576 1796 προφητῶν
593 1762 642 1797 τὴν
659 1762 713 1789 τῶν
736 1763 820 1789 ἐθνῶν
838 1764 934 1799 κλῆσιν

142 1807 299 1842 ἐποιήσατο,
317 1807 428 1838 εἰκότως
444 1807 484 1838 εὶς
506 1807 650 1842 πρόσωπον
672 1808 790 1844 ἠγοῦμαι
803 1810 850 1836 τοῦ
866 1810 933 1846 Χρι-

142 1852 206 1879 στοῦ
229 1852 353 1887 λέγεσθαι
370 1853 410 1884 τὸ,
432 1854 493 1880 Οὐκ
513 1853 598 1880 ἔστιν
619 1854 720 1889 ὅμοιός
733 1862 783 1882 σοι
796 1856 830 1883 ἐν
844 1857 930 1889 θεοῖς,

141 1898 242 1932 Κύριε.
260 1898 354 1930 Ἀλλος
370 1898 397 1925 δέ
419 1907 460 1930 τις
481 1900 574 1934 φήσει,
592 1899 634 1926 διὰ
647 1900 677 1926 τὸ
698 1900 802 1935 ψευδῶς
825 1903 873 1937 μὲν
887 1904 932 1929 καὶ

141 1944 357 1979 πεπλανημένως
371 1945 446 1980 παρὰ
458 1947 514 1976 τοῖς
528 1945 633 1978 πολλοῖς
650 1947 704 1973 τῶν
718 1947 870 1983 ἀνθρώπων
885 1957 930 1975 νο-

143 1989 269 2025 μίζεσθαι
291 1988 359 2017 εἶναι
384 1990 470 2022 θεοὺς,
495 1992 541 2018 καὶ
566 1992 641 2028 παρὰ
663 1994 729 2019 πᾶσι
752 1995 808 2026 τοῖς
828 1994 930 2022 ἔθνεσιν

140 2035 218 2063 ἀλλον
232 2036 347 2071 ἀλλαχοῦ
361 2036 549 2069 θεοποιεῖσθαι,
564 2038 642 2073 μόνον
656 2037 684 2065 δὲ
699 2039 746 2066 τὸν
757 2040 871 2076 Σωτῆρα
883 2041 930 2067 καὶ

141 2081 242 2118 Κύριον
255 2083 333 2117 ἡμῶν
354 2083 415 2109 καθ’
428 2083 491 2119 ὅλης
503 2084 552 2119 τῆς
567 2085 728 2120 οἰκουμένης
744 2085 810 2112 Θεὸν
828 2086 929 2120 ἀνηγοη

140 2127 264 2163 ρεῦσθαι,
279 2128 309 2161 ἐξ
329 2129 455 2155 ἁπάντων
469 2138 497 2155 τε
512 2130 565 2156 τῶν
584 2131 667 2157 ἐθνῶν
684 2131 764 2163 λαοὺς
778 2132 867 2167 ἐαυτῷ
881 2141 927 2159 πε-

142 2174 332 2210 ριπεποιῆσθαι
343 2183 349 2189 ·
368 2175 462 2201 τούτου
478 2175 558 2211 χάριν
572 2176 748 2211 προφητικῶς
764 2177 803 2208 είς
821 2178 928 2213 πρόσω-

139 2229 188 2248 πον
204 2221 287 2248 αὐτοῦ
303 2221 351 2253 τὰς
367 2222 549 2257 προκειμένας
566 2223 765 2257 ἁναφωνεῖσοαι
778 2223 925 2257 θεολογίας.

996 299 1133 327 orationes
1148 306 1164 326 a
1178 300 1283 334 sanctis
1296 301 1342 328 Dei
1357 303 1472 335 eti-issm,
1487 304 1566 333 utiles
1577 310 1604 333 et
1616 311 1779 338 necessaria:

996 347 1074 371 sunt:
1085 345 1190 372 :cstimo
1201 349 1292 372 tamen
1309 354 1361 374 non
1377 355 1472 377 omnes
1486 351 1588 386 scripto
1604 354 1779 390 consignatas

995 388 1092 421 fuisse,
1103 390 1151 417 sed
1166 397 1214 418 eas
1225 391 1312 418 solum
1327 400 1396 427 quas
1411 393 1512 429 Spiritu
1522 401 1617 425 sancto
1631 388 1698 427 moti
1711 403 1780 429 emi-

996 439 1090 462 serunt
1101 456 1109 468 ,
1130 436 1167 463 ita
1183 441 1212 464 nt
1228 437 1402 473 propheticas
1413 441 1525 482 ederent
1535 451 1626 472 voces.
1642 444 1712 475 Puto
1728 448 1779 484 igi-

995 484 1041 508 tur
1056 480 1183 510 Davidem
1199 484 1300 511 multas
1318 483 1372 512 Deo
1391 481 1516 515 emisisse
1532 490 1688 525 orationes,
1710 480 1779 528 qlia-

996 534 1055 553 rum
1067 527 1142 554 nulla
1155 530 1258 563 scripto
1272 531 1432 566 consignata
1446 532 1508 565 fuit,
1522 536 1641 570 exceptis
1662 538 1696 566 iis
1717 527 1778 574 qum

996 571 1021 597 vi
1044 573 1227 607 prospiciendi
1244 578 1271 602 et
1294 576 1460 604 vaticinandi
1476 578 1595 613 praedita:
1610 586 1696 609 erant.
1715 571 1777 612 Ideo

996 616 1053 644 haec
1065 619 1152 646 oratio
1163 620 1190 646 in
1209 620 1279 648 libro
1292 621 1461 651 Psalmorum
1473 626 1571 660 posita,
1582 631 1609 654 et
1620 628 1646 655 in
1658 629 1777 657 medium

992 663 1195 699 prophetiarum
1212 667 1246 695 de
1260 667 1370 695 Christo
1385 669 1487 698 inserta
1510 671 1580 704 fuit,
1603 678 1695 709 utpote
1717 685 1778 711 quas

995 710 1161 744 propheticis
1182 711 1262 740 dictis
1278 714 1387 741 condita
1413 716 1459 747 sit.
1474 722 1501 744 et
1517 719 1686 747 vocationem
1712 710 1778 757 gen-

994 753 1062 780 tium
1097 756 1302 790 complectatur.
1334 758 1382 787 His
1410 760 1501 796 itaque
1526 764 1630 791 voeatio
1655 753 1777 801 gentium

994 800 1137 828 manifeste
1149 803 1356 837 pramuntiatur.
1374 803 1520 840 Postquam
1534 809 1606 835 enim
1621 800 1705 837 multa
1724 811 1777 838 sibi

994 845 1045 873 soli
1061 853 1188 881 precatus
1204 853 1287 880 esset,
1303 850 1408 884 dicens,
1421 851 1527 879 Exaudi
1542 862 1593 886 me,
1611 858 1649 888 et,
1667 855 1778 883 Custodi

994 891 1111 918 animam
1127 901 1220 925 meam,
1236 898 1273 927 et,
1290 894 1397 922 Salvum
1417 896 1460 931 [ac
1481 906 1583 925 servum
1598 905 1689 933 tuum,
1706 901 1776 929 Deus

992 946 1075 968 meus,
1087 943 1126 970 et,
1145 938 1270 967 Miserere
1288 942 1355 974 mei,
1375 947 1418 975 et,
1435 943 1555 979 Lwtiﬁca
1574 947 1693 974 animum
1709 950 1777 976 servi

993 983 1031 1009 tui
1042 990 1051 1014 ;
1064 990 1138 1016 cum,
1156 984 1277 1020 inquam,
1294 987 1358 1013 talia
1379 996 1427 1022 pro
1441 989 1533 1023 scipso
1549 996 1676 1025 precatus
1691 998 1774 1026 esset,

991 1029 1067 1056 dives
1081 1030 1124 1057 ille
1139 1034 1166 1058 et
1181 1031 1326 1059 munificus
1339 1031 1408 1060 Deus
1423 1035 1543 1062 ostendit
1569 1036 1606 1063 illi
1617 1056 1626 1068 ,
1643 1045 1698 1065 non
1722 1039 1773 1074 ipsi

991 1075 1042 1102 soli
1059 1076 1200 1110 precanti,
1217 1085 1279 1111 qute
1298 1078 1325 1104 in
1343 1079 1466 1106 oratione
1493 1080 1659 1115 ferebantur,
1674 1083 1724 1111 abs
1745 1091 1776 1112 se

990 1122 1182 1155 concedenda;
1223 1123 1269 1150 sed
1309 1123 1429 1151 divinam
1461 1127 1577 1160 gratiam
1613 1128 1640 1155 in
1676 1136 1773 1157 omnes

991 1171 1085 1201 gentes
1101 1167 1290 1195 eﬂ'undendam
1318 1176 1398 1197 esse:
1415 1171 1479 1205 quia
1505 1171 1625 1199 futurmn
1648 1179 1721 1201 esset
1742 1178 1772 1201 ut

991 1212 1042 1239 illa:
1058 1221 1167 1248 quoque
1184 1213 1217 1240 iis
1230 1213 1397 1244 fruerentur.
1412 1223 1472 1250 qua:
1487 1216 1569 1244 David
1586 1219 1716 1254 consequi
1727 1227 1772 1247 ro-

989 1259 1080 1295 gabat.
1098 1259 1188 1293 Quare
1205 1260 1306 1296 Spiritu
1329 1266 1425 1289 sancto
1449 1264 1618 1297 illustratus,
1635 1269 1662 1292 et
1681 1265 1773 1293 futura

989 1307 1171 1342 prospiciens,
1186 1314 1314 1343 magnum
1324 1307 1368 1335 Dei
1381 1310 1475 1343 gratite
1484 1310 1584 1337 donnm
1597 1319 1771 1347 summopere

989 1352 1114 1384 miratur,
1128 1356 1155 1380 et
1171 1361 1255 1388 supra
1277 1353 1351 1380 dicta
1370 1356 1450 1381 verba
1466 1355 1579 1390 profert.
1606 1355 1686 1384 Putet
1707 1365 1770 1385 vero

988 1398 1123 1432 quispiam
1138 1397 1183 1425 hic
1192 1399 1257 1426 deos
1267 1399 1359 1426 vocari
1370 1399 1461 1434 justos
1474 1400 1670 1436 religiososque
1685 1402 1769 1434 viros,

988 1444 1051 1478 quia
1061 1444 1163 1470 dictum
1180 1447 1239 1476 est,
1259 1443 1314 1480 Ego
1329 1445 1386 1471 dixi
1396 1454 1405 1471 :
1420 1444 1466 1471 Dii
1480 1446 1553 1477 estis,
1568 1450 1593 1472 et
1608 1446 1658 1480 ﬁlii
1685 1447 1771 1475 Altis-

988 1489 1048 1516 simi
1061 1497 1149 1516 omnes
1163 1490 1202 1523 ";
1215 1490 1285 1518 alius
1309 1497 1373 1518 vero
1398 1497 1453 1524 eas,
1470 1500 1530 1526 qua:
1543 1492 1570 1519 in
1590 1493 1660 1520 emlo
1688 1498 1768 1527 sunt.

987 1534 1094 1562 divinas
1119 1535 1254 1568 virtutes,
1278 1537 1341 1572 quia
1368 1536 1515 1571 Apostolus
1541 1538 1600 1566 ait:
1620 1539 1690 1566 Nam
1719 1542 1769 1568 etsi

987 1586 1047 1608 sunt
1067 1582 1112 1617 qui
1135 1582 1261 1609 dicantur
1281 1582 1336 1615 dii,
1361 1583 1413 1610 sive
1428 1584 1455 1610 in
1474 1584 1553 1616 casto,
1575 1586 1627 1613 sive
1643 1587 1670 1613 in
1698 1592 1768 1614 terra

986 1627 1065 1663 (sicut
1083 1633 1144 1655 sunt
1156 1628 1194 1655 dii
1209 1629 1295 1659 multi,
1312 1633 1337 1655 et
1354 1629 1454 1656 domini
1470 1630 1570 1663 multi),
1590 1631 1665 1658 nobis
1680 1637 1768 1660 tamen

985 1680 1052 1699 unus
1064 1672 1145 1704 Deus,
1157 1673 1239 1700 Pater
1255 1674 1288 1701 ⁷⁸.
1304 1674 1437 1707 Quoniam
1454 1674 1536 1710 igitur
1554 1684 1642 1711 neque
1658 1678 1768 1713 angelo-

984 1725 1056 1751 rumI
1071 1726 1158 1753 neque
1173 1719 1365 1754 prophetarum
1379 1720 1526 1756 quispiam.
1539 1723 1689 1751 vocationis
1700 1731 1767 1759 gen—

985 1764 1051 1791 tium
1064 1770 1159 1791 auctor
1176 1765 1227 1791 fuit
1238 1785 1245 1796 ,
1267 1765 1329 1800 jure
1341 1766 1460 1794 arbitror
1475 1767 1509 1795 de
1531 1776 1648 1803 persona
1662 1769 1766 1797 Christi

984 1810 1087 1836 dictum
1103 1810 1196 1842 fuisse,
1208 1810 1269 1837 Non
1280 1815 1319 1838 est
1330 1812 1426 1839 similis
1443 1813 1482 1839 tui
1499 1813 1526 1840 in
1547 1813 1600 1840 dits
1612 1834 1620 1847 ,
1643 1813 1765 1841 Domine.

982 1855 1060 1882 Alius
1071 1855 1153 1887 dicel,
1167 1856 1230 1890 quia
1246 1863 1261 1882 a
1278 1856 1372 1883 multis
1396 1857 1552 1884 hominibus
1565 1866 1660 1885 errore
1675 1858 1766 1886 ductis

982 1900 1019 1927 dii
1034 1908 1095 1928 esse
1110 1900 1180 1927 falso
1195 1901 1396 1933 existimantur,
1408 1906 1435 1929 et
1451 1901 1522 1936 apud
1538 1910 1633 1930 omnes
1648 1906 1743 1937 gentes
1755 1924 1763 1935 ,

982 1946 1052 1972 alius
1066 1946 1118 1972 alio
1133 1946 1160 1972 in
1175 1945 1236 1972 loco
1250 1945 1318 1972 deus
1335 1945 1451 1973 habetur
1462 1967 1469 1978 ,
1494 1946 1623 1981 solusque
1640 1946 1765 1975 Salvator

980 1996 1007 2018 et
1019 1990 1149 2018 Dominus
1168 1995 1262 2018 noster
1274 1998 1322 2025 per
1335 1994 1421 2018 totum
1435 1992 1528 2019 orbem
1545 1991 1615 2020 Deus
1630 1992 1763 2027 praedica-

980 2040 1035 2067 tur,
1051 2041 1078 2064 et
1094 2044 1126 2063 ex
1143 2037 1271 2065 omnibus
1285 2037 1411 2072 gentibus
1436 2037 1565 2072 populum
1579 2038 1631 2065 sibi
1650 2043 1763 2074 coopta-

979 2083 1037 2116 vit;
1068 2082 1128 2110 ideo
1147 2082 1216 2110 hanc
1239 2083 1403 2118 theologiam
1432 2083 1590 2118 prophetice
1617 2083 1651 2111 de
1678 2083 1765 2119 ipsius

979 2136 1095 2164 persona
1114 2128 1239 2164 proferri.
1255 2128 1355 2156 Deinde
1372 2129 1435 2164 quia
1456 2133 1520 2156 ante
1531 2129 1699 2157 Salvatorem
1714 2137 1765 2156 no-

979 2179 1065 2201 strum
1081 2175 1219 2210 prophch
1229 2175 1308 2202 multi
1325 2174 1490 2202 mirabilium
1505 2182 1617 2210 operum
1636 2179 1763 2215 auctores

979 2220 1107 2254 fuerunt;
1129 2229 1217 2256 neque
1232 2225 1322 2248 tamen
1336 2222 1409 2248 ullus
1433 2221 1497 2248 talia
1522 2221 1645 2249 edidisse
1659 2221 1761 2248 scribi-

137 2265 193 2294 Εἶτ’
217 2267 365 2303 ἐπειδήπερ
385 2269 476 2294 πολλοὶ
498 2269 635 2304 προερῆται
659 2270 713 2305 πρὸ
734 2269 780 2296 τοῦ
802 2270 926 2306 Σωτῆρος

985 2274 1033 2300 :ur,
1045 2267 1135 2302 qualia
1161 2267 1188 2294 in
1217 2267 1371 2303 Evangeliis
1395 2266 1519 2294 Salvator
1541 2273 1634 2293 noster
1663 2266 1762 2294 fecisse

138 2313 215 2349 ήμῶν
230 2314 387 2349 παραδόξων
413 2314 500 2350 ἔργων
514 2315 640 2349 γεγόνασι
657 2315 778 2350 ποιηταὶ,
797 2316 882 2347 οὐδεὶς
900 2316 927 2342 δὲ

137 2359 246 2386 πώποτε
262 2360 373 2387 τοιαῦτα
390 2361 494 2396 πράξας
512 2361 727 2395 ἀναγέγραπται,
743 2362 821 2388 ὁποῖα
831 2363 859 2388 ἐν
871 2363 926 2392 τοῖς

137 2405 311 2439 Εὑαγγελίοις
324 2406 370 2432 τοῦ
387 2407 513 2442 Σωτῆρος
528 2407 605 2442 ἡμῶν
622 2408 780 2443 ἐμφέρεται,
793 2408 839 2434 καὶ
848 2409 926 2434 ὁποῖα

136 2450 270 2478 δέδεικται
289 2452 333 2478 διὰ
348 2454 397 2487 τῆς
419 2453 471 2479 τῶν
489 2453 572 2479 ἐθνῶν
590 2453 717 2480 ἁπάντων
740 2453 923 2489 ἐπιστροφῆς·

136 2496 179 2523 διὰ
192 2497 270 2524 τοῦτο
281 2498 406 2532 λέγεσθαι
427 2499 473 2525 καὶ
487 2500 528 2531 τὺ,
549 2500 609 2526 Οὐκ
626 2500 692 2527 ἐστι
708 2499 782 2526 κατὰ
803 2502 839 2526 τὰ
852 2500 925 2534 ἔργα

135 2550 205 2570 σου.
223 2543 278 2570 Καὶ
292 2545 355 2570 ποῖα
371 2544 439 2579 ἔργα
452 2544 571 2571 διδάσκει
585 2544 671 2578 λέγων
685 2544 747 2580 ἑξῆς
758 2553 764 2560 ·
776 2544 878 2571 Πάντα
888 2545 924 2571 τὰ

135 2589 207 2623 ἔθνη
221 2589 280 2616 ὅσα
291 2590 436 2623 ἐποίησας
458 2590 568 2623 ἥξουσι
588 2590 636 2616 καὶ
655 2589 924 2624 προσκυνήσουσιν

134 2634 262 2662 ἐνώπιόν
279 2643 347 2663 σου.
370 2636 432 2662 Ἐὰν
454 2636 481 2663 δὲ
506 2636 667 2671 ἐπιφέρηται
685 2637 724 2668 τὸ,
745 2636 787 2663 Σὺ
802 2634 831 2663 εἷ
851 2636 923 2669 Θεὸς

133 2681 234 2714 μόνος,
256 2681 303 2707 καὶ
322 2680 400 2707 τοῦτο
416 2681 580 2716 ἐφαρμόσεις
594 2681 633 2717 τῷ
653 2682 767 2717 Σωτῆρι,
789 2681 922 2717 παραθεὶς

108 2760 111 2763 ι
134 2726 174 2759 τὺ,
194 2728 255 2754 οὐκ
270 2727 355 2754 ἐστιν
372 2727 471 2761 ὅμοιός
487 2735 536 2754 σοι
557 2727 592 2753 ἐν
605 2727 692 2760 θεοῖς,
707 2729 794 2761 Κύριε
804 2736 811 2741 ·
827 2727 921 2763 ὥσπερ

134 2774 189 2809 γὰρ
199 2774 246 2800 ἐπὶ
264 2773 404 2809 συγκρίσει
422 2773 476 2799 τῶν
491 2773 674 2799 ἀποδοθέντων
689 2773 757 2799 θεῶν
780 2774 828 2800 οὐκ
849 2774 921 2800 ἔστιν

134 2819 224 2854 ὅμοιός
241 2827 292 2850 σοι,
306 2818 391 2850 οὕτως
402 2819 430 2845 ἐν
442 2818 590 2853 παραθέσει
604 2819 657 2844 τῶν
673 2818 761 2845 αὐτῶν
775 2819 806 2845 σὺ
819 2816 845 2844 εἴ
855 2818 920 2850 Θεὸς

170 2910 192 2925 ⁴⁹
210 2908 285 2937 Psal.
302 2916 394 2940 Lxstt.
412 2908 439 2936 6.
476 2908 499 2923 "°
519 2907 528 2934 1
544 2907 606 2935 Cor.
625 2915 674 2934 vttt
686 2927 693 2940 ,
708 2907 735 2940 5,
748 2907 773 2934 6.

355 2956 489 2987 PATnOL.
510 2954 568 2984 ὒιι.
593 2954 619 2984 Χ
628 2955 651 2984 Χ
660 2954 710 2985 ιιι.

977 2316 1217 2342 commemoratur,
1226 2315 1254 2339 et
1265 2312 1356 2347 qualia
1368 2319 1415 2346 per
1425 2311 1544 2347 gentium
1555 2310 1761 2338 conversionem

976 2358 1155 2391 exhibentur;
1181 2358 1284 2385 idcirco
1305 2357 1372 2384 illud
1388 2358 1469 2384 etiam
1494 2356 1596 2383 dictum
1614 2355 1711 2390 fuisse,
1725 2356 1760 2383 Et

975 2411 1028 2430 non
1038 2408 1076 2430 est
1090 2403 1232 2430 secundum
1253 2397 1333 2436 ‘opera
1352 2408 1408 2428 tua.
1423 2401 1553 2434 Quaenam
1564 2401 1620 2428 sint
1636 2401 1682 2428 illa
1696 2409 1760 2436 ope-

977 2455 1016 2478 ra.
1032 2448 1084 2475 sub
1100 2448 1157 2474 haec
1173 2447 1253 2474 docet
1266 2447 1308 2474 his
1325 2446 1416 2473 verbis
1431 2455 1441 2482 :‘
1453 2445 1549 2473 01mm
1573 2449 1661 2481 gentes
1676 2453 1759 2481 quas-

975 2501 1074 2528 cunque
1091 2494 1177 2527 fecisti
1200 2493 1310 2523 uenient.
1326 2497 1351 2518 et
1364 2491 1513 2518 adorabunt
1525 2497 1615 2518 coram
1633 2497 1666 2520 te.
1681 2492 1759 2525 Quod

975 2539 997 2566 si
1023 2539 1090 2565 illud
1111 2539 1266 2573 adjiciatur,
1288 2537 1327 2564 Tu
1341 2545 1368 2564 es
1383 2537 1452 2564 Deus
1467 2537 1556 2570 solus;
1583 2538 1611 2565 id
1637 2538 1757 2573 applices

975 2585 1121 2617 Salvatori,
1134 2586 1186 2612 hoc
1201 2585 1262 2611 item
1275 2591 1423 2619 apponens,
1442 2582 1504 2610 Non
1516 2588 1555 2610 est
1567 2584 1662 2611 similis
1676 2585 1714 2610 lui
1729 2584 1757 2611 in

971 2632 1036 2663 diis.
1052 2632 1163 2658 Domine
1176 2639 1185 2657 :
1200 2631 1270 2658 sicut
1284 2631 1357 2657 enim
1371 2631 1393 2658 si
1409 2634 1435 2658 te
1450 2638 1512 2657 cum
1532 2631 1688 2658 memoratis
1704 2631 1756 2659 diis

973 2685 1173 2712 comparemus,
1191 2685 1244 2703 non
1262 2680 1303 2704 est
1315 2676 1412 2704 similis
1427 2677 1466 2703 tui
1479 2685 1486 2710 ς
1503 2677 1542 2704 sic
1554 2677 1576 2704 si
1592 2682 1619 2704 te
1628 2677 1756 2705 confera-

973 2731 1033 2750 mus
1045 2730 1107 2750 cum
1123 2722 1230 2753 iisdem,
1247 2725 1277 2748 tu
1303 2729 1333 2748 cs
1351 2720 1422 2749 Deus
1448 2722 1534 2749 solus.
1556 2721 1694 2757 Siquidem
1709 2729 1755 2748 so-

972 2769 1015 2796 lus
1029 2768 1153 2795 Salvator
1165 2772 1193 2795 et
1209 2767 1342 2794 Dominus
1365 2771 1459 2795 noster
1482 2767 1509 2794 in
1525 2768 1658 2803 principio
1672 2772 1730 2795 erat
1744 2786 1753 2798 ,

971 2814 1017 2843 Dei
1035 2814 1152 2842 Verbum
1168 2818 1238 2847 erat,
1256 2812 1327 2849 apud
1345 2812 1430 2841 Deum
1451 2818 1521 2847 erat,
1537 2818 1564 2842 et
1588 2813 1659 2841 Deus
1673 2818 1732 2840 erat
1744 2821 1751 2829 ·

1596 2947 1634 2976 33
