2032 3215
250 174 319 203 1039

604 166 739 197 EUSEBII
759 164 996 194 Cl‘ESARlENSlS
1014 163 1088 192 OPP.
1110 162 1199 190 PARS
1218 160 1262 189 111.
1285 174 1318 180 -—-
1337 156 1545 186 EXEGETICA.

1804 153 1816 181 1
1821 154 1873 182 089

251 231 355 267 pudore
384 228 546 258 alliciuntur.
575 235 589 254 a
618 227 696 262 signo
719 225 851 252 indicium
879 224 1048 254 liabentes,‘

1099 221 1153 246 ιίλοι
1167 219 1317 254 χαίρουσιν,
1334 217 1358 242 οἰ
1373 215 1401 242 δὲ
1416 214 1509 249 ἐχθροὶ
1525 213 1572 239 καὶ
1586 212 1611 238 οἱ
1631 210 1772 247 μισοῦντες
1784 209 1875 245 αἰσχύ-

251 278 341 314 ipsum
366 276 393 302 in
419 273 553 309 ejusmodi
580 280 646 300 casn
671 271 774 300 auxilio
794 275 821 298 et
847 270 1035 297 consolatione

250 322 361 350 muniri.
376 321 408 348 Et
426 321 540 348 fortasse
556 320 671 347 inimica:
691 319 815 349 virtutes.
832 317 938 352 signum
949 315 1035 342 Caino

251 368 408 403 impositum
422 371 575 398 cernentes,
596 365 761 400 gaudebant,
780 363 853 398 quod
882 362 988 390 soleant
1001 361 1035 388 de

252 413 348 441 alienis
371 413 456 440 laetari
474 412 569 444 malis;
586 411 674 445 angeli
691 417 755 437 vero
768 409 816 436 Dei
833 409 866 435 de
883 408 930 434 illo
945 414 1035 442 geme-

251 459 328 491 bant,
346 467 379 486 ex
391 458 469 492 signo
486 457 685 492 impendentem
710 455 748 483 illi
764 463 779 481 a
795 454 851 481 Deo
866 454 934 480 iram
954 460 1035 488 agno-

253 510 371 534 scentes.
387 505 421 531 At
434 504 461 530 in
479 504 606 538 religiosa
625 503 716 530 anima
733 501 901 528 contrarium
918 499 1034 530 accidit;

252 551 369 578 inimicm
382 551 483 584 quippe
493 549 606 575 virtutes
623 546 837 576 confunduntur,
854 546 953 572 bonum
970 544 1036 571 illud

251 598 360 632 signum
375 596 403 622 in
418 595 477 630 ipsa
492 594 610 630 positum
621 593 836 627 conspicientes;
851 591 934 618 divini
946 594 1035 617 autem

250 648 277 669 ct
297 642 364 669 boni
392 641 479 675 angeli
498 640 617 675 gaudent
631 643 658 666 et
671 638 845 674 gratulantur
863 637 897 664 ei.
917 635 1035 671 ldipsum

251 688 346 713 docuit
362 686 488 713 Salvator
503 690 595 713 noster
606 685 709 715 dicens.
722 683 850 718 gaudium
864 690 924 710 esse
942 682 968 708 in
981 689 1038 709 cu:-

252 734 286 760 lis
304 740 388 768 super
409 739 463 758 uno
479 736 622 766 peccatore
633 729 822 764 paenitentiam
838 731 935 763 agente
947 728 981 754 ⁷⁵.

327 873 368 902 ’1.
382 872 480 903 FlLllS
493 871 596 904 CthE,
612 871 773 899 PS.\LMUS
792 869 939 898 CANTICI.

570 918 713 946 LXXXVI.

291 967 374 995 Vens.
393 967 452 993 2-4.
470 965 654 993 Fundamenta
669 965 726 1000 ejus
737 966 763 991 in
778 965 908 992 montibus
920 965 1038 992 aanclis:

255 1013 340 1048 diligit
356 1013 484 1039 Dominus
497 1016 586 1045 portas
596 1011 661 1039 Sion
676 1019 755 1046 super
769 1011 859 1037 omnia
871 1010 1042 1037 tabernacula

254 1059 349 1087 Iacob.
369 1058 492 1085 Gloriosa
503 1058 577 1084 dicta
585 1062 646 1084 sunt
659 1058 689 1083 de
703 1062 737 1087 te.
754 1057 847 1084 ciuitas
865 1057 924 1084 Dei.
942 1057 1043 1084 Memo-

255 1106 320 1132 rabo
330 1104 420 1131 lia/tab
434 1109 459 1131 et
470 1103 640 1138 Babylonem,
651 1103 791 1130 scientibus
805 1111 855 1130 me.
869 1102 922 1129 Pro
932 1103 988 1135 illo,
1001 1102 1044 1129 Fi-

256 1152 298 1179 liis
307 1151 383 1183 Core,
392 1151 489 1185 Aquila
497 1157 523 1177 et
532 1150 721 1185 Symmachus,
732 1149 861 1176 Filiorum
870 1149 945 1180 Core,
956 1149 1044 1176 edide-

256 1201 330 1229 runt,
340 1197 417 1232 quasi
426 1197 546 1232 psalmus
555 1196 588 1223 ab
597 1195 629 1223 iis
635 1196 803 1231 compositus
812 1195 857 1227 sit,
866 1196 908 1223 vel
919 1196 952 1222 ab
960 1196 994 1222 iis
1003 1203 1045 1222 re-

255 1244 367 1275 eitatus,
380 1251 433 1270 non
445 1243 592 1270 modocum
607 1242 745 1277 psalterio.
760 1242 806 1269 sed
818 1243 897 1269 etiam
908 1250 969 1269 cum
981 1250 1045 1270 can-

257 1290 322 1316 tico.
337 1289 404 1316 Cum
422 1293 513 1316 autem
535 1295 639 1315 mecum
658 1292 812 1323 reputarem
829 1295 882 1323 qua
908 1287 941 1315 de
962 1296 1049 1315 causa

257 1336 353 1371 psalmi
363 1335 410 1371 qui
422 1335 554 1362 Filiorum
566 1334 763 1370 Coreinscripti
774 1339 837 1361 sunt
850 1343 903 1362 non
915 1343 969 1362 una
980 1343 1048 1362 con-

256 1383 343 1417 juncti
356 1382 475 1414 sint,sed
487 1382 573 1416 primo
580 1381 725 1416 separatim
735 1381 816 1416 positi
827 1389 842 1408 a
851 1389 941 1411 uuae
952 1389 1046 1408 rursus

258 1428 313 1455 duo
321 1428 436 1456 seorsim
449 1427 542 1459 locati,
554 1434 650 1462 nempe
662 1434 766 1454 Lxxxtn
777 1431 803 1455 et
812 1435 921 1459 Luxw,
934 1428 1047 1454 iterum-

260 1481 313 1508 que
326 1473 371 1500 alii
384 1473 449 1506 duo,
465 1473 570 1501 scilicet
581 1473 626 1500 hic
642 1480 724 1507 quem
740 1477 891 1500 tractamus
909 1476 936 1499 et
953 1473 1048 1499 subse-

260 1527 363 1554 quens;
377 1523 405 1546 et
424 1527 474 1546 cur
485 1519 513 1546 in
533 1519 624 1546 medio
639 1519 753 1546 istorum
771 1518 877 1553 positus
895 1518 930 1545 sit
945 1525 1045 1547 Lxxxv.

1085 274 1184 297 νονται,
1199 264 1340 299 γνώρισμα
1361 261 1490 292 λαϐόντες
1506 260 1549 286 διὰ
1565 258 1612 285 τοῦ
1628 257 1754 292 σημείου,
1775 257 1816 282 ὅτι
1833 256 1875 290 βε-

1085 313 1215 348 ϐοήθηται
1228 311 1274 337 καὶ
1289 307 1495 344 παρακέκληται
1504 305 1550 332 ἐπὶ
1565 304 1603 339 τῷ
1616 302 1810 339 πμϐεὸηκότι.
1822 301 1876 328 Kal.

1085 361 1154 394 τάχα
1170 359 1217 385 ἐπὶ
1241 357 1290 392 μὲν
1303 355 1349 383 τοῦ
1372 354 1443 380 Κάῖν
1458 353 1486 379 αἱ
1509 351 1605 387 ἐχθραὶ
1619 349 1758 384 δυνάμεις,
1773 348 1877 383 ὁρῶσαι

1085 407 1114 433 τὸ
1138 404 1260 432 ὲπιτεθὲν
1276 401 1350 437 αὺτῷ
1376 401 1487 436 σημεῖον
1503 399 1555 425 ὑπὸ
1568 397 1615 424 τοῦ
1635 395 1714 427 Θεοῦ,
1733 394 1877 429 ἐπέχαιρον

1085 452 1169 488 αὐτῷ,
1189 452 1236 478 ἆτε
1261 446 1500 484 ὲπιχαιρησίκακοι
1522 442 1616 471 οὖσαι·
1639 443 1663 469 οἱ
1687 441 1715 468 δὲ
1737 440 1784 467 τοῦ
1811 439 1878 466 Θεοῦ

1086 487 1193 534 ἄγγελοι
1211 496 1354 524 ὲπὲπενον
1369 492 1444 527 αὐτῷ
1455 491 1498 518 διὰ
1510 490 1557 517 τοῦ
1574 489 1686 525 σημείου
1698 488 1748 523 τὴν
1759 487 1877 534 ὲπηρτηέ

1088 532 1172 580 μένην
1187 542 1260 577 αὐτῷ
1283 542 1315 568 ὲκ
1337 539 1404 566 Θεοῦ
1419 538 1502 574 ὀργὴν
1522 535 1757 570 ἐπιγινώσκοντες.
1775 533 1839 580 Ἐπὶ
1851 532 1879 559 δὲ

1086 579 1136 627 τῆς
1152 588 1291 624 Θεοφιλοῦς
1307 586 1397 622 ψυχῆς
1408 583 1572 615 ¹ιτθὺναντίον,
1584 583 1613 609 αἱ
1629 582 1677 617 μὲν
1691 579 1787 616 ἐχθραὶ
1795 579 1879 627 ’δυνά-

1090 625 1149 674 μεις
1168 635 1393 670 καταισχύνονται
1409 631 1440 658 τὺ
1456 630 1556 666 ἀγαθὸν
1575 629 1687 664 σημεῖον
1704 625 1882 674 ,ἐπικείμενον

1087 672 1190 719 δρῶσαι
1202 682 1270 716 αὐτῇ
1280 690 1286 695 ·
1301 680 1326 706 οἱ
1340 679 1369 705 δὲ
1384 678 1450 704 θεῖοι
1466 677 1512 703 καὶ
1519 675 1621 710 ἃγαοοὶ
1634 673 1744 708 ἄγγελοι
1757 672 1882 708 χαίρουσι

1088 731 1134 756 καὶ
1148 726 1385 763 συνευφραίνονται
1399 725 1479 759 αὐτῇ.
1498 723 1582 749 Τοῦτο
1605 721 1652 748 καὶ
1666 722 1679 747 6
1691 719 1787 755 Σωτὴρ
1804 719 1882 754 ἡμῶν

1089 775 1206 806 ἐδίδαξεν
1225 772 1319 803 εἰπὼν,
1336 770 1423 806 χαρὰν
1436 768 1575 804 γίγνεσθαι
1593 768 1622 795 ἐν
1633 768 1689 798 τοῖς
1702 767 1827 801 οὐρανοῖς
1838 763 1882 791 ἐπὶ

1089 823 1129 848 ἑνὶ
1142 818 1295 856 ἁμαρτωλῷ
1308 815 1494 853 μετανοοῦντι.

1178 875 1255 901 Tle
1274 873 1364 900 ΥΙΟΙΣ
1383 871 1485 903 ΚΟΡΕ,
1505 869 1650 896 ΨΔΛΜΟΣ
1669 868 1766 904 ῼΔΗΣ.

1450 918 1522 950 HCf'.

1130 970 1161 995 Ol
1181 966 1308 1002 θεμέλιοι
1332 965 1425 993 αὐτοῦ
1452 965 1487 991 ἐν
1507 963 1569 996 τοῖς
1597 963 1679 997 ὄρεσι
1702 961 1764 995 τοῖς
1774 961 1884 997 ἁγίοις’

1092 1014 1193 1050 ἀγαπᾷ
1215 1014 1322 1048 Κύριος
1337 1012 1389 1045 τὰς
1403 1012 1502 1044 πύλας
1528 1009 1605 1037 Σιὼν
1628 1008 1706 1043 ὑπὲρ
1728 1007 1828 1034 πάντα
1852 1007 1886 1034 τὰ

1093 1061 1274 1096 σκηνώματα
1297 1059 1408 1087 Ἰακώϐ.
1435 1056 1645 1092 Δεδσξασμένα
1665 1055 1799 1090 ἐλαλήθη
1821 1056 1886 1089 περὶ

1093 1110 1163 1141 (τοῦ,
1185 1109 1204 1142 ὴ
1223 1109 1310 1141 πόλις
1323 1106 1377 1134 τοῦ
1393 1105 1478 1133 Θεοῦ.
1496 1103 1716 1138 Μνησθήσομαι
1735 1103 1828 1130 Ῥαὰϐ
1839 1102 1887 1129 καί

1096 1152 1272 1187 Βαϐυλῶνος
1292 1153 1354 1186 τοῖς
1378 1151 1562 1187 γινώσκουσί
1581 1159 1630 1185 με,
1650 1149 1722 1176 Ἀντί
1743 1149 1803 1182 τοῦ,
1825 1148 1887 1181 Τοῖς

1095 1201 1171 1235 υἱοῖς
1196 1203 1282 1234 Κορὲ,
1300 1200 1314 1226 6
1333 1199 1448 1231 Ἀκύλας
1474 1199 1520 1225 καὶ
1545 1198 1703 1233 Σύμμαχος,
1731 1196 1794 1223 Τῶν
1816 1195 1889 1223 υἱῶν

1096 1248 1181 1282 Κορὲ,
1208 1247 1399 1277 ὲκόεδώκασιν,
1419 1246 1457 1277 ὡς
1478 1245 1524 1271 ὑπ’
1543 1244 1632 1272 αὐτῶν
1658 1242 1887 1278 πεποιημένου,ἥ

1095 1294 1139 1321 διὰ
1155 1293 1256 1320 τούτων
1274 1292 1418 1328 εἰρημένου
1435 1291 1482 1317 τοῦ
1504 1289 1612 1326 ψαλμοῦ
1630 1290 1677 1316 xat
1691 1289 1845 1325 λεχθέντος,
1860 1289 1889 1315 οὗ

1101 1337 1181 1374 μόνον
1197 1336 1240 1363 διὰ
1250 1336 1410 1372 ψαλτηρίου,
1427 1335 1494 1362 ἀλλὰ
1512 1335 1559 1362 καὶ
1578 1336 1637 1370 μετ’
1654 1334 1737 1370 ᾠδῆς.
1751 1334 1848 1369 Ζητῶν
1863 1334 1890 1360 δὲ

1098 1385 1163 1420 παρ’
1180 1383 1302 1419 ἐμαυτῷ,
1317 1382 1448 1417 τίνιλόγῳ
1466 1382 1502 1418 μὴ
1515 1382 1615 1412 πάντες
1629 1379 1699 1416 ἦσαν
1716 1381 1757 1415 ἐφ’
1776 1381 1818 1407 ἐνὶ
1831 1389 1892 1407 σνν-

1099 1440 1114 1466 η
1119 1441 1138 1466 μ
1141 1430 1216 1466 μένοι
1227 1429 1251 1456 οἱ
1263 1428 1495 1464 ἐπιγεγραμμένοι
1509 1427 1571 1455 Τῶν
1583 1427 1656 1455 υἱῶν
1663 1427 1748 1462 Κορὲ,
1756 1427 1814 1454 ἀλλ’
1822 1427 1892 1454 οὕτω

1101 1476 1150 1511 μὲν
1160 1475 1232 1507 ἰδίως
1242 1475 1379 1511 πρῶτοιοὶ
1392 1475 1446 1501 ἀπὸ
1459 1474 1506 1501 τοῦ
1517 1477 1571 1509 μα’·
1586 1474 1635 1501 καὶ
1645 1474 1725 1500 πάλιν
1739 1474 1812 1506 ἰδίως
1823 1474 1894 1508 ἀφω-

1101 1523 1222 1558 ρισμένοι
1237 1522 1282 1549 δύο
1295 1523 1309 1548 ὁ
1322 1524 1376 1556 κγ’,
1389 1520 1486 1548 ὁδ’καί
1496 1524 1522 1547 π’
1535 1528 1542 1536 ⁸
1552 1521 1599 1547 καὶ
1615 1520 1694 1547 πάλιν
1705 1520 1794 1555 ἕτεροι
1811 1519 1868 1553 δύο,
1878 1519 1893 1545 6

261 1567 425 1601 inscriptus,
450 1565 545 1593 Oratio
566 1565 676 1593 Davidis
692 1574 701 1591 :
717 1573 770 1599 qua
795 1565 829 1592 de
849 1573 878 1592 re
900 1572 961 1600 qua:
989 1568 1046 1591 tum

1102 1569 1170 1604 μετὰ
1183 1570 1275 1605 χεῖρας
1287 1569 1333 1595 καὶ
1343 1569 1357 1595 6
1368 1568 1431 1604 ἑξῆς
1440 1567 1522 1603 αὐτῷ·
1537 1567 1618 1603 μέσος
1630 1567 1658 1594 δὲ
1667 1566 1893 1603 παρεμϐέϐληται

261 1612 470 1644 succurrebant,
486 1611 513 1638 in
539 1615 738 1646 postremorum
760 1610 943 1645 explicatione
966 1617 981 1636 a
1005 1617 1048 1636 me

260 1657 316 1692 jam
336 1657 435 1684 tradita
446 1660 521 1684 sunt.
539 1655 625 1683 Secus
638 1655 754 1683 fortasse
774 1655 910 1690 quispiam
927 1655 1048 1686 dixerit;

263 1710 359 1737 nempe
374 1709 470 1728 omnes
488 1702 533 1736 qui
552 1702 579 1728 in
602 1701 671 1728 libro
686 1700 856 1728 Psalmorum
873 1701 1008 1736 feriuntur.
1033 1708 1049 1727 a

242 1755 244 1758 '
264 1749 384 1776 diversis
395 1748 462 1775 viris
483 1747 642 1783 prophetico
659 1747 764 1782 Spiritu
780 1747 877 1775 alllatis
890 1748 1051 1782 pronuntia-

215 1814 225 1818 -
263 1799 317 1827 tos,
333 1795 479 1829 separatim
497 1794 602 1828 positos
620 1793 715 1826 fuisse,
734 1797 791 1820 tum
808 1793 872 1828 quia
888 1801 941 1821 non
953 1793 1048 1820 eodem

265 1846 387 1875 tempore
401 1839 478 1872 dicti,
494 1844 551 1867 tum
575 1839 641 1874 quia
655 1847 709 1867 non
725 1839 760 1867 ab
781 1839 876 1867 iisdem
892 1839 1051 1874 prophetice

263 1886 431 1922 pronuntiati
461 1885 579 1913 fuerant.
609 1885 632 1913 A
656 1885 791 1920 principio
819 1886 911 1920 itaque
938 1886 1049 1921 quidam

263 1931 348 1960 Mosis
374 1931 524 1965 inscriptus
545 1930 615 1963 fuit,
642 1932 690 1958 alii
717 1931 832 1966 Asaphi,
858 1931 903 1958 alii
927 1931 1050 1963 Davidis,

264 1985 337 2005 unus
359 1975 525 2008 Salomonis.
543 1976 652 2004 [Emam
677 1977 811 2004 Esdraita:
830 1984 938 2012 quoque
962 1977 1052 2008 alius;

265 2023 344 2049 multi
362 2030 426 2049 vero
443 2027 539 2056 praeter
555 2022 636 2050 hosce
650 2022 830 2057 inscriptione
841 2026 935 2049 curent
948 2042 955 2053 ,
974 2022 1010 2048 ita
1024 2026 1052 2048 ut

265 2067 410 2101 cujusnam
433 2067 488 2094 sint
507 2067 578 2095 seire
602 2075 780 2102 nequeamus.
795 2067 864 2094 Cum
888 2075 954 2102 ergo
975 2068 1052 2095 varie

266 2113 373 2140 recitati
390 2113 516 2144 fuissent,
534 2114 652 2148 sparsim
668 2114 750 2148 positi
773 2121 788 2140 a
812 2114 943 2142 studiosis
955 2114 1052 2141 harum

267 2167 359 2186 rerum
377 2159 444 2187 viris
459 2159 610 2194 antiquitus
638 2160 826 2186 servabantur.
859 2159 960 2187 Deinde
990 2168 1061 2187 vero

269 2204 381 2241 [dixerit
399 2204 492 2241 idem],
504 2212 537 2232 c1.
555 2205 676 2240 psalmos
689 2213 771 2232 unum
789 2206 815 2232 in
832 2206 931 2233 librum
944 2211 1054 2233 coactos

1101 1615 1205 1642 τούτων
1217 1617 1230 1642 6
1240 1619 1282 1642 πε¹
1294 1614 1533 1650 ἐπιγεγραμμένος
1544 1613 1704 1648 Προσετιχὴ
1723 1612 1777 1640 τοῦ
1791 1612 1892 1640 Δαυΐδ·

1100 1661 1134 1688 τὰ
1149 1662 1197 1697 μὲν
1212 1662 1273 1697 ἐμοὶ
1285 1661 1462 1698 παραστάντα
1473 1661 1513 1692 είς
1524 1660 1573 1695 τὴν
1587 1660 1642 1687 τῶν
1653 1660 1815 1687 τελευταίων
1828 1660 1895 1687 θεω-

1102 1708 1164 1743 ρίαν
1189 1707 1232 1734 διὰ
1255 1707 1309 1734 τῶν
1330 1706 1481 1742 εἰρημένων
1506 1707 1557 1742 ήδη
1580 1707 1712 1742 πρότερον
1736 1707 1894 1742 δεδήλωται.

1101 1753 1180 1780 Εἴποι
1197 1753 1219 1780 δ’
1232 1753 1265 1780 ἄν
1277 1762 1320 1785 τις
1335 1753 1382 1779 καὶ
1397 1753 1493 1785 ἄλλως,
1505 1753 1545 1779 ὅτι
1562 1753 1661 1784 πάντες
1673 1754 1697 1780 οἰ
1712 1753 1741 1780 ὲν
1760 1754 1795 1789 τῇ
1812 1752 1895 1788 βίϐλῳ

1101 1799 1155 1827 τῶν
1168 1799 1291 1835 Ψαλμῶν
1311 1800 1456 1835 φερόμενοι
1470 1799 1554 1834 λόγοι,
1573 1800 1626 1826 ὑπὸ
1638 1799 1775 1835 διαφόρων
1792 1799 1895 1836 ἀνδρῶν

1103 1845 1264 1881 προφητικῷ
1285 1846 1423 1881 Πνεὺματι
1445 1845 1630 1881 λελαλημένοι,
1652 1845 1798 1878 ἰδιάζοντες
1815 1843 1895 1881 ἦσαν,

1102 1891 1139 1923 ὡς
1154 1892 1186 1918 ἂν
1200 1892 1268 1927 μήτε
1286 1892 1330 1926 ὑφ’
1345 1892 1393 1918 ἕνα
1409 1892 1504 1928 καιρὸν
1522 1891 1673 1927 λεχθέντες,
1692 1893 1760 1928 μήτε
1777 1892 1830 1919 ὑπὸ
1844 1892 1897 1918 τῶν

1103 1938 1191 1964 αὐτῶν
1213 1938 1458 1974 προφητευθέντες.
1485 1938 1590 1965 Afr-rixa
1604 1938 1670 1973 γοῦν
1694 1937 1897 1974 ἐπιγέγραπται

1103 1993 1145 2015 τις
1167 1985 1315 2017 Μωῦσέως,
1330 1984 1378 2011 καὶ
1402 1985 1490 2020 ἕτεροι
1510 1983 1558 2011 τοῦ
1580 1985 1675 2019 Ἀσάφ,
1692 1984 1799 2011 καὶτοῦ
1817 1983 1898 2011 Δαυῒδ

1103 2030 1184 2056 πάλιν
1201 2030 1298 2065 ἕτεροι,
1313 2030 1359 2056 καὶ
1375 2029 1388 2055 6
1405 2029 1575 2064 Σολομῶντος
1590 2029 1678 2061 ἄλλος,
1699 2031 1746 2056 καί
1762 2029 1843 2057 πάλιν
1856 2031 1899 2056 Λί-

1105 2075 1153 2102 θὰν
1166 2075 1213 2101 τοῦ
1233 2075 1388 2110 Ἐσδραῖτου
1401 2084 1406 2090 ·
1422 2075 1470 2101 κλὶ
1483 2075 1572 2111 ἕτεροι
1583 2075 1611 2102 δὲ
1622 2075 1743 2101 πλεῖστοι
1753 2077 1809 2102 ὅσοι
1824 2076 1900 2111 παρᾶ

1103 2121 1213 2153 τούτους
1230 2121 1358 2156 φέρονται
1382 2121 1573 2157 ἀνεπίγραφοι,
1591 2121 1621 2147 οὐ
1647 2121 1804 2156 δυναμένων
1820 2123 1898 2158 ἡμῶν

1105 2166 1202 2193 εἰδέναι
1217 2167 1288 2198 τίνος
1300 2167 1345 2202 ἄρ’
1356 2165 1420 2194 εἷεν.
1433 2168 1574 2202 Διαφόρως
1585 2165 1631 2194 οὖν
1644 2168 1795 2203 εἰρημένων
1809 2168 1840 2194 τὸ
1851 2177 1899 2195 πα-

1106 2213 1180 2239 λαιὸν
1195 2213 1331 2248 σποράδην
1345 2213 1451 2249 ὑπῆρχε
1475 2213 1551 2249 παρὰ
1567 2214 1623 2244 τοῖς
1639 2214 1703 2248 περί
1713 2213 1799 2240 ταῦτα
1817 2222 1899 2241 σπου-

269 2252 364 2280 fuisse.
378 2253 416 2278 Ac
432 2251 547 2279 fortasse
561 2251 606 2286 qui
620 2252 739 2287 collegit,
750 2252 806 2279 sive
817 2252 841 2279 is
854 2252 953 2280 Esdras
964 2252 1044 2280 fuerit

1109 2257 1193 2290 δαίοις
1209 2258 1424 2293 πεφυλαγμένον.
1440 2256 1497 2284 Εἶθ’
1520 2257 1632 2293 ὕστερον
1655 2258 1821 2294 συναχθῆναι
1839 2260 1900 2291 τοὺς

270 2303 300 2325 ut
310 2299 387 2325 aiunt
403 2297 519 2329 llebrmi,
533 2298 590 2325 sive
598 2298 669 2326 alius
683 2298 829 2333 quispiam,
848 2307 895 2326 eos
909 2300 954 2334 qui
969 2300 1056 2334 primo

270 2344 305 2371 ad
329 2352 439 2371 manum
466 2350 608 2375 venerunt,
630 2344 733 2378 primos
749 2345 775 2371 in
803 2344 875 2371 libro
902 2345 1055 2372 constituit.

270 2390 338 2418 Nam
355 2398 417 2417 cum
429 2398 482 2417 non
498 2398 593 2418 omnes
606 2397 660 2417 uno
677 2390 826 2426 eodemque
843 2395 964 2426 tempore
980 2399 1058 2426 repe-

273 2438 350 2468 rerit.
362 2437 518 2465 necessario
534 2445 581 2464 eos
597 2437 643 2471 qui
664 2444 730 2464 casu
745 2438 772 2464 in
788 2445 886 2465 manus
903 2438 1058 2465 inciderunt

273 2485 362 2517 primo
378 2483 496 2518 repertis
511 2483 646 2517 adjunxit.
664 2483 846 2516 Quamobrem
858 2492 919 2511 eum
931 2488 994 2511 octo
1005 2485 1061 2519 pri-

275 2535 335 2555 mos
347 2527 475 2554 Filiorum
497 2528 576 2559 Core,
588 2532 616 2554 ut
628 2529 776 2556 verisimile
789 2533 840 2561 est,
858 2537 912 2556 una
925 2530 1006 2556 simul
1018 2537 1060 2557 re-

275 2574 414 2608 pertos,iu
430 2574 499 2601 libro
513 2574 595 2601 simul
612 2575 759 2608 posuisset,
769 2575 802 2602 iis
813 2579 906 2610 postea
919 2576 1061 2610 subjunxit

274 2628 322 2649 eos
342 2620 389 2655 qui
404 2621 455 2647 sub
473 2621 530 2648 haec
553 2629 614 2648 sese
627 2621 795 2649 obtulerunt.
811 2621 914 2648 Deinde
927 2629 988 2648 cum
1001 2622 1062 2656 pln-

228 2697 233 2702 ,
276 2674 322 2694 res
334 2666 380 2692 alii
394 2667 492 2700 reperti
507 2670 534 2692 et
548 2667 574 2693 in
591 2667 658 2694 libro
673 2667 845 2694 Psalmormn
862 2668 974 2702 repositi
994 2667 1062 2694 fuis-

276 2717 337 2740 sent
346 2716 408 2748 post
418 2719 511 2739 Luxu
524 2713 669 2747 psalmum.
680 2715 759 2742 binos
771 2715 839 2741 alios
850 2713 979 2741 Filiorum
993 2714 1062 2742 Core

276 2759 471 2792 deprehensos,
487 2766 583 2794 nempe
594 2765 730 2788 Lxxxnlet
740 2768 853 2791 Lxxxtv,
863 2765 1063 2795 consequenter

275 2805 385 2832 locavit.
401 2805 470 2832 Tum
485 2810 547 2840 post
568 2805 689 2840 elapsum
707 2807 839 2842 temporis
865 2807 982 2843 spatium
998 2815 1059 2834 eum

314 2883 336 2899 ⁷⁵
355 2882 421 2912 Luc.
441 2891 487 2916 xv,
508 2883 536 2912 7.

1111 2308 1148 2340 ρν’
1166 2305 1218 2331 ὑπὸ
1244 2305 1306 2340 μίαν
1321 2305 1420 2340 βίὸλον,
1437 2305 1544 2341 Μήποτ⁸
1560 2304 1607 2332 οὖν
1625 2306 1639 2332 6
1663 2306 1835 2340 συναγαγὼν,
1851 2306 1900 2333 εἶτ’

1112 2351 1228 2387 Ἔσδρας
1244 2349 1321 2383 οὗτος
1343 2349 1387 2388 ἦν,
1410 2350 1446 2384 ὥς
1469 2360 1550 2386 φασιν
1571 2352 1703 2388 Ἑϐραίων
1720 2352 1824 2384 παῖδες,
1847 2353 1901 2380 εἴτε

1110 2405 1152 2428 τις
1166 2397 1259 2432 ἕτερος
1270 2397 1345 2433 παρὰ
1356 2397 1460 2430 τοῦτον,
1478 2398 1541 2430 τοὺς
1558 2397 1682 2434 πρώτους
1696 2399 1735 2429 εἰς
1750 2398 1832 2425 αὐτὸν
1843 2400 1901 2434 ἐχο-

1114 2443 1210 2478 μένους
1222 2444 1346 2479 πρώτους
1356 2443 1384 2470 ἐν
1397 2445 1429 2479 τῇ
1447 2443 1528 2479 βίϐλῳ
1542 2444 1715 2471 κατέταττεν.
1727 2444 1785 2471 Οὐκ
1798 2445 1903 2481 ἀθρόως

1112 2489 1166 2524 γὰρ
1182 2490 1244 2521 τοὺς
1261 2489 1365 2521 πάντας
1384 2489 1428 2524 ὑφ’
1441 2490 1489 2516 ἕνα
1512 2490 1608 2525 καιρὸν
1623 2489 1720 2525 εὑρὼν,
1735 2490 1764 2522 ἐξ
1781 2491 1904 2526 ἀνάγκης

1112 2535 1174 2566 τοὺς
1193 2535 1259 2570 πρὸς
1273 2536 1350 2570 χεῖρα
1361 2536 1604 2571 παρεμπίπτοντας
1615 2536 1731 2571 συνῆπτε
1741 2537 1797 2566 τοῖς
1813 2544 1904 2571 προει-

1114 2581 1220 2615 ληφόσι.
1238 2580 1338 2616 Διόπερ
1354 2581 1401 2607 καὶ
1419 2582 1481 2613 τοὺς
1495 2581 1619 2616 πρώτους
1633 2585 1658 2616 η’
1674 2581 1734 2607 Τῶν
1749 2581 1816 2608 υἱῶν
1832 2581 1904 2616 Κορὲ

1111 2626 1184 2657 εἰκδς
1205 2627 1264 2653 τότε
1286 2627 1444 2659 κατατάξαι,
1461 2628 1504 2654 ὅτε
1529 2628 1575 2654 καὶ
1601 2627 1704 2663 ἁθρόως
1719 2627 1788 2662 ὁμοῦ
1806 2629 1904 2659 πᾰντες

1113 2671 1258 2707 εὕρηνται·
1278 2673 1336 2707 μετ’
1353 2673 1476 2704 ἐκείνους
1489 2672 1517 2698 δὲ
1533 2672 1648 2707 συνάψαι
1658 2673 1720 2704 τοὺς
1735 2673 1805 2708 μετὰ
1819 2672 1904 2699 ταῦτα

1113 2718 1152 2749 εἰς
1166 2717 1247 2744 αὑτὸν
1260 2717 1395 2750 ἐλθόντας.
1412 2716 1477 2744 Εἶτα
1491 2718 1595 2745 πολλῶν
1610 2719 1638 2744 ὲν
1650 2718 1688 2754 τῷ
1701 2718 1803 2753 μεταξὺ
1823 2719 1900 2754 εὑρη-

1115 2763 1214 2798 μένων,
1229 2765 1276 2790 καὶ
1289 2766 1328 2796 εἰς
1337 2764 1385 2799 τὴν
1398 2764 1488 2799 βίϐλον
1498 2764 1551 2791 τῶν
1559 2765 1680 2800 Ψαλμῶν
1695 2764 1903 2799 ἀναληφθέντων

1116 2809 1183 2844 μετὰ
1196 2809 1241 2836 τὸν
1256 2809 1300 2837 7.6"
1310 2809 1425 2846 ψαλμὸν,
1438 2810 1568 2845 εὑρῆσθαι
1580 2809 1659 2836 πάλιν
1674 2809 1769 2841 ἄλλους
1787 2810 1833 2836 δύο
1844 2810 1902 2837 Τῶν
