2032 3215
162 238 225 267 1011

746 237 994 265 (ΖΟΜΜΕΝΤΑΙΠΛ
1015 238 1046 265 ΙΝ
1067 238 1236 266 PSALMOS.

1292 210 1352 252 ‘65
1714 235 1782 263 tota

157 297 222 323 υἱῶν
235 295 316 330 Κορὲ,
338 293 383 325 οὒς
399 294 445 320 καὶ
460 293 614 325 ἀκολούθως
634 294 750 328 συνάψας
765 295 793 321 ὲν
812 294 850 329 τῷ
865 295 939 330 τρίτιι

1001 295 1094 322 Oratio
1108 295 1217 323 Davidis
1231 299 1336 330 reperta
1348 295 1454 329 fuisset,
1472 303 1530 323 eam
1545 299 1605 330 post
1618 303 1717 322 uxxw
1738 304 1782 323 rc-

157 341 204 368 καὶ
221 343 247 366 π’
263 340 310 366 καὶ
321 339 358 374 τῷ
369 339 409 365 ηδ’
426 338 581 371 κατέταξεν.
595 337 660 366 Εἶτα
675 339 774 374 μεταξὺ
788 339 834 365 τοῦ
850 340 944 375 χρόνου

155 387 204 422 τῆς
221 385 268 412 τοῦ
284 385 363 411 Δαυῖδ
386 384 544 420 Προσευχῆς
570 384 737 420 εὑρεθείσης,
766 385 881 411 ἐνθεῖναι
899 385 945 411 καῖ.

156 433 258 467 ταύτην
279 432 348 468 μετὰ
361 431 405 458 τὸν
419 431 470 458 πδ’.
483 431 537 457 Καὶ
553 431 633 458 πάλιν
649 431 718 466 μετὰ
729 432 778 467 τὴν
790 431 945 467 Προσευχὴν

156 479 203 506 τοῦ
216 478 306 509 Δαυῗδ,
319 479 347 504 ἐν
360 481 400 504 πεί
415 477 490 512 τόπῳ
501 477 723 512 καταλεχθεῖσαν,
736 477 879 513 εὑρεθῆναι
893 478 947 504 ἑτέ-

156 534 220 561 ρους
245 523 291 550 δύο
306 525 366 550 Τῶν
383 524 448 550 υἱῶν
462 524 544 559 Κορὲ,
567 523 614 550 τὸν
631 523 699 559 μετὰ
719 526 813 559 χεῖρας
833 525 879 551 καὶ
901 524 946 550 τὸν

155 571 255 607 ἐφεξῆς
272 571 345 606 αὐτῷ
355 579 361 585 ’
376 571 404 604 ἐξ
427 571 548 605 ἀνάγκης
562 578 590 596 τε
605 571 651 597 καὶ
665 571 762 602 αὐτοὺς
786 570 947 606 συναχθῆναι

999 343 1099 376 posuit.
1119 343 1157 369 Ac
1182 350 1291 369 rursum
1322 346 1382 377 post
1407 342 1563 369 Orationem
1588 341 1783 377 Davidis,qu;e

999 397 1088 415 Lxxxv
1105 397 1220 416 nurnero
1248 389 1336 424 posita
1356 389 1452 421 fuerat,
1466 390 1591 417 inventos
1611 389 1695 417 fuisse
1711 390 1783 417 dicet

998 434 1068 460 duos
1083 434 1151 461 alios
1165 433 1297 461 Filiorum
1306 435 1389 468 Core,
1405 435 1477 462 hunc
1491 443 1570 470 quem
1585 439 1744 467 tractamus,
1756 438 1784 462 et
1811 468 1813 471 γ

1000 486 1157 515 sequentem
1186 490 1192 507 :
1217 488 1249 507 ac
1274 481 1314 509 sic
1342 481 1500 509 necessario
1522 481 1644 508 Orationi
1673 481 1784 508 Davidis

1000 525 1161 560 conjunctos
1182 526 1278 554 fuisse.
1304 525 1424 561 ldipsum
1450 533 1532 560 porro
1546 526 1644 552 dixerit
1667 525 1738 553 idem
1755 525 1784 552 in

1000 571 1168 605 reliquorum
1185 571 1351 606 psalmorum
1369 571 1540 599 ordinatione
1553 571 1710 606 contigisse.

155 621 188 654 τῇ
205 619 345 654 Προσευχῇ
358 617 405 644 τοῦ
417 618 507 645 ita-£5.
518 617 569 645 Τὸν
580 618 659 645 αὑτὸν
676 618 702 644 δὲ
715 617 793 652 λόγον
806 618 939 654 ὑπάρχειν
958 620 972 645 ὁ
983 618 1064 650 αὐτος
1077 619 1149 645 εἴποι
1160 618 1192 646 ἂν
1207 619 1254 646 καὶ
1264 619 1309 646 ἐπὶ
1323 621 1372 655 τῆς
1384 620 1437 646 τῶν
1451 619 1552 646 λοιπῶν
1581 619 1695 655 ψαλμῶν
1722 628 1783 646 συν-

156 665 267 697 θέσεως.

191 725 360 753 Πιστώσεται
374 726 402 752 δὲ
414 725 444 753 τὺ
456 725 619 761 λελεγμένον
631 727 685 753 ἀπὸ
694 726 869 762 προφητικῶν
880 727 946 754 ἀπο.

154 771 262 803 δείξεων
272 780 278 786 ·
297 772 358 798 ἐπεὶ
370 771 424 808 γὰρ
444 772 473 798 ὲν
488 772 547 803 ταῖς
566 773 748 808 προφητικαῖς
764 772 863 807 βίϐλοις
880 772 946 799 πολ-

144 817 234 848 ¹λάκις
248 817 322 844 ἐστὶν
339 818 427 854 εὑρεῖν
441 817 476 845 τὰ
488 817 527 853 τῷ
538 818 625 854 χρόνῳ
639 818 819 854 πφλεχθέντα
832 819 946 854 δεύτερα

140 898 144 902 ”
155 865 269 900 κείμενα
280 865 313 900 τῇ
328 863 414 897 τάξει,
428 865 475 891 καὶ
488 864 522 890 τὰ
536 864 757 900 πῳφητευθέντα
767 865 868 900 ὕστερα
877 874 945 900 προ-

155 909 309 945 τεταγμένα
320 909 374 936 τῶν
392 908 565 945 προαγόντων
579 910 633 941 τοῖς
650 909 764 944 χρόνοις.
774 910 802 936 ’0
818 909 883 943 γοῦν
900 909 947 936 Ἰε-

1033 725 1095 752 Haec
1114 731 1177 752 vero
1192 724 1325 752 sententia
1348 723 1514 758 propheticis
1537 725 1669 760 exemplis
1683 725 1783 753 conﬁr-

997 776 1088 798 matur
1103 779 1109 798 :
1129 777 1191 797 nam
1207 770 1234 796 in
1250 770 1418 804 propheticis
1437 770 1513 798 libris
1534 770 1691 805 frequenter
1706 779 1785 807 rcpe»

996 816 1051 843 rire
1066 819 1108 843 est
1123 823 1164 846 ea,
1178 823 1239 851 qua:
1251 815 1327 849 prius
1342 815 1415 841 dicta
1431 819 1505 847 sunt,
1521 816 1642 844 secundo
1657 817 1717 844 loco
1734 825 1784 852 po-

997 863 1059 894 sita,
1086 865 1112 888 et
1138 869 1198 896 qua:
1222 865 1359 896 postremo
1383 862 1562 896 praenuntiata
1585 868 1658 895 sunt,
1673 863 1707 891 iis
1722 871 1783 898 quae

997 911 1194 943 praecesserant
1206 907 1356 943 praemissa.
1372 907 1439 934 Nam
1454 907 1586 936 Jeremias
1598 909 1703 936 initium
1720 917 1782 944 pm-

155 956 255 992 ρεμίας
272 955 454 992 προφητεύειν
471 955 519 990 μὲν
532 954 645 990 ἄρχεται
669 955 715 981 ἐπὶ
731 955 842 986 Ἰωσίου,
857 963 940 990 παρα-

999 953 1126 989 phetaudi
1141 954 1216 980 ducit
1231 961 1246 980 a
1262 959 1382 988 tempore
1395 953 1493 986 Josiaa;
1507 957 1534 980 ct
1549 961 1636 988 usque
1649 954 1684 981 ad
1699 953 1782 982 Sede-

153 1001 236 1028 τείνει
249 1001 277 1028 δὲ
294 1000 374 1036 μέχρι
389 1000 512 1027 Σεδεκίου
527 1000 573 1027 καὶ
587 1000 636 1035 τῆς
650 1000 836 1035 αἰχμαλωσίας
846 1008 852 1015 ’
865 999 942 1026 Σεδε-

154 1048 218 1080 κίας
234 1047 256 1074 δ’
269 1045 302 1083 ἦν
318 1047 446 1082 τέταρτος
462 1046 515 1074 ἀπὸ
533 1046 634 1073 Ἰωσίου
653 1046 787 1081 βασιλεύς.
801 1046 877 1073 Μετὰ
889 1047 942 1082 γὰρ

160 1093 266 1120 Ἰωσίαν
280 1093 403 1128 δεύτερος
420 1092 547 1128 Ίωακεὶμ
563 1092 619 1124 υἱὸς
635 1092 716 1118 αὐτοῦ
731 1092 878 1127 διαδέχεται
894 1091 943 1128 τὴν

153 1139 242 1175 ἀρχήν
253 1147 259 1154 η
280 1138 339 1174 μεθ’
353 1139 382 1165 ὃν
395 1138 485 1174 τρίτος
503 1138 638 1174 ’ίεχωνίας
654 1139 710 1170 υίὸς
725 1138 867 1174 Ἰωακείμ·
884 1138 942 1174 μεθ’

152 1186 183 1213 ὃν
206 1186 335 1221 τέταρτος
361 1185 488 1217 Σεδεκίας
514 1186 626 1220 ἀδελφὸς
650 1185 791 1220 Ἰωακείμ·
815 1186 875 1213 καθ’
896 1185 942 1217 οὓς

153 1231 276 1262 ἅπαντας
292 1230 339 1257 τοῦ
356 1230 488 1266 Ἱερεμίου
502 1230 750 1266 προφητεύσαντος,
765 1231 781 1266 ἡ
800 1230 942 1266 ἐπώνυμος

153 1275 238 1302 αὑτοῦ
253 1276 346 1312 γραφὴ
356 1276 469 1312 ἄρχεται
482 1277 530 1311 μὲν
542 1276 594 1303 ἀπὸ
612 1276 725 1303 Ἰωσίου·
742 1274 801 1303 εἶτα
811 1277 942 1312 προϊοῦσα

155 1321 293 1356 μέμνηται
308 1310 436 1356 Ίὲχωνίου
449 1321 494 1348 τοῦ
503 1322 594 1357 τρίτου
607 1322 661 1348 ἀπὸ
678 1321 793 1348 Ἰωσίου·
805 1319 864 1348 εἶτα
874 1330 943 1357 προ-

153 1366 266 1401 φητεύει
279 1367 314 1393 τὰ
327 1367 372 1393 ἐπὶ
387 1367 520 1399 Σεδεκίου,
535 1367 565 1399 ὃς
579 1365 612 1402 ἦν
622 1367 750 1402 τέταρτος
759 1367 813 1394 ἀπὸ
829 1367 940 1393 Ἰωσίου·

151 1411 193 1444 οἷς
210 1406 277 1447 ἑξῆς
289 1413 379 1448 τίθησι
394 1413 428 1440 τὰ
445 1415 473 1440 ἐν
485 1413 523 1448 τῷ
538 1413 660 1448 τετάρτῳ
674 1414 720 1440 ἐπὶ
737 1414 863 1449 Ἰωακεὶμ
876 1421 942 1448 προ-

152 1458 333 1494 φητευθέντα,
351 1459 380 1490 ὃς
395 1457 429 1494 ἦν
443 1458 567 1494 δεύτερος
591 1459 658 1494 μετὰ
674 1459 787 1485 Ἰωσίαν.
805 1457 860 1485 Εἶθ’
879 1459 942 1494 ἑξῆς

154 1502 252 1537 ἐπάγει
266 1503 300 1530 τὰ
311 1504 339 1529 ἐν
355 1505 426 1538 ἀρχῇ
440 1504 487 1530 τοῦ
504 1504 586 1531 αὑτοῦ
604 1503 745 1539 Ἰωακείμ⁸
761 1502 819 1530 εἶτα
839 1503 875 1530 τὰ
896 1504 942 1530 ἐπὶ

153 1550 290 1583 Σεδεκὶου,
306 1551 352 1577 καὶ
365 1551 446 1577 πάλιν
459 1551 493 1577 τὰ
508 1552 554 1577 ἐπὶ
570 1551 705 1586 Ἰωακείμ.
723 1548 788 1577 Εἶτα
806 1551 941 1587 μέμνηται

152 1594 203 1629 τῆς
220 1595 407 1630 αἰχμαλωσίας
423 1596 472 1630 τῆς
486 1596 525 1627 είς
537 1595 693 1626 Βαϐυλῶνα,
705 1596 752 1622 καὶ
762 1595 800 1627 ὡς
815 1596 882 1630 μετὰ
894 1597 942 1622 Σε-

994 1001 1064 1027 ciam
1076 1004 1102 1027 et
1118 999 1302 1034 captivitatem
1315 999 1444 1034 pertingit
1460 1009 1467 1026 :
1483 998 1611 1027 Sedecias
1625 1007 1689 1026 vero
1699 1008 1784 1034 quar-

994 1051 1037 1074 tus
1053 1050 1112 1073 erat
1131 1053 1147 1073 a
1169 1044 1243 1073 Josia
1262 1053 1320 1072 rex.
1336 1045 1402 1073 Post
1421 1045 1524 1073 Josiam
1547 1046 1619 1072 enim
1644 1047 1782 1076 secundus

993 1100 1107 1127 regnum
1122 1091 1222 1126 excipit
1235 1090 1358 1118 Joachim
1374 1091 1445 1119 ﬁlius
1458 1092 1529 1126 ejus,
1545 1092 1596 1119 sub
1613 1092 1670 1120 haec
1685 1093 1782 1121 tertius

992 1137 1138 1165 Jechouias
1151 1137 1222 1172 [ilius
1235 1136 1370 1169 Joachim,
1385 1142 1412 1164 et
1427 1141 1488 1172 post
1500 1145 1560 1164 etim
1573 1142 1687 1172 quartus
1698 1137 1782 1166 Sedo-

993 1184 1050 1211 cias
1066 1183 1149 1211 frater
1162 1183 1286 1211 Joachim
1302 1193 1308 1210 ι
1326 1191 1358 1210 ac
1374 1191 1436 1210 cum
1449 1182 1582 1210 Jcremias
1597 1183 1639 1211 his
1653 1184 1781 1211 omnibus

993 1230 1171 1265 regnantibus
1189 1230 1404 1265 prophetaverit,
1426 1230 1487 1264 ejus
1509 1229 1650 1265 Scriptura
1666 1238 1681 1257 a
1705 1229 1781 1258 Josia

986 1276 1059 1308 init;
1077 1276 1128 1303 sub
1148 1276 1206 1304 haec
1229 1275 1377 1307 Jechonizc,
1393 1275 1438 1310 qui
1461 1276 1560 1303 tertius
1583 1283 1598 1302 a
1618 1275 1693 1303 Josia
1710 1279 1778 1307 erat,

993 1322 1117 1349 uterninit
1129 1331 1137 1355 ;
1150 1327 1206 1349 tum
1221 1330 1251 1350 ea
1267 1330 1329 1358 quae
1348 1322 1400 1349 sub
1418 1321 1530 1349 Sedecia
1544 1322 1720 1353 vaticinatur,
1732 1323 1780 1357 qui

993 1372 1107 1403 quartus
1119 1372 1178 1395 erat
1192 1376 1207 1395 a
1222 1368 1297 1396 Josia
1316 1377 1323 1396 :
1342 1368 1385 1395 his
1399 1372 1497 1404 quarto
1512 1369 1572 1396 loco
1594 1369 1734 1403 subjungit
1746 1376 1779 1396 ea

991 1421 1052 1448 qua:
1065 1414 1247 1448 praenuntiata
1273 1418 1336 1441 sunt
1356 1414 1408 1442 sub
1421 1413 1556 1447 Joachim,
1572 1414 1618 1449 qui
1641 1415 1780 1442 secundus

993 1463 1054 1493 post
1070 1458 1172 1486 Josiam
1188 1463 1256 1486 erat.
1273 1459 1374 1494 Adjicit
1399 1463 1493 1495 postea
1520 1468 1581 1495 qua:
1598 1460 1624 1487 in
1644 1460 1779 1494 principio

993 1504 1080 1539 ipsius
1097 1503 1219 1531 Joaehim
1234 1504 1306 1532 dicta
1320 1509 1384 1532 sunt
1398 1514 1405 1538 ;
1425 1506 1488 1532 hinc
1503 1513 1563 1540 quae
1578 1505 1631 1532 sub
1647 1504 1777 1539 Sedccia;

992 1557 1100 1577 rursum
1116 1558 1148 1577 ea
1161 1558 1221 1585 qua:
1235 1550 1286 1578 sub
1306 1549 1439 1578 Joachim.
1464 1550 1565 1578 Deinde
1590 1551 1777 1586 captivitatem

992 1596 1019 1623 in
1036 1595 1199 1631 Babylonem
1218 1597 1351 1628 meminit,
1365 1601 1392 1624 et
1405 1597 1542 1632 quomodo
1558 1603 1619 1632 post
1636 1597 1777 1625 Sedeciam

151 1639 244 1666 δεκίαν
260 1640 377 1675 κατέστη
393 1641 543 1676 ἡγούμενος
559 1640 612 1668 τῶν
629 1640 846 1675 ἀπολειφθέντων
866 1641 940 1667 F050-

993 1642 1095 1669 residui
1112 1642 1204 1677 populi
1223 1642 1279 1669 tlux
1295 1642 1424 1671 Godolias
1440 1644 1606 1670 constitutus
1621 1644 1667 1676 sit,
1682 1648 1710 1671 et
1722 1652 1779 1679 quo

153 1686 222 1717 λίας,
239 1687 286 1713 καὶ
308 1686 344 1718 ὡς
363 1686 472 1722 Ἰσμαὴλ
494 1687 599 1722 ἀναιρεῖ
621 1687 666 1713 τὸν
690 1687 709 1713 Γ
710 1687 822 1719 οδολὶαν,
841 1687 898 1722 μεθ’
912 1687 941 1713 ὃν

159 1731 270 1758 Ἰωανᾶν
285 1731 341 1763 υἱὸς
357 1732 443 1767 Καριὲ
455 1733 571 1766 ἡγεῖται.
587 1733 641 1758 Καὶ
657 1732 726 1767 μετὰ
737 1732 846 1764 τούτους
856 1732 942 1759 ἃπαν-

152 1787 200 1810 τας
218 1778 280 1814 ἑξῆς
292 1779 389 1812 ἐπάγει
403 1779 452 1810 τὰς
469 1779 497 1804 ἐν
508 1778 546 1812 τῷ
559 1777 579 1804 δ’
591 1778 644 1805 ἔτει
659 1779 785 1814 Ίωακεὶμ
801 1778 941 1814 λεχθείσας

153 1824 330 1859 προφητείας,
351 1824 398 1851 καὶ
415 1824 495 1850 πάλιν
510 1824 559 1856 τὰς
577 1825 605 1850 ἐν
622 1825 691 1860 ἀρχῇ
712 1825 849 1860 βασιλείας
862 1825 940 1852 Σεδε-

153 1870 219 1908 κίουΔ
231 1870 388 1906 εἰρημένας.
404 1870 501 1905 Εὖροις
516 1871 538 1897 δ’
555 1871 588 1897 ἂν
604 1872 650 1897 καὶ
667 1871 743 1906 παρὰ
764 1871 801 1907 τῷ
817 1871 940 1908 Ἐζεκιὴλ

150 1917 186 1944 τὰ
208 1917 394 1952 παραπλήσια.
408 1917 484 1944 Ἐπεὶ
500 1918 547 1944 καὶ
562 1918 591 1943 ὲν
609 1919 642 1953 τῇ
664 1917 757 1944 τούτου
779 1920 870 1954 γραςςῇ
892 1919 940 1954 οὐχ

152 1962 215 1997 ἑξῆς
227 1964 283 1994 τοῖς
300 1963 405 1998 χρόνοις
423 1962 578 1996 σύγκεινται
592 1964 620 1990 αἱ
634 1965 810 1999 προφητεῖαι·
825 1964 882 1991 ἀλλ’
901 1965 939 1990 εξ-

153 2007 194 2033 σίν
211 2007 239 2033 ai.
258 2007 307 2042 μὲν
324 2007 393 2033 κατὰ
405 2007 435 2033 τὸ
450 2007 489 2039 κζ’
505 2007 564 2040 ἔτος
582 2008 630 2044 τῆς
644 2009 829 2043 αἰχμαλωσίας
843 2017 941 2044 προτε-

151 2051 286 2086 ταγμέναι
307 2051 346 2087 τῷ
368 2055 401 2078 ια’
418 2053 466 2087 τῆς
488 2052 674 2087 αἰχμαλωσίας
695 2053 847 2089 εὶρημένῳ’
870 2054 939 2088 μετᾶ

151 2096 205 2132 γὰρ
223 2096 271 2128 τὰς
287 2097 316 2124 ὲν
336 2096 374 2132 τῷ
394 2097 434 2129 κζ’
450 2096 505 2123 ἔτει
521 2097 648 2133 φέρονται
663 2099 690 2124 αἱ
703 2097 837 2133 λεχθεῖσαι
858 2099 887 2124 ἐν
900 2098 940 2133 τῷ

152 2146 185 2170 ια’
202 2143 253 2178 τῆς
265 2143 452 2178 αἰχμαλωσίας
470 2143 525 2170 ἕτει
535 2153 541 2158 ·
560 2145 606 2170 καὶ
621 2144 699 2171 πάλιν
716 2145 784 2180 μετὰ
794 2144 842 2176 τὰς
855 2146 883 2172 ὲν
899 2144 937 2180 τῷ

152 2193 186 2215 ια’
201 2189 277 2216 ἄλλαι
295 2190 421 2226 φέρονται
443 2192 471 2217 ὲν
490 2190 528 2226 τῷ
545 2195 559 2217 ι’
576 2190 631 2217 ἔτει
647 2191 799 2226 εἰρημέναι,
814 2192 859 2217 καὶ
876 2191 937 2227 ἑξῆς

150 2236 178 2261 al
192 2237 220 2262 ὲν
236 2235 274 2270 τῷ
290 2239 328 2262 κε’
342 2236 406 2263 ἔτει.
425 2237 479 2263 Καὶ
499 2237 599 2264 τούτων
615 2239 742 2264 ἁπάντων
764 2238 836 2264 εἴποι
852 2238 884 2266 ἄν
897 2248 939 2271 τις

151 2279 199 2315 τὴν
219 2280 307 2307 αἰτίαν
330 2281 380 2308 οὐκ
400 2282 482 2317 ἄλλην
496 2280 565 2308 εἶναι
579 2283 627 2317 τῆς
643 2283 850 2318 ἀποδεδομένης.
868 2284 937 2310 Σπο-

993 1691 1073 1722 paclo
1088 1687 1185 1715 Ismael
1201 1686 1341 1714 Godoliam
1353 1688 1494 1719 occiderit,
1508 1694 1569 1724 post
1579 1697 1659 1724 quem
1671 1688 1777 1716 Joauau

993 1734 1064 1762 ﬁlius
1080 1733 1158 1762 Carie
1180 1734 1235 1761 dux
1252 1733 1313 1761 l‘uit.
1328 1733 1394 1762 Post
1413 1734 1464 1762 hos
1484 1739 1574 1761 autem
1589 1742 1683 1762 onmcs
1699 1735 1778 1762 all‘ert

992 1779 1090 1808 deimle
1106 1780 1262 1814 prophetias
1276 1788 1350 1807 anno
1365 1785 1463 1814 quarto
1477 1780 1601 1807 Joachim
1617 1781 1777 1816 pronuntia—

992 1829 1051 1858 tas;
1071 1825 1123 1853 sub
1143 1825 1199 1853 haec
1217 1825 1278 1852 illas
1295 1833 1356 1860 quae
1371 1825 1449 1852 initio
1464 1827 1539 1860 regni
1554 1825 1674 1853 Sedecia:
1695 1826 1777 1854 dictae

992 1875 1066 1899 sunt.
1084 1871 1190 1898 Similia
1210 1879 1318 1906 quoque
1338 1871 1366 1898 in
1393 1871 1534 1898 Ezechiele
1556 1879 1687 1906 repertas.
1707 1871 1775 1899 Nam

991 1918 1018 1943 in
1036 1917 1116 1951 hujus
1139 1925 1247 1952 quoque
1269 1917 1405 1952 scriptura
1429 1917 1576 1952 prophetiae
1600 1925 1653 1944 non
1680 1917 1777 1946 ordine

992 1964 1122 1998 temporis
1134 1964 1242 1998 jacent;
1259 1963 1306 1991 sed
1319 1971 1379 1998 qua
1391 1963 1551 1991 vicesimum
1568 1964 1713 1999 septimum
1728 1971 1775 1991 ca-

990 2009 1125 2044 ptivitatis
1139 2017 1239 2036 annum
1255 2014 1389 2044 spectant,
1404 2009 1605 2045 prazmittuntur
1619 2010 1652 2038 iis
1666 2017 1726 2044 qua:
1738 2009 1773 2038 de

990 2054 1134 2082 undecimo
1154 2054 1320 2090 captivitatis
1344 2061 1417 2082 anno
1431 2055 1502 2082 dicta
1520 2059 1585 2083 sunt
1600 2065 1606 2083 :
1624 2060 1685 2090 post
1707 2056 1769 2083 illas

989 2099 1061 2128 enim
1078 2099 1199 2127 vicesimi
1215 2099 1322 2134 septimi
1344 2100 1409 2127 anni
1423 2100 1590 2135 prophetias,
1605 2107 1665 2136 quae
1687 2101 1774 2128 unde-

989 2146 1061 2174 cimo
1078 2153 1149 2173 anno
1166 2145 1246 2173 dieue
1264 2151 1339 2178 sunt,
1355 2145 1481 2174 feruntur
1497 2156 1503 2174 :
1521 2146 1619 2175 deinde
1633 2155 1699 2175 vero
1712 2152 1775 2182 post

990 2192 1050 2218 illas
1062 2191 1197 2219 undecimi
1212 2191 1288 2223 anni,
1300 2191 1423 2227 qumdam
1437 2192 1572 2219 habentur
1582 2192 1689 2220 decimo
1702 2201 1774 2220 anno

989 2234 1078 2267 dictae,
1090 2235 1153 2262 hinc
1164 2243 1224 2270 qua:
1236 2235 1301 2263 anui
1314 2236 1437 2264 vicesimi
1451 2237 1540 2271 quinti
1556 2241 1629 2264 sunt.
1649 2237 1773 2270 Quorum

990 2281 1113 2307 onmium
1127 2289 1182 2309 non
1200 2281 1280 2308 aliam
1296 2289 1407 2310 causam
1424 2283 1485 2317 quis
1498 2283 1592 2309 alIcrat
1608 2287 1706 2318 praeter
1715 2283 1773 2318 jam

152 2325 236 2362 ρὰδην
252 2326 316 2362 γὰρ,
327 2327 364 2358 ὡς
377 2328 460 2360 εἰκὸς,
471 2328 525 2355 τῶν
537 2328 608 2354 κατὰ
619 2328 729 2363 χρόνους
742 2329 788 2355 καὶ
802 2329 863 2355 καθ’
874 2329 938 2356 ἕκα-

991 2326 1127 2354 traditam.
1151 2326 1218 2354 Nam
1234 2335 1296 2355 cum
1311 2328 1438 2362 sparsim,
1459 2332 1489 2356 ut
1501 2328 1648 2355 verisimile
1658 2333 1711 2359 est,
1726 2336 1773 2354 va-

152 2379 213 2397 στον
231 2371 341 2406 βασιλέα
357 2372 476 2408 μερικῶς
492 2373 766 2408 προπεφητευμένων,
777 2374 807 2400 τὸ
824 2374 937 2401 παλαιὸν

152 2415 227 2450 παρὰ
240 2417 296 2448 τοῖς
312 2417 465 2448 σπουδαίοις
485 2416 656 2452 σωζομένων,
671 2418 729 2453 ἦτοι
750 2418 796 2444 τὸν
809 2419 935 2455 Ἔσδραν,

150 2460 167 2496 ἢ
185 2461 232 2488 καὶ
248 2470 324 2493 τινας
340 2463 460 2498 ἑτέρους,
476 2463 528 2490 ὑπὸ
542 2462 604 2498 μίαν
621 2464 792 2500 περιγραφὴν
809 2465 937 2499 συνάγον-

151 2515 200 2538 τας
215 2506 250 2534 τὰ
266 2508 372 2543 ἑκάστῳ
390 2508 443 2535 τῶν
463 2509 609 2545 προψητῶν
629 2510 700 2536 κατὰ
715 2510 826 2545 χρόνους
843 2511 936 2545 διαφό-

151 2561 214 2591 ρους
232 2553 371 2589 λεχθέντα,
385 2556 447 2588 τοὺς
467 2555 591 2590 πρώτους
612 2556 820 2591 εὑρισκομένους
842 2557 936 2591 λόγους

151 2598 331 2624 κατατάσσειν
344 2598 467 2634 πρώτους
478 2609 484 2614 -
498 2598 547 2626 εἷθ’
560 2600 622 2636 ἑξῆς
636 2600 780 2627 συνάπτειν
791 2602 852 2634 τοὺς
868 2602 935 2636 μετὰ

151 2643 236 2671 ταῦτα
253 2644 472 2680 εὑρισκομένους,
486 2647 509 2673 εξ
525 2646 571 2672 καὶ
585 2647 704 2682 προῆγον
719 2647 757 2682 τῷ
771 2648 868 2683 χρόνῳ.
884 2649 935 2675 Τὸν

149 2687 172 2714 δ’
182 2688 264 2715 αὑτὸν
278 2686 346 2715 εἶναι
356 2689 433 2723 λόγον
446 2690 492 2716 καὶ
505 2691 550 2716 ἐπὶ
563 2690 612 2725 τῆς
626 2689 728 2722 τάξεως
739 2690 791 2717 τῶν
802 2691 933 2726 Ψαλμῶν,

151 2734 263 2761 καθόλου
283 2735 331 2771 μὲν
347 2735 482 2768 ἁπάντων,
501 2735 572 2768 ἰδίως
588 2736 616 2763 δὲ
633 2737 680 2763 καὶ
693 2737 746 2763 τῶν
761 2737 829 2772 μετὰ
842 2738 934 2773 χεῖρας

151 2783 216 2817 ἡμῖν
239 2781 455 2817 ἐξεταζομένων·
478 2782 502 2808 εἰ
528 2781 565 2817 μὴ
582 2782 635 2817 ἄρα
656 2791 699 2814 τις
716 2782 861 2818 βαθύτερος
874 2783 935 2815 νοῦς

150 2825 287 2854 λανθάνων
307 2827 379 2862 ἡμᾶς
399 2826 507 2862 ἐτέρους
520 2827 596 2858 τινὰς
609 2827 754 2863 λογισμοὺς
766 2829 934 2864 παραστήσει

151 2872 199 2906 τῆς
212 2872 264 2899 τῶν
281 2872 455 2908 ὲζητημένων
471 2873 560 2904 αἰτίας
589 2873 629 2900 Τά
650 2882 680 2907 γε
711 2874 764 2909 μὴν
780 2875 845 2909 ἡμῖν
868 2875 933 2900 ὑπο-

152 2918 267 2945 πεσόντα
288 2919 328 2949 εἷς
352 2927 381 2944 τε
404 2927 453 2954 την
469 2918 544 2952 τάξιν
558 2914 617 2946 Τῶν
636 2920 701 2946 υἱῶν
719 2920 800 2956 Κορὲ,
814 2921 859 2947 καὶ
872 2922 934 2957 περὶ

152 2963 200 2999 τῆς
221 2964 377 3000 Πωσευχῆς
402 2964 446 2991 τοῦ
470 2965 550 2993 Δαυῖδ
565 2965 614 3000 τῆς
629 2966 678 3003 πρὸ
695 2966 826 3005 τοῦμετὰ
842 2969 934 3003 χεῖρας

988 2373 1036 2400 riis
1049 2373 1227 2407 temporibus,
1243 2377 1270 2400 et
1293 2373 1344 2400 sub
1364 2374 1478 2409 singulis
1502 2374 1612 2409 regibus
1625 2375 1772 2408 separatim

986 2417 1065 2445 editae
1076 2418 1233 2452 prophetim,
1246 2426 1260 2445 a
1276 2419 1407 2446 studiosis
1416 2419 1567 2453 antiquitus
1578 2423 1691 2447 servata:
1704 2419 1773 2448 fuis-

987 2464 1065 2493 sent,
1093 2462 1150 2489 sive
1174 2462 1284 2494 Esdras,
1309 2463 1366 2490 sive
1394 2463 1503 2497 quidam
1518 2463 1575 2495 alii,
1599 2464 1771 2499 singulorum

988 2507 1180 2540 prophetarum
1195 2507 1277 2540 dicta,
1295 2507 1378 2535 variis
1393 2508 1561 2542 temporibus
1585 2510 1700 2543 prolata,
1716 2518 1772 2536 uno

987 2553 1125 2580 volumine
1144 2553 1414 2582 circumscribentes.
1430 2562 1461 2580 ea
1479 2562 1539 2588 qua:
1553 2555 1641 2589 primo
1666 2562 1771 2591 reperta

988 2598 1105 2631 fuerant,
1122 2599 1209 2634 primo
1227 2599 1287 2626 loco
1303 2604 1462 2634 posuerunt.
1478 2600 1576 2628 deinde
1594 2609 1626 2628 ea
1644 2610 1704 2637 qua:
1721 2611 1771 2638 po-

987 2648 1043 2671 stea
1074 2645 1108 2672 ad
1141 2652 1252 2671 manum
1281 2650 1431 2676 venerunt.
1458 2645 1633 2680 subjunxerc,
1662 2647 1770 2676 etiamsi

986 2694 1108 2725 tempore
1120 2691 1258 2726 prmirent.
1272 2690 1373 2719 Eadem
1390 2699 1453 2719 vero
1467 2692 1572 2720 ratione
1584 2693 1683 2721 Psalmi
1699 2694 1769 2729 (lige-

986 2737 1020 2764 sti
1037 2741 1110 2769 sunt,
1127 2738 1184 2765 sive
1202 2745 1297 2765 omnes
1312 2745 1366 2765 una
1381 2743 1551 2773 spectentur,
1564 2740 1629 2769 .sive
1654 2740 1671 2766 ii
1694 2748 1769 2767 seor-

985 2783 1035 2810 sim
1049 2791 1117 2819 quos
1131 2784 1186 2818 jam
1208 2788 1368 2812 tractamus.
1390 2784 1447 2812 Nisi
1471 2784 1587 2813 fortasse
1607 2785 1770 2820 profundior

985 2829 1074 2864 aliqua
1091 2830 1256 2864 intelligendi
1278 2831 1357 2863 ratio,
1375 2831 1455 2859 nobis
1471 2832 1590 2862 occulta,
1607 2832 1687 2858 aliam
1703 2840 1769 2858 cau-

985 2883 1042 2903 sam
1058 2876 1090 2903 ad
1105 2876 1268 2911 qumsliones
1280 2877 1441 2904 solutionem
1459 2877 1560 2905 afferat.
1577 2877 1615 2904 Ea
1631 2885 1695 2904 vero
1708 2885 1768 2912 qum

984 2921 1018 2949 de
1033 2923 1128 2950 ordine
1139 2923 1304 2957 psalmorum
1317 2922 1447 2950 Filiorum
1458 2923 1537 2956 Core,
1553 2927 1580 2950 et
1596 2922 1628 2950 de
1639 2922 1768 2950 Oratione

986 2967 1093 2998 Davitlis
1107 2978 1167 3005 quae.
1185 2973 1247 2998 ante
1258 2970 1329 2998 hunc
1346 2971 1478 3005 psalmum
1499 2970 1586 3004 posita
1614 2973 1640 2997 et
1665 2969 1691 2995 in
1708 2974 1766 2994 tne-
