2032 3215
140 183 210 213 ίοιο

721 184 976 214 COMMENTARIA
994 184 1029 213 IN
1043 184 1202 213 PSALMOS
1249 159 1314 198 δίο

1689 185 1758 214 £050

135 241 230 278 τέχθαι
247 241 306 268 ἐκεῖ
321 241 448 276 φάσκων,
466 239 613 276 παρίστησι
628 241 677 277 τὴν
692 242 720 268 ὲν
734 241 772 277 τῷ
788 242 921 278 ἀνθρώπῳ

975 241 1030 269 illic
1046 245 1137 268 natttm
1151 241 1227 272 dicit.
1242 241 1288 268 Dci
1306 241 1384 269 Vcrli
1398 242 1424 268 in
1437 241 1546 269 homine
1562 241 1756 268 habitationem

135 288 182 315 τοῦ
195 282 268 314 ¹Θεοῦ
283 287 369 321 Λόγου
385 286 552 321 κατοίκησιν.
572 287 677 323 ’Ὠσπερ
687 287 766 324 γὰρὴ
783 287 861 318 Σιὼν.
876 289 923 315 πό-

135 333 178 364 λις
195 330 262 360 οὖσα
275 332 323 359 τοῦ
339 332 406 359 Θεοῦ
416 352 423 365 ,
443 331 518 368 χώρα
531 332 657 367 τυγχάνει
673 333 719 359 τοῦ
736 333 876 368 τεχθέντος
894 334 922 360 ἐν

135 380 204 415 αὐτῇ
221 379 334 415 ἀνδρὸς,
351 379 421 406 οὕτω
446 379 493 411 καὶ
515 379 595 411 αὐτὸς
611 380 625 406 ό
644 379 713 415 ἀνὴρ
728 379 803 415 χώρα
820 379 922 414 γίνεται

136 427 183 453 καὶ
201 427 301 461 δοχεῖον
317 425 364 452 τοῦ
377 427 405 453 ὲν
419 425 493 461 αὐτῷ
505 426 677 462 γεννηθέντος
690 426 756 453 Θεοῦ
774 426 871 460 Λόγου,
885 425 923 457 ὡς

136 472 166 498 ὲν
179 471 244 508 ίερῷ
260 471 330 506 ἁγίῳ
341 471 387 498 καὶ
399 471 465 506 ναῷ,
481 471 580 506 μᾶλλον
594 473 622 499 δὲ
634 471 671 504 ὡς
688 473 716 499 ἐν
727 472 862 507 ἀγάλματι
877 472 923 498 καὶ

136 518 232 554 δοχείῳ
243 518 292 554 τῆς
301 516 382 544 αὑτοῦ
393 517 518 552 θεότητος
526 518 555 544 ὲν
567 517 641 553 αὐτῷ
653 518 853 553 κατῳκηκότας.
868 517 923 544 Καὶ

137 565 225 598 ταῦτα
240 564 268 591 δὲ
281 563 435 598 ἀναγκαίως
448 564 462 590 ὁ
471 564 556 597 Λόγος
572 563 688 597 ἐδίδαξεν
701 565 740 595 εἰς
756 564 785 590 τὸ
801 562 923 598 γνωσθῆ-

139 619 183 637 ναι
201 610 259 641 πῶς
273 609 414 644 ἀλλόφυλοι
427 609 474 636 καὶ
489 609 575 646 Τύρος
589 610 634 636 καὶ
644 609 707 641 λαδς
722 609 857 636 Αἰθιόπων
868 609 924 643 ἐγε-

138 657 257 692 νήθησαν
267 657 296 682 ὲν
306 652 338 692 τῇ
350 655 395 682 τοῦ
406 655 472 687 Θεοῦ
486 656 571 688 πόλει,
583 656 629 683 καὶ
639 656 782 691 γεγόνασιν
793 656 846 682 υἱοὶ
855 654 922 682 Θεοῦ

136 704 181 731 διὰ
191 703 241 739 τῆς
253 706 318 739 παρ’
330 702 404 738 αὐτῷ
414 703 723 738 ἀναγεννήσεως.”οπως
733 702 786 737 γὰρ
796 702 843 728 καὶ
854 701 924 728 κατὰ

135 751 198 779 τίνα
218 751 318 788 τρόπον
337 751 354 786 ὴ
368 750 485 786 τοσαύτη
501 750 541 782 εἰς
560 750 689 785 οὐρανοὺς
703 749 816 785 ἐξεχύθη
833 750 921 784 χάρις,

137 797 309 833 παρέστησεν
325 796 410 823 εἰπὼν
422 796 456 823 τά
473 797 543 823 κατὰ
556 796 599 822 τὸν
615 796 698 832 ἄνδρα
706 796 751 822 τὸν
759 796 923 831 γεννηθέντα

135 842 209 873 ἐκεῖ,
227 841 274 869 καὶ
288 841 333 868 τὸν
351 841 379 868 ὲν
392 839 430 876 τῷ
445 840 523 877 ἀνδρὶ
538 840 618 868 πάλιν
631 840 795 875 γεωιηθέντα
811 839 920 875 Κύριον.
934 836 936 838 ’

135 887 183 920 Οἷς
193 889 294 916 ἅπασιν
306 888 425 922 ἐπιλέγει
439 887 479 921 τὸ,
496 887 542 920 Ὠς
555 886 793 921 εὐφραινομένων
803 885 923 912 πάντων

972 286 1102 314 declarat.
1118 285 1352 319 Quemadmodum
1376 287 1447 314 enim
1474 287 1538 313 Sion
1551 307 1558 319 ,
1576 294 1636 321 qua:
1660 287 1760 314 civitas

974 331 1021 359 Dei
1040 336 1092 363 est,
1108 331 1236 359 locusest
1249 332 1298 358 viri
1314 332 1341 358 in
1356 339 1387 359 ea
1400 332 1471 364 nati;
1500 333 1536 358 ita
1551 332 1609 366 ipse
1624 332 1665 360 vir
1681 332 1758 359 locus

972 376 1087 402 cuit-itur
1102 381 1128 403 et
1146 377 1346 411 receptaculum
1362 375 1406 403 Dei
1423 375 1502 404 Verbi
1522 377 1548 403 in
1563 385 1592 405 se
1609 377 1663 404 nati
1675 398 1682 409 ,
1709 378 1757 412 qui

973 423 1051 458 quasi
1067 423 1168 451 inloco
1180 431 1260 451 sacro
1279 427 1306 451 et
1324 423 1350 450 in
1371 423 1484 458 tetnplo,
1503 423 1556 450 itno
1574 424 1664 458 potius
1679 425 1758 459 quasi

973 470 999 496 in
1018 473 1106 497 statua
1120 473 1148 496 et
1167 469 1339 504 receptaculo
1359 468 1469 496 deitatis
1482 476 1548 501 sute,
1564 469 1591 496 in
1604 470 1663 505 ipso
1680 470 1758 497 habi-

973 520 1021 543 tat.
1038 516 1070 543 Et
1089 516 1146 544 hzec
1168 516 1324 544 necessario
1353 515 1433 544 docet
1462 515 1520 543 haic
1540 514 1701 552 Scriptura,
1727 519 1760 544 ιιι

973 567 1066 590 notum
1089 563 1124 589 sit
1148 570 1199 597 qua
1218 562 1324 589 ratione
1344 561 1502 597 alienigena:
1519 566 1547 590 ct
1563 561 1651 598 Tyrus
1665 569 1692 590 ct
1706 571 1757 598 po-

973 609 1054 643 pulus
1070 607 1226 642 Ethiopum
1245 608 1271 635 in
1289 607 1399 635 civitate
1427 607 1474 635 Dei
1500 608 1562 635 facti
1590 608 1700 640 fuerint,
1731 613 1759 636 et

974 652 1021 678 lilii
1039 651 1086 678 Dei
1114 659 1162 687 per
1182 651 1414 684 regenerationem
1432 651 1471 678 ibi
1493 655 1631 686 acceptam
1649 652 1704 679 sint
1723 652 1762 679 ef-

974 697 1046 725 fecti.
1062 697 1128 726 Nam
1143 706 1195 733 qua
1212 698 1316 725 ratione
1330 700 1407 724 tanta
1428 698 1455 725 in
1471 697 1551 725 caelis
1568 698 1656 734 gratia
1673 698 1759 726 eﬂ‘usa

974 745 1018 777 sit,
1037 744 1126 773 allatis
1143 745 1176 772 iis
1192 753 1252 780 qua:
1267 743 1300 771 ad
1317 744 1404 771 virum
1427 752 1460 772 eo
1473 745 1500 771 in
1518 744 1576 772 loco
1593 744 1712 776 editum,
1734 748 1762 771 ct

974 791 1005 818 ad
1023 790 1166 818 Dominum
1183 791 1245 818 item
1270 791 1297 818 in
1321 790 1478 826 hnjnsmodi
1493 791 1552 818 viro
1567 796 1660 818 natum
1677 791 1761 826 perli-

974 841 1048 867 nent.
1064 841 1157 872 aperte
1172 836 1303 864 declarat.
1334 836 1441 870 Quibus
1459 837 1588 864 omnibus
1613 836 1706 864 subdit
1732 836 1762 863 il-

975 883 1030 911 lud.
1046 899 1080 904 -—
1096 883 1178 911 Vens.
1193 883 1219 912 7.
1238 883 1312 911 Sicut
1333 884 1480 925 lavantium
1495 885 1612 910 omnium
1631 883 1761 912 habitatio

133 933 153 966 ἡ
176 933 311 960 κατοικία
328 933 363 960 ἐν
380 931 446 959 σοι·
474 931 532 959 ἀνθ’
550 928 579 959 οὗ
597 932 610 958 ὁ
633 931 681 966 μὲν
705 931 818 962 Ἀκύλας
843 929 920 966 φησὶ,

973 934 1011 956 est
1023 928 1050 955 in
1066 933 1107 961 te;
1126 937 1176 963 pro
1192 936 1245 963 quo
1259 929 1356 964 Aquila
1374 929 1457 961 dicit,
1484 929 1517 956 Et
1537 933 1659 956 canentes
1683 930 1762 964 quasi

132 979 189 1009 Καὶ
209 978 333 1013 ᾅδοντες
355 979 396 1011 ὠς
415 977 496 1013 χοροί
517 977 611 1005 πᾶσαι
624 977 714 1011 πηγαὶ
730 977 765 1003 ἑν
781 977 848 1004 σοί·
862 976 876 1002 ό
892 976 921 1002 δὲ

133 1024 299 1060 Σύμμαχος,
324 1024 377 1051 Καὶ
395 1023 572 1050 αίνέσουσιν
595 1024 634 1056 ὡς
649 1024 684 1050 ἐν
702 1023 806 1056 αὐλοῖς
828 1022 922 1050 πᾶσαι

133 1072 163 1097 αι
182 1070 273 1106 πηγαί
283 1071 318 1097 ἐν
332 1071 390 1097 σοί.
406 1067 488 1104 Οἶμαι
504 1069 532 1096 δὲ
549 1069 727 1105 σημαίνεσθαι
745 1069 791 1096 καὶ
804 1068 849 1095 διὰ
863 1068 923 1094 τού-

132 1126 187 1145 των
199 1118 249 1154 τὴν
265 1117 319 1144 τῶν
336 1116 437 1144 πιστῶν
449 1115 585 1147 ἁπάντων,
600 1114 653 1141 τῶν
667 1115 698 1151 δὴ
714 1115 764 1150 τῆς
779 1114 860 1149 ἁγίας
874 1114 921 1141 τοῦ

133 1164 201 1191 Θεοῦ
217 1163 323 1195 πόλεως
330 1161 618 1197 καταξιωθησομένων,
636 1160 844 1196 ἐπισυναγωγὴν
854 1180 862 1193 ,
873 1159 921 1187 καὶ

133 1210 182 1246 τὴν
198 1211 238 1243 είς
253 1210 301 1237 ἕνα
316 1208 395 1245 χορὸν
407 1207 636 1235 ἀποκατάστασιν.
660 1207 705 1243 Τῷ
718 1207 771 1243 γὰρ
783 1206 921 1241 λέγεσθαι,

134 1256 169 1283 ἐν
182 1256 250 1288 σοί,
267 1255 313 1282 τὸν
326 1255 408 1281 τόπον
424 1254 504 1281 πάλιν
521 1252 663 1289 σημαίνειν
679 1251 862 1287 ὑπολαμϐάνω
874 1251 923 1287 τῆς

133 1300 180 1327 τοῦ
197 1300 265 1328 Θεοῦ
277 1300 380 1332 πόλεως
388 1308 394 1314 ·
406 1297 439 1335 ἦς
451 1300 475 1326 ot
490 1298 539 1334 μὲν
552 1296 670 1333 θεμέλιοι
682 1296 752 1333 ἦσαν
764 1299 793 1324 ὲν
802 1298 857 1329 τοῖς
866 1296 923 1332 δρε-

136 1355 163 1374 σι
176 1347 234 1379 τοῖς
248 1345 351 1381 ἁγίοις,
370 1347 398 1373 αἱ
414 1346 442 1373 δὲ
464 1345 546 1372 πύλαι
562 1345 609 1372 καὶ
624 1346 651 1372 at
671 1345 768 1372 εἴσοδοι
781 1344 857 1371 κάτω
871 1352 922 1371 που

134 1393 183 1420 καὶ
200 1394 266 1428 παρ’
280 1393 346 1428 ἡμῖν
355 1402 361 1409 ’
375 1394 404 1420 ἐν
417 1393 487 1431 μέσῃ
503 1394 531 1420 δὲ
541 1394 608 1429 αὐτῇ
625 1392 725 1423 πάντες
738 1391 775 1423 ὡς
791 1392 818 1418 ὲν
829 1391 923 1427 χορείᾳ

133 1439 180 1466 καὶ
192 1438 310 1475 ἁρμονίᾳ
324 1438 383 1474 θείᾳ
396 1439 453 1474 μετ’
468 1437 634 1474 εὐφροσύνης
647 1436 823 1474 συναγόμενοι
836 1444 923 1462 κατοι-

134 1486 229 1521 κήσειν
243 1485 467 1521 προφητεύονται.
487 1485 557 1520 ὀρα
573 1484 601 1510 δὲ
617 1482 676 1510 τίνα
686 1482 785 1518 τρόπον
799 1483 812 1508 ό
829 1480 922 1516 παρὼν

133 1531 252 1567 ψαλμὺς,
267 1529 333 1558 Θεοῦ
348 1530 454 1566 γένεσιν
471 1530 607 1562 θεσπίζων
623 1528 692 1557 κατὰ
704 1528 754 1564 τὴν
770 1528 923 1562 ἀνάγνωσιν

134 1576 185 1612 τῆς
191 1576 246 1603 τῶν
254 1575 452 1612 Ἐὃδομήκοντα
463 1576 620 1614 ἑρμηνείας,
630 1574 767 1611 ὲπέκρυψε
779 1573 809 1600 τὸ
819 1574 921 1610 μυστή-

136 1630 202 1659 ριον.
235 1622 271 1649 Ti:
286 1623 358 1658 γὰρ,
383 1622 490 1657 Κύριος
506 1621 662 1657 ἀριθμήσει
678 1620 798 1656 γράφων
808 1620 917 1653 λαούς·

136 1667 231 1703 Οὗτος
245 1669 351 1704 ἐτέχθη
363 1669 441 1702 ἐκεῖ,
456 1668 525 1696 κατὰ
540 1668 702 1703 Σύμμαχον·
719 1667 735 1703 ἢ
752 1667 823 1694 κατὰ
843 1666 922 1694 Ἀκύ-

133 1715 202 1748 λαν,
227 1716 332 1749 Κύριος
351 1714 526 1750 διηγήσεται
550 1714 585 1741 ὲν
606 1713 646 1746 τῷ
662 1713 786 1749 γράφειν
808 1713 919 1746 λαούς·

135 1759 231 1794 οὗτος
243 1760 347 1796 ἐτέχθη
361 1761 437 1788 ἐκεῖ·
452 1760 468 1796 ἢ
486 1761 556 1787 κατὰ
566 1760 610 1787 τὸν
624 1760 798 1791 Θεοδοτίωνα,
815 1759 922 1793 Κύριος

133 1807 308 1842 διηγήσεται
317 1808 352 1834 ἐν
367 1807 465 1843 πραρῇ
479 1806 575 1834 λαῶν·
587 1804 682 1839 Οὗτος
692 1805 836 1841 ἐγεννήθη
848 1805 920 1837 ἐκεῖ,

133 1853 164 1880 οὗ
184 1852 278 1880 τοῦτον
298 1853 466 1889 ἡρμήνευται
486 1853 562 1889 παρὰ
580 1853 636 1884 τοῖς
657 1851 855 1887 Ἐϐδομήκοντα
877 1850 921 1877 τὸν

132 1899 234 1935 τρόπον
244 1907 250 1914 ·
266 1898 324 1926 ἀλλ’
340 1900 456 1935 εἴρηται,
474 1899 582 1932 Κύριος
591 1896 765 1933 διηγήσεται
780 1896 921 1931 ἐντραφῇ

132 1943 216 1972 λαῶν
234 1944 283 1971 καί
299 1944 454 1979 ἀρχόντων
468 1945 580 1972 τούτων
598 1944 657 1971 τῶν
673 1942 878 1979 γεγενημένων
887 1942 922 1969 ἐν

133 1990 210 2024 αὐτῇ
220 1999 227 2006 ·
241 1990 450 2026 ἐπικρυψάντων
462 2010 469 2023 ,
490 1990 528 2022 ὡς
552 1988 629 2025 οἶμαι
640 2010 648 2021 ,
665 1990 714 2025 τὴν
732 1989 848 2016 διάνοιαν
868 1987 921 2014 τῶν

132 2036 182 2072 τὴν
196 2036 344 2073 ἑρμηνείαν
361 2036 550 2072 πεποιημένων
560 2056 567 2068 ,
581 2036 623 2063 διὰ
641 2035 671 2062 τὸ
686 2035 789 2062 ἔθνεσιν
805 2034 920 2068 ἀλλοφύ-

132 2082 189 2115 λοις
202 2082 310 2118 μέλλειν
321 2082 469 2110 ἐκδίδοσθαι
483 2082 532 2117 τὴν
546 2081 656 2118 Γραφὴν
668 2081 738 2108 κατᾶ
750 2081 812 2112 τοὺς
824 2079 922 2106 Πτολε-

135 2129 217 2164 μαίου
234 2129 356 2165 χρόνους,
370 2128 445 2155 οῡπω
458 2128 504 2155 τοῦ
520 2128 645 2163 Σωτῆρος
658 2128 674 2163 ἡ
679 2127 737 2163 μῶν
750 2126 920 2162 ἐπιλάμψαν-

133 2183 178 2207 τος
198 2174 237 2210 τῷ
260 2174 318 2210 βίῳ.
340 2175 395 2201 Καὶ
411 2176 425 2201 ὁ
442 2175 495 2206 πᾶς
510 2174 538 2200 δὲ
554 2173 659 2208 ψαλμὸς
677 2173 778 2209 σφόδρα
794 2174 920 2207 αίνιγμα-

133 2220 221 2256 τώδης
233 2221 280 2248 καὶ
294 2220 438 2251 σκοτεινῶς
451 2220 594 2256 είρημένος
605 2219 732 2254 τυγχάνει
743 2238 750 2250 ,
765 2218 921 2253 θεμελίους

974 976 1046 1003 chori
1071 984 1159 1002 omnes
1185 975 1268 1009 fontes
1287 977 1313 1002 in
1338 981 1379 1006 te;
1408 975 1590 1010 Symmachus
1615 983 1698 1007 vero,
1726 974 1760 1002 Et

973 1021 1120 1048 laudabunt
1141 1022 1219 1056 quasi
1242 1023 1268 1048 in
1295 1021 1366 1048 tibiis
1382 1029 1471 1047 omnes
1494 1020 1580 1054 fontes
1599 1021 1625 1047 in
1649 1025 1683 1047 te.
1710 1019 1760 1047 llis

973 1077 1053 1105 porro
1081 1068 1227 1104 signiﬁcari
1255 1068 1373 1095 arbitror
1398 1067 1518 1094 ﬁdelium
1538 1066 1682 1097 omnium,
1712 1066 1759 1101 qui

972 1120 1067 1143 sancta
1079 1115 1126 1142 Dei
1139 1114 1247 1141 civitate
1261 1113 1380 1142 donandi
1406 1117 1480 1145 sunt,
1496 1116 1736 1147 congregationem
1749 1131 1761 1145 ,

970 1167 1053 1197 atque
1065 1161 1094 1189 ln
1108 1161 1222 1189 chorum
1239 1167 1323 1187 unum
1338 1158 1537 1186 reductionem.
1554 1157 1622 1184 Nam
1637 1165 1700 1184 cum
1717 1157 1761 1184 di-

972 1208 1053 1241 citur,
1065 1207 1094 1234 in
1111 1212 1145 1239 te.
1164 1206 1280 1234 indicari
1305 1205 1430 1241 suspicor
1446 1204 1566 1231 civitatis
1584 1203 1630 1231 Dei
1648 1203 1759 1236 locum,

972 1254 1051 1289 cujus
1081 1253 1254 1281 fundamenta
1283 1251 1392 1287 quidem
1419 1251 1451 1278 in
1485 1250 1624 1278 montibus
1657 1250 1761 1278 sanctis

971 1304 1062 1331 erant,
1076 1305 1161 1335 porta:
1174 1306 1238 1326 vero
1258 1303 1284 1325 et
1298 1297 1390 1325 aditus
1405 1296 1498 1323 intimo
1523 1295 1550 1322 in
1569 1296 1630 1322 loco
1644 1299 1670 1323 et
1687 1295 1760 1330 apud

971 1353 1022 1373 nos
1033 1345 1078 1372 siti
1092 1349 1152 1373 sunt
1171 1354 1178 1372 :
1194 1345 1221 1372 in
1237 1343 1325 1370 medio
1340 1346 1430 1369 atttem
1447 1342 1531 1374 illius,
1550 1341 1629 1376 quasi
1649 1341 1676 1368 in
1693 1341 1760 1368 cho-

971 1399 1016 1419 rea
1037 1397 1064 1419 et
1084 1395 1218 1418 concentu
1236 1389 1338 1419 divino.
1357 1388 1512 1424 congregati
1542 1387 1581 1414 illi
1610 1387 1758 1414 habitaturi

971 1445 1032 1464 esse
1045 1437 1271 1472 prtennntiantur.
1288 1434 1479 1461 Animadverte
1495 1441 1577 1468 porro
1587 1441 1638 1468 qua
1646 1433 1759 1472 ratione

972 1483 1016 1510 hic
1033 1469 1165 1518 psalmus,
1181 1481 1227 1509 Dei
1241 1480 1443 1516 generationem
1471 1478 1624 1506 secundum
1641 1469 1757 1512 Septua-

971 1529 1046 1565 ginta
1066 1527 1246 1563 lnterprclum
1263 1527 1405 1554 lectionem
1418 1525 1582 1557 vaticinans,
1597 1524 1757 1560 mysterium

971 1574 1126 1603 occultarit.
1139 1572 1186 1600 llla
1201 1572 1272 1599 enitn
1294 1571 1443 1600 secundum
1460 1570 1654 1607 Symmachum
1671 1569 1760 1605 expli—

934 1611 955 1642 c
971 1621 1053 1654 catio,
1065 1620 1194 1647 Dominus
1210 1618 1358 1645 numerabit
1376 1617 1492 1645 scribens
1511 1616 1636 1652 populos,
1650 1615 1700 1642 llic
1710 1624 1759 1643 na-

972 1672 1013 1694 tus
1027 1671 1066 1693 est
1082 1666 1136 1698 ibi;
1153 1665 1194 1693 vel
1207 1664 1356 1692 secundum
1369 1663 1506 1699 Aquilam,
1518 1662 1647 1690 Dominus
1662 1670 1760 1690 narra-

972 1712 1008 1740 bit
1026 1713 1054 1739 in
1067 1711 1204 1740 scribendo
1215 1711 1336 1747 pupulas,
1354 1709 1405 1736 Ηὶε
1421 1715 1498 1736 natus
1525 1714 1564 1736 est
1587 1709 1640 1741 ibi;
1658 1708 1702 1736 vel
1716 1716 1759 1736 se-

972 1757 1090 1784 cundum
1107 1756 1319 1784 Theodotionem
1333 1775 1339 1787 ,
1355 1755 1483 1782 Dominus
1507 1753 1627 1781 narrabit
1645 1754 1672 1780 in
1691 1754 1760 1781 seri--

971 1809 1050 1837 ptura
1063 1802 1229 1837 populorum,
1242 1801 1376 1828 Ilicnalns
1388 1805 1425 1827 est
1438 1800 1494 1832 tibi,
1509 1807 1563 1827 non
1578 1800 1671 1828 eadem
1686 1799 1758 1834 apud

972 1850 1205 1885 LXXrepcritur;
1232 1849 1279 1876 sed
1304 1849 1421 1878 dicitttr.
1446 1847 1560 1874 Domino
1589 1845 1710 1872 narrabit
1730 1845 1758 1872 in

972 1898 1103 1931 scriptura
1127 1896 1284 1931 populorum
1304 1899 1329 1922 et
1356 1894 1502 1929 principum
1529 1893 1620 1919 [torum
1631 1891 1676 1926 qui
1702 1890 1759 1925 {ue-

973 1949 1034 1973 runt
1051 1944 1078 1970 in
1097 1951 1145 1975 ea;
1166 1943 1229 1977 quia
1242 1961 1250 1973 ,
1277 1945 1307 1968 ut
1330 1941 1459 1970 albitror.
1484 1939 1648 1973 interpretes
1665 1944 1757 1965 veram

972 1989 1135 2017 sententiam
1150 1987 1334 2018 occultarum,
1350 1985 1423 2021 quod
1435 1985 1531 2012 alienis
1543 1983 1678 2020 gentibus,
1688 1987 1758 2011 tem-

972 2043 1037 2070 pore
1049 2034 1202 2064 Ptolemzci.
1229 2033 1398 2068 Scripturatn
1427 2030 1631 2066 interpretaturi
1644 2033 1758 2068 essent,

972 2089 1033 2110 cum
1053 2081 1173 2108 nondum
1192 2079 1320 2107 Servator
1334 2083 1428 2107 noster
1447 2079 1474 2105 in
1496 2077 1598 2105 mundo
1616 2078 1761 2114 apparuit—

972 2131 1023 2155 set.
1050 2126 1190 2162 Totusque
1206 2126 1328 2161 psalmus
1351 2124 1499 2152 admodum
1519 2122 1709 2160 :‘etﬁgmaticus
1732 2127 1761 2151 ιτ

971 2174 1106 2201 obscurus
1121 2178 1161 2199 est
1176 2181 1182 2199 ε
1199 2172 1298 2206 qttippe
1313 2171 1360 2206 qui
1383 2169 1556 2205 fundanienta
1571 2170 1627 2205 ejus
1638 2170 1721 2202 dicat,
1733 2177 1760 2197 et

970 2220 1032 2255 quis
1045 2219 1079 2246 sit
1094 2219 1117 2246 is
1130 2218 1163 2245 de
1178 2226 1232 2253 quo
1245 2217 1365 2252 loquitur
1380 2220 1482 2250 taceat,
1491 2224 1541 2244 nec
1557 2217 1658 2243 indicet
1671 2216 1757 2247 illum;

132 2263 226 2291 αὑτοῦ
240 2263 326 2299 λέγων
343 2263 567 2300 σεσιωπημένως,
581 2265 652 2296 τίνος
663 2263 685 2290 δ’
709 2262 792 2291 αὑτοῦ
810 2262 846 2298 μὴ
860 2262 920 2289 δια-

973 2274 1004 2293 ac
1016 2273 1124 2293 rursum
1143 2269 1249 2292 montes
1267 2267 1378 2291 sanctos
1399 2267 1539 2296 memoret,
1551 2267 1698 2298 portasque
1714 2265 1758 2288 ta-

134 2309 242 2344 σαφῶν·
269 2310 317 2337 καὶ
340 2310 419 2336 πάλιν
440 2309 490 2345 ὅρη
512 2310 577 2344 ἆγια
592 2308 747 2344 ὀνομάζων,
772 2308 818 2335 καὶ
835 2308 920 2339 πύλας

134 2354 204 2381 Σιὼν
225 2355 436 2391 προτιμωμένας
455 2354 506 2382 ὑπὸ
518 2355 565 2381 τοῦ
585 2355 686 2391 Κυρίου
703 2354 758 2380 τῶν
778 2353 921 2389 σκηνωμά-

133 2409 187 2428 των
209 2401 321 2433 Ἰακὼϐ,
338 2402 385 2428 καὶ
401 2401 477 2428 πόλιν
493 2401 559 2428 Θεοῦ
577 2400 776 2436 δεδοξασμένοις
790 2399 921 2434 λαλουμέ-

133 2455 197 2482 νην·
215 2447 262 2474 καὶ
275 2447 322 2474 ἐπὶ
339 2448 403 2479 πᾶν,
422 2448 450 2474 ὲν
463 2449 495 2484 τῇ
513 2446 606 2479 πόλει,
624 2447 653 2473 οὺ
670 2447 716 2473 τὸν
736 2445 858 2482 Ἰσραὴλ,
873 2443 920 2471 ού-

133 2493 162 2519 8!
180 2492 210 2520 τὺ
232 2493 365 2520 Ἰουδαίων
383 2493 474 2525 ἔθνος,
489 2494 557 2521 άλλά
576 2492 660 2520 Ῥαὰὸ
675 2493 724 2529 τήν
740 2501 804 2519 ποτε
819 2490 921 2526 πόρνην

134 2541 181 2567 καὶ
195 2540 360 2572 Βαϐυλῶνα,
375 2541 490 2576 Τυρίους
515 2549 545 2566 τε
566 2541 613 2566 καὶ
633 2539 764 2570 Αἰθίοπας
781 2537 828 2565 καὶ
842 2537 918 2564 ἀλλο-

134 2585 243 2617 φύλους.
261 2585 377 2616 Τούτους
390 2585 444 2620 γὰρ
464 2585 566 2616 πάντας
581 2583 759 2620 τεχθήσεσθαι
776 2584 804 2609 ὲν
820 2583 854 2617 τῇ
870 2582 919 2608 πό-

134 2639 174 2658 Λει
195 2630 242 2658 τοῦ
261 2630 329 2657 Θεοῦ
345 2630 389 2658 διὰ
405 2630 484 2657 ποίαν
499 2630 586 2657 αἰτίαν
601 2630 651 2656 οὐκ
665 2629 698 2656 ἂν
716 2629 771 2664 ἔχοι
783 2637 825 2660 τις
837 2627 919 2663 ἄλλην

134 2677 246 2713 ιίπεϊνῆ
257 2677 301 2704 διὰ
311 2677 359 2712 τὴν
371 2677 476 2711 γένεσιν
486 2676 532 2703 τοῦ
544 2677 572 2703 ἐν
583 2676 650 2712 αὐτῇ
662 2675 802 2711 τεχθέντος
812 2674 917 2710 ἀνδρὸς,

135 2723 182 2750 καὶ
197 2723 243 2750 τοῦ
261 2723 363 2759 Κυρίου
388 2722 527 2758 τεχθέντος
546 2723 618 2753 ἐκεῖ,
634 2721 733 2757 δηλαδὴ
749 2722 778 2748 ὲν
793 2721 866 2756 αὐτῷ
881 2720 920 2756 τῷ

136 2769 308 2805 προλεχθέντι
326 2768 418 2804 ἀνδρί-
435 2769 477 2803 ἐφ’
489 2767 529 2800 οἷς
546 2769 634 2795 πᾶσαν
649 2767 818 2803 εὐφροσύνην
829 2768 919 2803 κοινὴν

136 2817 182 2842 καὶ
194 2815 313 2851 χορείας,
330 2815 400 2850 ᾠδάς
416 2823 445 2841 τε
460 2814 507 2841 καὶ
523 2813 613 2845 αἴνους
623 2815 670 2841 καὶ
682 2815 773 2850 πηγὰς
783 2814 862 2840 θείων
873 2813 921 2840 καὶ

137 2861 216 2897 ιερῶν
226 2861 312 2894 λόγων
329 2861 373 2887 3.7.1
389 2861 459 2886 τέλει
469 2860 515 2887 τοῦ
526 2860 632 2895 ψαλμοῦ
645 2860 775 2891 θεσπίζει.
797 2859 880 2886 Ἐπὰν
892 2859 920 2885 δὲ

138 2907 203 2943 λέγῃ
218 2908 245 2935 ἑν
258 2908 348 2944 γραφῇ
363 2906 434 2934 λαῶν
446 2907 530 2934 ταῦτα
546 2915 630 2935 πάντα
646 2906 766 2939 ἔσεσθαι,
783 2906 919 2942 πημαίνειν
932 2936 935 2938 η

972 2311 1126 2340 bernaculis
1148 2309 1233 2338 Iacob
1249 2318 1265 2337 a
1282 2309 1396 2337 Domino
1411 2310 1560 2341 antelatus;
1585 2309 1704 2343 itemqtte
1717 2307 1758 2334 ci-

972 2360 1082 2386 vitatem
1111 2357 1157 2386 Dei
1188 2357 1307 2393 gloriose
1335 2356 1499 2383 celebratam
1519 2365 1525 2382 :
1545 2355 1578 2381 ad
1609 2354 1666 2381 haec
1691 2361 1758 2381 vero

972 2404 1073 2436 omnia,
1089 2403 1117 2430 in
1133 2402 1253 2434 civita'e,
1269 2409 1324 2428 non
1340 2401 1478 2432 Israclem,
1495 2408 1584 2435 neque
1613 2399 1754 2427 Iudaicam

971 2450 1077 2482 gentem
1091 2455 1098 2481 ;
1116 2446 1162 2474 sed
1190 2446 1283 2473 Hahab
1297 2445 1361 2473 olim
1377 2445 1557 2478 meretricem,
1573 2443 1735 2479 Babylonem
1746 2463 1754 2475 ,

972 2492 1069 2528 'lyrias
1086 2512 1094 2525 ,
1122 2491 1287 2526 (Ethiopas,
1318 2490 1538 2526 alienigenasque
1570 2489 1701 2516 nominet.
1723 2489 1754 2516 lli

971 2539 1071 2574 quippe
1088 2546 1182 2565 omnes
1197 2545 1247 2564 cur
1263 2537 1291 2563 in
1307 2536 1417 2564 civitate
1429 2535 1477 2563 Dei
1491 2535 1623 2563 nascitttri
1637 2543 1697 2562 esse
1713 2535 1756 2562 di—

973 2590 1081 2617 cantur,
1092 2593 1147 2612 non
1165 2584 1244 2611 aliam
1262 2590 1372 2611 causam
1389 2582 1451 2618 quis
1464 2581 1595 2616 proferat,
1607 2581 1659 2608 nisi
1673 2589 1755 2616 gene-

973 2632 1105 2658 rationem
1117 2630 1167 2656 viri
1179 2629 1225 2664 qui
1242 2629 1269 2655 in
1292 2628 1336 2655 illa
1353 2633 1434 2655 natus
1450 2631 1502 2659 est,
1516 2632 1542 2654 et
1558 2626 1664 2653 Domini
1687 2626 1753 2652 item

972 2678 1000 2704 in
1015 2677 1059 2703 illa
1077 2675 1143 2707 nati,
1159 2674 1284 2701 videlicet
1303 2674 1329 2700 in
1352 2673 1411 2700 viro
1430 2680 1508 2708 quem
1539 2672 1593 2707 iam
1622 2671 1751 2699 diximus.

972 2723 1141 2758 Quapropter
1169 2719 1351 2748 omnimodam
1378 2726 1602 2753 communemque
1621 2717 1751 2751 laetitiam,

972 2769 1097 2798 choreas,
1114 2766 1233 2797 cantica,
1250 2764 1361 2795 laudes,
1389 2763 1542 2790 divinorum
1560 2770 1753 2796 sacrorumque

972 2813 1141 2848 eloquiorum
1165 2812 1252 2840 fontes
1268 2811 1295 2837 in
1312 2811 1363 2839 line
1380 2810 1477 2845 psalmi
1493 2809 1665 2838 vaticinatur.
1683 2808 1750 2835 Cum

973 2865 1062 2886 autem
1079 2858 1155 2889 dicit,
1171 2858 1197 2884 in
1215 2857 1350 2892 scriptura
1373 2857 1533 2892 populorum
1556 2855 1647 2883 omnia
1674 2862 1752 2889 repo-

973 2905 1059 2933 ncnda
1071 2912 1139 2938 esse,
1154 2904 1269 2932 arbitror
1282 2909 1343 2933 eum
1357 2907 1462 2938 tempus
1473 2903 1664 2938 descriptionis
1680 2910 1749 2942 grn-
