2032 3215
303 210 367 238 1051

643 206 776 235 EUSEBII
791 204 1029 234 CAESARIENSIS
1047 203 1122 234 OPP.
1143 203 1233 231 PARS
1252 202 1296 231 111.
1314 218 1347 223 —-—
1367 202 1571 230 EXEGETICA.

1851 201 1863 228 Ι
1867 201 1918 229 053

299 269 368 295 tium
381 287 389 299 ,
407 275 468 302 qua:
491 266 518 294 in
541 269 602 293 orlu
624 265 774 293 Salvatoris
793 264 879 292 nostri
902 263 966 291 Iesu
981 263 1073 291 Christ

1135 262 1253 298 ἡγοῦμαι
1270 261 1314 287 τὸν
1329 268 1423 296 καῳον
1438 260 1487 295 τῆς
1499 259 1662 294 ἀπογραφῆς
1676 259 1729 285 τῶν
1743 258 1828 285 ἐθνῶν
1837 279 1845 291 ,
1859 259 1918 294 ἥτις

301 314 371 341 facta
382 317 435 345 est,
446 314 583 340 indicare:
596 317 661 339 tunc
672 312 744 339 enim
757 311 822 338 exiit
829 311 941 338 edictum
952 319 968 336 α
979 310 1085 337 Cmare

299 359 430 394 Augusto,
445 363 474 385 ut
491 358 682 385 describerctur
707 358 843 384 universus
869 356 939 383 orbis
957 355 996 388 ⁸⁸;
1021 362 1083 382 cum

300 406 433 441 Cyrenius
446 406 474 432 in
495 405 617 432 Iudaeam
637 403 749 431 veniens
761 411 874 430 censum
896 402 990 430 edidit.
1006 401 1082 435 Quod

300 452 435 488 signiﬁcat
451 451 617 486 evangelista
644 449 739 476 dicens
758 458 765 476 :
791 448 856 476 Ηιιτ
870 448 1008 482 descriptio
1025 448 1082 482 pri-

301 508 345 526 ma
359 499 381 515 "
395 507 402 532 ;
419 499 495 525 itaut
510 501 617 531 tempus
639 495 704 522 illud
720 495 748 522 in
771 494 822 521 hoc
837 495 940 529 psalmo
957 498 1082 521 accurate

300 545 477 580 signiﬁcetur.
495 542 564 569 Num
582 542 651 569 forte
676 541 737 568 ideo
761 540 879 575 psalmus
897 541 948 568 iste
962 547 1083 576 segrega-

299 595 355 622 tus,
372 590 503 626 longeque
519 589 552 615 ab
570 588 629 615 aliis
641 587 686 622 qui
703 584 832 613 Filiorum
842 586 911 614 Core
925 586 1081 614 inscribunt-

300 640 345 662 tur
364 635 416 661 hoc
441 633 557 661 consilio
581 633 684 668 positus
708 635 761 662 est.
778 635 808 658 ut
836 631 964 667 mysteria
992 631 1028 658 ibi
1048 630 1082 659 de

299 681 401 707 Christi
422 685 483 707 ortu
499 679 638 706 enuntiata
661 678 881 710 occultarentur;
911 677 949 704 ita
971 681 1001 705 ut
1029 677 1080 704 ista

298 734 407 761 quoque
422 725 491 752 ratio
506 728 532 752 et
558 724 700 758 responsio
716 722 806 750 aﬁ'erri
825 722 910 758 possit
922 722 954 750 ad
967 722 1080 758 quaesita

298 777 392 800 nostra
409 771 486 799 initio
502 769 635 798 sermonis
660 770 811 805 proposita.
839 768 957 804 ldipsum
971 775 1080 803 quoque

297 819 374 845 dicas
388 817 420 845 de
440 824 559 848 Lxxxvn,
575 816 620 850 qui
646 816 719 842 hunc
738 816 860 850 sequitur
875 835 882 846 .
907 819 934 842 et
948 814 1079 841 Filiorum

297 863 365 890 Core
391 863 491 898 pariter
517 861 664 900 inscriptus
689 864 740 888 est.
770 860 839 893 Quia
856 860 903 887 ille
926 859 1079 887 Servatoris

297 909 383 937 nostri
396 912 509 936 mortem
524 907 699 939 vaticinatur.
711 911 909 943 consequenter
930 906 963 934 ad
984 905 1057 933 hunc
1070 926 1078 940 ,

296 955 341 990 qui
358 958 446 982 ortum
463 954 522 988 ejus
542 953 713 988 prmdixerat.

1135 306 1285 343 ἐπληροῦτο
1298 307 1343 333 ἐπὶ
1352 306 1402 341 τῆς
1413 306 1459 332 τοῦ
1471 305 1594 341 Σωτῆρος
1610 305 1687 340 ἡμῶν
1704 304 1790 340 Ἰησοῦ
1801 305 1916 340 Χριστοῦ

1134 353 1281 388 γενέσεως·
1299 353 1359 379 τότε
1377 352 1431 387 γὰρ
1447 351 1557 386 ἐξῆλθε
1571 351 1664 385 δόγμα
1679 350 1758 385 παρὰ
1770 351 1918 384 Καίσαρες

1133 400 1308 434 Αὐγούστου
1316 398 1537 433 ἀπογράςεσθαι
1545 396 1648 424 πᾶσαν
1657 396 1714 430 τὴν
1721 396 1902 431 οἰκουμένην
1909 405 1916 412 ·

1132 444 1176 471 ὅτε
1200 445 1333 480 Κυρὴνιος
1355 443 1467 474 ἐπιστὰς
1488 445 1521 478 τῇ
1551 442 1663 478 Ἰουδαίᾳ
1685 441 1734 473 τὰς
1757 442 1918 477 ἀπογραφὰς

1132 491 1257 517 ἐποιεῖτο.
1275 490 1370 525 Ἑπιση
1375 489 1498 524 μαίνεται
1510 488 1599 523 γοῦν-ὁ
1611 487 1804 523 εὐαγγελιστὴς
1814 488 1900 522 λέγων
1909 497 1915 503 ·

1131 536 1212 570 Αὕτη
1236 536 1254 570 η
1280 535 1438 570 ἀπογραφὴ
1462 534 1576 570 πρώτη·
1602 533 1672 561 ὥστε
1689 534 1736 561 καὶ
1756 533 1801 560 τὸν
1823 534 1917 570 καιρὸν

1131 581 1211 609 αὐτὸν
1227 582 1346 618 ἀκριϐῶς
1358 581 1402 609 διὰ
1417 580 1463 608 τοῦ
1482 581 1614 617 παρόντος
1637 579 1745 615 ψαλμοῦ
1761 579 1914 616 δηλοῦσθαι.

1131 628 1244 664 Μήποτε
1263 628 1291 655 δὲ
1314 628 1361 655 καὶ
1382 628 1425 655 διὰ
1439 627 1517 664 τούτο
1536 626 1688 662 ἀφώρισται
1703 627 1717 653 ό
1730 626 1853 661 ψαλμδς,
1871 627 1916 654 καὶ

1132 674 1243 710 μακρὰν
1253 674 1454 710 ἀπεσχοίνισται
1471 673 1524 700 τῶν
1537 673 1636 700 λοιπῶν
1647 673 1701 700 τῶν
1713 673 1916 708 ἐπιγεγραμμέ-

1130 729 1183 748 νων
1194 721 1259 749 υίῶν
1271 722 1352 757 Κορὲ,
1368 720 1460 756 ἐπειδὴ
1470 720 1637 755 κρύπτεσθαι
1652 721 1666 746 6
1682 719 1760 754 λόγος
1775 719 1808 746 τὰ
1825 719 1916 756 δηλού-

1132 775 1199 803 μενα.
1219 769 1249 794 ἐν
1269 767 1344 803 αὐτῷ
1362 768 1498 803 μυστήρια
1515 767 1578 803 περὶ
1597 766 1647 802 τῆς
1663 767 1709 793 τοῦ
1724 767 1826 802 Κυρίου
1841 766 1916 801 γενέ-

1131 821 1199 845 σεως
1212 813 1350 840 ἐϐούλετο’
1376 812 1445 840 ὥστε
1459 814 1505 840 καὶ
1519 812 1618 848 ταύτην
1632 813 1727 849 ἑτέραν
1742 811 1811 840 εἶναι
1828 812 1915 840 αἰτίαν

1129 859 1183 887 τῶν
1194 860 1366 895 ὲζητημένων
1385 861 1448 895 ἡμῖν
1464 861 1533 886 κατὰ
1547 859 1596 894 τὴν
1609 859 1694 895 ἀρχὴν
1704 858 1757 885 τῶν
1769 859 1916 894 προκειμέ-

1130 914 1191 933 νων.
1208 905 1244 932 Τδ
1255 906 1320 933 αὐτὸ
1333 907 1355 933 δ’
1369 906 1400 933 ἂν
1416 907 1503 937 εἴποις
1520 905 1567 932 καὶ
1583 905 1627 931 ἐπὶ
1636 905 1680 931 τοῦ
1690 904 1738 936 πζ¹
1751 904 1816 939 ἑξῆς
1831 903 1915 939 τούτῳ

1091 947 1113 975 Β
1127 951 1328 987 ἐπιλεγομένου,
1339 952 1577 988 ἐπιγεγραμμένου
1591 960 1620 978 τε
1631 951 1677 978 καὶ
1686 951 1767 977 αὑτοῦ
1785 950 1839 977 τῶν
1850 950 1916 977 υἱῶν

295 1001 366 1037 Κορέ
377 1010 383 1016 ’
397 1002 458 1027 ἐπεὶ
472 1001 518 1026 καὶ
533 1000 611 1032 αὐτὸς
623 999 668 1027 τὸν
681 999 795 1026 θάνατον
809 998 856 1026 τοῦ
867 998 1079 1034 Σωτῆροςήμῶν
1098 998 1265 1035 προφητεύει
1283 999 1438 1031 ἀκολούθως
1464 999 1502 1034 τῷ
1538 998 1605 1034 μετὰ
1626 999 1719 1034 χεῖρας
1738 997 1786 1034 τὴν
1809 998 1915 1032 γένεσιν

294 1047 376 1074 αὑτοῦ
393 1047 556 1083 περιέχοντι.

293 1134 634 1170 οοιντιοωιιιδιιιιιι,
662 1135 760 1163 mus
785 1136 887 1166 coma.
909 1136 942 1163 IN
962 1135 1076 1170 FINEM,

330 1169 398 1196 PRO
417 1169 604 1196 MAHELETH
623 1170 669 1197 AD
706 1171 1000 1201 RESPONDENDUM.
1032 1169 1078 1199 ΙΝὲ

329 1204 529 1232 TELLECTUS
551 1205 658 1233 ΑΞΜΑΝ
678 1205 870 1235 ESDRAITE.
891 1206 1042 1234 LXXXVII.

329 1273 413 1303 Vens.
434 1275 462 1302 Ξ.
486 1274 596 1302 Domine
618 1275 688 1303 Deus
704 1276 797 1304 salutis
818 1284 892 1309 metu,
910 1277 938 1304 in
957 1277 999 1304 die
1019 1277 1076 1304 cla-

292 1321 373 1353 mavi,
385 1326 409 1348 et
425 1326 498 1348 nocte
520 1330 610 1349 coram
625 1328 659 1349 ιιι.
680 1322 804 1350 Praesens
818 1331 926 1358 quoque
943 1325 1073 1358 psalmus.

293 1369 324 1392 ut
339 1366 506 1400 prmedens,
524 1366 654 1394 Filiorum
676 1367 745 1395 Core
765 1372 817 1396 est.
837 1368 891 1396 Sed
908 1369 952 1397 ille
966 1369 1075 1404 quidem

292 1410 396 1438 Christi
421 1415 511 1438 ortum
535 1412 724 1439 subindicabat
750 1413 793 1441 his
817 1413 931 1441 verbis:
952 1413 984 1440 Et
1001 1414 1075 1442 Sioni

292 1458 403 1492 dicetur,
426 1458 473 1486 Vir
485 1464 510 1486 et
533 1461 571 1487 vir
588 1465 664 1488 natus
678 1466 715 1488 est
730 1461 757 1488 in
779 1470 820 1494 ea,
836 1466 861 1488 et
883 1462 939 1497 ipse
959 1461 1076 1496 ﬁrmabit

291 1513 360 1536 eam,
377 1508 406 1532 ut
426 1505 523 1541 Aquila
548 1506 739 1542 interpretatur
760 1516 767 1534 :
784 1511 889 1542 tempus
903 1508 983 1535 etiam
999 1512 1075 1535 ortus

292 1551 414 1586 przedicti
438 1551 490 1579 viri
518 1553 653 1588 signiﬁcat
670 1553 697 1580 in
722 1554 899 1589 sequentibus
913 1553 1017 1586 dicens,
1041 1553 1075 1581 In

291 1597 428 1624 scribendo
443 1599 562 1632 populos.
577 1599 618 1626 Izic
633 1605 710 1626 natus
727 1605 765 1626 est
779 1600 824 1626 ibi.
838 1599 924 1634 Hujus
938 1607 1020 1635 porro
1033 1601 1074 1629 di-

1130 1134 1197 1170 ῼΔΗ
1216 1134 1366 1162 ΨᾹΛΜΟΥ
1384 1135 1461 1162 ΤΟῙΣ
1479 1135 1570 1163 ΥΙΟῘΣ
1590 1135 1696 1167 ΚΟΡΕ,
1717 1135 1771 1161 ΕΙΣ
1795 1136 1842 1162 TU
1859 1136 1914 1162 TE-

1163 1171 1244 1202 ΛΟΣ,
1275 1170 1365 1196 ΥΠΕΡ
1390 1171 1546 1205 ΜΑΕΛΕΘ,
1565 1171 1633 1198 ΤΟΥ
1652 1170 1912 1205 ΑΠΟΚΡΙΘΗΝᾹΙ,

1163 1205 1337 1232 ΣΥΝΕΣΕΩΣ
1354 1206 1465 1232 ΑιΜΑΝ
1484 1206 1526 1242 Tt)
1538 1201 1713 1241 ἘΣΔΡΑῚΤῌ
1733 1206 1781 1241 (ι).
1810 1207 1878 1234 ΠΖ’.

1162 1274 1249 1308 Κύριε
1264 1275 1281 1302 ὀ
1296 1275 1368 1308 Θεὸς
1388 1274 1443 1310 τῆς
1461 1276 1605 1310 σωτηρίας
1620 1284 1690 1311 μου,
1707 1274 1820 1310 ἡμέρας
1850 1272 1912 1303 ἐκέ-

1127 1321 1222 1355 κραξα
1235 1321 1283 1348 καὶ
1303 1321 1338 1348 ἐν
1351 1321 1436 1348 νυκτὶ
1456 1322 1596 1349 ἐναντίον
1607 1321 1676 1348 σοῦ.
1704 1321 1759 1348 Καὶ
1783 1322 1797 1348 6
1819 1321 1910 1357 παρὼν

1127 1365 1231 1402 ψαλμδς
1245 1365 1306 1394 Τῶν
1322 1367 1386 1394 υίῶν
1399 1367 1482 1403 Κορὲ,
1497 1367 1535 1399 ὡς
1550 1368 1597 1394 καὶ
1610 1367 1624 1394 6
1641 1367 1693 1403 πρὸ
1704 1367 1797 1400 αὑτοῦ,
1812 1368 1911 1402 τυγχά-

1127 1420 1177 1439 νει.
1198 1412 1266 1438 Ἀλλ’
1281 1413 1295 1439 6
1310 1412 1358 1448 μὲν
1370 1413 1422 1449 πρὸ
1438 1412 1532 1445 αὑτοῦ,
1546 1412 1663 1449 Χριστοῦ
1676 1413 1781 1448 γένεσιν
1792 1413 1911 1449 ᾐνίττετο

1129 1457 1253 1492 φάσκων·
1265 1457 1318 1485 Καὶ
1329 1457 1365 1492 τῇ
1375 1458 1451 1485 Σιὼν
1463 1458 1642 1493 λεχθήσεται
1651 1468 1657 1473 ·
1677 1458 1765 1493 Ἀνὴρ
1775 1459 1824 1486 καὶ
1835 1459 1911 1493 ἀνὴρ

1128 1503 1232 1538 ἐτέχθη
1248 1503 1282 1530 ἐν
1299 1502 1389 1537 αὐτῇ,
1416 1504 1464 1530 καὶ
1481 1504 1572 1538 αὐτὸς
1587 1503 1706 1538 ἑδράσει
1718 1505 1816 1538 αὐτὴν
1826 1524 1833 1537 ,
1848 1505 1885 1537 ὡς
1898 1505 1911 1531 6

1134 1547 1248 1580 Ἀκύλας
1259 1548 1428 1584 ἡρμήνευσε·
1444 1550 1491 1576 καὶ
1503 1549 1550 1576 τὸν
1564 1549 1660 1585 καιρόν
1674 1558 1705 1584 γε
1721 1550 1850 1585 σημαίνει
1864 1551 1911 1586 τῆς

1126 1594 1258 1629 γενέσεως
1270 1595 1316 1621 τοῦ
1327 1595 1471 1631 εἰρημένου
1484 1595 1588 1632 ἀνδρὸς,
1602 1595 1704 1631 προῖὼν
1715 1596 1778 1631 ἑξῆς
1788 1604 1794 1610 ·
1809 1596 1910 1631 ἔφασκε

291 1643 328 1669 cti
355 1644 517 1670 sententiam
544 1645 665 1679 apertius
693 1645 788 1672 extulit
807 1645 902 1680 quinta
926 1646 1019 1678 editio.
1046 1646 1072 1673 in

1125 1640 1204 1675 γοῦν·
1227 1641 1274 1667 Ἐν
1291 1641 1331 1674 τῷ
1343 1641 1466 1676 γράφειν
1485 1642 1596 1675 λαοὺς,
1611 1640 1700 1675 οὗτος
1713 1643 1820 1677 ἐτέχθη
1840 1642 1910 1669 ἐκεῖ.

291 1695 344 1722 qua
369 1688 472 1716 dictum
496 1694 547 1722 est,
576 1689 608 1717 In
633 1691 806 1723 descriptione
830 1691 1003 1725 populorum,
1032 1692 1074 1719 hic

292 1738 414 1760 nascetur
430 1734 475 1761 ibi.
499 1735 720 1764 Manifestissime
743 1737 843 1772 quippe
863 1737 1073 1772 descriptionem

292 1779 461 1811 memoravit,
484 1779 563 1814 cujus
589 1784 711 1816 tempore
737 1780 861 1815 Salvator
892 1786 919 1809 et
943 1782 1073 1810 Dominus

291 1827 386 1851 noster
401 1829 481 1852 natus
498 1830 548 1855 est.
566 1826 638 1853 sicut
653 1831 764 1854 enarrat
775 1828 938 1862 evangelista
951 1838 957 1854 :
972 1827 1004 1854 In
1018 1828 1073 1855 die-

293 1868 339 1896 bus
356 1869 422 1902 illis,
436 1871 498 1897 exiit
512 1871 625 1898 edictum
641 1881 656 1898 a
672 1871 777 1900 Casare
789 1873 916 1908 Augusto,
934 1878 961 1900 ut
974 1873 1073 1900 descri-

292 1915 395 1942 beretur
408 1917 542 1946 universus
557 1918 638 1946 orbis.
657 1918 720 1946 Haec
736 1919 876 1954 descriptio
897 1920 984 1954 prima
1000 1920 1072 1954 facta

290 1965 340 1992 est,
359 1961 470 1994 prwside
495 1962 580 1997 Syriw
605 1963 718 1999 Cyrenio
730 1965 763 1992 ⁸⁸.
780 1964 879 1992 Verum
901 1965 946 1993 ille
962 1965 1071 2000 quidem

291 2006 412 2040 psalmus
428 2011 516 2034 ortum
533 2008 592 2041 ejus
608 2010 795 2043 Signiﬁcabat;
811 2010 855 2037 hic
867 2018 931 2038 vero
944 2014 1070 2037 mortem.

291 2051 358 2077 Illud
373 2057 473 2085 autem,
482 2060 528 2086 pro
540 2053 682 2090 Mabeletli,
696 2054 885 2090 Symmachus.
897 2063 942 2090 per
954 2056 1071 2089 chorum,

292 2096 486 2132 interpretatus
501 2103 562 2131 est;
578 2088 674 2134 Aquila
688 2088 763 2133 vero,
786 2110 864 2136 super
878 2088 1008 2130 eboreum.
1025 2102 1072 2130 Vi-

290 2140 424 2176 deturque
447 2143 513 2170 mihi
536 2144 580 2171 hic
592 2144 693 2173 Christi
710 2147 839 2182 populum
854 2152 881 2175 et
899 2147 1071 2176 Ecclesiasti-

290 2194 350 2213 cam
370 2187 496 2216 choream
512 2189 680 2224 adumbrari,
704 2192 730 2218 in
748 2200 800 2227 qua
822 2201 894 2221 mors
917 2193 1070 2222 Servatoris

290 2231 377 2258 nostri
392 2232 502 2276 hymnis
517 2234 681 2263 celebratur.
697 2237 765 2270 Quia
779 2245 844 2265 vero
858 2242 935 2267 ortus
951 2239 1010 2274 ejus
1023 2248 1072 2275 per

289 2276 360 2304 hanc
387 2278 512 2306 choream
535 2280 652 2312 canitur,
676 2281 738 2316 jure
762 2283 916 2317 praecedens
937 2285 1068 2318 psalmus,

288 2323 334 2358 qui
348 2327 438 2351 ortum
456 2325 516 2360 ejus
531 2326 740 2359 vaticinabatur,
757 2328 815 2355 haec
829 2329 906 2362 dixit,
926 2329 959 2356 Et
975 2339 1071 2357 canen-

289 2373 326 2395 tes
336 2370 404 2396 sicut
419 2370 491 2397 εΙιοιι
507 2379 593 2398 omnes
608 2371 692 2406 fontes
708 2373 733 2399 in
746 2378 790 2400 te:
803 2373 881 2408 queis
896 2374 1071 2402 declarantur

287 2412 390 2441 Christi
409 2415 486 2442 chori
504 2416 532 2443 in
551 2415 671 2444 Ecclesia
691 2422 821 2446 canentes
841 2423 867 2446 et
885 2419 992 2454 hymnis
1008 2429 1068 2456 my-

289 2459 370 2486 steria
396 2460 457 2494 ejus
482 2461 660 2490 celebrantes.
692 2462 790 2491 [Eman
818 2472 883 2492 vero
908 2464 1066 2498 Esdraiten,

288 2511 372 2530 unum
387 2512 418 2532 ex
438 2506 499 2534 ﬁliis
516 2507 591 2535 lane
608 2508 654 2535 ﬁlii
668 2507 737 2536 Iuda
752 2517 812 2537 esse
826 2510 912 2541 aiunt.
929 2516 1068 2538 vocatum-

288 2557 340 2583 que
362 2551 433 2585 apud
457 2551 585 2581 Hebraeos
601 2555 787 2590 patronymiee
809 2555 1067 2584 ZaraitenH‘nisse-

288 2603 341 2630 que
363 2595 431 2623 ﬁlios
458 2597 533 2625 Zarze
560 2607 673 2627 numero
699 2601 828 2635 quinque.
853 2605 881 2628 ut
907 2602 1068 2630 testiﬁcatur

287 2641 393 2676 primus
406 2641 629 2678 Paralipomenon
644 2646 711 2672 liber
726 2646 768 2673 his
780 2647 870 2675 verbis
882 2657 889 2673 :
903 2647 968 2674 Filii
982 2648 1064 2680 Iuda,

289 2685 389 2712 Phares
404 2691 429 2713 et
448 2685 519 2713 Zara
534 2687 619 2715 :Filii
637 2689 723 2721 Zarat,
741 2689 858 2723 Zambri,
874 2697 898 2718 et
913 2691 1023 2719 .Etliam
1041 2697 1066 2719 et

288 2728 388 2757 .Emart
397 2735 422 2758 et
431 2730 558 2758 C/mlcltal
570 2739 595 2759 et
609 2733 711 2766 Dat-da,
725 2743 831 2762 numero
845 2736 956 2770 quinque
965 2737 997 2764 ⁸⁷.
1012 2736 1067 2765 llos

1124 1685 1225 1713 Τούτου
1237 1685 1265 1712 δὲ
1276 1685 1324 1721 τὴν
1334 1685 1451 1712 διάνοιαν
1462 1685 1626 1722 σαφέστερον
1640 1687 1807 1713 ἀποδέδωκεν
1818 1688 1834 1722 ἡ
1847 1688 1910 1723 πέμ-

1125 1738 1178 1765 πτη
1200 1729 1320 1762 ἔκδοσις,
1341 1732 1370 1757 ἐν
1426 1731 1548 1766 εἴρηται·
1572 1732 1622 1759 Ἐν
1638 1731 1797 1767 ἀπογραφῇ
1816 1732 1908 1764 λαῶν,

1123 1773 1211 1809 οὗτος
1224 1776 1440 1811 γεννηθήσεται
1453 1776 1523 1803 ἐκεῖ.
1539 1777 1697 1811 Σαᾳὲστατα
1712 1777 1766 1814 γὰρ
1781 1777 1831 1812 τῆς
1840 1772 1909 1804 ¹ἀπο-

1123 1822 1232 1857 γραφῆς
1255 1822 1456 1858 ἐμνημόνευσε,
1474 1823 1535 1850 καθ’
1551 1823 1584 1859 ἣν
1597 1825 1611 1851 ὁ
1632 1824 1726 1860 Σωτὴρ
1748 1824 1795 1850 καὶ
1809 1825 1909 1860 Κύριος

1123 1867 1201 1903 ἡμῶν
1215 1868 1344 1904 ἐγεννήθη
1357 1889 1364 1901 ,
1375 1869 1468 1905 ὥσπερ
1483 1867 1529 1896 οὖν
1548 1869 1622 1904 δηλοῖ
1637 1869 1722 1903 λέγων
1738 1870 1752 1896 6
1768 1870 1908 1904 εὐαγγελι-

1123 1914 1198 1949 στής·
1208 1913 1259 1940 Ἐν
1266 1913 1329 1947 ταῖς
1337 1914 1458 1949 ἡμέραις
1468 1915 1596 1948 ἐκείναις
1605 1914 1715 1949 ἐξῆλθε
1725 1915 1820 1950 δόγμα
1831 1915 1908 1948 παρὰ

1122 1959 1272 1993 Καίσαρος
1288 1961 1462 1994 Αὐγούστου
1486 1960 1710 1995 ἀπογράφεσθαι
1729 1960 1833 1988 πᾶσαν
1853 1961 1909 1995 τὴν

1122 2004 1308 2039 οἷκουμένην.
1322 2006 1403 2040 Αὕτη
1413 2006 1432 2040 ἡ
1440 2006 1596 2041 ἀπογραφὴ
1609 2007 1708 2042 πρώτη
1715 2007 1833 2042 ἐγένετο
1845 2007 1908 2042 ήγ-ε·

1119 2051 1324 2085 μονεύσαντος
1339 2050 1394 2085 τῆς
1410 2052 1519 2086 Συρίας
1531 2052 1689 2086 ΚιῬηνίου.
1722 2051 1793 2078 Ἀλλ’
1806 2053 1908 2084 ἐκεῖνος

1124 2096 1173 2132 μὲν
1187 2097 1234 2133 τὴν
1246 2098 1351 2132 γένεσιν
1362 2098 1496 2133 ἐσήμανεν
1507 2098 1598 2130 αὑτοῦ,
1610 2099 1623 2124 6
1633 2099 1662 2125 δὲ
1675 2098 1743 2133 μετὰ
1756 2099 1850 2134 χεῖρας
1864 2098 1906 2125 τὸν

1122 2142 1245 2170 θάνατον.
1263 2143 1299 2169 Τὸ
1313 2143 1357 2176 δὲ,
1385 2143 1461 2177 ὑπὲρ
1474 2143 1609 2176 Mast,
1627 2143 1675 2170 διὰ
1689 2144 1797 2178 χοροῦ,
1815 2145 1905 2180 ἡρμή-

1121 2181 1214 2215 vaec-sv
1227 2189 1241 2215 6
1257 2189 1402 2224 Σύμμαχος
1412 2197 1418 2203 ·
1433 2190 1447 2215 6
1461 2189 1489 2215 δὲ
1507 2189 1632 2221 Ἀκύλας,
1645 2189 1693 2215 ἐπὶ
1708 2190 1836 2223 χορείας.
1852 2190 1905 2217 Καὶ

1123 2243 1167 2269 μοι
1178 2234 1252 2260 δοκεῖ
1259 2234 1305 2261 τὸν
1316 2233 1434 2270 Χριστοῦ
1445 2234 1508 2262 λαὸν
1518 2235 1682 2262 αἰνίττεσθαι
1696 2235 1743 2261 καὶ
1753 2235 1802 2271 τὴν
1812 2236 1905 2271 ἐκκλη-

1122 2279 1262 2315 σιαστικὴν
1276 2280 1383 2316 χορείαν
1393 2300 1400 2313 ,
1421 2281 1450 2306 ἐν
1497 2280 1544 2307 τοῦ
1561 2281 1687 2316 Σωτῆρος
1703 2280 1781 2316 ἡμῶν
1795 2282 1809 2309 6
1826 2281 1905 2309 θάνα-

1086 2319 1109 2349 D
1120 2334 1166 2357 τος
1179 2326 1346 2361 ἁνυμνεῖται.
1368 2326 1444 2352 Ἐπεὶ
1461 2326 1489 2352 δὲ
1502 2326 1548 2353 καὶ
1560 2328 1575 2362 ἡ
1594 2327 1699 2361 γένεσις
1710 2327 1791 2354 αὑτοῦ
1803 2328 1847 2354 διὰ
1857 2328 1905 2363 τῆς

1121 2371 1229 2407 χορείας
1241 2371 1341 2407 ταύτης
1354 2371 1454 2407 ᾅδεται,
1471 2373 1581 2404 εἰκότως
1592 2373 1638 2399 καὶ
1648 2374 1662 2399 6
1673 2373 1725 2408 πρὸ
1736 2373 1833 2400 τούτου
1842 2370 1905 2409 ψαλ-

1122 2419 1171 2453 μὸς
1181 2419 1231 2453 τὴν
1243 2419 1348 2453 γένεο-ιν
1359 2419 1439 2446 αὐτοῦ
1454 2419 1583 2451 θεσπίσας
1594 2420 1717 2455 ἐπήγαγε
1733 2420 1820 2455 λέγων
1830 2429 1837 2436 ·
1850 2421 1902 2447 Καὶ

1118 2464 1241 2498 ᾅδοντες
1248 2465 1287 2497 ὡς
1294 2465 1375 2499 χοροὶ
1384 2464 1477 2492 πᾶσαι
1485 2466 1574 2500 πηγαὶ
1582 2466 1616 2492 ἐν
1624 2466 1683 2497 σοὶ,
1693 2466 1755 2498 τοὺς
1766 2467 1795 2493 ὲν
1805 2468 1837 2502 τῇ
1846 2467 1903 2493 Ἐκ-

1120 2510 1218 2545 κλησίᾳ
1233 2510 1350 2545 Χριστοῦ
1366 2512 1462 2546 χοροὺς
1474 2511 1582 2546 ᾄδοντας
1593 2511 1675 2538 αὐτοῦ
1692 2511 1739 2538 καὶ
1755 2512 1902 2547 ἁνυμνοῦν-

1119 2564 1167 2586 τσς
1180 2555 1214 2582 τὰ
1235 2556 1370 2591 μυστήρια
1384 2556 1515 2591 δηλώσας.
1547 2556 1599 2583 Τὸν
1613 2557 1641 2582 δὲ
1658 2556 1802 2592 λεγόμενον
1816 2557 1902 2593 Αἰμάν

1118 2601 1164 2627 τὸν
1185 2601 1340 2637 Ἐσδρειῗτην
1361 2602 1442 2636 φασὶν
1464 2600 1533 2629 εἶναι
1550 2603 1597 2628 ἕνα.
1614 2602 1667 2630 τῶν
1683 2602 1748 2629 υἱῶν
1761 2603 1838 2638 Ζαρὰ
1857 2603 1901 2630 τοῦ

1119 2646 1176 2672 υἱοῦ
1194 2646 1288 2679 Ἰούδα,
1314 2647 1462 2680 κεκλῆσθαί
1476 2656 1505 2674 τε
1519 2648 1599 2675 αὐτὸν
1615 2648 1679 2684 παρ’
1702 2648 1839 2684 Ἑϐραίοις
1852 2658 1901 2676 πω

1117 2693 1294 2728 τρωνυμικῶς
1311 2694 1445 2729 Ζαραῖτην
1456 2703 1463 2709 ·
1480 2692 1548 2721 εἶναι
1568 2695 1596 2722 δὲ
1611 2695 1690 2721 πέντε
1705 2695 1768 2727 τοὺς
1784 2696 1899 2726 πάντας·

1121 2740 1268 2774 μαρτυρεῖν
1283 2739 1309 2766 δὲ
1325 2740 1442 2775 τῷλόγῳ
1456 2739 1504 2776 τὴν
1518 2740 1628 2777 πρώτην
1639 2741 1690 2768 τῶν
1702 2741 1901 2777 Παραλειπομέ-

323 2820 346 2836 ”
364 2816 437 2849 Luca
451 2828 470 2848 ιιι
483 2840 490 2854 ,
510 2821 533 2847 ί.
572 2821 595 2837 ⁸⁸
614 2821 679 2849 ibid.
696 2822 723 2850 2.
762 2823 784 2839 "
803 2823 870 2851 Luc.
890 2832 923 2855 ιι,
943 2825 974 2858 1,
992 2825 1018 2851 2.
1057 2825 1074 2841 ’τ

1129 2826 1189 2855 Par.
1209 2834 1228 2856 ιι
1238 2848 1246 2862 ,
1265 2829 1291 2856 6.

324 2909 363 2954 (l)_
379 2909 408 2937 in
425 2910 497 2938 cusis
512 2909 603 2939 Bibliis
621 2910 674 2938 τῶν
691 2912 727 2944 0',
760 2911 939 2948 Ἰσραηλίτῃ,
957 2914 1035 2942 male.
