2032 3215
141 221 213 253 1633

705 219 956 250 οοΜΜεΝτΑιιιΑ
977 222 1010 250 m
1024 221 1194 250 PSALIOS.
1223 202 1252 238 τί
1263 196 1282 231 ⁷

1690 218 1760 247 105⁵

138 289 209 311 νων,
225 279 319 307 τοῦτον
338 281 517 317 περιέχουσαν
533 281 578 309 τὸν
599 283 699 319 τρόπον
711 292 718 299 ⁸
751 284 812 311 Υιοι
832 283 921 311 Ἰούδα

976 283 1105 312 Hebraeus
1119 284 1157 310 ait
1170 283 1197 310 in
1212 281 1330 318 IEgj'plo
1345 286 1409 311 ante
1428 282 1528 319 Moysis
1542 285 1648 310 aetatem
1661 281 1759 308 vatici-

139 326 234 360 Φαρὲς
246 326 295 354 καὶ
310 328 407 362 Ζαρά-
423 329 472 355 καὶ
492 328 551 355 υἱοὶ
565 330 661 364 Ζαρὰ,
675 329 799 364 Ζαμϐρί,
815 330 864 356 καὶ
878 331 926 357 Αι-

138 372 197 407 θὰμ
213 372 263 398 καὶ
283 372 377 407 Αιμὰν
396 373 444 400 καὶ
461 374 585 408 Χαλχὰλ
608 375 657 402 καὶ
680 374 791 409 Δαρδά·
816 375 926 409 πάντες

138 417 238 445 πέντε.
259 418 375 451 Τούτους
394 419 484 454 ἔλεγεν
500 422 514 447 ὁ
534 421 657 456 Ἐϐραῖος
673 421 702 447 ὲν
716 421 843 456 Αἰγύπτῳ
859 430 924 457 προ-

137 465 273 499 φητεῦσαι
283 485 290 496 ,
304 466 357 501 πρὸ
371 466 508 498 Μωῦσέως
520 467 691 502 γενομένους,
706 467 795 493 αὐτῶν
811 475 842 493 τε
857 465 925 493 εἶναι

137 510 201 541 τοὺς
210 509 334 545 ψαλμοὺς
340 511 401 542 τοὺς
412 512 449 542 εἰς
457 511 542 546 ὄνομα
553 512 641 538 αὐτῶν
650 512 909 547 προγεγραμμένους
918 520 924 526 ·

136 552 194 582 οἷον
212 555 257 582 τὸν
276 555 344 591 μετὰ
361 557 470 591 χεῖρας,
488 558 534 584 καὶ
547 558 591 584 τὸν
605 558 668 593 ἑξῆς
681 558 770 593 αὐτῷ,
783 559 828 584 καὶ
847 557 926 584 αὑτὸν

138 601 386 636 ἐπιγεγραμμένον,
397 602 488 636 Αίθὰμ
500 603 538 636 τῷ
554 604 710 638 Ἐσδραῑῒῃ
720 614 726 619 ·
739 604 806 630 ἀλλὰ
819 605 864 630 καὶ
879 613 926 630 πε-

139 646 166 680 ρὶ
180 645 270 673 αὐτῶν
281 647 404 682 λελέχθαι
419 648 448 674 ὲν
468 649 501 683 τῇ
516 649 594 685 τρίτῃ
610 650 664 675 τῶν
680 650 842 676 Βασιλειῶν·
871 650 926 677 Kal

136 692 302 726 ἐσοφίσατο
317 693 459 728 Σολομὼν
472 694 548 729 ὑπὲρ
567 696 658 722 Αὶθὰν
669 695 721 722 τὸν
739 696 924 731 Ἑσδρσΐτην,

137 740 186 766 καὶ
199 740 305 774 Αὶμίιν,
320 740 367 767 καὶ
381 741 432 767 τὸν
444 741 569 774 Xalde
581 741 629 767 καὶ
646 741 698 768 τὸν
711 741 836 776 Δορδιὶν.
853 741 924 768 Ταῦ-

136 792 170 811 τα
185 784 235 819 μὲν
250 783 296 811 οὖν
308 786 347 816 είς
363 785 412 820 τὴν
429 785 550 821 ἱστορίαν
564 785 693 821 είρήσθω.
725 786 755 813 Εἰ
770 786 798 813 δέ
815 794 839 813 τι
856 795 924 821 συμ-

136 829 279 857 δάλλονται
293 832 325 866 τῇ
343 831 389 857 τοῦ
405 831 513 866 ψαλμοῦ
530 831 630 867 θεωρίᾳ
645 832 672 858 αἱ
690 831 790 861 τούτων
805 832 858 858 τῶν
870 832 926 858 ὀνο-

138 874 230 909 μάτων
248 876 400 911 ἑρμηνεῖαι,
417 876 462 902 καὶ
479 877 559 907 αὐτὸς
572 877 738 912 ἐπιστήσεις.
749 877 881 909 ’Υστατος
897 878 925 904 δὲ

133 919 172 946 ὣν
192 922 206 947 ό
228 921 323 956 παρὼν
337 922 391 948 τῶν
415 922 662 958 ἐπιγεγραμμένων
684 923 755 949 Υίῶν
773 923 859 958 Κορὲ,
877 923 926 958 τὴν

980 334 1058 357 natos
1078 337 1150 361 esse,
1177 332 1357 364 auctoresque
1372 337 1434 357 esse
1453 330 1618 364 psalmorum
1643 331 1689 366 qui
1713 337 1763 357 no—

979 376 1052 402 mine
1073 382 1124 402 suo
1144 374 1268 410 inscripti
1287 377 1372 401 sunt:
1387 374 1476 408 qualis
1491 379 1533 402 est
1555 375 1598 403 hic
1613 383 1694 410 quem
1705 379 1762 403 tra-

979 423 1084 447 ctamus
1111 423 1138 446 et
1152 420 1331 454 subsequens,
1350 419 1395 454 qui
1416 419 1562 454 inscriptus
1579 425 1630 452 est,
1649 420 1760 447 Etham

980 466 1116 493 Ezdraita:
1130 466 1184 494 :de
1207 466 1262 493 illis
1283 473 1390 501 quoque
1408 466 1465 492 haec
1480 466 1506 492 in
1522 467 1601 493 tertio
1621 467 1689 494 libro
1710 466 1763 494 Re-

978 520 1040 547 gum
1056 512 1130 539 dicta
1152 519 1212 540 esse
1229 516 1305 547 putat
1321 521 1326 538 :
1345 511 1378 538 Et
1395 512 1541 545 sapientior
1557 518 1612 539 erat
1634 513 1762 540 Salomon

979 557 1081 584 ,λΕίΙιαη
1104 557 1245 590 Ezdraita,
1260 557 1361 584 A/Eman
1375 562 1399 584 et
1415 557 1544 585 Chalchal
1565 563 1589 584 et
1607 558 1762 585 Dardau".

979 604 1042 631 llaec
1061 603 1094 630 de
1106 604 1220 630 historia
1238 602 1309 630 dicta
1325 607 1415 630 sunto.
1430 603 1470 630 An
1480 611 1544 630 vero
1561 603 1655 630 horum
1672 603 1762 630 nomi-

979 657 1044 675 num
1061 648 1278 683 signiﬁcationes
1292 648 1326 675 ad
1344 649 1441 683 psalmi
1462 648 1674 684 speculationem
1694 656 1762 676 con-

980 694 1078 726 ferant,
1098 699 1125 721 ιιι
1147 694 1205 728 ipse
1226 693 1384 721 consideres
1410 694 1501 721 velim.
1517 694 1584 721 Cum
1607 698 1697 721 autem
1717 693 1762 721 hic

981 740 1102 774 psalmus
1122 743 1276 774 postremus
1298 739 1333 766 sit
1349 747 1454 770 eorum.
1471 739 1517 774 qui
1537 739 1668 766 Filiorum
1693 738 1764 767 Core

980 786 1103 820 inscripti
1123 789 1198 815 sunt.
1212 785 1363 813 Salvatoris
1381 785 1467 812 nostri
1481 785 1514 812 ad
1534 785 1635 812 inferos
1650 785 1763 813 descen-

980 840 1038 859 sum
1056 832 1261 866 complectitur;
1279 832 1315 858 ita
1339 835 1368 858 ut
1382 831 1460 866 quasi
1474 830 1507 858 de
1522 831 1657 858 industria
1676 831 1764 866 provi-

980 885 1038 905 smn
1050 877 1095 908 sit,
1115 881 1144 904 ut
1161 878 1255 904 mortis
1275 877 1335 911 ejus
1356 876 1515 912 mysterium
1533 876 1560 903 in
1574 876 1625 903 ﬁne
1640 876 1762 903 omnium

980 922 1140 949 traderetur.
1157 922 1345 957 Videnturque
1369 921 1433 948 mihi
1451 921 1477 947 hi
1501 924 1618 955 quatuor
1631 919 1762 947 Filiorum

134 965 248 993 κάθοδον
261 967 310 1003 τὴν
324 968 364 999 είς
379 968 424 994 τὸν
440 968 505 1003 ᾅδην
520 968 567 994 τοῦ
581 968 706 1004 Σωτῆρος
725 968 802 1004 ἡμῶν
820 968 921 1004 περιεί-

975 967 1044 995 Core
1071 968 1178 1003 psalmi,
1204 975 1301 1002 nempe
1325 975 1441 1000 Lxxxm,
1469 974 1579 997 uxxtv,
1610 973 1708 992 uuvu
1736 969 1763 992 et

133 1011 219 1047 ληφεν
231 1032 239 1044 ,
257 1012 350 1049 ὥσπερ
365 1013 522 1048 ἐξεπίτηδες
537 1014 755 1049 ταμιευσαμένου
777 1013 824 1040 τοῦ
845 1014 923 1048 λόγου

132 1058 164 1085 τὸ
179 1059 327 1094 μυστήριον
337 1059 383 1086 τοῦ
396 1060 510 1087 θανάτου
524 1060 569 1086 ἐπὶ
581 1059 652 1086 τέλει
663 1060 710 1086 τοῦ
725 1060 825 1091 παντὸς
837 1069 925 1096 παρα-

132 1104 233 1131 δοῦναι.
250 1105 304 1132 Καί
320 1115 365 1140 μοι
378 1106 500 1133 δοκοῦσιν
516 1107 539 1132 οἱ
551 1106 575 1132 δ’
593 1103 666 1132 οὗτοι
682 1106 742 1132 Τῶν
761 1106 826 1132 υἱῶν
842 1106 923 1141 Κορὲ,

133 1148 204 1184 λέγω
215 1149 242 1176 δὲ
252 1152 266 1177 ὁ
279 1151 368 1186 τρίτος
379 1152 425 1178 καὶ
440 1155 480 1183 π’,
495 1152 542 1178 καὶ
553 1153 567 1178 ὁ
579 1152 606 1178 δ’
619 1152 667 1178 καὶ
683 1161 703 1178 π
712 1155 728 1184 ’,
744 1152 758 1178 ὃ
771 1160 801 1178 τε
814 1155 868 1184 σις’
881 1152 928 1178 καὶ

131 1196 146 1222 ὀ
157 1195 206 1227 ’κζ’
217 1195 289 1231 ἔχειν
303 1196 361 1223 τινὰ
371 1197 437 1233 πρὸς
445 1197 575 1233 ἀλλήλους
586 1197 755 1224 ἀκολουθίαν.
771 1197 800 1224 '0
810 1198 859 1233 μὲν
869 1197 923 1232 γὰρ

132 1240 184 1274 πγ’
200 1240 294 1275 σαφῶς
311 1241 377 1268 Θεοῦ
394 1242 543 1278 παρουσίαν
559 1243 597 1274 εἰς
614 1242 774 1279 ἀνθρώπους
791 1243 836 1269 καὶ
856 1243 923 1277 Χρι-

132 1286 196 1313 στοῦ
212 1288 380 1323 προφητείαν
394 1289 522 1324 ὀνομαστὶ
536 1291 686 1325 περιεῖχεν·
704 1290 718 1316 ὁ
734 1289 761 1315 δὲ
774 1288 839 1323 ἑξῆς
850 1288 925 1323 αὑτῷ

131 1330 150 1370 ᾗ
170 1333 253 1369 τάχος
269 1335 410 1370 ἐπιστῆναι
437 1335 472 1361 τὰ
486 1335 687 1371 τεθεσπισμένα
711 1335 828 1371 ηὔχετο*
855 1335 869 1361 ὁ
894 1334 923 1361 δὲ

973 1020 1082 1038 uuvu
1100 1011 1202 1046 aliquid
1226 1012 1405 1039 conuexionis
1423 1011 1496 1038 inter
1517 1019 1547 1038 se
1567 1011 1677 1038 habere.
1695 1010 1761 1037 Nam

975 1065 1077 1084 Lxxxtu
1101 1057 1146 1085 Dei
1166 1058 1312 1085 adventum
1336 1058 1369 1085 ad
1390 1058 1517 1085 homines
1536 1061 1563 1084 et
1578 1057 1680 1084 Christi
1697 1064 1763 1091 pro-

975 1104 1092 1138 phetiam
1113 1103 1256 1130 manifeste
1282 1104 1489 1138 complectitur;
1509 1111 1626 1138 sequens
1650 1110 1714 1129 vero
1731 1109 1764 1130 ea

977 1157 1037 1185 qua:
1052 1150 1080 1176 in
1097 1148 1225 1175 vaticinio
1239 1147 1398 1175 ferebantur
1414 1149 1614 1182 quamprimum
1633 1148 1765 1175 accedere

977 1194 1140 1230 precabatur
1162 1193 1342 1228 :przecedens
1374 1198 1464 1221 autem
1495 1194 1617 1228 psalmus
1644 1193 1704 1228 ejus
1734 1193 1764 1220 in

977 1248 1060 1268 carne
1081 1243 1171 1267 ortum
1197 1240 1253 1274 jam
1276 1239 1484 1273 subindicabat;
1513 1239 1557 1267 hic
1576 1247 1639 1267 vero
1664 1247 1762 1266 conse-

978 1290 1094 1322 quenter
1108 1285 1142 1312 ad
1156 1293 1203 1313 cos
1217 1293 1312 1313 omnes
1333 1289 1448 1312 mortem
1459 1285 1531 1320 ejus,
1550 1292 1631 1321 quam
1646 1292 1695 1320 pro
1709 1283 1760 1312 ho-

979 1333 1099 1361 minibus
1112 1332 1246 1367 suscepit,
1263 1332 1440 1367 praenuntiat.

132 1379 185 1415 πρὸ
195 1379 243 1407 τοῦ
260 1380 328 1415 μετὰ
339 1382 432 1416 χεῖρας
447 1381 496 1416 ἤδη
510 1382 558 1417 Ιτὴν
572 1381 700 1417 ἔνσαρκον
715 1380 797 1408 αὑτοῦ
812 1380 919 1414 γένεσιν
935 1378 1058 1414 ᾐνίττετο
1068 1387 1074 1394 ·
1090 1377 1194 1409 τούτοις
1206 1377 1234 1404 δὲ
1252 1377 1335 1403 πᾶσιν
1367 1376 1522 1409 ἀκολούθως
1540 1377 1554 1403 ὀ
1585 1376 1764 1413 προκείμενος

130 1426 174 1454 τὸν
188 1427 302 1454 θάνατον
311 1449 318 1460 ,
334 1428 362 1455 ὃν
380 1429 448 1464 ὑπὲρ
462 1429 613 1465 ἀνθρώπων
625 1428 767 1461 ἀνεδέξατο
778 1449 785 1461 ,
798 1428 997 1463 προαναφωνεϊ.

165 1486 254 1519 Κύριε
264 1487 279 1512 d
293 1486 365 1518 Θεὸς
375 1485 428 1520 τῆς
443 1488 591 1521 σωτηρίας
598 1496 668 1522 μου,
680 1486 791 1521 ἡμέρας
800 1486 920 1520 ἐκέκρα-

130 1529 184 1563 ξα,
199 1531 248 1558 καὶ
266 1531 301 1558 ὲν
314 1532 399 1558 νυκτὶ
414 1533 554 1559 ἐναντίον
569 1541 637 1559 σου.
655 1531 821 1559 Εἰσελυέτω
837 1532 921 1559 ἐναν-

1011 1484 1119 1511 Donu'ue
1135 1482 1205 1511 Deus
1219 1483 1314 1510 salutis
1332 1490 1406 1514 metu,
1422 1482 1449 1508 iu
1464 1481 1506 1508 die
1522 1481 1635 1508 clamavi
1648 1485 1672 1508 et
1689 1484 1764 1506 nocte

973 1538 1062 1557 coram
1083 1534 1117 1556 te.
1136 1544 1171 1548 —-
1183 1528 1268 1556 Vens.
1284 1529 1311 1556 5.
1335 1527 1419 1555 Intret
1440 1528 1615 1560 inconspacm
1641 1532 1685 1553 tuo
1701 1534 1763 1552 ora-

130 1577 196 1603 τΙον
210 1584 268 1604 σου
283 1578 302 1612 ἠ
320 1578 474 1613 προσευχή
488 1588 556 1613 μου,
572 1579 678 1606 κλῖνον
691 1579 723 1605 τὸ
737 1576 791 1611 οὖς
806 1586 863 1605 σου
877 1579 920 1611 εις

974 1577 1011 1602 tio
1027 1584 1103 1602 mea:
1118 1575 1217 1602 inclina
1233 1583 1323 1602 aurem
1348 1580 1420 1602 tuam
1443 1573 1477 1600 ad
1493 1581 1593 1607 precem
1619 1581 1714 1600 meam.
1733 1572 1762 1599 In

131 1621 187 1657 τὴν
196 1621 304 1656 δέησίν
313 1631 383 1657 μου.
402 1623 445 1649 Ἐν
457 1624 496 1658 τῷ
508 1627 555 1650 κα¹
568 1623 667 1658 ψαλμῷ
678 1624 723 1650 καὶ
735 1622 809 1658 αὐτῷ
824 1623 863 1654 είς
877 1622 922 1649 τὸν

130 1666 248 1705 Χριστὸν
259 1669 462 1704 ἀναφερομένῳ,
473 1669 520 1696 καὶ
530 1669 558 1696 τὸ
570 1670 653 1701 πάθος
664 1669 744 1695 αὑτοῦ
757 1668 849 1702 σαφῶς
861 1676 923 1704 προ-

130 1713 291 1748 φητεύοντι,
306 1713 374 1748 ὅπερ
395 1713 440 1740 διὰ
461 1713 509 1749 τῆς
523 1715 609 1749 ἀρχῆς
628 1714 792 1749 παρίστησιν
808 1714 822 1740 ὁ
845 1713 922 1748 λόγος

129 1759 258 1794 φάσκωνο
273 1759 305 1785 '0
318 1759 399 1792 Θεὸς,
415 1761 430 1785 ό
449 1760 520 1792 Θεός
534 1769 603 1794 μου,
615 1760 747 1794 πρόσχες
760 1768 821 1794 μοι,
832 1760 882 1786 ἵνα
896 1760 923 1786 τί

128 1804 322 1839 ἐγκατέλιπές
344 1814 400 1840 ys;
423 1806 436 1832 ὃ
461 1806 507 1832 καὶ
526 1805 737 1841 μεμαρτύρηται
762 1805 833 1832 κατὰ
850 1805 922 1837 λέξιν

130 1851 176 1877 ἐπὶ
189 1851 236 1877 τοῦ
252 1851 354 1882 πάθους
365 1852 379 1877 ὁ
391 1851 485 1886 Σωτὴρ
495 1851 573 1886 ἡμῶν
585 1851 713 1887 εἰρηκὼς.
730 1851 798 1887 μετὰ
812 1851 860 1887 τὴν
874 1852 922 1886 ἀρ-

130 1896 180 1931 χὴν
195 1894 260 1930 ἑξῆς
274 1895 426 1930 ὲπιλέγεται
437 1905 444 1911 ⁸
453 1897 479 1922 Ὀ
493 1898 565 1930 Θεός
575 1906 645 1931 μου.
660 1896 839 1931 κεκρὰξσμαι
850 1887 920 1930 ἡμέ-

126 1949 194 1973 ρας,
205 1940 255 1967 καὶ
272 1941 326 1967 οὐκ
339 1942 504 1975 εὶσακούσῃ
514 1961 520 1972 ,
539 1942 586 1968 καὶ
603 1942 713 1974 νυκτὸς
724 1962 730 1974 ,
746 1942 795 1968 καὶ
811 1942 866 1968 οὐκ
878 1943 921 1974 εις

128 1986 238 2013 ἄνοιαν
252 1986 327 2021 ἐμοι.
354 1988 408 2013 Καὶ
422 1988 436 2013 ὁ
448 1987 542 2023 παρὼν
557 1988 585 2014 δὲ
601 1987 707 2023 ψαλμὸς
722 1996 803 2023 φησιν
813 1996 820 2002 ’
842 1987 920 2021 Ἡμέ-

126 2031 353 2066 ραςιὲκέκραξα,
369 2033 415 2059 καὶ
426 2034 460 2059 ἐν
473 2033 557 2060 νυκτί
570 2034 708 2060 ἐναντίον
718 2041 787 2060 σου.
806 2033 859 2059 Καί
875 2041 920 2067 μοι

127 2075 241 2102 δοκεῖτὸ
254 2076 342 2110 λόγιον
356 2077 400 2103 τὸν
416 2077 472 2112 βίον
495 2078 544 2112 τῆς
557 2078 788 2113 ἐνανθρωπήσεως
802 2077 849 2103 τοῦ
865 2077 920 2103 Σω-

128 2122 209 2158 τῆρος
228 2123 308 2157 ἡμῶν
328 2123 496 2158 ὑπογράφειν
507 2124 550 2150 διὰ
567 2125 658 2160 πάσης
672 2125 702 2151 οὺ
721 2124 800 2159 μόνον
813 2123 919 2159 ἡμέρας

128 2167 197 2193 ἀλλὰ
220 2167 267 2193 καὶ
280 2167 375 2198 νυκτὸς
391 2168 569 2203 ἀνακειμένου
585 2168 624 2203 τῷ
641 2168 709 2203 Θεῷ.
740 2169 816 2202 Ἔχει
829 2167 857 2194 δὲ
874 2167 919 2194 καὶ

129 2213 157 2239 ἐν
181 2214 238 2244 τοῖς
261 2213 437 2247 Εὑαγγελίοις
461 2215 534 2245 ὅπως
559 2216 618 2246 ταῖς
644 2215 737 2249 εὐχαῖς
758 2214 801 2240 διὰ
821 2214 919 2245 παντὸς

975 1622 1105 1650 vicesimo
1129 1621 1216 1657 primo
1242 1622 1356 1657 psalmo,
1379 1621 1426 1656 qui
1451 1620 1545 1648 itidem
1569 1619 1602 1646 ad
1625 1619 1765 1646 Christum

974 1667 1103 1701 refertur,
1122 1667 1237 1702 ejusque
1255 1668 1410 1702 passionem
1432 1671 1524 1701 aperte
1536 1665 1711 1696 vaticinatur,
1733 1668 1763 1691 ut

974 1714 1008 1741 ab
1025 1713 1101 1740 initio
1117 1713 1271 1741 declaratur
1286 1713 1328 1740 his
1338 1712 1439 1744 verbis,
1455 1712 1523 1739 Deus
1541 1711 1610 1738 Deut
1625 1719 1707 1743 meus,
1722 1719 1763 1738 re-

973 1759 1042 1793 spice
1054 1759 1081 1785 in
1095 1767 1145 1791 me,
1163 1767 1243 1793 quare
1264 1766 1303 1785 me
1321 1758 1484 1793 dereliquiin
1497 1757 1559 1783 ""?
1574 1756 1646 1792 quod
1666 1755 1762 1783 Salva-

973 1808 1060 1832 torem
1073 1805 1105 1831 ad
1123 1805 1235 1832 verbum
1247 1805 1274 1831 iu
1291 1804 1418 1838 passione
1433 1804 1537 1831 dixisse
1553 1806 1696 1834 narratur;
1709 1805 1763 1829 sta-

974 1850 1020 1876 tim
1043 1855 1103 1885 post
1116 1850 1224 1877 initiqu
1248 1849 1369 1881 additur,
1394 1849 1464 1875 Deus
1482 1856 1553 1874 meus
1575 1846 1695 1873 clamabo
1717 1854 1763 1880 per

972 1895 1039 1922 diem
1053 1900 1077 1922 et
1091 1903 1141 1921 non
1156 1894 1292 1926 “audies,
1307 1898 1331 1921 et
1347 1898 1421 1920 nocte
1430 1898 1454 1919 et
1470 1901 1522 1919 non
1534 1891 1568 1918 ad
1582 1891 1761 1924 insipientiam

974 1941 1047 1968 mihi.
1069 1941 1192 1967 Praiseus
1207 1940 1270 1966 item
1287 1939 1408 1974 psalmus
1429 1938 1476 1970 ait,
1493 1937 1526 1964 1η
1543 1936 1585 1963 die
1602 1937 1717 1963 clamavi
1734 1940 1761 1964 et

972 1991 1047 2013 nocte
1060 1995 1150 2013 coram
1163 1992 1196 2013 te.
1210 1986 1376 2020 Videturque
1391 1985 1457 2011 mihi
1467 1985 1510 2012 his
1523 1984 1699 2011 subindicare
1718 1988 1760 2010 to-

973 2036 1028 2058 tam
1043 2032 1175 2059 incaruati
1195 2032 1345 2059 Salvatoris
1362 2031 1448 2058 nostri
1465 2031 1559 2061 vitam,
1574 2037 1635 2064 quae
1649 2036 1704 2056 non
1721 2037 1764 2056 so-

972 2079 1027 2105 lum
1046 2078 1090 2105 dic
1114 2079 1161 2106 sed
1179 2078 1261 2106 etiam
1289 2082 1368 2105 nocte
1392 2076 1447 2104 Deo
1470 2079 1630 2104 consecrata
1655 2075 1715 2102 fuit.
1733 2075 1761 2101 In

971 2123 1125 2158 Evangeliis
1151 2131 1232 2158 porro
1256 2122 1358 2150 dicitur
1374 2129 1436 2149 eum
1463 2129 1570 2156 semper
1591 2119 1762 2148 orationibus

970 2177 1093 2197 vacasse.
1109 2169 1140 2197 Jn
1157 2169 1283 2204 praesenti
1296 2176 1361 2196 vero
1372 2168 1480 2195 Patrem
1497 2167 1625 2195 obsecrat
1640 2170 1667 2193 et
1683 2169 1762 2201 rogat

970 2220 1000 2242 ut
1018 2216 1130 2243 inclinet
1148 2223 1242 2243 aurem
1257 2215 1290 2242 ad
1305 2222 1413 2250 precem
1434 2222 1530 2247 suam;
1550 2213 1576 2240 id
1593 2216 1645 2243 est.
1660 2216 1690 2239 ut
1712 2220 1763 2238 an-

129 2259 284 2295 ὲσχόλαζεν.
311 2260 373 2286 Ἐπὶ
395 2261 422 2286 δὲ
434 2260 479 2286 τοῦ
500 2261 632 2296 παρόντος
644 2261 733 2287 δέεται
753 2261 799 2287 τοῦ
812 2260 917 2295 Πατρὺς

974 2268 1039 2289 nuat
1061 2264 1238 2298 petitionibus
1261 2264 1330 2290 suis.
1350 2263 1434 2298 quue
1453 2266 1581 2297 precatur
1598 2265 1692 2295 utpote
1713 2261 1760 2294 qui

130 2305 177 2332 καὶ
198 2305 270 2338 ἀξιοῖ
295 2305 383 2332 κλῖναι
400 2307 430 2332 τὸ
456 2304 503 2337 οὖς
532 2306 598 2341 πρὸς
624 2306 672 2341 τὴν
698 2306 789 2340 δέησιν
816 2306 915 2332 αὐτοῦ’

129 2351 266 2378 τουτέστιν
281 2351 421 2378 ἐπινεῦσαι
443 2353 498 2383 τοῖς
517 2353 661 2387 αἰτήμασιν
678 2352 768 2378 αὐτοῦ.
784 2352 836 2378 Καὶ
847 2352 917 2378 τοῦτ’

129 2397 248 2433 εὔχεται,
260 2398 297 2429 ὡς
312 2397 346 2424 ἂν
358 2398 460 2432 μέλλων
476 2397 545 2433 ὑπὲρ
557 2399 682 2424 ἁπάντων
697 2398 750 2424 τῶν
762 2398 855 2429 ἐθνῶν,
869 2399 917 2424 αὐ-

129 2444 172 2475 τὸς
185 2444 280 2470 ἑαυτὸν
291 2444 328 2478 τῷ
339 2445 425 2479 Πατρὶ
437 2447 600 2480 προσφέρειν
614 2445 717 2471 θνσίαν.
731 2445 817 2471 Πολλὰ
829 2445 856 2471 δὲ
869 2453 918 2470 πε-

130 2490 157 2526 ρὶ
170 2489 217 2517 τοῦ
237 2489 302 2516 ἰδίου
317 2490 434 2516 θανάτου
449 2490 552 2525 μέλλων
569 2491 632 2526 ἑξῆς
647 2491 789 2524 διεξιέναι,
806 2491 876 2526 ὀρῶν
887 2500 917 2518 τε

128 2535 176 2571 τὴν
190 2535 259 2571 μετὰ
271 2535 383 2562 θάνατον
395 2535 584 2571 διαδεξαμένην
595 2537 675 2562 αὑτὸν
690 2537 836 2572 σωτηρίαν,
847 2538 918 2563 εἰκό-

129 2590 183 2613 τως
193 2581 243 2617 τὴν
259 2581 386 2617 ἀπαρχὴν
401 2582 448 2608 τοῦ
459 2582 565 2617 ψαλμοῦ
576 2584 609 2618 τῇ
624 2583 705 2609 αὑτοῦ
721 2584 842 2618 σωτηρία
852 2591 918 2618 προ-

128 2626 220 2653 λαϐὼν
234 2626 391 2662 ἀνατίθησι*
407 2627 446 2653 διά
463 2637 539 2663 φησι,
553 2629 639 2662 Κύριε
651 2630 666 2655 ὁ
679 2629 749 2661 Θεὸς
761 2629 815 2662 τῆς
827 2636 918 2662 σωτη-

126 2672 194 2704 ρίας
204 2681 275 2706 μου.
293 2673 357 2700 Ὅτι
371 2673 509 2707 ἐπλήσθη
523 2674 624 2700 κακῶν
638 2675 657 2707 ή
678 2675 763 2709 ψυχή
775 2684 847 2708 μου,
870 2675 918 2701 καὶ

130 2716 147 2749 ἡ
163 2716 218 2750 ζωή
231 2727 291 2753 μου
311 2718 350 2751 τῷ
367 2719 423 2753 ᾄδῃ
440 2719 562 2753 ἤγγισε,
580 2722 823 2755 προσελογίσὼιν
841 2723 915 2755 μετὰ

130 2763 187 2790 τῶν
201 2764 440 2790 καταδίκη-ὀντων
455 2766 498 2796 εἰς
509 2764 635 2791 λάκκον.
651 2766 746 2798 Σαφῶς
757 2766 801 2792 διὰ
816 2766 916 2793 τούτων

128 2809 177 2844 τὴν
199 2810 238 2841 εἰς
255 2809 300 2836 τὸν
322 2810 388 2845 ᾇδην
406 2811 515 2837 κάθοδον
532 2811 614 2837 αὑτοῦ
635 2811 801 2846 παρίστησι,
822 2812 868 2838 καὶ
884 2813 917 2839 τὰ

130 2855 202 2881 κακᾶ
224 2852 261 2881 ὧν
285 2856 479 2891 πεπληρῶσθαι
503 2857 599 2882 ἑαυτοῦ
622 2856 723 2890 ἔφασκε
748 2857 795 2892 τὴν
818 2858 916 2894 ψυχήν.

167 2931 190 2947 θ’
209 2929 241 2958 ιιι
260 2930 322 2967 Reg.
344 2940 379 2965 tv,
398 2932 441 2960 5i.
480 2931 513 2948 δ”
533 2931 602 2960 Psal,
623 2940 667 2960 xx!
680 2957 686 2962 ,
701 2931 730 2960 3.

973 2316 1023 2342 pro
1038 2310 1167 2336 omnibus
1182 2310 1309 2344 gentibus
1325 2309 1384 2344 ipse
1405 2316 1434 2336 se
1450 2308 1523 2334 Patri
1542 2307 1569 2334 iu
1594 2306 1760 2333 sacrificium

971 2354 1113 2381 oblaturus
1129 2360 1213 2382 esset.
1234 2355 1302 2382 Cum
1321 2359 1410 2381 autem
1439 2353 1522 2379 multa
1543 2352 1577 2379 de
1601 2354 1687 2378 morte
1710 2356 1760 2378 sua

971 2399 1100 2435 deinceps
1116 2407 1289 2431 narraturus.
1312 2400 1482 2435 prospiceret
1499 2406 1558 2425 eam
1575 2405 1635 2432 qua:
1655 2404 1684 2423 se
1698 2399 1760 2431 post

972 2452 1086 2474 mortem
1102 2453 1247 2482 exceptura
1262 2449 1321 2473 erat
1338 2446 1466 2474 salutem.
1483 2443 1589 2470 initiqu
1604 2441 1699 2476 psalmi
1713 2448 1759 2468 sa-

972 2495 1020 2521 luti
1045 2501 1101 2521 sua:
1133 2496 1315 2526 congruenter
1341 2490 1458 2524 applicat
1486 2495 1548 2515 cum
1575 2486 1759 2514 ait:Domine

971 2541 1040 2568 Deus
1068 2540 1163 2567 salutis
1186 2546 1259 2565 mem.
1276 2553 1310 2558 —
1322 2537 1405 2564 Vens.
1420 2536 1447 2567 4,
1512 2535 1581 2567 Quia
1604 2533 1703 2568 repleta
1720 2537 1758 2558 est

971 2588 1050 2614 malis
1064 2587 1155 2613 anima
1173 2594 1240 2616 mea,
1260 2590 1284 2611 et
1300 2585 1353 2612 vita
1374 2591 1432 2610 mea
1446 2582 1548 2617 inferno
1563 2580 1758 2615 appropinqua-

972 2635 1024 2664 vit,
1047 2633 1193 2660 testimrttus
1224 2639 1281 2657 sum
1305 2638 1364 2656 cum
1388 2626 1601 2655 descendentibus
1616 2626 1643 2651 in
1659 2625 1756 2651 lacum.

972 2679 1018 2705 llis
1030 2678 1194 2705 descensum
1205 2676 1237 2703 ad
1254 2675 1357 2703 inferos
1370 2682 1450 2701 suum
1463 2672 1607 2699 manifeste
1624 2670 1757 2699 declarat,

969 2733 1076 2752 necnon
1089 2724 1159 2750 mala
1175 2724 1219 2750 illa
1229 2722 1307 2757 queis
1317 2722 1441 2748 aflliclam
1455 2719 1573 2746 animam
1585 2724 1661 2745 suam
1673 2714 1758 2741 fuisse

970 2771 1142 2797 testificatur.
1182 2769 1250 2795 Mala
1279 2775 1363 2798 vero,
1405 2764 1575 2793 calamitates
1606 2760 1753 2795 appellat:

972 2823 1033 2842 nam
1061 2815 1125 2841 mali
1152 2822 1249 2841 nomen
1273 2813 1354 2840 latius
1386 2810 1566 2844 intelligitur:
1592 2807 1649 2833 sive
1672 2805 1754 2831 etiam

973 2860 1015 2888 his
1031 2860 1131 2888 indicat
1146 2860 1285 2888 hominum
1304 2858 1445 2887 malitiam,
1465 2862 1517 2890 qua
1535 2853 1662 2887 repletam
1687 2849 1758 2878 dixit
