  <div class='ocr_page' id='page_1' title='image "/cluster/home/n/w/nwhite01/storage/ocr_20150623/23/njp.32101077772505/535.png"; bbox 0 0 2032 3215; ppageno 0'>
   <div class='ocr_carea' id='block_1_1' title="bbox 296 197 365 226">
    <p class='ocr_par' dir='ltr' id='par_1_1' title="bbox 296 197 365 226">
     <span class='ocr_line' id='line_1_1' title="bbox 296 197 365 226; baseline 0.014 -1"><span class='ocrx_word' id='word_1_1' title='bbox 296 197 365 226; x_wconf 78' lang='grc'><strong>1055</strong></span> 
     </span>
    </p>
   </div>
   <div class='ocr_carea' id='block_1_2' title="bbox 649 194 1594 225">
    <p class='ocr_par' dir='ltr' id='par_1_2' title="bbox 649 194 1594 225">
     <span class='ocr_line' id='line_1_2' title="bbox 649 194 1594 225; baseline -0.002 -1"><span class='ocrx_word' id='word_1_2' title='bbox 649 196 784 225; x_wconf 84' lang='lat' dir='ltr'><strong>EUSEBII</strong></span> <span class='ocrx_word' id='word_1_3' title='bbox 803 195 1042 224; x_wconf 63' lang='lat' dir='ltr'><strong>CrESARlENSlS</strong></span> <span class='ocrx_word' id='word_1_4' title='bbox 1061 195 1136 223; x_wconf 80' lang='lat' dir='ltr'><strong>OPP.</strong></span> <span class='ocrx_word' id='word_1_5' title='bbox 1158 194 1246 223; x_wconf 72' lang='lat' dir='ltr'><strong>PARS</strong></span> <span class='ocrx_word' id='word_1_6' title='bbox 1266 194 1310 222; x_wconf 93' lang='grc'><strong>111.</strong></span> <span class='ocrx_word' id='word_1_7' title='bbox 1330 211 1364 215; x_wconf 93' lang='grc'><strong>-</strong></span> <span class='ocrx_word' id='word_1_8' title='bbox 1389 194 1594 222; x_wconf 70' lang='grc' dir='ltr'><strong>ΕΧΕΟΕΤΙΟᾹ.</strong></span> 
     </span>
    </p>
   </div>
   <div class='ocr_carea' id='block_1_3' title="bbox 1841 191 1905 220">
    <p class='ocr_par' dir='ltr' id='par_1_3' title="bbox 1841 191 1905 220">
     <span class='ocr_line' id='line_1_3' title="bbox 1841 191 1905 220; baseline 0.031 -2"><span class='ocrx_word' id='word_1_9' title='bbox 1841 191 1905 220; x_wconf 69' lang='grc'><strong>11156</strong></span> 
     </span>
    </p>
   </div>
   <div class='ocr_carea' id='block_1_4' title="bbox 293 252 1065 292">
    <p class='ocr_par' dir='ltr' id='par_1_4' title="bbox 293 257 1065 292">
     <span class='ocr_line' id='line_1_4' title="bbox 293 257 1065 292; baseline -0.004 -6"><span class='ocrx_word' id='word_1_10' title='bbox 293 259 410 286; x_wconf 84' lang='lat' dir='ltr'><strong>animam</strong></span> <span class='ocrx_word' id='word_1_11' title='bbox 421 266 518 291; x_wconf 86' lang='lat' dir='ltr'><strong>suam;</strong></span> <span class='ocrx_word' id='word_1_12' title='bbox 535 258 590 285; x_wconf 90' lang='lat' dir='ltr'><strong>imo</strong></span> <span class='ocrx_word' id='word_1_13' title='bbox 598 257 681 285; x_wconf 83' lang='lat' dir='ltr'><strong>etiam</strong></span> <span class='ocrx_word' id='word_1_14' title='bbox 695 261 804 292; x_wconf 83' lang='lat' dir='ltr'><strong>peccata</strong></span> <span class='ocrx_word' id='word_1_15' title='bbox 816 261 920 285; x_wconf 82' lang='lat' dir='ltr'><strong>nostra.</strong></span> <span class='ocrx_word' id='word_1_16' title='bbox 933 264 993 292; x_wconf 75' lang='lat' dir='ltr'><strong>quae</strong></span> <span class='ocrx_word' id='word_1_17' title='bbox 1004 257 1031 284; x_wconf 88' lang='lat' dir='ltr'><strong>in</strong></span> <span class='ocrx_word' id='word_1_18' title='bbox 1047 264 1065 284; x_wconf 70' lang='grc' dir='ltr'><strong>ει</strong></span> 
     </span>
    </p>
   </div>
   <div class='ocr_carea' id='block_1_5' title="bbox 1116 252 1905 292">
    <p class='ocr_par' dir='ltr' id='par_1_5' title="bbox 1127 252 1905 292">
     <span class='ocr_line' id='line_1_5' title="bbox 1127 252 1905 292; baseline -0.008 -8"><span class='ocrx_word' id='word_1_19' title='bbox 1127 256 1205 283; x_wconf 77' lang='grc' dir='ltr'>Κακὰ</span> <span class='ocrx_word' id='word_1_20' title='bbox 1221 257 1250 284; x_wconf 76' lang='grc' dir='ltr'><strong>δὲ</strong></span> <span class='ocrx_word' id='word_1_21' title='bbox 1262 257 1321 292; x_wconf 78' lang='grc' dir='ltr'>ἦτοι</span> <span class='ocrx_word' id='word_1_22' title='bbox 1344 256 1392 287; x_wconf 74' lang='grc' dir='ltr'><strong>τὰς</strong></span> <span class='ocrx_word' id='word_1_23' title='bbox 1412 256 1584 292; x_wconf 76' lang='grc' dir='ltr'><strong>περιστάσεις</strong></span> <span class='ocrx_word' id='word_1_24' title='bbox 1601 253 1742 289; x_wconf 75' lang='grc' dir='ltr'><strong>ὀνομάζει,</strong></span> <span class='ocrx_word' id='word_1_25' title='bbox 1756 252 1905 287; x_wconf 80' lang='grc' dir='ltr'>κοινότερον</span> 
     </span>
    </p>
   </div>
   <div class='ocr_carea' id='block_1_6' title="bbox 293 303 1075 339">
    <p class='ocr_par' dir='ltr' id='par_1_6' title="bbox 293 303 1075 339">
     <span class='ocr_line' id='line_1_6' title="bbox 293 303 1075 339; baseline -0.004 -7"><span class='ocrx_word' id='word_1_26' title='bbox 293 305 350 339; x_wconf 85' lang='lat' dir='ltr'><strong>ipse</strong></span> <span class='ocrx_word' id='word_1_27' title='bbox 361 305 493 339; x_wconf 77' lang='lat' dir='ltr'><strong>suscepit,</strong></span> <span class='ocrx_word' id='word_1_28' title='bbox 508 312 541 331; x_wconf 86' lang='lat' dir='ltr'><strong>ac</strong></span> <span class='ocrx_word' id='word_1_29' title='bbox 556 312 673 339; x_wconf 90' lang='lat' dir='ltr'><strong>quorum</strong></span> <span class='ocrx_word' id='word_1_30' title='bbox 687 311 771 331; x_wconf 80' lang='lat' dir='ltr'><strong>causa</strong></span> <span class='ocrx_word' id='word_1_31' title='bbox 787 303 875 330; x_wconf 79' lang='lat' dir='ltr'><strong>factus</strong></span> <span class='ocrx_word' id='word_1_32' title='bbox 891 307 934 330; x_wconf 90' lang='lat' dir='ltr'><strong>est</strong></span> <span class='ocrx_word' id='word_1_33' title='bbox 955 311 1004 338; x_wconf 88' lang='lat' dir='ltr'><strong>pro</strong></span> <span class='ocrx_word' id='word_1_34' title='bbox 1024 310 1075 329; x_wconf 82' lang='lat' dir='ltr'><strong>no~</strong></span> 
     </span>
    </p>
   </div>
   <div class='ocr_carea' id='block_1_7' title="bbox 290 349 1072 381">
    <p class='ocr_par' dir='ltr' id='par_1_7' title="bbox 290 349 1072 381">
     <span class='ocr_line' id='line_1_7' title="bbox 290 349 1072 381; baseline 0 -6"><span class='ocrx_word' id='word_1_35' title='bbox 290 349 334 376; x_wconf 80' lang='lat' dir='ltr'><strong>bis</strong></span> <span class='ocrx_word' id='word_1_36' title='bbox 355 349 542 381; x_wconf 82' lang='lat' dir='ltr'><strong>maledictum,</strong></span> <span class='ocrx_word' id='word_1_37' title='bbox 562 350 712 377; x_wconf 89' lang='lat' dir='ltr'><strong>secundum</strong></span> <span class='ocrx_word' id='word_1_38' title='bbox 736 350 894 381; x_wconf 87' lang='lat' dir='ltr'><strong>Apostolum</strong></span> <span class='ocrx_word' id='word_1_39' title='bbox 915 349 1072 376; x_wconf 74' lang='lat' dir='ltr'><strong>dicentem:</strong></span> 
     </span>
    </p>
   </div>
   <div class='ocr_carea' id='block_1_8' title="bbox 290 392 1074 428">
    <p class='ocr_par' dir='ltr' id='par_1_8' title="bbox 290 392 1074 428">
     <span class='ocr_line' id='line_1_8' title="bbox 290 392 1074 428; baseline 0.001 -9"><span class='ocrx_word' id='word_1_40' title='bbox 290 392 419 420; x_wconf 77' lang='lat' dir='ltr'><strong>Dominus</strong></span> <span class='ocrx_word' id='word_1_41' title='bbox 438 401 485 428; x_wconf 84' lang='lat' dir='ltr'><strong>pro</strong></span> <span class='ocrx_word' id='word_1_42' title='bbox 510 394 584 421; x_wconf 81' lang='lat' dir='ltr'><strong>nobis</strong></span> <span class='ocrx_word' id='word_1_43' title='bbox 605 399 725 421; x_wconf 78' lang='lat' dir='ltr'><strong>mortuus</strong></span> <span class='ocrx_word' id='word_1_44' title='bbox 745 398 793 426; x_wconf 74' lang='lat' dir='ltr'><strong>est,</strong></span> <span class='ocrx_word' id='word_1_45' title='bbox 819 393 906 428; x_wconf 82' lang='lat' dir='ltr'><strong>factus</strong></span> <span class='ocrx_word' id='word_1_46' title='bbox 926 400 974 426; x_wconf 75' lang='lat' dir='ltr'><strong>pro</strong></span> <span class='ocrx_word' id='word_1_47' title='bbox 1000 393 1074 420; x_wconf 71' lang='lat' dir='ltr'><strong>nobis</strong></span> 
     </span>
    </p>
   </div>
   <div class='ocr_carea' id='block_1_9' title="bbox 290 439 1073 476">
    <p class='ocr_par' dir='ltr' id='par_1_9' title="bbox 290 439 1073 476">
     <span class='ocr_line' id='line_1_9' title="bbox 290 439 1073 476; baseline 0.003 -11"><span class='ocrx_word' id='word_1_48' title='bbox 290 439 471 471; x_wconf 80' lang='lat' dir='ltr'><strong>maledictum,</strong></span> <span class='ocrx_word' id='word_1_49' title='bbox 495 442 558 476; x_wconf 81' lang='lat' dir='ltr'><strong>quia</strong></span> <span class='ocrx_word' id='word_1_50' title='bbox 579 441 705 475; x_wconf 81' lang='lat' dir='ltr'><strong>scriptum</strong></span> <span class='ocrx_word' id='word_1_51' title='bbox 729 446 768 469; x_wconf 79' lang='lat' dir='ltr'><strong>est</strong></span> <span class='ocrx_word' id='word_1_52' title='bbox 783 449 794 468; x_wconf 83' lang='lat'><strong>.&#39;</strong></span> <span class='ocrx_word' id='word_1_53' title='bbox 808 441 966 468; x_wconf 76' lang='lat' dir='ltr'><strong>Maledictus</strong></span> <span class='ocrx_word' id='word_1_54' title='bbox 989 441 1073 468; x_wconf 87' lang='lat' dir='ltr'><strong>omnis</strong></span> 
     </span>
    </p>
   </div>
   <div class='ocr_carea' id='block_1_10' title="bbox 289 486 1072 522">
    <p class='ocr_par' dir='ltr' id='par_1_10' title="bbox 289 486 1072 522">
     <span class='ocr_line' id='line_1_10' title="bbox 289 486 1072 522; baseline 0.003 -11"><span class='ocrx_word' id='word_1_55' title='bbox 289 486 334 520; x_wconf 86' lang='lat' dir='ltr'><strong>qui</strong></span> <span class='ocrx_word' id='word_1_56' title='bbox 347 486 439 519; x_wconf 83' lang='lat' dir='ltr'><strong>pendet</strong></span> <span class='ocrx_word' id='word_1_57' title='bbox 453 486 479 512; x_wconf 87' lang='lat' dir='ltr'><strong>in</strong></span> <span class='ocrx_word' id='word_1_58' title='bbox 496 486 566 520; x_wconf 85' lang='lat' dir='ltr'><strong>ligno</strong></span> <span class='ocrx_word' id='word_1_59' title='bbox 577 487 610 513; x_wconf 72' lang='grc' dir='ltr'><strong>θ’.</strong></span> <span class='ocrx_word' id='word_1_60' title='bbox 626 487 716 519; x_wconf 81' lang='lat' dir='ltr'><strong>Quare</strong></span> <span class='ocrx_word' id='word_1_61' title='bbox 728 507 735 519; x_wconf 91' lang='lat'><strong>,</strong></span> <span class='ocrx_word' id='word_1_62' title='bbox 753 491 782 514; x_wconf 86' lang='grc' dir='ltr'><strong>ιιι</strong></span> <span class='ocrx_word' id='word_1_63' title='bbox 802 487 828 514; x_wconf 92' lang='lat' dir='ltr'><strong>in</strong></span> <span class='ocrx_word' id='word_1_64' title='bbox 852 487 956 522; x_wconf 82' lang='lat' dir='ltr'><strong>psalmo</strong></span> <span class='ocrx_word' id='word_1_65' title='bbox 975 486 1072 518; x_wconf 74' lang='lat' dir='ltr'><strong>fertur,</strong></span> 
     </span>
    </p>
   </div>
   <div class='ocr_carea' id='block_1_11' title="bbox 276 525 1072 568">
    <p class='ocr_par' dir='ltr' id='par_1_11' title="bbox 276 525 1072 568">
     <span class='ocr_line' id='line_1_11' title="bbox 276 525 1072 568; baseline 0.003 -11"><span class='ocrx_word' id='word_1_66' title='bbox 276 525 393 568; x_wconf 84' lang='lat' dir='ltr'><strong>_repleta</strong></span> <span class='ocrx_word' id='word_1_67' title='bbox 412 534 454 557; x_wconf 87' lang='lat' dir='ltr'><strong>est</strong></span> <span class='ocrx_word' id='word_1_68' title='bbox 477 531 555 558; x_wconf 83' lang='lat' dir='ltr'><strong>malis</strong></span> <span class='ocrx_word' id='word_1_69' title='bbox 576 531 666 558; x_wconf 86' lang='lat' dir='ltr'><strong>anima</strong></span> <span class='ocrx_word' id='word_1_70' title='bbox 690 531 761 566; x_wconf 88' lang='lat' dir='ltr'><strong>ejus,</strong></span> <span class='ocrx_word' id='word_1_71' title='bbox 777 535 805 559; x_wconf 87' lang='lat' dir='ltr'><strong>et</strong></span> <span class='ocrx_word' id='word_1_72' title='bbox 817 534 871 558; x_wconf 85' lang='lat' dir='ltr'><strong>vita</strong></span> <span class='ocrx_word' id='word_1_73' title='bbox 891 532 950 566; x_wconf 83' lang='lat' dir='ltr'><strong>ejus</strong></span> <span class='ocrx_word' id='word_1_74' title='bbox 965 532 1072 560; x_wconf 78' lang='lat' dir='ltr'><strong>inferno</strong></span> 
     </span>
    </p>
   </div>
   <div class='ocr_carea' id='block_1_12' title="bbox 275 571 1071 611">
    <p class='ocr_par' dir='ltr' id='par_1_12' title="bbox 275 571 1071 611">
     <span class='ocr_line' id='line_1_12' title="bbox 275 571 1071 611; baseline 0.004 -9"><span class='ocrx_word' id='word_1_75' title='bbox 275 576 529 611; x_wconf 57' lang='lat' dir='ltr'><strong>appropinquavit,</strong></span> <span class='ocrx_word' id='word_1_76' title='bbox 559 576 630 611; x_wconf 90' lang='lat' dir='ltr'><strong>quod</strong></span> <span class='ocrx_word' id='word_1_77' title='bbox 656 577 745 611; x_wconf 91' lang='lat' dir='ltr'><strong>ipsum</strong></span> <span class='ocrx_word' id='word_1_78' title='bbox 772 571 935 605; x_wconf 78' lang='lat' dir='ltr'><strong>descensum</strong></span> <span class='ocrx_word' id='word_1_79' title='bbox 958 578 1018 611; x_wconf 88' lang='lat' dir='ltr'><strong>ejus</strong></span> <span class='ocrx_word' id='word_1_80' title='bbox 1043 578 1071 605; x_wconf 92' lang='lat' dir='ltr'><strong>in</strong></span> 
     </span>
    </p>
   </div>
   <div class='ocr_carea' id='block_1_13' title="bbox 275 620 1071 657">
    <p class='ocr_par' dir='ltr' id='par_1_13' title="bbox 275 620 1071 657">
     <span class='ocr_line' id='line_1_13' title="bbox 275 620 1071 657; baseline 0.003 -10"><span class='ocrx_word' id='word_1_81' title='bbox 275 624 404 653; x_wconf 42' lang='lat' dir='ltr'><strong>,mortem</strong></span> <span class='ocrx_word' id='word_1_82' title='bbox 420 621 494 649; x_wconf 83' lang='lat' dir='ltr'><strong>clare</strong></span> <span class='ocrx_word' id='word_1_83' title='bbox 508 620 651 656; x_wconf 81' lang='lat' dir='ltr'><strong>signiﬁcat.</strong></span> <span class='ocrx_word' id='word_1_84' title='bbox 670 621 732 649; x_wconf 88' lang='lat' dir='ltr'><strong>Ideo</strong></span> <span class='ocrx_word' id='word_1_85' title='bbox 749 622 844 657; x_wconf 85' lang='lat' dir='ltr'><strong>Aquila</strong></span> <span class='ocrx_word' id='word_1_86' title='bbox 862 623 902 650; x_wconf 89' lang='lat' dir='ltr'><strong>sic</strong></span> <span class='ocrx_word' id='word_1_87' title='bbox 916 622 1000 650; x_wconf 91' lang='lat' dir='ltr'><strong>edidit</strong></span> <span class='ocrx_word' id='word_1_88' title='bbox 1015 632 1022 650; x_wconf 91' lang='lat'><strong>:</strong></span> <span class='ocrx_word' id='word_1_89' title='bbox 1037 622 1071 649; x_wconf 86' lang='lat' dir='ltr'><strong>Et</strong></span> 
     </span>
    </p>
   </div>
   <div class='ocr_carea' id='block_1_14' title="bbox 289 666 1068 702">
    <p class='ocr_par' dir='ltr' id='par_1_14' title="bbox 289 666 1068 702">
     <span class='ocr_line' id='line_1_14' title="bbox 289 666 1068 702; baseline 0.003 -10"><span class='ocrx_word' id='word_1_90' title='bbox 289 666 342 692; x_wconf 80' lang='lat' dir='ltr'><strong>vita</strong></span> <span class='ocrx_word' id='word_1_91' title='bbox 357 674 414 693; x_wconf 85' lang='lat' dir='ltr'><strong>mea</strong></span> <span class='ocrx_word' id='word_1_92' title='bbox 424 667 450 693; x_wconf 85' lang='lat' dir='ltr'><strong>in</strong></span> <span class='ocrx_word' id='word_1_93' title='bbox 466 667 596 701; x_wconf 76' lang='lat' dir='ltr'><strong>infernum</strong></span> <span class='ocrx_word' id='word_1_94' title='bbox 604 667 727 698; x_wconf 77' lang='lat' dir='ltr'><strong>elevavit;</strong></span> <span class='ocrx_word' id='word_1_95' title='bbox 740 666 919 702; x_wconf 82' lang='lat' dir='ltr'><strong>Symmachus</strong></span> <span class='ocrx_word' id='word_1_96' title='bbox 937 675 1001 695; x_wconf 83' lang='lat' dir='ltr'><strong>vero</strong></span> <span class='ocrx_word' id='word_1_97' title='bbox 1013 676 1020 694; x_wconf 89' lang='lat'><strong>:</strong></span> <span class='ocrx_word' id='word_1_98' title='bbox 1033 667 1068 694; x_wconf 87' lang='lat' dir='ltr'><strong>Et</strong></span> 
     </span>
    </p>
   </div>
   <div class='ocr_carea' id='block_1_15' title="bbox 288 711 1070 748">
    <p class='ocr_par' dir='ltr' id='par_1_15' title="bbox 288 711 1070 748">
     <span class='ocr_line' id='line_1_15' title="bbox 288 711 1070 748; baseline 0.003 -10"><span class='ocrx_word' id='word_1_99' title='bbox 288 711 341 738; x_wconf 78' lang='lat' dir='ltr'><strong>vita</strong></span> <span class='ocrx_word' id='word_1_100' title='bbox 359 721 417 739; x_wconf 84' lang='lat' dir='ltr'><strong>mea</strong></span> <span class='ocrx_word' id='word_1_101' title='bbox 449 713 581 743; x_wconf 82' lang='lat' dir='ltr'><strong>infernum</strong></span> <span class='ocrx_word' id='word_1_102' title='bbox 601 714 698 748; x_wconf 83' lang='lat' dir='ltr'><strong>attigit.</strong></span> <span class='ocrx_word' id='word_1_103' title='bbox 718 713 751 740; x_wconf 87' lang='lat' dir='ltr'><strong>Ut</strong></span> <span class='ocrx_word' id='word_1_104' title='bbox 772 717 862 740; x_wconf 84' lang='lat' dir='ltr'><strong>autem</strong></span> <span class='ocrx_word' id='word_1_105' title='bbox 883 714 946 741; x_wconf 84' lang='lat' dir='ltr'><strong>alibi</strong></span> <span class='ocrx_word' id='word_1_106' title='bbox 967 714 1070 741; x_wconf 87' lang='lat' dir='ltr'><strong>dictum</strong></span> 
     </span>
    </p>
   </div>
   <div class='ocr_carea' id='block_1_16' title="bbox 287 757 1067 794">
    <p class='ocr_par' dir='ltr' id='par_1_16' title="bbox 287 757 1067 794">
     <span class='ocr_line' id='line_1_16' title="bbox 287 757 1067 794; baseline 0.001 -8"><span class='ocrx_word' id='word_1_107' title='bbox 287 762 330 786; x_wconf 86' lang='lat' dir='ltr'><strong>est</strong></span> <span class='ocrx_word' id='word_1_108' title='bbox 349 766 356 784; x_wconf 88' lang='lat'>:</span> <span class='ocrx_word' id='word_1_109' title='bbox 379 757 446 786; x_wconf 86' lang='lat' dir='ltr'><strong>Cum</strong></span> <span class='ocrx_word' id='word_1_110' title='bbox 467 759 563 794; x_wconf 77' lang='lat' dir='ltr'><strong>iniquis</strong></span> <span class='ocrx_word' id='word_1_111' title='bbox 582 765 716 794; x_wconf 82' lang='lat' dir='ltr'><strong>reputatus</strong></span> <span class='ocrx_word' id='word_1_112' title='bbox 734 764 793 792; x_wconf 83' lang='lat' dir='ltr'><strong>est;</strong></span> <span class='ocrx_word' id='word_1_113' title='bbox 815 760 856 788; x_wconf 87' lang='lat' dir='ltr'><strong>sic</strong></span> <span class='ocrx_word' id='word_1_114' title='bbox 874 764 900 787; x_wconf 87' lang='lat' dir='ltr'><strong>et</strong></span> <span class='ocrx_word' id='word_1_115' title='bbox 920 761 970 787; x_wconf 87' lang='lat' dir='ltr'><strong>hoc</strong></span> <span class='ocrx_word' id='word_1_116' title='bbox 988 760 1067 787; x_wconf 88' lang='lat' dir='ltr'><strong>loco:</strong></span> 
     </span>
    </p>
   </div>
   <div class='ocr_carea' id='block_1_17' title="bbox 288 802 1071 840">
    <p class='ocr_par' dir='ltr' id='par_1_17' title="bbox 288 802 1071 840">
     <span class='ocr_line' id='line_1_17' title="bbox 288 802 1071 840; baseline 0 -10"><span class='ocrx_word' id='word_1_117' title='bbox 288 802 448 830; x_wconf 58' lang='lat' dir='ltr'><strong>zEslimatus</strong></span> <span class='ocrx_word' id='word_1_118' title='bbox 464 812 533 836; x_wconf 82' lang='lat' dir='ltr'><strong>sum,</strong></span> <span class='ocrx_word' id='word_1_119' title='bbox 553 805 651 840; x_wconf 88' lang='lat' dir='ltr'><strong>inquit,</strong></span> <span class='ocrx_word' id='word_1_120' title='bbox 670 812 728 831; x_wconf 83' lang='lat' dir='ltr'><strong>cum</strong></span> <span class='ocrx_word' id='word_1_121' title='bbox 744 803 955 831; x_wconf 76' lang='lat' dir='ltr'><strong>descendentibus</strong></span> <span class='ocrx_word' id='word_1_122' title='bbox 977 805 1005 831; x_wconf 87' lang='lat' dir='ltr'><strong>in</strong></span> <span class='ocrx_word' id='word_1_123' title='bbox 1030 804 1071 831; x_wconf 91' lang='lat' dir='ltr'><strong>la-</strong></span> 
     </span>
    </p>
   </div>
   <div class='ocr_carea' id='block_1_18' title="bbox 286 848 1069 886">
    <p class='ocr_par' dir='ltr' id='par_1_18' title="bbox 286 848 1069 886">
     <span class='ocr_line' id='line_1_18' title="bbox 286 848 1069 886; baseline 0.003 -12"><span class='ocrx_word' id='word_1_124' title='bbox 286 856 356 882; x_wconf 76' lang='lat' dir='ltr'><strong>cum.</strong></span> <span class='ocrx_word' id='word_1_125' title='bbox 375 848 428 876; x_wconf 87' lang='lat' dir='ltr'><strong>Pro</strong></span> <span class='ocrx_word' id='word_1_126' title='bbox 450 857 504 885; x_wconf 92' lang='lat' dir='ltr'><strong>quo</strong></span> <span class='ocrx_word' id='word_1_127' title='bbox 529 849 710 886; x_wconf 79' lang='lat' dir='ltr'><strong>Symmachus</strong></span> <span class='ocrx_word' id='word_1_128' title='bbox 726 850 810 877; x_wconf 74' lang='lat' dir='ltr'><strong>edidit</strong></span> <span class='ocrx_word' id='word_1_129' title='bbox 827 859 834 878; x_wconf 89' lang='lat'><strong>:</strong></span> <span class='ocrx_word' id='word_1_130' title='bbox 853 849 997 885; x_wconf 81' lang='lat' dir='ltr'><strong>chulatus</strong></span> <span class='ocrx_word' id='word_1_131' title='bbox 1011 858 1069 876; x_wconf 83' lang='lat' dir='ltr'><strong>sum</strong></span> 
     </span>
    </p>
   </div>
   <div class='ocr_carea' id='block_1_19' title="bbox 287 895 1068 931">
    <p class='ocr_par' dir='ltr' id='par_1_19' title="bbox 287 895 1068 931">
     <span class='ocr_line' id='line_1_19' title="bbox 287 895 1068 931; baseline 0.001 -10"><span class='ocrx_word' id='word_1_132' title='bbox 287 902 346 922; x_wconf 89' lang='lat' dir='ltr'><strong>cum</strong></span> <span class='ocrx_word' id='word_1_133' title='bbox 362 895 480 923; x_wconf 81' lang='lat' dir='ltr'><strong>deductis</strong></span> <span class='ocrx_word' id='word_1_134' title='bbox 499 897 526 923; x_wconf 86' lang='lat' dir='ltr'><strong>in</strong></span> <span class='ocrx_word' id='word_1_135' title='bbox 541 896 638 923; x_wconf 85' lang='lat' dir='ltr'><strong>lacum.</strong></span> <span class='ocrx_word' id='word_1_136' title='bbox 658 895 798 931; x_wconf 80' lang='lat' dir='ltr'><strong>Siquidem</strong></span> <span class='ocrx_word' id='word_1_137' title='bbox 823 904 917 923; x_wconf 88' lang='lat' dir='ltr'><strong>omnes</strong></span> <span class='ocrx_word' id='word_1_138' title='bbox 944 895 1068 922; x_wconf 80' lang='lat' dir='ltr'><strong>homines</strong></span> 
     </span>
    </p>
   </div>
   <div class='ocr_carea' id='block_1_20' title="bbox 287 932 1105 977">
    <p class='ocr_par' dir='ltr' id='par_1_20' title="bbox 287 932 1105 977">
     <span class='ocr_line' id='line_1_20' title="bbox 287 932 1105 977; baseline -0.001 -10"><span class='ocrx_word' id='word_1_139' title='bbox 287 940 314 968; x_wconf 85' lang='lat' dir='ltr'><strong>in</strong></span> <span class='ocrx_word' id='word_1_140' title='bbox 331 941 418 968; x_wconf 90' lang='lat' dir='ltr'><strong>locum</strong></span> <span class='ocrx_word' id='word_1_141' title='bbox 433 942 540 973; x_wconf 86' lang='lat' dir='ltr'><strong>mortis,</strong></span> <span class='ocrx_word' id='word_1_142' title='bbox 556 942 601 977; x_wconf 86' lang='lat' dir='ltr'><strong>qui</strong></span> <span class='ocrx_word' id='word_1_143' title='bbox 616 939 672 977; x_wconf 82' lang='lat' dir='ltr'><strong>jam</strong></span> <span class='ocrx_word' id='word_1_144' title='bbox 694 942 763 968; x_wconf 86' lang='lat' dir='ltr'><strong>Iacui</strong></span> <span class='ocrx_word' id='word_1_145' title='bbox 780 945 965 975; x_wconf 84' lang='lat' dir='ltr'><strong>comparatur,</strong></span> <span class='ocrx_word' id='word_1_146' title='bbox 978 940 1068 967; x_wconf 85' lang='lat' dir='ltr'><strong>detra-</strong></span> <span class='ocrx_word' id='word_1_147' title='bbox 1084 932 1105 959; x_wconf 76' lang='grc' dir='ltr'><strong>Β</strong></span> 
     </span>
    </p>
   </div>
   <div class='ocr_carea' id='block_1_21' title="bbox 285 985 1068 1022">
    <p class='ocr_par' dir='ltr' id='par_1_21' title="bbox 285 985 1068 1022">
     <span class='ocr_line' id='line_1_21' title="bbox 285 985 1068 1022; baseline -0.001 -9"><span class='ocrx_word' id='word_1_148' title='bbox 285 985 388 1016; x_wconf 74' lang='lat' dir='ltr'><strong>buntur</strong></span> <span class='ocrx_word' id='word_1_149' title='bbox 401 990 429 1014; x_wconf 88' lang='lat' dir='ltr'><strong>et</strong></span> <span class='ocrx_word' id='word_1_150' title='bbox 442 987 615 1014; x_wconf 88' lang='lat' dir='ltr'><strong>deducuntur</strong></span> <span class='ocrx_word' id='word_1_151' title='bbox 631 996 638 1015; x_wconf 92' lang='lat'><strong>:</strong></span> <span class='ocrx_word' id='word_1_152' title='bbox 656 987 745 1022; x_wconf 85' lang='lat' dir='ltr'><strong>itaque</strong></span> <span class='ocrx_word' id='word_1_153' title='bbox 761 987 823 1013; x_wconf 81' lang='lat' dir='ltr'><strong>illuc</strong></span> <span class='ocrx_word' id='word_1_154' title='bbox 837 991 946 1021; x_wconf 75' lang='lat' dir='ltr'><strong>propter</strong></span> <span class='ocrx_word' id='word_1_155' title='bbox 958 990 1068 1021; x_wconf 66' lang='lat' dir='ltr'><strong>peetata</strong></span> 
     </span>
    </p>
   </div>
   <div class='ocr_carea' id='block_1_22' title="bbox 283 1031 1068 1068">
    <p class='ocr_par' dir='ltr' id='par_1_22' title="bbox 283 1031 1068 1068">
     <span class='ocr_line' id='line_1_22' title="bbox 283 1031 1068 1068; baseline 0 -10"><span class='ocrx_word' id='word_1_156' title='bbox 283 1038 345 1063; x_wconf 79' lang='lat' dir='ltr'><strong>sua,</strong></span> <span class='ocrx_word' id='word_1_157' title='bbox 362 1032 412 1059; x_wconf 90' lang='lat' dir='ltr'><strong>ista</strong></span> <span class='ocrx_word' id='word_1_158' title='bbox 427 1033 536 1068; x_wconf 82' lang='lat' dir='ltr'><strong>regione</strong></span> <span class='ocrx_word' id='word_1_159' title='bbox 552 1033 624 1068; x_wconf 79' lang='lat' dir='ltr'><strong>digni</strong></span> <span class='ocrx_word' id='word_1_160' title='bbox 638 1032 762 1067; x_wconf 81' lang='lat' dir='ltr'><strong>judicati,</strong></span> <span class='ocrx_word' id='word_1_161' title='bbox 774 1033 952 1060; x_wconf 69' lang='lat' dir='ltr'><strong>desucnulunt.</strong></span> <span class='ocrx_word' id='word_1_162' title='bbox 973 1031 1005 1058; x_wconf 87' lang='lat' dir='ltr'><strong>Et</strong></span> <span class='ocrx_word' id='word_1_163' title='bbox 1018 1039 1068 1066; x_wconf 78' lang='lat' dir='ltr'><strong>ego</strong></span> 
     </span>
    </p>
   </div>
   <div class='ocr_carea' id='block_1_23' title="bbox 284 1077 1068 1112">
    <p class='ocr_par' dir='ltr' id='par_1_23' title="bbox 284 1077 1068 1112">
     <span class='ocr_line' id='line_1_23' title="bbox 284 1077 1068 1112; baseline 0.003 -10"><span class='ocrx_word' id='word_1_164' title='bbox 284 1083 393 1111; x_wconf 89' lang='lat' dir='ltr'><strong>quoque</strong></span> <span class='ocrx_word' id='word_1_165' title='bbox 406 1077 433 1104; x_wconf 85' lang='lat' dir='ltr'><strong>in</strong></span> <span class='ocrx_word' id='word_1_166' title='bbox 449 1085 543 1104; x_wconf 87' lang='lat' dir='ltr'><strong>eorum</strong></span> <span class='ocrx_word' id='word_1_167' title='bbox 557 1085 670 1104; x_wconf 88' lang='lat' dir='ltr'><strong>numero</strong></span> <span class='ocrx_word' id='word_1_168' title='bbox 681 1081 853 1112; x_wconf 72' lang='lat' dir='ltr'><strong>computatus</strong></span> <span class='ocrx_word' id='word_1_169' title='bbox 866 1085 936 1107; x_wconf 85' lang='lat' dir='ltr'><strong>sum,</strong></span> <span class='ocrx_word' id='word_1_170' title='bbox 950 1077 1001 1104; x_wconf 84' lang='lat' dir='ltr'><strong>etsi</strong></span> <span class='ocrx_word' id='word_1_171' title='bbox 1015 1085 1068 1104; x_wconf 84' lang='lat' dir='ltr'><strong>non</strong></span> 
     </span>
    </p>
   </div>
   <div class='ocr_carea' id='block_1_24' title="bbox 283 1122 1068 1157">
    <p class='ocr_par' dir='ltr' id='par_1_24' title="bbox 283 1122 1068 1157">
     <span class='ocr_line' id='line_1_24' title="bbox 283 1122 1068 1157; baseline 0 -7"><span class='ocrx_word' id='word_1_172' title='bbox 283 1122 311 1149; x_wconf 81' lang='lat' dir='ltr'><strong>id</strong></span> <span class='ocrx_word' id='word_1_173' title='bbox 330 1123 502 1157; x_wconf 77' lang='lat' dir='ltr'><strong>promeritus.</strong></span> <span class='ocrx_word' id='word_1_174' title='bbox 530 1123 578 1150; x_wconf 82' lang='lat' dir='ltr'><strong>seti</strong></span> <span class='ocrx_word' id='word_1_175' title='bbox 600 1123 672 1149; x_wconf 88' lang='lat' dir='ltr'><strong>Patri</strong></span> <span class='ocrx_word' id='word_1_176' title='bbox 695 1123 848 1157; x_wconf 84' lang='lat' dir='ltr'><strong>obsequens</strong></span> <span class='ocrx_word' id='word_1_177' title='bbox 867 1122 964 1149; x_wconf 81' lang='lat' dir='ltr'><strong>fuerim</strong></span> <span class='ocrx_word' id='word_1_178' title='bbox 981 1130 1068 1156; x_wconf 83' lang='lat' dir='ltr'><strong>usque</strong></span> 
     </span>
    </p>
   </div>
   <div class='ocr_carea' id='block_1_25' title="bbox 283 1168 1068 1204">
    <p class='ocr_par' dir='ltr' id='par_1_25' title="bbox 283 1168 1068 1204">
     <span class='ocr_line' id='line_1_25' title="bbox 283 1168 1068 1204; baseline -0.001 -8"><span class='ocrx_word' id='word_1_179' title='bbox 283 1168 317 1196; x_wconf 82' lang='lat' dir='ltr'><strong>ad</strong></span> <span class='ocrx_word' id='word_1_180' title='bbox 334 1173 459 1196; x_wconf 90' lang='lat' dir='ltr'><strong>mortem.</strong></span> <span class='ocrx_word' id='word_1_181' title='bbox 475 1169 524 1197; x_wconf 89' lang='lat' dir='ltr'><strong>llic</strong></span> <span class='ocrx_word' id='word_1_182' title='bbox 538 1170 629 1204; x_wconf 81' lang='lat' dir='ltr'><strong>itaque</strong></span> <span class='ocrx_word' id='word_1_183' title='bbox 643 1170 696 1196; x_wconf 81' lang='lat' dir='ltr'><strong>vita</strong></span> <span class='ocrx_word' id='word_1_184' title='bbox 708 1177 774 1200; x_wconf 87' lang='lat' dir='ltr'><strong>mea,</strong></span> <span class='ocrx_word' id='word_1_185' title='bbox 791 1169 890 1204; x_wconf 81' lang='lat' dir='ltr'><strong>inquit,</strong></span> <span class='ocrx_word' id='word_1_186' title='bbox 906 1169 1008 1202; x_wconf 79' lang='lat' dir='ltr'><strong>inferno</strong></span> <span class='ocrx_word' id='word_1_187' title='bbox 1021 1176 1068 1202; x_wconf 89' lang='lat' dir='ltr'><strong>ap-</strong></span> 
     </span>
    </p>
   </div>
   <div class='ocr_carea' id='block_1_26' title="bbox 281 1210 1067 1253">
    <p class='ocr_par' dir='ltr' id='par_1_26' title="bbox 281 1210 1067 1253">
     <span class='ocr_line' id='line_1_26' title="bbox 281 1210 1067 1253; baseline 0 -11"><span class='ocrx_word' id='word_1_188' title='bbox 281 1210 475 1253; x_wconf 61' lang='lat' dir='ltr'><strong>propinquavit,</strong></span> <span class='ocrx_word' id='word_1_189' title='bbox 489 1219 527 1248; x_wconf 84' lang='lat' dir='ltr'><strong>et,</strong></span> <span class='ocrx_word' id='word_1_190' title='bbox 537 1215 698 1242; x_wconf 64' lang='lat' dir='ltr'><strong>{Estimatus</strong></span> <span class='ocrx_word' id='word_1_191' title='bbox 708 1223 766 1242; x_wconf 84' lang='lat' dir='ltr'><strong>sum</strong></span> <span class='ocrx_word' id='word_1_192' title='bbox 781 1222 839 1241; x_wconf 87' lang='lat' dir='ltr'><strong>cum</strong></span> <span class='ocrx_word' id='word_1_193' title='bbox 852 1213 1067 1242; x_wconf 77' lang='lat' dir='ltr'><strong>descendentibus</strong></span> 
     </span>
    </p>
   </div>
   <div class='ocr_carea' id='block_1_27' title="bbox 282 1261 1066 1296">
    <p class='ocr_par' dir='ltr' id='par_1_27' title="bbox 282 1261 1066 1296">
     <span class='ocr_line' id='line_1_27' title="bbox 282 1261 1066 1296; baseline 0 -8"><span class='ocrx_word' id='word_1_194' title='bbox 282 1263 310 1289; x_wconf 84' lang='lat' dir='ltr'><strong>in</strong></span> <span class='ocrx_word' id='word_1_195' title='bbox 327 1262 424 1289; x_wconf 83' lang='lat' dir='ltr'><strong>lacum.</strong></span> <span class='ocrx_word' id='word_1_196' title='bbox 438 1261 468 1289; x_wconf 87' lang='lat' dir='ltr'><strong>In</strong></span> <span class='ocrx_word' id='word_1_197' title='bbox 484 1262 539 1290; x_wconf 83' lang='lat' dir='ltr'><strong>alio</strong></span> <span class='ocrx_word' id='word_1_198' title='bbox 556 1263 619 1290; x_wconf 87' lang='lat' dir='ltr'><strong>item</strong></span> <span class='ocrx_word' id='word_1_199' title='bbox 635 1262 738 1296; x_wconf 83' lang='lat' dir='ltr'><strong>psalmo</strong></span> <span class='ocrx_word' id='word_1_200' title='bbox 753 1261 810 1288; x_wconf 70' lang='lat' dir='ltr'><strong>haec</strong></span> <span class='ocrx_word' id='word_1_201' title='bbox 824 1261 882 1295; x_wconf 84' lang='lat' dir='ltr'><strong>ipsa</strong></span> <span class='ocrx_word' id='word_1_202' title='bbox 900 1268 1066 1288; x_wconf 85' lang='lat' dir='ltr'><strong>commemo-</strong></span> 
     </span>
    </p>
   </div>
   <div class='ocr_carea' id='block_1_28' title="bbox 282 1306 1067 1343">
    <p class='ocr_par' dir='ltr' id='par_1_28' title="bbox 282 1306 1067 1343">
     <span class='ocr_line' id='line_1_28' title="bbox 282 1306 1067 1343; baseline -0.003 -9"><span class='ocrx_word' id='word_1_203' title='bbox 282 1316 357 1339; x_wconf 84' lang='lat' dir='ltr'><strong>rans.</strong></span> <span class='ocrx_word' id='word_1_204' title='bbox 370 1308 485 1336; x_wconf 81' lang='lat' dir='ltr'><strong>reditum</strong></span> <span class='ocrx_word' id='word_1_205' title='bbox 495 1308 556 1336; x_wconf 89' lang='lat' dir='ltr'><strong>inde</strong></span> <span class='ocrx_word' id='word_1_206' title='bbox 567 1308 701 1343; x_wconf 78' lang='lat' dir='ltr'><strong>signiIiCat</strong></span> <span class='ocrx_word' id='word_1_207' title='bbox 709 1308 752 1335; x_wconf 87' lang='lat' dir='ltr'><strong>his</strong></span> <span class='ocrx_word' id='word_1_208' title='bbox 759 1307 864 1334; x_wconf 85' lang='lat' dir='ltr'><strong>verbis:</strong></span> <span class='ocrx_word' id='word_1_209' title='bbox 876 1307 995 1338; x_wconf 81' lang='lat' dir='ltr'><strong>Domine,</strong></span> <span class='ocrx_word' id='word_1_210' title='bbox 1005 1306 1067 1333; x_wconf 80' lang='lat' dir='ltr'><strong>edu-</strong></span> 
     </span>
    </p>
   </div>
   <div class='ocr_carea' id='block_1_29' title="bbox 281 1352 1067 1389">
    <p class='ocr_par' dir='ltr' id='par_1_29' title="bbox 281 1352 1067 1389">
     <span class='ocr_line' id='line_1_29' title="bbox 281 1352 1067 1389; baseline -0.004 -8"><span class='ocrx_word' id='word_1_211' title='bbox 281 1355 345 1381; x_wconf 68' lang='lat' dir='ltr'><strong>xiin</strong></span> <span class='ocrx_word' id='word_1_212' title='bbox 353 1354 384 1381; x_wconf 84' lang='lat' dir='ltr'><strong>ab</strong></span> <span class='ocrx_word' id='word_1_213' title='bbox 393 1354 495 1389; x_wconf 75' lang='lat' dir='ltr'><strong>inferno</strong></span> <span class='ocrx_word' id='word_1_214' title='bbox 502 1355 618 1381; x_wconf 84' lang='lat' dir='ltr'><strong>animum</strong></span> <span class='ocrx_word' id='word_1_215' title='bbox 625 1363 720 1387; x_wconf 84' lang='lat' dir='ltr'><strong>meam,</strong></span> <span class='ocrx_word' id='word_1_216' title='bbox 729 1353 838 1381; x_wconf 80' lang='lat' dir='ltr'><strong>salvasti</strong></span> <span class='ocrx_word' id='word_1_217' title='bbox 846 1361 885 1380; x_wconf 90' lang='lat' dir='ltr'><strong>me</strong></span> <span class='ocrx_word' id='word_1_218' title='bbox 892 1361 907 1379; x_wconf 88' lang='lat' dir='ltr'><strong>a</strong></span> <span class='ocrx_word' id='word_1_219' title='bbox 914 1352 1067 1380; x_wconf 78' lang='lat' dir='ltr'><strong>descenden-</strong></span> 
     </span>
    </p>
   </div>
   <div class='ocr_carea' id='block_1_30' title="bbox 282 1399 1068 1434">
    <p class='ocr_par' dir='ltr' id='par_1_30' title="bbox 282 1399 1068 1434">
     <span class='ocr_line' id='line_1_30' title="bbox 282 1399 1068 1434; baseline -0.001 -8"><span class='ocrx_word' id='word_1_220' title='bbox 282 1399 351 1427; x_wconf 76' lang='lat' dir='ltr'><strong>tibus</strong></span> <span class='ocrx_word' id='word_1_221' title='bbox 359 1400 386 1427; x_wconf 87' lang='lat' dir='ltr'><strong>in</strong></span> <span class='ocrx_word' id='word_1_222' title='bbox 395 1401 482 1427; x_wconf 88' lang='lat' dir='ltr'><strong>lacum</strong></span> <span class='ocrx_word' id='word_1_223' title='bbox 489 1400 512 1417; x_wconf 82' lang='grc'><strong>¹⁰</strong></span> <span class='ocrx_word' id='word_1_224' title='bbox 523 1410 530 1434; x_wconf 86' lang='grc'><strong>;</strong></span> <span class='ocrx_word' id='word_1_225' title='bbox 540 1408 572 1428; x_wconf 85' lang='lat' dir='ltr'><strong>ac</strong></span> <span class='ocrx_word' id='word_1_226' title='bbox 590 1409 699 1428; x_wconf 79' lang='lat' dir='ltr'><strong>rursum</strong></span> <span class='ocrx_word' id='word_1_227' title='bbox 715 1401 777 1427; x_wconf 86' lang='lat' dir='ltr'><strong>alibi</strong></span> <span class='ocrx_word' id='word_1_228' title='bbox 792 1410 798 1427; x_wconf 77' lang='grc' dir='ltr'><strong>ε</strong></span> <span class='ocrx_word' id='word_1_229' title='bbox 811 1399 971 1433; x_wconf 67' lang='lat' dir='ltr'><strong>Exspectaus</strong></span> <span class='ocrx_word' id='word_1_230' title='bbox 978 1406 1068 1432; x_wconf 75' lang='lat' dir='ltr'><strong>exspe-</strong></span> 
     </span>
    </p>
   </div>
   <div class='ocr_carea' id='block_1_31' title="bbox 281 1445 1066 1479">
    <p class='ocr_par' dir='ltr' id='par_1_31' title="bbox 281 1445 1066 1479">
     <span class='ocr_line' id='line_1_31' title="bbox 281 1445 1066 1479; baseline -0.001 -7"><span class='ocrx_word' id='word_1_231' title='bbox 281 1446 350 1473; x_wconf 74' lang='lat' dir='ltr'><strong>ctavi</strong></span> <span class='ocrx_word' id='word_1_232' title='bbox 358 1446 435 1473; x_wconf 86' lang='lat' dir='ltr'><strong>Domi</strong></span> <span class='ocrx_word' id='word_1_233' title='bbox 439 1455 510 1478; x_wconf 84' lang='lat' dir='ltr'><strong>num,</strong></span> <span class='ocrx_word' id='word_1_234' title='bbox 520 1452 544 1474; x_wconf 82' lang='lat' dir='ltr'><strong>et</strong></span> <span class='ocrx_word' id='word_1_235' title='bbox 553 1447 662 1474; x_wconf 85' lang='lat' dir='ltr'><strong>intendit</strong></span> <span class='ocrx_word' id='word_1_236' title='bbox 672 1446 736 1473; x_wconf 85' lang='lat' dir='ltr'><strong>mihi</strong></span> <span class='ocrx_word' id='word_1_237' title='bbox 744 1454 753 1473; x_wconf 92' lang='lat'><em>:</em></span> <span class='ocrx_word' id='word_1_238' title='bbox 761 1451 785 1473; x_wconf 83' lang='lat' dir='ltr'><strong>et</strong></span> <span class='ocrx_word' id='word_1_239' title='bbox 800 1445 934 1472; x_wconf 73' lang='lat' dir='ltr'><strong>exaudivit</strong></span> <span class='ocrx_word' id='word_1_240' title='bbox 944 1445 1066 1479; x_wconf 85' lang='lat' dir='ltr'><strong>depreca-</strong></span> 
     </span>
    </p>
   </div>
   <div class='ocr_carea' id='block_1_32' title="bbox 283 1489 1066 1524">
    <p class='ocr_par' dir='ltr' id='par_1_32' title="bbox 283 1489 1066 1524">
     <span class='ocr_line' id='line_1_32' title="bbox 283 1489 1066 1524; baseline -0.001 -7"><span class='ocrx_word' id='word_1_241' title='bbox 283 1491 380 1518; x_wconf 84' lang='lat' dir='ltr'><strong>tionem</strong></span> <span class='ocrx_word' id='word_1_242' title='bbox 393 1500 487 1524; x_wconf 87' lang='lat' dir='ltr'><strong>meam,</strong></span> <span class='ocrx_word' id='word_1_243' title='bbox 498 1496 522 1519; x_wconf 90' lang='lat' dir='ltr'><strong>et</strong></span> <span class='ocrx_word' id='word_1_244' title='bbox 531 1491 620 1519; x_wconf 69' lang='lat' dir='ltr'><strong>eduxit</strong></span> <span class='ocrx_word' id='word_1_245' title='bbox 631 1501 669 1519; x_wconf 84' lang='lat' dir='ltr'><strong>me</strong></span> <span class='ocrx_word' id='word_1_246' title='bbox 679 1491 710 1519; x_wconf 86' lang='lat' dir='ltr'><strong>de</strong></span> <span class='ocrx_word' id='word_1_247' title='bbox 719 1492 777 1518; x_wconf 88' lang='lat' dir='ltr'><strong>lacu</strong></span> <span class='ocrx_word' id='word_1_248' title='bbox 786 1492 908 1518; x_wconf 70' lang='lat' dir='ltr'><strong>miserim.</strong></span> <span class='ocrx_word' id='word_1_249' title='bbox 924 1490 956 1516; x_wconf 84' lang='lat' dir='ltr'><strong>Et</strong></span> <span class='ocrx_word' id='word_1_250' title='bbox 970 1489 1066 1517; x_wconf 79' lang='lat' dir='ltr'><strong>statuit</strong></span> 
     </span>
    </p>
   </div>
   <div class='ocr_carea' id='block_1_33' title="bbox 281 1536 1066 1572">
    <p class='ocr_par' dir='ltr' id='par_1_33' title="bbox 281 1536 1066 1572">
     <span class='ocr_line' id='line_1_33' title="bbox 281 1536 1066 1572; baseline 0 -9"><span class='ocrx_word' id='word_1_251' title='bbox 281 1545 360 1572; x_wconf 81' lang='lat' dir='ltr'><strong>supra</strong></span> <span class='ocrx_word' id='word_1_252' title='bbox 371 1542 472 1572; x_wconf 84' lang='lat' dir='ltr'><strong>petram</strong></span> <span class='ocrx_word' id='word_1_253' title='bbox 483 1537 558 1572; x_wconf 79' lang='lat' dir='ltr'><strong>pedes</strong></span> <span class='ocrx_word' id='word_1_254' title='bbox 568 1547 637 1565; x_wconf 85' lang='lat' dir='ltr'><strong>meos</strong></span> <span class='ocrx_word' id='word_1_255' title='bbox 650 1536 684 1571; x_wconf 82' lang='lat'><strong>&quot;;</strong></span> <span class='ocrx_word' id='word_1_256' title='bbox 697 1543 723 1565; x_wconf 89' lang='lat' dir='ltr'><strong>et</strong></span> <span class='ocrx_word' id='word_1_257' title='bbox 734 1537 760 1564; x_wconf 91' lang='lat' dir='ltr'><strong>in</strong></span> <span class='ocrx_word' id='word_1_258' title='bbox 770 1537 876 1564; x_wconf 78' lang='lat' dir='ltr'><strong>decimo</strong></span> <span class='ocrx_word' id='word_1_259' title='bbox 883 1536 980 1572; x_wconf 88' lang='lat' dir='ltr'><strong>quinto</strong></span> <span class='ocrx_word' id='word_1_260' title='bbox 993 1537 1066 1571; x_wconf 84' lang='lat' dir='ltr'><strong>psal-</strong></span> 
     </span>
    </p>
   </div>
   <div class='ocr_carea' id='block_1_34' title="bbox 280 1583 1063 1619">
    <p class='ocr_par' dir='ltr' id='par_1_34' title="bbox 280 1583 1063 1619">
     <span class='ocr_line' id='line_1_34' title="bbox 280 1583 1063 1619; baseline 0 -10"><span class='ocrx_word' id='word_1_261' title='bbox 280 1591 324 1609; x_wconf 91' lang='lat' dir='ltr'><strong>mo</strong></span> <span class='ocrx_word' id='word_1_262' title='bbox 337 1583 439 1612; x_wconf 85' lang='lat' dir='ltr'><strong>dictum</strong></span> <span class='ocrx_word' id='word_1_263' title='bbox 454 1589 494 1611; x_wconf 88' lang='lat' dir='ltr'><strong>est</strong></span> <span class='ocrx_word' id='word_1_264' title='bbox 503 1594 509 1611; x_wconf 93' lang='lat'>:</span> <span class='ocrx_word' id='word_1_265' title='bbox 519 1583 581 1611; x_wconf 84' lang='lat' dir='ltr'><strong>Non</strong></span> <span class='ocrx_word' id='word_1_266' title='bbox 591 1584 754 1619; x_wconf 84' lang='lat' dir='ltr'><strong>derelinques</strong></span> <span class='ocrx_word' id='word_1_267' title='bbox 763 1584 880 1610; x_wconf 83' lang='lat' dir='ltr'><strong>animum</strong></span> <span class='ocrx_word' id='word_1_268' title='bbox 892 1591 976 1610; x_wconf 80' lang='lat' dir='ltr'><strong>meatu</strong></span> <span class='ocrx_word' id='word_1_269' title='bbox 985 1583 1011 1609; x_wconf 87' lang='lat' dir='ltr'><strong>in</strong></span> <span class='ocrx_word' id='word_1_270' title='bbox 1022 1583 1063 1609; x_wconf 89' lang='lat' dir='ltr'><strong>in-</strong></span> 
     </span>
    </p>
   </div>
   <div class='ocr_carea' id='block_1_35' title="bbox 1126 298 1904 337">
    <p class='ocr_par' dir='ltr' id='par_1_35' title="bbox 1126 298 1904 337">
     <span class='ocr_line' id='line_1_35' title="bbox 1126 298 1904 337; baseline -0.006 -9"><span class='ocrx_word' id='word_1_271' title='bbox 1126 302 1318 337; x_wconf 78' lang='grc' dir='ltr'>ὲξακουομὲνου</span> <span class='ocrx_word' id='word_1_272' title='bbox 1332 301 1377 329; x_wconf 75' lang='grc' dir='ltr'>τοῦ</span> <span class='ocrx_word' id='word_1_273' title='bbox 1389 302 1442 329; x_wconf 84' lang='grc' dir='ltr'><strong>τῶν</strong></span> <span class='ocrx_word' id='word_1_274' title='bbox 1453 301 1545 328; x_wconf 80' lang='grc' dir='ltr'>κακῶν</span> <span class='ocrx_word' id='word_1_275' title='bbox 1554 300 1692 335; x_wconf 82' lang='grc' dir='ltr'>ὀνόματος,</span> <span class='ocrx_word' id='word_1_276' title='bbox 1707 300 1723 335; x_wconf 78' lang='grc' dir='ltr'><strong>ἢ</strong></span> <span class='ocrx_word' id='word_1_277' title='bbox 1737 299 1784 325; x_wconf 73' lang='grc' dir='ltr'>καὶ</span> <span class='ocrx_word' id='word_1_278' title='bbox 1794 298 1843 334; x_wconf 77' lang='grc' dir='ltr'>τὴν</span> <span class='ocrx_word' id='word_1_279' title='bbox 1853 298 1904 324; x_wconf 84' lang='grc' dir='ltr'><strong>τῶν</strong></span> 
     </span>
    </p>
   </div>
   <div class='ocr_carea' id='block_1_36' title="bbox 1125 343 1905 384">
    <p class='ocr_par' dir='ltr' id='par_1_36' title="bbox 1125 343 1905 384">
     <span class='ocr_line' id='line_1_36' title="bbox 1125 343 1905 384; baseline -0.006 -9"><span class='ocrx_word' id='word_1_280' title='bbox 1125 347 1274 384; x_wconf 77' lang='grc' dir='ltr'>ἀνθρώπων</span> <span class='ocrx_word' id='word_1_281' title='bbox 1291 348 1398 380; x_wconf 81' lang='grc' dir='ltr'>κακίαν,</span> <span class='ocrx_word' id='word_1_282' title='bbox 1412 345 1445 383; x_wconf 83' lang='grc' dir='ltr'>ἦς</span> <span class='ocrx_word' id='word_1_283' title='bbox 1457 346 1648 382; x_wconf 77' lang='grc' dir='ltr'><strong>πεπληρῶσθαι</strong></span> <span class='ocrx_word' id='word_1_284' title='bbox 1661 345 1710 381; x_wconf 80' lang='grc' dir='ltr'><strong>τὴν</strong></span> <span class='ocrx_word' id='word_1_285' title='bbox 1724 345 1811 380; x_wconf 76' lang='grc' dir='ltr'>ψυχὴν</span> <span class='ocrx_word' id='word_1_286' title='bbox 1826 343 1905 371; x_wconf 81' lang='grc' dir='ltr'>αὐτοῦ</span> 
     </span>
    </p>
   </div>
   <div class='ocr_carea' id='block_1_37' title="bbox 1124 389 1905 429">
    <p class='ocr_par' dir='ltr' id='par_1_37' title="bbox 1124 389 1905 429">
     <span class='ocr_line' id='line_1_37' title="bbox 1124 389 1905 429; baseline -0.006 -9"><span class='ocrx_word' id='word_1_287' title='bbox 1124 393 1230 428; x_wconf 76' lang='grc' dir='ltr'><strong>ἔλεγεν·</strong></span> <span class='ocrx_word' id='word_1_288' title='bbox 1243 394 1312 421; x_wconf 74' lang='grc' dir='ltr'>ἀλλὰ</span> <span class='ocrx_word' id='word_1_289' title='bbox 1322 395 1368 421; x_wconf 76' lang='grc' dir='ltr'><strong>καὶ</strong></span> <span class='ocrx_word' id='word_1_290' title='bbox 1382 393 1430 425; x_wconf 78' lang='grc' dir='ltr'><strong>τὰς</strong></span> <span class='ocrx_word' id='word_1_291' title='bbox 1445 393 1580 429; x_wconf 79' lang='grc' dir='ltr'>ἁμαρτίας</span> <span class='ocrx_word' id='word_1_292' title='bbox 1594 392 1642 424; x_wconf 80' lang='grc' dir='ltr'><strong>τὰς</strong></span> <span class='ocrx_word' id='word_1_293' title='bbox 1653 391 1805 427; x_wconf 71' lang='grc' dir='ltr'>ἡμετέρας,</span> <span class='ocrx_word' id='word_1_294' title='bbox 1823 390 1856 421; x_wconf 79' lang='grc' dir='ltr'>εις</span> <span class='ocrx_word' id='word_1_295' title='bbox 1867 389 1905 420; x_wconf 71' lang='grc' dir='ltr'><strong>εἰς</strong></span> 
     </span>
    </p>
   </div>
   <div class='ocr_carea' id='block_1_38' title="bbox 1124 434 1904 474">
    <p class='ocr_par' dir='ltr' id='par_1_38' title="bbox 1124 434 1904 474">
     <span class='ocr_line' id='line_1_38' title="bbox 1124 434 1904 474; baseline -0.008 -9"><span class='ocrx_word' id='word_1_296' title='bbox 1124 439 1217 466; x_wconf 78' lang='grc' dir='ltr'>ἑαυτὸν</span> <span class='ocrx_word' id='word_1_297' title='bbox 1227 439 1353 474; x_wconf 79' lang='grc' dir='ltr'><strong>ἀνείληφε</strong></span> <span class='ocrx_word' id='word_1_298' title='bbox 1361 459 1368 471; x_wconf 86' lang='grc'><strong>,</strong></span> <span class='ocrx_word' id='word_1_299' title='bbox 1376 439 1408 465; x_wconf 75' lang='grc' dir='ltr'>δι’</span> <span class='ocrx_word' id='word_1_300' title='bbox 1417 438 1449 470; x_wconf 71' lang='grc' dir='ltr'><strong>ἃς</strong></span> <span class='ocrx_word' id='word_1_301' title='bbox 1458 439 1506 465; x_wconf 77' lang='grc' dir='ltr'><strong>καὶ</strong></span> <span class='ocrx_word' id='word_1_302' title='bbox 1514 438 1623 472; x_wconf 80' lang='grc' dir='ltr'>γέγονεν</span> <span class='ocrx_word' id='word_1_303' title='bbox 1635 437 1705 471; x_wconf 78' lang='grc' dir='ltr'>ὑπὲρ</span> <span class='ocrx_word' id='word_1_304' title='bbox 1713 435 1791 471; x_wconf 84' lang='grc' dir='ltr'>ἡμῶν</span> <span class='ocrx_word' id='word_1_305' title='bbox 1799 434 1904 468; x_wconf 83' lang='grc' dir='ltr'>κατάρα</span> 
     </span>
    </p>
   </div>
   <div class='ocr_carea' id='block_1_39' title="bbox 1124 480 1904 519">
    <p class='ocr_par' dir='ltr' id='par_1_39' title="bbox 1124 480 1904 519">
     <span class='ocr_line' id='line_1_39' title="bbox 1124 480 1904 519; baseline -0.008 -7"><span class='ocrx_word' id='word_1_306' title='bbox 1124 485 1194 512; x_wconf 77' lang='grc' dir='ltr'>κατὰ</span> <span class='ocrx_word' id='word_1_307' title='bbox 1213 485 1258 512; x_wconf 79' lang='grc' dir='ltr'>τὸν</span> <span class='ocrx_word' id='word_1_308' title='bbox 1287 484 1445 512; x_wconf 77' lang='grc' dir='ltr'>Ἀπόστολον</span> <span class='ocrx_word' id='word_1_309' title='bbox 1457 505 1464 516; x_wconf 87' lang='grc'><strong>,</strong></span> <span class='ocrx_word' id='word_1_310' title='bbox 1477 484 1507 517; x_wconf 78' lang='grc' dir='ltr'>ὃς</span> <span class='ocrx_word' id='word_1_311' title='bbox 1521 485 1572 519; x_wconf 78' lang='grc' dir='ltr'><strong>ἔφη</strong></span> <span class='ocrx_word' id='word_1_312' title='bbox 1582 493 1589 500; x_wconf 91' lang='grc'><strong>·</strong></span> <span class='ocrx_word' id='word_1_313' title='bbox 1606 484 1712 516; x_wconf 83' lang='grc' dir='ltr'>Κύριος</span> <span class='ocrx_word' id='word_1_314' title='bbox 1725 482 1802 515; x_wconf 80' lang='grc' dir='ltr'><strong>ὑπὲρ</strong></span> <span class='ocrx_word' id='word_1_315' title='bbox 1820 480 1904 516; x_wconf 79' lang='grc' dir='ltr'>ἡμῶν</span> 
     </span>
    </p>
   </div>
   <div class='ocr_carea' id='block_1_40' title="bbox 1122 526 1906 565">
    <p class='ocr_par' dir='ltr' id='par_1_40' title="bbox 1122 526 1906 565">
     <span class='ocr_line' id='line_1_40' title="bbox 1122 526 1906 565; baseline -0.006 -8"><span class='ocrx_word' id='word_1_316' title='bbox 1122 530 1261 563; x_wconf 78' lang='grc' dir='ltr'><strong>ἀπέθανε,</strong></span> <span class='ocrx_word' id='word_1_317' title='bbox 1274 531 1432 565; x_wconf 74' lang='grc' dir='ltr'>γενόμενος</span> <span class='ocrx_word' id='word_1_318' title='bbox 1439 530 1512 563; x_wconf 82' lang='grc' dir='ltr'><strong>ὑπὲρ</strong></span> <span class='ocrx_word' id='word_1_319' title='bbox 1519 529 1603 563; x_wconf 79' lang='grc' dir='ltr'><strong>ἡμῶν</strong></span> <span class='ocrx_word' id='word_1_320' title='bbox 1612 528 1723 562; x_wconf 72' lang='grc' dir='ltr'>κατάρα</span> <span class='ocrx_word' id='word_1_321' title='bbox 1732 536 1739 542; x_wconf 91' lang='grc'><strong>·</strong></span> <span class='ocrx_word' id='word_1_322' title='bbox 1753 527 1796 553; x_wconf 83' lang='grc' dir='ltr'>ὅτι</span> <span class='ocrx_word' id='word_1_323' title='bbox 1808 526 1906 561; x_wconf 61' lang='lat' dir='ltr'><strong>rema-</strong></span> 
     </span>
    </p>
   </div>
   <div class='ocr_carea' id='block_1_41' title="bbox 1122 572 1902 610">
    <p class='ocr_par' dir='ltr' id='par_1_41' title="bbox 1122 572 1902 610">
     <span class='ocr_line' id='line_1_41' title="bbox 1122 572 1902 610; baseline -0.006 -7"><span class='ocrx_word' id='word_1_324' title='bbox 1122 584 1191 603; x_wconf 76' lang='grc' dir='ltr'>πται</span> <span class='ocrx_word' id='word_1_325' title='bbox 1199 585 1206 592; x_wconf 91' lang='grc'><strong>·</strong></span> <span class='ocrx_word' id='word_1_326' title='bbox 1224 576 1451 610; x_wconf 81' lang='grc' dir='ltr'>Ἐπικατάρατος</span> <span class='ocrx_word' id='word_1_327' title='bbox 1460 575 1518 608; x_wconf 84' lang='grc' dir='ltr'><strong>πᾶς</strong></span> <span class='ocrx_word' id='word_1_328' title='bbox 1528 577 1544 602; x_wconf 87' lang='grc' dir='ltr'><em>ὁ</em></span> <span class='ocrx_word' id='word_1_329' title='bbox 1551 574 1731 609; x_wconf 80' lang='grc' dir='ltr'>κρεμάμενος</span> <span class='ocrx_word' id='word_1_330' title='bbox 1740 573 1790 600; x_wconf 74' lang='grc' dir='ltr'><strong>ἐπὶ</strong></span> <span class='ocrx_word' id='word_1_331' title='bbox 1797 572 1902 605; x_wconf 75' lang='grc' dir='ltr'><strong>ξύλου.</strong></span> 
     </span>
    </p>
   </div>
   <div class='ocr_carea' id='block_1_42' title="bbox 1121 619 1902 657">
    <p class='ocr_par' dir='ltr' id='par_1_42' title="bbox 1121 619 1902 657">
     <span class='ocr_line' id='line_1_42' title="bbox 1121 619 1902 657; baseline -0.004 -9"><span class='ocrx_word' id='word_1_332' title='bbox 1121 622 1166 649; x_wconf 83' lang='grc' dir='ltr'><strong>Διὸ</strong></span> <span class='ocrx_word' id='word_1_333' title='bbox 1173 622 1297 649; x_wconf 76' lang='grc' dir='ltr'>καὶκατὰ</span> <span class='ocrx_word' id='word_1_334' title='bbox 1305 622 1349 648; x_wconf 86' lang='grc' dir='ltr'>τὸν</span> <span class='ocrx_word' id='word_1_335' title='bbox 1356 622 1472 657; x_wconf 75' lang='grc' dir='ltr'>ψαλμὸν,</span> <span class='ocrx_word' id='word_1_336' title='bbox 1480 621 1600 656; x_wconf 76' lang='grc' dir='ltr'><strong>ἐπλήσθη</strong></span> <span class='ocrx_word' id='word_1_337' title='bbox 1610 620 1701 647; x_wconf 80' lang='grc' dir='ltr'>κακῶν</span> <span class='ocrx_word' id='word_1_338' title='bbox 1709 621 1724 655; x_wconf 85' lang='grc' dir='ltr'>ἡ</span> <span class='ocrx_word' id='word_1_339' title='bbox 1731 620 1803 655; x_wconf 75' lang='grc' dir='ltr'>ψυχὴ</span> <span class='ocrx_word' id='word_1_340' title='bbox 1810 619 1902 650; x_wconf 75' lang='grc' dir='ltr'>αὑτοῦ,</span> 
     </span>
    </p>
   </div>
   <div class='ocr_carea' id='block_1_43' title="bbox 1122 663 1904 704">
    <p class='ocr_par' dir='ltr' id='par_1_43' title="bbox 1122 663 1904 704">
     <span class='ocr_line' id='line_1_43' title="bbox 1122 663 1904 704; baseline -0.005 -10"><span class='ocrx_word' id='word_1_341' title='bbox 1122 668 1167 694; x_wconf 76' lang='grc' dir='ltr'>καὶ</span> <span class='ocrx_word' id='word_1_342' title='bbox 1178 669 1194 704; x_wconf 84' lang='grc' dir='ltr'>ἡ</span> <span class='ocrx_word' id='word_1_343' title='bbox 1207 667 1262 703; x_wconf 77' lang='grc' dir='ltr'><strong>ζωὴ</strong></span> <span class='ocrx_word' id='word_1_344' title='bbox 1271 667 1352 694; x_wconf 80' lang='grc' dir='ltr'>αὑτοῦ</span> <span class='ocrx_word' id='word_1_345' title='bbox 1360 667 1398 703; x_wconf 79' lang='grc' dir='ltr'>τῷ</span> <span class='ocrx_word' id='word_1_346' title='bbox 1474 668 1595 702; x_wconf 73' lang='grc' dir='ltr'><strong>ἢγγισεψ</strong></span> <span class='ocrx_word' id='word_1_347' title='bbox 1611 666 1625 692; x_wconf 80' lang='grc' dir='ltr'><strong>ὃ</strong></span> <span class='ocrx_word' id='word_1_348' title='bbox 1640 666 1671 701; x_wconf 86' lang='grc' dir='ltr'><strong>δὴ</strong></span> <span class='ocrx_word' id='word_1_349' title='bbox 1684 666 1731 692; x_wconf 81' lang='grc' dir='ltr'><strong>καὶ</strong></span> <span class='ocrx_word' id='word_1_350' title='bbox 1739 665 1803 692; x_wconf 77' lang='grc' dir='ltr'>αὐτὸ</span> <span class='ocrx_word' id='word_1_351' title='bbox 1812 663 1904 699; x_wconf 82' lang='grc' dir='ltr'>σαφῶς</span> 
     </span>
    </p>
   </div>
   <div class='ocr_carea' id='block_1_44' title="bbox 1120 710 1903 748">
    <p class='ocr_par' dir='ltr' id='par_1_44' title="bbox 1120 710 1903 748">
     <span class='ocr_line' id='line_1_44' title="bbox 1120 710 1903 748; baseline -0.004 -8"><span class='ocrx_word' id='word_1_352' title='bbox 1120 713 1168 748; x_wconf 81' lang='grc' dir='ltr'>τὴν</span> <span class='ocrx_word' id='word_1_353' title='bbox 1180 714 1219 745; x_wconf 77' lang='grc' dir='ltr'>εἰς</span> <span class='ocrx_word' id='word_1_354' title='bbox 1229 713 1274 740; x_wconf 78' lang='grc' dir='ltr'><strong>τὸν</strong></span> <span class='ocrx_word' id='word_1_355' title='bbox 1287 713 1400 740; x_wconf 82' lang='grc' dir='ltr'>Θάνατον</span> <span class='ocrx_word' id='word_1_356' title='bbox 1410 713 1521 739; x_wconf 74' lang='grc' dir='ltr'>κάθοδον</span> <span class='ocrx_word' id='word_1_357' title='bbox 1531 712 1611 739; x_wconf 77' lang='grc' dir='ltr'>αὑτοῦ</span> <span class='ocrx_word' id='word_1_358' title='bbox 1622 711 1704 746; x_wconf 82' lang='grc' dir='ltr'>δηλοῖ.</span> <span class='ocrx_word' id='word_1_359' title='bbox 1720 711 1820 746; x_wconf 82' lang='grc' dir='ltr'><strong>Διόπερ</strong></span> <span class='ocrx_word' id='word_1_360' title='bbox 1832 712 1846 737; x_wconf 77' lang='grc' dir='ltr'>ὁ</span> <span class='ocrx_word' id='word_1_361' title='bbox 1856 710 1903 745; x_wconf 83' lang='grc' dir='ltr'>μὲν</span> 
     </span>
    </p>
   </div>
   <div class='ocr_carea' id='block_1_45' title="bbox 1127 756 1904 791">
    <p class='ocr_par' dir='ltr' id='par_1_45' title="bbox 1127 756 1904 791">
     <span class='ocr_line' id='line_1_45' title="bbox 1127 756 1904 791; baseline -0.004 -7"><span class='ocrx_word' id='word_1_362' title='bbox 1127 758 1241 789; x_wconf 79' lang='grc' dir='ltr'>Ἀκύλας</span> <span class='ocrx_word' id='word_1_363' title='bbox 1259 757 1389 791; x_wconf 78' lang='grc' dir='ltr'><strong>ἐξέδωκεν</strong></span> <span class='ocrx_word' id='word_1_364' title='bbox 1406 757 1489 784; x_wconf 82' lang='grc' dir='ltr'>εἰπὼν</span> <span class='ocrx_word' id='word_1_365' title='bbox 1499 778 1506 790; x_wconf 81' lang='lat'><strong>,</strong></span> <span class='ocrx_word' id='word_1_366' title='bbox 1520 758 1574 784; x_wconf 72' lang='lat' dir='ltr'><strong>Kal</strong></span> <span class='ocrx_word' id='word_1_367' title='bbox 1592 758 1610 790; x_wconf 75' lang='grc' dir='ltr'><em>ὴ</em></span> <span class='ocrx_word' id='word_1_368' title='bbox 1626 756 1681 790; x_wconf 79' lang='grc' dir='ltr'><strong>ζωή</strong></span> <span class='ocrx_word' id='word_1_369' title='bbox 1698 766 1757 791; x_wconf 84' lang='grc' dir='ltr'>μου</span> <span class='ocrx_word' id='word_1_370' title='bbox 1773 758 1817 789; x_wconf 78' lang='grc' dir='ltr'><strong>εἰς</strong></span> <span class='ocrx_word' id='word_1_371' title='bbox 1829 756 1904 789; x_wconf 68' lang='grc' dir='ltr'><em>ᾅδην</em></span> 
     </span>
    </p>
   </div>
   <div class='ocr_carea' id='block_1_46' title="bbox 1120 801 1902 838">
    <p class='ocr_par' dir='ltr' id='par_1_46' title="bbox 1120 801 1902 838">
     <span class='ocr_line' id='line_1_46' title="bbox 1120 801 1902 838; baseline -0.003 -8"><span class='ocrx_word' id='word_1_372' title='bbox 1120 803 1323 837; x_wconf 75' lang='grc' dir='ltr'><strong>κατήντηκεν·</strong></span> <span class='ocrx_word' id='word_1_373' title='bbox 1338 804 1352 829; x_wconf 82' lang='grc' dir='ltr'>ὁ</span> <span class='ocrx_word' id='word_1_374' title='bbox 1365 803 1393 830; x_wconf 74' lang='grc' dir='ltr'><strong>δὲ</strong></span> <span class='ocrx_word' id='word_1_375' title='bbox 1409 803 1565 838; x_wconf 76' lang='grc' dir='ltr'><strong>Σύμμαχος,</strong></span> <span class='ocrx_word' id='word_1_376' title='bbox 1580 802 1634 830; x_wconf 79' lang='grc' dir='ltr'><strong>Καὶ</strong></span> <span class='ocrx_word' id='word_1_377' title='bbox 1649 803 1667 836; x_wconf 78' lang='grc' dir='ltr'><strong><em>ὴ</em></strong></span> <span class='ocrx_word' id='word_1_378' title='bbox 1688 801 1742 835; x_wconf 77' lang='grc' dir='ltr'><strong>ζωή</strong></span> <span class='ocrx_word' id='word_1_379' title='bbox 1763 811 1824 836; x_wconf 83' lang='grc' dir='ltr'>μου</span> <span class='ocrx_word' id='word_1_380' title='bbox 1847 801 1902 835; x_wconf 79' lang='grc' dir='ltr'><strong>ᾅδῃ</strong></span> 
     </span>
    </p>
   </div>
   <div class='ocr_carea' id='block_1_47' title="bbox 1120 849 1904 884">
    <p class='ocr_par' dir='ltr' id='par_1_47' title="bbox 1120 849 1904 884">
     <span class='ocr_line' id='line_1_47' title="bbox 1120 849 1904 884; baseline -0.001 -8"><span class='ocrx_word' id='word_1_381' title='bbox 1120 849 1229 883; x_wconf 74' lang='grc' dir='ltr'>ἥψατο.</span> <span class='ocrx_word' id='word_1_382' title='bbox 1240 850 1343 884; x_wconf 76' lang='grc' dir='ltr'>Ὥσπερ</span> <span class='ocrx_word' id='word_1_383' title='bbox 1355 849 1384 876; x_wconf 83' lang='grc' dir='ltr'><strong>δὲ</strong></span> <span class='ocrx_word' id='word_1_384' title='bbox 1397 850 1502 884; x_wconf 77' lang='grc' dir='ltr'>εἴρηται</span> <span class='ocrx_word' id='word_1_385' title='bbox 1516 849 1631 884; x_wconf 76' lang='grc' dir='ltr'><strong>ἀλλαχοῦ</strong></span> <span class='ocrx_word' id='word_1_386' title='bbox 1644 849 1683 881; x_wconf 77' lang='grc' dir='ltr'>τὺ,</span> <span class='ocrx_word' id='word_1_387' title='bbox 1698 849 1776 876; x_wconf 84' lang='grc' dir='ltr'><em>Μετὰ</em></span> <span class='ocrx_word' id='word_1_388' title='bbox 1786 849 1904 883; x_wconf 74' lang='grc' dir='ltr'><strong>ἀνόμων</strong></span> 
     </span>
    </p>
   </div>
   <div class='ocr_carea' id='block_1_48' title="bbox 1119 894 1904 930">
    <p class='ocr_par' dir='ltr' id='par_1_48' title="bbox 1119 894 1904 930">
     <span class='ocr_line' id='line_1_48' title="bbox 1119 894 1904 930; baseline 0 -9"><span class='ocrx_word' id='word_1_389' title='bbox 1119 895 1273 929; x_wconf 79' lang='grc' dir='ltr'><strong>ἐλογίσθη·</strong></span> <span class='ocrx_word' id='word_1_390' title='bbox 1292 894 1369 921; x_wconf 73' lang='grc' dir='ltr'>Οὕτω</span> <span class='ocrx_word' id='word_1_391' title='bbox 1385 896 1431 922; x_wconf 76' lang='grc' dir='ltr'><strong>καὶ</strong></span> <span class='ocrx_word' id='word_1_392' title='bbox 1442 895 1566 928; x_wconf 74' lang='grc' dir='ltr'>ἐνταῦθα,</span> <span class='ocrx_word' id='word_1_393' title='bbox 1578 896 1834 930; x_wconf 69' lang='grc' dir='ltr'><strong>Προσελογίσθην,</strong></span> <span class='ocrx_word' id='word_1_394' title='bbox 1854 903 1904 930; x_wconf 80' lang='grc' dir='ltr'><strong>φη-</strong></span> 
     </span>
    </p>
   </div>
   <div class='ocr_carea' id='block_1_49' title="bbox 1120 938 1903 975">
    <p class='ocr_par' dir='ltr' id='par_1_49' title="bbox 1120 938 1903 975">
     <span class='ocr_line' id='line_1_49' title="bbox 1120 938 1903 975; baseline 0.004 -9"><span class='ocrx_word' id='word_1_395' title='bbox 1120 941 1163 972; x_wconf 76' lang='grc' dir='ltr'><strong>σὶ,</strong></span> <span class='ocrx_word' id='word_1_396' title='bbox 1185 940 1259 975; x_wconf 77' lang='grc' dir='ltr'>μετὰ</span> <span class='ocrx_word' id='word_1_397' title='bbox 1273 941 1333 967; x_wconf 83' lang='grc' dir='ltr'>τῶν</span> <span class='ocrx_word' id='word_1_398' title='bbox 1344 943 1580 968; x_wconf 68' lang='grc' dir='ltr'>καταϐαινόντων</span> <span class='ocrx_word' id='word_1_399' title='bbox 1593 944 1637 975; x_wconf 83' lang='grc' dir='ltr'><strong>εὶς</strong></span> <span class='ocrx_word' id='word_1_400' title='bbox 1649 941 1764 969; x_wconf 71' lang='grc' dir='ltr'><strong>λάκκον</strong></span> <span class='ocrx_word' id='word_1_401' title='bbox 1775 950 1782 957; x_wconf 84' lang='lat'><strong><em>°</em></strong></span> <span class='ocrx_word' id='word_1_402' title='bbox 1801 941 1860 968; x_wconf 76' lang='grc' dir='ltr'>ἀνθ’</span> <span class='ocrx_word' id='word_1_403' title='bbox 1873 938 1903 969; x_wconf 74' lang='grc' dir='ltr'><strong>οὗ</strong></span> 
     </span>
    </p>
   </div>
   <div class='ocr_carea' id='block_1_50' title="bbox 1119 985 1904 1021">
    <p class='ocr_par' dir='ltr' id='par_1_50' title="bbox 1119 985 1904 1021">
     <span class='ocr_line' id='line_1_50' title="bbox 1119 985 1904 1021; baseline 0.004 -10"><span class='ocrx_word' id='word_1_404' title='bbox 1119 985 1249 1018; x_wconf 77' lang='grc' dir='ltr'><strong>ἐξέδωκεν</strong></span> <span class='ocrx_word' id='word_1_405' title='bbox 1264 986 1278 1012; x_wconf 81' lang='grc' dir='ltr'><strong>ὁ</strong></span> <span class='ocrx_word' id='word_1_406' title='bbox 1293 985 1449 1020; x_wconf 70' lang='grc' dir='ltr'>Σύμμαχος,</span> <span class='ocrx_word' id='word_1_407' title='bbox 1473 987 1650 1021; x_wconf 74' lang='grc' dir='ltr'><strong>Ἐ’λογίσθην</strong></span> <span class='ocrx_word' id='word_1_408' title='bbox 1674 987 1749 1021; x_wconf 83' lang='grc' dir='ltr'>μετὰ</span> <span class='ocrx_word' id='word_1_409' title='bbox 1766 986 1826 1013; x_wconf 83' lang='grc' dir='ltr'>τῶν</span> <span class='ocrx_word' id='word_1_410' title='bbox 1838 995 1904 1014; x_wconf 73' lang='grc' dir='ltr'>κατ-</span> 
     </span>
    </p>
   </div>
   <div class='ocr_carea' id='block_1_51' title="bbox 1118 1030 1904 1068">
    <p class='ocr_par' dir='ltr' id='par_1_51' title="bbox 1118 1030 1904 1068">
     <span class='ocr_line' id='line_1_51' title="bbox 1118 1030 1904 1068; baseline 0.003 -11"><span class='ocrx_word' id='word_1_411' title='bbox 1118 1030 1271 1065; x_wconf 73' lang='grc' dir='ltr'>αγομένων</span> <span class='ocrx_word' id='word_1_412' title='bbox 1285 1033 1328 1064; x_wconf 84' lang='grc' dir='ltr'><strong>εὶς</strong></span> <span class='ocrx_word' id='word_1_413' title='bbox 1340 1031 1503 1058; x_wconf 50' lang='lat' dir='ltr'><strong>itineri)!</strong></span> <span class='ocrx_word' id='word_1_414' title='bbox 1521 1033 1569 1068; x_wconf 79' lang='grc' dir='ltr'>μὲν</span> <span class='ocrx_word' id='word_1_415' title='bbox 1586 1034 1639 1068; x_wconf 80' lang='grc' dir='ltr'>γὰρ</span> <span class='ocrx_word' id='word_1_416' title='bbox 1656 1033 1753 1064; x_wconf 77' lang='grc' dir='ltr'>πάντες</span> <span class='ocrx_word' id='word_1_417' title='bbox 1766 1032 1904 1067; x_wconf 72' lang='grc' dir='ltr'>ἄνθρωποι</span> 
     </span>
    </p>
   </div>
   <div class='ocr_carea' id='block_1_52' title="bbox 1118 1077 1903 1116">
    <p class='ocr_par' dir='ltr' id='par_1_52' title="bbox 1118 1077 1903 1116">
     <span class='ocr_line' id='line_1_52' title="bbox 1118 1077 1903 1116; baseline 0.004 -13"><span class='ocrx_word' id='word_1_418' title='bbox 1118 1077 1294 1104; x_wconf 71' lang='grc' dir='ltr'>καθέλκονται</span> <span class='ocrx_word' id='word_1_419' title='bbox 1314 1079 1360 1105; x_wconf 64' lang='grc' dir='ltr'><strong>καὶ</strong></span> <span class='ocrx_word' id='word_1_420' title='bbox 1375 1080 1535 1113; x_wconf 71' lang='grc' dir='ltr'><strong>κατάγονται</strong></span> <span class='ocrx_word' id='word_1_421' title='bbox 1549 1081 1588 1111; x_wconf 79' lang='grc' dir='ltr'><strong>εις</strong></span> <span class='ocrx_word' id='word_1_422' title='bbox 1604 1080 1634 1106; x_wconf 86' lang='grc' dir='ltr'>τὸ</span> <span class='ocrx_word' id='word_1_423' title='bbox 1648 1080 1747 1116; x_wconf 78' lang='grc' dir='ltr'>χωρίον</span> <span class='ocrx_word' id='word_1_424' title='bbox 1758 1079 1806 1106; x_wconf 70' lang='grc' dir='ltr'><strong>τοῦ</strong></span> <span class='ocrx_word' id='word_1_425' title='bbox 1820 1079 1903 1107; x_wconf 79' lang='grc' dir='ltr'>θανά-</span> 
     </span>
    </p>
   </div>
   <div class='ocr_carea' id='block_1_53' title="bbox 1117 1123 1903 1161">
    <p class='ocr_par' dir='ltr' id='par_1_53' title="bbox 1117 1123 1903 1161">
     <span class='ocr_line' id='line_1_53' title="bbox 1117 1123 1903 1161; baseline 0.006 -13"><span class='ocrx_word' id='word_1_426' title='bbox 1117 1131 1164 1149; x_wconf 81' lang='grc' dir='ltr'>του</span> <span class='ocrx_word' id='word_1_427' title='bbox 1173 1144 1179 1156; x_wconf 84' lang='grc'><strong>,</strong></span> <span class='ocrx_word' id='word_1_428' title='bbox 1193 1123 1223 1149; x_wconf 78' lang='grc' dir='ltr'>τὸ</span> <span class='ocrx_word' id='word_1_429' title='bbox 1236 1123 1283 1150; x_wconf 73' lang='grc' dir='ltr'>νῦν</span> <span class='ocrx_word' id='word_1_430' title='bbox 1296 1124 1389 1159; x_wconf 77' lang='grc' dir='ltr'>λάκκῳ</span> <span class='ocrx_word' id='word_1_431' title='bbox 1401 1126 1651 1161; x_wconf 69' lang='grc' dir='ltr'>παραϐαλλόμενον·</span> <span class='ocrx_word' id='word_1_432' title='bbox 1666 1127 1713 1152; x_wconf 77' lang='grc' dir='ltr'>καὶ</span> <span class='ocrx_word' id='word_1_433' title='bbox 1725 1126 1903 1153; x_wconf 73' lang='grc' dir='ltr'>καταϐαίνω-</span> 
     </span>
    </p>
   </div>
   <div class='ocr_carea' id='block_1_54' title="bbox 1118 1170 1903 1208">
    <p class='ocr_par' dir='ltr' id='par_1_54' title="bbox 1118 1170 1903 1208">
     <span class='ocr_line' id='line_1_54' title="bbox 1118 1170 1903 1208; baseline 0.004 -13"><span class='ocrx_word' id='word_1_434' title='bbox 1118 1177 1160 1195; x_wconf 85' lang='grc' dir='ltr'>σιν</span> <span class='ocrx_word' id='word_1_435' title='bbox 1175 1170 1233 1196; x_wconf 79' lang='grc' dir='ltr'><strong>ὲχεί</strong></span> <span class='ocrx_word' id='word_1_436' title='bbox 1243 1170 1287 1196; x_wconf 75' lang='grc' dir='ltr'><strong>διὰ</strong></span> <span class='ocrx_word' id='word_1_437' title='bbox 1303 1170 1352 1202; x_wconf 59' lang='grc' dir='ltr'><strong>τὰς</strong></span> <span class='ocrx_word' id='word_1_438' title='bbox 1368 1172 1470 1198; x_wconf 78' lang='grc' dir='ltr'>ἑαυτῶν</span> <span class='ocrx_word' id='word_1_439' title='bbox 1483 1172 1630 1208; x_wconf 79' lang='grc' dir='ltr'>ἁμαρτίας,</span> <span class='ocrx_word' id='word_1_440' title='bbox 1643 1173 1692 1207; x_wconf 78' lang='grc' dir='ltr'>τῆς</span> <span class='ocrx_word' id='word_1_441' title='bbox 1703 1172 1797 1199; x_wconf 75' lang='grc' dir='ltr'>αὐτόθι</span> <span class='ocrx_word' id='word_1_442' title='bbox 1812 1172 1903 1208; x_wconf 84' lang='grc' dir='ltr'>χώρας</span> 
     </span>
    </p>
   </div>
   <div class='ocr_carea' id='block_1_55' title="bbox 1117 1214 1902 1254">
    <p class='ocr_par' dir='ltr' id='par_1_55' title="bbox 1117 1214 1902 1254">
     <span class='ocr_line' id='line_1_55' title="bbox 1117 1214 1902 1254; baseline 0.003 -12"><span class='ocrx_word' id='word_1_443' title='bbox 1117 1215 1186 1249; x_wconf 78' lang='grc' dir='ltr'>ἄξιοι</span> <span class='ocrx_word' id='word_1_444' title='bbox 1201 1214 1269 1242; x_wconf 82' lang='grc' dir='ltr'>εἶναι</span> <span class='ocrx_word' id='word_1_445' title='bbox 1283 1217 1431 1252; x_wconf 76' lang='grc' dir='ltr'>κριθέντες.</span> <span class='ocrx_word' id='word_1_446' title='bbox 1451 1217 1535 1251; x_wconf 77' lang='grc' dir='ltr'><strong>Κάγὼ</strong></span> <span class='ocrx_word' id='word_1_447' title='bbox 1549 1218 1575 1244; x_wconf 75' lang='grc' dir='ltr'><strong>δὲ</strong></span> <span class='ocrx_word' id='word_1_448' title='bbox 1590 1219 1618 1245; x_wconf 86' lang='grc' dir='ltr'>ὲν</span> <span class='ocrx_word' id='word_1_449' title='bbox 1632 1218 1735 1250; x_wconf 75' lang='grc' dir='ltr'>τούτοις</span> <span class='ocrx_word' id='word_1_450' title='bbox 1749 1218 1902 1254; x_wconf 78' lang='grc' dir='ltr'><strong>ὲλογίσϐην,</strong></span> 
     </span>
    </p>
   </div>
   <div class='ocr_carea' id='block_1_56' title="bbox 1117 1261 1903 1300">
    <p class='ocr_par' dir='ltr' id='par_1_56' title="bbox 1117 1261 1903 1300">
     <span class='ocr_line' id='line_1_56' title="bbox 1117 1261 1903 1300; baseline 0.001 -12"><span class='ocrx_word' id='word_1_451' title='bbox 1117 1262 1166 1288; x_wconf 77' lang='grc' dir='ltr'>οὐκ</span> <span class='ocrx_word' id='word_1_452' title='bbox 1181 1261 1218 1288; x_wconf 84' lang='grc' dir='ltr'>ὣν</span> <span class='ocrx_word' id='word_1_453' title='bbox 1234 1262 1308 1294; x_wconf 76' lang='grc' dir='ltr'>ἄξιος</span> <span class='ocrx_word' id='word_1_454' title='bbox 1318 1281 1324 1293; x_wconf 89' lang='lat'><strong>,</strong></span> <span class='ocrx_word' id='word_1_455' title='bbox 1338 1263 1394 1289; x_wconf 76' lang='grc' dir='ltr'>ἀλλ’</span> <span class='ocrx_word' id='word_1_456' title='bbox 1414 1263 1534 1299; x_wconf 79' lang='grc' dir='ltr'>ὑπήκοος</span> <span class='ocrx_word' id='word_1_457' title='bbox 1549 1264 1692 1298; x_wconf 74' lang='grc' dir='ltr'>γενόμενος</span> <span class='ocrx_word' id='word_1_458' title='bbox 1703 1264 1742 1299; x_wconf 85' lang='grc' dir='ltr'>τῷ</span> <span class='ocrx_word' id='word_1_459' title='bbox 1754 1264 1843 1300; x_wconf 68' lang='grc' dir='ltr'>Πατρὶ</span> <span class='ocrx_word' id='word_1_460' title='bbox 1856 1264 1903 1299; x_wconf 76' lang='grc' dir='ltr'><strong>μὲ-</strong></span> 
     </span>
    </p>
   </div>
   <div class='ocr_carea' id='block_1_57' title="bbox 1116 1307 1904 1344">
    <p class='ocr_par' dir='ltr' id='par_1_57' title="bbox 1116 1307 1904 1344">
     <span class='ocr_line' id='line_1_57' title="bbox 1116 1307 1904 1344; baseline 0.004 -11"><span class='ocrx_word' id='word_1_461' title='bbox 1116 1315 1162 1342; x_wconf 82' lang='grc' dir='ltr'>χρι</span> <span class='ocrx_word' id='word_1_462' title='bbox 1176 1307 1301 1334; x_wconf 83' lang='grc' dir='ltr'>θανάτου.</span> <span class='ocrx_word' id='word_1_463' title='bbox 1324 1308 1431 1335; x_wconf 79' lang='grc' dir='ltr'>Ἐνοάδε</span> <span class='ocrx_word' id='word_1_464' title='bbox 1448 1309 1495 1343; x_wconf 79' lang='grc' dir='ltr'>μὲν</span> <span class='ocrx_word' id='word_1_465' title='bbox 1507 1307 1553 1335; x_wconf 77' lang='grc' dir='ltr'><strong>οὗν</strong></span> <span class='ocrx_word' id='word_1_466' title='bbox 1572 1310 1591 1343; x_wconf 78' lang='grc' dir='ltr'><em>ὴ</em></span> <span class='ocrx_word' id='word_1_467' title='bbox 1609 1308 1664 1343; x_wconf 82' lang='grc' dir='ltr'><strong>ζωή</strong></span> <span class='ocrx_word' id='word_1_468' title='bbox 1677 1317 1747 1343; x_wconf 81' lang='grc' dir='ltr'>μου,</span> <span class='ocrx_word' id='word_1_469' title='bbox 1768 1309 1848 1344; x_wconf 82' lang='grc' dir='ltr'><strong>φησὶ,</strong></span> <span class='ocrx_word' id='word_1_470' title='bbox 1863 1307 1904 1342; x_wconf 74' lang='grc' dir='ltr'>τῷ</span> 
     </span>
    </p>
   </div>
   <div class='ocr_carea' id='block_1_58' title="bbox 1117 1352 1904 1390">
    <p class='ocr_par' dir='ltr' id='par_1_58' title="bbox 1117 1352 1904 1390">
     <span class='ocr_line' id='line_1_58' title="bbox 1117 1352 1904 1390; baseline 0.001 -10"><span class='ocrx_word' id='word_1_471' title='bbox 1117 1353 1173 1387; x_wconf 79' lang='grc' dir='ltr'><strong>ᾄδῃ</strong></span> <span class='ocrx_word' id='word_1_472' title='bbox 1189 1352 1305 1387; x_wconf 65' lang='grc' dir='ltr'><strong>ἤγγικεθ</strong></span> <span class='ocrx_word' id='word_1_473' title='bbox 1321 1354 1378 1386; x_wconf 68' lang='grc' dir='ltr'><strong>καὶ,</strong></span> <span class='ocrx_word' id='word_1_474' title='bbox 1395 1355 1651 1389; x_wconf 75' lang='grc' dir='ltr'><strong>Πριισελογίσθην,</strong></span> <span class='ocrx_word' id='word_1_475' title='bbox 1669 1355 1744 1390; x_wconf 74' lang='grc' dir='ltr'><strong>φησὶ,</strong></span> <span class='ocrx_word' id='word_1_476' title='bbox 1755 1356 1833 1389; x_wconf 83' lang='grc' dir='ltr'>μετὰ</span> <span class='ocrx_word' id='word_1_477' title='bbox 1846 1354 1904 1381; x_wconf 77' lang='grc' dir='ltr'>τῶν</span> 
     </span>
    </p>
   </div>
   <div class='ocr_carea' id='block_1_59' title="bbox 1116 1399 1902 1436">
    <p class='ocr_par' dir='ltr' id='par_1_59' title="bbox 1116 1399 1902 1436">
     <span class='ocr_line' id='line_1_59' title="bbox 1116 1399 1902 1436; baseline 0.004 -12"><span class='ocrx_word' id='word_1_478' title='bbox 1116 1400 1354 1426; x_wconf 72' lang='grc' dir='ltr'>καταϐαινόντων</span> <span class='ocrx_word' id='word_1_479' title='bbox 1371 1401 1415 1433; x_wconf 80' lang='grc' dir='ltr'><strong>εἰς</strong></span> <span class='ocrx_word' id='word_1_480' title='bbox 1431 1400 1562 1427; x_wconf 77' lang='grc' dir='ltr'><strong>λάκκον·</strong></span> <span class='ocrx_word' id='word_1_481' title='bbox 1580 1401 1608 1427; x_wconf 82' lang='grc' dir='ltr'>ὲν</span> <span class='ocrx_word' id='word_1_482' title='bbox 1630 1401 1714 1436; x_wconf 79' lang='grc' dir='ltr'>ἑτέρῳ</span> <span class='ocrx_word' id='word_1_483' title='bbox 1738 1400 1767 1427; x_wconf 71' lang='grc' dir='ltr'><strong>δὲ</strong></span> <span class='ocrx_word' id='word_1_484' title='bbox 1790 1399 1902 1435; x_wconf 82' lang='grc' dir='ltr'>ψαλμῷ,</span> 
     </span>
    </p>
   </div>
   <div class='ocr_carea' id='block_1_60' title="bbox 1115 1444 1903 1481">
    <p class='ocr_par' dir='ltr' id='par_1_60' title="bbox 1115 1444 1903 1481">
     <span class='ocr_line' id='line_1_60' title="bbox 1115 1444 1903 1481; baseline 0 -11"><span class='ocrx_word' id='word_1_485' title='bbox 1115 1444 1216 1471; x_wconf 83' lang='grc' dir='ltr'>τούτων</span> <span class='ocrx_word' id='word_1_486' title='bbox 1225 1445 1314 1471; x_wconf 74' lang='grc' dir='ltr'>αὐτῶν</span> <span class='ocrx_word' id='word_1_487' title='bbox 1324 1445 1509 1480; x_wconf 77' lang='grc' dir='ltr'><strong>μνημονεύων,</strong></span> <span class='ocrx_word' id='word_1_488' title='bbox 1523 1446 1571 1481; x_wconf 73' lang='grc' dir='ltr'>τὴν</span> <span class='ocrx_word' id='word_1_489' title='bbox 1585 1446 1689 1472; x_wconf 75' lang='grc' dir='ltr'>ἐκεῖθεν</span> <span class='ocrx_word' id='word_1_490' title='bbox 1700 1445 1791 1472; x_wconf 79' lang='grc' dir='ltr'>ἄνοδον</span> <span class='ocrx_word' id='word_1_491' title='bbox 1806 1445 1903 1481; x_wconf 79' lang='grc' dir='ltr'><strong>σημαί-</strong></span> 
     </span>
    </p>
   </div>
   <div class='ocr_carea' id='block_1_61' title="bbox 1115 1490 1902 1526">
    <p class='ocr_par' dir='ltr' id='par_1_61' title="bbox 1115 1490 1902 1526">
     <span class='ocr_line' id='line_1_61' title="bbox 1115 1490 1902 1526; baseline 0.004 -10"><span class='ocrx_word' id='word_1_492' title='bbox 1115 1498 1155 1516; x_wconf 88' lang='grc' dir='ltr'>νει</span> <span class='ocrx_word' id='word_1_493' title='bbox 1169 1490 1296 1525; x_wconf 73' lang='grc' dir='ltr'>φάσκων·</span> <span class='ocrx_word' id='word_1_494' title='bbox 1309 1491 1405 1525; x_wconf 74' lang='grc' dir='ltr'><strong>Κύριε,</strong></span> <span class='ocrx_word' id='word_1_495' title='bbox 1418 1491 1567 1526; x_wconf 73' lang='grc' dir='ltr'><strong>ἀνήγαγες</strong></span> <span class='ocrx_word' id='word_1_496' title='bbox 1582 1492 1617 1524; x_wconf 80' lang='grc' dir='ltr'><strong>ἐξ</strong></span> <span class='ocrx_word' id='word_1_497' title='bbox 1635 1492 1708 1525; x_wconf 79' lang='grc' dir='ltr'><strong>ᾅδου</strong></span> <span class='ocrx_word' id='word_1_498' title='bbox 1723 1490 1781 1525; x_wconf 78' lang='grc' dir='ltr'><strong>τὴν</strong></span> <span class='ocrx_word' id='word_1_499' title='bbox 1795 1491 1902 1526; x_wconf 68' lang='grc' dir='ltr'><strong>ψυχήν</strong></span> 
     </span>
    </p>
   </div>
   <div class='ocr_carea' id='block_1_62' title="bbox 1112 1536 1904 1571">
    <p class='ocr_par' dir='ltr' id='par_1_62' title="bbox 1112 1536 1904 1571">
     <span class='ocr_line' id='line_1_62' title="bbox 1112 1536 1904 1571; baseline 0.004 -9"><span class='ocrx_word' id='word_1_500' title='bbox 1112 1545 1182 1571; x_wconf 83' lang='grc' dir='ltr'><strong>μου,</strong></span> <span class='ocrx_word' id='word_1_501' title='bbox 1197 1536 1317 1569; x_wconf 84' lang='grc' dir='ltr'><strong>ἕσωσάς</strong></span> <span class='ocrx_word' id='word_1_502' title='bbox 1329 1546 1367 1571; x_wconf 80' lang='grc' dir='ltr'><strong>με</strong></span> <span class='ocrx_word' id='word_1_503' title='bbox 1379 1538 1437 1564; x_wconf 74' lang='grc' dir='ltr'><strong>ἀπὸ</strong></span> <span class='ocrx_word' id='word_1_504' title='bbox 1450 1537 1508 1564; x_wconf 79' lang='grc' dir='ltr'>τῶν</span> <span class='ocrx_word' id='word_1_505' title='bbox 1519 1539 1758 1565; x_wconf 73' lang='grc' dir='ltr'>καταϐαινόντων</span> <span class='ocrx_word' id='word_1_506' title='bbox 1773 1539 1818 1571; x_wconf 81' lang='grc' dir='ltr'><strong>εις</strong></span> <span class='ocrx_word' id='word_1_507' title='bbox 1833 1537 1904 1564; x_wconf 71' lang='lat' dir='ltr'><strong>Mat-</strong></span> 
     </span>
    </p>
   </div>
   <div class='ocr_carea' id='block_1_63' title="bbox 1116 1582 1903 1619">
    <p class='ocr_par' dir='ltr' id='par_1_63' title="bbox 1116 1582 1903 1619">
     <span class='ocr_line' id='line_1_63' title="bbox 1116 1582 1903 1619; baseline 0.004 -11"><span class='ocrx_word' id='word_1_508' title='bbox 1116 1590 1188 1609; x_wconf 76' lang='grc' dir='ltr'><strong>κον·</strong></span> <span class='ocrx_word' id='word_1_509' title='bbox 1212 1583 1266 1609; x_wconf 81' lang='grc' dir='ltr'><strong>Καὶ</strong></span> <span class='ocrx_word' id='word_1_510' title='bbox 1288 1583 1370 1609; x_wconf 83' lang='grc' dir='ltr'>πάλιν</span> <span class='ocrx_word' id='word_1_511' title='bbox 1395 1582 1530 1618; x_wconf 76' lang='grc' dir='ltr'>ἀλλαχοῦ·</span> <span class='ocrx_word' id='word_1_512' title='bbox 1565 1583 1735 1618; x_wconf 75' lang='grc' dir='ltr'><strong>’Υπομὲνων</strong></span> <span class='ocrx_word' id='word_1_513' title='bbox 1756 1583 1903 1619; x_wconf 73' lang='grc' dir='ltr'><strong>ὑπέμεινα</strong></span> 
     </span>
    </p>
   </div>
   <div class='ocr_carea' id='block_1_64' title="bbox 280 1625 1065 1664">
    <p class='ocr_par' dir='ltr' id='par_1_64' title="bbox 280 1629 1059 1664">
     <span class='ocr_line' id='line_1_64' title="bbox 280 1629 1059 1664; baseline -0.001 -8"><span class='ocrx_word' id='word_1_514' title='bbox 280 1629 365 1664; x_wconf 74' lang='lat' dir='ltr'><strong>ferito,</strong></span> <span class='ocrx_word' id='word_1_515' title='bbox 374 1638 419 1656; x_wconf 85' lang='lat' dir='ltr'><strong>nec</strong></span> <span class='ocrx_word' id='word_1_516' title='bbox 427 1629 502 1656; x_wconf 80' lang='lat' dir='ltr'><strong>dabis</strong></span> <span class='ocrx_word' id='word_1_517' title='bbox 508 1635 627 1657; x_wconf 79' lang='lat' dir='ltr'><strong>sanctum</strong></span> <span class='ocrx_word' id='word_1_518' title='bbox 636 1635 708 1656; x_wconf 88' lang='lat' dir='ltr'><strong>tuum</strong></span> <span class='ocrx_word' id='word_1_519' title='bbox 717 1630 803 1656; x_wconf 76' lang='lat' dir='ltr'><strong>videre</strong></span> <span class='ocrx_word' id='word_1_520' title='bbox 814 1629 1059 1663; x_wconf 57' lang='lat' dir='ltr'><strong>corruptionem”.</strong></span> 
     </span>
    </p>
   </div>
   <div class='ocr_carea' id='block_1_65' title="bbox 1116 1625 1902 1664">
    <p class='ocr_par' dir='ltr' id='par_1_65' title="bbox 1116 1628 1902 1664">
     <span class='ocr_line' id='line_1_65' title="bbox 1116 1628 1902 1664; baseline 0.003 -9"><span class='ocrx_word' id='word_1_521' title='bbox 1116 1628 1165 1655; x_wconf 77' lang='grc' dir='ltr'><strong>τὸν</strong></span> <span class='ocrx_word' id='word_1_522' title='bbox 1174 1629 1292 1662; x_wconf 77' lang='grc' dir='ltr'><strong>Κύριον,</strong></span> <span class='ocrx_word' id='word_1_523' title='bbox 1306 1629 1355 1655; x_wconf 78' lang='grc' dir='ltr'><strong>καὶ</strong></span> <span class='ocrx_word' id='word_1_524' title='bbox 1368 1629 1520 1664; x_wconf 79' lang='grc' dir='ltr'><strong>προσέσχε</strong></span> <span class='ocrx_word' id='word_1_525' title='bbox 1531 1639 1580 1664; x_wconf 85' lang='grc' dir='ltr'><strong>μοι</strong></span> <span class='ocrx_word' id='word_1_526' title='bbox 1591 1637 1599 1646; x_wconf 75' lang='grc'><em>’</em></span> <span class='ocrx_word' id='word_1_527' title='bbox 1611 1630 1660 1657; x_wconf 80' lang='grc' dir='ltr'><strong>καὶ</strong></span> <span class='ocrx_word' id='word_1_528' title='bbox 1673 1629 1837 1664; x_wconf 72' lang='grc' dir='ltr'><strong>εὶσήκουσε</strong></span> <span class='ocrx_word' id='word_1_529' title='bbox 1847 1629 1902 1664; x_wconf 80' lang='grc' dir='ltr'>τῆς</span> 
     </span>
    </p>
   </div>
   <div class='ocr_carea' id='block_1_66' title="bbox 278 1676 1900 1713">
    <p class='ocr_par' dir='ltr' id='par_1_66' title="bbox 278 1676 1900 1713">
     <span class='ocr_line' id='line_1_66' title="bbox 278 1676 1900 1713; baseline 0.001 -9"><span class='ocrx_word' id='word_1_530' title='bbox 278 1676 410 1712; x_wconf 77' lang='grc' dir='ltr'><strong>δεήσεώς</strong></span> <span class='ocrx_word' id='word_1_531' title='bbox 422 1687 481 1712; x_wconf 80' lang='grc' dir='ltr'><strong>μου</strong></span> <span class='ocrx_word' id='word_1_532' title='bbox 493 1698 500 1710; x_wconf 90' lang='grc'><strong>,</strong></span> <span class='ocrx_word' id='word_1_533' title='bbox 516 1677 564 1704; x_wconf 77' lang='grc' dir='ltr'><strong>καὶ</strong></span> <span class='ocrx_word' id='word_1_534' title='bbox 583 1677 715 1713; x_wconf 76' lang='grc' dir='ltr'><strong>ἀνήγατέ</strong></span> <span class='ocrx_word' id='word_1_535' title='bbox 728 1687 766 1712; x_wconf 83' lang='grc' dir='ltr'><strong>με</strong></span> <span class='ocrx_word' id='word_1_536' title='bbox 783 1678 816 1704; x_wconf 78' lang='grc' dir='ltr'><strong>ἐκ</strong></span> <span class='ocrx_word' id='word_1_537' title='bbox 832 1677 946 1704; x_wconf 77' lang='grc' dir='ltr'><strong>λάκκου</strong></span> <span class='ocrx_word' id='word_1_538' title='bbox 964 1677 1171 1710; x_wconf 69' lang='grc' dir='ltr'><strong>ταλαιπωρίας.</strong></span> <span class='ocrx_word' id='word_1_539' title='bbox 1187 1677 1241 1704; x_wconf 76' lang='grc' dir='ltr'><strong>Καὶ</strong></span> <span class='ocrx_word' id='word_1_540' title='bbox 1255 1677 1367 1711; x_wconf 81' lang='grc' dir='ltr'><strong>ἔστησε</strong></span> <span class='ocrx_word' id='word_1_541' title='bbox 1378 1678 1427 1704; x_wconf 77' lang='grc' dir='ltr'><strong>ἐπὶ</strong></span> <span class='ocrx_word' id='word_1_542' title='bbox 1455 1678 1567 1712; x_wconf 71' lang='grc' dir='ltr'>πέτραν</span> <span class='ocrx_word' id='word_1_543' title='bbox 1596 1678 1667 1711; x_wconf 83' lang='grc' dir='ltr'>τοὺς</span> <span class='ocrx_word' id='word_1_544' title='bbox 1698 1678 1793 1711; x_wconf 62' lang='grc' dir='ltr'><strong>,πόδας</strong></span> <span class='ocrx_word' id='word_1_545' title='bbox 1824 1686 1900 1713; x_wconf 68' lang='grc' dir='ltr'><strong>μου·</strong></span> 
     </span>
    </p>
   </div>
   <div class='ocr_carea' id='block_1_67' title="bbox 279 1724 1902 1760">
    <p class='ocr_par' dir='ltr' id='par_1_67' title="bbox 279 1724 1902 1760">
     <span class='ocr_line' id='line_1_67' title="bbox 279 1724 1902 1760; baseline 0 -9"><span class='ocrx_word' id='word_1_546' title='bbox 279 1725 326 1751; x_wconf 72' lang='grc' dir='ltr'><strong>καὶ</strong></span> <span class='ocrx_word' id='word_1_547' title='bbox 342 1725 370 1751; x_wconf 79' lang='grc' dir='ltr'>ἐν</span> <span class='ocrx_word' id='word_1_548' title='bbox 390 1725 428 1760; x_wconf 78' lang='grc' dir='ltr'>τῷ</span> <span class='ocrx_word' id='word_1_549' title='bbox 447 1728 482 1751; x_wconf 91' lang='grc' dir='ltr'><strong>ιε’</strong></span> <span class='ocrx_word' id='word_1_550' title='bbox 501 1724 601 1760; x_wconf 73' lang='grc' dir='ltr'>ψαλμῷ</span> <span class='ocrx_word' id='word_1_551' title='bbox 621 1725 744 1760; x_wconf 78' lang='grc' dir='ltr'>εἴρηται·</span> <span class='ocrx_word' id='word_1_552' title='bbox 763 1726 823 1752; x_wconf 82' lang='grc' dir='ltr'><strong>οὐκ</strong></span> <span class='ocrx_word' id='word_1_553' title='bbox 839 1725 1065 1759; x_wconf 65' lang='grc' dir='ltr'><strong>ἐγκαταλείψεις</strong></span> <span class='ocrx_word' id='word_1_554' title='bbox 1082 1725 1140 1759; x_wconf 80' lang='grc' dir='ltr'><strong>τὴν</strong></span> <span class='ocrx_word' id='word_1_555' title='bbox 1155 1725 1260 1760; x_wconf 67' lang='grc' dir='ltr'><strong>ψυχήν</strong></span> <span class='ocrx_word' id='word_1_556' title='bbox 1272 1734 1332 1759; x_wconf 84' lang='grc' dir='ltr'><strong>μου</strong></span> <span class='ocrx_word' id='word_1_557' title='bbox 1351 1726 1395 1758; x_wconf 76' lang='grc' dir='ltr'><strong>εἰς</strong></span> <span class='ocrx_word' id='word_1_558' title='bbox 1428 1725 1482 1752; x_wconf 74' lang='grc' dir='ltr'><strong>τὸν</strong></span> <span class='ocrx_word' id='word_1_559' title='bbox 1514 1725 1606 1760; x_wconf 81' lang='grc' dir='ltr'><strong>ᾅδην,</strong></span> <span class='ocrx_word' id='word_1_560' title='bbox 1630 1725 1700 1753; x_wconf 78' lang='grc' dir='ltr'><strong>οὐδὲ</strong></span> <span class='ocrx_word' id='word_1_561' title='bbox 1721 1724 1829 1758; x_wconf 79' lang='grc' dir='ltr'><strong>δώσεις</strong></span> <span class='ocrx_word' id='word_1_562' title='bbox 1849 1724 1902 1751; x_wconf 76' lang='grc' dir='ltr'><strong>τὸν</strong></span> 
     </span>
    </p>
   </div>
   <div class='ocr_carea' id='block_1_68' title="bbox 279 1771 715 1808">
    <p class='ocr_par' dir='ltr' id='par_1_68' title="bbox 279 1771 715 1808">
     <span class='ocr_line' id='line_1_68' title="bbox 279 1771 715 1808; baseline 0 -9"><span class='ocrx_word' id='word_1_563' title='bbox 279 1771 366 1799; x_wconf 82' lang='grc' dir='ltr'><em>ὅσιόν</em></span> <span class='ocrx_word' id='word_1_564' title='bbox 379 1780 437 1800; x_wconf 84' lang='grc' dir='ltr'><strong>σου</strong></span> <span class='ocrx_word' id='word_1_565' title='bbox 453 1772 527 1800; x_wconf 71' lang='grc' dir='ltr'><strong>ἰδεῖν</strong></span> <span class='ocrx_word' id='word_1_566' title='bbox 542 1772 715 1808; x_wconf 66' lang='grc' dir='ltr'><strong>διαφθοράν.</strong></span> 
     </span>
    </p>
   </div>
   <div class='ocr_carea' id='block_1_69' title="bbox 314 1833 1064 1868">
    <p class='ocr_par' dir='ltr' id='par_1_69' title="bbox 314 1833 1064 1868">
     <span class='ocr_line' id='line_1_69' title="bbox 314 1833 1064 1868; baseline -0.003 -7"><span class='ocrx_word' id='word_1_567' title='bbox 314 1833 398 1861; x_wconf 71' lang='lat' dir='ltr'><strong>Vens.</strong></span> <span class='ocrx_word' id='word_1_568' title='bbox 415 1834 440 1861; x_wconf 85' lang='lat'><strong>6.</strong></span> <span class='ocrx_word' id='word_1_569' title='bbox 456 1833 555 1861; x_wconf 87' lang='lat' dir='ltr'><strong>Factus</strong></span> <span class='ocrx_word' id='word_1_570' title='bbox 566 1834 708 1862; x_wconf 70' lang='lat' dir='ltr'><strong>sum‘sicut</strong></span> <span class='ocrx_word' id='word_1_571' title='bbox 724 1833 756 1861; x_wconf 85' lang='lat' dir='ltr'><strong>Im</strong></span> <span class='ocrx_word' id='word_1_572' title='bbox 767 1841 800 1860; x_wconf 71' lang='lat' dir='ltr'><strong>so</strong></span> <span class='ocrx_word' id='word_1_573' title='bbox 812 1833 867 1860; x_wconf 82' lang='lat' dir='ltr'><strong>sine</strong></span> <span class='ocrx_word' id='word_1_574' title='bbox 878 1833 1011 1868; x_wconf 85' lang='lat' dir='ltr'><strong>adjutorio</strong></span> <span class='ocrx_word' id='word_1_575' title='bbox 1022 1833 1064 1860; x_wconf 85' lang='lat' dir='ltr'><strong>in-</strong></span> 
     </span>
    </p>
   </div>
   <div class='ocr_carea' id='block_1_70' title="bbox 280 1879 1065 1911">
    <p class='ocr_par' dir='ltr' id='par_1_70' title="bbox 280 1879 1065 1911">
     <span class='ocr_line' id='line_1_70' title="bbox 280 1879 1065 1911; baseline -0.001 -4"><span class='ocrx_word' id='word_1_576' title='bbox 280 1885 320 1907; x_wconf 85' lang='lat' dir='ltr'><strong>ter</strong></span> <span class='ocrx_word' id='word_1_577' title='bbox 335 1884 452 1906; x_wconf 86' lang='lat' dir='ltr'><strong>mortuos</strong></span> <span class='ocrx_word' id='word_1_578' title='bbox 464 1879 529 1907; x_wconf 83' lang='lat' dir='ltr'><strong>liber</strong></span> <span class='ocrx_word' id='word_1_579' title='bbox 545 1887 554 1906; x_wconf 92' lang='lat'><strong><em>:</em></strong></span> <span class='ocrx_word' id='word_1_580' title='bbox 568 1880 636 1907; x_wconf 83' lang='lat' dir='ltr'><strong>sicut</strong></span> <span class='ocrx_word' id='word_1_581' title='bbox 658 1880 789 1907; x_wconf 76' lang='lat' dir='ltr'><strong>uulnerati</strong></span> <span class='ocrx_word' id='word_1_582' title='bbox 803 1879 958 1907; x_wconf 81' lang='lat' dir='ltr'><strong>dormientes</strong></span> <span class='ocrx_word' id='word_1_583' title='bbox 981 1881 1008 1906; x_wconf 85' lang='lat' dir='ltr'><strong>in</strong></span> <span class='ocrx_word' id='word_1_584' title='bbox 1023 1887 1065 1911; x_wconf 76' lang='lat' dir='ltr'><strong>se-</strong></span> 
     </span>
    </p>
   </div>
   <div class='ocr_carea' id='block_1_71' title="bbox 281 1925 1065 1961">
    <p class='ocr_par' dir='ltr' id='par_1_71' title="bbox 281 1925 1065 1961">
     <span class='ocr_line' id='line_1_71' title="bbox 281 1925 1065 1961; baseline 0.001 -9"><span class='ocrx_word' id='word_1_585' title='bbox 281 1925 384 1958; x_wconf 78' lang='lat' dir='ltr'><strong>pulcro,</strong></span> <span class='ocrx_word' id='word_1_586' title='bbox 400 1934 511 1960; x_wconf 85' lang='lat' dir='ltr'><strong>quorum</strong></span> <span class='ocrx_word' id='word_1_587' title='bbox 527 1934 579 1953; x_wconf 81' lang='lat' dir='ltr'><strong>non</strong></span> <span class='ocrx_word' id='word_1_588' title='bbox 598 1931 637 1953; x_wconf 80' lang='lat' dir='ltr'><strong>est</strong></span> <span class='ocrx_word' id='word_1_589' title='bbox 656 1934 755 1953; x_wconf 87' lang='lat' dir='ltr'><strong>memor</strong></span> <span class='ocrx_word' id='word_1_590' title='bbox 770 1926 892 1960; x_wconf 78' lang='lat' dir='ltr'><strong>amplius,</strong></span> <span class='ocrx_word' id='word_1_591' title='bbox 914 1931 938 1952; x_wconf 85' lang='lat' dir='ltr'><strong>et</strong></span> <span class='ocrx_word' id='word_1_592' title='bbox 963 1926 1014 1961; x_wconf 81' lang='lat' dir='ltr'><strong>ipsi</strong></span> <span class='ocrx_word' id='word_1_593' title='bbox 1033 1926 1065 1953; x_wconf 83' lang='lat' dir='ltr'><strong>de</strong></span> 
     </span>
    </p>
   </div>
   <div class='ocr_carea' id='block_1_72' title="bbox 279 1970 1065 2005">
    <p class='ocr_par' dir='ltr' id='par_1_72' title="bbox 279 1970 1065 2005">
     <span class='ocr_line' id='line_1_72' title="bbox 279 1970 1065 2005; baseline -0.001 -7"><span class='ocrx_word' id='word_1_594' title='bbox 279 1978 360 1998; x_wconf 76' lang='lat' dir='ltr'><strong>manu</strong></span> <span class='ocrx_word' id='word_1_595' title='bbox 377 1975 423 1997; x_wconf 87' lang='lat' dir='ltr'><strong>tua</strong></span> <span class='ocrx_word' id='word_1_596' title='bbox 437 1970 536 2005; x_wconf 82' lang='lat' dir='ltr'><strong>repulsi</strong></span> <span class='ocrx_word' id='word_1_597' title='bbox 556 1976 628 1999; x_wconf 75' lang='lat' dir='ltr'><strong>sunt.</strong></span> <span class='ocrx_word' id='word_1_598' title='bbox 646 1971 697 2004; x_wconf 87' lang='lat' dir='ltr'><strong>Qui</strong></span> <span class='ocrx_word' id='word_1_599' title='bbox 716 1979 778 1999; x_wconf 88' lang='lat' dir='ltr'><strong>vere</strong></span> <span class='ocrx_word' id='word_1_600' title='bbox 790 1972 848 1999; x_wconf 86' lang='lat' dir='ltr'><strong>sine</strong></span> <span class='ocrx_word' id='word_1_601' title='bbox 863 1971 1000 2005; x_wconf 90' lang='lat' dir='ltr'><strong>adjutorio</strong></span> <span class='ocrx_word' id='word_1_602' title='bbox 1013 1971 1065 1998; x_wconf 91' lang='lat' dir='ltr'><strong>sub</strong></span> 
     </span>
    </p>
   </div>
   <div class='ocr_carea' id='block_1_73' title="bbox 278 2015 1063 2051">
    <p class='ocr_par' dir='ltr' id='par_1_73' title="bbox 278 2015 1063 2051">
     <span class='ocr_line' id='line_1_73' title="bbox 278 2015 1063 2051; baseline -0.001 -8"><span class='ocrx_word' id='word_1_603' title='bbox 278 2016 374 2043; x_wconf 83' lang='lat' dir='ltr'><strong>mortis</strong></span> <span class='ocrx_word' id='word_1_604' title='bbox 389 2015 503 2050; x_wconf 85' lang='lat' dir='ltr'><strong>imperio</strong></span> <span class='ocrx_word' id='word_1_605' title='bbox 519 2015 630 2051; x_wconf 75' lang='lat' dir='ltr'><strong>degunt.</strong></span> <span class='ocrx_word' id='word_1_606' title='bbox 643 2016 677 2043; x_wconf 89' lang='lat' dir='ltr'><strong>ab</strong></span> <span class='ocrx_word' id='word_1_607' title='bbox 692 2017 751 2051; x_wconf 85' lang='lat' dir='ltr'><strong>ipsa</strong></span> <span class='ocrx_word' id='word_1_608' title='bbox 765 2015 925 2043; x_wconf 83' lang='lat' dir='ltr'><strong>deferuntur</strong></span> <span class='ocrx_word' id='word_1_609' title='bbox 938 2019 965 2042; x_wconf 87' lang='lat' dir='ltr'><strong>et</strong></span> <span class='ocrx_word' id='word_1_610' title='bbox 980 2015 1063 2042; x_wconf 88' lang='lat' dir='ltr'><strong>abdu-</strong></span> 
     </span>
    </p>
   </div>
   <div class='ocr_carea' id='block_1_74' title="bbox 278 2060 1062 2089">
    <p class='ocr_par' dir='ltr' id='par_1_74' title="bbox 278 2060 1062 2089">
     <span class='ocr_line' id='line_1_74' title="bbox 278 2060 1062 2089; baseline 0 -1"><span class='ocrx_word' id='word_1_611' title='bbox 278 2065 389 2088; x_wconf 89' lang='lat' dir='ltr'><strong>cuntur.</strong></span> <span class='ocrx_word' id='word_1_612' title='bbox 409 2060 490 2087; x_wconf 90' lang='lat' dir='ltr'><strong>Solus</strong></span> <span class='ocrx_word' id='word_1_613' title='bbox 510 2064 600 2087; x_wconf 83' lang='lat' dir='ltr'><strong>autem</strong></span> <span class='ocrx_word' id='word_1_614' title='bbox 622 2060 750 2088; x_wconf 84' lang='lat' dir='ltr'><strong>Servator</strong></span> <span class='ocrx_word' id='word_1_615' title='bbox 767 2065 794 2089; x_wconf 85' lang='lat' dir='ltr'><strong>et</strong></span> <span class='ocrx_word' id='word_1_616' title='bbox 819 2061 949 2088; x_wconf 88' lang='lat' dir='ltr'><strong>Dominus</strong></span> <span class='ocrx_word' id='word_1_617' title='bbox 970 2066 1062 2088; x_wconf 88' lang='lat' dir='ltr'><strong>noster</strong></span> 
     </span>
    </p>
   </div>
   <div class='ocr_carea' id='block_1_75' title="bbox 278 2106 1059 2142">
    <p class='ocr_par' dir='ltr' id='par_1_75' title="bbox 278 2106 1059 2142">
     <span class='ocr_line' id='line_1_75' title="bbox 278 2106 1059 2142; baseline 0 -8"><span class='ocrx_word' id='word_1_618' title='bbox 278 2107 398 2141; x_wconf 74' lang='lat' dir='ltr'><strong>seipsum</strong></span> <span class='ocrx_word' id='word_1_619' title='bbox 412 2106 562 2133; x_wconf 80' lang='lat' dir='ltr'><strong>exinanivit</strong></span> <span class='ocrx_word' id='word_1_620' title='bbox 572 2110 599 2133; x_wconf 87' lang='lat' dir='ltr'><strong>et</strong></span> <span class='ocrx_word' id='word_1_621' title='bbox 612 2106 765 2134; x_wconf 85' lang='lat' dir='ltr'><strong>humiliavit</strong></span> <span class='ocrx_word' id='word_1_622' title='bbox 780 2115 865 2142; x_wconf 84' lang='lat' dir='ltr'><strong>usque</strong></span> <span class='ocrx_word' id='word_1_623' title='bbox 879 2107 911 2133; x_wconf 89' lang='lat' dir='ltr'><strong>ad</strong></span> <span class='ocrx_word' id='word_1_624' title='bbox 926 2112 1039 2134; x_wconf 88' lang='lat' dir='ltr'><strong>mortem</strong></span> <span class='ocrx_word' id='word_1_625' title='bbox 1053 2116 1059 2134; x_wconf 87' lang='lat'>:</span> 
     </span>
    </p>
   </div>
   <div class='ocr_carea' id='block_1_76' title="bbox 277 2152 1061 2188">
    <p class='ocr_par' dir='ltr' id='par_1_76' title="bbox 277 2152 1061 2188">
     <span class='ocr_line' id='line_1_76' title="bbox 277 2152 1061 2188; baseline -0.001 -8"><span class='ocrx_word' id='word_1_626' title='bbox 277 2156 305 2180; x_wconf 84' lang='lat' dir='ltr'><strong>et</strong></span> <span class='ocrx_word' id='word_1_627' title='bbox 324 2152 397 2180; x_wconf 86' lang='lat' dir='ltr'><strong>sicut</strong></span> <span class='ocrx_word' id='word_1_628' title='bbox 410 2152 499 2180; x_wconf 81' lang='lat' dir='ltr'><strong>factus</strong></span> <span class='ocrx_word' id='word_1_629' title='bbox 514 2155 557 2179; x_wconf 86' lang='lat' dir='ltr'><strong>est</strong></span> <span class='ocrx_word' id='word_1_630' title='bbox 576 2152 604 2179; x_wconf 90' lang='lat' dir='ltr'><strong>in</strong></span> <span class='ocrx_word' id='word_1_631' title='bbox 621 2152 826 2180; x_wconf 85' lang='lat' dir='ltr'><strong>similitudinem</strong></span> <span class='ocrx_word' id='word_1_632' title='bbox 841 2153 933 2180; x_wconf 87' lang='lat' dir='ltr'><strong>carnis</strong></span> <span class='ocrx_word' id='word_1_633' title='bbox 947 2153 1061 2188; x_wconf 81' lang='lat' dir='ltr'><strong>peccati,</strong></span> 
     </span>
    </p>
   </div>
   <div class='ocr_carea' id='block_1_77' title="bbox 279 2197 1062 2234">
    <p class='ocr_par' dir='ltr' id='par_1_77' title="bbox 279 2197 1062 2234">
     <span class='ocr_line' id='line_1_77' title="bbox 279 2197 1062 2234; baseline -0.001 -8"><span class='ocrx_word' id='word_1_634' title='bbox 279 2199 316 2226; x_wconf 88' lang='lat' dir='ltr'><strong>ita</strong></span> <span class='ocrx_word' id='word_1_635' title='bbox 331 2198 421 2226; x_wconf 82' lang='lat' dir='ltr'><strong>factus</strong></span> <span class='ocrx_word' id='word_1_636' title='bbox 432 2201 474 2226; x_wconf 86' lang='lat' dir='ltr'><strong>est</strong></span> <span class='ocrx_word' id='word_1_637' title='bbox 486 2197 558 2225; x_wconf 80' lang='lat' dir='ltr'><strong>sicut</strong></span> <span class='ocrx_word' id='word_1_638' title='bbox 572 2206 643 2226; x_wconf 89' lang='lat' dir='ltr'><strong>unus</strong></span> <span class='ocrx_word' id='word_1_639' title='bbox 655 2206 689 2226; x_wconf 85' lang='lat' dir='ltr'><strong>ex</strong></span> <span class='ocrx_word' id='word_1_640' title='bbox 706 2199 860 2226; x_wconf 87' lang='lat' dir='ltr'><strong>hominibus</strong></span> <span class='ocrx_word' id='word_1_641' title='bbox 879 2199 938 2227; x_wconf 84' lang='lat' dir='ltr'><strong>sine</strong></span> <span class='ocrx_word' id='word_1_642' title='bbox 954 2199 1062 2234; x_wconf 61' lang='lat' dir='ltr'><strong>adjutoo</strong></span> 
     </span>
    </p>
   </div>
   <div class='ocr_carea' id='block_1_78' title="bbox 277 2243 1059 2280">
    <p class='ocr_par' dir='ltr' id='par_1_78' title="bbox 277 2243 1059 2280">
     <span class='ocr_line' id='line_1_78' title="bbox 277 2243 1059 2280; baseline 0 -8"><span class='ocrx_word' id='word_1_643' title='bbox 277 2245 327 2272; x_wconf 85' lang='lat' dir='ltr'><strong>rio.</strong></span> <span class='ocrx_word' id='word_1_644' title='bbox 342 2243 376 2271; x_wconf 85' lang='lat' dir='ltr'><strong>At</strong></span> <span class='ocrx_word' id='word_1_645' title='bbox 387 2244 450 2279; x_wconf 79' lang='lat' dir='ltr'><strong>quia</strong></span> <span class='ocrx_word' id='word_1_646' title='bbox 467 2252 522 2271; x_wconf 90' lang='lat' dir='ltr'><strong>non</strong></span> <span class='ocrx_word' id='word_1_647' title='bbox 539 2252 599 2272; x_wconf 84' lang='lat' dir='ltr'><strong>vere</strong></span> <span class='ocrx_word' id='word_1_648' title='bbox 619 2248 646 2271; x_wconf 92' lang='lat' dir='ltr'><strong>et</strong></span> <span class='ocrx_word' id='word_1_649' title='bbox 666 2244 756 2280; x_wconf 85' lang='lat' dir='ltr'><strong>reipsa</strong></span> <span class='ocrx_word' id='word_1_650' title='bbox 775 2245 801 2271; x_wconf 94' lang='lat' dir='ltr'><strong>in</strong></span> <span class='ocrx_word' id='word_1_651' title='bbox 824 2245 998 2272; x_wconf 87' lang='lat' dir='ltr'><strong>multitudine</strong></span> <span class='ocrx_word' id='word_1_652' title='bbox 1014 2245 1059 2272; x_wconf 90' lang='lat' dir='ltr'><strong>illa</strong></span> 
     </span>
    </p>
   </div>
   <div class='ocr_carea' id='block_1_79' title="bbox 276 2289 1060 2322">
    <p class='ocr_par' dir='ltr' id='par_1_79' title="bbox 276 2289 1060 2322">
     <span class='ocr_line' id='line_1_79' title="bbox 276 2289 1060 2322; baseline 0 -4"><span class='ocrx_word' id='word_1_653' title='bbox 276 2291 482 2322; x_wconf 76' lang='lat' dir='ltr'><strong>numerabatur,</strong></span> <span class='ocrx_word' id='word_1_654' title='bbox 506 2290 581 2318; x_wconf 88' lang='lat' dir='ltr'><strong>solus</strong></span> <span class='ocrx_word' id='word_1_655' title='bbox 597 2289 667 2317; x_wconf 87' lang='lat' dir='ltr'><strong>inter</strong></span> <span class='ocrx_word' id='word_1_656' title='bbox 695 2293 818 2318; x_wconf 86' lang='lat' dir='ltr'><strong>mortuos</strong></span> <span class='ocrx_word' id='word_1_657' title='bbox 835 2290 902 2317; x_wconf 86' lang='lat' dir='ltr'><strong>liber</strong></span> <span class='ocrx_word' id='word_1_658' title='bbox 925 2295 994 2322; x_wconf 84' lang='lat' dir='ltr'><strong>erat,</strong></span> <span class='ocrx_word' id='word_1_659' title='bbox 1011 2297 1060 2318; x_wconf 85' lang='lat' dir='ltr'><strong>nec</strong></span> 
     </span>
    </p>
   </div>
   <div class='ocr_carea' id='block_1_80' title="bbox 1153 1829 1901 1865">
    <p class='ocr_par' dir='ltr' id='par_1_80' title="bbox 1153 1829 1901 1865">
     <span class='ocr_line' id='line_1_80' title="bbox 1153 1829 1901 1865; baseline -0.001 -8"><span class='ocrx_word' id='word_1_660' title='bbox 1153 1830 1311 1864; x_wconf 76' lang='grc' dir='ltr'><strong>Ἐγενήθην</strong></span> <span class='ocrx_word' id='word_1_661' title='bbox 1321 1830 1390 1857; x_wconf 77' lang='grc' dir='ltr'><em>ὡσεὶ</em></span> <span class='ocrx_word' id='word_1_662' title='bbox 1401 1830 1554 1864; x_wconf 79' lang='grc' dir='ltr'>ἅνθρωπος</span> <span class='ocrx_word' id='word_1_663' title='bbox 1566 1829 1732 1864; x_wconf 81' lang='grc' dir='ltr'>ἀϐοήθητος</span> <span class='ocrx_word' id='word_1_664' title='bbox 1740 1829 1775 1856; x_wconf 70' lang='grc' dir='ltr'><strong>ἐν</strong></span> <span class='ocrx_word' id='word_1_665' title='bbox 1787 1830 1901 1865; x_wconf 80' lang='grc' dir='ltr'><strong>νεκροῖς</strong></span> 
     </span>
    </p>
   </div>
   <div class='ocr_carea' id='block_1_81' title="bbox 1111 1876 1899 1911">
    <p class='ocr_par' dir='ltr' id='par_1_81' title="bbox 1111 1876 1899 1911">
     <span class='ocr_line' id='line_1_81' title="bbox 1111 1876 1899 1911; baseline 0 -8"><span class='ocrx_word' id='word_1_666' title='bbox 1111 1876 1275 1910; x_wconf 65' lang='grc' dir='ltr'><strong>ἐλεύθερος·</strong></span> <span class='ocrx_word' id='word_1_667' title='bbox 1286 1876 1357 1903; x_wconf 77' lang='grc' dir='ltr'><strong>ὡσεὶ</strong></span> <span class='ocrx_word' id='word_1_668' title='bbox 1370 1877 1542 1911; x_wconf 79' lang='grc' dir='ltr'>τραυματίαι</span> <span class='ocrx_word' id='word_1_669' title='bbox 1553 1876 1747 1908; x_wconf 76' lang='grc' dir='ltr'><strong>καθεύδοντες</strong></span> <span class='ocrx_word' id='word_1_670' title='bbox 1759 1877 1795 1903; x_wconf 79' lang='grc' dir='ltr'><strong>ὲν</strong></span> <span class='ocrx_word' id='word_1_671' title='bbox 1808 1876 1899 1911; x_wconf 63' lang='grc' dir='ltr'><strong>τάφῳ,</strong></span> 
     </span>
    </p>
   </div>
   <div class='ocr_carea' id='block_1_82' title="bbox 1111 1917 1900 1956">
    <p class='ocr_par' dir='ltr' id='par_1_82' title="bbox 1111 1917 1900 1956">
     <span class='ocr_line' id='line_1_82' title="bbox 1111 1917 1900 1956; baseline 0.003 -9"><span class='ocrx_word' id='word_1_672' title='bbox 1111 1917 1154 1947; x_wconf 81' lang='grc' dir='ltr'>ὧν</span> <span class='ocrx_word' id='word_1_673' title='bbox 1167 1922 1222 1947; x_wconf 73' lang='grc' dir='ltr'><strong>οὐκ</strong></span> <span class='ocrx_word' id='word_1_674' title='bbox 1234 1920 1386 1955; x_wconf 58' lang='grc' dir='ltr'><strong>ἑμιηῇσθης</strong></span> <span class='ocrx_word' id='word_1_675' title='bbox 1400 1920 1452 1951; x_wconf 79' lang='grc' dir='ltr'><strong>ἔτι,</strong></span> <span class='ocrx_word' id='word_1_676' title='bbox 1467 1921 1515 1947; x_wconf 80' lang='grc' dir='ltr'><strong>καὶ</strong></span> <span class='ocrx_word' id='word_1_677' title='bbox 1529 1921 1612 1948; x_wconf 80' lang='grc' dir='ltr'>αὐτοὶ</span> <span class='ocrx_word' id='word_1_678' title='bbox 1625 1921 1658 1947; x_wconf 80' lang='grc' dir='ltr'><strong>ἐκ</strong></span> <span class='ocrx_word' id='word_1_679' title='bbox 1669 1921 1722 1955; x_wconf 82' lang='grc' dir='ltr'>τῆς</span> <span class='ocrx_word' id='word_1_680' title='bbox 1735 1923 1831 1956; x_wconf 80' lang='grc' dir='ltr'>χειρός</span> <span class='ocrx_word' id='word_1_681' title='bbox 1844 1930 1900 1949; x_wconf 87' lang='grc' dir='ltr'><strong>σου</strong></span> 
     </span>
    </p>
   </div>
   <div class='ocr_carea' id='block_1_83' title="bbox 1112 1965 1899 2002">
    <p class='ocr_par' dir='ltr' id='par_1_83' title="bbox 1112 1965 1899 2002">
     <span class='ocr_line' id='line_1_83' title="bbox 1112 1965 1899 2002; baseline 0.001 -9"><span class='ocrx_word' id='word_1_682' title='bbox 1112 1965 1322 2000; x_wconf 76' lang='grc' dir='ltr'><strong>ἀπεώσθησαν.</strong></span> <span class='ocrx_word' id='word_1_683' title='bbox 1335 1967 1366 1993; x_wconf 89' lang='grc' dir='ltr'><strong>Οἱ</strong></span> <span class='ocrx_word' id='word_1_684' title='bbox 1382 1966 1488 2002; x_wconf 81' lang='grc' dir='ltr'>ἀληθῶς</span> <span class='ocrx_word' id='word_1_685' title='bbox 1502 1967 1647 2002; x_wconf 78' lang='grc' dir='ltr'>ἀὸοήοητοι</span> <span class='ocrx_word' id='word_1_686' title='bbox 1662 1967 1712 1994; x_wconf 77' lang='grc' dir='ltr'><strong>ὑπὸ</strong></span> <span class='ocrx_word' id='word_1_687' title='bbox 1724 1967 1770 1994; x_wconf 82' lang='grc' dir='ltr'>τοῦ</span> <span class='ocrx_word' id='word_1_688' title='bbox 1785 1967 1899 1994; x_wconf 75' lang='grc' dir='ltr'>θανάτου</span> 
     </span>
    </p>
   </div>
   <div class='ocr_carea' id='block_1_84' title="bbox 1112 2013 1896 2047">
    <p class='ocr_par' dir='ltr' id='par_1_84' title="bbox 1112 2013 1896 2047">
     <span class='ocr_line' id='line_1_84' title="bbox 1112 2013 1896 2047; baseline 0 -8"><span class='ocrx_word' id='word_1_689' title='bbox 1112 2013 1310 2047; x_wconf 78' lang='grc' dir='ltr'>κυριευόμενοι,</span> <span class='ocrx_word' id='word_1_690' title='bbox 1326 2013 1490 2047; x_wconf 80' lang='grc' dir='ltr'>κατάγονται</span> <span class='ocrx_word' id='word_1_691' title='bbox 1514 2014 1560 2040; x_wconf 76' lang='grc' dir='ltr'>καὶ</span> <span class='ocrx_word' id='word_1_692' title='bbox 1575 2014 1726 2047; x_wconf 76' lang='grc' dir='ltr'>ἀπάγονται</span> <span class='ocrx_word' id='word_1_693' title='bbox 1747 2014 1793 2040; x_wconf 80' lang='grc' dir='ltr'>ὑπ’</span> <span class='ocrx_word' id='word_1_694' title='bbox 1806 2013 1896 2041; x_wconf 74' lang='grc' dir='ltr'>αὑτοῦ.</span> 
     </span>
    </p>
   </div>
   <div class='ocr_carea' id='block_1_85' title="bbox 1113 2057 1899 2094">
    <p class='ocr_par' dir='ltr' id='par_1_85' title="bbox 1113 2057 1899 2094">
     <span class='ocr_line' id='line_1_85' title="bbox 1113 2057 1899 2094; baseline 0.001 -10"><span class='ocrx_word' id='word_1_695' title='bbox 1113 2059 1201 2089; x_wconf 83' lang='grc' dir='ltr'>Μόνος</span> <span class='ocrx_word' id='word_1_696' title='bbox 1217 2058 1245 2084; x_wconf 78' lang='grc' dir='ltr'><strong>δὲ</strong></span> <span class='ocrx_word' id='word_1_697' title='bbox 1262 2059 1276 2085; x_wconf 84' lang='grc' dir='ltr'>ὁ</span> <span class='ocrx_word' id='word_1_698' title='bbox 1291 2057 1385 2094; x_wconf 63' lang='grc' dir='ltr'>ἃοτὴρ</span> <span class='ocrx_word' id='word_1_699' title='bbox 1402 2059 1448 2085; x_wconf 80' lang='grc' dir='ltr'><strong>καὶ</strong></span> <span class='ocrx_word' id='word_1_700' title='bbox 1461 2058 1562 2093; x_wconf 84' lang='grc' dir='ltr'>Κύριος</span> <span class='ocrx_word' id='word_1_701' title='bbox 1575 2059 1590 2093; x_wconf 81' lang='grc' dir='ltr'>ἡ</span> <span class='ocrx_word' id='word_1_702' title='bbox 1596 2059 1654 2093; x_wconf 87' lang='grc' dir='ltr'><strong>μῶν</strong></span> <span class='ocrx_word' id='word_1_703' title='bbox 1671 2059 1765 2085; x_wconf 71' lang='grc' dir='ltr'>ἑαυτὸν</span> <span class='ocrx_word' id='word_1_704' title='bbox 1783 2059 1899 2086; x_wconf 74' lang='grc' dir='ltr'><strong>ὲκένωσε</strong></span> 
     </span>
    </p>
   </div>
   <div class='ocr_carea' id='block_1_86' title="bbox 1113 2104 1900 2141">
    <p class='ocr_par' dir='ltr' id='par_1_86' title="bbox 1113 2104 1900 2141">
     <span class='ocr_line' id='line_1_86' title="bbox 1113 2104 1900 2141; baseline 0.001 -11"><span class='ocrx_word' id='word_1_705' title='bbox 1113 2105 1158 2131; x_wconf 81' lang='grc' dir='ltr'><strong>καὶ</strong></span> <span class='ocrx_word' id='word_1_706' title='bbox 1175 2104 1268 2131; x_wconf 78' lang='grc' dir='ltr'>ἑαυτὸν</span> <span class='ocrx_word' id='word_1_707' title='bbox 1293 2105 1457 2131; x_wconf 76' lang='grc' dir='ltr'><strong>ἐταπείνωσε</strong></span> <span class='ocrx_word' id='word_1_708' title='bbox 1482 2105 1562 2140; x_wconf 77' lang='grc' dir='ltr'>μέχρι</span> <span class='ocrx_word' id='word_1_709' title='bbox 1584 2105 1708 2132; x_wconf 69' lang='grc' dir='ltr'>θανάτοω</span> <span class='ocrx_word' id='word_1_710' title='bbox 1735 2105 1781 2132; x_wconf 75' lang='grc' dir='ltr'>καὶ</span> <span class='ocrx_word' id='word_1_711' title='bbox 1806 2105 1900 2141; x_wconf 83' lang='grc' dir='ltr'>ὥσπερ</span> 
     </span>
    </p>
   </div>
   <div class='ocr_carea' id='block_1_87' title="bbox 1112 2149 1900 2186">
    <p class='ocr_par' dir='ltr' id='par_1_87' title="bbox 1112 2149 1900 2186">
     <span class='ocr_line' id='line_1_87' title="bbox 1112 2149 1900 2186; baseline 0.003 -11"><span class='ocrx_word' id='word_1_712' title='bbox 1112 2150 1220 2184; x_wconf 80' lang='grc' dir='ltr'>γέγονεν</span> <span class='ocrx_word' id='word_1_713' title='bbox 1232 2151 1260 2175; x_wconf 80' lang='grc' dir='ltr'>ἐν</span> <span class='ocrx_word' id='word_1_714' title='bbox 1269 2149 1421 2184; x_wconf 77' lang='grc' dir='ltr'>ὁμοιώματι</span> <span class='ocrx_word' id='word_1_715' title='bbox 1436 2150 1535 2185; x_wconf 70' lang='grc' dir='ltr'>σαρκὸς</span> <span class='ocrx_word' id='word_1_716' title='bbox 1548 2151 1693 2185; x_wconf 82' lang='grc' dir='ltr'>ἁμαρτίας,</span> <span class='ocrx_word' id='word_1_717' title='bbox 1705 2150 1791 2182; x_wconf 79' lang='grc' dir='ltr'>οὕτως</span> <span class='ocrx_word' id='word_1_718' title='bbox 1806 2152 1900 2186; x_wconf 77' lang='grc' dir='ltr'><strong>ἐγενή-</strong></span> 
     </span>
    </p>
   </div>
   <div class='ocr_carea' id='block_1_88' title="bbox 1113 2193 1898 2232">
    <p class='ocr_par' dir='ltr' id='par_1_88' title="bbox 1113 2193 1898 2232">
     <span class='ocr_line' id='line_1_88' title="bbox 1113 2193 1898 2232; baseline 0.003 -11"><span class='ocrx_word' id='word_1_719' title='bbox 1113 2195 1146 2230; x_wconf 85' lang='grc' dir='ltr'><strong>Θη</strong></span> <span class='ocrx_word' id='word_1_720' title='bbox 1164 2196 1201 2226; x_wconf 78' lang='grc' dir='ltr'>ὡς</span> <span class='ocrx_word' id='word_1_721' title='bbox 1218 2193 1257 2226; x_wconf 77' lang='grc' dir='ltr'><strong>εἷς</strong></span> <span class='ocrx_word' id='word_1_722' title='bbox 1271 2194 1324 2222; x_wconf 81' lang='grc' dir='ltr'><strong>τῶν</strong></span> <span class='ocrx_word' id='word_1_723' title='bbox 1346 2195 1503 2231; x_wconf 73' lang='grc' dir='ltr'>ἀϐοηθήτων</span> <span class='ocrx_word' id='word_1_724' title='bbox 1520 2195 1677 2231; x_wconf 79' lang='grc' dir='ltr'>ἀνθρώπων.</span> <span class='ocrx_word' id='word_1_725' title='bbox 1703 2196 1770 2222; x_wconf 79' lang='grc' dir='ltr'>Ἀλλ’</span> <span class='ocrx_word' id='word_1_726' title='bbox 1785 2197 1846 2223; x_wconf 81' lang='grc' dir='ltr'>ἐπεὶ</span> <span class='ocrx_word' id='word_1_727' title='bbox 1863 2197 1898 2232; x_wconf 80' lang='grc' dir='ltr'>μὴ</span> 
     </span>
    </p>
   </div>
   <div class='ocr_carea' id='block_1_89' title="bbox 1112 2238 1899 2278">
    <p class='ocr_par' dir='ltr' id='par_1_89' title="bbox 1112 2238 1899 2278">
     <span class='ocr_line' id='line_1_89' title="bbox 1112 2238 1899 2278; baseline 0.001 -10"><span class='ocrx_word' id='word_1_728' title='bbox 1112 2241 1219 2277; x_wconf 81' lang='grc' dir='ltr'>ἀληθῶς</span> <span class='ocrx_word' id='word_1_729' title='bbox 1232 2238 1271 2272; x_wconf 74' lang='grc' dir='ltr'><strong>εἷς</strong></span> <span class='ocrx_word' id='word_1_730' title='bbox 1285 2239 1318 2276; x_wconf 77' lang='grc' dir='ltr'>ἦν</span> <span class='ocrx_word' id='word_1_731' title='bbox 1331 2241 1386 2267; x_wconf 85' lang='grc' dir='ltr'><strong>τῶν</strong></span> <span class='ocrx_word' id='word_1_732' title='bbox 1396 2241 1512 2272; x_wconf 79' lang='grc' dir='ltr'>πολλῶν,</span> <span class='ocrx_word' id='word_1_733' title='bbox 1527 2242 1606 2276; x_wconf 78' lang='grc' dir='ltr'>μόνος</span> <span class='ocrx_word' id='word_1_734' title='bbox 1619 2242 1646 2268; x_wconf 81' lang='grc' dir='ltr'>ἐν</span> <span class='ocrx_word' id='word_1_735' title='bbox 1658 2244 1763 2278; x_wconf 78' lang='grc' dir='ltr'>νεκροῖς</span> <span class='ocrx_word' id='word_1_736' title='bbox 1777 2241 1812 2278; x_wconf 83' lang='grc' dir='ltr'>ἦν</span> <span class='ocrx_word' id='word_1_737' title='bbox 1826 2242 1899 2269; x_wconf 79' lang='grc' dir='ltr'><strong>ἐλεύ-</strong></span> 
     </span>
    </p>
   </div>
   <div class='ocr_carea' id='block_1_90' title="bbox 1113 2286 1898 2323">
    <p class='ocr_par' dir='ltr' id='par_1_90' title="bbox 1113 2286 1898 2323">
     <span class='ocr_line' id='line_1_90' title="bbox 1113 2286 1898 2323; baseline 0.001 -10"><span class='ocrx_word' id='word_1_738' title='bbox 1113 2286 1200 2322; x_wconf 83' lang='grc' dir='ltr'>θερος,</span> <span class='ocrx_word' id='word_1_739' title='bbox 1216 2286 1364 2319; x_wconf 84' lang='grc' dir='ltr'>ἀδούλωτος</span> <span class='ocrx_word' id='word_1_740' title='bbox 1386 2286 1424 2322; x_wconf 80' lang='grc' dir='ltr'>τῷ</span> <span class='ocrx_word' id='word_1_741' title='bbox 1448 2287 1556 2322; x_wconf 77' lang='grc' dir='ltr'>Θανάτῳ</span> <span class='ocrx_word' id='word_1_742' title='bbox 1581 2288 1684 2323; x_wconf 78' lang='grc' dir='ltr'>μείνας.</span> <span class='ocrx_word' id='word_1_743' title='bbox 1713 2288 1784 2314; x_wconf 78' lang='grc' dir='ltr'>Ἀντὶ</span> <span class='ocrx_word' id='word_1_744' title='bbox 1799 2288 1828 2314; x_wconf 74' lang='grc' dir='ltr'><strong>δὲ</strong></span> <span class='ocrx_word' id='word_1_745' title='bbox 1841 2287 1898 2319; x_wconf 80' lang='grc' dir='ltr'>τοῦ,</span> 
     </span>
    </p>
   </div>
   <div class='ocr_carea' id='block_1_91' title="bbox 276 2319 1065 2365">
    <p class='ocr_par' dir='ltr' id='par_1_91' title="bbox 276 2335 1057 2364">
     <span class='ocr_line' id='line_1_91' title="bbox 276 2335 1057 2364; baseline -0.003 0"><span class='ocrx_word' id='word_1_746' title='bbox 276 2336 329 2364; x_wconf 79' lang='lat' dir='ltr'><strong>sub</strong></span> <span class='ocrx_word' id='word_1_747' title='bbox 350 2337 446 2364; x_wconf 85' lang='lat' dir='ltr'><strong>mortis</strong></span> <span class='ocrx_word' id='word_1_748' title='bbox 473 2335 605 2362; x_wconf 83' lang='lat' dir='ltr'><strong>servitute</strong></span> <span class='ocrx_word' id='word_1_749' title='bbox 635 2335 780 2362; x_wconf 84' lang='lat' dir='ltr'><strong>remansit.</strong></span> <span class='ocrx_word' id='word_1_750' title='bbox 807 2335 860 2362; x_wconf 88' lang='lat' dir='ltr'><strong>Pro</strong></span> <span class='ocrx_word' id='word_1_751' title='bbox 880 2335 927 2362; x_wconf 93' lang='lat' dir='ltr'><strong>illo</strong></span> <span class='ocrx_word' id='word_1_752' title='bbox 946 2339 1057 2362; x_wconf 87' lang='lat' dir='ltr'><strong>autem:</strong></span> 
     </span>
    </p>
   </div>
   <div class='ocr_carea' id='block_1_92' title="bbox 1116 2319 1899 2365">
    <p class='ocr_par' dir='ltr' id='par_1_92' title="bbox 1119 2319 1899 2365">
     <span class='ocr_line' id='line_1_92' title="bbox 1119 2319 1899 2365; baseline 0 -7"><span class='ocrx_word' id='word_1_753' title='bbox 1119 2319 1170 2358; x_wconf 64' lang='grc' dir='ltr'><strong>’έν</strong></span> <span class='ocrx_word' id='word_1_754' title='bbox 1186 2331 1303 2365; x_wconf 77' lang='grc' dir='ltr'><strong>νεκροῖς</strong></span> <span class='ocrx_word' id='word_1_755' title='bbox 1316 2319 1481 2365; x_wconf 66' lang='grc' dir='ltr'>ἐλεύθέρος,</span> <span class='ocrx_word' id='word_1_756' title='bbox 1498 2333 1512 2357; x_wconf 84' lang='grc' dir='ltr'><strong>ὀ</strong></span> <span class='ocrx_word' id='word_1_757' title='bbox 1526 2319 1649 2363; x_wconf 53' lang='grc' dir='ltr'><strong>’Ᾰκῦλαῇ</strong></span> <span class='ocrx_word' id='word_1_758' title='bbox 1659 2333 1706 2358; x_wconf 82' lang='grc' dir='ltr'><strong>Ἐν</strong></span> <span class='ocrx_word' id='word_1_759' title='bbox 1720 2333 1899 2365; x_wconf 71' lang='grc' dir='ltr'><strong>τεθνηκόσιν</strong></span> 
     </span>
    </p>
   </div>
   <div class='ocr_carea' id='block_1_93' title="bbox 277 2381 1057 2417">
    <p class='ocr_par' dir='ltr' id='par_1_93' title="bbox 277 2381 1057 2417">
     <span class='ocr_line' id='line_1_93' title="bbox 277 2381 1057 2417; baseline -0.003 -7"><span class='ocrx_word' id='word_1_760' title='bbox 277 2381 351 2410; x_wconf 82' lang='lat' dir='ltr'><strong>lnter</strong></span> <span class='ocrx_word' id='word_1_761' title='bbox 362 2387 479 2410; x_wconf 85' lang='lat' dir='ltr'><strong>mortuos</strong></span> <span class='ocrx_word' id='word_1_762' title='bbox 496 2383 572 2415; x_wconf 81' lang='lat' dir='ltr'><strong>liber,</strong></span> <span class='ocrx_word' id='word_1_763' title='bbox 583 2381 692 2417; x_wconf 81' lang='lat' dir='ltr'><strong>Aquila.</strong></span> <span class='ocrx_word' id='word_1_764' title='bbox 710 2381 742 2410; x_wconf 87' lang='lat' dir='ltr'><strong>In</strong></span> <span class='ocrx_word' id='word_1_765' title='bbox 753 2382 863 2409; x_wconf 80' lang='lat' dir='ltr'><strong>mortuis</strong></span> <span class='ocrx_word' id='word_1_766' title='bbox 875 2381 949 2414; x_wconf 82' lang='lat' dir='ltr'><strong>liber,</strong></span> <span class='ocrx_word' id='word_1_767' title='bbox 959 2381 1057 2415; x_wconf 86' lang='lat' dir='ltr'><strong>edidit;</strong></span> 
     </span>
    </p>
   </div>
   <div class='ocr_carea' id='block_1_94' title="bbox 277 2427 1057 2463">
    <p class='ocr_par' dir='ltr' id='par_1_94' title="bbox 277 2427 1057 2463">
     <span class='ocr_line' id='line_1_94' title="bbox 277 2427 1057 2463; baseline -0.001 -8"><span class='ocrx_word' id='word_1_768' title='bbox 277 2427 458 2463; x_wconf 84' lang='lat' dir='ltr'><strong>Symmachus</strong></span> <span class='ocrx_word' id='word_1_769' title='bbox 483 2435 566 2461; x_wconf 83' lang='lat' dir='ltr'><strong>vero,</strong></span> <span class='ocrx_word' id='word_1_770' title='bbox 597 2427 672 2455; x_wconf 84' lang='lat' dir='ltr'><strong>Inter</strong></span> <span class='ocrx_word' id='word_1_771' title='bbox 692 2432 809 2455; x_wconf 86' lang='lat' dir='ltr'><strong>mortuos</strong></span> <span class='ocrx_word' id='word_1_772' title='bbox 832 2427 958 2454; x_wconf 80' lang='lat' dir='ltr'><strong>dimissus</strong></span> <span class='ocrx_word' id='word_1_773' title='bbox 981 2427 1057 2454; x_wconf 79' lang='lat' dir='ltr'><strong>liber.</strong></span> 
     </span>
    </p>
   </div>
   <div class='ocr_carea' id='block_1_95' title="bbox 277 2472 1056 2508">
    <p class='ocr_par' dir='ltr' id='par_1_95' title="bbox 277 2472 1056 2508">
     <span class='ocr_line' id='line_1_95' title="bbox 277 2472 1056 2508; baseline 0 -9"><span class='ocrx_word' id='word_1_774' title='bbox 277 2472 340 2500; x_wconf 69' lang='lat' dir='ltr'><strong>llam</strong></span> <span class='ocrx_word' id='word_1_775' title='bbox 357 2481 439 2508; x_wconf 84' lang='lat' dir='ltr'><strong>porro</strong></span> <span class='ocrx_word' id='word_1_776' title='bbox 453 2481 515 2501; x_wconf 88' lang='lat' dir='ltr'><strong>cum</strong></span> <span class='ocrx_word' id='word_1_777' title='bbox 530 2473 706 2501; x_wconf 85' lang='lat' dir='ltr'><strong>distinctione</strong></span> <span class='ocrx_word' id='word_1_778' title='bbox 727 2473 817 2508; x_wconf 70' lang='lat' dir='ltr'><strong>legas;</strong></span> <span class='ocrx_word' id='word_1_779' title='bbox 841 2473 878 2500; x_wconf 89' lang='lat' dir='ltr'><strong>ita</strong></span> <span class='ocrx_word' id='word_1_780' title='bbox 893 2476 923 2499; x_wconf 90' lang='lat' dir='ltr'><strong>ut</strong></span> <span class='ocrx_word' id='word_1_781' title='bbox 939 2473 1031 2500; x_wconf 75' lang='lat' dir='ltr'><strong>isthzee</strong></span> <span class='ocrx_word' id='word_1_782' title='bbox 1049 2481 1056 2500; x_wconf 88' lang='lat'>:</span> 
     </span>
    </p>
   </div>
   <div class='ocr_carea' id='block_1_96' title="bbox 278 2518 1057 2554">
    <p class='ocr_par' dir='ltr' id='par_1_96' title="bbox 278 2518 1057 2554">
     <span class='ocr_line' id='line_1_96' title="bbox 278 2518 1057 2554; baseline 0 -9"><span class='ocrx_word' id='word_1_783' title='bbox 278 2518 377 2546; x_wconf 84' lang='lat' dir='ltr'><strong>Factus</strong></span> <span class='ocrx_word' id='word_1_784' title='bbox 390 2527 450 2546; x_wconf 86' lang='lat' dir='ltr'><strong>sum</strong></span> <span class='ocrx_word' id='word_1_785' title='bbox 464 2520 530 2546; x_wconf 81' lang='lat' dir='ltr'><strong>sicut</strong></span> <span class='ocrx_word' id='word_1_786' title='bbox 543 2519 620 2547; x_wconf 85' lang='lat' dir='ltr'><strong>homo</strong></span> <span class='ocrx_word' id='word_1_787' title='bbox 631 2519 686 2546; x_wconf 85' lang='lat' dir='ltr'><strong>sine</strong></span> <span class='ocrx_word' id='word_1_788' title='bbox 700 2518 832 2554; x_wconf 85' lang='lat' dir='ltr'><strong>adjutorio</strong></span> <span class='ocrx_word' id='word_1_789' title='bbox 847 2519 915 2546; x_wconf 78' lang='lat' dir='ltr'><strong>inter</strong></span> <span class='ocrx_word' id='word_1_790' title='bbox 929 2523 1057 2551; x_wconf 88' lang='lat' dir='ltr'><strong>mortuos,</strong></span> 
     </span>
    </p>
   </div>
   <div class='ocr_carea' id='block_1_97' title="bbox 278 2562 1058 2598">
    <p class='ocr_par' dir='ltr' id='par_1_97' title="bbox 278 2562 1058 2598">
     <span class='ocr_line' id='line_1_97' title="bbox 278 2562 1058 2598; baseline -0.003 -8"><span class='ocrx_word' id='word_1_791' title='bbox 278 2563 419 2598; x_wconf 79' lang='lat' dir='ltr'><strong>scjungas;</strong></span> <span class='ocrx_word' id='word_1_792' title='bbox 436 2563 533 2590; x_wconf 80' lang='lat' dir='ltr'><strong>deinde</strong></span> <span class='ocrx_word' id='word_1_793' title='bbox 547 2570 612 2591; x_wconf 88' lang='lat' dir='ltr'><strong>vero</strong></span> <span class='ocrx_word' id='word_1_794' title='bbox 630 2563 720 2590; x_wconf 84' lang='lat' dir='ltr'><strong>addita</strong></span> <span class='ocrx_word' id='word_1_795' title='bbox 735 2567 796 2598; x_wconf 86' lang='lat' dir='ltr'><strong>post</strong></span> <span class='ocrx_word' id='word_1_796' title='bbox 813 2562 891 2595; x_wconf 82' lang='lat' dir='ltr'><strong>illud,</strong></span> <span class='ocrx_word' id='word_1_797' title='bbox 908 2562 975 2589; x_wconf 78' lang='lat' dir='ltr'><strong>inter</strong></span> <span class='ocrx_word' id='word_1_798' title='bbox 986 2570 1058 2588; x_wconf 90' lang='lat' dir='ltr'><strong>mor-</strong></span> 
     </span>
    </p>
   </div>
   <div class='ocr_carea' id='block_1_98' title="bbox 278 2607 1058 2643">
    <p class='ocr_par' dir='ltr' id='par_1_98' title="bbox 278 2607 1058 2643">
     <span class='ocr_line' id='line_1_98' title="bbox 278 2607 1058 2643; baseline -0.001 -8"><span class='ocrx_word' id='word_1_799' title='bbox 278 2613 346 2640; x_wconf 78' lang='lat' dir='ltr'><strong>tuos,</strong></span> <span class='ocrx_word' id='word_1_800' title='bbox 359 2608 587 2643; x_wconf 85' lang='lat' dir='ltr'><strong>interpunctione,</strong></span> <span class='ocrx_word' id='word_1_801' title='bbox 601 2609 680 2643; x_wconf 88' lang='lat' dir='ltr'><strong>quasi</strong></span> <span class='ocrx_word' id='word_1_802' title='bbox 704 2608 827 2643; x_wconf 80' lang='lat' dir='ltr'><strong>negative</strong></span> <span class='ocrx_word' id='word_1_803' title='bbox 846 2608 961 2642; x_wconf 72' lang='lat' dir='ltr'><strong>ailjicias</strong></span> <span class='ocrx_word' id='word_1_804' title='bbox 981 2607 1058 2639; x_wconf 87' lang='lat' dir='ltr'><strong>illud,</strong></span> 
     </span>
    </p>
   </div>
   <div class='ocr_carea' id='block_1_99' title="bbox 277 2648 1059 2693">
    <p class='ocr_par' dir='ltr' id='par_1_99' title="bbox 277 2648 1059 2693">
     <span class='ocr_line' id='line_1_99' title="bbox 277 2648 1059 2693; baseline 0 -13"><span class='ocrx_word' id='word_1_805' title='bbox 277 2654 357 2681; x_wconf 85' lang='lat' dir='ltr'><strong>liber:</strong></span> <span class='ocrx_word' id='word_1_806' title='bbox 373 2657 402 2680; x_wconf 91' lang='lat' dir='ltr'><strong>ut</strong></span> <span class='ocrx_word' id='word_1_807' title='bbox 425 2653 482 2680; x_wconf 67' lang='lat' dir='ltr'><strong>haec</strong></span> <span class='ocrx_word' id='word_1_808' title='bbox 506 2654 541 2693; x_wconf 88' lang='lat' dir='ltr'><strong>sit_</strong></span> <span class='ocrx_word' id='word_1_809' title='bbox 558 2654 623 2681; x_wconf 87' lang='lat' dir='ltr'><strong>dicti</strong></span> <span class='ocrx_word' id='word_1_810' title='bbox 640 2654 776 2682; x_wconf 80' lang='lat' dir='ltr'><strong>sententia</strong></span> <span class='ocrx_word' id='word_1_811' title='bbox 794 2663 800 2680; x_wconf 73' lang='grc' dir='ltr'>ε</span> <span class='ocrx_word' id='word_1_812' title='bbox 823 2653 878 2689; x_wconf 80' lang='lat' dir='ltr'><strong>Ego</strong></span> <span class='ocrx_word' id='word_1_813' title='bbox 889 2653 935 2688; x_wconf 89' lang='lat' dir='ltr'><strong>qui</strong></span> <span class='ocrx_word' id='word_1_814' title='bbox 944 2648 1022 2681; x_wconf 60' lang='lat' dir='ltr'><strong>&#39;liber‘</strong></span> <span class='ocrx_word' id='word_1_815' title='bbox 1033 2657 1059 2680; x_wconf 89' lang='lat' dir='ltr'><strong>ct</strong></span> 
     </span>
    </p>
   </div>
   <div class='ocr_carea' id='block_1_100' title="bbox 277 2697 1060 2736">
    <p class='ocr_par' dir='ltr' id='par_1_100' title="bbox 277 2697 1060 2736">
     <span class='ocr_line' id='line_1_100' title="bbox 277 2697 1060 2736; baseline -0.001 -10"><span class='ocrx_word' id='word_1_816' title='bbox 277 2699 351 2726; x_wconf 79' lang='lat' dir='ltr'><strong>solus</strong></span> <span class='ocrx_word' id='word_1_817' title='bbox 364 2705 427 2726; x_wconf 82' lang='lat' dir='ltr'><strong>vere</strong></span> <span class='ocrx_word' id='word_1_818' title='bbox 441 2698 561 2725; x_wconf 90' lang='lat' dir='ltr'><strong>omnium</strong></span> <span class='ocrx_word' id='word_1_819' title='bbox 578 2697 708 2725; x_wconf 85' lang='lat' dir='ltr'><strong>Dominus</strong></span> <span class='ocrx_word' id='word_1_820' title='bbox 725 2706 797 2730; x_wconf 86' lang='lat' dir='ltr'><strong>sum,</strong></span> <span class='ocrx_word' id='word_1_821' title='bbox 813 2698 900 2726; x_wconf 80' lang='lat' dir='ltr'><strong>lactus</strong></span> <span class='ocrx_word' id='word_1_822' title='bbox 915 2706 975 2729; x_wconf 85' lang='lat' dir='ltr'><strong>sum</strong></span> <span class='ocrx_word' id='word_1_823' title='bbox 989 2697 1060 2736; x_wconf 77' lang='lat' dir='ltr'><strong>sicut</strong></span> 
     </span>
    </p>
   </div>
   <div class='ocr_carea' id='block_1_101' title="bbox 278 2743 1059 2777">
    <p class='ocr_par' dir='ltr' id='par_1_101' title="bbox 278 2743 1059 2777">
     <span class='ocr_line' id='line_1_101' title="bbox 278 2743 1059 2777; baseline -0.001 -7"><span class='ocrx_word' id='word_1_824' title='bbox 278 2743 358 2770; x_wconf 89' lang='lat' dir='ltr'><strong>homo</strong></span> <span class='ocrx_word' id='word_1_825' title='bbox 371 2743 430 2771; x_wconf 87' lang='lat' dir='ltr'><strong>sine</strong></span> <span class='ocrx_word' id='word_1_826' title='bbox 443 2743 577 2776; x_wconf 82' lang='lat' dir='ltr'><strong>adjutorio</strong></span> <span class='ocrx_word' id='word_1_827' title='bbox 599 2743 670 2770; x_wconf 87' lang='lat' dir='ltr'><strong>inter</strong></span> <span class='ocrx_word' id='word_1_828' title='bbox 684 2748 827 2777; x_wconf 88' lang='lat' dir='ltr'><strong>mortuos;</strong></span> <span class='ocrx_word' id='word_1_829' title='bbox 850 2752 903 2770; x_wconf 89' lang='lat' dir='ltr'><strong>non</strong></span> <span class='ocrx_word' id='word_1_830' title='bbox 919 2751 981 2771; x_wconf 86' lang='lat' dir='ltr'><strong>vere</strong></span> <span class='ocrx_word' id='word_1_831' title='bbox 998 2743 1059 2777; x_wconf 88' lang='lat' dir='ltr'><strong>qui-</strong></span> 
     </span>
    </p>
   </div>
   <div class='ocr_carea' id='block_1_102' title="bbox 276 2788 1059 2825">
    <p class='ocr_par' dir='ltr' id='par_1_102' title="bbox 276 2788 1059 2825">
     <span class='ocr_line' id='line_1_102' title="bbox 276 2788 1059 2825; baseline 0 -9"><span class='ocrx_word' id='word_1_832' title='bbox 276 2788 338 2816; x_wconf 83' lang='lat' dir='ltr'><strong>dem</strong></span> <span class='ocrx_word' id='word_1_833' title='bbox 354 2789 412 2817; x_wconf 78' lang='lat' dir='ltr'><strong>sine</strong></span> <span class='ocrx_word' id='word_1_834' title='bbox 429 2789 576 2824; x_wconf 83' lang='lat' dir='ltr'><strong>adjutorio.</strong></span> <span class='ocrx_word' id='word_1_835' title='bbox 589 2789 635 2816; x_wconf 84' lang='lat' dir='ltr'><strong>sed</strong></span> <span class='ocrx_word' id='word_1_836' title='bbox 651 2790 730 2824; x_wconf 85' lang='lat' dir='ltr'><strong>quasi</strong></span> <span class='ocrx_word' id='word_1_837' title='bbox 749 2790 808 2817; x_wconf 87' lang='lat' dir='ltr'><strong>sine</strong></span> <span class='ocrx_word' id='word_1_838' title='bbox 830 2789 975 2825; x_wconf 83' lang='lat' dir='ltr'><strong>adjutorio.</strong></span> <span class='ocrx_word' id='word_1_839' title='bbox 996 2789 1059 2816; x_wconf 77' lang='lat' dir='ltr'><strong>lbec</strong></span> 
     </span>
    </p>
   </div>
   <div class='ocr_carea' id='block_1_103' title="bbox 276 2834 1058 2870">
    <p class='ocr_par' dir='ltr' id='par_1_103' title="bbox 276 2834 1058 2870">
     <span class='ocr_line' id='line_1_103' title="bbox 276 2834 1058 2870; baseline 0.001 -9"><span class='ocrx_word' id='word_1_840' title='bbox 276 2838 366 2862; x_wconf 71' lang='lat' dir='ltr'><strong>autem</strong></span> <span class='ocrx_word' id='word_1_841' title='bbox 383 2835 461 2863; x_wconf 80' lang='lat' dir='ltr'><strong>dicta.</strong></span> <span class='ocrx_word' id='word_1_842' title='bbox 476 2835 520 2862; x_wconf 84' lang='lat' dir='ltr'><strong>alii</strong></span> <span class='ocrx_word' id='word_1_843' title='bbox 542 2834 644 2862; x_wconf 87' lang='lat' dir='ltr'><strong>nemini</strong></span> <span class='ocrx_word' id='word_1_844' title='bbox 665 2839 819 2870; x_wconf 60' lang='lat' dir='ltr'><strong>competere</strong></span> <span class='ocrx_word' id='word_1_845' title='bbox 835 2843 922 2869; x_wconf 86' lang='lat' dir='ltr'><strong>posse,</strong></span> <span class='ocrx_word' id='word_1_846' title='bbox 937 2843 1018 2870; x_wconf 84' lang='lat' dir='ltr'><strong>quam</strong></span> <span class='ocrx_word' id='word_1_847' title='bbox 1034 2835 1058 2862; x_wconf 88' lang='lat' dir='ltr'><strong>ei</strong></span> 
     </span>
    </p>
   </div>
   <div class='ocr_carea' id='block_1_104' title="bbox 1111 2376 1900 2412">
    <p class='ocr_par' dir='ltr' id='par_1_104' title="bbox 1111 2376 1900 2412">
     <span class='ocr_line' id='line_1_104' title="bbox 1111 2376 1900 2412; baseline 0 -8"><span class='ocrx_word' id='word_1_848' title='bbox 1111 2377 1276 2411; x_wconf 79' lang='grc' dir='ltr'><strong>ἐλεύθερος,</strong></span> <span class='ocrx_word' id='word_1_849' title='bbox 1290 2376 1427 2408; x_wconf 78' lang='grc' dir='ltr'><strong>ἐξέδωκεν·</strong></span> <span class='ocrx_word' id='word_1_850' title='bbox 1436 2377 1450 2403; x_wconf 86' lang='grc' dir='ltr'><strong>ὁ</strong></span> <span class='ocrx_word' id='word_1_851' title='bbox 1464 2377 1492 2403; x_wconf 77' lang='grc' dir='ltr'><strong>δὲ</strong></span> <span class='ocrx_word' id='word_1_852' title='bbox 1508 2377 1663 2412; x_wconf 77' lang='grc' dir='ltr'>Σύμμαχος,</span> <span class='ocrx_word' id='word_1_853' title='bbox 1672 2377 1774 2410; x_wconf 80' lang='grc' dir='ltr'>Ἐντὸς</span> <span class='ocrx_word' id='word_1_854' title='bbox 1788 2377 1900 2412; x_wconf 77' lang='grc' dir='ltr'>νεκρῶν</span> 
     </span>
    </p>
   </div>
   <div class='ocr_carea' id='block_1_105' title="bbox 1112 2423 1898 2459">
    <p class='ocr_par' dir='ltr' id='par_1_105' title="bbox 1112 2423 1898 2459">
     <span class='ocr_line' id='line_1_105' title="bbox 1112 2423 1898 2459; baseline 0.001 -10"><span class='ocrx_word' id='word_1_855' title='bbox 1112 2423 1198 2458; x_wconf 64' lang='grc' dir='ltr'><strong>ἀφεὶς</strong></span> <span class='ocrx_word' id='word_1_856' title='bbox 1217 2423 1382 2457; x_wconf 81' lang='grc' dir='ltr'><strong>ἐλεύθερος.</strong></span> <span class='ocrx_word' id='word_1_857' title='bbox 1415 2423 1570 2459; x_wconf 71' lang='grc' dir='ltr'>Ἀναγνώσῃ</span> <span class='ocrx_word' id='word_1_858' title='bbox 1594 2423 1621 2449; x_wconf 74' lang='grc' dir='ltr'><strong>δὲ</strong></span> <span class='ocrx_word' id='word_1_859' title='bbox 1642 2423 1688 2450; x_wconf 70' lang='grc' dir='ltr'>καὶ</span> <span class='ocrx_word' id='word_1_860' title='bbox 1706 2423 1774 2458; x_wconf 80' lang='grc' dir='ltr'>μετὰ</span> <span class='ocrx_word' id='word_1_861' title='bbox 1790 2423 1898 2450; x_wconf 82' lang='grc' dir='ltr'>ὑποδια-</span> 
     </span>
    </p>
   </div>
   <div class='ocr_carea' id='block_1_106' title="bbox 1112 2468 1900 2503">
    <p class='ocr_par' dir='ltr' id='par_1_106' title="bbox 1112 2468 1900 2503">
     <span class='ocr_line' id='line_1_106' title="bbox 1112 2468 1900 2503; baseline 0.001 -9"><span class='ocrx_word' id='word_1_862' title='bbox 1112 2468 1218 2503; x_wconf 81' lang='grc' dir='ltr'>στολῆς,</span> <span class='ocrx_word' id='word_1_863' title='bbox 1236 2468 1307 2500; x_wconf 79' lang='grc' dir='ltr'>ιόἰως</span> <span class='ocrx_word' id='word_1_864' title='bbox 1326 2468 1374 2503; x_wconf 77' lang='grc' dir='ltr'>μὲν</span> <span class='ocrx_word' id='word_1_865' title='bbox 1390 2468 1521 2503; x_wconf 71' lang='grc' dir='ltr'>ἀφορίσας</span> <span class='ocrx_word' id='word_1_866' title='bbox 1534 2468 1574 2500; x_wconf 80' lang='grc' dir='ltr'><strong>τὸ,</strong></span> <span class='ocrx_word' id='word_1_867' title='bbox 1584 2468 1749 2502; x_wconf 72' lang='grc' dir='ltr'><strong>Ἐγενήθην</strong></span> <span class='ocrx_word' id='word_1_868' title='bbox 1761 2469 1835 2495; x_wconf 77' lang='grc' dir='ltr'><strong>ὡσεὶ</strong></span> <span class='ocrx_word' id='word_1_869' title='bbox 1849 2469 1900 2495; x_wconf 76' lang='grc' dir='ltr'><strong>ἆν-</strong></span> 
     </span>
    </p>
   </div>
   <div class='ocr_carea' id='block_1_107' title="bbox 1111 2513 1899 2549">
    <p class='ocr_par' dir='ltr' id='par_1_107' title="bbox 1111 2513 1899 2549">
     <span class='ocr_line' id='line_1_107' title="bbox 1111 2513 1899 2549; baseline -0.001 -8"><span class='ocrx_word' id='word_1_870' title='bbox 1111 2516 1225 2548; x_wconf 79' lang='grc' dir='ltr'>θρωπος</span> <span class='ocrx_word' id='word_1_871' title='bbox 1243 2514 1408 2548; x_wconf 82' lang='grc' dir='ltr'>ἀϐοήθητος</span> <span class='ocrx_word' id='word_1_872' title='bbox 1426 2515 1461 2540; x_wconf 78' lang='grc' dir='ltr'><strong>ἐν</strong></span> <span class='ocrx_word' id='word_1_873' title='bbox 1474 2514 1599 2549; x_wconf 77' lang='grc' dir='ltr'>νεκροῖς·</span> <span class='ocrx_word' id='word_1_874' title='bbox 1615 2513 1673 2541; x_wconf 82' lang='grc' dir='ltr'>εἶτα</span> <span class='ocrx_word' id='word_1_875' title='bbox 1695 2514 1842 2546; x_wconf 78' lang='grc' dir='ltr'>ὺποστίξας</span> <span class='ocrx_word' id='word_1_876' title='bbox 1861 2515 1899 2546; x_wconf 82' lang='grc' dir='ltr'>εἰς</span> 
     </span>
    </p>
   </div>
   <div class='ocr_carea' id='block_1_108' title="bbox 1110 2560 1896 2595">
    <p class='ocr_par' dir='ltr' id='par_1_108' title="bbox 1110 2560 1896 2595">
     <span class='ocr_line' id='line_1_108' title="bbox 1110 2560 1896 2595; baseline 0.001 -9"><span class='ocrx_word' id='word_1_877' title='bbox 1110 2560 1150 2592; x_wconf 70' lang='grc' dir='ltr'><strong>τὸ,</strong></span> <span class='ocrx_word' id='word_1_878' title='bbox 1167 2560 1201 2587; x_wconf 81' lang='grc' dir='ltr'><strong>ἐν</strong></span> <span class='ocrx_word' id='word_1_879' title='bbox 1214 2560 1341 2594; x_wconf 81' lang='grc' dir='ltr'><strong>νεκροῖς,</strong></span> <span class='ocrx_word' id='word_1_880' title='bbox 1361 2560 1537 2594; x_wconf 71' lang='grc' dir='ltr'>ἀποφατικῶς</span> <span class='ocrx_word' id='word_1_881' title='bbox 1551 2560 1660 2593; x_wconf 74' lang='grc' dir='ltr'>ἐπάξεις</span> <span class='ocrx_word' id='word_1_882' title='bbox 1675 2561 1714 2591; x_wconf 77' lang='grc' dir='ltr'><strong>τὺ,</strong></span> <span class='ocrx_word' id='word_1_883' title='bbox 1729 2560 1896 2595; x_wconf 71' lang='grc' dir='ltr'><strong>ἐλεύθερος·</strong></span> 
     </span>
    </p>
   </div>
   <div class='ocr_carea' id='block_1_109' title="bbox 1112 2605 1898 2642">
    <p class='ocr_par' dir='ltr' id='par_1_109' title="bbox 1112 2605 1898 2642">
     <span class='ocr_line' id='line_1_109' title="bbox 1112 2605 1898 2642; baseline -0.001 -9"><span class='ocrx_word' id='word_1_884' title='bbox 1112 2606 1160 2641; x_wconf 76' lang='grc' dir='ltr'>τῆς</span> <span class='ocrx_word' id='word_1_885' title='bbox 1174 2606 1291 2637; x_wconf 79' lang='grc' dir='ltr'>διανοίας</span> <span class='ocrx_word' id='word_1_886' title='bbox 1306 2606 1386 2633; x_wconf 79' lang='grc' dir='ltr'>τοῦτο</span> <span class='ocrx_word' id='word_1_887' title='bbox 1409 2606 1550 2642; x_wconf 76' lang='grc' dir='ltr'>δηλούσης,</span> <span class='ocrx_word' id='word_1_888' title='bbox 1565 2607 1606 2632; x_wconf 85' lang='grc' dir='ltr'>ὃτι</span> <span class='ocrx_word' id='word_1_889' title='bbox 1629 2605 1699 2639; x_wconf 79' lang='grc' dir='ltr'><strong>Ἐγὼ</strong></span> <span class='ocrx_word' id='word_1_890' title='bbox 1718 2607 1732 2633; x_wconf 85' lang='grc' dir='ltr'><strong>ὁ</strong></span> <span class='ocrx_word' id='word_1_891' title='bbox 1758 2606 1898 2641; x_wconf 72' lang='grc' dir='ltr'>ἐλεύθερος</span> 
     </span>
    </p>
   </div>
   <div class='ocr_carea' id='block_1_110' title="bbox 1113 2652 1898 2687">
    <p class='ocr_par' dir='ltr' id='par_1_110' title="bbox 1113 2652 1898 2687">
     <span class='ocr_line' id='line_1_110' title="bbox 1113 2652 1898 2687; baseline -0.001 -9"><span class='ocrx_word' id='word_1_892' title='bbox 1113 2653 1159 2678; x_wconf 83' lang='grc' dir='ltr'>καὶ</span> <span class='ocrx_word' id='word_1_893' title='bbox 1174 2652 1252 2686; x_wconf 80' lang='grc' dir='ltr'>μόνος</span> <span class='ocrx_word' id='word_1_894' title='bbox 1266 2652 1372 2687; x_wconf 81' lang='grc' dir='ltr'>ἀληθῶς</span> <span class='ocrx_word' id='word_1_895' title='bbox 1392 2652 1519 2679; x_wconf 81' lang='grc' dir='ltr'>ἁπάντων</span> <span class='ocrx_word' id='word_1_896' title='bbox 1540 2652 1640 2687; x_wconf 81' lang='grc' dir='ltr'>Κύριος</span> <span class='ocrx_word' id='word_1_897' title='bbox 1659 2652 1757 2686; x_wconf 78' lang='grc' dir='ltr'>γέγονα</span> <span class='ocrx_word' id='word_1_898' title='bbox 1770 2652 1840 2678; x_wconf 76' lang='grc' dir='ltr'><strong>,ὡσεὶ</strong></span> <span class='ocrx_word' id='word_1_899' title='bbox 1855 2653 1898 2677; x_wconf 76' lang='grc' dir='ltr'><strong>ἇν-</strong></span> 
     </span>
    </p>
   </div>
   <div class='ocr_carea' id='block_1_111' title="bbox 1111 2697 1897 2733">
    <p class='ocr_par' dir='ltr' id='par_1_111' title="bbox 1111 2697 1897 2733">
     <span class='ocr_line' id='line_1_111' title="bbox 1111 2697 1897 2733; baseline -0.001 -10"><span class='ocrx_word' id='word_1_900' title='bbox 1111 2697 1218 2733; x_wconf 82' lang='grc' dir='ltr'>θρωπος</span> <span class='ocrx_word' id='word_1_901' title='bbox 1231 2697 1382 2733; x_wconf 72' lang='grc' dir='ltr'>ἀϐοήθητος</span> <span class='ocrx_word' id='word_1_902' title='bbox 1396 2698 1424 2724; x_wconf 84' lang='grc' dir='ltr'>ὲν</span> <span class='ocrx_word' id='word_1_903' title='bbox 1436 2699 1549 2733; x_wconf 63' lang='grc' dir='ltr'>νεκροῖς</span> <span class='ocrx_word' id='word_1_904' title='bbox 1564 2697 1619 2724; x_wconf 80' lang='grc' dir='ltr'>ἀλλ’</span> <span class='ocrx_word' id='word_1_905' title='bbox 1633 2697 1684 2723; x_wconf 82' lang='grc' dir='ltr'><strong>οὐκ</strong></span> <span class='ocrx_word' id='word_1_906' title='bbox 1698 2697 1806 2731; x_wconf 77' lang='grc' dir='ltr'>ἀληθῶς</span> <span class='ocrx_word' id='word_1_907' title='bbox 1817 2697 1897 2731; x_wconf 75' lang='grc' dir='ltr'><strong>ἀϐοή-</strong></span> 
     </span>
    </p>
   </div>
   <div class='ocr_carea' id='block_1_112' title="bbox 1111 2742 1896 2778">
    <p class='ocr_par' dir='ltr' id='par_1_112' title="bbox 1111 2742 1896 2778">
     <span class='ocr_line' id='line_1_112' title="bbox 1111 2742 1896 2778; baseline -0.001 -9"><span class='ocrx_word' id='word_1_908' title='bbox 1111 2743 1201 2778; x_wconf 79' lang='grc' dir='ltr'>θητος,</span> <span class='ocrx_word' id='word_1_909' title='bbox 1216 2743 1273 2770; x_wconf 76' lang='grc' dir='ltr'>ἀλλ’</span> <span class='ocrx_word' id='word_1_910' title='bbox 1289 2743 1327 2775; x_wconf 85' lang='grc' dir='ltr'>ὼς</span> <span class='ocrx_word' id='word_1_911' title='bbox 1341 2743 1498 2778; x_wconf 75' lang='grc' dir='ltr'><strong>ἀϐοήθητος.</strong></span> <span class='ocrx_word' id='word_1_912' title='bbox 1519 2743 1611 2769; x_wconf 74' lang='grc' dir='ltr'>Ταῦτα</span> <span class='ocrx_word' id='word_1_913' title='bbox 1626 2743 1654 2770; x_wconf 77' lang='grc' dir='ltr'><strong>δὲ</strong></span> <span class='ocrx_word' id='word_1_914' title='bbox 1669 2744 1708 2769; x_wconf 80' lang='grc' dir='ltr'>ὅτι</span> <span class='ocrx_word' id='word_1_915' title='bbox 1733 2743 1826 2778; x_wconf 77' lang='grc' dir='ltr'>μηδενὶ</span> <span class='ocrx_word' id='word_1_916' title='bbox 1841 2742 1896 2768; x_wconf 77' lang='grc' dir='ltr'><strong>ἐτέ-</strong></span> 
     </span>
    </p>
   </div>
   <div class='ocr_carea' id='block_1_113' title="bbox 1113 2787 1893 2824">
    <p class='ocr_par' dir='ltr' id='par_1_113' title="bbox 1113 2787 1893 2824">
     <span class='ocr_line' id='line_1_113' title="bbox 1113 2787 1893 2824; baseline -0.001 -8"><span class='ocrx_word' id='word_1_917' title='bbox 1113 2798 1152 2824; x_wconf 87' lang='grc' dir='ltr'>ρῳ</span> <span class='ocrx_word' id='word_1_918' title='bbox 1165 2788 1253 2822; x_wconf 77' lang='grc' dir='ltr'>λέγειν</span> <span class='ocrx_word' id='word_1_919' title='bbox 1266 2789 1380 2824; x_wconf 80' lang='grc' dir='ltr'>ἁρμόζει</span> <span class='ocrx_word' id='word_1_920' title='bbox 1396 2789 1412 2824; x_wconf 81' lang='grc' dir='ltr'>ἢ</span> <span class='ocrx_word' id='word_1_921' title='bbox 1429 2789 1467 2824; x_wconf 81' lang='grc' dir='ltr'>τῷ</span> <span class='ocrx_word' id='word_1_922' title='bbox 1488 2788 1618 2824; x_wconf 64' lang='grc' dir='ltr'>ἁψαμένῳ</span> <span class='ocrx_word' id='word_1_923' title='bbox 1644 2789 1692 2824; x_wconf 80' lang='grc' dir='ltr'>μὲν</span> <span class='ocrx_word' id='word_1_924' title='bbox 1709 2787 1755 2815; x_wconf 82' lang='grc' dir='ltr'>τοῦ</span> <span class='ocrx_word' id='word_1_925' title='bbox 1770 2789 1893 2815; x_wconf 77' lang='grc' dir='ltr'>θανάτου.</span> 
     </span>
    </p>
   </div>
   <div class='ocr_carea' id='block_1_114' title="bbox 1113 2833 1894 2870">
    <p class='ocr_par' dir='ltr' id='par_1_114' title="bbox 1113 2833 1894 2870">
     <span class='ocr_line' id='line_1_114' title="bbox 1113 2833 1894 2870; baseline -0.001 -9"><span class='ocrx_word' id='word_1_926' title='bbox 1113 2835 1158 2862; x_wconf 66' lang='grc' dir='ltr'>καὶ</span> <span class='ocrx_word' id='word_1_927' title='bbox 1180 2836 1219 2867; x_wconf 84' lang='grc' dir='ltr'><strong>εἰς</strong></span> <span class='ocrx_word' id='word_1_928' title='bbox 1243 2834 1307 2870; x_wconf 66' lang='grc' dir='ltr'><strong>ᾅδην</strong></span> <span class='ocrx_word' id='word_1_929' title='bbox 1330 2834 1537 2870; x_wconf 76' lang='grc' dir='ltr'>καταϐεϐηκότι,</span> <span class='ocrx_word' id='word_1_930' title='bbox 1558 2835 1593 2870; x_wconf 82' lang='grc' dir='ltr'>μὴ</span> <span class='ocrx_word' id='word_1_931' title='bbox 1620 2834 1846 2861; x_wconf 73' lang='grc' dir='ltr'>καταδουλωθέντι</span> <span class='ocrx_word' id='word_1_932' title='bbox 1867 2833 1894 2859; x_wconf 67' lang='grc' dir='ltr'><strong>δὲ</strong></span> 
     </span>
    </p>
   </div>
   <div class='ocr_carea' id='block_1_115' title="bbox 329 2912 1065 2946">
    <p class='ocr_par' dir='ltr' id='par_1_115' title="bbox 329 2912 1050 2946">
     <span class='ocr_line' id='line_1_115' title="bbox 329 2912 1050 2946; baseline -0.001 -5"><span class='ocrx_word' id='word_1_933' title='bbox 329 2915 350 2931; x_wconf 75' lang='grc'><strong>⁸⁸³</strong></span> <span class='ocrx_word' id='word_1_934' title='bbox 371 2913 428 2941; x_wconf 87' lang='lat' dir='ltr'><strong>Gal.</strong></span> <span class='ocrx_word' id='word_1_935' title='bbox 449 2921 494 2946; x_wconf 83' lang='lat' dir='ltr'><strong>HI,</strong></span> <span class='ocrx_word' id='word_1_936' title='bbox 514 2913 563 2945; x_wconf 79' lang='lat' dir='ltr'><strong>l5;</strong></span> <span class='ocrx_word' id='word_1_937' title='bbox 584 2912 660 2942; x_wconf 67' lang='lat' dir='ltr'><strong>Deut,</strong></span> <span class='ocrx_word' id='word_1_938' title='bbox 681 2921 736 2944; x_wconf 69' lang='lat' dir='ltr'><strong>XXI,</strong></span> <span class='ocrx_word' id='word_1_939' title='bbox 754 2913 798 2940; x_wconf 80' lang='lat'><strong>‘23.</strong></span> <span class='ocrx_word' id='word_1_940' title='bbox 838 2914 859 2930; x_wconf 82' lang='lat'><strong>&quot;&#39;</strong></span> <span class='ocrx_word' id='word_1_941' title='bbox 879 2913 950 2941; x_wconf 48' lang='grc' dir='ltr'><strong>[νέαι.</strong></span> <span class='ocrx_word' id='word_1_942' title='bbox 969 2921 1050 2946; x_wconf 57' lang='grc' dir='ltr'><strong>χχιι,</strong></span> 
     </span>
    </p>
   </div>
   <div class='ocr_carea' id='block_1_116' title="bbox 1116 2912 1732 2946">
    <p class='ocr_par' dir='ltr' id='par_1_116' title="bbox 1133 2912 1732 2946">
     <span class='ocr_line' id='line_1_116' title="bbox 1133 2912 1732 2946; baseline 0 -6"><span class='ocrx_word' id='word_1_943' title='bbox 1133 2913 1154 2930; x_wconf 70' lang='grc'><strong>⁹¹</strong></span> <span class='ocrx_word' id='word_1_944' title='bbox 1175 2913 1247 2941; x_wconf 74' lang='lat' dir='ltr'><strong>Psal.</strong></span> <span class='ocrx_word' id='word_1_945' title='bbox 1267 2920 1359 2946; x_wconf 71' lang='lat' dir='ltr'><strong>nux,</strong></span> <span class='ocrx_word' id='word_1_946' title='bbox 1377 2912 1405 2945; x_wconf 73' lang='lat'><strong>2,</strong></span> <span class='ocrx_word' id='word_1_947' title='bbox 1421 2913 1446 2941; x_wconf 76' lang='lat'><strong>3.</strong></span> <span class='ocrx_word' id='word_1_948' title='bbox 1484 2913 1517 2929; x_wconf 81' lang='lat'><strong>&quot;‘</strong></span> <span class='ocrx_word' id='word_1_949' title='bbox 1535 2912 1605 2940; x_wconf 82' lang='lat' dir='ltr'><strong>Psal.</strong></span> <span class='ocrx_word' id='word_1_950' title='bbox 1626 2921 1669 2946; x_wconf 72' lang='lat' dir='ltr'><strong>xv,</strong></span> <span class='ocrx_word' id='word_1_951' title='bbox 1691 2913 1732 2940; x_wconf 86' lang='lat' dir='ltr'><strong>l0.</strong></span> 
     </span>
    </p>
   </div>
  </div>
