2032 3215
133 164 204 193 1057

694 161 949 193 COMMENTARIA
968 164 1001 192 IN
1019 164 1190 193 PSALMOS.
1232 152 1278 190 27

1687 168 1759 197 I058

130 225 228 261 αὐτῷ,
253 224 334 252 παντί
349 231 389 261 τῳ
412 221 489 261 οἶμαι
511 224 627 260 φανερὸν
647 225 800 260 τινρχάνειν⁹
824 224 862 257 ὡς
885 224 918 260 μὴ

974 225 1021 260 qui
1037 228 1151 252 mortem
1163 224 1271 259 quidem
1288 224 1388 261 attigit,
1404 229 1431 253 et
1444 224 1478 253 ad
1490 223 1594 254 inferos
1605 225 1757 258 descendit,

131 272 263 300 δύνασθαι
286 272 329 306 ἐφ’
348 271 441 307 ἕτερον
458 270 599 306 ἄνθρωπον
612 271 775 307 ἐφαρμόζειν
789 271 824 299 τὰ
842 272 871 298 ὲν
883 271 923 307 τῷ

131 318 232 354 ψαλμῷ
247 319 381 354 λεγόμενα
396 310 473 353 ῆὶπὶ
490 318 570 353 μόνον
591 318 637 344 τὸν
650 318 782 353 ἡμέτερον
797 318 921 354 Σωτῆρα.

133 364 238 400 Ὠςπερ
249 365 279 391 δὲ
298 365 409 398 γέγονεν
423 364 488 390 ὡσεὶ
504 364 646 399 ἄνθρωπος
663 364 830 400 ἀϐοήθητος,
853 364 923 390 οὕτω

131 410 178 437 καὶ
201 410 274 437 ὡσεὶ
298 410 470 444 τραυματίαι
496 410 692 442 καθεύδοντες
714 410 748 436 ὲν
768 409 859 444 τάφῳ,
880 408 923 436 ὧν

130 458 187 484 οὐκ
202 455 356 491 ἐμνήσθης
374 457 427 482 ἔτι.
441 455 489 482 Διὰ
503 455 531 482 δὲ
546 455 647 482 τούτων
662 456 709 482 καὶ
724 457 740 491 ἡ
754 455 825 490 ταφὴ
840 455 922 481 αὐτοῦ

131 502 304 537 σημαίνεται,
330 500 363 537 ἦς
386 501 432 528 καὶ
457 503 472 528 ὁ
493 501 563 532 θεῖος
575 501 732 533 ’Λπόστολος
761 501 922 537 μνημονεύει

130 549 246 583 γράφων
265 548 428 583 Κορινθίοις,
444 548 539 582 λέγων’
562 548 719 581 Παρέδωκιι
735 548 790 583 γὰρ
806 548 876 582 ὑμῖν
888 548 923 574 ἐν

131 594 267 629 πρώτοις,
281 595 297 620 ὃ
312 594 360 621 καὶ
375 594 553 628 παρέλαϐον·
569 592 614 620 ὅτι
634 594 759 628 Χριστὸς
774 594 923 620 ἀπέθανεν

130 641 208 675 ὑπὲρ
223 641 283 667 τῶν
303 641 452 675 ἁμαρτιῶν
468 640 551 675 ἡμῶν
568 641 641 667 κατὰ
655 641 707 673 τὰς
722 640 854 674 Γριιφὰς.
873 640 921 666 καὶ

131 687 174 713 ἔτι
186 686 291 721 ἐτάφη.
309 687 364 713 Καὶ
384 687 495 718 Ἡσαΐας
509 686 537 712 δὲ
553 686 602 721 τῆς
616 687 704 721 ταφῆς
716 686 798 713 αὐτοῦ
818 686 922 721 μέμνη-

130 740 174 758 ται
202 731 298 765 λέγων·
325 732 373 757 Ἔν
393 731 498 765 ειρήνῃ
528 732 547 765 ἡ
566 731 644 766 ταφὴ
671 732 763 759 αὐτοῦ
782 729 867 767 ἦρται
887 732 921 758 ἐκ

127 776 235 809 μέσου.
258 776 329 802 Ἀντὶ
346 776 374 802 δὲ
387 776 530 807 τοῦ,”Ωσεὶ
547 777 731 811 τραυματίαι.
749 778 763 804 ὁ
779 778 827 811 μὲν
841 776 921 804 Ἀκύ-

130 821 177 852 λας
202 821 295 856 φησίν,
306 821 424 855 Ὅμοιος
449 821 655 855 ἀνῃρημένοις·
678 822 692 847 ὁ
716 821 743 847 δὲ
764 822 920 857 Σύμμαχος,

136 867 214 893 Ὠσει
227 868 410 902 τετρωμένοι·
428 868 474 894 καὶ
490 867 572 902 σαφές
584 876 645 894 τινα
663 869 762 903 τρόπον
783 869 920 895 καὶτοῦτο

129 912 291 948 ἐπληροῦτο.
307 913 426 947 ὁπηνίκα
438 914 452 939 ὸ
467 914 633 949 στρατιώτης
648 914 730 949 λόγχῃ
745 914 861 950 ἔτρωσεν
877 915 921 941 a5—
937 906 956 932 Β

129 951 174 985 τοῦ
186 958 237 993 τὴν
254 958 383 994 πλευράν.
409 959 477 984 Ἀλλ’
503 960 543 985 ὅτι
565 959 613 994 μὲν
633 960 802 994 τραυματίας
826 961 920 995 γέγονε

129 1004 175 1029 καὶ
192 1004 222 1030 ὲν
237 1003 325 1038 τάφῳ,
341 1004 433 1037 σαςῶς
447 1005 619 1039 παρίαταταιυ
638 1005 707 1040 πλὴν
721 1007 745 1031 εἰ
758 1005 829 1039 λέγοι
842 1014 920 1040 γεγο-

129 1050 203 1076 νέναι
219 1049 286 1076 ὡσεὶ
298 1050 477 1085 τραυματίας,
491 1051 536 1077 καὶ
557 1051 648 1086 ὅμοιος
668 1052 724 1082 τοῖς
746 1051 919 1078 καθεύδουσιν

128 1095 157 1121 ὲν
169 1095 257 1130 τάφῳ,
275 1095 332 1121 ἀλλ’
349 1096 378 1122 οὐ
396 1096 477 1131 μέχρι
498 1096 592 1122 τούτου
606 1097 723 1123 iocatur
741 1098 800 1124 ὅλον
813 1098 841 1124 δὲ
862 1106 920 1124 συν-

128 1140 210 1175 άψας,
225 1141 284 1175 (ipsi
301 1141 349 1176 τὴν
370 1141 489 1168 διάνοιαν
504 1142 551 1168 τοῦ
564 1142 652 1177 λόγου.
670 1143 785 1177 Γέγονα
800 1144 852 1178 γάρ
868 1152 921 1179 φη-

127 1195 182 1217 σιν,
207 1187 279 1213 ὡσεὶ
302 1189 488 1222 τραυματίαι,
511 1185 555 1214 ὦν
573 1189 628 1215 οὐκ
643 1187 796 1222 ἐμνήσθης
809 1189 863 1215 ἔτι.
887 1190 919 1215 Οἱ

128 1234 177 1268 μὲν
196 1233 252 1268 γὰρ
270 1233 368 1265 λοιποὶ,
392 1233 460 1268 μετὰ
478 1234 525 1260 τὸν
550 1234 665 1260 θάνατον
691 1235 720 1260 ἐν
746 1235 802 1266 τοῖς
823 1234 918 1268 τάφοις

126 1278 284 1313 γενόμενοι,
313 1279 525 1314 ἀπελείφθησαν,
555 1281 601 1306 καὶ
630 1280 779 1315 ἀπέμειναν
809 1280 844 1315 γῆ
872 1280 918 1307 καὶ

125 1325 212 1357 κόνις,
230 1326 328 1360 μηκέτι
345 1326 413 1360 μετὰ
432 1326 477 1352 τὸν
496 1326 610 1352 θάνατον
625 1325 858 1361 μνημονεύσαντος
871 1327 919 1352 αὺ-

125 1371 180 1397 τῶν
195 1371 241 1397 τοῦ
256 1371 334 1397 Θεοῦ·
351 1371 405 1405 ἐγὼ
418 1372 446 1398 δὲ
460 1371 591 1406 ἐγενήθην
604 1371 641 1403 ὡς
661 1370 700 1403 εἷς
712 1372 765 1398 τῶν
779 1372 916 1404 τοιούτων,

126 1418 164 1453 μὴ
177 1417 216 1444 ὢν
228 1418 320 1453 ὅμοιος
334 1418 436 1449 αὐτοῖς·
452 1418 519 1453 ἐμοῦ
534 1418 587 1453 γὰρ
604 1418 672 1453 μετὰ
693 1418 743 1454 τὴν
758 1418 857 1454 τρῶσιν
871 1419 917 1445 καὶ

126 1465 199 1498 μετὰ
210 1464 256 1490 τὸν
269 1464 382 1490 θάνατον
395 1464 441 1490 καὶ
454 1463 522 1499 μετὰ
534 1463 582 1499 τὴν
596 1464 624 1490 ὲν
636 1463 673 1498 τῷ
686 1464 763 1498 τάφῳ
773 1464 917 1491 κατάθεσιν

125 1509 275 1545 ἐμνήσθης,
293 1510 365 1545 ζωῆς
383 1511 451 1545 μετὰ
474 1510 561 1536 ταῦτα
586 1518 619 1545 με
640 1510 687 1536 καὶ
711 1510 846 1546 σωτηρίας
867 1512 916 1546 τῆς

123 1555 201 1591 παρὰ
218 1556 259 1582 σοὶ
274 1555 446 1588 καταξιώσας
482 1556 524 1583 Διὸ
546 1556 592 1582 καὶ
606 1555 754 1591 ἀρχόμενος
779 1556 824 1582 καὶ
839 1557 917 1591 εὑχα-
929 1574 949 1602 C

123 1602 204 1637 ριστὴ
210 1610 266 1637 ριον
279 1602 436 1637 ἀνέπεμπεν
445 1602 538 1637 ὕμνον.
547 1602 643 1635 λέγων’
656 1602 744 1635 Κύριε
754 1604 770 1628 d
778 1603 850 1635 Θεὸς
860 1602 915 1636 τῆς

123 1648 274 1681 σωτηρίας
285 1657 352 1682 μου,
367 1648 478 1682 ἡμέρας
489 1648 635 1681 ἐκέκραξα
652 1649 700 1675 καὶ
718 1649 752 1674 ἑν
766 1648 852 1675 νυκτὶ
869 1649 915 1675 ὲν-

122 1693 231 1720 αντιον
240 1702 307 1720 σου.
320 1695 374 1720 Καὶ
389 1694 422 1720 τὰ
439 1695 486 1729 μὲν
500 1695 558 1720 κατ’
573 1694 623 1729 ἐμὲ
635 1694 745 1721 τοιαῦτα
759 1692 802 1729 ἦν.
822 1695 915 1730 Ὅμως

123 1739 146 1765 δ’
161 1737 208 1765 οὖν
220 1739 320 1774 γέγονα
334 1740 426 1777 ὅμοιος
440 1742 496 1771 τοῖς
509 1740 615 1772 πολλοῖς
627 1741 683 1772 τοῖς
700 1741 728 1767 ἐν
744 1741 822 1775 τάφῳ
837 1749 914 1774 γενο-

125 1783 226 1818 μένοις,
245 1784 290 1810 καὶ
307 1784 404 1819 μηκέτι
421 1784 470 1818 τῆς
497 1785 544 1819 σῆς
563 1784 774 1819 κατηξιωμένοις
796 1785 914 1820 μνήμης,

122 1829 168 1855 διὰ
181 1829 213 1855 τὸ
228 1829 282 1856 ἀπὶ)
298 1830 346 1864 τῆς
360 1830 409 1864 σῆς
423 1830 512 1865 χειρὸς
527 1830 675 1856 ἁπεῶσθαι.
698 1831 769 1856 Ἀντὶ
785 1831 839 1866 γὰρ
856 1831 914 1861 τοῦ,

122 1871 181 1900 Ὠν
201 1875 256 1900 οὐκ
277 1874 431 1908 ἐμνήσθης
446 1874 499 1905 ἔτι,
520 1874 568 1900 καὶ
586 1874 671 1900 αὐτοὶ
695 1874 729 1900 ἐκ
745 1873 799 1908 τῆς
817 1875 915 1909 χειρός

123 1927 183 1947 σου
205 1920 416 1953 ἀπεὼσθησην,
443 1921 457 1946 ὁ
481 1920 528 1955 μὲν
560 1919 673 1951 Ἀκύλας
695 1919 834 1951 ἐξέδωκεν,
861 1916 916 1945 Ὧν

123 1966 180 1992 οὐκ
190 1965 344 1999 ἐμνήσθης
356 1964 454 1991 αὐτῶν
467 1966 520 1995 Erl,
534 1965 582 1990 καὶ
600 1965 683 1991 αὐτοὶ
701 1965 734 1991 ἐκ
750 1963 804 1998 τῆς
818 1964 915 1998 χειρός

123 2018 183 2038 σου
207 2010 432 2045 ἀπετμήθησαν·
452 2012 465 2037 ὁ
485 2011 512 2036 δὲ
530 2010 676 2045 Σύμμαχος
699 2018 791 2045 φησιν,
806 2006 861 2036 Ὦν
878 2010 914 2036 οὐ

121 2058 338 2092 μνημονεύσεις
367 2057 422 2089 ἔτι,
449 2057 557 2089 οἵτινες
578 2057 637 2083 ὑπὸ
659 2055 714 2091 τῆς
732 2056 832 2090 χειρός
856 2063 914 2082 σου

121 2103 326 2136 ἐξεκόπησαν.

161 2150 283 2177 Ἕθεντό
298 2159 337 2184 με
349 2150 384 2176 ἐν
395 2150 496 2182 λάκκῳ
508 2148 673 2179 κατωτάτῳ,
686 2148 721 2174 ὲν
736 2147 913 2179 σκοτεινοῖς,

122 2196 173 2222 καὶ
196 2196 231 2222 ἐν
249 2195 321 2228 σκιᾷ
333 2195 472 2223 θανάτου.
495 2196 566 2221 Ἀντὶ
582 2195 768 2224 τοῦ,”Εθεντό
776 2201 824 2227 με,
837 2193 851 2220 ὁ
865 2193 913 2228 μὲν

974 279 1062 306 neque
1082 275 1174 299 tamen
1191 271 1217 297 in
1238 271 1396 299 servitutem
1409 270 1469 305 ejus
1485 271 1613 300 redactus
1627 275 1680 304 est,
1698 272 1759 299 eui-

974 318 1015 345 vis
1038 321 1103 352 puto
1118 316 1291 344 manifestum
1308 325 1384 350 esse;
1407 316 1443 343 ita
1468 321 1497 344 ul
1513 318 1579 344 nulli
1599 317 1644 344 alii
1669 317 1758 344 ltomi-

973 371 1039 390 num
1053 363 1150 398 psalmi
1165 362 1247 390 \erba
1260 362 1366 397 possint
1382 362 1480 396 aptari,
1502 367 1679 397 praeterquam
1698 361 1757 388 Sal-

973 408 1059 436 vatori
1071 413 1175 436 nostro.
1191 407 1424 441 Quemadmodum
1442 400 1530 434 autem
1541 408 1628 436 factus
1642 412 1683 436 est
1698 409 1756 435 sic--

974 460 1003 483 ut
1024 455 1106 482 homo
1123 455 1182 482 sine
1204 454 1356 489 adjutorio;
1380 455 1417 482 ita
1441 456 1521 482 etiam
1538 456 1605 481 sicut
1626 455 1757 482 vulnerati

973 503 1133 529 dormientes
1150 501 1179 528 in
1193 501 1321 536 sepulcro,
1337 510 1447 536 quorum
1464 510 1513 527 non
1530 510 1556 528 es
1582 509 1680 528 memor
1697 509 1757 528 am-

973 548 1052 581 plius.
1067 546 1115 574 llis
1128 546 1210 573 etiam
1227 547 1364 581 sepultura
1379 546 1438 581 ejus
1454 546 1598 577 indicatur,
1619 554 1699 581 quam
1713 546 1756 574 di-

973 594 1053 620 vinus
1069 592 1217 627 Apostolus
1229 592 1262 619 ad
1276 592 1433 620 Corinthios
1446 593 1571 620 scribens
1586 592 1628 619 his
1640 600 1756 620 comth

973 644 1062 667 morat
1073 649 1080 667 :
1092 638 1203 666 Tradidi
1215 639 1284 665 enim
1296 638 1366 665 vobis
1380 638 1407 665 in
1422 639 1514 672 primis
1525 638 1593 673 quod
1607 643 1632 665 et
1648 640 1734 673 accepi
1746 647 1755 665 :

972 685 1095 719 quoniam
1114 683 1234 710 Christus
1253 688 1371 709 mortuus
1395 687 1434 710 est
1451 691 1498 717 pro
1520 683 1634 717 peccatis
1658 685 1757 711 nostris

973 732 1115 757 secundum
1133 730 1296 763 Scripturas,
1315 733 1338 756 ct
1357 729 1420 764 quia
1434 730 1550 763 sepultus
1566 734 1604 756 est
1620 731 1652 756 ".
1671 730 1756 757 Isaias

972 784 1081 811 quoque
1111 775 1278 810 sepulturam
1302 774 1362 807 ejus
1389 779 1522 802 memorat
1539 775 1581 801 his
1598 775 1707 803 verbis:
1723 775 1756 803 In

971 829 1035 855 pace
1048 820 1182 854 sepultura
1195 821 1251 854 ejus
1270 819 1376 846 sublata
1390 823 1429 845 est
1443 827 1475 846 ea:
1492 819 1577 846 medio
1591 820 1624 846 ".
1641 821 1694 847 Pro
1709 820 1757 848 illo

972 871 1074 896 autem,
1089 866 1163 893 Sicut
1176 866 1317 897 vulnerati,
1339 865 1436 900 Aquila
1459 864 1592 892 :I’erinde
1612 869 1689 900 atque
1709 873 1757 894 ac.

972 914 1035 945 eisi;
1058 912 1239 948 Symmachus
1266 919 1330 939 vero
1358 920 1365 938 ε
1391 911 1475 943 Quasi
1500 912 1630 938 vulnerati
1646 921 1656 940 :
1673 912 1756 948 idque

971 960 1043 986 clare
1071 958 1273 993 quodammodo
1299 958 1438 993 impletum
1456 961 1508 990 est,
1539 958 1648 993 quando
1676 959 1773 997 miles.

971 1005 1065 1031 lancea
1084 1005 1155 1031 latus
1171 1004 1232 1038 ejus
1245 1003 1396 1030 vulneravit
1410 1013 1416 1030 :
1429 1003 1501 1038 quod
1515 1009 1604 1030 autem
1620 1004 1646 1031 in
1664 1006 1756 1039 sepul-

970 1058 1017 1077 cro
1033 1050 1115 1077 etiam
1131 1049 1288 1076 vulneratus
1308 1049 1436 1083 jacuerit,
1461 1049 1600 1084 propalam
1624 1054 1674 1076 est.
1696 1050 1755 1077 Ca:-

971 1100 1058 1123 terum
1074 1103 1136 1123 cum
1150 1096 1216 1122 dicit
1238 1102 1268 1122 se
1285 1095 1385 1122 factum
1407 1103 1467 1123 esse
1483 1095 1554 1122 sicut
1569 1095 1755 1129 vulneratum.

969 1148 995 1171 et
1009 1143 1124 1170 similem
1138 1142 1333 1170 dormientibus
1353 1142 1379 1169 in
1393 1142 1529 1176 sepulcro.
1546 1142 1589 1170 hic
1603 1143 1688 1170 series
1699 1151 1754 1171 non

969 1187 1150 1220 terminatur;
1165 1187 1212 1214 sed
1227 1186 1248 1213 si
1263 1190 1347 1212 totum
1358 1191 1503 1214 connectas
1514 1187 1577 1214 dicti
1590 1187 1752 1215 sententiam

969 1232 1155 1267 deprehendes
1172 1241 1179 1259 τ
1196 1231 1296 1259 Factus
1313 1241 1383 1263 sum,
1400 1232 1497 1267 inquit.
1520 1233 1588 1259 sicut
1611 1233 1752 1265 vulnerati.

967 1286 1078 1312 quorum
1089 1286 1140 1304 non
1155 1286 1182 1305 es
1199 1286 1297 1314 memor
1309 1278 1431 1312 amplius.
1446 1278 1542 1305 Caneri
1558 1286 1675 1314 namque
1691 1284 1754 1314 post

969 1328 1083 1351 mortem
1108 1324 1135 1351 in
1154 1324 1286 1359 sepulcris
1301 1324 1427 1359 depositi,
1442 1325 1528 1352 relicti
1539 1328 1614 1356 sunt.
1636 1333 1668 1353 ac
1679 1331 1752 1353 terra

967 1374 994 1398 et
1014 1371 1103 1405 pulvis
1124 1376 1325 1403 remanserunt,
1352 1370 1407 1398 Deo
1425 1376 1488 1406 post.
1513 1376 1627 1398 mortem
1649 1372 1752 1399 nullam

967 1424 1061 1443 eorum
1086 1417 1243 1443 memoriam
1260 1417 1412 1444 retinente:
1429 1424 1479 1451 ego
1499 1424 1564 1443 vero
1581 1416 1669 1444 [at-tus
1690 1424 1754 1445 sum

967 1462 1039 1490 sicut
1054 1470 1124 1489 unus
1137 1469 1242 1494 eorum,
1261 1463 1323 1489 licet
1348 1470 1402 1488 non
1415 1462 1468 1489 illis
1492 1462 1588 1490 similis
1608 1463 1674 1496 sim;
1689 1471 1751 1490 nam

967 1509 1020 1536 mei
1036 1512 1097 1543 post
1115 1508 1245 1535 inﬂictum
1257 1509 1367 1541 vulnus,
1384 1512 1446 1543 post
1463 1512 1578 1535 mortem
1590 1512 1616 1535 ct
1630 1514 1691 1544 post
1704 1509 1752 1536 tle-

967 1555 1127 1589 positionent
1150 1554 1176 1581 in
1199 1554 1335 1589 sepulcro.
1360 1561 1464 1581 memor
1484 1553 1571 1586 fuisti,
1591 1562 1622 1581 ac
1645 1554 1699 1581 vita
1724 1559 1750 1582 et

968 1601 1065 1633 salute,
1081 1607 1141 1635 quae
1155 1608 1238 1635 penes
1254 1603 1278 1626 te
1294 1603 1346 1631 est,
1362 1600 1488 1635 dignatus
1502 1607 1544 1626 me
1561 1607 1601 1627 es.
1612 1599 1702 1633 Quare
1716 1600 1752 1627 ab

967 1647 1044 1674 initio
1054 1647 1200 1680 gratiarum
1214 1645 1328 1673 actionis
1341 1645 1469 1680 hymnum
1479 1645 1568 1672 emisit
1584 1646 1626 1672 his
1639 1645 1728 1672 verbis
1742 1656 1749 1673 ε

967 1692 1078 1719 Domine
1100 1692 1170 1719 Deus
1185 1692 1279 1719 salutis
1299 1700 1373 1722 metu.
1393 1691 1422 1718 in
1438 1691 1480 1718 die
1504 1691 1617 1718 clamavi
1630 1696 1655 1718 et
1677 1698 1752 1719 nocte

966 1747 1056 1766 coram
1071 1743 1104 1765 te.
1119 1738 1184 1772 Qua:
1199 1746 1242 1765 me
1254 1738 1412 1772 spectabant
1434 1737 1499 1765 talia
1518 1741 1606 1764 erant.
1622 1738 1750 1765 Attamen

967 1784 1055 1811 factus
1070 1791 1130 1811 sum
1159 1783 1252 1810 multis
1267 1783 1294 1809 in
1319 1782 1444 1816 sepulcro
1461 1781 1615 1816 jacentibus
1637 1781 1751 1813 similia,

960 1829 1012 1865 .qui
1025 1837 1078 1856 non
1094 1828 1210 1863 amplius
1230 1827 1360 1855 meinoria
1375 1831 1420 1854 tua
1432 1826 1506 1861 digni
1522 1827 1666 1859 habentur,
1684 1827 1749 1861 quia

966 1875 999 1902 de
1015 1883 1095 1901 manu
1113 1879 1159 1901 tua
1183 1873 1284 1908 repulsi
1308 1877 1382 1900 sunt.
1398 1873 1466 1899 Nam
1482 1873 1555 1900 illius
1577 1873 1638 1900 loco
1653 1882 1661 1901 :
1677 1874 1750 1906 Quo-

966 1929 1024 1947 rum
1036 1929 1087 1947 non
1097 1928 1123 1947 es
1137 1927 1235 1946 memor
1248 1915 1371 1952 amplius,
1384 1923 1408 1945 et
1427 1919 1478 1952 ipsi
1491 1919 1524 1945 de
1541 1926 1622 1945 manu
1640 1923 1686 1945 tua
1711 1927 1751 1946 re-

964 1967 1034 2001 pulsi
1046 1971 1116 1996 stmt.
1131 1966 1227 2000 Aquila
1238 1964 1321 1991 edidit
1337 1974 1343 1991 :
1358 1964 1476 1997 Quorum
1490 1971 1542 1990 non
1557 1963 1711 1991 recordatus
1723 1972 1750 1990 es

965 2011 1048 2042 ultra,
1059 2015 1083 2037 et
1093 2010 1143 2044 ipsi
1156 2017 1188 2036 ex
1204 2017 1283 2035 manu
1298 2013 1342 2035 tua
1352 2008 1463 2035 abscissi
1473 2014 1534 2035 sunt
1548 2016 1556 2040 ;
1569 2007 1750 2043 Symmachus

965 2061 1055 2083 autem
1072 2065 1078 2083 :
1098 2055 1216 2088 Quarum
1231 2062 1282 2081 non
1297 2053 1477 2096 recordaberis
1489 2053 1572 2087 ultra,
1583 2053 1654 2088 quia
1669 2060 1751 2080 manu

966 2106 1010 2128 tua
1026 2101 1108 2127 excisi
1125 2105 1195 2127 sunt.

1001 2143 1082 2171 Vens.
1105 2143 1129 2170 7.
1150 2143 1300 2170 Posuerunt
1316 2150 1356 2169 me
1369 2143 1396 2169 in
1413 2142 1472 2168 lacu
1495 2141 1625 2176 inferiori,
1639 2142 1667 2168 in
1680 2146 1751 2170 teuc-

965 2189 1049 2216 brosis
1062 2194 1086 2216 ct
1102 2189 1130 2216 in
1153 2189 1246 2215 umbra
1272 2188 1373 2215 mortis.
1396 2187 1468 2215 Loco
1493 2187 1576 2218 illius,
1601 2186 1750 2214 Posueritnt

129 2241 349 2273 Ἀκύλας,’¹Εθου
362 2250 411 2276 με,
426 2242 439 2267 ὁ
457 2241 484 2267 δὲ
495 2238 785 2276 Σύμμαχος,“Εταξάς
798 2247 846 2272 με,
867 2239 913 2264 ὲκ-

967 2244 1015 2267 me,
1037 2235 1144 2270 Aquila.
1164 2234 1283 2262 Posuisti
1302 2241 1358 2265 me;
1387 2232 1568 2268 Symmachus
1587 2240 1662 2266 vero,
1689 2232 1751 2259 Sta-

122 2287 264 2315 δεδώκασί.
282 2289 321 2313 Δι’
333 2284 369 2314 ὧν
384 2287 554 2322 παρίστησιν,
567 2288 607 2312 ὅτι
620 2285 733 2320 νεύματι
748 2284 794 2310 τοῦ
810 2284 915 2319 Πατρὸς

123 2337 170 2362 καὶ
186 2335 279 2371 βουλῇ.
297 2335 345 2369 οὐχ
367 2334 459 2365 ἁπλῶς
475 2333 514 2364 εἰς
533 2332 578 2358 τὸν
594 2332 717 2361 θάνατον,
740 2330 799 2356 οὐδὲ
817 2331 855 2361 εἰς
870 2329 915 2355 τὸν

123 2382 189 2418 ᾅδην
212 2382 260 2408 καὶ
282 2382 326 2407 τὸν
343 2380 507 2415 καλούμενον
520 2378 620 2405 λάκκον
636 2375 826 2411 κατελήλυθεν,
848 2374 916 2401 ἀλλὰ

122 2429 169 2456 καὶ
185 2429 225 2459 είς
237 2427 271 2454 τὰ
283 2427 420 2462 βαθύτατα
432 2425 478 2451 καὶ
491 2425 525 2451 τὰ
538 2422 682 2450 κατώτατα
697 2422 744 2448 καὶ
754 2420 788 2447 τὰ
803 2420 913 2455 ἔσχατα,

120 2474 157 2504 ὡς
170 2472 204 2499 ἂν
220 2471 291 2498 εἴποι
305 2479 356 2503 τις,
368 2470 422 2497 τῶν
438 2471 495 2496 ἐκεῖ
509 2469 624 2504 χωρίων.
643 2467 794 2501 Παρίοτησι
807 2465 834 2491 δὲ
849 2464 911 2491 τοῦ-

119 2527 150 2545 Iro
165 2518 213 2545 καὶ
231 2517 310 2549 αὐτὸς
333 2518 361 2542 ὲν
386 2517 441 2547 τοῖς
458 2514 632 2549 Εὗαγγελίοις
651 2513 771 2547 φάσκων·
795 2511 843 2537 Δεῖ
857 2511 910 2537 τὸν

124 2565 194 2592 Πὸν
207 2565 261 2592 τοῦ
274 2563 430 2598 ἀνθρώ-του
440 2561 563 2596 ποιῆσαι
576 2561 610 2587 ἐν
622 2559 659 2594 τῇ
667 2559 772 2593 καρδίᾳ
786 2558 840 2591 τῆς
853 2556 909 2592 γῆς

120 2610 199 2644 τρεῖς
217 2605 329 2645 ἡμέρας
351 2609 399 2635 καὶ
418 2608 497 2642 τρεῖς
517 2608 639 2639 νύκτας.
664 2606 735 2631 ’Λντὶ
751 2604 779 2631 δὲ
798 2603 857 2635 τοῦ,
873 2604 907 2630 ἐν

120 2656 298 2688 σκοτεινοῖς,
316 2655 366 2682 καὶ
382 2655 416 2681 ἐν
431 2653 502 2687 σκιᾷ
521 2652 659 2683 θανάτου,
683 2652 698 2677 ὁ
730 2649 854 2681 Ἀκύλας,
875 2649 910 2675 ἐν

119 2702 296 2735 σκοτεινοῖς,
327 2701 402 2735 φησὶ,
431 2700 479 2726 καὶ
500 2700 534 2726 ἐν
548 2698 663 2731 βινθοῖς·
679 2698 693 2723 ὁ
709 2697 737 2722 δὲ
752 2696 909 2731 Σύμμαχος,

120 2749 154 2775 ἐν
164 2748 329 2781 σκοτεινοῖς
344 2745 580 2780 ἑσκεπασμένον·
596 2745 611 2779 ἡ
627 2744 655 2769 δὲ
669 2743 779 2778 πέμπτη
794 2741 908 2772 ἔκδυσις,

120 2793 154 2819 ἐν
167 2792 345 2825 σκοτεινοῖς,
365 2793 399 2818 ἐν
415 2790 599 2822 καταδύτοις.
623 2788 707 2814 Τοῦτο
719 2788 746 2814 δέ
763 2796 807 2822 μοι
822 2795 909 2821 παρα-

964 2282 1039 2308 tuisti
1055 2289 1105 2312 me,
1120 2281 1273 2308 ediderunt.
1294 2279 1377 2312 Qucis
1392 2279 1514 2306 declarat
1538 2286 1567 2306 se
1584 2285 1617 2305 ex
1638 2281 1705 2304 nutu
1722 2282 1750 2304 et

963 2327 1102 2354 voluntate
1124 2326 1224 2358 Patris,
1249 2333 1303 2352 non
1328 2325 1409 2352 modo
1434 2324 1462 2351 in
1486 2329 1618 2354 mortem,
1649 2323 1675 2350 in
1708 2322 1749 2349 iu-

964 2374 1069 2400 l‘eruum
1100 2376 1128 2400 et
1159 2372 1187 2399 in
1224 2374 1403 2399 memoratum
1429 2371 1516 2396 lacum
1552 2368 1748 2400 descendisse;

963 2419 1009 2445 sed
1032 2420 1113 2445 etiatn
1129 2418 1156 2444 iu
1177 2416 1404 2452 profundissima,
1422 2414 1515 2440 inlima
1528 2417 1555 2439 et
1569 2417 1703 2443 extrema.
1718 2417 1748 2439 ut

963 2464 1000 2491 ita
1016 2464 1159 2495 dicam,ibi
1173 2463 1260 2498 posita
1278 2463 1348 2489 loca.
1363 2460 1537 2494 ldipsumque
1553 2460 1579 2486 iu
1593 2458 1747 2494 Evangeliis

964 2512 1057 2535 narrat
1073 2507 1117 2535 his
1130 2508 1220 2535 verbis
1234 2516 1240 2534 z
1258 2506 1365 2541 Oportet
1382 2505 1483 2532 Filium
1508 2504 1619 2531 hominis
1643 2512 1750 2532 manere

962 2555 990 2581 in
1007 2553 1085 2581 corde
1107 2558 1182 2580 term
1206 2552 1290 2579 tribus
1307 2551 1397 2579 diebus
1420 2555 1445 2581 et
1473 2550 1556 2577 tribus
1578 2549 1696 2577 noctibus
1712 2551 1746 2579 ".

962 2600 1015 2627 Pro
1034 2600 1080 2626 illo
1095 2604 1198 2631 autem.
1213 2599 1240 2625 in
1265 2598 1406 2625 tenebrosis
1423 2601 1448 2625 et
1471 2597 1498 2624 in
1522 2596 1616 2623 umbra
1641 2596 1745 2627 mortis,

960 2647 1057 2681 Aquila
1072 2645 1112 2673 sic
1125 2645 1215 2677 habet,
1229 2644 1256 2671 in
1268 2644 1410 2671 tenebrosis
1421 2648 1446 2670 et
1460 2643 1487 2670 in
1502 2641 1640 2677 profundis
1651 2650 1661 2674 ;
1671 2641 1748 2677 Sym-

962 2691 1074 2718 machus
1089 2697 1162 2721 vero,
1176 2690 1203 2717 in
1221 2689 1362 2716 tenebrosis
1379 2688 1526 2719 oblectant;
1541 2687 1635 2722 quinta
1649 2686 1745 2717 editio,

960 2738 987 2764 in
1002 2737 1154 2768 tenebrosis,
1176 2737 1203 2763 iu
1225 2734 1354 2762 latibulis.
1371 2733 1428 2761 lloc
1443 2738 1533 2761 autem
1554 2732 1710 2760 necessario
1728 2739 1745 2766 a

961 2791 1004 2811 me
1018 2784 1192 2811 observatum
1213 2785 1266 2815 est,
1291 2789 1325 2809 uc
1340 2781 1401 2816 quis
1427 2780 1581 2816 suspicetur
1606 2779 1694 2814 ipsum
1714 2779 1743 2806 in

156 2871 179 2887 "
198 2869 209 2898 ι
226 2870 288 2899 Cor.
305 2877 350 2901 xv,
367 2869 402 2901 3,
421 2869 446 2896 ι.
485 2868 507 2884 ’³
528 2866 578 2895 lsa.
598 2874 663 2900 Lm,
678 2867 704 2893 8.
743 2865 765 2883 "
787 2863 881 2892 Matth.
902 2871 956 2894 sn,
975 2862 1019 2890 40.
