2032 3215
283 139 352 169 1059

633 136 767 164 Ευδειιιι
785 134 1024 164 C£SARIENSiS
1033 135 1067 164 Ol

1130 135 1220 163 PARS
1234 134 1277 163 ΙΙΙ.
1298 151 1324 155 -
1343 135 1548 164 EXEGETICA.

1831 135 1901 163 um

280 203 369 225 morte
385 204 438 224 non
455 196 550 228 fuisse,
566 196 633 231 quia
649 204 663 223 a
680 194 749 223 LXX
775 194 974 230 lnterprctibus
996 195 1064 222 dici-

1118 196 1261 231 τετήριιται
1277 195 1442 229 αναγκαίως,
1456 195 1494 226 ὡς
1514 195 1547 222 ἂν
1561 195 1598 231 μή
1618 203 1660 226 ¹τις
1679 194 1806 231 ὑπολάϐῃ
1823 194 1861 231 μὴ
1877 196 1905 222 ιν

279 248 335 275 tur,
357 244 384 270 in
409 242 550 269 tenebrosis
575 242 642 269 etin
666 242 761 267 uinbra
779 241 881 267 mortis.
905 240 970 267 Nam
991 248 1067 267 com-

281 293 452 317 monstratur
467 296 530 316 eum
548 288 575 315 iu
592 288 755 320 tenebrosis,
769 287 912 322 profundis
925 291 952 314 et
967 287 1067 313 latibu-

281 336 315 363 lis
329 336 415 370 ipsius
432 335 528 362 mortis
546 334 631 362 fuisse
643 334 835 369 :quamobrem
853 341 940 367 neque
954 333 1067 360 llebrai-

280 389 342 409 (‘um
366 381 516 415 exemplar,
531 387 619 415 neque
641 379 738 414 reliqui
759 380 930 413 interpretes,
945 379 1066 404 umbram

280 427 373 453 mortis
395 425 567 460 interpretati
592 429 665 453 sunt.
692 425 759 452 Nam
786 428 946 459 praesentem
971 424 1065 455 vitam.

281 472 406 499 umbram
423 472 521 498 mortis
541 472 701 507 plerumque
720 479 818 498 vocare
837 470 977 504 Scriptura
1001 476 1067 496 con-

281 518 379 546 suevit.
394 517 444 544 llic
452 525 517 545 vero
533 517 669 550 Salvator,
679 519 707 544 in
719 518 777 552 ipsa
791 521 877 543 morte
888 515 1065 547 constitutus,

280 568 365 591 totam
383 564 565 590 (nconomiam
590 571 668 590 suam
693 562 834 590 describit.
849 577 883 582 —
901 561 982 588 Vens.
997 561 1023 592 8,
1038 560 1064 587 9.

280 610 364 644 Super
375 619 415 637 me
424 611 598 645 confirmatus
608 616 646 637 est
662 610 738 645 furor
751 615 822 640 tuus,
833 614 857 636 et
868 617 956 635 omnes
971 608 1066 642 ﬂuctus

281 660 339 682 tua:
360 656 490 682 induaisti
509 663 584 689 super
599 664 648 682 me.
674 654 841 688 Diapsalma.
865 653 953 688 Longe
982 653 1067 687 fecisti

280 706 356 728 notos
375 709 444 728 meos
461 710 477 727 a
496 709 545 731 me,
555 704 696 734 posuerunt
714 708 755 727 me
772 700 993 726 aboriiinationem
1005 698 1065 726 sibi.

282 746 408 773 Traditus
425 754 494 777 sum,
513 751 537 772 et
550 754 600 772 non
615 745 776 781 egrediebar.
793 745 927 778 Quoniam
941 745 1067 773 Christus

281 799 331 826 pro
345 792 425 819 nobis
437 796 560 819 mortuus
572 797 623 823 est,
635 791 785 819 secundum
798 791 968 825 Apostolum,
980 791 1067 818 l'actus

281 845 331 872 pro
358 838 436 864 nobis
460 837 648 869 maledictum;
663 836 723 863 ideo
748 841 889 868 scribitur,
909 835 1068 863 Maledicta:

1117 242 1224 276 θανάτῳ
1237 241 1318 267 αὐτὸν
1339 241 1489 275 γεγονέναι,
1507 240 1549 267 διὰ
1565 241 1596 267 τὸ
1617 240 1743 275 λέγεσθαι
1757 240 1835 277 παρὰ
1850 242 1904 272 τοῖς

1124 287 1337 322 Ἐϐδομήκηντα,
1353 287 1388 313 ὲν
1400 286 1565 318 σκοτεινοῖς
1574 287 1621 312 καὶ
1632 286 1667 312 ἐν
1678 286 1750 319 σκιᾷ
1763 286 1902 314 θανάτου.

1117 332 1255 359 Δέδεικται
1277 333 1341 368 γὰρ,
1358 332 1398 358 ὅτι
1412 333 1441 358 ὲν
1460 331 1661 366 ὲσκοτισμὲνοις
1680 331 1727 358 καὶ
1752 331 1843 366 βυθοίς
1858 331 1905 358 καὶ

1118 377 1276 408 καταδύτοις
1287 377 1368 403 αὑτοῦ
1386 376 1432 403 τοῦ
1448 376 1562 403 θανάτου
1573 376 1678 410 γέγονε¹
1698 376 1791 411 διόπερ
1803 375 1866 403 οὔτε
1875 376 1906 403 τὸ

1123 422 1275 457 Ἐὁραῖκὸν,
1300 421 1360 448 οὗτε
1375 422 1398 447 οἱ
1413 421 1500 447 λοιποὶ
1516 421 1691 456 ἐρμηνευταὶ,
1713 421 1804 447 σκιὰν
1814 421 1906 448 θανά-

1117 476 1181 500 του,
1202 468 1385 502 ήρμήνευσαν.
1402 467 1452 493 Τὸν
1465 467 1519 502 γὰρ
1533 466 1654 501 παρόντα
1669 466 1724 501 βίον
1740 466 1787 492 καὶ
1801 466 1851 501 τὴν
1864 467 1906 493 ὲν-

1118 513 1239 539 εστῶσαν
1253 512 1337 547 ζωὴν,
1352 512 1479 544 πολλάκις
1498 513 1512 539 ὁ
1528 512 1605 546 λόγος
1619 512 1696 538 σκιὰν
1713 511 1829 538 Θανάτου
1845 512 1907 539 eho-

1118 559 1163 585 Θεν
1184 558 1342 586 ἀποκαλεῖν.
1373 558 1503 585 Ἐνταῦθα
1525 558 1552 584 δὲ
1568 560 1582 585 ὁ
1597 558 1701 593 ἃυτὴρ,
1721 559 1750 585 ὲν
1773 558 1850 594 αὑτῷ
1868 558 1907 593 τῷ

1117 604 1224 639 θανάτῳ
1236 603 1364 638 γεγονὼς,
1379 605 1467 630 πᾶσαν
1480 603 1561 630 αὑτοῦ
1574 604 1623 639 τὴν
1633 603 1787 639 οἰκονομίαν
1798 604 1907 640 διαγρά-

1119 659 1172 684 φει.
1197 651 1258 677 Ἐπ’
1274 650 1326 684 ἐμὲ
1338 650 1500 684 ἑστηρίχοη
1514 651 1530 676 ὁ
1544 650 1634 683 θυμός
1646 656 1715 682 σου,
1728 650 1777 676 καὶ
1791 650 1908 684 πάντας

1118 695 1188 728 τοὺς
1201 696 1428 730 -μετεωρισμούς
1443 703 1501 721 σου
1523 694 1671 730 ἐπήγαγες
1692 695 1739 721 ἐπ’
1761 694 1825 730 ἐμέ·
1847 695 1909 723 Διά·

1118 743 1231 776 ψαλμα.
1251 742 1431 776 Ἐμιὶκρυνας
1441 741 1511 774 τοὺς
1521 742 1673 776 τνωστούς
1686 750 1746 776 μου
1757 741 1808 768 ἀπ’
1822 742 1906 776 ἐμοῦ,

1118 789 1219 815 ἐθειτό
1229 797 1267 823 με
1282 788 1441 822 ,βδέλυγμα
1454 788 1580 821 ἑαυτοῖς.
1595 788 1775 822 Παρεδόθην,
1793 789 1840 815 καὶ
1852 789 1906 816 οὐκ

1118 834 1349 868 ἐξεπορευόμην.
1367 833 1474 869 Ἐπειδὴ
1484 834 1599 869 Χριστὸς
1611 834 1679 868 ὑπὲρ
1689 834 1767 869 ἡμῶν
1777 833 1905 865 ἀπέθανε,

280 883 366 910 omnis
377 883 421 918 qui
440 882 532 917 pendet
545 883 572 908 in
587 882 657 917 ligno
669 881 693 897 ³⁸
709 891 716 908 :
730 885 757 908 et
775 882 839 916 quia
856 889 928 913 eum,
943 881 988 916 qui
1005 890 1066 916 pec-

1118 880 1187 906 κατὶι
1201 880 1245 906 τὸν
1268 879 1437 911 Ἀπόστολον.
1452 880 1596 914 γενόμενος
1614 880 1684 914 ὑπὲρ
1696 880 1775 915 ἡμῶν
1787 879 1904 916 κατάρα·

277 935 370 956 catum
389 936 444 956 non
464 932 586 959 noverat,
602 928 673 956 Deus
688 935 736 962 pro
752 928 830 954 nobis
845 931 986 962 peccatum
999 927 1063 955 effe—

280 975 329 1006 cit,
353 973 505 1001 secundum
525 973 650 1000 eumdem
666 972 826 1007 Apostolum
838 973 871 1004 ",
892 972 954 1006 jure
972 972 1065 999 illiilli-

280 1024 391 1047 neutem
408 1020 498 1052 nobis,
514 1022 560 1055 qui
578 1026 664 1054 nuper
685 1018 760 1053 impii
774 1022 802 1045 et
825 1022 984 1054 peccatores
1001 1026 1064 1045 era-

281 1074 353 1098 mus,
370 1066 439 1093 iram
455 1065 515 1098 Dei,
530 1069 557 1093 et
571 1065 691 1092 furorem
703 1065 764 1099 ejus
781 1065 928 1092 instantem
943 1065 1022 1092 nobis
1038 1065 1065 1091 in

281 1121 311 1142 se
328 1113 500 1149 pertrahens,
511 1117 592 1147 atque.
605 1112 641 1138 ob
655 1112 708 1138 vim
725 1111 767 1138 sui
779 1119 842 1146 erga
859 1111 982 1138 homines
992 1118 1068 1138 amo-

281 1159 331 1191 ris,
351 1158 514 1193 supplicium
528 1161 554 1185 et
569 1157 733 1184 destinatam
749 1157 829 1184 nobis
850 1157 981 1184 ultionem
999 1156 1026 1183 in
1038 1164 1068 1183 se

282 1204 446 1238 suscipiens,
467 1204 515 1230 has
530 1203 682 1238 proferebat
694 1210 775 1229 voces
789 1211 795 1234 ;
807 1205 901 1236 utpote
920 1202 966 1236 qui
979 1201 1068 1228 factus

281 1253 356 1277 esset
370 1251 463 1284 Agnus
478 1248 524 1275 Dei
539 1248 586 1283 qui
603 1248 674 1274 tollit
691 1251 836 1283 peccatum
855 1246 960 1272 mundi.
979 1245 1068 1278 Quare

284 1294 340 1321 hanc
364 1294 398 1321 de
412 1294 458 1320 illo
473 1293 605 1329 propheta
623 1293 743 1326 loquitur
759 1300 765 1318 :
786 1291 836 1317 llic
850 1295 957 1324 peccata
978 1295 1068 1317 nostra

282 1344 381 1375 portat,
396 1344 420 1366 et
434 1347 481 1374 pro
493 1339 567 1365 nobis
584 1339 718 1364 cruciatur
734 1344 743 1363 :
758 1337 814 1371 ejus
827 1336 906 1363 vibice
921 1344 967 1362 nos
982 1336 1069 1362 sanati

282 1394 384 1417 sumus,
402 1390 426 1412 et
444 1384 573 1412 Dominus
591 1383 702 1410 tradidit
718 1391 777 1410 eum
790 1382 904 1417 peccatis
922 1382 1019 1408 nostris
1035 1382 1068 1406 ⁵⁷.

282 1430 347 1458 Haec
361 1431 443 1467 igitur
461 1435 488 1457 et
504 1431 562 1466 ipse
576 1429 697 1457 declarat
712 1429 738 1455 in
753 1428 868 1463 psalmo,
883 1427 978 1455 dicens
995 1435 1002 1454 :
1018 1426 1070 1453 Su-

282 1486 328 1513 per
350 1486 391 1505 me
412 1480 584 1512 confirmatus
594 1483 633 1504 est
648 1476 723 1511 furor
737 1482 808 1507 tuus,
824 1480 847 1502 et
866 1481 954 1502 onmes
974 1473 1070 1507 ﬂuctus

285 1530 344 1552 tuo:
370 1524 502 1551 induxisti
524 1531 601 1557 super
614 1531 663 1549 me.
680 1522 732 1549 Pro
744 1529 801 1556 quo
825 1520 1005 1556 Symmachus
1021 1522 1068 1550 att,

1114 926 1147 952 δι’
1161 926 1175 952 ὃ
1187 925 1348 960 γέγραπται·
1372 924 1601 958 Ἐπικατάρατος
1619 924 1677 958 πᾶς
1692 926 1709 952 ό
1723 925 1907 960 κρεμάμενος

1114 967 1163 993 ἐπὶ
1185 969 1291 1000 ξύλου,
1318 967 1365 993 καὶ
1389 967 1481 1002 ἐπειδὴ
1508 967 1553 993 τὸν
1573 967 1610 1002 μὴ
1625 967 1723 1001 γνόντα
1742 967 1878 1003 ἁμαρτίαν
1891 969 1906 993 ὸ

1115 1014 1181 1045 Θεὸς
1195 1014 1264 1049 ὑπὲρ
1280 1013 1357 1049 ἡμῶν
1376 1013 1513 1049 ἁμαρτίαν
1527 1013 1651 1048 ἐποίησε,
1667 1012 1738 1039 κατὰ
1749 1012 1796 1039 τὸν
1812 1012 1904 1043 αὐτὸν,

1116 1060 1227 1091 εἰκότως
1241 1059 1288 1094 τὴν
1302 1060 1366 1094 ἡμῖν
1381 1060 1437 1090 τοῖς
1450 1058 1580 1094 πρότερον
1593 1058 1701 1084 ἀσεϐέσι
1715 1058 1763 1085 καὶ
1775 1059 1905 1093 ἁμαρτω-

1116 1105 1171 1137 λοῖς
1188 1105 1363 1140 ἐπικειμένην
1379 1105 1462 1140 ὀργὴν
1478 1105 1523 1131 τοῦ
1538 1105 1616 1135 Θεου,
1633 1104 1679 1130 καὶ
1699 1104 1743 1130 τὸν
1757 1103 1843 1138 Θυμδν
1857 1103 1905 1131 αὐ-

1116 1151 1163 1179 τοῦ
1187 1152 1232 1179 τὸν
1252 1152 1311 1178 καθ’
1334 1151 1412 1187 ἡμῶν
1435 1152 1474 1182 εἰς
1497 1151 1592 1178 ἑαυτὸν
1615 1149 1848 1184 ἐπισπασάμενος,
1872 1149 1904 1176 δι’

1118 1197 1337 1232 ὑπερὸάλλουσάν
1358 1205 1388 1222 τε
1406 1196 1608 1232 φιλανθρωπίαν
1632 1194 1831 1230 ἀναδεξάμενος
1857 1194 1905 1230 τὴν

1118 1245 1186 1279 ὒπὲρ
1202 1243 1279 1279 ἡμῶν
1294 1243 1427 1279 τιμωρίαν
1442 1251 1472 1269 τε
1494 1243 1541 1268 καὶ
1555 1241 1677 1274 κόλασιν,
1692 1241 1741 1272 τὰς
1758 1240 1907 1276 προκειμέ-

1119 1298 1167 1321 νας
1183 1289 1347 1324 προφέρεται
1360 1289 1459 1323 φωνόις·
1474 1288 1522 1315 ἆτε
1537 1287 1569 1322 δὴ
1585 1286 1729 1322 γενόμενος
1748 1286 1847 1321 Ἀμνδς
1859 1285 1906 1312 τοῦ

1119 1335 1186 1362 Θεοῦ
1202 1336 1216 1361 ό
1231 1335 1314 1370 αἴρων
1329 1334 1377 1370 τὴν
1391 1334 1526 1369 ἁμαρτίαν
1542 1332 1589 1359 τοῦ
1604 1333 1716 1368 κόσμου.
1736 1333 1781 1359 Διό
1797 1341 1880 1368 φησιν
1893 1333 1907 1359 ό

1120 1381 1259 1416 προφήτης
1284 1380 1348 1415 περὶ
1369 1379 1460 1406 αὐτοῦ’
1476 1376 1570 1412 Οὗτος
1594 1378 1646 1411 τὰς
1666 1378 1809 1413 ἁμαρτίας
1824 1377 1908 1412 ἡμῶν

1120 1425 1210 1460 φέρει,
1224 1425 1272 1452 καὶ
1285 1425 1352 1459 περὶ
1365 1424 1449 1459 ἡμῶν
1460 1423 1610 1451 ὀδυνᾶται·
1629 1423 1667 1456 τῷ
1679 1423 1801 1458 μώλωπι
1814 1422 1908 1450 αὑτοῦ

1120 1471 1205 1506 ’ἡμεῖς
1218 1471 1351 1505 ὶάθημεν,
1369 1470 1419 1497 καὶ
1433 1470 1539 1504 Κύριος
1553 1469 1723 1504 παρέδωκεν
1737 1468 1831 1496 αὐτὸν
1845 1468 1909 1502 ταῖς

1122 1517 1275 1552 ἁμαρτίαις
1290 1516 1383 1551 ἡμῶν.
1401 1515 1486 1542 Τοῦτο
1499 1515 1588 1541 τοίνυν
1607 1516 1653 1541 καὶ
1665 1515 1746 1546 αὐτὸς
1760 1514 1910 1550 παρίστησι

284 1570 368 1604 Super
379 1578 419 1597 me
434 1552 592 1604 aggraoalas
605 1573 644 1595 est
660 1568 736 1602 furor
747 1552 817 1599 titus,
830 1552 854 1594 el
866 1566 988 1601 procellis
1003 1566 1067 1601 aﬁii-

1121 1564 1166 1593 διὰ
1184 1563 1231 1591 τοῦ
1250 1562 1299 1599 ψα)
1307 1562 1357 1599 μοῡ
1372 1561 1493 1598 φάσκων·
1523 1561 1585 1589 Ἐπ’
1606 1561 1656 1597 ἐμὲ
1673 1561 1876 1597 ἐπεστηρίχϋη
1892 1564 1908 1589 ό

283 1624 364 1645 claui
385 1626 435 1644 me.
451 1616 519 1643 Nam
546 1624 596 1643 ceu
625 1615 734 1651 quidam
759 1615 965 1642 amantissimus
982 1617 1068 1647 pater,

284 1662 456 1698 tempestatis
471 1667 518 1688 aut
534 1662 596 1689 belli
613 1666 733 1696 tempore
747 1660 881 1696 genuinos
896 1659 964 1686 filios
977 1662 1069 1693 prote-

285 1716 364 1744 gens,
381 1708 443 1734 illos
458 1707 570 1742 quidem
590 1706 748 1737 occultavit,
763 1707 790 1732 in
802 1705 873 1732 ulnis
887 1704 1016 1738 obtegens
1027 1706 1070 1729 ιιι-

284 1762 338 1790 que
350 1754 376 1780 in
389 1757 447 1780 tuto
461 1760 564 1788 ponens
575 1761 582 1785 ;
592 1759 653 1779 sese
670 1759 735 1779 vero
752 1751 879 1786 procellis
897 1758 928 1778 ac
943 1751 1006 1778 telis
1020 1758 1069 1785 pro

284 1798 412 1826 omnibus
426 1798 536 1832 obiecit,
554 1801 669 1825 mortem
683 1804 761 1824 suam
776 1804 825 1831 pro
845 1796 964 1822 filiorum
979 1796 1068 1822 salute

285 1846 313 1873 in
329 1845 570 1873 commutationem
587 1842 710 1875 tradens,
727 1848 753 1870 et
768 1843 836 1869 iram
852 1842 906 1869 illis
925 1841 1069 1868 imminen-

285 1896 339 1917 tem
359 1889 392 1916 ad
419 1896 450 1916 se
472 1891 647 1916 convertens.
660 1886 841 1920 Quamobrem
854 1886 900 1921 qui
917 1885 1069 1913 benedictio

285 1935 332 1963 Dei
360 1940 429 1967 erat,
450 1934 538 1962 factus
555 1938 597 1961 est
615 1933 810 1966 maledictum;
835 1936 863 1959 ct
888 1932 934 1967 qui
961 1931 1068 1966 justitia

283 1985 354 2012 erat,
371 1979 459 2008 factus
471 1984 514 2007 est
537 1983 679 2014 peccatum
699 1987 706 2005 :
723 1977 898 2012 furoremque
912 1977 958 2004 Dei
973 1980 1068 2004 contra

285 2027 410 2053 homines
426 2030 601 2061 aggravatqu
615 2025 648 2052 ad
667 2033 696 2052 se
713 2024 887 2060 pertrahens,
906 2024 994 2058 ipsum
1009 2023 1069 2057 qui-

286 2074 348 2100 dem
365 2074 412 2100 abs
423 2081 451 2100 se
463 2074 562 2107 repulit
575 2082 581 2106 ;
598 2072 635 2099 ita
653 2076 681 2098 ut
698 2079 784 2106 neque
797 2079 826 2098 se
845 2078 931 2104 neque
945 2070 1013 2096 alios
1027 2069 1068 2096 vel

287 2119 429 2146 minimum
451 2119 578 2151 lmderet;
601 2118 676 2144 illum
694 2124 758 2143 vero
770 2120 862 2150 utpote
884 2115 1002 2146 Patrem,
1021 2115 1069 2141 ho-

286 2165 391 2192 minum
404 2165 494 2199 generi
510 2164 646 2198 placatum
674 2162 804 2189 reddidit.
822 2161 963 2194 Quomodo
979 2163 1067 2186 autent

285 2218 382 2237 omnes
398 2209 526 2244 discipuli
542 2209 602 2243 ejus
618 2213 738 2243 tempore
766 2206 901 2242 passionis
916 2206 1004 2240 ipsum
1019 2204 1068 2231 de-

285 2255 438 2288 seruerint;
458 2255 503 2281 alii
524 2257 614 2281 autem
631 2253 800 2288 negaverint,
814 2259 868 2278 non
885 2255 926 2278 est
940 2250 1011 2284 quod
1026 2257 1068 2276 re-

285 2302 415 2334 feramus,
445 2299 556 2336 quando
584 2303 702 2334 quatuor
720 2297 892 2332 evangelista:
922 2295 1002 2322 simul
1027 2293 1069 2321 id-

285 2349 374 2383 ipsum
399 2355 450 2374 nos
471 2346 598 2373 edocent.
620 2343 682 2370 Hatc
698 2344 781 2378 igitur
804 2343 848 2369 ille
870 2340 1067 2375 praenuntians,

285 2394 329 2421 his
344 2393 457 2420 vocibus
472 2391 647 2421 vaticinatur,
663 2397 732 2423 quas
748 2387 929 2423 Symmachus
956 2386 1005 2412 hac
1023 2392 1068 2411 ra-

284 2442 359 2466 tione
384 2440 577 2473 interpretatus
591 2440 643 2467 est,
656 2434 742 2469 Longe
758 2433 843 2468 fecisti
864 2436 938 2458 notos
955 2438 1023 2457 meos
1051 2439 1068 2456 α

284 2493 326 2512 me
343 2492 352 2510 .'
367 2484 477 2518 posuisti
494 2491 532 2510 me
557 2480 757 2508 abominabilem
775 2480 851 2514 ipsis,
867 2477 1024 2504 custoditum
1042 2481 1066 2503 et

285 2537 336 2557 non
351 2528 566 2563 progredientem.
585 2525 663 2552 Tunc
679 2526 769 2559 itaque
782 2525 870 2558 ipsum
885 2522 1009 2557 discipuli
1023 2522 1068 2548 ab-

286 2577 430 2608 negarunt,
447 2580 508 2599 cum
535 2573 563 2598 iu
592 2572 674 2598 domo
687 2570 797 2604 Caiphae
816 2569 914 2597 suulmi
932 2567 1068 2602 pontificis

286 2621 314 2647 in
338 2618 463 2646 custodia
488 2617 665 2645 detineretur.
683 2631 718 2635 —
736 2615 819 2642 Vens.
840 2615 885 2641 10.
916 2613 993 2640 Oculi
1019 2613 1068 2639 mei

286 2667 442 2701 languerqu
458 2672 512 2698 pm
529 2664 628 2698 inopia.
645 2663 765 2690 Clamaoi
776 2661 809 2688 ad
826 2666 859 2694 te,
876 2660 995 2691 Domine,
1012 2663 1067 2686 tota

285 2712 337 2743 die,
351 2709 463 2745 expandi
478 2709 512 2735 ad
530 2714 553 2735 te
578 2717 671 2735 manus
696 2717 777 2735 meas.
804 2707 865 2734 lltec
883 2707 945 2733 item
966 2706 1067 2732 clarius

287 2757 466 2793 Symmachus
482 2755 564 2782 edidit
586 2755 628 2781 his
641 2755 729 2782 verbis
747 2764 753 2781 :
768 2754 865 2780 Oculus
884 2760 954 2780 meus
969 2751 1066 2787 eﬂiuxit

320 2836 343 2853 ³⁵
363 2834 440 2864 Deut.
459 2842 520 2865 xxi,
538 2833 591 2866 25;
612 2831 670 2860 Gal.
692 2839 736 2866 ιιι,
757 2832 798 2858 15.
835 2831 859 2847 ’⁸
880 2830 900 2858 ll
916 2831 977 2859 Cor.
998 2838 1024 2863 ι’,
1040 2829 1086 2858 2|.

1122 1613 1214 1646 θυμός
1229 1618 1298 1642 σου,
1317 1616 1366 1636 και
1391 1609 1504 1641 πάντας
1527 1608 1597 1641 τοὺς
1611 1608 1832 1643 μετεωρισμούς
1850 1615 1909 1634 σου

1120 1658 1268 1693 ἐπήγαγες
1280 1657 1326 1683 ἐπ’
1336 1655 1398 1690 ἐμέ.
1407 1655 1475 1682 Ἀνθ’
1491 1651 1521 1681 οὗ
1537 1663 1618 1690 φησιν
1634 1655 1648 1680 ὁ
1661 1654 1819 1689 Σύμμαχος,
1826 1653 1907 1688 Ἐμοὶ

1120 1704 1276 1737 ἐπέϐρισεν
1290 1704 1306 1729 ὁ
1317 1702 1409 1736 θυμός
1422 1703 1500 1732 ’σου,
1517 1701 1565 1727 καὶ
1579 1700 1643 1733 ταῖς
1656 1699 1827 1733 καταιτίσιν
1839 1698 1910 1726 ἐκά-

1120 1747 1219 1780 κωσάς
1245 1755 1293 1781 με.
1310 1743 1361 1773 Οἷα
1379 1745 1433 1781 γάρ
1445 1753 1486 1776 τις
1503 1744 1676 1779 φιλόστοργος
1695 1743 1786 1779 πατὴρ
1798 1744 1828 1771 ὲν
1850 1743 1910 1779 ὥρᾳ

1121 1792 1279 1829 χειμῶνοςῆ
1293 1791 1421 1826 πολέμου,
1436 1790 1554 1825 γνησίων
1570 1789 1635 1815 υίῶν
1649 1787 1837 1824 προασπίζων,
1847 1789 1909 1822 τοὺς

1123 1840 1172 1875 μὲν
1197 1838 1347 1865 ἐκάλυπτεν
1372 1836 1555 1872 ἀποκρύπτων
1582 1835 1629 1862 καὶ
1655 1835 1763 1861 σκέπων
1782 1835 1837 1862 inab
1859 1835 1910 1867 τὰς

1123 1886 1190 1917 ιδίας
1205 1885 1337 1919 ἀγκάλας·
1353 1884 1448 1910 ἑαυτὸν
1458 1883 1486 1909 δὲ
1498 1882 1557 1909 ἀντὶ
1572 1882 1679 1908 πάντων
1693 1882 1754 1913 ταῖς
1768 1881 1908 1916 καταιγίσι

1121 1931 1168 1957 καὶ
1189 1931 1245 1961 τοῖς
1268 1929 1355 1964 βέλεσι
1378 1929 1501 1962 παρεῖχε,
1519 1927 1567 1962 τῆς
1581 1927 1635 1953 τῶν
1656 1926 1759 1953 παίδων
1771 1927 1907 1962 σωτηρίας

1119 1976 1165 2002 τὸν
1178 1975 1259 2002 αὑτοῦ
1274 1975 1386 2001 θάνατον
1399 1972 1715 2008 ἀντικαταλλαττόμενος,
1730 1972 1777 1999 καὶ
1790 1972 1836 1999 τὸν
1849 1972 1906 1999 κατ’

1121 2022 1231 2048 ἐκείνων
1253 2021 1337 2056 θυμὸν
1359 2021 1397 2051 είς
1416 2020 1509 2046 ἑαυτὸν
1526 2019 1714 2055 ἀποστρέφων.
1729 2019 1768 2045 Δι’
1785 2018 1800 2045 ὃ
1813 2018 1907 2053 γέγονε

1121 2069 1237 2104 κατάρα,
1259 2069 1276 2103 ὴ
1297 2066 1404 2100 εὐλογία
1424 2065 1470 2092 τοῦ
1495 2064 1561 2091 Θεοῦ
1578 2065 1657 2096 αὐτὸς
1672 2064 1719 2091 ὤν’
1736 2065 1783 2091 καὶ
1796 2064 1907 2099 γέγονεν

1122 2114 1251 2150 ἁμαρτία,
1271 2113 1424 2147 δικαιοσύνη
1441 2111 1592 2146 τυγχάνων,
1613 2111 1660 2136 καὶ
1672 2110 1718 2136 τὴν
1731 2110 1790 2136 κατ’
1804 2109 1909 2146 ἀνθρώ-

1121 2168 1179 2185 πων
1201 2157 1379 2193 ὲπιὸρὶσαντα
1402 2156 1487 2191 θυμὸν
1508 2155 1554 2181 τοῦ
1578 2154 1645 2181 Θεοῦ
1662 2156 1702 2186 εἰς
1718 2155 1815 2182 ἑαυτὸν
1831 2163 1908 2191 περι-

1123 2205 1239 2235 σπάσας,
1257 2204 1302 2230 τὺν
1325 2204 1373 2238 μὲν
1392 2202 1421 2234 ἐξ
1437 2201 1534 2228 ἑαυτοῦ
1557 2201 1739 2231 διεσκέδασεν,
1762 2200 1801 2232 ὡς
1826 2200 1908 2237 μηδὲν

1086 2233 1106 2259 D
1122 2250 1183 2286 μήτ’
1197 2233 1287 2281 αίδτὸν,
1302 2233 1363 2284 μήθ’
1377 2233 1485 2283 ἑτέρους
1497 2247 1631 2282 ἀδικῆσαι·
1648 2245 1694 2272 τὸν
1705 2245 1727 2272 δ’
1740 2242 1784 2271 οἶα
1798 2233 1908 2282 Πατέρα

1120 2294 1198 2319 ἵλεων
1214 2292 1252 2327 τῷ
1268 2292 1321 2317 τῶν
1336 2291 1488 2326 ἀνθρώπων
1509 2290 1694 2325 κατεστήσατο
1713 2289 1791 2322 γένει.
1815 2289 1907 2321 ὀπως

1120 2339 1148 2366 δὲ
1161 2339 1259 2370 πάντες
1272 2340 1295 2364 οἱ
1312 2338 1429 2373 μαθηταὶ
1442 2336 1665 2363 καταλελοίπασιν
1679 2336 1759 2363 αὑτὸν
1772 2336 1851 2372 παρὰ
1864 2336 1908 2363 τδν

1119 2385 1213 2420 καιρὸν
1229 2384 1276 2411 τοῦ
1296 2384 1407 2415 πάθους,
1430 2384 1454 2409 al
1478 2383 1504 2409 δὲ
1531 2383 1577 2409 καὶ
1593 2383 1754 2418 ἠρνήσαντο,
1771 2382 1849 2410 οὐδὲν
1869 2382 1908 2409 δεῖ

1118 2431 1217 2465 λέγειν,
1244 2431 1297 2456 τῶν
1321 2430 1461 2465 τεσσάρων
1481 2428 1681 2462 εὑαγγελιστῶν
1703 2427 1857 2463 συμφώνως
1874 2427 1907 2454 τὰ

1118 2477 1187 2503 αὐτὰ
1202 2476 1389 2503 διδασκόντων.
1403 2475 1477 2502 Αὑτὰ
1488 2474 1520 2510 δὴ
1537 2472 1582 2501 οὖν
1595 2473 1682 2500 ταῦτα
1698 2473 1825 2509 προλέγει
1840 2482 1906 2509 προσ

1118 2522 1241 2557 φητεύων
1257 2522 1287 2548 τὸ
1307 2521 1402 2557 μέλλον
1417 2521 1461 2547 διὰ
1477 2521 1531 2546 τῶν
1554 2519 1740 2555 προκειμένων
1755 2518 1864 2553 φωνῶν,
1875 2518 1906 2550 ἃς

1117 2570 1131 2595 ό
1147 2568 1293 2604 Σύμμαχος
1308 2567 1403 2594 τοῦτον
1415 2567 1571 2602 ἡρμήνευσε
1587 2566 1631 2592 τὸν
1648 2565 1757 2601 τρόπον·
1784 2564 1905 2598 Μακρὸν

1117 2615 1263 2647 ἐποίησας
1282 2614 1353 2647 τοὺς
1376 2613 1529 2645 γνωστούς
1547 2621 1606 2646 μου
1624 2611 1674 2638 ἀπ’
1691 2610 1776 2645 ἐμοῦ·
1798 2609 1905 2642 ἕταξά

1116 2668 1154 2694 με
1166 2659 1337 2691 meumr
1350 2657 1462 2690 αὐτοῖς,
1476 2657 1699 2692 φρουρούμενον
1716 2655 1766 2682 καὶ
1775 2655 1821 2690 μὴ
1836 2663 1905 2690 προ-

1119 2705 1290 2738 ερχόμενον.
1311 2704 1376 2730 Τότε
1391 2702 1456 2738 γοῦν
1479 2701 1555 2728 ιὺτὸν
1575 2701 1622 2729 καὶ
1636 2701 1788 2737 ἠρνήσαντο
1808 2700 1834 2727 οἱ
1857 2707 1905 2736 μα-

1120 2751 1208 2786 θηταὶ,
1226 2750 1306 2786 ἡνίκα
1319 2750 1474 2785 ἐφρουρεῖτο
1487 2749 1515 2776 ὲν
1531 2749 1565 2784 τῇ
1581 2747 1654 2784 οἰκία
1670 2747 1782 2783 Καϊάφα
1797 2745 1843 2774 τοῦ
1855 2745 1903 2781 ἀρ-

1124 2829 1145 2845 "
1166 2827 1217 2857 lsa.
1236 2835 1298 2861 Llll,
1314 2827 1372 2855 5-5.
