2032 3215
127 149 194 178 ωσι

707 148 956 178 COMMENTARIA
977 144 1012 177 is
1029 145 1198 177 vastities.
1232 137 1283 182 $7

1680 151 1751 181 ΝΜ

125 209 250 246 graphus.
269 210 301 236 οἱ
322 209 469 244 ὀφθαλμοί
492 218 551 245 μου
571 209 747 244 ἡσθένησαν
760 210 818 237 ἀπὸ
839 216 911 236 πτω-

966 213 1070 244 propter
1086 211 1248 236 vexationem
1269 217 1277 236 :
1296 210 1416 237 invocavi
1428 215 1451 238 te
1462 210 1572 247 singulis
1587 210 1689 243 diebus.
1700 220 1749 240 ειτ-

125 257 220 291 χειας.
240 255 402 290 Έκέιφιιεα
426 255 501 290 πρὸς
510 256 559 289 σὲ,
570 257 669 290 Κύριε,
683 256 759 290 ὅλην
771 257 829 289 τὴν
844 254 914 290 ἠμέι

122 309 191 336 ραν,
207 300 369 328 machaera
381 300 457 334 ,πρὸς
470 300 508 328 σὲ
519 301 572 334 τὰς
585 301 686 336 χεῷάς
696 310 767 336 μου.
780 300 915 335 laedar:-

127 356 172 383 ρον
188 347 236 373 καὶ
249 346 335 374 ταῦτα
354 348 367 373 δ
385 347 531 382 Σύμμαχος
553 347 683 379 ἐξέδωκεν
704 347 797 374 εἰπών·
818 348 845 373 '0
863 347 915 381 d59-

126 394 238 428 οαλμός
251 401 310 426 μου
324 392 505 426 ἐξὲρῤευσεν
520 393 577 419 ἀπὸ
594 391 649 425 τῆς
665 391 831 424 κακώσεως·
847 392 912 418 ἑπε-

124 438 302 473 καλεσάμην
324 446 361 464 σε
378 438 440 464 καθ’
455 437 588 471 ἑκάστην
609 437 734 472 ἡμέραν,
753 437 914 464 διεπέτασα

124 484 200 518 πρὸς
216 483 254 509 σὲ
272 483 325 515 τὰς
349 482 448 517 χεῖράς
461 491 530 517 μου.
558 483 719 518 Ἀπεκλᾴετο
741 483 794 518 γὰρ
810 484 852 509 ἀεὶ
866 483 914 515 τὰς

123 531 177 556 τῶν
201 528 352 565 ἀνθρώπων
380 528 576 563 ταλαιπωρίας,
603 529 647 554 καὶ
675 529 737 560 τοὺς
757 528 913 563 ὀφθαλμοὺς

124 576 220 602 ἑαυτοῦ
234 574 386 605 κατεπόνει,
400 574 513 609 δάκρυσι
529 574 634 600 πενθῶν
647 574 696 609 τὴν
712 574 847 601 ἀπώλειαν
860 574 914 600 τῶν

127 621 163 656 μὴ
180 620 405 654 καταδεξαμένων
420 620 510 646 αὐτόν.
535 620 590 645 Καὶ
612 619 648 650 ὡς
665 620 714 655 τὴν
739 620 914 655 Ἰερουσαλὴμ

125 666 325 696 ἀπεκλαύσατο,
341 665 426 696 οὓτως
449 665 519 697 εἰκὸς
540 663 574 700 ἦν
591 665 638 691 καὶ
655 665 701 691 τοῦ
719 665 914 700 προδεδωκότος

124 712 205 739 αὑτὸν
220 711 369 738 ἀποστόλου
382 710 430 745 τὴν
442 711 598 736 ἀπόπτωσιν
614 710 717 736 καὶτοῦ
732 710 830 741 παντὸς
850 711 914 736 Ὶου-

124 757 207 785 δαίων
226 757 318 788 ἔθνους
341 757 390 792 τὴν
413 756 563 791 ἀποϐολὴν,
588 756 634 783 καὶ
660 756 713 782 τῶν
735 756 836 782 λοιπῶν
860 755 914 782 τῶν

123 803 315 839 ἀπολλυμένων
330 803 375 829 τὸν
388 803 506 837 ὄλεθρον,
528 800 571 828 οἷα
586 802 773 838 φιλάνθρωπον
789 802 835 828 κα)¹
845 810 913 828 παν-

123 848 225 884 αγάθου
238 849 343 884 [14:95,—
366 849 422 875 υἱὸν
440 848 673 875 ἁποκλαύσασθαι·
691 848 724 874 δι’
747 844 777 874 οὗ
802 848 848 874 καὶ
863 847 913 878 τὰς

964 255 1045 289 pandi
1059 254 1093 281 ad
1108 259 1131 281 te
1143 263 1236 282 manus
1249 262 1331 282 meas.
1347 254 1381 282 At
1391 256 1463 283 enim
1487 264 1594 291 semper
1608 257 1750 285 hominum

965 301 1091 328 miserias
1107 300 1233 331 deﬂebat,
1251 301 1401 335 oculosque
1415 301 1550 337 ail'ligcbat
1563 309 1640 335 suos,
1653 310 1749 329 eorum

964 346 1010 380 qui
1026 354 1056 373 se
1068 354 1121 372 non
1138 350 1316 380 susceperant
1328 347 1474 381 perniciem
1488 347 1642 382 deplorans.
1660 349 1751 383 Atque
1782 344 1785 351 ’

966 394 995 417 ut
1016 390 1230 426 Hierosolymam
1247 391 1374 427 lacrymis
1392 393 1620 426 prosequebatur;
1643 394 1681 420 ita
1701 402 1750 428 par

964 441 1022 463 erat
1037 444 1098 464 eum
1111 441 1206 477 utpote
1221 437 1360 464 hominum
1379 442 1524 468 amantem,
1534 439 1682 473 optimique
1697 439 1750 465 l’a-

966 482 1016 508 tris
1031 482 1126 513 lilium,
1143 482 1291 516 proditoris
1307 482 1420 516 apostoli
1440 489 1545 515 casum,
1558 484 1640 510 totius
1651 483 1747 510 Judai-

965 535 1003 554 ca:
1015 527 1105 562 gentis
1122 527 1316 561 abjectionem,
1332 535 1364 554 ac
1378 527 1545 562 reliquorum
1561 529 1605 563 qui
1623 529 1748 563 peribant

964 573 1071 599 ruinatn
1087 572 1185 600 deﬂere
1197 582 1203 599 :
1219 580 1271 607 qua
1281 572 1315 600 de
1329 581 1410 600 causa
1427 581 1523 600 manus
1535 575 1702 608 expandebat
1715 583 1747 605 at:

965 618 1174 649 vociferabatur,
1193 619 1219 645 in
1237 618 1406 646 orationibus
1424 618 1457 645 ad
1478 618 1584 646 Patrem
1615 620 1747 653 clamans,

964 664 1112 698 gemitibus
1125 664 1355 691 inenarrabilibns
1366 665 1437 698 apud
1446 664 1554 691 Patrem
1567 665 1746 694 intercedens.

964 711 1026 738 Alio
1039 711 1101 737 item
1118 710 1199 737 modo
1214 711 1334 742 oculum,
1352 711 1410 738 sive
1422 711 1517 738 oculos
1534 711 1594 745 ejus
1610 711 1749 738 inﬁrman-

964 761 1017 788 tes.
1030 757 1188 792 neutiquam
1203 757 1315 784 aberres
1333 757 1355 784 si
1371 758 1446 784 dicas
1460 759 1599 792 apostolos
1610 766 1671 786 esse
1684 767 1690 790 ;
1712 759 1748 785 si-

964 803 1073 839 quidem
1089 812 1188 838 corpus
1204 804 1274 838 ejus.
1288 807 1361 830 totus
1383 803 1499 838 populus
1513 804 1573 838 ejus
1589 807 1642 836 est,
1659 808 1688 830 ut
1699 804 1749 831 do-

964 854 1006 876 cet
1021 849 1043 876 is
1058 849 1103 883 qui
1119 849 1187 876 dixit
1203 856 1209 874 :
1232 849 1281 875 Vos
1296 854 1480 876 autem~amnes
1498 857 1591 884 corpus
1604 848 1749 881 Christi,et

123 896 217 930 χεῖρας
234 895 349 929 ὲεήπλου
364 896 410 920 καὶ
432 894 522 929 φωνὰς
540 895 692 928 ἀνέπεμπε,
718 894 786 928 βοῶν
799 894 827 919 ὲν
854 894 911 924 ταῖς

965 894 1081 921 membra
1096 901 1127 921 ccc
1149 893 1267 927 parte”;
1285 901 1382 920 manus
1399 897 1486 920 autem
1503 901 1578 925 suas,
1595 901 1677 928 opera
1696 893 1749 921 sci-

124 941 191 976 πρὸς
206 940 251 967 τὸν
266 940 373 974 Πατέρα
394 941 568 975 προσευχαῖς,
591 940 751 974 στεναγμοῖς
770 939 911 973 ἀλαλήτοις

124 986 364 1022 ὑπερεντυγχάνων
385 985 424 1020 τῷ
439 985 535 1020 Πατρί.
562 985 615 1011 Καὶ
629 985 714 1016 ἄλλως
727 985 755 1010 δὲ
774 984 911 1019 ὀφθαλμὸν

122 1031 236 1068 αὑτοῦᾒ
260 1031 416 1066 ὀφθαλμοὺς
433 1030 635 1065 ἀσθενήσαντας
656 1031 705 1056 οὐκ
728 1030 759 1056 ἂν
779 1030 912 1064 ἁμάρτοις

122 1075 192 1104 εἶναι
208 1077 292 1104 εἰπὼν
309 1078 370 1109 τοὺς
387 1077 561 1108 ἀποστόλους,
584 1077 608 1101 εἰ
623 1077 654 1111 δὴ
670 1076 748 1111 σῶμα
760 1075 841 1102 αὑτοῦ
856 1076 910 1107 πᾶς

121 1124 210 1155 ἑλαδς
222 1124 304 1150 αὑτοῦ
319 1125 456 1158 τυγχάνει,
479 1124 516 1156 ὡς
533 1123 648 1156 ἐδίδαξεν
664 1124 678 1149 ὁ
695 1122 789 1149 εἰπών·
817 1122 909 1157 Ὑμεῖς

965 942 1028 968 licet
1051 940 1084 967 ad
1104 939 1193 966 Patris
1210 939 1323 975 gloriam
1345 938 1427 971 edita,
1449 939 1629 974 expandebat.
1646 939 1671 966 ci
1702 939 1749 974 qui

965 986 1040 1013 solus
1057 985 1132 1019 ipsas
1148 984 1239 1011 videre
1250 988 1356 1018 poterat
1369 984 1520 1012 obtendens
1533 994 1539 1011 :
1551 985 1605 1012 imo
1622 985 1702 1011 etiam
1721 985 1749 1012 in

964 1031 1153 1065 frequentibus
1170 1030 1339 1057 orationibus
1357 1033 1384 1056 et
1402 1029 1428 1056 in
1444 1030 1571 1064 passione
1585 1038 1634 1057 sua
1650 1037 1750 1057 manus

964 1085 1012 1112 pro
1029 1077 1140 1107 mundo,
1156 1076 1235 1110 cujus
1250 1080 1390 1111 peccatum
1403 1076 1553 1107 aul'ercbat,
1565 1076 1705 1111 expandit,
1718 1078 1749 1101 ut

964 1122 1071 1149 Patrem
1089 1122 1219 1156 placaret.

121 1171 154 1198 δὲ
173 1171 284 1204 πάντες
304 1171 388 1205 σῶμα
408 1170 552 1205 Χριστοῦ,
579 1171 627 1197 καὶ
643 1171 720 1204 μέλη
735 1170 768 1196 ἐκ
791 1169 910 1204 μέρους
932 1171 1024 1204 χεῖρας
1048 1168 1077 1195 δὲ
1095 1168 1187 1200 αὑτοῦ,
1202 1168 1251 1200 τὰς
1279 1168 1392 1203 πράξεις
1415 1169 1447 1200 ἃς
1480 1169 1588 1204 ἐνήργει
1609 1167 1648 1199 είς
1669 1167 1748 1199 δόξαν

120 1218 166 1245 τοῦ
188 1218 308 1252 Πατρδς,
332 1217 530 1248 διεπετάννυεν,
563 1216 685 1248 ἐξαπλῶν
702 1216 785 1247 αὑτὰς
804 1215 843 1249 τῷ
861 1215 933 1250 μόνῳ
953 1214 1100 1241 θεάσασθαι
1119 1214 1204 1245 αὑτὰς
1226 1214 1375 1249 δυναμένῳ·
1397 1215 1464 1241 ἀλλὰ
1487 1215 1533 1241 καὶ
1557 1215 1586 1240 ὲν
1605 1215 1664 1245 ταῖς
1687 1222 1748 1239 συν-

120 1264 211 1300 εχέσιν
221 1264 313 1299 εὐχαῖς
326 1264 353 1290 ἐν
376 1272 405 1290 τε
429 1263 467 1298 τῷ
484 1263 564 1289 πάθει
579 1263 626 1295 τὰς
645 1265 738 1299 χεῖρας
751 1263 910 1290 διεπέτασεν
930 1263 1001 1298 ὑπερ
1014 1261 1060 1288 τοῦ
1073 1261 1187 1296 κόσμου,
1199 1258 1229 1288 οὗ
1243 1261 1366 1297 περιῄρει
1382 1262 1431 1297 τὴν
1458 1261 1604 1297 ἁμαρτίαν,
1619 1261 1664 1287 τδν
1694 1260 1747 1287 Πα-

120 1311 188 1346 τέρα
204 1310 389 1346 ἱλασκόμενος.

155 1367 223 1395 Τίνα
237 1368 264 1394 δὲ
279 1365 312 1403 ἦν
325 1367 396 1403 εἰπερ
410 1368 458 1399 τὰς
473 1369 566 1403 χεῖρας
579 1367 702 1400 έξαπλῶν
715 1367 783 1403 πρὸς
795 1367 839 1393 τὸν
855 1367 912 1393 Πα-

121 1413 190 1447 τέρα
215 1412 394 1447 προσηύχετο,
413 1413 458 1438 καὶ
474 1413 533 1438 κατ’
551 1412 656 1448 ἐκείνην
674 1413 724 1447 τὴν
748 1412 912 1447 δηλουμένην

122 1459 230 1494 ἡμέραν
255 1459 329 1494 αὐτῷ
354 1459 421 1493 πρὸς
448 1459 492 1484 τὸν
517 1459 625 1493 Πατέρα
652 1458 733 1485 αὑτοῦ
751 1458 912 1494 βεϐοημένα,

124 1504 227 1540 προῖὼν
243 1505 362 1532 διδάσκει
381 1506 409 1531 ὲν
423 1504 538 1536 τούτοις·
558 1505 605 1538 Μὴ
621 1505 684 1536 τοῖς
696 1505 813 1538 νεκροῖς
829 1504 914 1539 ποιή-

123 1559 189 1584 σεις
202 1550 361 1585 θαυμάσια,
388 1550 406 1584 ἢ
429 1551 519 1584 lutpol
546 1550 755 1583 ἀπιστήσουσι
777 1550 825 1576 καὶ
845 1550 911 1580 ἐΕο-
925 1570 946 1598 C

118 1596 347 1632 μολογήσονταί
360 1605 426 1627 σοι;
441 1596 606 1630 Διιὶψιιὶμα.
619 1596 666 1630 Μὴ
676 1596 853 1631 διηγήσεταί
868 1604 912 1628 τις

121 1643 158 1670 ἐν
173 1643 257 1677 τάφῳ
270 1643 303 1670 τὸ
323 1643 409 1676 ἔλεός
430 1651 487 1670 σου
507 1642 556 1669 καὶ
579 1643 636 1677 τὴν
657 1643 800 1677 ἀλήθειαν
819 1642 854 1669 ἐν
874 1641 911 1676 τῇ

122 1689 272 1722 (laudem;
295 1689 343 1722 Μὴ
358 1688 562 1723 γνωσθήσεται
578 1688 613 1714 ἐν
624 1688 664 1720 τῷ
673 1688 773 1714 σκότει
788 1687 824 1714 τὰ
840 1689 910 1714 θαυ-

119 1735 216 1769 μάσιά
235 1743 303 1766 σου,
327 1736 376 1761 καὶ
395 1736 413 1769 ἡ
437 1735 611 1767 δικαιοσύνη
631 1742 688 1760 σου
710 1734 745 1760 ἐν
763 1733 800 1768 τῇ
814 1734 911 1760 ἐπιλε-

121 1779 259 1815 λησμένῃ
271 1788 281 1812 ;
301 1781 373 1806 Ἀντὶ
383 1779 440 1812 τοῦ,
455 1782 483 1807 Μ
486 1780 502 1813 ὴ
514 1780 548 1806 ἐν
562 1779 679 1813 νεκροῖς
692 1779 828 1812 ποιήσεις
841 1781 911 1805 θαυ-

118 1825 232 1860 mima;
254 1826 335 1860 φησὶν
354 1826 368 1852 δ
383 1826 538 1861 Σύμμαχος,
555 1823 630 1858 Ἀρα
643 1824 760 1859 νεκροῖς
775 1825 911 1857 ποιήσεις

121 1871 279 1905 τεράστια;
303 1872 357 1897 Καὶ
374 1872 406 1898 δι’
426 1872 493 1898 ὅλων
514 1871 569 1897 τῶν
589 1869 662 1906 έξῆς,
683 1872 712 1897 ὲν
734 1868 775 1902 οἷς
791 1871 909 1905 λέγεται,

121 1918 170 1951 Μὴ
185 1917 359 1951 διηγήσεταί
377 1926 422 1950 τις
437 1917 471 1943 ἐν
488 1917 586 1952 τάφρη
603 1918 649 1944 καὶ
661 1917 750 1949 πάλιν,
769 1917 816 1951 Μὴ
836 1926 911 1952 Τνω-

121 1963 265 1996 σθήσεται
278 1963 313 1989 ἐν·
326 1963 364 1995 τῷ
376 1964 493 1993 σκέπη
509 1964 523 1989 ὁ
542 1963 697 1998 Σύμμαχος,
718 1964 755 1990 Ἣ
773 1962 911 1996 διηγήσε-

121 2017 178 2040 ται,
196 2008 216 2043 ἣ
241 2008 467 2043 γνωσθήσεται;
492 2009 632 2041 ἐξέδωκεν.
652 2009 688 2035 Οὐ
701 2009 754 2044 γὰρ
776 2009 911 2042 ἀπογινώ-

120 2063 195 2081 σκων
207 2055 241 2081 τὰ
256 2055 398 2090 λεγόμενα,
416 2054 516 2086 ταύτας
529 2055 661 2090 προέφερε
678 2055 725 2086 τὰς
738 2055 837 2088 φωνὰς,
850 2055 910 2080 κατ’

120 2100 229 2135 ἐκείνην
242 2100 291 2134 τὴν
304 2100 408 2135 ἡμέραν
419 2099 518 2134 δηλαδὴ
529 2099 576 2134 τὴν
591 2099 638 2125 τοῦ
652 2098 762 2129 πάθους·
775 2098 813 2133 τῷ
824 2098 910 2132 lla-.9),

120 2147 149 2174 δὲ
161 2147 234 2183 μόνῳ
248 2146 357 2173 δύναται
370 2144 438 2172 εἶναι
452 2146 537 2172 ταῦτα
551 2145 742 2180 πεπεισμένος,
758 2144 806 2176 τὰς
821 2144 910 2175 αίτίας

120 2192 170 2228 τῆς
184 2192 224 2222 εἰς
237 2191 350 2217 θάνατον
362 2190 444 2216 αὑτοῦ
459 2190 580 2216 ἐδίδασκε
594 2189 707 2216 καθόδου
725 2189 821 2222 λέγων’
840 2187 910 2221 Ἆρα

995 1365 1125 1398 Quasnam
1144 1368 1234 1391 autem
1253 1364 1381 1398 expansis
1398 1363 1524 1389 manibus
1542 1361 1648 1388 Patrem
1666 1369 1747 1397 roga-

960 1412 1040 1443 verit,
1063 1416 1089 1439 et
1112 1418 1233 1445 quamam
1258 1413 1407 1436 memorata
1423 1409 1467 1435 die
1481 1408 1514 1434 ad
1532 1407 1639 1434 Patrem
1665 1416 1746 1434 suum

960 1457 1129 1488 clamaverit,
1142 1457 1200 1491 ipse
1209 1463 1270 1482 mox
1283 1455 1370 1490 aperit
1384 1455 1479 1481 dit-ens
1495 1452 1633 1481 z—V'sns.
1649 1453 1745 1479 ll-l5.

962 1501 1088 1537 Nunquid
1106 1502 1218 1528 mortuis
1229 1500 1308 1534 facies
1320 1499 1463 1530 mirabilia.
1476 1503 1522 1524 aut
1532 1497 1624 1524 medici
1633 1497 1746 1524 suscita-

962 1546 1036 1577 bunt,
1062 1550 1087 1573 et
1119 1545 1311 1580 conﬁtebuntur
1333 1544 1400 1571 tibi?
1428 1543 1594 1577 Diapsalma.
1618 1541 1744 1577 Nunquid

962 1593 1081 1620 narrabit
1097 1592 1195 1626 aliquis
1208 1592 1235 1618 in
1251 1593 1371 1626 sepulcro
1385 1589 1593 1617 misericordiam
1616 1593 1699 1620 tuam,
1719 1593 1745 1616 et

961 1639 1096 1665 veritatem
1113 1644 1185 1665 tuam
1197 1638 1224 1664 in
1237 1637 1399 1672 perditione?
1422 1635 1547 1671 Nunquid
1558 1639 1746 1670 cognoscentur

961 1685 988 1711 in
1004 1684 1114 1710 tenebris
1128 1682 1261 1709 mirabilia
1273 1687 1326 1713 tua,
1339 1686 1363 1709 et
1377 1681 1484 1716 justitia
1498 1685 1543 1707 tua
1558 1681 1584 1707 in
1596 1685 1667 1707 terra
1679 1679 1747 1706 obli-

961 1730 1067 1758 vionis?
1081 1730 1135 1756 Pro
1151 1730 1207 1762 illo,
1226 1728 1351 1763 Nunquid
1369 1729 1478 1754 mortuis
1496 1728 1576 1761 facies
1588 1726 1722 1753 mirabilia
1732 1726 1746 1754 2

963 1776 1143 1812 Symmachus
1165 1775 1214 1807 ait,
1231 1775 1271 1802 An
1288 1775 1398 1801 mortuis
1413 1775 1495 1809 facies
1505 1774 1627 1808 prodigia
1639 1775 1652 1801 ?
1665 1778 1692 1801 et
1716 1773 1745 1800 in

962 1822 1140 1857 sequentibus
1155 1821 1310 1855 ubicunque
1328 1821 1444 1852 dicitur,
1466 1819 1595 1854 Nunquid
1622 1820 1744 1846 narrabit

962 1869 1057 1904 aliquis
1079 1869 1106 1895 in
1131 1868 1269 1902 sepulcro?
1295 1875 1327 1894 ac
1352 1875 1473 1898 rursum.
1501 1865 1629 1901 Nunquid
1649 1874 1746 1900 cogno-

961 1920 1066 1942 scentur
1081 1915 1108 1941 in
1137 1914 1268 1941 tenebris?
1290 1912 1481 1948 Symmachus.
1502 1913 1542 1938 An
1558 1911 1690 1943 narrabit,
1709 1919 1745 1938 an

961 1961 1167 1995 cognoscentur?
1176 1959 1269 1986 edidit.
1279 1959 1338 1986 Non
1349 1959 1420 1986 enim
1429 1958 1500 1993 quod
1516 1958 1572 1984 haec
1589 1957 1645 1984 ﬁeri
1662 1964 1744 1991 posse

960 2005 1128 2039 desperaret,
1153 2005 1190 2030 ita
1213 2004 1320 2030 locutus
1348 2007 1399 2034 est,
1427 2004 1452 2029 iu
1480 2003 1524 2029 illa
1553 2003 1657 2030 scilicet
1681 2010 1744 2037 pas-

961 2051 1046 2078 sionis
1061 2058 1117 2078 sum
1131 2050 1192 2083 die;
1209 2050 1255 2078 sed
1273 2058 1286 2076 a
1304 2049 1384 2077 Patre
1406 2049 1464 2076 solo
1475 2049 1538 2076 talia
1553 2049 1643 2084 perﬁci
1662 2057 1743 2083 posse

961 2103 1119 2129 persuasum
1133 2096 1247 2123 habens.
1262 2096 1302 2123 sui
1319 2096 1352 2122 ad
1371 2100 1483 2122 mortem
1505 2095 1655 2122 descensus
1676 2103 1742 2121 catt-

960 2149 1018 2168 sam
1041 2142 1076 2168 ita
1104 2145 1215 2168 narrat:
1231 2141 1271 2168 An
1292 2142 1403 2168 mortuis
1429 2131 1510 2173 facies
1536 2140 1677 2175 prodigia?
1700 2141 1742 2167 An

961 2187 1025 2213 talia
1039 2191 1065 2214 et
1084 2187 1147 2213 talia
1170 2187 1307 2221 patrabis?
1334 2187 1425 2222 Neque
1452 2187 1524 2214 enim
1552 2195 1595 2214 me
1620 2194 1743 2220 eousque

120 2239 238 2273 νεκροῖς
265 2237 402 2271 ποιήσεις
442 2238 601 2271 τεράστια;
639 2237 674 2262 ’Ἡ
694 2236 755 2262 τάδε
771 2256 777 2268 ,
801 2236 816 2271 ἦ
845 2236 907 2261 τάδε

962 2235 1123 2268 devcnire,o
1138 2235 1228 2267 Pater,
1243 2242 1275 2262 ac
1303 2235 1329 2262 in
1357 2239 1443 2262 morte
1461 2238 1487 2262 et
1512 2234 1538 2261 in
1561 2235 1619 2260 lacu
1648 2233 1742 2260 inﬁmo

121 2286 263 2321 ποιήσεις;
295 2285 332 2311 Οὐ
362 2285 417 2319 γὰρ
447 2284 479 2310 ἂν
503 2283 588 2314 ἄλλως
619 2282 763 2317 ἠθέλησας,
795 2279 817 2308 ὧ
850 2282 907 2312 Πά-

120 2340 180 2367 τερ,
194 2331 274 2367 μέχρι
288 2330 381 2357 τούτου
399 2339 430 2365 με
450 2329 600 2364 προελθεῖν,
617 2328 662 2354 καὶ
675 2329 703 2354 ὲν
718 2328 822 2363 θανάτῳ
834 2329 908 2362 γενέ-

123 2378 196 2409 σθαι,
217 2378 265 2404 καὶ
279 2377 358 2412 ἐντῷ
374 2376 466 2410 λάκκῳ
483 2375 522 2411 τῷ
537 2374 694 2409 κατωτάτῳ,
709 2375 733 2400 εἰ
749 2374 785 2409 μὴ
800 2374 907 2406 πάντως

121 2432 174 2449 που
185 2422 230 2449 καὶ
243 2423 272 2448 ὲν
281 2423 335 2453 τοῖς
345 2423 450 2456 νεκροῖς
461 2420 597 2455 θαυμάσια
610 2420 736 2454 παρέχειν
750 2419 905 2454 ἐϐουλήθης,

121 2469 154 2495 ἵν’
179 2469 252 2504 ᾇπερ
277 2469 314 2504 μὴ
341 2468 465 2494 δύνανται
490 2468 586 2503 ἰατροὶ,
612 2466 730 2502 ταῦταῆ
747 2467 779 2501 σὴ
796 2466 909 2501 δύναμις

121 2515 336 2550 κατεργάσηται·
360 2514 506 2545 τουτέστιν,
532 2514 605 2545 ὅπως
622 2514 646 2539 οἱ
671 2513 698 2539 ὲν
715 2512 821 2546 θανάτῳ
834 2512 909 2545 γενό-

120 2570 209 2596 μενοι,
227 2561 400 2592 ἀναστάντες,
417 2559 654 2595 ἐξομολογήσονταί
670 2567 719 2584 σοι.
744 2558 781 2583 Οὐ
798 2557 852 2592 γὰρ
869 2558 909 2583 ἰα-

122 2606 195 2643 τρῶν
209 2604 244 2642 ἦν
265 2606 350 2633 ταῦτα
362 2606 491 2633 δύνασθαι
505 2606 634 2640 ἐνεργεῖν,
650 2603 717 2630 ἀλλὰ
735 2603 785 2637 τῆς
800 2603 848 2638 σῆς
866 2604 909 2629 ἐν-

119 2652 184 2680 θέου
203 2652 409 2688 μεγαλουργίας.
434 2652 495 2688 'Ap'
510 2650 556 2678 οὖν
572 2651 614 2677 διὰ
630 2650 715 2677 ταῦτα
733 2649 856 2676 ὑπελθεῖν
874 2658 908 2684 με

121 2699 168 2725 τὸν
192 2698 305 2725 θάνατον
331 2697 487 2733 ἐϐουλήθης,
510 2698 542 2724 ἵν’
569 2697 598 2722 ἐν
625 2696 673 2731 μὲν
697 2697 753 2727 τοῖς
766 2695 861 2729 τάφοις
878 2694 908 2720 τὸ

121 2743 196 2777 ῐλεός
212 2751 258 2770 σου
276 2743 413 2779 διηγηθῇ,⁷
425 2744 454 2770 ὲν
477 2743 504 2770 δὲ
518 2744 550 2779 τῇ
568 2741 687 2778 ἀπωλείᾳ
704 2742 720 2777 ἡ
735 2741 847 2777 ἀλήθειά
861 2749 907 2767 σου

161 2870 185 2888 ⁸³
205 2871 214 2899 l
232 2871 295 2899 Cur.
313 2878 369 2904 ιιι,
387 2870 431 2897 27.

960 2280 1056 2315 deponi
1071 2280 1213 2311 voluisses.
1231 2280 1282 2307 nisi
1310 2280 1391 2306 etiam
1418 2279 1445 2305 in
1471 2279 1586 2305 mortuis
1608 2278 1741 2304 mirabilia

960 2327 1087 2354 exhibere
1103 2327 1130 2353 in
1149 2327 1238 2353 animo
1252 2327 1330 2361 plane
1345 2326 1506 2357 habuisses;
1523 2329 1552 2351 ut
1566 2332 1625 2359 quae
1642 2323 1740 2350 medici

961 2380 1014 2399 non
1030 2372 1129 2403 valent,
1142 2375 1260 2406 potestas
1284 2376 1329 2398 tua
1345 2375 1518 2405 operaretur;
1538 2370 1562 2397 id
1578 2373 1629 2400 est.
1646 2363 1681 2395 ut'
1693 2369 1740 2403 qui

960 2419 988 2446 in
1012 2422 1099 2446 morte
1124 2419 1203 2453 positi
1228 2423 1321 2449 erant.
1346 2420 1517 2452 resurgentes
1546 2415 1743 2442 conﬁterentur

959 2465 1018 2492 tibi.
1037 2465 1095 2491 Non
1110 2465 1182 2491 enim
1197 2464 1363 2490 medicorum
1375 2468 1417 2490 est
1428 2463 1483 2489 haec
1495 2462 1621 2494 facultas,
1637 2460 1684 2487 sed
1699 2460 1741 2487 di-

959 2511 1029 2537 vinze
1042 2509 1326 2544 magniﬁcentiatuae.
1355 2508 1438 2543 Igitur
1466 2515 1509 2535 me
1538 2511 1653 2534 mortem
1679 2506 1740 2533 ideo

960 2556 1052 2583 subire
1075 2554 1200 2586 voluisti,
1224 2558 1253 2580 ut
1279 2554 1305 2580 in
1333 2552 1467 2588 sepulcris
1489 2551 1676 2579 misericordia
1694 2555 1740 2577 tua

961 2604 1129 2631 narraretur.
1142 2604 1169 2626 et
1196 2600 1222 2626 in
1249 2599 1399 2634 perditione
1415 2598 1516 2625 veritas
1533 2602 1578 2624 tua
1593 2603 1741 2632 cognosce-

961 2651 1049 2679 retur,
1070 2645 1230 2672 intenebris
1249 2644 1382 2671 mirabilia
1396 2647 1442 2670 tua
1463 2643 1673 2678 przedicarentur
1685 2661 1693 2673 ,
1713 2641 1740 2667 in

961 2696 1033 2719 terra
1063 2690 1208 2717 oblivionis
1227 2689 1334 2724 justitia
1363 2693 1408 2716 tua
1432 2692 1641 2715 memoraretur.
1663 2685 1740 2718 Quod

961 2739 983 2766 si
1005 2738 1066 2774 quis
1080 2737 1199 2764 anitnum
1215 2737 1340 2764 adhibeat
1355 2735 1404 2769 iis,
1425 2743 1486 2771 qua:
1509 2738 1605 2763 nostro
1619 2738 1741 2768 tempore
