2032 3215
301 158 371 185 ιοιςδ

617 156 660 184 EU
666 156 753 184 SEBll
769 155 1008 183 C(ESABIENSIS
1026 155 1082 184 OPl

1133 156 1212 184 ἈΒΕ
1231 155 1273 183 Ill.
1287 150 1328 176 ἰ-
1345 150 1546 184 ΕΧΕΕΕΤὶίῖΛξ

1848 154 1913 183 1064

298 216 333 243 ad
354 215 507 249 sepulcrum
530 219 556 241 et
579 214 616 249 (Ι)
635 214 794 250 martyrium
819 214 969 241 Salvatoris
996 215 1082 241 nostri

1135 215 1240 249 γνωτθῇ
1253 223 1258 229 '
1284 216 1311 240 ἐν
1324 215 1351 240 δὲ
1366 215 1404 250 τῷ
1421 216 1508 241 σκότει
1522 216 1554 241 τὰ
1568 215 1703 250 θαυμάσια
1718 224 1762 241 σου
1779 216 1913 251 κηρυχθῇ,

299 265 405 296 patrata
420 264 494 290 sunt.
507 260 688 292 mirabilibus,
705 261 728 287 is
748 267 814 287 sane
832 259 1014 295 deprehendet
1029 267 1083 294 quo

298 311 378 343 picto
400 315 432 334 ea
458 314 518 342 quae
534 307 712 341 praenuntiata
739 306 845 333 fuerant
858 313 939 340 opere
949 306 1083 340 completa

297 354 363 380 sint.
381 345 572 393 Animadverte
586 360 668 387 porro
680 355 746 387 quot
756 352 872 379 diversis
887 351 974 378 modis
984 351 1029 378 hic
1041 359 1083 378 re-

297 398 405 431 gionem
423 397 519 425 mortis
530 397 655 431 explicet.
670 396 735 423 Nam
751 397 839 431 primo
852 400 974 424 mortuos
987 400 1083 429 vocat;

298 442 429 473 secundo,
443 442 488 477 qui
505 442 629 469 habitant
645 441 673 468 in
691 441 835 475 sepulcro;
852 441 944 473 tertio,
958 440 1004 475 qui
1019 445 1083 468 sunt

298 488 325 514 in
340 489 508 522 perditione;
536 492 651 522 quarto,
667 487 713 521 qui
733 487 761 513 in
779 487 898 514 tenebris
917 490 1081 519 versantur;

297 534 403 569 quinto.
413 534 459 568 qui
473 537 536 560 sunt
550 533 576 560 in
593 537 664 560 terra
673 531 898 560 oblivionis.H:ec
911 532 1010 567 quippe
1024 540 1082 559 om-

298 587 344 607 nia
367 579 400 606 de
425 578 520 606 iisdem
537 579 677 612 enuntiat;
698 579 775 613 queis
789 577 928 604 hominum
945 585 1039 605 amans
1055 582 1081 604 et

297 625 431 660 benignus
459 624 528 653 Deus
553 625 685 652 mirabilia
703 624 873 652 exhibiturus
884 623 991 651 eratzii
1006 624 1082 651 vide-

299 671 362 698 licet
379 670 603 703 misericordiam,
616 670 756 697 veritatem
770 674 797 697 et
810 669 944 704 justitiam
957 669 1004 696 Dei
1017 677 1082 696 nar—

298 716 407 743 rabunt.
424 715 482 749 Qua
498 715 601 743 ratione
615 719 705 742 autem
730 715 787 742 haec
807 715 931 742 videlicet
945 715 1080 742 mirabilia

297 760 357 793 Dei,
373 762 577 792 misericordia,
603 761 755 788 veritas‘et
770 760 876 796 justitia
892 761 952 795 ejus
969 760 1001 787 ad
1019 760 1080 789 illos

297 808 363 834 olim
381 812 503 834 mortuos
515 827 523 835 .
539 807 573 834 ad
599 808 723 842 sepulcra
736 827 744 839 ,
771 806 804 833 ad
820 807 1000 842 perditionem
1011 827 1019 839 ,
1045 807 1079 834 ad

297 854 423 881 tenebras
434 860 460 880 et
474 854 506 880 ad
522 859 622 881 terram
636 853 783 881 oblivionis
801 854 989 888 pervenerint,
1007 853 1079 881 scire

1135 261 1163 286 ἐν
1175 269 1202 286 τε
1219 262 1251 295 τῇ
1268 261 1464 295 ἐπιλελησμὲνῃ
1480 262 1514 295 γῇ
1531 261 1547 295 ἡ
1570 260 1723 295 δικαιοσύνη
1742 268 1787 286 σου
1810 269 1914 295 μνημο-

1134 307 1224 340 νευθῇ.
1240 306 1270 332 Εἰ
1292 306 1320 332 δέ
1333 314 1373 336 τις
1389 306 1434 332 τὸν
1455 306 1515 332 νοῦν
1532 307 1683 340 ἐπιστήσειε
1698 307 1753 337 τοῖς
1765 305 1828 332 καθ’
1843 307 1915 341 ἡμᾶς

1136 353 1206 387 ἀμφὶ
1219 352 1248 378 τὸ
1258 353 1360 386 μνῆμα,
1377 352 1421 378 καὶ
1434 351 1463 378 τὺ
1481 352 1627 387 μαρτύριον
1641 351 1687 378 τοῦ
1702 351 1827 387 Σωτῆρος
1836 352 1916 387 ἡμῶν

1134 396 1325 422 ἐπιτελεσθεῖπι
1347 396 1515 431 θαυμασίοις,
1531 396 1635 431 ἀληθῶς
1658 397 1757 422 εἵσεται
1779 396 1853 427 ὅπως
1867 405 1916 423 πε-

1134 442 1273 477 πλήρωται
1287 442 1376 477 ἔργοις
1391 443 1424 468 τὰ
1438 442 1645 476 τεθεσπισμένα.
1668 442 1721 468 Θέα
1738 442 1765 468 δὲ
1789 442 1832 468 διὰ
1856 442 1917 468 τοὺ-

1133 497 1185 514 των
1202 489 1274 518 ὅπως
1289 488 1337 522 τὴν
1356 488 1384 513 ὲν
1398 487 1436 522 τῷ
1456 487 1562 521 θανάτῳ
1578 486 1668 522 χώραν
1684 487 1817 522 διαφόρως
1832 488 1917 523 ἑρμη-

1132 534 1212 559 νεύει.
1222 533 1331 568 Πρῶτον
1342 533 1390 568 μὲν
1401 534 1511 568 νεκροὺς
1524 532 1615 566 σαφῶς
1623 533 1777 564 ἀποκαλῶν,
1792 533 1916 569 δεύτεφν

1132 580 1194 611 τοὺς
1208 581 1237 605 ὲν
1250 580 1336 614 τάφῳ,
1348 579 1437 614 τρετον
1454 580 1515 610 τοὺς
1529 580 1555 604 ἐν
1567 579 1699 614 ἀπωλείᾳ,
1712 579 1842 614 τέταρτον
1854 581 1917 611 τοὺς

1132 624 1160 651 ἓν
1185 625 1289 658 σκότῳ,
1316 624 1437 659 πέμπτον
1463 625 1524 655 τοὺς
1544 625 1572 650 ὲν
1596 626 1627 659 τῇ
1652 624 1850 661 ὲπιλελησμὲνῃ
1870 627 1914 660 γῇ.

1132 671 1223 696 Ταῦτα
1238 671 1291 705 γὰρ
1309 671 1396 696 πάντα
1412 671 1474 705 περὶ
1493 670 1546 696 τῶν
1569 670 1659 696 αὐτῶν
1684 671 1862 705 διεξέρχεται,
1877 668 1917 702 οἷς

1131 716 1244 751 ἤμελλεν
1258 718 1271 742 ὁ
1285 717 1471 752 φιλάνθρωπος
1482 717 1527 742 καὶ
1544 717 1643 750 ἀγαθὺς
1655 717 1720 748 Θεὸς
1734 717 1871 743 δεικνύναι
1886 725 1915 742 τε

1131 764 1177 789 καὶ
1192 763 1318 798 παρέχειν
1335 763 1487 797 θαυμάσια·
1513 763 1543 788 τὸ
1561 763 1632 794 ἔλεος
1647 763 1729 789 αὑτοῦ
1749 763 1850 798 δηλαδὴ
1868 764 1915 789 καὶ

1130 809 1178 843 τὴν
1201 809 1327 843 ἀλήθειαν
1350 810 1395 835 καὶ
1413 809 1462 844 τὴν
1485 808 1655 843 δικαιοσύνην
1667 808 1714 834 τοῦ
1735 807 1803 834 Θεοῦ
1817 808 1913 843 διηγή-

1131 863 1230 881 σονται.
1251 856 1326 880 Ἐστι
1338 855 1364 881 δὲ
1381 855 1525 889 ἐπιγνῶναι
1540 856 1612 886 ὅπως
1624 854 1711 880 πάντα
1727 854 1826 885 ταῦτα,
1844 854 1915 887 λέγω

298 899 401 932 licebit,
415 900 437 926 si
454 900 603 935 cogitemus
625 904 692 935 quot
719 899 851 927 bonorum
867 900 947 927 nobis
961 900 1024 927 olim
1051 900 1079 927 in

1133 901 1157 926 δὲ
1171 901 1204 926 τὰ
1221 900 1356 935 θαυμάσια
1379 901 1425 926 τοῦ
1443 901 1508 927 Θεοῦ
1531 901 1576 927 καὶ
1593 900 1622 926 τὸ
1639 900 1711 931 ἕλεος
1727 899 1820 930 αὐτοῦ,
1834 899 1883 925 καὶ
1897 899 1914 933 ἡ

298 949 386 973 morte
402 945 586 976 versantibus,
603 949 698 973 auctor
714 944 795 972 fuerit
814 944 938 972 Salvator
951 950 978 973 et
993 945 1080 972 Domi-

297 998 350 1019 nus
363 994 464 1022 noster.
476 998 592 1025 quorum
607 991 693 1026 gralia
712 991 740 1018 in
753 990 798 1017 illa
812 991 871 1018 loca
884 991 1034 1022 descendit,
1051 995 1081 1017 ut

297 1044 352 1063 non
375 1037 444 1064 vivis
460 1036 552 1068 modo,
575 1037 623 1064 sed
640 1036 722 1064 etiam
738 1037 853 1064 mortuis
869 1036 1057 1064 dominaretur
1072 1045 1080 1063 ε

296 1089 360 1109 nam
378 1089 438 1116 quae
452 1089 534 1109 uulsa
561 1081 641 1109 fuerit
656 1081 805 1109 descensus
819 1082 880 1116 ejus
904 1082 931 1109 in
948 1082 1080 1115 mortem‘,

297 1128 341 1154 hic
357 1127 528 1162 apertissime
542 1127 689 1154 declaravit
703 1137 709 1155 :
727 1136 786 1163 quae
799 1128 948 1155 secundum
963 1135 1080 1162 evange-

296 1172 375 1199 listas
395 1178 459 1199 tunc
475 1172 584 1206 impleta
610 1177 683 1204 sunt,
703 1180 764 1199 cum
787 1173 871 1199 multa
884 1180 998 1207 corpora
1014 1180 1080 1200 san-

298 1221 420 1249 ctorum,
442 1218 489 1252 qui
512 1217 698 1250 dormierunt,
730 1222 951 1251 resurrexerunt,
967 1222 994 1246 et
1016 1226 1079 1246 cum

296 1264 357 1298 ipso
377 1262 517 1291 Salvatore
532 1264 559 1291 in
574 1267 696 1291 sanctam
713 1263 760 1291 Dei
774 1264 910 1292 civitatem
923 1283 931 1296 ,
957 1264 1082 1293 videlicet

296 1310 325 1338 In
339 1309 411 1336 illam
427 1310 576 1341 caelestem,
592 1310 709 1345 ingressi
725 1314 799 1338 sunt.

1130 947 1240 981 ἀλήθεια
1256 947 1348 978 αὑτοῦ,
1367 948 1412 973 καὶ
1429 948 1445 982 ἡ
1462 947 1614 982 δικαιοσύνη
1633 946 1713 973 αὑτοῦ
1736 946 1853 980 ἔφθασεν
1871 946 1916 971 ἐπὶ

1130 993 1191 1023 τοὺς
1209 993 1290 1018 πάλαι
1303 994 1424 1027 νεκροὺς,
1447 993 1494 1018 καὶ
1512 994 1540 1019 ὲν
1556 993 1660 1026 τάφοις,
1676 992 1722 1018 καὶ
1738 992 1767 1018 ὲν
1783 991 1916 1026 ἀπωλείᾳ,

1131 1039 1177 1064 καὶ
1191 1039 1218 1064 ὲν
1237 1039 1332 1073 σκότῳ,
1349 1039 1394 1065 καί
1413 1040 1441 1064 ἐν
1454 1041 1487 1074 γῇ
1511 1039 1718 1073 ὲπιλελησμένῃ,
1739 1039 1764 1064 εί
1785 1039 1918 1073 νοήσομεν

1134 1085 1203 1110 ὅσων
1228 1085 1335 1118 ἀγαθῶν
1356 1085 1439 1116 αἴτιος
1460 1086 1569 1118 γέγονεν
1594 1085 1608 1110 ὁ
1630 1084 1723 1119 Σωτὴρ
1748 1084 1794 1110 καὶ
1817 1083 1917 1119 Κύριος

1134 1130 1211 1164 ἡμῶν
1225 1130 1279 1160 τοῖς
1296 1130 1377 1155 πάλαι
1394 1130 1421 1155 ἐν
1434 1129 1471 1164 τῷ
1487 1129 1591 1163 θανάτῳ
1610 1129 1808 1163 γεγενημένοις,
1824 1128 1859 1154 δι’
1873 1127 1918 1158 οὓς

1133 1175 1179 1200 καὶ
1195 1176 1223 1200 ἐν
1240 1175 1352 1206 ἐκείνοις
1368 1175 1542 1209 κατεληλύθει
1568 1176 1622 1206 τοῖς
1638 1174 1740 1205 τόποις,
1756 1174 1798 1199 ἵνα
1817 1174 1855 1209 μὴ
1871 1173 1917 1208 μό·-

1133 1229 1176 1246 νον
1197 1221 1313 1252 ζώντων,
1331 1221 1398 1247 ἀλλὰ
1417 1221 1463 1247 καὶ
1475 1221 1578 1256 νεκρῶν
1594 1220 1734 1255 κυριεύσῃ.
1752 1218 1792 1244 Τὰ
1806 1218 1861 1252 γὰρ
1876 1217 1917 1243 ατ-

1132 1275 1176 1293 τια
1200 1267 1248 1301 τῆς
1274 1267 1352 1302 μέχρι
1368 1267 1414 1293 τοῦ
1439 1268 1552 1294 θανάτου
1577 1267 1688 1293 καθόδου
1706 1264 1786 1292 αὑτοῦ
1807 1264 1853 1290 διὰ
1865 1263 1918 1289 τῶν

1133 1313 1318 1347 προκειμένων
1333 1313 1473 1347 τηλαυγῶς
1485 1313 1664 1348 παρέστησεν·
1683 1312 1753 1346 ειπερ
1768 1309 1919 1345 ἐπληροῦτο

297 1356 366 1382 κατὰ
382 1356 444 1387 τοὺς
463 1356 667 1390 εὐαγγελιστὰς,
684 1358 729 1384 ὅτε
753 1357 838 1384 πολλὰ
861 1358 974 1393 σώματα
996 1359 1203 1394 κεκοιμημένων
1231 1360 1315 1394 ἁγίων
1329 1360 1493 1395 ἠγέρθησαν,
1526 1360 1572 1387 καὶ
1592 1360 1640 1386 σὺν
1669 1359 1741 1394 αὐτῷ
1757 1358 1795 1393 τῷ
1812 1358 1919 1394 Σωτῆρι

296 1401 420 1437 εἰσῆλθον
436 1404 476 1435 εἰς
491 1406 539 1440 την
561 1404 641 1438 ἁγίαν
665 1404 741 1430 πόλιν
755 1403 802 1430 τοῦ
821 1404 898 1436 Θεοῦ,
917 1404 1019 1440 δηλαδὴ
1033 1404 1081 1440 τὴν
1100 1406 1265 1440 ἐπουράνιον.

331 1451 414 1479 Vsus.
433 1452 475 1478 lt.
495 1451 526 1478 Et
547 1459 593 1486 ego
609 1452 643 1478 ad
662 1456 686 1479 te
708 1452 835 1483 clamavi,
850 1457 874 1479 et
897 1460 974 1479 mane
994 1453 1080 1479 oratio

1172 1454 1222 1480 Kal
1238 1453 1294 1488 ἐγὼ
1310 1454 1384 1488 :zpc'v;
1396 1455 1433 1480 σὲ
1447 1454 1587 1487 κέχραξα,
1603 1452 1690 1479 καὶτὸ
1699 1452 1774 1486 πρωῒ
1788 1452 1807 1486 ἠ
1823 1457 1919 1486 προσ-

297 1506 354 1525 mea
374 1499 510 1531 pra-veniet
536 1502 569 1524 te.
587 1497 821 1531 Quemadmodum
845 1498 872 1525 in
890 1498 969 1525 titulo
982 1499 1081 1533 psalmi

1133 1500 1207 1534 ευχή
1218 1509 1277 1534 μου
1289 1500 1453 1534 προρθάσει
1467 1508 1513 1526 σε.
1544 1501 1647 1534 Ὥσπερ
1665 1499 1694 1526 ὲν
1709 1498 1748 1533 τῷ
1763 1498 1806 1525 κε’
1818 1497 1920 1533 ψαλμῷ

298 1554 354 1577 xu,
372 1546 418 1580 qui
436 1549 527 1580 aperte
542 1552 574 1572 ex
602 1552 718 1579 persona
734 1544 884 1572 Salvatoris
910 1546 995 1573 nostri
1019 1553 1083 1581 pro-

298 1591 401 1621 fertur,
426 1591 541 1622 dicitur,
568 1590 620 1617 Pro
637 1591 799 1624 susceptione
811 1591 957 1623 matutina,
973 1599 1028 1626 quo
1045 1599 1084 1619 re-

298 1637 433 1664 surrectio
452 1635 603 1663 Salvatoris
628 1636 736 1667 nostri,
766 1643 827 1670 quae
854 1644 933 1664 mane
949 1638 1081 1673 contigit,

298 1681 507 1713 subindicatur;
532 1680 649 1715 idipsmn
673 1680 728 1714 jam
754 1680 796 1707 his
821 1680 968 1715 signiﬁcari
997 1687 1082 1717 puto,

299 1724 379 1751 Mane
393 1725 479 1751 oratio
494 1733 550 1750 utea
567 1725 703 1758 prameuiet
722 1729 768 1751 te:
787 1732 842 1759 quo
854 1726 1001 1759 indicatur,
1020 1735 1083 1754 ora—

297 1773 399 1799 tionem
414 1770 564 1798 Salvatoris
579 1778 633 1798 non
657 1771 710 1797 alio
734 1774 857 1805 tempore
872 1771 996 1799 cll'ectum
1019 1780 1085 1800 con-

298 1820 420 1844 secutam
437 1824 507 1847 esse,
526 1816 577 1843 nisi
596 1817 770 1843 illucescente
785 1823 883 1843 aurora
901 1820 928 1842 et
944 1817 1084 1846 matutinis

299 1862 386 1894 horis,
402 1870 464 1889 cum
475 1862 639 1889 resurrectio
654 1866 824 1889 mortuorum
837 1861 971 1888 accidisse
987 1869 1083 1889 narra-

298 1907 456 1942 tur..Quare
477 1916 563 1943 neque
579 1916 707 1943 vespere,
728 1916 816 1943 neque
836 1908 969 1939 meridie,
998 1916 1085 1943 neque

297 1956 353 1983 alio
367 1955 484 1991 quodam
502 1959 633 1990 tempore.
648 1955 696 1982 sed
722 1954 821 1990 (Vens.
838 1955 883 1990 l5)
903 1962 979 1982 inane
999 1955 1084 1981 oratio

298 2011 356 2029 mea
369 2002 506 2036 prmveuiet
520 2006 553 2028 te.
577 2001 687 2036 thuid,
704 2001 825 2032 Domine,
848 2001 951 2035 repellis
968 2001 1085 2028 animum

298 2055 395 2078 meam,
412 2047 507 2073 avertis
525 2047 619 2081 faciem
634 2052 706 2073 luant
722 2056 737 2074 ο
754 2055 793 2073 me
804 2048 817 2074 γ
833 2046 862 2073 ln
875 2047 1004 2074 vicesimo
1017 2054 1086 2082 quo-

298 2100 353 2127 que
370 2082 462 2127 prium;
483 2092 610 2119 dicebat:
635 2092 722 2123 Deus.
747 2092 818 2119 Deus
833 2101 916 2123 meus,
933 2093 1030 2127 respice
1057 2093 1085 2119 in

299 2145 351 2167 me.
366 2144 447 2171 quare
461 2144 501 2162 me
512 2135 693 2170 dereliquisti?
712 2136 761 2164 Hic
784 2141 875 2164 autem
890 2137 966 2168 dicit,
981 2135 1084 2171 utquid,

1134 1545 1229 1579 σαφῶς
1245 1547 1278 1572 ὲκ
1298 1544 1443 1581 προσώπου
1466 1545 1512 1571 τοῦ
1535 1545 1660 1580 Σωτῆρος
1680 1544 1757 1579 ἡμῶν
1779 1543 1919 1579 είρημένῳ

1133 1590 1203 1616 κατὰ
1212 1590 1261 1625 τὴν
1268 1589 1427 1626 προγραφὴν
1435 1590 1554 1622 λέλεκτο,
1567 1590 1573 1599 ¹
1579 1589 1655 1624 Υπὲρ
1664 1589 1720 1623 τῆς
1729 1589 1918 1623 ἀντιλήψεως

1133 1634 1188 1668 τῆς
1199 1634 1333 1669 ἑωθινῆς,
1355 1635 1403 1661 τοῦ
1420 1635 1498 1669 λόγου
1513 1635 1563 1671 τὴν
1579 1636 1726 1662 ἀνάστασιν
1749 1635 1796 1661 τοῦ
1823 1634 1918 1668 Σωτῆ-

1133 1689 1181 1716 ρος
1202 1681 1279 1716 ἡμῶν
1295 1681 1480 1716 αἰνιττομένου
1500 1680 1570 1707 κατὰ
1588 1680 1637 1716 τὴν
1658 1680 1772 1716 ἑωθινὴν
1783 1680 1859 1716 ὦραν
1873 1688 1920 1714 γε-

1134 1726 1303 1762 γενημένην*
1319 1726 1391 1753 οὓτω
1405 1726 1452 1753 καὶ
1468 1725 1515 1752 νῦν
1531 1725 1630 1752 ταύτὸν
1648 1725 1826 1761 ¹ιἠμαίνεσθαι
1843 1724 1917 1759 ἡγοῦ-

1136 1779 1185 1806 μαι
1199 1770 1241 1797 διὰ
1256 1771 1362 1802 τούτου,
1382 1771 1460 1804 ΙΙρωϊ
1473 1771 1492 1804 ἡ
1507 1770 1662 1804 προσευχὴ
1678 1779 1736 1802 μου
1749 1769 1917 1804 προφθὰσει

1134 1824 1181 1848 σε,
1204 1816 1346 1852 δηλοῦντος
1365 1817 1411 1843 τοῦ
1426 1817 1504 1851 λόγου
1514 1836 1521 1848 ,
1532 1817 1572 1843 ὅτι
1589 1816 1627 1852 μὴ
1644 1816 1714 1852 ἄλλῳ
1727 1816 1816 1851 καιρῷ
1825 1816 1860 1843 τὰ
1871 1816 1918 1850 τῆς

1135 1864 1288 1898 προσευχῆς
1298 1863 1345 1889 τοῦ
1363 1863 1486 1899 Σωτῆρος
1499 1864 1538 1894 είς
1550 1862 1618 1898 ἔργα
1635 1862 1733 1897 ἐχώρει
1748 1863 1764 1898 ἢ
1782 1863 1854 1890 κατὰ
1870 1863 1918 1898 τὴν

1133 1909 1171 1935 ἔω
1180 1909 1226 1935 καὶ
1233 1909 1263 1935 τὸ
1272 1909 1352 1945 πρωῒ,
1367 1910 1411 1936 ὅτε
1428 1909 1516 1936 καὶτὰ
1523 1909 1573 1943 τῆς
1584 1909 1616 1935 ὲκ
1630 1908 1734 1944 νεκρῶν
1745 1909 1920 1939 ἀναστάσεως

1135 1952 1296 1987 γεγενῆσθαι
1311 1953 1528 1989 μεμαρτύρηται.
1549 1954 1588 1979 Δι’
1602 1953 1617 1979 ὃ
1636 1952 1698 1979 οὔτε
1712 1953 1844 1988 ἑσπέρας,
1858 1952 1920 1979 οὗτε

1136 1998 1317 2033 μεσημϐρίας,
1325 1998 1387 2025 οὔτε
1394 1999 1523 2034 ἀλλῳτινὶ
1533 1998 1630 2035 καιρῷ,
1638 1998 1705 2026 ἀλλὰ
1717 1998 1757 2031 τῷ
1768 1998 1853 2032 πρωΐ,
1870 2008 1921 2034 φη-

1136 2044 1188 2074 σὶν.
1204 2044 1223 2078 ὴ
1237 2044 1390 2079 προσευχὴ
1399 2053 1458 2079 μου
1469 2044 1635 2080 προφθὰσει
1643 2052 1690 2072 σε.
1712 2044 1809 2076 Ἰνατί,
1821 2046 1920 2079 Κύριε,

1135 2091 1265 2124 ἀπωθεῐς
1276 2091 1333 2124 τὴν
1344 2092 1449 2126 ψυχήν
1456 2101 1515 2127 μου
1524 2112 1532 2124 ,
1546 2091 1744 2127 ἀποστρέφεις
1760 2092 1794 2118 τὸ
1809 2093 1921 2126 πρόσω-

1136 2138 1195 2164 πόν
1211 2145 1269 2164 σου
1292 2137 1342 2164 ἀπ’
1362 2138 1452 2171 tum};
1478 2138 1533 2164 Καὶ
1556 2138 1585 2165 ὲν
1601 2138 1640 2173 τῷ
1664 2137 1706 2164 κα¹
1721 2138 1797 2172 ἔλεγε
1821 2138 1864 2170 τὸ,
1894 2138 1920 2164 '0

300 2181 493 2216 interrogando
503 2188 556 2216 qua
566 2180 599 2208 de
614 2177 697 2208 causa
714 2182 859 2209 derelictus
873 2190 888 2208 a
902 2181 983 2209 Patre
999 2183 1045 2214 sit,
1056 2185 1082 2208 et

1136 2182 1217 2216 Θεὸς,
1229 2184 1245 2209 ό
1257 2184 1329 2215 Oed;-
1339 2192 1409 2217 μου,
1419 2183 1551 2217 πρόσχες
1558 2192 1618 2217 μοι,
1628 2183 1706 2210 (rat!
1726 2182 1920 2217 ἐγκατέλιπές

297 2234 386 2261 quare
400 2226 443 2253 ille
457 2225 575 2252 animam
595 2232 672 2252 suam
688 2227 833 2261 repulerit;
858 2231 888 2253 ut
913 2227 935 2254 si
960 2235 1010 2255 nos
1035 2226 1086 2254 ali—

299 2272 409 2307 quando
423 2272 497 2299 dubii
516 2279 669 2306 quaaramus
690 2280 775 2307 quare
790 2273 861 2300 Deus
877 2272 945 2300 Filio
958 2281 1008 2301 suo
1030 2281 1085 2301 non

300 2318 432 2352 pepercit,
445 2318 491 2344 sed
511 2317 623 2344 tradidit
638 2325 700 2344 eum
712 2338 720 2349 ,
735 2318 828 2346 volens
843 2318 982 2345 hominum
998 2319 1086 2346 mani-

300 2364 352 2391 bus
364 2364 515 2391 dedititium
532 2372 593 2391 esse
608 2363 646 2398 (id
660 2364 733 2392 enim
762 2369 821 2392 erat
843 2372 906 2392 eum
931 2365 1085 2400 relinquere

300 2417 332 2436 nc
346 2409 501 2444 repellere);
522 2410 677 2437 ediscamus
700 2409 725 2436 id
742 2410 828 2437 nostri
850 2411 936 2445 gratia
950 2411 1029 2445 plane
1049 2411 1085 2438 l'a-

299 2458 385 2486 ctum,
403 2460 431 2482 ut
449 2454 542 2482 docuit
555 2455 701 2490 Apostolus
719 2456 761 2483 his
774 2456 864 2483 verbis
880 2465 886 2483 :
903 2455 953 2483 Sed
969 2465 1017 2492 pro
1037 2466 1085 2484 ηο-

300 2501 340 2528 bis
351 2501 498 2528 hominibus
513 2502 549 2533 ¹⁹,
559 2507 589 2528 ιιι
605 2502 680 2529 ﬁeret
688 2510 774 2537 agnus
783 2502 829 2529 Dei
842 2506 868 2529 et
878 2503 936 2530 ovis
945 2503 1083 2531 immolata

300 2554 353 2582 pro
374 2547 462 2573 saluto
487 2547 593 2574 mundi.
618 2546 800 2580 Quamobrem
828 2548 958 2583 propheta
976 2556 1084 2583 quoque

300 2591 408 2618 dicebat
424 2601 431 2618 :
450 2590 482 2617 Et
498 2591 626 2618 Dominus
642 2592 751 2619 tradidit
766 2600 825 2619 cum
847 2593 958 2626 peccatis
973 2593 1082 2620 nostris.

334 2670 357 2686 ’ν
379 2668 458 2696 Rom.
474 2677 533 2701 VIII,
550 2669 595 2697 52.

341 2727 374 2762 ,1)
400 2727 509 2753 Scilicet
527 2727 641 2754 ecclesia
660 2727 692 2754 ad
708 2727 861 2762 sepulcrum
886 2725 997 2757 Christi.
1017 2733 1078 2761 qum

300 2767 334 2789 ab
353 2762 549 2797 Athanasiorin
567 2763 679 2797 epistola
698 2762 794 2797 synodi
814 2761 1077 2797 llierosolymitanm.

300 2806 327 2831 ρ.
346 2798 405 2827 199,
428 2796 573 2832 μαρτρριον
585 2792 634 2822 ’τοῦ
656 2792 787 2832 Σωτῆρος,
810 2792 967 2831 ηιαγιῃνίιὺη
984 2795 1079 2823 Salua-

302 2833 381 2863 toris,
401 2831 471 2865 apud
495 2831 674 2858 Sozomenuln
692 2837 781 2857 autem
798 2832 843 2858 lib.
865 2840 894 2862 ιι,
911 2839 936 2858 c.
949 2832 993 2860 27,
1009 2832 1079 2866 μέγα

302 2867 461 2900 μαρτύριον,
481 2875 602 2898 muqnmn
624 2867 780 2897 martyrium
800 2866 908 2894 dicitur.
932 2866 993 2894 Hzcc
1007 2874 1079 2894 annuo

1134 2235 1172 2262 με
1179 2235 1188 2258 ;
1196 2227 1269 2261 λέγει
1283 2227 1310 2253 δὲ
1319 2228 1347 2253 ὲν
1355 2228 1469 2259 τούτοις,
1484 2229 1533 2255 ἵνα
1547 2229 1585 2259 τί,
1596 2229 1683 2264 ὲρωτη
1688 2227 1810 2263 ματικῶς
1821 2227 1920 2253 πυνθα-

1136 2273 1247 2308 νᾲμενος
1262 2273 1294 2299 δι’
1304 2275 1337 2309 ἠν
1353 2273 1442 2300 αἰτίαν
1459 2274 1701 2308 ἐγκαταλέλειπται
1725 2273 1778 2300 ὑπὸ
1798 2273 1845 2300 τοῦ
1864 2272 1918 2300 [Ια-

1136 2319 1208 2354 τρὸς,
1225 2318 1272 2346 καὶ
1291 2320 1361 2346 ἱνατί
1382 2319 1510 2347 ἀπώσατο
1532 2320 1614 2346 αὑτοῦ
1628 2319 1678 2355 τὴν
1704 2319 1811 2355 ψυχήν·
1838 2319 1876 2351 ὠς
1888 2318 1920 2345 ἂν

1136 2365 1184 2391 καὶ
1196 2365 1287 2399 ἡμεῖς,
1302 2364 1328 2391 εῐ
1343 2373 1409 2391 ποτε
1428 2365 1603 2401 διαποροῖμεν
1616 2365 1649 2392 δι’
1668 2366 1701 2401 ἢν
1717 2365 1806 2391 αἰτίαν
1824 2366 1839 2391 ὁ
1856 2364 1920 2395 Θεὸς

1136 2410 1182 2437 τοῦ
1198 2411 1262 2437 ἰδίου
1277 2410 1343 2437 Υίοῦ
1361 2411 1411 2437 οὐκ
1428 2411 1565 2446 ἐφείσατο,
1584 2410 1651 2437 ἀλλὰ
1670 2411 1829 2446 παρέδωκεν
1841 2411 1920 2437 αὐτὸν

1137 2456 1252 2491 θελήσας
1268 2456 1424 2491 ὑποχείριον
1438 2456 1592 2492 ἀνθρώποις
1605 2455 1733 2490 γενέσθαι
1745 2464 1752 2471 ·
1776 2456 1857 2482 τοῦτο
1869 2456 1924 2492 γὰρ

1135 2499 1169 2537 ἦν
1184 2501 1214 2527 τὸ
1236 2501 1394 2529 καταλιπεῖν
1408 2502 1489 2529 αὐτὸν
1513 2502 1560 2528 καὶ
1583 2501 1761 2528 ἀπώσασθαι·
1779 2502 1924 2537 μανθάνοι-

1138 2555 1197 2582 μεν,
1227 2547 1267 2573 ὅτι
1291 2546 1370 2573 τοῦτο
1401 2547 1471 2583 ὑπὲρ
1493 2547 1572 2582 ἡμῶν
1597 2547 1718 2581 ¹γέγονεν,
1746 2546 1784 2578 ὡς
1805 2546 1923 2578 ἐδίδαξεν

1134 2594 1149 2619 ὀ
1177 2593 1334 2619 Ἀπόπολοτ
1358 2592 1459 2620 εἰπών·
1481 2593 1563 2619 Ἀλλ’
1585 2592 1659 2627 ὑπὲρ
1678 2591 1763 2626 ἡμῶν
1788 2592 1921 2622 πάντων,

1130 2726 1231 2764 gliristi
1243 2727 1296 2756 555
1308 2729 1431 2757 dedicata
1452 2733 1504 2760 est,
1519 2729 1591 2757 unde
1606 2733 1713 2764 tempus
1728 2729 1866 2756 editorum
1883 2728 1916 2756 ab

1132 2762 1249 2790 Eusebio
1262 2765 1520 2792 commentariorum
1541 2762 1669 2791 eruimus
1680 2766 1706 2791 in
1721 2764 1916 2791 Praeliminari-

1132 2797 1279 2861 {uls_.b_0uad
1287 2800 1321 2826 de
1335 2807 1364 2828 re
1375 2805 1402 2828 et
1412 2800 1445 2827 de
1458 2800 1629 2827 mirabilibus
1644 2807 1674 2826 ea
1688 2800 1714 2826 in
1729 2799 1846 2842 ecclesia
1858 2799 1914 2826 edi-

1147 2842 1188 2862 |5I
1213 2843 1220 2861 ι
1237 2843 1261 2861 vn
1283 2843 1303 2862 e.
