2032 3215
720 155 971 184 ΕΟΜΙΕΝΤΔΙΠΛ
983 154 1020 183 ΙΝ
1039 155 1210 185 ΡδΑιιιιοὸ.
1241 143 1292 179 ςΤ

1691 157 1759 185 1066

140 214 183 241 ἵνα
197 212 309 248 ὶένηται
330 213 416 248 ἀμνὸς
439 212 506 240 Θεοῦ
532 213 579 239 καὶ
603 212 737 248 πρόϐατον
764 212 921 249 ἱερουργού-

973 211 1007 239 Et
1021 212 1062 239 hic
1077 217 1187 246 peccata
1204 217 1296 239 nostra
1313 217 1412 247 portat,
1426 217 1451 240 et
1465 221 1512 248 pro
1526 213 1600 241 nobis
1616 215 1761 244 cruciatur.

140 266 220 294 μενον
235 258 307 294 ὑπὲρ
327 259 377 294 τῆς
393 258 440 285 τοῦ
464 259 566 294 κόσμου
584 260 732 294 σωτηρῒας.
749 259 850 295 Διόπερ
866 258 923 286 ελε-

137 311 170 339 γι
186 304 234 331 καὶ
253 304 269 330 6
281 304 424 340 προφήτης
433 312 440 319 ο
455 304 509 331 Kal
526 304 633 338 Κύριος
647 304 817 338 παρέδωκεν
829 303 923 331 αὐτὸν

139 347 202 382 ταῖς
219 349 374 384 ἁμαρτίαις
396 349 489 383 ἡμῖν.
517 350 572 376 Kal
596 347 686 383 οὗτος
705 350 759 382 τὰς
777 350 921 384 ἁμαρτίας

138 394 222 428 ἡμῶν
236 394 329 429 φέρει,
342 395 391 421 καὶ
406 394 472 429 περὶ
490 395 574 429 ἡμῶν
588 394 739 422 όδυνᾱται.
760 395 816 422 Καὶ
830 395 921 428 αὐτὸς

138 439 354 474 ἐτραυματίσθη
369 439 418 466 διὰ
432 439 486 472 τὰς
499 440 642 474 ἁμαρτίας
657 439 751 474 ἡμῶν,
767 440 815 467 καὶ
825 448 918 475 μεμα-

137 484 276 512 λὰκιστιιι
294 484 344 511 διὰ
358 484 411 518 τὰς
426 485 550 520 ἀνομίας
566 484 666 520 ἡμῶν·
679 485 718 518 τῷ
725 485 847 519 μώλωπι
860 487 920 513 αὐ-

138 530 191 558 τοῦ
208 530 292 566 ἡμεῖς
310 529 443 565 ιάθημεν.
468 531 607 566 Ἐπιιρέρει
622 531 651 558 δὲ
663 531 750 566 λέγων
765 532 794 558 ὲν
809 530 851 558 κα¹
864 539 871 546 ·
893 532 920 558 '0

138 576 222 610 Θεὸς,
236 576 416 611 κεκράξομαι
442 576 572 611 ἡμέρας,
594 578 644 605 καὶ
667 579 722 604 οὐκ
743 578 921 612 είσακούσῃ,

137 625 186 652 καὶ
202 625 324 658 νυκτὸς,
338 625 387 653 καὶ
401 625 456 651 οὐκ
474 626 518 659 εὶς
533 624 633 651 ἄνοιαν
651 625 717 659 ἐμοί
729 633 734 638 ”
759 625 807 651 καὶ
822 626 851 651 ἐν
866 627 921 657 τοῖς

138 669 328 705 προκειμένοις
343 677 350 684 ·
385 669 597 703 Ἀποστρέφεις
621 669 653 696 τὸ
676 670 839 703 πρόσωπόν
863 676 922 696 σου

137 716 187 743 ἀπ’
203 715 286 751 ἐμοῦ.
303 715 403 750 Ὅμοια
417 715 446 742 δὲ
458 715 577 750 ἠγοῦμαι
590 713 659 741 εἶναι
672 715 759 742 ταῦτα
774 716 831 747 τοῖς
844 715 873 741 ὲν
882 714 922 750 τῷ

138 762 296 797 Εὐιγγελίῳ
313 762 386 797 ἔργῳ
405 761 636 797 τετελειωμένοις,
657 761 721 788 ἔνθα
739 761 849 793 διαστὰς
867 761 922 788 τῶν

974 258 1009 286 Et
1022 259 1077 293 ipse
1087 258 1239 286 vulneratus
1258 264 1296 286 est
1321 265 1427 294 propter
1441 265 1549 294 peccata
1567 266 1670 293 nostra,
1686 261 1763 296 inﬁr-

972 309 1061 331 matus
1083 307 1124 331 est
1151 308 1258 338 propter
1281 304 1434 339 iniquitates
1456 311 1582 334 nostras:
1601 307 1682 334 vibice
1703 307 1762 342 ejus
1795 326 1798 328 ν

971 358 1019 376 nos
1029 349 1120 376 sanati
1138 357 1233 376 sumus
1249 349 1270 376 ί.
1287 349 1316 376 In
1335 357 1379 376 ut
1395 353 1483 377 autem
1502 350 1656 386 subjungit.
1671 350 1742 378 Deus
1753 370 1762 383 ,

968 394 1090 422 clamabo
1105 401 1151 428 per
1161 394 1242 428 diem,
1253 399 1278 422 et
1295 403 1346 422 non
1359 394 1494 427 exaudies,‘
1505 400 1531 422 et
1542 401 1625 426 nocte,
1634 401 1720 424 etnon
1728 397 1763 424 ad

970 440 1149 475 insipientiam
1179 440 1243 467 mihi
1263 441 1293 473 ’,'
1311 440 1338 467 iu
1357 441 1480 476 praesenti
1506 449 1579 474 vero,
1597 443 1701 470 Aoertis
1720 443 1780 479 [ιι-η

971 487 1036 513 ciem
1049 491 1121 512 tuam
1133 494 1149 512 a
1165 494 1215 513 me.
1234 485 1296 514 Haec
1309 494 1391 522 porro
1410 487 1510 514 similia
1524 491 1589 521 pulo
1602 487 1636 515 iis
1651 494 1711 523 quae
1734 487 1761 514 in

974 531 1119 567 Evangelio
1133 540 1215 567 opere
1226 533 1361 568 completa
1374 532 1510 566 feruntur,
1525 533 1571 561 ubi
1587 540 1602 560 a
1618 533 1762 568 discipulis

976 583 1115 611 semotus,
1142 578 1168 605 in
1187 578 1283 606 faciem
1312 579 1457 614 procubuit
1486 587 1569 608 orans
1593 586 1620 608 et
1645 580 1759 608 dicens:

973 623 1064 655 Pater,
1080 624 1103 650 si
1119 623 1245 658 possibile
1258 629 1307 655 est,
1327 629 1444 652 transeat
1457 625 1500 652 hic
1512 626 1583 653 colis:
1604 634 1620 652 a
1636 633 1685 653 me.
1714 625 1763 652 Ve-

972 674 1119 697 rumtamen
1142 678 1194 697 non
1218 670 1286 697 sicut
1307 679 1352 706 ego
1378 671 1446 704 υοίο,
1472 672 1518 699 sed
1547 672 1615 700 sicut
1632 677 1660 699 tu
1676 673 1714 704 ‘°;
1731 679 1763 699 ac

973 723 1093 748 rursum,
1109 715 1201 750 Pater,
1214 717 1237 743 si
1250 725 1302 744 non
1315 722 1399 751 potest
1413 717 1455 744 llic
1468 719 1593 751 transire,
1609 719 1662 745 nisi
1676 717 1762 745 bibam

972 761 1059 794 illum,
1076 762 1124 796 ﬁat
1136 761 1256 789 uoluntas
1274 767 1321 789 tua
1332 763 1352 790 ³.

138 809 276 844 μαθητῶν,
286 808 382 835 ἔπεσεν
396 809 442 835 ἐπὶ
454 809 596 844 πρόσωπον
607 808 690 835 αὑτοῦ
704 808 918 844 προσευχόμενος
934 808 981 834 καὶ
997 808 1096 842 λέγων’
1117 807 1222 842 Πάτερ,
1245 810 1271 835 st
1290 809 1431 844 δυνατὸν,
1451 810 1622 844 παρελθέτω
1651 810 1686 838 τὸ
1710 814 1764 837 πο·
1777 844 1782 850 ι

137 855 238 891 eripior
253 855 341 883 τοῦτο
360 856 411 883 ἀπ’
427 856 509 890 ἐμοῦ.
519 855 611 890 ’Πλὴν
626 857 681 890 οὐχ
699 857 739 889 ὡς
771 856 828 891 ἐγὼ
844 855 928 887 θέλω,
946 856 1014 883 ἀλλ’
1026 856 1066 888 ὡς
1079 857 1118 883 σὺ
1130 865 1136 871 ·
1149 857 1196 883 καὶ
1206 857 1286 883 πάλιν
1298 866 1305 873 ·
1319 856 1427 892 Πάτερ,
1437 859 1464 884 el
1476 859 1512 885 οὐ
1524 857 1650 885 δύναται
1676 857 1763 885 τοῦτο

137 901 304 936 παρελθεῖν,
335 900 388 927 ἐὰν
406 900 449 935 μὴ
471 901 545 928 αὐτὸ
568 901 635 934 πίω,
661 901 812 935 γενηθήτω
839 902 872 927 τὸ
905 900 1019 935 θέλημά
1034 908 1092 928 σου

172 947 292 982 Πτωχός
302 948 360 982 ειμι
371 947 428 981 ἐγὼ
441 947 489 974 καὶ
498 947 532 974 ὲν
542 947 646 980 κόποις
656 947 690 973 ἐκ
698 947 837 981 νεότητός
844 954 915 981 μουο

1003 945 1085 974 Vens.
1101 946 1191 974 16-19.
1210 947 1315 982 Pauper
1339 956 1398 975 sum
1421 956 1467 983 ego
1484 952 1509 975 et
1529 949 1557 975 in
1584 949 1719 977 laboribus
1746 958 1763 977 α

137 994 266 1028 ὑψωθεὶς
287 993 320 1020 δὲ
341 993 541 1027 ὲταπεινώθην
560 993 609 1020 καὶ
632 993 831 1027 ἐξηπορήθην.
855 992 917 1019 Ἐπ’

136 1039 189 1072 ἐμὲ
203 1039 327 1073 διῆλθον
339 1040 369 1065 al
386 1039 470 1073 ὀργαί
478 1047 549 1070 σου,
564 1040 590 1065 οἱ
605 1039 777 1073 φοϐερισμοί
793 1045 852 1065 σου
875 1037 919 1070 ἐξ·

136 1084 287 1119 πάραξάν
302 1093 351 1119 με,
376 1084 570 1112 Ἐκύκλωσάν
584 1093 622 1119 με
637 1085 676 1117 ὡς
684 1084 760 1118 ὕδωρ
772 1084 850 1119 ὅλην
862 1084 920 1117 τὴν

137 1131 262 1166 ἡμέραν,
279 1130 439 1165 περιέσχον
448 1139 487 1165 με
500 1130 569 1165 ἅμα.
590 1130 771 1164 Ἐμιὶκρυνας
785 1131 835 1156 ἀπ’
846 1129 919 1164 ἐμοῦ

137 1175 228 1209 φίλον
242 1174 290 1202 καὶ
306 1175 450 1208 πλησίον,
466 1175 513 1201 καὶ
531 1175 602 1208 τοὺς
621 1175 776 1209 Πωστούς
790 1183 850 1209 μου
861 1174 918 1201 ἀπὸ

137 1221 347 1255 ταλαιπωρίας.
374 1221 430 1247 Kal.
446 1220 533 1248 ταῦτα
548 1221 562 1247 ὁ
581 1220 727 1256 Σύμμαχος
757 1220 920 1255 σαφέστερόν

138 1275 197 1297 πως
212 1265 342 1298 ὲξὲδωκεν
363 1265 446 1292 εἰπών
459 1275 465 1280 ·
492 1267 612 1301 Πτωχὸς
634 1266 676 1292 ὠν
701 1266 749 1292 καὶ
774 1266 922 1293 ἐκλείπων

137 1312 198 1341 ἀπὸ
213 1313 364 1347 νεότητος,
390 1313 540 1340 ἀνέλαϐον
563 1313 617 1340 τὸν
640 1314 733 1348 φόϐον
754 1321 822 1340 σου.
844 1314 921 1347 Πρὸς

138 1360 254 1394 τούτοις
264 1360 301 1387 δι’
313 1359 385 1395 ἐμοῦ
398 1360 594 1395 παρώδευσαν
611 1363 639 1388 al
653 1361 736 1395 ὀργαί
750 1368 817 1392 σου,
832 1361 862 1386 at
875 1360 922 1387 ἐκ·

137 1405 265 1440 πλήξεις
277 1414 334 1432 σου
349 1405 579 1440 κατεσιώπησάν
592 1415 639 1440 με.
659 1405 825 1441 Περιῆλθόν
833 1415 870 1440 με
883 1406 923 1439 ὡς

138 1451 242 1483 ὕδατα,
257 1451 361 1478 πᾶσαν
391 1451 448 1485 τὴν
472 1452 586 1485 ἡμέραν
609 1451 854 1485 περιεκὼιλωσάν
874 1460 922 1486 με.

138 1499 194 1526 Kal.
206 1499 221 1525 6
241 1498 366 1530 ’Δκύλα;,
380 1498 439 1524 Ἐπ’
455 1497 518 1532 ἐμὲ,
541 1498 617 1533 φησὶ,
630 1497 785 1532 παρῆλθον
798 1499 827 1524 al
841 1497 924 1532 ὀργαί

138 1552 208 1571 σου.
226 1544 319 1575 Ὅπως
337 1543 365 1570 δὲ
381 1544 490 1578 πτωχὸς
505 1542 538 1580 ἦν
558 1545 604 1570 καὶ
622 1544 651 1570 ἐν
664 1544 759 1576 κόποις
777 1545 810 1571 ὲκ
832 1544 925 1580 νεότη-

138 1597 200 1622 τος,
212 1587 331 1615 διδάσκει
348 1588 428 1620 αὐτὸς
442 1590 470 1615 ἐν
483 1590 538 1619 τοῖς
558 1588 733 1622 Εὐαγγελίοις
751 1589 813 1623 περὶ
829 1587 924 1614 ἑαυτοῦ

967 991 1101 1025 juventute
1128 999 1206 1018 mea:
1233 991 1366 1019 exaltatus
1391 997 1479 1020 autem
1493 993 1648 1020 humiliatus
1662 1002 1721 1021 sum
1737 992 1763 1021 ei

968 1036 1117 1071 perplexas.
1136 1036 1215 1064 lnme
1240 1039 1400 1065 transierunt
1417 1039 1464 1066 ira:
1486 1044 1537 1066 tua:
1552 1059 1560 1071 ,
1583 1043 1703 1069 tenores.
1725 1029 1764 1066 tui

969 1082 1187 1109 conturbauerunt
1211 1091 1261 1110 me.
1287 1082 1520 1110 Circumdederunt
1541 1091 1581 1110 me
1599 1084 1668 1110 sicut
1694 1092 1764 1119 aqua

971 1132 1026 1154 tota
1049 1128 1109 1161 die,
1134 1128 1361 1156 circumdederunt
1387 1137 1427 1156 me
1459 1129 1548 1156 simul.
1584 1128 1725 1165 Elongasti
1746 1139 1763 1157 a

971 1181 1011 1199 me
1037 1173 1151 1199 amicum
1173 1179 1198 1200 et
1226 1173 1396 1208 proximum,
1424 1178 1450 1201 et
1482 1179 1557 1202 notos
1577 1182 1648 1202 meos
1671 1183 1687 1201 a
1713 1175 1763 1201 mi-

970 1219 1049 1247 seria.
1077 1218 1139 1247 ilice
1163 1220 1264 1247 clarius
1280 1219 1461 1255 Symmachus
1480 1220 1566 1248 edidit
1582 1220 1624 1248 his
1649 1220 1760 1248 verbis:

972 1265 1076 1300 I’auper
1090 1274 1148 1292 cum
1163 1266 1214 1293 sim
1236 1271 1260 1293 et
1289 1265 1414 1301 deﬁciens
1438 1275 1455 1293 a
1472 1266 1609 1301 juventute
1623 1286 1631 1299 ,
1660 1267 1762 1301 suscepi

973 1311 1092 1338 timorem
1108 1315 1192 1338 tuum.
1213 1311 1255 1337 Ad
1273 1311 1328 1338 haec
1353 1318 1400 1345 per
1423 1319 1463 1338 me
1481 1316 1696 1346 pra'termearunt
1715 1313 1763 1339 ira:

972 1360 1024 1383 tua:
1034 1376 1042 1388 ,
1065 1360 1177 1383 terrores
1189 1356 1229 1382 tui
1245 1361 1332 1383 tacere
1340 1364 1380 1383 me
1391 1355 1517 1391 fecerunt.
1529 1356 1763 1385 Circumueaerunt

973 1410 1013 1429 me
1030 1402 1099 1429 sicut
1114 1410 1200 1437 aqua,
1222 1406 1277 1429 tota
1292 1402 1334 1430 die
1350 1402 1577 1430 circumdederunt
1591 1411 1641 1430 me.
1665 1403 1763 1439 Aquila

974 1455 1048 1480 vero,
1062 1447 1146 1483 Super
1158 1456 1208 1480 me,
1225 1447 1322 1484 inquit,
1334 1449 1518 1483 praterierunt
1533 1450 1581 1477 ira:
1605 1454 1667 1477 tum.
1693 1450 1764 1482 Quo'

975 1492 1055 1519 modo
1067 1497 1158 1520 autem
1172 1501 1275 1528 pauper
1292 1492 1376 1521 fuerit
1389 1498 1416 1521 et
1430 1494 1458 1522 in
1470 1494 1611 1522 laboribus
1627 1501 1642 1521 a
1663 1495 1763 1529 juven-

975 1541 1042 1570 tute,
1060 1538 1140 1565 docet
1155 1538 1213 1573 ipse
1241 1539 1269 1565 in
1292 1538 1446 1574 Evangeliis
1471 1539 1505 1567 de
1524 1547 1553 1568 se
1580 1539 1696 1575 loquens
1719 1539 1763 1568 his

976 1588 1086 1615 verbis:
1109 1587 1209 1615 Discite
1238 1597 1254 1615 a
1280 1597 1321 1616 me
1345 1589 1408 1624 quia
1433 1590 1506 1617 mitis
1522 1597 1580 1617 sum
1606 1594 1631 1617 et
1655 1590 1762 1618 Immitis

138 1632 226 1667 λέγων
236 1641 243 1648 ·
262 1632 376 1660 Μάθετε
391 1633 442 1660 ἀπ’
459 1633 543 1668 ἐμοῦ,
559 1633 604 1659 ὅτι
620 1632 715 1666 πρᾶός
734 1634 792 1668 εὶμι
809 1634 858 1660 καὶ
871 1641 922 1659 τα-

975 1634 1052 1661 corde
1071 1633 1092 1659 ⁸.
1109 1633 1256 1668 Apostolus
1269 1634 1334 1662 item
1349 1635 1388 1661 ait
1403 1644 1411 1662 :
1428 1634 1481 1668 Qui
1494 1642 1554 1662 cum
1565 1636 1592 1662 in
1611 1635 1699 1673 [arma
1713 1635 1763 1663 υιε

138 1679 242 1712 κεινὸς
264 1678 302 1714 τῇ
321 1679 437 1713 καρδίᾳ.
460 1680 515 1707 Kal.
537 1680 551 1706 6
575 1679 731 1711 ’Λπόστολός
747 1688 847 1715 φησιν’
874 1680 923 1712 ’ος

138 1725 174 1752 ἐν
181 1724 283 1760 μορφῇ
299 1725 372 1752 Θεοῦ
387 1725 538 1760 ὑπάρχων,
552 1726 609 1760 οὐχ
622 1725 778 1760 ἁρπαγμὸν
788 1724 923 1760 ἡγήσατο

139 1769 216 1798 εἶναι
236 1771 289 1798 ἴσα
301 1771 371 1804 Θεῷ,
385 1771 454 1798 ἀλλ’
466 1771 575 1798 ἑαυτὸν
588 1770 737 1798 ἐκένωσεν
747 1780 753 1787 ·
771 1771 840 1798 ὥστε
854 1769 923 1798 εἶναι

141 1817 225 1851 σαφὶς
252 1816 310 1849 πῶς
341 1817 448 1853 εἴρηται
475 1817 551 1853 παρὰ
575 1819 631 1849 τοῖς
663 1818 863 1854 Ἐϐὁομὴκοντα
882 1820 922 1852 τὸ,

139 1863 262 1896 Πτωχός
273 1863 332 1898 εἰμι
346 1862 404 1896 ἐγὼ
415 1863 464 1890 καὶ
479 1864 513 1889 ἐν
528 1864 632 1897 κόποις
651 1864 685 1890 ὲκ
700 1866 841 1899 νεότητός
852 1875 922 1900 μου.

146 1909 216 1936 Ἀλλ’
230 1910 260 1936 ἐν
281 1910 329 1945 μὲν
351 1911 384 1944 τῇ
405 1910 510 1944 νεότητι
528 1910 621 1942 αὐτοῦ,
641 1911 688 1937 καὶ
707 1910 794 1942 ἄλλως
810 1912 862 1938 ὑπὸ
878 1911 925 1938 τὸν

139 1954 317 1990 νομιζόμενον
327 1955 432 1990 πατέρα
445 1955 489 1981 τὸν
507 1956 616 1991 Ἰωσὴφ,
630 1957 678 1982 καὶ
692 1957 742 1992 τὴν
753 1957 823 1984 κατὰ
837 1958 925 1993 σάρκα

141 2001 249 2037 μητέρα
264 2002 441 2037 τρεφόμενος,
454 2002 560 2037 πτωχδς
576 2000 610 2037 ἧν
625 2004 653 2029 ὲν
666 2006 784 2038 πτωχοῖς
796 2012 802 2018 ·
820 2004 867 2030 καὶ
879 2004 924 2030 τὸν

140 2048 219 2075 ἄλλον
232 2048 261 2074 δὲ
273 2048 355 2076 αὑτοῦ
375 2048 432 2083 βίον
451 2049 576 2080 πλούσιος
589 2048 637 2081 ὢν,
651 2049 685 2075 δι’
699 2051 772 2084 ἡμᾶς
788 2049 923 2084 ἐπτώχευ-

141 2102 201 2126 σεν,
222 2095 296 2125 ὅπως
314 2096 394 2130 ἡμεῖς
417 2096 450 2129 τῇ
468 2095 547 2121 αὺτοῦ
574 2096 695 2131 πτωχείᾳ
720 2096 922 2131 πλουτήσωμεν.

142 2140 207 2166 Ὅτε
228 2139 257 2166 δὲ
285 2140 376 2166 λοιπὸν
398 2139 618 2175 παραδοξοποιῶν
640 2141 686 2167 καὶ
707 2140 774 2167 Θεοῦ
796 2141 924 2176 δυνάμεις

141 2186 296 2218 ἀποτελῶν,
319 2186 414 2221 ὑψώθη
433 2195 462 2212 τε
498 2187 543 2213 καὶ
558 2186 602 2214 διὰ
624 2187 671 2213 τοῦ
693 2187 795 2219 πάθους
809 2187 925 2222 ὑψωθεὶς

141 2231 320 2267 ἐταπεινώθη.
337 2233 373 2258 Δι’
398 2233 412 2258 ὃ
429 2233 519 2267 ἔλεγεν
531 2242 537 2248 ·
562 2233 674 2267 ’Ὠσπερ
692 2233 803 2267 Μωσῆς
820 2233 925 2267 ὕψωσε

141 2276 196 2303 τὸν
213 2276 282 2311 ὅφιν
298 2277 332 2303 ἐν
346 2277 383 2311 τῇ
399 2276 505 2312 ἐρήμῳ,
528 2277 621 2310 οὕτως
638 2277 794 2312 ὑψωθῆναι
813 2278 859 2304 δεῖ
873 2278 927 2304 τὸν

146 2322 215 2349 Υιὸν
227 2323 280 2350 τοῦ
293 2323 449 2357 ἀνθρώπου
461 2332 468 2338 υ
488 2323 534 2349 καὶ
550 2323 630 2350 πάλιν
644 2332 652 2339 ·
677 2324 765 2351 Ὅταν
782 2324 925 2358 ὑψώσητε
941 2334 962 2361 D

142 2368 196 2396 τὸν
214 2368 283 2395 Υίὸν
298 2369 351 2396 τοῦ
364 2369 530 2403 ἀνθρώπου,
551 2370 616 2396 τότε
631 2370 793 2404 γνώσεσθε,
809 2371 854 2397 ὅτι
869 2370 927 2405 ἐγώ

141 2415 199 2449 ειμι
213 2421 221 2429 ·
243 2415 291 2446 καὶ
307 2415 336 2441 ὲν
354 2415 392 2450 τῷ
413 2416 584 2450 προκειμένῳ
598 2423 605 2430 ο
637 2416 780 2450 Ὑψωθεὶς
803 2417 838 2443 δὲ
858 2417 925 2444 ἐτα-

141 2459 291 2494 πεινώθην
309 2460 358 2486 καὶ
375 2460 576 2495 ἐξηπορήθην.
601 2460 638 2487 Τὸ
653 2461 692 2492 δὲ,
707 2462 747 2487 Δι’
766 2462 839 2496 ἐμοῦ
851 2469 925 2496 παρ-

141 2506 280 2534 ὥδευσαν
301 2508 330 2533 al
360 2507 444 2542 ὀργαί
462 2515 537 2538 σου,
561 2506 630 2534 κατὰ
656 2507 702 2534 τὸν
729 2507 885 2543 Σύμμαχον,
908 2509 925 2544 ἢ

143 2552 213 2579 κατὰ
231 2553 276 2579 τὸν
303 2553 416 2580 Ἀκύλαν
428 2561 435 2567 ⁸
460 2553 521 2579 Ἐπ’
541 2553 593 2588 ἐμὲ
616 2553 772 2588 παρῆλθον
785 2556 816 2581 al
838 2555 921 2589 ὀργαί

142 2606 212 2630 σου,
227 2598 244 2634 ἢ
259 2599 329 2625 κατά
344 2599 407 2630 τοὺς
426 2599 637 2635 Ἑϐδομήκοντα,
661 2600 722 2627 Ἐπ’
732 2600 785 2635 ἐμὲ
801 2600 926 2635 διῆλθον

143 2646 171 2672 al
187 2645 273 2680 ὀργαί
284 2653 354 2677 σου,
374 2645 465 2680 σαφῶς
479 2646 653 2682 παρίστησιν,
672 2647 713 2674 ὃτι
726 2648 776 2673 οὐκ
792 2648 831 2679 εις
843 2648 925 2676 αὑτὸν

143 2691 312 2728 ἐπέσκηψαν,
330 2692 397 2718 ἀλλὰ
418 2692 450 2718 δι’
469 2691 550 2719 αὐτοῦ
574 2693 710 2729 παρῆλοον
723 2703 730 2709 ·
756 2694 803 2721 καὶ
825 2694 866 2721 ὃτι
888 2695 925 2730 μὴ

144 2737 270 2773 ἔστησαν,
285 2737 353 2765 ἀλλὰ
368 2738 483 2774 διῆλθον.
501 2739 537 2765 Τὸ
552 2739 591 2771 δὲ,
603 2739 786 2773 ἐξεαίραξάν
794 2749 843 2775 με,
855 2741 926 2768 κατὰ

143 2786 206 2816 τοὺς
222 2785 431 2820 Έὸδομήκοντα,
448 2784 540 2820 ὅμοιόν
550 2784 608 2812 ἐστι
621 2785 659 2821 τῷ
677 2786 815 2821 εἰρημένῳ
830 2786 858 2813 ἐν
871 2787 927 2819 τοῖς

179 2857 190 2873 ¹
209 2856 262 2883 lsa.
280 2863 346 2887 Lm,
364 2855 415 2882 3-5
451 2856 460 2870 ¹
481 2855 552 2886 Psnl,
572 2863 634 2887 xxi.
652 2856 678 2883 ‘5.

975 1683 1052 1711 esset,
1067 1687 1119 1706 non
1136 1679 1259 1714 rapinam
1278 1679 1425 1707 arbitratus
1449 1685 1487 1708 est
1505 1689 1562 1708 esse
1582 1689 1609 1708 se
1636 1681 1763 1716 aequalem

972 1724 1044 1757 Deo,
1063 1725 1109 1752 sed
1119 1725 1286 1759 semetipsum
1300 1726 1443 1753 exinanivit
1453 1726 1483 1759 ⁵;
1498 1727 1535 1754 ita
1549 1731 1578 1754 ut
1588 1728 1763 1763 perspicuum

972 1771 1008 1798 sit
1015 1778 1068 1806 qua
1077 1770 1110 1799 de
1115 1779 1198 1799 causa
1205 1771 1276 1807 apud
1283 1771 1355 1799 LXX
1363 1772 1527 1808 lnterpretes
1534 1773 1764 1810 dicatur,Pauper

973 1827 1031 1846 sum
1043 1827 1088 1854 ego
1103 1823 1128 1846 et
1143 1819 1169 1846 in
1185 1819 1320 1847 laboribus
1346 1829 1363 1846 α
1373 1820 1511 1855 juventute
1535 1829 1602 1848 mea.
1619 1821 1718 1849 Verum
1735 1823 1764 1850 in

971 1864 1115 1899 iuventute
1130 1872 1190 1896 sua,
1208 1872 1271 1892 cum
1289 1865 1410 1900 alioquin
1428 1873 1442 1892 a
1457 1866 1587 1901 Josepho,
1619 1868 1666 1902 qui
1686 1871 1764 1902 pater

973 1910 1033 1945 ejus
1045 1917 1106 1938 esse
1124 1910 1282 1945 putabatur,
1294 1914 1321 1938 et
1336 1918 1351 1937 a
1367 1915 1453 1938 matre
1471 1919 1520 1939 sua
1538 1913 1687 1939 secundum
1702 1921 1764 1940 car-

974 1963 1047 1987 nem,
1062 1955 1234 1986 educaretur.
1252 1963 1356 1991 pauper
1380 1957 1452 1984 inter
1481 1965 1614 1992 pauperes
1638 1963 1714 1992 erat;
1736 1963 1764 1986 et

974 2009 1036 2028 cum
1052 2002 1200 2029 secundum
1218 2002 1296 2029 aliam
1310 2003 1392 2029 vitam
1404 2010 1481 2030 suam
1495 2003 1571 2031 dives
1583 2008 1666 2037 esset,
1676 2005 1762 2032 nostri

974 2054 1057 2074 causa
1079 2047 1158 2082 inops
1172 2047 1285 2075 ell‘ectus
1298 2051 1350 2078 est.
1367 2052 1397 2074 ut
1412 2056 1462 2076 nos
1478 2048 1538 2083 ejus
1555 2048 1647 2084 inopia
1664 2050 1764 2079 divites

974 2100 1107 2121 essemus.
1123 2093 1190 2121 Cum
1206 2100 1288 2128 porro
1304 2092 1413 2120 demum
1435 2094 1558 2129 prodigia
1571 2098 1598 2122 et
1613 2094 1660 2122 Dei
1678 2096 1764 2123 virtu-

975 2143 1015 2165 tes
1029 2138 1124 2169 ellens.
1141 2138 1276 2166 exaltatus
1287 2142 1340 2170 est.
1349 2143 1375 2166 et
1390 2146 1438 2174 per
1448 2139 1604 2173 passionem
1621 2147 1698 2168 suam
1710 2141 1764 2169 cle-

974 2188 1065 2216 vatus,
1080 2182 1238 2212 humiliatus
1253 2189 1305 2212 est.
1322 2183 1412 2218 Quare
1422 2185 1529 2213 dicebat
1546 2195 1552 2213 ε
1569 2185 1644 2213 Sicut
1658 2186 1763 2223 Moyses

975 2229 1104 2256 exultavit
1129 2234 1273 2264 serpentem
1294 2230 1322 2256 in
1338 2230 1452 2263 deserto,
1468 2231 1508 2257 ita
1532 2232 1647 2258 ezaltari
1664 2238 1765 2267 oportet

977 2271 1078 2299 Filium
1091 2273 1206 2301 hominis
1216 2274 1244 2308 ⁵;
1260 2282 1291 2302 ac
1303 2283 1424 2308 rursum,
1439 2276 1506 2303 Cum
1520 2277 1699 2304 exattaveritis
1717 2277 1764 2305 Fi-

976 2318 1041 2345 lium
1063 2318 1187 2353 hominis,
1214 2324 1275 2347 tunc
1299 2322 1459 2355 cognoscetis
1485 2322 1547 2356 quia
1563 2330 1609 2358 ego
1621 2323 1712 2356 sumi;
1736 2324 1764 2351 in

977 2366 1103 2399 praesenti
1119 2373 1184 2393 vero
1198 2366 1244 2398 ait,
1255 2365 1399 2393 Εεοίιοιιιε
1420 2372 1519 2399 autem,
1532 2368 1689 2396 humiliatus
1704 2379 1764 2397 sum

975 2416 1001 2438 et
1022 2413 1169 2446 perplexas.
1193 2412 1262 2439 Illud
1281 2417 1386 2445 autem,
1406 2412 1458 2440 Per
1485 2422 1525 2440 me
1546 2419 1764 2448 prtetermearuru

977 2458 1025 2484 ire
1054 2462 1116 2489 tum,
1145 2458 1294 2485 secundum
1322 2457 1591 2494 Symmachum;vel
1612 2462 1764 2490 secundum

976 2503 1112 2537 Aquilam,
1132 2502 1215 2536 Super
1226 2511 1266 2530 me
1275 2504 1459 2538 praeterierunt
1471 2505 1518 2533 ira:
1531 2511 1594 2539 tute,
1607 2507 1649 2534 vel
1663 2515 1763 2536 secun-

976 2548 1040 2574 dum
1057 2547 1137 2579 LXX,
1158 2548 1190 2575 lu
1202 2557 1243 2575 me
1256 2550 1418 2576 transierunt
1435 2551 1483 2577 ira
1497 2555 1558 2581 tua.
1574 2552 1648 2580 clare
1658 2552 1765 2581 denun-

978 2596 1038 2627 tiat,
1056 2602 1110 2622 non
1133 2594 1160 2622 in
1178 2595 1224 2622 illo
1254 2596 1422 2628 constitisse,
1440 2597 1486 2624 sed
1513 2605 1560 2632 per
1581 2606 1643 2625 eum
1654 2605 1766 2634 praeter-

979 2639 1058 2672 iisse;
1095 2647 1184 2675 neque
1201 2641 1321 2671 stetisse.
1339 2640 1386 2668 sed
1404 2642 1557 2670 transiisse.
1577 2643 1644 2671 Illud
1661 2649 1764 2677 autem,

978 2685 1197 2713 conturbauerunt
1215 2695 1265 2719 me,
1286 2687 1439 2715 secundum
1461 2687 1544 2721 LXX,
1562 2689 1627 2716 huic
1642 2689 1765 2725 Evange-

979 2732 1078 2759 liorum
1099 2731 1172 2759 dicto
1190 2732 1282 2761 simile
1303 2737 1346 2760 est
1362 2742 1369 2761 :
1385 2732 1463 2760 Nune
1478 2735 1568 2762 animo
1581 2743 1638 2762 mea
1656 2736 1764 2763 turbata

979 2783 1017 2805 est
1025 2778 1052 2810 ’ς
1064 2781 1101 2811 et,
1126 2777 1222 2805 Tristis
1236 2783 1274 2806 est
1287 2779 1376 2806 anima
1386 2788 1443 2807 mea
1455 2788 1535 2816 usque
1546 2780 1581 2807 ad
1591 2785 1714 2808 mortem'
1725 2786 1765 2811 :et

717 2857 738 2895 ξ·
760 2856 853 2895 Matth.
874 2866 923 2884 xxv

973 2859 1016 2885 59.
1055 2860 1065 2874 ³
1085 2858 1214 2895 ὶιιίιΙίιιὶ.
1253 2859 1263 2874 ⁴
1284 2858 1379 2888 Matth.
1398 2868 1439 2892 xu,
1456 2860 1502 2887 ἐξ).
1541 2861 1552 2876 ⁸
1571 2859 1671 2895 Philip.
1692 2862 1763 2894 ",6.

147 2891 173 2920 'i.
209 2892 220 2908 ⁸
238 2890 317 2919 Joau.
336 2899 383 2922 In,
404 2891 445 2917 Μ.
483 2891 492 2906 ⁷
511 2890 588 2917 Joan.
607 2899 673 2923 VIII,
690 2891 733 2918 28.
772 2893 782 2907 ⁸
802 2891 880 2920 Joun.
900 2902 923 2921 XI

973 2895 1016 2921 9.7.
1055 2895 1066 2909 ’
1087 2894 1179 2921 Matth.
1199 2902 1280 2927 χχι-ι,
1301 2895 1343 2921 58.

286 2939 419 2969 ΡΑτιιοι..
437 2938 495 2969 (la.
519 2938 637 2969 XXIII.

1586 2941 1626 2971 3's

1587 2999 1597 3009 4
