2032 3215
148 177 218 205 1069

729 181 981 213 (.‘OMMENTARIA
1001 186 1035 213 IN
1053 186 1223 215 PSALMOS.
1250 177 1274 217 8
1289 172 1311 209 ‘3

1703 193 1772 221 1070

147 234 321 269 φοϐερισμοί
337 243 394 263 σου
409 236 594 272 ἐξετάραξάν
604 247 652 274 με.
676 239 761 276 Ὁρῶν
777 241 805 269 δὲ
823 244 916 280 μακρά

983 250 1022 272 tos
1052 255 1122 274 meos
1150 256 1166 274 a
1194 247 1311 275 miseria.
1327 247 1431 276 Iudicat
1446 253 1536 277 autem
1552 257 1600 278 eos
1616 251 1643 278 lu
1658 250 1771 280 Judaica

147 279 329 312 ἐκπίπτοντας
344 280 393 316 τῆς
418 281 464 308 τοῦ
487 282 554 309 Θεοῦ
578 285 714 321 σωτηρίας
733 287 796 319 τοὺς
810 288 880 323 ὑπὲρ
894 285 932 315 ὧν

146 324 195 356 τὰς
211 325 294 360 εὐχὰς
309 326 426 354 ἐποιεῖτο
443 328 586 363 φιλτάτους
605 330 684 363 ὄντας
701 332 782 359 αὐτοῦ
804 334 852 360 καὶ
867 334 932 368 ἀγα-

145 372 248 405 πητοὺς
262 371 307 398 διὰ
319 373 381 405 τοὺς
394 375 525 410 πατέρας,
548 375 653 411 ἔλεγεν·
677 378 863 413 Ἐμάκρυνας
880 381 930 407 ἀπ’

142 416 217 450 ἐμοῦ
231 417 323 451 φίλον
335 420 384 446 καί
402 421 544 454 πλησίον,
558 423 607 449 καὶ
622 424 693 457 τοὺς
707 427 860 460 γνωστούς
870 436 929 463 μου

142 462 202 489 ἀπὸ
219 464 429 499 ταλαιπωρίας.
451 467 532 502 Δηλοῖ
550 467 579 494 δὲ
598 469 659 502 τοὺς
670 471 698 497 ὲν
712 471 751 508 τῷ
770 472 840 499 ἔθνει

144 509 224 555 nobs
234 509 312 542 ὂντας
324 511 406 538 αὑτοῦ
422 513 552 550 πρότερον
564 516 611 542 καὶ
620 516 712 551 φίλους
720 526 726 532 ·
744 519 805 545 ἐπεὶ
819 520 865 546 καὶ
882 520 929 555 μέ·-

143 563 189 601 ρος
201 553 272 591 ἦσαν
285 557 367 584 αὐτοῦ
385 560 432 586 καὶ
448 560 613 598 κληρονομία
623 571 630 578 ·
647 563 704 590 ἀλλ’
718 553 927 601 ἐμακρύνοησαν

142 600 251 636 ἀληθῶς
272 603 319 630 ἀπ’
342 604 423 632 αὐτοῦ
448 605 492 633 διὰ
519 607 568 644 τῆς
588 608 692 636 ἑαυτῶν
709 611 856 643 ἀπιστίας”
870 600 927 639 γκαὶ

141 646 225 693 πάλαι
250 648 325 682 ὄντες
349 650 433 684 φίλοι,
460 653 574 689 ἐχθροὺς
596 655 709 688 ἑαυτοὺς
735 657 925 693 κατέστησαν·

986 296 1065 326 gente
1076 293 1123 328 qui
1138 293 1242 328 pridem
1253 294 1314 320 uoti
1332 294 1382 322 sibi
1394 299 1420 322 et
1430 296 1509 323 amici
1520 300 1624 330 essent,
1641 298 1771 332 quoniam

985 337 1076 372 portio
1089 342 1117 365 et
1132 338 1278 366 haereditas
1301 338 1388 373 ipsius
1405 344 1493 372 erant,
1513 341 1560 368 sed
1576 343 1610 368 ob
1626 349 1704 369 suam
1725 343 1770 370 in-

984 382 1173 411 credulitatem
1188 392 1253 412 vere
1265 385 1359 419 procul
1377 385 1411 412 ab
1423 393 1456 413 eo
1472 386 1569 414 remoti
1585 391 1666 421 sunt;
1683 391 1710 415 et
1722 388 1770 423 qul

984 429 1048 456 olim
1059 430 1140 457 amici
1159 429 1277 463 fuerant,
1292 438 1352 458 sese
1364 431 1491 459 inimicos
1509 433 1728 468 constituerunt;
1743 438 1771 462 et

983 481 1045 502 cum
1065 475 1123 502 noti
1137 475 1197 510 ejus
1217 480 1324 508 essent,
1343 476 1497 504 venientem
1512 478 1601 512 ipsum
1615 486 1667 505 non
1684 486 1770 506 nove-

981 523 1056 554 runt,
1069 528 1157 555 neque
1172 525 1362 555 susceperunt.
1381 520 1502 554 Quorum
1516 523 1636 550 omnium
1653 531 1737 552 causa
1754 532 1769 551 a

982 564 1036 593 Deo
1059 566 1139 601 longe
1160 566 1225 593 facti
1242 570 1317 599 sunt,
1334 566 1370 594 ob
1383 566 1520 594 miseriam
1536 568 1662 597 videlicet
1678 577 1767 606 suam.

982 610 1028 639 Sic
1043 612 1127 648 igitur
1136 620 1151 639 a
1163 612 1217 639 Deo
1229 613 1389 641 exciderunt
1405 614 1554 642 secundum
1566 615 1631 642 illud
1642 616 1745 643 dictum
1759 625 1766 644 :

980 657 1113 691 Quoniam
1123 659 1168 694 qui
1182 659 1305 694 elongant
1321 668 1348 687 se
1368 669 1384 687 a
1399 665 1423 688 le
1435 662 1555 696 peribunt
1565 662 1597 690 η.
1613 661 1702 697 Atque
1714 663 1768 690 huc

139 691 188 717 καὶ
201 694 317 726 γνωστοὶ
335 696 514 732 τυγχάνοντες
533 699 625 733 αὑτοῦ,
649 701 761 729 ἐλθόντα
781 703 862 730 αὐτὸν
875 705 916 730 οὐ)

978 705 1108 733 desinunt
1120 691 1217 741 psalmi
1227 691 1359 733 filiorum
1374 691 1441 734 Core
1455 708 1590 743 inscripti.

138 737 298 790 ἐπέγνωσαν
308 762 315 774 ν
342 743 402 770 οὐδὲ
426 745 617 782 παρεδέξαντο.
641 745 692 775 Ὧν
716 749 797 777 ἕνεκα
819 751 926 778 πάντων
945 753 993 779 καὶ
1007 752 1061 779 ἀπὸ
1075 753 1122 779 τοῦ
1145 753 1212 780 Θεοῦ
1227 753 1438 789 ὲμακρύνθησαν
1451 754 1484 781 δι’
1496 755 1585 782 αἰτίαν
1599 755 1650 790 τῆς
1665 755 1768 783 ἑαυτῶν

138 783 334 822 ταλαιπωρίας.
368 788 446 816 Οὕτω
476 790 498 817 δ’
535 790 582 819 οὖν
608 794 654 820 καὶ
684 796 877 823 ὲκπεπτώκασι
905 798 951 824 τοῦ
971 797 1038 825 Θεοῦ
1054 798 1125 826 κατὰ
1138 799 1168 826 τὺ
1196 799 1299 834 φάσκον
1316 800 1416 834 λόγιον,
1436 800 1495 827 ὀτι
1516 802 1544 828 οί
1562 802 1768 836 μακρύνοντες

137 831 264 867 ἑαυτοὺς
293 835 352 862 ἀπὸ
376 837 435 864 σοῦ
452 839 645 868 ἀπολοῦνται.
662 843 717 870 Καὶ
737 845 777 876 είς
795 844 874 872 τοῦτο
895 847 1092 883 καταλήγουσιν
1110 849 1134 874 oi
1153 831 1387 884 ἐπιγεγραμμένοι
1408 848 1462 875 τῶν
1480 848 1554 876 υἱῶν
1562 831 1638 884 Πορέ
1653 831 1765 886 ψαλμοίί

209 903 384 934 ΣΥΝΕΣΕΩΣ
402 908 506 937 ΔΙΘΑΝ
526 910 569 947 Ti}
588 911 763 949 ΕΣΔΡΔΙΤῌ.
788 914 854 943 Ilﬂ'.

174 973 212 1000 Τὰ
229 974 299 1009 ὲλέη
315 976 368 1003 τοῦ
381 978 492 1012 Κυρίου
508 981 551 1013 είς
569 981 622 1008 τὸν
633 982 724 1011 αἰῶνα
737 983 855 1020 ᾄσομαι.
874 987 924 1020 me

135 1021 243 1054 γενεὰν
264 1022 314 1049 καί
333 1024 442 1058 γενεὰν
461 1026 620 1062 ἀπαγγελῶ
632 1029 691 1063 τὴν
710 1031 855 1066 ἀλήθειάν
866 1041 924 1060 σου

134 1066 169 1092 ἐν
181 1066 221 1099 τῷ
241 1068 368 1103 στόματί
383 1079 452 1104 μου,
463 1072 570 1110 Ἐπειδὴ
585 1074 686 1109 προῖὼν
697 1075 760 1111 ἑξῆς
775 1077 866 1112 μέλλει
879 1078 923 1105 λέ-

133 1120 210 1147 γειν·
228 1115 291 1142 Ποῦ
309 1117 368 1143 εισι
387 1117 423 1144 τὰ
442 1118 511 1153 ἐλέη
532 1127 591 1146 σου
609 1120 645 1147 τὰ
661 1121 778 1156 ἀρχαῖα,
795 1124 892 1158 Κύριε,
904 1124 923 1152 d

132 1158 254 1205 ῶμοσας
263 1159 302 1192 τῷ
312 1161 403 1188 Δαυῖδ
412 1163 447 1189 ὲν
457 1163 493 1198 τῇ
504 1165 628 1199 ἀληθείᾳ
639 1174 713 1199 σου;
723 1169 923 1205 προθεραπεύει

132 1203 274 1252 τὸ-μέλλον
290 1207 456 1244 ῥηθήσεσθαι
469 1210 512 1237 διὰ
524 1211 579 1238 τῶν
596 1203 794 1249 προχειμένῶν,
809 1203 921 1252 δυνάμει

131 1249 211 1298 toxico
224 1250 336 1298 λέγων·
358 1254 389 1280 Ei
407 1255 454 1284 καὶ
475 1256 509 1283 τὰ
531 1257 687 1293 ἀνθρώπινα
711 1261 860 1296 πράγματα
872 1249 921 1298 τὴν

131 1296 202 1330 ἐμὴν
216 1296 304 1332 ψυχὴν
317 1298 357 1329 εἰς
369 1299 522 1335 ἀμηχανίαν
533 1302 685 1338 ἐμϐαλόντα
702 1306 839 1342 ταράττει,
850 1296 921 1341 ἴλιγ-

131 1342 179 1376 γόν
193 1343 224 1369 τέ
239 1353 284 1379 μοι
302 1345 349 1372 καὶ
361 1346 478 1384 ἀπορίαν
493 1348 610 1383 ἐμποιεῖ,
625 1350 679 1377 τῶν
695 1351 759 1383 σῶν,
779 1349 803 1379 ὦ
823 1353 919 1390 Κύριε,

131 1389 283 1437 τιριμάτων,
299 1390 337 1422 ὡς
350 1391 456 1437 μέλλειν
474 1395 570 1429 μικρὸν
583 1395 694 1433 ὕστερον
708 1398 863 1437 ἀποτολμᾷν
874 1401 920 1428 καὶ

130 1435 252 1482 ἀπορεῖν,
267 1437 337 1474 ὑπὲρ
359 1435 396 1465 ὧν
421 1439 453 1466 σὺ
475 1440 525 1475 μὲν
545 1441 560 1467 ὁ
580 1442 698 1479 ἀψευδὴς
707 1444 773 1477 Θεὸς
791 1435 860 1482 πρὸς
874 1447 919 1474 τὸν

129 1480 212 1508 Δαυῖδ
225 1482 396 1516 ἐπαγγελιῶν
406 1485 553 1521 πεποίησαι
564 1495 570 1500 ·
582 1487 710 1516 τάναντία
721 1489 750 1517 δὲ
762 1480 918 1528 συμϐέϐηκε

128 1528 190 1559 ταῖς
207 1529 267 1560 σαῖς
285 1529 464 1564 ὑποσχέσεσιυ
480 1531 521 1558 διὸ
544 1533 591 1559 καὶ
613 1534 703 1569 μέλλω
726 1536 815 1572 λέγειν
827 1546 835 1553 ·
855 1539 917 1566 Ποῦ

128 1574 188 1600 εισι
200 1574 236 1601 τὰ
254 1574 324 1609 ὲλέη
335 1583 393 1602 σου
405 1577 440 1604 τὰ
457 1577 574 1612 ἀρχαῖα,
589 1580 695 1614 Κύριε;
708 1582 764 1608 ἀλλ’
781 1584 855 1619 ὅμως
870 1594 918 1612 πε-

128 1619 285 1657 πεισμένος.
298 1621 338 1647 ὃτι
355 1622 392 1658 μὴ
404 1622 577 1658 διαψεύσεταί
594 1634 639 1653 σου
655 1628 670 1663 ἠ
687 1628 846 1663 ἐπαγγελία,
858 1631 918 1659 οὐδὲ

127 1665 295 1693 διαπεσεῖται
312 1668 327 1703 ἡ
343 1667 390 1694 τοῦ
406 1668 453 1695 σοῠ
470 1669 548 1704 λόγου
559 1671 681 1709 ἀλήθεια,
700 1675 842 1709 προλαϐὼν
855 1678 918 1709 τοὺς

129 1712 276 1747 μέλλοντας
296 1714 326 1747 ἐξ
345 1715 518 1752 ἀνθρωπίνης
533 1717 675 1751 ἀσθενείας
688 1720 853 1757 ῥηθήσεσθαί
871 1733 917 1759 μοι

126 1758 232 1794 λόγους,
247 1760 296 1796 τὴν
308 1762 429 1796 ἐμαυτοῦ
441 1763 531 1791 πίστιν
541 1765 588 1791 καὶ¹
599 1766 628 1791 τὸ
641 1766 751 1799 εὐσεϐὲς
769 1770 819 1804 τῆς
831 1758 916 1805 ἐμαυ-

125 1804 173 1831 τοῦ
198 1805 311 1842 γνώμης
332 1809 583 1845 προασφαλίςομαι·
609 1811 649 1838 διό
675 1820 760 1848 φημι·
788 1815 826 1841 Τὰ
845 1804 915 1850 iam

124 1858 194 1883 σου,
206 1851 303 1885 Κύριε,
319 1854 363 1886 εἰς
376 1853 429 1880 τὸν
438 1854 531 1882 αἰῶνα
542 1854 661 1891 ᾄσομαι.
679 1858 715 1885 Οὐ
737 1859 790 1897 γὰρ
808 1860 855 1887 νῦν
868 1861 916 1896 μό-

125 1904 180 1928 νον,
196 1896 240 1923 ὅτε
250 1898 337 1926 ταῦτα
352 1899 426 1928 λαλῶ
441 1901 486 1928 καὶ
502 1902 665 1938 φθέγγομαι,
678 1903 711 1930 τὰ
725 1896 787 1941 ὲλέη
799 1906 847 1933 τοῦ
860 1908 915 1934 Κυ-

125 1942 184 1978 ρίου
196 1943 307 1981 ᾇσομαι,
324 1946 392 1974 ἀλλὰ
406 1948 453 1974 καὶ
474 1949 504 1975 ἐν
519 1951 576 1982 τοῖς
601 1950 837 1988 σκυθρωποτέρας
853 1962 914 1981 και-

125 1990 192 2024 ροῖς,
204 1991 251 2018 καὶ
265 1992 294 2018 ὲν
303 1992 394 2026 αὐτοῖς
407 1994 520 2027 ἐκείνοις
534 1996 566 2023 δι’
576 1996 622 2029 οὓς
635 1998 723 2033 μέλλω
737 1998 825 2033 λέγειν
835 2007 842 2013 ⁸
852 1999 914 2027 Ποῦ

123 2036 182 2062 εισι
203 2036 239 2063 τὰ
258 2037 328 2072 ἐλέη
346 2046 404 2066 σου
415 2040 451 2066 τὰ
463 2040 581 2075 ἀρχαῖα,
594 2044 698 2077 Κύριε;
713 2044 767 2071 Καὶ
784 2045 843 2071 τότε
860 2045 914 2082 γὰρ

123 2081 169 2108 καὶ
192 2082 232 2113 εἰς
254 2082 299 2110 τὸν
320 2084 389 2118 μετὰ
407 2085 494 2112 ταῦτα
509 2088 613 2123 χρόνον,
630 2089 677 2115 καὶ
695 2089 739 2117 διὰ
753 2091 853 2123 παντὸς
865 2091 913 2119 τοῦ

122 2125 220 2159 αξῶνος
238 2127 268 2153 οὐ
289 2128 428 2164 παύσομαι
454 2130 579 2167 ἁνυμνῶν
599 2133 634 2161 τὰ
650 2134 712 2170 ἐλέη
735 2144 793 2168 σου,
815 2136 911 2173 Κύριε,

122 2170 245 2218 ακριϐῶς
261 2172 347 2206 εἰδὼς,
367 2175 408 2203 ὃτι
419 2195 427 2207 ,
442 2176 514 2210 ἅπαξ
525 2178 755 2214 ἐπαγγειλάμενος
770 2181 817 2213 τὰς
833 2170 912 2218 ἐντῷ

121 2215 220 2264 φαλμῷ
233 2219 413 2264 προφητείας,
431 2221 462 2250 οὐ
474 2221 638 2257 διαψεύσεις,
654 2224 701 2251 ἆτε
712 2225 779 2258 Θεὸς
796 2226 833 2253 ῶν
849 2215 911 2264 ἁλη-

124 2261 184 2298 θής.
193 2263 295 2300 Διόπερ
302 2264 333 2291 οὺ
343 2265 422 2300 μόνον
433 2267 534 2304 τὰὲλέη
547 2277 604 2301 σου,
615 2270 710 2305 Κύριε,
723 2272 763 2303 είς
772 2272 817 2299 τὸν
824 2261 910 2301 αἰῶνα

121 2307 233 2343 ᾄσομαι,
250 2309 317 2337 ἀλλὰ
330 2312 376 2338 καὶ
388 2312 437 2348 τὴν
450 2313 577 2348 ἀλήθειάν
593 2323 640 2341 σου
656 2316 716 2344 καθ’
732 2317 850 2354 ἑκάστην
863 2327 910 2353 γε·

120 2353 183 2381 νεὰν
197 2355 355 2391 ἀπαγγελῶ.
369 2357 400 2383 El
412 2358 466 2394 γὰρ
480 2359 525 2388 καὶ
537 2359 571 2386 τὰ
589 2360 705 2396 μάλιστα
722 2363 832 2393 τοιαῦτά
849 2373 910 2393 τινα.

121 2399 224 2434 μεταξὺ
237 2402 391 2437 γενήσεται,
407 2403 444 2436 ὡς
462 2404 544 2437 δοκεῖ,
564 2406 671 2434 ἐναντία
685 2409 745 2440 ταῖς
762 2411 821 2441 σαῖς
841 2410 910 2446 πρὸς

118 2445 165 2471 τὸν
185 2446 266 2473 Δαυῖδ
286 2448 462 2483 ἐπαγγελίαις
478 2451 646 2486 συμϐαίνειν,
666 2453 734 2481 ἀλλὰ
754 2456 801 2483 καὶ
823 2445 909 2488 οὕτως

119 2490 175 2525 ἐγὼ
192 2491 373 2525 πεπίστευκα,
390 2496 437 2523 καὶ
450 2496 558 2532 ἀληθῶς
583 2498 702 2534 ἐμαυτὸν
724 2500 850 2534 πέπεικα,
868 2503 909 2530 ὅτι

117 2535 172 2563 τῶν
185 2537 272 2571 λόγων
287 2547 344 2571 σου,
359 2537 382 2566 ὧ
397 2541 493 2576 Κύριε,
512 2544 527 2578 ἡ
544 2543 657 2580 ἀλήθεια
673 2546 798 2575 οὐδέποτε
815 2547 906 2576 διαπε-

118 2582 214 2628 σεῖται.
241 2583 341 2620 Διόπερ
365 2586 410 2612 τὸν
432 2588 521 2615 πάντα
540 2598 589 2624 μου
606 2590 700 2628 χρόνον
715 2591 765 2627 τῆς
781 2593 854 2628 ζωῆς
874 2594 904 2620 οὐ

117 2627 258 2663 παύσομαι
273 2630 302 2655 ὲν
316 2630 355 2665 τῷ
369 2631 482 2669 στόματί
496 2642 546 2670 μου
557 2635 606 2671 τὴν
619 2635 747 2672 ἀλήθειάν
758 2645 804 2664 σου
817 2627 904 2673 ἀπαγ-

117 2673 229 2707 γέλλων.
240 2675 319 2703 Ἀλλὰ
329 2678 375 2704 καὶ
386 2679 550 2716 παραδιδοὺς
560 2683 593 2717 τῇ
608 2683 727 2718 ἐμαυτοῦ
738 2687 830 2721 γραφῇ
841 2686 905 2712 ταύ-

116 2728 165 2755 την
182 2722 337 2756 καταλείψω
355 2726 410 2756 τοῖς
431 2728 680 2764 μεταγενεστέροις,
694 2731 734 2762 είς
749 2731 780 2757 τὸ
794 2731 840 2758 καὶ
857 2732 905 2758 αὐ-

115 2767 178 2798 τοὺς
193 2767 365 2797 διδάσκεσθαι
383 2779 413 2797 τε
428 2772 473 2797 καὶ
494 2773 638 2807 μανθάνειν
649 2775 749 2811 ὁμοίως
766 2777 826 2812 ἐμοὶ
843 2777 904 2804 καθ’

117 2813 235 2858 ἑκάστην
250 2816 346 2849 γενεὰν
358 2817 406 2852 τὴν
422 2818 549 2854 ἀλήθειάν
566 2829 611 2848 σου
633 2821 677 2849 διὰ
699 2822 831 2858 στόματος
856 2824 904 2858 φέ-

154 2891 177 2908 ¹⁸
191 2892 264 2921 Psal.
282 2897 373 2928 Lxxu‘,
390 2894 435 2924 27.

941 935 962 963 Β

932 1612 954 1641 C

979 915 1003 943 l.
1016 915 1254 945 INTELLECTUS
1265 916 1394 946 [ETHAN
1408 917 1602 947 EZRAlT/E.L
1621 918 1764 950 XXXVIII.

1012 982 1095 1011 Vsus.
1117 983 1144 1010 2.
1166 983 1366 1011 Misericordias
1381 984 1488 1012 Domini
1508 985 1534 1011 in
1551 990 1677 1013 aeternum
1701 995 1765 1014 can-

975 1029 1047 1057 tabo.
1068 1029 1101 1057 In
1120 1031 1316 1066 generationem
1337 1035 1362 1057 et
1384 1031 1577 1066 generationem
1601 1032 1764 1059 annuntiabo

975 1077 1109 1104 veritatem
1125 1081 1196 1103 luam
1211 1077 1238 1104 in
1251 1085 1295 1103 ore
1310 1085 1375 1104 meo.
1392 1077 1526 1110 Quoniam
1542 1078 1569 1105 in
1585 1079 1763 1113 sequentibus

974 1122 1097 1150 dicturus
1121 1126 1174 1153 est,
1198 1121 1248 1148 Ubi
1263 1125 1325 1149 sunt
1350 1121 1539 1149 misericordiie
1560 1126 1613 1149 tum
1635 1122 1760 1157 antiquis.

973 1168 1095 1201 Domine,
1112 1176 1178 1203 quas
1187 1168 1290 1203 jurain
1304 1167 1390 1195 David
1406 1169 1433 1194 in
1447 1168 1554 1195 veritate
1566 1169 1631 1196 tua?
1649 1168 1683 1196 iis
1701 1176 1762 1204 qua:

974 1218 1068 1250 postea
1093 1214 1214 1250 proferet
1238 1214 1295 1249 jam
1319 1214 1487 1249 respondere
1507 1215 1661 1246 antevertit,
1686 1223 1719 1243 ac
1737 1215 1760 1242 si

973 1261 1076 1288 diceret
1091 1269 1098 1288 :
1115 1260 1230 1288 Etiamsi
1241 1261 1366 1288 humanae
1380 1268 1425 1288 res
1435 1260 1553 1287 animam
1566 1269 1653 1289 meam
1670 1261 1697 1288 in
1711 1269 1761 1288 an-

972 1306 1090 1342 gustiam
1110 1310 1137 1333 et
1152 1305 1349 1333 dubitationem
1374 1306 1525 1341 conjiciant
1540 1314 1572 1333 ac
1588 1307 1759 1341 perturbent,

972 1353 1142 1388 caligineque
1167 1360 1210 1379 me
1236 1356 1263 1379 et
1291 1351 1463 1379 haesitatione
1489 1351 1608 1379 alliciant
1632 1352 1669 1380 ob
1691 1356 1758 1384 tua,

972 1406 988 1425 ο
1000 1397 1123 1430 Domine,
1142 1397 1264 1432 judicia;
1282 1398 1319 1424 ita
1334 1402 1364 1425 ut
1379 1405 1442 1424 mox
1457 1398 1634 1433 quaestionem
1650 1406 1760 1426 movere

971 1445 1059 1472 ausim
1072 1444 1105 1471 de
1124 1444 1278 1479 promissis,
1293 1452 1355 1479 quze
1369 1447 1399 1471 tu
1418 1443 1490 1472 Deus
1511 1443 1644 1471 mendacii
1659 1452 1758 1480 expers

970 1489 1065 1518 Davidi
1083 1490 1200 1523 dedisti;
1217 1493 1244 1517 et
1259 1493 1352 1516 tamen
1366 1489 1612 1524 pollicitationibus
1624 1490 1679 1517 luis
1692 1499 1759 1518 con—

970 1536 1054 1563 traria
1077 1536 1244 1568 acciderunt,
1267 1535 1445 1570 quamobrem
1470 1535 1595 1563 dicturus
1616 1543 1689 1569 sum,
1708 1536 1759 1564 Ubi

969 1587 1032 1609 sunt
1054 1581 1243 1609 misericordia:
1259 1586 1311 1609 tua:
1328 1582 1455 1617 antiquw,
1472 1581 1603 1610 Domine?
1618 1587 1759 1610 verumta-

971 1637 1032 1658 men
1052 1633 1145 1656 certus
1160 1629 1370 1664 promissionem
1393 1633 1466 1655 tuam
1481 1635 1535 1655 non
1560 1629 1665 1656 irritam
1686 1629 1755 1662 fore,

969 1683 1058 1711 neque
1078 1675 1212 1704 sermonis
1236 1675 1275 1702 tui
1297 1675 1438 1702 veritatem
1455 1674 1593 1709 lapsuram
1609 1683 1681 1708 esse,
1697 1684 1757 1704 ser-

969 1729 1065 1749 mones
1081 1729 1150 1757 quos
1165 1729 1197 1750 ex
1214 1722 1333 1749 humana
1350 1721 1505 1749 inﬁrmitate
1520 1722 1677 1757 prolaturus
1696 1730 1756 1750 sum

968 1772 1151 1804 przevertens,
1179 1768 1260 1795 ﬁdem
1287 1775 1375 1795 meam
1404 1771 1432 1795 et
1455 1768 1584 1803 pietatem
1614 1769 1758 1796 sententias

967 1823 1034 1843 mea:
1055 1815 1133 1851 prius
1154 1814 1294 1850 proﬁteor,
1317 1822 1349 1841 ac
1367 1814 1439 1847 dico,
1459 1814 1666 1842 Misericordiae
1683 1820 1754 1847 tuas,

967 1861 1088 1893 Domine,
1104 1862 1131 1887 in
1146 1866 1273 1888 aiternum
1288 1860 1411 1888 cantabo.
1428 1860 1487 1887 Non
1501 1862 1573 1888 enirn
1596 1869 1669 1888 nunc
1684 1861 1756 1889 dun-

966 1911 1053 1939 taxat,
1074 1915 1137 1935 eum
1160 1907 1218 1934 haec
1241 1907 1338 1942 loquor
1363 1911 1390 1934 et
1410 1906 1531 1942 profero,
1549 1907 1763 1935 misericordias-

965 1952 1075 1980 Domini
1088 1953 1215 1985 cantabo,
1231 1960 1326 1980 verum
1341 1954 1423 1980 etiam
1445 1954 1474 1980 in
1492 1954 1665 1982 tristioribus
1682 1958 1753 1982 tem-

965 1999 1088 2035 poribus,
1105 2000 1133 2026 iu
1150 1999 1218 2034 ipsis
1230 1999 1359 2026 videlicet
1372 1999 1453 2034 queis
1468 2000 1594 2028 dicturus
1608 2007 1681 2032 sum,
1703 2000 1753 2028 Ubi

964 2050 1026 2073 sunt
1041 2045 1228 2073 misericordiae
1239 2050 1291 2073 tace
1307 2046 1432 2081 antiquis,
1448 2046 1578 2074 Domine?
1591 2047 1670 2074 Tunc
1679 2047 1751 2074 enim

963 2094 990 2118 et
1007 2091 1081 2117 omni
1092 2091 1216 2126 sequenti
1233 2095 1366 2126 tempore,
1381 2091 1437 2119 imo
1451 2099 1500 2127 per
1511 2099 1593 2120 omne
1609 2094 1750 2127 saeculum,

963 2143 1017 2163 non
1031 2135 1110 2164 ﬁnem
1122 2137 1219 2164 iaciam
1233 2137 1388 2164 celebrandi
1404 2138 1609 2167 misericordias
1617 2143 1688 2172 tuas,
1699 2139 1762 2174 Do-,

962 2183 1054 2210 mine:
1068 2182 1152 2217 probe
1166 2183 1256 2211 sciens
1269 2187 1306 2216 te,
1324 2183 1434 2218 quando
1449 2185 1533 2212 semel
1547 2192 1579 2212 ea
1593 2185 1621 2212 in
1633 2187 1751 2221 prophe-

962 2227 1000 2254 tia
1024 2229 1120 2263 psalmi
1140 2229 1279 2264 pollicitus
1299 2237 1340 2261 es,
1364 2237 1419 2257 non
1441 2230 1517 2257 irrita
1544 2231 1589 2258 illa
1613 2231 1748 2259 facturum

960 2282 1032 2308 esse,
1045 2279 1139 2310 utpote
1154 2274 1238 2302 Deum
1253 2283 1388 2303 veracem.
1403 2275 1586 2308 Quamobrem
1601 2284 1655 2303 non
1666 2277 1761 2312 modo,

961 2320 1165 2348 misericordias
1182 2326 1255 2353 tuas,
1273 2321 1398 2353 Domine.
1416 2321 1443 2349 in
1467 2325 1598 2350 atternum
1619 2323 1748 2358 cantabo,

961 2366 1009 2394 sed
1030 2367 1112 2394 etiam
1127 2367 1269 2395 veritatem
1292 2371 1368 2395 tuam
1391 2375 1440 2403 per
1458 2368 1581 2403 singulas
1596 2370 1751 2404 generatio-

961 2419 1010 2439 nes
1021 2412 1202 2439 annuntiabo.
1219 2412 1278 2439 Etsi
1296 2412 1368 2439 enim
1388 2413 1479 2448 aliqua
1495 2413 1603 2440 interim
1618 2418 1749 2442 eventura

960 2458 1026 2490 sint,
1043 2466 1103 2493 qum
1116 2458 1171 2485 tuis
1187 2457 1281 2485 Davidi
1292 2458 1364 2486 datis
1380 2459 1624 2494 pollicitationibus
1638 2465 1750 2488 contra-

960 2504 1002 2531 ria
1019 2504 1177 2538 videantur;
1204 2504 1383 2533 nihilominus
1405 2510 1496 2533 tamen
1513 2505 1596 2533 credo
1617 2514 1649 2534 ac
1668 2507 1750 2542 plane

960 2558 1122 2585 persuasum
1139 2551 1205 2578 mihi
1229 2555 1281 2583 est,
1298 2559 1455 2579 sermonum
1478 2557 1597 2585 tuorum.
1620 2553 1746 2587 Domine,

960 2595 1100 2622 veritatem
1117 2603 1258 2630 nunquam
1274 2603 1336 2623 esse
1355 2596 1504 2630 lapsuram.
1519 2596 1582 2625 Ideo
1597 2606 1645 2633 per
1660 2602 1747 2626 totum

958 2640 1021 2668 vita:
1045 2648 1112 2668 mea
1134 2645 1241 2676 tempus
1265 2649 1321 2669 non
1346 2642 1425 2670 ﬁnem
1451 2642 1549 2671 iaciam
1565 2645 1747 2672 annuntiandi

960 2686 1102 2713 veritatem
1118 2691 1191 2714 tuam
1216 2688 1244 2714 in
1268 2695 1315 2715 ore
1338 2695 1408 2715 meo.
1426 2688 1524 2716 Verum
1543 2691 1624 2717 etiam
1643 2691 1746 2726 scripto

959 2732 1148 2767 consignatam
1175 2733 1248 2760 illam
1268 2734 1384 2768 posteris
1408 2734 1512 2762 tradam
1528 2745 1535 2763 :
1549 2739 1580 2763 ut
1601 2736 1652 2771 ipsi
1676 2744 1745 2772 quo-

958 2786 1022 2813 que.
1038 2778 1151 2814 perinde
1167 2783 1247 2814 atque
1261 2787 1321 2814 ego,
1348 2781 1514 2808 edoceautur
1531 2785 1558 2809 et
1571 2781 1679 2810 discant
1696 2791 1745 2819 per

959 2824 1081 2861 singulas
1091 2826 1283 2862 generationes
1299 2827 1440 2854 veritatem
1457 2831 1532 2856 tuam
1546 2828 1574 2857 in
1589 2836 1636 2857 ore
1652 2829 1722 2859 ferre
1734 2849 1743 2866 ,
