2032 3215
245 184 313 225 tori

593 173 728 203 EUSEBII
747 169 986 200 CESARIENSIS
1004 168 1079 197 OPP.
1100 167 1189 195 PARS
1203 167 1250 194 lll.
1270 178 1306 186 —-
1323 160 1529 192 EXEGETICA.

1793 153 1864 182 i072

243 245 276 265 ac
295 240 456 271 persuasum
481 231 599 259 habeam.
627 234 765 263 nunquam
790 233 870 261 posse
893 225 1026 260 promissa
1042 238 1049 261 γ

1100 232 1145 255 ειν,
1169 222 1215 249 καὶ
1236 219 1381 247 πεπεῖσθαι
1407 217 1541 254 μηδέποτε
1562 213 1691 242 δύνασθαι
1711 212 1866 239 διαπίπτειν

1100 269 1104 271 -
1166 268 1171 271 -
1210 268 1217 271 .
1313 266 1321 271 .
1334 266 1339 271 .
1392 265 1419 271 .Α
1437 264 1456 271 η
1502 264 1515 271 η
1545 262 1554 271 κ
1566 262 1573 271 ι
1589 270 1603 271 η
1615 270 1622 271 κ
1640 260 1687 271 _,\..
1701 260 1730 271 ι..
1746 258 1852 271 -..λ-η-

244 287 290 310 tua
312 280 446 309 excidere.
465 278 550 305 Totus
571 279 661 303 autem
684 281 785 306 Sermo,
807 272 910 301 Christi
928 279 959 298 ex
984 278 1028 298 se-

246 329 319 358 mine
330 326 413 354 David
426 324 641 361 generationem.
655 326 683 349 et
696 328 810 356 regnum
823 319 883 354 ejus
899 318 1031 345 vaticina-

246 379 301 402 tur.
314 371 542 407 Quandoquidem
559 369 632 396 enim
654 369 682 395 in
698 366 915 402 praecedentibus
928 364 989 399 ejus
1004 364 1031 390 in

246 421 404 450 horninibus
418 418 557 455 generatio
579 415 824 452 prmnunliabatur,
840 417 867 439 ut
887 412 914 439 in
928 411 1032 446 psalmo

245 475 346 497 unvl
374 466 543 494 declaratum
566 467 628 496 est;
658 465 686 488 at
710 464 809 496 praeter
830 457 1033 494 generationem

245 515 306 549 ejus
322 513 395 541 scitu
408 518 517 547 quoque
533 516 602 544 opus
622 512 680 535 eral.
693 506 764 534 unde
780 504 939 540 proditurus
949 504 1032 534 esset;

247 562 299 589 hoc
315 553 436 595 praesens
459 556 599 591 Scriptura
621 553 777 581 necessario
793 551 882 582 docet,
899 555 959 584 quae
972 555 1035 582 pro-

248 606 407 633 missionem
433 602 480 630 Dei
498 601 531 628 ad
555 600 680 627 Davidem
706 598 803 625 factam
827 596 861 623 de
875 595 988 622 Christo
1002 601 1036 620 ex

249 652 355 690 semine
368 650 428 685 ejus
440 647 581 684 prodituro
594 644 786 680 complectitur
800 653 806 670 :
821 643 857 669 ita
873 647 902 669 ut
914 641 958 667 hic
970 647 1035 667 cott-

249 687 378 734 gruenter
403 700 464 731 post
491 693 685 721 antecedentes
706 690 826 726 psalmos
852 688 959 723 positus
990 686 1035 713 sit.

253 744 405 778 lnscriptus
427 745 520 768 autem
542 739 630 767 solum
645 743 698 769 est,
714 736 879 767 Intellectus.
899 742 931 761 ac
949 739 1038 768 neque

251 790 374 826 psalmus
394 796 482 823 neque
502 787 619 822 hymnus
633 783 745 811 dicitur.
762 781 856 808 Fuerit
871 786 936 806 vero
950 778 1038 805 canti-

252 845 315 864 cum
330 835 528 871 propheticum,
547 838 578 858 ea
589 837 650 866 quae
666 828 817 856 secundum
842 826 926 853 Deum
941 828 983 852 est
1000 824 1043 862 in-_

253 883 401 918 telligentia
415 881 549 915 indigens.
565 878 656 910 Quare
675 875 778 902 dictum
796 877 848 904 est,
862 872 894 899 In
913 878 1038 900 wternum

253 921 376 961 cantabo,
391 931 428 959 et,
446 927 472 953 in
486 924 679 961 generationem
691 926 713 948 et
729 919 921 956 generationem
936 926 1038 945 annun—
1054 915 1075 944 Β

256 976 325 1004 tiabo
349 974 483 1001 veritatem
507 976 591 1009 tuam.
619 969 661 996 Ab
684 967 729 994 his
752 967 853 1001 quippe
878 964 980 996 verbis,
1005 962 1039 990 In

255 1028 380 1050 aeternum
395 1018 518 1049 cantabo,
535 1017 598 1052 jure
617 1015 755 1042 canticum
771 1020 833 1040 esse
856 1011 985 1044 dicatur;
1005 1010 1041 1037 ab

255 1069 310 1097 illis
325 1071 426 1097 autem,
448 1062 617 1092 Annuntiabo
638 1061 775 1088 veritatem
793 1063 864 1085 tuam
883 1058 910 1084 in
933 1064 1042 1092 genera-

256 1117 352 1143 tionem
366 1118 390 1140 et
407 1112 611 1148 generationem,
622 1112 649 1135 et
666 1115 681 1134 a
692 1105 882 1141 sequentibus,
898 1103 1041 1138 prophetia

256 1162 349 1190 fuerit.
370 1159 464 1186 Dictus
494 1161 585 1184 autem
605 1157 648 1182 est
663 1153 765 1180 Aitban
788 1151 989 1184 Ezraitzezqua
1010 1149 1043 1176 de

257 1217 287 1236 re
301 1209 329 1235 in
342 1207 419 1242 prius
433 1201 577 1239 explicatis
591 1199 703 1236 psalmis
714 1205 763 1233 pro
779 1197 908 1224 facultate
920 1195 1044 1230 disputa-

258 1260 315 1282 tum
328 1261 342 1279 a
357 1251 438 1279 nobis
453 1253 504 1277 est.

295 1298 379 1326 Vens.
400 1297 427 1324 5.
454 1293 586 1327 Quoniam
609 1290 713 1321 dixisti,
736 1288 770 1316 In
793 1292 919 1316 aeternum
942 1285 1046 1312 miseri-

260 1345 351 1373 cordia
375 1340 569 1376 wdiﬁcabitur,
591 1338 620 1364 in
642 1336 713 1364 cretis
732 1333 927 1370 praeparabitur
950 1331 1046 1358 veritas

261 1397 317 1419 tua.
333 1389 387 1417 Pro
397 1389 444 1416 illo
460 1391 562 1417 autem,
579 1383 711 1418 Quoniam
727 1381 831 1413 dixisti,
854 1379 950 1415 Aquila
963 1378 1047 1405 inter-

262 1439 385 1474 pretatus
399 1439 451 1466 est,
463 1431 594 1465 Quoniam
609 1429 683 1459 dixi;
700 1425 880 1463 Symmachus
897 1431 972 1456 vero,
986 1431 1048 1458 qua-

262 1469 335 1510 niam
363 1480 436 1511 dLri;
464 1475 617 1505 Theodotio
644 1474 789 1504 similiter,
816 1471 948 1504 Quoniam
974 1469 1046 1500 dixi;

262 1529 357 1564 quinta
372 1526 437 1554 item
451 1523 546 1555 editio,
565 1521 697 1554 Quoniam
715 1518 788 1549 dixi;
804 1517 883 1552 quasi
897 1515 1001 1544 scilicet
1016 1522 1048 1541 ex

263 1562 404 1611 Drophetae
430 1577 546 1607 persona
576 1574 668 1596 sermo
690 1565 868 1596 enuntietur;
894 1562 939 1589 hic
966 1567 1049 1596 porro

264 1607 327 1652 erat
337 1620 439 1648 [Ethan
462 1616 596 1646 Ezraites,
626 1616 656 1641 ut
672 1611 768 1639 titulus
792 1609 924 1637 declarat.
945 1607 1049 1641 Hujus-

265 1668 338 1697 modi
360 1673 425 1694 vero
450 1661 612 1691 sententiam
635 1657 770 1692 Propheta
794 1655 950 1683 subindicat
970 1652 1049 1680 :Jam

267 1719 346 1744 antea
363 1711 430 1743 dixi,
453 1705 652 1736 Misericordias
671 1702 777 1730 Domini
792 1704 820 1728 in
841 1705 969 1728 cateruam
987 1707 1052 1726 can-

267 1765 338 1793 tabo.
358 1764 385 1791 ld
403 1766 493 1790 autem
511 1760 558 1795 qui
570 1758 629 1785 ﬁeri
649 1758 747 1792 possit.
762 1754 816 1782 nisi
839 1752 926 1788 prima
941 1751 988 1778 illa
1005 1749 1052 1777 Dei

268 1809 467 1840 misericordia,
485 1807 519 1835 ab
532 1805 611 1833 initio
622 1808 650 1832 et
663 1810 678 1829 a
690 1800 803 1829 conditu
818 1798 913 1827 mundi
926 1798 952 1824 in
965 1796 1053 1824 homi-

267 1859 350 1886 nibus
365 1855 489 1885 fundata.
510 1850 635 1887 sequenti
651 1854 773 1883 tempore
789 1844 950 1875 accreverit.
968 1845 996 1869 et
1011 1841 1054 1868 in-

269 1909 327 1934 star
348 1901 454 1931 :editicii
475 1898 661 1927 accessionem
677 1892 821 1922 habuerit?
842 1890 910 1918 Nam
929 1888 974 1916 Dei
990 1893 1054 1923 erga

270 1950 394 1978 homines
415 1944 604 1975 misericordia
627 1941 751 1977 quotidie
773 1938 892 1970 crescit,
920 1940 947 1964 et
976 1933 1055 1970 quasi

271 1997 375 2025 fabrica
401 1997 516 2030 augetur
541 1995 568 2019 et
584 1988 735 2018 exstruitur
754 1986 781 2013 in
808 1982 1011 2020 generationem
1028 1984 1056 2007 et

272 2028 564 2079 generationem.Quia
577 2036 660 2072 igitur
670 2033 726 2062 dixi
743 2037 769 2060 et
784 2029 924 2061 allirmavi,
936 2028 964 2055 in
978 2031 1057 2054 aeter-

273 2074 338 2115 num
362 2083 579 2113 misericordiam
600 2082 648 2109 Dei
660 2077 848 2107 aedificandam
863 2083 936 2107 esse,
955 2078 982 2102 et
996 2074 1057 2101 ideo

274 2141 317 2161 me
340 2130 543 2159 misericordias
572 2128 632 2163 ejus
662 2127 691 2154 in
718 2130 850 2153 aeternum
883 2126 1056 2150 cantaturum

273 2186 353 2212 esse;
367 2185 422 2205 non
436 2175 616 2212 ignorandum
627 2178 680 2206 est,
694 2171 768 2199 verbi
782 2171 924 2197 veritatem
940 2168 967 2195 in
981 2167 1058 2195 cmlis

274 2223 481 2261 praeparandam
493 2229 566 2249 esse.
587 2219 708 2247 Terrena
724 2218 825 2253 quippe
843 2215 951 2250 negotia
966 2217 994 2241 et
1007 2213 1058 2240 ho-

275 2272 378 2300 minum
409 2269 511 2297 malitia
538 2275 592 2295 non
616 2266 729 2294 multam
753 2263 829 2292 verbi
857 2261 1058 2289 accurationem

275 2319 405 2347 exhibere
430 2319 562 2352 possunt;
590 2313 654 2349 quia
678 2311 764 2338 multa
786 2309 814 2336 in
836 2309 891 2335 vita
919 2307 1060 2335 hominum

276 2364 476 2401 inaequabilitas
491 2367 542 2390 est.
554 2360 653 2387 Verum
667 2357 796 2393 quoniam
810 2355 945 2391 promissa
960 2353 1017 2385 Dei,
1029 2353 1062 2380 ad

275 2411 405 2439 Davidem
424 2409 507 2440 facta,
526 2407 618 2435 divina
633 2413 665 2433 ac
682 2403 804 2432 coelestia
819 2404 895 2433 sunt.
918 2408 1017 2435 neque,
1034 2403 1064 2426 ut

276 2458 362 2485 Judaei
392 2456 579 2491 suspicantur,
604 2458 712 2481 terrena
735 2455 763 2478 et
788 2456 939 2484 corporea;
967 2455 1000 2475 ea
1029 2448 1064 2475 de

277 2511 361 2532 causa
373 2503 434 2538 jure
448 2501 586 2536 Propheta
605 2499 681 2535 prius
692 2497 846 2533 distinguit.
865 2503 920 2523 non
939 2495 966 2522 in
979 2499 1063 2527 terra,

279 2549 327 2576 sed
346 2549 373 2575 in
400 2547 479 2576 ctelis
500 2547 642 2575 veritatem
665 2544 863 2580 promissorum
888 2542 936 2570 Dei
961 2549 1067 2577 praepa-

279 2594 393 2621 randam
408 2601 479 2621 esse.
493 2593 676 2626 Quamobrem
695 2590 875 2627 Symmachus
895 2589 952 2616 htec
965 2589 1066 2616 clarius

279 2641 394 2675 explicat
407 2640 502 2668 dicens
515 2650 521 2668 :
536 2639 570 2667 In
581 2639 652 2666 uelis
665 2638 822 2673 fundabitur
844 2637 940 2664 veritas
956 2641 1012 2662 tua.

318 2739 400 2767 Vens.
413 2739 471 2767 ὀρθ.
497 2738 619 2774 Disposui
631 2743 816 2767 testamentum
830 2739 918 2766 electis
936 2737 1066 2772 meis,ju-

284 2786 340 2812 rari
355 2784 439 2812 David
454 2793 526 2812 servo
548 2793 615 2817 meo,
627 2785 713 2821 Usque
727 2786 753 2813 in
771 2789 897 2813 azternum
912 2784 1066 2819 prwparabo

284 2839 370 2858 semen
386 2836 470 2864 tuum,
486 2836 511 2859 et
526 2831 663 2866 ardiﬁcabo
676 2833 703 2859 in
717 2832 909 2867 generatione»:
925 2836 950 2858 et
963 2839 1069 2866 genera-

286 2878 381 2904 tionem
389 2878 511 2904 thronum
523 2883 607 2904 tuum.
621 2878 786 2913 Diapsalma.
800 2877 1000 2912 Conﬁtebuntur
1010 2877 1068 2904 cceli

287 2923 421 2951 mirabilia
439 2929 496 2958 tua,
518 2924 640 2958 Domine,
661 2925 757 2952 etenim
785 2924 919 2951 veritatem
945 2929 1016 2950 luant
1042 2925 1069 2950 in

1078 258 1128 301 τὰς
1145 268 1194 300 σὰς
1209 266 1383 301 ἐπαγγελίας.
1392 265 1421 291 '0
1435 264 1463 290 δὲ
1478 264 1531 294 πᾶς
1545 262 1623 296 λόγος
1638 260 1687 295 τὴν
1700 260 1731 285 ὲκ
1745 258 1867 294 σπέρμα-

1079 324 1123 347 τος
1139 314 1220 341 Δαυῖδ
1234 314 1341 348 γένεσιν
1354 311 1399 338 τοῦ
1414 309 1531 346 Χριστοῦ
1547 307 1594 335 καὶ
1607 307 1655 342 τὴν
1672 304 1810 340 βασιλείαν
1822 303 1869 330 αὺ-

1080 361 1126 387 τοῦ
1142 359 1275 391 θεσπίζει.
1285 357 1391 392 Ἐπειδὴ
1415 356 1470 391 γὰρ
1485 354 1530 381 διὰ
1554 353 1607 380 τῶν
1625 350 1778 388 ἔμπροσθεν
1799 351 1815 385 ἡ
1831 350 1869 381 εἰς

1081 405 1240 442 ἀνθρώπους
1265 404 1370 439 γένεσις
1395 401 1476 429 αὑτοῦ
1500 398 1700 436 προεφητεύετο
1713 396 1784 424 κατά
1798 395 1833 422 τὰ
1843 396 1871 422 ὲν

1081 453 1121 488 ’τῷ
1136 452 1162 479 π’
1181 452 1227 478 καὶ
1241 450 1266 483 ς’
1281 449 1380 485 ψαλμῷ
1395 448 1572 484 παραστάντα
1582 454 1588 461 ·
1605 446 1687 480 ἐχρῆν
1700 443 1728 470 δὲ
1750 442 1818 479 πρὸς
1838 442 1871 477 τῇ

1082 487 1188 532 γενέσει
1215 496 1310 532 μαθεῖν
1341 495 1387 521 καὶ
1414 492 1496 519 πόθεν
1522 490 1734 527 προελεύσεται·
1755 487 1873 514 διδάσκει

1083 544 1162 571 τοῦτο
1188 542 1343 577 ἀναγκαίως
1368 542 1384 576 ὴ
1411 539 1535 575 παροῦσα
1561 537 1666 574 Γραφὴ,
1683 535 1731 571 τὴν
1743 534 1817 570 πρὸς
1830 533 1874 559 τὸν

1085 590 1164 617 Δαυῖδ
1189 587 1353 623 ἐπαγγελίαν
1372 587 1420 614 τοῦ
1435 585 1502 612 Θεοῦ
1525 584 1588 620 περὶ
1609 583 1656 610 τοῦ
1673 583 1705 609 ὲκ
1721 581 1875 616 σπέρματος

1085 636 1167 663 αὑτοῦ
1182 636 1227 661 τὸν
1242 633 1358 670 Χριστὸν
1378 629 1591 668 προελεύσεσθαι
1606 629 1770 664 περιέχουσα
1781 635 1788 641 ο
1806 625 1876 651 ὥστε

1073 682 1075 685 ’
1086 683 1157 718 ἔχειν
1173 679 1333 708 ἀκολουθίαν
1347 679 1394 705 καὶ
1406 677 1502 704 τοῦτον
1519 676 1586 711 πρὸς
1598 675 1660 705 τοὺς
1672 673 1724 709 πρὸ
1737 671 1820 699 αὐτοῦ
1832 680 1878 698 κα-

1086 727 1301 762 τατεταγμένους
1314 724 1449 760 ψαλμούς.
1469 721 1622 754 Συνέσεως
1633 720 1661 746 δὲ
1675 719 1878 753 ἐπιγέγραπται

1088 774 1168 806 αὐτὸς
1185 773 1274 809 μόνον,
1290 771 1352 798 οὔτε
1374 771 1402 797 δὲ
1422 769 1537 805 quam;
1550 767 1612 795 οὗτε
1627 766 1720 802 ὕμνος.
1738 765 1789 800 Εἴη
1811 763 1835 790 δ’
1847 763 1879 790 ἂν

1088 819 1143 855 ᾠδὴ
1157 817 1314 854 προφητικὴ
1329 815 1463 847 συνέσεὼς
1477 815 1526 850 τῆς
1542 813 1612 841 κατὰ
1627 812 1692 839 Θεὸν
1706 810 1878 846 δεομένη.Δι’

1089 866 1103 892 ὃ
1116 865 1257 891 λέλεκται·
1272 864 1322 895 Εἰς
1337 863 1390 888 τὸν
1402 861 1494 888 αἰῶνα
1509 860 1629 894 ᾄσομαι,
1647 858 1705 889 καὶ,
1719 858 1760 890 εἰς
1776 855 1881 891 γενεὰν

1089 912 1139 939 καὶ
1154 910 1260 946 γενεὰν
1273 908 1433 943 ἀπαγγελῶ
1446 907 1503 941 τὴν
1517 905 1662 939 ἀλήθειάν
1674 912 1743 932 σου.
1752 901 1820 929 Ἀπὸ
1833 901 1882 937 μὲν

1093 958 1146 993 γὰρ
1162 956 1225 982 τοῦ·
1245 957 1296 988 Εἰς
1311 955 1364 981 τὸν
1380 954 1470 981 αἰῶνα
1485 952 1605 988 ᾄσομαι,
1624 951 1694 987 ᾠδὴν
1711 949 1795 985 αὐτὴν
1810 947 1881 975 εἰκό-

1093 1012 1146 1034 τως
1158 1002 1190 1029 ἄν
1205 1011 1246 1033 τις
1261 1001 1341 1028 εἴποι*
1361 1000 1414 1027 ἀπὸ
1428 1000 1455 1026 δὲ
1467 999 1514 1026 τοῦ
1524 1007 1531 1014 ·
1554 997 1719 1033 Ἀπαγγελῶ
1736 996 1794 1030 τὴν
1807 993 1882 1030 ἀλή-

1095 1048 1176 1076 θειάν
1190 1056 1247 1075 σου
1259 1049 1301 1080 εἰς
1312 1047 1418 1082 γενεὰν
1434 1046 1482 1072 καί
1494 1045 1611 1080 γενεὰν,
1627 1044 1674 1071 καὶ
1689 1043 1742 1070 ἀπὸ
1753 1042 1808 1069 τῶν
1822 1041 1884 1076 ὲξῆς

1095 1094 1304 1130 ἐπιλεγομένων,
1323 1093 1500 1128 προφητείαν.
1519 1092 1649 1118 Λέλεκται
1677 1089 1705 1116 δὲ
1729 1088 1813 1115 Αἰθὰν
1837 1087 1884 1114 τοῦ

1103 1141 1257 1177 Ἐσδραῒτου
1270 1141 1334 1175 περὶ
1347 1137 1377 1166 οὗ
1392 1139 1425 1165 τὰ
1442 1137 1617 1174 παραστάντα
1629 1137 1657 1163 ὲν
1671 1136 1726 1168 τοῖς
1742 1141 1887 1171 προτεχνο-

1096 1187 1270 1222 λογουμένοις
1281 1186 1334 1212 τῶν
1351 1185 1464 1221 ψαλμῶν
1479 1184 1666 1220 διειλήφαμεν.

1135 1272 1194 1298 ’Ότι
1217 1270 1321 1305 εἴπας·
1341 1273 1393 1305 Εἰς
1405 1271 1459 1298 τὸν
1473 1271 1565 1298 αἰῶνα
1584 1271 1670 1303 ἔλεος
1691 1267 1887 1304 οἰκοδομηθή-

1098 1327 1195 1351 σεται,
1219 1319 1255 1345 ὲν
1278 1318 1340 1351 τοῖς
1355 1317 1494 1352 οὐρανοῖς
1509 1316 1755 1352 ἑτοιμασθήσεται
1778 1316 1798 1350 ή
1816 1314 1889 1348 ἀλή-

1100 1365 1164 1394 θειά
1180 1365 1329 1392 σου.Ἀντὶ
1344 1364 1391 1391 τοῦ
1402 1373 1408 1379 ·
1427 1365 1487 1391 ’Ὁτι
1503 1362 1600 1397 εἶπας,
1614 1363 1628 1389 ὁ
1644 1363 1692 1398 μὲν
1713 1361 1828 1392 ’Λκύλας
1842 1362 1890 1396 iur

1103 1413 1250 1448 μήνευσεν·
1268 1412 1329 1438 Ὅτι
1343 1409 1428 1438 εἶπαν
1450 1411 1464 1437 ὁ
1479 1410 1506 1437 δὲ
1522 1409 1668 1445 Σύμμαχος
1678 1417 1693 1433 ι
1706 1408 1767 1434 ’Ότι
1786 1405 1873 1433 εἷπον·
1883 1414 1890 1421 ο

1102 1458 1150 1484 καὶ
1170 1458 1184 1483 ὁ
1198 1457 1343 1483 Θεοδοτίων
1359 1456 1458 1491 ὁμοίως
1468 1464 1475 1470 ⁸
1493 1455 1552 1481 Ὀτι
1567 1452 1653 1481 εἷπον
1664 1462 1671 1468 ·
1688 1454 1763 1488 καὶὴ
1780 1453 1892 1488 πέμπτη

1102 1503 1221 1534 ἔκδοσις·
1243 1503 1301 1529 ’Ὁτι
1316 1500 1400 1528 εἶπα·
1424 1502 1461 1533 ὡς
1477 1502 1509 1527 ὲκ
1529 1499 1673 1536 προσώπου
1687 1498 1733 1525 τοῦ
1749 1497 1893 1533 Προφήτου

1102 1547 1249 1582 λεγομένου
1261 1546 1308 1573 τοῦ
1322 1543 1502 1581 λόγου.οὗτος
1515 1545 1543 1572 δὲ
1557 1543 1590 1580 ἦν
1606 1544 1688 1571 Αἰθὰν
1699 1545 1712 1570 ὁ
1724 1543 1892 1578 Ἑσδραῗτης,

1065 1599 1086 1628 c
1102 1593 1139 1626 ὡς
1157 1594 1173 1628 ἡ
1190 1592 1336 1629 προγραφὴ
1350 1592 1508 1628 παρίστησι.
1521 1590 1654 1626 Τοιαύτην
1668 1590 1696 1616 δέ
1705 1598 1765 1616 τινα
1777 1588 1894 1615 διάνοιαν

1104 1639 1232 1666 ὑποϐάλοι
1249 1638 1281 1665 ἂν
1298 1639 1311 1664 ὁ
1330 1638 1476 1673 Προφήτης
1487 1645 1493 1652 ’
1511 1635 1618 1667 Φθάσας
1637 1635 1688 1670 ἠδη
1707 1634 1839 1670 πρότερον
1856 1630 1895 1659 εῖ-

1104 1693 1154 1711 πον
1165 1693 1172 1700 ι
1197 1685 1237 1711 ὅτι
1257 1684 1293 1710 Τὰ
1316 1683 1386 1717 ut"
1400 1682 1453 1710 τοῦ
1467 1683 1577 1716 Κυρίου
1590 1683 1633 1714 εἰς
1652 1681 1705 1708 τὸν
1722 1681 1815 1708 αἰῶνα
1825 1679 1896 1713 ᾆσο-

1101 1739 1164 1765 μιιι.
1179 1730 1257 1756 Τοῦτι
1290 1729 1318 1756 δὲ
1346 1729 1404 1760 πῶς
1431 1729 1489 1755 ποτ’
1502 1728 1534 1755 ἂν
1559 1728 1663 1762 γένοιτο
1687 1727 1703 1762 ἢ
1725 1726 1772 1753 τοῦ
1790 1726 1896 1762 πρώτου

1105 1775 1198 1806 ἐλέους
1214 1774 1260 1801 τοὺ
1275 1774 1341 1800 Θεοῦ
1356 1774 1385 1806 ἐξ
1398 1773 1486 1809 ἀρχῆς
1498 1774 1546 1799 καὶ
1562 1773 1616 1799 ἀπὸ
1631 1771 1741 1808 πρώτης
1761 1780 1895 1806 κοσμογο-

1105 1820 1165 1852 νίας
1187 1819 1402 1855 καταϐληθέντος
1427 1820 1467 1850 εἰς
1492 1818 1663 1854 ἀνθρώπους,
1688 1817 1809 1844 ἐπίδοσιν
1829 1816 1898 1843 κατᾶ

1107 1867 1218 1902 χρόνους
1231 1866 1424 1901 λαμϐάνοντος,
1439 1865 1486 1891 καὶ⁹
1499 1864 1576 1900 δίκην
1591 1864 1736 1900 οἰκοδομῆς
1752 1863 1898 1896 abici/10;;

1106 1912 1187 1944 Αὔξει
1196 1912 1251 1947 γὰρ
1269 1911 1403 1947 ὁσημέραι
1413 1911 1442 1937 τὸ
1455 1911 1528 1942 ἕλεος
1539 1910 1586 1937 τοῦ
1597 1909 1665 1937 Θεοῦ
1676 1911 1715 1942 εἰς
1727 1909 1898 1945 ἀνθρώπους,

1109 1959 1155 1985 καὶ
1164 1958 1242 1993 δίκην
1255 1957 1399 1993 οἰκοδομῆς
1410 1957 1560 1993 προκόπτει
1573 1957 1620 1983 καὶ
1631 1956 1812 1990 οἰκοδομεῖται
1827 1955 1898 1982 κατά

1108 2004 1204 2039 γενεὰν
1214 2004 1260 2030 καὶ
1271 2003 1377 2038 γενεάν.
1387 2003 1495 2038 Ἐπειδὴ
1505 2003 1593 2029 τοίνυν
1603 2001 1679 2028 εἷπον
1689 2002 1735 2028 κο)ι
1744 2001 1900 2028 διεδεὸαιω-

1110 2050 1210 2086 σάμην,
1223 2050 1263 2076 ὅτι
1279 2050 1319 2081 εἰς
1335 2049 1380 2075 τὸν
1396 2048 1481 2076 αἰῶνα
1495 2048 1525 2074 τὸ
1536 2048 1607 2079 ἕλεος
1622 2048 1669 2074 τοῦ
1680 2047 1746 2074 Θεοῦ
1757 2047 1902 2082 οἰκοδομη-

1111 2095 1231 2131 θήσεται,
1245 2095 1291 2122 καὶ
1316 2094 1360 2121 διὰ
1382 2094 1460 2121 τοῦτο
1476 2094 1510 2121 τὰ
1524 2093 1585 2129 ὲλέη
1600 2092 1681 2120 αὑτοῦ
1698 2093 1737 2124 εἰς
1750 2092 1797 2119 τὸν
1817 2092 1906 2119 αἰῶνα

1111 2143 1222 2178 ᾄσομαι,
1238 2143 1269 2168 οὐ
1282 2141 1414 2177 προσήκει
1427 2142 1543 2176 ἀγνοεῖν,
1555 2141 1594 2167 ὅτι
1609 2139 1655 2167 τοῦ
1669 2140 1747 2174 λόγου
1759 2140 1776 2175 ὴ
1790 2138 1905 2174 ἀλήθεια

1112 2189 1140 2213 ἐν
1165 2189 1221 2218 τοῖς
1244 2187 1368 2222 οὐρανοῖς
1391 2186 1627 2222 ἐτοιμασθήσεται.
1644 2186 1683 2212 Τὰ
1698 2185 1753 2221 γὰρ
1777 2185 1906 2220 περίγεια

1113 2232 1263 2268 πρᾶγματα
1278 2233 1326 2258 xal.
1345 2232 1361 2267 ἡ
1379 2233 1407 2258 ἐν
1426 2231 1578 2267 ἀνθρώποις
1598 2231 1680 2258 κακία
1697 2230 1797 2262 δόξειεν
1813 2230 1848 2257 ἂν
1867 2229 1906 2266 μὴ

1077 2277 1098 2304 D
1113 2280 1183 2306 πάνυ
1197 2288 1223 2306 τι
1239 2279 1380 2314 ἐμφαίνειν
1401 2278 1431 2304 τὸ
1447 2278 1559 2314 ἀκριϐὲς
1577 2277 1624 2304 τοῦ
1641 2277 1731 2311 λόγου,
1748 2276 1787 2312 τῷ
1805 2275 1907 2312 πολλὴν

1114 2326 1270 2361 ἀνωμαλίαν
1295 2323 1364 2352 εἶναι
1389 2325 1477 2352 δοκεῖν
1503 2325 1572 2351 κατὰ
1593 2324 1638 2351 τὸν
1651 2323 1820 2359 ἀνθρώπινον
1838 2323 1906 2358 βίον.

1120 2372 1189 2398 Ἀλλ’
1202 2371 1350 2407 ἐπειδήπερ
1367 2371 1394 2398 αἰ
1408 2370 1569 2405 ἐπαγγελίαι
1582 2369 1629 2396 τοῦ
1644 2367 1723 2402 Θεοῦ,
1739 2370 1766 2396 αἱ
1781 2369 1850 2405 πρὸς
1860 2368 1908 2395 τὸν

1115 2418 1196 2445 Δαυῒδ
1207 2417 1397 2453 γεγενημέναι,
1408 2417 1477 2444 θεῖαι
1488 2417 1534 2444 καὶ
1545 2416 1666 2453 οὐράνιοι
1677 2417 1850 2451 τυγχάνουσι,
1862 2416 1908 2442 καὶ

1115 2464 1173 2500 οὐχ,
1185 2464 1222 2495 ὡς
1237 2464 1270 2490 ἂν
1283 2463 1442 2490 ὑπολάϐοιεν
1459 2463 1593 2490 Ἰουδαίων
1611 2463 1713 2494 παῖδες,
1731 2462 1844 2496 γεώδης
1861 2463 1908 2489 καὶ

1117 2511 1280 2546 σωματικαί’
1292 2513 1403 2542 εἰκότως
1417 2511 1461 2538 διὰ
1473 2511 1552 2538 τοῦτο
1564 2510 1801 2547 προδιαστὲλλεται
1814 2511 1828 2536 ὁ
1840 2511 1909 2544 ΙΙρο-

1117 2557 1215 2593 φήτης,
1231 2558 1272 2585 ὅτι
1290 2558 1326 2593 μὴ
1343 2558 1388 2585 ἐπὶ
1403 2558 1453 2593 τῆς
1474 2558 1534 2592 γῆς,
1553 2557 1609 2584 ἀλλ’
1623 2558 1652 2583 ὲν
1668 2558 1724 2588 τοῖς
1749 2556 1875 2592 οὐρανοῖς
1891 2556 1907 2589 ἡ

1116 2603 1231 2638 ἀλήθεια
1255 2604 1308 2630 τῶν
1331 2603 1500 2638 ἐπαγγελιῶν
1515 2602 1562 2629 τοῦ
1587 2601 1653 2628 Θεοῦ
1671 2601 1908 2636 ἐτοιμασθήσεται.

1122 2649 1221 2684 Διόπερ
1236 2650 1250 2675 ὁ
1267 2649 1412 2685 Σύμμαχος
1429 2649 1593 2684 σαφέστερον
1614 2648 1786 2684 ἡρμήνευσεν
1804 2646 1888 2673 εἰπών
1899 2653 1907 2660 ·

1131 2692 1178 2720 Ἐν
1189 2694 1250 2727 τοῖς
1268 2695 1405 2729 οὐρανοῖς
1419 2694 1635 2729 ἐδρασθήσεται
1656 2694 1674 2727 ἠ
1691 2691 1816 2726 ἀλήθειά
1839 2700 1908 2719 σου.

1152 2741 1292 2775 Διεθέμην
1306 2740 1451 2775 διαθήκην
1466 2741 1528 2774 τοῖς
1546 2739 1698 2773 ἐκλεκτοῖς
1712 2748 1772 2774 μου
1784 2747 1791 2753 ³
1806 2737 1907 2773 ὤμοσα

1119 2787 1208 2814 Δαυῖδ
1226 2787 1266 2820 τῷ
1279 2787 1376 2821 δούλῳ
1391 2796 1451 2822 μου
1461 2796 1467 2802 ·
1487 2788 1560 2820 Ἕως
1574 2788 1626 2814 τοῦ
1640 2786 1746 2819 αἰῶνος
1760 2784 1906 2819 ἑτοιμάσω

1112 2833 1149 2861 τὸ
1167 2833 1286 2869 σπέρμα
1306 2843 1373 2866 σοι),
1388 2834 1436 2861 καί
1461 2833 1648 2868 οἰκοδομήσω
1667 2835 1710 2866 εὶς
1735 2832 1841 2868 γενεὰν
1858 2830 1907 2857 καὶ

1122 2879 1229 2914 γενεὰν
1250 2879 1303 2906 τὸν
1321 2880 1430 2914 θρόνον
1448 2886 1517 2907 σου.
1537 2874 1908 2913 Διάψαιιμα.Ὲξομο.ιοτή-

1123 2934 1227 2953 dormt
1243 2928 1269 2953 οἰ
1284 2926 1403 2960 οὐρανοί
1429 2926 1463 2953 τὰ
1486 2925 1635 2960 θαυμάσιὰ
1653 2933 1720 2957 σου,
1741 2925 1838 2958 Κύριε.
1859 2920 1906 2948 καὶ
