2032 3215
165 228 234 256 1073

764 219 1018 256 οοιιιιεΝτΑιιιΑ
1036 227 1071 254 ιΝ
1090 225 1260 256 PSALIOS.
1297 199 1320 242 θ
1333 199 1355 238 ί

1710 214 1787 254 ’ίυνι

163 286 219 321 τὰρ
229 285 287 324 τὴν
301 285 443 320 ἀλήθειάν
455 293 513 313 σου
525 286 553 313 ἐν
576 286 736 320 Ἐκκλησία
746 286 847 321 ἁγίων.
857 286 948 321 Σαφῶς

1006 285 1127 313 Ecciesia
1139 289 1303 313 sanctorum.
1321 283 1384 312 Haec
1398 291 1431 312 er
1447 291 1563 321 persona
1576 282 1624 311 Dei
1644 281 1789 311 manifesto

163 330 249 361 ταῦτα
269 330 301 356 ἐκ
319 330 465 366 προσώπου
483 329 531 357 τοῦ
547 329 616 357 0εοῦ
630 330 752 366 εῐρηται·
772 331 868 367 διόπερ
878 331 952 357 δοκεῖ

165 384 210 410 μοι
233 375 309 410 παρὰ
328 376 384 407 τοῖς
404 375 606 410 Ἕσδομήκσντα
625 375 753 411 ἀνωτέρω
765 375 890 411 εἰρῆσθαι
904 375 950 402 τό·

164 422 228 447 Ὀτι
242 419 344 453 εἴπας·
362 422 413 453 Εἰς
436 420 490 447 τὸν
509 420 600 447 αὶῶνα
615 421 700 454 ἕλεος
722 421 952 455 οὶκοδομηθήσευ

162 475 219 498 ται,
237 467 272 493 ὲν
289 466 352 499 τοῖς
367 466 507 501 οὐρανοῖς
527 466 774 501 ἑτοιμασθήσεται
791 468 809 500 ὴ
827 466 952 501 ἀλήθειά

162 521 220 539 σου
230 521 238 527 ·
255 511 296 544 οἷς
312 513 478 548 ὲπισυνῆπτε
501 512 546 538 τό’
573 512 714 546 Διεθέμην
731 511 876 546 διαθήκην
890 511 952 544 τοῖς

162 558 314 591 ἐκλεκτοῖς
329 567 404 593 μου’
424 558 467 584 ἵνα
488 558 548 584 καθ’
565 557 718 593 ὑπερϐατὸν
729 558 771 593 εἴη
787 557 873 589 οὕτως
884 558 952 593 ἔχων

162 603 177 629 ὁ
189 603 252 634 νοῦς
266 603 318 629 τῶν
338 603 525 638 προκειμένων
535 611 541 618 ’
563 602 672 638 Ἐπειδὴ
696 603 727 629 σὺ
749 603 842 634 αὐτὸς,
857 599 879 629 ὦ
895 602 951 629 Κύ-

164 657 216 683 ριε,
229 649 258 675 ἐν
275 650 334 680 ταῖς
357 650 421 684 περὶ
441 649 487 675 τοῦ
506 648 586 675 Δαυῖδ
600 649 778 683 ἐπαγγελίαις
793 647 885 681 εἶπας¹
906 650 951 681 Et;

162 695 208 721 τὸν
221 695 306 721 αἰῶνα
322 695 354 721 τὺ
368 695 440 727 ἔλεός
455 704 504 730 μου
519 695 549 721 τὺ
564 695 632 731 πρὸς
651 695 696 722 τὸν
713 695 803 727 Δαυῖδ,
817 696 833 732 ἢ
855 696 902 722 καὶ
923 696 952 722 τὸ

162 742 202 773 εἰς
220 742 323 772 πάντας
340 741 499 777 ἀνθρώπους
516 741 776 776 οἰκοδομηθήσεται·
798 743 845 768 καὶ
866 751 951 778 προσ-

163 786 264 822 ἔθηκας
286 787 388 821 λέγων’
404 786 544 822 Διεθέμην
556 786 703 820 διαθήκην
723 787 786 820 τοῖς
801 788 952 821 ἐκλεκτοῖς

160 840 230 866 μου,
253 832 312 867 ἦτοι
335 832 470 867 ἑπιλέκτῳ
493 841 554 867 μου,
577 833 640 859 καί’
666 834 779 867 ᾭμοσα
800 833 890 859 Δαινῒδ
912 833 952 866 τῷ

162 877 261 909 δούλῳ
281 887 351 912 μου,
376 878 421 904 καὶ
445 878 479 904 τὰ
503 878 606 910 τούτοις
622 877 770 905 ἀκόλουθα³
790 878 950 913 πέπεισμαι,

163 924 204 950 ὅτι
219 922 318 950 οὔποτε
333 923 575 959 διαψευσθήσονταί
588 933 634 950 σου
656 925 684 951 αἱ
702 924 873 958 ἐπαγγελίαι,
905 924 952 960 μέ-

1005 332 1078 360 dicta
1105 337 1171 360 sunt
1187 340 1193 359 :
1212 338 1244 359 ac
1259 330 1369 358 videtur
1391 330 1458 357 mihi
1484 330 1546 358 ideo
1561 329 1634 366 apud
1649 328 1721 357 LXX
1742 337 1787 357 su—

1004 378 1097 413 perius
1120 378 1225 405 dictum
1252 376 1357 410 fuisse,
1377 376 1509 410 Quoniam
1524 376 1617 403 dixisti
1631 383 1641 403 :
1655 375 1690 403 lu
1710 378 1789 407 teter—

1005 432 1068 451 num
1082 423 1265 451 misericordia
1277 422 1463 457 adiﬁcabitur,
1474 423 1500 449 in
1513 422 1583 449 caelis
1595 421 1790 457 prcparabitur

1004 470 1100 497 veritas
1113 473 1174 501 tua;
1182 464 1283 504 quibus
1297 468 1354 496 haec
1365 468 1556 499 subdiderunt,
1566 467 1690 501 Disposui
1706 471 1788 494 testa-

1005 520 1122 542 mentum
1138 515 1227 543 electis
1248 515 1330 546 meis:
1348 518 1378 541 ut
1393 521 1441 548 per
1457 513 1625 549 hyperbaton
1640 513 1705 540 dicti
1728 512 1791 540 sen—

1004 561 1090 588 tentia
1117 562 1157 589 sic
1179 561 1368 597 exprimatur:
1382 559 1516 592 Quoniam
1531 562 1561 585 tu
1583 559 1651 593 ipse,
1666 558 1790 590 Domine,

1004 607 1032 633 in
1047 606 1277 641 promissionibus
1290 605 1399 633 Davidis
1412 604 1506 632 dixisti
1524 614 1530 631 :
1548 605 1577 632 In
1593 605 1791 637 aaternum;mi-

1005 652 1154 680 sericordia
1170 660 1230 679 mea
1242 647 1312 687 erga
1328 651 1468 683 Davidem,
1483 650 1541 678 sive
1555 657 1619 685 erga
1632 657 1727 677 omnes
1743 651 1791 676 ho-

1004 700 1092 726 mines
1124 697 1324 731 mdiﬂcabitur‘;
1354 701 1381 724 et
1406 698 1464 732 ha'c
1491 696 1633 731 adjecisti,
1666 696 1791 730 Disposui

1005 749 1190 772 testamur/um
1212 744 1301 771 electis
1322 738 1398 775 inuis,
1415 743 1530 776 scilicet,
1547 743 1635 770 electo
1655 748 1738 774 meo,‘
1753 746 1789 774 et,

1004 790 1099 818 Juram‘
1117 790 1202 818 David
1214 798 1286 817 servo
1300 798 1366 821 meo,
1383 794 1410 816 et
1427 794 1524 817 caetera
1534 799 1541 816 :
1553 795 1715 824 persuasum
1727 783 1791 815 mihi

1003 841 1047 865 est
1066 836 1201 871 prrmissa
1230 840 1277 862 tua
1299 842 1439 870 nunquam
1470 834 1550 861 irrita
1567 834 1636 866 fore,
1652 834 1700 861 sed
1727 838 1791 862 Vera

1005 883 1138 917 ﬁrmaque
1154 889 1284 909 mansura
1301 889 1364 909 esse
1378 889 1385 913 ;
1402 880 1449 908 sed
1475 888 1531 907 non
1555 879 1605 912 ita,
1624 884 1652 907 ut
1667 881 1695 907 in
1720 885 1790 909 terra

1004 928 1179 954 consistant:
1196 934 1284 962 neque
1305 927 1378 954 enim
1395 930 1503 953 terrena
1527 930 1554 952 et
1581 926 1694 953 sensilia
1716 920 1790 958 sunt,

163 969 277 995 νουσιδὲ
299 968 408 1004 ἀληθεῖς
424 969 470 995 καὶ
486 969 664 996 ἀδιάπτωτον
681 970 738 996 ἀλλ’
755 970 804 1004 οὐχ
821 969 890 996 ὥστε
907 970 948 997 ἐπὶ

1004 980 1092 1008 neque
1106 972 1213 1000 venalia
1241 977 1268 999 et
1292 972 1368 1000 brevi
1395 975 1519 1006 tempore
1541 971 1684 1002 duratura.
1700 969 1790 1006 qualis

161 1014 210 1050 τῆς
231 1015 283 1050 γῆς
304 1015 476 1042 συνίστασθαι
497 1016 596 1047 αὑτάς·
621 1015 749 1052 οὐδὲγὰρ
772 1017 888 1050 ἐπίγειοι
907 1017 955 1044 καὶ

161 1060 301 1095 αἰσθηταὶ,
318 1060 377 1086 οὐδὲ
397 1061 499 1096 ὠνηταὶ
517 1062 563 1088 καὶ
576 1062 750 1097 ὀλιγοχρόνιοι
765 1063 952 1097 τυγχάνουσιν,

161 1103 216 1138 οἷός
235 1107 309 1133 ἐστιν
326 1107 339 1133 ὸ
355 1106 409 1133 τῶν
425 1107 575 1143 ἀνθρώπων
594 1107 660 1143 βίος,
683 1107 739 1134 ἀλλ’
756 1109 884 1136 ἀθάνατοι
908 1109 954 1135 καὶ

161 1152 265 1179 aid:th
278 1153 324 1178 καὶ
340 1154 372 1188 τῇ
388 1154 421 1188 σῇ
436 1153 542 1189 θεότητι
561 1154 831 1191 πρέπουσαι.Διόπερ
843 1155 893 1182 οὐκ
907 1155 953 1182 ἐπὶ

160 1198 210 1233 τῆς
224 1199 285 1233 γῆς,
302 1199 358 1225 ἀλλ’
373 1200 402 1225 ἐν
417 1201 473 1231 τοῖς
487 1200 611 1235 οὐρανοῖς
624 1201 850 1236 ἑτοιμασθήσεται
861 1203 877 1237 ἡ
889 1201 954 1236 ἀλή-

161 1243 222 1270 Θεια
248 1243 301 1270 τῶν
327 1244 381 1271 σῶν
406 1245 473 1280 πρὸς
489 1246 535 1271 τὸν
550 1246 630 1272 Δαυῒδ
647 1246 826 1280 ἐπαγγελιῶν.
836 1247 908 1273 ’Δντὶ
924 1247 952 1273 δὲ

160 1287 224 1314 τοῦ·
246 1288 388 1323 Διεθέμην
409 1289 554 1323 διαθήκην
576 1290 638 1323 τοῖς
662 1292 813 1324 ἐκλεκτοῖς
833 1301 903 1326 μου,
928 1294 952 1319 οί

160 1333 249 1360 λοιποὶ
269 1335 367 1366 πάντες
386 1335 565 1370 ὲρμηνευταί·
582 1336 624 1368 Τῷ
638 1337 784 1370 ἐπιλέκτῳ
794 1347 863 1371 μου,
876 1338 951 1373 εἰρή-

161 1388 236 1407 κασι.
251 1381 305 1407 Καὶ
328 1381 428 1415 μᾶλλον
446 1381 559 1416 ἁρμόζει
577 1383 609 1417 τῇ
625 1382 728 1421 διανοίᾳ
744 1384 760 1419 ἡ
774 1383 886 1419 τοιαύτη
907 1384 952 1410 ἑκ-

160 1424 234 1458 δοσις
244 1433 251 1440 ο
265 1425 326 1451 οὐδὲ
337 1426 390 1461 γὰρ
401 1427 465 1462 περὶ
480 1426 583 1453 πολλῶν
596 1428 670 1456 ἐστιν
684 1429 698 1454 ὁ
710 1428 796 1462 λέγος,
809 1429 875 1456 ἀλλὰ
888 1429 951 1464 περὶ

162 1471 243 1506 μόνον
265 1472 311 1498 τοῦ
331 1473 428 1499 Δαυῖδ·
451 1473 524 1508 αὐτῷ
544 1474 607 1509 γὰρ,
625 1474 701 1509 φησὶ,
717 1475 764 1501 καὶ
780 1474 884 1510 ὤμοσα,
903 1475 950 1502 ἆτε

159 1516 246 1552 δούλῳ
257 1525 307 1552 μου
319 1517 375 1544 ὄντι
386 1518 432 1544 καὶ
442 1519 576 1554 ὲττιλέκτῳ
587 1528 646 1554 μου.
657 1521 694 1546 Οὐ
705 1521 757 1556 γὰρ
768 1521 846 1557 ἤρκει
858 1521 951 1556 ἁπλῶς

159 1565 299 1593 διαθέσθαι
314 1567 387 1601 αὐτῷ
400 1567 541 1603 διαθήκην,
560 1567 653 1603 ὥσπερ
672 1568 799 1604 διεθέμην
817 1569 856 1604 τῷ
876 1569 948 1602 Νῶε,

160 1612 208 1639 καὶ
224 1613 293 1647 μετὰ
307 1613 392 1640 ταῦτα
408 1613 446 1649 τῷ
464 1614 598 1650 Ἀϐραὰμ,
614 1615 660 1641 καὶ
682 1615 761 1642 πάλιν
776 1616 833 1651 μετ’
848 1617 952 1642 ἐκεῖνον

159 1659 215 1689 τοῖς
228 1659 294 1689 υἱοῖς
313 1659 420 1694 Ἰσραὴλ
436 1660 482 1686 ἐπὶ
497 1660 547 1694 τῆς
561 1661 663 1695 ἐρήμου
675 1660 718 1687 διὰ
730 1661 861 1692 Μωσέως·
879 1661 950 1688 ὲκεί-

159 1711 215 1734 νοις
238 1703 292 1740 γὰρ
312 1704 374 1739 δίχα
389 1705 575 1740 ὁρκωμοσίας·
590 1705 628 1740 τῷ
643 1706 665 1733 δ’
682 1707 817 1742 ὲπιλέκτῳ
836 1716 886 1742 μου
903 1708 949 1734 καὶ

157 1748 198 1784 τῷ
223 1749 282 1784 ἐμῷ
305 1749 450 1786 Θεράποντι
475 1752 521 1778 καὶ
547 1751 631 1787 δούλῳ
644 1752 725 1778 Δαυῒδ
738 1752 864 1789 διεθέμην
881 1753 949 1788 μετὰ

158 1795 240 1831 ὅρκου
258 1796 455 1832 παραλήψεως·
476 1797 569 1833 ὤμοσα
591 1798 645 1834 γὰρ
667 1798 739 1834 αὑτῴ
754 1800 818 1835 περὶ
833 1800 879 1826 τοῦ
895 1800 949 1826 δεῖν

157 1840 188 1867 τὸ
214 1840 324 1876 σπέρμα
347 1842 428 1869 αὐτοῦ
454 1844 493 1874 είς
508 1844 552 1870 τὸν
574 1844 660 1870 αἰῶνα
675 1844 829 1880 ἑτοιμάσειν
845 1846 892 1872 καὶ
904 1847 948 1873 τὴν

158 1886 252 1923 θρόνον
267 1888 349 1915 αὐτοῦ
363 1889 560 1925 οίκοδομήσειν,
579 1891 625 1917 καὶ
641 1892 690 1919 οὐκ
709 1893 748 1924 είς
763 1892 826 1928 μίαν
842 1893 947 1927 γενεὰν,

157 1931 214 1957 ἀλλ’
231 1932 270 1964 είς
293 1932 389 1966 γενεὰν
412 1934 458 1960 καὶ
471 1936 576 1968 γενεάν.
591 1936 657 1972 Περὶ
671 1937 698 1963 δὲ
711 1936 757 1963 τοῦ
774 1937 888 1973 ὀμνύναι
903 1938 947 1964 τὸν

156 1977 233 2009 Θεὸν,
248 1978 261 2004 ὸ
275 1978 346 2013 ἱερὸς
354 1979 515 2012 Ἀπόστολος
530 1981 557 2006 ἐν
572 1983 603 2017 τῇ
614 1982 681 2017 πρὸς
699 1983 838 2018 Ἐϐραίους
850 1984 945 2019 φησίν·

158 2021 220 2049 Ἵνα
231 2023 280 2050 διὰ
295 2023 350 2051 δύο
369 2026 546 2060 πραγμάτων
560 2027 754 2061 ἀμεταθέτων,
774 2029 808 2055 ἐν
824 2027 869 2061 οἷς
880 2028 947 2056 ἀδύ-

155 2076 249 2096 νατον
260 2070 432 2104 ψεύσασθαι
448 2072 500 2098 τὸν
518 2073 602 2105 Θεὸν,
615 2074 743 2108 ἰσχυρὰν
755 2074 948 2109 παράκλησιν

156 2114 282 2150 ἔχωμεν.
298 2117 367 2142 Κατ’
383 2118 508 2144 ἐπίτασιν
525 2119 580 2154 γὰρ
596 2120 718 2154 μείζονος
731 2120 947 2153 διαὸεὗαιώσεως

155 2160 202 2187 καὶ
218 2161 299 2196 ὅρκος
316 2162 500 2198 παρείληπται
518 2164 556 2198 τῷ
571 2164 640 2199 Θεῷ.
660 2165 738 2191 Κατὰ
752 2167 824 2198 τίνος
840 2166 867 2192 δὲ
878 2167 891 2192 ὁ
902 2167 948 2202 ὄρ-

155 2215 203 2246 θιος
219 2207 284 2241 ἑξῆς
304 2208 406 2244 προῖὼν
421 2209 540 2235 διδάσκει
556 2209 657 2243 λέγων·
681 2210 773 2243 "Amuli
791 2210 893 2246 ὤμοσα
913 2212 947 2239 ἐν

154 2245 194 2286 ἰῷ
203 2252 276 2287 ἁγίῳ
285 2253 446 2286 μου.Ἐνθα
461 2255 507 2281 καὶ
522 2256 689 2290 ἐπιστήσεις,
703 2256 746 2288 τίς
758 2245 822 2283 ποτε
834 2258 887 2293 ἄρα
900 2254 945 2283 οὖ-

153 2306 200 2330 τος
218 2295 251 2334 ἦν
268 2299 282 2324 ὁ
303 2298 381 2333 ἅγιος
404 2299 450 2326 τοῦ
473 2300 550 2332 Θεοῦ,
569 2301 628 2327 καθ’
641 2299 671 2328 οὗ
689 2302 801 2337 ὄμνυσιν
823 2303 860 2335 ὡς
876 2304 945 2331 κατὰ

155 2342 219 2369 Υίοῢ
230 2344 401 2379 μονογενοῦς,
414 2346 453 2377 εἰς
466 2346 497 2372 τὸ
509 2346 537 2379 ἐξ
547 2347 665 2379 ἆπαντος
674 2348 708 2374 τὰ
720 2348 768 2383 τῆς
779 2349 943 2384 ἐπαγγελίας

154 2389 347 2425 κρατυνθῆναι.
364 2390 417 2416 Τὸν
443 2391 492 2426 μὲν
517 2390 562 2418 οὖν
586 2392 661 2426 ἅγιον
681 2393 835 2429 ὡμολόγουν
858 2395 904 2421 καὶ
919 2396 943 2421 οἱ

153 2435 279 2471 δαίμονες
291 2437 320 2462 ὲν
335 2438 391 2468 τοῖς
406 2437 592 2471 Εὑαγγελίοις,
603 2438 647 2464 ὅτε
664 2439 700 2474 μὴ
716 2439 844 2474 φέροντες
860 2440 942 2466 αὐτοῦ

154 2481 202 2517 τὴν
217 2481 308 2509 ἔνθεον
322 2482 435 2518 δύναμιν
448 2484 610 2519 χολαστικὴν
621 2482 702 2511 οὖσαν
713 2485 802 2511 αὐτῶν
827 2486 873 2512 καὶ
892 2487 943 2513 ἀπ-

153 2527 308 2563 ελαστικὴν,
324 2528 409 2555 ἐϐόων
432 2529 571 2564 λέγοντες
600 2530 669 2561 'Ea,
690 2531 718 2556 τί
731 2531 802 2565 ἡμῖν
813 2531 862 2558 καὶ
882 2532 941 2562 σοὶ,

159 2573 255 2607 Ἰησοῦ
278 2574 445 2608 Ναζαρῆνε;
462 2575 591 2610 Οἶδαμέν
603 2584 640 2602 σε
651 2577 697 2609 τίς
712 2575 748 2607 εἶ,
763 2579 779 2603 d
792 2577 874 2612 ἅγιος
891 2578 943 2605 τοῦ

153 2619 238 2648 Θεοῦ.
253 2620 332 2647 Κατὰ
351 2621 445 2647 τούτου
464 2622 554 2648 τοίνυν
570 2622 654 2657 ὀμνὺς
669 2624 683 2649 ὁ
699 2623 775 2655 Θεὸς,
792 2622 836 2650 οἵα
851 2624 944 2659 πατὴρ

152 2663 223 2690 κατὰ
242 2665 401 2698 μονογενοῦς
422 2666 468 2692 καὶ
488 2667 629 2701 ἀγαπητοῦ
654 2667 723 2699 uio-3,
741 2667 780 2703 τῷ
794 2668 873 2695 Δαυῖδ
895 2668 943 2704 τὴν

151 2709 317 2744 ἐπαγγελίαν
347 2711 474 2738 ἐποιεῖτο·
489 2714 521 2739 Ὃ
553 2713 584 2748 δὴ
615 2714 662 2739 καὶ
688 2714 806 2741 διδάσκει
836 2714 940 2749 λέγων·

153 2755 247 2788 Ἀπαξ
260 2755 362 2792 ὤμοσα
375 2757 406 2783 ἐν
424 2757 464 2790 τῷ
478 2758 551 2793 ἁγίῳ
564 2768 634 2794 μου,
650 2761 676 2786 εὶ
700 2759 740 2792 τῷ
761 2759 852 2787 Δαυῒδ
867 2761 940 2794 ’ψεύ-

152 2808 253 2835 σομαι.
268 2802 360 2837 Ζητῶν
378 2802 406 2829 δὲ
429 2803 491 2838 παρ’
503 2804 614 2839 ἐμαυτῷ
626 2805 675 2839 τὴν
691 2805 789 2837 αἰτίαν,
805 2806 837 2832 δι’
849 2806 882 2842 ἢν
898 2807 941 2833 οὐ·

151 2846 206 2872 δενὶ
219 2846 269 2880 μὲν
280 2846 352 2882 ἄλλῳ
367 2847 420 2873 τῶν
436 2848 532 2882 ἁγίων,
547 2850 620 2884 μόνῳ
633 2849 661 2876 δὲ
675 2850 714 2885 τῷ
724 2850 803 2877 Δαυϊδ
815 2851 848 2877 δι’
858 2852 939 2887 ὅρκου

189 2925 213 2940 ⁸⁸
232 2925 311 2954 Hebr,
330 2935 366 2958 vr,
387 2926 428 2954 l8.
468 2926 489 2942 "
507 2926 573 2954 Luc.
592 2934 629 2960 Iv,
646 2927 689 2955 35.

1005 1017 1145 1045 hominum
1161 1018 1216 1044 vita
1233 1021 1294 1050 est;
1317 1017 1365 1045 sed
1382 1016 1558 1049 immortalia,
1574 1021 1676 1044 aeterna
1690 1020 1718 1044 et
1733 1017 1783 1044 dei-

1004 1064 1053 1091 tati
1066 1068 1118 1090 tua;
1131 1064 1320 1099 congruentia.
1338 1062 1511 1098 Quapropter
1527 1070 1581 1089 non
1599 1062 1626 1089 iu
1638 1066 1722 1095 terra,
1736 1063 1789 1094 sed

1004 1110 1031 1137 in
1057 1110 1135 1137 caelis
1157 1110 1356 1145 praeparabitur
1370 1108 1473 1137 veritas
1498 1116 1593 1136 eorum
1619 1117 1680 1144 qua!
1693 1106 1788 1136 Davidi

1003 1156 1142 1190 pollicitus
1158 1163 1198 1183 es.
1214 1155 1268 1183 Pro
1283 1155 1330 1183 illo
1346 1159 1446 1188 autem,
1464 1155 1589 1189 Disposui
1605 1158 1788 1183 testamentum

1001 1202 1089 1228 electis
1108 1202 1181 1234 mcis,
1199 1201 1298 1237 reliqui
1314 1209 1411 1228 omnes
1432 1201 1607 1236 inlerpretes,
1619 1200 1709 1227 Electa
1722 1208 1788 1231 meo,

1002 1246 1140 1274 dixerunt.
1159 1246 1225 1280 Qua:
1251 1255 1317 1275 sane
1347 1247 1535 1282 interpretatio
1551 1253 1622 1274 verat
1645 1245 1788 1273 sententi?

1003 1292 1091 1327 magis
1102 1293 1247 1328 congruit:
1262 1301 1317 1319 non
1332 1293 1405 1320 enim
1422 1292 1455 1320 de
1467 1293 1561 1319 multis
1576 1299 1666 1319 sermo
1681 1291 1787 1323 est,sed

1002 1336 1036 1364 de
1049 1345 1104 1364 uno
1123 1336 1242 1370 Davidc;
1259 1337 1311 1372 ipsi
1335 1338 1436 1372 quippe
1461 1337 1561 1372 juravi,
1578 1337 1678 1371 inquit,
1694 1341 1787 1371 utpote

1003 1391 1082 1411 servo
1103 1390 1165 1411 meo
1188 1388 1215 1410 et
1230 1383 1317 1411 electo
1342 1391 1414 1411 meo.
1438 1382 1532 1419 Neque
1553 1383 1626 1411 enim
1647 1384 1715 1411 satis
1729 1387 1785 1411 erat

1002 1428 1054 1463 ipsi
1070 1433 1263 1457 testamentum
1277 1430 1434 1464 disponere,
1447 1429 1519 1457 sicut
1531 1429 1598 1462 Noe,
1616 1434 1710 1464 postea
1723 1437 1787 1457 vero

1001 1474 1168 1507 Abrahamo,
1183 1475 1334 1510 deindeque
1359 1476 1423 1503 ﬁliis
1449 1475 1535 1503 Israel
1558 1475 1586 1501 in
1608 1475 1719 1503 deserto
1735 1469 1786 1510 'per

1001 1520 1120 1556 Moysem
1135 1520 1258 1555 disposui
1273 1531 1280 1547 :
1294 1529 1356 1548 nam
1374 1529 1437 1548 cum
1450 1521 1484 1549 iis
1499 1521 1558 1549 sine
1571 1521 1743 1556 juramento;
1760 1525 1788 1549 at

1001 1574 1064 1593 cum
1087 1566 1184 1597 electo.
1203 1575 1282 1594 servo
1298 1571 1325 1594 et
1341 1567 1442 1594 famulo
1460 1575 1521 1595 meo
1539 1567 1650 1598 Davidc.
1665 1567 1788 1594 adhibito

999 1612 1189 1647 jurejurando,
1200 1612 1289 1640 foedus
1300 1616 1326 1640 et
1338 1616 1530 1640 testamentum
1548 1612 1703 1640 iniiJuravi
1714 1613 1787 1640 enim

964 1645 984 1673 ί
1002 1657 1054 1692 ipsi
1082 1657 1201 1685 futurum
1219 1666 1280 1686 esse
1299 1663 1328 1685 ut
1342 1666 1434 1686 semen
1454 1659 1513 1694 ejus
1526 1659 1695 1686 in'azternum
1716 1666 1787 1694 pras-

1001 1707 1124 1737 paretur,
1137 1707 1163 1729 et
1172 1704 1287 1731 thronus
1303 1704 1363 1738 ejus
1371 1704 1530 1737 aediﬁcetur,
1541 1712 1595 1732 non
1607 1704 1634 1731 in
1643 1712 1725 1732 unam
1742 1711 1788 1739 ge—

1000 1747 1182 1781 nerationem,
1204 1747 1252 1775 sed
1264 1748 1290 1775 in
1307 1749 1510 1784 generalionem
1527 1753 1553 1776 et
1569 1748 1785 1784 generationem.

999 1791 1055 1820 Cur
1071 1797 1162 1820 autem
1181 1793 1251 1821 Deus
1264 1793 1406 1828 iuraverit,
1424 1794 1452 1822 S.
1466 1795 1612 1830 Apostolus
1623 1795 1651 1822 in
1666 1793 1789 1829 Epistola

1000 1839 1034 1866 ad
1051 1838 1180 1866 llcbrwos
1192 1840 1353 1867 testiﬁcatur
1367 1850 1373 1868 :
1388 1840 1422 1867 Ut
1436 1834 1481 1875 per
1491 1840 1559 1867 duas
1576 1849 1617 1867 res
1630 1840 1786 1873 immobiles,

999 1885 1092 1921 quibus
1112 1886 1273 1920 impossibile
1299 1891 1338 1913 est
1360 1887 1466 1914 mentiri
1485 1886 1586 1918 Deum,
1610 1886 1786 1921 fortissimum

999 1932 1126 1959 solatium
1146 1932 1288 1959 habeamus
1300 1932 1332 1960 ".
1346 1932 1412 1959 Nam
1428 1932 1462 1960 ad
1477 1933 1663 1960 accessionem
1674 1933 1786 1968 majoris

999 1969 1170 2004 certitudinis
1179 1976 1439 2012 Deusjuramentum
1447 1977 1579 2006 adhibuit.
1590 1978 1641 2006 Per
1648 1986 1728 2013 quem
1737 1986 1771 2005 au

999 2027 1051 2049 tem
1061 2023 1238 2058 juravcrit,in
1248 2025 1426 2059 sequentibus
1434 2025 1515 2052 docet
1525 2025 1567 2053 bis
1578 2025 1684 2053 verbis:
1699 2025 1785 2053 Semel

994 2069 1086 2104 juravi
1112 2071 1138 2097 in
1165 2075 1256 2098 sancto
1285 2079 1352 2099 meo.
1376 2071 1427 2099 Ubi
1456 2073 1607 2108 perpendas
1624 2072 1671 2107 qui
1691 2073 1726 2100 sit
1742 2073 1784 2100 illc

999 2122 1111 2145 sanctus
1128 2116 1186 2149 Dei,
1199 2125 1247 2153 per
1263 2125 1343 2152 quem
1354 2118 1434 2153 quasi
1444 2126 1492 2154 per
1501 2118 1600 2146 Filium
1614 2120 1784 2154 unigenitum

997 2161 1089 2196 jurat,
1110 2163 1143 2189 ad
1173 2162 1384 2197 promissionem
1416 2163 1529 2190 omnino
1556 2163 1783 2191 conﬁrmandam.

1000 2208 1072 2235 Sane
1088 2217 1152 2236 vero
1174 2213 1300 2236 sanctum
1318 2210 1393 2237 illum
1409 2211 1450 2238 vel
1465 2210 1602 2238 damones
1617 2210 1643 2237 in
1662 2209 1783 2246 Evange-

999 2255 1043 2283 liis
1051 2255 1170 2283 conl‘essi
1183 2259 1258 2286 sunt.
1271 2264 1333 2283 cum
1349 2256 1538 2291 divinam'ejus
1552 2259 1723 2291 potestatem,
1731 2264 1782 2290 qua

999 2309 1028 2329 se
1051 2301 1182 2336 puniebat
1204 2305 1231 2328 ct
1251 2302 1378 2336 cjiciebat
1392 2310 1446 2330 non
1461 2302 1590 2334 ferentes,
1609 2302 1666 2329 hmc
1683 2302 1784 2329 clama-

998 2347 1064 2374 bant
1080 2357 1086 2373 :
1106 2346 1178 2379 Sine,
1189 2347 1251 2382 quid
1265 2347 1339 2374 nobis
1356 2353 1379 2375 et
1392 2348 1450 2380 tibi,
1467 2347 1531 2375 .lesu
1551 2347 1711 2376 Nazarene?
1725 2346 1784 2374 No-

996 2395 1078 2421 vimus
1097 2399 1120 2421 te
1132 2396 1189 2430 quis
1204 2395 1252 2427 sis,
1263 2400 1369 2422 sanctus
1381 2394 1429 2422 Dei
1442 2395 1472 2421 ¹⁸.
1482 2394 1534 2421 Per
1548 2394 1620 2422 hunc
1636 2394 1727 2429 itaque
1737 2394 1782 2429 ju-

998 2448 1064 2468 rans
1078 2440 1160 2474 Deus,
1178 2445 1208 2468 ut
1224 2446 1301 2476 pater
1312 2449 1360 2476 per
1371 2440 1541 2476 unigenitum
1556 2444 1583 2467 et
1602 2440 1731 2468 dilectum
1752 2439 1783 2466 li-

997 2486 1074 2517 lium,
1098 2485 1191 2513 Davidi
1221 2486 1430 2521 promissionem
1450 2485 1540 2512 dabat.
1568 2484 1644 2518 Quod
1669 2484 1727 2520 ipse
1745 2484 1782 2512 ita

997 2531 1075 2559 docet
1088 2541 1094 2559 :
1108 2531 1195 2559 Semel
1201 2532 1292 2566 juran
1306 2532 1332 2558 iu
1341 2536 1433 2558 sancto
1445 2540 1511 2564 meo,
1525 2532 1547 2558 si
1560 2531 1645 2559 Dauid
1657 2532 1779 2559 mentiar.

993 2578 1061 2605 Cum
1085 2582 1176 2606 autem
1193 2586 1299 2606 mecum
1318 2585 1477 2613 quaererem,
1489 2585 1538 2605 cur
1554 2578 1656 2606 nemini
1674 2582 1782 2606 sancto-

994 2632 1065 2656 rum,
1079 2625 1134 2652 nisi
1151 2624 1258 2656 Davidi,
1276 2625 1485 2660 promissionem
1501 2625 1536 2653 de
1564 2625 1668 2653 semine
1694 2625 1781 2660 ipsius

994 2678 1056 2697 cum
1072 2670 1230 2705 jurumento
1251 2670 1323 2697 Deus
1341 2670 1474 2703 ediderit;
1491 2670 1563 2698 hanc
1575 2678 1618 2698 Ine
1629 2670 1780 2705 deprehen-

994 2716 1068 2744 disse
1089 2724 1201 2744 causam
1221 2717 1326 2744 zestimo
1345 2727 1351 2744 :
1368 2716 1489 2752 comperi
1518 2725 1635 2752 namque
1651 2716 1779 2744 Davidem

995 2765 1057 2788 ante
1072 2762 1145 2789 illam
1166 2769 1180 2788 a
1198 2761 1254 2789 Deo
1278 2762 1328 2789 sibi
1354 2762 1444 2789 datam
1472 2762 1682 2798 promissionem
1702 2761 1780 2796 jura-

995 2811 1087 2835 mento
1114 2816 1194 2836 usum
1222 2807 1316 2836 fuisse.
1341 2808 1453 2836 Jurasse
1480 2813 1570 2836 autem
1590 2808 1677 2844 ipsqu
1698 2807 1777 2834 docet

996 2852 1115 2889 Spiritus
1139 2853 1248 2882 divinus
1267 2854 1294 2882 in
1316 2862 1407 2888 cxxxn,
1425 2854 1543 2882 dicens:
1566 2853 1705 2887 Memento,
1727 2851 1778 2879 Do-
