2032 3215
255 217 324 248 1075

576 219 711 249 EUSEBII
734 219 975 248 CASSARIENSIS
992 219 1067 248 OPP.
1090 219 1181 247 PARS
1198 219 1241 248 Ill.
1262 234 1296 240 -—
1317 218 1517 251 EXEGETICA.

1811 222 1877 250 1076

253 279 333 310 mine,
349 278 446 312 Dauid,
473 284 499 306 et
522 280 608 307 omnis
636 280 846 308 mansuetudinis
874 281 930 315 ejus
949 289 958 307 :
973 281 1037 307 sicut

1091 280 1237 316 πεποίηται
1250 280 1299 316 τὴν
1314 288 1346 306 πε
1351 280 1377 316 pl.
1389 280 1436 306 τοῦ
1451 280 1605 315 σπέρματος
1619 280 1700 307 αὑτοῦ
1714 280 1878 315 ἐπαγγελίαν

251 324 351 358 iuravit
377 324 501 356 Domino,
520 326 587 353 vovit
616 325 671 353 Deo
689 325 772 353 Iacob
786 334 795 352 :
812 326 842 354 Si
859 326 988 353 iutroiero
1013 326 1040 352 in

253 371 452 399 tabernaculum
477 372 572 400 domu:
599 381 673 404 metu,
689 373 713 400 si
735 373 876 400 ascendere
901 373 928 399 in
945 372 1040 399 lectum

252 418 332 445 strati
354 420 405 446 mei
418 427 427 445 :
441 419 465 446 si
481 419 576 447 dedero
593 427 714 446 somnum
727 420 811 447 oculis
828 420 902 451 meis,
917 424 942 447 et
952 420 1040 454 palpe-

253 463 307 491 bris
334 466 399 493 meis
425 465 659 497 dormitationem,
683 465 765 492 donec
792 466 923 493 inveniam
955 466 1040 493 locum

252 510 378 545 Domina,
395 512 595 539 tabernaculum
619 511 674 539 Deo
693 511 788 539 Iacob.
804 511 897 539 Davidi
916 512 973 540 haec
990 521 1039 540 vo-

252 554 326 581 venti
340 558 368 582 et
380 555 531 589 pollicenti,
543 563 575 583 ac
602 555 644 583 his
668 556 702 583 de
718 556 800 584 rebus
817 557 931 592 juranti,
946 565 1039 592 parem

252 598 324 627 Deus
336 600 425 628 vicem
440 601 681 636 reddens,juravit
697 605 725 629 et
743 601 812 636 ipse,
829 607 856 629 et
879 610 928 637 pro
944 603 1039 638 singu-

251 644 286 672 lis
309 646 555 680 pollicitationibus
576 647 700 682 singulas
729 648 832 680 retulit,
851 648 1038 682 juramentum

249 689 406 724 juramento
430 692 565 726 pensavit.
584 692 756 728 Quapropter
781 693 808 720 in
834 693 929 721 eodem
946 701 1038 727 cxm,

251 736 280 764 in
304 745 358 772 quo
379 737 481 766 dicitur
497 739 605 774 jurasse
629 739 770 771 Davidem,
789 739 888 768 deinde
913 740 1040 775 adjicitur

251 779 371 816 Spiritus
380 784 468 810 sancti
481 785 681 816 testimonium,
697 785 769 820 quod
781 785 822 812 sic
839 784 938 812 habet:
957 784 1039 812 Iura-

250 827 286 854 νει
307 827 438 857 Dominus
462 829 548 857 David
567 831 713 862 ueritatem,
736 835 760 858 et
787 839 839 858 non
864 831 1039 865 [rustrabitur

250 881 309 900 cum
327 882 336 900 :
350 873 390 902 De
408 875 498 910 fructu
523 877 621 904 uentris
639 878 678 904 tui
701 885 799 911 ponam
823 885 901 912 super
916 877 1037 904 thronum

249 923 333 945 tuum.
350 918 429 946 Prior
442 920 533 955 itaque
549 921 634 949 David
646 922 766 957 juravit;
779 922 878 950 deinde
892 923 978 950 vicem
993 930 1038 950 re~

249 964 373 999 pendens
387 965 469 999 Deus,
487 971 584 994 mutuo
608 973 635 996 et
648 956 712 1004 ipse
725 968 829 1003 juravit
847 978 855 996 :
874 969 948 1003 prior
973 968 1036 996 item
1053 956 1074 985 θ

248 1011 345 1044 David,
363 1013 410 1047 pia
426 1017 517 1041 motus
535 1014 710 1049 cogitatione,
727 1013 867 1049 quidpiam
888 1014 944 1042 Deo
959 1015 1038 1050 polli-

248 1057 319 1085 citus
335 1062 392 1092 est;
409 1059 474 1086 hinc
491 1058 564 1088 Deus
583 1068 632 1088 ceu
654 1061 769 1096 gratiam
797 1061 884 1097 gratia
905 1069 1035 1096 pensans,

248 1103 300 1137 ipsi
322 1104 382 1132 vice
396 1112 476 1133 versa
492 1106 630 1140 promisit,
652 1107 804 1134 secundum
826 1106 976 1135 Salvatoris
987 1115 1037 1134 no-

248 1149 298 1176 stri
325 1157 408 1178 voces
433 1159 495 1186 qua:
513 1152 554 1179 sic
566 1152 679 1182 habent.
699 1152 732 1179 In
747 1161 800 1188 qua
815 1161 941 1180 mensura
953 1154 1037 1180 mensi

247 1195 363 1230 fueritis,
379 1197 530 1224 remetietur
546 1197 628 1225 vobis.
655 1197 810 1226 Mansuram
829 1199 935 1232 bonam,
947 1200 1036 1234 agita-

247 1245 312 1273 tam,
329 1249 516 1276 compressam,
534 1245 766 1279 supero/ﬂuentem,
782 1244 882 1272 dabunt
902 1245 930 1271 in
947 1246 1032 1272 sinum

247 1291 362 1314 uestrum
374 1288 406 1315 ".
424 1287 483 1321 Qua
499 1297 627 1317 mensura
644 1290 728 1326 igitur
746 1290 831 1318 David
853 1299 964 1319 mensus
981 1297 1034 1324 est,

247 1339 309 1359 cum
325 1340 359 1360 ex
374 1333 446 1361 bona
461 1338 488 1361 et
503 1335 631 1370 religiosa
653 1336 819 1371 cogitatione
839 1343 1033 1372 congruentem

247 1379 455 1412 promissionem
476 1380 587 1415 juratus
608 1382 693 1413 dedit,
711 1382 805 1410 eadem
835 1391 962 1411 mensura
992 1391 1035 1411 re-

246 1431 360 1459 pensum
377 1426 416 1453 illi
429 1431 484 1459 est,
498 1434 530 1455 ac
548 1427 619 1455 datae
629 1433 693 1456 sunt
709 1429 748 1456 illi
764 1429 959 1458 retributiones
972 1438 1035 1465 pro.

247 1470 447 1508 missioneSque
458 1480 520 1500 cum
538 1473 696 1508 juramento
712 1473 770 1501 Dei.

1090 327 1104 351 ὁ
1119 325 1195 357 Θεὸς,
1212 325 1283 352 δοκῶ
1306 333 1351 360 μοι
1367 324 1468 360 ταύτην
1487 324 1643 359 εὑρηκέναι,
1658 320 1818 351 καταλαϐὼν
1832 324 1878 351 καὶ

1090 371 1171 398 αὑτὸν
1188 371 1233 398 τὸν
1253 371 1333 398 Δαυῖδ
1349 371 1422 406 ὅρκῳ
1435 371 1603 406 κεχρημένον
1615 370 1668 405 πρὸ
1682 370 1732 405 τῆς
1748 370 1816 406 πρὸς
1829 371 1877 396 αὑ-

1089 417 1135 444 τὸν
1146 417 1312 451 ἐπαγγελίας
1325 416 1372 444 τοῦ
1387 416 1464 443 Θεοῦ.
1473 415 1661 451 Ὀμωμοκέναι
1673 415 1700 442 δὲ
1714 415 1796 442 αὑτὸν
1809 416 1879 443 διδά-

1091 472 1151 490 σκει
1163 464 1193 490 τὸ
1210 463 1280 490 θεῖον
1293 463 1407 498 Πνεῦμα
1424 463 1454 489 ὲν
1465 462 1521 498 ρλα’
1533 462 1610 496 λέγον
1620 469 1626 476 ·
1640 461 1808 495 Μνήσθητι,
1823 463 1878 488 Κύι

1085 519 1144 544 pte,
1157 510 1211 537 τοῦ
1227 509 1327 543 Δαυῒδ,
1341 509 1390 537 καὶ
1401 509 1502 542 πάσης
1514 508 1570 542 τῆς
1581 508 1749 542 πραΰτητος
1766 507 1859 535 αὑτοῦ
1870 516 1876 523 ·

1089 557 1130 589 ώς
1148 555 1247 591 ὤμοσε
1268 555 1308 588 τῷ
1327 556 1434 590 Kvpltp,
1447 554 1559 589 ηὔξατο
1572 553 1612 586 τῷ
1629 553 1690 586 Θεῷ
1707 553 1808 581 Ἰακώϐ
1817 561 1824 569 ·
1845 554 1878 581 El

1089 602 1300 636 εἰσελεύσομαι
1314 602 1357 634 εις
1370 600 1516 635 σκήνωμα
1530 599 1616 627 οἴκου
1635 609 1705 635 μου,
1720 601 1748 626 ει
1771 599 1879 633 ἀναϐή-

1090 656 1180 682 σομαι
1192 647 1242 674 ἐπὶ
1257 647 1366 680 κλίνης
1380 646 1538 681 στρωμνῆς
1552 655 1611 681 μου
1623 653 1631 661 '
1643 647 1670 673 εὶ
1682 645 1768 673 δώσω
1782 646 1879 673 ὕπνον

1089 694 1150 728 τοῖς
1171 693 1334 728 ὀφθαλμοῖς
1346 701 1416 728 μου,
1430 693 1480 720 καὶ
1493 692 1555 726 τοῖς
1573 691 1740 727 ,ϐλεφάροις
1751 701 1812 727 μου
1825 701 1878 720 νυ-

1089 740 1232 775 στατμὺν,
1247 739 1302 773 ἓως
1318 737 1354 767 οὗ
1367 739 1442 773 εὕρω
1456 739 1550 765 τόπον
1562 739 1602 772 τῷ
1613 739 1723 773 Κυρίῳ,
1737 738 1879 773 σκήνωμα

1088 786 1129 819 τῷ
1150 785 1211 818 Θεῷ
1231 784 1339 812 Ἰακώϐ.
1356 783 1474 811 Τοιαῦτα
1490 784 1631 821 εὐξαμένῳ
1647 785 1694 812 καὶ
1715 784 1879 818 ἐπαγγειλα-

1090 832 1163 868 μένῳ
1184 831 1223 868 τῷ
1244 830 1340 864 Acuta,
1355 831 1402 857 καὶ
1425 831 1472 857 ἐπὶ
1492 831 1623 863 τοιούτοις
1649 831 1818 866 ὸμωμοκότι,
1830 830 1878 866 τὴν

1089 877 1150 914 τσην
1163 877 1279 914 ἀμοιϐὴν
1294 876 1443 908 ἀντιδιδοὺς
1460 878 1474 904 ὸ
1490 877 1557 909 Θεὸς
1573 876 1662 912 αὐτῷ,
1676 876 1820 912 ἀντομνύει
1833 878 1880 903 καὶ

1088 925 1177 957 αὐτὸς,
1190 925 1237 951 καὶ
1257 922 1506 957 ἀντεπαγγέλλεται
1526 922 1555 949 ἓν
1574 922 1631 949 ἀνθ’
1646 923 1705 954 ἑνὸς
1720 922 1817 955 διδοὺς,
1832 922 1880 950 καὶ

1088 971 1163 1006 ὅρκῳ
1170 969 1216 995 τὸν
1227 969 1307 1004 ὅρκον
1319 968 1510 1004 ἀμειϐόμενος,
1520 968 1620 1003 Διόπερ
1634 968 1664 994 ὲν
1674 967 1749 1002 αὑτῷ
1758 968 1797 1002 τῷ
1810 968 1877 1003 pla},

1087 1017 1116 1042 έν
1130 1012 1152 1050 ᾧ
1165 1015 1274 1049 λέγεται
1296 1015 1471 1050 ὀμωμοκέναι
1485 1015 1500 1041 6
1518 1013 1610 1045 Δαυῒδ,
1633 1014 1767 1049 συνῆπται
1786 1014 1878 1049 έξῆςή

1087 1061 1133 1088 τοῦ
1159 1061 1237 1096 ἁγίου
1259 1061 1417 1097 Πνεῦματος
1438 1060 1585 1096 μαρτυρία,
1608 1057 1659 1088 ὧδέ
1681 1066 1719 1095 πη
1742 1059 1877 1095 λέγουσα’

1088 1110 1197 1143 Ὦμοσε
1212 1109 1319 1142 Κύριος
1330 1107 1370 1140 τῷ
1383 1106 1474 1134 Δαυῒδ
1483 1105 1637 1139 ἀλήθειαν,
1651 1106 1700 1133 και
1713 1107 1750 1133 οὐ
1758 1106 1801 1141 μὴ
1817 1107 1879 1134 ἀθε-

1087 1154 1174 1188 τήσει
1185 1154 1289 1181 αὐτόν.
1298 1154 1346 1180 Ἐκ
1355 1152 1470 1187 καρποῦ
1484 1151 1540 1186 τῆς
1554 1152 1672 1185 κοιλίας
1681 1160 1739 1179 σου
1751 1152 1880 1187 θήσομαι

1087 1200 1136 1226 ἐπὶ
1147 1199 1316 1233 τοῦθρόνου
1327 1206 1395 1226 σου.
1408 1197 1513 1225 Οὐκοῦν
1526 1197 1633 1233 πρῶτος
1643 1197 1750 1233 ὤμοσεν
1762 1199 1776 1224 ὁ
1786 1198 1877 1229 Δαυῖδ,

1088 1245 1149 1273 εἶτα
1162 1245 1342 1281 ἀμειϐόμενος
1358 1244 1438 1271 αὐτὸν
1449 1245 1462 1270 ὁ
1474 1244 1551 1276 Θεὸς,
1565 1243 1735 1279 ἁντωμοσίαν
1748 1244 1816 1279 πρκ
1832 1244 1879 1270 αὑ-

1087 1292 1133 1319 τὸν
1145 1292 1306 1326 έποιήσατω
1320 1291 1367 1318 καὶ
1385 1289 1491 1326 πρῶτος
1505 1291 1520 1316 ὀ
1531 1288 1622 1321 Δαυῒδ,
1640 1289 1748 1316 εὐσεϐεῖ
1757 1290 1879 1326 λογισμῷ

1089 1338 1220 1374 κινηθεὶς,
1234 1337 1416 1373 ἐπηγγείλατό
1430 1345 1456 1363 τι
1470 1336 1509 1371 τῷ
1521 1335 1580 1371 Θεῷ
1589 1344 1596 1351 ·
1609 1333 1669 1362 εἶτα
1682 1336 1763 1363 πάλιν
1775 1337 1790 1362 ὁ
1801 1336 1877 1369 Θεὸς,

1089 1384 1182 1420 ὥσπερ
1200 1383 1347 1415 ἀντιδιδοὺς
1363 1382 1436 1417 αὐτῷ
1450 1382 1528 1418 χάριν
1548 1381 1608 1409 ἀντὶ
1628 1382 1750 1417 χάριτος,
1768 1382 1816 1408 καὶ
1834 1381 1880 1408 αὺ-

1087 1431 1133 1462 τδς
1149 1429 1380 1465 ἀντεπηγγεῑλατο
1394 1429 1454 1460 ταῖς
1467 1427 1514 1454 τοῦ
1529 1427 1655 1463 Σωτῆρος
1670 1428 1687 1463 ἡ
1692 1427 1749 1463 μῶν
1765 1427 1878 1454 ἀκολού-

1089 1476 1142 1508 θως
1156 1477 1268 1510 φωναῖς,
1282 1475 1315 1501 δι’
1328 1471 1366 1502 ὢν
1379 1482 1460 1509 φησιν
1469 1482 1476 1489 ·
1495 1471 1532 1508 ᾯ
1548 1473 1646 1508 μέτρῳ
1669 1474 1814 1508 μετρεῖτε,
1826 1474 1880 1500 ἀν’-

245 1518 488 1553 τιμετρηθήσεται
503 1519 584 1554 ὑμῖν.
602 1519 718 1554 Métpor
732 1520 838 1552 καλὸν,
853 1521 1089 1555 σεσαλευμένον,
1115 1521 1327 1556 πεπιεσμένον,
1347 1520 1637 1554 ῠπερεκχυνόμενον,
1661 1518 1814 1546 δώσουσιν
1836 1521 1879 1554 εις

245 1565 298 1592 τὸν
311 1566 426 1592 κόλπον
437 1564 530 1600 ὑμῶν.
546 1562 582 1592 Ὦ
595 1566 689 1602 μέτρῳ
710 1566 799 1593 τοίνυν
823 1567 870 1594 καὶ
884 1568 899 1593 ὁ
914 1567 996 1594 Δαυϊδ
1023 1569 1190 1605 ἐμέτρησεν,
1205 1569 1247 1595 ἐπ’
1271 1567 1365 1602 ἁγαθῷ
1392 1567 1438 1594 καὶ
1453 1566 1573 1593 θεοσεϐεῖ
1586 1566 1707 1602 λογισμῷ
1721 1566 1879 1603 πρέπουσαν

245 1613 412 1647 ἐπαγγελίαν
430 1613 488 1648 μεθ’
516 1613 599 1649 ὅρκου
616 1613 809 1649 ποιησάμενος,
823 1614 1009 1650 ἅντεμετρήθη
1043 1616 1126 1652 αὐτῷ,
1161 1616 1208 1643 καὶ
1224 1616 1339 1643 δίδονται
1356 1615 1430 1651 αὐτῷ
1445 1614 1569 1651 ἀμοιϐαὶ,
1586 1615 1615 1642 αἱ
1637 1614 1800 1649 ἐπαγγελίαι
1818 1615 1877 1651 μεθ’

245 1659 423 1695 ὁρκυηιοσιας.
433 1659 515 1687 Θεοῦ,

281 1719 351 1753 Quid
366 1719 418 1748 sibi
433 1719 499 1747 velit
513 1723 602 1748 autem
616 1720 661 1748 illa
679 1718 788 1749 Davidis
803 1729 865 1749 cum
877 1721 1037 1757 juramento

1124 1722 1199 1749 Τί“δὲ
1214 1720 1337 1757 βούλεται
1351 1721 1368 1756 ὴ
1384 1719 1431 1746 τοῦ
1446 1719 1527 1746 Δαυτδ
1545 1718 1605 1754 μεθ’
1620 1719 1702 1754 ὅρκου
1717 1718 1876 1753 ἐπαγγελία,

246 1765 418 1801 pollicitatio,
432 1765 490 1800 jam
509 1766 678 1802 perpendere
694 1771 879 1802 opportunum
891 1767 953 1795 erit.
968 1766 1036 1795 Cum

246 1811 351 1838 videret
367 1815 463 1846 gentes
489 1819 538 1846 per
555 1814 643 1839 totum
671 1812 766 1840 orbem
783 1812 920 1841 diabolico
938 1814 1038 1841 multo-

245 1865 308 1884 rum
324 1857 469 1884 numinum
487 1858 575 1885 errori
597 1858 747 1893 subjectas,
764 1866 796 1886 ac
822 1859 923 1894 ubique
950 1863 1038 1887 terra-

247 1910 307 1930 rum
335 1903 446 1938 telnpla,
462 1903 589 1936 delubra,
607 1911 687 1932 sacra
715 1904 844 1941 malignis
867 1905 1038 1934 daemonibus

246 1956 294 1984 per
315 1949 409 1981 urbes,
424 1949 552 1984 regiones
573 1954 600 1977 et
612 1950 687 1978 vic0s
700 1951 831 1984 excitata,
852 1959 884 1979 ac
896 1951 924 1980 in
937 1951 1038 1979 monti—

245 1994 297 2022 bus
326 1998 354 2022 et
381 1994 498 2023 collibus
526 1995 679 2030 improbam
707 1995 781 2023 illam
804 2000 838 2030 et;
853 1996 1037 2025 adversariam

246 2042 407 2075 potestatem
435 2040 507 2075 apud
538 2048 634 2069 omnes
662 2041 787 2070 homines
822 2043 962 2075 honorari,
990 2043 1038 2070 Dei

246 2089 338 2112 autem
354 2085 476 2112 omnium
494 2086 600 2121 opiﬁcis
616 2090 644 2114 et
659 2088 812 2115 conditoris
836 2096 871 2116 ne
896 2089 1036 2116 minimam

246 2138 361 2166 usquam
384 2132 544 2159 memoriam
565 2133 684 2167 servari;
701 2133 735 2161 de
759 2142 788 2162 re
810 2135 859 2161 tali
878 2135 1037 2162 vulneratus

246 2177 349 2208 animo.
359 2177 486 2213 bonoque
497 2178 588 2206 studio
599 2179 738 2213 incensus,
751 2180 902 2208 secundum
919 2188 981 2208 eum
990 2180 1042 2215 qui

246 2222 325 2255 dixit,
333 2220 395 2250 Zeto
404 2223 506 2250 zelatus
520 2230 579 2250 sum
590 2223 741 2257 Domino“,
752 2229 844 2252 votum
857 2226 929 2253 vovit
942 2230 969 2254 et
978 2231 1038 2262 pro-

247 2267 404 2295 missionem
414 2267 509 2302 cdidit,
520 2276 602 2303 quam
610 2269 791 2304 jurejurando
804 2271 948 2304 astrinxit;
966 2271 1038 2298 vide-

248 2313 309 2340 licet
321 2313 615 2348 se‘primum,omnium
625 2315 681 2350 regi
692 2313 746 2342 Deo
757 2316 886 2350 templum
895 2320 921 2344 et
927 2323 1036 2344 sacrum

245 2360 352 2387 interra
360 2359 586 2392 excitaturum,in
597 2368 651 2396 quo
661 2361 866 2389 tabernaculum
875 2363 1034 2396 testimonii,

244 2409 271 2432 ct
295 2413 391 2433 arcam
409 2405 578 2434 Testamenti
604 2414 620 2434 a
649 2406 742 2443 Moyse
768 2408 797 2435 in
824 2409 936 2437 deserto
952 2410 1032 2445 jussu
1050 2405 1072 2433 D

244 2451 293 2479 De!
313 2456 512 2485 constructam,
531 2452 690 2490 deponeret.
713 2453 782 2481 Nam
806 2454 853 2482 illa
868 2455 903 2483 ad
927 2461 1034 2492 tempus

245 2503 332 2532 usque
352 2497 465 2527 Davidis
485 2500 701 2535 circumquaque
724 2499 873 2533 ferebatur,
897 2505 928 2529 et
944 2509 960 2528 a
974 2502 1035 2530 loco

245 2545 272 2570 in
292 2544 394 2576 locum,
418 2552 450 2572 ac
471 2546 553 2573 modo
573 2547 600 2573 in
621 2545 744 2581 Galgala,
762 2547 843 2574 modo
858 2547 885 2574 in
910 2547 1034 2576 Manase-

244 2589 310 2624 pha,
325 2596 388 2616 mox
401 2590 430 2616 in
445 2589 514 2622 Silo,
540 2592 687 2626 aliquando
703 2592 774 2627 apud
792 2593 955 2629 allophylos,
971 2594 1034 2622 inde

244 2635 272 2662 in
299 2635 438 2670 Bcsamys,
455 2636 519 2664 binc
539 2638 570 2664 in
587 2636 778 2671 Cariathirim,
803 2643 897 2674 pOstea
922 2640 950 2666 in
980 2640 1033 2667 do-

244 2690 318 2709 mum
331 2681 494 2716 Atninadab,
506 2683 569 2711 inde
585 2684 612 2710 in
626 2684 737 2712 domum
754 2685 909 2719 Abeddara,
919 2686 1031 2714 advecta

244 2726 313 2758 fuit,
330 2727 402 2755 unde
422 2735 482 2755 eam
508 2728 536 2755 in
557 2730 652 2756 urbem
677 2729 743 2758 Sion
772 2729 858 2758 David
879 2732 1029 2759 transtulit;

243 2774 322 2806 Quod
336 2774 382 2802 ille
396 2775 582 2810 conspicatus,
601 2775 712 2803 domum
733 2785 840 2805 sacram
855 2782 882 2806 et
899 2778 1030 2813 templum

243 2820 365 2849 excitare
380 2821 519 2856 cogitavit,
538 2821 584 2849 ubi
596 2829 686 2850 arcam
699 2822 746 2851 Dei
769 2823 917 2859 deponeret
934 2829 960 2852 ct
974 2829 1031 2852 sla~

281 2941 302 2960 τ’
323 2943 417 2971 Matth.
436 2951 489 2972 vn.
507 2944 545 2974 ες
568 2943 633 2973 Luc.
653 2953 697 2975 v1.
714 2945 757 2972 58.

1088 1768 1226 1804 θεωρῆσαι
1241 1766 1344 1803 καιρός.
1354 1765 1440 1802 Ὁρῶν
1455 1765 1490 1792 τὰ
1507 1764 1567 1792 καθ’
1579 1764 1642 1804 ὅλης
1655 1765 1704 1801 τῆς
1717 1765 1878 1800 οἰκουμένης

1088 1814 1150 1850 ἔθνη
1166 1815 1198 1850 τῇ
1215 1814 1359 1849 δαιμονικῇ
1379 1813 1427 1839 καὶ
1442 1811 1564 1847 πολυθέῳ
1578 1810 1667 1846 πλάνῃ
1680 1810 1876 1846 δεδουλωμένα,

1088 1860 1135 1886 καὶ
1157 1859 1294 1894 πανταχοῦ
1316 1858 1369 1894 γῆς
1394 1858 1475 1890 ναοὺς
1494 1857 1542 1884 καὶ
1562 1854 1664 1892 τεμένη
1686 1855 1732 1882 καὶ
1747 1856 1808 1891 ἱερὰ
1824 1856 1877 1888 τοῖς

1087 1907 1216 1941 πονηροῖς
1236 1903 1360 1939 δαίμοσιν
1377 1903 1593 1940 ἀνεγηγερμένα,
1614 1903 1642 1929 έν
1663 1911 1693 1929 τε
1714 1902 1809 1929 πόλεσι
1831 1903 1877 1929 καὶ

1087 1950 1189 1986 χώραις
1202 1950 1248 1977 καὶ
1260 1950 1377 1985 κώμαις,
1394 1950 1424 1976 ὲν
1438 1949 1513 1984 δρεσι
1536 1957 1565 1975 τε
1588 1948 1634 1975 καὶ
1650 1948 1754 1984 βουνοῖς
1770 1947 1819 1983 τὴν
1833 1957 1877 1974 πυ-

1088 1996 1174 2032 νηρὰν
1187 1996 1234 2023 καὶ
1250 1995 1442 2031 ἀντικειμένην
1457 1994 1571 2030 δύναμιν
1589 1993 1664 2029 παρά
1679 1995 1760 2020 πᾶσιν
1773 1993 1876 2031 ἀνθρώτ

1089 2050 1149 2074 ποις
1162 2043 1319 2077 τιμωμένην
1329 2050 1335 2056 ·
1354 2041 1421 2068 Θεοῦ
1433 2040 1462 2067 δὲ
1474 2040 1521 2068 τοῦ
1536 2041 1644 2067 πάντων
1662 2039 1774 2075 ποιητοῦ
1789 2048 1818 2067 τε
1830 2040 1875 2066 καὶ

1088 2087 1253 2124 δημιουργοῦ
1272 2087 1396 2123 μηδαμοῦ
1413 2087 1523 2122 μνήμην
1536 2085 1612 2121 παρά
1624 2092 1680 2112 τισι
1694 2084 1855 2121 γιγνομένην
1867 2094 1874 2101 ·

1087 2134 1196 2170 δηχθεὶς
1211 2134 1260 2169 τὴν
1277 2133 1366 2169 ψυχὴν
1381 2134 1426 2160 ἐπὶ
1443 2133 1482 2169 τῷ
1494 2133 1647 2169 πράγματι,
1660 2134 1706 2160 καὶ
1720 2132 1803 2168 ζῆλον
1810 2135 1875 2168 ἁγα-

1088 2179 1133 2206 θδν
1150 2179 1285 2215 ζηλώσας,
1305 2179 1376 2206 κατὰ
1396 2178 1442 2206 τὸν
1466 2180 1592 2206 εἰπόντα⁸
1621 2178 1721 2214 Ζῆλον
1743 2179 1875 2214 ἐζήλωσα

1087 2225 1128 2259 τῷ
1147 2226 1254 2261 Κυρίῳ,
1271 2225 1351 2261 εὐχὴν
1370 2225 1482 2260 ηὔξατο,
1495 2226 1543 2252 καὶ
1558 2226 1725 2260 ἐπαγγελίαν
1746 2224 1875 2260 ἐπηγγεί-

1087 2274 1161 2306 λατο,
1176 2274 1222 2300 καὶ
1236 2272 1337 2308 ταύτην
1351 2272 1425 2308 ὅρκῳ
1438 2272 1605 2308 κατεδήσατο
1618 2271 1636 2308 ἦ
1651 2273 1704 2308 μὴν
1714 2272 1752 2307 τῷ
1767 2272 1875 2308 παμϐα-

1089 2319 1158 2346 σιλεῖ
1173 2318 1231 2354 Θεῷ
1250 2318 1357 2354 πρῶτος
1370 2317 1436 2345 νεὼν
1449 2318 1496 2345 ἐπὶ
1509 2319 1561 2354 γῆς
1573 2318 1618 2344 καὶ
1633 2318 1704 2354 ἱερὸν
1715 2318 1793 2352 ἅγιον
1805 2319 1874 2344 οἱκο-

1087 2366 1225 2402 δομήσειν,
1243 2365 1306 2392 ἔνθα
1326 2364 1374 2400 τὴν
1395 2363 1497 2400 σκηνὴν
1523 2364 1569 2391 τοῦ
1597 2364 1745 2400 μαρτυρίου
1767 2364 1814 2390 καὶ
1828 2362 1876 2399 τὴν

1088 2411 1202 2439 κιϐωτὸν
1228 2410 1276 2446 τῆς
1301 2408 1439 2446 Διαοήκης
1460 2411 1509 2446 τὴν
1526 2411 1578 2437 ὑπὸ
1593 2410 1731 2442 Μωῡσέως
1747 2411 1818 2437 κατὰ
1829 2410 1875 2446 τὴν

1087 2458 1190 2494 ἔρημον
1219 2457 1252 2483 ἐκ
1280 2456 1489 2493 προστάγματος
1520 2455 1587 2482 Θεοῦ
1610 2455 1875 2484 κατασκευασθεῖσαν

1087 2504 1254 2539 ἀποθέμενος
1267 2502 1444 2530 ἀναπαύσειν.
1461 2502 1611 2538 Περιήγετο
1623 2502 1688 2536 γοῦν
1703 2497 1752 2528 ὦδε
1767 2500 1875 2528 κάκεῖσε

1089 2551 1169 2586 μέχρι
1186 2549 1240 2576 τῶν
1256 2549 1302 2576 τοῦ
1316 2549 1398 2576 Δαυῖδ
1411 2548 1515 2584 χρόνων
1529 2548 1612 2575 τόπου
1626 2548 1873 2584 μετακομιζομένη,

1088 2594 1153 2621 ποτὲ
1171 2595 1219 2630 μὲν
1235 2596 1264 2621 ὲν
1279 2594 1437 2628 Γαλγάλοις,
1455 2593 1521 2620 ποτὲ
1535 2593 1564 2620 δὲ
1582 2595 1610 2620 ὲν
1627 2592 1793 2629 Μανασῆφα,
1812 2593 1875 2620 ποτὲ

1086 2640 1114 2667 δὲ
1127 2642 1155 2667 ὲν
1168 2639 1255 2676 Σηλὼ,
1270 2640 1317 2667 καὶ
1330 2640 1422 2668 ἄλλοτε
1441 2639 1504 2675 παρ’
1516 2639 1683 2674 ἀλλοφύλοις,
1696 2638 1823 2666 κάκεῖθεν
1838 2639 1874 2669 εἰς

1086 2687 1221 2721 Βεσαμὺς,
1237 2687 1313 2714 ἐνθεν
1342 2688 1380 2718 εις
1407 2685 1621 2722 Καρειαθιρείμ·
1645 2683 1705 2712 εἶτα
1733 2687 1773 2717 εἰς
1803 2683 1874 2711 οἷκον

1093 2732 1240 2768 Ἀμιναδάϐ
1250 2741 1256 2749 ⁸
1270 2733 1397 2760 κάκεῖθεν
1412 2733 1452 2764 είς
1469 2730 1543 2759 οἷκον
1565 2731 1711 2767 Ἀϐεδδαρά
1721 2740 1727 2745 ·
1743 2731 1820 2758 ἔνθεν
1836 2731 1872 2762 εἰς

1086 2778 1155 2805 Σιὼν
1171 2779 1220 2814 τὴν
1244 2779 1321 2806 πόλιν
1334 2780 1347 2805 ὁ
1364 2778 1444 2806 Δαυῖδ
1461 2778 1694 2814 μετεστήσατο.’¹0
1710 2777 1742 2813 δὴ
1761 2775 1872 2803 συνιδὼν

1085 2824 1236 2859 γινόμενον,
1252 2825 1374 2861 διενοήθη
1389 2823 1463 2852 οἶκον
1483 2823 1555 2859 ἱερὸν
1579 2824 1684 2858 ἐγεῖραι
1702 2823 1748 2850 καὶ
1757 2822 1823 2850 ναὸν
1834 2821 1874 2850 al»

799 2946 820 2963 η
838 2945 870 2972 tn
887 2944 950 2976 Rea.
972 2953 1032 2977 xu,
1058 2945 1100 2977 to,
1121 2946 1161 2973 li».
1745 2938 1752 2948 ’
1781 2942 1796 2947 ”
1812 2951 1842 2958 ν
