2032 3215
155 222 227 250 1073

681 219 933 249 εονκεΝΤΑιιιΑ
950 218 992 247 m-
1002 218 1175 249 PSAEMOS.
1220 203 1249 244 (ο
1263 197 1286 238 ’ὃ

1706 220 1781 249 1078'

152 279 317 315 κοδομῆσαι,
330 278 447 307 ἐνταῦθά
457 287 487 305 τε
498 277 547 314 τὴν
560 277 675 305 κιϐωτὸν
688 278 795 314 ἱδρῦσαι
801 277 848 305 τοῦ
860 277 936 305 Θεοῦ.

990 277 1091 306 biliret.
1108 277 1172 310 Quav
1183 276 1216 305 de
1232 284 1262 304 re
1271 276 1356 305 David
1369 276 1486 305 Domino
1497 276 1612 313 juravit,
1636 280 1664 305 et
1682 280 1776 306 votum

153 325 207 351 Καὶ
223 323 287 360 περὶ
302 323 398 351 τούτου
410 323 500 360 ὤμοσε
518 323 598 351 Δαυῒδ
609 323 648 359 τῷ
662 324 767 360 Κυρίῳ,
781 326 829 351 καὶ
840 323 941 360 ηὔξατο

152 367 191 403 τῷ
207 367 267 403 Θεῷ
287 367 384 395 Ἰακὼὸ
400 368 501 402 λέγων·
520 370 555 396 Et
570 369 780 404 εἰσελεύσομαι
798 370 841 402 εὶς
862 370 939 404 σκή-

151 422 235 449 νωμα
248 414 333 442 οτκου
342 423 413 449 μου,
425 416 451 442 εἱ
465 414 651 450 ἀναϐήσομαι
662 415 711 442 ἐπὶ
724 416 830 449 κλίνης
845 424 935 450 στρω-

148 458 231 494 μνῆς
238 468 310 494 μου,
325 460 352 486 εὶ
363 459 449 486 δώσω
464 459 562 486 ὕπνον
572 460 635 493 τοῖς
648 461 812 495 ὀφθαλμοῖς
817 470 877 495 μου
890 462 939 488 καὶ

151 505 214 539 τοῖς
224 506 392 540 βλεφάροις
410 515 469 540 μου
485 507 667 541 νυσταγμὸν,
683 507 738 540 ἕως
754 506 790 535 οὗ
803 508 878 542 εὕρω
893 509 940 535 τό-

151 559 210 579 κον
223 551 264 584 τῷ
276 552 383 586 Κυρίῳ,
396 551 540 586 σκήνωμα
552 553 593 586 τῷ
608 553 668 586 Θεῷ
687 553 793 580 Ἰακώϐ.
808 553 901 581 Ταῦτα
912 554 941 581 δὲ

150 598 235 625 αὐτοῦ
256 599 451 634 διανοηθέντος,
473 599 522 635 τὴν
546 599 595 634 μὲν
615 600 775 635 προαιρεσιν
794 600 844 635 τῆς
865 601 940 627 εὐσε-

151 644 226 676 ϐείας
243 644 402 680 ἀποδέχεται
414 646 427 671 ὀ
443 645 508 677 Θεός
518 653 525 661 ·
538 646 568 672 οὺ
586 646 638 681 μὴν
652 646 793 682 ἐπιτρέπει
810 647 856 673 τὸν
868 645 940 674 οἷκον

150 690 290 724 γενέσθαν
308 691 345 726 μὴ
361 691 414 726 γὰρ
429 691 531 718 δεῖσθαι
554 691 620 718 Θεδν
633 692 696 719 ὄντα
711 693 784 720 οἴκου
799 693 938 728 αἰσθητοῦ,

152 736 215 772 μηδ’
226 737 256 769 ἐξ
265 737 376 772 ἀψύχων
390 737 470 766 λίθων
487 738 630 773 οἰκοδομῆς
648 740 847 775 συπησομένου
860 749 866 755 ·
882 741 939 767 ἀλλ’

149 783 174 808 εἰ
187 783 241 818 ἄρα
259 783 341 818 ἐχρῆν
359 783 425 810 Θεὸν
441 784 524 810 οἰκεῖν
538 785 584 811 ἐπὶ
597 786 658 820 γῆς,
676 786 708 812 ὲκ
724 786 879 822 σπέρματος
892 787 940 813 αὑ-

147 827 206 859 τοῦ,
220 828 266 855 τοῦ
280 829 359 855 Δανῒδ
373 830 583 865 προελεύσεσθαι
593 831 640 858 τὸν
650 831 843 867 ὑποδεξάμενον
855 833 938 859 αὐτοῦ

148 874 198 909 τὴν
216 874 340 910 θεότητιι,
359 875 388 907 ὃς
407 876 454 902 καὶ
469 877 640 912 οἰκοδομήσει
656 877 695 912 τῷ
708 878 767 913 Θεῷ
782 879 891 910 ἐπάξιον
903 880 939 905 ἱε-

149 920 196 955 ρδν
213 918 287 946 οἶκον
306 922 352 947 καὶ
369 922 432 948 ναὸν
442 922 529 956 ἆγιον.
542 919 572 949 οὗ
587 924 631 950 τὸν
647 924 740 960 θρόνον
755 926 794 956 εις
810 925 855 951 τδν
871 925 940 960 σύμ-

148 975 240 993 παντα
254 967 408 1003 διαρκέςειν
421 968 517 995 αῑῶνα.
527 969 636 1004 Ἑδήλου
652 970 679 996 δὲ
694 970 747 1005 ἄρα
763 970 809 997 τὸν
823 972 939 1006 Χριστὸν

147 1011 231 1039 αὑτοῦ
251 1013 296 1039 τὸν
318 1014 353 1039 ὲκ.
366 1013 522 1049 σπέρματος
541 1015 622 1041 Δαυῖδ
641 1016 712 1042 κατὰ
726 1016 815 1051 σάρκα
828 1017 939 1052 γενησό-

148 1066 240 1092 μενον,
260 1058 308 1085 καὶ
331 1059 379 1094 τὴν
401 1059 435 1085 δι’
449 1059 532 1086 αὑτοῦ
551 1060 611 1087 καθ’
626 1061 690 1097 ὅλης
707 1062 757 1097 τῆς
777 1062 938 1098 οἰκουμένης

147 1106 353 1142 συστησομένην
369 1106 605 1143 Ἐκκλησίαν.”οτι
617 1109 644 1135 δὲ
656 1110 733 1136 ταῦθ’
747 1110 832 1142 οὕτως
843 1110 908 1146 ἔχει.
919 1113 936 1147 ἠ

145 1151 200 1178 τῶν
224 1151 372 1179 Βασιλειῶν
396 1153 487 1189 γραφὴ
511 1155 604 1182 τοῦτον
627 1155 746 1183 διδάσκει
763 1157 808 1185 τὸν
819 1157 935 1193 τρόπον·

145 1196 200 1223 Kal
216 1196 334 1231 ἐγένετο
349 1198 398 1225 ὅτε
409 1198 529 1226 ἐκάθισε
545 1199 635 1227 Δαυῒδ
649 1201 683 1227 ἐν
694 1200 733 1233 τῷ
748 1202 819 1235 οἴκῳ
831 1203 935 1235 αὑτοῦ,

146 1242 195 1268 καὶ
211 1243 318 1277 Κύριος
335 1247 635 1280 κατεκληρονόμησεν
650 1247 742 1274 αὑτὸν
764 1249 865 1281 κύκλῳ
878 1249 937 1276 ἀπὸ

147 1286 269 1314 πάντων
281 1288 339 1316 τῶν
354 1290 468 1324 ἐχθρῶν
483 1292 562 1324 αὐτῷ
572 1302 578 1308 ·
594 1294 642 1320 καὶ
657 1292 741 1320 εἶπεν
755 1295 772 1321 ὀ
787 1295 936 1328 ,βασιλεὺς

147 1332 224 1366 πρὸς
239 1335 342 1362 Ναθὰν
357 1336 409 1363 τὸν
421 1337 591 1372 προφήτην·
614 1339 686 1366 Ἰδοὺ
706 1340 744 1374 δὴ
761 1340 818 1375 ἐγὼ
839 1348 936 1367 κατοι-

146 1376 189 1404 κῶ
201 1378 237 1404 ἐν
249 1379 320 1413 οῑκῳ
333 1380 466 1414 κεδρίνῳ,
483 1383 531 1409 καὶ
549 1384 568 1417 ὴ
583 1384 704 1417 κιϐωτὸς
717 1385 770 1412 τοῦ
790 1386 863 1412 Θεοῦ
886 1386 936 1413 κά-

146 1424 232 1457 θηται
249 1424 283 1451 ὲν
293 1425 378 1459 μέσῳ
400 1425 454 1460 τῆς
462 1428 580 1462 σκηνῆς
591 1437 598 1444 ·
613 1430 642 1464 ἦ,
657 1430 692 1456 ὲν
702 1430 786 1464 μέσῳ
797 1430 934 1465 δέρῤεως,

146 1467 185 1500 ὡς
209 1469 226 1505 ἡ
249 1469 378 1507 Ἐίραῖκὴ
407 1471 479 1503 λέξις
505 1474 642 1508 σημαίνει.
668 1474 723 1501 Kal
749 1473 814 1502 εἶπε
833 1477 935 1503 Ναθὰν

147 1519 222 1550 apo;
243 1515 296 1542 τὸν
314 1516 460 1548 ,βασιλέαι
480 1518 580 1546 Πάντα
595 1519 653 1546 ὅσα
666 1519 704 1546 ἂν
721 1520 756 1547 ὲν
774 1521 813 1555 τῇ
828 1521 942 1556 καρδίαι

145 1567 205 1587 σου
222 1560 324 1592 βάδιῶ
346 1561 395 1588 καὶ
416 1563 502 1595 ποίει,
525 1563 569 1590 ὅτι
589 1565 695 1599 Κύριος
704 1565 782 1599 μετὰ
794 1566 862 1593 σοῦ.
878 1568 933 1594 Kal

145 1605 264 1653 ἐγένετο
276 1606 324 1653 ’τῇ
344 1608 429 1634 νυκτὶ
448 1609 560 1643 ἐκείνῃ,
579 1611 627 1637 καὶ
644 1611 762 1645 ἐγένετο
776 1611 860 1647 ,ῥῆμα
875 1615 934 1640 Κυ-
948 1623 970 1653 c

141 1650 212 1685 ρίου
227 1651 302 1685 πρὸς
315 1652 416 1679 Ναθὰν
428 1653 538 1688 λέγων·
559 1657 691 1689 Πορεύου
708 1656 782 1691 πρὸς
794 1657 849 1684 τὸν
864 1658 935 1685 δοῦ-

144 1697 203 1723 λον
214 1705 274 1731 μου
287 1698 386 1730 Δαυῒδ,
401 1699 450 1725 καὶ
464 1700 529 1727 εἰπέ
542 1709 548 1715 ·
572 1701 643 1728 Τάδε
658 1702 738 1736 λέγει
755 1704 875 1738 Κύριος’
894 1706 934 1732 Οὐ

144 1742 187 1769 σὺ
211 1743 418 1779 οίκοδομήσεις
438 1755 489 1781 μοι
513 1745 597 1774 οἷκον
621 1749 673 1775 τοῦ
693 1750 871 1785 κατοικῆσαι
880 1760 933 1787 με·

144 1787 190 1815 ὅτι
209 1789 246 1816 οὐ
265 1789 425 1825 κατῴκησα
438 1792 473 1818 ἐν
488 1793 559 1827 οἴκῳ
579 1794 629 1829 ἀφ’
645 1792 682 1829 ἧς
698 1795 810 1829 ἡμέρας
823 1797 935 1832 ἀνήγα-

143 1844 200 1870 γον
224 1836 295 1869 τοὺς
318 1837 402 1870 υἱοὺς
423 1837 542 1873 Ἰσραὴλ
567 1840 602 1872 ἐξ
627 1841 778 1875 Αἰγύπτου
801 1842 856 1876 ἕως
882 1842 935 1877 τῆς

144 1880 258 1916 ἡμέρας
272 1883 396 1916 ταύτης*
412 1884 461 1910 καὶ
484 1884 565 1919 ἥμην
577 1886 782 1920 ἐμπεριπατῶν
796 1887 831 1914 ἐν
846 1898 935 1916 κατα-

143 1927 254 1962 λύματι
275 1928 325 1954 καὶ
345 1929 380 1955 ἐν
401 1929 503 1964 σκηνῇ
525 1931 560 1957 ἐν
578 1930 673 1959 πᾶσιν
690 1930 735 1966 οἷς
753 1933 879 1968 διῆλθον
900 1935 935 1961 ἐν

144 1973 234 2000 παντὶ
255 1974 373 2008 Ἰσραήλ
382 1983 388 1990 ~
405 1976 431 2001 εί
443 1976 546 2003 λαλῶν
559 1977 698 2012 ἐλάλησα
711 1978 786 2012 πρὸς
795 1980 869 2014 μίαν
879 1989 935 2015 φυ-

143 2018 206 2052 λὴν
217 2019 271 2046 τοῦ
293 2020 426 2054 Ἰσραὴλ,
441 2018 464 2054 ᾧ
477 2021 671 2057 ἐνετειλάμην
693 2025 861 2059 ποιμαίνειν
881 2025 935 2052 τὸν

143 2065 221 2092 λαόν
241 2074 302 2100 μου
321 2066 442 2101 Ἰσραὴλ
456 2067 566 2102 λέγων·
594 2070 624 2095 Τί
646 2070 701 2096 οὐκ
725 2070 935 2105 ᾠκοδομήκίιτέ

142 2119 192 2144 μοι
208 2108 293 2137 οἷκον
306 2111 443 2145 κέδρινον
451 2120 460 2144 ;
472 2112 527 2139 Kal
538 2113 595 2140 νῦν
608 2113 678 2140 τάδε
693 2114 770 2149 ἐρεῖς
783 2114 822 2147 τῷ
835 2115 934 2147 δούλῳ

142 2165 202 2191 μου
229 2157 336 2184 Δαυῖδ·
367 2157 439 2184 Τάδε
465 2158 545 2193 λέγει
568 2160 675 2193 Κύριος
698 2161 910 2196 παντοκράτωρ
925 2172 931 2178 ·

145 2202 275 2229 Ἕλαϐόν
295 2211 333 2229 σε
357 2203 391 2230 ἐκ
414 2202 467 2237 τῆς
490 2203 625 2239 μάνδρας
648 2205 708 2232 ἀπὸ
729 2206 854 2234 ὄπισθεν
875 2207 934 2234 τῶν

142 2248 307 2282 προϐάτων,
324 2249 377 2276 τοῦ
399 2247 476 2276 εἷναί
496 2258 533 2276 σε
555 2251 598 2283 εἰς
619 2251 787 2285 ἡγούμενον
807 2253 856 2279 ἐπὶ
881 2254 934 2282 τὸν

991 323 1066 351 vovit
1085 322 1141 351 l‘eo
1150 322 1237 351 Iacob
1256 323 1372 352 dicens:
1387 323 1418 351 Si
1432 324 1558 351 introiere
1577 324 1606 351 in
1621 323 1778 352 tabernacu-

991 370 1046 397 lum
1059 369 1153 397 domus
1172 377 1247 401 mele,
1263 369 1287 397 si
1300 369 1442 396 ascendere
1457 370 1485 397 in
1505 369 1599 397 lectum
1615 370 1695 397 strati
1709 370 1777 397 mei:
1803 368 1806 370 “

991 416 1014 442 si
1027 414 1122 442 dedero
1136 423 1257 442 somnum
1270 414 1354 442 oculis
1371 414 1446 447 meis,
1460 419 1483 442 et
1496 414 1626 450 palpebris
1640 415 1704 442 meis
1714 414 1778 442 dor-

991 461 1165 493 mitationem,
1179 461 1260 488 donec
1274 461 1404 488 inveniam
1417 461 1502 487 locum
1518 461 1640 493 Domino,
1655 461 1778 488 taberna-

991 507 1079 534 culum
1095 507 1149 534 Deo
1168 506 1253 534 Iacob
1265 507 1298 533 ¹⁹.
1315 506 1379 535 Haec
1398 506 1443 533 illo
1466 507 1614 542 cogitante,
1625 507 1699 542 pium
1716 506 1778 542 qui-

990 553 1052 581 dem
1067 553 1237 588 propositum
1254 553 1325 581 Deus
1337 553 1470 589 approbat
1486 562 1493 580 :
1508 560 1596 588 neque
1611 557 1702 580 tamen
1715 560 1778 588 per-

991 599 1073 626 mittit
1093 599 1204 627 domum
1227 599 1345 632 exstrui,
1363 607 1418 627 non
1434 606 1504 634 opus
1527 606 1589 626 esse
1614 598 1670 626 Deo
1684 598 1778 626 dicens

990 644 1072 672 domo
1093 644 1229 677 sensibili,
1248 645 1291 672 vel
1312 651 1346 672 ex
1374 643 1532 671 inanimatis
1557 642 1694 678 lapidibus
1716 650 1777 670 con-

991 690 1137 723 struenda;
1152 689 1200 717 sed
1213 689 1235 717 si
1250 696 1321 725 opus
1332 693 1405 717 esset
1419 688 1502 716 Deum
1516 688 1544 716 in
1558 695 1631 716 terra
1642 688 1778 722 habitare,

989 743 1023 763 ex
1037 735 1124 770 ipsius
1140 735 1224 762 David
1241 735 1345 763 semine
1367 734 1540 770 proditurum
1553 742 1626 766 esse,
1638 734 1686 769 qui
1701 742 1778 762 suam

990 782 1119 810 deitatem
1136 782 1284 816 exciperet,
1301 781 1403 816 quique
1420 788 1528 809 sacram
1542 781 1653 808 domum
1669 783 1696 808 et
1708 785 1778 808 tem-

989 828 1062 863 plum
1077 832 1202 856 sanctum
1218 827 1273 855 Deo
1293 827 1406 862 dignum
1421 830 1586 859 exstrueret,
1604 827 1685 862 cujus
1699 827 1777 856 thro-

989 883 1041 902 nus
1056 882 1104 910 per
1124 882 1205 902 omne
1220 875 1351 902 saeculum
1365 875 1516 902 duraturus
1529 879 1612 903 esset.
1631 874 1777 910 Signiﬁca-

990 920 1038 947 bat
1058 923 1149 947 autem
1168 919 1309 947 Christum
1325 927 1405 947 suum
1421 928 1454 947 ex
1471 919 1577 948 semine
1600 918 1712 947 Davidis
1736 927 1778 947 se-

990 965 1109 992 cundum
1126 972 1237 993 carnem
1255 965 1402 998 oriturum,
1422 968 1449 992 ct
1468 963 1619 992 Ecclesiam
1634 965 1669 991 ab
1682 972 1716 992 eo
1731 972 1778 1000 per

990 1015 1077 1038 totum
1096 1011 1190 1038 orbem
1206 1010 1439 1039 conslituendam.
1457 1010 1535 1044 Quod
1557 1014 1646 1038 autem
1670 1010 1728 1038 haec
1741 1011 1777 1038 ita

990 1064 1020 1084 se
1046 1056 1187 1088 haberent,
1212 1056 1368 1092 Regnorum
1392 1057 1528 1091 scriptura
1552 1056 1632 1084 docet
1655 1056 1708 1084 hoc
1730 1064 1777 1091 pa-

989 1106 1033 1130 cto
1045 1112 1052 1130 :
1066 1102 1179 1129 Factum
1193 1107 1232 1130 est
1251 1107 1339 1130 autem
1360 1111 1419 1130 cum
1434 1103 1533 1130 sederet
1555 1102 1640 1130 David
1660 1103 1687 1129 in
1699 1102 1777 1129 doma

988 1157 1048 1182 sua,
1066 1153 1091 1176 et
1108 1149 1237 1176 Dominus
1251 1150 1442 1183 possessionem
1455 1150 1479 1176 ei
1496 1149 1610 1176 dedisses
1622 1149 1649 1176 in
1664 1149 1777 1176 circuitu

989 1195 1021 1222 ab
1036 1195 1155 1222 omnibus
1172 1196 1287 1223 inimicis
1305 1196 1376 1226 suis;
1398 1195 1466 1222 dixit
1483 1203 1529 1223 rex
1541 1196 1576 1222 ad
1588 1195 1699 1222 Nat/tan
1712 1203 1776 1228 pro-

987 1241 1092 1276 phetam
1108 1250 1117 1268 .'
1132 1241 1199 1268 Ecce
1218 1250 1264 1277 ego
1286 1241 1375 1269 habito
1392 1242 1419 1268 in
1432 1241 1510 1269 domo
1529 1241 1646 1275 cedrino,
1664 1246 1689 1268 et
1713 1249 1776 1268 arca

987 1286 1037 1313 Dei
1053 1286 1123 1314 sedet
1137 1287 1165 1314 in
1179 1288 1264 1314 media
1280 1287 1461 1319 tabernaculi;
1473 1291 1529 1318 aut.
1547 1288 1575 1314 in
1592 1287 1678 1314 medio
1690 1287 1776 1321 pellis.

988 1336 1018 1359 ut
1039 1332 1171 1360 Hebraica
1191 1333 1271 1360 lectio
1293 1332 1438 1368 signiﬁcat.
1465 1332 1498 1359 Et
1524 1333 1593 1360 dixit
1610 1332 1721 1360 Nullum
1742 1333 1776 1359 ad

987 1386 1082 1413 regem,
1105 1377 1203 1405 Omnia
1222 1387 1280 1413 qua:
1303 1382 1364 1405 sunt
1378 1380 1407 1404 in
1429 1377 1507 1405 corde
1527 1383 1571 1406 tuo
1593 1378 1658 1406 vade
1678 1383 1703 1406 et
1721 1378 1776 1413 fac,

986 1425 1048 1458 quia
1058 1424 1186 1452 Dominus
1206 1429 1289 1452 tecum
1303 1430 1353 1452 est.
1376 1424 1408 1451 Et
1419 1424 1520 1458 factum
1534 1430 1572 1451 est
1589 1425 1616 1452 in
1629 1430 1704 1452 nocte
1717 1425 1775 1457 illa,

986 1476 1010 1498 et
1036 1471 1136 1505 factum
1153 1476 1191 1498 est
1212 1471 1317 1498 verbum
1339 1471 1447 1498 Domini
1473 1471 1508 1498 ad
1533 1471 1643 1499 Nathan
1665 1471 1754 1499 dicens
1768 1493 1774 1499 .

991 1517 1062 1544 Vade
1077 1517 1111 1544 ad
1127 1526 1228 1545 seruum
1243 1525 1328 1544 meum
1341 1516 1438 1549 David,
1453 1522 1477 1544 et
1489 1517 1531 1544 die
1545 1525 1554 1544 :
1571 1517 1634 1545 ch
1649 1518 1713 1545 dicit
1726 1518 1774 1546 Do-

986 1564 1083 1596 minus,
1103 1562 1163 1590 Non
1179 1568 1207 1590 tu
1220 1562 1366 1598 a'diﬁcabis
1386 1563 1451 1590 mihi
1470 1566 1577 1590 domum
1602 1563 1636 1590 ad
1651 1563 1770 1591 habitan-

985 1609 1048 1636 dum
1061 1617 1069 1636 :
1083 1610 1145 1645 quia
1160 1618 1211 1637 non
1226 1610 1343 1637 habitavi
1356 1610 1382 1636 in
1397 1609 1475 1637 domo
1485 1619 1502 1637 a
1515 1610 1558 1637 die
1569 1610 1617 1637 illa
1627 1618 1680 1645 qua
1695 1610 1773 1638 edux!

986 1656 1055 1690 ﬁlios
1082 1655 1169 1683 Israel
1194 1664 1227 1683 ea:
1252 1655 1377 1691 Egypto,
1398 1664 1479 1691 usque
1502 1657 1530 1683 in
1552 1656 1622 1684 diem
1647 1657 1736 1684 hanc:
1751 1663 1774 1685 et

987 1699 1156 1727 ambulabam
1171 1701 1198 1727 in
1212 1700 1355 1728 diversorio
1369 1705 1393 1728 et
1405 1701 1432 1728 in
1446 1701 1614 1729 tabernaculo
1628 1702 1655 1729 in
1675 1704 1774 1730 cunctis

987 1747 1052 1774 locis
1065 1755 1111 1782 per
1128 1755 1187 1782 qum
1202 1747 1386 1774 transivicum
1408 1748 1480 1775 onmi
1500 1747 1606 1781 Israel;
1631 1748 1655 1775 si
1668 1748 1774 1784 loquens

987 1794 1088 1820 locutus
1101 1801 1158 1820 sum
1170 1793 1205 1820 ad
1222 1801 1302 1820 unam
1316 1794 1412 1821 tribum
1433 1794 1529 1826 Israel,
1548 1795 1591 1821 cui
1603 1795 1714 1829 ρεαδινρί
1726 1802 1771 1829 ρα-

985 1848 1055 1867 scere
1064 1839 1189 1874 populum
1203 1848 1288 1866 meum
1304 1839 1392 1868 Israel
1402 1840 1490 1867 dicens
1501 1848 1510 1867 :
1526 1839 1615 1873 Quare
1626 1848 1677 1866 non
1689 1840 1770 1874 a’diﬁ-

985 1885 1067 1911 castis
1092 1884 1156 1911 mihi
1180 1884 1287 1911 domum
1309 1885 1466 1913 cedrinam?
1491 1884 1526 1912 Et
1550 1893 1619 1912 nunc
1629 1885 1684 1912 hac
1702 1885 1785 1912 dices.

985 1938 1059 1956 seruo
1082 1938 1138 1957 meo
1155 1929 1239 1957 David
1256 1937 1265 1956 .'
1280 1929 1345 1957 Ila’c
1368 1930 1432 1957 dicit
1450 1930 1578 1958 Dominus
1597 1931 1773 1966 omnipotens,

986 1976 1042 2011 Ego
1055 1976 1105 2002 tuli
1123 1981 1148 2003 te
1161 1983 1194 2003 ea:
1213 1976 1276 2004 ovili
1289 1981 1437 2012 sequentem
1450 1985 1519 2009 oves,
1547 1981 1577 2004 ut
1595 1986 1665 2005 esses
1681 1978 1708 2005 in
1722 1978 1772 2005 du-

985 2030 1040 2048 cem
1057 2021 1156 2054 Israel,
1176 2026 1201 2049 et
1221 2030 1294 2049 eram
1321 2027 1405 2049 tecum
1432 2023 1459 2049 in
1484 2023 1605 2050 omnibus
1627 2023 1772 2059 ubicunque

984 2068 1162 2095 ambulabas:
1184 2073 1208 2095 et
1232 2067 1334 2103 perdidi
1355 2077 1442 2096 omnes
1465 2069 1584 2097 inimicos
1605 2074 1689 2097 tuosa
1706 2069 1772 2104 facit

986 2112 1042 2147 lua,
1059 2119 1085 2141 et
1101 2114 1151 2149 [eci
1165 2119 1188 2142 te
1204 2115 1370 2142 nominatum
1388 2115 1531 2142 secundum
1551 2124 1644 2143 nomen
1663 2125 1768 2152 magno-

985 2168 1042 2187 rum
1057 2161 1102 2195 qui
1120 2165 1181 2187 sunt
1195 2161 1222 2188 in
1243 2165 1324 2188 terra.
1339 2160 1373 2187 Et
1385 2168 1481 2194 ponam
1495 2161 1583 2188 locum
1602 2162 1697 2196 populo
1716 2171 1772 2190 meo

986 2206 1083 2240 Israel,
1104 2211 1129 2233 et
1145 2206 1271 2241 plantabo
1291 2215 1351 2234 eum
1375 2212 1398 2234 et
1417 2206 1547 2234 habitabit
1561 2216 1607 2243 per
1627 2216 1664 2240 se,
1680 2213 1704 2235 et
1721 2217 1772 2235 non

984 2253 1115 2280 sollicitus
1130 2253 1180 2280 erit
1196 2253 1310 2288 amplius
1323 2260 1331 2279 :
1343 2257 1367 2280 et
1382 2261 1434 2280 non
1450 2253 1531 2280 addet
1543 2253 1616 2288 ﬁlius
1624 2254 1771 2288 iniquitatis

149 2293 285 2328 Ἰσραὴλ,
301 2294 350 2321 καὶ
364 2294 445 2329 ἥμην
458 2294 533 2329 μετὰ
547 2295 604 2322 σοῦ
623 2296 657 2322 ἐν
677 2297 772 2324 πᾶσιν
795 2297 840 2332 οἷς
862 2299 928 2326 ἑπο-

987 2298 1123 2325 liumiliare
1140 2299 1224 2332 ipsum
1248 2299 1316 2325 sicut
1337 2306 1354 2324 α
1373 2298 1513 2332 principia,
1536 2307 1552 2325 a
1570 2298 1662 2325 diebus
1678 2299 1771 2334 quibus

139 2340 232 2373 ρεύου
245 2347 252 2354 ·
279 2340 326 2366 καὶ
345 2340 554 2374 ἐξωλόθρευσα
576 2341 691 2375 πάντας
714 2343 784 2376 τοὺς
808 2345 935 2379 ἐχθρούς

143 2394 201 2412 σου
218 2385 277 2413 ἀπὸ
292 2386 453 2420 προσώπου
466 2395 523 2413 σου
533 2395 541 2402 '
563 2387 613 2414 καὶ
629 2388 757 2423 ἐποίησά
773 2397 808 2417 σε
825 2391 933 2426 ὀνομα-

142 2431 220 2459 στὸν
243 2432 316 2459 κατὰ
343 2432 377 2459 τὸ
399 2432 493 2467 ὄνομα
509 2432 569 2460 τῶν
583 2434 725 2469 μεγάλων
741 2436 800 2463 τῶν
815 2437 864 2464 ἐπὶ
879 2437 933 2472 τῆς

143 2477 209 2512 γῆς.
232 2478 287 2505 Καὶ
308 2478 438 2512 θήσομαι
456 2479 550 2505 τόπον
571 2479 611 2513 τῷ
632 2480 695 2513 λαῷ
716 2490 775 2516 μου
798 2483 931 2518 Ἰσραὴλ,

143 2523 194 2550 καὶ
218 2525 432 2558 καταφυτεύσω
449 2524 541 2551 αὑτὸν
559 2525 609 2553 καὶ
623 2528 850 2561 κατασκηνώσει
866 2532 931 2558 καθ’

142 2569 266 2596 ἑαυτόν·
283 2569 378 2596 καὶού
390 2570 565 2605 μεριμνήσει
573 2571 739 2605 οὐκέτι,καὶ
754 2575 790 2601 οὺ
803 2576 932 2610 προσθή-

141 2623 190 2642 σει
212 2615 278 2648 υιὸς
299 2615 417 2648 ἀδικίας
437 2616 490 2643 τοῦ
511 2618 691 2645 ταπεινῶσαι
717 2621 811 2647 αὑτὸν
834 2622 932 2655 καθὼς

141 2661 193 2688 ἀπ’
210 2659 306 2695 ἀρχῆς
318 2661 378 2688 ἀπὸ
395 2661 455 2688 τῶν
469 2662 597 2697 ἡμερῶν,
607 2661 650 2691 ὧν
663 2665 755 2698 ἔταξα
770 2668 870 2701 κριτὰς
881 2669 930 2695 ἐπὶ

142 2705 196 2732 τὸν
220 2706 298 2733 λαόν
316 2715 376 2741 μου
395 2707 532 2741 Ἰσραήλ·
552 2709 601 2736 καὶ
623 2710 787 2739 ἀναπαύσω
811 2721 848 2740 σε
872 2714 932 2741 ἀπὸ

143 2751 264 2778 πάντων
280 2752 339 2778 τῶν
351 2752 465 2786 ἐχθρῶν
480 2761 548 2780 σου.
564 2755 617 2781 Καὶ
628 2756 792 2792 ἀπαγγελεῖ
812 2767 861 2786 σοι
878 2761 931 2786 Κύ-

138 2805 217 2831 ριος,
231 2797 276 2824 ὅτι
288 2796 372 2824 οἷκον
383 2797 589 2833 οὺιοδομήσεις
602 2801 692 2834 αὐτῷ.
701 2804 755 2830 Καὶ
768 2803 863 2837 ἔσται,
876 2805 931 2832 ἐὰν

143 2842 342 2877 πληρωθῶσιν
357 2845 386 2870 αὶ
402 2843 507 2878 ἡμέραι
527 2853 595 2879 σου,
613 2847 662 2874 καὶ
677 2850 846 2885 κοιμηθήσῃ
856 2851 930 2885 μετὰ

183 2932 205 2950 ¹⁹
222 2933 294 2962 Psal.
313 2943 409 2964 cum.
427 2937 485 2964 3-5.

984 2345 1109 2371 constitui
1130 2344 1233 2379 judiees
1263 2352 1341 2378 super
1368 2345 1493 2378 populum
1517 2353 1602 2371 meum
1627 2344 1771 2373 Israel:et

984 2391 1099 2426 requiem
1116 2390 1185 2417 dabo
1205 2390 1252 2417 tibi
1268 2390 1300 2417 ab
1322 2390 1442 2417 omnibus
1461 2390 1574 2417 inimicis
1592 2390 1655 2418 tuis.
1678 2390 1712 2418 Et
1728 2400 1767 2419 an-

983 2437 1115 2463 nuntiabit
1137 2436 1183 2463 tibi
1207 2436 1345 2468 Dominus,
1364 2441 1392 2462 ut
1404 2435 1511 2462 domum
1528 2436 1643 2471 wdi/ices
1657 2437 1719 2472 ipsi.
1736 2437 1771 2466 Et

982 2483 1044 2516 erit,
1059 2491 1118 2510 cum
1140 2482 1240 2516 impleti
1254 2482 1352 2516 fuerint
1370 2480 1425 2508 dies
1441 2482 1490 2514 tui,
1512 2486 1537 2508 et
1552 2482 1692 2511 dormieris
1712 2492 1772 2511 cum

983 2529 1104 2563 patribus
1122 2529 1185 2561 tuis,
1199 2533 1224 2556 et
1233 2527 1367 2555 suscitabo
1386 2536 1474 2555 semen
1494 2532 1568 2554 tuum
1580 2534 1638 2563 post
1654 2534 1688 2561 te,
1702 2530 1773 2565 quod

983 2575 1032 2602 erit
1049 2575 1076 2602 in
1097 2579 1183 2602 ventre
1200 2579 1253 2606 tuo,
1266 2579 1291 2601 et
1308 2573 1463 2608 prwparabo
1485 2582 1592 2609 regnum
1608 2579 1693 2603 tuum.
1712 2575 1773 2610 Ipse

984 2621 1126 2655 ludiﬁcabit
1141 2620 1205 2647 mihi
1217 2619 1334 2651 domum,
1346 2624 1374 2646 et
1383 2619 1482 2654 erigam
1494 2627 1601 2655 regnum
1617 2620 1675 2654 ejus
1692 2629 1773 2656 usque

985 2667 1013 2694 in
1037 2666 1174 2694 sarculum.
1199 2665 1254 2701 Ego
1280 2673 1325 2693 ero
1349 2665 1391 2691 illi
1415 2665 1444 2692 in
1461 2670 1574 2700 patrem,
1602 2672 1626 2693 et
1646 2667 1700 2701 ipse
1721 2668 1772 2694 erit

985 2713 1050 2740 mihi
1067 2713 1094 2740 in
1113 2712 1211 2747 lilium.
1234 2712 1269 2739 Et
1287 2712 1311 2739 si
1332 2711 1430 2738 venerit
1450 2712 1576 2747 iniquitas
1592 2713 1661 2748 ejus,
1676 2718 1702 2741 et
1727 2722 1772 2741 ar—

983 2767 1063 2794 guam
1082 2766 1140 2785 eum
1156 2759 1183 2785 in
1204 2758 1278 2793 virga
1300 2758 1427 2792 virorum,
1452 2763 1477 2786 et
1503 2759 1530 2786 in
1545 2759 1631 2794 plagis
1652 2759 1771 2795 ﬁliorum

984 2805 1129 2832 hominum.
1152 2803 1364 2831 Misericordiam
1379 2808 1468 2832 autem
1485 2812 1571 2831 meam
1582 2813 1634 2831 non
1649 2805 1770 2840 auferam

984 2851 1016 2878 ab
1032 2860 1073 2884 eo,
1090 2852 1157 2878 sicut
1174 2850 1271 2878 abstuli
1291 2850 1324 2878 ab
1340 2851 1373 2878 iis
1391 2859 1456 2886 quos
1472 2851 1574 2878 abstuli
1590 2860 1606 2878 a
1619 2851 1688 2886 faeie
1699 2860 1767 2879 mea.
