2032 3215
252 206 322 234 1οἸ9

603 205 738 234 EUSEBII
757 205 995 236 CIESARIENSIS
1013 207 1088 237 01η).
1111 207 1202 235 PARS
1219 206 1262 234 Ill.
1284 223 1317 227 —
1336 206 1540 236 EXEGETICA.

1808 209 1877 237 {080

253 264 289 292 Et
310 264 395 299 ﬁdelis
411 265 460 291 erit
474 266 568 292 domus
583 265 642 300 ejus
663 270 687 293 et
702 274 810 302 regnum
832 267 889 299 eius
912 276 993 303 usque
1013 269 1041 296 in

1095 269 1297 303 τῶνῖπατέρων
1313 277 1380 301 σου,
1398 269 1445 296 καὶ
1463 269 1626 303 ἀναστήσω
1636 271 1669 298 τὸ
1684 271 1803 306 σπέρμα
1822 279 1878 298 σου

253 310 379 338 secutum
396 311 423 337 in
437 316 576 345 conspectu
589 319 647 338 meo
659 320 669 338 :
680 316 704 338 et
721 312 831 340 thronus
845 313 903 348 ejus
919 315 969 340 erit
984 322 1041 340 ere»

253 361 311 383 ctus
327 356 354 382 in
369 356 496 383 secutum
516 356 660 384 secundum
685 357 774 385 omnes
793 367 923 386 sermones
939 359 997 392 hoc,
1015 364 1040 387 et

253 403 396 430 secundum
416 403 567 430 universam
591 404 716 431 uisionem
733 404 800 432 hanc
812 406 844 433 ".
871 405 917 433 Sic
933 407 1041 434 loculus

253 452 295 475 est
316 447 423 474 Nathan
439 447 546 475 Davidi.
573 446 637 474 Haec
652 456 735 483 porro
755 449 848 476 omnia
868 450 895 476 iu
920 450 1040 477 medium

253 492 342 523 attuli.
358 496 388 519 ut
402 492 582 524 declararem,
607 500 668 520 cum
691 492 776 519 David
797 494 993 521 atdilicaturum
1011 501 1041 521 se

253 537 366 565 domum
379 545 449 565 areae
465 537 510 565 Dei
522 538 626 572 primus
642 539 927 573 promisisset.l)eum.
941 547 1040 575 appro-

253 583 318 611 bata
339 584 413 612 illius
430 584 542 618 pietate,
558 584 677 612 vicissim
690 585 841 619 pollicitum
864 586 888 613 ei
902 593 974 617 esse,
992 594 1038 613 ex-

253 629 401 656 citaturum
424 636 454 656 se
476 636 570 656 semen
597 628 656 663 ejus
683 636 754 660 esse,
774 630 854 665 cujus
880 637 962 665 opera
987 630 1040 657 sibi

253 674 363 702 domum
386 675 518 703 excitaret
531 685 538 702 :
551 679 578 702 et
591 682 653 702 cum
668 675 752 703 David
769 677 844 711 prior
859 677 993 712 iurasset.
1011 684 1041 704 se

252 720 320 747 nihil
335 721 409 748 aliud
425 725 487 748 ante
503 720 652 753 facturum,
666 729 749 756 quam
767 722 918 751 invenisset
933 723 987 751 Deo
1000 724 1039 751 lo-

253 773 327 798 cum,
341 766 424 794 Deum
440 768 562 795 vicissim
576 767 687 802 iurasse
698 768 863 803 pollicendo,
878 773 904 796 et
923 770 1042 797 humano

252 821 313 840 sese
331 814 400 840 mori
421 819 616 849 attemperasse
635 815 663 841 in
682 814 819 849 loquendo
836 823 921 843 :nam
936 816 1041 843 inlinita

252 866 337 894 prope
351 859 404 886 alia
421 859 449 886 in
470 859 562 886 divina
579 859 721 894 Scriptura
738 868 771 888 ex
785 861 905 888 humana
924 869 1042 889 consue-

253 905 347 932 tudine
361 909 387 932 et
407 906 524 940 quadam
543 906 681 940 cogitandi
695 907 802 934 ratione
818 907 852 935 de
873 907 928 935 Deo
943 908 1039 935 dicun-

1092 316 1166 350 μετὰ
1181 315 1229 346 σὲ,
1246 314 1261 341 ὃ
1283 314 1368 342 ἔσται
1378 314 1413 341 ἐν
1426 314 1463 348 τῇ
1477 315 1575 348 κοιλίᾳ
1589 324 1657 349 σου,
1673 316 1722 342 καὶ
1733 315 1879 351 ἑτοιμάσω

1093 361 1151 394 τὴν
1161 361 1325 393 ,ϐασιλειαν
1337 367 1405 386 σου.
1418 360 1514 393 Αὐτὸς
1531 361 1721 396 οἰκοδομήσει
1733 371 1784 396 μοι
1797 360 1878 388 οἷκον

1094 406 1134 439 τῷ
1148 406 1270 441 ὀνόματί
1287 415 1355 440 μου,
1368 406 1416 432 καὶ
1431 406 1591 440 ἀνορθώσω
1602 406 1656 433 τὸν
1666 407 1774 441 θρόνον
1787 407 1879 433 αὑτοῦ

1093 451 1149 485 ἕως
1166 453 1210 484 είς
1226 451 1280 478 τὸν
1290 450 1392 478 αἰῶνα.
1402 451 1475 486 Ἐγὼ
1490 452 1595 487 ἔσομαι
1612 452 1691 485 αὐτῷ
1703 454 1746 485 είς
1759 452 1877 486 πατέρα,

1094 499 1143 525 καί
1159 499 1251 531 αὐτὸς
1266 498 1351 525 ἔσται
1365 507 1414 533 μοι
1428 500 1471 532 είς
1494 500 1572 526 υἱόν.
1590 499 1644 526 Καὶ
1662 499 1715 526 ἐὰν
1730 500 1806 532 ἔλθῃ
1821 499 1880 526 ἀδι-

1094 544 1144 570 κία
1165 543 1267 576 αὑτοῦ,
1282 544 1330 571 καί
1351 544 1464 578 ἐλέγξω
1482 545 1575 572 αὐτὸν
1593 545 1628 572 ἐν
1639 545 1740 579 ῥάϐδῳ
1753 544 1878 578 ἀνδρῶν.

1094 589 1141 616 καί
1167 590 1202 616 ἐν
1221 590 1311 624 ἁφαῖς
1329 589 1403 617 υίῶν
1423 590 1594 625 ἀνθρώπων.
1613 591 1648 618 Τὸ
1668 591 1702 617 δὲ
1723 591 1811 624 ἔλεός
1821 600 1880 626 μου

1094 636 1150 662 οὐκ
1172 636 1337 670 ἀποστήσω
1354 636 1404 663 ἀπ’
1417 636 1519 669 αὐτοῦ,
1541 636 1638 669 καθὼς
1652 637 1811 670 ἀπέστησα
1831 637 1880 670 ἀφ’

1093 679 1137 709 ὧν
1151 683 1311 716 ἀπέστησα
1325 683 1359 710 ἐκ
1375 683 1536 718 προσώπου
1547 692 1617 718 μου.
1632 683 1685 709 Kal
1699 683 1880 717 πιστωθήσε-

1094 737 1141 755 ται
1160 729 1177 755 ό
1187 729 1270 761 οἶκος
1282 729 1375 756 αὐτοῦ
1391 729 1439 756 καί
1451 729 1470 762 ’ἡ
1484 729 1627 762 βασιλεία
1643 729 1736 756 αὐτοῦ
1752 729 1808 761 ἓως
1817 728 1882 755 alti)-

1094 782 1147 806 νος
1162 772 1291 800 ἐνώπιόν
1298 780 1374 808 μου·
1393 773 1443 800 καὶ
1463 775 1479 800 ὁ
1492 774 1598 808 θρόνος
1612 773 1704 800 αὑτοῦ
1721 773 1806 800 ἔσται
1830 773 1881 800 ἀν-

1094 817 1266 853 ωρθωμένος
1281 819 1324 851 εἰς
1347 819 1400 846 τὸν
1416 818 1508 846 αἰῶνα
1527 819 1601 846 κατὰ
1614 819 1729 852 πάντας
1743 819 1815 852 τοὺς
1831 819 1883 846 ,ἱόν

1095 873 1167 898 γους
1179 867 1314 898 τούτους,
1330 865 1379 891 καί
1398 865 1474 892 κατὰ
1491 865 1596 892 πᾶσαν
1613 865 1670 899 τὴν
1689 865 1797 899 ὅρασιν
1814 865 1882 892 ταύ-

1095 918 1160 943 την.
1175 909 1270 942 Οὕτως
1290 910 1403 946 ἐλάλησε
1420 911 1512 938 Ναϐὰν
1530 911 1598 946 πρὸς
1620 911 1665 938 τὸν
1686 911 1775 937 Δαυῒδ.
1791 911 1885 938 Ταῦτα

252 955 306 977 tur.
321 950 426 984 Quibus
437 952 475 978 ita
487 953 723 985 commonstratis,
733 953 789 988 jam
804 957 889 981 restat
900 958 930 981 ut
942 955 1038 989 psalmi

1095 956 1122 992 δὴ
1147 956 1236 983 πάντα
1257 957 1426 992 παρεθέμην,
1449 958 1622 993 παραστῆσαι
1648 958 1819 993 βουλόμενος,
1835 957 1882 989 ὡς,

251 996 355 1023 dictum
371 998 591 1028 consideremus.

1096 1001 1204 1037 πρώτου
1220 1002 1456 1038 ὲπηγγειλαμένου
1470 1002 1517 1029 τοῦ
1532 1003 1612 1029 Δαυῖδ
1624 1001 1697 1029 οἶκον
1713 1003 1884 1030 κατασκευά-

252 1042 308 1074 ζειν
324 1044 357 1078 τῇ
383 1043 492 1079 κιϐωτῷ
517 1044 564 1071 τοῦ
584 1045 662 1077 Θεοῦ,
682 1045 883 1081 ἀποδεξάμενος
895 1046 978 1073 αὺτὸν
993 1047 1042 1082 τῆς
1061 1047 1200 1080 εὐσεϐείας
1214 1049 1228 1074 ὁ
1249 1048 1325 1080 Θεὸς,
1351 1048 1599 1082 ἀντεπαγγέλλεται
1617 1049 1648 1075 τὸ
1672 1048 1782 1084 σπέρμα
1800 1048 1882 1074 αὑτοῦ

251 1088 424 1125 ἀναστήσειν,
443 1091 490 1117 καὶ
505 1090 549 1118 διὰ
563 1091 658 1118 τούτου
674 1092 888 1124 κατασκευάζειν
905 1091 995 1127 ἑαυτῷ
1007 1091 1080 1119 οἷκον
1091 1100 1099 1108 ⁶
1115 1094 1162 1120 καὶ
1181 1094 1218 1125 ὡς
1231 1094 1278 1121 τοῦ
1296 1093 1378 1120 Δαυῒδ
1401 1093 1510 1130 πρώτου
1539 1093 1715 1129 ὀμωμοκότος
1746 1094 1782 1129 μὴ
1817 1094 1884 1129 πρό·

252 1145 329 1172 τερον
342 1138 431 1166 ἇλλοτι
445 1139 569 1174 ποιήσειν
578 1140 626 1166 τοῦ
638 1140 721 1167 τόπον
735 1141 824 1176 εὑρεῖν
834 1141 873 1176 τῷ
883 1141 954 1176 Θεῷ,
965 1141 1117 1176 ἀμοιϐαίως
1129 1143 1176 1169 καὶ
1193 1143 1207 1169 ὁ
1221 1142 1286 1174 Θεὸς
1302 1143 1447 1178 ἀντόμνυσι
1482 1143 1526 1169 διὰ
1555 1143 1606 1177 τῆς
1637 1142 1813 1176 ἐπαγγελίας.
1839 1142 1885 1184 ἀντ

252 1184 462 1221 θρωπινὼτερον
485 1186 712 1220 συγκαταϐαίνων
728 1186 768 1222 τῷ
784 1187 869 1222 λόγῳ·
889 1187 983 1223 ἐπειδὴ
1000 1188 1048 1214 καὶ
1066 1188 1134 1216 ἄλλα
1149 1190 1233 1224 μυρία
1256 1190 1287 1216 ὲν
1308 1191 1340 1224 τῇ
1365 1189 1425 1225 θείᾳ
1441 1189 1535 1225 Γραφῇ
1569 1187 1791 1224 ὰνθρωποπαθῶς
1822 1186 1886 1222 περι

250 1230 298 1258 τοῦ
312 1231 380 1258 Θεοῦ
394 1232 518 1258 λέλεκται
538 1233 608 1259 κατά
623 1241 683 1259 τινα
710 1233 858 1269 νοουμένην
874 1233 999 1269 θεωρίαν.
1027 1231 1079 1261 Ὧν
1094 1234 1180 1267 οὕτως
1203 1235 1445 1271 ἀποδεδειγμένων,
1477 1235 1573 1270 καιρὸς
1599 1234 1649 1275 ήδη
1666 1235 1712 1261 καὶ
1726 1234 1776 1269 τὴν
1797 1234 1826 1260 ὲν
1847 1233 1884 1268 τῷ

251 1277 351 1313 ψαλμῷ
367 1278 440 1311 λέξιν
455 1279 651 1315 ὲπιϐεωρῆσαι.

287 1333 358 1366 Quid
372 1335 424 1362 sibi
437 1335 494 1362 vult
510 1343 576 1370 ergo
590 1337 740 1371 promissio
753 1336 819 1364 Dei'!
834 1337 898 1365 Haec
909 1337 965 1365 duo
976 1345 1043 1373 pra:-

252 1381 370 1412 nuntiat,
384 1381 472 1416 primo
489 1389 518 1409 se
543 1381 655 1410 Davidis
675 1391 769 1410 semen
791 1384 818 1410 in
835 1384 966 1411 saeculum
983 1391 1040 1412 ser-

255 1431 400 1461 vaturum;
419 1427 554 1461 secundo,
579 1429 708 1456 thronum
725 1430 786 1464 ejus
799 1430 997 1457 :edillcaturum
1016 1429 1044 1456 in

253 1475 454 1511 generationem
479 1479 507 1503 et
527 1476 741 1511 generationem.
767 1475 869 1505 Deinde
896 1477 960 1512 quia
987 1476 1044 1503 haec

252 1528 308 1548 non
331 1520 456 1548 sensibili
474 1528 551 1549 more
575 1522 602 1548 in
616 1525 701 1554 terra,
721 1529 810 1557 neque
837 1522 865 1549 in
886 1529 972 1557 regno
992 1521 1044 1548 lm-

253 1573 334 1593 mana
355 1567 464 1594 ratione
477 1567 654 1594 considerato
673 1568 767 1595 l‘utura
784 1573 873 1600 erant,
890 1569 1042 1603 promisso-

253 1620 314 1640 rum
331 1613 558 1648 complementum
575 1614 601 1640 in
620 1615 706 1641 caelos
730 1614 855 1641 remittit.
871 1613 1044 1649 Quapropter

253 1659 325 1686 sicut
344 1659 472 1692 superius
487 1659 567 1692 dixit,
587 1659 620 1686 In
645 1660 709 1687 caelo
725 1660 923 1695 praparabitur
946 1660 1043 1687 veritas

255 1711 321 1738 tua;
339 1705 379 1732 sic
398 1709 460 1740 post
486 1705 534 1733 Dei
551 1706 762 1740 promissionem
774 1707 830 1741 jam
848 1705 941 1737 iul‘ert,
954 1705 1045 1740 Con/i-

255 1751 379 1778 tebuntur
398 1751 457 1778 cwli
474 1750 610 1778 mirabilia
638 1756 695 1783 tua,
712 1751 832 1778 Domine.
860 1750 953 1787 Neque
973 1752 1045 1778 enim

254 1795 380 1824 homines
396 1795 442 1831 qui
459 1795 488 1822 in
505 1800 578 1824 terra
594 1800 669 1828 sunt,
685 1797 783 1832 inquit,
806 1797 958 1832 intelligere
969 1801 1045 1831 pole-

254 1845 319 1868 runt
347 1848 429 1876 quam
447 1844 566 1868 mentem
589 1841 717 1873 habeant,
736 1850 751 1868 ο
769 1841 892 1874 Domine,
909 1842 1044 1876 promissa

254 1892 311 1921 tua,
335 1895 386 1915 nec
408 1895 534 1923 quamam
558 1888 614 1914 sint
639 1888 863 1923 propheticorum
888 1895 1044 1915 sermonum

254 1933 471 1968 complementa;
487 1934 534 1961 sed
552 1934 602 1968 ipsi
628 1934 691 1960 εαξη
716 1934 853 1966 videlicet,
880 1937 907 1960 et
930 1941 990 1969 qua:
1017 1934 1044 1961 in

254 1979 325 2007 coelo
345 1983 409 2006 sunt
424 1979 523 2006 divina:
539 1980 675 2007 virtutes:
692 1980 821 2015 quoniam
842 1979 919 2007 cmlis
941 1987 1046 2014 compe-

257 2027 290 2053 tit
314 2026 451 2054 mirabilia
468 2030 524 2057 tua,
540 2033 600 2060 quae
620 2026 647 2052 in
663 2027 894 2061 promissionibus
910 2026 1044 2059 feruntur,

256 2078 385 2098 enarrare
407 2074 435 2097 et
462 2070 646 2104 interpretari.
672 2070 906 2103 Quemadmodum
924 2071 1045 2098 vicissim

256 2117 398 2144 veritatem
426 2121 520 2149 tuam,
557 2124 618 2152 quae
644 2116 672 2143 in
705 2116 851 2151 promissis
877 2116 972 2143 Davidi
997 2117 1046 2143 da-

257 2163 294 2190 tis
316 2162 493 2194 celebratur,
521 2161 642 2196 cogitare
670 2166 697 2188 et
723 2161 868 2188 enuntiare
893 2169 948 2188 non
978 2161 1046 2188 alio-

257 2215 317 2236 rum
345 2211 415 2239 erat,
438 2214 519 2242 quam
537 2206 669 2233 emlorum
698 2210 813 2238 tantum,
839 2211 866 2234 et
888 2207 1045 2242 angelorum

257 2254 303 2290 qui
324 2254 351 2280 in
363 2253 442 2281 caelis
455 2257 542 2281 sunt:
568 2252 595 2279 hi
617 2260 736 2287 namque
757 2253 900 2280 veritatem
923 2258 997 2279 tuam
1018 2257 1045 2280 et

257 2300 393 2327 mirabilia
417 2304 464 2326 tua
481 2299 508 2326 in
526 2298 649 2326 Ecclesia
660 2303 818 2325 sanctorum
830 2299 1044 2326 conﬁtebuntur.

257 2345 363 2374 Etenim
380 2346 403 2373 si
419 2346 567 2382 aliquando
586 2345 651 2373 talis
665 2344 786 2372 Ecelesia
799 2345 827 2372 in
850 2350 923 2372 terra
937 2349 1044 2378 exstet,

258 2401 318 2428 qua:
342 2392 462 2420 Ecclesia
479 2397 639 2420 sanctorum
654 2396 786 2420 vocetur:
803 2396 902 2426 praeter
917 2391 968 2419 hos
982 2399 1047 2419 san-

257 2444 318 2466 ctos
329 2459 337 2471 ,
353 2439 403 2473 ipsi
419 2439 481 2466 caeli
492 2459 500 2471 ,
517 2439 576 2466 sive
591 2438 690 2466 divinae
702 2438 834 2470 virtutes,
848 2437 906 2465 sive
920 2437 1047 2464 ccclestes

258 2484 383 2511 homines
396 2504 403 2515 ,
424 2485 560 2511 mirabilia
577 2487 623 2511 tua
638 2487 665 2511 et
681 2484 820 2511 veritatem
836 2487 927 2516 tuam,
943 2490 1003 2518 qua:
1018 2483 1045 2509 in

258 2532 439 2567 prmsentibus
461 2531 604 2566 promissis
625 2531 721 2561 l'ertur,
738 2531 951 2558 conlitebuntur.
967 2530 1046 2563 Quod

259 2577 282 2604 si
307 2577 335 2603 in
356 2576 422 2610 ipsis
443 2576 523 2604 cmlis
548 2576 670 2604 Ecclesia
689 2575 815 2611 quaedam
837 2577 872 2602 sit
894 2576 1047 2610 primitivo-

261 2630 319 2649 rum
331 2641 339 2653 ,
358 2621 560 2656 descriptorum
577 2623 605 2649 in
622 2623 719 2654 cwlis,
735 2629 767 2648 ea
781 2621 874 2648 verius
890 2624 917 2648 et
934 2627 1048 2647 accura-

260 2669 314 2695 tius
329 2667 449 2694 Ecclesia
465 2672 624 2695 sanctorum
638 2676 700 2696 esse
713 2668 823 2695 dicatur
836 2676 842 2694 :
875 2667 903 2694 in
917 2674 970 2701 qua
985 2667 1046 2694 εαξιὶ

263 2714 401 2741 veritatem
426 2714 626 2749 promissorum
649 2714 694 2741 Dei
707 2734 716 2746 ,
737 2719 764 2741 et
788 2712 925 2740 mirabilia
941 2713 968 2739 iu
985 2720 1048 2747 pro-

263 2760 355 2787 missis
384 2760 473 2794 posita
488 2779 496 2792 ,
520 2760 697 2786 enarrabunt.
730 2758 864 2786 Mirabilia
887 2763 978 2785 autem
1003 2759 1049 2785 illa

263 2813 323 2840 qua:
348 2805 466 2838 iuerint,
495 2805 548 2832 nisi
577 2804 705 2832 Davidem
728 2806 845 2832 electum
871 2804 918 2832 Dei
940 2804 1048 2836 vocari,

264 2859 369 2879 necnon
383 2855 475 2878 semen
489 2851 524 2878 ab
538 2852 598 2886 ipso
613 2851 783 2886 proditurum
797 2858 874 2884 esse,
889 2850 960 2885 quod
977 2850 1050 2877 thro-

303 2930 325 2945 “
341 2929 360 2956 ll
378 2930 443 2964 lli-3.
461 2938 514 2963 vn,
533 2930 607 2957 l-l'l.

1131 1337 1164 1364 Τί
1184 1337 1273 1364 τοίνυν
1297 1336 1420 1371 βούλεται
1443 1338 1460 1372 ἡ
1483 1336 1632 1372 ἐπαγγελία
1658 1336 1704 1363 τοῦ
1727 1336 1813 1369 Θεοῦ;
1834 1335 1885 1363 Δύο

1094 1381 1179 1408 ταῦτα
1191 1382 1372 1418 προαγορεύει
1380 1391 1386 1397 ·
1403 1381 1509 1418 πρῶτον
1522 1382 1570 1417 μὲν
1580 1381 1610 1408 τὸ
1622 1381 1732 1417 σπέρμα
1744 1381 1791 1407 τοῦ
1805 1381 1885 1407 Δαυϊδ

1094 1427 1147 1459 ἕως
1161 1427 1209 1454 τοῦ
1223 1428 1320 1459 αἰῶνος
1334 1427 1462 1462 φυλάξειν
1471 1435 1478 1442 '
1494 1427 1619 1463 δεύτερον
1632 1427 1660 1453 δὲ
1673 1427 1717 1454 τὸν
1734 1426 1827 1461 θρόνον
1839 1428 1885 1454 αὺ-

1093 1474 1141 1501 τοῦ
1158 1474 1345 1510 οἰκοδομήσειν
1360 1475 1400 1506 είς
1418 1473 1513 1508 γενεὰν
1526 1474 1574 1500 καὶ
1590 1473 1695 1508 γενεάν.
1708 1471 1763 1499 Εἶτ’
1775 1473 1886 1508 ἐπειδηο

1096 1529 1149 1556 περ
1159 1520 1258 1555 ἤμελλε
1272 1520 1358 1547 ταῦτα
1373 1520 1410 1556 μὴ
1423 1520 1471 1546 ἐπὶ
1481 1520 1534 1554 γῆς
1548 1519 1685 1555 αἰσθητῶς
1699 1519 1885 1551 συνίστασθαι,

1098 1566 1165 1602 μηδὲ
1187 1567 1216 1593 ἐν
1238 1567 1271 1602 τῇ
1294 1566 1364 1592 κατὰ
1386 1565 1528 1601 ἄνθρωπον
1553 1565 1687 1600 βασιλείᾳ,
1702 1565 1739 1596 εἰς
1756 1565 1885 1600 οὐρανοὺς

1095 1612 1160 1647 ἑξῆς
1173 1612 1328 1648 ἀναπέμπει
1346 1612 1399 1639 τῶν
1415 1611 1587 1646 ἐπαγγελιῶν
1609 1611 1643 1637 τὰ
1667 1610 1884 1645 ἀποτελέσματα.

1095 1660 1133 1685 Δι’
1148 1659 1163 1685 ὃ
1174 1658 1268 1695 ὥσπερ
1281 1658 1409 1694 ἀνωτέρω
1425 1657 1525 1694 ἔφησεν
1536 1666 1542 1673 ·
1565 1658 1613 1684 Ἐν
1626 1656 1667 1689 τῷ
1681 1656 1798 1690 οὐρανῷ
1814 1656 1885 1683 ἑτοι-

1093 1705 1286 1738 μασθήσεται
1306 1705 1326 1738 ἡ
1349 1704 1474 1738 ἀλήθειά
1493 1711 1561 1736 σου,
1593 1703 1665 1730 οὕτω
1681 1704 1728 1730 καὶ
1745 1703 1792 1731 νῦν
1820 1703 1885 1739 μετὰ

1095 1750 1144 1786 τὴν
1157 1751 1322 1785 ἐπαγγελίαν
1334 1750 1381 1776 τοῦ
1397 1749 1466 1776 θεοῦ
1481 1749 1607 1785 ἐπιφέρει
1619 1750 1665 1776 τό·
1689 1749 1871 1784 Ἐξομολογή

1095 1803 1200 1822 dormt
1224 1797 1250 1823 οί
1278 1797 1397 1831 οὐρανοὶ
1420 1795 1456 1822 τὰ
1477 1795 1629 1831 ﬂuendo-ui
1644 1803 1714 1827 σου,
1729 1796 1828 1829 Κύριε.
1847 1794 1884 1821 Οὔ

1095 1842 1150 1878 γὰρ
1173 1843 1197 1869 οἱ
1222 1843 1267 1869 ἐπὶ
1289 1843 1340 1877 γῆς
1360 1842 1508 1878 ἄνθρωποι,
1537 1841 1614 1876 φησὶ,
1640 1841 1800 1877 δυνήσονται
1825 1849 1883 1866 συν-

1096 1888 1175 1920 ιέναι,
1192 1889 1282 1914 ὁποῖον
1298 1887 1360 1914 νοῦν
1381 1887 1498 1923 ἔχουσιν,
1511 1885 1533 1914 ὧ
1548 1887 1642 1923 Κύριε,
1662 1889 1690 1914 αἱ
1713 1886 1880 1921 ἐπαγγελίαι,

1095 1935 1148 1962 οὐδ’
1166 1936 1247 1962 ὁποῖα
1258 1935 1292 1961 τὰ
1305 1935 1513 1969 ἀποτελέσματα
1525 1934 1578 1961 τῶν
1596 1933 1772 1970 προφητικῶν
1783 1933 1882 1968 τυγχά-

1097 1989 1136 2007 νει
1152 1980 1254 2016 λόγων·
1271 1979 1329 2006 ἀλλ’
1343 1980 1367 2005 οἱ
1379 1979 1488 2014 οὐρανοὶ
1505 1978 1582 2005 αὐτοὶ
1595 1978 1707 2014 δηλαδὴ,
1719 1977 1766 2004 καὶ
1781 1978 1809 2004 αἱ
1827 1978 1883 2004 κατ’

1096 2026 1209 2062 οὐρανὸν
1226 2026 1296 2052 θεῖαι
1309 2025 1448 2061 δυνάμεις·
1461 2025 1556 2060 διόπερ
1568 2026 1624 2056 τοῖς
1633 2025 1757 2060 οὐρανοῖς
1772 2023 1884 2058 ἁρμόζει

1095 2073 1130 2100 τὰ
1153 2072 1292 2107 Θαυμάσιά
1315 2079 1362 2098 σοι)
1382 2072 1415 2098 τὰ
1437 2072 1614 2107 ἐμφερόμενα
1633 2072 1693 2102 ταῖς
1709 2069 1885 2104 ἐπαγγελίαις

1096 2117 1245 2153 διηγεῖσθαι
1267 2117 1314 2143 καὶ
1334 2115 1645 2151 διερμηνεύειν.”Ωσπερ
1661 2115 1742 2142 πάλιν
1754 2114 1803 2149 τὴν
1819 2113 1884 2149 ἀλή-

1097 2164 1170 2190 Θειάν
1185 2172 1242 2195 σου,
1256 2164 1305 2200 τὴν
1318 2165 1346 2190 ὲν
1358 2165 1416 2195 ταῖς
1425 2163 1493 2198 πρὸς
1505 2163 1549 2190 τὸν
1565 2161 1646 2188 Δαυῒδ
1660 2160 1834 2195 ἐπαγγελίαις
1845 2160 1884 2186 δε-

1096 2208 1273 2245 δοξασμένην,
1287 2210 1337 2236 οὑκ
1351 2209 1437 2236 ἄλλων
1449 2206 1564 2244 ἦνηνοεῖν
1572 2208 1619 2234 καὶ
1630 2206 1781 2243 διηγεῖσθαι
1796 2205 1852 2232 ἀλλ’
1868 2205 1884 2240 ἢ

1063 2271 1083 2298 D
1101 2255 1189 2290 μόνων
1211 2256 1263 2283 τῶν
1286 2255 1408 2291 οὐρανῶν
1431 2255 1478 2281 καὶ
1495 2254 1549 2280 τῶν
1563 2255 1591 2280 ὲν
1606 2253 1729 2289 οὐρανοῖς
1745 2251 1882 2286 ἀγγέλων·

1098 2298 1171 2328 οὗτοι
1185 2303 1238 2337 γὰρ
1255 2302 1302 2328 καὶ
1315 2301 1364 2336 τὴν
1378 2300 1506 2336 ἀλήθειάν
1520 2308 1566 2326 σου
1582 2298 1674 2326 καὶτὰ
1689 2297 1827 2333 θαυμάσια
1840 2305 1884 2323 σου

1098 2348 1126 2373 ὲν
1142 2347 1289 2383 Ἐκκλησία
1302 2347 1386 2381 ἁγίων
1395 2346 1646 2382 ὲξομολογήσονται.
1656 2345 1688 2371 Εἰ
1700 2344 1754 2379 γάρ
1767 2352 1832 2370 ποτε
1845 2342 1885 2378 γέ-

1098 2401 1168 2420 νοιτο
1188 2392 1334 2426 Ἐκκλησία
1347 2402 1388 2424 τις
1403 2391 1513 2427 τοιαύτη
1541 2391 1586 2417 ἐπὶ
1599 2391 1659 2425 γῆς,
1674 2390 1711 2421 ὡς
1724 2390 1809 2424 ἁγίων
1827 2389 1885 2415 Ἐκ-

1098 2439 1211 2474 κλησίαν
1225 2438 1309 2474 αὐτὴν
1323 2436 1599 2473 χρηματίζειν,,παρὰ
1615 2435 1718 2466 τούτοις
1734 2435 1757 2460 οἱ
1768 2434 1884 2470 οὐρανοὶ,

1097 2486 1153 2512 εἴτε
1168 2484 1295 2520 δυνάμεις
1312 2483 1392 2516 θεῖαι,
1404 2483 1458 2510 εἴτε
1473 2483 1519 2510 καὶ
1532 2482 1651 2518 οὐράνιοι
1660 2480 1766 2516 ἄνδρες,
1778 2481 1813 2505 τὰ
1823 2479 1886 2506 Θαν-

1102 2531 1186 2567 μάσιά
1199 2539 1245 2556 σου
1257 2531 1303 2557 καὶ
1314 2530 1363 2566 τὴν
1380 2529 1506 2566 ἀλήθειάν
1522 2537 1579 2560 σου,
1595 2527 1643 2563 τὴν
1653 2525 1843 2562 ἐμφερομένην
1859 2525 1886 2550 ἐν

1100 2577 1159 2607 ταῖς
1178 2575 1371 2610 προκειμέναις
1394 2574 1579 2609 ἐπαγγελίαις,
1593 2572 1843 2608 ἐξομολογήσονται.
1857 2571 1886 2596 El

1100 2621 1129 2648 δέ
1147 2622 1204 2648 ἐστι
1230 2621 1277 2648 καὶ
1302 2621 1331 2648 ἐν
1355 2621 1445 2652 αὐτοῖς
1467 2621 1524 2651 τοῖς
1539 2620 1662 2655 οὐρανοῖς
1680 2617 1829 2653 Ἐκκλησία
1846 2624 1885 2646 τις

1102 2668 1280 2703 πρωτοτίκων
1299 2666 1550 2702 ἀπογεγραμμένων
1563 2666 1591 2692 ὲν
1608 2665 1741 2700 οὐρανοῖς,
1758 2662 1885 2699 κυριώτε-

1103 2722 1148 2749 ρον
1173 2714 1218 2739 καὶ
1240 2712 1418 2748 ἀληθέστερον
1441 2711 1547 2747 λεχθείη
1573 2710 1606 2736 ἂν
1629 2709 1719 2745 ἐκείνη
1741 2708 1884 2743 Ἐκκλησία

1104 2759 1187 2793 ἁγίων
1200 2758 1268 2786 εἶναι
1289 2759 1445 2793 Ἐκκλησία,
1461 2759 1489 2784 ὲν
1534 2758 1558 2784 οἰ
1574 2755 1683 2792 οὐρανοὶ
1700 2754 1748 2786 τὴν
1759 2753 1884 2790 ἀλήθειαν

1103 2805 1156 2831 τῶν
1170 2806 1338 2839 ἐπαγγελιῶν
1354 2804 1399 2831 τοῦ
1415 2803 1482 2830 Θεοῦ
1495 2803 1541 2830 καὶ
1553 2803 1586 2830 τὰ
1600 2801 1737 2837 Θαυμάσια
1753 2800 1790 2827 τάῖ
1799 2800 1828 2825 ὲν
1839 2799 1884 2825 αὺ-

1103 2852 1163 2883 ταῖς
1181 2851 1348 2886 ἀποκείμενα
1370 2850 1552 2886 διηγήσονται.
1568 2848 1711 2884 Θαυμάσια
1727 2846 1755 2872 δὲ
1772 2845 1831 2872 τίνα
1850 2841 1882 2879 ἦν
