2032 3215
119 225 187 254 1081

663 225 913 255 οοωιιειιτλιιιλ
929 225 964 254 IN
989 224 1159 253 essurus.
1199 198 1253 244 τί

1669 224 1744 252 1082;

117 283 204 319 ἀλλ’ἢ
218 283 249 311 τδ
262 283 390 311 snitu-tbi)
403 283 451 311 τοῦ
471 284 538 311 Θεοῦ
553 285 720 321 χρηματίσαι
743 286 789 313 τιν
813 285 904 318 Δαυτδ,

961 293 1022 313 num
1046 289 1178 313 aeternum
1200 287 1345 311 nacturum
1365 284 1420 319 sit;
1443 287 1531 319 atque-
1546 287 1744 311 testamentum.

118 330 167 357 καὶ
176 329 208 356 τὸ
223 329 253 362 ἐξ
266 328 348 356 αὐτοῦ
362 329 488 364 γενέσθαι
506 330 616 366 σπέρμα
627 331 720 367 θρόνον
734 331 842 359 αἰώνιον
856 341 906 359 κα-

119 374 206 408 θέξον,
221 375 269 401 καὶ
283 374 319 401 τὸ·
326 374 459 411 διαθήκην
473 374 581 402 αἰώνιον
592 375 756 404 διατίθεσθαι
772 378 840 413 πρὸς
855 378 905 405 αὑ-

119 420 163 447 τὸν
177 420 223 447 τὸν
235 420 311 453 Θδδν,
324 420 341 455 ἢ
358 420 492 455 συνθήκην
503 421 571 456 πρὸς
582 422 662 448 αὐτὸν
675 422 819 456 γενέσθαι;
836 422 906 449 οὓτω

119 467 174 503 γὰρ
192 468 208 493 ὅ
224 467 338 498 Ἀκύλας
358 467 406 493 καὶ
426 467 571 503 Σύμμαχος
591 469 776 504 ἡρμήνευσαν,
797 469 908 503 συνθή-

119 523 180 548 κην
199 514 260 541 ἀντὶ
280 513 410 549 διαθήκης
424 515 574 549 εἰρηκότες.
589 515 743 550 Θαυμάσιον
764 514 797 551 ἦν
817 517 862 542 καὶ
878 516 907 543 τὸ

119 558 235 593 ὀμνύναι
254 558 299 584 τδν
313 558 379 584 Θεὸν
399 559 534 594 ἀνθρώπῳ
551 561 597 587 καὶ
613 561 642 587 τὸ
656 561 769 595 φάσκειν
782 562 851 597 πρὸς
862 562 907 588 τὸν

120 604 201 630 αὐτόν
210 612 218 620 ·
233 605 306 637 Ἕως
321 604 374 631 τοῦ
388 604 494 638 αιῶνος
506 606 651 640 ἑτοιμάσω
666 608 698 633 τὸ
710 607 828 642 σπέρμα
837 615 906 639 σου,

121 650 192 676 κατὰ
204 650 250 676 τὸν
265 650 428 686 Σύμμαχον·
440 652 494 678 Καὶ
516 653 701 687 οἰκοδομήσω
717 655 760 686 εἰς
776 653 908 687 ἑκάστην

120 695 228 729 γενεὰν
238 694 293 722 τὸν
305 696 413 729 θρόνον
429 704 496 728 σου,
516 697 585 723 κατὰ
598 697 642 723 τὸν
659 699 749 725 αὐτόν.
762 699 798 724 Τὸ
810 698 838 724 δὲ
851 700 908 733 μεῖ-

121 741 166 773 ζον
182 742 309 769 ἁπάντων
326 741 417 777 θαῦμα
429 742 506 769 τοῦτο
522 741 566 778 ἦν,
580 743 610 770 τὺ
623 744 736 771 τοιαῦτα
747 745 908 778 ἐπαγγελλό-

123 796 202 823 μενον
218 788 264 814 τδν
275 788 340 814 Θεὸν
352 788 425 824 ὅρκῳ
440 788 524 815 ταῦτα
536 789 784 825 ἐπισφραγίσασθαι
796 799 803 805 ·
821 790 866 816 καὶ
878 790 908 816 τὸ

123 833 233 859 πάντων
255 832 474 869 θαυμασιώτερον
488 834 518 860 τὸ
539 835 607 869 μετὰ
625 835 671 861 τὸν
684 835 754 861 θεῖον
772 836 851 871 ὅρκον
866 835 910 862 δο-

122 881 179 906 κεῖν
194 880 231 914 μὴ
242 880 318 911 τέλος
329 880 466 916 εἰληφέναι
476 881 538 911 τοὺς
550 881 596 907 τοῦ
608 881 674 907 θεοῦ
691 881 795 915 λόγους,
810 882 907 908 τάναν-

121 925 166 952 τία
181 926 210 952 δὲ
228 927 259 961 τῇ
275 926 431 961 ὁρκωμοσίᾳ.
450 926 594 961 συμϐῆναι.
605 927 742 962 Ἐπιφέρει
755 927 820 961 γοῦν
834 927 907 961 ἑξῆς,

122 972 230 998 ἐναντία
244 973 303 1003 ταῖς
315 972 362 998 τοῦ
375 972 442 998 Θεοῦ
456 972 632 1007 ἐπαγγελίαις
644 973 731 1008 δηλῶν
743 981 774 999 συ
779 972 908 1008 μὸεῦηκέ-

122 1026 182 1044 ναι·
197 1017 230 1044 δι’
247 1017 265 1044 ἃ
279 1018 325 1044 καὶ
342 1019 457 1054 μάλιστα
474 1019 654 1054 ἐκπλήττεται
673 1019 719 1045 καὶ
743 1019 875 1054 θαυμάζει
894 1020 908 1045 ὁ

123 1065 286 1100 Προφήτης·
302 1065 482 1091 ἀποδυσπετεῖ
498 1064 562 1099 γοῦν
577 1065 639 1099 ἑξῆς
654 1065 739 1099 λέγων
749 1074 755 1079 ·
769 1065 830 1091 Ποῦ
844 1065 908 1091 ἐστι

123 1112 159 1138 τὰ
170 1111 243 1145 ἑλέη
256 1118 314 1138 σου
327 1111 362 1138 τὰ
374 1111 491 1145 ἀρχαῖα,
504 1111 600 1144 Κύριε,
611 1110 630 1137 ἂ
641 1110 760 1145 ὤμοσας
774 1110 812 1142 τῷ
820 1110 909 1136 Aac-t6

123 1157 160 1183 ὲν
171 1156 209 1190 τῇ
221 1157 346 1190 ἀληθείᾳ
362 1165 419 1183 σου
428 1165 436 1188 ;
457 1156 525 1182 Ἀλλ’
535 1156 734 1190 ἀποθεραπεύει
749 1155 797 1191 τὴν
812 1154 909 1181 ἑαυτοῦ

124 1202 290 1239 ἀμηχανίαν,
307 1202 436 1237 ἀνωτέρω
453 1202 501 1237 μὲν
518 1201 651 1237 εἰρηκώς·
676 1202 727 1228 Ἐν
745 1201 806 1233 τοῖς
826 1201 910 1234 οὐμι-

124 1248 187 1281 νοῐς
200 1247 446 1283 ἑτοιμασθήσεται
458 1249 476 1281 ἠ
490 1247 615 1281 ἀλήθειά
627 1256 695 1278 σου,
711 1249 739 1273 ἐν
753 1246 780 1273 δὲ
794 1248 849 1278 tot;
863 1255 910 1281 με-

124 1293 158 1320 τὰ
174 1295 283 1329 χεῑρας·
308 1293 594 1328 Ἐξομολογήσονται
614 1295 640 1321 οἱ
656 1293 776 1327 οὐρανοὶ
791 1293 828 1319 τὰ
844 1295 911 1320 θαυ-

122 1339 218 1374 μάσιιί
235 1347 304 1371 σου,
319 1339 367 1366 καὶ
380 1339 435 1373 γὰρ
449 1339 505 1373 τὴν
515 1339 660 1372 ἀλήθειάν
672 1346 729 1365 σου
747 1340 782 1365 ἐν
794 1339 912 1372 Ἐκκλη-

125 1385 180 1419 όνίει
196 1386 296 1420 ἁγίων.
305 1386 364 1412 Ὅτι
385 1386 430 1418 τίς
451 1386 485 1412 ἐν
507 1385 648 1420 νεφέλαις
671 1385 847 1419 Ισωθήσεται
872 1384 911 1417 τῷ

125 1431 233 1465 Κυρίῳ,
245 1431 457 1465 ὁμοιωθήσεται
481 1430 520 1463 τῷ
544 1432 640 1464 Καρίῳ
663 1432 696 1457 ὲν
721 1431 795 1464 υἱοῖς
820 1431 911 1462 Θεοῡ;

132 1477 205 1503 Ἀντὶ
225 1477 287 1504 τοῦ·
312 1478 346 1504 ἐν
365 1478 515 1511 νεφέλαις,
546 1479 560 1504 ὁ
586 1477 732 1512 Σύμμαχός
757 1486 833 1511 φησι·
864 1477 911 1509 Τίς

126 1522 180 1557 γὰρ
204 1523 239 1549 ἐν
264 1523 374 1557 awépt;
389 1523 494 1558 Σφόδρα.
520 1522 548 1549 δὲ
571 1522 722 1553 ἀκολούθως
742 1523 863 1557 ἐπήγαγε
879 1521 912 1548 τὰ

127 1571 295 1606 προκείμενα
307 1572 363 1602 τοῖς
374 1570 544 1606 προλεχθεῖσι
558 1579 564 1585 ι
584 1569 631 1605 τὴν
646 1570 700 1604 γὰρ
713 1568 840 1604 ἀλήθειάν
854 1577 910 1599 σου,

955 336 1088 359 attentum
1099 350 1106 363 ,
1124 331 1182 358 sive
1197 334 1306 365 pactum
1322 330 1356 357 ah
1369 330 1416 357 illo
1431 338 1493 357 cum
1510 329 1565 357 Deo
1579 337 1738 365 percussum

956 376 1062 405 fuisse?
1075 376 1115 404 sic
1127 376 1199 403 enim
1215 375 1311 411 Aquila
1326 381 1352 403 et
1369 374 1547 411 Symmachus
1569 375 1743 411 interpretati

957 428 1038 454 sunt,
1053 422 1100 457 qui
1117 428 1223 456 pactum
1244 429 1292 456 pro
1307 425 1472 448 testamento
1495 420 1632 448 dixerunt.
1657 421 1740 448 Mira-

957 470 1010 497 bile
1024 476 1133 504 quoque
1146 469 1309 503 eratjurare
1325 467 1408 494 Deum
1432 466 1554 498 homini,
1572 467 1677 502 ipsique
1695 467 1739 493 di-

956 523 1018 542 cere
1027 535 1034 546 ,
1049 514 1135 549 Usque
1147 515 1174 541 in
1185 520 1311 542 internum
1323 513 1480 548 pm‘parabo
1492 521 1576 539 semen
1591 518 1664 539 tuum
1674 533 1681 545 ,
1696 521 1740 541 se-

956 562 1075 589 cundum
1091 560 1303 596 Symmachum:
1321 559 1354 586 Et
1371 560 1507 594 a'dificabo
1527 560 1554 586 in
1569 567 1741 594 unamquam—
1776 572 1795 596 ’χχ

957 615 1005 642 que
1014 607 1206 642 generationem
1216 606 1336 632 thronum
1348 611 1420 632 tuum
1429 627 1435 638 ,
1447 607 1595 633 secundum
1604 604 1738 632 eumdem.

958 653 989 679 At
999 653 1146 679 maximum
1157 652 1279 680 omnium
1291 651 1450 678 miraculum
1460 651 1525 678 illud
1534 654 1603 682 erat,
1616 650 1740 677 videlicet

958 699 1015 726 haec
1024 699 1172 734 pollicitum
1184 698 1268 726 Deum
1278 718 1285 730 ,
1293 698 1449 732 iuramento
1455 696 1550 724 eadem
1559 697 1719 731 obsignasse
1731 706 1738 722 :

958 753 1051 772 verum
1074 745 1146 780 quod
1162 745 1284 771 omnium
1300 743 1413 770 omnino
1430 742 1664 770 mirabilissiinum
1681 745 1739 775 est,

959 791 1005 819 Dei
1019 799 1176 822 sermones.
1192 798 1262 825 quos
1275 788 1384 824 iuratus
1403 788 1568 824 protulerat,
1585 795 1639 815 non
1655 787 1688 814 ad
1702 787 1741 814 ef-

959 837 1058 865 fectum
1082 837 1217 864 deductos
1239 844 1322 868 esse;
1347 835 1395 863 sed
1419 834 1584 869 iuramentis
1604 833 1741 861 contraria

958 884 1081 911 evenisse
1103 883 1199 911 videri.
1222 882 1290 909 Nam
1313 881 1409 909 deinde
1431 881 1534 916 pergit.
1558 881 1658 908 divinis
1679 888 1743 915 pro—

960 930 1053 957 missis
1070 930 1192 964 opposita
1206 927 1354 963 contigisse
1369 934 1485 954 narrans
1499 936 1505 953 ε
1521 934 1637 961 quorum
1653 926 1741 952 maxi-

959 983 1001 1002 me
1013 983 1094 1002 causa
1107 973 1274 1008 obstupescit
1285 974 1452 1006 miraturque
1464 971 1613 1007 Propheta,
1625 974 1651 997 et
1663 971 1742 1005 quasi

959 1029 1015 1048 rem
1030 1029 1101 1056 aegre
1117 1020 1206 1048 ferens
1220 1021 1257 1046 ait
1271 1029 1277 1046 :
1294 1019 1342 1046 Ubi
1359 1023 1419 1045 sunt
1434 1018 1620 1045 misericordia:
1635 1021 1686 1043 tum
1699 1025 1744 1043 an-

959 1066 1054 1100 tiquae,
1072 1065 1197 1098 Domine,
1213 1073 1280 1100 quas
1291 1063 1392 1099 jurain
1406 1063 1492 1090 David
1514 1063 1540 1090 in
1555 1063 1663 1089 veritate
1677 1062 1746 1089 tua?

960 1111 994 1138 At
1008 1111 1140 1146 angustiae
1155 1119 1211 1139 sua:
1225 1111 1356 1138 medelam
1375 1109 1512 1140 adhibuit,
1535 1113 1591 1135 tum
1615 1107 1744 1142 superius

960 1165 1021 1185 cum
1043 1157 1163 1189 diceret,
1192 1157 1224 1184 In
1251 1157 1321 1184 artis
1343 1155 1537 1191 pra-parabitur
1558 1155 1653 1182 veritas
1675 1159 1744 1185 tua;

961 1206 1018 1229 tum
1041 1203 1067 1229 in
1089 1202 1131 1229 his
1153 1210 1213 1237 quae
1236 1206 1387 1229 tractamus
1408 1202 1519 1233 dicens,
1544 1199 1746 1234 Conﬁtebuntur

960 1247 1018 1274 cali
1034 1247 1167 1273 mirabilia
1184 1251 1229 1274 tua
1240 1266 1246 1277 ,
1261 1248 1356 1274 etenim
1371 1247 1507 1273 ceritatem
1524 1250 1596 1272 tuam
1609 1246 1635 1271 in
1650 1244 1744 1272 Eccle-

961 1294 1001 1320 sia
1029 1299 1190 1320 sanctorum.
1203 1307 1238 1312 —-
1250 1292 1331 1320 Vsus.
1359 1293 1384 1320 7.
1410 1291 1540 1325 Quoniam
1557 1291 1615 1326 quis
1631 1291 1659 1317 in
1669 1290 1745 1317 nubi-

962 1338 1008 1365 bus
1026 1338 1172 1370 wqunbitur
1186 1337 1297 1365 Domino
1311 1358 1318 1369 ,
1335 1338 1429 1365 similis
1443 1338 1493 1365 erit
1509 1337 1621 1364 Domino
1637 1337 1664 1362 in
1681 1336 1746 1370 ﬁlii:

964 1384 1010 1410 Dei
1025 1385 1036 1412 ?
1050 1383 1103 1411 Pro
1119 1384 1180 1416 illo,
1196 1384 1223 1410 in
1248 1384 1376 1414 nubibus,
1399 1383 1580 1419 Symmachus
1603 1382 1659 1413 ait,
1679 1381 1747 1414 Quis

961 1431 1030 1458 enim
1052 1431 1079 1457 in
1103 1430 1222 1458 tut/iere?
1244 1430 1395 1457 Admodum
1417 1434 1599 1464 congruenter
1616 1428 1672 1455 haec
1687 1428 1745 1463 jam

962 1475 1110 1511 praemissis
1128 1475 1247 1509 adiecit:
1266 1476 1406 1502 veritatem
1427 1475 1498 1501 enim
1521 1479 1613 1505 tuam,
1636 1473 1743 1508 inquit,

962 1526 989 1550 et
1011 1522 1147 1549 mirabilia
1171 1525 1218 1548 tua
1241 1521 1347 1548 etiamsi
1370 1521 1494 1547 homines
1517 1520 1668 1555 intelligere
1690 1527 1745 1546 non

963 1569 1090 1601 valeant;
1107 1575 1160 1602 qua
1185 1567 1218 1594 de
1232 1574 1316 1594 causa
1329 1566 1442 1602 jamjam
1459 1566 1585 1593 dicturus
1598 1574 1658 1593 sum
1670 1587 1677 1598 ,
1696 1564 1746 1592 Ubi

127 1617 205 1652 91361,
217 1616 264 1643 καὶ
277 1616 312 1643 τὰ
323 1616 462 1651 θαυμάσιὰ
477 1624 534 1646 σου,
549 1615 572 1640 εἱ
587 1615 633 1640 καὶ
649 1614 685 1649 μὴ
700 1614 836 1648 ἅνθρωποι
851 1621 911 1640 συν-

963 1619 1024 1642 sunt
1043 1613 1232 1641 misericordiw
1254 1617 1306 1639 (ut:
1325 1613 1441 1647 antiqua:
1453 1633 1460 1645 ,
1477 1611 1606 1642 Domine,
1622 1620 1687 1645 quas
1699 1611 1747 1646 ju-

127 1665 197 1690 εῖναι
210 1663 353 1689 δύνανται·
369 1662 402 1688 δι’
418 1662 432 1688 ὂ
456 1661 543 1697 μέλλω
563 1660 651 1694 λέγειν
669 1659 764 1695 μικρὸν
781 1659 892 1695 ὕστερον
903 1668 910 1674 ο

128 1708 189 1735 Ποῦ
200 1707 266 1734 ἐστι
279 1707 315 1734 τὰ
325 1706 394 1740 ὲλέη
410 1714 468 1733 σου
481 1706 517 1732 τὰ
527 1705 645 1740 ἀρχαῖα,
657 1704 754 1737 Κύριε.
763 1703 782 1730 ἂ
793 1703 912 1737 ὤμοσας

127 1754 167 1786 τῷ
179 1748 284 1784 davni;
305 1753 373 1779 Ἀλλ’
386 1753 494 1788 οὐρανοὶ
509 1752 682 1786 διηγήσονται
704 1751 750 1777 καὶ
767 1751 913 1786 Ἐκκλησία

129 1800 215 1834 ἁγίων
237 1799 416 1834 μαρτυρήσει,
432 1799 472 1824 ὃτι
498 1797 580 1833 μηδὲν
595 1793 632 1823 ὧν
646 1796 756 1831 ὤμοσας
770 1795 808 1830 τῷ
822 1795 911 1827 Δαυῖδ,

127 1846 305 1876 διαπεσεῖται,
322 1845 382 1871 οὐδὲ
396 1844 540 1879 ψεύσονται
556 1852 602 1869 σου
619 1843 646 1869 αἱ
663 1842 840 1876 ἐπαγγελίαι·
855 1842 914 1868 ἀδύ-

129 1900 208 1918 νατον
221 1892 275 1927 γάρ
293 1892 349 1917 ἐστι
366 1891 395 1917 τὸ
411 1891 440 1917 σὲ
455 1890 618 1925 ψεύσασθαι.
634 1890 682 1921 Τίς
697 1889 750 1924 γάρ
763 1897 803 1915 σοι
817 1888 912 1921 ἐξισω-

130 1938 240 1974 θήσεται
257 1939 286 1964 ὲν
297 1938 418 1973 ἀληθείᾳ.
433 1937 449 1972 ἢ
463 1937 505 1968 τίς
519 1936 715 1971 ὁμοιωθήσεται
732 1935 760 1962 ἐν
771 1934 810 1970 τῷ
825 1934 913 1967 λέγειν

129 1985 176 2010 καὶ
187 1982 348 2009 πιστοῦσθαί
366 1991 410 2008 σου
427 1982 477 2013 τὰς
492 1981 672 2015 ὲπαγγελίαςς
692 1980 758 2006 Οὐδὲ
774 1979 829 2014 γὰρ
840 1979 913 2005 ἀντι-

130 2029 225 2064 στῆναι
242 2037 287 2054 σου
302 2029 335 2063 τῇ
352 2027 431 2062 βουλῇ
450 2027 560 2053 δύναταί
583 2035 634 2058 τις,
652 2026 688 2057 ὡς
704 2024 865 2060 ἀνατρέπειν
879 2022 913 2050 τὰ

129 2073 202 2106 ἅπαξ
217 2073 268 2100 ὑπὸ
284 2072 330 2099 σοῦ
344 2072 491 2108 ὡρισμένα,
505 2073 600 2106 μήτιγε
610 2071 645 2097 τὰ
662 2070 720 2105 μεθ’
733 2071 814 2105 ὅρκου
827 2071 914 2105 ἐπηγ-

129 2120 262 2154 γελμένα·
285 2119 355 2145 ὥστε
376 2119 399 2144 εί
419 2118 456 2153 μὴ
471 2118 518 2144 καὶ
540 2118 605 2152 ἡμῖν
624 2115 754 2150 ἔγνωσταί
771 2124 814 2141 πω
831 2115 913 2151 ἡτῶν

129 2164 299 2199 ἐπαγγελιῶν
312 2172 359 2190 σου
372 2163 492 2198 ἀλήθεια,
509 2162 565 2188 ἀλλ’
579 2163 666 2187 ἐκεῖνο
679 2160 800 2197 ἀκριϐῶς
817 2161 896 2195 ῐσμεν
905 2179 912 2191 ,

130 2211 173 2238 ὅτι
193 2210 321 2242 δυνατὸς
335 2207 371 2240 εἷ,
385 2209 480 2243 Κύριε,
496 2208 544 2234 καὶ
563 2208 581 2241 ἠ
600 2207 724 2240 ἀλήθειά
740 2214 797 2233 σου
813 2207 914 2237 κύκλῳ

130 2263 198 2283 σου.
215 2256 295 2282 Πάντ*
308 2253 354 2282 οὖν
370 2255 418 2281 ὃσα
435 2254 481 2280 καὶ
492 2253 652 2288 βεϐούλησαι
667 2252 788 2284 δύνασαι,
801 2251 913 2278 καὶτῶν

963 1660 1030 1686 rasti
1048 1658 1133 1686 David
1147 1660 1157 1686 ?
1172 1663 1200 1685 at
1214 1658 1276 1685 coeli
1289 1658 1472 1688 enarrabunt,
1489 1660 1515 1683 et
1539 1656 1661 1683 Ecclesia
1683 1664 1746 1684 san-

962 1711 1067 1733 ctorum
1079 1704 1279 1735 testilicabitur,
1291 1704 1358 1731 nihil
1369 1710 1462 1731 eorum
1475 1711 1534 1737 qum
1544 1701 1637 1729 Davidi
1648 1702 1747 1737 jurasti

963 1752 1102 1786 lapsurutn
1125 1759 1206 1783 esse,
1233 1758 1322 1785 neque
1347 1749 1440 1776 irritas
1466 1748 1524 1776 fore
1550 1748 1748 1784 promissiones

963 1802 1025 1825 tuas
1040 1807 1046 1824 :
1062 1797 1120 1825 ﬁeri
1133 1797 1206 1824 cnim
1218 1797 1312 1831 nequit
1324 1800 1349 1822 te
1364 1795 1483 1822 mentiri.
1498 1794 1564 1827 Quis
1575 1794 1647 1822 enim
1660 1801 1748 1828 mqua-

964 1844 997 1872 lis
1015 1843 1063 1871 tibi
1077 1843 1131 1870 erit
1146 1843 1173 1870 in
1189 1843 1320 1873 veritate,
1336 1844 1384 1867 aut
1398 1840 1459 1875 quis
1475 1840 1573 1867 similis
1588 1839 1641 1866 erit
1655 1839 1703 1866 tibi
1720 1839 1747 1866 in

963 1897 1011 1921 co,
1023 1889 1095 1924 quod
1109 1888 1230 1923 loquaris
1241 1891 1268 1914 et
1282 1885 1475 1921 promissiones
1489 1889 1541 1911 tua;
1554 1884 1637 1911 ﬁrma-
1650 1887 1678 1910 et
1692 1884 1747 1918 ple.

964 1942 1004 1961 nte
1021 1934 1084 1961 ﬁdei
1106 1933 1245 1961 evadant?
1260 1931 1324 1958 Tuze
1339 1931 1439 1966 quippe
1453 1930 1586 1957 voluntati
1603 1936 1683 1956 nemo
1697 1937 1746 1964 po—

963 1984 1017 2007 test
1031 1979 1183 2011 obsistere,
1208 1978 1246 2005 ita
1266 1981 1296 2004 ut
1318 1984 1367 2009 ea,
1390 1983 1449 2011 qua:
1464 1983 1478 2001 a
1495 1979 1520 2002 te
1535 1975 1618 2002 semel
1635 1974 1746 2002 delinita

964 2030 1043 2058 sunt,
1058 2029 1180 2056 evertat,
1197 2023 1297 2051 nedum
1313 2031 1344 2050 ea
1360 2031 1420 2058 qua:
1436 2030 1497 2049 cum
1511 2021 1668 2056 juramenlo
1682 2028 1746 2055 pro-

964 2071 1048 2098 missa
1070 2073 1155 2103 sunt;
1179 2069 1216 2096 ita
1238 2072 1267 2095 ut
1287 2068 1395 2095 etiamsi
1417 2066 1498 2094 nobis
1520 2070 1582 2092 nota
1602 2074 1656 2092 non
1676 2068 1749 2092 esset

964 2116 1162 2153 promissorum
1179 2119 1288 2141 tuorum
1303 2114 1404 2141 veritas
1415 2134 1423 2146 ,
1440 2117 1467 2139 at
1485 2112 1551 2139 illud
1573 2111 1656 2145 probe
1677 2111 1748 2138 scia-

965 2170 1042 2194 mus,
1057 2161 1180 2196 quoniam
1196 2164 1286 2194 potens
1300 2168 1343 2191 ea,
1362 2159 1489 2188 Domine,
1505 2162 1530 2184 et
1545 2158 1642 2184 veritas
1659 2161 1703 2182 tua
1721 2157 1749 2182 in

964 2209 1075 2236 circuitu
1092 2212 1147 2234 tuo.
1167 2206 1264 2234 0muia
1287 2206 1369 2241 igitur
1383 2212 1552 2240 quaecunque
1567 2203 1685 2230 volueris
1701 2210 1748 2237 po-

965 2260 1024 2286 tes,
1046 2258 1073 2281 et
1086 2252 1280 2288 praedictorum
1300 2251 1333 2279 de
1357 2251 1458 2278 Davide
1483 2250 1627 2277 verborum
1647 2252 1748 2275 veritas

130 2303 216 2336 λόγων
232 2310 278 2328 σου
293 2301 346 2328 τῶν
359 2301 423 2336 περὶ
437 2299 483 2326 τοῦ
494 2298 573 2325 Δαυῖδ
587 2297 794 2334 προρρηθέντων
816 2298 832 2331 ἡ
847 2297 911 2332 ἀλή-

964 2301 1037 2328 circa
1053 2304 1079 2327 te
1093 2299 1232 2332 volvitur;
1249 2297 1286 2324 ita
1302 2302 1332 2324 ut
1346 2297 1491 2327 omnibus,
1510 2295 1556 2330 qui
1570 2295 1642 2321 circa
1658 2299 1683 2321 te
1701 2301 1748 2327 po-

130 2348 191 2375 θεια
205 2348 276 2383 ἀμφὶ
293 2349 323 2374 σὲ,
333 2347 458 2373 εἱλεῖται·
476 2345 513 2376 ὡς
526 2346 592 2371 πᾶσι
608 2344 655 2379 μὲν
667 2346 722 2376 τοῖς
735 2344 797 2380 περὶ
812 2344 841 2370 σὲ
856 2341 915 2370 οὖσι

130 2394 176 2420 καὶ
193 2393 242 2428 τὴν
254 2392 302 2427 σὴν
317 2391 430 2426 θεότητα
442 2388 621 2424 δορυφυροῦσι
638 2388 828 2422 γινώσκεσθαι,
836 2388 916 2422 ἁγνο-

131 2439 218 2466 εἰσθαι
230 2438 258 2465 δὲ
268 2439 324 2469 τοῖς
341 2436 448 2473 μακρὰν
464 2434 644 2469 ἀφεστηκόσιν
657 2435 711 2461 ἀπὸ
726 2434 783 2460 σοῦ.

164 2486 243 2512 Δοκεῖ
264 2483 292 2510 δέ
319 2491 364 2519 μοι
386 2482 429 2509 διὰ
445 2482 545 2507 τούτων
556 2481 569 2506 ὁ
586 2480 740 2515 Προφήτης,
754 2479 822 2514 ἁγίῳ
837 2478 918 2505 Πνεύ-

133 2540 198 2568 ματι
213 2529 398 2566 θεοφορηθεὶς,
413 2529 460 2554 καὶ
469 2528 532 2559 τοὺς
541 2527 590 2562 τῆς
599 2526 687 2561 ψυχῆς
699 2525 854 2560 ὀφθαλμοὺς
864 2533 916 2559 φω-

130 2579 156 2605 τὶ
168 2576 254 2613 νοερῷ
266 2574 474 2609 καταυγασθεὶς,
486 2573 536 2608 τὴν
550 2572 627 2605 δόξαν
645 2571 794 2607 ἑωρακέναι
806 2570 851 2597 τοῦ
864 2571 917 2597 Μο-

131 2622 257 2657 νογενοῦς
279 2621 326 2648 τοῦ
349 2620 422 2648 Θεοῦ.
453 2620 482 2646 ὲν
507 2617 581 2654 μέσῳ
607 2617 655 2652 τῆς
678 2615 838 2651 Ἐκκλησίας
861 2615 915 2642 τῶν

132 2669 215 2703 ἁγίων
231 2668 357 2699 ἑστῶτος.
371 2666 417 2693 καὶ
432 2664 663 2700 δορυφορουμένων
685 2662 736 2689 ὑπὸ
757 2661 810 2688 τῶν
831 2660 915 2695 ἁγίων

130 2716 184 2742 τῶν
201 2716 230 2742 ὲν
250 2714 373 2749 βασιλείᾳ
392 2711 483 2738 αὑτοῦ.
502 2709 699 2745 Μνημονεύσας
714 2708 779 2743 γοῦν
799 2708 853 2734 τῶν
869 2707 915 2734 οὑ-

134 2760 232 2796 ρανῶν,
247 2759 293 2786 καὶ
317 2758 356 2793 τῷ
381 2757 445 2790 θείῳ
470 2755 608 2790 Πνεύματι
627 2754 781 2785 ὲνατενίσας
804 2754 837 2789 τῇ
861 2752 915 2779 τῶν

133 2806 217 2840 ἁγίων
241 2804 398 2838 Ἐκκλησίᾳ,
414 2802 499 2828 ἔοικεν
523 2801 673 2836 ἑωρακέναι
694 2800 776 2835 μέσον
793 2799 838 2825 τὸν
851 2798 914 2825 Υἱδν

131 2851 177 2878 τοῦ
193 2850 261 2877 Θεοῦ
271 2858 278 2866 ·
290 2848 349 2876 εἶτα
361 2848 430 2884 μετὰ
443 2847 491 2882 τὴν
502 2847 605 2873 ἐκείνου
619 2846 779 2880 κατανόησιν
793 2844 915 2880 ἐπιστρέ-

132 2907 192 2933 φειν
209 2896 273 2928 τοὺς
294 2894 447 2930 ὀφθαλμοὺς
464 2893 510 2919 ἐπὶ
530 2892 584 2919 τῶν
599 2892 677 2925 πέριξ
691 2891 774 2925 ἁγίων
791 2890 913 2924 ἐγγὲλων

132 2945 177 2972 καὶ
192 2941 380 2978 ἁρχαγγέλων,
405 2939 565 2973 πνευμάτων
575 2946 603 2964 τε
617 2937 694 2964 θείων
712 2938 759 2963 καὶ
774 2936 912 2971 δυνάμεων

966 2346 1011 2375 siti
1026 2349 1090 2373 sunt
1103 2349 1130 2372 et
1145 2344 1273 2372 deitatem
1288 2343 1390 2377 stipant
1406 2346 1480 2368 tuam
1491 2361 1498 2374 ,
1516 2345 1580 2367 nota
1595 2339 1645 2373 sit,
1663 2339 1696 2366 ab
1713 2339 1748 2366 iis

966 2400 1032 2420 vero
1046 2391 1092 2426 qui
1108 2390 1203 2426 procul
1219 2395 1244 2417 te
1258 2392 1340 2422 sunt,
1354 2389 1503 2423 ignoretur.

1001 2479 1041 2505 Ex
1055 2477 1098 2505 his
1114 2484 1197 2512 porro
1210 2476 1319 2503 videtur
1334 2474 1399 2501 mihi
1411 2472 1549 2508 Propheta
1567 2472 1670 2508 Spiritu
1685 2479 1749 2499 san-

966 2529 1010 2553 cto
1024 2524 1115 2552 divine
1131 2524 1269 2558 repletus,
1290 2529 1323 2548 ac
1338 2521 1437 2548 mentis
1450 2519 1539 2547 oculis
1556 2519 1689 2554 spirituali
1706 2519 1749 2546 lu-

967 2572 1040 2598 mine
1054 2571 1207 2597 illustratus
1217 2589 1224 2600 ,
1240 2567 1356 2603 gloriam
1370 2566 1473 2594 vidisse
1488 2564 1623 2600 Unigeniti
1639 2565 1702 2598 Dei,
1720 2565 1748 2592 in

966 2617 1054 2644 medio
1066 2615 1193 2643 Ecclesiae
1205 2618 1363 2641 sanctorum
1375 2613 1484 2645 stantis,
1496 2616 1523 2640 et
1535 2616 1690 2639 sanctorum
1701 2612 1749 2647 qui

967 2662 994 2689 in
1015 2669 1098 2697 regno
1111 2661 1173 2696 eius
1185 2664 1248 2688 sunt
1262 2658 1436 2685 multitudine
1450 2658 1553 2693 stipati.
1574 2656 1642 2685 Cum
1663 2658 1749 2685 caelos

966 2713 1083 2740 namque
1098 2709 1294 2736 memorasset,
1312 2707 1339 2730 et
1355 2702 1458 2738 Spiritu
1472 2703 1565 2730 divino
1590 2707 1748 2731 sanctorum

966 2750 1115 2778 Ecclesiam
1133 2751 1296 2782 intueretur,
1311 2749 1420 2777 videtur
1435 2749 1463 2776 in
1479 2750 1569 2777 medio
1589 2757 1683 2777 eorum
1703 2749 1749 2777 Fi-

965 2796 1030 2823 lium
1037 2796 1083 2823 Dei
1096 2795 1282 2833 conspexisse,
1290 2794 1387 2822 deinde
1396 2800 1484 2823 autent
1494 2796 1553 2831 ipso
1564 2796 1748 2828 considerato,

965 2843 1059 2870 oculos
1074 2847 1180 2870 vertere
1202 2842 1236 2869 ad
1255 2846 1413 2870 sanctorum
1436 2844 1610 2878 angelorum,
1633 2842 1749 2870 archan-

965 2889 1086 2924 gelorum
1096 2908 1103 2921 ,
1118 2888 1262 2923 spirituum
1274 2888 1428 2916 divinorum
1444 2893 1471 2916 et
1486 2890 1614 2916 virtutum
1632 2890 1747 2916 circum-

965 2935 1081 2968 positum
1095 2934 1227 2962 chorum:
1250 2935 1346 2962 horum
1367 2935 1536 2963 divinitatem
1553 2935 1664 2967 mirari;
1681 2942 1743 2961 eum
