2032 3215
292 199 362 227 1085

641 197 777 229 EUSEBII
796 198 1032 228 CESARIENSIS
1050 199 1126 229 OPP.
1142 199 1235 228 PARS
1251 198 1295 228 Ill.
1315 213 1350 220 -ι
1364 198 1569 227 EXEGETICA.

1837 199 1909 227 1084

295 264 359 285 vero
372 257 417 292 qui
431 263 526 285 omnes
546 256 667 289 excedit,
681 264 779 285 omnes
795 261 924 293 superat,
941 257 1063 294 Unigeni‘

1120 259 1199 294 χορόν
1208 267 1214 274 ·
1228 258 1275 286 καὶ
1289 257 1438 293 θαυμάζειν
1448 257 1499 293 τὴν
1512 257 1613 284 τούτων
1630 256 1756 292 θειότητα
1765 265 1773 273 ’
1787 257 1907 295 ὑπερεκ-

294 308 349 330 ιιιιιι
364 302 428 335 Dei,
443 310 504 329 cum
521 306 631 337 stupore
648 302 841 330 considerare:
858 303 955 331 deinde
970 311 1003 331 ex
1025 304 1073 331 ad-

294 349 434 376 miratione
445 348 502 376 haec
513 348 588 377 eliari
597 368 604 381 ,
617 347 749 381 Quoniam
757 349 816 381 quis
825 350 851 375 in
864 349 974 376 nubibus
984 359 1073 385 coqua-

293 396 362 422 bitur
376 395 509 423 Domino?
525 395 584 423 sive
607 395 757 423 secundum
773 396 983 431 Symmachum,
1006 397 1072 430 Quis

292 442 359 468 enim
374 442 400 468 in
415 441 506 468 cillere
518 441 631 475 conferet
644 450 671 468 se
679 441 789 468 Domino
803 442 829 468 in
843 442 906 476 ﬁliis
913 443 985 470 Dei?
1000 442 1072 476 Haec,

292 487 325 515 de
342 486 485 522 Unigenito
496 487 543 514 Dei
560 488 632 514 dicta
643 507 650 519 ,
669 488 739 523 piam
755 492 863 516 servant
884 489 1045 516 sententiam
1063 497 1070 522 ;

292 533 326 560 de
340 533 421 561 Patre
435 541 499 560 vero
515 541 548 560 ac
564 533 619 561 Deo
640 535 828 561 universorum
848 542 928 562 secus
943 545 949 562 :
971 535 1072 569 impro-

292 579 351 614 pria
365 579 437 606 enim
451 583 478 606 et
493 579 574 614 impia
588 580 755 614 comparatio
769 585 850 607 esset.
866 580 933 607 Nam
949 580 1011 610 ﬁliis
1025 580 1072 608 Dei

292 624 412 652 omnium
427 631 537 651 causam
552 625 675 653 conferre
685 645 692 658 ,
707 630 734 653 et
747 633 809 653 eum
823 626 870 660 qui
883 634 966 661 supra
981 627 1072 654 omnia

292 673 333 696 est
350 668 421 696 Deus
437 669 498 696 aliis
514 677 690 705 comparare,
713 671 933 706 improbissimus
950 673 1071 700 omnium

292 723 376 743 ausus
389 721 470 744 esset.
486 717 519 743 At
535 717 594 745 sine
608 718 730 752 periculo
745 718 832 747 Filius
851 719 898 747 Dei
915 721 1073 755 unigenitus

292 761 355 788 ﬁliis
375 761 422 789 Dei
441 767 626 796 comparatur,
647 771 678 790 ac
697 764 800 791 dicitur
818 773 880 792 cum
900 765 1071 801 incompara-

291 806 371 834 bilem
387 814 460 840 esse,
476 815 536 834 cum
552 808 626 835 nullo
641 809 836 837 conferendum
847 831 854 843 ,
876 814 958 845 atque
978 812 1072 839 admo-

290 852 354 879 dum
365 853 527 881 anteccllere
536 855 668 882 asseritur
679 855 721 883 bis
734 856 835 887 verbis,
846 857 911 890 Quis
923 858 949 883 in
960 858 1071 886 nubibus

289 900 437 933 a’quabilur
454 899 588 928 Domino?
609 908 641 928 ac
663 902 686 928 si
705 902 822 935 dicatur,
845 911 934 932 nemo.
958 903 1070 932 Etiamsi

288 945 359 971 enim
373 945 450 972 multi
465 946 570 978 sancti,
583 951 609 974 et
623 947 707 974 millia
723 949 880 984 angelorum
890 970 897 982 ,
909 955 937 977 et
949 950 1070 979 Ecclesia

287 988 501 1023 primitivorum,
517 991 696 1025 principatus,
712 997 878 1027 potestates,
895 996 985 1022 throni
996 995 1070 1027 ,'do-

287 1034 451 1062 minationes
465 1055 472 1066 ,
494 1035 608 1070 spiritus
636 1038 742 1069 sancti,
767 1039 884 1067 virtutes
905 1040 1019 1074 divinae,
1042 1042 1074 1069 in

286 1079 447 1107 caelestibus
457 1081 624 1109 exercitibus
634 1088 788 1115 versentur,
801 1085 939 1113 ctelestem
953 1087 1071 1122 implen-

287 1129 327 1152 tes
344 1124 492 1153 Ecclesium
507 1136 514 1157 ;
528 1132 555 1154 at
568 1129 645 1162 quis,
661 1129 715 1160 ait,
728 1130 755 1156 in
769 1131 869 1158 aethere
883 1139 965 1166 supra
979 1133 1069 1160 firma-

286 1173 407 1197 mentum
423 1171 513 1205 posito
528 1174 681 1207 aequabitur
700 1174 836 1202 Domino?
854 1176 930 1208 Quod
950 1178 973 1205 si
990 1178 1067 1205 multi

285 1215 333 1242 lilii
347 1215 393 1242 Dei
410 1220 473 1243 sunt
487 1218 619 1253 multique
639 1219 694 1251 dii,
720 1221 869 1248 secundum
891 1223 974 1255 illud,
996 1223 1067 1251 Deus

284 1262 357 1288 stetit
375 1262 403 1288 in
416 1271 549 1298 synagoga
565 1265 673 1292 deorum
689 1268 710 1282 ¹¹
721 1275 728 1298 ;
741 1271 768 1295 et
779 1287 786 1300 ,
807 1267 876 1295 Deus
891 1268 999 1296 deorum
1014 1270 1067 1297 Do-

285 1308 370 1334 minus
392 1308 494 1336 locutus
513 1315 552 1337 est
567 1313 589 1327 "
602 1332 609 1341 .
635 1317 678 1344 et,
703 1312 759 1347 Ego
778 1313 852 1346 dixi,
875 1313 919 1340 Dii
945 1316 1024 1347 estis,
1041 1321 1066 1342 et

284 1354 333 1388 Μή
347 1354 480 1382 Altissimi
494 1365 582 1384 omnes
593 1358 632 1385 "z
648 1358 695 1386 sed
706 1359 763 1394 quis
776 1360 872 1386 similis
886 1361 936 1387 erit
954 1360 1065 1389 Domino

283 1399 310 1425 in
326 1399 391 1434 ﬁliis
413 1400 486 1429 Dei?
506 1402 573 1429 Nam
597 1411 659 1430 cum
686 1405 823 1433 innumeri
849 1406 909 1440 ejus
933 1407 979 1434 lilii
994 1409 1063 1440 sint,

283 1453 382 1478 nemo,
407 1447 512 1483 inquit,
537 1449 602 1477 huic
626 1451 724 1479 similis
747 1452 818 1484 erit,
835 1458 882 1480 aut
901 1455 1064 1489 aaquabitur,

284 1495 377 1525 utpote
396 1493 442 1526 qui
463 1494 566 1521 electus
580 1495 632 1527 sit,
646 1496 803 1531 unigenitus
817 1501 845 1525 et
866 1499 1064 1535 primogenitus

283 1537 373 1563 omnis
387 1541 529 1572 creaturae,
548 1538 666 1567 Verbum
682 1540 747 1568 item
762 1546 790 1569 et
812 1543 955 1577 sapientia,
976 1544 1063 1572 virtus

1122 305 1287 340 πλήττεσθαι
1298 305 1326 331 δέ
1338 305 1383 331 τὸν
1395 304 1523 330 ἐπέκεινα
1536 303 1652 333 πάντων.
1666 303 1713 330 καὶ
1726 303 1795 338 ὑπὲρ
1806 305 1907 336 πάντας

1122 350 1167 377 τὸν
1178 351 1316 385 Μονογενῆ
1328 350 1374 376 τοῦ
1388 350 1454 376 Θεοῦ
1465 358 1472 364 ·
1491 347 1539 376 εἶτ’
1554 350 1586 376 ὲκ
1601 349 1648 376 τοῦ
1661 348 1799 385 θαύματος
1812 349 1909 376 ἀναπε-

1123 396 1275 431 φωνηκέναι
1289 396 1333 422 τό-
1348 396 1406 422 Ὅτι
1421 395 1467 427 τίς
1479 395 1514 421 ἐν
1528 395 1667 429 νεφέλαις
1678 394 1858 429 ισωθήσετοι
1870 394 1908 427 τῷ

1122 442 1236 475 Κυρίῳ;
1260 441 1277 477 ἦ
1301 441 1371 468 κατὰ
1392 440 1437 467 τὸν
1451 440 1594 475 Σύμμαχον
1607 449 1614 456 ·
1634 441 1681 473 Τίς
1696 440 1750 475 γὰρ
1768 441 1804 467 ἐν
1817 440 1908 474 αιθέρι

1123 488 1354 523 ἀντιπαραθήσει
1369 488 1408 521 τῷ
1424 489 1520 522 Κυρίῳ
1534 488 1568 515 ἐν
1580 487 1655 519 υίοῖς
1666 487 1740 514 Θεοῦ
1747 494 1758 518 ;
1775 486 1868 513 Ταῦτα
1880 487 1908 513 δέ

1123 536 1186 571 περὶ
1209 536 1257 571 μὲν
1283 535 1331 562 τοῦ
1354 534 1522 569 Μονογενοῦς
1539 533 1585 561 τοῦ
1601 532 1668 560 Θεοῦ
1682 532 1815 568 λεγόμενα
1829 532 1912 565 σώζοι

1122 581 1156 608 ἂν
1174 581 1274 615 εὐσεὸἧ
1288 581 1337 616 τὴν
1348 580 1477 611 διάνοιαν,
1492 579 1522 606 οὺ
1537 579 1586 614 μὲν
1602 578 1722 614 περὶτοῦ
1742 578 1848 614 Πατρὺς
1863 577 1910 604 καὶ

1122 627 1189 653 Θεοῦ
1205 627 1258 653 τῶν
1270 627 1337 653 ὅλων
1347 635 1353 641 ·
1366 626 1498 657 ἀνοίκειος
1514 625 1568 661 γὰρ
1583 625 1630 651 καὶ
1643 624 1743 660 ἀσεϐὴς
1758 625 1775 659 ἡ
1789 623 1908 659 παράθε-

1124 681 1174 704 σις.
1192 672 1227 699 Τὸ
1253 673 1307 708 γὰρ
1330 673 1397 704 υἱοῖς
1413 671 1480 698 Θεοῦ
1499 671 1683 706 παραϐάλλειν
1699 671 1729 697 τὸ
1743 670 1853 697 πάντων
1866 670 1906 697 αί-

1121 728 1187 751 τιον,
1204 720 1249 746 καὶ
1264 719 1294 745 τὸ
1314 719 1469 754 συγκρίνειν
1490 718 1592 754 ἑτέροις
1608 718 1708 753 τολμᾷν
1721 718 1766 744 τὸν
1782 718 1908 745 ἐπέκεινα

1122 765 1176 792 τῶν
1186 766 1253 792 ὅλων
1265 765 1340 796 Θεὸν,
1353 765 1460 791 πάντων
1470 765 1502 791 ἂν
1511 765 1614 798 γένοιτο
1625 763 1815 791 ἀνοσιώτατον.
1823 764 1908 790 ’Δκίν-

1121 811 1199 842 δυνος
1220 811 1287 837 δ’ἂν
1312 811 1354 846 εἴη
1379 811 1393 836 ὁ
1415 810 1492 844 λόγος
1509 812 1577 842 υἱοῖς
1592 809 1659 836 Θεοῦ
1675 810 1826 845 συγκρίνων
1845 810 1910 836 Tib»

1122 853 1189 880 Θεοῦ
1207 854 1346 889 μονογενῆ,
1357 854 1403 880 καὶ
1416 853 1446 880 τὸ
1456 854 1523 890 πρὸς
1535 854 1637 886 πάντας
1649 853 1812 889 ἀσύγκριτον
1824 854 1906 881 αὑτοῦ

1122 900 1168 925 καὶ
1181 899 1361 935 ἁπαράθετον,
1377 899 1436 926 καθ’
1451 900 1602 935 ὑπερϐολήν
1615 908 1644 926 τε
1658 900 1788 935 ὑπερέχον
1809 900 1907 936 σημαι-

1122 954 1176 971 νειν
1191 945 1236 971 διὰ
1252 945 1313 971 τοῦ·
1333 946 1427 978 Τίςοὲν
1442 946 1583 980 νεφέλαις
1604 945 1780 978 ίσωθήσεται
1797 945 1839 978 τῷ
1848 947 1908 973 Κυ-

1116 991 1186 1024 ρίῳ;
1201 991 1260 1018 ἀντὶ
1284 991 1340 1023 τοῦ,
1363 991 1460 1023 οὐδείς.
1478 992 1508 1018 Εί
1519 992 1574 1027 γὰρ
1595 992 1642 1019 καὶ
1662 991 1755 1019 πολλοὶ
1773 992 1848 1026 amt
1861 992 1906 1020 καὶ

1121 1037 1249 1072 μυριάδες
1267 1037 1399 1071 ἀγγέλων,
1412 1037 1460 1064 καὶ
1478 1038 1624 1073 Ἐκκλησία
1641 1038 1832 1074 πρωτοτόκων,
1856 1039 1906 1074 ἀρ-

1119 1084 1165 1118 χαί
1182 1092 1209 1110 τε
1227 1083 1273 1110 καὶ
1288 1083 1407 1115 ἐξουσίαι
1423 1084 1469 1110 καὶ
1484 1084 1572 1120 θρόνοι
1590 1085 1636 1111 καὶ
1647 1085 1815 1120 κυριότητες,
1827 1086 1906 1112 meti—

1121 1129 1194 1164 ματά
1206 1137 1235 1154 τε
1252 1128 1327 1163 ἅγια,
1346 1130 1393 1156 καὶ
1406 1129 1533 1165 δυνάμεις
1550 1130 1619 1158 θεῖαι
1632 1132 1661 1158 ἐν
1675 1132 1736 1162 ταῖς
1750 1131 1810 1157 κατ’
1824 1130 1899 1166 οὐρα-

1118 1176 1163 1202 νὸν
1180 1177 1317 1211 στρατιαῖς
1329 1176 1524 1208 πολιτεύονται,
1539 1177 1588 1212 τὴν
1605 1177 1764 1212 ἐπουράνιον
1779 1177 1905 1212 συμπλη-

1120 1221 1227 1257 ροῦντες
1249 1222 1424 1257 Ἐκκλησίαν·
1439 1222 1507 1249 ἀλλὰ
1527 1223 1578 1254 τίς,
1596 1224 1687 1258 φησὶν,
1703 1224 1733 1249 ἐν
1752 1223 1793 1258 τῷ
1817 1223 1905 1260 αἰθέρι

1118 1267 1155 1302 τῷ
1168 1268 1295 1294 ἐπέκεινα
1308 1267 1353 1293 τοῦ
1367 1268 1553 1303 στερεώματος
1570 1269 1729 1304 ίσωθήσεται
1741 1269 1780 1301 τῷ
1793 1270 1904 1305 κυρίως

1117 1314 1148 1340 El
1159 1314 1185 1340 δὲ
1197 1313 1285 1340 πολλοὶ
1297 1314 1350 1339 υἱοὶ
1362 1313 1429 1340 Θεοῦ
1441 1315 1486 1340 καὶ
1499 1314 1555 1340 θεοὶ
1565 1314 1634 1341 κατὰ
1644 1315 1674 1341 τό
1685 1323 1692 1330 υ
1706 1315 1734 1341 ’0
1746 1315 1820 1348 Θεὸς
1829 1315 1904 1350 ἔστη

1116 1359 1150 1386 ἐν
1167 1358 1327 1393 συναγωγῇ
1347 1359 1431 1390 θεῶν,
1448 1359 1495 1386 καί
1506 1368 1512 1375 ’
1531 1360 1602 1392 Θεὸς
1618 1359 1694 1387 θεῶν
1706 1361 1814 1394 Κύριος
1836 1360 1902 1388 ἐλάν-

1114 1406 1202 1437 λησε,
1222 1404 1269 1430 καί
1280 1413 1286 1419 ·
1307 1404 1377 1439 Ἐγὼ
1391 1402 1492 1431 εἷπον·
1511 1405 1577 1431 Θεοί
1590 1404 1670 1437 ἐστε,
1684 1405 1733 1431 καὶ
1745 1405 1805 1432 υἱοὶ
1823 1405 1902 1440 Ὑψί-

1115 1457 1190 1475 στου
1204 1449 1314 1482 πάντες
1324 1458 1330 1464 ·
1344 1449 1410 1475 ἀλλὰ
1427 1450 1470 1482 Τίς
1484 1449 1695 1484 ὁμοιωθήσεται
1709 1449 1748 1482 τῷ
1760 1450 1860 1484 Κυρίῳ
1871 1450 1903 1478 ἐν

1114 1494 1189 1527 υἱοῖς
1205 1495 1295 1526 Θεοῦ;
1317 1495 1428 1531 Μυρίων
1450 1495 1504 1530 γὰρ
1527 1495 1611 1522 ὄντων
1626 1495 1702 1529 υἱῶν,
1715 1496 1812 1528 οὐδεὶς,
1826 1497 1911 1533 φησὶ.-

1114 1540 1200 1576 τούτῳ
1215 1541 1423 1576 ὁμοιωθήσεται,
1438 1541 1498 1567 οὐδέ
1511 1541 1715 1577 ἐξισωθήσεται,
1729 1542 1851 1578 ἐκλεκτῷ
1863 1542 1910 1570 ὅτι

282 1587 309 1608 et
324 1583 455 1617 sapientia
469 1583 525 1612 Dei.
550 1584 668 1624 Mihique
683 1587 790 1615 videtur
816 1588 914 1616 horum
939 1590 1062 1617 notitiam

1114 1586 1161 1613 καὶ
1176 1588 1313 1621 μονογενεῖ
1331 1587 1378 1613 καὶ
1394 1587 1558 1622 πρωτοτόκῳ
1572 1588 1661 1622 πάσης
1684 1588 1810 1621 κτίσεως,
1824 1588 1901 1624 Λόγῳ

282 1627 309 1654 in
325 1628 540 1662 praecedentibus
556 1631 678 1664 tradere,
702 1640 764 1660 cum
788 1634 826 1661 ait
840 1644 847 1661 :
863 1635 1064 1669 Conﬁtebuntur

281 1673 339 1699 caeli
356 1674 490 1701 mirabilia
506 1680 562 1702 tua.
587 1676 726 1712 Siquidem
743 1686 776 1705 ex
792 1679 964 1708 mirabilibus
979 1689 1063 1709 unum

281 1718 334 1745 hoc
346 1723 420 1751 erat,
435 1721 506 1754 quod
520 1721 647 1758 deinceps
660 1723 693 1750 de
700 1723 846 1759 Unigenito
858 1725 905 1753 Dei
919 1727 1062 1756 additurus

280 1766 355 1795 erat,
371 1765 517 1799 etquidem
531 1767 696 1795 necessario.
712 1767 780 1801 Quia
795 1769 866 1796 enim
882 1770 957 1797 illum
972 1779 1005 1798 ex
1020 1780 1063 1799 se-

281 1808 355 1836 mine
369 1808 453 1837 David
468 1812 637 1839 nasciturum
651 1821 712 1841 esse
722 1835 730 1847 ,
746 1815 772 1841 in
787 1815 928 1850 prophetia
942 1817 1062 1844 indican-

279 1853 344 1881 dum
367 1861 442 1890 erat,
464 1856 591 1885 deitatem
613 1859 673 1893 ejus
693 1860 739 1894 qui
761 1861 788 1887 in
810 1861 871 1896 ipso
891 1862 1061 1892 habitaturus

279 1903 338 1927 erat
364 1905 443 1928 antea
470 1904 724 1939 contemplabatur;
746 1910 775 1933 ut
797 1915 851 1934 una
876 1907 1060 1938 edisceremus

279 1954 339 1981 quae
355 1946 442 1975 virtus
464 1948 492 1975 in
518 1949 579 1983 ipso
602 1950 756 1978 habitatura
779 1957 869 1985 esset,
885 1957 911 1981 ct
926 1954 1061 1982 sciremus

279 1991 366 2025 ipsum
389 1994 498 2027 quidem
524 1995 609 2022 [ilium
629 2004 691 2025 esse
712 1997 845 2031 Davidis,-
857 2008 918 2028 eum
933 2009 998 2029 vero
1013 2002 1058 2037 qui

279 2035 307 2062 in
323 2036 382 2071 ipso
396 2038 568 2067 habitaturus
584 2045 674 2074 esset,
691 2041 790 2070 Filium
806 2043 865 2072 Dei.

318 2126 400 2154 Vsus.
421 2128 447 2156 8.
468 2128 538 2156 Deus
552 2131 596 2165 qui
610 2130 775 2166 gloriﬁcatur
789 2134 816 2160 in
829 2134 939 2162 consilio
953 2141 1058 2163 sancto-

278 2180 335 2199 rum
345 2194 352 2206 ,
368 2182 476 2208 magnus
489 2179 513 2200 et
524 2175 647 2202 terribilis
661 2185 738 2211 super
750 2186 837 2205 omnes
851 2181 894 2214 qui
906 2181 932 2206 in
945 2181 1056 2207 circuitu

275 2219 332 2253 ejus
347 2224 418 2248 sunt.
432 2219 547 2252 Quinam
565 2220 599 2247 sit
613 2221 635 2248 is
649 2222 694 2256 qui
709 2231 770 2250 cum
785 2226 892 2252 nemine
904 2227 1056 2261 comparari

275 2265 317 2292 vel
332 2265 450 2293 conferri
466 2267 571 2300 possit,
586 2267 721 2295 neminem
745 2270 861 2298 similem
883 2272 1009 2300 admittat
1030 2274 1057 2300 in

275 2311 309 2338 iis
326 2311 371 2346 qui
389 2312 436 2338 lilii
453 2311 499 2339 Dei
515 2316 658 2345 vocantur,
676 2314 720 2341 hic
734 2315 856 2343 declarat
870 2317 965 2345 dicens
981 2329 987 2346 :
1006 2320 1057 2346 Hic

273 2362 312 2384 est
338 2357 426 2391 Deus,
448 2359 493 2394 qui
513 2359 681 2394 gloriﬁcatur
703 2362 730 2388 in
755 2363 867 2390 consilio
891 2370 1055 2393 sanctorum.

272 2404 424 2431 Consilium
441 2409 530 2433 autem
545 2412 700 2435 sanctorum
715 2408 771 2443 jam
783 2417 865 2443 supra
880 2410 949 2437 dixit
965 2410 1059 2439 Eccle-

272 2449 341 2475 siam
356 2455 513 2478 sanctorum
526 2460 588 2480 esse
597 2473 604 2485 ,
617 2454 777 2489 videturque
791 2454 941 2484 Ecclesiam
954 2458 1057 2492 primo-

273 2495 425 2529 genitorum
437 2516 444 2529 ,
463 2497 509 2532 qui
524 2498 655 2534 descripti
672 2504 737 2527 sunt
752 2501 778 2528 in
794 2502 889 2534 caelis,
907 2504 1052 2531 consilium

273 2541 432 2575 nominare,
450 2544 567 2578 quadam
589 2546 681 2573 habita
702 2548 807 2575 ratione
828 2549 862 2575 ad
880 2554 992 2577 senatus
1007 2551 1053 2585 qui

272 2586 356 2614 variis
381 2587 408 2614 in
433 2588 501 2616 locis
523 2590 667 2619 exsistunt.
693 2591 722 2618 ln
751 2592 802 2619 hoc
824 2597 914 2621 autem
938 2596 1053 2622 consilio

272 2636 431 2659 sanctorum
464 2634 549 2669 gloria
581 2637 641 2671 ejus
673 2638 848 2671 celebratur,
875 2640 921 2675 qui
948 2641 1053 2668 nullam

271 2680 504 2713 comparationem
523 2682 566 2709 vel
583 2683 788 2712 similitudinem
804 2686 923 2713 admittit
938 2695 1001 2714 cum
1019 2687 1053 2716 iis

271 2723 318 2758 qui
337 2724 382 2751 lilii
401 2724 448 2752 Dei
466 2731 615 2756 vocantur:
631 2737 719 2765 neque
735 2731 822 2758 solum
839 2732 1008 2766 gloriﬁcatur
1024 2733 1052 2760 in

272 2768 389 2796 consilio
405 2774 579 2804 sanctorum,
596 2773 643 2800 scd
663 2774 743 2801 etiam
762 2776 891 2804 terribilis
906 2782 947 2805 est
969 2785 1052 2813 Super

272 2819 368 2842 omnes
382 2814 428 2849 qui
443 2815 470 2842 in
488 2815 603 2844 circuitu
618 2817 678 2852 ejus
694 2823 767 2846 sunt.
786 2820 901 2853 Quinam
918 2827 1006 2850 autem
1024 2823 1051 2850 in

1114 1640 1142 1658 τε
1158 1632 1238 1667 σοφίᾳ
1254 1632 1301 1659 καὶ
1313 1632 1427 1668 δυνάμει
1447 1633 1493 1659 καὶ
1512 1632 1593 1668 σοφίᾳ
1607 1633 1685 1660 Θεοῦ.
1701 1634 1756 1660 Καί
1771 1642 1818 1672 μοι
1832 1634 1901 1661 δοκει

1113 1677 1161 1712 τὴν
1175 1676 1276 1703 τούτων
1290 1677 1389 1711 γνῶσιν
1401 1677 1444 1703 διὰ
1456 1678 1509 1704 τῶν
1521 1678 1649 1714 ἀνωτέρω
1660 1678 1813 1714 σημαίνειν.
1821 1679 1852 1706 ἐν
1863 1677 1900 1711 οἷς

1113 1721 1164 1757 ἔφη
1175 1730 1181 1735 ·
1206 1722 1495 1758 Ἐξομολογήσονται
1509 1725 1536 1750 οί
1553 1724 1675 1758 οὐρανοί
1691 1724 1729 1751 τὰ
1751 1724 1900 1760 θαυμάσια

1112 1768 1235 1794 σου.Ἒν
1258 1768 1312 1804 γὰρ
1337 1768 1391 1795 τῶν
1419 1769 1577 1804 θαυμασίων
1601 1770 1648 1796 καὶ
1673 1770 1751 1797 τοῦτο
1773 1768 1819 1806 ἦν,
1833 1771 1899 1806 ὅπερ

1112 1815 1228 1849 ἡμελλεν
1252 1814 1316 1850 ἐξῆς
1340 1816 1475 1850 ἐπιλέγειν
1502 1816 1566 1852 περὶ
1590 1816 1637 1843 τοῦ
1663 1817 1832 1852 Μονογενοῦς
1854 1817 1898 1845 rei

1111 1860 1178 1887 Θεοῦ
1190 1869 1196 1875 ”
1212 1862 1370 1894 ἀναγκαίως
1383 1862 1428 1888 δέ·
1443 1862 1535 1898 ἐπειδὴ
1553 1863 1653 1898 ἤμελλε
1667 1863 1712 1890 τὸν
1727 1864 1760 1890 ἐκ
1776 1863 1896 1900 σπέρμα-

1110 1916 1155 1940 τος
1167 1907 1247 1934 Δαυῖδ
1259 1909 1438 1943 γενησόμενον
1449 1909 1493 1935 διὰ
1502 1909 1551 1944 τῆς
1564 1909 1731 1944 προφητείας
1746 1910 1897 1946 σημαίνειν,

1110 1954 1159 1989 τὴν
1174 1954 1289 1990 θεότητα
1305 1955 1351 1981 τοῦ
1369 1956 1577 1990 κατοικήσοντος
1593 1957 1621 1982 ἐν
1639 1955 1714 1991 αὺτῷ
1729 1956 1897 1993 προθεωρεί·

1110 1998 1147 2029 ὡς
1163 1997 1195 2024 ἆν
1212 1999 1278 2034 ὁμοῦ
1297 1999 1439 2035 μάθοιμεν,
1453 1999 1494 2031 τίς
1517 2001 1534 2035 ἡ
1561 1999 1694 2035 μέλλουσα
1714 2002 1852 2028 κατοικεῖν
1870 2001 1898 2028 ἐν

1109 2043 1183 2072 αὖτῶ
1193 2044 1316 2080 δύναμις,
1340 2045 1386 2071 καὶ
1401 2045 1438 2076 ὡς
1452 2046 1465 2071 ό
1483 2046 1531 2081 μὲν
1548 2046 1605 2077 υίὸς
1620 2043 1654 2081 ἦν
1669 2045 1758 2079 Δαυτδ,
1780 2047 1795 2073 ὁ
1814 2047 1843 2074 δὲ
1869 2047 1907 2074 ἐν

1110 2090 1183 2125 αὐτῷ
1200 2092 1370 2126 κατοικήσων
1385 2091 1448 2123 Υἱὸς
1464 2092 1509 2118 τοῦ
1526 2091 1603 2119 Θεοῦ.

1150 2138 1177 2163 Ὁ
1196 2137 1268 2170 Θεὸς
1281 2137 1513 2172 ἐνδοξαζόμενος
1531 2138 1566 2164 ἐν
1578 2137 1680 2172 ,βουλῇ
1692 2138 1794 2173 ἁγίων,

1110 2183 1159 2209 καὶ
1178 2182 1302 2218 φοϐερὸς
1321 2183 1370 2209 ἐπὶ
1395 2183 1510 2216 πάντας
1526 2183 1595 2216 τοὺς
1611 2185 1780 2217 περικύκλῳ
1792 2184 1895 2212 αὐτοῦ.

1111 2228 1162 2254 Τὸν
1173 2228 1210 2264 μὴ
1233 2228 1328 2263 ἔχοντα
1353 2228 1515 2263 σύγκρισιν,
1544 2229 1611 2264 μηδέ
1637 2230 1808 2265 παράθεσιν,
1829 2231 1898 2267 μηδὲν

1109 2274 1237 2309 ὁμοίωσιν
1257 2275 1326 2310 πρός
1345 2283 1406 2302 τινα
1428 2275 1483 2301 τῶν
1506 2275 1709 2310 ὠνομασμένων
1723 2276 1790 2303 υἱῶν
1811 2277 1894 2310 Θεοῦ,

1108 2320 1197 2351 ὁποῖός
1219 2319 1260 2351 τίς
1285 2321 1342 2346 ἐστι
1359 2320 1506 2356 παρίστησι
1533 2321 1634 2355 λέγων’
1657 2319 1753 2355 Οὗτός
1774 2322 1862 2350 ἐστιν
1878 2325 1896 2351 ὀ

1109 2365 1180 2398 Θεὸς
1200 2368 1216 2393 ὁ
1239 2366 1524 2401 ἑνδοξαζόμενοςιέν
1541 2367 1577 2402 τῇ
1596 2367 1698 2402 ,βουλῇ
1718 2367 1777 2395 τῶν
1792 2369 1892 2404 ἁγίων.

1108 2411 1210 2446 Βουλὴν
1227 2411 1254 2437 δὲ
1279 2412 1365 2445 ἁγίων
1381 2414 1511 2447 προσεῖπε
1531 2413 1580 2448 τὴν
1605 2414 1734 2450 ἀνωτέρω
1753 2413 1895 2450 λεχθεῖσαν

1113 2457 1274 2492 Ἐκκλησίαν
1295 2459 1396 2492 ἁγίων·
1417 2460 1464 2486 καὶ
1482 2459 1563 2495 ἐῴκει
1577 2460 1627 2496 τὴν
1652 2461 1816 2497 Ἐκκλησίαν
1840 2463 1892 2490 τῶν

1107 2504 1286 2538 πρωτοτόκων
1305 2504 1358 2531 ’τῶν
1379 2505 1632 2541 ἀπογεγραμμένων
1644 2508 1672 2533 ἐν
1691 2508 1818 2544 οὐρανοῖς
1834 2509 1897 2544 poo—

1106 2549 1155 2584 λὴν
1168 2549 1351 2584 ὠνομακέναι,
1364 2551 1502 2585 ἀναλόγως
1520 2553 1576 2584 τοῖς
1596 2553 1666 2579 κατὰ
1688 2553 1770 2580 τόπον
1784 2554 1892 2590 βουλευ-

1106 2596 1219 2631 τηρίοις.
1242 2597 1284 2622 Ἐν
1298 2596 1383 2632 ταύτῃ
1398 2597 1426 2623 δὲ
1441 2599 1474 2632 τῇ
1493 2597 1572 2633 βουλῇ
1583 2598 1638 2625 τῶν
1654 2599 1739 2633 ἁγίων
1755 2600 1890 2634 ὲνδοξαζό-

1107 2640 1186 2674 μενος
1199 2641 1270 2666 ἐστιν
1281 2641 1294 2667 ὁ
1308 2641 1344 2676 μὴ
1360 2641 1429 2675 ἔχων
1441 2641 1592 2678 σύγκρισιν,
1606 2643 1673 2678 μηδὲ
1685 2644 1814 2679 ὁμοίωσιν
1825 2645 1891 2682 πρὸς

1104 2685 1165 2716 τοὺς
1182 2685 1396 2721 ὀνομαζομένους
1414 2687 1488 2718 υἱοὺς
1508 2687 1575 2714 Θεοῦ
1586 2696 1592 2703 ·
1611 2689 1658 2714 καὶ
1675 2689 1705 2715 οὐ
1725 2689 1805 2725 μόνον
1819 2690 1890 2718 ἐνδο-

1104 2730 1250 2766 ξαζόμενὸς
1265 2733 1338 2759 ἐστιν
1359 2733 1388 2759 ἐν
1410 2735 1443 2768 τῇ
1470 2733 1549 2769 βουλῇ
1567 2734 1621 2761 τῶν
1641 2735 1736 2769 ἁγίων,
1749 2735 1820 2763 ἀλλά
1842 2735 1887 2763 καὶ

1104 2777 1219 2812 φοϐερὸς
1231 2778 1347 2813 ὑπάρχει
1360 2779 1406 2805 ἐπὶ
1429 2779 1532 2812 πάντας
1547 2781 1608 2812 τοὺς
1625 2781 1781 2817 περικύκλῳ
1793 2781 1885 2809 αὑτοῦ.

1103 2823 1181 2855 Τίνες
1193 2824 1215 2850 δ’
1227 2824 1260 2851 ἃν
1285 2823 1339 2852 εἶεν
1361 2827 1384 2852 οἱ
1409 2827 1565 2863 περικύκλῳ
1582 2827 1664 2854 αὐτοῦ
1686 2827 1743 2855 ἀλλ’
1757 2828 1774 2864 ἢ
1791 2829 1817 2856 οι
1833 2827 1895 2855 ubl-

308 2901 329 2918 "
349 2902 420 2932 Psal.
439 2913 539 2940 um,
560 2908 582 2935 l.
622 2909 644 2925 "
664 2908 736 2937 PSal.
754 2918 834 2944 χιιι,
857 2913 880 2940 l.
922 2914 944 2929 "
964 2913 1037 2942 Psal.
1058 2921 1159 2946 um,
1179 2914 1206 2942 6.
