2032 3215
123 219 196 248 i085

651 215 908 245 COMMENTARIA
927 217 960 245 IN
980 215 1149 245 nsanos.
1180 183 1238 239 (ὀί

1676 217 1746 248 ΙῸ88

119 275 168 304 τοῦ
190 275 275 309 Θεοῦ,
300 274 348 302 καὶ
368 274 446 302 αὐτοὶ
469 274 525 302 θεοὶ
546 273 780 310 χρηματίζοντες,
803 275 836 301 δι’
862 274 908 307 οὓς

960 275 1077 303 circuitu
1091 275 1152 310 ejus
1166 273 1282 306 fuerint,
1303 275 1357 302 nisi
1367 262 1418 302 lilii
1434 274 1498 308 Dei=,
1512 275 1559 311 qui
1571 279 1598 303 et
1611 275 1663 311 ipsi
1675 284 1737 311 quo-

119 323 238 358 εἴρηται,
253 322 280 347 Ὁ
295 321 368 354 Θεὸς
378 321 453 353 ἔστη
465 320 500 347 ἐν
511 320 672 355 συναγωγῇ
682 320 774 352 θεῶν;
784 321 839 347 Καὶ
854 321 908 357 γὰρ

118 369 159 400 τὸ,
179 369 230 395 Ἐγ
241 367 343 401 ,βουλῇ
357 367 457 400 ἁγίων,
472 367 518 392 καὶ
529 366 569 398 τὸ,
590 367 640 393 Ἐν
657 367 806 401 ἐκκλησίᾳ
832 373 904 401 πριιι-

118 414 260 445 τοτόκων,
274 413 321 439 καὶ
335 412 375 443 τὸ,
395 412 443 438 Ἐν
457 410 618 445 συναγωγῇ
634 411 719 444 θεῶν,
740 411 768 437 ἓν
782 412 828 438 καὶ
845 421 908 438 ταυ-

116 461 163 486 τὸν
180 456 249 485 εἷναί
266 467 310 493 μοι
321 458 402 484 δοκεῖ.
412 457 519 483 Τούτων
532 457 675 492 τοιγαροῦν
688 458 716 483 ἐν
734 457 808 492 μέσῳ
822 457 908 490 ἑστὼς

118 505 163 531 καὶ
188 504 240 530 om
264 503 366 530 τούτων
386 503 619 538 δορυφορούμενος
646 504 660 529 ὁ
677 503 740 534 Υἱὸς
759 502 806 529 τοῦ
829 503 906 537 Θεοῦ,

117 549 325 585 ὶνδοξαζόμενος
340 550 446 584 εἴρηται
465 549 511 576 καὶ
527 549 612 584 μέγας
630 549 676 575 καὶ
690 549 814 585 φοϐερός.
828 550 861 578 '0
876 559 907 583 γε

120 596 173 632 μὴν
194 596 341 631 Σύμμαχος
366 595 399 622 τὰ
426 595 594 630 προκείμενα
614 595 707 621 τοῦτον
733 595 847 628 ἐξέδωκε
863 596 908 622 τὸν

117 643 219 679 τρόπον
229 652 236 658 ·
257 642 311 669 Θεὲ
325 642 451 676 ἀήττητε
467 642 501 668 ἑν
516 641 616 676 ὁμιλίᾳ
633 641 724 675 ἁγίων
734 641 845 676 πολλῇ,
859 642 907 668 καὶ

118 690 260 724 ἐπίφοϐος
273 689 307 715 ἐν
321 687 395 715 πᾶσι
407 688 468 720 τοῖς
483 688 548 721 περὶ
566 687 709 714 σεαυτόν·
724 688 738 714 ὁ
752 687 780 714 δὲ
795 687 908 719 Ἀκύλας

119 736 201 773 φησι·
235 735 368 769 Ὶσχιιοὸς
393 734 684 768 κατισχυρευόμενος
701 733 735 760 ἐν
752 733 909 767 ἀπορρήτῳ

118 781 221 816 ἁγίων,
236 779 359 814 πλῆθος,
375 780 500 813 πλῆθος,
518 779 566 806 καὶ
582 779 724 813 ἐπίφοϐος
733 778 782 805 ἐπὶ
793 779 908 813 πάντας

118 827 221 860 κύκλῳ
238 826 341 853 αὑτοῦ.
367 826 398 852 Ἦ
413 826 441 852 δὲ
458 826 506 852 τοῦ
520 826 599 860 λόγου
614 826 717 852 διάνοια
732 825 781 861 τὴν
796 826 907 852 ἀκολου-

118 874 179 901 θίαν
202 873 377 909 παρίστησιν.
404 873 512 908 Ἐπειδὴ
541 873 594 907 γὰρ
609 872 721 903 δυνατὸς
743 870 784 905 εἴ,
802 872 906 908 Κύριε,

118 921 212 957 φησὶν,
228 920 275 946 καὶ
292 921 308 955 ἡ
328 919 441 954 ἀλήθειά
458 928 504 945 σου
516 919 608 954 κύκλῳ
626 927 683 950 σου,
696 918 809 950 εἰκότως
823 919 908 954 μέγας

961 327 1016 355 que
1036 319 1074 346 dii
1093 323 1287 354 nuncupantur
1302 329 1309 347 :
1327 327 1443 355 quorum
1465 328 1547 348 causa
1564 320 1666 348 dictum
1683 326 1744 353 est.

961 366 1032 393 Deus
1046 366 1116 392 stetit
1132 367 1159 392 in
1174 374 1307 401 synagoga
1321 365 1430 392 deorum
1443 367 1485 393 “‘l
1500 366 1603 394 Etenim
1615 368 1680 394 illud
1690 388 1698 400 ,
1713 367 1745 394 In

961 411 1070 438 consilio
1086 416 1238 438 sanctorum
1251 419 1261 443 ;
1277 415 1303 438 et
1321 411 1387 438 illud
1401 431 1408 441 ,
1436 411 1468 438 In
1492 413 1601 439 ecclesia
1617 413 1737 448 primoge

961 458 1096 489 nitorum;
1120 463 1162 489 et,
1182 457 1214 484 In
1237 465 1370 493 synagoga
1387 457 1516 489 deorum;
1532 467 1613 485 unum
1632 464 1658 486 et
1675 459 1745 486 idem

960 511 1021 531 esse
1035 503 1144 531 videtur
1164 503 1242 531 mihi.
1266 503 1368 531 Horum
1389 504 1480 539 itaque
1504 505 1530 531 in
1548 505 1637 532 medio
1651 510 1746 538 stans,

961 549 1004 577 his
1019 549 1135 584 stipatus
1144 548 1229 576 Filius
1242 548 1288 577 Dci
1301 569 1309 581 ,
1324 549 1492 585 gloriﬁcatus
1502 570 1509 581 ,
1526 557 1640 585 magnus
1655 555 1681 577 et
1691 553 1735 577 ter

961 596 1051 623 ribilis
1068 595 1180 623 dicitur.
1204 594 1268 622 Haec
1289 603 1355 622 vero
1372 595 1554 631 Symmachus
1579 597 1619 623 sic
1642 597 1745 624 edidit:

961 642 1030 669 Deus
1054 642 1147 669 invicte
1170 642 1196 668 in
1219 642 1416 669 conversatione
1438 646 1590 669 sanctorum
1605 644 1704 672 multa.
1722 646 1745 669 et

962 687 1091 715 tremende
1104 688 1130 714 in
1145 687 1265 714 omnibus
1281 687 1326 722 qui
1340 688 1439 714 circum
1455 692 1478 714 te
1490 692 1551 714 sunt
1563 696 1572 719 ;
1585 688 1682 723 Aquila
1696 696 1746 714 au—

960 739 1014 762 tem
1027 735 1064 760 ait
1077 744 1082 761 :
1096 733 1185 760 Fortis
1198 733 1339 760 roboratus
1351 735 1377 760 in
1389 739 1486 760 secreto
1496 738 1648 761 sanctorum
1658 753 1667 767 ,
1679 734 1734 760 mul

962 781 1063 813 titudo.
1082 779 1224 807 multitudo
1235 800 1242 809 .
1258 784 1282 806 et
1300 779 1448 806 tremendus
1464 788 1543 814 super
1557 788 1646 807 omnes
1661 780 1705 815 qui
1720 780 1749 806 iit

961 826 1074 853 circuitu
1097 825 1154 860 ejus
1177 829 1250 852 sunt.
1276 824 1335 860 Ipsa
1354 832 1437 860 porro
1453 824 1519 851 dicti
1543 826 1676 852 sententia
1701 832 1745 852 se-

962 873 1029 899 riem
1047 872 1143 906 aperit.
1160 870 1227 898 Nam
1241 871 1305 906 quia
1322 876 1419 906 potens
1432 878 1479 902 es,
1497 871 1745 906 Domine,‘inquit,

960 921 987 944 et
1004 917 1105 943 veritas
1119 920 1166 943 tua
1184 916 1212 942 in
1227 916 1343 943 circuitu
1362 921 1425 947 tuo,
1446 915 1509 950 jure
1532 922 1646 949 magnus
1669 923 1699 942 es
1719 919 1745 942 et

118 965 153 999 εἴ,
170 966 217 993 καὶ
237 965 351 1000 φοϐερὸς
375 963 413 997 εἴ,
438 965 485 991 καὶ
507 964 714 1000 ὲνδοξαζὸμενος
735 964 760 991 εἶ
781 966 809 991 ἐν
827 965 907 1001 βουλῇ

960 962 1092 989 terribilis
1114 965 1140 988 et
1160 961 1330 996 glorilicatus
1347 961 1373 987 in
1392 960 1508 988 consilio
1531 964 1704 992 sanctorum,
1720 964 1746 987 et

118 1013 214 1048 ἁγίων,
232 1013 279 1039 καὶ
292 1013 320 1038 ὲν
331 1013 386 1043 τοῖς
400 1011 449 1047 τὴν
464 1011 512 1046 σὴν
530 1011 644 1046 θεότητα
660 1011 861 1047 περιπολοῦσιν,
871 1012 906 1044 οἳ,

120 1060 172 1087 τῶν
193 1059 246 1086 σῶν
257 1058 428 1093 ἐπαγγελιῶν
444 1058 493 1093 τὴν
518 1058 647 1094 ἀλήθειαν
661 1057 837 1094 συνορῶντες,
859 1058 908 1090 τὰς

119 1107 277 1142 πρεπούσας
306 1105 481 1140 εὐχαριστίας
508 1104 577 1139 μετὰ
602 1103 764 1139 θαυμασμοῦ
787 1104 836 1138 τῆς
860 1104 908 1139 σῆς

119 1153 245 1188 θεότητος
262 1151 463 1187 ἀναπέμπουσι.
488 1150 533 1176 Διὸ
555 1149 645 1185 μικρῷ
662 1149 778 1185 πρόσθεν
798 1149 905 1182 ἔλεγον·

125 1198 411 1232 Ἐξομολογήσονται
425 1198 451 1223 οί
475 1196 594 1230 οὐρανοὶ
619 1195 653 1222 τὰ
671 1195 823 1229 θιιυμάσιά
837 1204 906 1227 σου,

118 1246 167 1272 καὶ
185 1245 243 1279 τὴν
258 1244 403 1278 ἀλήθειάν
417 1252 475 1270 σου
492 1243 526 1269 ἐν
543 1243 705 1276 Ἐκκλησία
717 1239 817 1276 ἁγίῶν.

153 1291 241 1324 Κύριε
258 1291 274 1316 ὁ
294 1290 366 1322 Θεὸς
380 1289 440 1316 τῶν
455 1288 627 1323 δυνάμεων,
650 1289 696 1320 τίς
714 1288 814 1322 ὅμοιός
835 1296 903 1318 σοις

118 1337 250 1369 Δυνατὸς
264 1335 300 1368 εἴ,
315 1337 413 1370 Κύριε,
426 1335 473 1362 καὶ
484 1336 502 1369 ἡ
519 1334 644 1368 ἁλήθειά
656 1341 713 1361 σου
724 1334 825 1366 κύκλῳ
838 1342 905 1360 σου.

119 1381 162 1409 Σὺ
177 1382 330 1415 δεσπόζεις
345 1382 397 1409 τοῦ
415 1381 542 1415 κράτους
555 1380 610 1414 τῆς
622 1380 790 1413 θαλάσσης,
805 1379 859 1406 τὸν
875 1379 908 1405 δὲ

120 1427 219 1456 σάλον
229 1428 288 1455 τῶν
306 1427 445 1462 κυμάτων
459 1426 554 1460 αὐτῆς
566 1426 606 1453 σὺ
623 1425 849 1459 καταπραΰνεις.
865 1424 907 1451 Σὺ

119 1474 323 1506 ὲταπείνωσας
339 1473 379 1506 ὡς
398 1473 581 1507 τραυματίαν
593 1471 789 1506 ὑπερήφανον
809 1472 844 1498 ἐν
867 1471 907 1503 τῷ

122 1519 259 1554 ϐραχίονι
281 1518 337 1552 τῆς
352 1518 504 1553 δυνάμεώς
524 1526 581 1545 σου
601 1517 814 1551 διεσκόρπισας
837 1517 907 1550 τοὺς

119 1565 245 1598 ἐχθρούς
264 1572 334 1592 σου.
349 1564 403 1591 Καὶ
421 1565 449 1591 ὲν
468 1564 572 1595 τούτοις
587 1564 662 1590 οὐδὲν
680 1563 774 1598 ἀφίησι
793 1563 847 1590 τῶν
860 1572 906 1597 γε-

120 1611 209 1645 νητῶν
225 1608 294 1637 εἶναι
309 1611 399 1645 ὅμοιον
413 1609 452 1645 τῷ
468 1610 668 1644 Θεολογουμένῳ
688 1609 745 1644 Υἱῷ
757 1608 803 1635 τοῦ
823 1609 904 1635 Θεοῦ·

119 1657 202 1685 αὑτὸν
216 1657 271 1693 γὰρ
295 1655 364 1684 εἶναι
381 1658 426 1684 τὸν
440 1657 551 1683 δυνατὸν
561 1677 568 1689 ,
590 1657 636 1683 καὶ
649 1657 694 1682 τὸν
709 1656 764 1682 τῶν
787 1655 907 1682 δυνατῶν

119 1705 197 1737 Θεὸν,
226 1705 273 1731 καὶ
287 1704 376 1731 αὐτῶν
389 1704 442 1731 τῶν
461 1704 601 1739 δυνάμεων
623 1704 735 1739 Κύριον,
751 1703 789 1734 ὡς
807 1702 908 1738 μηδένα

120 1750 195 1786 αὺτῷ
207 1750 356 1784 ἀντιλέγειν
369 1750 507 1781 δύνασθαι,
525 1750 590 1785 μηδὲ
609 1751 643 1785 τῇ
663 1749 744 1776 αὑτοῦ
766 1749 846 1785 βουλῇ
863 1749 909 1775 ἀν-

121 1796 278 1823 Θίστασθαι·
298 1796 331 1823 δι’
349 1796 363 1823 ὅ
385 1796 474 1831 λέγειν
489 1796 569 1822 αὑτὸν
586 1796 633 1823 καὶ
654 1798 749 1829 ποιεῖν,
762 1796 808 1822 ἆτε
830 1796 908 1831 μόνον

120 1843 247 1874 δυνατὸν,
272 1843 307 1869 τὰ
328 1842 430 1869 πάντα·
448 1842 479 1868 τὺ
493 1842 562 1877 γὰρ,
592 1842 639 1875 Τίς
655 1842 754 1876 ὅμοιός
778 1850 845 1873 σοι;
863 1843 909 1868 καὶ

120 1888 237 1914 ἐνταῦθα
253 1888 303 1915 οὐκ
321 1888 367 1915 ἐπὶ
384 1887 430 1914 τοῦ
447 1888 571 1921 σπανίου,
593 1888 648 1914 ἀλλ’
670 1888 716 1914 ἐπὶ
735 1888 780 1915 τοῦ
798 1888 909 1924 μηδενὸς

120 1933 313 1969 παρείληπται.
332 1934 432 1961 Οὐδένα
445 1933 510 1968 γοῦν
525 1934 616 1969 ὅμοιον
633 1932 703 1961 εἶναί
721 1943 787 1969 φησι
802 1934 841 1969 τῷ
861 1943 909 1960 κυ-

122 1979 333 2015 ριολογουμένῳ,
346 1980 589 2016 ἀντιπαραϐάλλων
604 1980 678 2016 αὐτῷ
700 1980 763 2012 τοὺς
782 1980 910 2016 ἀνωτέρω

121 2025 281 2060 εἰρημένους
300 2026 374 2057 υἱοὺς
395 2026 473 2052 Θεοῦ.
489 2027 545 2061 Τῆς
563 2026 618 2061 γὰρ
638 2027 724 2061 αὐτῆς
743 2026 833 2061 ἔχεται
853 2026 910 2052 δια-

122 2070 194 2102 νοίας
208 2071 242 2097 τὰ
257 2071 377 2107 παρόντα
392 2071 483 2098 καὶτὰ
496 2072 627 2107 πρότεραγ
639 2073 668 2098 ὲν
679 2069 719 2103 οἷς
734 2072 838 2107 εῖρητο’
851 2072 911 2098 ’Ὁτι

121 2116 165 2149 τίς
170 2116 204 2142 ὲν
211 2116 351 2150 νεφέλαις
358 2116 535 2149 ίσωθήσεται
542 2116 581 2149 τῷ
587 2117 694 2150 Κυρίῳ,
701 2117 911 2151 ὁμοιωθήσεται

122 2161 161 2194 τῷ
175 2163 271 2196 Κυρίῳ
284 2162 319 2188 ἐν
330 2162 405 2195 υίοῖς
421 2162 510 2194 Θεοῦ;
527 2163 574 2189 καὶ
586 2163 633 2189 νῦν
649 2163 672 2189 δ’
687 2161 743 2194 οὖν,
758 2164 803 2195 Τις
812 2162 911 2195 ὅμοιός

121 2215 169 2234 σοι
175 2216 185 2239 ;
193 2208 332 2243 φησ“ιν,ὃτι
339 2208 448 2239 δυνατὸς
458 2207 491 2240 εἳ,
502 2209 547 2234 καί
555 2210 571 2238 ἡ
580 2208 691 2243 ἀλήθεια
697 2208 750 2235 τῶν
758 2208 841 2243 λόγων
854 2217 910 2241 σου,

121 2254 150 2280 αἴ
162 2262 192 2280 τε
201 2253 360 2288 ἐπαγγελίαι
373 2262 418 2280 σου
431 2254 495 2289 περὶ
504 2254 533 2280 σὲ
546 2255 593 2281 καὶ
603 2255 677 2290 παρὰ
688 2255 729 2281 σοὶ
738 2255 909 2289 τυγχάνουσι.

960 1009 986 1035 in
1002 1008 1035 1035 iis
1050 1007 1096 1042 qui
1117 1007 1248 1034 deitatem
1273 1007 1376 1041 stipant
1399 1010 1492 1038 tuam,
1519 1006 1584 1041 qui,
1598 1010 1749 1041 conspecta

960 1055 1155 1089 promissorum
1166 1057 1274 1079 tuorum
1289 1052 1416 1083 veritate,
1429 1051 1534 1078 debitas
1549 1059 1610 1078 cum
1626 1052 1737 1079 admira-

959 1101 1033 1127 tione
1060 1099 1171 1126 deitatis
1200 1103 1254 1126 tuae
1280 1099 1430 1134 gratiarum
1456 1098 1580 1125 actiones
1607 1098 1736 1124 emittunt

959 1146 1048 1179 Quare
1062 1146 1144 1180 paulo
1158 1149 1237 1172 antea
1251 1145 1375 1171 dicebam
1389 1153 1396 1171 :
1413 1143 1613 1178 conﬁtebuntur
1626 1142 1683 1169 ειείὶ
1698 1143 1734 1169 mi

958 1192 1055 1219 rabilia
1070 1196 1130 1224 tua,
1142 1196 1165 1218 et
1180 1191 1313 1218 veritatem
1327 1195 1399 1216 tuam
1412 1191 1439 1216 in
1453 1189 1570 1217 Ecclesia
1584 1194 1745 1216 sanctorum.

993 1294 1076 1322 Vens.
1097 1294 1179 1321 9—H.
1201 1293 1310 1320 Domine
1326 1292 1395 1318 Deus
1411 1291 1548 1323 virtutum,
1571 1291 1630 1325 quis
1650 1290 1745 1317 similis

959 1339 1005 1367 tibi
1018 1341 1030 1366 1’
1045 1339 1142 1367 Potens
1160 1347 1198 1370 es,
1215 1338 1341 1369 Domine,
1358 1342 1382 1364 et
1404 1337 1499 1363 veritas
1524 1341 1568 1362 tua
1586 1336 1613 1362 in
1635 1335 1747 1362 circuitu

960 1391 1014 1413 tuo.
1044 1386 1083 1412 Tu
1107 1385 1255 1412 dominaris
1270 1384 1396 1419 potestati
1411 1383 1512 1414 maris,
1535 1386 1634 1409 motum
1658 1386 1744 1407 autem

957 1432 1085 1465 ﬂuctuant
1098 1431 1155 1465 ejus
1165 1435 1192 1457 tu
1204 1430 1320 1465 mitigas.
1333 1429 1372 1455 Tu
1388 1428 1535 1455 humiliasti
1548 1428 1614 1455 sicut
1625 1427 1741 1454 vulnera-

959 1483 1014 1504 tum
1033 1476 1191 1511 superbum,
1215 1476 1241 1502 in
1263 1474 1370 1501 brachio
1395 1474 1500 1500 virtutis
1524 1478 1576 1500 tua:
1596 1471 1745 1506 dispersisti

958 1522 1079 1550 inimicos
1096 1526 1165 1549 tuos.
1191 1521 1220 1547 In
1242 1521 1285 1548 his
1305 1527 1415 1555 quoque
1430 1519 1532 1546 nullam
1550 1518 1681 1545 factarum
1700 1525 1745 1544 re-

959 1577 1018 1596 rum
1034 1569 1150 1596 similem
1174 1566 1245 1594 Filio
1264 1566 1328 1597 Dei.
1345 1566 1391 1601 qui
1413 1565 1484 1593 Deus
1508 1565 1681 1600 praedicatur,
1698 1563 1745 1590 ad-

960 1614 1065 1647 mittit;
1083 1614 1172 1648 ipsum
1197 1621 1314 1648 namque
1337 1617 1364 1640 ct
1387 1615 1523 1648 potentem
1547 1615 1574 1638 et
1595 1610 1744 1645 potentium

959 1659 1042 1687 Deum
1057 1667 1089 1687 ac
1102 1660 1230 1686 virtutum
1248 1659 1388 1685 dominum
1405 1657 1489 1690 dicit,
1503 1657 1539 1684 ita
1558 1660 1586 1683 ut
1601 1663 1681 1683 nemo
1693 1655 1747 1690 ipsi

959 1712 1111 1741 repugnare
1122 1725 1129 1737 ,
1147 1712 1235 1739 neque
1250 1704 1310 1738 ejus
1325 1703 1461 1731 voluntati
1478 1702 1665 1729 contradicere
1680 1708 1744 1736 pos-

959 1752 1014 1779 sit:
1032 1758 1133 1786 quare,
1149 1754 1242 1786 utpote
1255 1750 1331 1778 solus
1345 1753 1458 1785 potens,
1474 1748 1565 1775 omnia
1581 1747 1649 1774 dicit
1664 1750 1690 1773 et
1706 1745 1746 1772 fa-

959 1798 996 1825 cit
1011 1806 1018 1831 ;
1036 1797 1103 1824 illud
1120 1797 1192 1824 enim
1204 1816 1211 1829 ,
1230 1796 1296 1829 Quis
1311 1796 1408 1823 similis
1423 1794 1494 1822 tibi?
1509 1801 1562 1821 non
1578 1800 1655 1820 raros
1669 1800 1744 1823 esse.

959 1843 1006 1871 sed
1021 1843 1126 1870 nullum
1140 1850 1201 1870 esse
1215 1842 1347 1869 declarat.
1365 1840 1505 1868 Neminem
1521 1840 1613 1874 itaque
1628 1838 1744 1865 similem

960 1897 1021 1917 esse
1037 1890 1075 1916 ait
1091 1889 1147 1923 illi,
1163 1888 1211 1923 qui
1224 1887 1357 1914 Dominus
1380 1886 1554 1922 praedicatur,
1577 1892 1638 1912 cum
1657 1883 1744 1911 eidem

961 1935 1021 1961 illos
1044 1937 1202 1968 comparat,
1223 1932 1269 1967 qui
1292 1931 1418 1966 superius
1441 1930 1487 1957 ﬁlii
1512 1929 1559 1956 Dei
1583 1928 1647 1955 dicti
1669 1930 1743 1955 sunt.

960 1981 1022 2008 Haec
1037 1980 1109 2007 enim
1125 1979 1212 2006 eidem
1228 1978 1333 2005 haerent
1348 1976 1490 2004 sententiae
1500 1996 1507 2008 ,
1525 1976 1568 2003 cui
1585 1975 1679 2003 isthzec
1696 1982 1744 2001 su-

961 2027 1053 2062 perius
1068 2026 1161 2052 dicta:
1186 2024 1319 2057 Quoniam
1338 2023 1396 2058 quis
1420 2023 1446 2048 in
1468 2020 1579 2048 nubibus
1598 2018 1745 2054 azquabitur

961 2072 1100 2099 Domino?
1123 2070 1219 2097 similis
1244 2069 1293 2096 erit
1317 2067 1429 2095 Domino
1452 2067 1480 2093 in
1504 2066 1568 2101 [iliis
1582 2065 1653 2093 Dei?
1667 2063 1744 2091 Nunc

962 2118 1042 2149 item,
1059 2117 1124 2150 Quis
1142 2115 1236 2143 similis
1250 2114 1315 2142 tibi?
1332 2114 1380 2146 ait,
1401 2113 1465 2148 quia
1487 2117 1582 2147 potens
1594 2119 1641 2143 es,
1658 2115 1685 2138 et
1698 2118 1746 2138 ve—

965 2165 1032 2192 ritas
1063 2170 1219 2191 sermonum
1245 2165 1375 2192 tuorum,
1406 2159 1540 2194 promissa
1564 2165 1672 2193 quoque
1698 2161 1755 2183 tua.

962 2211 1035 2239 circa
1061 2215 1087 2237 te
1110 2214 1137 2237 et
1160 2216 1244 2245 penes
1259 2211 1286 2235 te
1299 2212 1373 2235 sunt.
1389 2206 1476 2234 Penes
1493 2211 1519 2232 te
1532 2205 1631 2240 quippe
1645 2207 1702 2235 est,
1718 2207 1745 2230 et

962 2265 1045 2293 penes
1058 2265 1104 2284 eos
1120 2257 1166 2291 qui
1188 2261 1215 2283 te
1235 2254 1415 2286 circumdant,
1436 2253 1536 2281 veritas
1560 2257 1605 2279 tua
1619 2259 1625 2276 :
1642 2258 1703 2278 nam
1720 2249 1744 2277 si

122 2299 200 2334 Παρὰ
208 2301 249 2326 σοὶ
261 2300 314 2335 γάρ
327 2301 394 2333 ἐστι,
408 2300 537 2336 καὶπαρὲι
551 2302 606 2332 τοῖς
616 2300 742 2327 κυκλοῦσί
757 2310 795 2333 σε,
813 2302 829 2336 ἡ
845 2301 908 2336 ἁλή-

964 2304 1009 2339 qui
1032 2303 1155 2338 proxime
1175 2308 1202 2329 te
1232 2305 1259 2329 et
1283 2302 1310 2328 in
1331 2300 1447 2328 circuitu
1466 2303 1512 2325 tuo
1529 2300 1609 2328 sunt,
1625 2295 1663 2322 illi
1680 2302 1746 2322 sane

121 2345 181 2371 θειά
192 2353 239 2371 σου
250 2354 257 2361 ·
270 2346 294 2371 εἰ
317 2345 370 2380 γάρ
386 2346 458 2378 τινές
476 2355 522 2372 σου
537 2347 650 2382 πλησίον
662 2347 709 2373 καὶ
718 2347 809 2382 κύκλῳ
821 2355 911 2382 περιε-

121 2390 222 2423 στῶτες
238 2389 302 2423 εἶεν,
314 2389 386 2418 οὗτοι
403 2392 478 2418 αὐτοὶ
490 2392 539 2428 τὴν
550 2392 678 2428 ἀλήθειάν
689 2402 735 2419 σου
761 2392 893 2427 γινώσκοι»
901 2408 910 2414 -

121 2444 172 2463 σιν.
180 2437 276 2473 Ἡμεῖς
285 2437 313 2464 δὲ
322 2438 346 2463 οἱ
362 2438 408 2464 ἐπὶ
418 2438 479 2473 γῆς,
489 2438 528 2465 ἐτι
543 2439 650 2475 μακράν
662 2448 708 2466 σου
722 2440 908 2474 τυγχάνοντες,

123 2483 168 2515 τὰς
198 2484 397 2519 μεγαλουργίας
427 2493 473 2510 σου
504 2485 558 2512 ἀπὸ
589 2485 644 2512 τῶν
669 2486 740 2512 κατὰ
773 2486 909 2513 Θάλασσαν

121 2529 325 2566 ἐνεργουμένων
351 2530 403 2556 ὑπὸ
425 2531 474 2566 τῆς
499 2532 548 2567 σῆς
579 2532 707 2567 προνοίας
734 2531 909 2567 θεωροῦντες,

121 2577 315 2612 ὁμολογοῦμεν,
331 2578 371 2604 ὅτι
395 2578 505 2610 δυνατὸς
515 2576 550 2611 εἴ,
568 2579 615 2605 καὶ
633 2580 649 2614 ἡ
664 2578 778 2614 ἀλήθειά
795 2588 840 2605 σου
861 2579 909 2605 κύ-

122 2624 176 2659 κλῳ
191 2633 248 2651 σου.
261 2624 316 2659 Τῆς
325 2633 354 2650 τε
371 2624 424 2660 γὰρ
440 2624 578 2660 Θαλάσσης
592 2625 639 2651 καὶ
654 2625 701 2651 τοῦ
715 2624 841 2651 τοσούτου
855 2625 909 2650 τῶν

122 2671 225 2697 ὑδάτων
242 2670 339 2702 κύτους
357 2671 388 2697 σὺ
417 2671 496 2705 μόνος
512 2670 662 2703 δεσπόζεις,
686 2670 732 2697 καὶ
759 2671 806 2697 τὸν
829 2670 909 2697 σάλον

125 2716 175 2742 τῶν
189 2716 321 2751 κυμάτων
335 2716 418 2751 αὐτῆς
439 2717 471 2743 σὺ
493 2717 572 2752 μόνος
595 2717 811 2753 καταπραΰνεις,
830 2725 908 2752 περι-

122 2763 178 2794 θεὶς
191 2763 260 2799 αὐτῇ
277 2763 388 2798 κλεῖθρα
408 2764 455 2789 καὶ
470 2763 566 2795 πύλας,
587 2764 634 2790 καὶ
655 2764 716 2799 ὅρια
740 2764 808 2798 αὐτῇ
825 2762 910 2798 πηξά-

123 2818 213 2844 μενος,
233 2810 271 2841 ὡς
293 2809 326 2836 ἂν
350 2809 387 2844 μὴ
411 2809 555 2845 ὑπερϐᾱσα
581 2809 758 2836 κατακλύσειε
784 2809 833 2844 τὴν
857 2809 911 2836 τῶν

123 2855 272 2891 ἀνθρώπων
286 2855 456 2890 οἰκουμένην.
475 2855 506 2882 Ὂ
514 2855 545 2890 δὴ
562 2855 607 2882 καὶ
627 2856 692 2883 αὐτὸ
704 2855 733 2883 ἓν
745 2864 771 2882 τι
783 2855 911 2890 τυγχάνει

159 2934 181 2945 "'
201 2932 274 2960 Psal.
291 2940 389 2966 um,
407 2933 431 2960 i.

963 2350 1106 2376 veritatem
1131 2352 1233 2375 norunt
1255 2350 1340 2373 tuam.
1357 2345 1412 2372 Nos
1427 2348 1514 2371 autem
1529 2342 1575 2378 qui
1589 2342 1617 2368 in
1631 2345 1704 2368 terra
1719 2343 1745 2366 et

963 2395 1053 2422 adhuc
1069 2394 1162 2430 procul
1179 2398 1205 2420 te
1220 2398 1372 2422 versamur,
1389 2397 1421 2417 ex
1436 2389 1470 2416 iis
1486 2395 1546 2423 qua:
1562 2387 1619 2414 sive
1632 2386 1745 2412 interra

963 2442 1021 2469 sive
1034 2441 1061 2467 in
1077 2439 1145 2466 mari
1159 2447 1173 2465 a
1188 2437 1359 2473 providentia
1373 2440 1418 2462 tua
1431 2439 1573 2470 geruntur,
1588 2439 1684 2467 magna
1699 2435 1745 2458 tua

962 2486 1069 2522 opiﬁcia
1085 2485 1298 2519 contemplantes
1308 2503 1314 2515 ,
1337 2482 1497 2509 conlitemur
1511 2484 1536 2507 te
1551 2482 1701 2514 potentem,
1719 2482 1746 2505 et

960 2533 1101 2560 veritatem
1118 2535 1192 2557 tuam
1209 2529 1235 2556 in
1252 2528 1370 2555 circuitu
1383 2532 1429 2554 tuo
1444 2534 1514 2553 esse.
1530 2525 1597 2552 Nam
1623 2529 1651 2550 tu
1672 2523 1747 2551 solus

961 2578 1030 2605 mari
1045 2580 1073 2605 el.
1086 2579 1168 2602 tanta
1184 2581 1316 2610 aquarum
1330 2571 1492 2608 plenitudini
1504 2569 1654 2598 dominaris
1666 2589 1673 2601 ,
1686 2577 1747 2596 mo-

960 2628 1016 2651 tum
1033 2623 1163 2649 ﬂuctuum
1179 2621 1239 2655 ejus
1250 2627 1321 2647 unus
1337 2619 1445 2653 mitigas
1457 2637 1464 2649 ,
1484 2616 1591 2652 ipsique
1606 2616 1724 2642 claustra
1738 2634 1746 2647 ,

962 2673 1056 2704 portas
1070 2672 1097 2695 et
1110 2667 1243 2695 terminos
1261 2664 1345 2692 ﬁxisti
1357 2684 1364 2695 ,
1382 2671 1416 2691 ne
1433 2666 1657 2698 praetergressum
1673 2660 1737 2694 pela-

959 2723 1010 2751 gus
1024 2713 1138 2741 inundet
1152 2713 1256 2740 orbem.
1269 2711 1347 2744 Quod
1361 2717 1428 2737 sane
1443 2710 1485 2736 vel
1498 2716 1582 2735 unum
1597 2706 1746 2734 maximum

962 2762 1043 2790 fuerit
1065 2760 1207 2796 potestatis
1230 2763 1283 2785 tua:
1308 2760 1508 2791 argumentum.
1525 2755 1560 2781 At
1574 2754 1646 2781 enim
1670 2756 1746 2778 tanta

962 2816 1096 2844 aquarum
1123 2806 1284 2837 commotio,
1312 2804 1360 2831 tibi
1392 2807 1422 2830 ut
1444 2802 1554 2829 domino
1575 2800 1745 2834 obsequens,

963 2854 1027 2882 dum
1044 2858 1152 2882 tumens
1169 2853 1196 2881 in
1212 2852 1295 2879 altum
1312 2849 1446 2884 evehitur,
1460 2846 1621 2876 reformidat
1637 2850 1745 2877 tamen,
