  <div class='ocr_page' id='page_1' title='image "/cluster/home/n/w/nwhite01/storage/ocr_20150623/23/njp.32101077772505/552.png"; bbox 0 0 2032 3215; ppageno 0'>
   <div class='ocr_carea' id='block_1_1' title="bbox 121 162 192 192">
    <p class='ocr_par' dir='ltr' id='par_1_1' title="bbox 121 162 192 192">
     <span class='ocr_line' id='line_1_1' title="bbox 121 162 192 192; baseline 0.014 -1"><span class='ocrx_word' id='word_1_1' title='bbox 121 162 192 192; x_wconf 75' lang='grc'><strong>1089</strong></span> 
     </span>
    </p>
   </div>
   <div class='ocr_carea' id='block_1_2' title="bbox 705 134 1294 190">
    <p class='ocr_par' dir='ltr' id='par_1_2' title="bbox 705 134 1294 190">
     <span class='ocr_line' id='line_1_2' title="bbox 705 134 1294 190; baseline 0 -1"><span class='ocrx_word' id='word_1_2' title='bbox 705 160 959 190; x_wconf 73' lang='grc' dir='ltr'>οοιίιιΕΝτΑιιιΑ</span> <span class='ocrx_word' id='word_1_3' title='bbox 977 160 1011 189; x_wconf 80' lang='lat' dir='ltr'><strong>IN</strong></span> <span class='ocrx_word' id='word_1_4' title='bbox 1032 160 1201 190; x_wconf 69' lang='lat' dir='ltr'><strong>psswos.</strong></span> <span class='ocrx_word' id='word_1_5' title='bbox 1229 148 1253 183; x_wconf 66' lang='grc' dir='ltr'>ὃ</span> <span class='ocrx_word' id='word_1_6' title='bbox 1268 134 1294 175; x_wconf 63' lang='grc' dir='ltr'><strong>ῗ</strong></span> 
     </span>
    </p>
   </div>
   <div class='ocr_carea' id='block_1_3' title="bbox 1681 162 1751 191">
    <p class='ocr_par' dir='ltr' id='par_1_3' title="bbox 1681 162 1751 191">
     <span class='ocr_line' id='line_1_3' title="bbox 1681 162 1751 191; baseline 0 0"><span class='ocrx_word' id='word_1_7' title='bbox 1681 162 1751 191; x_wconf 79' lang='grc'><strong>1090</strong></span> 
     </span>
    </p>
   </div>
   <div class='ocr_carea' id='block_1_4' title="bbox 119 220 1752 258">
    <p class='ocr_par' dir='ltr' id='par_1_4' title="bbox 119 220 1752 258">
     <span class='ocr_line' id='line_1_4' title="bbox 119 220 1752 258; baseline 0 -9"><span class='ocrx_word' id='word_1_8' title='bbox 119 222 203 250; x_wconf 81' lang='grc' dir='ltr'>αὐτοῦ</span> <span class='ocrx_word' id='word_1_9' title='bbox 226 221 426 258; x_wconf 81' lang='grc' dir='ltr'>διασκορπίοει.</span> <span class='ocrx_word' id='word_1_10' title='bbox 450 221 532 256; x_wconf 88' lang='grc' dir='ltr'>Λέγει</span> <span class='ocrx_word' id='word_1_11' title='bbox 560 221 590 248; x_wconf 83' lang='grc' dir='ltr'>δὲ</span> <span class='ocrx_word' id='word_1_12' title='bbox 621 220 707 248; x_wconf 82' lang='grc' dir='ltr'>ταῦτα</span> <span class='ocrx_word' id='word_1_13' title='bbox 735 220 907 255; x_wconf 79' lang='grc' dir='ltr'>ἀναγκαίως·</span> <span class='ocrx_word' id='word_1_14' title='bbox 927 220 1066 257; x_wconf 80' lang='grc' dir='ltr'>προειπὼν</span> <span class='ocrx_word' id='word_1_15' title='bbox 1081 221 1146 257; x_wconf 86' lang='grc' dir='ltr'>γὰρ,</span> <span class='ocrx_word' id='word_1_16' title='bbox 1170 220 1300 254; x_wconf 79' lang='grc' dir='ltr'>Δυνατὸς</span> <span class='ocrx_word' id='word_1_17' title='bbox 1322 221 1360 254; x_wconf 73' lang='grc' dir='ltr'>ετ,</span> <span class='ocrx_word' id='word_1_18' title='bbox 1376 222 1475 256; x_wconf 80' lang='grc' dir='ltr'>Κύριε,</span> <span class='ocrx_word' id='word_1_19' title='bbox 1510 221 1560 249; x_wconf 82' lang='grc' dir='ltr'>και</span> <span class='ocrx_word' id='word_1_20' title='bbox 1581 222 1601 256; x_wconf 78' lang='grc' dir='ltr'><strong>ἠ</strong></span> <span class='ocrx_word' id='word_1_21' title='bbox 1626 220 1752 255; x_wconf 72' lang='grc' dir='ltr'>ἀλήθειά</span> 
     </span>
    </p>
   </div>
   <div class='ocr_carea' id='block_1_5' title="bbox 119 266 1752 303">
    <p class='ocr_par' dir='ltr' id='par_1_5' title="bbox 119 266 1752 303">
     <span class='ocr_line' id='line_1_5' title="bbox 119 266 1752 303; baseline -0.001 -7"><span class='ocrx_word' id='word_1_22' title='bbox 119 276 178 296; x_wconf 78' lang='grc' dir='ltr'>σου</span> <span class='ocrx_word' id='word_1_23' title='bbox 201 269 302 302; x_wconf 76' lang='grc' dir='ltr'>κύκλῳ</span> <span class='ocrx_word' id='word_1_24' title='bbox 331 276 406 300; x_wconf 78' lang='grc' dir='ltr'>σου,</span> <span class='ocrx_word' id='word_1_25' title='bbox 430 267 592 303; x_wconf 78' lang='grc' dir='ltr'><strong>παρίστησιν</strong></span> <span class='ocrx_word' id='word_1_26' title='bbox 617 267 708 298; x_wconf 85' lang='grc' dir='ltr'>αὐτοῖς</span> <span class='ocrx_word' id='word_1_27' title='bbox 735 266 825 302; x_wconf 78' lang='grc' dir='ltr'>ἔργοις</span> <span class='ocrx_word' id='word_1_28' title='bbox 851 266 909 298; x_wconf 84' lang='grc' dir='ltr'><strong>πῶς</strong></span> <span class='ocrx_word' id='word_1_29' title='bbox 929 266 1047 302; x_wconf 77' lang='grc' dir='ltr'>ὑπάρχει</span> <span class='ocrx_word' id='word_1_30' title='bbox 1060 266 1198 298; x_wconf 83' lang='grc' dir='ltr'>δυνατὺςὸ</span> <span class='ocrx_word' id='word_1_31' title='bbox 1216 266 1317 302; x_wconf 79' lang='grc' dir='ltr'>Κύριος</span> <span class='ocrx_word' id='word_1_32' title='bbox 1329 267 1368 298; x_wconf 78' lang='grc' dir='ltr'><strong>είς</strong></span> <span class='ocrx_word' id='word_1_33' title='bbox 1383 267 1513 294; x_wconf 77' lang='grc' dir='ltr'>πίστωσιν</span> <span class='ocrx_word' id='word_1_34' title='bbox 1548 266 1597 302; x_wconf 81' lang='grc' dir='ltr'>τῆς</span> <span class='ocrx_word' id='word_1_35' title='bbox 1624 266 1752 302; x_wconf 76' lang='grc' dir='ltr'><strong>ἀληθείας</strong></span> 
     </span>
    </p>
   </div>
   <div class='ocr_carea' id='block_1_6' title="bbox 119 312 1397 350">
    <p class='ocr_par' dir='ltr' id='par_1_6' title="bbox 119 312 1397 350">
     <span class='ocr_line' id='line_1_6' title="bbox 119 312 1397 350; baseline -0.002 -8"><span class='ocrx_word' id='word_1_36' title='bbox 119 315 223 347; x_wconf 78' lang='grc' dir='ltr'>αὐτοῦ,</span> <span class='ocrx_word' id='word_1_37' title='bbox 247 314 317 350; x_wconf 77' lang='grc' dir='ltr'>ὑπὲρ</span> <span class='ocrx_word' id='word_1_38' title='bbox 341 314 388 340; x_wconf 76' lang='grc' dir='ltr'>τοῦ</span> <span class='ocrx_word' id='word_1_39' title='bbox 408 314 458 346; x_wconf 82' lang='grc' dir='ltr'><strong>τὰς</strong></span> <span class='ocrx_word' id='word_1_40' title='bbox 481 313 647 347; x_wconf 76' lang='grc' dir='ltr'><strong>ἐπαγγελίας</strong></span> <span class='ocrx_word' id='word_1_41' title='bbox 669 313 738 348; x_wconf 78' lang='grc' dir='ltr'>πρὸς</span> <span class='ocrx_word' id='word_1_42' title='bbox 761 314 807 340; x_wconf 76' lang='grc' dir='ltr'><strong>τὸν</strong></span> <span class='ocrx_word' id='word_1_43' title='bbox 829 312 910 340; x_wconf 80' lang='grc' dir='ltr'>Δαυῒδ</span> <span class='ocrx_word' id='word_1_44' title='bbox 928 313 1115 349; x_wconf 80' lang='grc' dir='ltr'><strong>γεγενημένας</strong></span> <span class='ocrx_word' id='word_1_45' title='bbox 1127 312 1238 348; x_wconf 77' lang='grc' dir='ltr'>ἀληθεῖς</span> <span class='ocrx_word' id='word_1_46' title='bbox 1251 313 1397 346; x_wconf 81' lang='grc' dir='ltr'>ἀποδεῖξαι.</span> 
     </span>
    </p>
   </div>
   <div class='ocr_carea' id='block_1_7' title="bbox 155 360 920 396">
    <p class='ocr_par' dir='ltr' id='par_1_7' title="bbox 155 360 911 396">
     <span class='ocr_line' id='line_1_7' title="bbox 155 360 911 396; baseline -0.003 -6"><span class='ocrx_word' id='word_1_47' title='bbox 155 362 208 390; x_wconf 84' lang='grc' dir='ltr'>Σοί</span> <span class='ocrx_word' id='word_1_48' title='bbox 232 363 311 389; x_wconf 83' lang='grc' dir='ltr'>εἰσιν</span> <span class='ocrx_word' id='word_1_49' title='bbox 325 361 463 395; x_wconf 78' lang='grc' dir='ltr'>οὐρανοὶ,</span> <span class='ocrx_word' id='word_1_50' title='bbox 489 361 536 388; x_wconf 78' lang='grc' dir='ltr'>καὶ</span> <span class='ocrx_word' id='word_1_51' title='bbox 554 360 595 394; x_wconf 82' lang='grc' dir='ltr'>σή</span> <span class='ocrx_word' id='word_1_52' title='bbox 621 361 706 387; x_wconf 78' lang='grc' dir='ltr'>ἐστιν</span> <span class='ocrx_word' id='word_1_53' title='bbox 732 362 752 395; x_wconf 80' lang='grc' dir='ltr'>ἡ</span> <span class='ocrx_word' id='word_1_54' title='bbox 779 361 829 396; x_wconf 79' lang='grc' dir='ltr'><strong>γῆ.</strong></span> <span class='ocrx_word' id='word_1_55' title='bbox 853 361 911 395; x_wconf 79' lang='grc' dir='ltr'><strong>τὴν</strong></span> 
     </span>
    </p>
   </div>
   <div class='ocr_carea' id='block_1_8' title="bbox 971 360 1751 396">
    <p class='ocr_par' dir='ltr' id='par_1_8' title="bbox 1001 360 1751 394">
     <span class='ocr_line' id='line_1_8' title="bbox 1001 360 1751 394; baseline 0 -6"><span class='ocrx_word' id='word_1_56' title='bbox 1001 360 1082 389; x_wconf 70' lang='lat' dir='ltr'><strong>Vsus.</strong></span> <span class='ocrx_word' id='word_1_57' title='bbox 1100 361 1144 394; x_wconf 77' lang='grc'><strong>19...</strong></span> <span class='ocrx_word' id='word_1_58' title='bbox 1157 361 1200 388; x_wconf 73' lang='grc'><strong>15.</strong></span> <span class='ocrx_word' id='word_1_59' title='bbox 1212 361 1262 388; x_wconf 88' lang='lat' dir='ltr'><strong>Tui</strong></span> <span class='ocrx_word' id='word_1_60' title='bbox 1274 365 1335 388; x_wconf 72' lang='lat' dir='ltr'><strong>sunt</strong></span> <span class='ocrx_word' id='word_1_61' title='bbox 1351 360 1407 387; x_wconf 75' lang='grc' dir='ltr'>εωίὶ</span> <span class='ocrx_word' id='word_1_62' title='bbox 1418 365 1444 387; x_wconf 77' lang='lat' dir='ltr'><strong>et</strong></span> <span class='ocrx_word' id='word_1_63' title='bbox 1455 367 1500 387; x_wconf 86' lang='lat' dir='ltr'><strong>tua</strong></span> <span class='ocrx_word' id='word_1_64' title='bbox 1515 366 1553 388; x_wconf 84' lang='lat' dir='ltr'><strong>est</strong></span> <span class='ocrx_word' id='word_1_65' title='bbox 1571 367 1652 393; x_wconf 87' lang='lat' dir='ltr'><strong>terra,</strong></span> <span class='ocrx_word' id='word_1_66' title='bbox 1663 361 1751 389; x_wconf 84' lang='lat' dir='ltr'><strong>orbem</strong></span> 
     </span>
    </p>
   </div>
   <div class='ocr_carea' id='block_1_9' title="bbox 120 405 910 443">
    <p class='ocr_par' dir='ltr' id='par_1_9' title="bbox 120 405 910 443">
     <span class='ocr_line' id='line_1_9' title="bbox 120 405 910 443; baseline -0.004 -6"><span class='ocrx_word' id='word_1_67' title='bbox 120 407 302 443; x_wconf 65' lang='grc' dir='ltr'>οἰκουμένην</span> <span class='ocrx_word' id='word_1_68' title='bbox 322 407 371 434; x_wconf 74' lang='grc' dir='ltr'>καὶ</span> <span class='ocrx_word' id='word_1_69' title='bbox 395 407 426 433; x_wconf 84' lang='grc' dir='ltr'>τὸ</span> <span class='ocrx_word' id='word_1_70' title='bbox 455 406 601 440; x_wconf 74' lang='grc' dir='ltr'>πλήρωμα</span> <span class='ocrx_word' id='word_1_71' title='bbox 624 405 719 440; x_wconf 81' lang='grc' dir='ltr'>αὐτῆς</span> <span class='ocrx_word' id='word_1_72' title='bbox 742 406 782 433; x_wconf 87' lang='grc' dir='ltr'>σὺ</span> <span class='ocrx_word' id='word_1_73' title='bbox 810 407 910 442; x_wconf 80' lang='grc' dir='ltr'>ἐθεμε-</span> 
     </span>
    </p>
   </div>
   <div class='ocr_carea' id='block_1_10' title="bbox 120 452 911 488">
    <p class='ocr_par' dir='ltr' id='par_1_10' title="bbox 120 452 911 488">
     <span class='ocr_line' id='line_1_10' title="bbox 120 452 911 488; baseline -0.001 -6"><span class='ocrx_word' id='word_1_74' title='bbox 120 455 256 487; x_wconf 71' lang='grc' dir='ltr'><strong>⁵ιίωσοις,</strong></span> <span class='ocrx_word' id='word_1_75' title='bbox 286 454 338 481; x_wconf 78' lang='grc' dir='ltr'><strong>τὸν</strong></span> <span class='ocrx_word' id='word_1_76' title='bbox 369 453 485 488; x_wconf 79' lang='grc' dir='ltr'><strong>,βορῤᾶν</strong></span> <span class='ocrx_word' id='word_1_77' title='bbox 521 454 569 480; x_wconf 77' lang='grc' dir='ltr'>καὶ</span> <span class='ocrx_word' id='word_1_78' title='bbox 599 452 656 487; x_wconf 83' lang='grc' dir='ltr'><strong>τὴν</strong></span> <span class='ocrx_word' id='word_1_79' title='bbox 680 453 842 481; x_wconf 78' lang='grc' dir='ltr'>θάλασσαν</span> <span class='ocrx_word' id='word_1_80' title='bbox 870 454 911 481; x_wconf 86' lang='grc' dir='ltr'>σὺ</span> 
     </span>
    </p>
   </div>
   <div class='ocr_carea' id='block_1_11' title="bbox 122 499 911 535">
    <p class='ocr_par' dir='ltr' id='par_1_11' title="bbox 122 499 911 535">
     <span class='ocr_line' id='line_1_11' title="bbox 122 499 911 535; baseline 0 -7"><span class='ocrx_word' id='word_1_81' title='bbox 122 501 258 534; x_wconf 77' lang='grc' dir='ltr'>ἔκτισας.</span> <span class='ocrx_word' id='word_1_82' title='bbox 274 500 374 534; x_wconf 73' lang='grc' dir='ltr'>Θαϐὼρ</span> <span class='ocrx_word' id='word_1_83' title='bbox 393 500 441 526; x_wconf 76' lang='grc' dir='ltr'>καὶ</span> <span class='ocrx_word' id='word_1_84' title='bbox 463 500 573 534; x_wconf 80' lang='grc' dir='ltr'><strong>Ἑρμῶν</strong></span> <span class='ocrx_word' id='word_1_85' title='bbox 596 500 630 526; x_wconf 80' lang='grc' dir='ltr'><strong>ἐν</strong></span> <span class='ocrx_word' id='word_1_86' title='bbox 645 499 683 532; x_wconf 82' lang='grc' dir='ltr'>τῷ</span> <span class='ocrx_word' id='word_1_87' title='bbox 708 500 830 535; x_wconf 78' lang='grc' dir='ltr'>ὀνόματι</span> <span class='ocrx_word' id='word_1_88' title='bbox 854 509 911 528; x_wconf 86' lang='grc' dir='ltr'>σου</span> 
     </span>
    </p>
   </div>
   <div class='ocr_carea' id='block_1_12' title="bbox 123 546 911 582">
    <p class='ocr_par' dir='ltr' id='par_1_12' title="bbox 123 546 911 582">
     <span class='ocr_line' id='line_1_12' title="bbox 123 546 911 582; baseline -0.004 -7"><span class='ocrx_word' id='word_1_89' title='bbox 123 547 370 582; x_wconf 73' lang='grc' dir='ltr'>ἀγαλλιάσονται.</span> <span class='ocrx_word' id='word_1_90' title='bbox 385 546 415 572; x_wconf 83' lang='grc' dir='ltr'><em>Ἡ</em></span> <span class='ocrx_word' id='word_1_91' title='bbox 426 546 527 572; x_wconf 78' lang='grc' dir='ltr'>διάνοια</span> <span class='ocrx_word' id='word_1_92' title='bbox 537 546 591 572; x_wconf 80' lang='grc' dir='ltr'><strong>τῶν</strong></span> <span class='ocrx_word' id='word_1_93' title='bbox 603 546 788 582; x_wconf 79' lang='grc' dir='ltr'><strong>προκειμένων</strong></span> <span class='ocrx_word' id='word_1_94' title='bbox 800 547 911 582; x_wconf 83' lang='grc' dir='ltr'><strong>τοιαύτη</strong></span> 
     </span>
    </p>
   </div>
   <div class='ocr_carea' id='block_1_13' title="bbox 122 589 913 628">
    <p class='ocr_par' dir='ltr' id='par_1_13' title="bbox 122 589 913 628">
     <span class='ocr_line' id='line_1_13' title="bbox 122 589 913 628; baseline -0.003 -7"><span class='ocrx_word' id='word_1_95' title='bbox 122 596 164 627; x_wconf 80' lang='grc' dir='ltr'><strong>τίς</strong></span> <span class='ocrx_word' id='word_1_96' title='bbox 181 596 250 620; x_wconf 75' lang='grc' dir='ltr'>ἐστι·</span> <span class='ocrx_word' id='word_1_97' title='bbox 269 593 421 628; x_wconf 82' lang='grc' dir='ltr'>Πεποίησαι</span> <span class='ocrx_word' id='word_1_98' title='bbox 439 592 498 628; x_wconf 84' lang='grc' dir='ltr'>μὲν,</span> <span class='ocrx_word' id='word_1_99' title='bbox 517 589 539 618; x_wconf 81' lang='grc' dir='ltr'>ὦ</span> <span class='ocrx_word' id='word_1_100' title='bbox 558 592 643 627; x_wconf 82' lang='grc' dir='ltr'>Κύριε</span> <span class='ocrx_word' id='word_1_101' title='bbox 656 612 663 624; x_wconf 90' lang='grc'><strong>,</strong></span> <span class='ocrx_word' id='word_1_102' title='bbox 680 592 747 627; x_wconf 80' lang='grc' dir='ltr'>πρὸς</span> <span class='ocrx_word' id='word_1_103' title='bbox 765 593 809 619; x_wconf 68' lang='grc' dir='ltr'><strong>τὸν</strong></span> <span class='ocrx_word' id='word_1_104' title='bbox 833 592 913 619; x_wconf 78' lang='grc' dir='ltr'><strong>Δαυῖδ</strong></span> 
     </span>
    </p>
   </div>
   <div class='ocr_carea' id='block_1_14' title="bbox 123 639 913 676">
    <p class='ocr_par' dir='ltr' id='par_1_14' title="bbox 123 639 913 676">
     <span class='ocr_line' id='line_1_14' title="bbox 123 639 913 676; baseline -0.004 -8"><span class='ocrx_word' id='word_1_105' title='bbox 123 640 292 675; x_wconf 77' lang='grc' dir='ltr'><strong>ἐπαγγελίας</strong></span> <span class='ocrx_word' id='word_1_106' title='bbox 305 640 368 676; x_wconf 77' lang='grc' dir='ltr'>περὶ</span> <span class='ocrx_word' id='word_1_107' title='bbox 389 639 435 666; x_wconf 82' lang='grc' dir='ltr'>τοῦ</span> <span class='ocrx_word' id='word_1_108' title='bbox 453 640 610 675; x_wconf 83' lang='grc' dir='ltr'>σπέρματος</span> <span class='ocrx_word' id='word_1_109' title='bbox 631 640 713 666; x_wconf 84' lang='grc' dir='ltr'>αὐτοῦ</span> <span class='ocrx_word' id='word_1_110' title='bbox 739 639 786 665; x_wconf 79' lang='grc' dir='ltr'>καὶ</span> <span class='ocrx_word' id='word_1_111' title='bbox 808 639 855 665; x_wconf 81' lang='grc' dir='ltr'>τοῦ</span> <span class='ocrx_word' id='word_1_112' title='bbox 873 640 913 670; x_wconf 86' lang='grc' dir='ltr'><strong>είς</strong></span> 
     </span>
    </p>
   </div>
   <div class='ocr_carea' id='block_1_15' title="bbox 123 684 913 721">
    <p class='ocr_par' dir='ltr' id='par_1_15' title="bbox 123 684 913 721">
     <span class='ocr_line' id='line_1_15' title="bbox 123 684 913 721; baseline -0.003 -8"><span class='ocrx_word' id='word_1_113' title='bbox 123 686 210 713; x_wconf 83' lang='grc' dir='ltr'>αίῶνα</span> <span class='ocrx_word' id='word_1_114' title='bbox 223 685 412 721; x_wconf 77' lang='grc' dir='ltr'>διαρκέσοντος</span> <span class='ocrx_word' id='word_1_115' title='bbox 430 685 524 721; x_wconf 82' lang='grc' dir='ltr'>θρόνου</span> <span class='ocrx_word' id='word_1_116' title='bbox 547 685 644 711; x_wconf 78' lang='grc' dir='ltr'>αὐτοῦ·</span> <span class='ocrx_word' id='word_1_117' title='bbox 662 686 709 711; x_wconf 79' lang='grc' dir='ltr'><strong>καὶ</strong></span> <span class='ocrx_word' id='word_1_118' title='bbox 728 685 828 716; x_wconf 82' lang='grc' dir='ltr'>ταύτας</span> <span class='ocrx_word' id='word_1_119' title='bbox 840 684 913 720; x_wconf 77' lang='grc' dir='ltr'>ὡμο-</span> 
     </span>
    </p>
   </div>
   <div class='ocr_carea' id='block_1_16' title="bbox 125 730 912 767">
    <p class='ocr_par' dir='ltr' id='par_1_16' title="bbox 125 730 912 767">
     <span class='ocr_line' id='line_1_16' title="bbox 125 730 912 767; baseline -0.003 -8"><span class='ocrx_word' id='word_1_120' title='bbox 125 741 175 764; x_wconf 83' lang='grc' dir='ltr'><strong>σας</strong></span> <span class='ocrx_word' id='word_1_121' title='bbox 190 731 228 767; x_wconf 85' lang='grc' dir='ltr'>τῷ</span> <span class='ocrx_word' id='word_1_122' title='bbox 242 731 323 758; x_wconf 79' lang='grc' dir='ltr'>Δαυῒδ</span> <span class='ocrx_word' id='word_1_123' title='bbox 334 730 511 757; x_wconf 73' lang='grc' dir='ltr'>ἐπιτελέσειν.</span> <span class='ocrx_word' id='word_1_124' title='bbox 532 730 654 766; x_wconf 85' lang='grc' dir='ltr'>Ὀρῶμεν</span> <span class='ocrx_word' id='word_1_125' title='bbox 673 731 701 757; x_wconf 81' lang='grc' dir='ltr'>δὲ</span> <span class='ocrx_word' id='word_1_126' title='bbox 718 732 798 766; x_wconf 82' lang='grc' dir='ltr'><strong>ἡμεῖς</strong></span> <span class='ocrx_word' id='word_1_127' title='bbox 814 731 838 757; x_wconf 87' lang='grc' dir='ltr'>οἱ</span> <span class='ocrx_word' id='word_1_128' title='bbox 865 731 912 757; x_wconf 77' lang='grc' dir='ltr'><strong>ἄν-</strong></span> 
     </span>
    </p>
   </div>
   <div class='ocr_carea' id='block_1_17' title="bbox 125 776 915 814">
    <p class='ocr_par' dir='ltr' id='par_1_17' title="bbox 125 776 915 814">
     <span class='ocr_line' id='line_1_17' title="bbox 125 776 915 814; baseline -0.003 -10"><span class='ocrx_word' id='word_1_129' title='bbox 125 777 230 814; x_wconf 84' lang='grc' dir='ltr'>θρωποι</span> <span class='ocrx_word' id='word_1_130' title='bbox 245 777 282 812; x_wconf 88' lang='grc' dir='ltr'>μὴ</span> <span class='ocrx_word' id='word_1_131' title='bbox 300 777 491 812; x_wconf 74' lang='grc' dir='ltr'>πληρουμένας</span> <span class='ocrx_word' id='word_1_132' title='bbox 504 776 597 808; x_wconf 77' lang='grc' dir='ltr'>αὐτὰς,</span> <span class='ocrx_word' id='word_1_133' title='bbox 615 777 676 803; x_wconf 75' lang='grc' dir='ltr'>ὅσον</span> <span class='ocrx_word' id='word_1_134' title='bbox 688 777 733 802; x_wconf 73' lang='grc' dir='ltr'>ἐπὶ</span> <span class='ocrx_word' id='word_1_135' title='bbox 747 778 802 808; x_wconf 86' lang='grc' dir='ltr'>τοῖς</span> <span class='ocrx_word' id='word_1_136' title='bbox 819 776 915 812; x_wconf 81' lang='grc' dir='ltr'>αἰσθη-</span> 
     </span>
    </p>
   </div>
   <div class='ocr_carea' id='block_1_18' title="bbox 124 821 913 859">
    <p class='ocr_par' dir='ltr' id='par_1_18' title="bbox 124 821 913 859">
     <span class='ocr_line' id='line_1_18' title="bbox 124 821 913 859; baseline -0.003 -9"><span class='ocrx_word' id='word_1_137' title='bbox 124 825 181 856; x_wconf 78' lang='grc' dir='ltr'>τοῖς</span> <span class='ocrx_word' id='word_1_138' title='bbox 194 824 241 850; x_wconf 76' lang='grc' dir='ltr'>καὶ</span> <span class='ocrx_word' id='word_1_139' title='bbox 263 823 427 859; x_wconf 82' lang='grc' dir='ltr'>ὁρωμένοις·</span> <span class='ocrx_word' id='word_1_140' title='bbox 445 822 485 848; x_wconf 84' lang='grc' dir='ltr'>διὸ</span> <span class='ocrx_word' id='word_1_141' title='bbox 508 831 609 857; x_wconf 70' lang='grc' dir='ltr'>φαμεν,</span> <span class='ocrx_word' id='word_1_142' title='bbox 624 822 686 849; x_wconf 83' lang='grc' dir='ltr'><strong>Ποῦ</strong></span> <span class='ocrx_word' id='word_1_143' title='bbox 704 823 763 848; x_wconf 81' lang='grc' dir='ltr'>εἱσι</span> <span class='ocrx_word' id='word_1_144' title='bbox 785 823 822 849; x_wconf 82' lang='grc' dir='ltr'>τὰ</span> <span class='ocrx_word' id='word_1_145' title='bbox 842 821 913 855; x_wconf 79' lang='grc' dir='ltr'><strong>ἑλέη</strong></span> 
     </span>
    </p>
   </div>
   <div class='ocr_carea' id='block_1_19' title="bbox 124 868 913 904">
    <p class='ocr_par' dir='ltr' id='par_1_19' title="bbox 124 868 913 904">
     <span class='ocr_line' id='line_1_19' title="bbox 124 868 913 904; baseline -0.004 -7"><span class='ocrx_word' id='word_1_146' title='bbox 124 878 184 897; x_wconf 81' lang='grc' dir='ltr'>σου</span> <span class='ocrx_word' id='word_1_147' title='bbox 197 869 234 896; x_wconf 85' lang='grc' dir='ltr'>τὰ</span> <span class='ocrx_word' id='word_1_148' title='bbox 254 868 374 903; x_wconf 75' lang='grc' dir='ltr'>ἀρχαῖα,</span> <span class='ocrx_word' id='word_1_149' title='bbox 390 869 478 902; x_wconf 83' lang='grc' dir='ltr'>Κύριε</span> <span class='ocrx_word' id='word_1_150' title='bbox 485 877 494 900; x_wconf 89' lang='grc'><em>;</em></span> <span class='ocrx_word' id='word_1_151' title='bbox 519 868 588 903; x_wconf 81' lang='grc' dir='ltr'>πλὴν</span> <span class='ocrx_word' id='word_1_152' title='bbox 606 868 673 894; x_wconf 81' lang='grc' dir='ltr'><strong>ἀλλὰ</strong></span> <span class='ocrx_word' id='word_1_153' title='bbox 688 868 860 904; x_wconf 81' lang='grc' dir='ltr'>πεπείσμεθά</span> <span class='ocrx_word' id='word_1_154' title='bbox 884 877 913 894; x_wconf 82' lang='grc' dir='ltr'><strong>σε</strong></span> 
     </span>
    </p>
   </div>
   <div class='ocr_carea' id='block_1_20' title="bbox 125 913 915 950">
    <p class='ocr_par' dir='ltr' id='par_1_20' title="bbox 125 913 915 950">
     <span class='ocr_line' id='line_1_20' title="bbox 125 913 915 950; baseline -0.003 -7"><span class='ocrx_word' id='word_1_155' title='bbox 125 916 155 950; x_wconf 66' lang='grc' dir='ltr'><strong>ἐξ</strong></span> <span class='ocrx_word' id='word_1_156' title='bbox 171 916 291 946; x_wconf 66' lang='grc' dir='ltr'>ἅπαντος</span> <span class='ocrx_word' id='word_1_157' title='bbox 311 915 469 950; x_wconf 78' lang='grc' dir='ltr'><strong>ἀληθεύειν,</strong></span> <span class='ocrx_word' id='word_1_158' title='bbox 483 916 524 942; x_wconf 73' lang='grc' dir='ltr'><strong>ὅτι</strong></span> <span class='ocrx_word' id='word_1_159' title='bbox 543 915 672 948; x_wconf 79' lang='grc' dir='ltr'>δυνατὸς</span> <span class='ocrx_word' id='word_1_160' title='bbox 685 913 721 946; x_wconf 74' lang='grc' dir='ltr'>εἴ,</span> <span class='ocrx_word' id='word_1_161' title='bbox 742 915 789 942; x_wconf 75' lang='grc' dir='ltr'>καὶ</span> <span class='ocrx_word' id='word_1_162' title='bbox 806 915 824 948; x_wconf 79' lang='grc' dir='ltr'>ἡ</span> <span class='ocrx_word' id='word_1_163' title='bbox 841 914 915 948; x_wconf 79' lang='grc' dir='ltr'><strong>ἀλή-</strong></span> 
     </span>
    </p>
   </div>
   <div class='ocr_carea' id='block_1_21' title="bbox 124 961 914 997">
    <p class='ocr_par' dir='ltr' id='par_1_21' title="bbox 124 961 914 997">
     <span class='ocr_line' id='line_1_21' title="bbox 124 961 914 997; baseline -0.004 -7"><span class='ocrx_word' id='word_1_164' title='bbox 124 963 190 990; x_wconf 80' lang='grc' dir='ltr'>θειά</span> <span class='ocrx_word' id='word_1_165' title='bbox 203 970 261 990; x_wconf 87' lang='grc' dir='ltr'>σου</span> <span class='ocrx_word' id='word_1_166' title='bbox 273 963 372 994; x_wconf 74' lang='grc' dir='ltr'>κύκλῳ</span> <span class='ocrx_word' id='word_1_167' title='bbox 384 970 452 988; x_wconf 82' lang='grc' dir='ltr'>σου.</span> <span class='ocrx_word' id='word_1_168' title='bbox 464 961 518 988; x_wconf 77' lang='grc' dir='ltr'><strong>Καὶ</strong></span> <span class='ocrx_word' id='word_1_169' title='bbox 533 962 671 997; x_wconf 80' lang='grc' dir='ltr'>μάρτυρές</span> <span class='ocrx_word' id='word_1_170' title='bbox 681 970 713 995; x_wconf 81' lang='grc' dir='ltr'><strong>γε</strong></span> <span class='ocrx_word' id='word_1_171' title='bbox 725 962 774 996; x_wconf 78' lang='grc' dir='ltr'>τῆς</span> <span class='ocrx_word' id='word_1_172' title='bbox 786 961 914 997; x_wconf 82' lang='grc' dir='ltr'><strong>ἀληθείας</strong></span> 
     </span>
    </p>
   </div>
   <div class='ocr_carea' id='block_1_22' title="bbox 126 1007 915 1044">
    <p class='ocr_par' dir='ltr' id='par_1_22' title="bbox 126 1007 915 1044">
     <span class='ocr_line' id='line_1_22' title="bbox 126 1007 915 1044; baseline -0.003 -8"><span class='ocrx_word' id='word_1_173' title='bbox 126 1018 174 1037; x_wconf 87' lang='grc' dir='ltr'><strong>σου</strong></span> <span class='ocrx_word' id='word_1_174' title='bbox 192 1009 292 1041; x_wconf 80' lang='grc' dir='ltr'>πάντες</span> <span class='ocrx_word' id='word_1_175' title='bbox 307 1009 331 1035; x_wconf 81' lang='grc' dir='ltr'>οἱ</span> <span class='ocrx_word' id='word_1_176' title='bbox 349 1008 413 1044; x_wconf 73' lang='grc' dir='ltr'>περὶ</span> <span class='ocrx_word' id='word_1_177' title='bbox 434 1007 477 1034; x_wconf 82' lang='grc' dir='ltr'>σέ·</span> <span class='ocrx_word' id='word_1_178' title='bbox 500 1009 527 1034; x_wconf 85' lang='grc' dir='ltr'>αἱ</span> <span class='ocrx_word' id='word_1_179' title='bbox 552 1008 616 1042; x_wconf 79' lang='grc' dir='ltr'>γοῦν</span> <span class='ocrx_word' id='word_1_180' title='bbox 640 1008 760 1043; x_wconf 81' lang='grc' dir='ltr'>οὐράνιοι</span> <span class='ocrx_word' id='word_1_181' title='bbox 786 1008 915 1043; x_wconf 85' lang='grc' dir='ltr'>δυνάμεις</span> 
     </span>
    </p>
   </div>
   <div class='ocr_carea' id='block_1_23' title="bbox 125 1049 952 1090">
    <p class='ocr_par' dir='ltr' id='par_1_23' title="bbox 125 1049 952 1090">
     <span class='ocr_line' id='line_1_23' title="bbox 125 1049 952 1090; baseline -0.001 -8"><span class='ocrx_word' id='word_1_182' title='bbox 125 1054 401 1090; x_wconf 54' lang='grc' dir='ltr'>ἐξομολογήσηται</span> <span class='ocrx_word' id='word_1_183' title='bbox 413 1054 448 1080; x_wconf 79' lang='grc' dir='ltr'>τὰ</span> <span class='ocrx_word' id='word_1_184' title='bbox 460 1054 611 1088; x_wconf 81' lang='grc' dir='ltr'>θαυμάσιά</span> <span class='ocrx_word' id='word_1_185' title='bbox 621 1062 689 1086; x_wconf 88' lang='grc' dir='ltr'>σου,</span> <span class='ocrx_word' id='word_1_186' title='bbox 705 1055 754 1081; x_wconf 80' lang='grc' dir='ltr'>καὶ</span> <span class='ocrx_word' id='word_1_187' title='bbox 772 1054 828 1088; x_wconf 82' lang='grc' dir='ltr'><strong>τὴν</strong></span> <span class='ocrx_word' id='word_1_188' title='bbox 842 1055 916 1088; x_wconf 72' lang='grc' dir='ltr'><strong>ἀλή-</strong></span> <span class='ocrx_word' id='word_1_189' title='bbox 932 1049 952 1076; x_wconf 77' lang='grc' dir='ltr'><strong>Β</strong></span> 
     </span>
    </p>
   </div>
   <div class='ocr_carea' id='block_1_24' title="bbox 127 1100 916 1133">
    <p class='ocr_par' dir='ltr' id='par_1_24' title="bbox 127 1100 916 1133">
     <span class='ocr_line' id='line_1_24' title="bbox 127 1100 916 1133; baseline -0.003 -5"><span class='ocrx_word' id='word_1_190' title='bbox 127 1101 210 1128; x_wconf 83' lang='grc' dir='ltr'>θειάν</span> <span class='ocrx_word' id='word_1_191' title='bbox 233 1109 292 1128; x_wconf 83' lang='grc' dir='ltr'><strong>σου</strong></span> <span class='ocrx_word' id='word_1_192' title='bbox 314 1101 349 1127; x_wconf 75' lang='grc' dir='ltr'><strong>ἐν</strong></span> <span class='ocrx_word' id='word_1_193' title='bbox 375 1100 535 1133; x_wconf 81' lang='grc' dir='ltr'>Ἐκκλησίᾳ</span> <span class='ocrx_word' id='word_1_194' title='bbox 561 1101 661 1127; x_wconf 80' lang='grc' dir='ltr'>ὁσίων.</span> <span class='ocrx_word' id='word_1_195' title='bbox 681 1101 735 1127; x_wconf 76' lang='grc' dir='ltr'><strong>Καὶ</strong></span> <span class='ocrx_word' id='word_1_196' title='bbox 751 1101 862 1132; x_wconf 82' lang='grc' dir='ltr'><strong>εἰκότως</strong></span> <span class='ocrx_word' id='word_1_197' title='bbox 888 1101 916 1126; x_wconf 87' lang='grc' dir='ltr'>αἱ</span> 
     </span>
    </p>
   </div>
   <div class='ocr_carea' id='block_1_25' title="bbox 125 1145 915 1183">
    <p class='ocr_par' dir='ltr' id='par_1_25' title="bbox 125 1145 915 1183">
     <span class='ocr_line' id='line_1_25' title="bbox 125 1145 915 1183; baseline -0.001 -9"><span class='ocrx_word' id='word_1_198' title='bbox 125 1147 247 1183; x_wconf 77' lang='grc' dir='ltr'>οὐράνιοι</span> <span class='ocrx_word' id='word_1_199' title='bbox 259 1146 388 1182; x_wconf 87' lang='grc' dir='ltr'>δυνάμεις</span> <span class='ocrx_word' id='word_1_200' title='bbox 399 1145 447 1181; x_wconf 83' lang='grc' dir='ltr'>τὴν</span> <span class='ocrx_word' id='word_1_201' title='bbox 461 1145 587 1181; x_wconf 81' lang='grc' dir='ltr'>ἀλήθειάν</span> <span class='ocrx_word' id='word_1_202' title='bbox 599 1154 645 1172; x_wconf 90' lang='grc' dir='ltr'><strong>σου</strong></span> <span class='ocrx_word' id='word_1_203' title='bbox 664 1146 915 1182; x_wconf 79' lang='grc' dir='ltr'>ὲξομολογήσονται,</span> 
     </span>
    </p>
   </div>
   <div class='ocr_carea' id='block_1_26' title="bbox 126 1191 915 1229">
    <p class='ocr_par' dir='ltr' id='par_1_26' title="bbox 126 1191 915 1229">
     <span class='ocr_line' id='line_1_26' title="bbox 126 1191 915 1229; baseline -0.001 -9"><span class='ocrx_word' id='word_1_204' title='bbox 126 1193 222 1229; x_wconf 77' lang='grc' dir='ltr'>ἐπειδὴ</span> <span class='ocrx_word' id='word_1_205' title='bbox 234 1194 263 1220; x_wconf 80' lang='grc' dir='ltr'>ὲν</span> <span class='ocrx_word' id='word_1_206' title='bbox 276 1193 314 1228; x_wconf 82' lang='grc' dir='ltr'>τῷ</span> <span class='ocrx_word' id='word_1_207' title='bbox 332 1192 439 1228; x_wconf 72' lang='grc' dir='ltr'>οὐρανῷ</span> <span class='ocrx_word' id='word_1_208' title='bbox 454 1191 678 1227; x_wconf 77' lang='grc' dir='ltr'>ὲτοιμασῦήσεται</span> <span class='ocrx_word' id='word_1_209' title='bbox 690 1193 706 1227; x_wconf 86' lang='grc' dir='ltr'><strong>ἡ</strong></span> <span class='ocrx_word' id='word_1_210' title='bbox 726 1192 839 1228; x_wconf 82' lang='grc' dir='ltr'>ἀλήθειά</span> <span class='ocrx_word' id='word_1_211' title='bbox 852 1201 898 1219; x_wconf 88' lang='grc' dir='ltr'><strong>σου</strong></span> <span class='ocrx_word' id='word_1_212' title='bbox 908 1201 915 1208; x_wconf 86' lang='grc'><strong>·</strong></span> 
     </span>
    </p>
   </div>
   <div class='ocr_carea' id='block_1_27' title="bbox 126 1237 917 1277">
    <p class='ocr_par' dir='ltr' id='par_1_27' title="bbox 126 1237 917 1277">
     <span class='ocr_line' id='line_1_27' title="bbox 126 1237 917 1277; baseline -0.006 -9"><span class='ocrx_word' id='word_1_213' title='bbox 126 1241 164 1272; x_wconf 87' lang='grc' dir='ltr'>ὼς</span> <span class='ocrx_word' id='word_1_214' title='bbox 183 1241 282 1277; x_wconf 77' lang='grc' dir='ltr'>μηκέτι</span> <span class='ocrx_word' id='word_1_215' title='bbox 307 1240 362 1266; x_wconf 85' lang='grc' dir='ltr'>δεῖν</span> <span class='ocrx_word' id='word_1_216' title='bbox 377 1240 426 1270; x_wconf 81' lang='grc' dir='ltr'>τὰς</span> <span class='ocrx_word' id='word_1_217' title='bbox 449 1238 614 1272; x_wconf 76' lang='grc' dir='ltr'>ἐπαγγελίας</span> <span class='ocrx_word' id='word_1_218' title='bbox 631 1247 688 1269; x_wconf 83' lang='grc' dir='ltr'>σου,</span> <span class='ocrx_word' id='word_1_219' title='bbox 706 1237 754 1269; x_wconf 84' lang='grc' dir='ltr'>τὰς</span> <span class='ocrx_word' id='word_1_220' title='bbox 777 1238 844 1273; x_wconf 79' lang='grc' dir='ltr'>πρὸς</span> <span class='ocrx_word' id='word_1_221' title='bbox 872 1238 917 1264; x_wconf 79' lang='grc' dir='ltr'>τὸν</span> 
     </span>
    </p>
   </div>
   <div class='ocr_carea' id='block_1_28' title="bbox 127 1283 918 1320">
    <p class='ocr_par' dir='ltr' id='par_1_28' title="bbox 127 1283 918 1320">
     <span class='ocr_line' id='line_1_28' title="bbox 127 1283 918 1320; baseline -0.004 -6"><span class='ocrx_word' id='word_1_222' title='bbox 127 1286 219 1317; x_wconf 61' lang='lat' dir='ltr'><strong>Aonia.</strong></span> <span class='ocrx_word' id='word_1_223' title='bbox 236 1285 372 1320; x_wconf 80' lang='grc' dir='ltr'>ἐπιγείους</span> <span class='ocrx_word' id='word_1_224' title='bbox 389 1283 457 1312; x_wconf 71' lang='grc' dir='ltr'>εἶναι</span> <span class='ocrx_word' id='word_1_225' title='bbox 480 1285 526 1311; x_wconf 78' lang='grc' dir='ltr'><strong>καὶ</strong></span> <span class='ocrx_word' id='word_1_226' title='bbox 548 1284 705 1319; x_wconf 76' lang='grc' dir='ltr'>σωματικὰς</span> <span class='ocrx_word' id='word_1_227' title='bbox 729 1285 862 1320; x_wconf 78' lang='grc' dir='ltr'>νομίζειν·</span> <span class='ocrx_word' id='word_1_228' title='bbox 888 1285 918 1311; x_wconf 73' lang='grc' dir='ltr'>ἐν</span> 
     </span>
    </p>
   </div>
   <div class='ocr_carea' id='block_1_29' title="bbox 127 1331 919 1370">
    <p class='ocr_par' dir='ltr' id='par_1_29' title="bbox 127 1331 919 1370">
     <span class='ocr_line' id='line_1_29' title="bbox 127 1331 919 1370; baseline -0.004 -10"><span class='ocrx_word' id='word_1_229' title='bbox 127 1334 182 1370; x_wconf 84' lang='grc' dir='ltr'><strong>γὰρ</strong></span> <span class='ocrx_word' id='word_1_230' title='bbox 196 1333 236 1369; x_wconf 82' lang='grc' dir='ltr'>τῷ</span> <span class='ocrx_word' id='word_1_231' title='bbox 251 1332 358 1369; x_wconf 78' lang='grc' dir='ltr'>οὐρανῷ</span> <span class='ocrx_word' id='word_1_232' title='bbox 373 1331 622 1367; x_wconf 80' lang='grc' dir='ltr'>έτοιμασθὴσεταιὴ</span> <span class='ocrx_word' id='word_1_233' title='bbox 636 1331 750 1366; x_wconf 81' lang='grc' dir='ltr'>ἀλήθειά</span> <span class='ocrx_word' id='word_1_234' title='bbox 760 1340 817 1358; x_wconf 90' lang='grc' dir='ltr'>σου.</span> <span class='ocrx_word' id='word_1_235' title='bbox 827 1331 919 1358; x_wconf 80' lang='grc' dir='ltr'>Ταῦτα</span> 
     </span>
    </p>
   </div>
   <div class='ocr_carea' id='block_1_30' title="bbox 125 1377 919 1412">
    <p class='ocr_par' dir='ltr' id='par_1_30' title="bbox 125 1377 919 1412">
     <span class='ocr_line' id='line_1_30' title="bbox 125 1377 919 1412; baseline -0.005 -5"><span class='ocrx_word' id='word_1_236' title='bbox 125 1380 155 1407; x_wconf 86' lang='grc' dir='ltr'>δὲ</span> <span class='ocrx_word' id='word_1_237' title='bbox 169 1380 216 1406; x_wconf 75' lang='grc' dir='ltr'>καὶ</span> <span class='ocrx_word' id='word_1_238' title='bbox 238 1379 319 1410; x_wconf 82' lang='grc' dir='ltr'>αὐτὸς</span> <span class='ocrx_word' id='word_1_239' title='bbox 349 1379 380 1404; x_wconf 79' lang='grc' dir='ltr'>ἐκ</span> <span class='ocrx_word' id='word_1_240' title='bbox 402 1377 449 1404; x_wconf 83' lang='grc' dir='ltr'>τοῦ</span> <span class='ocrx_word' id='word_1_241' title='bbox 471 1378 549 1412; x_wconf 80' lang='grc' dir='ltr'>ἁγίου</span> <span class='ocrx_word' id='word_1_242' title='bbox 575 1377 732 1412; x_wconf 83' lang='grc' dir='ltr'>[Ινεύματος</span> <span class='ocrx_word' id='word_1_243' title='bbox 751 1377 919 1412; x_wconf 81' lang='grc' dir='ltr'>μεμαθηκώς</span> 
     </span>
    </p>
   </div>
   <div class='ocr_carea' id='block_1_31' title="bbox 128 1423 920 1462">
    <p class='ocr_par' dir='ltr' id='par_1_31' title="bbox 128 1423 920 1462">
     <span class='ocr_line' id='line_1_31' title="bbox 128 1423 920 1462; baseline -0.003 -10"><span class='ocrx_word' id='word_1_244' title='bbox 128 1434 214 1462; x_wconf 81' lang='grc' dir='ltr'>φημι·</span> <span class='ocrx_word' id='word_1_245' title='bbox 237 1425 275 1452; x_wconf 84' lang='grc' dir='ltr'><strong>Τὰ</strong></span> <span class='ocrx_word' id='word_1_246' title='bbox 302 1424 372 1458; x_wconf 76' lang='grc' dir='ltr'><strong>ὲ.1ἐη</strong></span> <span class='ocrx_word' id='word_1_247' title='bbox 397 1432 455 1451; x_wconf 86' lang='grc' dir='ltr'><strong>σου</strong></span> <span class='ocrx_word' id='word_1_248' title='bbox 479 1425 522 1456; x_wconf 84' lang='grc' dir='ltr'>εὶς</span> <span class='ocrx_word' id='word_1_249' title='bbox 545 1424 598 1450; x_wconf 82' lang='grc' dir='ltr'><strong>τὸν</strong></span> <span class='ocrx_word' id='word_1_250' title='bbox 613 1423 706 1450; x_wconf 75' lang='grc' dir='ltr'>ιιὶῶνιι</span> <span class='ocrx_word' id='word_1_251' title='bbox 729 1423 847 1457; x_wconf 77' lang='grc' dir='ltr'>ᾄσομαι.</span> <span class='ocrx_word' id='word_1_252' title='bbox 867 1425 920 1457; x_wconf 76' lang='grc' dir='ltr'><strong>Εἰς</strong></span> 
     </span>
    </p>
   </div>
   <div class='ocr_carea' id='block_1_32' title="bbox 129 1468 919 1507">
    <p class='ocr_par' dir='ltr' id='par_1_32' title="bbox 129 1468 919 1507">
     <span class='ocr_line' id='line_1_32' title="bbox 129 1468 919 1507; baseline -0.004 -8"><span class='ocrx_word' id='word_1_253' title='bbox 129 1471 237 1507; x_wconf 72' lang='grc' dir='ltr'>γενεὰν</span> <span class='ocrx_word' id='word_1_254' title='bbox 259 1471 309 1498; x_wconf 76' lang='grc' dir='ltr'>καὶ</span> <span class='ocrx_word' id='word_1_255' title='bbox 324 1470 431 1506; x_wconf 74' lang='grc' dir='ltr'>γενεὰν</span> <span class='ocrx_word' id='word_1_256' title='bbox 455 1468 613 1504; x_wconf 66' lang='grc' dir='ltr'>ἀπαγγελῶ</span> <span class='ocrx_word' id='word_1_257' title='bbox 627 1469 683 1503; x_wconf 78' lang='grc' dir='ltr'><strong>τὴν</strong></span> <span class='ocrx_word' id='word_1_258' title='bbox 703 1468 846 1502; x_wconf 77' lang='grc' dir='ltr'>ἀλήθειάν</span> <span class='ocrx_word' id='word_1_259' title='bbox 861 1477 919 1496; x_wconf 84' lang='grc' dir='ltr'><strong>σου</strong></span> 
     </span>
    </p>
   </div>
   <div class='ocr_carea' id='block_1_33' title="bbox 127 1514 919 1551">
    <p class='ocr_par' dir='ltr' id='par_1_33' title="bbox 127 1514 919 1551">
     <span class='ocr_line' id='line_1_33' title="bbox 127 1514 919 1551; baseline -0.008 -5"><span class='ocrx_word' id='word_1_260' title='bbox 127 1519 163 1545; x_wconf 74' lang='grc' dir='ltr'><strong>ἐν</strong></span> <span class='ocrx_word' id='word_1_261' title='bbox 177 1517 218 1551; x_wconf 79' lang='grc' dir='ltr'>τῷ</span> <span class='ocrx_word' id='word_1_262' title='bbox 232 1517 358 1551; x_wconf 82' lang='grc' dir='ltr'>στόματί</span> <span class='ocrx_word' id='word_1_263' title='bbox 367 1525 436 1551; x_wconf 80' lang='grc' dir='ltr'>μου.</span> <span class='ocrx_word' id='word_1_264' title='bbox 457 1515 611 1550; x_wconf 79' lang='grc' dir='ltr'>’Λληθεύειν</span> <span class='ocrx_word' id='word_1_265' title='bbox 626 1514 653 1541; x_wconf 85' lang='grc' dir='ltr'><strong>δέ</strong></span> <span class='ocrx_word' id='word_1_266' title='bbox 671 1523 700 1541; x_wconf 92' lang='grc' dir='ltr'><strong>σε</strong></span> <span class='ocrx_word' id='word_1_267' title='bbox 713 1514 779 1541; x_wconf 83' lang='grc' dir='ltr'>Θεὸν</span> <span class='ocrx_word' id='word_1_268' title='bbox 798 1514 861 1541; x_wconf 79' lang='grc' dir='ltr'>δντα</span> <span class='ocrx_word' id='word_1_269' title='bbox 872 1515 919 1541; x_wconf 80' lang='grc' dir='ltr'>καὶ</span> 
     </span>
    </p>
   </div>
   <div class='ocr_carea' id='block_1_34' title="bbox 130 1558 920 1602">
    <p class='ocr_par' dir='ltr' id='par_1_34' title="bbox 130 1558 920 1602">
     <span class='ocr_line' id='line_1_34' title="bbox 130 1558 920 1602; baseline -0.009 -10"><span class='ocrx_word' id='word_1_270' title='bbox 130 1565 233 1602; x_wconf 79' lang='grc' dir='ltr'>Κύριον</span> <span class='ocrx_word' id='word_1_271' title='bbox 246 1563 301 1591; x_wconf 82' lang='grc' dir='ltr'>τῶν</span> <span class='ocrx_word' id='word_1_272' title='bbox 318 1564 386 1590; x_wconf 83' lang='grc' dir='ltr'>ὅλων</span> <span class='ocrx_word' id='word_1_273' title='bbox 404 1561 549 1588; x_wconf 78' lang='grc' dir='ltr'>πεπεῖσθαι</span> <span class='ocrx_word' id='word_1_274' title='bbox 562 1561 625 1596; x_wconf 84' lang='grc' dir='ltr'>χρὴ,</span> <span class='ocrx_word' id='word_1_275' title='bbox 636 1560 679 1587; x_wconf 82' lang='grc' dir='ltr'><strong>διὰ</strong></span> <span class='ocrx_word' id='word_1_276' title='bbox 693 1560 723 1586; x_wconf 77' lang='grc' dir='ltr'>τὸ</span> <span class='ocrx_word' id='word_1_277' title='bbox 737 1559 837 1595; x_wconf 78' lang='grc' dir='ltr'>μηδένα</span> <span class='ocrx_word' id='word_1_278' title='bbox 851 1558 920 1586; x_wconf 74' lang='grc' dir='ltr'>εἶναι</span> 
     </span>
    </p>
   </div>
   <div class='ocr_carea' id='block_1_35' title="bbox 129 1606 920 1649">
    <p class='ocr_par' dir='ltr' id='par_1_35' title="bbox 129 1606 920 1649">
     <span class='ocr_line' id='line_1_35' title="bbox 129 1606 920 1649; baseline -0.008 -9"><span class='ocrx_word' id='word_1_279' title='bbox 129 1614 222 1649; x_wconf 80' lang='grc' dir='ltr'>ὅμοιον</span> <span class='ocrx_word' id='word_1_280' title='bbox 243 1613 276 1647; x_wconf 86' lang='grc' dir='ltr'>τῇ</span> <span class='ocrx_word' id='word_1_281' title='bbox 293 1612 326 1646; x_wconf 79' lang='grc' dir='ltr'><strong>σῇ</strong></span> <span class='ocrx_word' id='word_1_282' title='bbox 343 1610 473 1644; x_wconf 80' lang='grc' dir='ltr'>δυνάμει·</span> <span class='ocrx_word' id='word_1_283' title='bbox 492 1608 608 1644; x_wconf 77' lang='grc' dir='ltr'>καὶγὰρ</span> <span class='ocrx_word' id='word_1_284' title='bbox 627 1608 673 1634; x_wconf 80' lang='grc' dir='ltr'>καὶ</span> <span class='ocrx_word' id='word_1_285' title='bbox 693 1606 747 1633; x_wconf 83' lang='grc' dir='ltr'><strong>τῶν</strong></span> <span class='ocrx_word' id='word_1_286' title='bbox 767 1607 920 1642; x_wconf 82' lang='grc' dir='ltr'>ἀσωμάτων</span> 
     </span>
    </p>
   </div>
   <div class='ocr_carea' id='block_1_36' title="bbox 130 1651 920 1692">
    <p class='ocr_par' dir='ltr' id='par_1_36' title="bbox 130 1651 920 1692">
     <span class='ocr_line' id='line_1_36' title="bbox 130 1651 920 1692; baseline -0.008 -6"><span class='ocrx_word' id='word_1_287' title='bbox 130 1659 178 1686; x_wconf 78' lang='grc' dir='ltr'>καὶ</span> <span class='ocrx_word' id='word_1_288' title='bbox 193 1657 273 1685; x_wconf 89' lang='grc' dir='ltr'>θείων</span> <span class='ocrx_word' id='word_1_289' title='bbox 287 1656 428 1691; x_wconf 82' lang='grc' dir='ltr'>δυνάμεων</span> <span class='ocrx_word' id='word_1_290' title='bbox 444 1655 546 1692; x_wconf 81' lang='grc' dir='ltr'>Κύριος</span> <span class='ocrx_word' id='word_1_291' title='bbox 566 1652 600 1686; x_wconf 79' lang='grc' dir='ltr'>εἷ,</span> <span class='ocrx_word' id='word_1_292' title='bbox 615 1654 661 1681; x_wconf 71' lang='grc' dir='ltr'>καὶ</span> <span class='ocrx_word' id='word_1_293' title='bbox 676 1653 787 1685; x_wconf 82' lang='grc' dir='ltr'>δυνατὸς</span> <span class='ocrx_word' id='word_1_294' title='bbox 802 1651 827 1680; x_wconf 80' lang='grc' dir='ltr'>εἶ</span> <span class='ocrx_word' id='word_1_295' title='bbox 841 1654 920 1689; x_wconf 85' lang='grc' dir='ltr'>μόνος</span> 
     </span>
    </p>
   </div>
   <div class='ocr_carea' id='block_1_37' title="bbox 131 1700 918 1739">
    <p class='ocr_par' dir='ltr' id='par_1_37' title="bbox 131 1700 918 1739">
     <span class='ocr_line' id='line_1_37' title="bbox 131 1700 918 1739; baseline -0.006 -7"><span class='ocrx_word' id='word_1_296' title='bbox 131 1706 177 1732; x_wconf 79' lang='grc' dir='ltr'>καὶ</span> <span class='ocrx_word' id='word_1_297' title='bbox 190 1703 261 1739; x_wconf 74' lang='grc' dir='ltr'>ὑπὲρ</span> <span class='ocrx_word' id='word_1_298' title='bbox 276 1703 390 1734; x_wconf 84' lang='grc' dir='ltr'>πάντας,</span> <span class='ocrx_word' id='word_1_299' title='bbox 408 1701 445 1733; x_wconf 81' lang='grc' dir='ltr'>ὡς</span> <span class='ocrx_word' id='word_1_300' title='bbox 462 1702 512 1737; x_wconf 85' lang='grc' dir='ltr'>τὴν</span> <span class='ocrx_word' id='word_1_301' title='bbox 535 1701 664 1736; x_wconf 71' lang='grc' dir='ltr'>ἀλήθειάν</span> <span class='ocrx_word' id='word_1_302' title='bbox 680 1709 727 1727; x_wconf 90' lang='grc' dir='ltr'><strong>σου</strong></span> <span class='ocrx_word' id='word_1_303' title='bbox 749 1700 918 1728; x_wconf 82' lang='grc' dir='ltr'>πιστοῦσθαι.</span> 
     </span>
    </p>
   </div>
   <div class='ocr_carea' id='block_1_38' title="bbox 131 1745 921 1783">
    <p class='ocr_par' dir='ltr' id='par_1_38' title="bbox 131 1745 921 1783">
     <span class='ocr_line' id='line_1_38' title="bbox 131 1745 921 1783; baseline -0.006 -5"><span class='ocrx_word' id='word_1_304' title='bbox 131 1751 163 1778; x_wconf 82' lang='lat' dir='ltr'><strong>Et</strong></span> <span class='ocrx_word' id='word_1_305' title='bbox 175 1750 204 1777; x_wconf 81' lang='grc' dir='ltr'>δὲ</span> <span class='ocrx_word' id='word_1_306' title='bbox 219 1749 267 1777; x_wconf 79' lang='grc' dir='ltr'>καὶ</span> <span class='ocrx_word' id='word_1_307' title='bbox 282 1749 340 1776; x_wconf 74' lang='grc' dir='ltr'>ἐστι</span> <span class='ocrx_word' id='word_1_308' title='bbox 353 1757 394 1780; x_wconf 83' lang='grc' dir='ltr'><strong>τις</strong></span> <span class='ocrx_word' id='word_1_309' title='bbox 405 1749 434 1774; x_wconf 83' lang='grc' dir='ltr'>ὲν</span> <span class='ocrx_word' id='word_1_310' title='bbox 446 1749 503 1779; x_wconf 86' lang='grc' dir='ltr'>τοῖς</span> <span class='ocrx_word' id='word_1_311' title='bbox 514 1745 589 1774; x_wconf 76' lang='grc' dir='ltr'>οὖσιν</span> <span class='ocrx_word' id='word_1_312' title='bbox 604 1748 785 1783; x_wconf 79' lang='grc' dir='ltr'>ὑπερήφανος,</span> <span class='ocrx_word' id='word_1_313' title='bbox 798 1749 811 1774; x_wconf 81' lang='grc' dir='ltr'>ὁ</span> <span class='ocrx_word' id='word_1_314' title='bbox 824 1747 921 1774; x_wconf 85' lang='grc' dir='ltr'>καλού-</span> 
     </span>
    </p>
   </div>
   <div class='ocr_carea' id='block_1_39' title="bbox 134 1794 921 1832">
    <p class='ocr_par' dir='ltr' id='par_1_39' title="bbox 134 1794 921 1832">
     <span class='ocr_line' id='line_1_39' title="bbox 134 1794 921 1832; baseline -0.005 -8"><span class='ocrx_word' id='word_1_315' title='bbox 134 1805 214 1832; x_wconf 74' lang='grc' dir='ltr'>μενος</span> <span class='ocrx_word' id='word_1_316' title='bbox 226 1795 349 1827; x_wconf 73' lang='grc' dir='ltr'>διάϐολος</span> <span class='ocrx_word' id='word_1_317' title='bbox 367 1795 555 1830; x_wconf 78' lang='grc' dir='ltr'>ἀντικείμενος</span> <span class='ocrx_word' id='word_1_318' title='bbox 566 1795 619 1825; x_wconf 75' lang='grc' dir='ltr'>ἀεὶ,</span> <span class='ocrx_word' id='word_1_319' title='bbox 636 1795 683 1821; x_wconf 80' lang='grc' dir='ltr'>καὶ</span> <span class='ocrx_word' id='word_1_320' title='bbox 698 1794 824 1829; x_wconf 81' lang='grc' dir='ltr'>πολεμῶν</span> <span class='ocrx_word' id='word_1_321' title='bbox 838 1796 871 1830; x_wconf 85' lang='grc' dir='ltr'>τῇ</span> <span class='ocrx_word' id='word_1_322' title='bbox 889 1796 921 1830; x_wconf 85' lang='grc' dir='ltr'>σῇ</span> 
     </span>
    </p>
   </div>
   <div class='ocr_carea' id='block_1_40' title="bbox 132 1840 923 1879">
    <p class='ocr_par' dir='ltr' id='par_1_40' title="bbox 132 1840 923 1879">
     <span class='ocr_line' id='line_1_40' title="bbox 132 1840 923 1879; baseline -0.005 -9"><span class='ocrx_word' id='word_1_323' title='bbox 132 1843 258 1879; x_wconf 61' lang='grc' dir='ltr'>ἀληθείᾳ,</span> <span class='ocrx_word' id='word_1_324' title='bbox 284 1842 352 1869; x_wconf 82' lang='grc' dir='ltr'>ἀλλὰ</span> <span class='ocrx_word' id='word_1_325' title='bbox 377 1842 409 1868; x_wconf 83' lang='grc' dir='ltr'>σὺ</span> <span class='ocrx_word' id='word_1_326' title='bbox 432 1841 525 1868; x_wconf 84' lang='grc' dir='ltr'>τοῦτον</span> <span class='ocrx_word' id='word_1_327' title='bbox 554 1840 752 1873; x_wconf 73' lang='grc' dir='ltr'>ὲταπείνωσας·</span> <span class='ocrx_word' id='word_1_328' title='bbox 774 1840 828 1867; x_wconf 79' lang='grc' dir='ltr'>εἴτε</span> <span class='ocrx_word' id='word_1_329' title='bbox 851 1841 923 1873; x_wconf 79' lang='grc' dir='ltr'>τινές</span> 
     </span>
    </p>
   </div>
   <div class='ocr_carea' id='block_1_41' title="bbox 131 1886 922 1925">
    <p class='ocr_par' dir='ltr' id='par_1_41' title="bbox 131 1886 922 1925">
     <span class='ocr_line' id='line_1_41' title="bbox 131 1886 922 1925; baseline -0.005 -9"><span class='ocrx_word' id='word_1_330' title='bbox 131 1890 201 1916; x_wconf 75' lang='grc' dir='ltr'>εἰσιν</span> <span class='ocrx_word' id='word_1_331' title='bbox 216 1889 286 1925; x_wconf 84' lang='grc' dir='ltr'>ὑπὲρ</span> <span class='ocrx_word' id='word_1_332' title='bbox 302 1888 396 1915; x_wconf 83' lang='grc' dir='ltr'>τοῦτον</span> <span class='ocrx_word' id='word_1_333' title='bbox 413 1887 509 1923; x_wconf 73' lang='grc' dir='ltr'>ἐχθραὶ</span> <span class='ocrx_word' id='word_1_334' title='bbox 527 1887 573 1913; x_wconf 74' lang='grc' dir='ltr'>καὶ</span> <span class='ocrx_word' id='word_1_335' title='bbox 585 1887 772 1922; x_wconf 79' lang='grc' dir='ltr'>ἀντικείμεναι</span> <span class='ocrx_word' id='word_1_336' title='bbox 785 1886 922 1922; x_wconf 84' lang='grc' dir='ltr'>δυνάμεις,</span> 
     </span>
    </p>
   </div>
   <div class='ocr_carea' id='block_1_42' title="bbox 133 1933 922 1969">
    <p class='ocr_par' dir='ltr' id='par_1_42' title="bbox 133 1933 922 1969">
     <span class='ocr_line' id='line_1_42' title="bbox 133 1933 922 1969; baseline -0.005 -7"><span class='ocrx_word' id='word_1_337' title='bbox 133 1935 203 1963; x_wconf 78' lang='grc' dir='ltr'>ἀλλὰ</span> <span class='ocrx_word' id='word_1_338' title='bbox 219 1935 267 1962; x_wconf 66' lang='grc' dir='ltr'>καὶ</span> <span class='ocrx_word' id='word_1_339' title='bbox 281 1934 382 1966; x_wconf 83' lang='grc' dir='ltr'>ταύτας</span> <span class='ocrx_word' id='word_1_340' title='bbox 395 1934 599 1969; x_wconf 83' lang='grc' dir='ltr'>διεσκόρπισας.</span> <span class='ocrx_word' id='word_1_341' title='bbox 617 1933 737 1960; x_wconf 85' lang='grc' dir='ltr'>Πάντοτε</span> <span class='ocrx_word' id='word_1_342' title='bbox 758 1933 790 1959; x_wconf 83' lang='grc' dir='ltr'>σὺ</span> <span class='ocrx_word' id='word_1_343' title='bbox 803 1934 922 1968; x_wconf 81' lang='grc' dir='ltr'>κρατεῖς,</span> 
     </span>
    </p>
   </div>
   <div class='ocr_carea' id='block_1_43' title="bbox 133 1981 924 2019">
    <p class='ocr_par' dir='ltr' id='par_1_43' title="bbox 133 1981 924 2019">
     <span class='ocr_line' id='line_1_43' title="bbox 133 1981 924 2019; baseline -0.006 -8"><span class='ocrx_word' id='word_1_344' title='bbox 133 1983 245 2019; x_wconf 79' lang='grc' dir='ltr'>καὶτῆς</span> <span class='ocrx_word' id='word_1_345' title='bbox 271 1983 325 2009; x_wconf 84' lang='grc' dir='ltr'><strong>τῶν</strong></span> <span class='ocrx_word' id='word_1_346' title='bbox 338 1982 406 2009; x_wconf 77' lang='grc' dir='ltr'>ὅλων</span> <span class='ocrx_word' id='word_1_347' title='bbox 431 1982 525 2014; x_wconf 77' lang='grc' dir='ltr'>οὐσίας</span> <span class='ocrx_word' id='word_1_348' title='bbox 549 1982 581 2009; x_wconf 84' lang='grc' dir='ltr'>σὺ</span> <span class='ocrx_word' id='word_1_349' title='bbox 608 1981 768 2013; x_wconf 81' lang='grc' dir='ltr'>δεσπόζεις,</span> <span class='ocrx_word' id='word_1_350' title='bbox 794 1981 855 2007; x_wconf 78' lang='grc' dir='ltr'>ἐπεὶ</span> <span class='ocrx_word' id='word_1_351' title='bbox 876 1981 924 2007; x_wconf 74' lang='grc' dir='ltr'>καὶ</span> 
     </span>
    </p>
   </div>
   <div class='ocr_carea' id='block_1_44' title="bbox 134 2026 923 2065">
    <p class='ocr_par' dir='ltr' id='par_1_44' title="bbox 134 2026 923 2065">
     <span class='ocr_line' id='line_1_44' title="bbox 134 2026 923 2065; baseline -0.004 -10"><span class='ocrx_word' id='word_1_352' title='bbox 134 2029 249 2065; x_wconf 81' lang='grc' dir='ltr'>ποιητὴς</span> <span class='ocrx_word' id='word_1_353' title='bbox 269 2028 323 2055; x_wconf 85' lang='grc' dir='ltr'>τῶν</span> <span class='ocrx_word' id='word_1_354' title='bbox 342 2028 410 2055; x_wconf 78' lang='grc' dir='ltr'>ὅλων</span> <span class='ocrx_word' id='word_1_355' title='bbox 427 2028 582 2063; x_wconf 81' lang='grc' dir='ltr'>τυγχάνεις.</span> <span class='ocrx_word' id='word_1_356' title='bbox 601 2028 674 2063; x_wconf 81' lang='grc' dir='ltr'><strong>Αὕτη</strong></span> <span class='ocrx_word' id='word_1_357' title='bbox 698 2027 752 2063; x_wconf 83' lang='grc' dir='ltr'><strong>γὰρ</strong></span> <span class='ocrx_word' id='word_1_358' title='bbox 770 2027 786 2062; x_wconf 85' lang='grc' dir='ltr'>ὴ</span> <span class='ocrx_word' id='word_1_359' title='bbox 803 2026 923 2053; x_wconf 78' lang='grc' dir='ltr'>θάλασσα</span> 
     </span>
    </p>
   </div>
   <div class='ocr_carea' id='block_1_45' title="bbox 134 2072 923 2109">
    <p class='ocr_par' dir='ltr' id='par_1_45' title="bbox 134 2072 923 2109">
     <span class='ocr_line' id='line_1_45' title="bbox 134 2072 923 2109; baseline -0.005 -7"><span class='ocrx_word' id='word_1_360' title='bbox 134 2075 181 2102; x_wconf 72' lang='grc' dir='ltr'>καὶ</span> <span class='ocrx_word' id='word_1_361' title='bbox 195 2075 227 2102; x_wconf 82' lang='grc' dir='ltr'>τὸ</span> <span class='ocrx_word' id='word_1_362' title='bbox 247 2075 373 2102; x_wconf 84' lang='grc' dir='ltr'>τοσοῦτον</span> <span class='ocrx_word' id='word_1_363' title='bbox 388 2074 438 2109; x_wconf 77' lang='grc' dir='ltr'>τῆς</span> <span class='ocrx_word' id='word_1_364' title='bbox 464 2075 550 2109; x_wconf 87' lang='grc' dir='ltr'>ὑγρᾶς</span> <span class='ocrx_word' id='word_1_365' title='bbox 572 2074 666 2106; x_wconf 83' lang='grc' dir='ltr'>οὐσίας</span> <span class='ocrx_word' id='word_1_366' title='bbox 690 2074 820 2108; x_wconf 84' lang='grc' dir='ltr'>στοιχεῖον</span> <span class='ocrx_word' id='word_1_367' title='bbox 845 2072 923 2107; x_wconf 71' lang='grc' dir='ltr'>ἔργον</span> 
     </span>
    </p>
   </div>
   <div class='ocr_carea' id='block_1_46' title="bbox 135 2118 924 2158">
    <p class='ocr_par' dir='ltr' id='par_1_46' title="bbox 135 2118 924 2158">
     <span class='ocr_line' id='line_1_46' title="bbox 135 2118 924 2158; baseline -0.005 -10"><span class='ocrx_word' id='word_1_368' title='bbox 135 2121 254 2158; x_wconf 69' lang='grc' dir='ltr'>ὑπάρχει</span> <span class='ocrx_word' id='word_1_369' title='bbox 269 2121 324 2153; x_wconf 80' lang='grc' dir='ltr'>σὺν,</span> <span class='ocrx_word' id='word_1_370' title='bbox 342 2121 388 2147; x_wconf 72' lang='grc' dir='ltr'><strong>καὶ</strong></span> <span class='ocrx_word' id='word_1_371' title='bbox 405 2120 434 2147; x_wconf 83' lang='grc' dir='ltr'>σὲ</span> <span class='ocrx_word' id='word_1_372' title='bbox 455 2120 548 2156; x_wconf 84' lang='grc' dir='ltr'>κύριον</span> <span class='ocrx_word' id='word_1_373' title='bbox 569 2119 761 2155; x_wconf 75' lang='grc' dir='ltr'>ἐπιγράφεται.</span> <span class='ocrx_word' id='word_1_374' title='bbox 786 2119 817 2145; x_wconf 85' lang='grc' dir='ltr'><strong>Εἰ</strong></span> <span class='ocrx_word' id='word_1_375' title='bbox 831 2118 858 2144; x_wconf 82' lang='grc' dir='ltr'>δὲ</span> <span class='ocrx_word' id='word_1_376' title='bbox 877 2118 924 2144; x_wconf 78' lang='grc' dir='ltr'>καὶ</span> 
     </span>
    </p>
   </div>
   <div class='ocr_carea' id='block_1_47' title="bbox 134 2164 922 2204">
    <p class='ocr_par' dir='ltr' id='par_1_47' title="bbox 134 2164 922 2204">
     <span class='ocr_line' id='line_1_47' title="bbox 134 2164 922 2204; baseline -0.006 -9"><span class='ocrx_word' id='word_1_377' title='bbox 134 2167 244 2204; x_wconf 83' lang='grc' dir='ltr'>οὐρανοί</span> <span class='ocrx_word' id='word_1_378' title='bbox 269 2176 341 2199; x_wconf 84' lang='grc' dir='ltr'>τινες</span> <span class='ocrx_word' id='word_1_379' title='bbox 357 2166 486 2202; x_wconf 83' lang='grc' dir='ltr'>ἀνώτεροι</span> <span class='ocrx_word' id='word_1_380' title='bbox 506 2167 554 2193; x_wconf 77' lang='grc' dir='ltr'>τοῦ</span> <span class='ocrx_word' id='word_1_381' title='bbox 577 2166 766 2202; x_wconf 85' lang='grc' dir='ltr'>στερεὼματος</span> <span class='ocrx_word' id='word_1_382' title='bbox 791 2164 922 2195; x_wconf 80' lang='grc' dir='ltr'>νοοῦνται,</span> 
     </span>
    </p>
   </div>
   <div class='ocr_carea' id='block_1_48' title="bbox 135 2209 924 2250">
    <p class='ocr_par' dir='ltr' id='par_1_48' title="bbox 135 2209 924 2250">
     <span class='ocr_line' id='line_1_48' title="bbox 135 2209 924 2250; baseline -0.009 -8"><span class='ocrx_word' id='word_1_383' title='bbox 135 2215 215 2242; x_wconf 79' lang='grc' dir='ltr'>θείων</span> <span class='ocrx_word' id='word_1_384' title='bbox 229 2214 392 2250; x_wconf 77' lang='grc' dir='ltr'>πνευμάτων</span> <span class='ocrx_word' id='word_1_385' title='bbox 410 2213 456 2240; x_wconf 73' lang='grc' dir='ltr'>καὶ</span> <span class='ocrx_word' id='word_1_386' title='bbox 477 2212 618 2247; x_wconf 80' lang='grc' dir='ltr'>δυνάμεων</span> <span class='ocrx_word' id='word_1_387' title='bbox 639 2211 738 2246; x_wconf 82' lang='grc' dir='ltr'>ἁγίων,</span> <span class='ocrx_word' id='word_1_388' title='bbox 760 2209 813 2237; x_wconf 77' lang='grc' dir='ltr'>τῶν</span> <span class='ocrx_word' id='word_1_389' title='bbox 829 2218 857 2236; x_wconf 88' lang='grc' dir='ltr'><strong>τε</strong></span> <span class='ocrx_word' id='word_1_390' title='bbox 875 2210 924 2244; x_wconf 84' lang='grc' dir='ltr'>τὴν</span> 
     </span>
    </p>
   </div>
   <div class='ocr_carea' id='block_1_49' title="bbox 137 2255 924 2298">
    <p class='ocr_par' dir='ltr' id='par_1_49' title="bbox 137 2255 924 2298">
     <span class='ocr_line' id='line_1_49' title="bbox 137 2255 924 2298; baseline -0.008 -10"><span class='ocrx_word' id='word_1_391' title='bbox 137 2261 185 2298; x_wconf 77' lang='grc' dir='ltr'>σὴν</span> <span class='ocrx_word' id='word_1_392' title='bbox 203 2261 318 2296; x_wconf 84' lang='grc' dir='ltr'>θεότητα</span> <span class='ocrx_word' id='word_1_393' title='bbox 341 2259 560 2296; x_wconf 81' lang='grc' dir='ltr'>περιπολούντων</span> <span class='ocrx_word' id='word_1_394' title='bbox 577 2258 699 2292; x_wconf 82' lang='grc' dir='ltr'>ἀγγέλων</span> <span class='ocrx_word' id='word_1_395' title='bbox 718 2257 764 2283; x_wconf 77' lang='grc' dir='ltr'><strong>καὶ</strong></span> <span class='ocrx_word' id='word_1_396' title='bbox 786 2255 924 2291; x_wconf 82' lang='grc' dir='ltr'>ἀρχαγγέ-</span> 
     </span>
    </p>
   </div>
   <div class='ocr_carea' id='block_1_50' title="bbox 135 2301 925 2343">
    <p class='ocr_par' dir='ltr' id='par_1_50' title="bbox 135 2301 925 2343">
     <span class='ocr_line' id='line_1_50' title="bbox 135 2301 925 2343; baseline -0.008 -9"><span class='ocrx_word' id='word_1_397' title='bbox 135 2307 189 2334; x_wconf 75' lang='grc' dir='ltr'><strong>λων</strong></span> <span class='ocrx_word' id='word_1_398' title='bbox 205 2307 364 2343; x_wconf 76' lang='grc' dir='ltr'>οἱκητήρια,</span> <span class='ocrx_word' id='word_1_399' title='bbox 388 2307 434 2333; x_wconf 66' lang='grc' dir='ltr'><strong>καὶ</strong></span> <span class='ocrx_word' id='word_1_400' title='bbox 456 2301 529 2331; x_wconf 65' lang='grc' dir='ltr'>οὗτοι</span> <span class='ocrx_word' id='word_1_401' title='bbox 546 2304 587 2331; x_wconf 89' lang='grc' dir='ltr'><strong>σοί</strong></span> <span class='ocrx_word' id='word_1_402' title='bbox 607 2305 676 2330; x_wconf 76' lang='grc' dir='ltr'>εἰσιν</span> <span class='ocrx_word' id='word_1_403' title='bbox 702 2303 760 2338; x_wconf 70' lang='grc' dir='ltr'>ἅμα</span> <span class='ocrx_word' id='word_1_404' title='bbox 780 2303 847 2329; x_wconf 81' lang='grc' dir='ltr'>πᾶσι</span> <span class='ocrx_word' id='word_1_405' title='bbox 869 2303 925 2334; x_wconf 82' lang='grc' dir='ltr'>τοῖς</span> 
     </span>
    </p>
   </div>
   <div class='ocr_carea' id='block_1_51' title="bbox 135 2348 924 2385">
    <p class='ocr_par' dir='ltr' id='par_1_51' title="bbox 135 2348 924 2385">
     <span class='ocr_line' id='line_1_51' title="bbox 135 2348 924 2385; baseline -0.008 -5"><span class='ocrx_word' id='word_1_406' title='bbox 135 2353 256 2380; x_wconf 82' lang='grc' dir='ltr'>οικοῦσιν</span> <span class='ocrx_word' id='word_1_407' title='bbox 272 2353 372 2384; x_wconf 79' lang='grc' dir='ltr'>αὐτοῖς.</span> <span class='ocrx_word' id='word_1_408' title='bbox 392 2352 446 2379; x_wconf 72' lang='grc' dir='ltr'><strong>Καὶ</strong></span> <span class='ocrx_word' id='word_1_409' title='bbox 467 2351 530 2379; x_wconf 77' lang='grc' dir='ltr'>ἄλλο</span> <span class='ocrx_word' id='word_1_410' title='bbox 551 2351 579 2378; x_wconf 82' lang='grc' dir='ltr'>δὲ</span> <span class='ocrx_word' id='word_1_411' title='bbox 596 2351 725 2385; x_wconf 84' lang='grc' dir='ltr'>στοιχεῖον</span> <span class='ocrx_word' id='word_1_412' title='bbox 747 2350 776 2376; x_wconf 88' lang='grc' dir='ltr'><strong>οὐ</strong></span> <span class='ocrx_word' id='word_1_413' title='bbox 797 2348 892 2384; x_wconf 84' lang='grc' dir='ltr'>μικρὸν</span> <span class='ocrx_word' id='word_1_414' title='bbox 908 2349 924 2384; x_wconf 84' lang='grc' dir='ltr'>ὴ</span> 
     </span>
    </p>
   </div>
   <div class='ocr_carea' id='block_1_52' title="bbox 935 1719 955 1746">
    <p class='ocr_par' dir='ltr' id='par_1_52' title="bbox 935 1719 955 1746">
     <span class='ocr_line' id='line_1_52' title="bbox 935 1719 955 1746; baseline 0 0"><span class='ocrx_word' id='word_1_415' title='bbox 935 1719 955 1746; x_wconf 80' lang='lat' dir='ltr'><strong>C</strong></span> 
     </span>
    </p>
   </div>
   <div class='ocr_carea' id='block_1_53' title="bbox 962 408 1752 444">
    <p class='ocr_par' dir='ltr' id='par_1_53' title="bbox 962 408 1752 444">
     <span class='ocr_line' id='line_1_53' title="bbox 962 408 1752 444; baseline 0 -8"><span class='ocrx_word' id='word_1_416' title='bbox 962 415 1041 436; x_wconf 72' lang='lat' dir='ltr'><strong>terra:</strong></span> <span class='ocrx_word' id='word_1_417' title='bbox 1055 414 1080 436; x_wconf 90' lang='lat' dir='ltr'><strong>et</strong></span> <span class='ocrx_word' id='word_1_418' title='bbox 1096 408 1285 443; x_wconf 77' lang='lat' dir='ltr'><strong>plenitudinem</strong></span> <span class='ocrx_word' id='word_1_419' title='bbox 1300 408 1357 443; x_wconf 81' lang='lat' dir='ltr'><strong>ejus</strong></span> <span class='ocrx_word' id='word_1_420' title='bbox 1374 413 1402 434; x_wconf 87' lang='lat' dir='ltr'><strong><em>tu</em></strong></span> <span class='ocrx_word' id='word_1_421' title='bbox 1418 409 1548 442; x_wconf 73' lang='lat' dir='ltr'><strong>fundasti,</strong></span> <span class='ocrx_word' id='word_1_422' title='bbox 1565 410 1714 444; x_wconf 80' lang='lat' dir='ltr'><strong>aquilonem</strong></span> <span class='ocrx_word' id='word_1_423' title='bbox 1727 415 1752 436; x_wconf 82' lang='lat' dir='ltr'><strong>et</strong></span> 
     </span>
    </p>
   </div>
   <div class='ocr_carea' id='block_1_54' title="bbox 962 454 1753 483">
    <p class='ocr_par' dir='ltr' id='par_1_54' title="bbox 962 454 1753 483">
     <span class='ocr_line' id='line_1_54' title="bbox 962 454 1753 483; baseline 0 -1"><span class='ocrx_word' id='word_1_424' title='bbox 962 464 1034 482; x_wconf 89' lang='lat' dir='ltr'><strong>mare</strong></span> <span class='ocrx_word' id='word_1_425' title='bbox 1041 460 1069 482; x_wconf 78' lang='lat' dir='ltr'><strong><em>tu</em></strong></span> <span class='ocrx_word' id='word_1_426' title='bbox 1077 454 1292 482; x_wconf 71' lang='lat' dir='ltr'><strong>creasti.Thabor</strong></span> <span class='ocrx_word' id='word_1_427' title='bbox 1298 460 1322 482; x_wconf 85' lang='lat' dir='ltr'><strong>et</strong></span> <span class='ocrx_word' id='word_1_428' title='bbox 1332 454 1449 481; x_wconf 76' lang='lat' dir='ltr'><strong>Hermon</strong></span> <span class='ocrx_word' id='word_1_429' title='bbox 1457 455 1483 481; x_wconf 90' lang='lat' dir='ltr'><strong>in</strong></span> <span class='ocrx_word' id='word_1_430' title='bbox 1493 455 1595 482; x_wconf 79' lang='lat' dir='ltr'><strong>nomine</strong></span> <span class='ocrx_word' id='word_1_431' title='bbox 1611 461 1655 482; x_wconf 87' lang='lat' dir='ltr'><strong>tuo</strong></span> <span class='ocrx_word' id='word_1_432' title='bbox 1662 455 1753 483; x_wconf 53' lang='grc' dir='ltr'>ρειαί*</span> 
     </span>
    </p>
   </div>
   <div class='ocr_carea' id='block_1_55' title="bbox 963 500 1751 534">
    <p class='ocr_par' dir='ltr' id='par_1_55' title="bbox 963 500 1751 534">
     <span class='ocr_line' id='line_1_55' title="bbox 963 500 1751 534; baseline 0.001 -6"><span class='ocrx_word' id='word_1_433' title='bbox 963 501 1066 529; x_wconf 78' lang='lat' dir='ltr'><strong>tabunt.</strong></span> <span class='ocrx_word' id='word_1_434' title='bbox 1078 501 1180 528; x_wconf 80' lang='lat' dir='ltr'><strong>Horum</strong></span> <span class='ocrx_word' id='word_1_435' title='bbox 1193 501 1256 528; x_wconf 89' lang='lat' dir='ltr'><strong>talis</strong></span> <span class='ocrx_word' id='word_1_436' title='bbox 1273 501 1407 529; x_wconf 73' lang='lat' dir='ltr'><strong>sententia</strong></span> <span class='ocrx_word' id='word_1_437' title='bbox 1431 504 1472 528; x_wconf 87' lang='lat' dir='ltr'><strong>est</strong></span> <span class='ocrx_word' id='word_1_438' title='bbox 1484 510 1491 528; x_wconf 91' lang='lat'><strong>:</strong></span> <span class='ocrx_word' id='word_1_439' title='bbox 1508 500 1614 534; x_wconf 86' lang='lat' dir='ltr'><strong>Davidi,</strong></span> <span class='ocrx_word' id='word_1_440' title='bbox 1626 501 1751 534; x_wconf 86' lang='lat' dir='ltr'><strong>Domine,</strong></span> 
     </span>
    </p>
   </div>
   <div class='ocr_carea' id='block_1_56' title="bbox 963 546 1751 583">
    <p class='ocr_par' dir='ltr' id='par_1_56' title="bbox 963 546 1751 583">
     <span class='ocr_line' id='line_1_56' title="bbox 963 546 1751 583; baseline 0 -8"><span class='ocrx_word' id='word_1_441' title='bbox 963 547 1098 583; x_wconf 89' lang='lat' dir='ltr'><strong>promissa</strong></span> <span class='ocrx_word' id='word_1_442' title='bbox 1114 547 1214 575; x_wconf 87' lang='lat' dir='ltr'><strong>dedisti</strong></span> <span class='ocrx_word' id='word_1_443' title='bbox 1226 546 1259 574; x_wconf 86' lang='lat' dir='ltr'><strong>de</strong></span> <span class='ocrx_word' id='word_1_444' title='bbox 1274 547 1379 574; x_wconf 80' lang='lat' dir='ltr'><strong>semine</strong></span> <span class='ocrx_word' id='word_1_445' title='bbox 1395 546 1468 581; x_wconf 85' lang='lat' dir='ltr'><strong>ejus.</strong></span> <span class='ocrx_word' id='word_1_446' title='bbox 1479 554 1511 573; x_wconf 87' lang='lat' dir='ltr'><strong>ac</strong></span> <span class='ocrx_word' id='word_1_447' title='bbox 1526 546 1559 574; x_wconf 88' lang='lat' dir='ltr'><strong>de</strong></span> <span class='ocrx_word' id='word_1_448' title='bbox 1579 547 1677 574; x_wconf 79' lang='lat' dir='ltr'><strong>throno</strong></span> <span class='ocrx_word' id='word_1_449' title='bbox 1692 547 1751 582; x_wconf 83' lang='lat' dir='ltr'><strong>ejus</strong></span> 
     </span>
    </p>
   </div>
   <div class='ocr_carea' id='block_1_57' title="bbox 963 591 1752 629">
    <p class='ocr_par' dir='ltr' id='par_1_57' title="bbox 963 591 1752 629">
     <span class='ocr_line' id='line_1_57' title="bbox 963 591 1752 629; baseline -0.005 -7"><span class='ocrx_word' id='word_1_450' title='bbox 963 602 1050 629; x_wconf 88' lang='lat' dir='ltr'><strong>usque</strong></span> <span class='ocrx_word' id='word_1_451' title='bbox 1071 594 1098 621; x_wconf 93' lang='lat' dir='ltr'><strong>in</strong></span> <span class='ocrx_word' id='word_1_452' title='bbox 1113 598 1246 621; x_wconf 75' lang='lat' dir='ltr'><strong>aeternum</strong></span> <span class='ocrx_word' id='word_1_453' title='bbox 1260 592 1394 620; x_wconf 84' lang='lat' dir='ltr'><strong>duraturo</strong></span> <span class='ocrx_word' id='word_1_454' title='bbox 1411 601 1417 618; x_wconf 78' lang='grc' dir='ltr'>ε</span> <span class='ocrx_word' id='word_1_455' title='bbox 1433 596 1514 627; x_wconf 90' lang='lat' dir='ltr'><strong>atque</strong></span> <span class='ocrx_word' id='word_1_456' title='bbox 1531 592 1582 626; x_wconf 88' lang='lat' dir='ltr'><strong>ipsi</strong></span> <span class='ocrx_word' id='word_1_457' title='bbox 1598 591 1691 618; x_wconf 90' lang='lat' dir='ltr'><strong>Davidi</strong></span> <span class='ocrx_word' id='word_1_458' title='bbox 1707 592 1752 626; x_wconf 84' lang='lat' dir='ltr'><strong>ju-</strong></span> 
     </span>
    </p>
   </div>
   <div class='ocr_carea' id='block_1_58' title="bbox 964 637 1752 679">
    <p class='ocr_par' dir='ltr' id='par_1_58' title="bbox 964 637 1752 679">
     <span class='ocr_line' id='line_1_58' title="bbox 964 637 1752 679; baseline -0.004 -12"><span class='ocrx_word' id='word_1_459' title='bbox 964 640 1032 667; x_wconf 83' lang='lat' dir='ltr'><strong>rasti</strong></span> <span class='ocrx_word' id='word_1_460' title='bbox 1048 643 1075 668; x_wconf 88' lang='lat' dir='ltr'><strong>te</strong></span> <span class='ocrx_word' id='word_1_461' title='bbox 1087 647 1119 667; x_wconf 86' lang='lat' dir='ltr'><strong>ea</strong></span> <span class='ocrx_word' id='word_1_462' title='bbox 1140 639 1326 674; x_wconf 79' lang='lat' dir='ltr'><strong>perfecturum</strong></span> <span class='ocrx_word' id='word_1_463' title='bbox 1346 646 1417 666; x_wconf 87' lang='lat' dir='ltr'><strong>esse.</strong></span> <span class='ocrx_word' id='word_1_464' title='bbox 1443 637 1498 665; x_wconf 86' lang='lat' dir='ltr'><strong>Nos</strong></span> <span class='ocrx_word' id='word_1_465' title='bbox 1519 638 1752 679; x_wconf 48' lang='lat' dir='ltr'><strong>autem’homines</strong></span> 
     </span>
    </p>
   </div>
   <div class='ocr_carea' id='block_1_59' title="bbox 963 683 1752 720">
    <p class='ocr_par' dir='ltr' id='par_1_59' title="bbox 963 683 1752 720">
     <span class='ocr_line' id='line_1_59' title="bbox 963 683 1752 720; baseline -0.004 -7"><span class='ocrx_word' id='word_1_466' title='bbox 963 686 1087 714; x_wconf 86' lang='lat' dir='ltr'><strong>videmus</strong></span> <span class='ocrx_word' id='word_1_467' title='bbox 1102 686 1159 713; x_wconf 68' lang='lat' dir='ltr'><strong>htec</strong></span> <span class='ocrx_word' id='word_1_468' title='bbox 1180 693 1233 712; x_wconf 91' lang='lat' dir='ltr'><strong>non</strong></span> <span class='ocrx_word' id='word_1_469' title='bbox 1250 688 1383 720; x_wconf 87' lang='lat' dir='ltr'><strong>quantum</strong></span> <span class='ocrx_word' id='word_1_470' title='bbox 1406 683 1440 711; x_wconf 82' lang='lat' dir='ltr'><strong>ad</strong></span> <span class='ocrx_word' id='word_1_471' title='bbox 1451 691 1483 710; x_wconf 89' lang='lat' dir='ltr'><strong>ea</strong></span> <span class='ocrx_word' id='word_1_472' title='bbox 1499 691 1560 718; x_wconf 75' lang='lat' dir='ltr'><strong>quas</strong></span> <span class='ocrx_word' id='word_1_473' title='bbox 1575 683 1627 710; x_wconf 86' lang='lat' dir='ltr'><strong>sub</strong></span> <span class='ocrx_word' id='word_1_474' title='bbox 1642 690 1752 711; x_wconf 85' lang='lat' dir='ltr'><strong>sensum</strong></span> 
     </span>
    </p>
   </div>
   <div class='ocr_carea' id='block_1_60' title="bbox 963 728 1752 767">
    <p class='ocr_par' dir='ltr' id='par_1_60' title="bbox 963 728 1752 767">
     <span class='ocr_line' id='line_1_60' title="bbox 963 728 1752 767; baseline -0.006 -7"><span class='ocrx_word' id='word_1_475' title='bbox 963 737 990 760; x_wconf 88' lang='lat' dir='ltr'><strong>ct</strong></span> <span class='ocrx_word' id='word_1_476' title='bbox 1015 737 1154 767; x_wconf 76' lang='lat' dir='ltr'><strong>aspectum</strong></span> <span class='ocrx_word' id='word_1_477' title='bbox 1171 731 1276 758; x_wconf 88' lang='lat' dir='ltr'><strong>cadunt</strong></span> <span class='ocrx_word' id='word_1_478' title='bbox 1306 729 1412 765; x_wconf 88' lang='lat' dir='ltr'><strong>impleri</strong></span> <span class='ocrx_word' id='word_1_479' title='bbox 1429 739 1435 757; x_wconf 88' lang='lat'>:</span> <span class='ocrx_word' id='word_1_480' title='bbox 1450 737 1534 765; x_wconf 87' lang='lat' dir='ltr'><strong>quare</strong></span> <span class='ocrx_word' id='word_1_481' title='bbox 1558 729 1684 761; x_wconf 86' lang='lat' dir='ltr'><strong>dicimus,</strong></span> <span class='ocrx_word' id='word_1_482' title='bbox 1704 728 1752 756; x_wconf 85' lang='lat' dir='ltr'><strong>Ubi</strong></span> 
     </span>
    </p>
   </div>
   <div class='ocr_carea' id='block_1_61' title="bbox 965 776 1754 810">
    <p class='ocr_par' dir='ltr' id='par_1_61' title="bbox 965 776 1754 810">
     <span class='ocr_line' id='line_1_61' title="bbox 965 776 1754 810; baseline -0.004 -5"><span class='ocrx_word' id='word_1_483' title='bbox 965 783 1027 806; x_wconf 75' lang='lat' dir='ltr'><strong>sunt</strong></span> <span class='ocrx_word' id='word_1_484' title='bbox 1038 777 1228 805; x_wconf 64' lang='lat' dir='ltr'><strong>misericordiae</strong></span> <span class='ocrx_word' id='word_1_485' title='bbox 1243 782 1294 804; x_wconf 81' lang='lat' dir='ltr'><strong>tua:</strong></span> <span class='ocrx_word' id='word_1_486' title='bbox 1311 777 1437 809; x_wconf 61' lang='lat' dir='ltr'><strong>antiqua,</strong></span> <span class='ocrx_word' id='word_1_487' title='bbox 1448 776 1576 803; x_wconf 78' lang='lat' dir='ltr'><strong>Domine?</strong></span> <span class='ocrx_word' id='word_1_488' title='bbox 1592 782 1754 810; x_wconf 82' lang='lat' dir='ltr'><strong>persuasum</strong></span> 
     </span>
    </p>
   </div>
   <div class='ocr_carea' id='block_1_62' title="bbox 966 822 1754 858">
    <p class='ocr_par' dir='ltr' id='par_1_62' title="bbox 966 822 1754 858">
     <span class='ocr_line' id='line_1_62' title="bbox 966 822 1754 858; baseline -0.003 -7"><span class='ocrx_word' id='word_1_489' title='bbox 966 829 1056 852; x_wconf 85' lang='lat' dir='ltr'><strong>tamen</strong></span> <span class='ocrx_word' id='word_1_490' title='bbox 1084 825 1218 852; x_wconf 80' lang='lat' dir='ltr'><strong>habemus</strong></span> <span class='ocrx_word' id='word_1_491' title='bbox 1246 827 1273 851; x_wconf 87' lang='lat' dir='ltr'><strong>te</strong></span> <span class='ocrx_word' id='word_1_492' title='bbox 1301 830 1414 858; x_wconf 81' lang='lat' dir='ltr'><strong>prorsus</strong></span> <span class='ocrx_word' id='word_1_493' title='bbox 1443 830 1566 850; x_wconf 83' lang='lat' dir='ltr'><strong>veracem</strong></span> <span class='ocrx_word' id='word_1_494' title='bbox 1596 830 1667 855; x_wconf 85' lang='lat' dir='ltr'><strong>esse,</strong></span> <span class='ocrx_word' id='word_1_495' title='bbox 1690 822 1754 856; x_wconf 84' lang='lat' dir='ltr'><strong>quia</strong></span> 
     </span>
    </p>
   </div>
   <div class='ocr_carea' id='block_1_63' title="bbox 965 867 1756 906">
    <p class='ocr_par' dir='ltr' id='par_1_63' title="bbox 965 867 1756 906">
     <span class='ocr_line' id='line_1_63' title="bbox 965 867 1756 906; baseline -0.003 -9"><span class='ocrx_word' id='word_1_496' title='bbox 965 875 1055 906; x_wconf 68' lang='lat' dir='ltr'><strong>potens</strong></span> <span class='ocrx_word' id='word_1_497' title='bbox 1070 879 1096 897; x_wconf 81' lang='lat' dir='ltr'><strong>es</strong></span> <span class='ocrx_word' id='word_1_498' title='bbox 1114 874 1139 897; x_wconf 85' lang='lat' dir='ltr'><strong>et</strong></span> <span class='ocrx_word' id='word_1_499' title='bbox 1152 870 1248 897; x_wconf 78' lang='lat' dir='ltr'><strong>veritas</strong></span> <span class='ocrx_word' id='word_1_500' title='bbox 1261 873 1306 896; x_wconf 84' lang='lat' dir='ltr'><strong>tua</strong></span> <span class='ocrx_word' id='word_1_501' title='bbox 1320 869 1347 896; x_wconf 84' lang='lat' dir='ltr'><strong>in</strong></span> <span class='ocrx_word' id='word_1_502' title='bbox 1361 868 1473 895; x_wconf 80' lang='lat' dir='ltr'><strong>circuitu</strong></span> <span class='ocrx_word' id='word_1_503' title='bbox 1489 873 1543 895; x_wconf 85' lang='lat' dir='ltr'><strong>tuo.</strong></span> <span class='ocrx_word' id='word_1_504' title='bbox 1561 867 1657 896; x_wconf 80' lang='lat' dir='ltr'><strong>Testes</strong></span> <span class='ocrx_word' id='word_1_505' title='bbox 1672 875 1756 904; x_wconf 87' lang='lat' dir='ltr'><strong>porro</strong></span> 
     </span>
    </p>
   </div>
   <div class='ocr_carea' id='block_1_64' title="bbox 966 913 1754 950">
    <p class='ocr_par' dir='ltr' id='par_1_64' title="bbox 966 913 1754 950">
     <span class='ocr_line' id='line_1_64' title="bbox 966 913 1754 950; baseline -0.003 -8"><span class='ocrx_word' id='word_1_506' title='bbox 966 915 1090 943; x_wconf 85' lang='lat' dir='ltr'><strong>veritatis</strong></span> <span class='ocrx_word' id='word_1_507' title='bbox 1111 919 1164 942; x_wconf 78' lang='lat' dir='ltr'><strong>tuae</strong></span> <span class='ocrx_word' id='word_1_508' title='bbox 1182 918 1247 942; x_wconf 88' lang='lat' dir='ltr'><strong>sunt</strong></span> <span class='ocrx_word' id='word_1_509' title='bbox 1271 918 1406 950; x_wconf 82' lang='lat' dir='ltr'><strong>quotquot</strong></span> <span class='ocrx_word' id='word_1_510' title='bbox 1429 914 1503 940; x_wconf 86' lang='lat' dir='ltr'><strong>circa</strong></span> <span class='ocrx_word' id='word_1_511' title='bbox 1522 917 1549 941; x_wconf 88' lang='lat' dir='ltr'><strong>te</strong></span> <span class='ocrx_word' id='word_1_512' title='bbox 1574 913 1754 940; x_wconf 85' lang='lat' dir='ltr'><strong>consistunt:</strong></span> 
     </span>
    </p>
   </div>
   <div class='ocr_carea' id='block_1_65' title="bbox 966 958 1755 995">
    <p class='ocr_par' dir='ltr' id='par_1_65' title="bbox 966 958 1755 995">
     <span class='ocr_line' id='line_1_65' title="bbox 966 958 1755 995; baseline -0.005 -6"><span class='ocrx_word' id='word_1_513' title='bbox 966 970 1030 990; x_wconf 88' lang='lat' dir='ltr'><strong>nam</strong></span> <span class='ocrx_word' id='word_1_514' title='bbox 1057 962 1183 989; x_wconf 72' lang='lat' dir='ltr'><strong>caelestes</strong></span> <span class='ocrx_word' id='word_1_515' title='bbox 1208 961 1324 989; x_wconf 79' lang='lat' dir='ltr'><strong>virtutes</strong></span> <span class='ocrx_word' id='word_1_516' title='bbox 1340 960 1534 995; x_wconf 79' lang='lat' dir='ltr'><strong>conﬁtebuntur</strong></span> <span class='ocrx_word' id='word_1_517' title='bbox 1548 958 1682 986; x_wconf 83' lang='lat' dir='ltr'><strong>mirabilia</strong></span> <span class='ocrx_word' id='word_1_518' title='bbox 1698 964 1755 992; x_wconf 86' lang='lat' dir='ltr'><strong>tua,</strong></span> 
     </span>
    </p>
   </div>
   <div class='ocr_carea' id='block_1_66' title="bbox 967 1004 1757 1036">
    <p class='ocr_par' dir='ltr' id='par_1_66' title="bbox 967 1004 1757 1036">
     <span class='ocr_line' id='line_1_66' title="bbox 967 1004 1757 1036; baseline -0.006 0"><span class='ocrx_word' id='word_1_519' title='bbox 967 1014 991 1036; x_wconf 87' lang='lat' dir='ltr'><strong>et</strong></span> <span class='ocrx_word' id='word_1_520' title='bbox 1005 1009 1141 1036; x_wconf 78' lang='lat' dir='ltr'><strong>ueritatem</strong></span> <span class='ocrx_word' id='word_1_521' title='bbox 1167 1013 1240 1034; x_wconf 88' lang='lat' dir='ltr'><strong>tuam</strong></span> <span class='ocrx_word' id='word_1_522' title='bbox 1259 1007 1287 1034; x_wconf 79' lang='lat' dir='ltr'><strong>in</strong></span> <span class='ocrx_word' id='word_1_523' title='bbox 1313 1006 1433 1034; x_wconf 68' lang='lat' dir='ltr'><strong>Ecclesia</strong></span> <span class='ocrx_word' id='word_1_524' title='bbox 1456 1010 1618 1033; x_wconf 75' lang='lat' dir='ltr'><strong>sanctorum.</strong></span> <span class='ocrx_word' id='word_1_525' title='bbox 1635 1004 1668 1032; x_wconf 84' lang='lat' dir='ltr'><strong>Et</strong></span> <span class='ocrx_word' id='word_1_526' title='bbox 1691 1012 1757 1032; x_wconf 83' lang='lat' dir='ltr'><strong>sane</strong></span> 
     </span>
    </p>
   </div>
   <div class='ocr_carea' id='block_1_67' title="bbox 966 1051 1756 1091">
    <p class='ocr_par' dir='ltr' id='par_1_67' title="bbox 966 1051 1756 1091">
     <span class='ocr_line' id='line_1_67' title="bbox 966 1051 1756 1091; baseline -0.005 -8"><span class='ocrx_word' id='word_1_527' title='bbox 966 1056 1027 1091; x_wconf 85' lang='lat' dir='ltr'><strong>jure</strong></span> <span class='ocrx_word' id='word_1_528' title='bbox 1045 1055 1171 1083; x_wconf 64' lang='lat' dir='ltr'><strong>caelestes</strong></span> <span class='ocrx_word' id='word_1_529' title='bbox 1192 1054 1244 1081; x_wconf 64' lang='lat' dir='ltr'><strong>illa:</strong></span> <span class='ocrx_word' id='word_1_530' title='bbox 1257 1054 1372 1081; x_wconf 83' lang='lat' dir='ltr'><strong>virtutes</strong></span> <span class='ocrx_word' id='word_1_531' title='bbox 1392 1053 1532 1080; x_wconf 76' lang='lat' dir='ltr'><strong>veritatem</strong></span> <span class='ocrx_word' id='word_1_532' title='bbox 1549 1056 1623 1080; x_wconf 85' lang='lat' dir='ltr'><strong>tuam</strong></span> <span class='ocrx_word' id='word_1_533' title='bbox 1642 1051 1756 1079; x_wconf 78' lang='lat' dir='ltr'><strong>conﬁte-</strong></span> 
     </span>
    </p>
   </div>
   <div class='ocr_carea' id='block_1_68' title="bbox 968 1097 1757 1137">
    <p class='ocr_par' dir='ltr' id='par_1_68' title="bbox 968 1097 1757 1137">
     <span class='ocr_line' id='line_1_68' title="bbox 968 1097 1757 1137; baseline -0.008 -8"><span class='ocrx_word' id='word_1_534' title='bbox 968 1103 1080 1133; x_wconf 84' lang='lat' dir='ltr'><strong>buntur,</strong></span> <span class='ocrx_word' id='word_1_535' title='bbox 1098 1101 1162 1137; x_wconf 83' lang='lat' dir='ltr'><strong>quia</strong></span> <span class='ocrx_word' id='word_1_536' title='bbox 1178 1101 1205 1128; x_wconf 92' lang='lat' dir='ltr'><strong>in</strong></span> <span class='ocrx_word' id='word_1_537' title='bbox 1223 1099 1294 1128; x_wconf 76' lang='lat' dir='ltr'><strong>cmlo</strong></span> <span class='ocrx_word' id='word_1_538' title='bbox 1310 1099 1510 1135; x_wconf 60' lang='lat' dir='ltr'><strong>praeparabitur</strong></span> <span class='ocrx_word' id='word_1_539' title='bbox 1521 1098 1623 1125; x_wconf 86' lang='lat' dir='ltr'><strong>veritas</strong></span> <span class='ocrx_word' id='word_1_540' title='bbox 1638 1102 1702 1129; x_wconf 85' lang='lat' dir='ltr'><strong>tua;</strong></span> <span class='ocrx_word' id='word_1_541' title='bbox 1719 1097 1757 1124; x_wconf 86' lang='lat' dir='ltr'><strong>ita</strong></span> 
     </span>
    </p>
   </div>
   <div class='ocr_carea' id='block_1_69' title="bbox 968 1143 1758 1183">
    <p class='ocr_par' dir='ltr' id='par_1_69' title="bbox 968 1143 1758 1183">
     <span class='ocr_line' id='line_1_69' title="bbox 968 1143 1758 1183; baseline -0.008 -8"><span class='ocrx_word' id='word_1_542' title='bbox 968 1152 998 1174; x_wconf 87' lang='lat' dir='ltr'><strong>ut</strong></span> <span class='ocrx_word' id='word_1_543' title='bbox 1017 1147 1152 1183; x_wconf 86' lang='lat' dir='ltr'><strong>promissa</strong></span> <span class='ocrx_word' id='word_1_544' title='bbox 1169 1151 1215 1174; x_wconf 88' lang='lat' dir='ltr'><strong>tua</strong></span> <span class='ocrx_word' id='word_1_545' title='bbox 1229 1146 1262 1174; x_wconf 89' lang='lat' dir='ltr'><strong>ad</strong></span> <span class='ocrx_word' id='word_1_546' title='bbox 1278 1145 1407 1173; x_wconf 80' lang='lat' dir='ltr'><strong>Davidem</strong></span> <span class='ocrx_word' id='word_1_547' title='bbox 1424 1144 1507 1177; x_wconf 77' lang='lat' dir='ltr'><strong>facta,</strong></span> <span class='ocrx_word' id='word_1_548' title='bbox 1523 1151 1577 1171; x_wconf 91' lang='lat' dir='ltr'><strong>non</strong></span> <span class='ocrx_word' id='word_1_549' title='bbox 1596 1143 1689 1177; x_wconf 83' lang='lat' dir='ltr'><strong>utique</strong></span> <span class='ocrx_word' id='word_1_550' title='bbox 1701 1147 1758 1169; x_wconf 87' lang='lat' dir='ltr'><strong>ter-</strong></span> 
     </span>
    </p>
   </div>
   <div class='ocr_carea' id='block_1_70' title="bbox 970 1188 1758 1227">
    <p class='ocr_par' dir='ltr' id='par_1_70' title="bbox 970 1188 1758 1227">
     <span class='ocr_line' id='line_1_70' title="bbox 970 1188 1758 1227; baseline -0.009 -6"><span class='ocrx_word' id='word_1_551' title='bbox 970 1201 1033 1221; x_wconf 85' lang='lat' dir='ltr'><strong>rena</strong></span> <span class='ocrx_word' id='word_1_552' title='bbox 1047 1198 1074 1220; x_wconf 87' lang='lat' dir='ltr'><strong>et</strong></span> <span class='ocrx_word' id='word_1_553' title='bbox 1090 1199 1222 1227; x_wconf 83' lang='lat' dir='ltr'><strong>corporea</strong></span> <span class='ocrx_word' id='word_1_554' title='bbox 1239 1191 1365 1219; x_wconf 86' lang='lat' dir='ltr'><strong>habenda</strong></span> <span class='ocrx_word' id='word_1_555' title='bbox 1385 1191 1439 1218; x_wconf 87' lang='lat' dir='ltr'><strong>sint</strong></span> <span class='ocrx_word' id='word_1_556' title='bbox 1453 1199 1459 1217; x_wconf 88' lang='lat'>:</span> <span class='ocrx_word' id='word_1_557' title='bbox 1475 1198 1537 1217; x_wconf 87' lang='lat' dir='ltr'><strong>nam</strong></span> <span class='ocrx_word' id='word_1_558' title='bbox 1561 1189 1587 1216; x_wconf 93' lang='lat' dir='ltr'><strong>in</strong></span> <span class='ocrx_word' id='word_1_559' title='bbox 1605 1188 1676 1216; x_wconf 67' lang='lat' dir='ltr'><strong>coelo</strong></span> <span class='ocrx_word' id='word_1_560' title='bbox 1688 1195 1758 1223; x_wconf 70' lang='lat' dir='ltr'><strong>prae-</strong></span> 
     </span>
    </p>
   </div>
   <div class='ocr_carea' id='block_1_71' title="bbox 969 1233 1758 1275">
    <p class='ocr_par' dir='ltr' id='par_1_71' title="bbox 969 1233 1758 1275">
     <span class='ocr_line' id='line_1_71' title="bbox 969 1233 1758 1275; baseline -0.008 -8"><span class='ocrx_word' id='word_1_561' title='bbox 969 1239 1110 1275; x_wconf 85' lang='lat' dir='ltr'><strong>parabitur</strong></span> <span class='ocrx_word' id='word_1_562' title='bbox 1129 1239 1231 1266; x_wconf 88' lang='lat' dir='ltr'><strong>veritas</strong></span> <span class='ocrx_word' id='word_1_563' title='bbox 1246 1233 1303 1265; x_wconf 86' lang='lat' dir='ltr'><strong>tua.</strong></span> <span class='ocrx_word' id='word_1_564' title='bbox 1321 1237 1385 1264; x_wconf 79' lang='lat' dir='ltr'><strong>Haec</strong></span> <span class='ocrx_word' id='word_1_565' title='bbox 1403 1244 1467 1264; x_wconf 82' lang='lat' dir='ltr'><strong>vero</strong></span> <span class='ocrx_word' id='word_1_566' title='bbox 1487 1244 1501 1263; x_wconf 85' lang='lat' dir='ltr'><strong>a</strong></span> <span class='ocrx_word' id='word_1_567' title='bbox 1526 1235 1631 1270; x_wconf 87' lang='lat' dir='ltr'><strong>Spiritu</strong></span> <span class='ocrx_word' id='word_1_568' title='bbox 1662 1237 1758 1262; x_wconf 82' lang='lat' dir='ltr'><strong>sancto</strong></span> 
     </span>
    </p>
   </div>
   <div class='ocr_carea' id='block_1_72' title="bbox 969 1283 1758 1313">
    <p class='ocr_par' dir='ltr' id='par_1_72' title="bbox 969 1283 1758 1313">
     <span class='ocr_line' id='line_1_72' title="bbox 969 1283 1758 1313; baseline -0.009 0"><span class='ocrx_word' id='word_1_569' title='bbox 969 1287 1083 1313; x_wconf 85' lang='lat' dir='ltr'><strong>edoctus</strong></span> <span class='ocrx_word' id='word_1_570' title='bbox 1098 1285 1161 1312; x_wconf 81' lang='lat' dir='ltr'><strong>dico</strong></span> <span class='ocrx_word' id='word_1_571' title='bbox 1177 1295 1183 1312; x_wconf 91' lang='lat'><strong>:</strong></span> <span class='ocrx_word' id='word_1_572' title='bbox 1198 1284 1396 1311; x_wconf 65' lang='lat' dir='ltr'><strong>Misericordiae</strong></span> <span class='ocrx_word' id='word_1_573' title='bbox 1410 1287 1469 1310; x_wconf 80' lang='lat' dir='ltr'><strong>tuas</strong></span> <span class='ocrx_word' id='word_1_574' title='bbox 1484 1283 1511 1309; x_wconf 80' lang='lat' dir='ltr'><strong>in</strong></span> <span class='ocrx_word' id='word_1_575' title='bbox 1525 1287 1650 1310; x_wconf 74' lang='lat' dir='ltr'><strong>teternum</strong></span> <span class='ocrx_word' id='word_1_576' title='bbox 1665 1284 1758 1307; x_wconf 84' lang='lat' dir='ltr'><strong>canta-</strong></span> 
     </span>
    </p>
   </div>
   <div class='ocr_carea' id='block_1_73' title="bbox 970 1324 1758 1366">
    <p class='ocr_par' dir='ltr' id='par_1_73' title="bbox 970 1324 1758 1366">
     <span class='ocr_line' id='line_1_73' title="bbox 970 1324 1758 1366; baseline -0.009 -9"><span class='ocrx_word' id='word_1_577' title='bbox 970 1331 1011 1358; x_wconf 85' lang='lat' dir='ltr'><strong>bo.</strong></span> <span class='ocrx_word' id='word_1_578' title='bbox 1029 1330 1060 1357; x_wconf 82' lang='lat' dir='ltr'><strong>In</strong></span> <span class='ocrx_word' id='word_1_579' title='bbox 1077 1329 1271 1366; x_wconf 82' lang='lat' dir='ltr'><strong>generationem</strong></span> <span class='ocrx_word' id='word_1_580' title='bbox 1285 1333 1309 1356; x_wconf 88' lang='lat' dir='ltr'><strong>et</strong></span> <span class='ocrx_word' id='word_1_581' title='bbox 1326 1327 1520 1364; x_wconf 80' lang='lat' dir='ltr'><strong>generationem</strong></span> <span class='ocrx_word' id='word_1_582' title='bbox 1537 1324 1699 1352; x_wconf 85' lang='lat' dir='ltr'><strong>annuntiabo</strong></span> <span class='ocrx_word' id='word_1_583' title='bbox 1714 1332 1758 1351; x_wconf 82' lang='lat' dir='ltr'><strong>ve-</strong></span> 
     </span>
    </p>
   </div>
   <div class='ocr_carea' id='block_1_74' title="bbox 971 1371 1759 1409">
    <p class='ocr_par' dir='ltr' id='par_1_74' title="bbox 971 1371 1759 1409">
     <span class='ocr_line' id='line_1_74' title="bbox 971 1371 1759 1409; baseline -0.006 -6"><span class='ocrx_word' id='word_1_584' title='bbox 971 1377 1076 1403; x_wconf 87' lang='lat' dir='ltr'><strong>ritatem</strong></span> <span class='ocrx_word' id='word_1_585' title='bbox 1097 1381 1169 1402; x_wconf 83' lang='lat' dir='ltr'><strong>tuam</strong></span> <span class='ocrx_word' id='word_1_586' title='bbox 1187 1376 1213 1402; x_wconf 88' lang='lat' dir='ltr'><strong>in</strong></span> <span class='ocrx_word' id='word_1_587' title='bbox 1230 1384 1274 1402; x_wconf 82' lang='lat' dir='ltr'><strong>ore</strong></span> <span class='ocrx_word' id='word_1_588' title='bbox 1290 1383 1357 1402; x_wconf 85' lang='lat' dir='ltr'><strong>mea.</strong></span> <span class='ocrx_word' id='word_1_589' title='bbox 1373 1373 1412 1401; x_wconf 88' lang='lat' dir='ltr'><strong>Te</strong></span> <span class='ocrx_word' id='word_1_590' title='bbox 1427 1380 1520 1409; x_wconf 88' lang='lat' dir='ltr'><strong>porro,</strong></span> <span class='ocrx_word' id='word_1_591' title='bbox 1532 1376 1625 1407; x_wconf 88' lang='lat' dir='ltr'><strong>utpote</strong></span> <span class='ocrx_word' id='word_1_592' title='bbox 1635 1371 1719 1399; x_wconf 85' lang='lat' dir='ltr'><strong>Deum</strong></span> <span class='ocrx_word' id='word_1_593' title='bbox 1732 1375 1759 1398; x_wconf 86' lang='lat' dir='ltr'><strong>et</strong></span> 
     </span>
    </p>
   </div>
   <div class='ocr_carea' id='block_1_75' title="bbox 970 1418 1757 1453">
    <p class='ocr_par' dir='ltr' id='par_1_75' title="bbox 970 1418 1757 1453">
     <span class='ocr_line' id='line_1_75' title="bbox 970 1418 1757 1453; baseline -0.004 -5"><span class='ocrx_word' id='word_1_594' title='bbox 970 1422 1117 1450; x_wconf 87' lang='lat' dir='ltr'><strong>Dominum</strong></span> <span class='ocrx_word' id='word_1_595' title='bbox 1136 1423 1341 1453; x_wconf 84' lang='lat' dir='ltr'><strong>universorum,</strong></span> <span class='ocrx_word' id='word_1_596' title='bbox 1353 1427 1478 1448; x_wconf 85' lang='lat' dir='ltr'><strong>veracem</strong></span> <span class='ocrx_word' id='word_1_597' title='bbox 1489 1419 1601 1446; x_wconf 85' lang='lat' dir='ltr'><strong>credere</strong></span> <span class='ocrx_word' id='word_1_598' title='bbox 1619 1418 1757 1450; x_wconf 86' lang='lat' dir='ltr'><strong>convenit,</strong></span> 
     </span>
    </p>
   </div>
   <div class='ocr_carea' id='block_1_76' title="bbox 971 1464 1760 1504">
    <p class='ocr_par' dir='ltr' id='par_1_76' title="bbox 971 1464 1760 1504">
     <span class='ocr_line' id='line_1_76' title="bbox 971 1464 1760 1504; baseline -0.005 -9"><span class='ocrx_word' id='word_1_599' title='bbox 971 1469 1035 1504; x_wconf 83' lang='lat' dir='ltr'><strong>quia</strong></span> <span class='ocrx_word' id='word_1_600' title='bbox 1054 1468 1146 1496; x_wconf 89' lang='lat' dir='ltr'><strong>nullus</strong></span> <span class='ocrx_word' id='word_1_601' title='bbox 1161 1472 1203 1495; x_wconf 91' lang='lat' dir='ltr'><strong>est</strong></span> <span class='ocrx_word' id='word_1_602' title='bbox 1227 1467 1276 1495; x_wconf 89' lang='lat' dir='ltr'><strong>tibi</strong></span> <span class='ocrx_word' id='word_1_603' title='bbox 1294 1467 1395 1494; x_wconf 88' lang='lat' dir='ltr'><strong>virtute</strong></span> <span class='ocrx_word' id='word_1_604' title='bbox 1421 1465 1540 1494; x_wconf 85' lang='lat' dir='ltr'><strong>similis:</strong></span> <span class='ocrx_word' id='word_1_605' title='bbox 1558 1465 1691 1500; x_wconf 84' lang='lat' dir='ltr'><strong>siquidem</strong></span> <span class='ocrx_word' id='word_1_606' title='bbox 1717 1464 1760 1492; x_wconf 88' lang='lat' dir='ltr'><strong>in—</strong></span> 
     </span>
    </p>
   </div>
   <div class='ocr_carea' id='block_1_77' title="bbox 971 1512 1758 1551">
    <p class='ocr_par' dir='ltr' id='par_1_77' title="bbox 971 1512 1758 1551">
     <span class='ocr_line' id='line_1_77' title="bbox 971 1512 1758 1551; baseline -0.003 -9"><span class='ocrx_word' id='word_1_607' title='bbox 971 1522 1167 1551; x_wconf 72' lang='lat' dir='ltr'><strong>corporearum</strong></span> <span class='ocrx_word' id='word_1_608' title='bbox 1189 1518 1216 1542; x_wconf 92' lang='lat' dir='ltr'><strong>et</strong></span> <span class='ocrx_word' id='word_1_609' title='bbox 1236 1514 1389 1541; x_wconf 85' lang='lat' dir='ltr'><strong>divinarum</strong></span> <span class='ocrx_word' id='word_1_610' title='bbox 1416 1513 1548 1540; x_wconf 87' lang='lat' dir='ltr'><strong>virtutum</strong></span> <span class='ocrx_word' id='word_1_611' title='bbox 1570 1512 1701 1540; x_wconf 86' lang='lat' dir='ltr'><strong>Dominus</strong></span> <span class='ocrx_word' id='word_1_612' title='bbox 1716 1520 1758 1544; x_wconf 85' lang='lat' dir='ltr'><strong>es,</strong></span> 
     </span>
    </p>
   </div>
   <div class='ocr_carea' id='block_1_78' title="bbox 972 1558 1759 1595">
    <p class='ocr_par' dir='ltr' id='par_1_78' title="bbox 972 1558 1759 1595">
     <span class='ocr_line' id='line_1_78' title="bbox 972 1558 1759 1595; baseline -0.004 -8"><span class='ocrx_word' id='word_1_613' title='bbox 972 1561 1103 1595; x_wconf 84' lang='lat' dir='ltr'><strong>solusque</strong></span> <span class='ocrx_word' id='word_1_614' title='bbox 1116 1567 1148 1587; x_wconf 86' lang='lat' dir='ltr'><strong>ac</strong></span> <span class='ocrx_word' id='word_1_615' title='bbox 1171 1567 1254 1595; x_wconf 83' lang='lat' dir='ltr'><strong>super</strong></span> <span class='ocrx_word' id='word_1_616' title='bbox 1274 1567 1369 1587; x_wconf 87' lang='lat' dir='ltr'><strong>omnes</strong></span> <span class='ocrx_word' id='word_1_617' title='bbox 1386 1563 1484 1594; x_wconf 89' lang='lat' dir='ltr'><strong>potens</strong></span> <span class='ocrx_word' id='word_1_618' title='bbox 1502 1566 1542 1590; x_wconf 84' lang='lat' dir='ltr'><strong>es,</strong></span> <span class='ocrx_word' id='word_1_619' title='bbox 1556 1558 1593 1585; x_wconf 87' lang='lat' dir='ltr'><strong>ita</strong></span> <span class='ocrx_word' id='word_1_620' title='bbox 1612 1563 1640 1585; x_wconf 86' lang='lat' dir='ltr'><strong>ut</strong></span> <span class='ocrx_word' id='word_1_621' title='bbox 1657 1558 1759 1585; x_wconf 81' lang='lat' dir='ltr'><strong>verita-</strong></span> 
     </span>
    </p>
   </div>
   <div class='ocr_carea' id='block_1_79' title="bbox 972 1604 1761 1640">
    <p class='ocr_par' dir='ltr' id='par_1_79' title="bbox 972 1604 1761 1640">
     <span class='ocr_line' id='line_1_79' title="bbox 972 1604 1761 1640; baseline -0.003 -7"><span class='ocrx_word' id='word_1_622' title='bbox 972 1612 1024 1634; x_wconf 84' lang='lat' dir='ltr'><strong>tem</strong></span> <span class='ocrx_word' id='word_1_623' title='bbox 1040 1610 1116 1633; x_wconf 91' lang='lat' dir='ltr'><strong>tuam</strong></span> <span class='ocrx_word' id='word_1_624' title='bbox 1135 1606 1292 1634; x_wconf 85' lang='lat' dir='ltr'><strong>credibilem</strong></span> <span class='ocrx_word' id='word_1_625' title='bbox 1320 1605 1411 1633; x_wconf 79' lang='lat' dir='ltr'><strong>facere</strong></span> <span class='ocrx_word' id='word_1_626' title='bbox 1436 1606 1535 1640; x_wconf 90' lang='lat' dir='ltr'><strong>possis.</strong></span> <span class='ocrx_word' id='word_1_627' title='bbox 1554 1604 1632 1638; x_wconf 86' lang='lat' dir='ltr'><strong>Quod</strong></span> <span class='ocrx_word' id='word_1_628' title='bbox 1652 1605 1673 1632; x_wconf 81' lang='lat' dir='ltr'><strong>si</strong></span> <span class='ocrx_word' id='word_1_629' title='bbox 1698 1604 1761 1639; x_wconf 83' lang='lat' dir='ltr'><strong>quis</strong></span> 
     </span>
    </p>
   </div>
   <div class='ocr_carea' id='block_1_80' title="bbox 972 1650 1762 1687">
    <p class='ocr_par' dir='ltr' id='par_1_80' title="bbox 972 1650 1762 1687">
     <span class='ocr_line' id='line_1_80' title="bbox 972 1650 1762 1687; baseline -0.004 -8"><span class='ocrx_word' id='word_1_630' title='bbox 972 1653 999 1679; x_wconf 91' lang='lat' dir='ltr'><strong>in</strong></span> <span class='ocrx_word' id='word_1_631' title='bbox 1016 1660 1106 1680; x_wconf 89' lang='lat' dir='ltr'><strong>rerum</strong></span> <span class='ocrx_word' id='word_1_632' title='bbox 1124 1656 1222 1680; x_wconf 86' lang='lat' dir='ltr'><strong>natura</strong></span> <span class='ocrx_word' id='word_1_633' title='bbox 1241 1652 1376 1687; x_wconf 84' lang='lat' dir='ltr'><strong>superbus</strong></span> <span class='ocrx_word' id='word_1_634' title='bbox 1387 1652 1512 1683; x_wconf 76' lang='lat' dir='ltr'><strong>exsistat,</strong></span> <span class='ocrx_word' id='word_1_635' title='bbox 1524 1658 1621 1686; x_wconf 89' lang='lat' dir='ltr'><strong>nempe</strong></span> <span class='ocrx_word' id='word_1_636' title='bbox 1634 1650 1762 1678; x_wconf 85' lang='lat' dir='ltr'><strong>diabolus</strong></span> 
     </span>
    </p>
   </div>
   <div class='ocr_carea' id='block_1_81' title="bbox 972 1696 1763 1732">
    <p class='ocr_par' dir='ltr' id='par_1_81' title="bbox 972 1696 1763 1732">
     <span class='ocr_line' id='line_1_81' title="bbox 972 1696 1763 1732; baseline -0.005 -7"><span class='ocrx_word' id='word_1_637' title='bbox 972 1698 1020 1725; x_wconf 88' lang='lat' dir='ltr'><strong>tibi</strong></span> <span class='ocrx_word' id='word_1_638' title='bbox 1044 1705 1152 1732; x_wconf 83' lang='lat' dir='ltr'><strong>semper</strong></span> <span class='ocrx_word' id='word_1_639' title='bbox 1178 1697 1362 1729; x_wconf 82' lang='lat' dir='ltr'><strong>adversarius,</strong></span> <span class='ocrx_word' id='word_1_640' title='bbox 1380 1704 1411 1724; x_wconf 88' lang='lat' dir='ltr'><strong>ac</strong></span> <span class='ocrx_word' id='word_1_641' title='bbox 1434 1696 1576 1723; x_wconf 83' lang='lat' dir='ltr'><strong>veritatem</strong></span> <span class='ocrx_word' id='word_1_642' title='bbox 1601 1701 1763 1730; x_wconf 79' lang='lat' dir='ltr'><strong>oppugnans</strong></span> 
     </span>
    </p>
   </div>
   <div class='ocr_carea' id='block_1_82' title="bbox 974 1741 1758 1771">
    <p class='ocr_par' dir='ltr' id='par_1_82' title="bbox 974 1741 1758 1771">
     <span class='ocr_line' id='line_1_82' title="bbox 974 1741 1758 1771; baseline -0.006 0"><span class='ocrx_word' id='word_1_643' title='bbox 974 1749 1065 1771; x_wconf 84' lang='lat' dir='ltr'><strong>luam:</strong></span> <span class='ocrx_word' id='word_1_644' title='bbox 1083 1747 1112 1771; x_wconf 89' lang='lat' dir='ltr'><strong>tu</strong></span> <span class='ocrx_word' id='word_1_645' title='bbox 1133 1751 1200 1771; x_wconf 88' lang='lat' dir='ltr'><strong>sane</strong></span> <span class='ocrx_word' id='word_1_646' title='bbox 1222 1744 1295 1770; x_wconf 89' lang='lat' dir='ltr'><strong>hunc</strong></span> <span class='ocrx_word' id='word_1_647' title='bbox 1314 1743 1463 1770; x_wconf 84' lang='lat' dir='ltr'><strong>humiliasti</strong></span> <span class='ocrx_word' id='word_1_648' title='bbox 1481 1751 1488 1769; x_wconf 91' lang='lat'><strong>:</strong></span> <span class='ocrx_word' id='word_1_649' title='bbox 1504 1742 1525 1770; x_wconf 88' lang='lat' dir='ltr'><strong>si</strong></span> <span class='ocrx_word' id='word_1_650' title='bbox 1544 1748 1609 1769; x_wconf 83' lang='lat' dir='ltr'><strong>vero</strong></span> <span class='ocrx_word' id='word_1_651' title='bbox 1631 1741 1694 1768; x_wconf 89' lang='lat' dir='ltr'><strong>huic</strong></span> <span class='ocrx_word' id='word_1_652' title='bbox 1713 1747 1758 1768; x_wconf 80' lang='lat' dir='ltr'><strong>su-</strong></span> 
     </span>
    </p>
   </div>
   <div class='ocr_carea' id='block_1_83' title="bbox 974 1788 1763 1826">
    <p class='ocr_par' dir='ltr' id='par_1_83' title="bbox 974 1788 1763 1826">
     <span class='ocr_line' id='line_1_83' title="bbox 974 1788 1763 1826; baseline -0.005 -8"><span class='ocrx_word' id='word_1_653' title='bbox 974 1791 1094 1826; x_wconf 88' lang='lat' dir='ltr'><strong>periorcs</strong></span> <span class='ocrx_word' id='word_1_654' title='bbox 1112 1790 1237 1825; x_wconf 74' lang='lat' dir='ltr'><strong>quaedam</strong></span> <span class='ocrx_word' id='word_1_655' title='bbox 1260 1791 1378 1817; x_wconf 71' lang='lat' dir='ltr'><strong>inimica:</strong></span> <span class='ocrx_word' id='word_1_656' title='bbox 1399 1793 1425 1817; x_wconf 91' lang='lat' dir='ltr'><strong>et</strong></span> <span class='ocrx_word' id='word_1_657' title='bbox 1444 1789 1566 1816; x_wconf 72' lang='lat' dir='ltr'><strong>adversas</strong></span> <span class='ocrx_word' id='word_1_658' title='bbox 1585 1788 1633 1815; x_wconf 88' lang='lat' dir='ltr'><strong>tibi</strong></span> <span class='ocrx_word' id='word_1_659' title='bbox 1646 1788 1763 1814; x_wconf 83' lang='lat' dir='ltr'><strong>virtutes</strong></span> 
     </span>
    </p>
   </div>
   <div class='ocr_carea' id='block_1_84' title="bbox 974 1834 1764 1871">
    <p class='ocr_par' dir='ltr' id='par_1_84' title="bbox 974 1834 1764 1871">
     <span class='ocr_line' id='line_1_84' title="bbox 974 1834 1764 1871; baseline -0.006 -7"><span class='ocrx_word' id='word_1_660' title='bbox 974 1837 1038 1867; x_wconf 88' lang='lat' dir='ltr'><strong>sint,</strong></span> <span class='ocrx_word' id='word_1_661' title='bbox 1056 1844 1103 1865; x_wconf 85' lang='lat' dir='ltr'><strong>eas</strong></span> <span class='ocrx_word' id='word_1_662' title='bbox 1123 1843 1233 1871; x_wconf 88' lang='lat' dir='ltr'><strong>quoque</strong></span> <span class='ocrx_word' id='word_1_663' title='bbox 1249 1835 1400 1871; x_wconf 86' lang='lat' dir='ltr'><strong>dissipasti.</strong></span> <span class='ocrx_word' id='word_1_664' title='bbox 1417 1834 1457 1862; x_wconf 85' lang='lat' dir='ltr'><strong>Tu</strong></span> <span class='ocrx_word' id='word_1_665' title='bbox 1475 1834 1574 1869; x_wconf 91' lang='lat' dir='ltr'><strong>ubique</strong></span> <span class='ocrx_word' id='word_1_666' title='bbox 1586 1834 1715 1868; x_wconf 85' lang='lat' dir='ltr'><strong>imperas,</strong></span> <span class='ocrx_word' id='word_1_667' title='bbox 1736 1836 1764 1860; x_wconf 88' lang='lat' dir='ltr'><strong>et</strong></span> 
     </span>
    </p>
   </div>
   <div class='ocr_carea' id='block_1_85' title="bbox 975 1878 1763 1914">
    <p class='ocr_par' dir='ltr' id='par_1_85' title="bbox 975 1878 1763 1914">
     <span class='ocr_line' id='line_1_85' title="bbox 975 1878 1763 1914; baseline -0.008 -5"><span class='ocrx_word' id='word_1_668' title='bbox 975 1883 1166 1910; x_wconf 84' lang='lat' dir='ltr'><strong>universorum</strong></span> <span class='ocrx_word' id='word_1_669' title='bbox 1185 1882 1347 1909; x_wconf 56' lang='lat' dir='ltr'><strong>substantia</strong></span> <span class='ocrx_word' id='word_1_670' title='bbox 1362 1880 1523 1911; x_wconf 84' lang='lat' dir='ltr'><strong>dominaris,</strong></span> <span class='ocrx_word' id='word_1_671' title='bbox 1542 1879 1606 1914; x_wconf 87' lang='lat' dir='ltr'><strong>quia</strong></span> <span class='ocrx_word' id='word_1_672' title='bbox 1623 1878 1763 1905; x_wconf 84' lang='lat' dir='ltr'><strong>universo-</strong></span> 
     </span>
    </p>
   </div>
   <div class='ocr_carea' id='block_1_86' title="bbox 974 1923 1763 1962">
    <p class='ocr_par' dir='ltr' id='par_1_86' title="bbox 974 1923 1763 1962">
     <span class='ocr_line' id='line_1_86' title="bbox 974 1923 1763 1962; baseline -0.005 -8"><span class='ocrx_word' id='word_1_673' title='bbox 974 1936 1034 1954; x_wconf 90' lang='lat' dir='ltr'><strong>rum</strong></span> <span class='ocrx_word' id='word_1_674' title='bbox 1051 1927 1141 1962; x_wconf 83' lang='lat' dir='ltr'><strong>opil‘ex</strong></span> <span class='ocrx_word' id='word_1_675' title='bbox 1156 1935 1197 1954; x_wconf 90' lang='lat' dir='ltr'><strong>es.</strong></span> <span class='ocrx_word' id='word_1_676' title='bbox 1218 1927 1308 1962; x_wconf 91' lang='lat' dir='ltr'><strong>Ipsum</strong></span> <span class='ocrx_word' id='word_1_677' title='bbox 1324 1926 1424 1961; x_wconf 87' lang='lat' dir='ltr'><strong>quippe</strong></span> <span class='ocrx_word' id='word_1_678' title='bbox 1437 1933 1521 1957; x_wconf 85' lang='lat' dir='ltr'><strong>mare,</strong></span> <span class='ocrx_word' id='word_1_679' title='bbox 1535 1929 1696 1958; x_wconf 86' lang='lat' dir='ltr'><strong>tantumque</strong></span> <span class='ocrx_word' id='word_1_680' title='bbox 1710 1923 1763 1950; x_wconf 81' lang='lat' dir='ltr'><strong>hu-</strong></span> 
     </span>
    </p>
   </div>
   <div class='ocr_carea' id='block_1_87' title="bbox 974 1969 1761 2005">
    <p class='ocr_par' dir='ltr' id='par_1_87' title="bbox 974 1969 1761 2005">
     <span class='ocr_line' id='line_1_87' title="bbox 974 1969 1761 2005; baseline -0.006 -4"><span class='ocrx_word' id='word_1_681' title='bbox 974 1975 1054 2001; x_wconf 65' lang='lat' dir='ltr'><strong>milite</strong></span> <span class='ocrx_word' id='word_1_682' title='bbox 1073 1973 1235 2001; x_wconf 76' lang='lat' dir='ltr'><strong>substantiae</strong></span> <span class='ocrx_word' id='word_1_683' title='bbox 1262 1973 1437 2004; x_wconf 83' lang='lat' dir='ltr'><strong>elementum,</strong></span> <span class='ocrx_word' id='word_1_684' title='bbox 1457 1975 1533 1999; x_wconf 92' lang='lat' dir='ltr'><strong>tuum</strong></span> <span class='ocrx_word' id='word_1_685' title='bbox 1549 1975 1591 1999; x_wconf 80' lang='lat' dir='ltr'><strong>est</strong></span> <span class='ocrx_word' id='word_1_686' title='bbox 1609 1969 1761 2005; x_wconf 82' lang='lat' dir='ltr'><strong>opilicium,</strong></span> 
     </span>
    </p>
   </div>
   <div class='ocr_carea' id='block_1_88' title="bbox 974 2015 1762 2055">
    <p class='ocr_par' dir='ltr' id='par_1_88' title="bbox 974 2015 1762 2055">
     <span class='ocr_line' id='line_1_88' title="bbox 974 2015 1762 2055; baseline -0.008 -7"><span class='ocrx_word' id='word_1_687' title='bbox 974 2025 1054 2055; x_wconf 86' lang='lat' dir='ltr'><strong>teque</strong></span> <span class='ocrx_word' id='word_1_688' title='bbox 1070 2020 1210 2048; x_wconf 92' lang='lat' dir='ltr'><strong>dominum</strong></span> <span class='ocrx_word' id='word_1_689' title='bbox 1226 2019 1337 2047; x_wconf 86' lang='lat' dir='ltr'><strong>ascribit</strong></span> <span class='ocrx_word' id='word_1_690' title='bbox 1349 2027 1440 2046; x_wconf 91' lang='lat' dir='ltr'><strong>suum.</strong></span> <span class='ocrx_word' id='word_1_691' title='bbox 1451 2018 1521 2052; x_wconf 89' lang='lat' dir='ltr'><strong>Quid</strong></span> <span class='ocrx_word' id='word_1_692' title='bbox 1533 2017 1556 2046; x_wconf 89' lang='lat' dir='ltr'><strong>si</strong></span> <span class='ocrx_word' id='word_1_693' title='bbox 1572 2017 1634 2044; x_wconf 69' lang='lat' dir='ltr'><strong>coeli</strong></span> <span class='ocrx_word' id='word_1_694' title='bbox 1650 2015 1762 2052; x_wconf 82' lang='lat' dir='ltr'><strong>quidam</strong></span> 
     </span>
    </p>
   </div>
   <div class='ocr_carea' id='block_1_89' title="bbox 975 2062 1763 2101">
    <p class='ocr_par' dir='ltr' id='par_1_89' title="bbox 975 2062 1763 2101">
     <span class='ocr_line' id='line_1_89' title="bbox 975 2062 1763 2101; baseline -0.006 -8"><span class='ocrx_word' id='word_1_695' title='bbox 975 2067 1034 2101; x_wconf 90' lang='lat' dir='ltr'><strong>ipso</strong></span> <span class='ocrx_word' id='word_1_696' title='bbox 1051 2066 1223 2093; x_wconf 83' lang='lat' dir='ltr'><strong>ﬁrmamento</strong></span> <span class='ocrx_word' id='word_1_697' title='bbox 1234 2065 1390 2100; x_wconf 83' lang='lat' dir='ltr'><strong>superiores</strong></span> <span class='ocrx_word' id='word_1_698' title='bbox 1412 2065 1578 2099; x_wconf 81' lang='lat' dir='ltr'><strong>cogitentur,</strong></span> <span class='ocrx_word' id='word_1_699' title='bbox 1597 2063 1643 2098; x_wconf 90' lang='lat' dir='ltr'><strong>qui</strong></span> <span class='ocrx_word' id='word_1_700' title='bbox 1659 2062 1763 2090; x_wconf 85' lang='lat' dir='ltr'><strong>scilicet</strong></span> 
     </span>
    </p>
   </div>
   <div class='ocr_carea' id='block_1_90' title="bbox 974 2108 1763 2147">
    <p class='ocr_par' dir='ltr' id='par_1_90' title="bbox 974 2108 1763 2147">
     <span class='ocr_line' id='line_1_90' title="bbox 974 2108 1763 2147; baseline -0.006 -7"><span class='ocrx_word' id='word_1_701' title='bbox 974 2113 1130 2140; x_wconf 88' lang='lat' dir='ltr'><strong>divinorum</strong></span> <span class='ocrx_word' id='word_1_702' title='bbox 1146 2112 1303 2147; x_wconf 85' lang='lat' dir='ltr'><strong>spirituum,</strong></span> <span class='ocrx_word' id='word_1_703' title='bbox 1317 2115 1474 2139; x_wconf 83' lang='lat' dir='ltr'><strong>sanctarum</strong></span> <span class='ocrx_word' id='word_1_704' title='bbox 1491 2111 1635 2141; x_wconf 90' lang='lat' dir='ltr'><strong>virtutum,</strong></span> <span class='ocrx_word' id='word_1_705' title='bbox 1652 2108 1763 2144; x_wconf 81' lang='lat' dir='ltr'><strong>angelo-</strong></span> 
     </span>
    </p>
   </div>
   <div class='ocr_carea' id='block_1_91' title="bbox 974 2154 1763 2193">
    <p class='ocr_par' dir='ltr' id='par_1_91' title="bbox 974 2154 1763 2193">
     <span class='ocr_line' id='line_1_91' title="bbox 974 2154 1763 2193; baseline -0.008 -7"><span class='ocrx_word' id='word_1_706' title='bbox 974 2167 1035 2187; x_wconf 91' lang='lat' dir='ltr'><strong>rum</strong></span> <span class='ocrx_word' id='word_1_707' title='bbox 1051 2162 1078 2186; x_wconf 85' lang='lat' dir='ltr'><strong>et</strong></span> <span class='ocrx_word' id='word_1_708' title='bbox 1088 2158 1314 2193; x_wconf 76' lang='lat' dir='ltr'><strong>archangelorum</strong></span> <span class='ocrx_word' id='word_1_709' title='bbox 1334 2156 1464 2184; x_wconf 86' lang='lat' dir='ltr'><strong>deitatem</strong></span> <span class='ocrx_word' id='word_1_710' title='bbox 1489 2160 1564 2183; x_wconf 86' lang='lat' dir='ltr'><strong>tuam</strong></span> <span class='ocrx_word' id='word_1_711' title='bbox 1591 2154 1763 2190; x_wconf 87' lang='lat' dir='ltr'><strong>stipantium,</strong></span> 
     </span>
    </p>
   </div>
   <div class='ocr_carea' id='block_1_92' title="bbox 975 2199 1765 2239">
    <p class='ocr_par' dir='ltr' id='par_1_92' title="bbox 975 2199 1765 2239">
     <span class='ocr_line' id='line_1_92' title="bbox 975 2199 1765 2239; baseline -0.008 -8"><span class='ocrx_word' id='word_1_712' title='bbox 975 2204 1111 2232; x_wconf 85' lang='lat' dir='ltr'><strong>domicilia</strong></span> <span class='ocrx_word' id='word_1_713' title='bbox 1121 2204 1193 2237; x_wconf 80' lang='lat' dir='ltr'><strong>sint;</strong></span> <span class='ocrx_word' id='word_1_714' title='bbox 1209 2203 1237 2230; x_wconf 92' lang='lat' dir='ltr'><strong>hi</strong></span> <span class='ocrx_word' id='word_1_715' title='bbox 1250 2210 1360 2239; x_wconf 91' lang='lat' dir='ltr'><strong>quoque</strong></span> <span class='ocrx_word' id='word_1_716' title='bbox 1373 2209 1435 2230; x_wconf 85' lang='lat' dir='ltr'><strong>cum</strong></span> <span class='ocrx_word' id='word_1_717' title='bbox 1451 2202 1579 2229; x_wconf 87' lang='lat' dir='ltr'><strong>omnibus</strong></span> <span class='ocrx_word' id='word_1_718' title='bbox 1595 2200 1692 2228; x_wconf 86' lang='lat' dir='ltr'><strong>incolis</strong></span> <span class='ocrx_word' id='word_1_719' title='bbox 1706 2199 1765 2226; x_wconf 84' lang='lat' dir='ltr'><strong>suis</strong></span> 
     </span>
    </p>
   </div>
   <div class='ocr_carea' id='block_1_93' title="bbox 976 2246 1763 2281">
    <p class='ocr_par' dir='ltr' id='par_1_93' title="bbox 976 2246 1763 2281">
     <span class='ocr_line' id='line_1_93' title="bbox 976 2246 1763 2281; baseline -0.006 -4"><span class='ocrx_word' id='word_1_720' title='bbox 976 2251 1015 2278; x_wconf 86' lang='lat' dir='ltr'><strong>lui</strong></span> <span class='ocrx_word' id='word_1_721' title='bbox 1045 2255 1120 2279; x_wconf 90' lang='lat' dir='ltr'><strong>sunt.</strong></span> <span class='ocrx_word' id='word_1_722' title='bbox 1146 2250 1227 2278; x_wconf 83' lang='lat' dir='ltr'><strong>Aliud</strong></span> <span class='ocrx_word' id='word_1_723' title='bbox 1243 2250 1326 2278; x_wconf 88' lang='lat' dir='ltr'><strong>etiam</strong></span> <span class='ocrx_word' id='word_1_724' title='bbox 1358 2250 1522 2277; x_wconf 86' lang='lat' dir='ltr'><strong>elementum</strong></span> <span class='ocrx_word' id='word_1_725' title='bbox 1549 2255 1604 2275; x_wconf 89' lang='lat' dir='ltr'><strong>non</strong></span> <span class='ocrx_word' id='word_1_726' title='bbox 1623 2246 1763 2281; x_wconf 76' lang='lat' dir='ltr'><strong>exiguum.</strong></span> 
     </span>
    </p>
   </div>
   <div class='ocr_carea' id='block_1_94' title="bbox 976 2292 1765 2332">
    <p class='ocr_par' dir='ltr' id='par_1_94' title="bbox 976 2292 1765 2332">
     <span class='ocr_line' id='line_1_94' title="bbox 976 2292 1765 2332; baseline -0.01 -7"><span class='ocrx_word' id='word_1_727' title='bbox 976 2297 1052 2325; x_wconf 90' lang='lat' dir='ltr'><strong>arida</strong></span> <span class='ocrx_word' id='word_1_728' title='bbox 1072 2305 1170 2332; x_wconf 83' lang='lat' dir='ltr'><strong>nempe</strong></span> <span class='ocrx_word' id='word_1_729' title='bbox 1186 2297 1340 2325; x_wconf 86' lang='lat' dir='ltr'><strong>substantia</strong></span> <span class='ocrx_word' id='word_1_730' title='bbox 1351 2299 1379 2323; x_wconf 87' lang='lat' dir='ltr'><strong>et</strong></span> <span class='ocrx_word' id='word_1_731' title='bbox 1390 2300 1462 2323; x_wconf 84' lang='lat' dir='ltr'><strong>terra</strong></span> <span class='ocrx_word' id='word_1_732' title='bbox 1478 2294 1556 2321; x_wconf 73' lang='lat' dir='ltr'><strong>cmlis</strong></span> <span class='ocrx_word' id='word_1_733' title='bbox 1572 2292 1705 2327; x_wconf 86' lang='lat' dir='ltr'><strong>subjecta,</strong></span> <span class='ocrx_word' id='word_1_734' title='bbox 1718 2294 1765 2317; x_wconf 88' lang='lat' dir='ltr'><strong>tua</strong></span> 
     </span>
    </p>
   </div>
   <div class='ocr_carea' id='block_1_95' title="bbox 977 2340 1766 2379">
    <p class='ocr_par' dir='ltr' id='par_1_95' title="bbox 977 2340 1766 2379">
     <span class='ocr_line' id='line_1_95' title="bbox 977 2340 1766 2379; baseline -0.011 -6"><span class='ocrx_word' id='word_1_735' title='bbox 977 2346 1040 2373; x_wconf 85' lang='lat' dir='ltr'><strong>item</strong></span> <span class='ocrx_word' id='word_1_736' title='bbox 1057 2348 1110 2373; x_wconf 87' lang='lat' dir='ltr'><strong>est.</strong></span> <span class='ocrx_word' id='word_1_737' title='bbox 1123 2344 1192 2371; x_wconf 83' lang='lat' dir='ltr'><strong>Cum</strong></span> <span class='ocrx_word' id='word_1_738' title='bbox 1207 2345 1298 2379; x_wconf 89' lang='lat' dir='ltr'><strong>itaque</strong></span> <span class='ocrx_word' id='word_1_739' title='bbox 1318 2342 1410 2370; x_wconf 86' lang='lat' dir='ltr'><strong>omnia</strong></span> <span class='ocrx_word' id='word_1_740' title='bbox 1431 2345 1476 2368; x_wconf 90' lang='lat' dir='ltr'><strong>tuo</strong></span> <span class='ocrx_word' id='word_1_741' title='bbox 1494 2340 1574 2367; x_wconf 87' lang='lat' dir='ltr'><strong>nului</strong></span> <span class='ocrx_word' id='word_1_742' title='bbox 1595 2340 1724 2370; x_wconf 83' lang='lat' dir='ltr'><strong>serviant,</strong></span> <span class='ocrx_word' id='word_1_743' title='bbox 1738 2342 1766 2365; x_wconf 87' lang='lat' dir='ltr'><strong>et</strong></span> 
     </span>
    </p>
   </div>
   <div class='ocr_carea' id='block_1_96' title="bbox 139 2385 920 2434">
    <p class='ocr_par' dir='ltr' id='par_1_96' title="bbox 139 2395 920 2434">
     <span class='ocr_line' id='line_1_96' title="bbox 139 2395 920 2434; baseline -0.009 -7"><span class='ocrx_word' id='word_1_744' title='bbox 139 2399 208 2434; x_wconf 78' lang='grc' dir='ltr'>Ξηρὰ</span> <span class='ocrx_word' id='word_1_745' title='bbox 219 2399 307 2431; x_wconf 86' lang='grc' dir='ltr'>οὐσία,</span> <span class='ocrx_word' id='word_1_746' title='bbox 324 2399 399 2434; x_wconf 80' lang='grc' dir='ltr'>καὶὴ</span> <span class='ocrx_word' id='word_1_747' title='bbox 421 2399 477 2431; x_wconf 82' lang='grc' dir='ltr'>τοῖς</span> <span class='ocrx_word' id='word_1_748' title='bbox 498 2398 623 2434; x_wconf 83' lang='grc' dir='ltr'>οὐρανοῖς</span> <span class='ocrx_word' id='word_1_749' title='bbox 640 2395 808 2431; x_wconf 78' lang='grc' dir='ltr'>ὑποκειμένη</span> <span class='ocrx_word' id='word_1_750' title='bbox 828 2395 874 2430; x_wconf 84' lang='grc' dir='ltr'>γῆ,</span> <span class='ocrx_word' id='word_1_751' title='bbox 892 2395 920 2420; x_wconf 68' lang='lat' dir='ltr'><strong>at</strong></span> 
     </span>
    </p>
   </div>
   <div class='ocr_carea' id='block_1_97' title="bbox 971 2385 1766 2434">
    <p class='ocr_par' dir='ltr' id='par_1_97' title="bbox 979 2385 1766 2426">
     <span class='ocr_line' id='line_1_97' title="bbox 979 2385 1766 2426; baseline -0.011 -6"><span class='ocrx_word' id='word_1_752' title='bbox 979 2397 1008 2419; x_wconf 91' lang='lat' dir='ltr'><strong>tu</strong></span> <span class='ocrx_word' id='word_1_753' title='bbox 1019 2391 1147 2419; x_wconf 88' lang='lat' dir='ltr'><strong>omnibus</strong></span> <span class='ocrx_word' id='word_1_754' title='bbox 1160 2391 1288 2426; x_wconf 87' lang='lat' dir='ltr'><strong>imperes,</strong></span> <span class='ocrx_word' id='word_1_755' title='bbox 1309 2392 1404 2424; x_wconf 84' lang='lat' dir='ltr'><strong>utpote</strong></span> <span class='ocrx_word' id='word_1_756' title='bbox 1419 2387 1541 2415; x_wconf 94' lang='lat' dir='ltr'><strong>omnium</strong></span> <span class='ocrx_word' id='word_1_757' title='bbox 1561 2385 1699 2416; x_wconf 91' lang='lat' dir='ltr'><strong>dominus,</strong></span> <span class='ocrx_word' id='word_1_758' title='bbox 1717 2392 1766 2412; x_wconf 77' lang='lat' dir='ltr'><strong>rex</strong></span> 
     </span>
    </p>
   </div>
   <div class='ocr_carea' id='block_1_98' title="bbox 139 2442 925 2481">
    <p class='ocr_par' dir='ltr' id='par_1_98' title="bbox 139 2442 925 2481">
     <span class='ocr_line' id='line_1_98' title="bbox 139 2442 925 2481; baseline -0.008 -8"><span class='ocrx_word' id='word_1_759' title='bbox 139 2446 195 2472; x_wconf 70' lang='grc' dir='ltr'>ἐστι</span> <span class='ocrx_word' id='word_1_760' title='bbox 212 2446 259 2472; x_wconf 78' lang='grc' dir='ltr'><strong>καὶ</strong></span> <span class='ocrx_word' id='word_1_761' title='bbox 277 2445 432 2481; x_wconf 82' lang='grc' dir='ltr'>αὖτη.”υτε</span> <span class='ocrx_word' id='word_1_762' title='bbox 448 2445 538 2471; x_wconf 86' lang='grc' dir='ltr'>τοίνυν</span> <span class='ocrx_word' id='word_1_763' title='bbox 560 2444 594 2470; x_wconf 82' lang='grc' dir='ltr'>τὰ</span> <span class='ocrx_word' id='word_1_764' title='bbox 617 2443 760 2479; x_wconf 79' lang='grc' dir='ltr'>σύμπαντα</span> <span class='ocrx_word' id='word_1_765' title='bbox 785 2443 841 2473; x_wconf 89' lang='grc' dir='ltr'>τοῖς</span> <span class='ocrx_word' id='word_1_766' title='bbox 869 2442 925 2473; x_wconf 87' lang='grc' dir='ltr'>σοῖς</span> 
     </span>
    </p>
   </div>
   <div class='ocr_carea' id='block_1_99' title="bbox 138 2487 924 2528">
    <p class='ocr_par' dir='ltr' id='par_1_99' title="bbox 138 2487 924 2528">
     <span class='ocr_line' id='line_1_99' title="bbox 138 2487 924 2528; baseline -0.006 -10"><span class='ocrx_word' id='word_1_767' title='bbox 138 2491 253 2528; x_wconf 81' lang='grc' dir='ltr'>νεύμασι</span> <span class='ocrx_word' id='word_1_768' title='bbox 265 2492 395 2523; x_wconf 81' lang='grc' dir='ltr'>δουλεύει,</span> <span class='ocrx_word' id='word_1_769' title='bbox 412 2492 458 2518; x_wconf 78' lang='grc' dir='ltr'>καὶ</span> <span class='ocrx_word' id='word_1_770' title='bbox 475 2492 507 2518; x_wconf 84' lang='grc' dir='ltr'>σὺ</span> <span class='ocrx_word' id='word_1_771' title='bbox 521 2490 630 2517; x_wconf 84' lang='grc' dir='ltr'>πάντων</span> <span class='ocrx_word' id='word_1_772' title='bbox 649 2490 768 2525; x_wconf 82' lang='grc' dir='ltr'>κρατεῖς.</span> <span class='ocrx_word' id='word_1_773' title='bbox 779 2487 872 2523; x_wconf 86' lang='grc' dir='ltr'>κύριος</span> <span class='ocrx_word' id='word_1_774' title='bbox 887 2487 924 2514; x_wconf 81' lang='grc' dir='ltr'>ὢν</span> 
     </span>
    </p>
   </div>
   <div class='ocr_carea' id='block_1_100' title="bbox 138 2533 925 2574">
    <p class='ocr_par' dir='ltr' id='par_1_100' title="bbox 138 2533 925 2574">
     <span class='ocr_line' id='line_1_100' title="bbox 138 2533 925 2574; baseline -0.006 -10"><span class='ocrx_word' id='word_1_775' title='bbox 138 2538 265 2567; x_wconf 67' lang='grc' dir='ltr'>ἁπάντων</span> <span class='ocrx_word' id='word_1_776' title='bbox 283 2539 329 2565; x_wconf 79' lang='grc' dir='ltr'>καὶ</span> <span class='ocrx_word' id='word_1_777' title='bbox 353 2538 479 2574; x_wconf 81' lang='grc' dir='ltr'>βασιλεὺς</span> <span class='ocrx_word' id='word_1_778' title='bbox 501 2538 548 2564; x_wconf 79' lang='grc' dir='ltr'>καὶ</span> <span class='ocrx_word' id='word_1_779' title='bbox 565 2537 645 2569; x_wconf 72' lang='grc' dir='ltr'>Θεὸς,</span> <span class='ocrx_word' id='word_1_780' title='bbox 669 2535 712 2567; x_wconf 87' lang='grc' dir='ltr'><strong>τίς</strong></span> <span class='ocrx_word' id='word_1_781' title='bbox 735 2533 925 2569; x_wconf 78' lang='grc' dir='ltr'>ἀντιστήσεται</span> 
     </span>
    </p>
   </div>
   <div class='ocr_carea' id='block_1_101' title="bbox 138 2579 959 2620">
    <p class='ocr_par' dir='ltr' id='par_1_101' title="bbox 138 2579 959 2620">
     <span class='ocr_line' id='line_1_101' title="bbox 138 2579 959 2620; baseline -0.007 -8"><span class='ocrx_word' id='word_1_782' title='bbox 138 2592 195 2617; x_wconf 74' lang='grc' dir='ltr'>σοις</span> <span class='ocrx_word' id='word_1_783' title='bbox 211 2580 248 2611; x_wconf 71' lang='grc' dir='ltr'><strong><em>Ἦ</em></strong></span> <span class='ocrx_word' id='word_1_784' title='bbox 260 2585 285 2612; x_wconf 84' lang='grc' dir='ltr'><strong>τί</strong></span> <span class='ocrx_word' id='word_1_785' title='bbox 295 2585 326 2612; x_wconf 81' lang='grc' dir='ltr'>τὸ</span> <span class='ocrx_word' id='word_1_786' title='bbox 339 2584 462 2620; x_wconf 69' lang='grc' dir='ltr'>ἐμποδὼν</span> <span class='ocrx_word' id='word_1_787' title='bbox 476 2584 551 2611; x_wconf 76' lang='grc' dir='ltr'>ἔσται</span> <span class='ocrx_word' id='word_1_788' title='bbox 561 2583 608 2610; x_wconf 81' lang='grc' dir='ltr'>τοῦ</span> <span class='ocrx_word' id='word_1_789' title='bbox 626 2583 663 2619; x_wconf 88' lang='grc' dir='ltr'>μὴ</span> <span class='ocrx_word' id='word_1_790' title='bbox 691 2581 880 2609; x_wconf 82' lang='grc' dir='ltr'>πιστώσασθαι</span> <span class='ocrx_word' id='word_1_791' title='bbox 911 2579 959 2611; x_wconf 81' lang='grc' dir='ltr'><strong>τὰς</strong></span> 
     </span>
    </p>
   </div>
   <div class='ocr_carea' id='block_1_102' title="bbox 140 2631 628 2668">
    <p class='ocr_par' dir='ltr' id='par_1_102' title="bbox 140 2631 628 2668">
     <span class='ocr_line' id='line_1_102' title="bbox 140 2631 628 2668; baseline -0.002 -9"><span class='ocrx_word' id='word_1_792' title='bbox 140 2631 199 2668; x_wconf 82' lang='grc' dir='ltr'>μεθ’</span> <span class='ocrx_word' id='word_1_793' title='bbox 216 2632 297 2667; x_wconf 78' lang='grc' dir='ltr'>ὅρκου</span> <span class='ocrx_word' id='word_1_794' title='bbox 314 2632 382 2667; x_wconf 75' lang='grc' dir='ltr'>πρὸς</span> <span class='ocrx_word' id='word_1_795' title='bbox 392 2632 472 2659; x_wconf 82' lang='grc' dir='ltr'>αὐτὸν</span> <span class='ocrx_word' id='word_1_796' title='bbox 492 2632 628 2667; x_wconf 77' lang='grc' dir='ltr'>ὲποιήσως</span> 
     </span>
    </p>
   </div>
   <div class='ocr_carea' id='block_1_103' title="bbox 174 2677 930 2714">
    <p class='ocr_par' dir='ltr' id='par_1_103' title="bbox 174 2677 930 2714">
     <span class='ocr_line' id='line_1_103' title="bbox 174 2677 930 2714; baseline -0.004 -8"><span class='ocrx_word' id='word_1_797' title='bbox 174 2679 282 2714; x_wconf 79' lang='grc' dir='ltr'>Σφόδρα</span> <span class='ocrx_word' id='word_1_798' title='bbox 293 2679 381 2706; x_wconf 86' lang='grc' dir='ltr'>τοίνυν</span> <span class='ocrx_word' id='word_1_799' title='bbox 392 2679 439 2706; x_wconf 76' lang='grc' dir='ltr'>καὶ</span> <span class='ocrx_word' id='word_1_800' title='bbox 453 2679 607 2710; x_wconf 75' lang='grc' dir='ltr'>ἀκολούθως</span> <span class='ocrx_word' id='word_1_801' title='bbox 618 2679 674 2710; x_wconf 81' lang='grc' dir='ltr'>τοῖς</span> <span class='ocrx_word' id='word_1_802' title='bbox 686 2678 841 2714; x_wconf 75' lang='grc' dir='ltr'>ἔμπροσθεν</span> <span class='ocrx_word' id='word_1_803' title='bbox 854 2677 930 2713; x_wconf 85' lang='grc' dir='ltr'>είρη-</span> 
     </span>
    </p>
   </div>
   <div class='ocr_carea' id='block_1_104' title="bbox 142 2725 930 2761">
    <p class='ocr_par' dir='ltr' id='par_1_104' title="bbox 142 2725 930 2761">
     <span class='ocr_line' id='line_1_104' title="bbox 142 2725 930 2761; baseline -0.003 -9"><span class='ocrx_word' id='word_1_804' title='bbox 142 2725 232 2761; x_wconf 79' lang='grc' dir='ltr'>μένοις</span> <span class='ocrx_word' id='word_1_805' title='bbox 247 2726 291 2753; x_wconf 81' lang='grc' dir='ltr'><strong>διὰ</strong></span> <span class='ocrx_word' id='word_1_806' title='bbox 304 2726 358 2753; x_wconf 86' lang='grc' dir='ltr'>τῶν</span> <span class='ocrx_word' id='word_1_807' title='bbox 374 2726 561 2761; x_wconf 83' lang='grc' dir='ltr'>προκειμένων</span> <span class='ocrx_word' id='word_1_808' title='bbox 585 2726 709 2761; x_wconf 78' lang='grc' dir='ltr'>ἐπήγαγε</span> <span class='ocrx_word' id='word_1_809' title='bbox 729 2726 770 2758; x_wconf 84' lang='grc' dir='ltr'>τὸ,</span> <span class='ocrx_word' id='word_1_810' title='bbox 785 2725 837 2752; x_wconf 88' lang='grc' dir='ltr'>Σοί</span> <span class='ocrx_word' id='word_1_811' title='bbox 852 2725 930 2751; x_wconf 79' lang='grc' dir='ltr'>εῖσιν</span> 
     </span>
    </p>
   </div>
   <div class='ocr_carea' id='block_1_105' title="bbox 140 2769 930 2807">
    <p class='ocr_par' dir='ltr' id='par_1_105' title="bbox 140 2769 930 2807">
     <span class='ocr_line' id='line_1_105' title="bbox 140 2769 930 2807; baseline -0.003 -8"><span class='ocrx_word' id='word_1_812' title='bbox 140 2774 167 2800; x_wconf 84' lang='grc' dir='ltr'>οἱ</span> <span class='ocrx_word' id='word_1_813' title='bbox 183 2772 316 2807; x_wconf 73' lang='grc' dir='ltr'>οὐρανοὶ,</span> <span class='ocrx_word' id='word_1_814' title='bbox 333 2772 382 2799; x_wconf 76' lang='grc' dir='ltr'>καὶ</span> <span class='ocrx_word' id='word_1_815' title='bbox 400 2772 441 2806; x_wconf 85' lang='grc' dir='ltr'>σή</span> <span class='ocrx_word' id='word_1_816' title='bbox 459 2773 545 2799; x_wconf 82' lang='grc' dir='ltr'>ἐστιν</span> <span class='ocrx_word' id='word_1_817' title='bbox 558 2773 577 2806; x_wconf 75' lang='grc' dir='ltr'>ἡ</span> <span class='ocrx_word' id='word_1_818' title='bbox 593 2772 630 2807; x_wconf 79' lang='grc' dir='ltr'>γῆ</span> <span class='ocrx_word' id='word_1_819' title='bbox 642 2782 649 2788; x_wconf 73' lang='grc' dir='ltr'><em>υ</em></span> <span class='ocrx_word' id='word_1_820' title='bbox 673 2771 731 2806; x_wconf 75' lang='grc' dir='ltr'><strong>τὴν</strong></span> <span class='ocrx_word' id='word_1_821' title='bbox 751 2769 930 2805; x_wconf 77' lang='grc' dir='ltr'>οἰκουμένην</span> 
     </span>
    </p>
   </div>
   <div class='ocr_carea' id='block_1_106' title="bbox 128 2815 931 2853">
    <p class='ocr_par' dir='ltr' id='par_1_106' title="bbox 128 2815 931 2853">
     <span class='ocr_line' id='line_1_106' title="bbox 128 2815 931 2853; baseline -0.005 -7"><span class='ocrx_word' id='word_1_822' title='bbox 128 2819 189 2846; x_wconf 74' lang='grc' dir='ltr'>’καὶ</span> <span class='ocrx_word' id='word_1_823' title='bbox 207 2819 353 2853; x_wconf 76' lang='grc' dir='ltr'>πλήρωμα</span> <span class='ocrx_word' id='word_1_824' title='bbox 370 2817 465 2852; x_wconf 83' lang='grc' dir='ltr'>αὐτῆς</span> <span class='ocrx_word' id='word_1_825' title='bbox 480 2818 520 2844; x_wconf 82' lang='grc' dir='ltr'>σὺ</span> <span class='ocrx_word' id='word_1_826' title='bbox 533 2817 743 2852; x_wconf 69' lang='grc' dir='ltr'>ἐθεμελίωσας.</span> <span class='ocrx_word' id='word_1_827' title='bbox 758 2817 795 2843; x_wconf 86' lang='grc' dir='ltr'>Οὐ</span> <span class='ocrx_word' id='word_1_828' title='bbox 810 2816 865 2851; x_wconf 85' lang='grc' dir='ltr'>γὰρ</span> <span class='ocrx_word' id='word_1_829' title='bbox 883 2815 931 2850; x_wconf 82' lang='grc' dir='ltr'><strong>μό-</strong></span> 
     </span>
    </p>
   </div>
   <div class='ocr_carea' id='block_1_107' title="bbox 141 2862 926 2901">
    <p class='ocr_par' dir='ltr' id='par_1_107' title="bbox 141 2862 926 2901">
     <span class='ocr_line' id='line_1_107' title="bbox 141 2862 926 2901; baseline -0.006 -9"><span class='ocrx_word' id='word_1_830' title='bbox 141 2874 186 2892; x_wconf 83' lang='grc' dir='ltr'><strong>νον</strong></span> <span class='ocrx_word' id='word_1_831' title='bbox 201 2865 246 2892; x_wconf 60' lang='grc' dir='ltr'><strong>τὸν</strong></span> <span class='ocrx_word' id='word_1_832' title='bbox 270 2864 393 2901; x_wconf 77' lang='grc' dir='ltr'>οὐρανὸν,</span> <span class='ocrx_word' id='word_1_833' title='bbox 408 2865 484 2900; x_wconf 70' lang='grc' dir='ltr'>φησι,</span> <span class='ocrx_word' id='word_1_834' title='bbox 512 2864 560 2890; x_wconf 70' lang='grc' dir='ltr'>καὶ</span> <span class='ocrx_word' id='word_1_835' title='bbox 574 2863 622 2894; x_wconf 82' lang='grc' dir='ltr'><strong>τὰς</strong></span> <span class='ocrx_word' id='word_1_836' title='bbox 649 2864 678 2889; x_wconf 86' lang='grc' dir='ltr'>ὲν</span> <span class='ocrx_word' id='word_1_837' title='bbox 699 2862 773 2897; x_wconf 77' lang='grc' dir='ltr'><strong>αὐτῷ</strong></span> <span class='ocrx_word' id='word_1_838' title='bbox 788 2862 926 2896; x_wconf 75' lang='grc' dir='ltr'>δυνάμεις,</span> 
     </span>
    </p>
   </div>
   <div class='ocr_carea' id='block_1_108' title="bbox 142 2907 929 2944">
    <p class='ocr_par' dir='ltr' id='par_1_108' title="bbox 142 2907 929 2944">
     <span class='ocr_line' id='line_1_108' title="bbox 142 2907 929 2944; baseline -0.006 -6"><span class='ocrx_word' id='word_1_839' title='bbox 142 2910 208 2938; x_wconf 76' lang='grc' dir='ltr'>ἀλλὰ</span> <span class='ocrx_word' id='word_1_840' title='bbox 223 2910 269 2938; x_wconf 78' lang='grc' dir='ltr'>καὶ</span> <span class='ocrx_word' id='word_1_841' title='bbox 279 2910 327 2944; x_wconf 82' lang='grc' dir='ltr'>τὴν</span> <span class='ocrx_word' id='word_1_842' title='bbox 345 2910 396 2944; x_wconf 86' lang='grc' dir='ltr'>γῆν</span> <span class='ocrx_word' id='word_1_843' title='bbox 414 2910 445 2936; x_wconf 80' lang='grc' dir='ltr'><strong>σύ</strong></span> <span class='ocrx_word' id='word_1_844' title='bbox 467 2908 662 2943; x_wconf 71' lang='grc' dir='ltr'>ἐθεμελίωσας·</span> <span class='ocrx_word' id='word_1_845' title='bbox 681 2907 831 2943; x_wconf 72' lang='grc' dir='ltr'>συμφώνως</span> <span class='ocrx_word' id='word_1_846' title='bbox 850 2907 883 2942; x_wconf 76' lang='grc' dir='ltr'><strong>τῇ</strong></span> <span class='ocrx_word' id='word_1_847' title='bbox 900 2907 929 2933; x_wconf 79' lang='grc' dir='ltr'>ἐν</span> 
     </span>
    </p>
   </div>
   <div class='ocr_carea' id='block_1_109' title="bbox 978 2431 1767 2474">
    <p class='ocr_par' dir='ltr' id='par_1_109' title="bbox 978 2431 1767 2474">
     <span class='ocr_line' id='line_1_109' title="bbox 978 2431 1767 2474; baseline -0.013 -8"><span class='ocrx_word' id='word_1_848' title='bbox 978 2443 1004 2466; x_wconf 87' lang='lat' dir='ltr'><strong>et</strong></span> <span class='ocrx_word' id='word_1_849' title='bbox 1020 2438 1103 2471; x_wconf 87' lang='lat' dir='ltr'><strong>Deus,</strong></span> <span class='ocrx_word' id='word_1_850' title='bbox 1117 2438 1181 2474; x_wconf 91' lang='lat' dir='ltr'><strong>quis</strong></span> <span class='ocrx_word' id='word_1_851' title='bbox 1200 2437 1311 2464; x_wconf 75' lang='lat' dir='ltr'><strong>resistet</strong></span> <span class='ocrx_word' id='word_1_852' title='bbox 1329 2435 1396 2462; x_wconf 86' lang='lat' dir='ltr'><strong>tibi?</strong></span> <span class='ocrx_word' id='word_1_853' title='bbox 1422 2433 1456 2460; x_wconf 85' lang='lat' dir='ltr'><strong>Et</strong></span> <span class='ocrx_word' id='word_1_854' title='bbox 1479 2432 1545 2468; x_wconf 90' lang='lat' dir='ltr'><strong>quid</strong></span> <span class='ocrx_word' id='word_1_855' title='bbox 1572 2431 1767 2466; x_wconf 86' lang='lat' dir='ltr'><strong>impedimento</strong></span> 
     </span>
    </p>
   </div>
   <div class='ocr_carea' id='block_1_110' title="bbox 978 2477 1768 2520">
    <p class='ocr_par' dir='ltr' id='par_1_110' title="bbox 978 2477 1768 2520">
     <span class='ocr_line' id='line_1_110' title="bbox 978 2477 1768 2520; baseline -0.013 -8"><span class='ocrx_word' id='word_1_856' title='bbox 978 2485 1070 2517; x_wconf 82' lang='lat' dir='ltr'><strong>fuerit,</strong></span> <span class='ocrx_word' id='word_1_857' title='bbox 1082 2484 1230 2520; x_wconf 88' lang='lat' dir='ltr'><strong>quominus</strong></span> <span class='ocrx_word' id='word_1_858' title='bbox 1249 2487 1295 2510; x_wconf 84' lang='lat' dir='ltr'><strong>tua</strong></span> <span class='ocrx_word' id='word_1_859' title='bbox 1308 2482 1395 2509; x_wconf 89' lang='lat' dir='ltr'><strong>electo</strong></span> <span class='ocrx_word' id='word_1_860' title='bbox 1407 2484 1454 2507; x_wconf 89' lang='lat' dir='ltr'><strong>tuo</strong></span> <span class='ocrx_word' id='word_1_861' title='bbox 1467 2478 1563 2506; x_wconf 87' lang='lat' dir='ltr'><strong>Davidi</strong></span> <span class='ocrx_word' id='word_1_862' title='bbox 1577 2478 1639 2505; x_wconf 84' lang='lat' dir='ltr'><strong>data</strong></span> <span class='ocrx_word' id='word_1_863' title='bbox 1651 2477 1768 2512; x_wconf 89' lang='lat' dir='ltr'><strong>promis-</strong></span> 
     </span>
    </p>
   </div>
   <div class='ocr_carea' id='block_1_111' title="bbox 980 2523 1698 2566">
    <p class='ocr_par' dir='ltr' id='par_1_111' title="bbox 980 2523 1698 2566">
     <span class='ocr_line' id='line_1_111' title="bbox 980 2523 1698 2566; baseline -0.014 -7"><span class='ocrx_word' id='word_1_864' title='bbox 980 2539 1020 2564; x_wconf 85' lang='lat' dir='ltr'><strong>sa,</strong></span> <span class='ocrx_word' id='word_1_865' title='bbox 1037 2539 1098 2566; x_wconf 74' lang='lat' dir='ltr'><strong>qua:</strong></span> <span class='ocrx_word' id='word_1_866' title='bbox 1112 2531 1221 2566; x_wconf 88' lang='lat' dir='ltr'><strong>juratus</strong></span> <span class='ocrx_word' id='word_1_867' title='bbox 1236 2528 1355 2559; x_wconf 86' lang='lat' dir='ltr'><strong>edidisti,</strong></span> <span class='ocrx_word' id='word_1_868' title='bbox 1371 2525 1512 2555; x_wconf 88' lang='lat' dir='ltr'><strong>credibilia</strong></span> <span class='ocrx_word' id='word_1_869' title='bbox 1529 2523 1698 2552; x_wconf 75' lang='lat' dir='ltr'><strong>reddantur?</strong></span> 
     </span>
    </p>
   </div>
   <div class='ocr_carea' id='block_1_112' title="bbox 981 2567 1768 2614">
    <p class='ocr_par' dir='ltr' id='par_1_112' title="bbox 981 2567 1768 2614">
     <span class='ocr_line' id='line_1_112' title="bbox 981 2567 1768 2614; baseline -0.014 -9"><span class='ocrx_word' id='word_1_870' title='bbox 981 2579 1030 2611; x_wconf 84' lang='grc' dir='ltr'><strong>σὰς</strong></span> <span class='ocrx_word' id='word_1_871' title='bbox 1055 2578 1123 2614; x_wconf 77' lang='grc' dir='ltr'>πρὸς</span> <span class='ocrx_word' id='word_1_872' title='bbox 1138 2577 1184 2604; x_wconf 75' lang='grc' dir='ltr'>τὸν</span> <span class='ocrx_word' id='word_1_873' title='bbox 1207 2575 1334 2603; x_wconf 76' lang='grc' dir='ltr'>ἐκλεκτόν</span> <span class='ocrx_word' id='word_1_874' title='bbox 1361 2582 1407 2601; x_wconf 86' lang='grc' dir='ltr'><strong>σου</strong></span> <span class='ocrx_word' id='word_1_875' title='bbox 1429 2572 1510 2600; x_wconf 82' lang='grc' dir='ltr'><strong>Δαυῖδ</strong></span> <span class='ocrx_word' id='word_1_876' title='bbox 1532 2569 1716 2606; x_wconf 78' lang='grc' dir='ltr'>ἐπαγγελίας,</span> <span class='ocrx_word' id='word_1_877' title='bbox 1735 2567 1768 2600; x_wconf 80' lang='grc' dir='ltr'>ἃς</span> 
     </span>
    </p>
   </div>
   <div class='ocr_carea' id='block_1_113' title="bbox 1014 2663 1769 2706">
    <p class='ocr_par' dir='ltr' id='par_1_113' title="bbox 1014 2663 1769 2706">
     <span class='ocr_line' id='line_1_113' title="bbox 1014 2663 1769 2706; baseline -0.012 -6"><span class='ocrx_word' id='word_1_878' title='bbox 1014 2671 1168 2700; x_wconf 81' lang='lat' dir='ltr'><strong>Admodum</strong></span> <span class='ocrx_word' id='word_1_879' title='bbox 1184 2673 1370 2706; x_wconf 75' lang='lat' dir='ltr'><strong>congruenter</strong></span> <span class='ocrx_word' id='word_1_880' title='bbox 1381 2675 1463 2703; x_wconf 84' lang='lat' dir='ltr'><strong>supra</strong></span> <span class='ocrx_word' id='word_1_881' title='bbox 1480 2666 1561 2695; x_wconf 86' lang='lat' dir='ltr'><strong>dictis</strong></span> <span class='ocrx_word' id='word_1_882' title='bbox 1575 2666 1632 2702; x_wconf 85' lang='lat' dir='ltr'><strong>jam</strong></span> <span class='ocrx_word' id='word_1_883' title='bbox 1656 2663 1769 2699; x_wconf 86' lang='lat' dir='ltr'><strong>subjicit</strong></span> 
     </span>
    </p>
   </div>
   <div class='ocr_carea' id='block_1_114' title="bbox 979 2710 1769 2747">
    <p class='ocr_par' dir='ltr' id='par_1_114' title="bbox 979 2710 1769 2747">
     <span class='ocr_line' id='line_1_114' title="bbox 979 2710 1769 2747; baseline -0.015 0"><span class='ocrx_word' id='word_1_884' title='bbox 979 2719 1045 2747; x_wconf 89' lang='lat' dir='ltr'><strong>illud</strong></span> <span class='ocrx_word' id='word_1_885' title='bbox 1060 2728 1066 2745; x_wconf 92' lang='lat'><strong>:</strong></span> <span class='ocrx_word' id='word_1_886' title='bbox 1083 2717 1133 2744; x_wconf 86' lang='lat' dir='ltr'><strong>Tui</strong></span> <span class='ocrx_word' id='word_1_887' title='bbox 1150 2720 1211 2745; x_wconf 80' lang='lat' dir='ltr'><strong>sunt</strong></span> <span class='ocrx_word' id='word_1_888' title='bbox 1239 2715 1297 2742; x_wconf 78' lang='lat' dir='ltr'><strong>cceli</strong></span> <span class='ocrx_word' id='word_1_889' title='bbox 1319 2719 1343 2742; x_wconf 90' lang='lat' dir='ltr'><strong>et</strong></span> <span class='ocrx_word' id='word_1_890' title='bbox 1359 2719 1406 2740; x_wconf 85' lang='lat' dir='ltr'><strong>tua</strong></span> <span class='ocrx_word' id='word_1_891' title='bbox 1426 2717 1464 2740; x_wconf 82' lang='lat' dir='ltr'><strong>est</strong></span> <span class='ocrx_word' id='word_1_892' title='bbox 1481 2716 1572 2739; x_wconf 84' lang='lat' dir='ltr'><strong>terra:</strong></span> <span class='ocrx_word' id='word_1_893' title='bbox 1589 2710 1676 2738; x_wconf 79' lang='lat' dir='ltr'><strong>orbem</strong></span> <span class='ocrx_word' id='word_1_894' title='bbox 1692 2714 1769 2736; x_wconf 75' lang='lat' dir='ltr'><strong>terra:</strong></span> 
     </span>
    </p>
   </div>
   <div class='ocr_carea' id='block_1_115' title="bbox 979 2755 1768 2800">
    <p class='ocr_par' dir='ltr' id='par_1_115' title="bbox 979 2755 1768 2800">
     <span class='ocr_line' id='line_1_115' title="bbox 979 2755 1768 2800; baseline -0.014 -7"><span class='ocrx_word' id='word_1_895' title='bbox 979 2773 1001 2794; x_wconf 89' lang='lat' dir='ltr'><strong>et</strong></span> <span class='ocrx_word' id='word_1_896' title='bbox 1017 2764 1206 2800; x_wconf 84' lang='lat' dir='ltr'><strong>plenitudinem</strong></span> <span class='ocrx_word' id='word_1_897' title='bbox 1230 2763 1286 2798; x_wconf 73' lang='lat' dir='ltr'><strong>ejus</strong></span> <span class='ocrx_word' id='word_1_898' title='bbox 1304 2766 1330 2788; x_wconf 87' lang='lat' dir='ltr'><strong><em>tu</em></strong></span> <span class='ocrx_word' id='word_1_899' title='bbox 1357 2760 1488 2796; x_wconf 73' lang='lat' dir='ltr'><strong>fundasti.</strong></span> <span class='ocrx_word' id='word_1_900' title='bbox 1512 2758 1572 2786; x_wconf 86' lang='lat' dir='ltr'><strong>Non</strong></span> <span class='ocrx_word' id='word_1_901' title='bbox 1596 2757 1677 2785; x_wconf 89' lang='lat' dir='ltr'><strong>modo</strong></span> <span class='ocrx_word' id='word_1_902' title='bbox 1695 2755 1768 2784; x_wconf 87' lang='lat' dir='ltr'><strong>enim</strong></span> 
     </span>
    </p>
   </div>
   <div class='ocr_carea' id='block_1_116' title="bbox 979 2802 1768 2843">
    <p class='ocr_par' dir='ltr' id='par_1_116' title="bbox 979 2802 1768 2843">
     <span class='ocr_line' id='line_1_116' title="bbox 979 2802 1768 2843; baseline -0.015 -3"><span class='ocrx_word' id='word_1_903' title='bbox 979 2813 1090 2843; x_wconf 75' lang='lat' dir='ltr'><strong>cmlum,</strong></span> <span class='ocrx_word' id='word_1_904' title='bbox 1116 2811 1164 2842; x_wconf 84' lang='lat' dir='ltr'><strong>ait,</strong></span> <span class='ocrx_word' id='word_1_905' title='bbox 1180 2814 1208 2837; x_wconf 89' lang='lat' dir='ltr'><strong>ct</strong></span> <span class='ocrx_word' id='word_1_906' title='bbox 1236 2810 1353 2836; x_wconf 85' lang='lat' dir='ltr'><strong>virtutes</strong></span> <span class='ocrx_word' id='word_1_907' title='bbox 1374 2807 1412 2835; x_wconf 86' lang='lat' dir='ltr'><strong>ibi</strong></span> <span class='ocrx_word' id='word_1_908' title='bbox 1429 2810 1592 2836; x_wconf 80' lang='lat' dir='ltr'><strong>versantes,</strong></span> <span class='ocrx_word' id='word_1_909' title='bbox 1613 2803 1660 2831; x_wconf 87' lang='lat' dir='ltr'><strong>sed</strong></span> <span class='ocrx_word' id='word_1_910' title='bbox 1686 2802 1768 2830; x_wconf 87' lang='lat' dir='ltr'><strong>etiam</strong></span> 
     </span>
    </p>
   </div>
   <div class='ocr_carea' id='block_1_117' title="bbox 981 2850 1767 2887">
    <p class='ocr_par' dir='ltr' id='par_1_117' title="bbox 981 2850 1767 2887">
     <span class='ocr_line' id='line_1_117' title="bbox 981 2850 1767 2887; baseline -0.014 -1"><span class='ocrx_word' id='word_1_911' title='bbox 981 2863 1081 2887; x_wconf 86' lang='lat' dir='ltr'><strong>terram</strong></span> <span class='ocrx_word' id='word_1_912' title='bbox 1097 2856 1217 2884; x_wconf 81' lang='lat' dir='ltr'><strong>fundasti</strong></span> <span class='ocrx_word' id='word_1_913' title='bbox 1230 2865 1236 2883; x_wconf 87' lang='lat'><strong>:</strong></span> <span class='ocrx_word' id='word_1_914' title='bbox 1247 2855 1290 2883; x_wconf 88' lang='lat' dir='ltr'><strong>cui</strong></span> <span class='ocrx_word' id='word_1_915' title='bbox 1304 2854 1405 2881; x_wconf 83' lang='lat' dir='ltr'><strong>accinit</strong></span> <span class='ocrx_word' id='word_1_916' title='bbox 1420 2853 1465 2880; x_wconf 87' lang='lat' dir='ltr'><strong>illa</strong></span> <span class='ocrx_word' id='word_1_917' title='bbox 1481 2850 1691 2879; x_wconf 80' lang='lat' dir='ltr'><strong>Proverbiorum</strong></span> <span class='ocrx_word' id='word_1_918' title='bbox 1707 2856 1767 2876; x_wconf 91' lang='lat' dir='ltr'><strong>scn-</strong></span> 
     </span>
    </p>
   </div>
   <div class='ocr_carea' id='block_1_118' title="bbox 983 2899 1768 2938">
    <p class='ocr_par' dir='ltr' id='par_1_118' title="bbox 983 2899 1768 2938">
     <span class='ocr_line' id='line_1_118' title="bbox 983 2899 1768 2938; baseline -0.018 -5"><span class='ocrx_word' id='word_1_919' title='bbox 983 2904 1091 2934; x_wconf 78' lang='lat' dir='ltr'><strong>tcnlia:</strong></span> <span class='ocrx_word' id='word_1_920' title='bbox 1108 2903 1180 2931; x_wconf 75' lang='lat' dir='ltr'><strong>Deus</strong></span> <span class='ocrx_word' id='word_1_921' title='bbox 1197 2901 1328 2938; x_wconf 70' lang='lat' dir='ltr'><strong>sapientia</strong></span> <span class='ocrx_word' id='word_1_922' title='bbox 1353 2899 1474 2935; x_wconf 76' lang='lat' dir='ltr'><strong>fundavit</strong></span> <span class='ocrx_word' id='word_1_923' title='bbox 1493 2903 1589 2926; x_wconf 81' lang='lat' dir='ltr'><strong>(errant</strong></span> <span class='ocrx_word' id='word_1_924' title='bbox 1604 2904 1613 2923; x_wconf 88' lang='lat'><em>:</em></span> <span class='ocrx_word' id='word_1_925' title='bbox 1632 2901 1768 2931; x_wconf 73' lang='lat' dir='ltr'><strong>purpura-</strong></span> 
     </span>
    </p>
   </div>
  </div>
