2032 3215
248 137 318 166 1095

619 138 753 167 EUSEBII
770 130 1006 168 CESARIENSIS
1023 139 1098 167 OPP.
1121 137 1210 166 PARS
1226 136 1271 165 ιιι.
1291 152 1327 158 -
1344 135 1549 164 EXEGETICA.

1800 137 1870 165 {090

248 194 340 221 hostes
354 194 451 229 jubilat
466 199 493 222 et
509 194 618 229 clamat,
630 204 662 223 ac
677 205 725 231 pro
744 206 806 233 rege
826 206 877 226 suo
897 198 1035 233 jubilatio-

1088 198 1163 223 Δοκεῖ
1178 197 1209 233 δὴ
1231 193 1276 223 οὖν
1299 206 1343 232 μοι
1361 195 1478 222 ἐνταῦθα
1500 195 1530 222 τὺ
1551 195 1620 222 θεῖον
1638 195 1755 231 Πνεῦμα
1780 197 1872 231 σαφῶς

249 248 309 267 nem
326 241 391 267 edit.
407 241 463 267 imo
477 241 558 268 etiam
580 250 651 269 unus
665 243 709 270 ille
725 244 840 278 populus
864 245 1034 272 incruentam

247 290 274 313 et.
298 287 482 314 rationabilem
509 288 625 316 hostiam
656 297 704 324 per
728 290 918 324 julnilationem
939 291 1035 318 olferre

249 332 304 359 Deo
330 333 417 360 solet:
434 334 498 368 quia
513 334 539 360 in
553 335 741 369 spiritualibus
763 336 906 363 sacriﬁciis
920 356 927 368 ,
954 341 1035 370 atquc

249 377 275 403 in
296 378 370 404 cultu
396 387 475 413 quem
500 380 526 406 in
542 379 616 406 Novo
637 379 811 408 Testamento
836 382 1033 417 persolvimus.

248 430 353 450 necnon
372 423 398 450 in
413 425 554 452 sacriﬁciis
571 425 722 453 incruentis
737 430 763 454 et
780 428 899 454 materiae
913 427 1034 461 experti-

248 470 310 502 bus,
326 478 379 497 una
397 478 463 497 voce
489 470 544 497 Deo
556 471 704 505 gratiarum
726 473 859 500 actionem
874 475 1033 501 emittimus.

246 515 300 542 Pro
319 516 366 542 illo
382 520 484 548 autem,
502 516 554 548 Qui
572 518 828 550 scitjubilationem,
844 518 1033 554 Symmachus,

249 562 302 595 Qui
318 563 366 589 scit
381 563 610 597 signiﬁcationem,
631 565 826 600 interpretatus
842 571 895 594 est.
918 567 975 594 Cur
987 576 1034 594 au-

249 612 302 634 tem
321 609 417 635 beatus
435 612 476 635 est
495 610 611 643 populus
629 611 674 644 qui
698 618 875 639 memoratam
897 614 1034 648 iubilatio-

249 660 311 679 nem
335 653 420 684 novit,
448 654 500 679 nisi
526 654 590 688 quia
619 655 771 683 Salvatoris
796 657 924 684 deitatem
952 667 1035 692 agno-

249 705 340 729 scens,
367 706 426 733 qum
453 700 542 727 vultus
564 701 623 734 ejus
644 707 767 734 vocatur,
794 704 884 730 vultus
912 704 1033 738 ejusdem

250 744 352 771 lumine
365 745 504 778 perfusus,
523 747 563 773 sic
578 747 628 774 iter
648 749 702 782 agit
717 757 796 776 suum
813 749 917 782 dicens,
934 750 1036 785 Signa—

251 794 305 815 tum
320 794 358 816 est
375 799 451 824 super
470 800 516 817 nos
539 793 623 818 lumen
646 794 731 820 vultus
753 795 802 824 tui,
823 794 931 822 Domine
943 796 979 827 a‘;
997 800 1033 826 et,

251 833 284 860 In
299 835 396 861 lumine
412 841 455 862 tuo
472 836 613 863 videbimus
633 838 770 865 lumen"?
785 838 821 866 Ea
839 840 872 867 de
889 848 971 867 causa
986 841 1034 876 igi-

1087 242 1247 277 μακαρίζειν
1271 240 1316 267 τὸν
1339 241 1456 276 Χριστοῦ
1484 241 1557 267 λαόν’
1581 238 1659 273 οὗτος
1683 240 1748 276 γὰρ,
1771 241 1871 275 γνῶσιν

1085 287 1236 322 ἀνειληφὼς
1258 288 1306 322 τῆς
1337 287 1407 314 κατὰ
1431 287 1485 313 τῶν
1509 287 1645 322 πολεμίων
1670 288 1717 314 τοῦ
1746 289 1873 325 Σωτῆρος

1085 333 1162 368 ἡμῶν
1187 332 1274 366 νίκης,
1297 332 1424 364 ἀλαλάζει
1449 332 1518 359 κατὰ
1534 332 1587 360 τῶν
1609 333 1724 368 ἐχθρῶν,
1742 334 1812 369 ὑπὲρ
1827 335 1872 360 τοῦ

1084 378 1185 405 οἰκείου
1206 378 1338 413 βασιλέως
1355 379 1400 406 τὸν
1415 379 1570 414 ἀλαλαγμὸν
1590 380 1761 415 ποιούμενος.
1793 381 1873 406 Ἀλλὰ

1085 425 1131 450 καὶ
1146 425 1195 459 τὴν
1215 424 1309 451 Θυσίαν
1332 425 1381 459 τὴν
1405 425 1518 459 ἄναιμον
1535 426 1644 461 λογικὴν
1669 426 1748 461 μόνος
1769 424 1846 458 οὗτος
1859 428 1873 453 ὁ

1085 470 1148 502 λαὸς
1170 471 1203 497 δι’
1224 471 1381 506 ἀλαλαγμοῦ
1402 470 1480 496 εἴωθε
1502 471 1665 506 προσφέρειν
1681 472 1719 507 τῷ
1737 472 1808 507 Θεῷ,
1829 473 1874 500 διὰ

1085 516 1131 543 τοῦ
1152 517 1294 552 σύμφωνον
1309 517 1480 552 ἀναπέμπειν
1504 517 1542 552 τῷ
1564 517 1621 553 Θεῷ
1645 519 1821 554 εὐχαριστίαν
1845 520 1873 546 ὲν

1085 564 1145 594 ταῖς
1168 564 1366 597 πνευματικαῖς
1389 563 1553 598 ἱερουργίαις
1577 564 1624 591 καὶ
1644 566 1703 596 ταῖς
1728 564 1798 591 κατὰ
1823 565 1873 600 τὴν

1085 608 1189 643 Καινὴν
1198 609 1334 643 Διαοήκην
1344 608 1564 644 ὲπιτελουμέναις
1576 611 1641 645 ἡμῖν
1653 610 1802 646 λατρείαις,
1815 612 1874 642 ταῖς

1084 663 1113 679 τε
1131 654 1254 689 ἀναίμοις
1284 655 1330 680 καὶ
1355 655 1446 686 mm;
1466 656 1511 681 καὶ
1535 658 1733 690 πνευματικαῖς
1754 656 1871 688 Θυσίαις.

1091 699 1163 725 Ἀντὶ
1176 699 1203 725 δὲ
1214 700 1271 730 τοῦ,
1282 700 1306 725 '0
1318 700 1470 734 γινώσκων
1481 701 1664 736 ἀλαλαγμὸν,
1680 702 1705 728 Ὀ
1719 701 1874 737 γινώσκων

1084 745 1248 779 σημασιάν,
1265 746 1278 771 ὀ
1296 746 1441 781 Σύμμαχος
1458 747 1621 782 ἡρμήνευσε.
1635 747 1685 774 Διὰ
1700 748 1725 774 τί
1740 748 1768 774 δὲ
1783 749 1873 783 μακά-

1087 792 1143 826 ριὸς
1155 793 1227 818 ἐστιν
1242 790 1318 824 οὗτος
1332 793 1345 818 ὸ
1358 793 1476 827 Χριστοῦ
1489 793 1550 825 λαὸς
1565 795 1579 820 ὁ
1593 794 1637 820 τὸν
1651 795 1797 829 εἰρημένον
1811 796 1875 823 ἁλα-

1085 837 1188 872 λαγμὸν
1204 838 1391 873 ἐπιστάμενος,
1416 839 1471 865 ἀλλ’
1492 839 1508 874 ἢ
1524 840 1672 875 ἐπειδήπερ
1690 840 1738 876 τὴν
1760 841 1874 876 θεότητα

250 885 295 906 tur
312 881 408 908 beatus
429 886 470 908 est
493 882 536 908 hic
552 883 678 917 populus.
704 883 806 916 Tertio,
821 886 884 920 quia
902 894 964 913 cum
980 894 1033 913 non

1088 883 1130 909 τοῦ
1143 884 1266 918 Σωτῆρος
1278 884 1474 918 ἐπιγινώσκων,
1490 886 1549 920 ἧτις
1561 885 1714 920 ὠνόμασται
1729 887 1874 922 πρόσωπον

251 927 320 953 satis
343 928 439 954 habeat
465 928 536 962 quod
563 929 718 963 cognitione
742 930 843 958 Christi
866 932 1036 966 illustretur;

249 974 295 1000 sed
313 974 392 1001 etiam
410 975 437 1000 in
452 974 562 1001 nomine
577 975 636 1009 ejus
652 976 791 1010 glorietur,
815 981 841 1004 et
861 978 895 1004 ab
909 986 942 1005 eo
959 978 1037 1005 Chri-

243 1021 354 1047 stianus
380 1025 564 1055 nuncupetur,
596 1022 702 1050 lictatur
724 1027 751 1050 et
771 1024 888 1050 exsultat
905 1028 961 1051 tota
980 1024 1034 1056 die,

250 1066 304 1092 imo
320 1066 411 1100 potius
427 1068 555 1094 omnibus
570 1068 684 1100 diebus;
708 1068 744 1094 ita
763 1069 834 1095 enim
856 1068 1035 1104 Symmachus

248 1110 444 1145 interpretatus
458 1116 516 1145 est;
536 1112 649 1147 ideoque
662 1114 758 1140 beatus
772 1120 822 1141 est.
840 1114 952 1146 Quarto,
971 1116 1033 1150 quia

250 1157 438 1190 magnitudine
459 1161 485 1184 et
507 1157 674 1185 sublimitate
701 1166 830 1186 crescens
852 1159 958 1193 justitia
987 1160 1033 1187 Dei

247 1202 385 1228 exaltatur
402 1211 407 1228 :
427 1201 481 1229 Deo
495 1210 601 1236 acquum
620 1211 681 1230 esse
701 1209 838 1236 censente,
856 1206 985 1239 populum
1002 1207 1033 1233 il-

249 1246 304 1272 lum
326 1246 352 1273 in
377 1247 572 1274 sublimitatem
600 1253 626 1275 et
651 1256 677 1275 ιιι
701 1248 793 1283 glorias
820 1250 1032 1284 magnitudinem

242 1299 339 1326 agere.
356 1294 403 1327 qui
423 1298 598 1320 memoratam
614 1294 686 1320 illam
701 1294 890 1329 jubilationem
905 1297 989 1327 novit,
1003 1305 1034 1323 ac

249 1338 294 1372 qui
311 1346 325 1364 a
341 1338 408 1365 facie
424 1338 573 1367 Salvatoris
591 1340 754 1373 illustratur,
771 1345 798 1369 et
813 1342 839 1368 in
853 1343 963 1369 nomine
974 1343 1033 1377 ejus

244 1383 378 1416 exsultat,
403 1385 607 1420 gloriaturque,
642 1386 689 1413 sed
715 1395 769 1414 non
804 1388 830 1414 in
855 1392 928 1415 recte
956 1388 1034 1424 factis

246 1437 317 1457 ’51118-

1088 928 1181 960 abso-3,
1200 929 1238 963 τῷ
1257 930 1326 963 φωτὶ
1341 930 1387 956 τοῦ
1405 931 1549 965 προσώπου
1569 932 1650 958 αὑτοῦ
1665 932 1874 968 καταυγαζόμε-

1086 983 1139 1005 νος,
1153 974 1200 1009 τὴν
1216 975 1311 1001 ἑαυτοῦ
1327 978 1441 1003 ποιεῖται
1456 977 1567 1012 πορείαν
1580 977 1676 1011 λέγων,
1696 978 1874 1013 Ἐσημειώθη

1085 1019 1130 1053 ἐφ’
1143 1019 1221 1053 ἡμᾶς
1235 1020 1267 1046 τὸ
1282 1020 1342 1054 φῶς
1357 1021 1410 1047 τοῦ
1427 1021 1588 1055 προσώπου
1603 1031 1671 1054 σου,
1692 1024 1779 1056 Κύριε
1790 1031 1797 1038 ·
1817 1024 1873 1055 καὶ,

1092 1065 1138 1091 Ἐν
1155 1064 1193 1097 τῷ
1207 1067 1280 1100 φωτί
1295 1074 1352 1093 σου
1368 1067 1499 1101 ὀψόμεθα
1521 1068 1554 1094 τὸ
1571 1068 1648 1101 φῶς
1664 1069 1719 1095 Καὶ
1734 1069 1777 1095 διὰ
1796 1069 1875 1096 τοῦτο

1085 1112 1149 1145 γοῦν
1170 1113 1302 1147 μακάριός
1322 1114 1394 1139 ἐστιν
1410 1110 1488 1145 οὗτος
1508 1115 1521 1139 ὀ
1543 1114 1616 1145 λαός.
1638 1115 1693 1140 Καὶ
1707 1115 1799 1150 τρίτον
1813 1115 1874 1141 ἐπεὶ

1088 1157 1124 1192 μὴ
1136 1157 1304 1193 ἀρκούμενος
1317 1158 1357 1193 τῷ
1370 1158 1413 1184 διὰ
1427 1159 1476 1192 τῆς
1489 1159 1613 1192 γνώσεως
1627 1159 1674 1186 τοῦ
1690 1160 1808 1194 Χριστοῦ
1823 1169 1874 1195 qu)-

1086 1204 1215 1237 τίζεσοαι,
1233 1204 1272 1231 ἔτι
1294 1205 1341 1231 καὶ
1361 1205 1399 1240 τῷ
1424 1206 1533 1240 ὀνόματι
1554 1206 1639 1233 αὐτοῦ
1665 1207 1871 1242 σεμνυνόμενος,

1087 1251 1131 1276 καὶ
1141 1251 1303 1285 Χριστιανὸς
1312 1251 1340 1284 ἐξ
1350 1251 1431 1277 αὑτοῦ
1446 1251 1621 1285 καλούμενος.
1638 1252 1780 1287 χαίρεικαὶ
1791 1253 1875 1286 ἀγαλ-

1086 1296 1130 1331 λιᾷ
1146 1297 1208 1331 ὅλην
1224 1297 1272 1331 τὴν
1290 1297 1411 1332 ἡμέραν,
1433 1298 1532 1332 μᾶλλον
1546 1298 1574 1324 δὲ
1593 1301 1682 1324 πᾶσαν
1696 1298 1812 1334 ἡμέραν
1830 1298 1875 1324 οὗ-

1086 1351 1124 1368 τω
1145 1342 1199 1378 γὰρ
1215 1343 1228 1368 ὁ
1253 1342 1398 1378 Σύμμαχος
1413 1345 1577 1379 ἡρμήνευσε·
1595 1345 1642 1370 καὶ
1657 1345 1699 1371 διὰ
1716 1345 1794 1371 τοῦτο
1809 1344 1874 1379 γοῦν

1086 1388 1144 1414 ἐστι
1161 1389 1305 1424 μακάριος.
1322 1390 1376 1416 Καὶ
1389 1391 1516 1424 τέταρτον
1533 1390 1625 1426 ἐπειδὴ
1643 1391 1682 1422 είς
1701 1390 1814 1425 μέγεθος
1829 1391 1876 1417 καὶ

1087 1435 1152 1469 ὖψος
1163 1436 1271 1467 ἐπιδοὺς
1284 1438 1316 1471 τῇ
1329 1436 1375 1462 τοῦ
1390 1436 1456 1462 Θεοῦ
1469 1437 1624 1472 δικαιοσύνῃ
1633 1437 1760 1471 ὑψοῦται,
1772 1437 1876 1463 δίκαιον

246 1476 318 1504 εἶναι
330 1479 470 1514 κρίναντος
481 1480 525 1506 τοῦ
540 1480 606 1507 Θεοῦ
619 1482 658 1513 είς
671 1481 737 1516 ὕψος
752 1482 827 1516 ἄγειν
845 1483 891 1508 καὶ
906 1483 951 1508 ἐπὶ
965 1483 1035 1517 μέγα
1054 1483 1131 1518 δόξης
1142 1484 1187 1510 τὺν
1208 1484 1375 1519 ἐπιστήμονα
1387 1484 1433 1510 τοῦ
1462 1485 1606 1519 εἰρημένου
1621 1484 1778 1519 ἀλαλαγμοῦ
1801 1484 1876 1515 λαὸν,

243 1525 296 1551 νκαὶ
308 1526 352 1551 τὸν
366 1525 418 1551 ὑπὸ
431 1526 476 1552 τοῦ
491 1527 636 1561 προσώπου
647 1527 693 1554 τοῦ
705 1528 830 1563 Σωτῆρος
842 1528 1033 1563 φωτιζόμενον,
1055 1529 1100 1554 καὶ
1132 1529 1176 1555 τὸν
1210 1531 1238 1556 ὲν
1258 1529 1370 1564 ὀνόματι
1389 1529 1471 1555 αὑτοῦ
1487 1529 1679 1564 ἀγαλλόμενον.
1700 1530 1747 1556 καὶ
1765 1529 1812 1556 τὸν
1828 1530 1877 1564 ἑγ-

249 1571 436 1607 καυχώμενον,
459 1573 514 1599 ἀλλ’
530 1573 578 1600 οὐκ
595 1574 640 1599 ἐπὶ
657 1575 712 1605 τοῖς
728 1574 802 1605 ἰδίοις
819 1574 1035 1609 κατορθώμασιν.

285 1626 447 1654 Necessario
471 1632 561 1655 autern
588 1627 713 1662 praedicti
736 1627 843 1655 Domini
870 1629 1035 1657 mentionem

1128 1628 1296 1663 ’Δναγκαίως
1307 1628 1336 1655 δὲ
1348 1629 1395 1655 καὶ
1409 1628 1457 1655 τοῦ
1471 1628 1637 1664 δηλωθέντος
1646 1629 1756 1665 μνήμην
1767 1630 1781 1656 ὁ
1798 1629 1878 1665 λόγος

246 1681 342 1701 sermo
358 1672 432 1705 fecit,
450 1672 552 1700 Christi
568 1673 602 1700 ad
618 1674 743 1702 homines
765 1674 899 1702 adventus
918 1675 1037 1709 praecla-

252 1726 313 1745 rum
325 1718 433 1745 facinus
446 1719 609 1746 vaticinans.
624 1718 776 1753 Antequam
790 1719 862 1746 enim
875 1725 965 1747 ortum
977 1721 1038 1755 ejus

250 1764 373 1796 doceret.
393 1765 438 1800 qui
459 1772 491 1791 ex
513 1765 617 1792 semine
632 1764 715 1792 David
734 1765 893 1799 proditurus
909 1770 989 1799 erat;
1007 1773 1039 1794 ac

249 1811 450 1846 pramuntiaret
469 1812 591 1839 omnium
619 1811 691 1847 apud
712 1811 820 1840 Iudaeos
842 1813 1038 1841 venerabilium

252 1858 435 1889 eversionem,
463 1865 518 1893 qua
548 1857 582 1885 de
606 1865 689 1886 causa
706 1858 807 1886 dubius
826 1858 895 1891 inﬁt,
914 1857 963 1885 Ubi
979 1863 1039 1885 sunt

251 1903 441 1930 misericordia:
455 1908 507 1930 tua;
527 1903 652 1938 antiquae,
668 1902 797 1931 Domine?
810 1909 962 1938 opportune
978 1903 1038 1938 qui-

251 1949 312 1977 dem
328 1948 362 1977 de
373 1950 488 1977 veritate
499 1950 697 1985 promissorum
710 1949 757 1977 Dei
769 1949 802 1977 ad
815 1949 942 1978 Davidem
954 1950 1040 1978 faeto-

248 2003 313 2022 tum
329 1996 497 2030 praemissam
522 1995 676 2023 doctrinam
698 1995 793 2024 edidit.
818 1996 953 2029 Quoniam
972 2005 1039 2024 vero

250 2048 304 2068 nos
319 2041 394 2075 prius
415 2040 561 2068 edidicisse
583 2048 652 2075 opus
673 2045 741 2072 erat,
764 2041 809 2068 cui
831 2041 931 2076 populo
952 2041 1039 2076 gratia

250 2085 378 2112 beneﬁcii
388 2093 403 2111 a
416 2085 561 2114 Servatore
572 2086 663 2114 collati
677 2090 874 2118 reservaretur,
885 2095 1039 2122 congruen-

250 2135 295 2158 ter
311 2131 481 2163 memoravit,
495 2139 551 2158 non
569 2131 708 2164 Israelem,
723 2140 812 2167 neque
821 2131 962 2160 Iudaicam
978 2141 1040 2168 gen-

248 2181 320 2208 tem,
343 2176 390 2204 sed
412 2176 543 2212 populum
572 2178 618 2212 qui
644 2178 696 2205 scit
717 2177 907 2212 jubilationem
930 2188 936 2206 :
958 2186 1039 2214 quem

252 2223 384 2258 populum
402 2222 465 2258 jure
480 2223 590 2250 beatum
606 2223 773 2258 pradica‘vit,
796 2224 882 2251 multa
900 2224 951 2259 ipsi
969 2225 1040 2252 bona

254 2269 403 2304 pollicitus.
418 2268 486 2296 Nam
502 2269 567 2304 quia
581 2269 673 2296 sciunt
686 2269 726 2296 illi
740 2269 940 2304 jubilationem,
952 2271 1040 2305 primo

253 2316 363 2350 quidem
379 2316 411 2343 in
431 2315 536 2343 lumine
552 2315 643 2343 vultus
664 2314 711 2343 Dei
730 2315 919 2347 ambulabunt,
942 2316 1040 2344 deinde
1053 2311 1077 2338 Β

254 2363 282 2390 in
301 2362 411 2390 nomine
431 2362 493 2396 ejus
516 2361 693 2389 exsultabunt
720 2361 834 2397 singulis
859 2362 969 2395 diebus;
988 2365 1044 2389 ter-

251 2407 293 2434 tio
322 2409 349 2434 in
374 2407 482 2443 justitia
512 2407 572 2442 ejus
602 2406 812 2439 exaltabuntur;
844 2410 943 2442 quarto
958 2407 1044 2442 gloria

254 2453 362 2481 virtutis
385 2461 479 2481 eorum
505 2453 557 2480 erit
580 2453 640 2487 ipse
655 2451 797 2479 Dominus.
823 2451 892 2486 Quia
912 2452 984 2480 enim
999 2453 1044 2481 hic

255 2499 372 2534 populus
405 2499 483 2526 fortis
511 2502 538 2525 et
568 2502 664 2533 potens
691 2501 744 2530 est,
771 2502 864 2532 utpote
892 2498 939 2533 qui
962 2506 1044 2534 supra

256 2550 360 2580 petram
373 2545 523 2573 aediﬁcatus
536 2547 582 2578 sit,
601 2546 638 2573 ita
654 2549 683 2573 ut
699 2550 784 2581 porta:
804 2545 885 2573 inferi
903 2553 958 2573 non
973 2552 1043 2581 pm-

254 2592 365 2619 valeant
389 2591 520 2619 adversus
547 2600 627 2626 eum;
650 2592 712 2627 jure
735 2592 907 2628 gloriabitur.
933 2599 988 2619 non
1013 2591 1042 2619 in

253 2638 366 2673 propria
388 2638 498 2670 virtute,
521 2638 568 2666 sed
585 2639 612 2666 in
628 2639 743 2666 Domino
766 2640 812 2674 qui
839 2638 964 2667 fundavit
979 2645 1041 2665 eum

254 2691 340 2719 supra
363 2688 477 2718 petram.
499 2683 614 2719 Propter
633 2685 690 2713 hac
709 2685 801 2712 omnia
819 2684 916 2712 Beatus
931 2684 1042 2719 populus

253 2730 301 2764 qui
320 2729 368 2756 uit
389 2728 583 2762 jubilationem.
607 2729 734 2758 Nostrum
755 2731 819 2759 item
843 2730 1041 2767 prophetarum

254 2775 304 2809 qui
320 2775 377 2802 haec
391 2782 439 2810 per
452 2773 584 2810 Spiritum
599 2776 790 2810 vaticinamur,
811 2784 898 2804 cornu
912 2777 1043 2806 exaltabi-

294 2879 318 2895 "
331 2879 402 2908 Psal.
417 2889 452 2913 iv,
465 2880 492 2908 7.
530 2881 552 2897 ³⁵
572 2879 645 2909 Psal.
664 2887 745 2913 xxxv,
769 2880 813 2907 lt).

1089 1674 1248 1709 ἐποιήσατο,
1263 1673 1397 1705 θεσπίζων
1410 1673 1440 1699 τὸ
1460 1673 1626 1709 κατόρθωμα
1641 1674 1691 1709 τῆς
1710 1675 1752 1706 εἰς
1771 1675 1879 1712 ἀνθρώ-

1089 1727 1156 1750 πους
1173 1719 1221 1745 τοῦ
1240 1718 1359 1754 Χριστοῦ
1379 1720 1539 1755 παρουσίας.
1559 1719 1672 1747 Μέλλων
1689 1720 1754 1754 γοῦν
1767 1721 1817 1756 τὴν
1831 1722 1878 1756 γέ-

1088 1772 1162 1790 νεσιν
1178 1763 1312 1790 διδάσκειν
1331 1763 1377 1790 τοῦ
1394 1765 1426 1791 ἐκ
1444 1764 1600 1800 σπέρματος
1616 1765 1698 1791 Δαυῖδ
1714 1766 1879 1801 προελεύσο-

1090 1809 1182 1844 μένου,
1206 1810 1253 1837 καὶ
1273 1810 1322 1845 τὴν
1346 1810 1537 1845 καταστροφὴν
1560 1810 1614 1836 τῶν
1639 1810 1714 1845 παρὰ
1745 1811 1878 1838 Ἰουδαίων

1090 1855 1196 1890 σεμνῶν
1212 1855 1417 1891 προαγορεύειν,
1438 1855 1471 1881 δι’
1494 1856 1527 1890 ἣν
1549 1855 1597 1881 καὶ
1616 1856 1727 1891 ἀπορῶν
1743 1856 1878 1891 ἐπιλέγει,

1089 1902 1150 1929 Ποῦ
1169 1902 1235 1928 ἐστι
1256 1902 1293 1929 τὰ
1312 1901 1383 1935 ἑλέ-η
1398 1910 1458 1929 σου
1474 1901 1511 1928 τὰ
1531 1901 1650 1936 ἀρχαῖα.
1672 1902 1777 1935 Κύριε;
1793 1903 1879 1937 ἀναγ-

1089 1947 1174 1979 καίως
1190 1948 1254 1984 περὶ
1270 1947 1318 1983 μὲν
1341 1947 1387 1974 τοῦ
1416 1947 1611 1983 ὲπαληθεύσειν
1635 1946 1664 1979 ἐξ
1686 1947 1806 1980 ἅπαντος
1828 1949 1880 1980 τὰς

1090 1994 1157 2030 πρὸς
1170 1994 1216 2021 τὸν
1232 1993 1312 2020 Δαυῒδ
1323 1993 1370 2020 τοῦ
1384 1993 1451 2020 Θεοῦ
1468 1992 1634 2027 ἐπαγγελίας
1647 1993 1696 2025 τὰς
1712 1995 1880 2030 προειρημέ-

1090 2048 1137 2072 νας
1148 2040 1295 2075 ἐποιήσατο
1304 2039 1485 2071 διδασκαλίας.
1503 2039 1580 2065 Ἐπεὶ
1590 2039 1617 2065 δὲ
1629 2039 1712 2074 ὲχρῆν
1726 2040 1880 2075 προμαθεῖν

1089 2087 1163 2121 ἡμᾶς
1177 2086 1225 2113 καὶ
1244 2085 1315 2121 ποίῳ
1333 2085 1390 2121 λαῷ
1406 2086 1422 2121 ή
1439 2085 1519 2120 χάρις
1531 2085 1580 2119 τῆς
1593 2084 1640 2111 τοῦ
1658 2085 1786 2120 Σωτῆρος
1802 2087 1881 2122 εὐερ-

1090 2132 1183 2166 γεσίας
1199 2132 1367 2167 ὲταμιεύετο,
1384 2131 1538 2162 ἀκολούθως
1561 2131 1764 2167 ἐμνημόνευσεν
1785 2132 1815 2158 οὐ
1830 2132 1880 2159 τοῦ

1095 2179 1214 2215 Ἰσραὴλ,
1235 2179 1296 2205 οὐδὲ
1316 2178 1363 2206 τοῦ
1388 2178 1520 2205 Ἰουδαίων
1541 2177 1643 2210 ἔθνους,
1663 2177 1732 2205 ἀλλὰ
1749 2178 1797 2204 τοῦ
1813 2178 1881 2205 λαοῦ

1089 2225 1137 2252 τοῦ
1153 2225 1333 2260 γινώσκοντος
1347 2224 1513 2259 ἀλαλαγμὸν·
1532 2225 1579 2250 καὶ
1593 2223 1688 2250 τοῦτον
1704 2224 1817 2256 εἰκότως
1833 2225 1881 2251 τὸν

1090 2271 1153 2298 λαὸν
1169 2271 1332 2307 ἐμακάρισε,
1346 2270 1459 2297 πλεῖστα
1472 2270 1546 2305 αὺτῷ
1567 2269 1657 2304 ἀγαθὰ
1678 2270 1882 2305 ἐπαγγειλάμε-

1090 2325 1144 2349 νος.
1158 2317 1208 2344 Διὰ
1217 2317 1272 2353 γὰρ
1285 2317 1315 2344 τὸ
1330 2317 1428 2343 ειδέναι
1442 2315 1610 2350 ἀλαλαγμὸν,
1623 2315 1730 2351 πρῶτον
1742 2315 1792 2350 μὲν
1804 2316 1833 2341 ὲν
1841 2315 1882 2351 τῷ

1092 2363 1161 2397 φωτὶ
1176 2363 1223 2389 τοῦ
1236 2363 1380 2398 προσώπου
1394 2361 1442 2389 τοῦ
1459 2361 1526 2388 Θεοῦ
1542 2361 1728 2396 πορεύσονται,
1745 2360 1842 2388 ἔπειτα
1852 2361 1882 2387 ἐν

1091 2408 1129 2444 τῷ
1147 2408 1259 2444 ὀνόματι
1279 2408 1361 2435 αὐτοῦ
1382 2407 1589 2442 ἀγαλλιάσονται
1605 2406 1665 2433 καθ’
1679 2406 1800 2442 ἑκάστην
1814 2407 1882 2442 ὴμέ-

1093 2462 1151 2489 ραν·
1166 2454 1213 2480 καὶ
1224 2455 1315 2490 τρίτον
1329 2455 1358 2481 ὲν
1371 2455 1404 2489 τῇ
1417 2452 1572 2489 δικαιοσύνῃ
1584 2451 1665 2479 αὑτοῦ
1681 2451 1880 2486 ὑψωθήσονται·

1092 2501 1140 2527 καὶ
1158 2500 1285 2536 τέταρτον
1309 2500 1441 2535 καύχημα
1462 2499 1512 2534 τῆς
1533 2499 1672 2534 δυνάμεως
1695 2498 1785 2524 αὐτῶν
1806 2498 1883 2526 ἔσται

1093 2546 1173 2578 αὐτὸς
1187 2547 1201 2572 ὁ
1215 2546 1325 2582 Κύριος.
1355 2545 1463 2581 Ἐπειδὴ
1479 2545 1533 2581 γὰρ
1550 2543 1679 2580 κραταιὸς
1701 2544 1749 2570 καὶ
1770 2543 1883 2575 δυνατὸς

1094 2594 1223 2628 τυγχάνει
1239 2594 1254 2620 ὁ
1272 2593 1335 2625 λαὸς
1357 2590 1443 2625 οὗτος,
1460 2593 1508 2620 ἅτε
1524 2592 1569 2618 ἐπὶ
1590 2591 1639 2626 τὴν
1658 2591 1762 2625 πέτραν
1784 2590 1885 2625 ᾠκοδο-

1097 2639 1227 2674 μημένος,
1242 2639 1280 2672 ὡς
1294 2640 1362 2675 μήτε
1378 2638 1465 2671 πύλας
1481 2637 1544 2673 ᾅδου
1562 2636 1718 2672 κατισχύειν
1735 2635 1830 2662 αὑτοῦ·
1845 2636 1885 2661 εί-

1096 2685 1183 2717 κότως
1197 2686 1374 2721 καυχήσεται,
1391 2684 1449 2711 ἀλλ’
1464 2683 1514 2710 οὐκ
1528 2682 1575 2710 ἐπὶ
1590 2683 1623 2717 τῇ
1646 2680 1736 2717 οἰκείᾳ
1757 2680 1883 2715 δυνάμει,

1096 2730 1153 2757 ἀλλ’
1176 2730 1221 2756 ἐπὶ
1244 2729 1284 2765 τῷ
1304 2729 1509 2765 τεθεμελιωκότι
1532 2728 1614 2754 αὑτὸν
1636 2727 1681 2753 ἐπὶ
1702 2726 1753 2761 τὴν
1780 2726 1885 2761 πέτραν

1095 2775 1200 2812 Κυρίῳ.
1217 2776 1265 2803 Διὰ
1276 2776 1305 2803 δὲ
1315 2776 1401 2803 ταῦτα
1413 2776 1501 2803 πάντα
1514 2774 1660 2810 μακάριος
1674 2775 1691 2800 ό
1708 2772 1785 2805 λαὸς
1803 2773 1821 2799 ὁ
1837 2779 1885 2805 τι·
