2032 3215
229 195 232 203 ’
272 188 342 216 1115

659 184 796 214 EUSEBII
815 181 1053 212 CESARIENSIS
1071 180 1146 208 ()Pl’.
1162 178 1252 207 PARS
1271 176 1316 205 lll.
1332 190 1368 198 αα
1384 173 1588 202 EXEGETlCA.

1820 173 1888 196 ιιιο

271 249 345 273 nitus
359 244 405 272 Dei
421 243 511 272 vocari
527 252 533 271 :
549 242 767 280 quandoquidem
781 246 843 270 ante
857 246 884 269 et
896 245 957 277 post
973 241 1048 268 illum

1109 247 1146 273 τον
1153 237 1197 265 τὺν
1204 236 1284 264 Aonio
1293 237 1394 263 ἐκεῖνον
1400 232 1633 280 Πρωτότοιονιχρη
1638 228 1748 280 pastu:
1759 226 1886 280 voﬁ‘ﬁsoﬁ:

271 291 390 320 sexcenti
402 291 447 317 illo
460 291 662 326 praestantiores
677 290 760 317 luere.
778 287 870 323 Neque
884 288 990 314 videtur
1006 285 1054 312 Dn-

272 338 314 364 viil
331 337 469 364 dexteram
486 337 514 364 in
536 336 658 367 ﬂumina,
675 337 815 363 sinistram
831 334 858 361 in
873 341 947 360 mare
960 339 1055 360 exten-

271 382 355 414 disse,
371 389 458 416 neque
468 380 623 408 dominatus
637 384 680 407 est
701 387 716 406 a
737 379 804 406 mari
819 386 904 413 usque
917 377 950 404 ad
969 384 1053 409 mare,

271 435 359 462 neque
375 434 487 462 regnum
503 426 631 458 obtinuit,
651 426 722 460 quod
738 425 901 460 pertingeret
919 431 1004 458 usque
1021 423 1054 449 ad

271 471 403 500 terminos
416 477 502 499 terrae.
515 470 606 506 Neque
616 471 696 498 etiam
709 470 763 496 lilio
775 469 834 503 ejus
848 468 985 495 Salomoni
998 468 1054 494 haec

271 519 396 553 adaplari
419 521 558 552 possunt:
579 525 641 543 nam
668 516 712 542 hic
738 515 850 550 perinde
877 518 957 549 atque
978 519 1055 549 pater

271 564 342 598 ejus.
358 571 412 591 non
433 564 502 590 ultra
516 562 636 590 Iudaeam
652 561 804 596 imperavit,
823 567 911 595 neque
928 564 957 586 nt
979 563 1055 595 pater

271 610 341 645 ejus,
356 609 417 646 plus
432 609 611 645 quadraginta
628 608 706 635 annis
729 607 852 642 regnavit
869 617 875 634 ι
893 613 980 641 neque
1001 606 1056 633 cri-

272 657 345 684 mine
358 663 471 683 vacuam
488 655 569 682 vitam
583 661 710 681 emensus
724 657 775 680 est.
790 651 849 679 Tali
868 659 985 687 namque
1000 659 1056 678 mo-

272 701 308 728 do
319 708 348 728 se
362 700 456 736 gessit,
472 701 502 726 ut
516 703 625 734 propter
637 699 761 725 insanum
775 697 918 724 mulierum
934 704 1054 723 amorem

271 750 298 773 et
313 745 492 772 idololatriam
512 745 581 771 male
596 743 722 774 audierit.
739 750 792 778 qua
815 742 849 769 de
873 749 956 769 causa
980 741 1055 768 Sata-

272 796 334 816 nam
348 789 399 824 ipsi
419 789 566 817 suscitasse
582 788 682 815 dicitur
695 786 880 814 Deus.Verum
895 794 981 822 neque
994 790 1055 821 post

273 834 445 862 Salomonem
462 834 495 862 ad
510 835 623 861 alterum
645 840 737 868 regum
752 832 907 860 Judavorum
921 841 953 859 ex
970 832 1053 859 semi-

273 888 307 908 ne
322 883 349 908 et
363 880 538 908 successione
558 879 641 906 David
658 883 772 914 possunt
791 879 986 913 prmnissiones
1003 878 1054 906 illae

1104 272 1166 311 ἐπεὶ
1183 283 1229 310 καὶ
1249 283 1300 318 πρὸ
1316 280 1402 309 ἀὑτοῦ
1420 278 1509 316 μυρίοι
1526 276 1649 307 καλλίους
1663 273 1745 301 αὑτοῦ
1764 272 1812 318 καί
1830 273 1902 318 per"

1105 330 1185 356 αὐτὴν
1198 317 1349 363 γεγόνασιν.
1375 326 1443 353 Ἀλλ’
1458 325 1518 352 οὐδὲ
1533 323 1656 358 φαίνεται
1665 321 1681 346 ὁ
1692 318 1775 346 Δαυ¹ίδ
1785 317 1835 353 τὴν
1846 317 1888 363 δεῇ

1105 374 1164 407 ξιὰν
1180 362 1226 400 ἐπὶ
1244 373 1380 407 ποταμοὺς
1400 370 1520 401 ἐκτείνας
1531 389 1538 400 ,
1561 367 1607 394 καὶ
1619 366 1667 402 τὴν
1681 363 1827 401 ἀριστερὰν
1842 362 1887 389 ἐπὶ

1105 420 1240 446 θάλασσαν
1252 439 1258 451 ,
1275 419 1334 445 οὐδὲ
1362 415 1578 451 κατακυριεύσας
1601 413 1654 440 ἀπὸ
1675 409 1815 444 θαλάσσης
1835 408 1887 440 ἕως

1105 465 1257 500 θαλάσσης,
1273 464 1332 490 οὐδὲ
1347 450 1484 498 βασιλείαν
1500 460 1669 495 κτησάμενος
1682 457 1731 493 τὴν
1748 450 1886 492 παρεκτα-

1105 511 1197 538 θεῖσαν
1217 510 1268 542 ἕως
1281 509 1333 536 τῶν
1350 508 1474 543 περάτων
1485 507 1533 541 τῆς
1547 503 1716 540 οἰκουμένης.
1746 500 1816 528 Ἀλλ’
1833 499 1887 526 οὐδ’

1104 557 1149 583 ἐπὶ
1171 557 1216 583 τὸν
1237 556 1265 588 ἐξ
1288 554 1368 581 αὑτοῦ
1388 553 1530 588 γενόμενον
1545 549 1686 585 Σολομῶνα
1701 547 1786 574 ταῦτα
1800 546 1887 574 πάντα

1105 601 1341 638 ὲραρμοσθήσεται
1351 608 1358 614 ·
1374 600 1404 626 οὑ
1417 598 1495 625 πλέον
1510 597 1564 632 γὰρ
1579 597 1627 632 τῆς
1644 594 1771 625 Ἰουδαίας
1782 593 1837 620 οὒκ

1104 657 1149 680 τος
1171 648 1310 682 κρατήσας
1335 645 1434 681 ὁμοίως
1450 643 1489 678 τῷ
1509 641 1603 669 ἑαυτοῦ
1621 640 1765 676 ἱστορεῖται
1788 637 1887 673 πατρί·

1105 693 1160 720 ἀλλ’
1171 693 1224 719 οὐδ’
1234 691 1354 726 ὑπερϐὰς
1365 691 1460 726 χρόνον
1468 688 1535 715 ἐτῶν
1547 691 1577 723 μ’
1585 687 1634 722 τῆς
1644 684 1781 720 βασιλείας
1790 683 1889 719 ὁμοίως

1104 738 1143 774 τῷ
1161 737 1256 764 ἑαυτοῦ
1275 737 1372 771 πατρί·
1388 735 1444 762 ἀλλ’
1459 734 1519 761 οὐδὲ
1534 732 1714 766 ἀνεπίληπτον
1734 729 1789 765 βίον
1802 728 1890 755 διατε-

1105 784 1194 815 λέσας,
1208 782 1325 809 Τοιαῦτα
1341 781 1405 816 γοῦν
1418 778 1451 815 ἦν
1468 779 1502 806 τὰ
1514 778 1578 814 περὶ
1592 777 1672 804 αὐτὸν
1682 776 1720 808 ὡς
1735 775 1782 802 καὶ
1797 782 1890 810 γυναι-

1106 829 1237 864 κομανίαν
1252 828 1298 854 καὶ
1315 825 1532 861 είδωλολατρείαν
1543 821 1741 853 διαϐάλλεσθαι,
1759 817 1798 847 ὢν
1809 820 1892 846 ἓνεκα

1821 865 1889 894 .m.

1105 875 1152 901 καὶ
1167 874 1286 901 Σατανᾶν
1303 872 1376 907 αὐτῷ
1391 870 1543 905 ἐπιπέμψαι
1561 869 1668 903 λέγεται
1681 869 1695 894 ὁ
1708 867 1784 897 Θεύς.

272 925 366 953 referri
382 932 389 953 :
406 924 454 953 sed
468 925 557 952 omnia
573 925 663 956 simul,
676 925 733 952 sive
747 925 865 956 mitiora,
884 924 941 951 sive
952 924 1053 956 tristia,

1109 921 1157 947 οὐδ’
1166 921 1208 954 ἐφ’
1216 920 1258 945 Ere
1262 927 1308 954 ρον
1316 918 1360 944 τὸν
1370 917 1437 953 μετὰ
1446 915 1589 951 Σολομῶνα
1596 914 1642 941 τοῦ
1657 912 1790 940 Ἰουδαίων
1798 911 1891 943 ἔθνους

272 972 300 999 in
314 977 369 998 uno
384 971 453 1003 solo,
476 979 509 999 ex
535 972 638 999 semine
653 970 737 999 David
749 975 820 1002 orto,
836 971 882 1005 qni
899 971 999 998 dicitur
1011 969 1056 998 Je-

272 1024 320 1046 sus
343 1017 469 1046 Christus
494 1017 619 1045 Salvator
635 1021 739 1047 noster.
765 1018 873 1052 impleta
891 1016 976 1045 fuisse
991 1024 1057 1044 con-

271 1067 347 1092 stat:
363 1072 424 1100 quae
451 1064 557 1092 scilicet
580 1063 690 1091 divinus
708 1062 826 1098 Spiritus
853 1063 1054 1098 praenuntiavit,

271 1112 439 1146 praemittens
462 1110 572 1145 quidem
595 1109 700 1136 divinas
717 1109 936 1144 pollicitationes,
955 1109 1056 1136 docens

271 1157 362 1183 autem
377 1155 589 1190 exspectandum
603 1162 676 1187 eSSe.
693 1158 722 1182 ut
738 1155 765 1181 in
781 1162 835 1181 uno
850 1158 877 1181 et
892 1154 986 1182 eodem
1001 1155 1057 1181 haec

271 1201 394 1229 tristiora
409 1201 599 1236 contingerent
613 1211 621 1229 :
639 1207 701 1228 eum
725 1201 840 1228 maxime
857 1200 1012 1228 sensibilem
1029 1200 1058 1228 il-

272 1247 328 1274 lum
344 1247 427 1274 totius
443 1254 476 1274 ex
500 1245 600 1273 Davide
618 1246 803 1274 successionis
828 1245 956 1272 thronum
980 1253 1058 1273 ever-

272 1290 382 1320 tendum
397 1299 459 1320 esse
475 1292 652 1327 prospiceret.
663 1290 731 1318 Nam
746 1298 823 1326 rcges
839 1298 871 1317 ex
887 1291 990 1317 semine
1005 1289 1057 1316 Da-

272 1338 342 1367 vidis
359 1339 413 1366 orti
430 1338 464 1366 ad
480 1345 566 1373 usque
582 1337 766 1372 captivitatem
778 1337 870 1372 populi
883 1337 910 1363 in
922 1336 1058 1371 Babylone

273 1385 454 1420 perdurarunt
470 1394 477 1412 :
494 1392 582 1419 neque
599 1383 648 1411 toti
662 1383 816 1410 Judzeorum
839 1382 922 1418 genti,
939 1383 986 1410 sed
1006 1382 1057 1409 tri-

273 1431 324 1459 bus
340 1431 427 1459 solum
443 1431 568 1458 tribubus
590 1438 622 1457 ac
636 1438 669 1458 ne
685 1430 794 1465 quidem
811 1429 923 1464 integris
942 1429 1058 1464 impera-

273 1476 338 1504 bant
355 1485 362 1504 :
383 1479 466 1511 atque
481 1479 567 1503 totum
584 1475 689 1511 imperii
706 1482 800 1503 eorum
816 1478 924 1509 tempus
938 1474 971 1501 ad
987 1482 1056 1509 qua—

274 1520 434 1556 dringentos
459 1521 570 1548 circiter
583 1528 670 1548 annos
685 1520 773 1548 solum
790 1519 941 1554 pertingit:
959 1520 1058 1554 quibus

272 1567 376 1596 exactis
397 1566 527 1595 Jechonia
549 1574 582 1594 ex
605 1566 780 1594 successione
796 1565 905 1592 Davidis
918 1569 1057 1600 postremo

1106 968 1138 993 ὲκ
1150 966 1304 1001 σπέρματος
1314 964 1361 990 καὶ
1372 963 1496 998 διαδοχῆς
1507 961 1587 988 Δαυῒδ
1599 959 1814 995 βασιλευσάντων
1826 957 1892 987 ἀναρ

1107 1011 1236 1047 φέρεσθαι
1254 1011 1364 1036 δύναται
1386 1009 1418 1035 τὰ
1439 1006 1646 1043 ἐπηγγελμένα·
1673 1005 1761 1031 πάντα
1776 1004 1805 1030 δὲ
1822 1001 1891 1038 ὁμοῦ

1107 1059 1154 1084 καὶ
1168 1057 1236 1084 κατὰ
1256 1057 1286 1083 τὺ
1300 1055 1364 1082 αὐτὸ
1375 1055 1409 1081 τά
1423 1063 1452 1080 τε
1470 1053 1638 1089 χρηστότερα
1653 1051 1700 1078 καὶ
1717 1049 1752 1077 τὰ
1768 1049 1892 1085 σκυθρω-

1107 1104 1146 1130 πά
1160 1104 1199 1134 είς
1212 1102 1259 1129 ’ἐνα
1278 1103 1357 1137 μόνον
1374 1102 1419 1127 τὸν
1435 1101 1466 1126 ὲκ
1485 1100 1640 1134 σπέρματος
1654 1097 1733 1124 Δαυῒδ
1746 1097 1891 1132 λεγόμενον

1113 1148 1215 1183 Ἰησοῦν
1240 1147 1353 1183 Χριστὸν
1381 1147 1426 1172 τὸν
1449 1145 1582 1181 ἡμέτερον
1597 1144 1711 1180 Σωτῆρα
1735 1143 1892 1171 συνίσταται

1107 1192 1323 1228 πεπληρωμένα·
1338 1192 1355 1218 ἃ
1368 1191 1399 1227 δὴ
1416 1191 1461 1218 καὶ
1476 1191 1623 1227 προείληφε
1636 1190 1666 1216 τὸ
1683 1189 1753 1216 θεῖον
1766 1188 1890 1224 Πνεῦμα.

1108 1237 1243 1272 προτάξαν
1269 1237 1317 1272 μὲν
1333 1236 1380 1267 τὰς
1397 1230 1506 1266 ἐνθέους
1530 1233 1696 1269 ἐπαγγελίας
1708 1253 1715 1266 ,
1739 1233 1850 1266 διδάξαν
1864 1232 1893 1260 δι

1107 1280 1203 1318 χρῆναι
1221 1281 1371 1317 προσδοκᾷν
1386 1281 1449 1316 περὶ
1469 1281 1517 1307 ἕνα
1532 1281 1579 1307 καὶ
1595 1279 1641 1306 τὸν
1656 1279 1736 1306 αὑτὸν
1752 1279 1892 1315 συμῦήσε-

1109 1328 1169 1355 σθαι
1183 1328 1218 1354 τὰ
1238 1326 1450 1362 σκυθρωπότερα
1461 1335 1467 1341 ·
1484 1318 1600 1361 μάλιστα
1614 1326 1658 1352 ὅτε
1677 1325 1723 1352 καὶ
1738 1324 1829 1360 πάσης
1843 1323 1894 1359 τῆς

1107 1374 1153 1400 τοῦ
1167 1374 1247 1400 Δαυῖδ
1262 1373 1386 1408 διαδοχῆς
1395 1393 1401 1404 ,
1416 1373 1460 1399 τὸν
1478 1372 1604 1407 αἰσθητὸν
1618 1372 1667 1406 τῆς
1682 1369 1819 1406 βασιλείας
1832 1370 1894 1405 θρό-

1108 1429 1150 1447 νον
1161 1419 1413 1454 καταλυθησόμενον
1426 1419 1532 1454 θεωρεῖ.
1547 1417 1636 1453 Μέχρι
1649 1417 1714 1451 γοῦν
1726 1416 1778 1451 τῆς
1790 1417 1830 1447 είς
1841 1415 1894 1445 Βα-

1108 1466 1214 1492 ϐυλῶνα
1231 1466 1416 1501 αἰχμαλωσίας
1428 1464 1474 1491 τοῦ
1491 1464 1555 1491 λαοῦ
1568 1465 1714 1499 διήρκεσαν
1726 1464 1750 1489 οἱ
1764 1464 1797 1489 ἐκ
1810 1461 1896 1497 σπέρ-

1109 1521 1192 1548 ματος
1208 1512 1288 1539 Δαυῖδ
1301 1511 1537 1546 βεϐασιλευκάτες·
1555 1511 1601 1537 καὶ
1616 1510 1676 1536 οὐδὲ
1691 1509 1752 1536 ὂλου
1764 1508 1812 1536 τοῦ
1829 1508 1895 1535 Ἰοδ-

1108 1558 1188 1585 δαίων
1198 1558 1290 1589 ἔθνους
1302 1557 1507 1592 βασιλεύσαντες
1517 1556 1584 1583 ἀλλὰ
1597 1557 1684 1592 μόνων
1694 1555 1778 1591 τριῶν
1789 1555 1893 1590 φυλῶν,

273 1616 414 1646 regnante.
433 1612 524 1639 nullus
536 1612 605 1639 alius
616 1610 770 1638 Iudaeorum
785 1618 831 1638 rex
843 1618 875 1638 ex
892 1610 996 1638 semine
1006 1610 1058 1637 Da-

1110 1604 1156 1629 καὶ
1178 1604 1237 1630 οὐδὲ
1257 1603 1359 1630 τούτων
1381 1604 1467 1629 ὄλων-
1491 1602 1560 1629 άλλὰ
1581 1603 1628 1629 καὶ
1644 1602 1754 1637 σύμπας
1768 1603 1783 1629 ὸ
1797 1602 1896 1637 χρόνος

274 1653 319 1681 vid
336 1658 518 1687 memoratur;
535 1653 570 1680 ita
588 1656 617 1680 ut
634 1653 684 1680 hoc
702 1653 765 1679 item
782 1652 861 1680 modo
880 1653 990 1687 impleta
1005 1652 1059 1680 sint

276 1699 370 1726 isthan:
380 1699 462 1726 divini
472 1698 591 1734 Spiritus
603 1698 724 1729 oracula,
734 1698 835 1732 quibus
847 1697 947 1725 dicitur
960 1708 966 1725 :
982 1697 1059 1724 Nunc

275 1749 363 1771 autem
371 1744 491 1779 repulisti
502 1749 525 1771 et
538 1744 690 1778 despexisti,
701 1743 820 1777 abjecisti
829 1742 963 1770 Christum
976 1748 1059 1771 tuum.

278 1789 400 1817 Evertiin
418 1794 600 1817 testamentum
624 1789 693 1816 servi
709 1789 757 1820 tui,
774 1788 924 1823 profuisti
945 1789 974 1816 in
991 1794 1061 1817 terra

276 1835 459 1862 sanctuart'um
472 1835 542 1869 eius,
558 1839 585 1862 et
598 1839 706 1865 caetera.

1107 1650 1156 1684 τῆς
1171 1649 1270 1676 τούτων
1286 1650 1371 1685 ἀρχῆς
1382 1649 1452 1684 ἀμφὶ
1465 1649 1499 1675 τὰ
1512 1649 1673 1684 τετρακόσια
1688 1647 1735 1683 ἔτη
1752 1647 1821 1683 μόνα
1833 1655 1896 1674 συν-

1108 1696 1206 1728 τείνει,
1226 1696 1283 1731 μεθ’
1297 1695 1323 1727 ἃ,
1343 1696 1467 1730 Ἰεχονίου
1483 1695 1598 1722 ὑπάτου
1614 1694 1663 1729 τῆς
1679 1693 1726 1720 τοῦ
1742 1692 1823 1719 Δαυῖδ
1836 1692 1895 1720 δια-

1108 1741 1188 1776 δοχῆς
1213 1742 1376 1777 γενομένου,
1401 1741 1539 1776 οῦὸἐτερος
1557 1739 1682 1775 βασιλεὺς
1707 1738 1842 1765 Ἰουδαίων
1863 1737 1896 1764 ὲκ

1110 1789 1266 1824 σπέρματος
1278 1788 1358 1815 Δαυῖδ
1374 1787 1493 1823 γεγονὼς
1510 1787 1707 1823 μνημονεύεται
1716 1795 1723 1802 ·
1736 1786 1774 1818 ὠς
1788 1785 1836 1812 καὶ
1846 1793 1896 1812 κα-

1110 1834 1144 1861 τὰ
1163 1834 1255 1861 τοῦτον
1277 1834 1322 1860 τὸν
1342 1834 1441 1869 τρόπον
1464 1833 1659 1869 πεπληρῶσθαι
1678 1833 1711 1860 τὰ
1729 1831 1897 1869 προκείμενα

275 1882 322 1909 τοῦ
337 1882 410 1909 θείου
428 1882 588 1918 Πνεῦματος
603 1882 693 1917 λόγια,
711 1883 745 1910 δι’
769 1879 806 1910 ὧν
837 1883 957 1918 εἴρηται·
975 1882 1049 1909 Νυνὶ
1064 1881 1097 1908 δὲ
1115 1882 1225 1909 ἀπώσω
1242 1882 1291 1909 καὶ
1305 1881 1521 1914 ἑξουδένωσας,
1539 1879 1588 1906 καὶ
1606 1880 1754 1906 ἀνεϐάλου
1767 1877 1822 1904 τὸν¹
1833 1877 1896 1910 Χρι-

276 1928 351 1954 στόν
375 1935 445 1955 σου.
476 1930 686 1964 Κατέστρσψας
706 1928 763 1963 τὴν
790 1928 937 1963 διαθήκην
963 1928 1016 1955 τοῦ
1042 1927 1154 1955 δούλου
1171 1936 1249 1961 σου,
1277 1927 1467 1962 ἐϐεϐήλωσας
1483 1928 1532 1961 ,είς
1550 1925 1608 1960 τὴν
1623 1923 1681 1960 τιτν
1702 1923 1735 1951 τὸ
1764 1923 1897 1959 ἁτίασμα

274 1973 384 2002 αὑτοῦ·
401 1975 448 2002 καὶ
459 1974 493 2001 τὰ
503 1974 607 2007 τούτοις
618 1975 813 2011 ἐπιφερόμενα.

311 2030 414 2059 Deinde
436 2031 500 2066 quia
526 2030 574 2059 Dei
600 2031 633 2058 ad
653 2031 782 2060 Davidem
799 2031 996 2067 promissioncs
1010 2032 1059 2059 bo-

278 2085 341 2105 nam
359 2080 386 2105 et
397 2077 534 2113 ingentem
550 2077 659 2105 Davidis
671 2079 767 2105 semini
779 2086 853 2113 spem
869 2078 1057 2110 ascribebant;

277 2126 304 2150 et
325 2126 416 2150 tamen
433 2130 494 2158 quae
509 2123 677 2152 successioni
691 2124 750 2158 ejus
765 2124 931 2155 acciderant.
948 2125 1059 2151 omnino

278 2167 415 2194 contraria
435 2166 614 2200 videbantur;
635 2175 697 2195 nam
714 2169 828 2195 thronus
843 2168 919 2203 regni
936 2168 995 2202 ejus
1010 2168 1061 2194 hu—

1146 2028 1199 2057 Εἶτ’
1212 2029 1359 2064 ἐπειδήπερ
1366 2027 1401 2054 τὰ
1414 2028 1461 2062 μὲν
1472 2026 1526 2054 τῶν
1538 2026 1585 2053 τοῦ
1598 2025 1666 2053 Θεοῦ
1678 2026 1746 2062 πρὸς
1758 2025 1804 2053 τὸν
1817 2025 1898 2053 Δαυῒδ

1111 2075 1278 2110 ἐπαγγελιῶν
1307 2074 1411 2108 ἀγαθάς
1438 2082 1513 2104 τινας
1529 2073 1576 2100 καὶ
1602 2071 1722 2107 μεγάλας
1738 2071 1848 2104 ἐλπίδας
1859 2071 1898 2106 τῷ

1114 2123 1251 2156 σπέρματι
1268 2120 1348 2147 Δαυῖδ
1365 2120 1520 2155 ὑπέγραφε,
1535 2118 1569 2144 τὰ.
1583 2118 1612 2145 δὲ
1631 2118 1694 2153 περὶ
1709 2117 1759 2153 τὴν
1773 2116 1898 2152 διαδοχὴν

1114 2167 1195 2194 αὑτοῦ
1213 2165 1403 2201 συμϐεϐηκότα
1421 2164 1549 2192 τάναντία
1565 2164 1653 2190 πάντα
1667 2164 1820 2198 περιεῖχεν,
1837 2163 1852 2189 ὃ
1869 2171 1899 2189 τε

279 2221 359 2240 mauo
371 2221 446 2241 more
462 2213 563 2247 sumpti
580 2220 596 2239 a
611 2217 731 2248 tempore
738 2213 875 2241 Jechonize
885 2215 991 2241 solutus
1002 2221 1058 2240 ces-

1111 2213 1206 2248 θρόνος
1227 2213 1276 2247 τῆς
1294 2212 1364 2238 κατὰ
1383 2211 1523 2246 ἄνθρωπον
1543 2209 1680 2245 βασιλείας
1699 2208 1782 2236 αὑτοῦ
1804 2207 1899 2234 λέλυσο

278 2263 385 2286 saverat
401 2268 407 2286 :
422 2259 478 2286 haec
491 2259 658 2294 prospiciens
669 2259 788 2294 Spiritus
803 2260 990 2294 propheticus,
1001 2259 1061 2294 jure

277 2305 312 2333 ad
328 2305 448 2333 veritatis
464 2313 619 2333 sermonum
635 2305 682 2333 Dei
698 2305 918 2340 perquisitionem
931 2313 981 2333 nos
991 2305 1060 2332 invi-

277 2353 328 2382 tat,
345 2358 449 2386 nosque
466 2350 584 2378 instituit
602 2354 631 2389 ut
647 2351 674 2377 id
691 2358 706 2377 a
720 2350 775 2378 Deo
796 2358 950 2386 quaeramus
964 2355 991 2377 et
1004 2351 1061 2377 edi-

278 2404 396 2429 scamus.
415 2397 588 2425 sciscitantes
604 2397 691 2432 ipsum
714 2404 746 2424 ac
769 2396 912 2424 dicentes:
932 2396 981 2423 Ubi
999 2402 1061 2423 sunt

279 2443 465 2470 misericordia:
478 2448 530 2470 tua:
543 2444 669 2477 antiquw,
685 2442 805 2474 Domine,
816 2450 881 2477 quas
892 2442 991 2476 jurasti
1009 2442 1063 2469 Da-

279 2487 340 2514 uid?
365 2487 430 2516 Nam
456 2489 531 2524 regni
552 2489 612 2523 ejus
636 2488 774 2516 sensibilis
797 2491 823 2515 et
838 2487 967 2523 hhumano
988 2495 1063 2515 more

278 2532 379 2568 sumpti
399 2535 542 2562 successio
560 2535 659 2567 soluta,
680 2539 707 2562 et
731 2542 745 2560 a
770 2535 850 2569 longo
869 2534 924 2569 jam
942 2538 1063 2569 tempore

279 2579 385 2607 sublata
413 2579 511 2613 fuerat,
529 2588 590 2607 cum
614 2588 648 2608 ex
674 2581 777 2608 semine
801 2581 860 2615 ejus
883 2584 960 2607 ortus
985 2579 1063 2607 Jesus

279 2624 416 2657 Christus,
432 2625 479 2660 qui
494 2627 707 2660 promissionum
723 2626 816 2653 Davidi
829 2625 964 2653 factarum
977 2626 1062 2653 hzeres

280 2670 388 2698 futurus
410 2672 632 2705 exspectabatur,
656 2680 710 2699 non
725 2672 853 2699 sensibile
868 2679 955 2706 neque
968 2672 1064 2698 huma-

280 2723 346 2743 num
372 2724 485 2751 regnum
513 2718 653 2751 possedit;
672 2718 719 2746 sed
743 2725 856 2753 prorsus
880 2717 1016 2744 contraria
1031 2717 1064 2743 iis

282 2769 342 2796 quae
357 2761 482 2790 homines
495 2763 688 2797 exspectabant
711 2771 807 2798 passus
833 2768 886 2796 est,
901 2763 934 2790 ad
950 2767 1064 2789 mortem

283 2813 371 2840 usque
382 2814 555 2842 progressus,
565 2808 709 2843 omniaque
716 2816 873 2844 perpessus,
885 2816 944 2843 quae
957 2808 1066 2836 divinus

285 2851 407 2888 Spiritus
430 2853 606 2890 prazscientiz
622 2853 719 2882 virtute
739 2854 943 2890 praenuntiarat.
961 2853 1019 2888 Qua
1034 2854 1067 2882 de

1112 2258 1284 2293 πεπαυμένος
1298 2257 1351 2284 ἀπὸ
1364 2257 1417 2283 τῶν
1438 2257 1560 2291 Ἰεχονίου
1576 2256 1679 2291 χρόνων
1689 2264 1695 2270 ·
1712 2255 1825 2286 είκὸαιις
1837 2254 1899 2282 ταῦ-

1112 2312 1145 2330 τα
1161 2303 1351 2339 προθεωρῆσαν
1364 2303 1395 2328 τὸ
1410 2302 1575 2337 προφητικὸν
1591 2301 1712 2337 Πνεῦμα,
1725 2301 1771 2327 ἐπὶ
1785 2299 1899 2337 ζήτησιν

1113 2350 1185 2384 ἡμᾶς
1200 2349 1328 2384 παρορμᾷ
1338 2348 1387 2385 τῆς
1399 2348 1452 2374 τῶν
1463 2347 1548 2378 λόγων
1560 2347 1607 2374 τοῦ
1621 2347 1688 2373 Θεοῦ
1699 2345 1840 2382 ἀληθείας,
1854 2346 1899 2374 καὶ

1114 2395 1178 2430 παρ’
1195 2393 1276 2421 αὐτοῦ
1292 2393 1339 2420 τοῦ
1362 2393 1429 2419 Θεοῦ
1449 2394 1539 2428 ζητεῖν
1553 2394 1599 2420 καὶ
1617 2393 1761 2428 μανθάνειν
1776 2391 1899 2419 διδάσκει

1113 2439 1270 2475 ἐρωτῶντας
1282 2439 1362 2466 αὑτὸν
1377 2439 1424 2465 καὶ⁵
1443 2438 1586 2472 λέγοντας⁴
1612 2437 1674 2465 Ποῦ
1693 2437 1760 2464 ἐστι
1768 2437 1810 2464 τὰ
1828 2436 1898 2470 ἐλέη

1113 2493 1171 2511 σου
1186 2483 1221 2510 τὰ
1236 2484 1344 2518 ἀρχαῖα
1355 2504 1362 2516 ,
1387 2484 1491 2517 Κύριε,
1507 2482 1528 2510 ἁ
1544 2483 1662 2518 ὤμοσας
1679 2482 1720 2516 τῷ
1735 2482 1846 2514 Meti};
1863 2482 1898 2508 Ἦ

1113 2538 1142 2555 τε
1167 2529 1220 2565 γὰρ
1238 2530 1287 2563 τῆς
1301 2529 1436 2563 βασιλείας
1455 2528 1536 2555 αὐτοῦ
1551 2529 1600 2564 τῆς
1620 2528 1751 2564 αἰσθητῆς
1764 2527 1813 2555 καὶ
1829 2527 1900 2556 κατὰ

1114 2575 1253 2611 ἄνθρωπον
1269 2575 1376 2610 διαδοχὴ
1388 2575 1491 2606 λέλυτο,
1508 2575 1539 2600 ἐκ
1557 2573 1661 2609 μακροῦ
1681 2573 1874 2610 καθῃρημένη,
1884 2572 1899 2600 ὂ

1114 2631 1143 2649 τε
1160 2624 1192 2649 ἐκ
1207 2622 1362 2656 σπέρματος
1377 2621 1457 2648 αὑτοῦ
1479 2621 1597 2655 γεγονὼς
1620 2619 1722 2656 Ἰησοῦς
1741 2621 1756 2647 ὁ
1768 2619 1898 2657 Χριστὸς,

1115 2669 1305 2704 προσδοκηοεὶς
1318 2668 1396 2699 αὐτὸς
1410 2666 1478 2694 εἶναι
1494 2668 1508 2693 ό
1517 2667 1571 2693 τῶν
1585 2666 1653 2702 πρὸς
1666 2666 1710 2692 τὸν
1722 2665 1803 2693 Δαυτδ
1815 2665 1901 2699 ἔπαγ-

1115 2713 1212 2747 γελιῶν
1232 2713 1406 2749 κληρονόμος,
1424 2711 1554 2747 αἰσθητὴν
1567 2711 1616 2746 μὲν
1628 2710 1678 2737 οὐκ
1689 2709 1835 2745 ἐκτήσατο,
1845 2707 1900 2736 οὐδ’

1116 2759 1286 2794 ἀνθρωπίνην
1301 2758 1438 2793 βασιλείαν
1448 2767 1454 2773 ·
1465 2757 1592 2783 τάναντία
1606 2756 1635 2783 δὲ
1652 2755 1741 2783 πάντα
1760 2755 1808 2782 καὶ
1819 2753 1901 2784 αὐτὸς

1116 2803 1156 2837 οἷς
1171 2805 1371 2840 προσεδόκησαν
1382 2804 1518 2840 ἂνθρωποι
1529 2802 1656 2836 πέπονθε,
1673 2803 1753 2838 μέχρι
1765 2801 1812 2829 καὶ
1824 2800 1901 2828 θανά-

1117 2862 1163 2880 του
1175 2855 1293 2887 φθαςας,
1307 2852 1352 2879 καὶ
1366 2851 1453 2878 πάντα
1466 2850 1623 2886 ὑπομείνας,
1641 2849 1658 2877 ἃ
1668 2850 1700 2887 δὴ
1712 2847 1900 2886 προγνωπιιῇ
