2032 3215
266 179 337 208 1119
606 179 740 207 EUSEBII
760 179 998 209 CASSABIENSIS
1018 180 1095 210 OPP.
1118 180 1218 208 PARS.
1240 178 1285 207 Ill.
1303 194 1340 200 —
1361 178 1562 207 EXEGETICA.
1813 181 1880 208 “'30

264 239 307 267 vel
319 245 384 266 sero
399 237 617 266 tandem'mittas
636 238 716 266 nobis
738 245 812 269 eum.
825 239 871 273 qui
888 242 914 266 et
929 247 944 266 α
962 243 1049 267 morte

1101 238 1178 273 θῆναι
1190 238 1239 273 τὴν
1255 234 1339 273 ὀργήν
1359 246 1416 269 σου,
1435 237 1584 273 μνησθῆναι
1597 237 1624 264 δὲ
1640 237 1680 269 τίς
1699 246 1750 272 μου
1771 238 1845 264 ἐστὶν
1864 239 1880 273 ἡ

264 287 387 316 ematur,
403 284 476 312 etab
491 283 598 311 inferno
613 287 753 312 revocetur
765 284 820 319 (l);
835 288 861 311 et
871 288 901 311 ut
915 284 995 312 ﬁnem
1009 284 1048 313 l‘a-

1102 285 1258 315 ὑπόστασις,
1269 283 1316 310 τοῦ
1332 283 1418 310 ταῦτα
1431 284 1500 319 ὑπὲρ
1510 283 1598 310 αὐτῶν
1614 283 1820 318 πρεσϐεύοντος,
1835 284 1882 310 καὶ

265 330 322 358 cias
334 335 359 358 te
370 337 386 357 a
396 330 475 357 nobis
489 329 637 361 avertendi,
653 330 774 364 iramque
790 334 861 357 tuam
875 331 963 361 sedes.
978 331 1048 366 ignis

1101 331 1142 361 τίς
1155 331 1172 365 ὴ
1187 330 1240 356 τῶν
1255 329 1404 365 ἀνθρώπων
1415 329 1549 360 ἀσθένεια,
1560 329 1613 355 τῶν
1627 329 1725 365 θνητὴν
1740 329 1820 364 φύσιν
1835 331 1882 357 καὶ

264 376 351 402 instar
365 376 465 410 populo
481 379 528 402 tuo
544 375 724 410 ingruentem.
740 383 771 403 ac
784 383 844 410 quae
861 376 970 410 jnratus
985 384 1048 411 pro-

1101 375 1208 410 θανάτῳ
1223 375 1422 410 δεδουλωμένην
1443 375 1586 410 εἰληχότων
1597 384 1604 390 ·
1622 375 1774 411 μνησθῆναι
1786 376 1815 402 δὲ
1834 376 1881 403 καὶ

264 422 348 449 missa
363 421 456 448 Davidi
469 421 579 453 dedisti,
595 422 722 456 operibus
738 422 871 456 perﬁcias.

1102 421 1201 448 σαυτοῦ
1218 422 1254 457 μὴ
1268 421 1314 447 ἐπὶ
1333 421 1438 456 ματαίῳ
1450 421 1591 452 κτίσαντος
1604 422 1665 452 τοὺς
1678 422 1752 453 υἱοὺς
1763 421 1818 448 τῶν
1834 423 1881 448 ἀν-

264 465 392 502 θρώπων,
415 466 472 493 ἀλλ’
494 466 540 493 ἐπὶ
563 467 694 502 μεγάλαις
714 467 801 495 ἐλπίσι
824 469 883 500 ταῖς
919 467 993 504 παρὰ
1020 467 1071 494 σοί.
1101 468 1155 494 Καὶ
1176 467 1276 494 τούτων
1300 467 1340 498 είς
1365 467 1473 502 μνήμην
1499 465 1628 492 ἐλθόντων
1654 466 1809 502 ἱκετεύομεν
1831 467 1881 502 ἥδη

265 513 330 540 ποτὲ
342 513 387 539 τὸν
409 513 456 538 καὶ
477 513 510 538 ὲκ
537 511 652 539 θανάτου
672 512 811 548 ῥυόμενον,
836 514 884 540 καὶ
907 512 938 544 ἐξ
958 513 1020 548 ᾅδου
1043 512 1261 546 ἀνακαλούμενον
1283 511 1460 546 καταπέμψαι
1481 512 1544 546 ἡμῖν
1557 530 1564 542 ,
1589 511 1634 538 καὶ
1655 511 1810 538 παύσασθαι
1833 513 1880 546 μὲν

265 558 469 594 ἀποστρέφοντα
490 558 585 584 ἑαυτὸν
607 558 637 590 ἐξ
651 559 740 594 ἡμῶν,
764 559 937 587 καταπαῦσαι
953 559 982 586 δὲ
1002 559 1049 585 καὶ
1062 559 1110 594 τὴν
1122 558 1208 594 πυρὸς
1228 558 1304 594 δίκην
1317 557 1481 584 ἐπελθοῦσαν
1507 558 1554 584 ἐπὶ
1582 557 1626 584 τὸν
1639 558 1702 584 λαόν
1714 566 1760 584 σου
1785 557 1879 593 ὀργὴν,

265 606 356 641 ιργοις
368 605 396 631 δὲ
412 605 563 632 ἐπιτελέσαι
579 605 612 638 ἃς
632 605 741 641 ὤμοσας
758 607 826 642 πρὸς
838 607 918 634 Δαυτδ
934 606 1107 641 ἐπαγγελίας.

302 651 385 678 Vens.
401 651 445 678 50.
464 650 513 677 Ubi
522 655 583 678 sunt
597 652 782 679 misericordia:
793 657 844 680 tua
855 654 979 687 cntiquw,
995 652 1050 679 Do-

268 697 346 727 mine,
364 704 430 730 qua:
438 696 539 730 jurain
556 696 640 723 David
656 698 681 723 in
698 699 885 725 ceritaletua?
903 698 972 731 Quia
995 705 1049 725 non

268 742 295 769 in
308 749 418 772 vanum,
435 741 533 776 inquit.
546 741 645 768 creasti
660 749 756 770 omnes
774 742 844 770 ﬁlios
860 742 1010 774 hominum,
1023 746 1050 770 et

268 787 339 823 apud
357 792 382 814 le
393 787 431 813 illi
445 787 472 814 in
486 786 589 814 honore
606 787 749 820 habentur,
761 796 848 822 neque
862 795 921 816 sese
935 792 1050 823 possunt

267 841 283 859 ι
297 836 383 860 morte
403 839 516 862 eruere:
540 832 601 859 ideo
613 840 714 867 precor
727 837 755 860 et
771 834 895 868 supplico
917 838 946 861 ut
960 837 1050 861 matu-

268 885 310 904 res
327 877 458 904 bonarum
475 877 686 912 promissionum
709 879 907 913 complementa
921 879 1049 906 exhibere

267 921 356 953 nobis.
373 929 434 956 quae
459 929 474 948 a
495 920 606 949 Christo
628 926 684 953 tuo,
703 927 765 957 post
787 923 923 950 sublatum
939 922 1049 950 Davidis

266 974 389 1002 regnum,
416 966 580 994 conferenda
609 970 683 995 sunt.
707 967 848 996 Festinare
872 973 962 999 autem
983 977 1049 1004 rogo

266 1017 410 1048 antequam
426 1012 578 1040 .hominum
600 1021 687 1048 genus
707 1013 828 1042 funditus
851 1019 951 1049 pereat.
982 1014 1049 1047 Quis

266 1059 338 1085 enim
353 1058 494 1085 hominum
512 1063 602 1093 potest
628 1067 658 1087 se
680 1060 714 1086 de
735 1067 816 1087 manu
840 1060 920 1088 inferi
935 1069 1048 1094 eruere;

267 1103 318 1130 nisi
334 1111 404 1131 unus
419 1104 464 1132 ille
477 1105 524 1139 qui
545 1105 633 1141 primo
649 1106 780 1140 seipsum,
796 1106 893 1134 deinde
912 1115 1006 1134 omnes
1021 1108 1047 1134 iu

265 1157 295 1176 se
313 1154 468 1184 sperantes.
491 1157 506 1177 a
523 1151 610 1185 portis
625 1153 721 1179 mortis
740 1153 883 1180 liberavit?
896 1153 922 1180 ls
942 1153 1048 1180 etiamsi

265 1203 296 1222 ea
308 1203 441 1230 passurus
451 1196 487 1225 sit
499 1204 561 1232 quae
579 1197 605 1224 in
626 1198 768 1233 prophetia
787 1198 912 1226 feruntur
932 1198 976 1226 his
988 1206 1048 1226 ver-

266 1242 307 1269 bis
329 1251 336 1269 :
360 1241 437 1269 Nunc
456 1247 545 1270 autem
563 1243 684 1278 repulisti
705 1250 729 1271 ει
755 1244 913 1279 despexiui,
930 1244 1049 1279 abiecisti

266 1288 401 1316 Christum
417 1293 508 1321 tuum;
523 1293 642 1318 attamen
655 1294 701 1317 tua
714 1290 747 1318 ad
763 1289 890 1318 Davidem
906 1289 976 1317 facta
989 1297 1050 1325 pro—

268 1332 353 1359 missa
366 1337 559 1368 consequetur.
568 1333 635 1363 Nam
645 1335 839 1363 misericordiae
851 1339 912 1368 tuae,
926 1335 1048 1366 Domine.

265 1383 292 1405 et
309 1380 410 1407 veritas
423 1383 469 1407 tua
487 1380 514 1407 in
535 1381 663 1408 saeculum
682 1387 800 1415 manent,
817 1390 847 1409 ac
862 1390 896 1409 ne
911 1381 950 1410 vel
966 1389 1049 1408 unum

268 1425 480 1458 promissionum
493 1429 600 1453 tuarum
618 1427 729 1454 verbum
740 1427 856 1455 excidet.
871 1426 946 1454 Licet
959 1431 1049 1454 antem

267 1477 340 1496 nunc
352 1470 470 1504 tristium
485 1471 591 1498 illorum
603 1479 662 1505 qua:
674 1476 803 1500 eventura
816 1477 880 1500 sunt
892 1473 1049 1500 memoriam

1134 649 1196 678 Ποῦ
1207 650 1270 676 ἐστι
1286 649 1322 676 τὰ
1332 649 1401 684 ἑλέη
1416 658 1473 676 σου
1487 649 1522 676 τὰ
1534 649 1651 684 ἀρχαῖα,
1663 650 1760 683 Κύριε,
1773 648 1792 675 ἂ
1807 649 1882 684 ὡμο-

1100 704 1158 728 σας
1172 695 1211 727 τῷ
1229 694 1318 721 Δαυῒδ
1333 695 1368 721 ἐν
1387 694 1423 728 τῇ
1446 695 1570 728 ἀληθείᾳ
1593 702 1669 726 σου;
1686 696 1746 721 ’Ότι
1767 695 1804 730 μὴ
1831 704 1882 730 μα-

1099 742 1192 773 ταίως,
1212 741 1304 776 φησὶν,
1328 740 1438 772 ἔκτισας
1461 740 1563 771 πάντας
1583 741 1646 772 τοὺς
1666 741 1740 772 υἱοὺς
1759 740 1814 766 τῶν
1837 741 1882 767 ἁν-

1100 786 1227 822 θρώπων,
1244 785 1402 821 τετίμηνται
1416 784 1444 810 δὲ
1462 785 1536 820 παρὰ
1551 785 1601 815 σοὶ,
1619 785 1668 819 οὐχ
1681 784 1732 810 οἶοί
1753 793 1784 811 τε
1802 784 1831 811 δέ
1844 786 1882 810 εί-

1101 841 1142 858 σιν
1171 832 1282 862 ἑαυτοὺς
1310 830 1440 866 ῥύσασθαι
1467 831 1499 856 ὲκ
1528 829 1658 856 θανάτου·
1682 829 1776 856 τούτου
1802 831 1881 865 χάριν

1099 876 1192 912 δέομαι
1217 875 1263 902 καὶ
1282 874 1412 902 ἀντιϐολῶ
1435 873 1550 900 σπεῦσαι
1570 873 1616 900 καὶ
1635 873 1689 900 τῶν
1712 873 1882 907 ἐπαγγελιῶν

1101 931 1146 948 σου
1158 921 1212 948 τῶν
1229 921 1338 956 ἀγαθῶν
1353 921 1437 953 δεῖξαι
1451 922 1516 956 ἡμῖν
1535 921 1570 947 τὰ
1584 921 1800 956 ἀποτελέσματα,
1819 929 1880 947 συν-

1099 968 1238 1002 ενεχθέντα
1248 968 1316 994 κατὰ
1324 967 1369 994 τοῦ
1385 966 1502 1002 Χριστοῦ
1515 967 1552 1002 (Ξ)
1565 975 1610 993 σου
1624 966 1670 992 καὶ
1686 966 1754 1001 μετὰ
1768 967 1818 1002 τὴν
1833 966 1882 1001 τῆς

1101 1013 1237 1048 βασιλείας
1248 1013 1294 1040 τοῦ
1313 1013 1393 1040 Δαυῒδ
1409 1013 1576 1048 καθαίρεσιν.
1594 1013 1693 1047 Δέομαι
1711 1012 1739 1039 δὲ
1753 1012 1882 1047 ἐπιταχῦ-

1099 1068 1142 1086 ναι
1169 1060 1232 1094 πρὶν
1256 1060 1430 1086 κατάπτωσιν
1458 1058 1574 1093 παντελῆ
1597 1057 1628 1084 τὸ
1653 1057 1707 1084 τῶν
1730 1057 1882 1092 ἀνθρώπων

1099 1105 1247 1138 ὑποστῆναι
1269 1105 1355 1138 γένος.
1376 1105 1424 1136 Τίς
1444 1105 1497 1139 γάρ
1516 1105 1589 1130 ἐστιν
1607 1103 1756 1139 ἀνθρώπων
1775 1104 1790 1130 ὀ
1805 1103 1883 1129 δυνὰ-

1101 1159 1179 1186 μενος
1198 1151 1278 1182 αὐτὸς
1296 1151 1390 1177 ἑαυτὸν
1403 1152 1434 1177 ὲκ
1450 1150 1540 1185 χειρὸς
1554 1150 1616 1185 ᾷόου
1636 1148 1779 1185 ῥύσασθαι,
1803 1149 1828 1175 εί
1847 1150 1883 1184 μὴ

1099 1194 1138 1227 εἷς
1161 1197 1239 1230 μόνος
1253 1197 1266 1223 ὁ
1288 1195 1394 1231 πρῶτος
1412 1197 1460 1231 μὲν
1479 1196 1559 1227 αὐτὸς
1580 1195 1685 1227 ἑαυτὸν,
1710 1193 1768 1221 εἶτα
1785 1195 1814 1221 δὲ
1836 1196 1883 1222 καὶ

1100 1242 1202 1274 πάντας
1223 1242 1285 1274 τοὺς
1307 1244 1346 1274 εἰς
1368 1242 1448 1268 αὑτὸν
1470 1242 1681 1273 πεπιστευκότας
1705 1242 1737 1268 ἐκ
1759 1241 1812 1268 τῶν
1836 1241 1883 1268 τοῦ

1100 1288 1214 1316 θανάτου
1231 1289 1322 1315 πυλῶν
1337 1288 1503 1324 ῥυσάμενος
1520 1287 1550 1314 Εἰ
1566 1288 1612 1313 καὶ
1627 1286 1738 1313 τοιαῦτα
1749 1286 1882 1318 πείσεται,

1098 1334 1142 1363 οἷα
1149 1336 1267 1370 διείληφε
1277 1337 1294 1370 ἡ
1303 1334 1455 1370 προφητεία
1465 1334 1499 1360 τὰ
1512 1334 1565 1360 ἀπὸ
1574 1333 1631 1364 τοῦ,
1643 1333 1717 1360 Νυνὶ
1731 1332 1764 1359 δὲ
1775 1331 1884 1360 ἀπώσω

1099 1382 1148 1409 καὶ
1158 1381 1374 1414 ἐξουὸἐνωσας,
1389 1379 1536 1407 ἀνεϐάλου
1550 1379 1601 1406 τὸν
1614 1380 1740 1413 Χριστόν
1751 1387 1821 1410 σου,
1833 1379 1884 1414 φή-

1102 1435 1170 1454 σασα
1183 1434 1190 1442 ⁸
1218 1427 1293 1462 ὅμως
1310 1427 1356 1453 καὶ
1372 1426 1425 1452 τῶν
1440 1425 1494 1452 σῶν
1515 1425 1583 1460 πρὸς
1602 1424 1647 1451 τὸν
1665 1422 1746 1451 Δαυῒδ
1762 1424 1883 1457 ἐπαγγε-

1100 1472 1163 1499 λιῶν
1183 1472 1316 1506 τεύξεται.
1334 1471 1374 1498 Τὰ
1394 1471 1447 1508 γὰρ
1464 1471 1526 1506 ὲλέη
1543 1479 1599 1501 σου,
1615 1470 1710 1506 Κύριε,
1728 1470 1775 1497 καὶ
1789 1471 1805 1505 ἡ
1819 1469 1884 1504 ἀλή-

266 1518 401 1548 repelens,
417 1514 506 1541 dicam
527 1523 535 1542 ;
558 1515 607 1542 Ubi
629 1521 689 1542 sunt
708 1516 894 1543 misericordia:
913 1522 964 1543 mw
980 1518 1050 1544 anti-

1101 1519 1161 1545 θειά
1175 1527 1220 1546 σου
1239 1520 1278 1550 εἰς
1292 1519 1336 1545 τὸν
1350 1518 1435 1545 αἰῶνα
1455 1517 1530 1552 μένει
1547 1517 1594 1543 καὶ
1607 1516 1665 1543 οὐδὲ
1687 1513 1725 1548 εἷς
1737 1516 1816 1549 λόγος
1831 1515 1884 1541 τῶν

266 1566 335 1593 qua,
355 1558 476 1592 Domine,
501 1568 566 1595 qua:
584 1561 687 1596 jurasti
711 1561 795 1589 David
816 1562 842 1588 in
862 1562 969 1589 veritate
982 1564 1049 1591 tua?

266 1609 294 1631 at
315 1613 369 1632 non
387 1605 482 1640 ignoro
493 1609 518 1633 te
535 1607 561 1633 in
575 1607 687 1635 veritate
706 1607 814 1640 jurnssc
832 1616 838 1633 :
853 1616 936 1642 quare
952 1609 977 1635 in
990 1609 1049 1643 ipso

267 1650 402 1676 sermonis
425 1651 540 1678 exordio
567 1652 668 1679 bonum
692 1653 767 1680 illum
785 1654 864 1680 ﬁnem
888 1654 1048 1689 respiciens,

267 1694 392 1721 dicebam
405 1705 412 1722 :
425 1695 622 1724 Misericordia:
634 1697 738 1724 Domini
747 1699 774 1724 in
786 1704 910 1726 aeternum
920 1699 1049 1727 cantabo:

268 1740 294 1767 in
310 1741 501 1775 generationem
525 1746 549 1769 el
565 1743 756 1777 generationem
777 1744 938 1772 annuntiabo
954 1746 1050 1772 verita-

268 1790 319 1812 tem
334 1789 406 1811 tuam
427 1785 454 1812 in
476 1794 520 1813 ore
548 1794 620 1820 "tea;
637 1795 668 1816 ac
685 1796 792 1815 rursum
819 1788 876 1816 hrec
895 1789 1025 1824 loquebar
1041 1801 1048 1818 :

268 1830 301 1856 In
317 1836 442 1858 a'ternum
456 1832 636 1860 misericordia
649 1833 837 1869 wdiﬁcabitur,
852 1835 879 1861 in
900 1835 962 1862 caelo
982 1843 1051 1870 prte-

268 1876 406 1910 parabitur
423 1878 519 1905 veritas
544 1882 600 1906 tua.
621 1878 666 1905 lla!
692 1887 757 1915 ergo
774 1880 966 1908 misericordiae
988 1887 1048 1916 tuae,

267 1922 391 1955 Domine,
405 1923 515 1951 ubinam
540 1925 606 1957 sint,
632 1924 752 1953 ediscere
776 1925 876 1961 ﬂagito,
893 1930 920 1954 et
939 1927 983 1954 ubi
1006 1935 1051 1954 oc-

267 1968 346 1995 culta:
359 1968 471 2001 lateant,
483 1970 627 2004 etquando
641 1975 760 1998 ventura:
776 1971 839 1999 sint.
855 1972 889 1998 At
897 1973 968 1999 enim
984 1980 1050 2007 sup-

267 2014 339 2048 plico
353 2018 382 2041 ut
397 2015 453 2049 jam
480 2015 608 2044 festinent
623 2020 650 2044 et
676 2017 786 2044 veniant
811 2025 843 2044 ac
867 2018 1050 2045 inﬁrmitatem

269 2065 390 2088 nostram
410 2062 570 2097 suscipiant.
596 2062 654 2090 Nisi
676 2063 750 2091 enim
772 2063 974 2092 misericordias
990 2068 1051 2092 tuas

268 2106 396 2141 antiquas
406 2107 568 2139 ostenderis.
584 2116 653 2143 quas
668 2116 721 2135 non
734 2109 814 2136 modo
829 2110 990 2144 promisisti,
1004 2109 1052 2137 sed

268 2151 350 2178 etiam
364 2151 463 2186 jurasti
480 2151 564 2180 David
584 2153 612 2180 in
628 2154 742 2181 veritate
763 2158 819 2185 tua,
837 2155 911 2182 nulla
935 2154 1052 2181 homini-

1102 1565 1155 1591 σῶν
1167 1564 1337 1599 ἐπαγγελιῶν
1352 1564 1528 1590 διαπεσεῖται.
1541 1562 1572 1588 Εἰ
1592 1562 1619 1588 δὲ
1635 1562 1680 1588 καί
1696 1570 1765 1597 φημι
1778 1561 1826 1587 νῦν
1844 1561 1884 1589 εἰς

1101 1611 1252 1646 ὑπόμνησιν
1274 1610 1358 1636 ἐλθὼν
1382 1609 1436 1635 τῶν
1463 1608 1676 1643 συμϐησομένων
1704 1607 1883 1642 σκυθρωπῶν,

1099 1656 1162 1684 Ποῦ
1177 1656 1243 1683 ἐστι
1259 1656 1295 1682 τὰ
1307 1655 1377 1688 ἑλέη
1395 1663 1452 1682 σου
1468 1654 1503 1681 τὰ
1524 1653 1642 1687 ἀρχαῖα,
1659 1653 1757 1687 Κύριε,
1774 1652 1793 1679 d
1808 1652 1883 1687 ὦμο-

1100 1710 1158 1735 σας
1186 1701 1226 1734 τῷ
1253 1701 1342 1728 Δαυῒδ
1373 1701 1408 1727 ἐν
1440 1700 1478 1734 τῇ
1507 1699 1631 1733 ἀληθείᾳ
1655 1707 1730 1729 σου;
1749 1699 1808 1726 ἀλλ’
1835 1699 1884 1726 οὐκ

1101 1747 1200 1781 ἀγνοῶ.
1217 1747 1258 1774 ὅτι
1284 1748 1312 1774 ἐν
1334 1748 1366 1782 τῇ
1387 1745 1500 1781 ἀληθεία
1520 1745 1643 1780 ὤμοσας·
1665 1744 1758 1780 διόπερ
1786 1743 1834 1770 καὶ
1855 1745 1884 1770 ὲν

1101 1793 1171 1828 ἀρχῇ
1186 1792 1232 1819 τοῦ
1246 1793 1344 1824 παντὸς
1364 1791 1443 1826 λόγου
1460 1792 1499 1822 είς
1511 1790 1541 1816 τὺ
1554 1789 1669 1826 χρηστὸν
1683 1790 1758 1820 τέλος
1770 1788 1882 1816 ἀποϐλέ-

1101 1846 1159 1864 πων
1180 1838 1287 1872 ἔλεγον·
1310 1838 1346 1864 Τὰ
1365 1837 1436 1872 ἐλέη
1457 1838 1509 1864 τοῦ
1530 1837 1640 1870 Kvplou
1661 1839 1704 1869 εις
1720 1837 1774 1863 τὸν
1793 1835 1883 1864 αιῶνα

1101 1882 1225 1917 ᾄσομαι·
1239 1884 1282 1915 εις
1315 1883 1421 1917 γενεὰν
1443 1883 1492 1909 καὶ
1518 1883 1623 1917 γενεὰν
1648 1882 1805 1916 ἀπαγγελῶ
1829 1882 1884 1916 τὴν

1101 1928 1244 1960 ἀλήθειάν
1262 1936 1319 1955 σου
1334 1928 1368 1954 ἐν
1386 1928 1425 1960 τῷ
1441 1929 1566 1963 στόματί
1577 1937 1635 1962 μου
1647 1937 1653 1943 ·
1671 1928 1717 1954 καὶ
1732 1928 1813 1954 πάλιν
1828 1928 1882 1954 ἔλε-

1101 1982 1162 2008 γονι
1185 1975 1236 2006 Είς
1259 1974 1312 2000 τὸν
1335 1974 1427 2000 αἰῶνα
1447 1974 1531 2007 ἕλεος
1555 1973 1830 2008 οἰκοδομηθήσεται,
1850 1974 1880 2000 ἐν

1101 2018 1141 2051 τῷ
1155 2018 1270 2052 οὐρανῷ
1285 2018 1529 2052 ἐτοιμασθήσεται
1545 2017 1564 2051 ἢ
1582 2017 1706 2051 ἀλήθειά
1721 2025 1789 2044 σου.
1809 2017 1882 2043 Λῦτα

1101 2063 1123 2090 δ’
1137 2061 1183 2091 οὖν
1198 2066 1287 2091 ἐκεῖνα
1300 2064 1335 2090 τὰ
1355 2064 1415 2100 ὲλέη
1440 2072 1496 2096 σου,
1519 2063 1615 2099 Κύριε,
1635 2063 1685 2089 ποῦ
1708 2063 1766 2088 ἐστι
1790 2063 1883 2098 μαθεῖν

1113 2109 1191 2141 ἀξιῶ,
1204 2111 1251 2136 καὶ
1267 2109 1315 2136 ποῦ
1335 2109 1458 2137 λανθάνει
1475 2109 1662 2145 κρυπτόμενα,
1676 2108 1723 2135 καὶ
1737 2108 1801 2134 πότε
1812 2107 1881 2143 ἣξει.

1109 2155 1188 2182 Ἀλλὰ
1211 2155 1265 2191 γὰρ
1285 2156 1408 2187 ἱκετεύω,
1427 2155 1570 2182 σπενσάτω
1588 2154 1634 2182 νῦν
1652 2154 1698 2181 καὶ
1717 2154 1818 2190 ἡκέτω,
1837 2154 1884 2181 καὶ

267 2196 319 2224 bus
331 2205 394 2234 spes
410 2197 506 2226 salutis
522 2199 693 2234 relinquitur.
713 2198 749 2227 Ut
767 2204 855 2226 autem
877 2207 967 2227 sermo
987 2204 1049 2228 tuus

1101 2201 1277 2229 καταλαὸέτω
1290 2202 1338 2237 τὴν
1351 2201 1485 2237 ἡμετέραν
1499 2200 1648 2228 ἀσθένειαν.
1663 2200 1694 2226 Et
1707 2199 1761 2234 γὰρ
1774 2199 1811 2234 μὴ
1823 2200 1882 2226 ἐπι-

267 2242 301 2270 de
313 2242 439 2270 tristibus
455 2243 553 2271 futuris
567 2251 647 2272 verax
665 2244 725 2276 fuit,
742 2244 886 2279 omniaque
906 2245 951 2272 illa
965 2246 1052 2272 conti-

267 2293 364 2324 gerunt
379 2292 407 2316 et
425 2289 557 2325 completa
576 2293 656 2323 sunt;
677 2290 714 2316 ita
733 2294 943 2318 consentaneum
965 2294 1004 2318 est
1023 2295 1052 2318 ut

268 2334 410 2362 meliorum
427 2335 637 2369 pollicitationes
657 2342 711 2362 non
737 2335 820 2362 irritae
846 2335 900 2362 sint
921 2345 928 2363 :
953 2336 1050 2370 quibus

267 2380 372 2408 scilicet
385 2381 465 2408 nobis
477 2381 667 2408 annuntiatum
677 2384 729 2412 est,
742 2384 872 2408 aeternum
888 2380 945 2408 fore
959 2389 1052 2409 semen

270 2425 389 2461 Davidis,
404 2433 430 2455 et
443 2427 571 2455 thronum
583 2427 641 2462 ejus
656 2427 741 2454 instar
756 2427 853 2454 solaris
866 2427 977 2455 luminis
989 2428 1050 2454 uni-

269 2479 378 2500 versum
393 2473 487 2500 orbem
505 2473 704 2500 illustraturum
719 2480 790 2500 esse.
805 2471 866 2500 [kec
884 2473 974 2508 itaque
997 2473 1050 2501 illis

268 2517 464 2554 olim’antiquis
474 2519 502 2546 in
517 2523 580 2546 voto
597 2518 682 2550 fuere,
700 2522 726 2546 et
748 2519 782 2546 ab
797 2519 829 2546 iis
844 2519 889 2553 qui
912 2519 1052 2554 propheti-

267 2571 363 2592 carum
377 2571 474 2591 vocum
487 2564 656 2592 meditationi
668 2564 751 2592 dediti
767 2568 845 2592 erant
859 2566 1053 2600 exspeclaban-

268 2614 313 2638 tur
329 2619 335 2637 :
350 2617 364 2637 a
380 2610 459 2638 nobis
473 2618 536 2638 vero
552 2611 618 2646 ipsis
629 2611 758 2646 operibus
767 2610 900 2645 completa
913 2610 1050 2643 videnlur,

267 2665 313 2691 per
343 2655 601 2683 consummationem
619 2664 710 2684 rerum
733 2664 793 2690 qua:
821 2655 848 2682 in
873 2654 1011 2684 Salvatore
1026 2661 1052 2684 et

268 2701 384 2730 Domino
405 2705 500 2729 nostro
513 2700 577 2729 Jcsu
592 2702 700 2729 Christo
715 2701 840 2737 perfectae
854 2706 928 2729 sunt.

1101 2247 1215 2280 δείξειάς
1234 2256 1279 2274 σου
1300 2247 1333 2274 τὰ
1356 2247 1416 2283 ὲλὲη
1435 2247 1470 2274 τὰ
1494 2248 1602 2282 ἀρχαῖα,
1627 2246 1698 2281 ἅπερ
1719 2245 1768 2280 οὐχ
1791 2245 1884 2276 ἁπλῶς

1102 2293 1269 2328 ἐπηγγείλω,
1282 2293 1349 2320 ἀλλὰ
1362 2294 1408 2321 καὶ⁹
1418 2292 1526 2329 ὤμοσας
1539 2293 1577 2328 τῷ
1591 2292 1671 2319 Δαυῒδ
1685 2293 1714 2318 ὲν
1727 2293 1759 2327 τῇ
1770 2291 1883 2327 ἀληθεία

1104 2348 1161 2371 σου,
1174 2339 1284 2375 οὐδεμία
1295 2339 1414 2366 λείπεται
1427 2339 1580 2375 ἀνθρώποις
1590 2339 1666 2369 ἐλπὶς
1680 2337 1826 2372 σωτηρίας.
1841 2337 1884 2369 Ὦς

1102 2383 1148 2412 οὖν
1171 2385 1352 2422 ὲπηλήθευσεν
1375 2387 1389 2412 ὀ
1408 2386 1485 2420 λόγος
1501 2386 1547 2412 ἐπὶ
1563 2384 1618 2411 τῶν
1638 2383 1818 2418 σκυθρωπῶν,
1839 2383 1884 2410 καί

1103 2431 1196 2465 γέγονε
1209 2431 1254 2458 καὶ
1269 2432 1424 2466 ἀπήντησεν
1439 2431 1555 2463 ἅπαντα,
1569 2430 1655 2462 οὕτως
1671 2429 1816 2456 ἀκόλουθόν
1826 2431 1883 2456 ἐστι

1103 2476 1149 2502 καὶ
1161 2477 1195 2502 τὰ
1215 2477 1354 2512 κρείττονα
1372 2476 1425 2504 τῶν
1443 2477 1612 2512 ἐπαγγελιῶν
1628 2476 1664 2512 μὴ
1680 2475 1882 2510 διαψεύσασθαι,

1102 2521 1135 2549 δι’
1143 2519 1180 2549 ὧν
1190 2524 1203 2549 ὁ
1210 2523 1287 2557 λόγος
1297 2523 1361 2558 ἡμῖν
1375 2523 1568 2558 εὐηγγελίσατο
1574 2522 1679 2549 αἰώνιον
1688 2521 1798 2557 σπέρμα
1804 2520 1883 2548 Δαυῖδ

1106 2567 1153 2594 καὶ
1160 2567 1251 2602 θρόνον
1259 2567 1340 2594 αὑτοῦ
1355 2568 1430 2603 δίκην
1439 2568 1512 2603 ήλίου
1521 2567 1607 2603 φωτὸς
1616 2567 1831 2602 καταλάμψαντα
1846 2567 1883 2603 (3)

1104 2613 1193 2639 πᾶσαν
1211 2613 1260 2649 τὴν
1281 2613 1335 2640 τῶν
1356 2613 1505 2650 ἀνθρώπων
1533 2614 1704 2649 οἰκουμένην.
1725 2613 1818 2640 Ταῦτα
1836 2613 1883 2649 μὲν

1103 2656 1149 2686 οὖν
1158 2660 1187 2686 ἐν
1196 2660 1286 2695 εὐχαῖς
1294 2660 1380 2687 ἔκειτο
1388 2661 1441 2692 τοῖς
1452 2660 1584 2692 παλαιοῖς,
1591 2661 1637 2687 καὶ
1645 2660 1826 2696 προσεδοκᾶτο
1832 2660 1884 2690 τοῖς

1102 2703 1150 2735 τὰς
1163 2706 1334 2740 προφητικᾰς
1347 2705 1437 2740 φωνὰς
1452 2705 1672 2741 μεμελετηκόσιν·
1685 2706 1750 2740 ἡμῖν
1759 2705 1786 2731 δὲ
1795 2705 1884 2735 αὐτοῖς

266 2749 356 2784 ἔργοις
381 2747 477 2783 ὁρᾶται
493 2747 704 2783 πεπληρωμένα,
729 2747 772 2774 διὰ
786 2748 838 2775 τῶν
858 2749 898 2780 εἰς
909 2748 954 2780 τὸν
975 2748 1088 2784 Σωτῆρα
1112 2751 1159 2777 καὶ
1185 2751 1285 2788 Κύριον
1307 2753 1386 2788 ἡμῶν
1405 2752 1506 2789 Ἰησοῦν
1518 2753 1633 2789 Χριστὸν
1648 2752 1883 2788 ἀποτελεσμάτων.

304 2819 342 2850 (1)
358 2817 467 2848 (ἔπαισε,
479 2817 618 2852 ῥυόμενον,
633 2816 861 2852 ἀνακαλούμενον,
873 2818 961 2845 active
970 2817 1051 2845 etiam

269 2854 345 2881 reddi
364 2851 489 2888 possunt,
506 2851 625 2888 nempe:
640 2853 684 2887 qui
698 2851 776 2880 eruat
788 2857 813 2880 et
826 2857 934 2881 revocet.
946 2851 1052 2881 Judicct

272 2891 357 2917 let-tor
367 2887 466 2917 utrum
480 2887 591 2916 rectius.
605 2887 681 2916 Enn.

1141 2819 1179 2856 (2)
1191 2819 1345 2856 Legendum
1360 2821 1465 2849 videtur
1480 2821 1555 2856 παρὰ
1570 2820 1616 2849 τοῦ
1626 2819 1754 2856 Χριστοῦ.
1770 2818 1849 2849 Eutr.

1141 2856 1180 2891 (5)
1197 2855 1277 2885 Forte
1289 2857 1430 2893 legendum
1442 2855 1660 2892 καταλάμψονταζ
1676 2855 1754 2887 Enn.
