  <div class='ocr_page' id='page_1' title='image "/cluster/home/n/w/nwhite01/storage/ocr_20150623/23/njp.32101077772505/570.png"; bbox 0 0 2032 3215; ppageno 0'>
   <div class='ocr_carea' id='block_1_1' title="bbox 160 173 232 202">
    <p class='ocr_par' dir='ltr' id='par_1_1' title="bbox 160 173 232 202">
     <span class='ocr_line' id='line_1_1' title="bbox 160 173 232 202; baseline 0.014 -1"><span class='ocrx_word' id='word_1_1' title='bbox 160 173 232 202; x_wconf 67' lang='grc' dir='ltr'><strong>Ιηὸ</strong></span> 
     </span>
    </p>
   </div>
   <div class='ocr_carea' id='block_1_2' title="bbox 725 159 1305 207">
    <p class='ocr_par' dir='ltr' id='par_1_2' title="bbox 725 159 1305 207">
     <span class='ocr_line' id='line_1_2' title="bbox 725 159 1305 207; baseline 0 -2"><span class='ocrx_word' id='word_1_2' title='bbox 725 176 975 205; x_wconf 71' lang='lat' dir='ltr'><strong>COMMENTARIA</strong></span> <span class='ocrx_word' id='word_1_3' title='bbox 996 176 1028 204; x_wconf 82' lang='lat' dir='ltr'><strong>IN</strong></span> <span class='ocrx_word' id='word_1_4' title='bbox 1048 176 1215 204; x_wconf 71' lang='lat' dir='ltr'><strong>rsautos.</strong></span> <span class='ocrx_word' id='word_1_5' title='bbox 1246 159 1305 207; x_wconf 57' lang='grc' dir='ltr'><strong>(δεῖ</strong></span> 
     </span>
    </p>
   </div>
   <div class='ocr_carea' id='block_1_3' title="bbox 1708 179 1778 207">
    <p class='ocr_par' dir='ltr' id='par_1_3' title="bbox 1708 179 1778 207">
     <span class='ocr_line' id='line_1_3' title="bbox 1708 179 1778 207; baseline -0.014 0"><span class='ocrx_word' id='word_1_6' title='bbox 1708 179 1778 207; x_wconf 71' lang='lat' dir='ltr'><strong>H26</strong></span> 
     </span>
    </p>
   </div>
   <div class='ocr_carea' id='block_1_4' title="bbox 153 230 937 270">
    <p class='ocr_par' dir='ltr' id='par_1_4' title="bbox 153 230 937 269">
     <span class='ocr_line' id='line_1_4' title="bbox 153 230 937 269; baseline 0.001 -11"><span class='ocrx_word' id='word_1_7' title='bbox 153 230 283 268; x_wconf 76' lang='grc' dir='ltr'>ρωμὲνων</span> <span class='ocrx_word' id='word_1_8' title='bbox 299 231 547 266; x_wconf 67' lang='grc' dir='ltr'>ὲπιὸουλευοίμεθα,</span> <span class='ocrx_word' id='word_1_9' title='bbox 567 233 703 268; x_wconf 77' lang='grc' dir='ltr'>νηφόντως</span> <span class='ocrx_word' id='word_1_10' title='bbox 724 234 770 260; x_wconf 78' lang='grc' dir='ltr'>ἐπὶ</span> <span class='ocrx_word' id='word_1_11' title='bbox 782 234 826 261; x_wconf 68' lang='grc' dir='ltr'>τὸν</span> <span class='ocrx_word' id='word_1_12' title='bbox 839 233 937 269; x_wconf 81' lang='grc' dir='ltr'>Κύριον</span> 
     </span>
    </p>
   </div>
   <div class='ocr_carea' id='block_1_5' title="bbox 987 230 1779 270">
    <p class='ocr_par' dir='ltr' id='par_1_5' title="bbox 991 232 1779 270">
     <span class='ocr_line' id='line_1_5' title="bbox 991 232 1779 270; baseline 0.005 -10"><span class='ocrx_word' id='word_1_13' title='bbox 991 233 1064 260; x_wconf 90' lang='lat' dir='ltr'><strong>tione</strong></span> <span class='ocrx_word' id='word_1_14' title='bbox 1076 232 1260 259; x_wconf 74' lang='lat' dir='ltr'><strong>invocantium</strong></span> <span class='ocrx_word' id='word_1_15' title='bbox 1277 240 1306 260; x_wconf 88' lang='lat' dir='ltr'><strong>se</strong></span> <span class='ocrx_word' id='word_1_16' title='bbox 1325 238 1511 269; x_wconf 72' lang='lat' dir='ltr'><strong>propugnator</strong></span> <span class='ocrx_word' id='word_1_17' title='bbox 1524 238 1551 262; x_wconf 87' lang='lat' dir='ltr'><strong>ct</strong></span> <span class='ocrx_word' id='word_1_18' title='bbox 1574 236 1712 270; x_wconf 71' lang='lat' dir='ltr'><strong>proteaor</strong></span> <span class='ocrx_word' id='word_1_19' title='bbox 1726 240 1779 264; x_wconf 88' lang='lat' dir='ltr'><strong>est.</strong></span> 
     </span>
    </p>
   </div>
   <div class='ocr_carea' id='block_1_6' title="bbox 151 276 939 314">
    <p class='ocr_par' dir='ltr' id='par_1_6' title="bbox 151 276 939 314">
     <span class='ocr_line' id='line_1_6' title="bbox 151 276 939 314; baseline 0.004 -11"><span class='ocrx_word' id='word_1_20' title='bbox 151 276 231 313; x_wconf 77' lang='grc' dir='ltr'>ἡμῶν</span> <span class='ocrx_word' id='word_1_21' title='bbox 251 277 358 304; x_wconf 77' lang='grc' dir='ltr'>καὶτὸν</span> <span class='ocrx_word' id='word_1_22' title='bbox 378 277 443 304; x_wconf 80' lang='grc' dir='ltr'>Θεὸν</span> <span class='ocrx_word' id='word_1_23' title='bbox 462 278 676 314; x_wconf 77' lang='grc' dir='ltr'>καταφύγωμεν,</span> <span class='ocrx_word' id='word_1_24' title='bbox 691 279 736 305; x_wconf 79' lang='grc' dir='ltr'>τὸν</span> <span class='ocrx_word' id='word_1_25' title='bbox 758 280 828 307; x_wconf 80' lang='grc' dir='ltr'>κατὰ</span> <span class='ocrx_word' id='word_1_26' title='bbox 844 279 939 314; x_wconf 78' lang='grc' dir='ltr'>γενεὰν</span> 
     </span>
    </p>
   </div>
   <div class='ocr_carea' id='block_1_7' title="bbox 151 323 940 361">
    <p class='ocr_par' dir='ltr' id='par_1_7' title="bbox 151 323 940 361">
     <span class='ocr_line' id='line_1_7' title="bbox 151 323 940 361; baseline 0.001 -11"><span class='ocrx_word' id='word_1_27' title='bbox 151 324 199 351; x_wconf 78' lang='grc' dir='ltr'><strong>καὶ</strong></span> <span class='ocrx_word' id='word_1_28' title='bbox 209 324 305 358; x_wconf 75' lang='grc' dir='ltr'>γενεὰν</span> <span class='ocrx_word' id='word_1_29' title='bbox 318 323 475 360; x_wconf 84' lang='grc' dir='ltr'>ὑπέρμαχον</span> <span class='ocrx_word' id='word_1_30' title='bbox 493 324 650 359; x_wconf 83' lang='grc' dir='ltr'>γιγνόμενον</span> <span class='ocrx_word' id='word_1_31' title='bbox 665 326 712 351; x_wconf 84' lang='grc' dir='ltr'>καὶ</span> <span class='ocrx_word' id='word_1_32' title='bbox 733 323 940 361; x_wconf 83' lang='grc' dir='ltr'>ὕπερασπιστὴν</span> 
     </span>
    </p>
   </div>
   <div class='ocr_carea' id='block_1_8' title="bbox 108 369 940 406">
    <p class='ocr_par' dir='ltr' id='par_1_8' title="bbox 108 369 940 406">
     <span class='ocr_line' id='line_1_8' title="bbox 108 369 940 406; baseline 0.002 -10"><span class='ocrx_word' id='word_1_33' title='bbox 108 372 116 380; x_wconf 79' lang='grc'><strong><em>⁸</em></strong></span> <span class='ocrx_word' id='word_1_34' title='bbox 149 369 205 397; x_wconf 86' lang='grc' dir='ltr'>τῶν</span> <span class='ocrx_word' id='word_1_35' title='bbox 222 369 444 404; x_wconf 75' lang='grc' dir='ltr'><strong>ἐπικαλουμένων</strong></span> <span class='ocrx_word' id='word_1_36' title='bbox 463 369 553 396; x_wconf 80' lang='grc' dir='ltr'>αὐτόν.</span> <span class='ocrx_word' id='word_1_37' title='bbox 573 370 644 396; x_wconf 77' lang='grc' dir='ltr'>’Δντὶ</span> <span class='ocrx_word' id='word_1_38' title='bbox 663 370 691 396; x_wconf 79' lang='grc' dir='ltr'>δὲ</span> <span class='ocrx_word' id='word_1_39' title='bbox 707 369 765 402; x_wconf 76' lang='grc' dir='ltr'>τοῦ,</span> <span class='ocrx_word' id='word_1_40' title='bbox 788 371 834 398; x_wconf 80' lang='grc' dir='ltr'><strong>Ἐν</strong></span> <span class='ocrx_word' id='word_1_41' title='bbox 853 370 940 406; x_wconf 79' lang='grc' dir='ltr'>γενεᾷ</span> 
     </span>
    </p>
   </div>
   <div class='ocr_carea' id='block_1_9' title="bbox 149 414 938 451">
    <p class='ocr_par' dir='ltr' id='par_1_9' title="bbox 149 414 938 451">
     <span class='ocr_line' id='line_1_9' title="bbox 149 414 938 451; baseline 0.001 -8"><span class='ocrx_word' id='word_1_42' title='bbox 149 416 200 444; x_wconf 79' lang='grc' dir='ltr'>καὶ</span> <span class='ocrx_word' id='word_1_43' title='bbox 216 414 314 451; x_wconf 78' lang='grc' dir='ltr'>γενεᾷ,</span> <span class='ocrx_word' id='word_1_44' title='bbox 329 415 493 451; x_wconf 82' lang='grc' dir='ltr'>σαφέστερον</span> <span class='ocrx_word' id='word_1_45' title='bbox 509 416 523 442; x_wconf 87' lang='grc' dir='ltr'>ὁ</span> <span class='ocrx_word' id='word_1_46' title='bbox 536 416 683 451; x_wconf 80' lang='grc' dir='ltr'><strong>Σύμμαχος</strong></span> <span class='ocrx_word' id='word_1_47' title='bbox 698 416 826 450; x_wconf 80' lang='grc' dir='ltr'><strong>ἐξέδωκεν</strong></span> <span class='ocrx_word' id='word_1_48' title='bbox 844 417 938 450; x_wconf 85' lang='grc' dir='ltr'>εἰπὼν,</span> 
     </span>
    </p>
   </div>
   <div class='ocr_carea' id='block_1_10' title="bbox 154 460 941 497">
    <p class='ocr_par' dir='ltr' id='par_1_10' title="bbox 154 460 941 497">
     <span class='ocr_line' id='line_1_10' title="bbox 154 460 941 497; baseline -0.003 -7"><span class='ocrx_word' id='word_1_49' title='bbox 154 462 207 490; x_wconf 80' lang='grc' dir='ltr'><strong>Ἐν</strong></span> <span class='ocrx_word' id='word_1_50' title='bbox 220 461 333 496; x_wconf 71' lang='grc' dir='ltr'><strong>ἑκάστῃ</strong></span> <span class='ocrx_word' id='word_1_51' title='bbox 350 460 453 495; x_wconf 72' lang='grc' dir='ltr'>γενεᾷ”</span> <span class='ocrx_word' id='word_1_52' title='bbox 468 462 514 488; x_wconf 80' lang='grc' dir='ltr'>καὶ</span> <span class='ocrx_word' id='word_1_53' title='bbox 530 461 627 489; x_wconf 80' lang='grc' dir='ltr'>πάλιν·</span> <span class='ocrx_word' id='word_1_54' title='bbox 644 462 704 495; x_wconf 83' lang='grc' dir='ltr'><strong>Πρὸ</strong></span> <span class='ocrx_word' id='word_1_55' title='bbox 717 462 770 489; x_wconf 83' lang='grc' dir='ltr'>τοῦ</span> <span class='ocrx_word' id='word_1_56' title='bbox 784 462 837 496; x_wconf 78' lang='grc' dir='ltr'>ὄρη</span> <span class='ocrx_word' id='word_1_57' title='bbox 855 471 941 497; x_wconf 76' lang='grc' dir='ltr'>γενη-</span> 
     </span>
    </p>
   </div>
   <div class='ocr_carea' id='block_1_11' title="bbox 147 506 938 542">
    <p class='ocr_par' dir='ltr' id='par_1_11' title="bbox 147 506 938 542">
     <span class='ocr_line' id='line_1_11' title="bbox 147 506 938 542; baseline -0.001 -7"><span class='ocrx_word' id='word_1_58' title='bbox 147 507 238 542; x_wconf 80' lang='grc' dir='ltr'><strong>θῆναι</strong></span> <span class='ocrx_word' id='word_1_59' title='bbox 257 507 307 533; x_wconf 75' lang='grc' dir='ltr'><strong>κα).</strong></span> <span class='ocrx_word' id='word_1_60' title='bbox 329 507 503 540; x_wconf 73' lang='grc' dir='ltr'><strong>πλασθῆναι</strong></span> <span class='ocrx_word' id='word_1_61' title='bbox 523 507 580 540; x_wconf 78' lang='grc' dir='ltr'><strong>τὴν</strong></span> <span class='ocrx_word' id='word_1_62' title='bbox 600 506 657 542; x_wconf 74' lang='grc' dir='ltr'><strong>γῆν</strong></span> <span class='ocrx_word' id='word_1_63' title='bbox 679 508 726 533; x_wconf 73' lang='grc' dir='ltr'>καὶ</span> <span class='ocrx_word' id='word_1_64' title='bbox 750 508 938 542; x_wconf 74' lang='grc' dir='ltr'>οικουμένην,</span> 
     </span>
    </p>
   </div>
   <div class='ocr_carea' id='block_1_12' title="bbox 148 550 940 587">
    <p class='ocr_par' dir='ltr' id='par_1_12' title="bbox 148 550 940 587">
     <span class='ocr_line' id='line_1_12' title="bbox 148 550 940 587; baseline 0.001 -9"><span class='ocrx_word' id='word_1_65' title='bbox 148 551 302 587; x_wconf 68' lang='grc' dir='ltr'>συμψώνως</span> <span class='ocrx_word' id='word_1_66' title='bbox 319 550 386 586; x_wconf 79' lang='grc' dir='ltr'>ὁμοῦ</span> <span class='ocrx_word' id='word_1_67' title='bbox 405 551 519 583; x_wconf 73' lang='grc' dir='ltr'>Ἀκύλας</span> <span class='ocrx_word' id='word_1_68' title='bbox 536 552 582 578; x_wconf 77' lang='grc' dir='ltr'>καὶ</span> <span class='ocrx_word' id='word_1_69' title='bbox 604 552 750 587; x_wconf 70' lang='grc' dir='ltr'>Σύμμαχος</span> <span class='ocrx_word' id='word_1_70' title='bbox 765 561 830 587; x_wconf 78' lang='grc' dir='ltr'>φασι</span> <span class='ocrx_word' id='word_1_71' title='bbox 842 561 849 568; x_wconf 87' lang='grc'>·</span> <span class='ocrx_word' id='word_1_72' title='bbox 867 553 940 587; x_wconf 74' lang='grc' dir='ltr'>Πρὶν</span> 
     </span>
    </p>
   </div>
   <div class='ocr_carea' id='block_1_13' title="bbox 147 596 940 632">
    <p class='ocr_par' dir='ltr' id='par_1_13' title="bbox 147 596 940 632">
     <span class='ocr_line' id='line_1_13' title="bbox 147 596 940 632; baseline 0.001 -8"><span class='ocrx_word' id='word_1_73' title='bbox 147 596 201 631; x_wconf 79' lang='grc' dir='ltr'>ὅρη</span> <span class='ocrx_word' id='word_1_74' title='bbox 214 596 357 631; x_wconf 79' lang='grc' dir='ltr'><strong>τεχθῆναι</strong></span> <span class='ocrx_word' id='word_1_75' title='bbox 375 596 423 623; x_wconf 80' lang='grc' dir='ltr'><strong>καὶ</strong></span> <span class='ocrx_word' id='word_1_76' title='bbox 443 597 622 631; x_wconf 84' lang='grc' dir='ltr'>ὼδινηθῆνιιι</span> <span class='ocrx_word' id='word_1_77' title='bbox 639 597 697 632; x_wconf 75' lang='grc' dir='ltr'><strong>γῆν</strong></span> <span class='ocrx_word' id='word_1_78' title='bbox 712 598 759 624; x_wconf 74' lang='grc' dir='ltr'>καὶ</span> <span class='ocrx_word' id='word_1_79' title='bbox 774 598 831 631; x_wconf 79' lang='grc' dir='ltr'><strong>τὴν</strong></span> <span class='ocrx_word' id='word_1_80' title='bbox 847 600 940 625; x_wconf 72' lang='grc' dir='ltr'>οἰκου-</span> 
     </span>
    </p>
   </div>
   <div class='ocr_carea' id='block_1_14' title="bbox 145 643 939 679">
    <p class='ocr_par' dir='ltr' id='par_1_14' title="bbox 145 643 939 679">
     <span class='ocr_line' id='line_1_14' title="bbox 145 643 939 679; baseline 0.003 -10"><span class='ocrx_word' id='word_1_81' title='bbox 145 643 253 678; x_wconf 71' lang='grc' dir='ltr'>μένην.</span> <span class='ocrx_word' id='word_1_82' title='bbox 270 643 325 670; x_wconf 78' lang='grc' dir='ltr'>Καί</span> <span class='ocrx_word' id='word_1_83' title='bbox 336 651 381 679; x_wconf 90' lang='grc' dir='ltr'><strong>μοι</strong></span> <span class='ocrx_word' id='word_1_84' title='bbox 392 643 466 669; x_wconf 83' lang='grc' dir='ltr'>δοκεῖ</span> <span class='ocrx_word' id='word_1_85' title='bbox 480 644 496 678; x_wconf 88' lang='grc' dir='ltr'>ἠ</span> <span class='ocrx_word' id='word_1_86' title='bbox 518 643 648 679; x_wconf 80' lang='grc' dir='ltr'><strong>Ἐϐραῖκὴ</strong></span> <span class='ocrx_word' id='word_1_87' title='bbox 662 643 734 676; x_wconf 79' lang='grc' dir='ltr'>λέξις</span> <span class='ocrx_word' id='word_1_88' title='bbox 745 645 856 678; x_wconf 81' lang='grc' dir='ltr'>φυσικὸν</span> <span class='ocrx_word' id='word_1_89' title='bbox 872 645 939 671; x_wconf 84' lang='grc' dir='ltr'>ἀπο-</span> 
     </span>
    </p>
   </div>
   <div class='ocr_carea' id='block_1_15' title="bbox 146 689 939 725">
    <p class='ocr_par' dir='ltr' id='par_1_15' title="bbox 146 689 939 725">
     <span class='ocr_line' id='line_1_15' title="bbox 146 689 939 725; baseline 0.001 -9"><span class='ocrx_word' id='word_1_90' title='bbox 146 689 294 717; x_wconf 75' lang='grc' dir='ltr'><strong>δεδωκέναι</strong></span> <span class='ocrx_word' id='word_1_91' title='bbox 318 689 407 723; x_wconf 83' lang='grc' dir='ltr'>λόγον,</span> <span class='ocrx_word' id='word_1_92' title='bbox 428 690 457 715; x_wconf 85' lang='grc' dir='ltr'>ὲν</span> <span class='ocrx_word' id='word_1_93' title='bbox 477 689 568 721; x_wconf 81' lang='grc' dir='ltr'>αὐτοῖς</span> <span class='ocrx_word' id='word_1_94' title='bbox 590 689 750 716; x_wconf 84' lang='grc' dir='ltr'><strong>διδάσκουσα</strong></span> <span class='ocrx_word' id='word_1_95' title='bbox 765 690 802 725; x_wconf 85' lang='grc' dir='ltr'>μὴ</span> <span class='ocrx_word' id='word_1_96' title='bbox 822 690 939 725; x_wconf 79' lang='grc' dir='ltr'><strong>ἀρχῆθεν</strong></span> 
     </span>
    </p>
   </div>
   <div class='ocr_carea' id='block_1_16' title="bbox 147 734 939 770">
    <p class='ocr_par' dir='ltr' id='par_1_16' title="bbox 147 734 939 770">
     <span class='ocr_line' id='line_1_16' title="bbox 147 734 939 770; baseline -0.001 -8"><span class='ocrx_word' id='word_1_97' title='bbox 147 734 318 770; x_wconf 79' lang='grc' dir='ltr'>συνυπάρξαι</span> <span class='ocrx_word' id='word_1_98' title='bbox 332 736 364 770; x_wconf 85' lang='grc' dir='ltr'>τῇ</span> <span class='ocrx_word' id='word_1_99' title='bbox 388 736 422 770; x_wconf 85' lang='grc' dir='ltr'>γῇ</span> <span class='ocrx_word' id='word_1_100' title='bbox 438 734 472 761; x_wconf 84' lang='grc' dir='ltr'>τὰ</span> <span class='ocrx_word' id='word_1_101' title='bbox 489 734 517 761; x_wconf 80' lang='grc' dir='ltr'>ἐν</span> <span class='ocrx_word' id='word_1_102' title='bbox 541 734 609 769; x_wconf 78' lang='grc' dir='ltr'>αὐτῇ</span> <span class='ocrx_word' id='word_1_103' title='bbox 626 734 688 769; x_wconf 74' lang='grc' dir='ltr'>ὅρη.</span> <span class='ocrx_word' id='word_1_104' title='bbox 709 734 765 760; x_wconf 70' lang='grc' dir='ltr'>ἀλλ’</span> <span class='ocrx_word' id='word_1_105' title='bbox 787 734 939 770; x_wconf 81' lang='grc' dir='ltr'><strong>ἀναφυῆναι</strong></span> 
     </span>
    </p>
   </div>
   <div class='ocr_carea' id='block_1_17' title="bbox 146 779 940 815">
    <p class='ocr_par' dir='ltr' id='par_1_17' title="bbox 146 779 940 815">
     <span class='ocr_line' id='line_1_17' title="bbox 146 779 940 815; baseline -0.001 -8"><span class='ocrx_word' id='word_1_106' title='bbox 146 781 225 815; x_wconf 85' lang='grc' dir='ltr'>δίκην</span> <span class='ocrx_word' id='word_1_107' title='bbox 239 780 293 807; x_wconf 86' lang='grc' dir='ltr'>τῶν</span> <span class='ocrx_word' id='word_1_108' title='bbox 304 780 470 815; x_wconf 79' lang='grc' dir='ltr'><strong>τικτομένων</strong></span> <span class='ocrx_word' id='word_1_109' title='bbox 479 788 486 796; x_wconf 75' lang='grc' dir='ltr'><strong>ο</strong></span> <span class='ocrx_word' id='word_1_110' title='bbox 500 779 540 806; x_wconf 79' lang='grc' dir='ltr'>διὸ</span> <span class='ocrx_word' id='word_1_111' title='bbox 555 779 661 815; x_wconf 74' lang='grc' dir='ltr'>εἴρηται</span> <span class='ocrx_word' id='word_1_112' title='bbox 672 787 678 793; x_wconf 82' lang='lat'>&#39;</span> <span class='ocrx_word' id='word_1_113' title='bbox 693 779 750 814; x_wconf 84' lang='grc' dir='ltr'><strong>Πρὸ</strong></span> <span class='ocrx_word' id='word_1_114' title='bbox 764 780 816 807; x_wconf 85' lang='grc' dir='ltr'>τοῦ</span> <span class='ocrx_word' id='word_1_115' title='bbox 828 780 880 815; x_wconf 78' lang='grc' dir='ltr'>ὄρη</span> <span class='ocrx_word' id='word_1_116' title='bbox 895 789 940 815; x_wconf 82' lang='grc' dir='ltr'><strong>τε-</strong></span> 
     </span>
    </p>
   </div>
   <div class='ocr_carea' id='block_1_18' title="bbox 145 823 939 860">
    <p class='ocr_par' dir='ltr' id='par_1_18' title="bbox 145 823 939 860">
     <span class='ocr_line' id='line_1_18' title="bbox 145 823 939 860; baseline 0 -9"><span class='ocrx_word' id='word_1_117' title='bbox 145 823 285 859; x_wconf 74' lang='grc' dir='ltr'>νηθῆναι,</span> <span class='ocrx_word' id='word_1_118' title='bbox 303 824 331 860; x_wconf 78' lang='grc' dir='ltr'>ἢ,</span> <span class='ocrx_word' id='word_1_119' title='bbox 353 824 428 858; x_wconf 78' lang='grc' dir='ltr'><strong>Πρὶν</strong></span> <span class='ocrx_word' id='word_1_120' title='bbox 440 824 493 858; x_wconf 81' lang='grc' dir='ltr'>ὅρη</span> <span class='ocrx_word' id='word_1_121' title='bbox 506 823 646 858; x_wconf 72' lang='grc' dir='ltr'>τεχθῆναι</span> <span class='ocrx_word' id='word_1_122' title='bbox 657 832 664 839; x_wconf 78' lang='grc'><em>’</em></span> <span class='ocrx_word' id='word_1_123' title='bbox 682 824 727 850; x_wconf 75' lang='grc' dir='ltr'><strong>καὶ</strong></span> <span class='ocrx_word' id='word_1_124' title='bbox 744 824 817 856; x_wconf 73' lang='grc' dir='ltr'>εἰκὸς</span> <span class='ocrx_word' id='word_1_125' title='bbox 830 825 888 860; x_wconf 74' lang='grc' dir='ltr'>ἅμα</span> <span class='ocrx_word' id='word_1_126' title='bbox 901 825 939 860; x_wconf 84' lang='grc' dir='ltr'>τῷ</span> 
     </span>
    </p>
   </div>
   <div class='ocr_carea' id='block_1_19' title="bbox 145 865 940 907">
    <p class='ocr_par' dir='ltr' id='par_1_19' title="bbox 145 865 940 907">
     <span class='ocr_line' id='line_1_19' title="bbox 145 865 940 907; baseline -0.001 -10"><span class='ocrx_word' id='word_1_127' title='bbox 145 865 275 905; x_wconf 73' lang='grc' dir='ltr'>τεχθῆναι</span> <span class='ocrx_word' id='word_1_128' title='bbox 287 869 321 896; x_wconf 81' lang='grc' dir='ltr'>τὰ</span> <span class='ocrx_word' id='word_1_129' title='bbox 332 869 382 907; x_wconf 66' lang='grc' dir='ltr'><strong>ὅρη</strong></span> <span class='ocrx_word' id='word_1_130' title='bbox 397 870 444 896; x_wconf 77' lang='grc' dir='ltr'>καὶ</span> <span class='ocrx_word' id='word_1_131' title='bbox 457 868 644 904; x_wconf 75' lang='grc' dir='ltr'>προϐληθῆναι</span> <span class='ocrx_word' id='word_1_132' title='bbox 656 868 709 895; x_wconf 79' lang='grc' dir='ltr'>ἀπὸ</span> <span class='ocrx_word' id='word_1_133' title='bbox 720 869 768 905; x_wconf 78' lang='grc' dir='ltr'>τῆς</span> <span class='ocrx_word' id='word_1_134' title='bbox 780 869 832 903; x_wconf 86' lang='grc' dir='ltr'>γῆς</span> <span class='ocrx_word' id='word_1_135' title='bbox 843 869 940 897; x_wconf 84' lang='grc' dir='ltr'>καταλ-</span> 
     </span>
    </p>
   </div>
   <div class='ocr_carea' id='block_1_20' title="bbox 145 906 975 950">
    <p class='ocr_par' dir='ltr' id='par_1_20' title="bbox 145 906 975 950">
     <span class='ocr_line' id='line_1_20' title="bbox 145 906 975 950; baseline 0 -10"><span class='ocrx_word' id='word_1_136' title='bbox 145 914 235 950; x_wconf 78' lang='grc' dir='ltr'>λήλως</span> <span class='ocrx_word' id='word_1_137' title='bbox 254 915 311 946; x_wconf 82' lang='grc' dir='ltr'>τοῖς</span> <span class='ocrx_word' id='word_1_138' title='bbox 333 913 462 949; x_wconf 77' lang='grc' dir='ltr'><strong>βρέφεσι,</strong></span> <span class='ocrx_word' id='word_1_139' title='bbox 483 914 520 950; x_wconf 84' lang='grc' dir='ltr'>μὴ</span> <span class='ocrx_word' id='word_1_140' title='bbox 535 915 614 941; x_wconf 84' lang='grc' dir='ltr'>ὁποῖα</span> <span class='ocrx_word' id='word_1_141' title='bbox 628 913 676 941; x_wconf 83' lang='grc' dir='ltr'>νῦν</span> <span class='ocrx_word' id='word_1_142' title='bbox 691 914 722 940; x_wconf 84' lang='grc' dir='ltr'>τὸ</span> <span class='ocrx_word' id='word_1_143' title='bbox 742 914 855 949; x_wconf 77' lang='grc' dir='ltr'>μέγεθος</span> <span class='ocrx_word' id='word_1_144' title='bbox 871 915 937 941; x_wconf 83' lang='grc' dir='ltr'>ὐπο-</span> <span class='ocrx_word' id='word_1_145' title='bbox 954 906 975 934; x_wconf 72' lang='grc' dir='ltr'><strong><em>Β</em></strong></span> 
     </span>
    </p>
   </div>
   <div class='ocr_carea' id='block_1_21' title="bbox 145 960 936 997">
    <p class='ocr_par' dir='ltr' id='par_1_21' title="bbox 145 960 936 997">
     <span class='ocr_line' id='line_1_21' title="bbox 145 960 936 997; baseline 0.001 -11"><span class='ocrx_word' id='word_1_146' title='bbox 145 960 254 996; x_wconf 80' lang='grc' dir='ltr'>στῆναι,</span> <span class='ocrx_word' id='word_1_147' title='bbox 263 960 320 987; x_wconf 84' lang='grc' dir='ltr'>ἀλλ’</span> <span class='ocrx_word' id='word_1_148' title='bbox 331 960 393 996; x_wconf 77' lang='grc' dir='ltr'>ἄρτι</span> <span class='ocrx_word' id='word_1_149' title='bbox 404 960 452 997; x_wconf 81' lang='grc' dir='ltr'><strong>μὲν</strong></span> <span class='ocrx_word' id='word_1_150' title='bbox 466 960 629 996; x_wconf 82' lang='grc' dir='ltr'><strong>γεννηθέντα</strong></span> <span class='ocrx_word' id='word_1_151' title='bbox 641 961 687 986; x_wconf 73' lang='grc' dir='ltr'><strong>καὶ</strong></span> <span class='ocrx_word' id='word_1_152' title='bbox 694 960 833 995; x_wconf 83' lang='grc' dir='ltr'><strong>τεχθέντα,</strong></span> <span class='ocrx_word' id='word_1_153' title='bbox 842 961 936 996; x_wconf 85' lang='grc' dir='ltr'>ὥσπερ</span> 
     </span>
    </p>
   </div>
   <div class='ocr_carea' id='block_1_22' title="bbox 143 1007 934 1045">
    <p class='ocr_par' dir='ltr' id='par_1_22' title="bbox 143 1007 934 1045">
     <span class='ocr_line' id='line_1_22' title="bbox 143 1007 934 1045; baseline -0.005 -8"><span class='ocrx_word' id='word_1_154' title='bbox 143 1009 276 1044; x_wconf 83' lang='grc' dir='ltr'>ἀρτιγενῆ</span> <span class='ocrx_word' id='word_1_155' title='bbox 293 1007 348 1034; x_wconf 85' lang='grc' dir='ltr'><strong>τῶν</strong></span> <span class='ocrx_word' id='word_1_156' title='bbox 365 1008 481 1043; x_wconf 80' lang='grc' dir='ltr'><strong>βρεφῶν,</strong></span> <span class='ocrx_word' id='word_1_157' title='bbox 503 1007 587 1043; x_wconf 78' lang='grc' dir='ltr'>μικρὰ</span> <span class='ocrx_word' id='word_1_158' title='bbox 604 1008 650 1035; x_wconf 80' lang='grc' dir='ltr'><strong>καὶ</strong></span> <span class='ocrx_word' id='word_1_159' title='bbox 663 1008 791 1043; x_wconf 77' lang='grc' dir='ltr'>ἐλάχιστα</span> <span class='ocrx_word' id='word_1_160' title='bbox 805 1008 934 1045; x_wconf 76' lang='grc' dir='ltr'>ὑπάρξαι,</span> 
     </span>
    </p>
   </div>
   <div class='ocr_carea' id='block_1_23' title="bbox 142 1053 935 1090">
    <p class='ocr_par' dir='ltr' id='par_1_23' title="bbox 142 1053 935 1090">
     <span class='ocr_line' id='line_1_23' title="bbox 142 1053 935 1090; baseline -0.001 -10"><span class='ocrx_word' id='word_1_161' title='bbox 142 1054 181 1089; x_wconf 81' lang='grc' dir='ltr'>τῷ</span> <span class='ocrx_word' id='word_1_162' title='bbox 193 1053 223 1080; x_wconf 78' lang='grc' dir='ltr'>δὲ</span> <span class='ocrx_word' id='word_1_163' title='bbox 238 1053 336 1090; x_wconf 80' lang='grc' dir='ltr'>μακρῷ</span> <span class='ocrx_word' id='word_1_164' title='bbox 346 1054 423 1080; x_wconf 74' lang='grc' dir='ltr'>αἰῶνι</span> <span class='ocrx_word' id='word_1_165' title='bbox 435 1053 519 1088; x_wconf 69' lang='grc' dir='ltr'>αὔξην</span> <span class='ocrx_word' id='word_1_166' title='bbox 530 1054 576 1080; x_wconf 74' lang='grc' dir='ltr'>καὶ</span> <span class='ocrx_word' id='word_1_167' title='bbox 589 1054 703 1090; x_wconf 81' lang='grc' dir='ltr'>μέγεθος</span> <span class='ocrx_word' id='word_1_168' title='bbox 713 1054 858 1081; x_wconf 78' lang='grc' dir='ltr'>ἐπιδοῦναι.</span> <span class='ocrx_word' id='word_1_169' title='bbox 868 1054 935 1080; x_wconf 77' lang='grc' dir='ltr'>Φασὶ</span> 
     </span>
    </p>
   </div>
   <div class='ocr_carea' id='block_1_24' title="bbox 143 1099 936 1136">
    <p class='ocr_par' dir='ltr' id='par_1_24' title="bbox 143 1099 936 1136">
     <span class='ocr_line' id='line_1_24' title="bbox 143 1099 936 1136; baseline 0 -10"><span class='ocrx_word' id='word_1_170' title='bbox 143 1100 209 1134; x_wconf 78' lang='grc' dir='ltr'>γοῦν</span> <span class='ocrx_word' id='word_1_171' title='bbox 223 1101 263 1132; x_wconf 82' lang='grc' dir='ltr'><strong>είς</strong></span> <span class='ocrx_word' id='word_1_172' title='bbox 274 1100 313 1126; x_wconf 79' lang='grc' dir='ltr'>ἑτι</span> <span class='ocrx_word' id='word_1_173' title='bbox 323 1099 403 1136; x_wconf 85' lang='grc' dir='ltr'>δεῦρό</span> <span class='ocrx_word' id='word_1_174' title='bbox 413 1109 483 1132; x_wconf 86' lang='grc' dir='ltr'>τινες</span> <span class='ocrx_word' id='word_1_175' title='bbox 494 1100 547 1126; x_wconf 82' lang='grc' dir='ltr'>τῶν</span> <span class='ocrx_word' id='word_1_176' title='bbox 556 1100 721 1134; x_wconf 70' lang='grc' dir='ltr'>φυσιολόγων</span> <span class='ocrx_word' id='word_1_177' title='bbox 732 1100 823 1133; x_wconf 74' lang='grc' dir='ltr'>αὔξειν</span> <span class='ocrx_word' id='word_1_178' title='bbox 831 1099 864 1126; x_wconf 81' lang='grc' dir='ltr'>τὰ</span> <span class='ocrx_word' id='word_1_179' title='bbox 875 1099 936 1135; x_wconf 76' lang='grc' dir='ltr'>δρη,</span> 
     </span>
    </p>
   </div>
   <div class='ocr_carea' id='block_1_25' title="bbox 143 1145 938 1182">
    <p class='ocr_par' dir='ltr' id='par_1_25' title="bbox 143 1145 938 1182">
     <span class='ocr_line' id='line_1_25' title="bbox 143 1145 938 1182; baseline 0 -10"><span class='ocrx_word' id='word_1_180' title='bbox 143 1146 191 1173; x_wconf 75' lang='grc' dir='ltr'>καὶ</span> <span class='ocrx_word' id='word_1_181' title='bbox 212 1145 262 1178; x_wconf 83' lang='grc' dir='ltr'>τὰς</span> <span class='ocrx_word' id='word_1_182' title='bbox 284 1146 387 1182; x_wconf 81' lang='grc' dir='ltr'>πέτρας</span> <span class='ocrx_word' id='word_1_183' title='bbox 406 1145 514 1181; x_wconf 75' lang='grc' dir='ltr'><strong>μείζους</strong></span> <span class='ocrx_word' id='word_1_184' title='bbox 529 1146 633 1173; x_wconf 80' lang='grc' dir='ltr'>ἑαυτῶν</span> <span class='ocrx_word' id='word_1_185' title='bbox 649 1146 770 1180; x_wconf 84' lang='grc' dir='ltr'>γίνεσθαι</span> <span class='ocrx_word' id='word_1_186' title='bbox 782 1146 853 1173; x_wconf 84' lang='grc' dir='ltr'>κατά</span> <span class='ocrx_word' id='word_1_187' title='bbox 863 1155 938 1177; x_wconf 84' lang='grc' dir='ltr'>τινας</span> 
     </span>
    </p>
   </div>
   <div class='ocr_carea' id='block_1_26' title="bbox 145 1191 938 1227">
    <p class='ocr_par' dir='ltr' id='par_1_26' title="bbox 145 1191 938 1227">
     <span class='ocr_line' id='line_1_26' title="bbox 145 1191 938 1227; baseline 0 -9"><span class='ocrx_word' id='word_1_188' title='bbox 145 1191 329 1223; x_wconf 78' lang='grc' dir='ltr'>λανθανούσας</span> <span class='ocrx_word' id='word_1_189' title='bbox 340 1192 413 1227; x_wconf 82' lang='grc' dir='ltr'>ἡμᾶς</span> <span class='ocrx_word' id='word_1_190' title='bbox 427 1191 470 1217; x_wconf 81' lang='grc' dir='ltr'><strong>διὰ</strong></span> <span class='ocrx_word' id='word_1_191' title='bbox 486 1191 598 1227; x_wconf 81' lang='grc' dir='ltr'>μακρῶν</span> <span class='ocrx_word' id='word_1_192' title='bbox 618 1191 750 1226; x_wconf 80' lang='grc' dir='ltr'>περιόδων</span> <span class='ocrx_word' id='word_1_193' title='bbox 765 1191 938 1227; x_wconf 80' lang='grc' dir='ltr'><strong>βραχυτάτας</strong></span> 
     </span>
    </p>
   </div>
   <div class='ocr_carea' id='block_1_27' title="bbox 144 1236 935 1273">
    <p class='ocr_par' dir='ltr' id='par_1_27' title="bbox 144 1236 935 1273">
     <span class='ocr_line' id='line_1_27' title="bbox 144 1236 935 1273; baseline 0.001 -11"><span class='ocrx_word' id='word_1_194' title='bbox 144 1236 314 1273; x_wconf 80' lang='grc' dir='ltr'>προσθήκας.</span> <span class='ocrx_word' id='word_1_195' title='bbox 332 1237 408 1263; x_wconf 77' lang='grc' dir='ltr'>Ἐπεὶ</span> <span class='ocrx_word' id='word_1_196' title='bbox 421 1236 448 1263; x_wconf 75' lang='grc' dir='ltr'>δὲ</span> <span class='ocrx_word' id='word_1_197' title='bbox 463 1237 509 1263; x_wconf 78' lang='grc' dir='ltr'><strong>καὶ</strong></span> <span class='ocrx_word' id='word_1_198' title='bbox 523 1236 685 1272; x_wconf 82' lang='grc' dir='ltr'>ὡδινηοῆναι</span> <span class='ocrx_word' id='word_1_199' title='bbox 700 1236 749 1273; x_wconf 76' lang='grc' dir='ltr'>τὴν</span> <span class='ocrx_word' id='word_1_200' title='bbox 763 1237 814 1272; x_wconf 87' lang='grc' dir='ltr'><strong>γῆν</strong></span> <span class='ocrx_word' id='word_1_201' title='bbox 829 1237 876 1263; x_wconf 70' lang='grc' dir='ltr'>καὶ</span> <span class='ocrx_word' id='word_1_202' title='bbox 887 1236 935 1273; x_wconf 82' lang='grc' dir='ltr'>τὴν</span> 
     </span>
    </p>
   </div>
   <div class='ocr_carea' id='block_1_28' title="bbox 144 1282 936 1318">
    <p class='ocr_par' dir='ltr' id='par_1_28' title="bbox 144 1282 936 1318">
     <span class='ocr_line' id='line_1_28' title="bbox 144 1282 936 1318; baseline 0.001 -10"><span class='ocrx_word' id='word_1_203' title='bbox 144 1282 307 1318; x_wconf 81' lang='grc' dir='ltr'>οἰκουμένην</span> <span class='ocrx_word' id='word_1_204' title='bbox 324 1282 464 1318; x_wconf 79' lang='grc' dir='ltr'>είρήκασιν</span> <span class='ocrx_word' id='word_1_205' title='bbox 480 1283 504 1309; x_wconf 83' lang='grc' dir='ltr'>οἱ</span> <span class='ocrx_word' id='word_1_206' title='bbox 521 1282 746 1318; x_wconf 81' lang='grc' dir='ltr'>ὲρμηνεὺσαντες,</span> <span class='ocrx_word' id='word_1_207' title='bbox 761 1282 936 1318; x_wconf 75' lang='grc' dir='ltr'>ἐξακολουθή-</span> 
     </span>
    </p>
   </div>
   <div class='ocr_carea' id='block_1_29' title="bbox 146 1327 936 1364">
    <p class='ocr_par' dir='ltr' id='par_1_29' title="bbox 146 1327 936 1364">
     <span class='ocr_line' id='line_1_29' title="bbox 146 1327 936 1364; baseline 0 -8"><span class='ocrx_word' id='word_1_208' title='bbox 146 1337 242 1360; x_wconf 77' lang='grc' dir='ltr'>σαντες</span> <span class='ocrx_word' id='word_1_209' title='bbox 253 1328 293 1364; x_wconf 79' lang='grc' dir='ltr'>τῷ</span> <span class='ocrx_word' id='word_1_210' title='bbox 312 1327 458 1364; x_wconf 80' lang='grc' dir='ltr'>Ἑϐραῖκῷ,</span> <span class='ocrx_word' id='word_1_211' title='bbox 472 1328 576 1364; x_wconf 86' lang='grc' dir='ltr'>μήποτε</span> <span class='ocrx_word' id='word_1_212' title='bbox 594 1328 639 1354; x_wconf 73' lang='grc' dir='ltr'>καὶ</span> <span class='ocrx_word' id='word_1_213' title='bbox 654 1328 699 1354; x_wconf 72' lang='grc' dir='ltr'><strong>ἐπὶ</strong></span> <span class='ocrx_word' id='word_1_214' title='bbox 714 1328 762 1363; x_wconf 84' lang='grc' dir='ltr'>τῆς</span> <span class='ocrx_word' id='word_1_215' title='bbox 777 1329 827 1364; x_wconf 81' lang='grc' dir='ltr'>γῆς</span> <span class='ocrx_word' id='word_1_216' title='bbox 838 1329 867 1355; x_wconf 75' lang='grc' dir='ltr'>τὸ</span> <span class='ocrx_word' id='word_1_217' title='bbox 884 1337 936 1356; x_wconf 83' lang='grc' dir='ltr'>πα-</span> 
     </span>
    </p>
   </div>
   <div class='ocr_carea' id='block_1_30' title="bbox 146 1374 934 1411">
    <p class='ocr_par' dir='ltr' id='par_1_30' title="bbox 146 1374 934 1411">
     <span class='ocr_line' id='line_1_30' title="bbox 146 1374 934 1411; baseline -0.001 -10"><span class='ocrx_word' id='word_1_218' title='bbox 146 1374 296 1410; x_wconf 86' lang='grc' dir='ltr'>ραπλήσιον</span> <span class='ocrx_word' id='word_1_219' title='bbox 318 1376 374 1406; x_wconf 83' lang='grc' dir='ltr'>τοῖς</span> <span class='ocrx_word' id='word_1_220' title='bbox 389 1374 463 1410; x_wconf 74' lang='grc' dir='ltr'>ὄρεσι</span> <span class='ocrx_word' id='word_1_221' title='bbox 478 1374 571 1410; x_wconf 76' lang='grc' dir='ltr'>νοῆσαι</span> <span class='ocrx_word' id='word_1_222' title='bbox 590 1374 731 1410; x_wconf 74' lang='grc' dir='ltr'>προσήκει.</span> <span class='ocrx_word' id='word_1_223' title='bbox 748 1374 785 1406; x_wconf 81' lang='grc' dir='ltr'>ὡς</span> <span class='ocrx_word' id='word_1_224' title='bbox 801 1375 829 1408; x_wconf 77' lang='grc' dir='ltr'><strong>ἐξ</strong></span> <span class='ocrx_word' id='word_1_225' title='bbox 840 1375 934 1411; x_wconf 76' lang='grc' dir='ltr'>ἑτέρου</span> 
     </span>
    </p>
   </div>
   <div class='ocr_carea' id='block_1_31' title="bbox 990 277 1777 315">
    <p class='ocr_par' dir='ltr' id='par_1_31' title="bbox 990 277 1777 315">
     <span class='ocr_line' id='line_1_31' title="bbox 990 277 1777 315; baseline 0.003 -10"><span class='ocrx_word' id='word_1_226' title='bbox 990 278 1042 305; x_wconf 81' lang='lat' dir='ltr'><strong>Pro</strong></span> <span class='ocrx_word' id='word_1_227' title='bbox 1058 278 1104 305; x_wconf 90' lang='lat' dir='ltr'><strong>illo</strong></span> <span class='ocrx_word' id='word_1_228' title='bbox 1123 282 1224 309; x_wconf 85' lang='lat' dir='ltr'><strong>autem,</strong></span> <span class='ocrx_word' id='word_1_229' title='bbox 1241 277 1274 304; x_wconf 90' lang='lat' dir='ltr'><strong>In</strong></span> <span class='ocrx_word' id='word_1_230' title='bbox 1298 280 1463 313; x_wconf 74' lang='lat' dir='ltr'><strong>generatione</strong></span> <span class='ocrx_word' id='word_1_231' title='bbox 1484 285 1509 307; x_wconf 85' lang='lat' dir='ltr'><strong>et</strong></span> <span class='ocrx_word' id='word_1_232' title='bbox 1531 280 1708 315; x_wconf 70' lang='lat' dir='ltr'><strong>generatione.</strong></span> <span class='ocrx_word' id='word_1_233' title='bbox 1724 281 1777 308; x_wconf 87' lang='lat' dir='ltr'><strong>ela-</strong></span> 
     </span>
    </p>
   </div>
   <div class='ocr_carea' id='block_1_32' title="bbox 989 322 1780 359">
    <p class='ocr_par' dir='ltr' id='par_1_32' title="bbox 989 322 1780 359">
     <span class='ocr_line' id='line_1_32' title="bbox 989 322 1780 359; baseline 0.001 -9"><span class='ocrx_word' id='word_1_234' title='bbox 989 325 1047 350; x_wconf 85' lang='lat' dir='ltr'><strong>rius</strong></span> <span class='ocrx_word' id='word_1_235' title='bbox 1062 322 1242 358; x_wconf 81' lang='lat' dir='ltr'><strong>Symmachus</strong></span> <span class='ocrx_word' id='word_1_236' title='bbox 1253 322 1339 349; x_wconf 90' lang='lat' dir='ltr'><strong>edidit</strong></span> <span class='ocrx_word' id='word_1_237' title='bbox 1355 323 1398 350; x_wconf 88' lang='lat' dir='ltr'><strong>his</strong></span> <span class='ocrx_word' id='word_1_238' title='bbox 1416 324 1518 355; x_wconf 76' lang='lat' dir='ltr'><strong>verbis,</strong></span> <span class='ocrx_word' id='word_1_239' title='bbox 1533 324 1566 351; x_wconf 81' lang='lat' dir='ltr'><strong>In</strong></span> <span class='ocrx_word' id='word_1_240' title='bbox 1576 323 1688 358; x_wconf 74' lang='lat' dir='ltr'><strong>singuli:</strong></span> <span class='ocrx_word' id='word_1_241' title='bbox 1702 331 1780 359; x_wconf 76' lang='lat' dir='ltr'><strong>gene—</strong></span> 
     </span>
    </p>
   </div>
   <div class='ocr_carea' id='block_1_33' title="bbox 989 368 1781 406">
    <p class='ocr_par' dir='ltr' id='par_1_33' title="bbox 989 368 1781 406">
     <span class='ocr_line' id='line_1_33' title="bbox 989 368 1781 406; baseline 0.004 -11"><span class='ocrx_word' id='word_1_242' title='bbox 989 369 1159 400; x_wconf 77' lang='lat' dir='ltr'><strong>rationibus;</strong></span> <span class='ocrx_word' id='word_1_243' title='bbox 1175 376 1208 395; x_wconf 89' lang='lat' dir='ltr'><strong>ac</strong></span> <span class='ocrx_word' id='word_1_244' title='bbox 1229 375 1339 396; x_wconf 81' lang='lat' dir='ltr'><strong>rursum</strong></span> <span class='ocrx_word' id='word_1_245' title='bbox 1367 368 1435 401; x_wconf 67' lang='lat' dir='ltr'><strong>haec,</strong></span> <span class='ocrx_word' id='word_1_246' title='bbox 1454 369 1602 405; x_wconf 76' lang='lat' dir='ltr'><strong>Antequam</strong></span> <span class='ocrx_word' id='word_1_247' title='bbox 1615 376 1715 398; x_wconf 70' lang='lat' dir='ltr'><strong>montes</strong></span> <span class='ocrx_word' id='word_1_248' title='bbox 1731 371 1781 406; x_wconf 76' lang='lat' dir='ltr'><strong>ﬁe—</strong></span> 
     </span>
    </p>
   </div>
   <div class='ocr_carea' id='block_1_34' title="bbox 990 414 1780 453">
    <p class='ocr_par' dir='ltr' id='par_1_34' title="bbox 990 414 1780 453">
     <span class='ocr_line' id='line_1_34' title="bbox 990 414 1780 453; baseline 0.006 -13"><span class='ocrx_word' id='word_1_249' title='bbox 990 418 1057 446; x_wconf 83' lang='lat' dir='ltr'><strong>rent,</strong></span> <span class='ocrx_word' id='word_1_250' title='bbox 1074 419 1098 441; x_wconf 84' lang='lat' dir='ltr'><strong>et</strong></span> <span class='ocrx_word' id='word_1_251' title='bbox 1114 414 1277 446; x_wconf 78' lang='lat' dir='ltr'><strong>[armaretur</strong></span> <span class='ocrx_word' id='word_1_252' title='bbox 1300 418 1371 441; x_wconf 88' lang='lat' dir='ltr'><strong>terra</strong></span> <span class='ocrx_word' id='word_1_253' title='bbox 1395 419 1419 441; x_wconf 87' lang='lat' dir='ltr'><strong>el</strong></span> <span class='ocrx_word' id='word_1_254' title='bbox 1436 416 1524 447; x_wconf 72' lang='lat' dir='ltr'><strong>orbis;</strong></span> <span class='ocrx_word' id='word_1_255' title='bbox 1541 416 1638 452; x_wconf 84' lang='lat' dir='ltr'><strong>Aquila</strong></span> <span class='ocrx_word' id='word_1_256' title='bbox 1657 421 1684 445; x_wconf 88' lang='lat' dir='ltr'><strong>et</strong></span> <span class='ocrx_word' id='word_1_257' title='bbox 1700 415 1780 453; x_wconf 86' lang='lat' dir='ltr'><strong>Sym-</strong></span> 
     </span>
    </p>
   </div>
   <div class='ocr_carea' id='block_1_35' title="bbox 991 459 1774 497">
    <p class='ocr_par' dir='ltr' id='par_1_35' title="bbox 991 459 1774 497">
     <span class='ocr_line' id='line_1_35' title="bbox 991 459 1774 497; baseline 0.005 -11"><span class='ocrx_word' id='word_1_258' title='bbox 991 460 1104 487; x_wconf 79' lang='lat' dir='ltr'><strong>machus</strong></span> <span class='ocrx_word' id='word_1_259' title='bbox 1122 459 1248 488; x_wconf 76' lang='lat' dir='ltr'><strong>similiter</strong></span> <span class='ocrx_word' id='word_1_260' title='bbox 1266 460 1306 487; x_wconf 88' lang='lat' dir='ltr'><strong>sic</strong></span> <span class='ocrx_word' id='word_1_261' title='bbox 1321 460 1406 487; x_wconf 88' lang='lat' dir='ltr'><strong>edunt</strong></span> <span class='ocrx_word' id='word_1_262' title='bbox 1424 470 1431 488; x_wconf 69' lang='grc' dir='ltr'>ε</span> <span class='ocrx_word' id='word_1_263' title='bbox 1450 460 1594 496; x_wconf 77' lang='lat' dir='ltr'><strong>Antequam</strong></span> <span class='ocrx_word' id='word_1_264' title='bbox 1616 468 1716 490; x_wconf 74' lang='lat' dir='ltr'><strong>montes</strong></span> <span class='ocrx_word' id='word_1_265' title='bbox 1728 471 1774 497; x_wconf 76' lang='lat' dir='ltr'><strong>pa-</strong></span> 
     </span>
    </p>
   </div>
   <div class='ocr_carea' id='block_1_36' title="bbox 990 506 1779 543">
    <p class='ocr_par' dir='ltr' id='par_1_36' title="bbox 990 506 1779 543">
     <span class='ocr_line' id='line_1_36' title="bbox 990 506 1779 543; baseline 0.004 -11"><span class='ocrx_word' id='word_1_266' title='bbox 990 512 1120 538; x_wconf 73' lang='lat' dir='ltr'><strong>rarentur,</strong></span> <span class='ocrx_word' id='word_1_267' title='bbox 1135 510 1159 533; x_wconf 84' lang='lat' dir='ltr'><strong>et</strong></span> <span class='ocrx_word' id='word_1_268' title='bbox 1186 506 1366 540; x_wconf 79' lang='lat' dir='ltr'><strong>parturiretur</strong></span> <span class='ocrx_word' id='word_1_269' title='bbox 1378 510 1449 533; x_wconf 84' lang='lat' dir='ltr'><strong>terra</strong></span> <span class='ocrx_word' id='word_1_270' title='bbox 1464 511 1488 533; x_wconf 87' lang='lat' dir='ltr'><strong>et</strong></span> <span class='ocrx_word' id='word_1_271' title='bbox 1514 507 1594 535; x_wconf 74' lang='lat' dir='ltr'><strong>orbis.</strong></span> <span class='ocrx_word' id='word_1_272' title='bbox 1610 507 1779 543; x_wconf 82' lang='lat' dir='ltr'><strong>Videturque</strong></span> 
     </span>
    </p>
   </div>
   <div class='ocr_carea' id='block_1_37' title="bbox 990 550 1778 586">
    <p class='ocr_par' dir='ltr' id='par_1_37' title="bbox 990 550 1778 586">
     <span class='ocr_line' id='line_1_37' title="bbox 990 550 1778 586; baseline 0.005 -9"><span class='ocrx_word' id='word_1_273' title='bbox 990 551 1055 578; x_wconf 90' lang='lat' dir='ltr'><strong>mibi</strong></span> <span class='ocrx_word' id='word_1_274' title='bbox 1070 550 1203 578; x_wconf 85' lang='lat' dir='ltr'><strong>Hebraica</strong></span> <span class='ocrx_word' id='word_1_275' title='bbox 1214 551 1296 578; x_wconf 90' lang='lat' dir='ltr'><strong>lectio</strong></span> <span class='ocrx_word' id='word_1_276' title='bbox 1310 551 1452 586; x_wconf 73' lang='lat' dir='ltr'><strong>physicam</strong></span> <span class='ocrx_word' id='word_1_277' title='bbox 1465 553 1598 579; x_wconf 89' lang='lat' dir='ltr'><strong>rationem</strong></span> <span class='ocrx_word' id='word_1_278' title='bbox 1617 553 1778 586; x_wconf 86' lang='lat' dir='ltr'><strong>reddidisse,</strong></span> 
     </span>
    </p>
   </div>
   <div class='ocr_carea' id='block_1_38' title="bbox 990 596 1778 626">
    <p class='ocr_par' dir='ltr' id='par_1_38' title="bbox 990 596 1778 626">
     <span class='ocr_line' id='line_1_38' title="bbox 990 596 1778 626; baseline 0.005 -4"><span class='ocrx_word' id='word_1_279' title='bbox 990 596 1093 624; x_wconf 85' lang='lat' dir='ltr'><strong>docens</strong></span> <span class='ocrx_word' id='word_1_280' title='bbox 1118 604 1174 623; x_wconf 91' lang='lat' dir='ltr'><strong>non</strong></span> <span class='ocrx_word' id='word_1_281' title='bbox 1189 596 1223 623; x_wconf 80' lang='lat' dir='ltr'><strong>ab</strong></span> <span class='ocrx_word' id='word_1_282' title='bbox 1243 596 1321 623; x_wconf 90' lang='lat' dir='ltr'><strong>initio</strong></span> <span class='ocrx_word' id='word_1_283' title='bbox 1335 600 1442 625; x_wconf 89' lang='lat' dir='ltr'><strong>montes</strong></span> <span class='ocrx_word' id='word_1_284' title='bbox 1459 605 1512 624; x_wconf 87' lang='lat' dir='ltr'><strong>una</strong></span> <span class='ocrx_word' id='word_1_285' title='bbox 1528 605 1589 624; x_wconf 88' lang='lat' dir='ltr'><strong>eum</strong></span> <span class='ocrx_word' id='word_1_286' title='bbox 1611 602 1682 626; x_wconf 84' lang='lat' dir='ltr'><strong>terra</strong></span> <span class='ocrx_word' id='word_1_287' title='bbox 1697 600 1778 626; x_wconf 81' lang='lat' dir='ltr'><strong>exsti-</strong></span> 
     </span>
    </p>
   </div>
   <div class='ocr_carea' id='block_1_39' title="bbox 991 641 1777 679">
    <p class='ocr_par' dir='ltr' id='par_1_39' title="bbox 991 641 1777 679">
     <span class='ocr_line' id='line_1_39' title="bbox 991 641 1777 679; baseline 0.005 -11"><span class='ocrx_word' id='word_1_288' title='bbox 991 641 1068 674; x_wconf 85' lang='lat' dir='ltr'><strong>tisse,</strong></span> <span class='ocrx_word' id='word_1_289' title='bbox 1084 641 1131 669; x_wconf 85' lang='lat' dir='ltr'><strong>sed</strong></span> <span class='ocrx_word' id='word_1_290' title='bbox 1145 645 1273 677; x_wconf 79' lang='lat' dir='ltr'><strong>partitum</strong></span> <span class='ocrx_word' id='word_1_291' title='bbox 1286 641 1374 669; x_wconf 84' lang='lat' dir='ltr'><strong>instar</strong></span> <span class='ocrx_word' id='word_1_292' title='bbox 1385 645 1461 670; x_wconf 88' lang='lat' dir='ltr'><strong>ortos</strong></span> <span class='ocrx_word' id='word_1_293' title='bbox 1474 650 1536 670; x_wconf 88' lang='lat' dir='ltr'><strong>esse</strong></span> <span class='ocrx_word' id='word_1_294' title='bbox 1553 653 1560 670; x_wconf 93' lang='lat'>:</span> <span class='ocrx_word' id='word_1_295' title='bbox 1577 650 1661 679; x_wconf 87' lang='lat' dir='ltr'><strong>quare</strong></span> <span class='ocrx_word' id='word_1_296' title='bbox 1675 644 1777 672; x_wconf 85' lang='lat' dir='ltr'><strong>dictum</strong></span> 
     </span>
    </p>
   </div>
   <div class='ocr_carea' id='block_1_40' title="bbox 994 686 1777 726">
    <p class='ocr_par' dir='ltr' id='par_1_40' title="bbox 994 686 1777 726">
     <span class='ocr_line' id='line_1_40' title="bbox 994 686 1777 726; baseline 0.003 -11"><span class='ocrx_word' id='word_1_297' title='bbox 994 691 1048 720; x_wconf 87' lang='lat' dir='ltr'><strong>est,</strong></span> <span class='ocrx_word' id='word_1_298' title='bbox 1079 686 1238 723; x_wconf 74' lang='lat' dir='ltr'><strong>Priusquam</strong></span> <span class='ocrx_word' id='word_1_299' title='bbox 1266 692 1366 715; x_wconf 69' lang='lat' dir='ltr'><strong>monte:</strong></span> <span class='ocrx_word' id='word_1_300' title='bbox 1392 689 1500 723; x_wconf 80' lang='lat' dir='ltr'><strong>ﬁerent;</strong></span> <span class='ocrx_word' id='word_1_301' title='bbox 1531 693 1588 722; x_wconf 88' lang='lat' dir='ltr'><strong>aut,</strong></span> <span class='ocrx_word' id='word_1_302' title='bbox 1618 689 1777 726; x_wconf 73' lang='lat' dir='ltr'><strong>Priusquam</strong></span> 
     </span>
    </p>
   </div>
   <div class='ocr_carea' id='block_1_41' title="bbox 990 735 1777 770">
    <p class='ocr_par' dir='ltr' id='par_1_41' title="bbox 990 735 1777 770">
     <span class='ocr_line' id='line_1_41' title="bbox 990 735 1777 770; baseline 0.003 -9"><span class='ocrx_word' id='word_1_303' title='bbox 990 739 1091 762; x_wconf 72' lang='lat' dir='ltr'><strong>montes</strong></span> <span class='ocrx_word' id='word_1_304' title='bbox 1116 739 1273 770; x_wconf 71' lang='lat' dir='ltr'><strong>pararentur</strong></span> <span class='ocrx_word' id='word_1_305' title='bbox 1285 743 1294 761; x_wconf 87' lang='lat'><em>:</em></span> <span class='ocrx_word' id='word_1_306' title='bbox 1311 742 1344 762; x_wconf 84' lang='lat' dir='ltr'><strong>ac</strong></span> <span class='ocrx_word' id='word_1_307' title='bbox 1359 735 1509 763; x_wconf 79' lang='lat' dir='ltr'><strong>verisimile</strong></span> <span class='ocrx_word' id='word_1_308' title='bbox 1522 740 1575 768; x_wconf 88' lang='lat' dir='ltr'><strong>est,</strong></span> <span class='ocrx_word' id='word_1_309' title='bbox 1594 740 1701 764; x_wconf 81' lang='lat' dir='ltr'><strong>montes</strong></span> <span class='ocrx_word' id='word_1_310' title='bbox 1715 744 1777 764; x_wconf 90' lang='lat' dir='ltr'><strong>cum</strong></span> 
     </span>
    </p>
   </div>
   <div class='ocr_carea' id='block_1_42' title="bbox 990 780 1777 816">
    <p class='ocr_par' dir='ltr' id='par_1_42' title="bbox 990 780 1777 816">
     <span class='ocr_line' id='line_1_42' title="bbox 990 780 1777 816; baseline 0.004 -9"><span class='ocrx_word' id='word_1_311' title='bbox 990 784 1162 816; x_wconf 89' lang='lat' dir='ltr'><strong>parerentur,</strong></span> <span class='ocrx_word' id='word_1_312' title='bbox 1178 788 1209 808; x_wconf 88' lang='lat' dir='ltr'><strong>ac</strong></span> <span class='ocrx_word' id='word_1_313' title='bbox 1228 782 1303 808; x_wconf 88' lang='lat' dir='ltr'><strong>velut</strong></span> <span class='ocrx_word' id='word_1_314' title='bbox 1321 780 1439 809; x_wconf 88' lang='lat' dir='ltr'><strong>infantes</strong></span> <span class='ocrx_word' id='word_1_315' title='bbox 1458 790 1474 809; x_wconf 87' lang='lat' dir='ltr'><strong>e</strong></span> <span class='ocrx_word' id='word_1_316' title='bbox 1489 786 1562 809; x_wconf 86' lang='lat' dir='ltr'><strong>terra</strong></span> <span class='ocrx_word' id='word_1_317' title='bbox 1577 783 1777 814; x_wconf 87' lang='lat' dir='ltr'><strong>emitterentur.</strong></span> 
     </span>
    </p>
   </div>
   <div class='ocr_carea' id='block_1_43' title="bbox 990 818 1779 863">
    <p class='ocr_par' dir='ltr' id='par_1_43' title="bbox 990 818 1779 863">
     <span class='ocr_line' id='line_1_43' title="bbox 990 818 1779 863; baseline 0.005 -10"><span class='ocrx_word' id='word_1_318' title='bbox 990 833 1045 853; x_wconf 93' lang='lat' dir='ltr'><strong>non</strong></span> <span class='ocrx_word' id='word_1_319' title='bbox 1067 834 1098 854; x_wconf 81' lang='lat' dir='ltr'><strong>ea</strong></span> <span class='ocrx_word' id='word_1_320' title='bbox 1115 834 1169 862; x_wconf 86' lang='lat' dir='ltr'><strong>qua</strong></span> <span class='ocrx_word' id='word_1_321' title='bbox 1189 835 1263 854; x_wconf 91' lang='lat' dir='ltr'><strong>nunc</strong></span> <span class='ocrx_word' id='word_1_322' title='bbox 1287 831 1351 854; x_wconf 84' lang='lat' dir='ltr'><strong>sunt</strong></span> <span class='ocrx_word' id='word_1_323' title='bbox 1373 818 1540 856; x_wconf 60' lang='lat' dir='ltr'><strong>celsitudine</strong></span> <span class='ocrx_word' id='word_1_324' title='bbox 1557 828 1658 863; x_wconf 86' lang='lat' dir='ltr'><strong>fuisse;</strong></span> <span class='ocrx_word' id='word_1_325' title='bbox 1675 828 1723 857; x_wconf 80' lang='lat' dir='ltr'><strong>sed</strong></span> <span class='ocrx_word' id='word_1_326' title='bbox 1735 837 1779 856; x_wconf 84' lang='lat' dir='ltr'><strong>re-</strong></span> 
     </span>
    </p>
   </div>
   <div class='ocr_carea' id='block_1_44' title="bbox 990 872 1778 910">
    <p class='ocr_par' dir='ltr' id='par_1_44' title="bbox 990 872 1778 910">
     <span class='ocr_line' id='line_1_44' title="bbox 990 872 1778 910; baseline 0.004 -11"><span class='ocrx_word' id='word_1_327' title='bbox 990 879 1056 900; x_wconf 86' lang='lat' dir='ltr'><strong>cens</strong></span> <span class='ocrx_word' id='word_1_328' title='bbox 1070 876 1161 903; x_wconf 82' lang='lat' dir='ltr'><strong>natos,</strong></span> <span class='ocrx_word' id='word_1_329' title='bbox 1180 877 1210 899; x_wconf 85' lang='lat' dir='ltr'><strong>ut</strong></span> <span class='ocrx_word' id='word_1_330' title='bbox 1225 872 1343 900; x_wconf 84' lang='lat' dir='ltr'><strong>infantes</strong></span> <span class='ocrx_word' id='word_1_331' title='bbox 1362 880 1449 908; x_wconf 86' lang='lat' dir='ltr'><strong>nuper</strong></span> <span class='ocrx_word' id='word_1_332' title='bbox 1468 877 1555 906; x_wconf 86' lang='lat' dir='ltr'><strong>ortos,</strong></span> <span class='ocrx_word' id='word_1_333' title='bbox 1567 874 1682 910; x_wconf 79' lang='lat' dir='ltr'><strong>exiguos</strong></span> <span class='ocrx_word' id='word_1_334' title='bbox 1698 875 1778 902; x_wconf 84' lang='lat' dir='ltr'><strong>mini-</strong></span> 
     </span>
    </p>
   </div>
   <div class='ocr_carea' id='block_1_45' title="bbox 991 918 1777 953">
    <p class='ocr_par' dir='ltr' id='par_1_45' title="bbox 991 918 1777 953">
     <span class='ocr_line' id='line_1_45' title="bbox 991 918 1777 953; baseline 0.003 -9"><span class='ocrx_word' id='word_1_335' title='bbox 991 925 1104 953; x_wconf 78' lang='lat' dir='ltr'><strong>masque</strong></span> <span class='ocrx_word' id='word_1_336' title='bbox 1119 918 1278 952; x_wconf 78' lang='lat' dir='ltr'><strong>exstitisse;</strong></span> <span class='ocrx_word' id='word_1_337' title='bbox 1295 918 1480 953; x_wconf 90' lang='lat' dir='ltr'><strong>diuturnoque</strong></span> <span class='ocrx_word' id='word_1_338' title='bbox 1497 926 1556 946; x_wconf 72' lang='grc' dir='ltr'><strong>τενο</strong></span> <span class='ocrx_word' id='word_1_339' title='bbox 1576 920 1777 948; x_wconf 82' lang='lat' dir='ltr'><strong>incrementum</strong></span> 
     </span>
    </p>
   </div>
   <div class='ocr_carea' id='block_1_46' title="bbox 989 963 1778 1002">
    <p class='ocr_par' dir='ltr' id='par_1_46' title="bbox 989 963 1778 1002">
     <span class='ocr_line' id='line_1_46' title="bbox 989 963 1778 1002; baseline 0.005 -13"><span class='ocrx_word' id='word_1_340' title='bbox 989 966 1016 989; x_wconf 86' lang='lat' dir='ltr'><strong>et</strong></span> <span class='ocrx_word' id='word_1_341' title='bbox 1033 963 1248 998; x_wconf 79' lang='lat' dir='ltr'><strong>magnitudinem</strong></span> <span class='ocrx_word' id='word_1_342' title='bbox 1270 964 1418 999; x_wconf 81' lang='lat' dir='ltr'><strong>accepisse.</strong></span> <span class='ocrx_word' id='word_1_343' title='bbox 1433 963 1499 991; x_wconf 86' lang='lat' dir='ltr'><strong>Nam</strong></span> <span class='ocrx_word' id='word_1_344' title='bbox 1519 965 1630 1000; x_wconf 85' lang='lat' dir='ltr'><strong>quidam</strong></span> <span class='ocrx_word' id='word_1_345' title='bbox 1651 973 1685 993; x_wconf 86' lang='lat' dir='ltr'><strong>ex</strong></span> <span class='ocrx_word' id='word_1_346' title='bbox 1707 966 1778 1002; x_wconf 64' lang='lat' dir='ltr'><strong>pby«</strong></span> 
     </span>
    </p>
   </div>
   <div class='ocr_carea' id='block_1_47' title="bbox 990 1008 1773 1046">
    <p class='ocr_par' dir='ltr' id='par_1_47' title="bbox 990 1008 1773 1046">
     <span class='ocr_line' id='line_1_47' title="bbox 990 1008 1773 1046; baseline 0.004 -11"><span class='ocrx_word' id='word_1_347' title='bbox 990 1008 1100 1044; x_wconf 75' lang='lat' dir='ltr'><strong>siolngis</strong></span> <span class='ocrx_word' id='word_1_348' title='bbox 1114 1009 1249 1044; x_wconf 82' lang='lat' dir='ltr'><strong>hodieque</strong></span> <span class='ocrx_word' id='word_1_349' title='bbox 1262 1010 1347 1042; x_wconf 85' lang='lat' dir='ltr'><strong>aiunt,</strong></span> <span class='ocrx_word' id='word_1_350' title='bbox 1362 1014 1468 1037; x_wconf 83' lang='lat' dir='ltr'><strong>montes</strong></span> <span class='ocrx_word' id='word_1_351' title='bbox 1482 1012 1618 1042; x_wconf 71' lang='lat' dir='ltr'><strong>creScere,</strong></span> <span class='ocrx_word' id='word_1_352' title='bbox 1627 1018 1660 1038; x_wconf 88' lang='lat' dir='ltr'><strong>ac</strong></span> <span class='ocrx_word' id='word_1_353' title='bbox 1670 1015 1773 1046; x_wconf 79' lang='lat' dir='ltr'><strong>petras,</strong></span> 
     </span>
    </p>
   </div>
   <div class='ocr_carea' id='block_1_48' title="bbox 989 1055 1779 1093">
    <p class='ocr_par' dir='ltr' id='par_1_48' title="bbox 989 1055 1779 1093">
     <span class='ocr_line' id='line_1_48' title="bbox 989 1055 1779 1093; baseline 0.005 -12"><span class='ocrx_word' id='word_1_354' title='bbox 989 1055 1109 1090; x_wconf 86' lang='lat' dir='ltr'><strong>acceptis</strong></span> <span class='ocrx_word' id='word_1_355' title='bbox 1137 1055 1218 1091; x_wconf 76' lang='lat' dir='ltr'><strong>longo</strong></span> <span class='ocrx_word' id='word_1_356' title='bbox 1242 1060 1395 1092; x_wconf 91' lang='lat' dir='ltr'><strong>temporum</strong></span> <span class='ocrx_word' id='word_1_357' title='bbox 1422 1056 1560 1084; x_wconf 88' lang='lat' dir='ltr'><strong>curriculo</strong></span> <span class='ocrx_word' id='word_1_358' title='bbox 1576 1057 1702 1090; x_wconf 86' lang='lat' dir='ltr'><strong>modicis,</strong></span> <span class='ocrx_word' id='word_1_359' title='bbox 1718 1064 1779 1093; x_wconf 62' lang='lat' dir='ltr'><strong>qua.</strong></span> 
     </span>
    </p>
   </div>
   <div class='ocr_carea' id='block_1_49' title="bbox 990 1101 1776 1136">
    <p class='ocr_par' dir='ltr' id='par_1_49' title="bbox 990 1101 1776 1136">
     <span class='ocr_line' id='line_1_49' title="bbox 990 1101 1776 1136; baseline 0.003 -8"><span class='ocrx_word' id='word_1_360' title='bbox 990 1101 1069 1128; x_wconf 90' lang='lat' dir='ltr'><strong>nobis</strong></span> <span class='ocrx_word' id='word_1_361' title='bbox 1088 1101 1183 1133; x_wconf 86' lang='lat' dir='ltr'><strong>latent,</strong></span> <span class='ocrx_word' id='word_1_362' title='bbox 1196 1101 1383 1133; x_wconf 78' lang='lat' dir='ltr'><strong>incrementis,</strong></span> <span class='ocrx_word' id='word_1_363' title='bbox 1398 1102 1517 1136; x_wconf 84' lang='lat' dir='ltr'><strong>majores</strong></span> <span class='ocrx_word' id='word_1_364' title='bbox 1532 1102 1634 1130; x_wconf 84' lang='lat' dir='ltr'><strong>sensim</strong></span> <span class='ocrx_word' id='word_1_365' title='bbox 1652 1103 1776 1131; x_wconf 75' lang='lat' dir='ltr'><strong>evadere.</strong></span> 
     </span>
    </p>
   </div>
   <div class='ocr_carea' id='block_1_50' title="bbox 989 1145 1778 1185">
    <p class='ocr_par' dir='ltr' id='par_1_50' title="bbox 989 1145 1778 1185">
     <span class='ocr_line' id='line_1_50' title="bbox 989 1145 1778 1185; baseline 0.005 -13"><span class='ocrx_word' id='word_1_366' title='bbox 989 1145 1058 1179; x_wconf 81' lang='lat' dir='ltr'><strong>Quia</strong></span> <span class='ocrx_word' id='word_1_367' title='bbox 1079 1154 1143 1173; x_wconf 80' lang='lat' dir='ltr'><strong>vero</strong></span> <span class='ocrx_word' id='word_1_368' title='bbox 1168 1147 1344 1182; x_wconf 80' lang='lat' dir='ltr'><strong>interpretes.</strong></span> <span class='ocrx_word' id='word_1_369' title='bbox 1358 1146 1520 1175; x_wconf 87' lang='lat' dir='ltr'><strong>chraicum</strong></span> <span class='ocrx_word' id='word_1_370' title='bbox 1545 1152 1702 1185; x_wconf 83' lang='lat' dir='ltr'><strong>sequentes,</strong></span> <span class='ocrx_word' id='word_1_371' title='bbox 1723 1152 1778 1176; x_wconf 84' lang='lat' dir='ltr'><strong>ter—</strong></span> 
     </span>
    </p>
   </div>
   <div class='ocr_carea' id='block_1_51' title="bbox 988 1192 1778 1228">
    <p class='ocr_par' dir='ltr' id='par_1_51' title="bbox 988 1192 1778 1228">
     <span class='ocr_line' id='line_1_51' title="bbox 988 1192 1778 1228; baseline 0.006 -11"><span class='ocrx_word' id='word_1_372' title='bbox 988 1198 1047 1218; x_wconf 80' lang='lat' dir='ltr'><strong>ram</strong></span> <span class='ocrx_word' id='word_1_373' title='bbox 1072 1195 1098 1218; x_wconf 87' lang='lat' dir='ltr'><strong>et</strong></span> <span class='ocrx_word' id='word_1_374' title='bbox 1120 1192 1213 1219; x_wconf 85' lang='lat' dir='ltr'><strong>orbem</strong></span> <span class='ocrx_word' id='word_1_375' title='bbox 1239 1193 1390 1228; x_wconf 86' lang='lat' dir='ltr'><strong>parturisse</strong></span> <span class='ocrx_word' id='word_1_376' title='bbox 1404 1192 1547 1227; x_wconf 81' lang='lat' dir='ltr'><strong>dixerunt;</strong></span> <span class='ocrx_word' id='word_1_377' title='bbox 1565 1201 1630 1221; x_wconf 90' lang='lat' dir='ltr'><strong>num</strong></span> <span class='ocrx_word' id='word_1_378' title='bbox 1647 1194 1729 1222; x_wconf 85' lang='lat' dir='ltr'><strong>etiam</strong></span> <span class='ocrx_word' id='word_1_379' title='bbox 1744 1194 1778 1222; x_wconf 83' lang='lat' dir='ltr'><strong>de</strong></span> 
     </span>
    </p>
   </div>
   <div class='ocr_carea' id='block_1_52' title="bbox 990 1238 1777 1275">
    <p class='ocr_par' dir='ltr' id='par_1_52' title="bbox 990 1238 1777 1275">
     <span class='ocr_line' id='line_1_52' title="bbox 990 1238 1777 1275; baseline 0.005 -12"><span class='ocrx_word' id='word_1_380' title='bbox 990 1240 1063 1265; x_wconf 85' lang='lat' dir='ltr'><strong>terra</strong></span> <span class='ocrx_word' id='word_1_381' title='bbox 1089 1238 1165 1272; x_wconf 85' lang='lat' dir='ltr'><strong>paria</strong></span> <span class='ocrx_word' id='word_1_382' title='bbox 1183 1238 1216 1265; x_wconf 89' lang='lat' dir='ltr'><strong>iis</strong></span> <span class='ocrx_word' id='word_1_383' title='bbox 1239 1246 1299 1273; x_wconf 68' lang='lat' dir='ltr'><strong>qum</strong></span> <span class='ocrx_word' id='word_1_384' title='bbox 1315 1238 1349 1266; x_wconf 88' lang='lat' dir='ltr'><strong>de</strong></span> <span class='ocrx_word' id='word_1_385' title='bbox 1366 1239 1505 1267; x_wconf 88' lang='lat' dir='ltr'><strong>montibus</strong></span> <span class='ocrx_word' id='word_1_386' title='bbox 1521 1241 1643 1274; x_wconf 74' lang='lat' dir='ltr'><strong>cogitare</strong></span> <span class='ocrx_word' id='word_1_387' title='bbox 1655 1247 1704 1275; x_wconf 86' lang='lat' dir='ltr'><strong>par</strong></span> <span class='ocrx_word' id='word_1_388' title='bbox 1718 1241 1777 1267; x_wconf 88' lang='lat' dir='ltr'><strong>lue-</strong></span> 
     </span>
    </p>
   </div>
   <div class='ocr_carea' id='block_1_53' title="bbox 989 1283 1774 1321">
    <p class='ocr_par' dir='ltr' id='par_1_53' title="bbox 989 1283 1774 1321">
     <span class='ocr_line' id='line_1_53' title="bbox 989 1283 1774 1321; baseline 0.005 -12"><span class='ocrx_word' id='word_1_389' title='bbox 989 1283 1034 1315; x_wconf 85' lang='lat' dir='ltr'><strong>rit,</strong></span> <span class='ocrx_word' id='word_1_390' title='bbox 1055 1283 1133 1319; x_wconf 92' lang='lat' dir='ltr'><strong>quasi</strong></span> <span class='ocrx_word' id='word_1_391' title='bbox 1149 1283 1207 1318; x_wconf 86' lang='lat' dir='ltr'><strong>ipsa</strong></span> <span class='ocrx_word' id='word_1_392' title='bbox 1224 1291 1335 1318; x_wconf 90' lang='lat' dir='ltr'><strong>quoque</strong></span> <span class='ocrx_word' id='word_1_393' title='bbox 1354 1292 1387 1311; x_wconf 84' lang='lat' dir='ltr'><strong>ex</strong></span> <span class='ocrx_word' id='word_1_394' title='bbox 1407 1285 1461 1312; x_wconf 90' lang='lat' dir='ltr'><strong>alio</strong></span> <span class='ocrx_word' id='word_1_395' title='bbox 1477 1285 1612 1313; x_wconf 80' lang='lat' dir='ltr'><strong>eletnento</strong></span> <span class='ocrx_word' id='word_1_396' title='bbox 1633 1285 1774 1321; x_wconf 74' lang='lat' dir='ltr'><strong>procedat,</strong></span> 
     </span>
    </p>
   </div>
   <div class='ocr_carea' id='block_1_54' title="bbox 989 1329 1773 1367">
    <p class='ocr_par' dir='ltr' id='par_1_54' title="bbox 989 1329 1773 1367">
     <span class='ocr_line' id='line_1_54' title="bbox 989 1329 1773 1367; baseline 0.004 -11"><span class='ocrx_word' id='word_1_397' title='bbox 989 1330 1026 1356; x_wconf 87' lang='lat' dir='ltr'><strong>ita</strong></span> <span class='ocrx_word' id='word_1_398' title='bbox 1044 1334 1073 1356; x_wconf 89' lang='lat' dir='ltr'><strong>ut</strong></span> <span class='ocrx_word' id='word_1_399' title='bbox 1085 1329 1167 1357; x_wconf 86' lang='lat' dir='ltr'><strong>etiam</strong></span> <span class='ocrx_word' id='word_1_400' title='bbox 1186 1330 1231 1357; x_wconf 85' lang='lat' dir='ltr'><strong>illa</strong></span> <span class='ocrx_word' id='word_1_401' title='bbox 1247 1331 1336 1365; x_wconf 88' lang='lat' dir='ltr'><strong>prius,</strong></span> <span class='ocrx_word' id='word_1_402' title='bbox 1352 1331 1431 1365; x_wconf 87' lang='lat' dir='ltr'><strong>quasi</strong></span> <span class='ocrx_word' id='word_1_403' title='bbox 1449 1338 1463 1358; x_wconf 84' lang='lat' dir='ltr'><strong>a</strong></span> <span class='ocrx_word' id='word_1_404' title='bbox 1479 1332 1685 1367; x_wconf 66' lang='lat' dir='ltr'><strong>prazgnantibus</strong></span> <span class='ocrx_word' id='word_1_405' title='bbox 1704 1335 1730 1358; x_wconf 88' lang='lat' dir='ltr'><strong>et</strong></span> <span class='ocrx_word' id='word_1_406' title='bbox 1746 1332 1773 1359; x_wconf 90' lang='lat' dir='ltr'><strong>iu</strong></span> 
     </span>
    </p>
   </div>
   <div class='ocr_carea' id='block_1_55' title="bbox 989 1375 1599 1412">
    <p class='ocr_par' dir='ltr' id='par_1_55' title="bbox 989 1375 1599 1412">
     <span class='ocr_line' id='line_1_55' title="bbox 989 1375 1599 1412; baseline 0.003 -11"><span class='ocrx_word' id='word_1_407' title='bbox 989 1380 1067 1410; x_wconf 89' lang='lat' dir='ltr'><strong>partu</strong></span> <span class='ocrx_word' id='word_1_408' title='bbox 1079 1375 1188 1403; x_wconf 74' lang='lat' dir='ltr'><strong>dolores</strong></span> <span class='ocrx_word' id='word_1_409' title='bbox 1202 1376 1380 1411; x_wconf 84' lang='lat' dir='ltr'><strong>patientibus.</strong></span> <span class='ocrx_word' id='word_1_410' title='bbox 1397 1376 1599 1412; x_wconf 67' lang='lat' dir='ltr'><strong>parturire-tur?</strong></span> 
     </span>
    </p>
   </div>
   <div class='ocr_carea' id='block_1_56' title="bbox 146 1420 1778 1458">
    <p class='ocr_par' dir='ltr' id='par_1_56' title="bbox 146 1420 1778 1458">
     <span class='ocr_line' id='line_1_56' title="bbox 146 1420 1778 1458; baseline 0.001 -11"><span class='ocrx_word' id='word_1_411' title='bbox 146 1421 278 1456; x_wconf 78' lang='grc' dir='ltr'>στοιχείου</span> <span class='ocrx_word' id='word_1_412' title='bbox 291 1420 474 1456; x_wconf 76' lang='grc' dir='ltr'>προελθούσης</span> <span class='ocrx_word' id='word_1_413' title='bbox 490 1420 585 1455; x_wconf 78' lang='grc' dir='ltr'>αὐτῆς,</span> <span class='ocrx_word' id='word_1_414' title='bbox 607 1420 799 1456; x_wconf 72' lang='grc' dir='ltr'>καὶπρότερον</span> <span class='ocrx_word' id='word_1_415' title='bbox 829 1421 877 1456; x_wconf 69' lang='grc' dir='ltr'>μὲν</span> <span class='ocrx_word' id='word_1_416' title='bbox 906 1421 1080 1458; x_wconf 73' lang='grc' dir='ltr'>ὼεινηοείσης</span> <span class='ocrx_word' id='word_1_417' title='bbox 1102 1421 1180 1457; x_wconf 82' lang='grc' dir='ltr'>δίκην</span> <span class='ocrx_word' id='word_1_418' title='bbox 1206 1421 1260 1448; x_wconf 84' lang='grc' dir='ltr'>τῶν</span> <span class='ocrx_word' id='word_1_419' title='bbox 1281 1421 1482 1458; x_wconf 74' lang='grc' dir='ltr'>κυοφορουσῶν,</span> <span class='ocrx_word' id='word_1_420' title='bbox 1498 1423 1544 1449; x_wconf 75' lang='grc' dir='ltr'>καὶ</span> <span class='ocrx_word' id='word_1_421' title='bbox 1557 1424 1585 1449; x_wconf 80' lang='grc' dir='ltr'>ὲν</span> <span class='ocrx_word' id='word_1_422' title='bbox 1605 1422 1644 1458; x_wconf 88' lang='grc' dir='ltr'>τῷ</span> <span class='ocrx_word' id='word_1_423' title='bbox 1673 1422 1778 1449; x_wconf 77' lang='grc' dir='ltr'>τίκτειν</span> 
     </span>
    </p>
   </div>
   <div class='ocr_carea' id='block_1_57' title="bbox 144 1467 463 1504">
    <p class='ocr_par' dir='ltr' id='par_1_57' title="bbox 144 1467 463 1504">
     <span class='ocr_line' id='line_1_57' title="bbox 144 1467 463 1504; baseline -0.003 -9"><span class='ocrx_word' id='word_1_424' title='bbox 144 1468 280 1504; x_wconf 79' lang='grc' dir='ltr'>ὕπομενου</span> <span class='ocrx_word' id='word_1_425' title='bbox 284 1468 337 1495; x_wconf 86' lang='grc' dir='ltr'><strong>σῶν</strong></span> <span class='ocrx_word' id='word_1_426' title='bbox 348 1467 445 1499; x_wconf 83' lang='grc' dir='ltr'>ὠδῖνας</span> <span class='ocrx_word' id='word_1_427' title='bbox 456 1475 463 1500; x_wconf 91' lang='grc'>;</span> 
     </span>
    </p>
   </div>
   <div class='ocr_carea' id='block_1_58' title="bbox 178 1523 937 1561">
    <p class='ocr_par' dir='ltr' id='par_1_58' title="bbox 178 1524 937 1561">
     <span class='ocr_line' id='line_1_58' title="bbox 178 1524 937 1561; baseline -0.003 -7"><span class='ocrx_word' id='word_1_428' title='bbox 178 1527 212 1554; x_wconf 78' lang='lat' dir='ltr'><strong>Et</strong></span> <span class='ocrx_word' id='word_1_429' title='bbox 225 1526 248 1553; x_wconf 83' lang='grc' dir='ltr'>δ’</span> <span class='ocrx_word' id='word_1_430' title='bbox 262 1524 308 1553; x_wconf 84' lang='grc' dir='ltr'><strong>οὖν</strong></span> <span class='ocrx_word' id='word_1_431' title='bbox 334 1526 496 1561; x_wconf 79' lang='grc' dir='ltr'>συνέστηκεν</span> <span class='ocrx_word' id='word_1_432' title='bbox 515 1525 528 1551; x_wconf 80' lang='grc' dir='ltr'>ὁ</span> <span class='ocrx_word' id='word_1_433' title='bbox 547 1525 601 1552; x_wconf 81' lang='grc' dir='ltr'>τῶν</span> <span class='ocrx_word' id='word_1_434' title='bbox 623 1526 744 1560; x_wconf 77' lang='grc' dir='ltr'>φυσικῶν</span> <span class='ocrx_word' id='word_1_435' title='bbox 764 1525 841 1560; x_wconf 75' lang='grc' dir='ltr'>λόγος</span> <span class='ocrx_word' id='word_1_436' title='bbox 857 1527 871 1552; x_wconf 86' lang='grc' dir='ltr'>ὁ</span> <span class='ocrx_word' id='word_1_437' title='bbox 885 1525 937 1560; x_wconf 76' lang='grc' dir='ltr'><strong>φά.-</strong></span> 
     </span>
    </p>
   </div>
   <div class='ocr_carea' id='block_1_59' title="bbox 987 1523 1776 1561">
    <p class='ocr_par' dir='ltr' id='par_1_59' title="bbox 1026 1523 1776 1560">
     <span class='ocr_line' id='line_1_59' title="bbox 1026 1523 1776 1560; baseline 0 -9"><span class='ocrx_word' id='word_1_438' title='bbox 1026 1525 1055 1552; x_wconf 72' lang='lat' dir='ltr'><strong>bi</strong></span> <span class='ocrx_word' id='word_1_439' title='bbox 1069 1524 1161 1560; x_wconf 79' lang='lat' dir='ltr'><strong>itaque</strong></span> <span class='ocrx_word' id='word_1_440' title='bbox 1174 1524 1350 1560; x_wconf 77' lang='lat' dir='ltr'><strong>physicorum</strong></span> <span class='ocrx_word' id='word_1_441' title='bbox 1366 1531 1456 1552; x_wconf 88' lang='lat' dir='ltr'><strong>sermo</strong></span> <span class='ocrx_word' id='word_1_442' title='bbox 1469 1526 1586 1555; x_wconf 87' lang='lat' dir='ltr'><strong>constet,</strong></span> <span class='ocrx_word' id='word_1_443' title='bbox 1603 1523 1650 1558; x_wconf 85' lang='lat' dir='ltr'><strong>qui</strong></span> <span class='ocrx_word' id='word_1_444' title='bbox 1666 1523 1705 1550; x_wconf 86' lang='lat' dir='ltr'><strong>ait</strong></span> <span class='ocrx_word' id='word_1_445' title='bbox 1716 1525 1776 1559; x_wconf 84' lang='lat' dir='ltr'><strong>pri-</strong></span> 
     </span>
    </p>
   </div>
   <div class='ocr_carea' id='block_1_60' title="bbox 145 1569 936 1609">
    <p class='ocr_par' dir='ltr' id='par_1_60' title="bbox 145 1569 936 1609">
     <span class='ocr_line' id='line_1_60' title="bbox 145 1569 936 1609; baseline -0.004 -8"><span class='ocrx_word' id='word_1_446' title='bbox 145 1582 229 1606; x_wconf 73' lang='grc' dir='ltr'>σιιων,</span> <span class='ocrx_word' id='word_1_447' title='bbox 246 1573 355 1609; x_wconf 84' lang='grc' dir='ltr'>πρῶτον</span> <span class='ocrx_word' id='word_1_448' title='bbox 380 1575 509 1608; x_wconf 75' lang='grc' dir='ltr'>στοιχεῖον</span> <span class='ocrx_word' id='word_1_449' title='bbox 529 1572 669 1607; x_wconf 72' lang='grc' dir='ltr'>γεγονέναι</span> <span class='ocrx_word' id='word_1_450' title='bbox 684 1573 714 1598; x_wconf 79' lang='grc' dir='ltr'>τὸ</span> <span class='ocrx_word' id='word_1_451' title='bbox 736 1571 816 1607; x_wconf 81' lang='grc' dir='ltr'>ὕδωρ,</span> <span class='ocrx_word' id='word_1_452' title='bbox 829 1569 887 1598; x_wconf 79' lang='grc' dir='ltr'>εἶτα</span> <span class='ocrx_word' id='word_1_453' title='bbox 908 1571 936 1605; x_wconf 79' lang='grc' dir='ltr'><strong>ἐξ</strong></span> 
     </span>
    </p>
   </div>
   <div class='ocr_carea' id='block_1_61' title="bbox 145 1617 938 1655">
    <p class='ocr_par' dir='ltr' id='par_1_61' title="bbox 145 1617 938 1655">
     <span class='ocr_line' id='line_1_61' title="bbox 145 1617 938 1655; baseline -0.004 -8"><span class='ocrx_word' id='word_1_454' title='bbox 145 1620 240 1652; x_wconf 76' lang='grc' dir='ltr'>ὓδατος</span> <span class='ocrx_word' id='word_1_455' title='bbox 263 1620 310 1646; x_wconf 83' lang='grc' dir='ltr'>καὶ</span> <span class='ocrx_word' id='word_1_456' title='bbox 335 1620 384 1655; x_wconf 81' lang='grc' dir='ltr'>τῆς</span> <span class='ocrx_word' id='word_1_457' title='bbox 406 1620 492 1655; x_wconf 78' lang='grc' dir='ltr'>ὑγρᾶς</span> <span class='ocrx_word' id='word_1_458' title='bbox 513 1618 606 1650; x_wconf 77' lang='grc' dir='ltr'>οὐσίας</span> <span class='ocrx_word' id='word_1_459' title='bbox 632 1618 781 1653; x_wconf 73' lang='grc' dir='ltr'>ὑποστῆναι</span> <span class='ocrx_word' id='word_1_460' title='bbox 801 1618 835 1644; x_wconf 76' lang='grc' dir='ltr'>τὰ</span> <span class='ocrx_word' id='word_1_461' title='bbox 856 1617 938 1645; x_wconf 82' lang='grc' dir='ltr'>λοιπά</span> 
     </span>
    </p>
   </div>
   <div class='ocr_carea' id='block_1_62' title="bbox 145 1664 937 1700">
    <p class='ocr_par' dir='ltr' id='par_1_62' title="bbox 145 1664 937 1700">
     <span class='ocr_line' id='line_1_62' title="bbox 145 1664 937 1700; baseline -0.003 -8"><span class='ocrx_word' id='word_1_462' title='bbox 145 1666 281 1700; x_wconf 72' lang='grc' dir='ltr'>στοιχεῖα·</span> <span class='ocrx_word' id='word_1_463' title='bbox 297 1664 370 1691; x_wconf 83' lang='grc' dir='ltr'>εῐποι</span> <span class='ocrx_word' id='word_1_464' title='bbox 396 1665 428 1691; x_wconf 80' lang='grc' dir='ltr'><strong>ἀν</strong></span> <span class='ocrx_word' id='word_1_465' title='bbox 443 1674 485 1696; x_wconf 89' lang='grc' dir='ltr'><strong>τις</strong></span> <span class='ocrx_word' id='word_1_466' title='bbox 505 1664 584 1691; x_wconf 74' lang='grc' dir='ltr'>τοῦτο</span> <span class='ocrx_word' id='word_1_467' title='bbox 604 1665 651 1691; x_wconf 82' lang='grc' dir='ltr'>καὶ</span> <span class='ocrx_word' id='word_1_468' title='bbox 665 1665 712 1690; x_wconf 80' lang='grc' dir='ltr'><strong>ἐπὶ</strong></span> <span class='ocrx_word' id='word_1_469' title='bbox 731 1665 780 1700; x_wconf 81' lang='grc' dir='ltr'>τῆς</span> <span class='ocrx_word' id='word_1_470' title='bbox 798 1664 937 1700; x_wconf 80' lang='grc' dir='ltr'>παρούσης</span> 
     </span>
    </p>
   </div>
   <div class='ocr_carea' id='block_1_63' title="bbox 143 1709 936 1747">
    <p class='ocr_par' dir='ltr' id='par_1_63' title="bbox 143 1709 936 1747">
     <span class='ocr_line' id='line_1_63' title="bbox 143 1709 936 1747; baseline -0.003 -9"><span class='ocrx_word' id='word_1_471' title='bbox 143 1711 256 1747; x_wconf 75' lang='grc' dir='ltr'>Γραφῆς</span> <span class='ocrx_word' id='word_1_472' title='bbox 274 1711 454 1747; x_wconf 79' lang='grc' dir='ltr'>σημαίνεσθαι</span> <span class='ocrx_word' id='word_1_473' title='bbox 476 1710 619 1746; x_wconf 84' lang='grc' dir='ltr'>δηλούσης,</span> <span class='ocrx_word' id='word_1_474' title='bbox 640 1712 680 1737; x_wconf 76' lang='grc' dir='ltr'>ὅτι</span> <span class='ocrx_word' id='word_1_475' title='bbox 696 1709 730 1746; x_wconf 83' lang='grc' dir='ltr'>ἦν</span> <span class='ocrx_word' id='word_1_476' title='bbox 748 1711 791 1737; x_wconf 82' lang='grc' dir='ltr'>ὅτε</span> <span class='ocrx_word' id='word_1_477' title='bbox 807 1711 836 1737; x_wconf 80' lang='grc' dir='ltr'>ἐν</span> <span class='ocrx_word' id='word_1_478' title='bbox 851 1711 936 1746; x_wconf 76' lang='grc' dir='ltr'>ἑτέρῳ</span> 
     </span>
    </p>
   </div>
   <div class='ocr_carea' id='block_1_64' title="bbox 142 1755 936 1793">
    <p class='ocr_par' dir='ltr' id='par_1_64' title="bbox 142 1755 936 1793">
     <span class='ocr_line' id='line_1_64' title="bbox 142 1755 936 1793; baseline -0.003 -9"><span class='ocrx_word' id='word_1_479' title='bbox 142 1756 211 1785; x_wconf 76' lang='grc' dir='ltr'>οὖσα</span> <span class='ocrx_word' id='word_1_480' title='bbox 223 1759 240 1793; x_wconf 83' lang='grc' dir='ltr'>ἡ</span> <span class='ocrx_word' id='word_1_481' title='bbox 253 1757 289 1793; x_wconf 85' lang='grc' dir='ltr'>γῆ</span> <span class='ocrx_word' id='word_1_482' title='bbox 302 1758 425 1793; x_wconf 85' lang='grc' dir='ltr'>στοιχείῳ</span> <span class='ocrx_word' id='word_1_483' title='bbox 436 1757 540 1793; x_wconf 82' lang='grc' dir='ltr'>ἀφανὴς</span> <span class='ocrx_word' id='word_1_484' title='bbox 555 1755 598 1792; x_wconf 84' lang='grc' dir='ltr'>ἦν,</span> <span class='ocrx_word' id='word_1_485' title='bbox 614 1758 750 1792; x_wconf 83' lang='grc' dir='ltr'>κυουμένη</span> <span class='ocrx_word' id='word_1_486' title='bbox 762 1757 810 1783; x_wconf 78' lang='grc' dir='ltr'>καὶ</span> <span class='ocrx_word' id='word_1_487' title='bbox 823 1757 936 1792; x_wconf 81' lang='grc' dir='ltr'>συλλαμ-</span> 
     </span>
    </p>
   </div>
   <div class='ocr_carea' id='block_1_65' title="bbox 144 1804 936 1839">
    <p class='ocr_par' dir='ltr' id='par_1_65' title="bbox 144 1804 936 1839">
     <span class='ocr_line' id='line_1_65' title="bbox 144 1804 936 1839; baseline 0 -9"><span class='ocrx_word' id='word_1_488' title='bbox 144 1804 279 1839; x_wconf 75' lang='grc' dir='ltr'>ϐανομένη</span> <span class='ocrx_word' id='word_1_489' title='bbox 295 1804 324 1830; x_wconf 79' lang='grc' dir='ltr'><strong>ὲν</strong></span> <span class='ocrx_word' id='word_1_490' title='bbox 346 1805 378 1839; x_wconf 84' lang='grc' dir='ltr'>τῇ</span> <span class='ocrx_word' id='word_1_491' title='bbox 395 1804 475 1838; x_wconf 80' lang='grc' dir='ltr'>φύσει</span> <span class='ocrx_word' id='word_1_492' title='bbox 489 1804 538 1839; x_wconf 80' lang='grc' dir='ltr'>τῆς</span> <span class='ocrx_word' id='word_1_493' title='bbox 560 1804 646 1839; x_wconf 81' lang='grc' dir='ltr'>ὑγρᾶς</span> <span class='ocrx_word' id='word_1_494' title='bbox 666 1804 768 1835; x_wconf 79' lang='grc' dir='ltr'>οὐσίας.</span> <span class='ocrx_word' id='word_1_495' title='bbox 783 1804 828 1830; x_wconf 82' lang='grc' dir='ltr'><strong>Διὺ</strong></span> <span class='ocrx_word' id='word_1_496' title='bbox 846 1804 892 1831; x_wconf 70' lang='grc' dir='ltr'>καὶ</span> <span class='ocrx_word' id='word_1_497' title='bbox 908 1805 936 1830; x_wconf 84' lang='grc' dir='ltr'>ἐν</span> 
     </span>
    </p>
   </div>
   <div class='ocr_carea' id='block_1_66' title="bbox 142 1848 937 1886">
    <p class='ocr_par' dir='ltr' id='par_1_66' title="bbox 142 1848 937 1886">
     <span class='ocr_line' id='line_1_66' title="bbox 142 1848 937 1886; baseline -0.003 -9"><span class='ocrx_word' id='word_1_498' title='bbox 142 1851 177 1886; x_wconf 84' lang='grc' dir='ltr'>τῇ</span> <span class='ocrx_word' id='word_1_499' title='bbox 198 1850 362 1886; x_wconf 75' lang='grc' dir='ltr'>κοσμοποιίᾳ</span> <span class='ocrx_word' id='word_1_500' title='bbox 383 1851 504 1886; x_wconf 78' lang='grc' dir='ltr'>εἴρηται·</span> <span class='ocrx_word' id='word_1_501' title='bbox 526 1849 560 1876; x_wconf 80' lang='grc' dir='ltr'><strong><em>ἸΙ</em></strong></span> <span class='ocrx_word' id='word_1_502' title='bbox 581 1850 615 1876; x_wconf 79' lang='grc' dir='ltr'>δὲ</span> <span class='ocrx_word' id='word_1_503' title='bbox 634 1849 672 1884; x_wconf 74' lang='grc' dir='ltr'>τῆ</span> <span class='ocrx_word' id='word_1_504' title='bbox 692 1848 731 1884; x_wconf 77' lang='grc' dir='ltr'><strong>ἦν</strong></span> <span class='ocrx_word' id='word_1_505' title='bbox 747 1850 871 1883; x_wconf 81' lang='grc' dir='ltr'>ἀόρατος</span> <span class='ocrx_word' id='word_1_506' title='bbox 888 1849 937 1876; x_wconf 75' lang='grc' dir='ltr'>καὶ</span> 
     </span>
    </p>
   </div>
   <div class='ocr_carea' id='block_1_67' title="bbox 143 1894 936 1929">
    <p class='ocr_par' dir='ltr' id='par_1_67' title="bbox 143 1894 936 1929">
     <span class='ocr_line' id='line_1_67' title="bbox 143 1894 936 1929; baseline -0.003 -6"><span class='ocrx_word' id='word_1_507' title='bbox 143 1896 428 1929; x_wconf 72' lang='grc' dir='ltr'>ἀκατασκεύαστος·</span> <span class='ocrx_word' id='word_1_508' title='bbox 450 1896 498 1923; x_wconf 77' lang='grc' dir='ltr'>καὶ</span> <span class='ocrx_word' id='word_1_509' title='bbox 519 1897 629 1929; x_wconf 79' lang='grc' dir='ltr'>σκότος</span> <span class='ocrx_word' id='word_1_510' title='bbox 651 1895 751 1922; x_wconf 79' lang='grc' dir='ltr'><em>ἐπάνω</em></span> <span class='ocrx_word' id='word_1_511' title='bbox 771 1894 826 1929; x_wconf 85' lang='grc' dir='ltr'>τῆς</span> <span class='ocrx_word' id='word_1_512' title='bbox 843 1895 936 1922; x_wconf 79' lang='grc' dir='ltr'>ἀϐύσ-</span> 
     </span>
    </p>
   </div>
   <div class='ocr_carea' id='block_1_68' title="bbox 143 1940 935 1977">
    <p class='ocr_par' dir='ltr' id='par_1_68' title="bbox 143 1940 935 1977">
     <span class='ocr_line' id='line_1_68' title="bbox 143 1940 935 1977; baseline -0.003 -9"><span class='ocrx_word' id='word_1_513' title='bbox 143 1949 202 1969; x_wconf 77' lang='grc' dir='ltr'>σου</span> <span class='ocrx_word' id='word_1_514' title='bbox 213 1951 220 1958; x_wconf 84' lang='grc'>·</span> <span class='ocrx_word' id='word_1_515' title='bbox 237 1941 295 1968; x_wconf 76' lang='grc' dir='ltr'>ἄλλ’</span> <span class='ocrx_word' id='word_1_516' title='bbox 320 1941 432 1977; x_wconf 77' lang='grc' dir='ltr'>ὕστερον</span> <span class='ocrx_word' id='word_1_517' title='bbox 452 1941 546 1977; x_wconf 84' lang='grc' dir='ltr'>ὥσπερ</span> <span class='ocrx_word' id='word_1_518' title='bbox 572 1940 785 1976; x_wconf 81' lang='grc' dir='ltr'>ἀπογεννηθεῖσα</span> <span class='ocrx_word' id='word_1_519' title='bbox 802 1940 935 1976; x_wconf 85' lang='grc' dir='ltr'>προῆλθεν</span> 
     </span>
    </p>
   </div>
   <div class='ocr_carea' id='block_1_69' title="bbox 143 1985 935 2023">
    <p class='ocr_par' dir='ltr' id='par_1_69' title="bbox 143 1985 935 2023">
     <span class='ocr_line' id='line_1_69' title="bbox 143 1985 935 2023; baseline -0.003 -10"><span class='ocrx_word' id='word_1_520' title='bbox 143 1987 177 2013; x_wconf 76' lang='grc' dir='ltr'><strong>ὲκ</strong></span> <span class='ocrx_word' id='word_1_521' title='bbox 190 1987 240 2023; x_wconf 84' lang='grc' dir='ltr'>τῆς</span> <span class='ocrx_word' id='word_1_522' title='bbox 252 1987 306 2013; x_wconf 86' lang='grc' dir='ltr'>τῶν</span> <span class='ocrx_word' id='word_1_523' title='bbox 319 1987 421 2013; x_wconf 81' lang='grc' dir='ltr'>ὑδάτων</span> <span class='ocrx_word' id='word_1_524' title='bbox 437 1987 540 2018; x_wconf 77' lang='grc' dir='ltr'>οὐσίας,</span> <span class='ocrx_word' id='word_1_525' title='bbox 562 1987 611 2013; x_wconf 78' lang='grc' dir='ltr'>οὐκ</span> <span class='ocrx_word' id='word_1_526' title='bbox 627 1986 690 2013; x_wconf 75' lang='grc' dir='ltr'>ἄνευ</span> <span class='ocrx_word' id='word_1_527' title='bbox 705 1986 779 2017; x_wconf 82' lang='grc' dir='ltr'>θείας</span> <span class='ocrx_word' id='word_1_528' title='bbox 796 1985 935 2020; x_wconf 79' lang='grc' dir='ltr'>δυνάμεως</span> 
     </span>
    </p>
   </div>
   <div class='ocr_carea' id='block_1_70' title="bbox 136 2025 934 2069">
    <p class='ocr_par' dir='ltr' id='par_1_70' title="bbox 136 2025 934 2069">
     <span class='ocr_line' id='line_1_70' title="bbox 136 2025 934 2069; baseline -0.004 -9"><span class='ocrx_word' id='word_1_529' title='bbox 136 2025 191 2060; x_wconf 58' lang='grc' dir='ltr'>καὶ</span> <span class='ocrx_word' id='word_1_530' title='bbox 205 2033 358 2069; x_wconf 82' lang='grc' dir='ltr'>κρείττονος</span> <span class='ocrx_word' id='word_1_531' title='bbox 379 2033 500 2068; x_wconf 80' lang='grc' dir='ltr'>ἀνάγκης</span> <span class='ocrx_word' id='word_1_532' title='bbox 521 2032 693 2067; x_wconf 76' lang='grc' dir='ltr'>ἐπιτεθείσης</span> <span class='ocrx_word' id='word_1_533' title='bbox 712 2033 796 2067; x_wconf 76' lang='grc' dir='ltr'>αὐτῇ·</span> <span class='ocrx_word' id='word_1_534' title='bbox 815 2031 883 2066; x_wconf 72' lang='grc' dir='ltr'>αὕτη</span> <span class='ocrx_word' id='word_1_535' title='bbox 906 2031 934 2057; x_wconf 80' lang='grc' dir='ltr'>δὲ</span> 
     </span>
    </p>
   </div>
   <div class='ocr_carea' id='block_1_71' title="bbox 142 2077 936 2115">
    <p class='ocr_par' dir='ltr' id='par_1_71' title="bbox 142 2077 936 2115">
     <span class='ocr_line' id='line_1_71' title="bbox 142 2077 936 2115; baseline -0.005 -9"><span class='ocrx_word' id='word_1_536' title='bbox 142 2077 177 2115; x_wconf 81' lang='grc' dir='ltr'>ἦν</span> <span class='ocrx_word' id='word_1_537' title='bbox 190 2080 206 2115; x_wconf 90' lang='grc' dir='ltr'><strong>ἠ</strong></span> <span class='ocrx_word' id='word_1_538' title='bbox 221 2079 269 2106; x_wconf 74' lang='grc' dir='ltr'><strong>τοῦ</strong></span> <span class='ocrx_word' id='word_1_539' title='bbox 286 2079 459 2115; x_wconf 80' lang='grc' dir='ltr'>Δημιουργοῦ</span> <span class='ocrx_word' id='word_1_540' title='bbox 478 2079 612 2114; x_wconf 75' lang='grc' dir='ltr'>βούλησις.</span> <span class='ocrx_word' id='word_1_541' title='bbox 628 2079 671 2110; x_wconf 83' lang='grc' dir='ltr'>Ὠς</span> <span class='ocrx_word' id='word_1_542' title='bbox 683 2078 736 2113; x_wconf 74' lang='grc' dir='ltr'>γὰρ</span> <span class='ocrx_word' id='word_1_543' title='bbox 751 2078 797 2104; x_wconf 65' lang='lat' dir='ltr'><strong>em</strong></span> <span class='ocrx_word' id='word_1_544' title='bbox 812 2077 866 2103; x_wconf 81' lang='grc' dir='ltr'>τῶν</span> <span class='ocrx_word' id='word_1_545' title='bbox 877 2085 936 2103; x_wconf 84' lang='grc' dir='ltr'>κυο-</span> 
     </span>
    </p>
   </div>
   <div class='ocr_carea' id='block_1_72' title="bbox 144 2121 934 2160">
    <p class='ocr_par' dir='ltr' id='par_1_72' title="bbox 144 2121 934 2160">
     <span class='ocr_line' id='line_1_72' title="bbox 144 2121 934 2160; baseline -0.004 -10"><span class='ocrx_word' id='word_1_546' title='bbox 144 2124 284 2160; x_wconf 76' lang='grc' dir='ltr'>φορουσῶν</span> <span class='ocrx_word' id='word_1_547' title='bbox 306 2123 453 2158; x_wconf 82' lang='grc' dir='ltr'>γυναικῶν,</span> <span class='ocrx_word' id='word_1_548' title='bbox 470 2123 530 2159; x_wconf 79' lang='grc' dir='ltr'>βίας</span> <span class='ocrx_word' id='word_1_549' title='bbox 553 2124 600 2150; x_wconf 73' lang='grc' dir='ltr'>καὶ</span> <span class='ocrx_word' id='word_1_550' title='bbox 624 2123 746 2159; x_wconf 82' lang='grc' dir='ltr'>ἀνάγκης</span> <span class='ocrx_word' id='word_1_551' title='bbox 769 2121 934 2157; x_wconf 80' lang='grc' dir='ltr'>ἐπελθούσης</span> 
     </span>
    </p>
   </div>
   <div class='ocr_carea' id='block_1_73' title="bbox 142 2168 933 2205">
    <p class='ocr_par' dir='ltr' id='par_1_73' title="bbox 142 2168 933 2205">
     <span class='ocr_line' id='line_1_73' title="bbox 142 2168 933 2205; baseline -0.003 -9"><span class='ocrx_word' id='word_1_552' title='bbox 142 2170 251 2202; x_wconf 77' lang='grc' dir='ltr'>αὑταῖς,</span> <span class='ocrx_word' id='word_1_553' title='bbox 266 2170 296 2197; x_wconf 83' lang='grc' dir='ltr'>τὺ</span> <span class='ocrx_word' id='word_1_554' title='bbox 310 2170 381 2197; x_wconf 85' lang='grc' dir='ltr'>κατὰ</span> <span class='ocrx_word' id='word_1_555' title='bbox 399 2170 525 2205; x_wconf 68' lang='grc' dir='ltr'>γαστρὸς</span> <span class='ocrx_word' id='word_1_556' title='bbox 540 2170 700 2205; x_wconf 80' lang='grc' dir='ltr'>προάγεται,</span> <span class='ocrx_word' id='word_1_557' title='bbox 719 2169 765 2200; x_wconf 76' lang='grc' dir='ltr'><strong>τοῦ</strong></span> <span class='ocrx_word' id='word_1_558' title='bbox 783 2168 933 2204; x_wconf 82' lang='grc' dir='ltr'>ὡρισμένου</span> 
     </span>
    </p>
   </div>
   <div class='ocr_carea' id='block_1_74' title="bbox 143 2205 970 2253">
    <p class='ocr_par' dir='ltr' id='par_1_74' title="bbox 143 2205 970 2253">
     <span class='ocr_line' id='line_1_74' title="bbox 143 2205 970 2253; baseline -0.005 -8"><span class='ocrx_word' id='word_1_559' title='bbox 143 2218 240 2253; x_wconf 71' lang='grc' dir='ltr'>χρόνου</span> <span class='ocrx_word' id='word_1_560' title='bbox 254 2217 303 2252; x_wconf 82' lang='grc' dir='ltr'>τῆς</span> <span class='ocrx_word' id='word_1_561' title='bbox 322 2217 474 2249; x_wconf 79' lang='grc' dir='ltr'>ἁποτέξεως</span> <span class='ocrx_word' id='word_1_562' title='bbox 487 2216 657 2248; x_wconf 74' lang='grc' dir='ltr'>ἐπιστάντος,</span> <span class='ocrx_word' id='word_1_563' title='bbox 673 2215 732 2242; x_wconf 76' lang='grc' dir='ltr'>καθ’</span> <span class='ocrx_word' id='word_1_564' title='bbox 749 2215 777 2242; x_wconf 79' lang='grc' dir='ltr'>ὃν</span> <span class='ocrx_word' id='word_1_565' title='bbox 792 2215 933 2242; x_wconf 77' lang='grc' dir='ltr'>ὠδίνουσαι</span> <span class='ocrx_word' id='word_1_566' title='bbox 951 2205 970 2232; x_wconf 80' lang='lat' dir='ltr'>D</span> 
     </span>
    </p>
   </div>
   <div class='ocr_carea' id='block_1_75' title="bbox 143 2261 931 2297">
    <p class='ocr_par' dir='ltr' id='par_1_75' title="bbox 143 2261 931 2297">
     <span class='ocr_line' id='line_1_75' title="bbox 143 2261 931 2297; baseline -0.004 -7"><span class='ocrx_word' id='word_1_567' title='bbox 143 2264 280 2290; x_wconf 76' lang='grc' dir='ltr'>τίκτουσι·</span> <span class='ocrx_word' id='word_1_568' title='bbox 292 2263 338 2290; x_wconf 80' lang='grc' dir='ltr'>τὸν</span> <span class='ocrx_word' id='word_1_569' title='bbox 350 2263 429 2290; x_wconf 77' lang='grc' dir='ltr'>αὐτὸν</span> <span class='ocrx_word' id='word_1_570' title='bbox 438 2262 538 2297; x_wconf 78' lang='grc' dir='ltr'>τρόπον</span> <span class='ocrx_word' id='word_1_571' title='bbox 549 2261 661 2297; x_wconf 81' lang='grc' dir='ltr'>δυνάμει</span> <span class='ocrx_word' id='word_1_572' title='bbox 673 2261 719 2288; x_wconf 77' lang='grc' dir='ltr'>καὶ</span> <span class='ocrx_word' id='word_1_573' title='bbox 731 2261 811 2297; x_wconf 76' lang='grc' dir='ltr'>σοφίᾳ</span> <span class='ocrx_word' id='word_1_574' title='bbox 820 2261 866 2287; x_wconf 79' lang='grc' dir='ltr'><strong>τοῦ</strong></span> <span class='ocrx_word' id='word_1_575' title='bbox 878 2261 931 2287; x_wconf 88' lang='grc' dir='ltr'>τῶν</span> 
     </span>
    </p>
   </div>
   <div class='ocr_carea' id='block_1_76' title="bbox 142 2306 932 2345">
    <p class='ocr_par' dir='ltr' id='par_1_76' title="bbox 142 2306 932 2345">
     <span class='ocr_line' id='line_1_76' title="bbox 142 2306 932 2345; baseline -0.005 -9"><span class='ocrx_word' id='word_1_576' title='bbox 142 2309 212 2336; x_wconf 79' lang='grc' dir='ltr'>ὅλων</span> <span class='ocrx_word' id='word_1_577' title='bbox 226 2308 391 2345; x_wconf 84' lang='grc' dir='ltr'>δημιουργοῦ</span> <span class='ocrx_word' id='word_1_578' title='bbox 412 2309 463 2344; x_wconf 85' lang='grc' dir='ltr'>γῆν</span> <span class='ocrx_word' id='word_1_579' title='bbox 480 2308 526 2335; x_wconf 72' lang='grc' dir='ltr'><strong>καὶ</strong></span> <span class='ocrx_word' id='word_1_580' title='bbox 540 2308 587 2342; x_wconf 78' lang='grc' dir='ltr'>τὴν</span> <span class='ocrx_word' id='word_1_581' title='bbox 602 2307 656 2333; x_wconf 84' lang='grc' dir='ltr'>τῶν</span> <span class='ocrx_word' id='word_1_582' title='bbox 674 2306 824 2342; x_wconf 83' lang='grc' dir='ltr'>ἀνθρώπων</span> <span class='ocrx_word' id='word_1_583' title='bbox 844 2307 932 2333; x_wconf 84' lang='grc' dir='ltr'>οἰκου-</span> 
     </span>
    </p>
   </div>
   <div class='ocr_carea' id='block_1_77' title="bbox 145 2352 931 2390">
    <p class='ocr_par' dir='ltr' id='par_1_77' title="bbox 145 2352 931 2390">
     <span class='ocr_line' id='line_1_77' title="bbox 145 2352 931 2390; baseline -0.005 -8"><span class='ocrx_word' id='word_1_584' title='bbox 145 2355 229 2390; x_wconf 85' lang='grc' dir='ltr'>μένην</span> <span class='ocrx_word' id='word_1_585' title='bbox 244 2355 279 2381; x_wconf 81' lang='grc' dir='ltr'><strong>τά</strong></span> <span class='ocrx_word' id='word_1_586' title='bbox 299 2354 382 2382; x_wconf 77' lang='grc' dir='ltr'>ὕδατα</span> <span class='ocrx_word' id='word_1_587' title='bbox 401 2354 595 2390; x_wconf 83' lang='grc' dir='ltr'>προηνέγκατο.</span> <span class='ocrx_word' id='word_1_588' title='bbox 612 2353 667 2380; x_wconf 70' lang='grc' dir='ltr'><strong>Καὶ</strong></span> <span class='ocrx_word' id='word_1_589' title='bbox 682 2353 752 2379; x_wconf 80' lang='grc' dir='ltr'>τοῦτ’</span> <span class='ocrx_word' id='word_1_590' title='bbox 771 2352 931 2388; x_wconf 74' lang='grc' dir='ltr'>ἐπληροῦτο,</span> 
     </span>
    </p>
   </div>
   <div class='ocr_carea' id='block_1_78' title="bbox 142 2397 932 2436">
    <p class='ocr_par' dir='ltr' id='par_1_78' title="bbox 142 2397 932 2436">
     <span class='ocr_line' id='line_1_78' title="bbox 142 2397 932 2436; baseline -0.006 -8"><span class='ocrx_word' id='word_1_591' title='bbox 142 2401 262 2436; x_wconf 83' lang='grc' dir='ltr'>ὁπηνίκα</span> <span class='ocrx_word' id='word_1_592' title='bbox 279 2399 354 2427; x_wconf 82' lang='grc' dir='ltr'>εἶπεν</span> <span class='ocrx_word' id='word_1_593' title='bbox 368 2402 382 2427; x_wconf 88' lang='grc' dir='ltr'><strong>ὁ</strong></span> <span class='ocrx_word' id='word_1_594' title='bbox 398 2400 463 2431; x_wconf 86' lang='grc' dir='ltr'>Θεός</span> <span class='ocrx_word' id='word_1_595' title='bbox 473 2407 480 2415; x_wconf 79' lang='grc'><em>’</em></span> <span class='ocrx_word' id='word_1_596' title='bbox 495 2398 674 2432; x_wconf 79' lang='grc' dir='ltr'>Συνακθήτω</span> <span class='ocrx_word' id='word_1_597' title='bbox 692 2398 729 2424; x_wconf 84' lang='grc' dir='ltr'>τὰ</span> <span class='ocrx_word' id='word_1_598' title='bbox 748 2397 841 2424; x_wconf 78' lang='grc' dir='ltr'>ὕδατα</span> <span class='ocrx_word' id='word_1_599' title='bbox 859 2399 932 2424; x_wconf 80' lang='grc' dir='ltr'>ὐπο-</span> 
     </span>
    </p>
   </div>
   <div class='ocr_carea' id='block_1_79' title="bbox 143 2443 932 2481">
    <p class='ocr_par' dir='ltr' id='par_1_79' title="bbox 143 2443 932 2481">
     <span class='ocr_line' id='line_1_79' title="bbox 143 2443 932 2481; baseline -0.006 -7"><span class='ocrx_word' id='word_1_600' title='bbox 143 2447 223 2474; x_wconf 76' lang='grc' dir='ltr'>κάτω</span> <span class='ocrx_word' id='word_1_601' title='bbox 250 2446 302 2474; x_wconf 78' lang='grc' dir='ltr'><strong>τοῦ</strong></span> <span class='ocrx_word' id='word_1_602' title='bbox 328 2445 458 2481; x_wconf 79' lang='grc' dir='ltr'>οὐρανοῦ</span> <span class='ocrx_word' id='word_1_603' title='bbox 484 2447 527 2478; x_wconf 82' lang='grc' dir='ltr'>εἰς</span> <span class='ocrx_word' id='word_1_604' title='bbox 555 2444 736 2480; x_wconf 73' lang='grc' dir='ltr'>συναγωγὴν</span> <span class='ocrx_word' id='word_1_605' title='bbox 764 2444 856 2478; x_wconf 77' lang='grc' dir='ltr'>μίαν,</span> <span class='ocrx_word' id='word_1_606' title='bbox 883 2443 932 2470; x_wconf 79' lang='grc' dir='ltr'>καὶ</span> 
     </span>
    </p>
   </div>
   <div class='ocr_carea' id='block_1_80' title="bbox 143 2491 932 2528">
    <p class='ocr_par' dir='ltr' id='par_1_80' title="bbox 143 2491 932 2528">
     <span class='ocr_line' id='line_1_80' title="bbox 143 2491 932 2528; baseline -0.005 -7"><span class='ocrx_word' id='word_1_607' title='bbox 143 2493 263 2528; x_wconf 74' lang='grc' dir='ltr'>ὁςοθήτω</span> <span class='ocrx_word' id='word_1_608' title='bbox 278 2494 297 2527; x_wconf 79' lang='grc' dir='ltr'><strong><em>ἡ</em></strong></span> <span class='ocrx_word' id='word_1_609' title='bbox 310 2493 395 2527; x_wconf 79' lang='grc' dir='ltr'>ξηρά.</span> <span class='ocrx_word' id='word_1_610' title='bbox 417 2493 472 2520; x_wconf 74' lang='grc' dir='ltr'><strong>Καὶ</strong></span> <span class='ocrx_word' id='word_1_611' title='bbox 499 2493 616 2527; x_wconf 77' lang='grc' dir='ltr'>ἐγένετο</span> <span class='ocrx_word' id='word_1_612' title='bbox 636 2492 720 2518; x_wconf 86' lang='grc' dir='ltr'><strong>οὕτω.</strong></span> <span class='ocrx_word' id='word_1_613' title='bbox 735 2491 789 2517; x_wconf 81' lang='grc' dir='ltr'>Θέα</span> <span class='ocrx_word' id='word_1_614' title='bbox 812 2491 866 2526; x_wconf 80' lang='grc' dir='ltr'>γάρ</span> <span class='ocrx_word' id='word_1_615' title='bbox 888 2499 932 2526; x_wconf 90' lang='grc' dir='ltr'><strong>μοι</strong></span> 
     </span>
    </p>
   </div>
   <div class='ocr_carea' id='block_1_81' title="bbox 142 2536 933 2575">
    <p class='ocr_par' dir='ltr' id='par_1_81' title="bbox 142 2536 933 2575">
     <span class='ocr_line' id='line_1_81' title="bbox 142 2536 933 2575; baseline -0.006 -9"><span class='ocrx_word' id='word_1_616' title='bbox 142 2540 176 2575; x_wconf 75' lang='grc' dir='ltr'>τῇ</span> <span class='ocrx_word' id='word_1_617' title='bbox 189 2539 292 2575; x_wconf 74' lang='grc' dir='ltr'>διανοίᾳ</span> <span class='ocrx_word' id='word_1_618' title='bbox 307 2539 356 2575; x_wconf 82' lang='grc' dir='ltr'>τὴν</span> <span class='ocrx_word' id='word_1_619' title='bbox 369 2539 420 2574; x_wconf 82' lang='grc' dir='ltr'>γῆν</span> <span class='ocrx_word' id='word_1_620' title='bbox 438 2538 510 2564; x_wconf 74' lang='grc' dir='ltr'>ἔνδον</span> <span class='ocrx_word' id='word_1_621' title='bbox 527 2539 555 2564; x_wconf 87' lang='grc' dir='ltr'>ὲν</span> <span class='ocrx_word' id='word_1_622' title='bbox 573 2539 628 2568; x_wconf 84' lang='grc' dir='ltr'>τοῖς</span> <span class='ocrx_word' id='word_1_623' title='bbox 645 2537 721 2563; x_wconf 73' lang='grc' dir='ltr'>ὕδασι</span> <span class='ocrx_word' id='word_1_624' title='bbox 733 2536 815 2563; x_wconf 83' lang='grc' dir='ltr'>πάλαι</span> <span class='ocrx_word' id='word_1_625' title='bbox 833 2536 933 2571; x_wconf 79' lang='grc' dir='ltr'>πρότε-</span> 
     </span>
    </p>
   </div>
   <div class='ocr_carea' id='block_1_82' title="bbox 143 2581 932 2621">
    <p class='ocr_par' dir='ltr' id='par_1_82' title="bbox 143 2581 932 2621">
     <span class='ocr_line' id='line_1_82' title="bbox 143 2581 932 2621; baseline -0.004 -10"><span class='ocrx_word' id='word_1_626' title='bbox 143 2592 191 2621; x_wconf 81' lang='grc' dir='ltr'><strong>ρον</strong></span> <span class='ocrx_word' id='word_1_627' title='bbox 213 2584 449 2620; x_wconf 79' lang='grc' dir='ltr'>ὲγκεκρυμμένην,</span> <span class='ocrx_word' id='word_1_628' title='bbox 470 2584 570 2619; x_wconf 75' lang='grc' dir='ltr'>τρόπον</span> <span class='ocrx_word' id='word_1_629' title='bbox 586 2592 615 2609; x_wconf 85' lang='grc' dir='ltr'><strong>τε</strong></span> <span class='ocrx_word' id='word_1_630' title='bbox 635 2583 705 2614; x_wconf 81' lang='grc' dir='ltr'>ἰλύος</span> <span class='ocrx_word' id='word_1_631' title='bbox 721 2581 932 2617; x_wconf 85' lang='grc' dir='ltr'>ἁναλελυμένην,</span> 
     </span>
    </p>
   </div>
   <div class='ocr_carea' id='block_1_83' title="bbox 143 2628 932 2666">
    <p class='ocr_par' dir='ltr' id='par_1_83' title="bbox 143 2628 932 2666">
     <span class='ocr_line' id='line_1_83' title="bbox 143 2628 932 2666; baseline -0.005 -9"><span class='ocrx_word' id='word_1_632' title='bbox 143 2630 191 2657; x_wconf 78' lang='grc' dir='ltr'><strong>καὶ</strong></span> <span class='ocrx_word' id='word_1_633' title='bbox 204 2630 244 2666; x_wconf 83' lang='grc' dir='ltr'><strong>τῷ</strong></span> <span class='ocrx_word' id='word_1_634' title='bbox 256 2630 351 2666; x_wconf 81' lang='grc' dir='ltr'>πλήθει</span> <span class='ocrx_word' id='word_1_635' title='bbox 362 2631 416 2657; x_wconf 85' lang='grc' dir='ltr'>τῶν</span> <span class='ocrx_word' id='word_1_636' title='bbox 427 2631 528 2657; x_wconf 78' lang='grc' dir='ltr'>ὑδάτων</span> <span class='ocrx_word' id='word_1_637' title='bbox 544 2630 778 2664; x_wconf 66' lang='grc' dir='ltr'>ἀνακεκραμένην,</span> <span class='ocrx_word' id='word_1_638' title='bbox 790 2628 828 2659; x_wconf 82' lang='grc' dir='ltr'>ὡς</span> <span class='ocrx_word' id='word_1_639' title='bbox 842 2629 932 2663; x_wconf 70' lang='grc' dir='ltr'>ἀφανῆ</span> 
     </span>
    </p>
   </div>
   <div class='ocr_carea' id='block_1_84' title="bbox 144 2673 934 2711">
    <p class='ocr_par' dir='ltr' id='par_1_84' title="bbox 144 2673 934 2711">
     <span class='ocr_line' id='line_1_84' title="bbox 144 2673 934 2711; baseline -0.003 -8"><span class='ocrx_word' id='word_1_640' title='bbox 144 2675 213 2704; x_wconf 76' lang='grc' dir='ltr'>εἶναι</span> <span class='ocrx_word' id='word_1_641' title='bbox 226 2676 273 2704; x_wconf 76' lang='grc' dir='ltr'>καὶ</span> <span class='ocrx_word' id='word_1_642' title='bbox 287 2677 401 2711; x_wconf 82' lang='grc' dir='ltr'>ἀόρατον</span> <span class='ocrx_word' id='word_1_643' title='bbox 412 2686 418 2691; x_wconf 93' lang='grc'>·</span> <span class='ocrx_word' id='word_1_644' title='bbox 436 2676 475 2702; x_wconf 86' lang='grc' dir='ltr'>διὸ</span> <span class='ocrx_word' id='word_1_645' title='bbox 485 2675 613 2710; x_wconf 68' lang='grc' dir='ltr'>λέγεσθαι</span> <span class='ocrx_word' id='word_1_646' title='bbox 626 2683 632 2689; x_wconf 70' lang='grc'><strong>⁸</strong></span> <span class='ocrx_word' id='word_1_647' title='bbox 655 2673 735 2703; x_wconf 60' lang='grc' dir='ltr'><strong>Ἡπθὲ</strong></span> <span class='ocrx_word' id='word_1_648' title='bbox 747 2674 783 2710; x_wconf 80' lang='grc' dir='ltr'>γῆ</span> <span class='ocrx_word' id='word_1_649' title='bbox 796 2673 833 2710; x_wconf 80' lang='grc' dir='ltr'><strong>ἦν</strong></span> <span class='ocrx_word' id='word_1_650' title='bbox 848 2675 934 2709; x_wconf 66' lang='grc' dir='ltr'>ἀεῖρα-</span> 
     </span>
    </p>
   </div>
   <div class='ocr_carea' id='block_1_85' title="bbox 143 2720 932 2756">
    <p class='ocr_par' dir='ltr' id='par_1_85' title="bbox 143 2720 932 2756">
     <span class='ocr_line' id='line_1_85' title="bbox 143 2720 932 2756; baseline -0.004 -6"><span class='ocrx_word' id='word_1_651' title='bbox 143 2731 196 2755; x_wconf 82' lang='grc' dir='ltr'>τος</span> <span class='ocrx_word' id='word_1_652' title='bbox 221 2722 270 2750; x_wconf 74' lang='grc' dir='ltr'>καὶ</span> <span class='ocrx_word' id='word_1_653' title='bbox 291 2722 574 2755; x_wconf 77' lang='grc' dir='ltr'>ἁκατασκεύαστος’</span> <span class='ocrx_word' id='word_1_654' title='bbox 597 2720 645 2748; x_wconf 82' lang='grc' dir='ltr'>εἴθ’</span> <span class='ocrx_word' id='word_1_655' title='bbox 670 2721 783 2756; x_wconf 57' lang='grc' dir='ltr'>ὕστερα</span> <span class='ocrx_word' id='word_1_656' title='bbox 808 2721 932 2756; x_wconf 78' lang='grc' dir='ltr'>βουλήσει</span> 
     </span>
    </p>
   </div>
   <div class='ocr_carea' id='block_1_86' title="bbox 143 2767 931 2803">
    <p class='ocr_par' dir='ltr' id='par_1_86' title="bbox 143 2767 931 2803">
     <span class='ocr_line' id='line_1_86' title="bbox 143 2767 931 2803; baseline -0.003 -9"><span class='ocrx_word' id='word_1_657' title='bbox 143 2768 212 2800; x_wconf 69' lang='grc' dir='ltr'>θεοῦ</span> <span class='ocrx_word' id='word_1_658' title='bbox 239 2768 323 2803; x_wconf 75' lang='grc' dir='ltr'>αὐτὴν</span> <span class='ocrx_word' id='word_1_659' title='bbox 348 2768 534 2803; x_wconf 86' lang='grc' dir='ltr'>συναγομένην</span> <span class='ocrx_word' id='word_1_660' title='bbox 558 2767 700 2794; x_wconf 77' lang='grc' dir='ltr'>πιλοῦσθαι</span> <span class='ocrx_word' id='word_1_661' title='bbox 727 2767 858 2803; x_wconf 52' lang='grc' dir='ltr'>ᾘὲερον</span> <span class='ocrx_word' id='word_1_662' title='bbox 884 2767 931 2794; x_wconf 73' lang='grc' dir='ltr'><strong>καὶ</strong></span> 
     </span>
    </p>
   </div>
   <div class='ocr_carea' id='block_1_87' title="bbox 145 2813 932 2851">
    <p class='ocr_par' dir='ltr' id='par_1_87' title="bbox 145 2813 932 2851">
     <span class='ocr_line' id='line_1_87' title="bbox 145 2813 932 2851; baseline 0 -11"><span class='ocrx_word' id='word_1_663' title='bbox 145 2814 364 2850; x_wconf 76' lang='grc' dir='ltr'>συμπήγνυσθαι,</span> <span class='ocrx_word' id='word_1_664' title='bbox 382 2815 429 2842; x_wconf 77' lang='grc' dir='ltr'>καὶ</span> <span class='ocrx_word' id='word_1_665' title='bbox 443 2814 511 2850; x_wconf 67' lang='grc' dir='ltr'>μετὰ</span> <span class='ocrx_word' id='word_1_666' title='bbox 532 2815 619 2842; x_wconf 80' lang='grc' dir='ltr'>ταῦτα</span> <span class='ocrx_word' id='word_1_667' title='bbox 626 2815 737 2851; x_wconf 60' lang='grc' dir='ltr'>,ᾲθρόως</span> <span class='ocrx_word' id='word_1_668' title='bbox 756 2813 932 2841; x_wconf 77' lang='grc' dir='ltr'>ἀναδοθεῖσαν</span> 
     </span>
    </p>
   </div>
   <div class='ocr_carea' id='block_1_88' title="bbox 180 2890 609 2926">
    <p class='ocr_par' dir='ltr' id='par_1_88' title="bbox 180 2890 609 2926">
     <span class='ocr_line' id='line_1_88' title="bbox 180 2890 609 2926; baseline -0.002 -6"><span class='ocrx_word' id='word_1_669' title='bbox 180 2891 204 2909; x_wconf 78' lang='grc'><strong>⁸⁸</strong></span> <span class='ocrx_word' id='word_1_670' title='bbox 221 2890 291 2921; x_wconf 78' lang='lat' dir='ltr'><strong>Gen.</strong></span> <span class='ocrx_word' id='word_1_671' title='bbox 309 2900 336 2926; x_wconf 82' lang='lat' dir='ltr'><strong>I,</strong></span> <span class='ocrx_word' id='word_1_672' title='bbox 354 2892 382 2921; x_wconf 78' lang='lat'><strong>2.</strong></span> <span class='ocrx_word' id='word_1_673' title='bbox 420 2893 443 2909; x_wconf 82' lang='lat'><strong>&#39;°</strong></span> <span class='ocrx_word' id='word_1_674' title='bbox 462 2892 529 2919; x_wconf 81' lang='lat' dir='ltr'><strong>Gen.</strong></span> <span class='ocrx_word' id='word_1_675' title='bbox 547 2900 566 2925; x_wconf 85' lang='grc' dir='ltr'><strong>ι,</strong></span> <span class='ocrx_word' id='word_1_676' title='bbox 582 2892 609 2919; x_wconf 91' lang='lat'><strong>9.</strong></span> 
     </span>
    </p>
   </div>
   <div class='ocr_carea' id='block_1_89' title="bbox 991 1569 1776 1605">
    <p class='ocr_par' dir='ltr' id='par_1_89' title="bbox 991 1569 1776 1605">
     <span class='ocr_line' id='line_1_89' title="bbox 991 1569 1776 1605; baseline -0.001 -7"><span class='ocrx_word' id='word_1_677' title='bbox 991 1579 1064 1599; x_wconf 90' lang='lat' dir='ltr'><strong>mum</strong></span> <span class='ocrx_word' id='word_1_678' title='bbox 1084 1571 1248 1598; x_wconf 86' lang='lat' dir='ltr'><strong>elementum</strong></span> <span class='ocrx_word' id='word_1_679' title='bbox 1275 1570 1363 1597; x_wconf 85' lang='lat' dir='ltr'><strong>fuisse</strong></span> <span class='ocrx_word' id='word_1_680' title='bbox 1390 1577 1488 1605; x_wconf 87' lang='lat' dir='ltr'><strong>aquam</strong></span> <span class='ocrx_word' id='word_1_681' title='bbox 1501 1589 1509 1602; x_wconf 87' lang='lat'><strong>,</strong></span> <span class='ocrx_word' id='word_1_682' title='bbox 1536 1569 1634 1597; x_wconf 86' lang='lat' dir='ltr'><strong>deinde</strong></span> <span class='ocrx_word' id='word_1_683' title='bbox 1653 1577 1720 1598; x_wconf 85' lang='lat' dir='ltr'><strong>vero</strong></span> <span class='ocrx_word' id='word_1_684' title='bbox 1740 1578 1776 1598; x_wconf 80' lang='lat' dir='ltr'><strong>ex</strong></span> 
     </span>
    </p>
   </div>
   <div class='ocr_carea' id='block_1_90' title="bbox 989 1615 1777 1652">
    <p class='ocr_par' dir='ltr' id='par_1_90' title="bbox 989 1615 1777 1652">
     <span class='ocr_line' id='line_1_90' title="bbox 989 1615 1777 1652; baseline 0 -9"><span class='ocrx_word' id='word_1_685' title='bbox 989 1624 1059 1652; x_wconf 91' lang='lat' dir='ltr'><strong>aqua</strong></span> <span class='ocrx_word' id='word_1_686' title='bbox 1078 1620 1105 1644; x_wconf 88' lang='lat' dir='ltr'><strong>et</strong></span> <span class='ocrx_word' id='word_1_687' title='bbox 1122 1616 1233 1643; x_wconf 87' lang='lat' dir='ltr'><strong>humida</strong></span> <span class='ocrx_word' id='word_1_688' title='bbox 1250 1616 1414 1647; x_wconf 88' lang='lat' dir='ltr'><strong>substantia,</strong></span> <span class='ocrx_word' id='word_1_689' title='bbox 1432 1615 1535 1650; x_wconf 89' lang='lat' dir='ltr'><strong>reliqua</strong></span> <span class='ocrx_word' id='word_1_690' title='bbox 1554 1616 1686 1642; x_wconf 89' lang='lat' dir='ltr'><strong>elementa</strong></span> <span class='ocrx_word' id='word_1_691' title='bbox 1710 1616 1777 1644; x_wconf 88' lang='lat' dir='ltr'><strong>sub-</strong></span> 
     </span>
    </p>
   </div>
   <div class='ocr_carea' id='block_1_91' title="bbox 989 1660 1776 1696">
    <p class='ocr_par' dir='ltr' id='par_1_91' title="bbox 989 1660 1776 1696">
     <span class='ocr_line' id='line_1_91' title="bbox 989 1660 1776 1696; baseline -0.001 -7"><span class='ocrx_word' id='word_1_692' title='bbox 989 1661 1224 1695; x_wconf 81' lang='lat' dir='ltr'><strong>stitisse;dixerit</strong></span> <span class='ocrx_word' id='word_1_693' title='bbox 1242 1661 1357 1688; x_wconf 84' lang='lat' dir='ltr'><strong>fortasse</strong></span> <span class='ocrx_word' id='word_1_694' title='bbox 1370 1661 1516 1696; x_wconf 87' lang='lat' dir='ltr'><strong>quispiam,</strong></span> <span class='ocrx_word' id='word_1_695' title='bbox 1534 1660 1586 1688; x_wconf 89' lang='lat' dir='ltr'><strong>hoc</strong></span> <span class='ocrx_word' id='word_1_696' title='bbox 1601 1661 1629 1688; x_wconf 92' lang='lat' dir='ltr'><strong>in</strong></span> <span class='ocrx_word' id='word_1_697' title='bbox 1648 1661 1776 1696; x_wconf 59' lang='lat' dir='ltr'><strong>praesenti</strong></span> 
     </span>
    </p>
   </div>
   <div class='ocr_carea' id='block_1_92' title="bbox 990 1705 1778 1745">
    <p class='ocr_par' dir='ltr' id='par_1_92' title="bbox 990 1705 1778 1745">
     <span class='ocr_line' id='line_1_92' title="bbox 990 1705 1778 1745; baseline -0.001 -10"><span class='ocrx_word' id='word_1_698' title='bbox 990 1708 1131 1743; x_wconf 84' lang='lat' dir='ltr'><strong>Scriptura</strong></span> <span class='ocrx_word' id='word_1_699' title='bbox 1152 1707 1312 1743; x_wconf 72' lang='lat' dir='ltr'><strong>significari,</strong></span> <span class='ocrx_word' id='word_1_700' title='bbox 1334 1715 1365 1734; x_wconf 88' lang='lat' dir='ltr'><strong>ac</strong></span> <span class='ocrx_word' id='word_1_701' title='bbox 1394 1706 1538 1739; x_wconf 85' lang='lat' dir='ltr'><strong>declarari,</strong></span> <span class='ocrx_word' id='word_1_702' title='bbox 1559 1705 1644 1745; x_wconf 81' lang='lat' dir='ltr'><strong>fuisse</strong></span> <span class='ocrx_word' id='word_1_703' title='bbox 1658 1710 1778 1742; x_wconf 68' lang='lat' dir='ltr'><strong>tempus</strong></span> 
     </span>
    </p>
   </div>
   <div class='ocr_carea' id='block_1_93' title="bbox 988 1754 1776 1790">
    <p class='ocr_par' dir='ltr' id='par_1_93' title="bbox 988 1754 1776 1790">
     <span class='ocr_line' id='line_1_93' title="bbox 988 1754 1776 1790; baseline 0 -8"><span class='ocrx_word' id='word_1_704' title='bbox 988 1762 1051 1782; x_wconf 87' lang='lat' dir='ltr'><strong>cum</strong></span> <span class='ocrx_word' id='word_1_705' title='bbox 1068 1759 1139 1783; x_wconf 87' lang='lat' dir='ltr'><strong>terra</strong></span> <span class='ocrx_word' id='word_1_706' title='bbox 1157 1755 1184 1782; x_wconf 92' lang='lat' dir='ltr'><strong>in</strong></span> <span class='ocrx_word' id='word_1_707' title='bbox 1204 1755 1259 1781; x_wconf 90' lang='lat' dir='ltr'><strong>alio</strong></span> <span class='ocrx_word' id='word_1_708' title='bbox 1277 1755 1412 1782; x_wconf 83' lang='lat' dir='ltr'><strong>elemento</strong></span> <span class='ocrx_word' id='word_1_709' title='bbox 1437 1755 1536 1789; x_wconf 88' lang='lat' dir='ltr'><strong>posita,</strong></span> <span class='ocrx_word' id='word_1_710' title='bbox 1560 1754 1613 1782; x_wconf 87' lang='lat' dir='ltr'><strong>sub</strong></span> <span class='ocrx_word' id='word_1_711' title='bbox 1635 1758 1776 1790; x_wconf 78' lang='lat' dir='ltr'><strong>aspectum</strong></span> 
     </span>
    </p>
   </div>
   <div class='ocr_carea' id='block_1_94' title="bbox 987 1799 1776 1836">
    <p class='ocr_par' dir='ltr' id='par_1_94' title="bbox 987 1799 1776 1836">
     <span class='ocr_line' id='line_1_94' title="bbox 987 1799 1776 1836; baseline -0.001 -7"><span class='ocrx_word' id='word_1_712' title='bbox 987 1809 1043 1829; x_wconf 91' lang='lat' dir='ltr'><strong>non</strong></span> <span class='ocrx_word' id='word_1_713' title='bbox 1064 1801 1184 1833; x_wconf 85' lang='lat' dir='ltr'><strong>caderet,</strong></span> <span class='ocrx_word' id='word_1_714' title='bbox 1201 1800 1280 1836; x_wconf 88' lang='lat' dir='ltr'><strong>quasi</strong></span> <span class='ocrx_word' id='word_1_715' title='bbox 1307 1805 1387 1827; x_wconf 87' lang='lat' dir='ltr'><strong>utero</strong></span> <span class='ocrx_word' id='word_1_716' title='bbox 1412 1804 1517 1835; x_wconf 77' lang='lat' dir='ltr'><strong>gestata</strong></span> <span class='ocrx_word' id='word_1_717' title='bbox 1546 1804 1573 1828; x_wconf 88' lang='lat' dir='ltr'><strong>et</strong></span> <span class='ocrx_word' id='word_1_718' title='bbox 1593 1804 1723 1835; x_wconf 69' lang='lat' dir='ltr'><strong>conci-pta</strong></span> <span class='ocrx_word' id='word_1_719' title='bbox 1748 1799 1776 1828; x_wconf 80' lang='lat' dir='ltr'><strong>iu</strong></span> 
     </span>
    </p>
   </div>
   <div class='ocr_carea' id='block_1_95' title="bbox 988 1844 1776 1878">
    <p class='ocr_par' dir='ltr' id='par_1_95' title="bbox 988 1844 1776 1878">
     <span class='ocr_line' id='line_1_95' title="bbox 988 1844 1776 1878; baseline -0.003 -5"><span class='ocrx_word' id='word_1_720' title='bbox 988 1846 1106 1874; x_wconf 75' lang='lat' dir='ltr'><strong>humida:</strong></span> <span class='ocrx_word' id='word_1_721' title='bbox 1121 1846 1282 1873; x_wconf 68' lang='lat' dir='ltr'><strong>substantiae</strong></span> <span class='ocrx_word' id='word_1_722' title='bbox 1303 1850 1411 1872; x_wconf 89' lang='lat' dir='ltr'><strong>natura.</strong></span> <span class='ocrx_word' id='word_1_723' title='bbox 1432 1844 1522 1878; x_wconf 85' lang='lat' dir='ltr'><strong>Quare</strong></span> <span class='ocrx_word' id='word_1_724' title='bbox 1543 1845 1570 1872; x_wconf 90' lang='lat' dir='ltr'><strong>in</strong></span> <span class='ocrx_word' id='word_1_725' title='bbox 1588 1845 1681 1872; x_wconf 88' lang='lat' dir='ltr'><strong>mundi</strong></span> <span class='ocrx_word' id='word_1_726' title='bbox 1698 1852 1776 1872; x_wconf 83' lang='lat' dir='ltr'><strong>crea-</strong></span> 
     </span>
    </p>
   </div>
   <div class='ocr_carea' id='block_1_96' title="bbox 987 1890 1768 1919">
    <p class='ocr_par' dir='ltr' id='par_1_96' title="bbox 987 1890 1768 1919">
     <span class='ocr_line' id='line_1_96' title="bbox 987 1890 1768 1919; baseline -0.004 0"><span class='ocrx_word' id='word_1_727' title='bbox 987 1892 1061 1919; x_wconf 84' lang='lat' dir='ltr'><strong>tione</strong></span> <span class='ocrx_word' id='word_1_728' title='bbox 1074 1891 1205 1918; x_wconf 70' lang='lat' dir='ltr'><strong>dicitur&quot;</strong></span> <span class='ocrx_word' id='word_1_729' title='bbox 1219 1901 1225 1917; x_wconf 83' lang='lat'><strong>:</strong></span> <span class='ocrx_word' id='word_1_730' title='bbox 1239 1891 1321 1918; x_wconf 86' lang='lat' dir='ltr'><strong>Terra</strong></span> <span class='ocrx_word' id='word_1_731' title='bbox 1328 1896 1415 1917; x_wconf 78' lang='lat' dir='ltr'><strong>autent</strong></span> <span class='ocrx_word' id='word_1_732' title='bbox 1427 1896 1482 1917; x_wconf 79' lang='lat' dir='ltr'><strong>erat</strong></span> <span class='ocrx_word' id='word_1_733' title='bbox 1497 1890 1637 1917; x_wconf 71' lang='lat' dir='ltr'><strong>invisibilia</strong></span> <span class='ocrx_word' id='word_1_734' title='bbox 1650 1895 1675 1917; x_wconf 84' lang='lat' dir='ltr'><strong>et</strong></span> <span class='ocrx_word' id='word_1_735' title='bbox 1683 1891 1768 1917; x_wconf 84' lang='lat' dir='ltr'><strong>incom</strong></span> 
     </span>
    </p>
   </div>
   <div class='ocr_carea' id='block_1_97' title="bbox 986 1935 1776 1971">
    <p class='ocr_par' dir='ltr' id='par_1_97' title="bbox 986 1935 1776 1971">
     <span class='ocr_line' id='line_1_97' title="bbox 986 1935 1776 1971; baseline 0 -8"><span class='ocrx_word' id='word_1_736' title='bbox 986 1937 1083 1970; x_wconf 77' lang='lat' dir='ltr'><strong>posita,</strong></span> <span class='ocrx_word' id='word_1_737' title='bbox 1102 1942 1125 1963; x_wconf 88' lang='lat' dir='ltr'><strong>et</strong></span> <span class='ocrx_word' id='word_1_738' title='bbox 1147 1936 1258 1963; x_wconf 79' lang='lat' dir='ltr'><strong>lenebra:</strong></span> <span class='ocrx_word' id='word_1_739' title='bbox 1283 1944 1360 1970; x_wconf 77' lang='lat' dir='ltr'><strong>super</strong></span> <span class='ocrx_word' id='word_1_740' title='bbox 1389 1936 1532 1970; x_wconf 74' lang='lat' dir='ltr'><strong>abyssum;</strong></span> <span class='ocrx_word' id='word_1_741' title='bbox 1559 1935 1607 1962; x_wconf 87' lang='lat' dir='ltr'><strong>sed</strong></span> <span class='ocrx_word' id='word_1_742' title='bbox 1637 1939 1776 1971; x_wconf 84' lang='lat' dir='ltr'><strong>postremo</strong></span> 
     </span>
    </p>
   </div>
   <div class='ocr_carea' id='block_1_98' title="bbox 986 1981 1774 2017">
    <p class='ocr_par' dir='ltr' id='par_1_98' title="bbox 986 1981 1774 2017">
     <span class='ocr_line' id='line_1_98' title="bbox 986 1981 1774 2017; baseline 0.001 -8"><span class='ocrx_word' id='word_1_743' title='bbox 986 1983 1065 2017; x_wconf 86' lang='lat' dir='ltr'><strong>quasi</strong></span> <span class='ocrx_word' id='word_1_744' title='bbox 1089 1983 1179 2016; x_wconf 84' lang='lat' dir='ltr'><strong>genita</strong></span> <span class='ocrx_word' id='word_1_745' title='bbox 1199 1990 1233 2009; x_wconf 75' lang='lat' dir='ltr'><strong>ex</strong></span> <span class='ocrx_word' id='word_1_746' title='bbox 1256 1990 1388 2017; x_wconf 83' lang='lat' dir='ltr'><strong>aquarum</strong></span> <span class='ocrx_word' id='word_1_747' title='bbox 1417 1981 1571 2009; x_wconf 88' lang='lat' dir='ltr'><strong>substantia</strong></span> <span class='ocrx_word' id='word_1_748' title='bbox 1592 1982 1704 2016; x_wconf 90' lang='lat' dir='ltr'><strong>prodiit,</strong></span> <span class='ocrx_word' id='word_1_749' title='bbox 1719 1989 1774 2010; x_wconf 87' lang='lat' dir='ltr'><strong>non</strong></span> 
     </span>
    </p>
   </div>
   <div class='ocr_carea' id='block_1_99' title="bbox 987 2026 1773 2061">
    <p class='ocr_par' dir='ltr' id='par_1_99' title="bbox 987 2026 1773 2061">
     <span class='ocr_line' id='line_1_99' title="bbox 987 2026 1773 2061; baseline 0 -6"><span class='ocrx_word' id='word_1_750' title='bbox 987 2030 1046 2056; x_wconf 87' lang='lat' dir='ltr'><strong>sine</strong></span> <span class='ocrx_word' id='word_1_751' title='bbox 1057 2029 1147 2055; x_wconf 88' lang='lat' dir='ltr'><strong>divina</strong></span> <span class='ocrx_word' id='word_1_752' title='bbox 1164 2028 1275 2061; x_wconf 72' lang='lat' dir='ltr'><strong>virtute,</strong></span> <span class='ocrx_word' id='word_1_753' title='bbox 1291 2028 1339 2055; x_wconf 88' lang='lat' dir='ltr'><strong>sed</strong></span> <span class='ocrx_word' id='word_1_754' title='bbox 1359 2026 1456 2061; x_wconf 82' lang='lat' dir='ltr'><strong>majori</strong></span> <span class='ocrx_word' id='word_1_755' title='bbox 1477 2031 1573 2054; x_wconf 84' lang='lat' dir='ltr'><strong>coacta</strong></span> <span class='ocrx_word' id='word_1_756' title='bbox 1589 2028 1614 2054; x_wconf 83' lang='lat' dir='ltr'><strong>vi</strong></span> <span class='ocrx_word' id='word_1_757' title='bbox 1632 2031 1659 2055; x_wconf 88' lang='lat' dir='ltr'><strong>et</strong></span> <span class='ocrx_word' id='word_1_758' title='bbox 1678 2035 1773 2056; x_wconf 76' lang='lat' dir='ltr'><strong>neces-</strong></span> 
     </span>
    </p>
   </div>
   <div class='ocr_carea' id='block_1_100' title="bbox 987 2071 1775 2105">
    <p class='ocr_par' dir='ltr' id='par_1_100' title="bbox 987 2071 1775 2105">
     <span class='ocr_line' id='line_1_100' title="bbox 987 2071 1775 2105; baseline -0.003 -4"><span class='ocrx_word' id='word_1_759' title='bbox 987 2074 1068 2102; x_wconf 87' lang='lat' dir='ltr'><strong>sitate</strong></span> <span class='ocrx_word' id='word_1_760' title='bbox 1082 2083 1088 2101; x_wconf 87' lang='lat'><strong>:</strong></span> <span class='ocrx_word' id='word_1_761' title='bbox 1106 2074 1162 2100; x_wconf 63' lang='lat' dir='ltr'><strong>haec</strong></span> <span class='ocrx_word' id='word_1_762' title='bbox 1178 2081 1241 2100; x_wconf 75' lang='grc' dir='ltr'>γει-ο</span> <span class='ocrx_word' id='word_1_763' title='bbox 1252 2077 1311 2101; x_wconf 88' lang='lat' dir='ltr'><strong>erat</strong></span> <span class='ocrx_word' id='word_1_764' title='bbox 1328 2073 1467 2100; x_wconf 86' lang='lat' dir='ltr'><strong>Creatoris</strong></span> <span class='ocrx_word' id='word_1_765' title='bbox 1481 2073 1617 2100; x_wconf 80' lang='lat' dir='ltr'><strong>voluntas.</strong></span> <span class='ocrx_word' id='word_1_766' title='bbox 1636 2071 1775 2105; x_wconf 81' lang='lat' dir='ltr'><strong>Quemad-</strong></span> 
     </span>
    </p>
   </div>
   <div class='ocr_carea' id='block_1_101' title="bbox 986 2118 1776 2154">
    <p class='ocr_par' dir='ltr' id='par_1_101' title="bbox 986 2118 1776 2154">
     <span class='ocr_line' id='line_1_101' title="bbox 986 2118 1776 2154; baseline -0.001 -7"><span class='ocrx_word' id='word_1_767' title='bbox 986 2120 1096 2147; x_wconf 87' lang='lat' dir='ltr'><strong>modum</strong></span> <span class='ocrx_word' id='word_1_768' title='bbox 1113 2121 1185 2146; x_wconf 91' lang='lat' dir='ltr'><strong>enim</strong></span> <span class='ocrx_word' id='word_1_769' title='bbox 1201 2127 1215 2146; x_wconf 91' lang='lat' dir='ltr'><strong>a</strong></span> <span class='ocrx_word' id='word_1_770' title='bbox 1231 2118 1435 2154; x_wconf 48' lang='lat' dir='ltr'><strong>praegnantibus</strong></span> <span class='ocrx_word' id='word_1_771' title='bbox 1447 2118 1618 2150; x_wconf 83' lang='lat' dir='ltr'><strong>mulieribus,</strong></span> <span class='ocrx_word' id='word_1_772' title='bbox 1631 2118 1776 2146; x_wconf 82' lang='lat' dir='ltr'><strong>imminen-</strong></span> 
     </span>
    </p>
   </div>
   <div class='ocr_carea' id='block_1_102' title="bbox 987 2164 1775 2199">
    <p class='ocr_par' dir='ltr' id='par_1_102' title="bbox 987 2164 1775 2199">
     <span class='ocr_line' id='line_1_102' title="bbox 987 2164 1775 2199; baseline 0 -7"><span class='ocrx_word' id='word_1_773' title='bbox 987 2170 1012 2193; x_wconf 86' lang='lat' dir='ltr'><strong>te</strong></span> <span class='ocrx_word' id='word_1_774' title='bbox 1037 2166 1062 2192; x_wconf 79' lang='lat' dir='ltr'><strong>vi</strong></span> <span class='ocrx_word' id='word_1_775' title='bbox 1086 2173 1118 2192; x_wconf 85' lang='lat' dir='ltr'><strong>ac</strong></span> <span class='ocrx_word' id='word_1_776' title='bbox 1135 2166 1309 2196; x_wconf 86' lang='lat' dir='ltr'><strong>necessitate,</strong></span> <span class='ocrx_word' id='word_1_777' title='bbox 1333 2164 1445 2192; x_wconf 78' lang='lat' dir='ltr'><strong>dellnitu</strong></span> <span class='ocrx_word' id='word_1_778' title='bbox 1471 2169 1567 2199; x_wconf 85' lang='lat' dir='ltr'><strong>partus</strong></span> <span class='ocrx_word' id='word_1_779' title='bbox 1595 2169 1716 2199; x_wconf 90' lang='lat' dir='ltr'><strong>tempore</strong></span> <span class='ocrx_word' id='word_1_780' title='bbox 1732 2164 1775 2192; x_wconf 89' lang='lat' dir='ltr'><strong>in-</strong></span> 
     </span>
    </p>
   </div>
   <div class='ocr_carea' id='block_1_103' title="bbox 986 2210 1773 2248">
    <p class='ocr_par' dir='ltr' id='par_1_103' title="bbox 986 2210 1773 2248">
     <span class='ocr_line' id='line_1_103' title="bbox 986 2210 1773 2248; baseline -0.003 -8"><span class='ocrx_word' id='word_1_781' title='bbox 986 2217 1085 2245; x_wconf 88' lang='lat' dir='ltr'><strong>stante,</strong></span> <span class='ocrx_word' id='word_1_782' title='bbox 1111 2212 1183 2248; x_wconf 87' lang='lat' dir='ltr'><strong>quod</strong></span> <span class='ocrx_word' id='word_1_783' title='bbox 1215 2212 1241 2238; x_wconf 91' lang='lat' dir='ltr'><strong>in</strong></span> <span class='ocrx_word' id='word_1_784' title='bbox 1267 2217 1343 2239; x_wconf 89' lang='lat' dir='ltr'><strong>utero</strong></span> <span class='ocrx_word' id='word_1_785' title='bbox 1365 2214 1423 2238; x_wconf 79' lang='lat' dir='ltr'><strong>crat</strong></span> <span class='ocrx_word' id='word_1_786' title='bbox 1451 2210 1595 2243; x_wconf 87' lang='lat' dir='ltr'><strong>emittitur,</strong></span> <span class='ocrx_word' id='word_1_787' title='bbox 1614 2215 1694 2245; x_wconf 88' lang='lat' dir='ltr'><strong>atque</strong></span> <span class='ocrx_word' id='word_1_788' title='bbox 1720 2211 1773 2238; x_wconf 81' lang='lat' dir='ltr'><strong>illa:</strong></span> 
     </span>
    </p>
   </div>
   <div class='ocr_carea' id='block_1_104' title="bbox 986 2256 1771 2293">
    <p class='ocr_par' dir='ltr' id='par_1_104' title="bbox 986 2256 1771 2293">
     <span class='ocr_line' id='line_1_104' title="bbox 986 2256 1771 2293; baseline -0.005 -7"><span class='ocrx_word' id='word_1_789' title='bbox 986 2266 1048 2286; x_wconf 80' lang='lat' dir='ltr'><strong>cum</strong></span> <span class='ocrx_word' id='word_1_790' title='bbox 1064 2258 1158 2286; x_wconf 86' lang='lat' dir='ltr'><strong>dolore</strong></span> <span class='ocrx_word' id='word_1_791' title='bbox 1178 2258 1304 2293; x_wconf 82' lang='lat' dir='ltr'><strong>pariunt;</strong></span> <span class='ocrx_word' id='word_1_792' title='bbox 1323 2256 1417 2284; x_wconf 84' lang='lat' dir='ltr'><strong>eodem</strong></span> <span class='ocrx_word' id='word_1_793' title='bbox 1436 2264 1551 2291; x_wconf 84' lang='lat' dir='ltr'><strong>prorsus</strong></span> <span class='ocrx_word' id='word_1_794' title='bbox 1568 2257 1649 2283; x_wconf 86' lang='lat' dir='ltr'><strong>modo</strong></span> <span class='ocrx_word' id='word_1_795' title='bbox 1661 2256 1771 2284; x_wconf 82' lang='lat' dir='ltr'><strong>univer-</strong></span> 
     </span>
    </p>
   </div>
   <div class='ocr_carea' id='block_1_105' title="bbox 986 2299 1772 2339">
    <p class='ocr_par' dir='ltr' id='par_1_105' title="bbox 986 2299 1772 2339">
     <span class='ocr_line' id='line_1_105' title="bbox 986 2299 1772 2339; baseline -0.006 -8"><span class='ocrx_word' id='word_1_796' title='bbox 986 2311 1080 2331; x_wconf 90' lang='lat' dir='ltr'><strong>sorum</strong></span> <span class='ocrx_word' id='word_1_797' title='bbox 1107 2302 1211 2339; x_wconf 78' lang='lat' dir='ltr'><strong>opificis</strong></span> <span class='ocrx_word' id='word_1_798' title='bbox 1229 2303 1254 2329; x_wconf 90' lang='lat' dir='ltr'><strong>vi</strong></span> <span class='ocrx_word' id='word_1_799' title='bbox 1280 2306 1307 2329; x_wconf 87' lang='lat' dir='ltr'><strong>et</strong></span> <span class='ocrx_word' id='word_1_800' title='bbox 1335 2301 1478 2336; x_wconf 82' lang='lat' dir='ltr'><strong>sapientia,</strong></span> <span class='ocrx_word' id='word_1_801' title='bbox 1498 2304 1596 2327; x_wconf 86' lang='lat' dir='ltr'><strong>terram</strong></span> <span class='ocrx_word' id='word_1_802' title='bbox 1627 2304 1654 2327; x_wconf 89' lang='lat' dir='ltr'><strong>et</strong></span> <span class='ocrx_word' id='word_1_803' title='bbox 1680 2299 1772 2327; x_wconf 83' lang='lat' dir='ltr'><strong>orbem</strong></span> 
     </span>
    </p>
   </div>
   <div class='ocr_carea' id='block_1_106' title="bbox 985 2344 1774 2385">
    <p class='ocr_par' dir='ltr' id='par_1_106' title="bbox 985 2344 1774 2385">
     <span class='ocr_line' id='line_1_106' title="bbox 985 2344 1774 2385; baseline -0.008 -8"><span class='ocrx_word' id='word_1_804' title='bbox 985 2358 1063 2385; x_wconf 71' lang='lat' dir='ltr'><strong>aqua:</strong></span> <span class='ocrx_word' id='word_1_805' title='bbox 1079 2349 1264 2384; x_wconf 88' lang='lat' dir='ltr'><strong>protulerunt.</strong></span> <span class='ocrx_word' id='word_1_806' title='bbox 1281 2347 1315 2373; x_wconf 90' lang='lat' dir='ltr'><strong>Et</strong></span> <span class='ocrx_word' id='word_1_807' title='bbox 1329 2347 1381 2374; x_wconf 88' lang='lat' dir='ltr'><strong>hoc</strong></span> <span class='ocrx_word' id='word_1_808' title='bbox 1397 2346 1562 2381; x_wconf 86' lang='lat' dir='ltr'><strong>implebatur</strong></span> <span class='ocrx_word' id='word_1_809' title='bbox 1578 2344 1689 2380; x_wconf 86' lang='lat' dir='ltr'><strong>quando</strong></span> <span class='ocrx_word' id='word_1_810' title='bbox 1704 2344 1774 2372; x_wconf 81' lang='lat' dir='ltr'><strong>dixit</strong></span> 
     </span>
    </p>
   </div>
   <div class='ocr_carea' id='block_1_107' title="bbox 986 2391 1773 2429">
    <p class='ocr_par' dir='ltr' id='par_1_107' title="bbox 986 2391 1773 2429">
     <span class='ocr_line' id='line_1_107' title="bbox 986 2391 1773 2429; baseline -0.009 -5"><span class='ocrx_word' id='word_1_811' title='bbox 986 2397 1058 2424; x_wconf 86' lang='lat' dir='ltr'><strong>Deus</strong></span> <span class='ocrx_word' id='word_1_812' title='bbox 1072 2395 1094 2412; x_wconf 80' lang='grc'><strong>⁸⁸</strong></span> <span class='ocrx_word' id='word_1_813' title='bbox 1110 2405 1116 2422; x_wconf 90' lang='lat'>:</span> <span class='ocrx_word' id='word_1_814' title='bbox 1132 2393 1326 2429; x_wconf 82' lang='lat' dir='ltr'><strong>Congregenlur</strong></span> <span class='ocrx_word' id='word_1_815' title='bbox 1335 2401 1409 2427; x_wconf 73' lang='lat' dir='ltr'><strong>aqua:</strong></span> <span class='ocrx_word' id='word_1_816' title='bbox 1424 2391 1471 2419; x_wconf 76' lang='lat' dir='ltr'><strong>sub</strong></span> <span class='ocrx_word' id='word_1_817' title='bbox 1481 2392 1544 2418; x_wconf 70' lang='lat' dir='ltr'><strong>caelo</strong></span> <span class='ocrx_word' id='word_1_818' title='bbox 1555 2392 1579 2418; x_wconf 79' lang='lat' dir='ltr'><strong>in</strong></span> <span class='ocrx_word' id='word_1_819' title='bbox 1596 2391 1773 2418; x_wconf 76' lang='lat' dir='ltr'><strong>collectionem</strong></span> 
     </span>
    </p>
   </div>
   <div class='ocr_carea' id='block_1_108' title="bbox 985 2436 1772 2476">
    <p class='ocr_par' dir='ltr' id='par_1_108' title="bbox 985 2436 1772 2476">
     <span class='ocr_line' id='line_1_108' title="bbox 985 2436 1772 2476; baseline -0.006 -7"><span class='ocrx_word' id='word_1_820' title='bbox 985 2450 1077 2476; x_wconf 84' lang='lat' dir='ltr'><strong>unam,</strong></span> <span class='ocrx_word' id='word_1_821' title='bbox 1088 2446 1114 2469; x_wconf 80' lang='lat' dir='ltr'><strong>et</strong></span> <span class='ocrx_word' id='word_1_822' title='bbox 1125 2446 1250 2476; x_wconf 81' lang='lat' dir='ltr'><strong>appareat</strong></span> <span class='ocrx_word' id='word_1_823' title='bbox 1266 2440 1355 2467; x_wconf 86' lang='lat' dir='ltr'><strong>arida.</strong></span> <span class='ocrx_word' id='word_1_824' title='bbox 1375 2439 1409 2465; x_wconf 83' lang='lat' dir='ltr'><strong>Et</strong></span> <span class='ocrx_word' id='word_1_825' title='bbox 1425 2438 1525 2473; x_wconf 75' lang='lat' dir='ltr'><strong>factum</strong></span> <span class='ocrx_word' id='word_1_826' title='bbox 1540 2441 1579 2464; x_wconf 78' lang='lat' dir='ltr'><strong>est</strong></span> <span class='ocrx_word' id='word_1_827' title='bbox 1595 2437 1643 2464; x_wconf 81' lang='lat' dir='ltr'><strong>ita.</strong></span> <span class='ocrx_word' id='word_1_828' title='bbox 1657 2436 1690 2464; x_wconf 86' lang='lat' dir='ltr'><strong>Et</strong></span> <span class='ocrx_word' id='word_1_829' title='bbox 1704 2445 1772 2464; x_wconf 87' lang='lat' dir='ltr'><strong>con-</strong></span> 
     </span>
    </p>
   </div>
   <div class='ocr_carea' id='block_1_109' title="bbox 986 2483 1772 2522">
    <p class='ocr_par' dir='ltr' id='par_1_109' title="bbox 986 2483 1772 2522">
     <span class='ocr_line' id='line_1_109' title="bbox 986 2483 1772 2522; baseline -0.009 -6"><span class='ocrx_word' id='word_1_830' title='bbox 986 2489 1100 2518; x_wconf 88' lang='lat' dir='ltr'><strong>sideres.</strong></span> <span class='ocrx_word' id='word_1_831' title='bbox 1114 2495 1216 2522; x_wconf 75' lang='lat' dir='ltr'><strong>qua:so,</strong></span> <span class='ocrx_word' id='word_1_832' title='bbox 1231 2491 1331 2513; x_wconf 89' lang='lat' dir='ltr'><strong>terram</strong></span> <span class='ocrx_word' id='word_1_833' title='bbox 1352 2485 1379 2512; x_wconf 92' lang='lat' dir='ltr'><strong>in</strong></span> <span class='ocrx_word' id='word_1_834' title='bbox 1395 2485 1474 2520; x_wconf 87' lang='lat' dir='ltr'><strong>aquis</strong></span> <span class='ocrx_word' id='word_1_835' title='bbox 1486 2484 1552 2511; x_wconf 88' lang='lat' dir='ltr'><strong>olim</strong></span> <span class='ocrx_word' id='word_1_836' title='bbox 1571 2483 1772 2515; x_wconf 85' lang='lat' dir='ltr'><strong>absconditam,</strong></span> 
     </span>
    </p>
   </div>
   <div class='ocr_carea' id='block_1_110' title="bbox 985 2529 1772 2569">
    <p class='ocr_par' dir='ltr' id='par_1_110' title="bbox 985 2529 1772 2569">
     <span class='ocr_line' id='line_1_110' title="bbox 985 2529 1772 2569; baseline -0.006 -8"><span class='ocrx_word' id='word_1_837' title='bbox 985 2539 1068 2569; x_wconf 88' lang='lat' dir='ltr'><strong>atque</strong></span> <span class='ocrx_word' id='word_1_838' title='bbox 1088 2534 1175 2561; x_wconf 78' lang='lat' dir='ltr'><strong>instar</strong></span> <span class='ocrx_word' id='word_1_839' title='bbox 1191 2532 1240 2559; x_wconf 90' lang='lat' dir='ltr'><strong>luti</strong></span> <span class='ocrx_word' id='word_1_840' title='bbox 1259 2532 1388 2562; x_wconf 85' lang='lat' dir='ltr'><strong>solutam,</strong></span> <span class='ocrx_word' id='word_1_841' title='bbox 1409 2535 1436 2557; x_wconf 88' lang='lat' dir='ltr'><strong>et</strong></span> <span class='ocrx_word' id='word_1_842' title='bbox 1449 2537 1582 2565; x_wconf 88' lang='lat' dir='ltr'><strong>aquarum</strong></span> <span class='ocrx_word' id='word_1_843' title='bbox 1602 2529 1772 2559; x_wconf 87' lang='lat' dir='ltr'><strong>multitudini</strong></span> 
     </span>
    </p>
   </div>
   <div class='ocr_carea' id='block_1_111' title="bbox 985 2575 1773 2610">
    <p class='ocr_par' dir='ltr' id='par_1_111' title="bbox 985 2575 1773 2610">
     <span class='ocr_line' id='line_1_111' title="bbox 985 2575 1773 2610; baseline -0.009 -2"><span class='ocrx_word' id='word_1_844' title='bbox 985 2580 1162 2608; x_wconf 79' lang='lat' dir='ltr'><strong>commixtam</strong></span> <span class='ocrx_word' id='word_1_845' title='bbox 1180 2578 1280 2610; x_wconf 83' lang='lat' dir='ltr'><strong>fuisse;</strong></span> <span class='ocrx_word' id='word_1_846' title='bbox 1296 2577 1334 2603; x_wconf 93' lang='lat' dir='ltr'><strong>ita</strong></span> <span class='ocrx_word' id='word_1_847' title='bbox 1346 2580 1375 2603; x_wconf 93' lang='lat' dir='ltr'><strong>ut</strong></span> <span class='ocrx_word' id='word_1_848' title='bbox 1386 2576 1532 2603; x_wconf 80' lang='lat' dir='ltr'><strong>invisibilis</strong></span> <span class='ocrx_word' id='word_1_849' title='bbox 1546 2580 1573 2603; x_wconf 89' lang='lat' dir='ltr'><strong>et</strong></span> <span class='ocrx_word' id='word_1_850' title='bbox 1588 2575 1698 2603; x_wconf 70' lang='lat' dir='ltr'><strong>occulta</strong></span> <span class='ocrx_word' id='word_1_851' title='bbox 1714 2582 1773 2606; x_wconf 77' lang='lat' dir='ltr'><strong>ma-</strong></span> 
     </span>
    </p>
   </div>
   <div class='ocr_carea' id='block_1_112' title="bbox 985 2620 1772 2662">
    <p class='ocr_par' dir='ltr' id='par_1_112' title="bbox 985 2620 1772 2662">
     <span class='ocr_line' id='line_1_112' title="bbox 985 2620 1772 2662; baseline -0.009 -8"><span class='ocrx_word' id='word_1_852' title='bbox 985 2630 1062 2654; x_wconf 87' lang='lat' dir='ltr'><strong>neret</strong></span> <span class='ocrx_word' id='word_1_853' title='bbox 1079 2635 1085 2652; x_wconf 89' lang='lat'><strong>:</strong></span> <span class='ocrx_word' id='word_1_854' title='bbox 1103 2627 1269 2662; x_wconf 85' lang='lat' dir='ltr'><strong>quapropter</strong></span> <span class='ocrx_word' id='word_1_855' title='bbox 1284 2622 1396 2653; x_wconf 86' lang='lat' dir='ltr'><strong>dicitur,</strong></span> <span class='ocrx_word' id='word_1_856' title='bbox 1410 2621 1492 2651; x_wconf 80' lang='lat' dir='ltr'><strong>Terra</strong></span> <span class='ocrx_word' id='word_1_857' title='bbox 1505 2626 1593 2649; x_wconf 85' lang='lat' dir='ltr'><strong>autem</strong></span> <span class='ocrx_word' id='word_1_858' title='bbox 1608 2625 1665 2649; x_wconf 87' lang='lat' dir='ltr'><strong>eral</strong></span> <span class='ocrx_word' id='word_1_859' title='bbox 1679 2620 1772 2649; x_wconf 66' lang='lat' dir='ltr'><strong>invisi-</strong></span> 
     </span>
    </p>
   </div>
   <div class='ocr_carea' id='block_1_113' title="bbox 984 2668 1804 2706">
    <p class='ocr_par' dir='ltr' id='par_1_113' title="bbox 984 2668 1804 2706">
     <span class='ocr_line' id='line_1_113' title="bbox 984 2668 1804 2706; baseline -0.007 -5"><span class='ocrx_word' id='word_1_860' title='bbox 984 2673 1043 2700; x_wconf 82' lang='lat' dir='ltr'><strong>bilis</strong></span> <span class='ocrx_word' id='word_1_861' title='bbox 1061 2677 1085 2700; x_wconf 87' lang='lat' dir='ltr'><strong>et</strong></span> <span class='ocrx_word' id='word_1_862' title='bbox 1106 2670 1298 2706; x_wconf 74' lang='lat' dir='ltr'><strong>incomposita;</strong></span> <span class='ocrx_word' id='word_1_863' title='bbox 1314 2668 1411 2696; x_wconf 86' lang='lat' dir='ltr'><strong>deinde</strong></span> <span class='ocrx_word' id='word_1_864' title='bbox 1425 2676 1490 2696; x_wconf 82' lang='lat' dir='ltr'><strong>vero</strong></span> <span class='ocrx_word' id='word_1_865' title='bbox 1512 2676 1544 2697; x_wconf 78' lang='lat' dir='ltr'><strong>ex</strong></span> <span class='ocrx_word' id='word_1_866' title='bbox 1568 2668 1614 2696; x_wconf 86' lang='lat' dir='ltr'><strong>Dei</strong></span> <span class='ocrx_word' id='word_1_867' title='bbox 1632 2668 1773 2695; x_wconf 79' lang='lat' dir='ltr'><strong>voluntate</strong></span> <span class='ocrx_word' id='word_1_868' title='bbox 1801 2675 1804 2684; x_wconf 78' lang='lat'><em>&#39;</em></span> 
     </span>
    </p>
   </div>
   <div class='ocr_carea' id='block_1_114' title="bbox 984 2713 1772 2754">
    <p class='ocr_par' dir='ltr' id='par_1_114' title="bbox 984 2713 1772 2754">
     <span class='ocr_line' id='line_1_114' title="bbox 984 2713 1772 2754; baseline -0.008 -7"><span class='ocrx_word' id='word_1_869' title='bbox 984 2723 1154 2754; x_wconf 86' lang='lat' dir='ltr'><strong>compactam</strong></span> <span class='ocrx_word' id='word_1_870' title='bbox 1173 2722 1201 2745; x_wconf 87' lang='lat' dir='ltr'><strong>et</strong></span> <span class='ocrx_word' id='word_1_871' title='bbox 1215 2717 1388 2752; x_wconf 78' lang='lat' dir='ltr'><strong>eoagulatam</strong></span> <span class='ocrx_word' id='word_1_872' title='bbox 1402 2715 1500 2754; x_wconf 59' lang='lat' dir='ltr'><strong>fuisse,</strong></span> <span class='ocrx_word' id='word_1_873' title='bbox 1511 2719 1539 2743; x_wconf 90' lang='lat' dir='ltr'><strong>et</strong></span> <span class='ocrx_word' id='word_1_874' title='bbox 1552 2718 1645 2750; x_wconf 84' lang='lat' dir='ltr'><strong>postea</strong></span> <span class='ocrx_word' id='word_1_875' title='bbox 1661 2713 1772 2742; x_wconf 84' lang='lat' dir='ltr'><strong>confer-</strong></span> 
     </span>
    </p>
   </div>
   <div class='ocr_carea' id='block_1_115' title="bbox 983 2753 1771 2797">
    <p class='ocr_par' dir='ltr' id='par_1_115' title="bbox 983 2753 1771 2797">
     <span class='ocr_line' id='line_1_115' title="bbox 983 2753 1771 2797; baseline -0.006 -5"><span class='ocrx_word' id='word_1_876' title='bbox 983 2766 1033 2792; x_wconf 90' lang='lat' dir='ltr'><strong>tim</strong></span> <span class='ocrx_word' id='word_1_877' title='bbox 1048 2753 1075 2792; x_wconf 89' lang='lat' dir='ltr'><strong>in</strong></span> <span class='ocrx_word' id='word_1_878' title='bbox 1096 2764 1184 2792; x_wconf 88' lang='lat' dir='ltr'><strong>lucem</strong></span> <span class='ocrx_word' id='word_1_879' title='bbox 1202 2763 1315 2794; x_wconf 83' lang='lat' dir='ltr'><strong>editam,</strong></span> <span class='ocrx_word' id='word_1_880' title='bbox 1334 2762 1361 2790; x_wconf 90' lang='lat' dir='ltr'><strong>in</strong></span> <span class='ocrx_word' id='word_1_881' title='bbox 1381 2753 1479 2797; x_wconf 68' lang='lat' dir='ltr'><strong>purum</strong></span> <span class='ocrx_word' id='word_1_882' title='bbox 1496 2768 1586 2788; x_wconf 84' lang='lat' dir='ltr'><strong>aerem</strong></span> <span class='ocrx_word' id='word_1_883' title='bbox 1606 2761 1771 2788; x_wconf 77' lang='lat' dir='ltr'><strong>emersisse:</strong></span> 
     </span>
    </p>
   </div>
   <div class='ocr_carea' id='block_1_116' title="bbox 983 2806 1773 2843">
    <p class='ocr_par' dir='ltr' id='par_1_116' title="bbox 983 2806 1773 2843">
     <span class='ocr_line' id='line_1_116' title="bbox 983 2806 1773 2843; baseline -0.01 -3"><span class='ocrx_word' id='word_1_884' title='bbox 983 2815 1011 2840; x_wconf 88' lang='lat' dir='ltr'><strong>et</strong></span> <span class='ocrx_word' id='word_1_885' title='bbox 1019 2811 1215 2843; x_wconf 79' lang='lat' dir='ltr'><strong>animadverte,</strong></span> <span class='ocrx_word' id='word_1_886' title='bbox 1228 2809 1295 2838; x_wconf 88' lang='lat' dir='ltr'><strong>nihil</strong></span> <span class='ocrx_word' id='word_1_887' title='bbox 1305 2808 1361 2837; x_wconf 75' lang='lat' dir='ltr'><strong>fere</strong></span> <span class='ocrx_word' id='word_1_888' title='bbox 1373 2814 1429 2838; x_wconf 88' lang='lat' dir='ltr'><strong>tum</strong></span> <span class='ocrx_word' id='word_1_889' title='bbox 1442 2807 1631 2838; x_wconf 72' lang='lat' dir='ltr'><strong>intercessisse</strong></span> <span class='ocrx_word' id='word_1_890' title='bbox 1639 2806 1773 2837; x_wconf 83' lang='lat' dir='ltr'><strong>discrimi-</strong></span> 
     </span>
    </p>
   </div>
  </div>
