2032 3215
131 213 204 246 “29

711 205 962 240 COMMENTARIA
981 209 1014 238 IN
1033 207 1203 239 PSALMOS.

1245 163 1298 210 «οὗ

1676 210 1744 239 “50

127 267 243 305 Μωῦσῇ.
258 260 336 305 Ζητῶ
349 267 378 295 δὲ
392 268 462 296 κατὰ
486 269 560 295 ποῖον
574 268 628 304 ἄρα
650 268 745 304 καιρὸν
765 268 850 305 ταύτῃ
869 267 915 295 κέ-

970 267 1100 295 nerationi
1116 274 1172 295 suae
1186 270 1213 294 et
1229 267 1328 302 populo
1339 275 1432 295 secum
1451 267 1581 299 versanti,
1595 271 1642 295 aut
1655 267 1748 296 subse-

128 324 228 351 χρηται
238 316 270 351 τῇ
287 316 422 350 προσευχῇ
434 315 564 350 Maiis-71;,
577 315 623 341 καὶ
638 315 716 350 εῖπερ
727 316 810 351 αὐτῷ,
822 316 838 352 ῆ
852 318 915 352 μᾶλ-

128 361 174 388 λον
186 360 224 396 τῷ
239 359 296 395 λαῷ
308 359 472 395 κατάλληλος
482 359 618 394 τυγχάνει,
628 359 741 395 πότερον
748 360 781 395 τῇ
793 361 873 395 γενεᾷ
881 362 913 396 τῇ

128 408 190 435 κατ’
203 406 294 438 αὐτὸν,
307 405 404 441 καὶτῷ
416 406 522 432 συνόντι
535 405 609 440 αὐτῷ
621 405 714 441 λαῷ,ἢ
726 407 759 441 τῇ
777 407 833 441 μετ’
844 406 916 433 ἐκεί-

128 462 190 486 νους
202 453 310 487 διαδοχῇ
322 451 506 488 ἐφαρμοστέον
519 451 612 487 αὑτήν.
625 452 685 477 Ὅτι
698 452 747 486 μὲν
759 449 805 478 οὖν
815 451 864 478 οὐκ
875 452 915 484 είς

127 499 210 527 αὑτὸν
236 499 370 534 προσήκει
399 498 434 524 τὰ
460 497 626 533 προκείμενα
654 497 813 533 ἀναφέρειν,
841 495 916 533 οἶμαι

128 545 208 572 πάνθ’
223 544 342 571 ὁντινοῦν
350 544 444 580 ὁμολογ
450 544 535 579 ήσειν.
545 543 606 575 Πῶς
612 543 666 578 γὰρ
677 543 786 570 δύναται
797 544 916 578 Μωϋοῆς

127 592 143 618 ὁ
158 590 302 626 ἄνθρωπος
316 590 363 616 τοῦ
370 590 448 622 Θεοῦ,
459 589 522 625 περὶ
539 588 621 616 αὐτοῦ
634 588 733 623 λέγειν,
747 589 807 615 Ὅτι
822 588 916 620 ἐξελί-

128 645 226 672 πομεν
252 637 286 663 ὲν
306 635 343 670 τῇ
362 635 436 670 ὁρτῇ
460 644 534 663 σου·
561 635 578 670 ἦ
598 635 668 662 κατὰ
687 635 732 661 τὸν
759 634 915 670 Σύμμαχον,

129 683 195 710 Ὅτι
209 681 404 716 ἁνηλώθημεν
415 681 451 708 ἐν
460 680 497 715 τῇ
508 680 582 716 ὀργῆ
592 689 660 712 σου,
672 680 722 707 καὶ
736 680 771 706 ἐν
785 679 825 712 τῷ
837 680 917 714 θυμῷ

128 736 188 756 σου
203 727 416 763 ἐταράχθημεν.
434 728 524 754 Ἕθου
537 727 590 759 τὰς
600 726 724 761 ἀνομίας
736 726 819 761 ἡμῶν
833 726 918 752 ἐναν-

129 774 195 801 τίον
215 781 288 801 σου’
304 774 350 799 καὶ
369 772 466 799 πάλιν·
484 773 519 798 ΛΖ
544 771 651 806 ἡμέραι
666 770 756 805 ,ἡμῶν
777 769 918 802 ἐξέλιπον

129 820 164 846 ἐν
180 819 219 854 τῇ
236 818 308 854 ὀργῇ
324 828 381 845 σου
391 828 397 834 ·
413 818 460 845 καὶ
475 818 569 845 πάλιν·
588 818 636 851 Τίς
648 818 785 853 γινώσκει
801 818 834 844 τὸ
847 817 917 852 κρά-

130 873 182 898 τος
195 864 251 899 τῆς
274 863 363 899 ὁρτῆς
378 871 447 895 σου,
463 864 510 891 καὶ
526 863 586 891 ἀπὸ
608 863 662 890 τοῦ
682 865 776 898 φόϐου
792 871 850 891 σου
866 863 918 890 τὸν

130 910 227 945 θυμόν
254 916 333 942 σου;
357 905 489 936 Ἀλλ”ὄτι
507 910 557 944 μὲν
575 908 663 936 ταῦτα
688 909 738 935 οὐκ
762 909 795 936 ἂν
817 910 856 941 εἰς
873 909 918 936 τὸν

130 956 250 985 Μωῦσέα
272 957 444 992 ἀναφέροιτο,
463 956 494 982 οὺ
513 956 592 991 μόνον
610 956 665 983 ἀπὸ
679 955 727 982 τοῦ
743 956 832 982 πάντα
854 956 919 990 περὶ

129 1003 216 1039 ὀργῆς
228 1002 296 1030 Θεοῦ
310 1003 446 1038 εἰρῆσθαι,
461 1002 527 1029 ἀλλὰ
543 1002 591 1030 καὶ
606 1003 660 1029 ἀπὸ
672 1002 719 1029 τοῦ
732 1002 918 1037 πληθυντικῶς

130 1049 327 1084 προενηνέχθαι
339 1048 372 1075 τὰ
381 1048 523 1084 εἰρημένα,
532 1047 609 1084 δῆλόν
618 1049 699 1075 ἐστιν.
709 1048 789 1079 Εἰκὸς
800 1045 846 1075 οὖν
859 1056 919 1074 τινα

131 1096 178 1122 ἐπὶ
189 1095 236 1122 τὸν
253 1097 366 1122 συνόντα
387 1095 462 1130 αὐτῷ
478 1094 548 1122 κατὰ
563 1094 611 1130 τὴν
633 1094 734 1129 ἔρημον
750 1093 813 1120 λαὸν
834 1093 919 1120 ταῦτα

131 1142 290 1177 ἀναφέρειν.
310 1142 379 1168 Ἀλλ’
397 1142 458 1169 οὐδὲ
473 1142 551 1169 τοῦτο
570 1143 707 1177 συγχωρεῖ
719 1142 788 1168 νοεῖν
803 1142 817 1167 ὁ
830 1140 918 1175 λόγος.

133 1187 166 1214 Τί
182 1187 236 1223 γὰρ
251 1187 296 1214 καί
311 1196 377 1223 φησι
387 1197 393 1203 ·
409 1188 443 1215 Τὸ
457 1189 532 1222 πρωῒ
544 1188 584 1222 ὡς
595 1189 613 1222 ἡ
630 1188 704 1222 χλόη
717 1187 869 1222 παρέλθοι.
886 1186 918 1213 τὸ

131 1232 208 1267 πρωῒ
227 1231 357 1266 ἀνθῆσαι
373 1233 422 1259 καὶ
439 1233 595 1267 παρέλθοι·
612 1232 645 1259 τὸ
659 1232 789 1267 ἑσπέρας
805 1231 919 1259 ἀποπέ-

131 1285 192 1308 σοι,
209 1277 412 1311 σκληρυνθείη
425 1277 473 1303 καὶ
487 1277 660 1310 ξηρανθείη-
681 1277 725 1303 ὅτι
742 1277 920 1311 ἑξελίπομεγ

130 1324 167 1350 ἐν
177 1322 215 1357 τῇ
225 1321 298 1357 ὀργῇ
313 1330 387 1353 σου;
404 1321 507 1349 Οὐκοῦν
520 1322 549 1348 οὐ
567 1322 606 1357 τῷ
618 1323 690 1358 πρωϊ
708 1331 788 1358 φησιν
803 1322 918 1350 ἐκλελοι-

131 1368 223 1400 πέναι,
245 1368 313 1395 ἀλλὰ
326 1369 360 1395 Τὸ
376 1368 424 1404 μὲν
439 1368 514 1402 πρωῒ
526 1368 566 1401 ὡς
580 1368 599 1401 ἡ
613 1368 689 1402 χλόη
703 1368 844 1402 παρέλθοι
853 1377 860 1384 ν
873 1369 919 1396 καὶ

132 1414 225 1447 πάλιν,
235 1413 277 1445 οὗ,
292 1414 372 1441 Κατὰ
392 1413 426 1440 τὸ
440 1413 514 1447 πρωῒ
526 1411 760 1446 ἀποπέσοι,οὑδὲ,
784 1414 863 1441 Κατὰ
887 1414 918 1440 τὸ

131 1461 208 1495 πρωϊ
222 1460 425 1495 σκληρυνθείη
438 1460 487 1487 καὶ
503 1460 673 1494 ξηρανθείη,
689 1460 745 1486 ἀλλ’
767 1460 918 1493 Ἀνθήσαι,

132 1505 216 1540 φησὶν
231 1506 246 1532 ό
267 1502 354 1539 λόγος,
374 1505 447 1532 κατὰ
462 1505 494 1531 τὸ
511 1505 586 1538 πρωῒ
598 1504 645 1531 καὶ
664 1504 804 1538 παρέλθοι
815 1513 822 1520 ·
846 1504 876 1530 τὸ
892 1505 921 1531 δὲ

131 1550 281 1578 ἀποπεσεῖν
301 1550 348 1577 καὶ
372 1550 570 1586 ηληρυνθῆναι
584 1550 631 1577 καὶ
649 1550 811 1585 ξηρανοῆναι
839 1550 921 1576 ἑσπέ-

936 942 955 968 Β

967 313 1059 348 quenti
1075 313 1243 340 successioni
1259 313 1409 347 coaptanda
1422 314 1467 341 sit.
1487 314 1564 347 Quod
1583 317 1672 341 autem
1690 313 1747 341 haec

966 360 1018 395 ipsi
1031 359 1134 387 referre
1148 367 1203 387 non
1218 358 1374 390 conveniat,
1391 359 1462 394 apud
1477 367 1572 387 omnes
1588 359 1705 386 arbitror
1720 359 1748 386 in

965 404 1091 432 confesso
1107 404 1227 431 futurum
1243 412 1313 432 esse.
1324 403 1374 437 Qui
1390 404 1461 431 enim
1477 405 1562 439 possit
1575 403 1689 439 Moyses,
1704 404 1750 431 ho-

966 458 1011 478 mo
1029 449 1086 483 Dei.
1103 450 1136 477 de
1163 458 1194 478 se
1210 450 1302 478 dicere
1318 460 1325 477 :
1343 450 1413 483 Quia
1426 449 1566 484 defecimus
1576 450 1602 476 in
1619 451 1660 477 ira
1683 455 1749 481 tua;

966 497 1008 524 vel
1022 496 1172 525 secundum
1188 495 1380 532 Symmachum
1393 505 1399 523 :
1410 495 1479 529 Quia
1494 497 1641 530 consumpti
1658 504 1749 523 sumus

967 544 994 570 in
1014 544 1055 570 ira
1077 548 1133 575 tua,
1147 547 1171 570 et
1192 543 1220 569 in
1235 543 1324 577 furore
1339 548 1383 570 tuo
1398 542 1498 569 turbati
1515 550 1614 569 sumus.
1631 542 1750 569 Posuisti

967 589 1118 623 iniquitates
1141 594 1246 615 nostras
1268 589 1297 615 in
1320 592 1458 622 conspectu
1482 593 1544 620 tuo;
1564 595 1596 614 ac
1617 595 1748 615 rursum:

968 633 1030 661 Dies
1055 635 1138 662 nostri
1160 634 1309 669 defecerunt
1323 635 1350 661 in
1366 634 1408 661 ira
1422 638 1487 666 tua;
1499 635 1651 668 iterumque
1664 643 1670 660 :
1685 633 1749 666 Quis

968 681 1038 707 novit
1056 681 1107 707 vim
1120 681 1168 707 ine
1181 685 1242 712 tute,
1259 685 1284 706 et
1302 689 1318 706 a
1334 680 1428 707 timore
1443 684 1486 706 tuo
1500 679 1568 706 iram
1587 679 1680 705 tuam?
1695 677 1749 705 Ve—

968 735 1028 754 rum
1043 727 1115 762 quod
1132 727 1189 754 haec
1205 727 1238 753 ad
1254 726 1374 762 Moysem
1387 733 1440 753 non
1458 725 1620 757 referantur,
1638 732 1691 752 non
1709 732 1751 751 so-

969 773 1023 800 lum
1038 773 1101 808 quia
1115 772 1206 798 omnia
1219 772 1287 798 iram
1302 771 1348 799 Dei
1360 771 1526 806 exprimunt,
1537 770 1585 798 sed
1595 770 1676 797 etiam
1686 769 1750 804 quia

969 820 1025 846 haec
1051 818 1192 854 pluraliter
1216 818 1400 853 proferuntur,
1415 816 1589 843 manifestum
1613 819 1665 843 est.
1683 814 1752 842 liinc

969 866 1051 900 igitur
1062 865 1208 892 verisimile
1217 867 1268 895 est,
1281 864 1337 891 haec
1348 863 1501 899 quempiam
1517 862 1617 898 populo
1630 862 1676 897 qui
1689 869 1751 889 cum

969 912 1028 946 ipso
1044 911 1071 937 in
1085 910 1194 938 deserto
1208 915 1277 942 erat,
1294 910 1476 944 ascripturum
1488 916 1558 936 esse.
1573 907 1608 934 At
1623 907 1648 934 id
1663 915 1696 935 ne
1710 907 1752 934 vel

968 957 1088 991 cogitare
1107 954 1232 982 concedit
1255 954 1349 982 series.
1364 954 1420 981 Cur
1443 954 1514 981 enim
1534 952 1658 980 diceret:
1674 951 1754 979 Mane

969 1002 1035 1029 sicut
1056 1001 1136 1028 herba
1157 1005 1285 1032 transeat,
1317 1008 1394 1027 mane
1409 1000 1504 1034 ﬂoreat
1517 1004 1541 1026 σι
1555 1002 1690 1029 transeat;
1709 1006 1753 1026 ue-

974 1056 1047 1082 spere
1060 1047 1175 1078 decidat,
1192 1046 1295 1073 induret
1311 1051 1336 1073 et
1357 1051 1476 1077 arescat;
1489 1045 1550 1080 quia
1566 1044 1707 1078 defecimus
1725 1044 1754 1071 in

969 1095 1010 1120 ira
1025 1094 1090 1120 tua?
1105 1093 1196 1128 Itaque
1214 1100 1266 1120 non
1281 1092 1348 1120 dicit
1364 1099 1443 1119 tuane
1457 1091 1605 1122 defecisse,
1620 1089 1683 1117 sed:
1694 1088 1754 1116 Ha-

970 1147 1001 1165 ne
1020 1139 1087 1165 sicut
1111 1137 1190 1164 herba
1206 1141 1342 1168 transeat;
1362 1143 1451 1171 neque
1474 1143 1583 1163 rursum
1600 1134 1639 1161 ait
1653 1143 1660 1162 :
1677 1133 1753 1161 Mane

969 1184 1084 1216 decidat,
1098 1192 1204 1219 neque:
1221 1182 1300 1210 Mane
1316 1182 1420 1209 induret
1437 1186 1461 1208 et
1477 1185 1595 1212 arescat;
1615 1180 1662 1208 sed
1683 1180 1753 1207 dici-

971 1235 1016 1257 tur
1032 1239 1038 1256 :
1056 1228 1135 1256 Mane
1151 1228 1243 1263 ﬂoreat
1268 1233 1292 1255 et
1316 1232 1453 1259 transeat;
1470 1231 1500 1254 ut
1522 1232 1612 1254 autem
1635 1226 1750 1258 decidat.

972 1275 1079 1303 indurct
1093 1280 1119 1302 et
1135 1279 1252 1307 arescat,
1263 1281 1374 1309 vespere
1384 1273 1505 1300 futurum
1518 1279 1579 1300 esse
1587 1271 1624 1299 ait
1636 1271 1679 1299 his
1693 1279 1752 1299 ver-

971 1322 1014 1349 bis
1029 1331 1035 1347 :
1059 1320 1166 1355 Vespere
1180 1319 1408 1352 decidat,induret
1429 1323 1455 1345 et
1468 1323 1591 1349 arescat;
1606 1317 1672 1344 illud
1686 1324 1754 1351 quo-

971 1376 1025 1404 que
1042 1377 1048 1395 :
1063 1368 1133 1401 Quia
1158 1367 1300 1402 defecimus
1324 1366 1352 1393 in
1374 1366 1416 1392 ira
1436 1370 1492 1397 tua,
1506 1371 1618 1400 vespere
1632 1363 1752 1390 futurum

971 1422 1032 1442 esse
1049 1414 1151 1440 dictum
1165 1417 1208 1441 est
1228 1423 1234 1440 :
1250 1419 1313 1439 nam
1339 1411 1402 1442 hoc,
1418 1410 1554 1446 inquiunt,
1571 1413 1692 1444 tempore
1707 1410 1753 1435 de-

972 1460 1094 1487 fecimus.
1111 1458 1244 1492 Quoniam
1259 1465 1321 1485 cum
1339 1464 1418 1484 mane
1441 1456 1532 1488 ﬂores,
1548 1454 1631 1482 herba
1648 1458 1674 1483 et
1687 1459 1755 1482 tem-

972 1512 1090 1540 poranea
1106 1504 1227 1540 quaedam
1246 1502 1350 1538 species
1362 1502 1522 1533 exstitisset,
1538 1507 1650 1535 vespere
1663 1507 1754 1526 emar-

971 1551 1028 1578 cuit
1043 1550 1138 1583 herba,
1154 1554 1179 1577 et
1204 1549 1285 1577 ﬂores
1307 1548 1437 1576 exsiccati
1462 1547 1630 1575 defecerunt.
1648 1545 1680 1573 Et
1698 1545 1755 1572 haec

134 1604 185 1631 ρας
200 1595 312 1622 ἔσεσθαι
333 1604 410 1631 φησι,
428 1595 514 1629 λέγων
525 1595 565 1627 τὸ,
589 1595 738 1629 Ἐσπέρας
758 1595 917 1627 (idoneam,

971 1597 1079 1631 quidem
1096 1596 1184 1623 oratio
1197 1594 1286 1631 quoad
1310 1594 1426 1622 litteram
1442 1593 1480 1621 ita
1497 1601 1526 1620 se
1542 1592 1639 1625 habet;
1656 1598 1753 1619 sensus

132 1641 337 1675 σκληρυνθείη
353 1641 401 1668 καὶ
421 1641 596 1675 ξηρανθε[η”
618 1641 664 1667 καὶ
687 1641 727 1667 τό·
747 1641 811 1667 ’Ὁτι
825 1640 920 1672 ἐξελί-

132 1695 230 1722 smper
239 1688 274 1714 ἐν
285 1686 323 1721 τῇ
336 1686 409 1722 ὀργῇ
422 1695 491 1720 σου,
507 1687 576 1714 κατὰ
588 1687 618 1713 τὸ
633 1686 751 1722 ἑσπέρας
763 1686 870 1713 ἔσεσθαι
882 1686 921 1712 εί-

134 1742 216 1770 ρηται
227 1742 233 1750 '
248 1735 281 1760 ὲν
291 1732 377 1769 τούτῳ
388 1734 451 1770 γὰρ,
470 1733 561 1769 φησὶν,
583 1732 740 1768 ὲξελίπομεν
751 1739 757 1746 ⁸
775 1732 921 1768 ἐπειδήπερ

134 1779 165 1806 τδ
179 1778 252 1815 πρωῒ
267 1779 350 1815 ἂνθης
365 1778 522 1815 γενομένης,
538 1779 585 1806 καὶ
601 1778 680 1814 χλόης
692 1779 738 1805 καὶ
755 1779 920 1815 προσκαίρου

134 1824 207 1857 τινδς
228 1825 380 1860 ὠραϊσμοῦ,
399 1825 467 1852 κατὰ
483 1825 531 1860 τὴν
551 1824 669 1861 ἑσπέραν
691 1825 887 1861 σκληρυνθεῖσα
904 1827 921 1861 ἡ

134 1870 200 1906 χλόη
218 1871 266 1897 καὶ
281 1869 498 1906 ἀποξηρανθεῖσα
511 1871 526 1906 ἡ
545 1870 611 1906 ἄνθη
629 1870 746 1903 ἐξέλιπε.
758 1871 813 1897 Καὶ
828 1871 861 1898 τὰ
874 1871 921 1907 μὲν

134 1916 185 1953 τῆς
198 1915 297 1948 λέξεως
309 1916 357 1952 τῆς
373 1916 512 1952 παρούσης
527 1916 680 1952 προσευχῆς
694 1916 786 1942 τοῦτον
806 1916 862 1951 ἔχει
876 1916 922 1942 τὸν

135 1962 250 1998 τρόπον·
268 1962 302 1989 τὰ
320 1962 348 1989 δὲ
363 1962 413 1997 τῆς
433 1961 550 1993 διανοίας
562 1961 611 1989 οὐκ
632 1962 773 1997 ἐπιτρέπει
797 1962 843 1988 ἐπὶ
859 1963 922 1994 τοὺς

135 2004 274 2040 Μωῦσέως
285 2004 396 2044 χρόνους
407 2008 452 2034 καὶ
462 2007 511 2043 τὴν
523 2009 582 2034 κατ’
593 2008 672 2035 αὐτὸν
684 2008 779 2043 γενεὰν
796 2008 922 2042 συνάγειν

134 2054 169 2081 τὰ
178 2053 320 2090 εἰρημένα.
335 2054 371 2080 Οὐ
387 2054 442 2090 γὰρ
455 2053 557 2089 ἑσπέρα
574 2052 607 2089 ἦν
620 2054 688 2086 τότε,
705 2054 765 2081 οὐδὲ
775 2054 808 2081 τὰ
820 2053 922 2081 ὕστατα

135 2100 182 2126 τοῦ
200 2101 232 2127 ὲκ
251 2100 401 2136 περιτομῆς
422 2099 487 2127 λαοῦ
499 2108 506 2115 ·
523 2100 605 2136 ἀρχαὶ
618 2100 645 2126 δὲ
663 2098 733 2135 ἦσαν
753 2100 852 2132 αὐτῶν,
876 2100 922 2127 καὶ

136 2142 197 2173 τότε
215 2146 323 2182 πρῶτον
337 2147 427 2178 αὐτοῖς
442 2146 616 2173 mamma
630 2146 661 2172 τὸ
677 2147 708 2172 ὲκ
723 2146 789 2173 Θεοῦ
810 2146 919 2181 φέγγος.

137 2192 182 2220 Διὸ
190 2192 238 2219 καὶ
247 2192 277 2219 τὸ
289 2191 361 2228 πρωῒ
384 2191 528 2228 ὠνομάσθη
539 2193 554 2227 ἡ
564 2191 658 2218 τούτου
674 2200 702 2218 τε
722 2191 817 2228 καιροῦ
835 2192 918 2219 κατά-

137 2241 241 2271 ἁτασις,
250 2238 296 2265 καὶ
308 2239 324 2274 ὴ
337 2238 383 2264 τοῦ
394 2238 460 2265 Θεοῦ
473 2239 512 2270 εἰς
524 2238 621 2269 αὐτοὺς
636 2238 779 2273 ὲπισκοπή.
804 2237 922 2273 Ἐσπὲρα

135 2284 164 2310 δὲ
179 2285 239 2311 τότε
261 2284 351 2315 αὐτοῖς
365 2283 487 2318 γέγονεν,
502 2284 518 2318 ή
534 2283 579 2310 ἐπὶ
591 2283 729 2318 συντελείᾳ
746 2283 791 2309 τοῦ
813 2282 919 2315 αἰῶνος,

136 2330 197 2357 καθ’
217 2330 250 2365 ἣν
266 2329 309 2356 ἓδυ
324 2330 416 2361 αὐτοῖς
443 2330 456 2355 ὁ
479 2329 538 2355 τότε
552 2329 693 2361 ἀνατείλας
715 2329 810 2363 Λόγος.
842 2328 922 2355 Ἀλλὰ

135 2377 196 2403 τότε
213 2375 261 2411 μὲν
286 2375 450 2402 ἀνατέταλκε
471 2374 516 2401 καὶ
539 2374 644 2410 πρωῖαν
661 2373 752 2406 αὐτοῖς
770 2374 920 2409 εἰργάζετο,

136 2421 180 2448 ὅτε
200 2421 246 2448 καὶ
263 2420 337 2456 ἦνθει
352 2421 386 2447 τὰ
409 2420 468 2447 κατ’
483 2420 580 2451 αὐτοὺς
596 2420 753 2456 πράγματα.
773 2421 809 2446 Οὐ
839 2421 921 2457 παρέ-

138 2475 213 2502 μεινε
227 2466 255 2493 δὲ
271 2467 299 2492 ὲν
314 2467 346 2502 τῇ
359 2466 472 2501 ἀληθείᾳ
483 2474 489 2481 ·
503 2465 569 2492 ἀλλὰ
584 2466 637 2502 γὰρ
650 2466 804 2501 ἀνθήσαντα
817 2466 923 2502 παρῆλ-

136 2513 177 2545 Οε,
192 2512 239 2539 καὶ
262 2513 340 2544 σκιᾶς
360 2511 437 2547 δίκην
464 2512 637 2547 παρέδραμε·
659 2510 698 2538 διὸ
722 2511 863 2538 λέλεκται·
888 2511 923 2538 Τὸ

135 2557 212 2593 πρωῒ
228 2558 269 2591 ὡς
282 2559 300 2593 ἡ
316 2558 390 2592 χλόη
407 2559 558 2592 παρέλθοι.
577 2557 654 2584 Μετὰ
670 2557 697 2584 δὲ
717 2558 765 2593 τὴν
784 2557 922 2589 Μωΰσέως

135 2605 265 2640 τελευτὴν
285 2604 364 2631 πάλιν
380 2605 408 2631 ὲν
419 2605 475 2636 τοῖς
491 2603 558 2640 μετὰ
574 2603 661 2631 ταῦτα
672 2604 776 2640 χρόνοις
787 2604 922 2634 ἐπιδόντες

136 2651 176 2682 είς
188 2649 300 2686 αὔξησιν
316 2650 363 2676 καὶ
380 2649 489 2685 μείζονα
505 2649 585 2685 φυὴν,
615 2649 673 2675 οὐδὲ
691 2648 760 2686 οῆτω
774 2648 922 2684 διέμειναν,

136 2696 205 2723 ἀλλὰ
219 2683 355 2732 παρῆλθον
365 2704 372 2711 ·
381 2683 430 2724 γδιὺ
446 2695 491 2722 καὶ
504 2683 629 2730 δεύτερον
644 2683 767 2721 λέλετξται
777 2703 784 2709 ⁸
801 2683 836 2721 Τὸ
850 2693 924 2728 πρωῒ

137 2741 267 2775 ἀνθήσαι
283 2742 330 2768 καὶ
349 2741 498 2776 παρέλθοι.
517 2741 557 2768 Τὰ
573 2741 601 2767 δέ
617 2750 647 2775 γε
671 2740 812 2776 τελευιῃζα
833 2740 922 2767 αὐτῶν

138 2741 267 2775 ἀνθήσαι
283 2742 330 2768 καὶ
349 2741 498 2776 παρέλθοι.
517 2741 557 2768 Τὰ
573 2741 601 2767 δέ
617 2750 647 2775 γε
671 2739 812 2820 τελεῖ
833 2740 922 2767 αὐτῶν

138 2789 208 2823 μετὰ
225 2788 311 2815 ταῦτα
328 2788 487 2824 σημαίνεται
508 2787 551 2815 διὰ
574 2788 663 2815 τοῦτο·
686 2787 740 2814 Ἐσ
780 2786 832 2819 "at:
846 2786 922 2813 ἁπο-

138 2834 236 2866 πέσοι,
252 2835 299 2861 καὶ
323 2835 524 2868 σκληρυνθείη
551 2834 599 2861 καὶ
621 2832 798 2868 ξηρανθείη-
824 2833 855 2859 τὸ
871 2833 923 2868 γὰρ

176 2926 198 2941 ⁵³
219 2926 298 2953 Mich.
319 2934 363 2958 ιιι,
381 2926 407 2954 ϐ.
447 2926 469 2941 ⁸⁸
489 2925 602 2953 Malaclt.
622 2933 662 2958 ιν,
679 2926 707 2953 2.

304 2974 434 3005 ΡΑτιιοι..
460 2972 518 3003 Gn.
535 2971 653 3003 XXHI.

745 2925 768 2941 "
787 2922 842 2953 ’er.
858 2933 903 2957 xv,
920 2924 946 2951 9.

970 1651 1035 1670 vero
1052 1642 1085 1670 ad
1100 1641 1200 1678 Moysis
1215 1646 1337 1679 tempora
1347 1643 1374 1668 et
1386 1639 1418 1667 ad
1432 1639 1473 1668 sui
1490 1639 1537 1666 aevi
1549 1639 1753 1674 generationem

972 1688 1090 1717 conferri
1107 1687 1314 1723 nequit.Neque
1325 1686 1397 1714 enim
1414 1690 1478 1712 tunc
1494 1692 1606 1720 vespera
1621 1688 1690 1714 erat.
1710 1691 1756 1711 ne-

971 1743 1024 1770 que
1036 1739 1155 1762 extrema
1167 1734 1259 1769 populi
1274 1741 1307 1761 ex
1322 1731 1529 1759 circumcisione
1543 1735 1662 1765 tempora
1675 1737 1757 1757 vene.

971 1785 1048 1813 rant;
1064 1779 1111 1808 sed
1128 1783 1193 1806 tunc
1207 1778 1319 1806 exordia
1341 1778 1401 1812 ejus
1416 1780 1503 1809 erant,
1522 1781 1547 1803 et
1561 1780 1626 1803 tunc
1639 1775 1755 1811 primum

971 1835 1004 1854 ex
1030 1826 1084 1854 Deo
1109 1826 1154 1852 lux
1182 1827 1240 1851 orta
1254 1828 1322 1851 erat.
1340 1815 1520 1856 Quamobrem
1539 1821 1668 1856 temporis
1682 1820 1756 1847 illius

972 1872 1102 1903 conditio,
1117 1875 1140 1898 cl
1168 1870 1213 1897 Dei
1241 1869 1373 1904 inspectio
1400 1875 1540 1899 concessa,
1558 1874 1637 1894 mane
1661 1869 1756 1893 vocata

972 1924 1023 1947 est.
1039 1918 1117 1945 Tunc
1132 1921 1221 1944 autem
1239 1922 1351 1950 vespera
1365 1914 1415 1941 fuit
1429 1914 1492 1945 illis,
1505 1920 1566 1939 cum
1582 1912 1610 1939 in
1626 1918 1756 1938 consum-

973 1965 1091 1993 matione
1108 1963 1200 1992 smculi
1214 1961 1344 1993 Verbum,
1359 1960 1431 1995 quod
1447 1959 1511 1986 hinc
1527 1962 1616 1985 ortum
1631 1963 1699 1990 erat,
1711 1964 1756 1984 oc-

973 2011 1037 2038 cidit
1053 2011 1116 2038 illis.
1134 2009 1233 2037 Verum
1248 2013 1314 2035 tunc
1327 2006 1436 2042 quidem
1452 2010 1542 2034 ortum
1555 2008 1608 2037 est,
1623 2008 1650 2033 et
1663 2008 1755 2031 matu~

973 2057 1060 2084 tinum
1075 2056 1142 2091 ipsis
1154 2054 1252 2087 eﬂ‘ecit,
1269 2061 1330 2081 cum
1352 2060 1397 2079 res
1420 2053 1540 2087 ipsorum
1555 2050 1691 2078 ﬂorerent.
1707 2049 1757 2077 Ne-

973 2110 1027 2137 que
1050 2109 1114 2129 sane
1132 2101 1158 2128 in
1175 2100 1288 2127 veritate
1313 2102 1536 2133 permanserunt;
1561 2095 1609 2123 sed
1627 2103 1688 2123 cum
1707 2095 1757 2122 llo-

975 2147 1104 2179 ruisseut,
1120 2144 1297 2175 transierunt,
1311 2146 1338 2170 et
1350 2142 1453 2169 umbrae
1468 2141 1556 2168 instar
1575 2140 1754 2176 aufugerunt:

975 2192 1149 2227 quamobrem
1165 2190 1268 2217 dictum
1283 2192 1324 2216 cst
1341 2197 1347 2215 :
1362 2187 1442 2215 Mane
1453 2187 1518 2214 sicut
1531 2186 1610 2213 herba
1624 2190 1752 2213 transeat.

974 2238 1039 2266 Post
1061 2236 1162 2272 Moysis
1185 2240 1274 2262 autan
1298 2234 1413 2268 obitum,
1429 2234 1457 2261 in
1481 2233 1658 2269 sequentibus
1673 2232 1755 2259 etiam

940 2299 960 2326 ο
975 2284 1152 2319 temporibus,
1168 2283 1195 2308 in
1211 2281 1350 2308 meliorem
1366 2284 1466 2308 statum
1483 2279 1555 2307 aucti
1576 2282 1603 2306 et
1625 2277 1754 2313 provecti,

975 2337 1029 2357 non
1057 2329 1093 2356 ita
1123 2330 1322 2360 remanserunt,
1348 2326 1396 2353 sed
1424 2326 1589 2353 transierunt
1605 2323 1756 2363 :tquocirca

974 2376 1056 2403 etiam
1070 2374 1190 2402 secundo
1203 2374 1306 2401 dictum
1318 2376 1377 2400 cst:
1391 2371 1470 2398 Mane
1483 2371 1575 2405 ﬂoreat
1590 2374 1614 2396 et
1628 2372 1756 2396 transeat.

974 2421 1114 2449 Postrema
1137 2426 1201 2446 vero
1224 2426 1317 2446 eorum
1335 2417 1387 2445 sub
1406 2417 1462 2444 haec.
1485 2417 1521 2443 ita
1543 2414 1730 2451 signiﬁcantur
1748 2422 1756 2441 :

981 2466 1089 2500 Vespere
1102 2465 1217 2495 decidat,
1230 2463 1333 2491 indurat
1353 2466 1378 2489 et
1405 2465 1529 2488 arescat:
1549 2467 1610 2487 nam
1626 2458 1698 2495 quod
1712 2466 1757 2486 se-

976 2512 1063 2539 nescit
1077 2515 1103 2538 et
1116 2511 1292 2540 inveteratur,
1312 2515 1435 2543 proxuue
1457 2507 1595 2534 interitum
1612 2510 1662 2533 est.
1678 2503 1757 2538 Quod

973 2565 1037 2585 sane
1050 2556 1103 2583 illis
1114 2555 1228 2591 contigit
1243 2555 1385 2582 occidente
1394 2553 1507 2588 justitim
1518 2553 1590 2585 Sole,
1607 2551 1757 2579 Secundum

975 2602 1142 2638 prophetiam
1155 2609 1215 2636 qua:
1230 2601 1267 2627 ait
1285 2609 1291 2627 :
1312 2599 1345 2627 Et
1359 2599 1456 2627 occidet
1469 2598 1508 2626 sol
1521 2606 1597 2633 super
1606 2597 1756 2632 prophetas,

972 2649 1015 2684 qui
1029 2656 1117 2675 errare
1132 2647 1232 2682 faciunt
1246 2650 1371 2680 populum
1386 2653 1469 2673 meum
1480 2644 1512 2672 ⁸³,
1526 2642 1757 2677 Quemadmodum

973 2695 1045 2721 enim
1059 2693 1092 2721 de
1104 2693 1186 2728 justis
1201 2692 1305 2719 dictum
1320 2695 1363 2719 est
1374 2700 1382 2718 :
1393 2689 1501 2720 Orictur
1512 2689 1661 2717 timentibus
1677 2687 1758 2715 Deum

976 2741 1024 2768 Sol
1037 2739 1197 2775 justitiw”;
1214 2739 1254 2766 sic
1267 2743 1349 2765 etiam
1360 2737 1394 2766 de
1406 2737 1497 2774 impiis
1507 2735 1609 2764 dictum
1625 2739 1666 2763 est
1682 2744 1688 2761 :
1707 2733 1759 2761 0c-

977 2787 1043 2813 ridet
1056 2785 1095 2813 sul
1112 2793 1188 2819 super
1206 2784 1296 2811 illos"
1306 2794 1313 2813 :
1332 2791 1364 2811 ac
1380 2790 1491 2811 rursum
1508 2781 1571 2810 alibi
1589 2790 1595 2808 ε
1613 2780 1646 2807 Et
1659 2779 1759 2806 occidet

977 2832 1017 2859 sol
1032 2833 1058 2858 in
1070 2830 1185 2862 meridie,
1207 2835 1231 2856 et
1246 2830 1311 2857 luna
1333 2837 1383 2857 non
1400 2827 1473 2856 dabit
1487 2827 1569 2855 lucem
1590 2835 1665 2853 suam
1679 2825 1714 2854 ".
1729 2824 1760 2852 In

998 2924 1020 2940 “
1040 2921 1122 2949 Amos
1137 2921 1203 2957 vmj,
1219 2920 1246 2948 9.

1559 2965 1598 2997 36
