2032 3215
291 210 360 239 1135

626 209 760 239 EUSEBH
780 209 1019 238 CESARIENSlS
1041 209 1115 237 OPP.
1141 209 1233 237 PARS
1253 209 1295 237 Ill.
1310 225 1346 230 —
1361 208 1564 238 EXEGETICA.

1835 211 1906 241 H36

287 270 409 300 nondum
424 271 468 297 lux
486 271 595 304 solaris,
613 271 639 298 id
664 276 706 298 est
731 271 859 299 salutaris
892 271 983 304 Verbi,
1005 279 1064 306 pro-

1119 269 1165 297 τοῦ
1182 270 1303 306 ἡλιακοῦ,
1320 270 1440 296 τουτέστι
1463 270 1510 296 τοῦ
1526 270 1658 306 σωτηρίου
1680 269 1777 304 Λόγου,
1795 271 1846 305 τὴν
1866 271 1908 297 οι-

288 317 376 352 priam
385 315 456 344 diem
469 324 501 343 ac
516 316 656 344 meridiem
673 317 800 344 omnibus
825 317 951 352 gentibus
974 317 1070 350 lucere

289 361 409 389 fecisset.
421 361 550 389 Custodia
564 369 633 402 vero
647 365 791 394 nocturna.
818 361 954 396 quoddam
981 361 1071 388 noctis

287 413 395 443 tempus
410 412 531 436 vocatur.
547 407 604 435 Hoc
613 415 694 442 porro
716 407 851 442 intelligas
865 414 897 434 ex
914 406 1070 441 Evangelia,

287 454 316 482 in
333 461 387 488 quo
399 453 501 480 dictum
526 457 568 480 est
582 462 589 480 ι
605 452 709 486 Quarta
734 458 821 479 autem
841 451 963 480 custodia
985 453 1070 479 noctis

287 499 443 528 vanitiem;
455 499 593 526 ambulans
610 507 691 533 supra
710 507 782 526 mare
795 499 816 514 "
829 507 839 530 ,'
854 506 886 526 ac
906 507 1025 532 rursum,
1041 499 1072 527 Si

286 547 365 573 sciret
372 545 566 580 paterfamilias
575 553 626 581 qua
639 546 757 572 custodia
766 545 809 580 {ur
817 545 951 572 ueniret”.
963 545 995 572 lli
1007 553 1071 581 ergo

286 593 360 620 mille
377 593 440 620 anni
456 600 509 619 non
525 592 604 619 modo
620 591 683 621 diei.
697 599 757 625 qua:
780 591 909 626 praeteriit
929 599 978 620 nec
999 593 1070 619 ultra

286 638 404 670 exsistit,
420 637 601 666 conferuntur
610 637 671 670 ;sed
681 637 761 664 etiam
770 637 882 665 modicae
890 638 977 665 noctis
984 638 1069 672 parti;

286 685 323 711 ita
340 687 368 710 ut
380 690 434 710 non
450 683 554 718 integra
571 691 635 713 nox.
645 683 690 711 sed
705 683 765 718 ejus
783 690 847 718 pars
859 683 1024 716 declaretur,
1040 684 1068 710 in

287 736 342 764 qua
368 729 520 757 custodiam
548 729 672 763 corporei
689 728 757 763 legis
767 729 858 756 cultus
875 729 1066 756 obserVahant.

287 774 345 801 Sub
359 774 416 802 haec
428 773 528 802 dicitur
543 782 549 799 :
568 774 634 807 Qua:
646 782 693 808 pro
711 773 793 800 nihilo
812 773 939 801 habentur
965 781 1065 806 eorum,

285 821 349 849 anni
375 825 459 848 erunt.
491 819 593 848 Horum
619 820 686 847 mihi
710 821 767 848 lucc
797 820 904 848 videtur
933 820 1067 847 sententia

284 874 368 895 esse:
395 865 466 893 Anni
486 873 579 894 eorum
608 873 658 901 pro
680 866 765 893 nihilo
791 869 882 893 erunt.
911 865 972 893 Non
993 866 1066 893 enim

285 912 398 940 ulterius
412 912 477 939 anni
501 911 542 939 illi
570 912 597 938 in
630 912 735 939 honore
760 917 850 943 erunt,
872 919 925 940 non
940 911 1064 943 curandi,

284 964 340 985 non
356 957 502 984 necessarii
528 957 721 990 habebuntur;
750 957 795 984 sed
818 957 939 991 despecti
963 964 995 984 ac
1020 963 1069 992 pro
1084 970 1104 998 Β

283 1002 368 1029 nihilo
397 1003 514 1038 reputati
539 1007 629 1030 erunt.
656 1002 798 1035 Quomodo
822 1007 913 1031 autem
937 1003 1001 1030 anni
1020 1010 1066 1030 eo-

282 1055 342 1074 rum
362 1055 411 1082 pro
433 1048 519 1075 nihilo
545 1048 686 1083 repulandi
714 1047 779 1079 sint,
803 1047 932 1083 deinceps
946 1047 1066 1075 declarat

283 1093 396 1121 dicens:
416 1094 495 1121 Mane
532 1095 601 1121 sicut
640 1094 720 1121 herba
753 1098 889 1128 transeat,
914 1102 990 1120 ntane
1017 1094 1064 1128 flo-

281 1143 339 1165 reat
351 1143 375 1165 et
389 1143 516 1171 transeat,
529 1146 630 1173 vespere
647 1138 760 1170 decidat,
778 1138 883 1165 induret
899 1143 925 1165 et
943 1142 1065 1170 arescat,

280 1184 344 1218 quia
360 1184 501 1218 defecimus
516 1185 544 1211 in
560 1185 601 1211 ira
613 1188 668 1212 tua.
682 1184 752 1211 Olim
765 1184 943 1220 quidem,ait,
957 1185 1067 1220 quando

281 1237 326 1257 res
342 1235 444 1257 nostra:
453 1230 595 1257 exordium
611 1230 758 1262 ducebant,
774 1235 802 1259 et
818 1230 845 1258 in
863 1231 996 1258 matutino
1007 1239 1068 1258 era-

281 1283 354 1307 mus,
369 1276 447 1310 quasi
459 1275 543 1304 herba
560 1275 660 1303 fuimus
677 1285 684 1302 :
708 1275 756 1302 sed
776 1283 839 1303 cum
865 1275 911 1303 illa
929 1276 1067 1312 generatio

280 1321 466 1356 praeteriisset,
478 1321 562 1349 herba
583 1320 703 1349 transiit.
720 1321 777 1349 Sub
792 1321 849 1350 haec
864 1326 955 1350 autem
972 1322 1066 1349 llorui-

279 1374 352 1399 mus,
368 1371 395 1402 et
411 1367 527 1402 amplius
541 1366 607 1402 quid
620 1374 651 1394 ac
664 1367 753 1402 majus
767 1375 850 1403 quam
865 1367 977 1395 herbam
992 1367 1065 1395 nacti

281 1420 392 1445 sumus,
410 1413 447 1439 ita
473 1417 503 1440 ut
529 1414 579 1442 tios
603 1414 632 1441 in
661 1414 742 1441 nobis
761 1414 945 1449 reperiretur:
970 1417 995 1440 at
1022 1414 1067 1441 hic

281 1460 390 1493 quoilue
405 1458 455 1487 llos
470 1460 608 1494 praeteriit.
626 1459 761 1488 Extremis
786 1468 852 1488 vero
878 1459 1045 1494 temporibus
1057 1479 1064 1492 ,

280 1503 421 1531 occidente
435 1512 548 1539 prorsus
565 1504 644 1533 nobis
657 1505 782 1536 alumine.
809 1511 871 1531 cum
888 1511 939 1531 nos
953 1509 1066 1538 vespera

279 1555 450 1586 occupasset,
459 1551 610 1579 exeidimus
628 1558 743 1587 prorsus
760 1550 890 1578 cxsiccati
902 1553 929 1577 et
941 1548 1063 1583 arefacti;

280 1597 361 1628 idque
374 1597 493 1631 perpessi
508 1605 613 1628 sumus.
632 1597 702 1630 Quia
712 1597 854 1631 defecimus
862 1596 889 1623 in
901 1596 942 1623 ira
956 1601 1002 1623 tua
1013 1616 1020 1628 ,
1040 1599 1065 1622 et

279 1642 306 1669 in
321 1642 408 1676 furore
425 1647 470 1670 tuo
487 1643 587 1669 turbati
610 1650 711 1670 sumus.
730 1642 887 1670 Secundum
904 1642 983 1668 aliam
997 1649 1060 1669 vero

279 1688 441 1715 sententiam
455 1693 544 1722 potest
556 1688 622 1715 dicti
636 1688 719 1722 hujus
736 1688 848 1723 physica
862 1687 933 1715 ratio
961 1687 1063 1719 aﬂ‘erri;

278 1731 351 1766 quod
376 1732 480 1759 scilicet
507 1732 625 1760 humana
644 1736 740 1759 natura
756 1733 783 1759 in
808 1732 951 1766 iuventute
977 1731 1064 1759 instar

280 1777 370 1804 h'erbze
388 1781 488 1804 tenera:
515 1777 648 1812 pullulet:
667 1781 762 1812 postea
779 1785 844 1804 vero
869 1777 897 1804 in
909 1777 998 1804 aetatis
1021 1776 1062 1804 vi-

278 1829 347 1856 gere;
355 1821 466 1855 ﬂoreat;
492 1826 630 1856 postremo
645 1827 736 1850 autem
753 1822 781 1849 in
798 1822 947 1850 senectutis
969 1822 1063 1849 limine

278 1867 395 1900 decidat,
412 1876 461 1895 nec
477 1869 529 1895 alio
559 1869 638 1896 modo
651 1889 658 1902 ,
689 1876 769 1904 quam
786 1869 851 1904 quia
871 1869 987 1903 primum
1008 1876 1062 1904 pra:

278 1917 418 1941 senectute
435 1913 560 1941 indurata
576 1913 679 1946 fuerat,
696 1922 727 1941 ac
743 1919 836 1949 postea
853 1914 961 1949 penitus
974 1915 1063 1941 exsico

277 1964 354 1992 cata;
382 1963 409 1986 et
434 1959 506 1994 quod
528 1966 639 1994 vespera
667 1960 835 1995 signiﬁcetur
854 1964 974 1987 extrema
1001 1960 1063 1987 vitae

278 2006 413 2033 humanae.

312 2101 395 2129 Vsus.
413 2102 488 2130 8-10.
512 2102 628 2130 Posuisti
642 2104 793 2139 iniquitates
815 2110 919 2133 nostra:
947 2106 974 2133 in
999 2115 1061 2134 can-

276 2152 365 2181 spectu
383 2152 427 2174 tuo
442 2156 451 2174 .'
467 2148 591 2175 swculum
607 2153 725 2176 nostrum
745 2151 772 2177 in
787 2151 983 2178 illuminatione
1001 2153 1059 2179 vul-

275 2196 319 2219 tus
331 2193 381 2220 tui.
399 2193 530 2226 Quoniam
543 2202 630 2220 omnes
641 2194 696 2221 dies
716 2196 801 2222 nostri
821 2195 979 2230 defecerunt,
992 2204 1017 2224 et
1033 2197 1060 2223 in

275 2239 318 2266 ira
332 2243 377 2266 tua
391 2239 542 2274 defecimus.
561 2239 753 2276 Symmachus,
766 2241 920 2276 Apposuisti
931 2243 1058 2278 iniquita-

275 2290 313 2313 tes
330 2291 433 2313 nostras
448 2286 475 2319 in
495 2291 632 2321 conspectu
652 2291 706 2319 tuo,
724 2288 894 2323 negligentia;
909 2294 1013 2316 nostra:
1030 2294 1058 2316 ut

1122 317 1198 344 κείαν
1210 317 1317 352 ἡμέραν
1332 325 1362 343 τε
1379 316 1426 343 καὶ
1451 315 1624 352 μεσημϐρίαν
1643 317 1709 343 πᾶσι
1723 317 1779 348 τοῖς
1799 316 1907 343 ἔθνεσιν

1121 357 1332 398 ἐπιλάμψαντος.
1347 363 1455 398 Φυλακὴ
1471 363 1500 389 δὲ
1521 362 1665 397 νυκτερινὴ
1688 361 1783 397 καιρὸς
1798 362 1909 397 ὡνόμα‹

1121 417 1182 434 σται
1196 408 1245 442 τῆς
1263 408 1374 439 νυκτόςο
1386 408 1465 434 τοῦτο
1481 408 1509 434 δὲ
1526 409 1631 443 νοήσεις
1646 407 1698 434 ἀπὸ
1710 406 1757 434 τοῦ
1778 407 1905 441 Εὐαγγε-

1120 453 1187 485 λίου,
1199 454 1228 480 ὲν
1239 451 1261 488 ᾧ
1274 454 1380 489 εῐρηται
1388 462 1394 468 ⁸
1412 453 1536 488 Τετάρτῃ
1548 452 1582 480 δὲ
1598 452 1721 487 φυλακῇ
1730 452 1785 487 τῆς
1795 453 1908 486 νυκτὸς

1120 499 1213 535 ἦλθεν
1231 501 1247 527 ὁ
1266 500 1376 534 Ἰησοῦς
1404 499 1570 534 περιπατῶν
1585 500 1633 526 ἐπὶ
1653 499 1708 534 τῆς
1727 499 1905 534 θαλάσσηςο

1121 547 1167 574 καὶ
1184 547 1278 574 πάλιν·
1295 548 1330 574 El
1347 546 1411 581 ᾔδει
1433 548 1449 573 ὀ
1464 546 1678 580 οἰκοδεσπότης
1695 546 1766 580 ποίᾳ
1780 545 1907 580 φυλακῇ

1119 595 1136 619 ό
1159 593 1292 627 κλέπτης
1314 592 1440 627 ἔρχεται.
1455 592 1585 628 Δηλοῧται
1607 592 1697 619 τοίνυν
1713 591 1747 618 τὰ
1761 591 1836 627 χίλια
1856 591 1904 627 ἔτη

1119 637 1168 672 οὐχ
1181 637 1218 669 ὡς
1229 637 1319 673 ἡμέρα
1329 638 1346 673 ή
1362 637 1542 672 παρελθοῦσα,
1558 637 1605 664 καὶ
1618 637 1713 672 μηκέτ’
1726 635 1791 663 οὖσα
1813 637 1905 672 μόνον.

1119 682 1186 709 ἀλλὰ
1204 682 1251 709 καὶ
1267 683 1305 714 ὡς
1325 682 1412 718 βραχύ
1426 691 1453 708 τι
1472 682 1564 718 μόριον
1584 683 1690 714 νυκτὸς,
1704 682 1742 714 ὡς
1755 683 1824 718 μηδὲ
1840 683 1905 717 ὅλην

1119 728 1204 755 νύκτα
1220 728 1324 763 νοῆσαι,
1347 728 1416 755 ἀλλὰ
1435 728 1517 764 μέρος
1537 736 1563 754 τι
1579 727 1690 763 ταύτης,
1708 729 1737 754 ὲν
1750 724 1773 762 ᾧ
1787 728 1836 764 τὴν
1853 737 1904 763 φυ-

1117 772 1202 808 λακὴν
1215 773 1262 808 τῆς
1278 773 1434 809 σωματικῆς
1449 774 1496 800 τοῦ
1518 774 1598 809 νόμου
1612 774 1739 809 λατρείας
1751 775 1903 809 περιεῖπον.

1118 819 1229 851 Τούτοις
1252 819 1316 854 ἑξῆς
1340 819 1464 856 εἴρηται·
1493 821 1531 847 Τὰ
1558 819 1782 855 ὲξουδενώμαΐα
1804 821 1905 848 αὐτῶν

1117 865 1168 898 ἐτη
1181 864 1312 891 ἔσονται.
1325 865 1404 892 Δοκεῖ
1416 874 1461 901 μοι
1473 866 1520 892 καὶ
1536 866 1552 901 ὴ
1566 865 1665 892 τούτων
1676 866 1779 893 διάνοια
1791 867 1902 903 τοιαύτη

1117 918 1158 942 τις
1174 908 1243 937 εἷναι
1254 919 1261 926 ·
1277 910 1317 937 Τὰ
1328 910 1374 946 ἔτη
1391 911 1480 938 αὐτῶν
1495 911 1697 947 ὲξουδενώματα
1714 911 1831 940 ἔσονται.
1847 913 1903 939 Οὐκ

1119 955 1159 981 ἔτι
1175 956 1229 992 γὰρ
1256 956 1352 992 ἔντιμα
1375 956 1432 992 ἐτη,
1449 957 1509 984 οὐδὲ
1532 958 1660 985 σπουδαία
1686 958 1733 985 καὶ
1755 958 1901 993 ἀναγκαῖα.

1118 1001 1175 1028 ἀλλ’
1190 1001 1385 1038 ἐξουθενημένα
1403 1002 1451 1029 καὶ
1466 1003 1506 1034 εἰς
1521 1003 1551 1029 τὺ
1569 1002 1650 1038 μηδεν
1665 1003 1843 1039 λελογισμένα
1856 1013 1900 1039 γε-

1116 1047 1236 1082 νήσεται.
1251 1048 1312 1079 Πῶς
1327 1048 1355 1074 δὲ
1371 1049 1411 1079 εἰς
1424 1048 1499 1074 οὐδὲν
1511 1049 1687 1084 λελογισμένοι
1698 1050 1842 1085 γενήσεται
1853 1050 1902 1077 αὺ-

1116 1092 1169 1119 τῶν
1192 1093 1226 1119 τέι
1248 1093 1305 1128 ἐτη,
1319 1093 1447 1128 διασαφεῖ
1469 1094 1556 1128 λέγων
1579 1095 1657 1130 ἑξῆςο
1675 1095 1711 1122 Τὸ
1735 1096 1811 1129 πρωῒ
1824 1096 1865 1129 ὡς
1882 1096 1901 1130 ἡ

1116 1139 1192 1173 χλόη
1204 1138 1355 1173 παρέλθοι,
1367 1139 1400 1166 τὸ
1411 1140 1486 1174 πρωῒ
1495 1140 1625 1175 ἀνθήσαι
1636 1140 1685 1168 καὶ
1697 1141 1838 1175 παρέλθοι
1849 1150 1856 1157 ·
1870 1141 1902 1168 τὸ

1116 1182 1245 1218 ἑσπέρας
1262 1184 1419 1217 ἀποπέσοι,
1439 1186 1638 1220 σκληρυνθείη
1665 1187 1714 1214 καὶ
1730 1186 1901 1221 ξηρανθείη,

1117 1229 1160 1256 ὅτι
1169 1230 1346 1264 ἐξελίπομεν
1356 1231 1390 1257 ἐν
1404 1230 1442 1265 τῇ
1453 1231 1526 1266 ὀργῇ
1541 1240 1608 1258 σου.
1624 1230 1710 1259 Πάλαι
1724 1232 1772 1268 μὲν
1781 1231 1840 1264 οὖν,
1852 1241 1901 1268 φη-

1117 1275 1168 1303 σὶν,
1184 1276 1228 1302 ὅτε
1243 1276 1330 1312 ἀρχὰς
1343 1274 1399 1311 εἶχε
1414 1276 1448 1303 τὰ
1461 1273 1521 1304 ἰαθ*
1536 1278 1609 1313 ἡμᾶς
1621 1279 1667 1305 καὶ
1677 1280 1706 1305 ὲν
1715 1279 1807 1314 πρωῖᾳ
1820 1277 1901 1314 ἦμεν,

1116 1320 1266 1355 γεγόναμεν
1279 1321 1316 1352 ὼς
1327 1322 1342 1356 ἡ
1353 1319 1416 1356 χλόη
1427 1326 1434 1336 ί
1450 1322 1516 1348 ἀλλὰ
1531 1316 1718 1360 παρελθούσης
1732 1324 1840 1360 ἐκείνης
1855 1325 1902 1360 τῆς

1116 1367 1223 1401 γενεᾶς,
1236 1366 1372 1402 παρῆλθεν
1389 1367 1405 1403 ή
1422 1367 1496 1403 χλόη.
1510 1369 1587 1396 Μετὰ
1599 1369 1684 1396 ταῦτα
1693 1369 1722 1396 δὲ
1733 1369 1900 1406 ήνθήσαμεν,

1117 1412 1209 1447 μεῖζόν
1221 1421 1251 1439 τε
1266 1413 1314 1439 καὶ
1332 1413 1412 1440 πλέον
1429 1413 1478 1448 τῆς
1493 1413 1573 1449 χλόης
1588 1415 1754 1450 ἐσχήκαμεν,
1773 1416 1844 1442 ὥστε
1855 1415 1901 1442 καὶ

1116 1457 1196 1489 ἄνθος
1216 1459 1246 1484 ἐν
1263 1459 1328 1494 ἡμῖν
1348 1454 1492 1494 εὑρεθῆναι
1503 1468 1510 1474 ’
1528 1459 1575 1486 καὶ
1592 1459 1671 1487 τοῦτο
1688 1460 1717 1487 δὲ
1736 1460 1859 1496 παρῆλθε
1872 1461 1901 1487 τὺ

1116 1502 1204 1534 ἄνθος.
1223 1504 1281 1536 Ἐπ’
1303 1504 1424 1539 ἐσχάτων
1447 1504 1475 1530 δὲ
1502 1504 1555 1531 τῶν
1583 1505 1695 1541 καιρῶν,
1716 1505 1811 1537 δύντος
1837 1507 1901 1541 ἡμῖν

1115 1550 1253 1582 παντελῶς
1269 1550 1315 1577 τοῦ
1331 1551 1428 1585 φωτὸς,
1439 1551 1487 1578 καὶ
1508 1551 1626 1587 ἑσπέρας
1641 1553 1715 1587 ἡμᾶς
1734 1552 1900 1580 καταλαϐού-

1117 1603 1176 1629 σης,
1199 1595 1435 1630 ἁποπεπτώκαμεν
1459 1596 1671 1631 σκληρυνθέντις
1689 1597 1736 1624 καὶ
1757 1597 1900 1633 ξηρανθέν-

1112 1648 1157 1672 τες
1169 1648 1175 1655 ·
1188 1640 1236 1667 καὶ
1249 1640 1334 1668 ταῦτα
1348 1641 1533 1676 πεπόνθαμεν,
1546 1642 1610 1669 Ὀτι
1625 1642 1804 1678 ὲξελίπομεν
1814 1644 1850 1670 ὲν
1864 1643 1899 1678 τῇ

1115 1684 1188 1720 ὀργῇ
1202 1693 1270 1718 σου,
1283 1686 1331 1712 καὶ
1344 1687 1378 1713 ἐν
1394 1685 1433 1718 τῷ
1450 1686 1531 1720 θυμῷ
1544 1693 1602 1713 σου
1618 1687 1834 1722 ἐταράχθημεν.
1849 1688 1898 1715 Δύ-

1115 1738 1191 1756 ναται
1205 1729 1233 1756 δὲ
1245 1730 1290 1757 καὶ
1303 1730 1363 1757 καθ’
1379 1730 1474 1766 ἑτέραν
1487 1730 1604 1758 διάνοιαν
1616 1731 1729 1765 φυσικὸν
1741 1732 1820 1766 Λόγον
1835 1733 1900 1759 ἀπο-

1112 1773 1210 1802 διδόναι
1223 1775 1267 1801 διὰ
1287 1775 1388 1802 τούτων
1403 1777 1419 1811 ὴ
1434 1776 1517 1809 λέξις,
1540 1776 1578 1808 ὼς
1593 1777 1641 1813 τῆι·
1663 1777 1838 1813 ἀνθρωπίνης
1850 1778 1899 1812 φύ-

1114 1829 1181 1852 σεως
1195 1822 1223 1848 ὲν
1241 1821 1289 1857 μὲν
1307 1823 1338 1857 τῇ
1355 1822 1458 1857 νεότητι
1468 1822 1545 1857 δίκην
1562 1823 1670 1858 ἁπαλῆς
1685 1823 1766 1860 χλόης
1780 1824 1900 1859 βλαστὼι

1113 1874 1173 1901 σης,
1193 1866 1261 1901 μετᾶ
1277 1867 1304 1892 δὲ
1318 1866 1404 1893 ταῦτα
1422 1868 1450 1893 ὲν
1471 1868 1504 1903 τῇ
1522 1868 1597 1903 ἀκμῇ
1620 1868 1669 1903 τῆς
1681 1868 1791 1903 ἡλικίας
1802 1869 1897 1896 ἀνθού-

1113 1919 1172 1947 σης·
1182 1910 1229 1938 εἷθ’
1245 1911 1356 1947 ὕστερον
1367 1912 1412 1938 ἐπὶ
1427 1913 1528 1948 γήραος
1537 1913 1605 1949 οὐδῷ
1620 1914 1838 1950 ἀποπιπτούσης,
1850 1915 1898 1941 οὐκ

1111 1956 1218 1992 ἄλλωςῆ
1231 1957 1336 1992 πρῶτον
1352 1957 1418 1993 σκλη
1424 1959 1571 1994 ρυνομένης
1581 1959 1650 1986 κατὰ
1657 1959 1686 1986 τὸ
1697 1959 1897 1995 γῆρας,⁸έπειτα

1111 2004 1248 2035 παντελῶς
1273 2002 1477 2040 ξηραινομένης.
1511 2004 1645 2041 Ἑσπέραν
1665 2006 1693 2033 δὲ
1718 2007 1896 2042 σημαίνεσθαι

1110 2049 1144 2075 τὰ
1158 2049 1298 2076 τελευταῖα
1311 2049 1360 2085 τῆς
1375 2049 1428 2076 τῶν
1441 2049 1590 2085 ἀνθρώπων
1604 2050 1685 2086 ζωῆς.

1146 2106 1233 2133 Ἐθου
1245 2106 1298 2138 τὰς
1313 2106 1438 2141 ἀνομίας
1452 2106 1536 2141 ἡμῶν
1550 2107 1689 2134 ἐναντίον
1702 2115 1760 2134 σου
1769 2117 1775 2123 ·
1793 2109 1811 2135 ό
1825 2107 1896 2135 αίὼν

1109 2151 1193 2187 ἡμῶν
1207 2153 1250 2185 είς
1263 2153 1416 2187 φωτισμὸν
1431 2153 1484 2180 τοῦ
1497 2153 1658 2186 προσώπου
1678 2162 1747 2181 σου.
1764 2155 1825 2181 ’Ὁτι
1840 2154 1895 2181 πᾶ-

1109 2204 1162 2225 σαι
1183 2199 1212 2224 ul
1240 2197 1345 2232 ἡμέραι
1365 2197 1449 2232 ἡμῶν
1468 2197 1618 2231 ἐξέλιπον,
1637 2199 1686 2226 καὶ
1705 2199 1740 2226 ὲν
1758 2199 1796 2234 τῇ
1827 2199 1895 2235 ὁρτῇ

1109 2249 1167 2268 σου
1192 2241 1378 2276 ἐξελίπομεν.
1397 2240 1425 2269 Ὁ
1451 2243 1611 2278 Σύμμαχος·
1632 2243 1826 2278 Προσέθηκας
1844 2245 1895 2277 τὰς

1109 2287 1233 2321 ἀνομίας
1251 2287 1334 2320 ἡμῶν
1346 2287 1485 2322 ἄντικρύς
1499 2297 1568 2321 σου,
1588 2289 1642 2322 τὰς
1656 2289 1797 2324 ἀμελείας
1813 2289 1895 2324 ἡμῶν

276 2337 419 2367 appareant
431 2333 514 2360 vultui
530 2337 585 2360 tuo.
603 2332 699 2360 Omnes
718 2334 786 2360 enim
802 2334 857 2361 dies
880 2336 964 2362 nostri
978 2336 1057 2370 aufu-

1114 2333 1265 2367 μαίνεσθαι
1280 2333 1319 2365 τῷ
1337 2333 1485 2368 προσώπῳ
1502 2342 1571 2361 σου.
1586 2334 1683 2362 Πᾶσαι
1702 2335 1757 2370 γὰρ
1775 2337 1805 2362 al
1824 2336 1894 2371 ἡ,μέ-

274 2385 377 2414 9erunt,
390 2379 417 2406 in
430 2379 471 2406 ira
486 2383 532 2406 tua
545 2379 676 2414 absumpti
688 2388 790 2407 sumus.
810 2379 872 2408 Haec
887 2381 914 2408 in
930 2383 1055 2416 praesenti

274 2426 431 2453 conditione
445 2426 536 2462 populi
547 2434 578 2453 ex
591 2426 798 2454 circumcisione
813 2427 904 2455 dicere
917 2429 1054 2456 convenit.

274 2465 353 2497 Nunc
364 2471 435 2497 enim
451 2477 545 2498 omnes
559 2478 653 2498 earum
678 2471 786 2506 pristini
799 2471 857 2500 dies
875 2479 938 2500 vere
951 2471 1056 2501 defece-

275 2519 349 2546 runt,
360 2523 421 2543 cum
435 2524 547 2551 vespera
575 2517 636 2544 illos
663 2518 816 2552 occupavit.
831 2522 858 2546 et
874 2526 936 2546 cum
951 2518 1056 2547 deiece-

274 2565 339 2587 runt
351 2561 377 2587 in
398 2562 437 2588 ira
452 2561 508 2589 Dei.
532 2562 666 2595 Quoniam
686 2563 749 2590 olim
766 2562 874 2598 quidem
899 2563 1056 2598 iniquitates

273 2614 368 2634 eorum
376 2608 596 2641 praetermittebat
604 2612 630 2635 et
644 2609 912 2644 pratergrediebatur
921 2618 928 2642 ;
941 2609 988 2637 sed
996 2614 1058 2644 post

274 2659 369 2679 eorum
387 2651 415 2678 in
433 2650 601 2680 Salvatorem
614 2653 842 2688 conspirationem
853 2653 1058 2688 implebaturil-

274 2695 403 2727 lud.Nnn
410 2696 482 2722 ultra
494 2696 577 2730 {eram
591 2703 698 2731 peccata
718 2702 804 2726 vestra
821 2698 860 2732 ”;
877 2698 937 2726 ideo
946 2699 993 2733 ait,
1007 2698 1058 2726 Po-

273 2743 350 2770 suisti
358 2743 508 2777 iniquitates
516 2747 619 2770 nostras
627 2744 655 2770 in
663 2749 798 2779 conspectu
808 2749 862 2778 tuo,
874 2750 910 2778 et,
926 2745 1057 2773 Surculum

273 2794 392 2818 nostrum
403 2790 430 2816 in
444 2789 636 2816 illuminatione
647 2792 732 2818 vultu:
745 2792 794 2819 tui.
817 2790 870 2818 Pro
884 2799 939 2827 quo
952 2792 1053 2820 clarius

275 2830 453 2871 Symmachus
469 2835 566 2867 edidit,
585 2834 763 2871 Negligentias
776 2841 880 2865 nostras
895 2842 924 2864 ut
946 2845 1054 2872 appare—

306 2913 330 2943 ξ⁷
349 2912 443 2942 Matth.
461 2920 516 2946 xiv,
532 2912 576 2940 25.

1105 2387 1155 2413 ραι
1163 2378 1247 2414 ἡμῶν
1255 2378 1425 2412 διέδρασαν.
1435 2380 1470 2406 ἐν
1477 2379 1516 2412 τῷ
1527 2381 1607 2414 χόλῳ
1619 2389 1675 2407 σου
1687 2381 1893 2416 ὰνηλώθημεν.

1108 2425 1162 2452 Καὶ
1177 2425 1263 2452 ταῦτα
1286 2425 1372 2459 λέγειν
1397 2425 1510 2461 ἁρμόζει
1529 2427 1563 2462 τῇ
1585 2426 1709 2462 παρούσῃ
1729 2427 1894 2454 καταστάσει

1107 2470 1154 2497 τοῦ
1168 2470 1232 2497 λαοῦ
1246 2470 1291 2497 τοῦ
1306 2472 1338 2498 ὲκ
1349 2471 1509 2507 περιτομῆς.
1529 2471 1586 2498 Νῦν
1602 2472 1655 2507 γὰρ
1669 2472 1706 2504 ὡς
1721 2472 1830 2507 ἀληθῶς
1841 2474 1893 2499 πᾶ-

1110 2525 1154 2543 σαι
1164 2517 1193 2544 αἱ
1208 2517 1336 2552 πρότεραι
1349 2517 1448 2553 ἡμέραι
1462 2517 1550 2544 αὐτῶν
1563 2518 1694 2551 ἐξέλιπον,
1704 2519 1748 2545 ὅτε
1762 2520 1781 2554 ἡ
1790 2520 1893 2554 ἑσπέρα

1108 2563 1206 2595 αὐτοὺς
1227 2564 1367 2595 κατέλαϐε,
1385 2564 1432 2590 καὶ
1448 2564 1493 2591 ὅτε
1512 2564 1633 2597 ἐξέλιπον
1649 2566 1678 2593 ὲν
1701 2567 1734 2601 τῇ
1755 2566 1824 2601 ὀργῇ
1846 2566 1892 2593 τοῦ

1107 2608 1185 2636 Θεοῦ.
1207 2610 1313 2645 Ἐπειδὴ
1338 2610 1421 2637 πάλαι
1449 2611 1499 2645 μὲν
1528 2611 1628 2647 παρῄει
1657 2611 1704 2638 καὶ
1731 2612 1891 2647 ὺπερέϐαινε

1106 2655 1155 2686 τὰς
1168 2655 1283 2690 ἀνομίας
1298 2655 1396 2687 αὐτῶν,
1415 2655 1483 2690 μετὰ
1504 2655 1532 2682 δὲ
1554 2656 1603 2692 τὴν
1617 2656 1687 2683 κατὰ
1701 2656 1748 2682 τοῦ
1766 2657 1891 2692 Σωτῆρος

1107 2700 1252 2736 ἐπιϐουλὴν
1265 2701 1414 2737 ἐπληροῦτο
1429 2702 1468 2733 εἰς
1484 2702 1581 2733 αὐτοὺς
1593 2702 1637 2728 τό·
1656 2703 1716 2729 Οὐκ
1730 2702 1774 2728 ἔτι
1787 2702 1891 2734 ἀνήσω

1108 2745 1160 2779 τὰς
1179 2747 1316 2781 ἁμαρτίας
1343 2745 1438 2781 ὑμῶν·
1464 2746 1503 2773 διό
1526 2755 1621 2781 φησιν’
1641 2748 1727 2774 Ἔθου
1749 2748 1802 2780 τὰς
1822 2747 1889 2774 ἀνο-

1105 2792 1175 2826 μίας
1190 2792 1273 2826 ἡμῶν
1289 2793 1426 2820 ἐναντίον
1447 2800 1515 2825 σου,
1535 2793 1592 2825 καὶ,
1611 2793 1637 2819 '0
1658 2792 1729 2820 αἰὼν
1747 2793 1831 2827 ἡμῶν
1844 2793 1888 2825 εις

1106 2838 1257 2872 φωτισμὸν
1269 2838 1323 2865 τοῦ
1342 2838 1503 2873 προσώπου
1522 2847 1589 2867 σου.
1625 2838 1693 2865 Ἀνο“
1707 2835 1738 2865 οὗ
1755 2839 1885 2874 σαφέστε-

614 2914 637 2930 ⁸⁸
656 2913 751 2942 Matth.
769 2922 849 2949 xxxv,
866 2915 911 2943 45.
949 2915 972 2932 "
988 2914 1041 2942 Jer.
1060 2923 1122 2949 xxv,
1143 2915 1239 2949 12,14.
