  <div class='ocr_page' id='page_1' title='image "/cluster/home/n/w/nwhite01/storage/ocr_20150623/23/njp.32101077772505/576.png"; bbox 0 0 2032 3215; ppageno 0'>
   <div class='ocr_carea' id='block_1_1' title="bbox 141 179 212 208">
    <p class='ocr_par' dir='ltr' id='par_1_1' title="bbox 141 179 212 208">
     <span class='ocr_line' id='line_1_1' title="bbox 141 179 212 208; baseline -0.028 0"><span class='ocrx_word' id='word_1_1' title='bbox 141 179 212 208; x_wconf 78' lang='grc'><strong>1137</strong></span> 
     </span>
    </p>
   </div>
   <div class='ocr_carea' id='block_1_2' title="bbox 722 178 1212 208">
    <p class='ocr_par' dir='ltr' id='par_1_2' title="bbox 722 178 1212 208">
     <span class='ocr_line' id='line_1_2' title="bbox 722 178 1212 208; baseline -0.002 -1"><span class='ocrx_word' id='word_1_2' title='bbox 722 178 974 207; x_wconf 72' lang='grc' dir='ltr'><strong>(ΣΟΜΜΕΝΤΑΒΙΑ</strong></span> <span class='ocrx_word' id='word_1_3' title='bbox 992 178 1026 206; x_wconf 82' lang='grc' dir='ltr'><strong>ΙΝ</strong></span> <span class='ocrx_word' id='word_1_4' title='bbox 1044 178 1212 208; x_wconf 67' lang='grc' dir='ltr'>ΡδΑιικοδ.</span> 
     </span>
    </p>
   </div>
   <div class='ocr_carea' id='block_1_3' title="bbox 1238 136 1296 187">
    <p class='ocr_par' dir='ltr' id='par_1_3' title="bbox 1238 136 1296 187">
     <span class='ocr_line' id='line_1_3' title="bbox 1238 136 1296 187; baseline 0.086 -5"><span class='ocrx_word' id='word_1_5' title='bbox 1238 136 1296 187; x_wconf 72' lang='lat' dir='ltr'><strong>s‘t</strong></span> 
     </span>
    </p>
   </div>
   <div class='ocr_carea' id='block_1_4' title="bbox 1684 179 1753 207">
    <p class='ocr_par' dir='ltr' id='par_1_4' title="bbox 1684 179 1753 207">
     <span class='ocr_line' id='line_1_4' title="bbox 1684 179 1753 207; baseline 0 0"><span class='ocrx_word' id='word_1_6' title='bbox 1684 179 1753 207; x_wconf 71' lang='grc'><strong>1158</strong></span> 
     </span>
    </p>
   </div>
   <div class='ocr_carea' id='block_1_5' title="bbox 138 237 922 276">
    <p class='ocr_par' dir='ltr' id='par_1_5' title="bbox 138 237 922 276">
     <span class='ocr_line' id='line_1_5' title="bbox 138 237 922 276; baseline -0.001 -10"><span class='ocrx_word' id='word_1_7' title='bbox 138 248 185 276; x_wconf 90' lang='grc' dir='ltr'><strong>ρον</strong></span> <span class='ocrx_word' id='word_1_8' title='bbox 208 239 223 266; x_wconf 84' lang='grc' dir='ltr'><strong>ὁ</strong></span> <span class='ocrx_word' id='word_1_9' title='bbox 244 238 390 274; x_wconf 81' lang='grc' dir='ltr'><strong>Σύμμαχος</strong></span> <span class='ocrx_word' id='word_1_10' title='bbox 418 237 556 264; x_wconf 75' lang='grc' dir='ltr'><strong>ἀπέδωκεν</strong></span> <span class='ocrx_word' id='word_1_11' title='bbox 581 238 679 265; x_wconf 81' lang='grc' dir='ltr'>εἰπών’</span> <span class='ocrx_word' id='word_1_12' title='bbox 702 238 756 271; x_wconf 84' lang='grc' dir='ltr'><strong>Τὰς</strong></span> <span class='ocrx_word' id='word_1_13' title='bbox 782 239 922 273; x_wconf 71' lang='grc' dir='ltr'>ἀμελείας</span> 
     </span>
    </p>
   </div>
   <div class='ocr_carea' id='block_1_6' title="bbox 973 237 1757 276">
    <p class='ocr_par' dir='ltr' id='par_1_6' title="bbox 974 238 1757 267">
     <span class='ocr_line' id='line_1_6' title="bbox 974 238 1757 267; baseline 0 -1"><span class='ocrx_word' id='word_1_14' title='bbox 974 244 1030 267; x_wconf 86' lang='lat' dir='ltr'><strong>rent</strong></span> <span class='ocrx_word' id='word_1_15' title='bbox 1045 239 1129 266; x_wconf 74' lang='lat' dir='ltr'><strong>vultui</strong></span> <span class='ocrx_word' id='word_1_16' title='bbox 1144 243 1198 266; x_wconf 87' lang='lat' dir='ltr'><strong>tuo.</strong></span> <span class='ocrx_word' id='word_1_17' title='bbox 1214 238 1284 265; x_wconf 80' lang='lat' dir='ltr'><strong>Anni</strong></span> <span class='ocrx_word' id='word_1_18' title='bbox 1299 238 1383 265; x_wconf 77' lang='lat' dir='ltr'><strong>nostri</strong></span> <span class='ocrx_word' id='word_1_19' title='bbox 1398 238 1466 265; x_wconf 80' lang='lat' dir='ltr'><strong>sicut</strong></span> <span class='ocrx_word' id='word_1_20' title='bbox 1477 247 1577 265; x_wconf 81' lang='lat' dir='ltr'><strong>aranea</strong></span> <span class='ocrx_word' id='word_1_21' title='bbox 1593 238 1757 266; x_wconf 84' lang='lat' dir='ltr'><strong>meditaban-</strong></span> 
     </span>
    </p>
   </div>
   <div class='ocr_carea' id='block_1_7' title="bbox 136 281 922 317">
    <p class='ocr_par' dir='ltr' id='par_1_7' title="bbox 136 281 922 317">
     <span class='ocr_line' id='line_1_7' title="bbox 136 281 922 317; baseline 0.004 -10"><span class='ocrx_word' id='word_1_22' title='bbox 136 283 222 317; x_wconf 73' lang='grc' dir='ltr'><strong>ἡμῶν</strong></span> <span class='ocrx_word' id='word_1_23' title='bbox 235 282 394 317; x_wconf 76' lang='grc' dir='ltr'>φαίνεσθαι</span> <span class='ocrx_word' id='word_1_24' title='bbox 408 281 447 313; x_wconf 85' lang='grc' dir='ltr'>τῷ</span> <span class='ocrx_word' id='word_1_25' title='bbox 467 281 613 315; x_wconf 76' lang='grc' dir='ltr'><strong>προσώπῳ</strong></span> <span class='ocrx_word' id='word_1_26' title='bbox 627 290 684 309; x_wconf 81' lang='grc' dir='ltr'>σου</span> <span class='ocrx_word' id='word_1_27' title='bbox 714 283 752 310; x_wconf 82' lang='grc' dir='ltr'><em>Τὰ</em></span> <span class='ocrx_word' id='word_1_28' title='bbox 768 283 819 317; x_wconf 77' lang='grc' dir='ltr'>ἔτη</span> <span class='ocrx_word' id='word_1_29' title='bbox 839 283 922 317; x_wconf 77' lang='grc' dir='ltr'><strong>ἡμῶν</strong></span> 
     </span>
    </p>
   </div>
   <div class='ocr_carea' id='block_1_8' title="bbox 135 327 923 362">
    <p class='ocr_par' dir='ltr' id='par_1_8' title="bbox 135 327 923 362">
     <span class='ocr_line' id='line_1_8' title="bbox 135 327 923 362; baseline 0.001 -7"><span class='ocrx_word' id='word_1_30' title='bbox 135 328 208 355; x_wconf 77' lang='grc' dir='ltr'>ὡσεί</span> <span class='ocrx_word' id='word_1_31' title='bbox 233 327 349 362; x_wconf 75' lang='grc' dir='ltr'><strong>ἁράχνη</strong></span> <span class='ocrx_word' id='word_1_32' title='bbox 379 327 535 362; x_wconf 79' lang='grc' dir='ltr'>ἐμελέτων.</span> <span class='ocrx_word' id='word_1_33' title='bbox 564 329 600 355; x_wconf 85' lang='grc' dir='ltr'>Αι</span> <span class='ocrx_word' id='word_1_34' title='bbox 627 328 730 362; x_wconf 77' lang='grc' dir='ltr'>ἡμέραι</span> <span class='ocrx_word' id='word_1_35' title='bbox 760 329 818 356; x_wconf 75' lang='grc' dir='ltr'><strong>τῶν</strong></span> <span class='ocrx_word' id='word_1_36' title='bbox 848 330 923 356; x_wconf 74' lang='grc' dir='ltr'><strong>ἐτῶν</strong></span> 
     </span>
    </p>
   </div>
   <div class='ocr_carea' id='block_1_9' title="bbox 135 372 922 408">
    <p class='ocr_par' dir='ltr' id='par_1_9' title="bbox 135 372 922 408">
     <span class='ocr_line' id='line_1_9' title="bbox 135 372 922 408; baseline 0.001 -8"><span class='ocrx_word' id='word_1_37' title='bbox 135 372 221 408; x_wconf 75' lang='grc' dir='ltr'><strong>ἡμῶν·</strong></span> <span class='ocrx_word' id='word_1_38' title='bbox 246 372 282 399; x_wconf 75' lang='grc' dir='ltr'><strong>ἐν</strong></span> <span class='ocrx_word' id='word_1_39' title='bbox 305 373 408 406; x_wconf 85' lang='grc' dir='ltr'>αὐτοῖς</span> <span class='ocrx_word' id='word_1_40' title='bbox 430 376 452 400; x_wconf 91' lang='lat' dir='ltr'><strong>o&#39;</strong></span> <span class='ocrx_word' id='word_1_41' title='bbox 470 374 532 407; x_wconf 72' lang='grc' dir='ltr'>ἐτη.</span> <span class='ocrx_word' id='word_1_42' title='bbox 554 373 621 399; x_wconf 83' lang='grc' dir='ltr'><strong>Ἐὰν</strong></span> <span class='ocrx_word' id='word_1_43' title='bbox 636 373 670 400; x_wconf 79' lang='grc' dir='ltr'><strong>δὲ</strong></span> <span class='ocrx_word' id='word_1_44' title='bbox 685 374 719 400; x_wconf 81' lang='grc' dir='ltr'><strong>ἐν</strong></span> <span class='ocrx_word' id='word_1_45' title='bbox 732 374 922 408; x_wconf 81' lang='grc' dir='ltr'>δυναστείαις</span> 
     </span>
    </p>
   </div>
   <div class='ocr_carea' id='block_1_10' title="bbox 136 418 924 455">
    <p class='ocr_par' dir='ltr' id='par_1_10' title="bbox 136 418 924 455">
     <span class='ocr_line' id='line_1_10' title="bbox 136 418 924 455; baseline 0.004 -10"><span class='ocrx_word' id='word_1_46' title='bbox 136 418 319 454; x_wconf 72' lang='grc' dir='ltr'>ὀγδοήκοντα</span> <span class='ocrx_word' id='word_1_47' title='bbox 332 419 396 452; x_wconf 75' lang='grc' dir='ltr'>ἔτη,</span> <span class='ocrx_word' id='word_1_48' title='bbox 414 419 464 446; x_wconf 72' lang='grc' dir='ltr'><strong>καί</strong></span> <span class='ocrx_word' id='word_1_49' title='bbox 478 420 511 446; x_wconf 86' lang='grc' dir='ltr'>τὸ</span> <span class='ocrx_word' id='word_1_50' title='bbox 528 420 632 446; x_wconf 76' lang='grc' dir='ltr'><strong>πλεῖον</strong></span> <span class='ocrx_word' id='word_1_51' title='bbox 647 419 744 447; x_wconf 80' lang='grc' dir='ltr'>αὐτῶν</span> <span class='ocrx_word' id='word_1_52' title='bbox 760 421 853 455; x_wconf 81' lang='grc' dir='ltr'><em>κόπος</em></span> <span class='ocrx_word' id='word_1_53' title='bbox 873 422 924 448; x_wconf 76' lang='grc' dir='ltr'>καὶ</span> 
     </span>
    </p>
   </div>
   <div class='ocr_carea' id='block_1_11' title="bbox 136 465 923 504">
    <p class='ocr_par' dir='ltr' id='par_1_11' title="bbox 136 465 923 504">
     <span class='ocr_line' id='line_1_11' title="bbox 136 465 923 504; baseline 0.003 -12"><span class='ocrx_word' id='word_1_54' title='bbox 136 465 239 498; x_wconf 73' lang='grc' dir='ltr'>πόνος.</span> <span class='ocrx_word' id='word_1_55' title='bbox 275 465 405 492; x_wconf 80' lang='grc' dir='ltr'><strong>Ἐνταῦθα</strong></span> <span class='ocrx_word' id='word_1_56' title='bbox 442 465 512 492; x_wconf 71' lang='grc' dir='ltr'>κατὰ</span> <span class='ocrx_word' id='word_1_57' title='bbox 543 465 637 502; x_wconf 80' lang='grc' dir='ltr'>καιρὸν</span> <span class='ocrx_word' id='word_1_58' title='bbox 672 467 838 502; x_wconf 83' lang='grc' dir='ltr'>παραθετέον</span> <span class='ocrx_word' id='word_1_59' title='bbox 874 468 923 504; x_wconf 83' lang='grc' dir='ltr'>τὴν</span> 
     </span>
    </p>
   </div>
   <div class='ocr_carea' id='block_1_12' title="bbox 140 509 924 547">
    <p class='ocr_par' dir='ltr' id='par_1_12' title="bbox 140 509 924 547">
     <span class='ocr_line' id='line_1_12' title="bbox 140 509 924 547; baseline 0.005 -10"><span class='ocrx_word' id='word_1_60' title='bbox 140 510 251 537; x_wconf 75' lang='grc' dir='ltr'>Ἡσαΐου</span> <span class='ocrx_word' id='word_1_61' title='bbox 272 511 457 547; x_wconf 80' lang='grc' dir='ltr'><strong>προφητείαν,</strong></span> <span class='ocrx_word' id='word_1_62' title='bbox 480 511 514 537; x_wconf 86' lang='grc' dir='ltr'><strong>δι’</strong></span> <span class='ocrx_word' id='word_1_63' title='bbox 535 509 569 547; x_wconf 84' lang='grc' dir='ltr'>ἦς</span> <span class='ocrx_word' id='word_1_64' title='bbox 595 520 691 547; x_wconf 80' lang='grc' dir='ltr'>φησιν·</span> <span class='ocrx_word' id='word_1_65' title='bbox 714 513 764 539; x_wconf 83' lang='grc' dir='ltr'><strong>Ὦὰ</strong></span> <span class='ocrx_word' id='word_1_66' title='bbox 786 514 924 541; x_wconf 79' lang='grc' dir='ltr'><strong>ἀσπίδων</strong></span> 
     </span>
    </p>
   </div>
   <div class='ocr_carea' id='block_1_13' title="bbox 133 556 923 593">
    <p class='ocr_par' dir='ltr' id='par_1_13' title="bbox 133 556 923 593">
     <span class='ocr_line' id='line_1_13' title="bbox 133 556 923 593; baseline 0.005 -10"><span class='ocrx_word' id='word_1_67' title='bbox 133 556 266 591; x_wconf 76' lang='grc' dir='ltr'>ἕρῤηξαν</span> <span class='ocrx_word' id='word_1_68' title='bbox 280 558 329 584; x_wconf 75' lang='grc' dir='ltr'>καὶ</span> <span class='ocrx_word' id='word_1_69' title='bbox 345 557 431 584; x_wconf 87' lang='grc' dir='ltr'>ίστὸν</span> <span class='ocrx_word' id='word_1_70' title='bbox 445 557 579 592; x_wconf 77' lang='grc' dir='ltr'><strong>ἀράχνης</strong></span> <span class='ocrx_word' id='word_1_71' title='bbox 592 560 764 593; x_wconf 77' lang='grc' dir='ltr'>ὑφαίνουσι.</span> <span class='ocrx_word' id='word_1_72' title='bbox 788 560 880 587; x_wconf 86' lang='grc' dir='ltr'>Ταῦτα</span> <span class='ocrx_word' id='word_1_73' title='bbox 894 561 923 588; x_wconf 82' lang='grc' dir='ltr'><strong>δὲ</strong></span> 
     </span>
    </p>
   </div>
   <div class='ocr_carea' id='block_1_14' title="bbox 134 602 922 641">
    <p class='ocr_par' dir='ltr' id='par_1_14' title="bbox 134 602 922 641">
     <span class='ocr_line' id='line_1_14' title="bbox 134 602 922 641; baseline 0.005 -12"><span class='ocrx_word' id='word_1_74' title='bbox 134 602 276 634; x_wconf 81' lang='grc' dir='ltr'>ὲθέσπιζεν</span> <span class='ocrx_word' id='word_1_75' title='bbox 287 604 302 630; x_wconf 81' lang='grc' dir='ltr'><strong><em>ὁ</em></strong></span> <span class='ocrx_word' id='word_1_76' title='bbox 314 604 471 639; x_wconf 82' lang='grc' dir='ltr'><strong>Προφήτης,</strong></span> <span class='ocrx_word' id='word_1_77' title='bbox 487 604 656 639; x_wconf 81' lang='grc' dir='ltr'><strong>ἀναπέμπων</strong></span> <span class='ocrx_word' id='word_1_78' title='bbox 667 605 712 632; x_wconf 81' lang='grc' dir='ltr'><strong>τὸν</strong></span> <span class='ocrx_word' id='word_1_79' title='bbox 725 605 802 639; x_wconf 84' lang='grc' dir='ltr'>λόγον</span> <span class='ocrx_word' id='word_1_80' title='bbox 812 607 858 632; x_wconf 76' lang='grc' dir='ltr'><strong>ἐπὶ</strong></span> <span class='ocrx_word' id='word_1_81' title='bbox 873 606 922 641; x_wconf 85' lang='grc' dir='ltr'>τὴν</span> 
     </span>
    </p>
   </div>
   <div class='ocr_carea' id='block_1_15' title="bbox 133 649 923 687">
    <p class='ocr_par' dir='ltr' id='par_1_15' title="bbox 133 649 923 687">
     <span class='ocr_line' id='line_1_15' title="bbox 133 649 923 687; baseline 0.005 -12"><span class='ocrx_word' id='word_1_82' title='bbox 133 649 299 676; x_wconf 75' lang='grc' dir='ltr'>κατάστασιν</span> <span class='ocrx_word' id='word_1_83' title='bbox 308 649 354 676; x_wconf 89' lang='grc' dir='ltr'><strong>τοῦ</strong></span> <span class='ocrx_word' id='word_1_84' title='bbox 366 649 430 677; x_wconf 81' lang='grc' dir='ltr'>λαοῦ</span> <span class='ocrx_word' id='word_1_85' title='bbox 440 651 488 687; x_wconf 76' lang='grc' dir='ltr'><strong>τὴν</strong></span> <span class='ocrx_word' id='word_1_86' title='bbox 498 650 566 686; x_wconf 81' lang='grc' dir='ltr'>μετὰ</span> <span class='ocrx_word' id='word_1_87' title='bbox 580 652 629 687; x_wconf 83' lang='grc' dir='ltr'>τὴν</span> <span class='ocrx_word' id='word_1_88' title='bbox 642 652 793 687; x_wconf 80' lang='grc' dir='ltr'><strong>παρουσίαν</strong></span> <span class='ocrx_word' id='word_1_89' title='bbox 808 652 855 679; x_wconf 85' lang='grc' dir='ltr'><strong>τοῦ</strong></span> <span class='ocrx_word' id='word_1_90' title='bbox 871 653 923 678; x_wconf 89' lang='grc' dir='ltr'><strong>Σω-</strong></span> 
     </span>
    </p>
   </div>
   <div class='ocr_carea' id='block_1_16' title="bbox 132 695 923 735">
    <p class='ocr_par' dir='ltr' id='par_1_16' title="bbox 132 695 923 735">
     <span class='ocr_line' id='line_1_16' title="bbox 132 695 923 735; baseline 0.005 -14"><span class='ocrx_word' id='word_1_91' title='bbox 132 695 214 731; x_wconf 83' lang='grc' dir='ltr'>τῆρος</span> <span class='ocrx_word' id='word_1_92' title='bbox 226 695 316 730; x_wconf 84' lang='grc' dir='ltr'>ὴμῶν,</span> <span class='ocrx_word' id='word_1_93' title='bbox 331 695 392 723; x_wconf 76' lang='grc' dir='ltr'>καθ’</span> <span class='ocrx_word' id='word_1_94' title='bbox 407 696 441 731; x_wconf 84' lang='grc' dir='ltr'><strong>ἢν</strong></span> <span class='ocrx_word' id='word_1_95' title='bbox 461 698 484 723; x_wconf 82' lang='grc' dir='ltr'>οἱ</span> <span class='ocrx_word' id='word_1_96' title='bbox 504 697 632 732; x_wconf 81' lang='grc' dir='ltr'>ἄρχοντες</span> <span class='ocrx_word' id='word_1_97' title='bbox 650 698 739 724; x_wconf 86' lang='grc' dir='ltr'>αὐτῶν</span> <span class='ocrx_word' id='word_1_98' title='bbox 755 698 831 734; x_wconf 79' lang='grc' dir='ltr'>δίκην</span> <span class='ocrx_word' id='word_1_99' title='bbox 852 698 923 735; x_wconf 75' lang='grc' dir='ltr'>Βρνι-</span> 
     </span>
    </p>
   </div>
   <div class='ocr_carea' id='block_1_17' title="bbox 132 741 923 779">
    <p class='ocr_par' dir='ltr' id='par_1_17' title="bbox 132 741 923 779">
     <span class='ocr_line' id='line_1_17' title="bbox 132 741 923 779; baseline 0.005 -12"><span class='ocrx_word' id='word_1_100' title='bbox 132 741 177 773; x_wconf 84' lang='grc' dir='ltr'><strong>οος</strong></span> <span class='ocrx_word' id='word_1_101' title='bbox 189 741 333 777; x_wconf 82' lang='grc' dir='ltr'><strong>τικτούσης</strong></span> <span class='ocrx_word' id='word_1_102' title='bbox 344 742 377 769; x_wconf 82' lang='grc' dir='ltr'>τὰ</span> <span class='ocrx_word' id='word_1_103' title='bbox 393 742 495 769; x_wconf 82' lang='grc' dir='ltr'><strong>ἑαυτῶν</strong></span> <span class='ocrx_word' id='word_1_104' title='bbox 508 742 718 779; x_wconf 76' lang='grc' dir='ltr'>ἀπογεννώμενα</span> <span class='ocrx_word' id='word_1_105' title='bbox 729 744 848 771; x_wconf 83' lang='grc' dir='ltr'>τοσαῦτα</span> <span class='ocrx_word' id='word_1_106' title='bbox 861 753 923 779; x_wconf 87' lang='grc' dir='ltr'>προ-</span> 
     </span>
    </p>
   </div>
   <div class='ocr_carea' id='block_1_18' title="bbox 132 786 922 825">
    <p class='ocr_par' dir='ltr' id='par_1_18' title="bbox 132 786 922 825">
     <span class='ocr_line' id='line_1_18' title="bbox 132 786 922 825; baseline 0.004 -12"><span class='ocrx_word' id='word_1_107' title='bbox 132 786 284 820; x_wconf 76' lang='grc' dir='ltr'>ϐάλλονται,</span> <span class='ocrx_word' id='word_1_108' title='bbox 299 787 337 819; x_wconf 85' lang='grc' dir='ltr'>ὡς</span> <span class='ocrx_word' id='word_1_109' title='bbox 352 788 463 820; x_wconf 80' lang='grc' dir='ltr'><strong>ἀσπίδος</strong></span> <span class='ocrx_word' id='word_1_110' title='bbox 478 789 636 823; x_wconf 81' lang='grc' dir='ltr'>ὁμοιοῦσθαι</span> <span class='ocrx_word' id='word_1_111' title='bbox 648 790 796 825; x_wconf 87' lang='grc' dir='ltr'>γεννήμασι</span> <span class='ocrx_word' id='word_1_112' title='bbox 814 789 859 816; x_wconf 83' lang='grc' dir='ltr'>διὰ</span> <span class='ocrx_word' id='word_1_113' title='bbox 876 790 922 816; x_wconf 82' lang='grc' dir='ltr'><strong>τὸν</strong></span> 
     </span>
    </p>
   </div>
   <div class='ocr_carea' id='block_1_19' title="bbox 132 832 921 871">
    <p class='ocr_par' dir='ltr' id='par_1_19' title="bbox 132 832 921 871">
     <span class='ocr_line' id='line_1_19' title="bbox 132 832 921 871; baseline 0.004 -12"><span class='ocrx_word' id='word_1_114' title='bbox 132 832 270 868; x_wconf 79' lang='grc' dir='ltr'><strong>ἐνιέμενον</strong></span> <span class='ocrx_word' id='word_1_115' title='bbox 292 834 337 860; x_wconf 85' lang='grc' dir='ltr'><strong>ὑπ’</strong></span> <span class='ocrx_word' id='word_1_116' title='bbox 351 834 439 861; x_wconf 79' lang='grc' dir='ltr'>αὐτῶν</span> <span class='ocrx_word' id='word_1_117' title='bbox 462 836 510 870; x_wconf 74' lang='grc' dir='ltr'>τῆς</span> <span class='ocrx_word' id='word_1_118' title='bbox 535 835 604 862; x_wconf 72' lang='grc' dir='ltr'>κατὰ</span> <span class='ocrx_word' id='word_1_119' title='bbox 625 835 671 862; x_wconf 83' lang='grc' dir='ltr'><strong>τοῦ</strong></span> <span class='ocrx_word' id='word_1_120' title='bbox 696 836 821 871; x_wconf 79' lang='grc' dir='ltr'><strong>Σωτῆρος</strong></span> <span class='ocrx_word' id='word_1_121' title='bbox 843 836 921 871; x_wconf 85' lang='grc' dir='ltr'>ἡμῶν</span> 
     </span>
    </p>
   </div>
   <div class='ocr_carea' id='block_1_20' title="bbox 133 879 920 917">
    <p class='ocr_par' dir='ltr' id='par_1_20' title="bbox 133 879 920 917">
     <span class='ocr_line' id='line_1_20' title="bbox 133 879 920 917; baseline 0.004 -12"><span class='ocrx_word' id='word_1_122' title='bbox 133 879 306 915; x_wconf 80' lang='grc' dir='ltr'>βλασφημίας</span> <span class='ocrx_word' id='word_1_123' title='bbox 330 880 369 908; x_wconf 76' lang='grc' dir='ltr'><strong>ίὸν</strong></span> <span class='ocrx_word' id='word_1_124' title='bbox 389 882 436 908; x_wconf 74' lang='grc' dir='ltr'>καὶ</span> <span class='ocrx_word' id='word_1_125' title='bbox 453 882 503 916; x_wconf 83' lang='grc' dir='ltr'>τῆς</span> <span class='ocrx_word' id='word_1_126' title='bbox 517 882 600 917; x_wconf 77' lang='grc' dir='ltr'>ἄλλης</span> <span class='ocrx_word' id='word_1_127' title='bbox 619 882 659 913; x_wconf 81' lang='grc' dir='ltr'>εἰς</span> <span class='ocrx_word' id='word_1_128' title='bbox 680 882 760 909; x_wconf 76' lang='grc' dir='ltr'>αὑτὸν</span> <span class='ocrx_word' id='word_1_129' title='bbox 783 882 920 914; x_wconf 84' lang='grc' dir='ltr'>ἀπιστίας.</span> 
     </span>
    </p>
   </div>
   <div class='ocr_carea' id='block_1_21' title="bbox 132 923 961 963">
    <p class='ocr_par' dir='ltr' id='par_1_21' title="bbox 132 923 961 963">
     <span class='ocr_line' id='line_1_21' title="bbox 132 923 961 963; baseline 0.004 -12"><span class='ocrx_word' id='word_1_130' title='bbox 132 925 220 952; x_wconf 80' lang='grc' dir='ltr'><strong>Πάλαι</strong></span> <span class='ocrx_word' id='word_1_131' title='bbox 232 926 281 961; x_wconf 80' lang='grc' dir='ltr'>μὲν</span> <span class='ocrx_word' id='word_1_132' title='bbox 295 924 342 953; x_wconf 78' lang='grc' dir='ltr'><strong>οὖν</strong></span> <span class='ocrx_word' id='word_1_133' title='bbox 356 925 467 961; x_wconf 76' lang='grc' dir='ltr'>ὕφαινον</span> <span class='ocrx_word' id='word_1_134' title='bbox 479 927 595 962; x_wconf 81' lang='grc' dir='ltr'>χιτῶνας</span> <span class='ocrx_word' id='word_1_135' title='bbox 611 927 649 963; x_wconf 84' lang='grc' dir='ltr'>τῷ</span> <span class='ocrx_word' id='word_1_136' title='bbox 664 928 787 963; x_wconf 78' lang='grc' dir='ltr'><strong>ἀρχιερεῖ</strong></span> <span class='ocrx_word' id='word_1_137' title='bbox 800 928 847 954; x_wconf 82' lang='grc' dir='ltr'><strong>καὶ</strong></span> <span class='ocrx_word' id='word_1_138' title='bbox 865 937 924 954; x_wconf 86' lang='grc' dir='ltr'>στο-</span> <span class='ocrx_word' id='word_1_139' title='bbox 940 923 961 950; x_wconf 80' lang='grc' dir='ltr'><strong><em>Β</em></strong></span> 
     </span>
    </p>
   </div>
   <div class='ocr_carea' id='block_1_22' title="bbox 131 970 924 1009">
    <p class='ocr_par' dir='ltr' id='par_1_22' title="bbox 131 970 924 1009">
     <span class='ocr_line' id='line_1_22' title="bbox 131 970 924 1009; baseline 0.004 -13"><span class='ocrx_word' id='word_1_140' title='bbox 131 970 180 1003; x_wconf 84' lang='grc' dir='ltr'><strong>λὰς</strong></span> <span class='ocrx_word' id='word_1_141' title='bbox 198 971 295 1006; x_wconf 79' lang='grc' dir='ltr'>ἁγίας·</span> <span class='ocrx_word' id='word_1_142' title='bbox 312 971 360 999; x_wconf 86' lang='grc' dir='ltr'>νῦν</span> <span class='ocrx_word' id='word_1_143' title='bbox 374 972 403 999; x_wconf 84' lang='grc' dir='ltr'><strong>δὲ</strong></span> <span class='ocrx_word' id='word_1_144' title='bbox 423 974 510 1000; x_wconf 84' lang='grc' dir='ltr'>πᾶσαν</span> <span class='ocrx_word' id='word_1_145' title='bbox 531 972 580 1008; x_wconf 77' lang='grc' dir='ltr'>τὴν</span> <span class='ocrx_word' id='word_1_146' title='bbox 605 973 675 1008; x_wconf 80' lang='grc' dir='ltr'>ὑφὴν</span> <span class='ocrx_word' id='word_1_147' title='bbox 693 973 782 999; x_wconf 83' lang='grc' dir='ltr'>αὐτῶν</span> <span class='ocrx_word' id='word_1_148' title='bbox 805 974 851 999; x_wconf 68' lang='grc' dir='ltr'><strong>καὶ</strong></span> <span class='ocrx_word' id='word_1_149' title='bbox 875 973 924 1009; x_wconf 84' lang='grc' dir='ltr'>τὴν</span> 
     </span>
    </p>
   </div>
   <div class='ocr_carea' id='block_1_23' title="bbox 131 1016 924 1055">
    <p class='ocr_par' dir='ltr' id='par_1_23' title="bbox 131 1016 924 1055">
     <span class='ocr_line' id='line_1_23' title="bbox 131 1016 924 1055; baseline 0.003 -11"><span class='ocrx_word' id='word_1_150' title='bbox 131 1016 175 1044; x_wconf 79' lang='grc' dir='ltr'><strong>διὰ</strong></span> <span class='ocrx_word' id='word_1_151' title='bbox 186 1017 234 1044; x_wconf 83' lang='grc' dir='ltr'><strong>τοῦ</strong></span> <span class='ocrx_word' id='word_1_152' title='bbox 247 1018 325 1052; x_wconf 78' lang='grc' dir='ltr'>λόγου</span> <span class='ocrx_word' id='word_1_153' title='bbox 342 1018 615 1055; x_wconf 80' lang='grc' dir='ltr'><strong>κατασκευαζομένην</strong></span> <span class='ocrx_word' id='word_1_154' title='bbox 629 1019 812 1050; x_wconf 78' lang='grc' dir='ltr'>διδασκαλίαν,</span> <span class='ocrx_word' id='word_1_155' title='bbox 829 1020 861 1055; x_wconf 83' lang='grc' dir='ltr'><strong>ἢν</strong></span> <span class='ocrx_word' id='word_1_156' title='bbox 881 1019 924 1046; x_wconf 83' lang='grc' dir='ltr'><strong>διὰ</strong></span> 
     </span>
    </p>
   </div>
   <div class='ocr_carea' id='block_1_24' title="bbox 131 1063 923 1100">
    <p class='ocr_par' dir='ltr' id='par_1_24' title="bbox 131 1063 923 1100">
     <span class='ocr_line' id='line_1_24' title="bbox 131 1063 923 1100; baseline 0.003 -11"><span class='ocrx_word' id='word_1_157' title='bbox 131 1063 180 1098; x_wconf 75' lang='grc' dir='ltr'><strong>τῆς</strong></span> <span class='ocrx_word' id='word_1_158' title='bbox 198 1063 252 1089; x_wconf 83' lang='grc' dir='ltr'>τῶν</span> <span class='ocrx_word' id='word_1_159' title='bbox 270 1063 349 1090; x_wconf 76' lang='grc' dir='ltr'>θείων</span> <span class='ocrx_word' id='word_1_160' title='bbox 366 1064 481 1099; x_wconf 84' lang='grc' dir='ltr'>Γραφῶν</span> <span class='ocrx_word' id='word_1_161' title='bbox 497 1065 654 1100; x_wconf 82' lang='grc' dir='ltr'>συμπλοκῆς</span> <span class='ocrx_word' id='word_1_162' title='bbox 672 1074 701 1091; x_wconf 90' lang='grc' dir='ltr'><strong>τε</strong></span> <span class='ocrx_word' id='word_1_163' title='bbox 719 1065 765 1092; x_wconf 79' lang='grc' dir='ltr'>καὶ</span> <span class='ocrx_word' id='word_1_164' title='bbox 782 1065 923 1099; x_wconf 71' lang='grc' dir='ltr'>ὑφάνσεως</span> 
     </span>
    </p>
   </div>
   <div class='ocr_carea' id='block_1_25' title="bbox 131 1107 923 1147">
    <p class='ocr_par' dir='ltr' id='par_1_25' title="bbox 131 1107 923 1147">
     <span class='ocr_line' id='line_1_25' title="bbox 131 1107 923 1147; baseline 0.005 -13"><span class='ocrx_word' id='word_1_165' title='bbox 131 1107 339 1144; x_wconf 75' lang='grc' dir='ltr'>προϐάλλονται,</span> <span class='ocrx_word' id='word_1_166' title='bbox 354 1110 475 1146; x_wconf 81' lang='grc' dir='ltr'>ἀράχνης</span> <span class='ocrx_word' id='word_1_167' title='bbox 492 1111 631 1146; x_wconf 80' lang='grc' dir='ltr'>ὑφάσματι</span> <span class='ocrx_word' id='word_1_168' title='bbox 647 1111 812 1147; x_wconf 79' lang='grc' dir='ltr'>παρείκασεν</span> <span class='ocrx_word' id='word_1_169' title='bbox 826 1112 840 1138; x_wconf 84' lang='grc' dir='ltr'>ὁ</span> <span class='ocrx_word' id='word_1_170' title='bbox 855 1120 923 1147; x_wconf 63' lang='grc' dir='ltr'>προη</span> 
     </span>
    </p>
   </div>
   <div class='ocr_carea' id='block_1_26' title="bbox 131 1154 922 1192">
    <p class='ocr_par' dir='ltr' id='par_1_26' title="bbox 131 1154 922 1192">
     <span class='ocr_line' id='line_1_26' title="bbox 131 1154 922 1192; baseline 0.005 -12"><span class='ocrx_word' id='word_1_171' title='bbox 131 1154 244 1190; x_wconf 72' lang='grc' dir='ltr'>φητικδς</span> <span class='ocrx_word' id='word_1_172' title='bbox 269 1155 356 1189; x_wconf 80' lang='grc' dir='ltr'>λόγος.</span> <span class='ocrx_word' id='word_1_173' title='bbox 381 1157 426 1183; x_wconf 86' lang='grc' dir='ltr'><strong>Διό</strong></span> <span class='ocrx_word' id='word_1_174' title='bbox 447 1165 541 1192; x_wconf 79' lang='grc' dir='ltr'>φησιν·</span> <span class='ocrx_word' id='word_1_175' title='bbox 563 1157 658 1184; x_wconf 78' lang='grc' dir='ltr'>Ἰστὸν</span> <span class='ocrx_word' id='word_1_176' title='bbox 681 1157 816 1192; x_wconf 75' lang='grc' dir='ltr'>ἀράχνης</span> <span class='ocrx_word' id='word_1_177' title='bbox 835 1158 922 1192; x_wconf 69' lang='grc' dir='ltr'>ὑφαί-</span> 
     </span>
    </p>
   </div>
   <div class='ocr_carea' id='block_1_27' title="bbox 130 1201 922 1240">
    <p class='ocr_par' dir='ltr' id='par_1_27' title="bbox 130 1201 922 1240">
     <span class='ocr_line' id='line_1_27' title="bbox 130 1201 922 1240; baseline 0.004 -13"><span class='ocrx_word' id='word_1_178' title='bbox 130 1206 228 1228; x_wconf 69' lang='grc' dir='ltr'>ιιυυσι.</span> <span class='ocrx_word' id='word_1_179' title='bbox 252 1201 308 1228; x_wconf 84' lang='grc' dir='ltr'><strong>Καὶ</strong></span> <span class='ocrx_word' id='word_1_180' title='bbox 328 1203 342 1228; x_wconf 81' lang='grc' dir='ltr'><em>ὸ</em></span> <span class='ocrx_word' id='word_1_181' title='bbox 364 1202 458 1239; x_wconf 83' lang='grc' dir='ltr'>παρὼν</span> <span class='ocrx_word' id='word_1_182' title='bbox 479 1203 508 1230; x_wconf 87' lang='grc' dir='ltr'><strong>δὲ</strong></span> <span class='ocrx_word' id='word_1_183' title='bbox 524 1203 640 1238; x_wconf 80' lang='grc' dir='ltr'>ψαλμὸς,</span> <span class='ocrx_word' id='word_1_184' title='bbox 655 1203 704 1239; x_wconf 80' lang='grc' dir='ltr'>τὴν</span> <span class='ocrx_word' id='word_1_185' title='bbox 725 1204 757 1230; x_wconf 78' lang='grc' dir='ltr'>ἐκ</span> <span class='ocrx_word' id='word_1_186' title='bbox 777 1203 922 1240; x_wconf 82' lang='grc' dir='ltr'>προσώπου</span> 
     </span>
    </p>
   </div>
   <div class='ocr_carea' id='block_1_28' title="bbox 129 1246 924 1285">
    <p class='ocr_par' dir='ltr' id='par_1_28' title="bbox 129 1246 924 1285">
     <span class='ocr_line' id='line_1_28' title="bbox 129 1246 924 1285; baseline 0.004 -12"><span class='ocrx_word' id='word_1_187' title='bbox 129 1246 219 1273; x_wconf 83' lang='grc' dir='ltr'>αὐτῶν</span> <span class='ocrx_word' id='word_1_188' title='bbox 232 1248 367 1283; x_wconf 84' lang='grc' dir='ltr'>περιέχων</span> <span class='ocrx_word' id='word_1_189' title='bbox 381 1249 582 1285; x_wconf 77' lang='grc' dir='ltr'>ἐξομολόγησιν,</span> <span class='ocrx_word' id='word_1_190' title='bbox 596 1250 661 1285; x_wconf 73' lang='grc' dir='ltr'><strong>φησί</strong></span> <span class='ocrx_word' id='word_1_191' title='bbox 672 1258 679 1264; x_wconf 94' lang='grc'><strong>·</strong></span> <span class='ocrx_word' id='word_1_192' title='bbox 706 1250 745 1277; x_wconf 89' lang='grc' dir='ltr'><strong><em>Τὰ</em></strong></span> <span class='ocrx_word' id='word_1_193' title='bbox 765 1250 816 1284; x_wconf 80' lang='grc' dir='ltr'>ἐτη</span> <span class='ocrx_word' id='word_1_194' title='bbox 838 1249 924 1284; x_wconf 75' lang='grc' dir='ltr'><strong>ἡμῶν</strong></span> 
     </span>
    </p>
   </div>
   <div class='ocr_carea' id='block_1_29' title="bbox 129 1292 924 1332">
    <p class='ocr_par' dir='ltr' id='par_1_29' title="bbox 129 1292 924 1332">
     <span class='ocr_line' id='line_1_29' title="bbox 129 1292 924 1332; baseline 0.003 -12"><span class='ocrx_word' id='word_1_195' title='bbox 129 1292 297 1328; x_wconf 74' lang='grc' dir='ltr'><strong>ὡςάράχνη</strong></span> <span class='ocrx_word' id='word_1_196' title='bbox 321 1294 478 1330; x_wconf 68' lang='grc' dir='ltr'><strong>ἐμελέτων.</strong></span> <span class='ocrx_word' id='word_1_197' title='bbox 495 1296 641 1331; x_wconf 79' lang='grc' dir='ltr'>Ἀντικρυς</span> <span class='ocrx_word' id='word_1_198' title='bbox 663 1296 717 1332; x_wconf 72' lang='grc' dir='ltr'>γὰρ</span> <span class='ocrx_word' id='word_1_199' title='bbox 740 1296 790 1328; x_wconf 87' lang='grc' dir='ltr'><strong>τὰς</strong></span> <span class='ocrx_word' id='word_1_200' title='bbox 808 1295 924 1331; x_wconf 79' lang='grc' dir='ltr'>μελέτας</span> 
     </span>
    </p>
   </div>
   <div class='ocr_carea' id='block_1_30' title="bbox 130 1339 922 1377">
    <p class='ocr_par' dir='ltr' id='par_1_30' title="bbox 130 1339 922 1377">
     <span class='ocr_line' id='line_1_30' title="bbox 130 1339 922 1377; baseline 0.004 -11"><span class='ocrx_word' id='word_1_201' title='bbox 130 1339 185 1366; x_wconf 88' lang='grc' dir='ltr'><strong>τῶν</strong></span> <span class='ocrx_word' id='word_1_202' title='bbox 198 1339 316 1375; x_wconf 85' lang='grc' dir='ltr'>Γραφῶν</span> <span class='ocrx_word' id='word_1_203' title='bbox 333 1342 361 1368; x_wconf 79' lang='grc' dir='ltr'><strong>ἐν</strong></span> <span class='ocrx_word' id='word_1_204' title='bbox 378 1339 422 1373; x_wconf 78' lang='grc' dir='ltr'>αἷς</span> <span class='ocrx_word' id='word_1_205' title='bbox 438 1342 655 1377; x_wconf 79' lang='grc' dir='ltr'>κατατρίϐονται,</span> <span class='ocrx_word' id='word_1_206' title='bbox 669 1343 775 1374; x_wconf 74' lang='grc' dir='ltr'>καὶτὰς</span> <span class='ocrx_word' id='word_1_207' title='bbox 789 1342 922 1376; x_wconf 85' lang='grc' dir='ltr'>δευτερώ-</span> 
     </span>
    </p>
   </div>
   <div class='ocr_carea' id='block_1_31' title="bbox 130 1383 922 1423">
    <p class='ocr_par' dir='ltr' id='par_1_31' title="bbox 130 1383 922 1423">
     <span class='ocr_line' id='line_1_31' title="bbox 130 1383 922 1423; baseline 0.004 -11"><span class='ocrx_word' id='word_1_208' title='bbox 130 1394 204 1419; x_wconf 84' lang='grc' dir='ltr'>σεις,</span> <span class='ocrx_word' id='word_1_209' title='bbox 230 1386 263 1413; x_wconf 88' lang='grc' dir='ltr'><strong>δι’</strong></span> <span class='ocrx_word' id='word_1_210' title='bbox 287 1383 324 1414; x_wconf 81' lang='grc' dir='ltr'><strong>ὧν</strong></span> <span class='ocrx_word' id='word_1_211' title='bbox 348 1387 495 1423; x_wconf 80' lang='grc' dir='ltr'>ὑφάσματά</span> <span class='ocrx_word' id='word_1_212' title='bbox 519 1397 579 1416; x_wconf 80' lang='grc' dir='ltr'>τινα</span> <span class='ocrx_word' id='word_1_213' title='bbox 601 1388 774 1420; x_wconf 76' lang='grc' dir='ltr'>διδασκαλίας</span> <span class='ocrx_word' id='word_1_214' title='bbox 798 1388 922 1415; x_wconf 88' lang='grc' dir='ltr'>δοκοῦσιν</span> 
     </span>
    </p>
   </div>
   <div class='ocr_carea' id='block_1_32' title="bbox 129 1431 922 1470">
    <p class='ocr_par' dir='ltr' id='par_1_32' title="bbox 129 1431 922 1470">
     <span class='ocr_line' id='line_1_32' title="bbox 129 1431 922 1470; baseline 0.003 -12"><span class='ocrx_word' id='word_1_215' title='bbox 129 1431 344 1467; x_wconf 79' lang='grc' dir='ltr'>ἀπεργάζεσθαι,</span> <span class='ocrx_word' id='word_1_216' title='bbox 360 1434 481 1469; x_wconf 77' lang='grc' dir='ltr'>ἀράχνης</span> <span class='ocrx_word' id='word_1_217' title='bbox 496 1434 644 1463; x_wconf 82' lang='grc' dir='ltr'>ἀπείκασεν</span> <span class='ocrx_word' id='word_1_218' title='bbox 661 1434 761 1470; x_wconf 78' lang='grc' dir='ltr'>ἔργοις.</span> <span class='ocrx_word' id='word_1_219' title='bbox 781 1433 859 1460; x_wconf 78' lang='grc' dir='ltr'>Ἀλλὰ</span> <span class='ocrx_word' id='word_1_220' title='bbox 875 1434 922 1461; x_wconf 74' lang='grc' dir='ltr'>καὶ</span> 
     </span>
    </p>
   </div>
   <div class='ocr_carea' id='block_1_33' title="bbox 129 1477 922 1516">
    <p class='ocr_par' dir='ltr' id='par_1_33' title="bbox 129 1477 922 1516">
     <span class='ocr_line' id='line_1_33' title="bbox 129 1477 922 1516; baseline 0.003 -13"><span class='ocrx_word' id='word_1_221' title='bbox 129 1477 178 1514; x_wconf 77' lang='grc' dir='ltr'><strong>τὴν</strong></span> <span class='ocrx_word' id='word_1_222' title='bbox 195 1477 267 1515; x_wconf 77' lang='grc' dir='ltr'><strong>ζωὴν</strong></span> <span class='ocrx_word' id='word_1_223' title='bbox 283 1479 372 1506; x_wconf 81' lang='grc' dir='ltr'>αὐτῶν</span> <span class='ocrx_word' id='word_1_224' title='bbox 398 1479 481 1515; x_wconf 84' lang='grc' dir='ltr'>μόνην</span> <span class='ocrx_word' id='word_1_225' title='bbox 503 1481 584 1514; x_wconf 72' lang='grc' dir='ltr'>φασὶν</span> <span class='ocrx_word' id='word_1_226' title='bbox 606 1477 736 1516; x_wconf 79' lang='grc' dir='ltr'>εἶναιτὴν</span> <span class='ocrx_word' id='word_1_227' title='bbox 756 1479 922 1515; x_wconf 80' lang='grc' dir='ltr'>πρόσκαιρον</span> 
     </span>
    </p>
   </div>
   <div class='ocr_carea' id='block_1_34' title="bbox 974 285 1757 320">
    <p class='ocr_par' dir='ltr' id='par_1_34' title="bbox 974 285 1757 320">
     <span class='ocr_line' id='line_1_34' title="bbox 974 285 1757 320; baseline 0.001 -8"><span class='ocrx_word' id='word_1_228' title='bbox 974 290 1026 312; x_wconf 85' lang='lat' dir='ltr'><strong>tur.</strong></span> <span class='ocrx_word' id='word_1_229' title='bbox 1043 285 1104 312; x_wconf 78' lang='lat' dir='ltr'><strong>Dies</strong></span> <span class='ocrx_word' id='word_1_230' title='bbox 1129 292 1258 312; x_wconf 87' lang='lat' dir='ltr'><strong>annorum</strong></span> <span class='ocrx_word' id='word_1_231' title='bbox 1275 289 1424 311; x_wconf 79' lang='lat' dir='ltr'><strong>nostrorum</strong></span> <span class='ocrx_word' id='word_1_232' title='bbox 1453 285 1481 311; x_wconf 86' lang='lat' dir='ltr'><strong>in</strong></span> <span class='ocrx_word' id='word_1_233' title='bbox 1504 285 1566 318; x_wconf 71' lang='lat' dir='ltr'><strong>ipsis</strong></span> <span class='ocrx_word' id='word_1_234' title='bbox 1594 286 1757 320; x_wconf 70' lang='lat' dir='ltr'><strong>septuaginta</strong></span> 
     </span>
    </p>
   </div>
   <div class='ocr_carea' id='block_1_35' title="bbox 974 329 1757 365">
    <p class='ocr_par' dir='ltr' id='par_1_35' title="bbox 974 329 1757 365">
     <span class='ocr_line' id='line_1_35' title="bbox 974 329 1757 365; baseline -0.001 -7"><span class='ocrx_word' id='word_1_235' title='bbox 974 332 1046 359; x_wconf 91' lang='lat' dir='ltr'><strong>anni.</strong></span> <span class='ocrx_word' id='word_1_236' title='bbox 1062 330 1091 358; x_wconf 78' lang='lat' dir='ltr'><strong>Si</strong></span> <span class='ocrx_word' id='word_1_237' title='bbox 1107 335 1192 358; x_wconf 78' lang='lat' dir='ltr'><strong>autem</strong></span> <span class='ocrx_word' id='word_1_238' title='bbox 1220 331 1249 357; x_wconf 84' lang='lat' dir='ltr'><strong>in</strong></span> <span class='ocrx_word' id='word_1_239' title='bbox 1276 329 1452 363; x_wconf 77' lang='lat' dir='ltr'><strong>potentatibus</strong></span> <span class='ocrx_word' id='word_1_240' title='bbox 1472 330 1606 365; x_wconf 79' lang='lat' dir='ltr'><strong>octoginta</strong></span> <span class='ocrx_word' id='word_1_241' title='bbox 1626 330 1691 357; x_wconf 76' lang='lat' dir='ltr'><strong>anni</strong></span> <span class='ocrx_word' id='word_1_242' title='bbox 1704 343 1715 363; x_wconf 76' lang='lat'><strong>-,</strong></span> <span class='ocrx_word' id='word_1_243' title='bbox 1731 335 1757 359; x_wconf 78' lang='lat' dir='ltr'><strong>et</strong></span> 
     </span>
    </p>
   </div>
   <div class='ocr_carea' id='block_1_36' title="bbox 974 375 1757 411">
    <p class='ocr_par' dir='ltr' id='par_1_36' title="bbox 974 375 1757 411">
     <span class='ocr_line' id='line_1_36' title="bbox 974 375 1757 411; baseline -0.001 -7"><span class='ocrx_word' id='word_1_244' title='bbox 974 377 1085 411; x_wconf 78' lang='lat' dir='ltr'><strong>amplius</strong></span> <span class='ocrx_word' id='word_1_245' title='bbox 1099 385 1188 404; x_wconf 87' lang='lat' dir='ltr'><strong>eorum</strong></span> <span class='ocrx_word' id='word_1_246' title='bbox 1197 376 1271 403; x_wconf 86' lang='lat' dir='ltr'><strong>labor</strong></span> <span class='ocrx_word' id='word_1_247' title='bbox 1284 381 1310 403; x_wconf 84' lang='lat' dir='ltr'><strong>et</strong></span> <span class='ocrx_word' id='word_1_248' title='bbox 1323 375 1408 402; x_wconf 84' lang='lat' dir='ltr'><strong>dolor.</strong></span> <span class='ocrx_word' id='word_1_249' title='bbox 1422 375 1471 402; x_wconf 84' lang='lat' dir='ltr'><strong>llic</strong></span> <span class='ocrx_word' id='word_1_250' title='bbox 1481 379 1632 410; x_wconf 72' lang='lat' dir='ltr'><strong>opportune</strong></span> <span class='ocrx_word' id='word_1_251' title='bbox 1645 375 1757 410; x_wconf 85' lang='lat' dir='ltr'><strong>adjicia—</strong></span> 
     </span>
    </p>
   </div>
   <div class='ocr_carea' id='block_1_37' title="bbox 973 420 1755 457">
    <p class='ocr_par' dir='ltr' id='par_1_37' title="bbox 973 420 1755 457">
     <span class='ocr_line' id='line_1_37' title="bbox 973 420 1755 457; baseline -0.003 -7"><span class='ocrx_word' id='word_1_252' title='bbox 973 427 1019 450; x_wconf 95' lang='lat' dir='ltr'><strong>tur</strong></span> <span class='ocrx_word' id='word_1_253' title='bbox 1030 423 1106 450; x_wconf 67' lang='lat' dir='ltr'><strong>Isaiae</strong></span> <span class='ocrx_word' id='word_1_254' title='bbox 1113 422 1264 457; x_wconf 85' lang='lat' dir='ltr'><strong>prophetia,</strong></span> <span class='ocrx_word' id='word_1_255' title='bbox 1274 430 1328 456; x_wconf 88' lang='lat' dir='ltr'><strong>qua</strong></span> <span class='ocrx_word' id='word_1_256' title='bbox 1340 422 1388 452; x_wconf 77' lang='lat' dir='ltr'><strong>ait,</strong></span> <span class='ocrx_word' id='word_1_257' title='bbox 1399 420 1454 448; x_wconf 82' lang='lat' dir='ltr'><strong>Ova</strong></span> <span class='ocrx_word' id='word_1_258' title='bbox 1470 421 1590 454; x_wconf 79' lang='lat' dir='ltr'><strong>aspidum</strong></span> <span class='ocrx_word' id='word_1_259' title='bbox 1604 426 1755 454; x_wconf 77' lang='lat' dir='ltr'><strong>eruperunt,</strong></span> 
     </span>
    </p>
   </div>
   <div class='ocr_carea' id='block_1_38' title="bbox 973 466 1757 500">
    <p class='ocr_par' dir='ltr' id='par_1_38' title="bbox 973 466 1757 500">
     <span class='ocr_line' id='line_1_38' title="bbox 973 466 1757 500; baseline 0 -6"><span class='ocrx_word' id='word_1_260' title='bbox 973 472 998 495; x_wconf 88' lang='lat' dir='ltr'><strong>et</strong></span> <span class='ocrx_word' id='word_1_261' title='bbox 1010 467 1087 494; x_wconf 83' lang='lat' dir='ltr'><strong>telam</strong></span> <span class='ocrx_word' id='word_1_262' title='bbox 1098 475 1202 494; x_wconf 62' lang='lat' dir='ltr'><strong>araneae</strong></span> <span class='ocrx_word' id='word_1_263' title='bbox 1214 471 1302 493; x_wconf 69' lang='lat' dir='ltr'><strong>texunt</strong></span> <span class='ocrx_word' id='word_1_264' title='bbox 1313 467 1348 492; x_wconf 80' lang='lat'><strong>°°.</strong></span> <span class='ocrx_word' id='word_1_265' title='bbox 1362 466 1424 493; x_wconf 66' lang='lat' dir='ltr'><strong>Haec</strong></span> <span class='ocrx_word' id='word_1_266' title='bbox 1442 473 1523 500; x_wconf 83' lang='lat' dir='ltr'><strong>porro</strong></span> <span class='ocrx_word' id='word_1_267' title='bbox 1538 466 1702 494; x_wconf 73' lang='lat' dir='ltr'><strong>vaticinatus</strong></span> <span class='ocrx_word' id='word_1_268' title='bbox 1714 471 1757 494; x_wconf 88' lang='lat' dir='ltr'><strong>est</strong></span> 
     </span>
    </p>
   </div>
   <div class='ocr_carea' id='block_1_39' title="bbox 974 511 1756 549">
    <p class='ocr_par' dir='ltr' id='par_1_39' title="bbox 974 511 1756 549">
     <span class='ocr_line' id='line_1_39' title="bbox 974 511 1756 549; baseline -0.001 -8"><span class='ocrx_word' id='word_1_269' title='bbox 974 514 1118 549; x_wconf 78' lang='lat' dir='ltr'><strong>Propheta,</strong></span> <span class='ocrx_word' id='word_1_270' title='bbox 1130 520 1281 541; x_wconf 85' lang='lat' dir='ltr'><strong>sermonem</strong></span> <span class='ocrx_word' id='word_1_271' title='bbox 1299 512 1331 538; x_wconf 87' lang='lat' dir='ltr'><strong>ad</strong></span> <span class='ocrx_word' id='word_1_272' title='bbox 1349 511 1440 547; x_wconf 82' lang='lat' dir='ltr'><strong>populi</strong></span> <span class='ocrx_word' id='word_1_273' title='bbox 1459 515 1520 547; x_wconf 87' lang='lat' dir='ltr'><strong>post</strong></span> <span class='ocrx_word' id='word_1_274' title='bbox 1537 512 1681 539; x_wconf 78' lang='lat' dir='ltr'><strong>adventum</strong></span> <span class='ocrx_word' id='word_1_275' title='bbox 1697 512 1756 540; x_wconf 84' lang='lat' dir='ltr'><strong>Sal-</strong></span> 
     </span>
    </p>
   </div>
   <div class='ocr_carea' id='block_1_40' title="bbox 974 557 1756 593">
    <p class='ocr_par' dir='ltr' id='par_1_40' title="bbox 974 557 1756 593">
     <span class='ocr_line' id='line_1_40' title="bbox 974 557 1756 593; baseline -0.001 -6"><span class='ocrx_word' id='word_1_276' title='bbox 974 561 1076 588; x_wconf 81' lang='lat' dir='ltr'><strong>vatoris</strong></span> <span class='ocrx_word' id='word_1_277' title='bbox 1089 559 1175 587; x_wconf 82' lang='lat' dir='ltr'><strong>nostri</strong></span> <span class='ocrx_word' id='word_1_278' title='bbox 1190 562 1289 587; x_wconf 86' lang='lat' dir='ltr'><strong>statum</strong></span> <span class='ocrx_word' id='word_1_279' title='bbox 1306 557 1502 593; x_wconf 79' lang='lat' dir='ltr'><strong>reierens,quo</strong></span> <span class='ocrx_word' id='word_1_280' title='bbox 1515 559 1652 593; x_wconf 84' lang='lat' dir='ltr'><strong>principes</strong></span> <span class='ocrx_word' id='word_1_281' title='bbox 1662 566 1756 586; x_wconf 91' lang='lat' dir='ltr'><strong>eorum</strong></span> 
     </span>
    </p>
   </div>
   <div class='ocr_carea' id='block_1_41' title="bbox 974 604 1756 641">
    <p class='ocr_par' dir='ltr' id='par_1_41' title="bbox 974 604 1756 641">
     <span class='ocr_line' id='line_1_41' title="bbox 974 604 1756 641; baseline -0.001 -8"><span class='ocrx_word' id='word_1_282' title='bbox 974 614 1024 634; x_wconf 88' lang='lat' dir='ltr'><strong>ceu</strong></span> <span class='ocrx_word' id='word_1_283' title='bbox 1039 606 1137 641; x_wconf 82' lang='lat' dir='ltr'><strong>gallina</strong></span> <span class='ocrx_word' id='word_1_284' title='bbox 1153 605 1273 641; x_wconf 84' lang='lat' dir='ltr'><strong>pariens,</strong></span> <span class='ocrx_word' id='word_1_285' title='bbox 1283 611 1343 631; x_wconf 79' lang='lat' dir='ltr'><strong>eam</strong></span> <span class='ocrx_word' id='word_1_286' title='bbox 1356 604 1517 632; x_wconf 82' lang='lat' dir='ltr'><strong>emittebant</strong></span> <span class='ocrx_word' id='word_1_287' title='bbox 1529 604 1708 639; x_wconf 72' lang='lat' dir='ltr'><strong>prolem,qute</strong></span> <span class='ocrx_word' id='word_1_288' title='bbox 1721 604 1756 632; x_wconf 87' lang='lat' dir='ltr'><strong>ob</strong></span> 
     </span>
    </p>
   </div>
   <div class='ocr_carea' id='block_1_42' title="bbox 974 650 1756 686">
    <p class='ocr_par' dir='ltr' id='par_1_42' title="bbox 974 650 1756 686">
     <span class='ocr_line' id='line_1_42' title="bbox 974 650 1756 686; baseline -0.003 -6"><span class='ocrx_word' id='word_1_289' title='bbox 974 653 1127 680; x_wconf 82' lang='lat' dir='ltr'><strong>immissum</strong></span> <span class='ocrx_word' id='word_1_290' title='bbox 1149 652 1182 678; x_wconf 89' lang='lat' dir='ltr'><strong>ab</strong></span> <span class='ocrx_word' id='word_1_291' title='bbox 1206 651 1260 678; x_wconf 88' lang='lat' dir='ltr'><strong>illis</strong></span> <span class='ocrx_word' id='word_1_292' title='bbox 1274 650 1350 678; x_wconf 80' lang='lat' dir='ltr'><strong>virus</strong></span> <span class='ocrx_word' id='word_1_293' title='bbox 1368 650 1543 686; x_wconf 69' lang='lat' dir='ltr'><strong>blasphemiae</strong></span> <span class='ocrx_word' id='word_1_294' title='bbox 1563 650 1591 678; x_wconf 92' lang='lat' dir='ltr'><strong>in</strong></span> <span class='ocrx_word' id='word_1_295' title='bbox 1607 650 1756 682; x_wconf 81' lang='lat' dir='ltr'><strong>Christum.</strong></span> 
     </span>
    </p>
   </div>
   <div class='ocr_carea' id='block_1_43' title="bbox 973 697 1760 733">
    <p class='ocr_par' dir='ltr' id='par_1_43' title="bbox 973 697 1760 733">
     <span class='ocr_line' id='line_1_43' title="bbox 973 697 1760 733; baseline -0.005 -5"><span class='ocrx_word' id='word_1_296' title='bbox 973 704 1000 728; x_wconf 90' lang='lat' dir='ltr'><strong>et</strong></span> <span class='ocrx_word' id='word_1_297' title='bbox 1013 699 1048 727; x_wconf 93' lang='lat' dir='ltr'><strong>ob</strong></span> <span class='ocrx_word' id='word_1_298' title='bbox 1059 698 1190 733; x_wconf 85' lang='lat' dir='ltr'><strong>reliquam</strong></span> <span class='ocrx_word' id='word_1_299' title='bbox 1207 698 1280 726; x_wconf 87' lang='lat' dir='ltr'><strong>circa</strong></span> <span class='ocrx_word' id='word_1_300' title='bbox 1303 697 1378 724; x_wconf 91' lang='lat' dir='ltr'><strong>illum</strong></span> <span class='ocrx_word' id='word_1_301' title='bbox 1402 697 1636 727; x_wconf 82' lang='lat' dir='ltr'><strong>incredulitatem.</strong></span> <span class='ocrx_word' id='word_1_302' title='bbox 1667 701 1760 731; x_wconf 88' lang='lat' dir='ltr'><strong>posset</strong></span> 
     </span>
    </p>
   </div>
   <div class='ocr_carea' id='block_1_44' title="bbox 976 741 1760 780">
    <p class='ocr_par' dir='ltr' id='par_1_44' title="bbox 976 741 1760 780">
     <span class='ocr_line' id='line_1_44' title="bbox 976 741 1760 780; baseline -0.005 -8"><span class='ocrx_word' id='word_1_303' title='bbox 976 744 1102 780; x_wconf 80' lang='lat' dir='ltr'><strong>aspidum</strong></span> <span class='ocrx_word' id='word_1_304' title='bbox 1126 743 1193 772; x_wconf 82' lang='lat' dir='ltr'><strong>fetui</strong></span> <span class='ocrx_word' id='word_1_305' title='bbox 1214 742 1379 778; x_wconf 80' lang='lat' dir='ltr'><strong>comparari.</strong></span> <span class='ocrx_word' id='word_1_306' title='bbox 1400 741 1470 769; x_wconf 90' lang='lat' dir='ltr'><strong>Olim</strong></span> <span class='ocrx_word' id='word_1_307' title='bbox 1486 742 1596 778; x_wconf 81' lang='lat' dir='ltr'><strong>quidem</strong></span> <span class='ocrx_word' id='word_1_308' title='bbox 1625 741 1760 769; x_wconf 84' lang='lat' dir='ltr'><strong>sacerdoti</strong></span> 
     </span>
    </p>
   </div>
   <div class='ocr_carea' id='block_1_45' title="bbox 973 789 1761 821">
    <p class='ocr_par' dir='ltr' id='par_1_45' title="bbox 973 789 1761 821">
     <span class='ocr_line' id='line_1_45' title="bbox 973 789 1761 821; baseline -0.008 -2"><span class='ocrx_word' id='word_1_309' title='bbox 973 791 1101 821; x_wconf 73' lang='lat' dir='ltr'><strong>texebant</strong></span> <span class='ocrx_word' id='word_1_310' title='bbox 1120 792 1220 821; x_wconf 81' lang='lat' dir='ltr'><strong>vestes,</strong></span> <span class='ocrx_word' id='word_1_311' title='bbox 1236 793 1263 816; x_wconf 87' lang='lat' dir='ltr'><strong>et</strong></span> <span class='ocrx_word' id='word_1_312' title='bbox 1276 789 1361 817; x_wconf 81' lang='lat' dir='ltr'><strong>stolas</strong></span> <span class='ocrx_word' id='word_1_313' title='bbox 1373 793 1500 821; x_wconf 84' lang='lat' dir='ltr'><strong>sanctas;</strong></span> <span class='ocrx_word' id='word_1_314' title='bbox 1520 796 1594 816; x_wconf 91' lang='lat' dir='ltr'><strong>nunc</strong></span> <span class='ocrx_word' id='word_1_315' title='bbox 1611 793 1702 815; x_wconf 87' lang='lat' dir='ltr'><strong>autem</strong></span> <span class='ocrx_word' id='word_1_316' title='bbox 1717 791 1761 814; x_wconf 80' lang='lat' dir='ltr'><strong>to—</strong></span> 
     </span>
    </p>
   </div>
   <div class='ocr_carea' id='block_1_46' title="bbox 974 833 1759 869">
    <p class='ocr_par' dir='ltr' id='par_1_46' title="bbox 974 833 1759 869">
     <span class='ocr_line' id='line_1_46' title="bbox 974 833 1759 869; baseline -0.005 -5"><span class='ocrx_word' id='word_1_317' title='bbox 974 840 1028 863; x_wconf 85' lang='lat' dir='ltr'><strong>tam</strong></span> <span class='ocrx_word' id='word_1_318' title='bbox 1048 842 1142 864; x_wconf 84' lang='lat' dir='ltr'><strong>eorum</strong></span> <span class='ocrx_word' id='word_1_319' title='bbox 1164 838 1319 867; x_wconf 81' lang='lat' dir='ltr'><strong>texturam,</strong></span> <span class='ocrx_word' id='word_1_320' title='bbox 1345 837 1372 863; x_wconf 87' lang='lat' dir='ltr'><strong>et</strong></span> <span class='ocrx_word' id='word_1_321' title='bbox 1398 838 1482 861; x_wconf 86' lang='lat' dir='ltr'><strong>totam</strong></span> <span class='ocrx_word' id='word_1_322' title='bbox 1504 837 1661 869; x_wconf 84' lang='lat' dir='ltr'><strong>apparatam</strong></span> <span class='ocrx_word' id='word_1_323' title='bbox 1685 833 1759 861; x_wconf 86' lang='lat' dir='ltr'><strong>illam</strong></span> 
     </span>
    </p>
   </div>
   <div class='ocr_carea' id='block_1_47' title="bbox 974 877 1761 915">
    <p class='ocr_par' dir='ltr' id='par_1_47' title="bbox 974 877 1761 915">
     <span class='ocr_line' id='line_1_47' title="bbox 974 877 1761 915; baseline -0.006 -5"><span class='ocrx_word' id='word_1_324' title='bbox 974 882 1048 910; x_wconf 82' lang='lat' dir='ltr'><strong>verbi</strong></span> <span class='ocrx_word' id='word_1_325' title='bbox 1065 882 1228 912; x_wconf 86' lang='lat' dir='ltr'><strong>doctrinam,</strong></span> <span class='ocrx_word' id='word_1_326' title='bbox 1248 887 1329 915; x_wconf 84' lang='lat' dir='ltr'><strong>quam</strong></span> <span class='ocrx_word' id='word_1_327' title='bbox 1358 887 1406 914; x_wconf 84' lang='lat' dir='ltr'><strong>per</strong></span> <span class='ocrx_word' id='word_1_328' title='bbox 1426 879 1580 906; x_wconf 85' lang='lat' dir='ltr'><strong>divinarum</strong></span> <span class='ocrx_word' id='word_1_329' title='bbox 1604 877 1761 914; x_wconf 85' lang='lat' dir='ltr'><strong>Scriptura-</strong></span> 
     </span>
    </p>
   </div>
   <div class='ocr_carea' id='block_1_48' title="bbox 974 925 1761 962">
    <p class='ocr_par' dir='ltr' id='par_1_48' title="bbox 974 925 1761 962">
     <span class='ocr_line' id='line_1_48' title="bbox 974 925 1761 962; baseline -0.008 -6"><span class='ocrx_word' id='word_1_330' title='bbox 974 936 1034 956; x_wconf 89' lang='lat' dir='ltr'><strong>rum</strong></span> <span class='ocrx_word' id='word_1_331' title='bbox 1050 927 1283 962; x_wconf 82' lang='lat' dir='ltr'><strong>complicarionem</strong></span> <span class='ocrx_word' id='word_1_332' title='bbox 1293 930 1321 953; x_wconf 87' lang='lat' dir='ltr'><strong>et</strong></span> <span class='ocrx_word' id='word_1_333' title='bbox 1330 930 1462 954; x_wconf 83' lang='lat' dir='ltr'><strong>texturam</strong></span> <span class='ocrx_word' id='word_1_334' title='bbox 1478 925 1644 960; x_wconf 87' lang='lat' dir='ltr'><strong>producunt,</strong></span> <span class='ocrx_word' id='word_1_335' title='bbox 1654 931 1761 952; x_wconf 66' lang='lat' dir='ltr'><strong>aranea:</strong></span> 
     </span>
    </p>
   </div>
   <div class='ocr_carea' id='block_1_49' title="bbox 973 971 1759 1008">
    <p class='ocr_par' dir='ltr' id='par_1_49' title="bbox 973 971 1759 1008">
     <span class='ocr_line' id='line_1_49' title="bbox 973 971 1759 1008; baseline -0.008 -5"><span class='ocrx_word' id='word_1_336' title='bbox 973 974 1034 1003; x_wconf 85' lang='lat' dir='ltr'><strong>telis</strong></span> <span class='ocrx_word' id='word_1_337' title='bbox 1053 973 1158 1001; x_wconf 77' lang='lat' dir='ltr'><strong>confert</strong></span> <span class='ocrx_word' id='word_1_338' title='bbox 1181 972 1356 1008; x_wconf 84' lang='lat' dir='ltr'><strong>propheticus</strong></span> <span class='ocrx_word' id='word_1_339' title='bbox 1381 979 1481 999; x_wconf 86' lang='lat' dir='ltr'><strong>sermo.</strong></span> <span class='ocrx_word' id='word_1_340' title='bbox 1506 971 1677 1007; x_wconf 81' lang='lat' dir='ltr'><strong>Quapropter</strong></span> <span class='ocrx_word' id='word_1_341' title='bbox 1701 971 1759 1003; x_wconf 86' lang='lat' dir='ltr'><strong>ait,</strong></span> 
     </span>
    </p>
   </div>
   <div class='ocr_carea' id='block_1_50' title="bbox 974 1016 1761 1052">
    <p class='ocr_par' dir='ltr' id='par_1_50' title="bbox 974 1016 1761 1052">
     <span class='ocr_line' id='line_1_50' title="bbox 974 1016 1761 1052; baseline -0.008 -4"><span class='ocrx_word' id='word_1_342' title='bbox 974 1021 1065 1048; x_wconf 87' lang='lat' dir='ltr'><strong>Telam</strong></span> <span class='ocrx_word' id='word_1_343' title='bbox 1078 1027 1184 1047; x_wconf 73' lang='lat' dir='ltr'><strong>aranea:</strong></span> <span class='ocrx_word' id='word_1_344' title='bbox 1200 1023 1302 1046; x_wconf 72' lang='lat' dir='ltr'><strong>texunt.</strong></span> <span class='ocrx_word' id='word_1_345' title='bbox 1328 1017 1454 1045; x_wconf 70' lang='lat' dir='ltr'><strong>Praesens</strong></span> <span class='ocrx_word' id='word_1_346' title='bbox 1468 1024 1577 1052; x_wconf 86' lang='lat' dir='ltr'><strong>quoque</strong></span> <span class='ocrx_word' id='word_1_347' title='bbox 1591 1016 1712 1051; x_wconf 84' lang='lat' dir='ltr'><strong>psalmus</strong></span> <span class='ocrx_word' id='word_1_348' title='bbox 1727 1024 1761 1043; x_wconf 76' lang='lat' dir='ltr'><strong>ex</strong></span> 
     </span>
    </p>
   </div>
   <div class='ocr_carea' id='block_1_51' title="bbox 972 1060 1760 1100">
    <p class='ocr_par' dir='ltr' id='par_1_51' title="bbox 972 1060 1760 1100">
     <span class='ocr_line' id='line_1_51' title="bbox 972 1060 1760 1100; baseline -0.008 -7"><span class='ocrx_word' id='word_1_349' title='bbox 972 1074 1065 1093; x_wconf 91' lang='lat' dir='ltr'><strong>eorum</strong></span> <span class='ocrx_word' id='word_1_350' title='bbox 1082 1071 1199 1100; x_wconf 86' lang='lat' dir='ltr'><strong>persona</strong></span> <span class='ocrx_word' id='word_1_351' title='bbox 1219 1063 1418 1091; x_wconf 79' lang='lat' dir='ltr'><strong>confessionem</strong></span> <span class='ocrx_word' id='word_1_352' title='bbox 1434 1062 1563 1089; x_wconf 73' lang='lat' dir='ltr'><strong>amittens</strong></span> <span class='ocrx_word' id='word_1_353' title='bbox 1577 1080 1585 1093; x_wconf 90' lang='lat'><strong>,</strong></span> <span class='ocrx_word' id='word_1_354' title='bbox 1616 1060 1663 1093; x_wconf 81' lang='lat' dir='ltr'><strong>ait,</strong></span> <span class='ocrx_word' id='word_1_355' title='bbox 1690 1060 1760 1087; x_wconf 79' lang='lat' dir='ltr'><strong>Anni</strong></span> 
     </span>
    </p>
   </div>
   <div class='ocr_carea' id='block_1_52' title="bbox 972 1106 1760 1141">
    <p class='ocr_par' dir='ltr' id='par_1_52' title="bbox 972 1106 1760 1141">
     <span class='ocr_line' id='line_1_52' title="bbox 972 1106 1760 1141; baseline -0.009 -3"><span class='ocrx_word' id='word_1_356' title='bbox 972 1111 1055 1139; x_wconf 71' lang='lat' dir='ltr'><strong>nostri</strong></span> <span class='ocrx_word' id='word_1_357' title='bbox 1068 1111 1136 1138; x_wconf 80' lang='lat' dir='ltr'><strong>sicut</strong></span> <span class='ocrx_word' id='word_1_358' title='bbox 1159 1118 1258 1136; x_wconf 84' lang='lat' dir='ltr'><strong>aranea</strong></span> <span class='ocrx_word' id='word_1_359' title='bbox 1279 1107 1487 1136; x_wconf 78' lang='lat' dir='ltr'><strong>meditabantur.</strong></span> <span class='ocrx_word' id='word_1_360' title='bbox 1517 1106 1617 1141; x_wconf 76' lang='lat' dir='ltr'><strong>Aperte</strong></span> <span class='ocrx_word' id='word_1_361' title='bbox 1642 1112 1760 1140; x_wconf 83' lang='lat' dir='ltr'><strong>namque</strong></span> 
     </span>
    </p>
   </div>
   <div class='ocr_carea' id='block_1_53' title="bbox 972 1153 1761 1190">
    <p class='ocr_par' dir='ltr' id='par_1_53' title="bbox 972 1153 1761 1190">
     <span class='ocr_line' id='line_1_53' title="bbox 972 1153 1761 1190; baseline -0.008 -6"><span class='ocrx_word' id='word_1_362' title='bbox 972 1156 1161 1184; x_wconf 85' lang='lat' dir='ltr'><strong>meditationes</strong></span> <span class='ocrx_word' id='word_1_363' title='bbox 1183 1155 1387 1190; x_wconf 85' lang='lat' dir='ltr'><strong>Scripturarum</strong></span> <span class='ocrx_word' id='word_1_364' title='bbox 1411 1154 1440 1181; x_wconf 91' lang='lat' dir='ltr'><strong>in</strong></span> <span class='ocrx_word' id='word_1_365' title='bbox 1455 1153 1556 1188; x_wconf 86' lang='lat' dir='ltr'><strong>quibus</strong></span> <span class='ocrx_word' id='word_1_366' title='bbox 1571 1155 1679 1179; x_wconf 63' lang='lat' dir='ltr'><strong>atatem</strong></span> <span class='ocrx_word' id='word_1_367' title='bbox 1695 1159 1761 1178; x_wconf 87' lang='lat' dir='ltr'><strong>con-</strong></span> 
     </span>
    </p>
   </div>
   <div class='ocr_carea' id='block_1_54' title="bbox 971 1198 1760 1234">
    <p class='ocr_par' dir='ltr' id='par_1_54' title="bbox 971 1198 1760 1234">
     <span class='ocr_line' id='line_1_54' title="bbox 971 1198 1760 1234; baseline -0.009 -4"><span class='ocrx_word' id='word_1_368' title='bbox 971 1203 1071 1234; x_wconf 80' lang='lat' dir='ltr'><strong>ferunt,</strong></span> <span class='ocrx_word' id='word_1_369' title='bbox 1085 1207 1111 1230; x_wconf 89' lang='lat' dir='ltr'><strong>et</strong></span> <span class='ocrx_word' id='word_1_370' title='bbox 1122 1202 1291 1232; x_wconf 79' lang='lat' dir='ltr'><strong>deuteroses.</strong></span> <span class='ocrx_word' id='word_1_371' title='bbox 1306 1201 1363 1228; x_wconf 86' lang='lat' dir='ltr'><strong>sive</strong></span> <span class='ocrx_word' id='word_1_372' title='bbox 1377 1199 1511 1228; x_wconf 81' lang='lat' dir='ltr'><strong>secundas</strong></span> <span class='ocrx_word' id='word_1_373' title='bbox 1533 1198 1695 1225; x_wconf 82' lang='lat' dir='ltr'><strong>traditiones</strong></span> <span class='ocrx_word' id='word_1_374' title='bbox 1711 1204 1760 1224; x_wconf 85' lang='lat' dir='ltr'><strong>eo—</strong></span> 
     </span>
    </p>
   </div>
   <div class='ocr_carea' id='block_1_55' title="bbox 971 1242 1762 1283">
    <p class='ocr_par' dir='ltr' id='par_1_55' title="bbox 971 1242 1762 1283">
     <span class='ocr_line' id='line_1_55' title="bbox 971 1242 1762 1283; baseline -0.008 -8"><span class='ocrx_word' id='word_1_375' title='bbox 971 1256 1042 1281; x_wconf 85' lang='lat' dir='ltr'><strong>rum,</strong></span> <span class='ocrx_word' id='word_1_376' title='bbox 1054 1248 1154 1283; x_wconf 87' lang='lat' dir='ltr'><strong>quibus</strong></span> <span class='ocrx_word' id='word_1_377' title='bbox 1168 1247 1238 1275; x_wconf 83' lang='lat' dir='ltr'><strong>telas</strong></span> <span class='ocrx_word' id='word_1_378' title='bbox 1252 1245 1382 1282; x_wconf 86' lang='lat' dir='ltr'><strong>quasdam</strong></span> <span class='ocrx_word' id='word_1_379' title='bbox 1395 1245 1527 1273; x_wconf 69' lang='lat' dir='ltr'><strong>doctrinae</strong></span> <span class='ocrx_word' id='word_1_380' title='bbox 1542 1244 1671 1272; x_wconf 88' lang='lat' dir='ltr'><strong>videntur</strong></span> <span class='ocrx_word' id='word_1_381' title='bbox 1678 1242 1762 1270; x_wconf 87' lang='lat' dir='ltr'><strong>ador-</strong></span> 
     </span>
    </p>
   </div>
   <div class='ocr_carea' id='block_1_56' title="bbox 971 1289 1758 1327">
    <p class='ocr_par' dir='ltr' id='par_1_56' title="bbox 971 1289 1758 1327">
     <span class='ocr_line' id='line_1_56' title="bbox 971 1289 1758 1327; baseline -0.008 -6"><span class='ocrx_word' id='word_1_382' title='bbox 971 1301 1047 1325; x_wconf 81' lang='lat' dir='ltr'><strong>nare,</strong></span> <span class='ocrx_word' id='word_1_383' title='bbox 1067 1300 1174 1320; x_wconf 65' lang='lat' dir='ltr'><strong>aranea:</strong></span> <span class='ocrx_word' id='word_1_384' title='bbox 1189 1292 1299 1327; x_wconf 83' lang='lat' dir='ltr'><strong>opiﬁcio</strong></span> <span class='ocrx_word' id='word_1_385' title='bbox 1317 1294 1467 1327; x_wconf 85' lang='lat' dir='ltr'><strong>comparat.</strong></span> <span class='ocrx_word' id='word_1_386' title='bbox 1494 1291 1551 1317; x_wconf 89' lang='lat' dir='ltr'><strong>lmo</strong></span> <span class='ocrx_word' id='word_1_387' title='bbox 1565 1290 1647 1317; x_wconf 86' lang='lat' dir='ltr'><strong>etiam</strong></span> <span class='ocrx_word' id='word_1_388' title='bbox 1673 1289 1758 1316; x_wconf 83' lang='lat' dir='ltr'><strong>vitam</strong></span> 
     </span>
    </p>
   </div>
   <div class='ocr_carea' id='block_1_57' title="bbox 971 1336 1762 1374">
    <p class='ocr_par' dir='ltr' id='par_1_57' title="bbox 971 1336 1762 1374">
     <span class='ocr_line' id='line_1_57' title="bbox 971 1336 1762 1374; baseline -0.008 -6"><span class='ocrx_word' id='word_1_389' title='bbox 971 1348 1049 1368; x_wconf 88' lang='lat' dir='ltr'><strong>suam</strong></span> <span class='ocrx_word' id='word_1_390' title='bbox 1068 1345 1270 1374; x_wconf 84' lang='lat' dir='ltr'><strong>temporaneam</strong></span> <span class='ocrx_word' id='word_1_391' title='bbox 1284 1339 1372 1367; x_wconf 91' lang='lat' dir='ltr'><strong>solum</strong></span> <span class='ocrx_word' id='word_1_392' title='bbox 1387 1346 1449 1366; x_wconf 86' lang='lat' dir='ltr'><strong>esse</strong></span> <span class='ocrx_word' id='word_1_393' title='bbox 1468 1337 1574 1368; x_wconf 87' lang='lat' dir='ltr'><strong>dicunt,</strong></span> <span class='ocrx_word' id='word_1_394' title='bbox 1589 1336 1762 1371; x_wconf 74' lang='lat' dir='ltr'><strong>septuaginta</strong></span> 
     </span>
    </p>
   </div>
   <div class='ocr_carea' id='block_1_58' title="bbox 972 1381 1761 1422">
    <p class='ocr_par' dir='ltr' id='par_1_58' title="bbox 972 1381 1761 1422">
     <span class='ocr_line' id='line_1_58' title="bbox 972 1381 1761 1422; baseline -0.01 -7"><span class='ocrx_word' id='word_1_395' title='bbox 972 1388 1015 1415; x_wconf 86' lang='lat' dir='ltr'><strong>vel</strong></span> <span class='ocrx_word' id='word_1_396' title='bbox 1027 1387 1166 1422; x_wconf 77' lang='lat' dir='ltr'><strong>octoginta</strong></span> <span class='ocrx_word' id='word_1_397' title='bbox 1180 1386 1259 1413; x_wconf 87' lang='lat' dir='ltr'><strong>annis</strong></span> <span class='ocrx_word' id='word_1_398' title='bbox 1276 1384 1524 1418; x_wconf 83' lang='lat' dir='ltr'><strong>circumscriptam.</strong></span> <span class='ocrx_word' id='word_1_399' title='bbox 1539 1382 1567 1409; x_wconf 89' lang='lat' dir='ltr'><strong>ld</strong></span> <span class='ocrx_word' id='word_1_400' title='bbox 1585 1389 1668 1417; x_wconf 79' lang='lat' dir='ltr'><strong>porro</strong></span> <span class='ocrx_word' id='word_1_401' title='bbox 1683 1381 1761 1408; x_wconf 86' lang='lat' dir='ltr'><strong>aiunt</strong></span> 
     </span>
    </p>
   </div>
   <div class='ocr_carea' id='block_1_59' title="bbox 973 1427 1761 1465">
    <p class='ocr_par' dir='ltr' id='par_1_59' title="bbox 973 1427 1761 1465">
     <span class='ocr_line' id='line_1_59' title="bbox 973 1427 1761 1465; baseline -0.009 -4"><span class='ocrx_word' id='word_1_402' title='bbox 973 1433 1006 1461; x_wconf 85' lang='lat' dir='ltr'><strong>de</strong></span> <span class='ocrx_word' id='word_1_403' title='bbox 1022 1437 1124 1460; x_wconf 62' lang='lat' dir='ltr'><strong>aeterna</strong></span> <span class='ocrx_word' id='word_1_404' title='bbox 1137 1434 1162 1459; x_wconf 88' lang='lat' dir='ltr'><strong>et</strong></span> <span class='ocrx_word' id='word_1_405' title='bbox 1186 1430 1276 1458; x_wconf 80' lang='lat' dir='ltr'><strong>futura</strong></span> <span class='ocrx_word' id='word_1_406' title='bbox 1300 1431 1368 1462; x_wconf 85' lang='lat' dir='ltr'><strong>vita,</strong></span> <span class='ocrx_word' id='word_1_407' title='bbox 1383 1436 1445 1465; x_wconf 82' lang='lat' dir='ltr'><strong>quae</strong></span> <span class='ocrx_word' id='word_1_408' title='bbox 1467 1428 1604 1463; x_wconf 75' lang='lat' dir='ltr'><strong>religiosis</strong></span> <span class='ocrx_word' id='word_1_409' title='bbox 1620 1427 1686 1455; x_wconf 85' lang='lat' dir='ltr'><strong>viris</strong></span> <span class='ocrx_word' id='word_1_410' title='bbox 1696 1433 1761 1462; x_wconf 88' lang='lat' dir='ltr'><strong>pro-</strong></span> 
     </span>
    </p>
   </div>
   <div class='ocr_carea' id='block_1_60' title="bbox 973 1477 1309 1512">
    <p class='ocr_par' dir='ltr' id='par_1_60' title="bbox 973 1477 1309 1512">
     <span class='ocr_line' id='line_1_60' title="bbox 973 1477 1309 1512; baseline -0.009 -6"><span class='ocrx_word' id='word_1_411' title='bbox 973 1479 1088 1507; x_wconf 90' lang='lat' dir='ltr'><strong>mittitur</strong></span> <span class='ocrx_word' id='word_1_412' title='bbox 1099 1498 1106 1510; x_wconf 85' lang='lat'><strong>,</strong></span> <span class='ocrx_word' id='word_1_413' title='bbox 1123 1477 1309 1512; x_wconf 83' lang='lat' dir='ltr'><strong>desperantes.</strong></span> 
     </span>
    </p>
   </div>
   <div class='ocr_carea' id='block_1_61' title="bbox 129 1517 1760 1562">
    <p class='ocr_par' dir='ltr' id='par_1_61' title="bbox 129 1517 1760 1562">
     <span class='ocr_line' id='line_1_61' title="bbox 129 1517 1760 1562; baseline -0.002 -12"><span class='ocrx_word' id='word_1_414' title='bbox 129 1525 158 1550; x_wconf 80' lang='grc' dir='ltr'><strong>ὲν</strong></span> <span class='ocrx_word' id='word_1_415' title='bbox 180 1528 201 1551; x_wconf 84' lang='grc' dir='ltr'>ο¹</span> <span class='ocrx_word' id='word_1_416' title='bbox 222 1526 267 1551; x_wconf 79' lang='grc' dir='ltr'>καὶ</span> <span class='ocrx_word' id='word_1_417' title='bbox 293 1529 319 1551; x_wconf 85' lang='grc' dir='ltr'>π’</span> <span class='ocrx_word' id='word_1_418' title='bbox 337 1525 408 1552; x_wconf 75' lang='grc' dir='ltr'>ἔτεσι</span> <span class='ocrx_word' id='word_1_419' title='bbox 429 1527 695 1562; x_wconf 77' lang='grc' dir='ltr'>συμπεραιουμένην.</span> <span class='ocrx_word' id='word_1_420' title='bbox 711 1527 796 1553; x_wconf 81' lang='grc' dir='ltr'>Τοῦτο</span> <span class='ocrx_word' id='word_1_421' title='bbox 809 1527 836 1553; x_wconf 80' lang='grc' dir='ltr'>δέ</span> <span class='ocrx_word' id='word_1_422' title='bbox 853 1535 918 1562; x_wconf 85' lang='grc' dir='ltr'>φασι</span> <span class='ocrx_word' id='word_1_423' title='bbox 937 1526 986 1562; x_wconf 86' lang='grc' dir='ltr'>τὴν</span> <span class='ocrx_word' id='word_1_424' title='bbox 1001 1524 1107 1552; x_wconf 87' lang='grc' dir='ltr'>αἰώνιον</span> <span class='ocrx_word' id='word_1_425' title='bbox 1127 1523 1176 1550; x_wconf 74' lang='grc' dir='ltr'>καὶ</span> <span class='ocrx_word' id='word_1_426' title='bbox 1194 1523 1340 1559; x_wconf 81' lang='grc' dir='ltr'>μέλλουσαν</span> <span class='ocrx_word' id='word_1_427' title='bbox 1358 1521 1430 1556; x_wconf 80' lang='grc' dir='ltr'>ζωὴν</span> <span class='ocrx_word' id='word_1_428' title='bbox 1445 1520 1494 1555; x_wconf 84' lang='grc' dir='ltr'>τὴν</span> <span class='ocrx_word' id='word_1_429' title='bbox 1525 1521 1580 1551; x_wconf 76' lang='grc' dir='ltr'>τοῖς</span> <span class='ocrx_word' id='word_1_430' title='bbox 1610 1517 1760 1553; x_wconf 81' lang='grc' dir='ltr'>θεοφιλέσιν</span> 
     </span>
    </p>
   </div>
   <div class='ocr_carea' id='block_1_62' title="bbox 131 1570 628 1606">
    <p class='ocr_par' dir='ltr' id='par_1_62' title="bbox 131 1570 628 1606">
     <span class='ocr_line' id='line_1_62' title="bbox 131 1570 628 1606; baseline 0.006 -10"><span class='ocrx_word' id='word_1_431' title='bbox 131 1570 370 1606; x_wconf 81' lang='grc' dir='ltr'>ὲπαγγελλομένην</span> <span class='ocrx_word' id='word_1_432' title='bbox 384 1571 628 1606; x_wconf 83' lang='grc' dir='ltr'>ἀπογινώσκοντες.</span> 
     </span>
    </p>
   </div>
   <div class='ocr_carea' id='block_1_63' title="bbox 165 1625 922 1668">
    <p class='ocr_par' dir='ltr' id='par_1_63' title="bbox 165 1632 920 1668">
     <span class='ocr_line' id='line_1_63' title="bbox 165 1632 920 1668; baseline 0.001 -8"><span class='ocrx_word' id='word_1_433' title='bbox 165 1632 230 1661; x_wconf 64' lang='grc' dir='ltr'>*Οτι</span> <span class='ocrx_word' id='word_1_434' title='bbox 266 1632 381 1667; x_wconf 81' lang='grc' dir='ltr'><strong>ἐπῆλθε</strong></span> <span class='ocrx_word' id='word_1_435' title='bbox 413 1634 547 1667; x_wconf 79' lang='grc' dir='ltr'>πραΰτης</span> <span class='ocrx_word' id='word_1_436' title='bbox 573 1633 622 1660; x_wconf 77' lang='grc' dir='ltr'>καὶ</span> <span class='ocrx_word' id='word_1_437' title='bbox 651 1633 920 1668; x_wconf 80' lang='grc' dir='ltr'>παιδευθησόμεθα.</span> 
     </span>
    </p>
   </div>
   <div class='ocr_carea' id='block_1_64' title="bbox 973 1625 1760 1668">
    <p class='ocr_par' dir='ltr' id='par_1_64' title="bbox 1006 1625 1760 1663">
     <span class='ocr_line' id='line_1_64' title="bbox 1006 1625 1760 1663; baseline -0.007 -5"><span class='ocrx_word' id='word_1_438' title='bbox 1006 1631 1090 1662; x_wconf 71' lang='lat' dir='ltr'><strong>Vsus.</strong></span> <span class='ocrx_word' id='word_1_439' title='bbox 1109 1630 1154 1662; x_wconf 84' lang='lat' dir='ltr'><strong>H,</strong></span> <span class='ocrx_word' id='word_1_440' title='bbox 1180 1629 1223 1657; x_wconf 74' lang='grc'><strong>12.</strong></span> <span class='ocrx_word' id='word_1_441' title='bbox 1262 1628 1393 1663; x_wconf 80' lang='lat' dir='ltr'><strong>Quoniam</strong></span> <span class='ocrx_word' id='word_1_442' title='bbox 1420 1627 1566 1661; x_wconf 80' lang='lat' dir='ltr'><strong>supervenit</strong></span> <span class='ocrx_word' id='word_1_443' title='bbox 1587 1625 1760 1653; x_wconf 71' lang='lat' dir='ltr'><strong>mansuetudo</strong></span> 
     </span>
    </p>
   </div>
   <div class='ocr_carea' id='block_1_65' title="bbox 131 1678 917 1713">
    <p class='ocr_par' dir='ltr' id='par_1_65' title="bbox 131 1678 917 1713">
     <span class='ocr_line' id='line_1_65' title="bbox 131 1678 917 1713; baseline -0.001 -7"><span class='ocrx_word' id='word_1_444' title='bbox 131 1679 180 1712; x_wconf 81' lang='grc' dir='ltr'>Τίς</span> <span class='ocrx_word' id='word_1_445' title='bbox 195 1678 334 1713; x_wconf 77' lang='grc' dir='ltr'>γινώσκει</span> <span class='ocrx_word' id='word_1_446' title='bbox 356 1679 390 1705; x_wconf 84' lang='grc' dir='ltr'>τὸ</span> <span class='ocrx_word' id='word_1_447' title='bbox 412 1678 520 1712; x_wconf 81' lang='grc' dir='ltr'>κράτος</span> <span class='ocrx_word' id='word_1_448' title='bbox 535 1678 590 1713; x_wconf 70' lang='grc' dir='ltr'>τῆς</span> <span class='ocrx_word' id='word_1_449' title='bbox 603 1679 695 1713; x_wconf 74' lang='grc' dir='ltr'>ὀργῆς</span> <span class='ocrx_word' id='word_1_450' title='bbox 705 1686 774 1711; x_wconf 86' lang='grc' dir='ltr'>σου,</span> <span class='ocrx_word' id='word_1_451' title='bbox 796 1678 845 1705; x_wconf 78' lang='grc' dir='ltr'>καὶ</span> <span class='ocrx_word' id='word_1_452' title='bbox 860 1679 917 1706; x_wconf 82' lang='grc' dir='ltr'><strong>ἀπὸ</strong></span> 
     </span>
    </p>
   </div>
   <div class='ocr_carea' id='block_1_66' title="bbox 129 1724 919 1760">
    <p class='ocr_par' dir='ltr' id='par_1_66' title="bbox 129 1724 919 1760">
     <span class='ocr_line' id='line_1_66' title="bbox 129 1724 919 1760; baseline -0.003 -8"><span class='ocrx_word' id='word_1_453' title='bbox 129 1725 183 1752; x_wconf 80' lang='grc' dir='ltr'><strong>τοῦ</strong></span> <span class='ocrx_word' id='word_1_454' title='bbox 199 1725 296 1760; x_wconf 71' lang='grc' dir='ltr'>φόϐου</span> <span class='ocrx_word' id='word_1_455' title='bbox 315 1732 373 1752; x_wconf 87' lang='grc' dir='ltr'><strong>σου</strong></span> <span class='ocrx_word' id='word_1_456' title='bbox 389 1725 444 1751; x_wconf 80' lang='grc' dir='ltr'><strong>τὸν</strong></span> <span class='ocrx_word' id='word_1_457' title='bbox 457 1725 552 1759; x_wconf 81' lang='grc' dir='ltr'>θυμόν</span> <span class='ocrx_word' id='word_1_458' title='bbox 566 1733 624 1751; x_wconf 79' lang='grc' dir='ltr'><strong>σου</strong></span> <span class='ocrx_word' id='word_1_459' title='bbox 648 1724 919 1759; x_wconf 77' lang='grc' dir='ltr'>ἐξαριθμήσασθαι;</span> 
     </span>
    </p>
   </div>
   <div class='ocr_carea' id='block_1_67' title="bbox 129 1769 920 1805">
    <p class='ocr_par' dir='ltr' id='par_1_67' title="bbox 129 1769 920 1805">
     <span class='ocr_line' id='line_1_67' title="bbox 129 1769 920 1805; baseline -0.001 -8"><span class='ocrx_word' id='word_1_460' title='bbox 129 1770 187 1805; x_wconf 78' lang='grc' dir='ltr'><strong>τὴν</strong></span> <span class='ocrx_word' id='word_1_461' title='bbox 198 1769 302 1803; x_wconf 75' lang='grc' dir='ltr'><em>δεξιάν</em></span> <span class='ocrx_word' id='word_1_462' title='bbox 317 1778 375 1797; x_wconf 84' lang='grc' dir='ltr'><strong>σου</strong></span> <span class='ocrx_word' id='word_1_463' title='bbox 393 1771 470 1797; x_wconf 76' lang='grc' dir='ltr'>οὕτω</span> <span class='ocrx_word' id='word_1_464' title='bbox 494 1770 650 1805; x_wconf 76' lang='grc' dir='ltr'>γνώρισον,</span> <span class='ocrx_word' id='word_1_465' title='bbox 666 1770 715 1797; x_wconf 75' lang='grc' dir='ltr'>καὶ</span> <span class='ocrx_word' id='word_1_466' title='bbox 731 1771 802 1804; x_wconf 82' lang='grc' dir='ltr'>τοὺς</span> <span class='ocrx_word' id='word_1_467' title='bbox 820 1778 920 1797; x_wconf 76' lang='grc' dir='ltr'>πεπαι-</span> 
     </span>
    </p>
   </div>
   <div class='ocr_carea' id='block_1_68' title="bbox 129 1815 921 1850">
    <p class='ocr_par' dir='ltr' id='par_1_68' title="bbox 129 1815 921 1850">
     <span class='ocr_line' id='line_1_68' title="bbox 129 1815 921 1850; baseline 0.001 -8"><span class='ocrx_word' id='word_1_468' title='bbox 129 1815 294 1850; x_wconf 78' lang='grc' dir='ltr'>δευμένους</span> <span class='ocrx_word' id='word_1_469' title='bbox 314 1815 353 1850; x_wconf 79' lang='grc' dir='ltr'>τῇ</span> <span class='ocrx_word' id='word_1_470' title='bbox 371 1816 477 1850; x_wconf 80' lang='grc' dir='ltr'>καρδίᾳ</span> <span class='ocrx_word' id='word_1_471' title='bbox 496 1816 532 1842; x_wconf 81' lang='grc' dir='ltr'><strong>ἐκ·</strong></span> <span class='ocrx_word' id='word_1_472' title='bbox 557 1816 661 1850; x_wconf 58' lang='grc' dir='ltr'>σοφίᾳ.</span> <span class='ocrx_word' id='word_1_473' title='bbox 682 1816 755 1843; x_wconf 70' lang='grc' dir='ltr'>Ἀντὶ</span> <span class='ocrx_word' id='word_1_474' title='bbox 782 1816 840 1848; x_wconf 81' lang='grc' dir='ltr'>τοῦ,</span> <span class='ocrx_word' id='word_1_475' title='bbox 859 1817 921 1843; x_wconf 86' lang='grc' dir='ltr'>Ὅτι</span> 
     </span>
    </p>
   </div>
   <div class='ocr_carea' id='block_1_69' title="bbox 129 1860 920 1898">
    <p class='ocr_par' dir='ltr' id='par_1_69' title="bbox 129 1860 920 1898">
     <span class='ocr_line' id='line_1_69' title="bbox 129 1860 920 1898; baseline -0.003 -8"><span class='ocrx_word' id='word_1_476' title='bbox 129 1860 242 1895; x_wconf 79' lang='grc' dir='ltr'>ἐπῆλθε</span> <span class='ocrx_word' id='word_1_477' title='bbox 257 1862 392 1896; x_wconf 76' lang='grc' dir='ltr'>πραΰτης</span> <span class='ocrx_word' id='word_1_478' title='bbox 405 1862 453 1888; x_wconf 79' lang='grc' dir='ltr'>καὶ</span> <span class='ocrx_word' id='word_1_479' title='bbox 466 1861 734 1896; x_wconf 81' lang='grc' dir='ltr'>παιδευθησόμεθα,</span> <span class='ocrx_word' id='word_1_480' title='bbox 747 1862 761 1888; x_wconf 83' lang='grc' dir='ltr'>ὁ</span> <span class='ocrx_word' id='word_1_481' title='bbox 773 1862 920 1898; x_wconf 76' lang='grc' dir='ltr'>Σύμμαχος</span> 
     </span>
    </p>
   </div>
   <div class='ocr_carea' id='block_1_70' title="bbox 130 1907 921 1943">
    <p class='ocr_par' dir='ltr' id='par_1_70' title="bbox 130 1907 921 1943">
     <span class='ocr_line' id='line_1_70' title="bbox 130 1907 921 1943; baseline 0.003 -10"><span class='ocrx_word' id='word_1_482' title='bbox 130 1915 212 1943; x_wconf 81' lang='grc' dir='ltr'>φησι·</span> <span class='ocrx_word' id='word_1_483' title='bbox 230 1907 392 1942; x_wconf 63' lang='grc' dir='ltr'>Τμηθέττες</span> <span class='ocrx_word' id='word_1_484' title='bbox 406 1907 461 1942; x_wconf 77' lang='grc' dir='ltr'><strong>γὰρ</strong></span> <span class='ocrx_word' id='word_1_485' title='bbox 475 1907 558 1942; x_wconf 58' lang='grc' dir='ltr'><em>ἄφνω</em></span> <span class='ocrx_word' id='word_1_486' title='bbox 572 1908 823 1943; x_wconf 64' lang='grc' dir='ltr'>ἐκπεταννύμεθα.</span> <span class='ocrx_word' id='word_1_487' title='bbox 842 1909 921 1943; x_wconf 84' lang='grc' dir='ltr'>Ἐχε-</span> 
     </span>
    </p>
   </div>
   <div class='ocr_carea' id='block_1_71' title="bbox 128 1952 921 1989">
    <p class='ocr_par' dir='ltr' id='par_1_71' title="bbox 128 1952 921 1989">
     <span class='ocr_line' id='line_1_71' title="bbox 128 1952 921 1989; baseline 0 -10"><span class='ocrx_word' id='word_1_488' title='bbox 128 1962 173 1980; x_wconf 79' lang='grc' dir='ltr'><strong>ται</strong></span> <span class='ocrx_word' id='word_1_489' title='bbox 188 1953 216 1979; x_wconf 87' lang='grc' dir='ltr'><strong>δὲ</strong></span> <span class='ocrx_word' id='word_1_490' title='bbox 231 1953 281 1988; x_wconf 84' lang='grc' dir='ltr'>τῆς</span> <span class='ocrx_word' id='word_1_491' title='bbox 295 1952 513 1989; x_wconf 81' lang='grc' dir='ltr'>προδηλωθείσης</span> <span class='ocrx_word' id='word_1_492' title='bbox 528 1953 646 1984; x_wconf 82' lang='grc' dir='ltr'>διανοίας</span> <span class='ocrx_word' id='word_1_493' title='bbox 665 1954 712 1980; x_wconf 70' lang='grc' dir='ltr'>καὶ</span> <span class='ocrx_word' id='word_1_494' title='bbox 731 1954 745 1979; x_wconf 84' lang='grc' dir='ltr'>ὁ</span> <span class='ocrx_word' id='word_1_495' title='bbox 761 1952 856 1988; x_wconf 89' lang='grc' dir='ltr'>παρὼν</span> <span class='ocrx_word' id='word_1_496' title='bbox 875 1953 921 1982; x_wconf 68' lang='grc' dir='ltr'><strong>λάο</strong></span> 
     </span>
    </p>
   </div>
   <div class='ocr_carea' id='block_1_72' title="bbox 129 1997 921 2035">
    <p class='ocr_par' dir='ltr' id='par_1_72' title="bbox 129 1997 921 2035">
     <span class='ocr_line' id='line_1_72' title="bbox 129 1997 921 2035; baseline -0.001 -10"><span class='ocrx_word' id='word_1_497' title='bbox 129 2007 189 2033; x_wconf 79' lang='grc' dir='ltr'>τος,</span> <span class='ocrx_word' id='word_1_498' title='bbox 202 1998 243 2025; x_wconf 85' lang='grc' dir='ltr'>Τὰ</span> <span class='ocrx_word' id='word_1_499' title='bbox 258 1998 312 2034; x_wconf 75' lang='grc' dir='ltr'><strong>γὰρ</strong></span> <span class='ocrx_word' id='word_1_500' title='bbox 328 1998 375 2035; x_wconf 74' lang='grc' dir='ltr'>ἔτη</span> <span class='ocrx_word' id='word_1_501' title='bbox 402 1997 491 2034; x_wconf 85' lang='grc' dir='ltr'>ὴμῶν,</span> <span class='ocrx_word' id='word_1_502' title='bbox 517 1999 595 2033; x_wconf 80' lang='grc' dir='ltr'>φησὶ,</span> <span class='ocrx_word' id='word_1_503' title='bbox 621 1998 655 2025; x_wconf 77' lang='grc' dir='ltr'><strong>τὰ</strong></span> <span class='ocrx_word' id='word_1_504' title='bbox 677 1999 727 2034; x_wconf 80' lang='grc' dir='ltr'>τῆς</span> <span class='ocrx_word' id='word_1_505' title='bbox 752 1998 921 2034; x_wconf 73' lang='grc' dir='ltr'>προσκαίρου</span> 
     </span>
    </p>
   </div>
   <div class='ocr_carea' id='block_1_73' title="bbox 130 2044 919 2080">
    <p class='ocr_par' dir='ltr' id='par_1_73' title="bbox 130 2044 919 2080">
     <span class='ocr_line' id='line_1_73' title="bbox 130 2044 919 2080; baseline -0.001 -9"><span class='ocrx_word' id='word_1_506' title='bbox 130 2045 204 2080; x_wconf 75' lang='grc' dir='ltr'>ζωῆς</span> <span class='ocrx_word' id='word_1_507' title='bbox 218 2045 257 2076; x_wconf 76' lang='grc' dir='ltr'>εἰς</span> <span class='ocrx_word' id='word_1_508' title='bbox 271 2048 292 2071; x_wconf 89' lang='lat' dir='ltr'><strong>o&#39;</strong></span> <span class='ocrx_word' id='word_1_509' title='bbox 309 2045 355 2071; x_wconf 76' lang='grc' dir='ltr'>καὶ</span> <span class='ocrx_word' id='word_1_510' title='bbox 371 2048 398 2070; x_wconf 87' lang='grc' dir='ltr'>π’</span> <span class='ocrx_word' id='word_1_511' title='bbox 411 2044 527 2080; x_wconf 78' lang='grc' dir='ltr'>ἀριθμὸν</span> <span class='ocrx_word' id='word_1_512' title='bbox 544 2044 612 2071; x_wconf 77' lang='grc' dir='ltr'><strong>ἐτῶν</strong></span> <span class='ocrx_word' id='word_1_513' title='bbox 627 2044 758 2071; x_wconf 79' lang='grc' dir='ltr'>συντείνει</span> <span class='ocrx_word' id='word_1_514' title='bbox 768 2053 775 2059; x_wconf 92' lang='grc'><strong>·</strong></span> <span class='ocrx_word' id='word_1_515' title='bbox 791 2046 838 2075; x_wconf 77' lang='grc' dir='ltr'><strong>καὶ</strong></span> <span class='ocrx_word' id='word_1_516' title='bbox 851 2044 919 2080; x_wconf 74' lang='grc' dir='ltr'>αὕτη</span> 
     </span>
    </p>
   </div>
   <div class='ocr_carea' id='block_1_74' title="bbox 130 2090 922 2126">
    <p class='ocr_par' dir='ltr' id='par_1_74' title="bbox 130 2090 922 2126">
     <span class='ocr_line' id='line_1_74' title="bbox 130 2090 922 2126; baseline -0.003 -9"><span class='ocrx_word' id='word_1_517' title='bbox 130 2090 205 2118; x_wconf 73' lang='grc' dir='ltr'>ἐστὶν</span> <span class='ocrx_word' id='word_1_518' title='bbox 224 2091 241 2126; x_wconf 86' lang='grc' dir='ltr'>ἡ</span> <span class='ocrx_word' id='word_1_519' title='bbox 266 2090 343 2125; x_wconf 81' lang='grc' dir='ltr'>ἡμῶν</span> <span class='ocrx_word' id='word_1_520' title='bbox 365 2090 452 2123; x_wconf 77' lang='grc' dir='ltr'>ἐλπὶς,</span> <span class='ocrx_word' id='word_1_521' title='bbox 480 2090 537 2126; x_wconf 83' lang='grc' dir='ltr'>μεθ’</span> <span class='ocrx_word' id='word_1_522' title='bbox 553 2091 587 2126; x_wconf 82' lang='grc' dir='ltr'><strong>ἣν</strong></span> <span class='ocrx_word' id='word_1_523' title='bbox 612 2090 724 2125; x_wconf 77' lang='grc' dir='ltr'>οὐδεμία</span> <span class='ocrx_word' id='word_1_524' title='bbox 752 2090 818 2125; x_wconf 75' lang='grc' dir='ltr'>ἄλλη</span> <span class='ocrx_word' id='word_1_525' title='bbox 847 2090 922 2125; x_wconf 76' lang='grc' dir='ltr'>ἡμᾶς</span> 
     </span>
    </p>
   </div>
   <div class='ocr_carea' id='block_1_75' title="bbox 130 2136 920 2172">
    <p class='ocr_par' dir='ltr' id='par_1_75' title="bbox 130 2136 920 2172">
     <span class='ocr_line' id='line_1_75' title="bbox 130 2136 920 2172; baseline -0.001 -9"><span class='ocrx_word' id='word_1_526' title='bbox 130 2136 295 2169; x_wconf 71' lang='grc' dir='ltr'>διαδέξεται·</span> <span class='ocrx_word' id='word_1_527' title='bbox 310 2136 461 2172; x_wconf 81' lang='grc' dir='ltr'>τμηθέντες</span> <span class='ocrx_word' id='word_1_528' title='bbox 476 2137 527 2172; x_wconf 78' lang='grc' dir='ltr'><strong>γὰρ</strong></span> <span class='ocrx_word' id='word_1_529' title='bbox 545 2137 621 2170; x_wconf 87' lang='grc' dir='ltr'>ἄφνω</span> <span class='ocrx_word' id='word_1_530' title='bbox 633 2136 704 2163; x_wconf 74' lang='grc' dir='ltr'>κατὰ</span> <span class='ocrx_word' id='word_1_531' title='bbox 719 2136 767 2172; x_wconf 83' lang='grc' dir='ltr'><strong>τὴν</strong></span> <span class='ocrx_word' id='word_1_532' title='bbox 783 2136 920 2171; x_wconf 83' lang='grc' dir='ltr'>τελευτὴν,</span> 
     </span>
    </p>
   </div>
   <div class='ocr_carea' id='block_1_76' title="bbox 131 2180 923 2218">
    <p class='ocr_par' dir='ltr' id='par_1_76' title="bbox 131 2180 923 2218">
     <span class='ocr_line' id='line_1_76' title="bbox 131 2180 923 2218; baseline -0.004 -8"><span class='ocrx_word' id='word_1_533' title='bbox 131 2182 368 2218; x_wconf 81' lang='grc' dir='ltr'>ὲκπεταννύμεθα·</span> <span class='ocrx_word' id='word_1_534' title='bbox 384 2182 452 2217; x_wconf 87' lang='grc' dir='ltr'>μετὰ</span> <span class='ocrx_word' id='word_1_535' title='bbox 464 2182 491 2209; x_wconf 83' lang='grc' dir='ltr'>δὲ</span> <span class='ocrx_word' id='word_1_536' title='bbox 507 2181 593 2208; x_wconf 86' lang='grc' dir='ltr'>ταῦτα</span> <span class='ocrx_word' id='word_1_537' title='bbox 606 2182 632 2208; x_wconf 80' lang='grc' dir='ltr'><strong>τι</strong></span> <span class='ocrx_word' id='word_1_538' title='bbox 643 2190 709 2208; x_wconf 83' lang='grc' dir='ltr'>ποτε</span> <span class='ocrx_word' id='word_1_539' title='bbox 721 2183 795 2217; x_wconf 81' lang='grc' dir='ltr'>ἡμᾶς</span> <span class='ocrx_word' id='word_1_540' title='bbox 805 2180 923 2214; x_wconf 76' lang='grc' dir='ltr'>διαδέξε-</span> 
     </span>
    </p>
   </div>
   <div class='ocr_carea' id='block_1_77' title="bbox 131 2227 923 2264">
    <p class='ocr_par' dir='ltr' id='par_1_77' title="bbox 131 2227 923 2264">
     <span class='ocr_line' id='line_1_77' title="bbox 131 2227 923 2264; baseline 0 -10"><span class='ocrx_word' id='word_1_541' title='bbox 131 2236 186 2260; x_wconf 77' lang='grc' dir='ltr'>ται,</span> <span class='ocrx_word' id='word_1_542' title='bbox 201 2228 243 2260; x_wconf 83' lang='grc' dir='ltr'><strong>τίς</strong></span> <span class='ocrx_word' id='word_1_543' title='bbox 262 2227 333 2261; x_wconf 85' lang='grc' dir='ltr'>οἷδε;</span> <span class='ocrx_word' id='word_1_544' title='bbox 357 2229 406 2260; x_wconf 91' lang='grc' dir='ltr'>Τίς</span> <span class='ocrx_word' id='word_1_545' title='bbox 425 2228 479 2264; x_wconf 77' lang='grc' dir='ltr'><strong>γὰρ</strong></span> <span class='ocrx_word' id='word_1_546' title='bbox 502 2227 669 2264; x_wconf 77' lang='grc' dir='ltr'>ἑρμηνεῦσαι</span> <span class='ocrx_word' id='word_1_547' title='bbox 689 2227 809 2260; x_wconf 81' lang='grc' dir='ltr'>δύναται,</span> <span class='ocrx_word' id='word_1_548' title='bbox 835 2227 852 2262; x_wconf 84' lang='grc' dir='ltr'><strong>ἢ</strong></span> <span class='ocrx_word' id='word_1_549' title='bbox 875 2227 923 2255; x_wconf 74' lang='grc' dir='ltr'>καὶ</span> 
     </span>
    </p>
   </div>
   <div class='ocr_carea' id='block_1_78' title="bbox 131 2272 923 2309">
    <p class='ocr_par' dir='ltr' id='par_1_78' title="bbox 131 2272 923 2309">
     <span class='ocr_line' id='line_1_78' title="bbox 131 2272 923 2309; baseline -0.003 -8"><span class='ocrx_word' id='word_1_550' title='bbox 131 2272 253 2309; x_wconf 78' lang='grc' dir='ltr'>ἀκριϐῶς</span> <span class='ocrx_word' id='word_1_551' title='bbox 266 2273 366 2307; x_wconf 84' lang='grc' dir='ltr'>γνῶναι</span> <span class='ocrx_word' id='word_1_552' title='bbox 382 2273 429 2300; x_wconf 82' lang='grc' dir='ltr'><strong>καὶ</strong></span> <span class='ocrx_word' id='word_1_553' title='bbox 444 2273 571 2306; x_wconf 83' lang='grc' dir='ltr'>ἐξειπεῖν,</span> <span class='ocrx_word' id='word_1_554' title='bbox 585 2272 663 2299; x_wconf 83' lang='grc' dir='ltr'>ὁποία</span> <span class='ocrx_word' id='word_1_555' title='bbox 681 2273 721 2304; x_wconf 81' lang='grc' dir='ltr'><strong>τίς</strong></span> <span class='ocrx_word' id='word_1_556' title='bbox 735 2274 812 2300; x_wconf 78' lang='grc' dir='ltr'>ἐστιν</span> <span class='ocrx_word' id='word_1_557' title='bbox 823 2274 840 2308; x_wconf 81' lang='grc' dir='ltr'>ἡ</span> <span class='ocrx_word' id='word_1_558' title='bbox 854 2272 923 2308; x_wconf 76' lang='grc' dir='ltr'>μετὰ</span> 
     </span>
    </p>
   </div>
   <div class='ocr_carea' id='block_1_79' title="bbox 972 1673 1760 1710">
    <p class='ocr_par' dir='ltr' id='par_1_79' title="bbox 972 1673 1760 1710">
     <span class='ocr_line' id='line_1_79' title="bbox 972 1673 1760 1710; baseline -0.01 -5"><span class='ocrx_word' id='word_1_559' title='bbox 972 1683 996 1705; x_wconf 83' lang='lat' dir='ltr'><strong>et</strong></span> <span class='ocrx_word' id='word_1_560' title='bbox 1007 1677 1166 1705; x_wconf 83' lang='lat' dir='ltr'><strong>erudiemur.</strong></span> <span class='ocrx_word' id='word_1_561' title='bbox 1185 1676 1249 1710; x_wconf 77' lang='lat' dir='ltr'><strong>Quis</strong></span> <span class='ocrx_word' id='word_1_562' title='bbox 1264 1675 1335 1703; x_wconf 83' lang='lat' dir='ltr'><strong>novit</strong></span> <span class='ocrx_word' id='word_1_563' title='bbox 1350 1678 1505 1709; x_wconf 75' lang='lat' dir='ltr'><strong>potestatem</strong></span> <span class='ocrx_word' id='word_1_564' title='bbox 1526 1673 1573 1699; x_wconf 77' lang='lat' dir='ltr'><strong>ine</strong></span> <span class='ocrx_word' id='word_1_565' title='bbox 1593 1676 1654 1704; x_wconf 74' lang='lat' dir='ltr'><strong>tum,</strong></span> <span class='ocrx_word' id='word_1_566' title='bbox 1667 1677 1690 1698; x_wconf 79' lang='lat' dir='ltr'><strong>et</strong></span> <span class='ocrx_word' id='word_1_567' title='bbox 1705 1679 1760 1706; x_wconf 74' lang='lat' dir='ltr'><strong>pro:</strong></span> 
     </span>
    </p>
   </div>
   <div class='ocr_carea' id='block_1_80' title="bbox 974 1718 1760 1758">
    <p class='ocr_par' dir='ltr' id='par_1_80' title="bbox 974 1718 1760 1758">
     <span class='ocr_line' id='line_1_80' title="bbox 974 1718 1760 1758; baseline -0.009 -7"><span class='ocrx_word' id='word_1_568' title='bbox 974 1725 1065 1751; x_wconf 85' lang='lat' dir='ltr'><strong>timore</strong></span> <span class='ocrx_word' id='word_1_569' title='bbox 1079 1729 1122 1750; x_wconf 85' lang='lat' dir='ltr'><strong>tuo</strong></span> <span class='ocrx_word' id='word_1_570' title='bbox 1133 1724 1249 1758; x_wconf 76' lang='lat' dir='ltr'><strong>furorem</strong></span> <span class='ocrx_word' id='word_1_571' title='bbox 1261 1726 1334 1748; x_wconf 89' lang='lat' dir='ltr'><strong>tuum</strong></span> <span class='ocrx_word' id='word_1_572' title='bbox 1348 1720 1533 1749; x_wconf 76' lang='lat' dir='ltr'><strong>dinumerare?</strong></span> <span class='ocrx_word' id='word_1_573' title='bbox 1543 1718 1676 1746; x_wconf 70' lang='lat' dir='ltr'><strong>dexteram</strong></span> <span class='ocrx_word' id='word_1_574' title='bbox 1688 1722 1760 1744; x_wconf 77' lang='lat' dir='ltr'><strong>tuam</strong></span> 
     </span>
    </p>
   </div>
   <div class='ocr_carea' id='block_1_81' title="bbox 973 1761 1761 1803">
    <p class='ocr_par' dir='ltr' id='par_1_81' title="bbox 973 1761 1761 1803">
     <span class='ocr_line' id='line_1_81' title="bbox 973 1761 1761 1803; baseline -0.009 -7"><span class='ocrx_word' id='word_1_575' title='bbox 973 1770 1010 1796; x_wconf 82' lang='lat' dir='ltr'><strong>sic</strong></span> <span class='ocrx_word' id='word_1_576' title='bbox 1027 1774 1117 1796; x_wconf 84' lang='lat' dir='ltr'><strong>notam</strong></span> <span class='ocrx_word' id='word_1_577' title='bbox 1135 1768 1188 1803; x_wconf 75' lang='lat' dir='ltr'><strong>fac,</strong></span> <span class='ocrx_word' id='word_1_578' title='bbox 1204 1771 1228 1794; x_wconf 87' lang='lat' dir='ltr'><strong>et</strong></span> <span class='ocrx_word' id='word_1_579' title='bbox 1245 1766 1360 1794; x_wconf 75' lang='lat' dir='ltr'><strong>eruditos</strong></span> <span class='ocrx_word' id='word_1_580' title='bbox 1392 1764 1468 1793; x_wconf 80' lang='lat' dir='ltr'><strong>corde</strong></span> <span class='ocrx_word' id='word_1_581' title='bbox 1493 1765 1521 1791; x_wconf 80' lang='lat' dir='ltr'><strong>in</strong></span> <span class='ocrx_word' id='word_1_582' title='bbox 1536 1763 1676 1798; x_wconf 82' lang='lat' dir='ltr'><strong>sapientia.</strong></span> <span class='ocrx_word' id='word_1_583' title='bbox 1708 1761 1761 1789; x_wconf 87' lang='lat' dir='ltr'><strong>Pro</strong></span> 
     </span>
    </p>
   </div>
   <div class='ocr_carea' id='block_1_82' title="bbox 974 1809 1759 1849">
    <p class='ocr_par' dir='ltr' id='par_1_82' title="bbox 974 1809 1759 1849">
     <span class='ocr_line' id='line_1_82' title="bbox 974 1809 1759 1849; baseline -0.013 -6"><span class='ocrx_word' id='word_1_584' title='bbox 974 1816 1030 1848; x_wconf 87' lang='lat' dir='ltr'><strong>illo,</strong></span> <span class='ocrx_word' id='word_1_585' title='bbox 1048 1815 1180 1849; x_wconf 85' lang='lat' dir='ltr'><strong>Quoniam</strong></span> <span class='ocrx_word' id='word_1_586' title='bbox 1194 1813 1343 1848; x_wconf 80' lang='lat' dir='ltr'><strong>supervenit</strong></span> <span class='ocrx_word' id='word_1_587' title='bbox 1361 1810 1546 1842; x_wconf 81' lang='lat' dir='ltr'><strong>mansuetudo,</strong></span> <span class='ocrx_word' id='word_1_588' title='bbox 1563 1814 1587 1836; x_wconf 83' lang='lat' dir='ltr'><strong>et</strong></span> <span class='ocrx_word' id='word_1_589' title='bbox 1599 1809 1759 1841; x_wconf 80' lang='lat' dir='ltr'><strong>erndiemur,</strong></span> 
     </span>
    </p>
   </div>
   <div class='ocr_carea' id='block_1_83' title="bbox 975 1854 1761 1898">
    <p class='ocr_par' dir='ltr' id='par_1_83' title="bbox 975 1854 1761 1898">
     <span class='ocr_line' id='line_1_83' title="bbox 975 1854 1761 1898; baseline -0.011 -9"><span class='ocrx_word' id='word_1_590' title='bbox 975 1861 1154 1898; x_wconf 88' lang='lat' dir='ltr'><strong>Symmachus</strong></span> <span class='ocrx_word' id='word_1_591' title='bbox 1163 1860 1212 1891; x_wconf 83' lang='lat' dir='ltr'><strong>ait,</strong></span> <span class='ocrx_word' id='word_1_592' title='bbox 1225 1859 1328 1886; x_wconf 79' lang='lat' dir='ltr'><strong>Succisi</strong></span> <span class='ocrx_word' id='word_1_593' title='bbox 1339 1858 1417 1888; x_wconf 84' lang='lat' dir='ltr'><strong>enim,</strong></span> <span class='ocrx_word' id='word_1_594' title='bbox 1431 1860 1532 1890; x_wconf 76' lang='lat' dir='ltr'><strong>repente</strong></span> <span class='ocrx_word' id='word_1_595' title='bbox 1546 1855 1692 1882; x_wconf 78' lang='lat' dir='ltr'><strong>avolamus.</strong></span> <span class='ocrx_word' id='word_1_596' title='bbox 1710 1854 1761 1881; x_wconf 87' lang='lat' dir='ltr'><strong>Su-</strong></span> 
     </span>
    </p>
   </div>
   <div class='ocr_carea' id='block_1_84' title="bbox 973 1900 1760 1943">
    <p class='ocr_par' dir='ltr' id='par_1_84' title="bbox 973 1900 1760 1943">
     <span class='ocr_line' id='line_1_84' title="bbox 973 1900 1760 1943; baseline -0.011 -8"><span class='ocrx_word' id='word_1_597' title='bbox 973 1907 1068 1943; x_wconf 85' lang='lat' dir='ltr'><strong>perius</strong></span> <span class='ocrx_word' id='word_1_598' title='bbox 1083 1909 1240 1934; x_wconf 67' lang='lat' dir='ltr'><strong>memoratae</strong></span> <span class='ocrx_word' id='word_1_599' title='bbox 1255 1903 1397 1932; x_wconf 73' lang='lat' dir='ltr'><strong>sententia:</strong></span> <span class='ocrx_word' id='word_1_600' title='bbox 1411 1902 1457 1929; x_wconf 89' lang='lat' dir='ltr'><strong>hic</strong></span> <span class='ocrx_word' id='word_1_601' title='bbox 1468 1908 1560 1929; x_wconf 87' lang='lat' dir='ltr'><strong>sermo</strong></span> <span class='ocrx_word' id='word_1_602' title='bbox 1570 1900 1681 1929; x_wconf 87' lang='lat' dir='ltr'><strong>insistit.</strong></span> <span class='ocrx_word' id='word_1_603' title='bbox 1690 1900 1760 1927; x_wconf 85' lang='lat' dir='ltr'><strong>Nam</strong></span> 
     </span>
    </p>
   </div>
   <div class='ocr_carea' id='block_1_85' title="bbox 974 1946 1761 1985">
    <p class='ocr_par' dir='ltr' id='par_1_85' title="bbox 974 1946 1761 1985">
     <span class='ocr_line' id='line_1_85' title="bbox 974 1946 1761 1985; baseline -0.013 -4"><span class='ocrx_word' id='word_1_604' title='bbox 974 1954 1022 1985; x_wconf 85' lang='lat' dir='ltr'><strong>ait.</strong></span> <span class='ocrx_word' id='word_1_605' title='bbox 1037 1953 1102 1980; x_wconf 90' lang='lat' dir='ltr'><strong>anni</strong></span> <span class='ocrx_word' id='word_1_606' title='bbox 1118 1951 1204 1979; x_wconf 86' lang='lat' dir='ltr'><strong>nostri</strong></span> <span class='ocrx_word' id='word_1_607' title='bbox 1221 1950 1303 1985; x_wconf 84' lang='lat' dir='ltr'><strong>hujus</strong></span> <span class='ocrx_word' id='word_1_608' title='bbox 1316 1952 1497 1983; x_wconf 67' lang='lat' dir='ltr'><strong>temporaneae</strong></span> <span class='ocrx_word' id='word_1_609' title='bbox 1515 1947 1575 1975; x_wconf 69' lang='lat' dir='ltr'><strong>vitae</strong></span> <span class='ocrx_word' id='word_1_610' title='bbox 1599 1946 1626 1973; x_wconf 92' lang='lat' dir='ltr'><strong>in</strong></span> <span class='ocrx_word' id='word_1_611' title='bbox 1651 1949 1761 1980; x_wconf 88' lang='lat' dir='ltr'><strong>septua-</strong></span> 
     </span>
    </p>
   </div>
   <div class='ocr_carea' id='block_1_86' title="bbox 974 1991 1762 2034">
    <p class='ocr_par' dir='ltr' id='par_1_86' title="bbox 974 1991 1762 2034">
     <span class='ocr_line' id='line_1_86' title="bbox 974 1991 1762 2034; baseline -0.011 -7"><span class='ocrx_word' id='word_1_612' title='bbox 974 2000 1048 2034; x_wconf 76' lang='lat' dir='ltr'><strong>ginta</strong></span> <span class='ocrx_word' id='word_1_613' title='bbox 1069 1999 1111 2026; x_wconf 82' lang='lat' dir='ltr'><strong>vel</strong></span> <span class='ocrx_word' id='word_1_614' title='bbox 1127 1997 1265 2031; x_wconf 78' lang='lat' dir='ltr'><strong>octoginta</strong></span> <span class='ocrx_word' id='word_1_615' title='bbox 1282 2001 1417 2022; x_wconf 90' lang='lat' dir='ltr'><strong>annorum</strong></span> <span class='ocrx_word' id='word_1_616' title='bbox 1443 2000 1587 2020; x_wconf 85' lang='lat' dir='ltr'><strong>numerum</strong></span> <span class='ocrx_word' id='word_1_617' title='bbox 1604 1991 1762 2027; x_wconf 85' lang='lat' dir='ltr'><strong>producun-</strong></span> 
     </span>
    </p>
   </div>
   <div class='ocr_carea' id='block_1_87' title="bbox 974 2037 1762 2075">
    <p class='ocr_par' dir='ltr' id='par_1_87' title="bbox 974 2037 1762 2075">
     <span class='ocr_line' id='line_1_87' title="bbox 974 2037 1762 2075; baseline -0.011 -3"><span class='ocrx_word' id='word_1_618' title='bbox 974 2049 1038 2072; x_wconf 88' lang='lat' dir='ltr'><strong>tur:</strong></span> <span class='ocrx_word' id='word_1_619' title='bbox 1056 2047 1082 2071; x_wconf 87' lang='lat' dir='ltr'><strong>et</strong></span> <span class='ocrx_word' id='word_1_620' title='bbox 1098 2043 1154 2070; x_wconf 65' lang='lat' dir='ltr'><strong>haec</strong></span> <span class='ocrx_word' id='word_1_621' title='bbox 1171 2046 1265 2070; x_wconf 87' lang='lat' dir='ltr'><strong>nostra</strong></span> <span class='ocrx_word' id='word_1_622' title='bbox 1289 2048 1352 2075; x_wconf 84' lang='lat' dir='ltr'><strong>spes</strong></span> <span class='ocrx_word' id='word_1_623' title='bbox 1365 2043 1418 2072; x_wconf 88' lang='lat' dir='ltr'><strong>est,</strong></span> <span class='ocrx_word' id='word_1_624' title='bbox 1432 2043 1495 2074; x_wconf 87' lang='lat' dir='ltr'><strong>post</strong></span> <span class='ocrx_word' id='word_1_625' title='bbox 1517 2046 1599 2074; x_wconf 87' lang='lat' dir='ltr'><strong>quam</strong></span> <span class='ocrx_word' id='word_1_626' title='bbox 1617 2038 1692 2065; x_wconf 86' lang='lat' dir='ltr'><strong>nulla</strong></span> <span class='ocrx_word' id='word_1_627' title='bbox 1708 2037 1762 2064; x_wconf 77' lang='lat' dir='ltr'><strong>alia</strong></span> 
     </span>
    </p>
   </div>
   <div class='ocr_carea' id='block_1_88' title="bbox 974 2083 1763 2124">
    <p class='ocr_par' dir='ltr' id='par_1_88' title="bbox 974 2083 1763 2124">
     <span class='ocr_line' id='line_1_88' title="bbox 974 2083 1763 2124; baseline -0.011 -6"><span class='ocrx_word' id='word_1_628' title='bbox 974 2098 1024 2118; x_wconf 91' lang='lat' dir='ltr'><strong>nos</strong></span> <span class='ocrx_word' id='word_1_629' title='bbox 1038 2089 1162 2124; x_wconf 83' lang='lat' dir='ltr'><strong>excipiet.</strong></span> <span class='ocrx_word' id='word_1_630' title='bbox 1187 2087 1294 2115; x_wconf 87' lang='lat' dir='ltr'><strong>Succisi</strong></span> <span class='ocrx_word' id='word_1_631' title='bbox 1309 2087 1381 2115; x_wconf 85' lang='lat' dir='ltr'><strong>enim</strong></span> <span class='ocrx_word' id='word_1_632' title='bbox 1398 2088 1511 2121; x_wconf 87' lang='lat' dir='ltr'><strong>repente</strong></span> <span class='ocrx_word' id='word_1_633' title='bbox 1524 2085 1552 2111; x_wconf 90' lang='lat' dir='ltr'><strong>in</strong></span> <span class='ocrx_word' id='word_1_634' title='bbox 1566 2088 1689 2119; x_wconf 85' lang='lat' dir='ltr'><strong>tempore</strong></span> <span class='ocrx_word' id='word_1_635' title='bbox 1703 2083 1763 2110; x_wconf 83' lang='lat' dir='ltr'><strong>obi-</strong></span> 
     </span>
    </p>
   </div>
   <div class='ocr_carea' id='block_1_89' title="bbox 975 2132 1762 2169">
    <p class='ocr_par' dir='ltr' id='par_1_89' title="bbox 975 2132 1762 2169">
     <span class='ocr_line' id='line_1_89' title="bbox 975 2132 1762 2169; baseline -0.009 -6"><span class='ocrx_word' id='word_1_636' title='bbox 975 2142 1029 2169; x_wconf 88' lang='lat' dir='ltr'><strong>tus,</strong></span> <span class='ocrx_word' id='word_1_637' title='bbox 1046 2136 1185 2163; x_wconf 85' lang='lat' dir='ltr'><strong>avolamus</strong></span> <span class='ocrx_word' id='word_1_638' title='bbox 1200 2145 1206 2161; x_wconf 95' lang='lat'>:</span> <span class='ocrx_word' id='word_1_639' title='bbox 1222 2139 1316 2169; x_wconf 85' lang='lat' dir='ltr'><strong>postea</strong></span> <span class='ocrx_word' id='word_1_640' title='bbox 1331 2140 1397 2160; x_wconf 78' lang='lat' dir='ltr'><strong>vero</strong></span> <span class='ocrx_word' id='word_1_641' title='bbox 1420 2132 1486 2167; x_wconf 89' lang='lat' dir='ltr'><strong>quid</strong></span> <span class='ocrx_word' id='word_1_642' title='bbox 1512 2139 1563 2158; x_wconf 89' lang='lat' dir='ltr'><strong>nos</strong></span> <span class='ocrx_word' id='word_1_643' title='bbox 1584 2133 1762 2165; x_wconf 77' lang='lat' dir='ltr'><strong>excepturum</strong></span> 
     </span>
    </p>
   </div>
   <div class='ocr_carea' id='block_1_90' title="bbox 975 2175 1762 2215">
    <p class='ocr_par' dir='ltr' id='par_1_90' title="bbox 975 2175 1762 2215">
     <span class='ocr_line' id='line_1_90' title="bbox 975 2175 1762 2215; baseline -0.008 -7"><span class='ocrx_word' id='word_1_644' title='bbox 975 2181 1010 2209; x_wconf 89' lang='lat' dir='ltr'><strong>sit</strong></span> <span class='ocrx_word' id='word_1_645' title='bbox 1027 2180 1088 2215; x_wconf 85' lang='lat' dir='ltr'><strong>quis</strong></span> <span class='ocrx_word' id='word_1_646' title='bbox 1102 2179 1194 2206; x_wconf 78' lang='lat' dir='ltr'><strong>novit?</strong></span> <span class='ocrx_word' id='word_1_647' title='bbox 1209 2179 1277 2211; x_wconf 80' lang='lat' dir='ltr'><strong>Quis</strong></span> <span class='ocrx_word' id='word_1_648' title='bbox 1296 2177 1369 2205; x_wconf 86' lang='lat' dir='ltr'><strong>enim</strong></span> <span class='ocrx_word' id='word_1_649' title='bbox 1381 2177 1519 2212; x_wconf 82' lang='lat' dir='ltr'><strong>explicare</strong></span> <span class='ocrx_word' id='word_1_650' title='bbox 1533 2178 1631 2210; x_wconf 84' lang='lat' dir='ltr'><strong>potest,</strong></span> <span class='ocrx_word' id='word_1_651' title='bbox 1643 2179 1690 2201; x_wconf 89' lang='lat' dir='ltr'><strong>aut</strong></span> <span class='ocrx_word' id='word_1_652' title='bbox 1700 2175 1762 2209; x_wconf 86' lang='lat' dir='ltr'><strong>quis</strong></span> 
     </span>
    </p>
   </div>
   <div class='ocr_carea' id='block_1_91' title="bbox 974 2221 1760 2260">
    <p class='ocr_par' dir='ltr' id='par_1_91' title="bbox 974 2221 1760 2260">
     <span class='ocr_line' id='line_1_91' title="bbox 974 2221 1760 2260; baseline -0.01 -6"><span class='ocrx_word' id='word_1_653' title='bbox 974 2230 1101 2255; x_wconf 85' lang='lat' dir='ltr'><strong>accurate</strong></span> <span class='ocrx_word' id='word_1_654' title='bbox 1119 2233 1202 2253; x_wconf 88' lang='lat' dir='ltr'><strong>nosse</strong></span> <span class='ocrx_word' id='word_1_655' title='bbox 1222 2228 1312 2260; x_wconf 81' lang='lat' dir='ltr'><strong>potest</strong></span> <span class='ocrx_word' id='word_1_656' title='bbox 1335 2231 1367 2251; x_wconf 86' lang='lat' dir='ltr'><strong>ac</strong></span> <span class='ocrx_word' id='word_1_657' title='bbox 1389 2223 1490 2255; x_wconf 85' lang='lat' dir='ltr'><strong>dicere,</strong></span> <span class='ocrx_word' id='word_1_658' title='bbox 1508 2229 1568 2257; x_wconf 79' lang='lat' dir='ltr'><strong>quae</strong></span> <span class='ocrx_word' id='word_1_659' title='bbox 1584 2221 1623 2249; x_wconf 87' lang='lat' dir='ltr'><strong>sit.</strong></span> <span class='ocrx_word' id='word_1_660' title='bbox 1636 2221 1675 2247; x_wconf 86' lang='lat' dir='ltr'><strong>ira</strong></span> <span class='ocrx_word' id='word_1_661' title='bbox 1697 2221 1760 2252; x_wconf 84' lang='lat' dir='ltr'><strong>illa,</strong></span> 
     </span>
    </p>
   </div>
   <div class='ocr_carea' id='block_1_92' title="bbox 975 2264 1762 2309">
    <p class='ocr_par' dir='ltr' id='par_1_92' title="bbox 975 2264 1762 2309">
     <span class='ocr_line' id='line_1_92' title="bbox 975 2264 1762 2309; baseline -0.011 -9"><span class='ocrx_word' id='word_1_662' title='bbox 975 2280 1035 2309; x_wconf 71' lang='lat' dir='ltr'><strong>quze</strong></span> <span class='ocrx_word' id='word_1_663' title='bbox 1048 2275 1109 2307; x_wconf 87' lang='lat' dir='ltr'><strong>post</strong></span> <span class='ocrx_word' id='word_1_664' title='bbox 1124 2272 1195 2298; x_wconf 82' lang='lat' dir='ltr'><strong>hanc</strong></span> <span class='ocrx_word' id='word_1_665' title='bbox 1209 2271 1293 2298; x_wconf 77' lang='lat' dir='ltr'><strong>vitam</strong></span> <span class='ocrx_word' id='word_1_666' title='bbox 1310 2273 1467 2304; x_wconf 88' lang='lat' dir='ltr'><strong>peccatores</strong></span> <span class='ocrx_word' id='word_1_667' title='bbox 1481 2268 1611 2295; x_wconf 89' lang='lat' dir='ltr'><strong>invasura</strong></span> <span class='ocrx_word' id='word_1_668' title='bbox 1622 2266 1685 2293; x_wconf 88' lang='lat' dir='ltr'><strong>est?</strong></span> <span class='ocrx_word' id='word_1_669' title='bbox 1700 2264 1762 2292; x_wconf 81' lang='lat' dir='ltr'><strong>Ideo</strong></span> 
     </span>
    </p>
   </div>
   <div class='ocr_carea' id='block_1_93' title="bbox 131 2311 922 2354">
    <p class='ocr_par' dir='ltr' id='par_1_93' title="bbox 131 2316 921 2354">
     <span class='ocr_line' id='line_1_93' title="bbox 131 2316 921 2354; baseline -0.003 -9"><span class='ocrx_word' id='word_1_670' title='bbox 131 2319 218 2345; x_wconf 79' lang='grc' dir='ltr'>ταῦτα</span> <span class='ocrx_word' id='word_1_671' title='bbox 244 2318 307 2350; x_wconf 75' lang='grc' dir='ltr'>τοὺς</span> <span class='ocrx_word' id='word_1_672' title='bbox 330 2317 507 2354; x_wconf 81' lang='grc' dir='ltr'>ἁμαρτωλοὺς</span> <span class='ocrx_word' id='word_1_673' title='bbox 536 2316 743 2352; x_wconf 74' lang='grc' dir='ltr'>καταληψομένη</span> <span class='ocrx_word' id='word_1_674' title='bbox 768 2317 851 2354; x_wconf 85' lang='grc' dir='ltr'><strong>ὀργή;</strong></span> <span class='ocrx_word' id='word_1_675' title='bbox 875 2317 921 2343; x_wconf 84' lang='grc' dir='ltr'>Διό</span> 
     </span>
    </p>
   </div>
   <div class='ocr_carea' id='block_1_94' title="bbox 973 2311 1762 2354">
    <p class='ocr_par' dir='ltr' id='par_1_94' title="bbox 973 2311 1762 2352">
     <span class='ocr_line' id='line_1_94' title="bbox 973 2311 1762 2352; baseline -0.011 -6"><span class='ocrx_word' id='word_1_676' title='bbox 973 2320 1019 2350; x_wconf 83' lang='lat' dir='ltr'><strong>ait,</strong></span> <span class='ocrx_word' id='word_1_677' title='bbox 1036 2319 1102 2352; x_wconf 74' lang='lat' dir='ltr'><strong>Quis</strong></span> <span class='ocrx_word' id='word_1_678' title='bbox 1116 2318 1186 2344; x_wconf 81' lang='lat' dir='ltr'><strong>nouit</strong></span> <span class='ocrx_word' id='word_1_679' title='bbox 1202 2321 1355 2351; x_wconf 77' lang='lat' dir='ltr'><strong>potestatem</strong></span> <span class='ocrx_word' id='word_1_680' title='bbox 1374 2316 1422 2342; x_wconf 76' lang='lat' dir='ltr'><strong>irw</strong></span> <span class='ocrx_word' id='word_1_681' title='bbox 1441 2320 1511 2347; x_wconf 64' lang='lat' dir='ltr'><strong>tum,</strong></span> <span class='ocrx_word' id='word_1_682' title='bbox 1541 2318 1566 2339; x_wconf 85' lang='lat' dir='ltr'><strong>et</strong></span> <span class='ocrx_word' id='word_1_683' title='bbox 1590 2320 1644 2343; x_wconf 75' lang='lat' dir='ltr'><strong>pra:</strong></span> <span class='ocrx_word' id='word_1_684' title='bbox 1669 2311 1762 2338; x_wconf 85' lang='lat' dir='ltr'><strong>timore</strong></span> 
     </span>
    </p>
   </div>
   <div class='ocr_carea' id='block_1_95' title="bbox 131 2362 919 2401">
    <p class='ocr_par' dir='ltr' id='par_1_95' title="bbox 131 2362 919 2401">
     <span class='ocr_line' id='line_1_95' title="bbox 131 2362 919 2401; baseline -0.001 -10"><span class='ocrx_word' id='word_1_685' title='bbox 131 2372 216 2399; x_wconf 84' lang='grc' dir='ltr'>φησι’</span> <span class='ocrx_word' id='word_1_686' title='bbox 233 2365 280 2398; x_wconf 84' lang='grc' dir='ltr'>Τίς</span> <span class='ocrx_word' id='word_1_687' title='bbox 300 2364 438 2399; x_wconf 74' lang='grc' dir='ltr'>γινώσκει</span> <span class='ocrx_word' id='word_1_688' title='bbox 452 2363 485 2390; x_wconf 83' lang='grc' dir='ltr'>τὸ</span> <span class='ocrx_word' id='word_1_689' title='bbox 498 2362 607 2396; x_wconf 77' lang='grc' dir='ltr'>κράτος</span> <span class='ocrx_word' id='word_1_690' title='bbox 619 2362 673 2397; x_wconf 80' lang='grc' dir='ltr'>τῆς</span> <span class='ocrx_word' id='word_1_691' title='bbox 687 2362 777 2401; x_wconf 68' lang='grc' dir='ltr'>ᾀργιῆς</span> <span class='ocrx_word' id='word_1_692' title='bbox 788 2371 856 2395; x_wconf 88' lang='grc' dir='ltr'>σου,</span> <span class='ocrx_word' id='word_1_693' title='bbox 871 2363 919 2390; x_wconf 81' lang='grc' dir='ltr'>καὶ</span> 
     </span>
    </p>
   </div>
   <div class='ocr_carea' id='block_1_96' title="bbox 130 2407 921 2445">
    <p class='ocr_par' dir='ltr' id='par_1_96' title="bbox 130 2407 921 2445">
     <span class='ocr_line' id='line_1_96' title="bbox 130 2407 921 2445; baseline -0.003 -8"><span class='ocrx_word' id='word_1_694' title='bbox 130 2410 190 2441; x_wconf 71' lang='grc' dir='ltr'><strong>ἀπὸ</strong></span> <span class='ocrx_word' id='word_1_695' title='bbox 207 2410 260 2437; x_wconf 83' lang='grc' dir='ltr'><strong>τοῦ</strong></span> <span class='ocrx_word' id='word_1_696' title='bbox 277 2412 370 2445; x_wconf 64' lang='grc' dir='ltr'>φόϐου</span> <span class='ocrx_word' id='word_1_697' title='bbox 381 2417 440 2437; x_wconf 85' lang='grc' dir='ltr'><strong>σου</strong></span> <span class='ocrx_word' id='word_1_698' title='bbox 455 2410 506 2437; x_wconf 77' lang='grc' dir='ltr'><strong>τὸν</strong></span> <span class='ocrx_word' id='word_1_699' title='bbox 517 2411 612 2445; x_wconf 80' lang='grc' dir='ltr'>θυμόν</span> <span class='ocrx_word' id='word_1_700' title='bbox 628 2418 704 2442; x_wconf 88' lang='grc' dir='ltr'>σου;</span> <span class='ocrx_word' id='word_1_701' title='bbox 719 2410 766 2441; x_wconf 86' lang='grc' dir='ltr'><strong>Τίς</strong></span> <span class='ocrx_word' id='word_1_702' title='bbox 778 2410 806 2436; x_wconf 80' lang='grc' dir='ltr'><strong>δὲ</strong></span> <span class='ocrx_word' id='word_1_703' title='bbox 822 2407 877 2441; x_wconf 82' lang='grc' dir='ltr'>οἷός</span> <span class='ocrx_word' id='word_1_704' title='bbox 891 2409 921 2435; x_wconf 82' lang='grc' dir='ltr'><strong><em>τὲ</em></strong></span> 
     </span>
    </p>
   </div>
   <div class='ocr_carea' id='block_1_97' title="bbox 131 2454 920 2492">
    <p class='ocr_par' dir='ltr' id='par_1_97' title="bbox 131 2454 920 2492">
     <span class='ocr_line' id='line_1_97' title="bbox 131 2454 920 2492; baseline -0.003 -10"><span class='ocrx_word' id='word_1_705' title='bbox 131 2456 207 2482; x_wconf 75' lang='grc' dir='ltr'>ἔστιν</span> <span class='ocrx_word' id='word_1_706' title='bbox 223 2455 456 2491; x_wconf 76' lang='grc' dir='ltr'>ἐξαριθμήσασθαι</span> <span class='ocrx_word' id='word_1_707' title='bbox 480 2455 529 2492; x_wconf 82' lang='grc' dir='ltr'>τὴν</span> <span class='ocrx_word' id='word_1_708' title='bbox 544 2455 633 2487; x_wconf 80' lang='grc' dir='ltr'>δεξιάν</span> <span class='ocrx_word' id='word_1_709' title='bbox 656 2463 722 2487; x_wconf 89' lang='grc' dir='ltr'>σου;</span> <span class='ocrx_word' id='word_1_710' title='bbox 744 2454 823 2481; x_wconf 74' lang='grc' dir='ltr'>Ἀλλὰ</span> <span class='ocrx_word' id='word_1_711' title='bbox 841 2454 871 2480; x_wconf 85' lang='grc' dir='ltr'>σύ</span> <span class='ocrx_word' id='word_1_712' title='bbox 889 2463 920 2489; x_wconf 79' lang='grc' dir='ltr'>γε</span> 
     </span>
    </p>
   </div>
   <div class='ocr_carea' id='block_1_98' title="bbox 130 2500 920 2538">
    <p class='ocr_par' dir='ltr' id='par_1_98' title="bbox 130 2500 920 2538">
     <span class='ocr_line' id='line_1_98' title="bbox 130 2500 920 2538; baseline -0.001 -10"><span class='ocrx_word' id='word_1_713' title='bbox 130 2503 197 2538; x_wconf 83' lang='grc' dir='ltr'>ἡμῖν</span> <span class='ocrx_word' id='word_1_714' title='bbox 209 2501 224 2528; x_wconf 82' lang='grc' dir='ltr'>ὁ</span> <span class='ocrx_word' id='word_1_715' title='bbox 240 2500 307 2532; x_wconf 78' lang='grc' dir='ltr'>Θεὸς</span> <span class='ocrx_word' id='word_1_716' title='bbox 322 2501 445 2528; x_wconf 78' lang='grc' dir='ltr'>ἐντεῦθεν</span> <span class='ocrx_word' id='word_1_717' title='bbox 459 2502 509 2537; x_wconf 79' lang='grc' dir='ltr'>ἤδη</span> <span class='ocrx_word' id='word_1_718' title='bbox 530 2500 661 2536; x_wconf 83' lang='grc' dir='ltr'>γνώρισον</span> <span class='ocrx_word' id='word_1_719' title='bbox 686 2501 735 2536; x_wconf 85' lang='grc' dir='ltr'>τὴν</span> <span class='ocrx_word' id='word_1_720' title='bbox 758 2501 846 2533; x_wconf 83' lang='grc' dir='ltr'>δεξιάν</span> <span class='ocrx_word' id='word_1_721' title='bbox 863 2509 920 2533; x_wconf 87' lang='grc' dir='ltr'>σου,</span> 
     </span>
    </p>
   </div>
   <div class='ocr_carea' id='block_1_99' title="bbox 132 2545 920 2583">
    <p class='ocr_par' dir='ltr' id='par_1_99' title="bbox 132 2545 920 2583">
     <span class='ocr_line' id='line_1_99' title="bbox 132 2545 920 2583; baseline 0.001 -10"><span class='ocrx_word' id='word_1_722' title='bbox 132 2547 173 2578; x_wconf 86' lang='grc' dir='ltr'><strong>εἰς</strong></span> <span class='ocrx_word' id='word_1_723' title='bbox 188 2546 218 2573; x_wconf 88' lang='grc' dir='ltr'>τὸ</span> <span class='ocrx_word' id='word_1_724' title='bbox 240 2545 369 2573; x_wconf 85' lang='grc' dir='ltr'>δύνασθαι</span> <span class='ocrx_word' id='word_1_725' title='bbox 385 2547 459 2583; x_wconf 79' lang='grc' dir='ltr'>ἡμᾶς</span> <span class='ocrx_word' id='word_1_726' title='bbox 475 2548 545 2574; x_wconf 81' lang='grc' dir='ltr'>νοεῖν</span> <span class='ocrx_word' id='word_1_727' title='bbox 565 2555 595 2573; x_wconf 87' lang='grc' dir='ltr'><strong>τε</strong></span> <span class='ocrx_word' id='word_1_728' title='bbox 610 2547 693 2582; x_wconf 82' lang='grc' dir='ltr'>αὐτὴν</span> <span class='ocrx_word' id='word_1_729' title='bbox 716 2547 762 2574; x_wconf 82' lang='grc' dir='ltr'>καὶ</span> <span class='ocrx_word' id='word_1_730' title='bbox 775 2547 825 2579; x_wconf 77' lang='grc' dir='ltr'><strong>τὰς</strong></span> <span class='ocrx_word' id='word_1_731' title='bbox 841 2547 920 2574; x_wconf 78' lang='grc' dir='ltr'>δυνά-</span> 
     </span>
    </p>
   </div>
   <div class='ocr_carea' id='block_1_100' title="bbox 133 2591 923 2628">
    <p class='ocr_par' dir='ltr' id='par_1_100' title="bbox 133 2591 923 2628">
     <span class='ocr_line' id='line_1_100' title="bbox 133 2591 923 2628; baseline 0.001 -10"><span class='ocrx_word' id='word_1_732' title='bbox 133 2600 195 2627; x_wconf 76' lang='grc' dir='ltr'>μεις</span> <span class='ocrx_word' id='word_1_733' title='bbox 213 2591 298 2626; x_wconf 81' lang='grc' dir='ltr'>αὐτῆς</span> <span class='ocrx_word' id='word_1_734' title='bbox 308 2592 532 2628; x_wconf 79' lang='grc' dir='ltr'>ἀπαριθμεῖσθαι.</span> <span class='ocrx_word' id='word_1_735' title='bbox 548 2592 642 2625; x_wconf 78' lang='grc' dir='ltr'>Δεξιὰν</span> <span class='ocrx_word' id='word_1_736' title='bbox 659 2593 687 2619; x_wconf 81' lang='grc' dir='ltr'><strong>δὲ</strong></span> <span class='ocrx_word' id='word_1_737' title='bbox 713 2593 780 2619; x_wconf 83' lang='grc' dir='ltr'>Θεοῦ</span> <span class='ocrx_word' id='word_1_738' title='bbox 796 2593 840 2619; x_wconf 82' lang='grc' dir='ltr'>τὸν</span> <span class='ocrx_word' id='word_1_739' title='bbox 857 2594 923 2627; x_wconf 87' lang='grc' dir='ltr'>Χρι-</span> 
     </span>
    </p>
   </div>
   <div class='ocr_carea' id='block_1_101' title="bbox 133 2637 923 2675">
    <p class='ocr_par' dir='ltr' id='par_1_101' title="bbox 133 2637 923 2675">
     <span class='ocr_line' id='line_1_101' title="bbox 133 2637 923 2675; baseline 0.001 -11"><span class='ocrx_word' id='word_1_740' title='bbox 133 2637 195 2664; x_wconf 81' lang='grc' dir='ltr'>στὸν</span> <span class='ocrx_word' id='word_1_741' title='bbox 219 2637 302 2664; x_wconf 84' lang='grc' dir='ltr'>αὐτοῦ</span> <span class='ocrx_word' id='word_1_742' title='bbox 320 2638 448 2670; x_wconf 80' lang='grc' dir='ltr'>πολλάκις</span> <span class='ocrx_word' id='word_1_743' title='bbox 471 2639 593 2672; x_wconf 77' lang='grc' dir='ltr'>ἐδίδαξαν</span> <span class='ocrx_word' id='word_1_744' title='bbox 618 2640 642 2666; x_wconf 84' lang='grc' dir='ltr'>οἱ</span> <span class='ocrx_word' id='word_1_745' title='bbox 669 2640 735 2675; x_wconf 76' lang='grc' dir='ltr'>ἱεροὶ</span> <span class='ocrx_word' id='word_1_746' title='bbox 748 2639 831 2673; x_wconf 80' lang='grc' dir='ltr'>λόγοι.</span> <span class='ocrx_word' id='word_1_747' title='bbox 856 2639 923 2665; x_wconf 86' lang='grc' dir='ltr'>Παι-</span> 
     </span>
    </p>
   </div>
   <div class='ocr_carea' id='block_1_102' title="bbox 131 2682 925 2721">
    <p class='ocr_par' dir='ltr' id='par_1_102' title="bbox 131 2682 925 2721">
     <span class='ocr_line' id='line_1_102' title="bbox 131 2682 925 2721; baseline 0.003 -12"><span class='ocrx_word' id='word_1_748' title='bbox 131 2682 256 2711; x_wconf 81' lang='grc' dir='ltr'>δεύονται</span> <span class='ocrx_word' id='word_1_749' title='bbox 270 2683 358 2710; x_wconf 79' lang='grc' dir='ltr'>τοίνυν</span> <span class='ocrx_word' id='word_1_750' title='bbox 373 2685 397 2711; x_wconf 77' lang='grc' dir='ltr'>οἱ</span> <span class='ocrx_word' id='word_1_751' title='bbox 413 2684 563 2720; x_wconf 83' lang='grc' dir='ltr'>δηλούμενα</span> <span class='ocrx_word' id='word_1_752' title='bbox 585 2685 654 2720; x_wconf 72' lang='grc' dir='ltr'>μετὰ</span> <span class='ocrx_word' id='word_1_753' title='bbox 673 2685 722 2720; x_wconf 81' lang='grc' dir='ltr'><strong>τὴν</strong></span> <span class='ocrx_word' id='word_1_754' title='bbox 735 2684 925 2721; x_wconf 77' lang='grc' dir='ltr'>ἐξομολόγησιν</span> 
     </span>
    </p>
   </div>
   <div class='ocr_carea' id='block_1_103' title="bbox 132 2727 924 2767">
    <p class='ocr_par' dir='ltr' id='par_1_103' title="bbox 132 2727 924 2767">
     <span class='ocr_line' id='line_1_103' title="bbox 132 2727 924 2767; baseline 0.003 -11"><span class='ocrx_word' id='word_1_755' title='bbox 132 2727 259 2765; x_wconf 78' lang='grc' dir='ltr'>ιῦχεσθαι</span> <span class='ocrx_word' id='word_1_756' title='bbox 283 2728 481 2766; x_wconf 77' lang='grc' dir='ltr'>καταξιωθῆναι</span> <span class='ocrx_word' id='word_1_757' title='bbox 505 2731 612 2767; x_wconf 84' lang='grc' dir='ltr'>πρῶτον</span> <span class='ocrx_word' id='word_1_758' title='bbox 641 2732 690 2767; x_wconf 83' lang='grc' dir='ltr'><strong>μὲν</strong></span> <span class='ocrx_word' id='word_1_759' title='bbox 713 2731 763 2767; x_wconf 83' lang='grc' dir='ltr'>τῆς</span> <span class='ocrx_word' id='word_1_760' title='bbox 788 2731 834 2758; x_wconf 85' lang='grc' dir='ltr'><strong>τοῦ</strong></span> <span class='ocrx_word' id='word_1_761' title='bbox 857 2730 924 2757; x_wconf 81' lang='grc' dir='ltr'>Θεοῦ</span> 
     </span>
    </p>
   </div>
   <div class='ocr_carea' id='block_1_104' title="bbox 134 2775 925 2813">
    <p class='ocr_par' dir='ltr' id='par_1_104' title="bbox 134 2775 925 2813">
     <span class='ocr_line' id='line_1_104' title="bbox 134 2775 925 2813; baseline 0.003 -12"><span class='ocrx_word' id='word_1_762' title='bbox 134 2776 300 2811; x_wconf 79' lang='grc' dir='ltr'>πραΰτητος,</span> <span class='ocrx_word' id='word_1_763' title='bbox 316 2776 354 2807; x_wconf 84' lang='grc' dir='ltr'>ὡς</span> <span class='ocrx_word' id='word_1_764' title='bbox 370 2775 403 2802; x_wconf 82' lang='grc' dir='ltr'><strong>ἂν</strong></span> <span class='ocrx_word' id='word_1_765' title='bbox 420 2776 588 2804; x_wconf 77' lang='grc' dir='ltr'>παιδευθεῑεν</span> <span class='ocrx_word' id='word_1_766' title='bbox 602 2777 634 2803; x_wconf 77' lang='grc' dir='ltr'><strong>δι’</strong></span> <span class='ocrx_word' id='word_1_767' title='bbox 647 2777 731 2813; x_wconf 77' lang='grc' dir='ltr'>αὐτῆς</span> <span class='ocrx_word' id='word_1_768' title='bbox 744 2784 751 2792; x_wconf 91' lang='grc'><strong>·</strong></span> <span class='ocrx_word' id='word_1_769' title='bbox 769 2776 863 2803; x_wconf 79' lang='grc' dir='ltr'>ἔπειτα</span> <span class='ocrx_word' id='word_1_770' title='bbox 875 2776 925 2812; x_wconf 84' lang='grc' dir='ltr'>τῆς</span> 
     </span>
    </p>
   </div>
   <div class='ocr_carea' id='block_1_105' title="bbox 134 2821 923 2859">
    <p class='ocr_par' dir='ltr' id='par_1_105' title="bbox 134 2821 923 2859">
     <span class='ocr_line' id='line_1_105' title="bbox 134 2821 923 2859; baseline 0.001 -11"><span class='ocrx_word' id='word_1_771' title='bbox 134 2821 222 2855; x_wconf 74' lang='grc' dir='ltr'>δεξιᾶς</span> <span class='ocrx_word' id='word_1_772' title='bbox 231 2822 325 2855; x_wconf 78' lang='grc' dir='ltr'>αὑτοῦ,</span> <span class='ocrx_word' id='word_1_773' title='bbox 334 2822 433 2858; x_wconf 84' lang='grc' dir='ltr'>δηλαδὴ</span> <span class='ocrx_word' id='word_1_774' title='bbox 446 2823 496 2859; x_wconf 84' lang='grc' dir='ltr'>τῆς</span> <span class='ocrx_word' id='word_1_775' title='bbox 505 2823 630 2858; x_wconf 82' lang='grc' dir='ltr'>γνώσεως</span> <span class='ocrx_word' id='word_1_776' title='bbox 640 2823 687 2850; x_wconf 87' lang='grc' dir='ltr'><strong>τοῦ</strong></span> <span class='ocrx_word' id='word_1_777' title='bbox 701 2823 817 2859; x_wconf 77' lang='grc' dir='ltr'>Χριστοῦ</span> <span class='ocrx_word' id='word_1_778' title='bbox 831 2822 923 2855; x_wconf 76' lang='grc' dir='ltr'>αὐτοῦ,</span> 
     </span>
    </p>
   </div>
   <div class='ocr_carea' id='block_1_106' title="bbox 171 2900 396 2934">
    <p class='ocr_par' dir='ltr' id='par_1_106' title="bbox 171 2900 396 2934">
     <span class='ocr_line' id='line_1_106' title="bbox 171 2900 396 2934; baseline 0.009 -5"><span class='ocrx_word' id='word_1_779' title='bbox 171 2901 193 2917; x_wconf 83' lang='grc'><em>⁴⁰</em></span> <span class='ocrx_word' id='word_1_780' title='bbox 213 2900 266 2934; x_wconf 72' lang='lat' dir='ltr'><strong>(sa.</strong></span> <span class='ocrx_word' id='word_1_781' title='bbox 287 2908 351 2933; x_wconf 65' lang='lat' dir='ltr'><strong>ux,</strong></span> <span class='ocrx_word' id='word_1_782' title='bbox 367 2901 396 2931; x_wconf 65' lang='lat'><strong>5.,</strong></span> 
     </span>
    </p>
   </div>
   <div class='ocr_carea' id='block_1_107' title="bbox 975 2358 1762 2396">
    <p class='ocr_par' dir='ltr' id='par_1_107' title="bbox 975 2358 1762 2396">
     <span class='ocr_line' id='line_1_107' title="bbox 975 2358 1762 2396; baseline -0.01 -5"><span class='ocrx_word' id='word_1_783' title='bbox 975 2370 1018 2392; x_wconf 85' lang='lat' dir='ltr'><strong>tuo</strong></span> <span class='ocrx_word' id='word_1_784' title='bbox 1035 2365 1104 2391; x_wconf 80' lang='lat' dir='ltr'><strong>iram</strong></span> <span class='ocrx_word' id='word_1_785' title='bbox 1118 2369 1190 2390; x_wconf 86' lang='lat' dir='ltr'><strong>tuam</strong></span> <span class='ocrx_word' id='word_1_786' title='bbox 1202 2365 1214 2391; x_wconf 84' lang='lat'><strong><em>?</em></strong></span> <span class='ocrx_word' id='word_1_787' title='bbox 1225 2362 1292 2396; x_wconf 88' lang='lat' dir='ltr'><strong>Quis</strong></span> <span class='ocrx_word' id='word_1_788' title='bbox 1315 2363 1490 2390; x_wconf 84' lang='lat' dir='ltr'><strong>dinumerare</strong></span> <span class='ocrx_word' id='word_1_789' title='bbox 1510 2362 1599 2394; x_wconf 85' lang='lat' dir='ltr'><strong>potest</strong></span> <span class='ocrx_word' id='word_1_790' title='bbox 1622 2358 1762 2387; x_wconf 76' lang='lat' dir='ltr'><strong>dexteram</strong></span> 
     </span>
    </p>
   </div>
   <div class='ocr_carea' id='block_1_108' title="bbox 975 2405 1764 2437">
    <p class='ocr_par' dir='ltr' id='par_1_108' title="bbox 975 2405 1764 2437">
     <span class='ocr_line' id='line_1_108' title="bbox 975 2405 1764 2437; baseline -0.01 0"><span class='ocrx_word' id='word_1_791' title='bbox 975 2410 1066 2436; x_wconf 85' lang='lat' dir='ltr'><strong>tuam?</strong></span> <span class='ocrx_word' id='word_1_792' title='bbox 1086 2409 1137 2437; x_wconf 89' lang='lat' dir='ltr'><strong>Sed</strong></span> <span class='ocrx_word' id='word_1_793' title='bbox 1155 2413 1183 2436; x_wconf 89' lang='lat' dir='ltr'><strong>tu</strong></span> <span class='ocrx_word' id='word_1_794' title='bbox 1201 2407 1272 2436; x_wconf 84' lang='lat' dir='ltr'><strong>Deus</strong></span> <span class='ocrx_word' id='word_1_795' title='bbox 1299 2407 1345 2435; x_wconf 86' lang='lat' dir='ltr'><strong>hic</strong></span> <span class='ocrx_word' id='word_1_796' title='bbox 1368 2406 1449 2434; x_wconf 84' lang='lat' dir='ltr'><strong>nobis</strong></span> <span class='ocrx_word' id='word_1_797' title='bbox 1472 2405 1611 2432; x_wconf 80' lang='lat' dir='ltr'><strong>dexteram</strong></span> <span class='ocrx_word' id='word_1_798' title='bbox 1627 2408 1701 2430; x_wconf 87' lang='lat' dir='ltr'><strong>tuam</strong></span> <span class='ocrx_word' id='word_1_799' title='bbox 1717 2410 1764 2430; x_wconf 85' lang='lat' dir='ltr'><strong>no-</strong></span> 
     </span>
    </p>
   </div>
   <div class='ocr_carea' id='block_1_109' title="bbox 974 2448 1763 2488">
    <p class='ocr_par' dir='ltr' id='par_1_109' title="bbox 974 2448 1763 2488">
     <span class='ocr_line' id='line_1_109' title="bbox 974 2448 1763 2488; baseline -0.006 -7"><span class='ocrx_word' id='word_1_800' title='bbox 974 2458 1030 2481; x_wconf 90' lang='lat' dir='ltr'><strong>tam</strong></span> <span class='ocrx_word' id='word_1_801' title='bbox 1045 2454 1098 2485; x_wconf 83' lang='lat' dir='ltr'><strong>l&#39;ac.</strong></span> <span class='ocrx_word' id='word_1_802' title='bbox 1116 2457 1146 2480; x_wconf 90' lang='lat' dir='ltr'><strong>ut</strong></span> <span class='ocrx_word' id='word_1_803' title='bbox 1160 2453 1297 2488; x_wconf 88' lang='lat' dir='ltr'><strong>possimus</strong></span> <span class='ocrx_word' id='word_1_804' title='bbox 1313 2452 1387 2478; x_wconf 84' lang='lat' dir='ltr'><strong>illam</strong></span> <span class='ocrx_word' id='word_1_805' title='bbox 1412 2449 1579 2484; x_wconf 84' lang='lat' dir='ltr'><strong>intelligere,</strong></span> <span class='ocrx_word' id='word_1_806' title='bbox 1606 2453 1634 2477; x_wconf 84' lang='lat' dir='ltr'><strong>et</strong></span> <span class='ocrx_word' id='word_1_807' title='bbox 1647 2448 1763 2476; x_wconf 84' lang='lat' dir='ltr'><strong>virtutes</strong></span> 
     </span>
    </p>
   </div>
   <div class='ocr_carea' id='block_1_110' title="bbox 975 2494 1761 2536">
    <p class='ocr_par' dir='ltr' id='par_1_110' title="bbox 975 2494 1761 2536">
     <span class='ocr_line' id='line_1_110' title="bbox 975 2494 1761 2536; baseline -0.01 -7"><span class='ocrx_word' id='word_1_808' title='bbox 975 2502 1034 2536; x_wconf 87' lang='lat' dir='ltr'><strong>ejus</strong></span> <span class='ocrx_word' id='word_1_809' title='bbox 1058 2501 1243 2528; x_wconf 86' lang='lat' dir='ltr'><strong>dinumerare.</strong></span> <span class='ocrx_word' id='word_1_810' title='bbox 1261 2497 1406 2525; x_wconf 83' lang='lat' dir='ltr'><strong>Dexteram</strong></span> <span class='ocrx_word' id='word_1_811' title='bbox 1429 2502 1510 2531; x_wconf 88' lang='lat' dir='ltr'><strong>porro</strong></span> <span class='ocrx_word' id='word_1_812' title='bbox 1534 2494 1602 2526; x_wconf 77' lang='lat' dir='ltr'><strong>Dei,</strong></span> <span class='ocrx_word' id='word_1_813' title='bbox 1622 2494 1761 2522; x_wconf 83' lang='lat' dir='ltr'><strong>Christum</strong></span> 
     </span>
    </p>
   </div>
   <div class='ocr_carea' id='block_1_111' title="bbox 975 2539 1762 2580">
    <p class='ocr_par' dir='ltr' id='par_1_111' title="bbox 975 2539 1762 2580">
     <span class='ocr_line' id='line_1_111' title="bbox 975 2539 1762 2580; baseline -0.009 -7"><span class='ocrx_word' id='word_1_814' title='bbox 975 2547 1034 2580; x_wconf 87' lang='lat' dir='ltr'><strong>ejus</strong></span> <span class='ocrx_word' id='word_1_815' title='bbox 1050 2544 1292 2580; x_wconf 59' lang='lat' dir='ltr'><strong>csse,plerumque</strong></span> <span class='ocrx_word' id='word_1_816' title='bbox 1305 2542 1459 2570; x_wconf 85' lang='lat' dir='ltr'><strong>docuerunt</strong></span> <span class='ocrx_word' id='word_1_817' title='bbox 1480 2547 1567 2568; x_wconf 70' lang='lat' dir='ltr'><strong>sacra:</strong></span> <span class='ocrx_word' id='word_1_818' title='bbox 1587 2540 1694 2570; x_wconf 77' lang='lat' dir='ltr'><strong>litterze.</strong></span> <span class='ocrx_word' id='word_1_819' title='bbox 1721 2539 1762 2567; x_wconf 91' lang='lat' dir='ltr'><strong>llli</strong></span> 
     </span>
    </p>
   </div>
   <div class='ocr_carea' id='block_1_112' title="bbox 976 2585 1764 2627">
    <p class='ocr_par' dir='ltr' id='par_1_112' title="bbox 976 2585 1764 2627">
     <span class='ocr_line' id='line_1_112' title="bbox 976 2585 1764 2627; baseline -0.01 -7"><span class='ocrx_word' id='word_1_820' title='bbox 976 2593 1068 2627; x_wconf 84' lang='lat' dir='ltr'><strong>itaque</strong></span> <span class='ocrx_word' id='word_1_821' title='bbox 1086 2591 1144 2626; x_wconf 83' lang='lat' dir='ltr'><strong>jam</strong></span> <span class='ocrx_word' id='word_1_822' title='bbox 1166 2589 1310 2617; x_wconf 86' lang='lat' dir='ltr'><strong>memorati</strong></span> <span class='ocrx_word' id='word_1_823' title='bbox 1331 2587 1523 2618; x_wconf 86' lang='lat' dir='ltr'><strong>instituuntur,</strong></span> <span class='ocrx_word' id='word_1_824' title='bbox 1537 2589 1567 2613; x_wconf 88' lang='lat' dir='ltr'><strong>ut</strong></span> <span class='ocrx_word' id='word_1_825' title='bbox 1581 2589 1642 2621; x_wconf 83' lang='lat' dir='ltr'><strong>post</strong></span> <span class='ocrx_word' id='word_1_826' title='bbox 1658 2585 1764 2613; x_wconf 76' lang='lat' dir='ltr'><strong>confes-</strong></span> 
     </span>
    </p>
   </div>
   <div class='ocr_carea' id='block_1_113' title="bbox 977 2631 1763 2669">
    <p class='ocr_par' dir='ltr' id='par_1_113' title="bbox 977 2631 1763 2669">
     <span class='ocr_line' id='line_1_113' title="bbox 977 2631 1763 2669; baseline -0.01 -3"><span class='ocrx_word' id='word_1_827' title='bbox 977 2641 1081 2666; x_wconf 84' lang='lat' dir='ltr'><strong>sionem</strong></span> <span class='ocrx_word' id='word_1_828' title='bbox 1095 2635 1215 2664; x_wconf 81' lang='lat' dir='ltr'><strong>conferri</strong></span> <span class='ocrx_word' id='word_1_829' title='bbox 1238 2635 1291 2662; x_wconf 89' lang='lat' dir='ltr'><strong>sibi</strong></span> <span class='ocrx_word' id='word_1_830' title='bbox 1311 2636 1477 2669; x_wconf 81' lang='lat' dir='ltr'><strong>precentur,</strong></span> <span class='ocrx_word' id='word_1_831' title='bbox 1498 2632 1587 2667; x_wconf 88' lang='lat' dir='ltr'><strong>primo</strong></span> <span class='ocrx_word' id='word_1_832' title='bbox 1609 2631 1657 2659; x_wconf 86' lang='lat' dir='ltr'><strong>Dei</strong></span> <span class='ocrx_word' id='word_1_833' title='bbox 1684 2639 1763 2658; x_wconf 87' lang='lat' dir='ltr'><strong>man-</strong></span> 
     </span>
    </p>
   </div>
   <div class='ocr_carea' id='block_1_114' title="bbox 977 2671 1764 2718">
    <p class='ocr_par' dir='ltr' id='par_1_114' title="bbox 977 2671 1764 2718">
     <span class='ocr_line' id='line_1_114' title="bbox 977 2671 1764 2718; baseline -0.011 -7"><span class='ocrx_word' id='word_1_834' title='bbox 977 2683 1158 2714; x_wconf 86' lang='lat' dir='ltr'><strong>suetudinem,</strong></span> <span class='ocrx_word' id='word_1_835' title='bbox 1169 2685 1199 2708; x_wconf 92' lang='lat' dir='ltr'><strong>ut</strong></span> <span class='ocrx_word' id='word_1_836' title='bbox 1214 2680 1302 2708; x_wconf 25' lang='lat' dir='ltr'><strong>abiilla</strong></span> <span class='ocrx_word' id='word_1_837' title='bbox 1314 2671 1496 2718; x_wconf 46' lang='lat' dir='ltr'><strong>audiantur,</strong></span> <span class='ocrx_word' id='word_1_838' title='bbox 1504 2677 1603 2709; x_wconf 77' lang='lat' dir='ltr'><strong>deinde</strong></span> <span class='ocrx_word' id='word_1_839' title='bbox 1622 2676 1764 2704; x_wconf 82' lang='lat' dir='ltr'><strong>dexteram</strong></span> 
     </span>
    </p>
   </div>
   <div class='ocr_carea' id='block_1_115' title="bbox 977 2718 1802 2766">
    <p class='ocr_par' dir='ltr' id='par_1_115' title="bbox 977 2718 1802 2766">
     <span class='ocr_line' id='line_1_115' title="bbox 977 2718 1802 2766; baseline -0.012 -8"><span class='ocrx_word' id='word_1_840' title='bbox 977 2731 1046 2766; x_wconf 87' lang='lat' dir='ltr'><strong>ejus,</strong></span> <span class='ocrx_word' id='word_1_841' title='bbox 1062 2729 1168 2758; x_wconf 89' lang='lat' dir='ltr'><strong>scilicet</strong></span> <span class='ocrx_word' id='word_1_842' title='bbox 1181 2727 1364 2762; x_wconf 81' lang='lat' dir='ltr'><strong>cognitionem</strong></span> <span class='ocrx_word' id='word_1_843' title='bbox 1378 2718 1482 2756; x_wconf 72' lang='lat' dir='ltr'><strong>Christi</strong></span> <span class='ocrx_word' id='word_1_844' title='bbox 1496 2723 1595 2759; x_wconf 78' lang='lat' dir='ltr'><strong>ipsius.</strong></span> <span class='ocrx_word' id='word_1_845' title='bbox 1607 2726 1635 2750; x_wconf 88' lang='lat' dir='ltr'><strong>et</strong></span> <span class='ocrx_word' id='word_1_846' title='bbox 1651 2722 1763 2750; x_wconf 86' lang='lat' dir='ltr'><strong>mirabi-</strong></span> <span class='ocrx_word' id='word_1_847' title='bbox 1796 2743 1802 2748; x_wconf 71' lang='lat'><strong>.</strong></span> 
     </span>
    </p>
   </div>
   <div class='ocr_carea' id='block_1_116' title="bbox 977 2769 1763 2811">
    <p class='ocr_par' dir='ltr' id='par_1_116' title="bbox 977 2769 1763 2811">
     <span class='ocr_line' id='line_1_116' title="bbox 977 2769 1763 2811; baseline -0.011 -7"><span class='ocrx_word' id='word_1_848' title='bbox 977 2778 1042 2804; x_wconf 88' lang='lat' dir='ltr'><strong>lium</strong></span> <span class='ocrx_word' id='word_1_849' title='bbox 1060 2776 1120 2811; x_wconf 87' lang='lat' dir='ltr'><strong>ejus</strong></span> <span class='ocrx_word' id='word_1_850' title='bbox 1145 2774 1295 2805; x_wconf 88' lang='lat' dir='ltr'><strong>virtutum,</strong></span> <span class='ocrx_word' id='word_1_851' title='bbox 1325 2775 1354 2799; x_wconf 89' lang='lat' dir='ltr'><strong>ut</strong></span> <span class='ocrx_word' id='word_1_852' title='bbox 1381 2771 1480 2799; x_wconf 88' lang='lat' dir='ltr'><strong>horum</strong></span> <span class='ocrx_word' id='word_1_853' title='bbox 1507 2770 1604 2797; x_wconf 84' lang='lat' dir='ltr'><strong>notitia</strong></span> <span class='ocrx_word' id='word_1_854' title='bbox 1635 2769 1763 2796; x_wconf 81' lang='lat' dir='ltr'><strong>meliores</strong></span> 
     </span>
    </p>
   </div>
   <div class='ocr_carea' id='block_1_117' title="bbox 963 2815 1764 2855">
    <p class='ocr_par' dir='ltr' id='par_1_117' title="bbox 963 2815 1764 2855">
     <span class='ocr_line' id='line_1_117' title="bbox 963 2815 1764 2855; baseline -0.009 -4"><span class='ocrx_word' id='word_1_855' title='bbox 963 2823 1103 2855; x_wconf 82' lang='lat' dir='ltr'><strong>-cvadant,</strong></span> <span class='ocrx_word' id='word_1_856' title='bbox 1119 2824 1145 2849; x_wconf 89' lang='lat' dir='ltr'><strong>ct</strong></span> <span class='ocrx_word' id='word_1_857' title='bbox 1159 2825 1188 2848; x_wconf 92' lang='lat' dir='ltr'><strong>ut</strong></span> <span class='ocrx_word' id='word_1_858' title='bbox 1208 2824 1298 2848; x_wconf 81' lang='lat' dir='ltr'><strong>meme</strong></span> <span class='ocrx_word' id='word_1_859' title='bbox 1318 2817 1436 2851; x_wconf 87' lang='lat' dir='ltr'><strong>eruditi,</strong></span> <span class='ocrx_word' id='word_1_860' title='bbox 1466 2815 1513 2844; x_wconf 83' lang='lat' dir='ltr'><strong>Dei</strong></span> <span class='ocrx_word' id='word_1_861' title='bbox 1531 2815 1672 2855; x_wconf 66' lang='lat' dir='ltr'><strong>sapientia</strong></span> <span class='ocrx_word' id='word_1_862' title='bbox 1695 2822 1764 2844; x_wconf 77' lang='lat' dir='ltr'><strong>con—</strong></span> 
     </span>
    </p>
   </div>
  </div>
