2032 3215
267 172 336 200 M39

582 173 718 202 EUSEBII
734 174 974 203 CAESARIENSIS
996 175 1071 204 OPP.
1093 176 1184 204 PARS
1202 176 1246 203 Ill.
1273 191 1307 197 —
1328 176 1532 204 EXEGETICA.

1821 173 1892 201 illo

265 233 356 258 sortes
388 229 443 257 sint
458 237 465 256 :
482 228 609 258 Christus
639 234 728 258 autem
745 235 787 259 est
801 231 847 259 Dei
864 232 953 260 virtus
970 236 997 260 et
1009 232 1046 260 De

1108 233 1161 259 τῶν
1180 242 1208 260 τε
1233 233 1391 269 παραδόξων
1404 233 1486 260 αὑτοῦ
1503 232 1651 268 δυνάμεων,
1669 231 1706 263 ὡς
1721 231 1752 258 ἃν
1775 230 1895 266 βελτίους

265 273 402 308 sapientia
418 273 450 300 “.

1105 279 1194 306 αὐτῶν
1217 280 1336 314 γένοιντο
1359 280 1412 306 ἀπὸ
1431 280 1481 314 τῆς
1499 279 1600 306 τούτων
1621 277 1763 313 γνώσεως,
1788 276 1836 304 καὶ
1857 277 1895 308 ὡς

263 319 307 354 ἂν,
325 321 513 354 παιδευθέντες
537 321 587 358 τὴν
606 321 734 356 διάνοιαν,
759 324 918 360 μετάσχοιεν
941 326 991 362 τῆς
1008 326 1055 353 τοῦ
1091 327 1158 354 Θεοῦ
1200 327 1308 361 σοφίας
1335 327 1451 362 Χριστὸς
1471 327 1499 354 δὲ
1522 326 1588 353 Θεοῦ
1607 326 1730 361 δύναμις,
1754 325 1801 352 καὶ
1826 322 1893 350 Θεοῦ

265 369 354 402 σοφία.

300 414 382 443 Vens.
401 416 490 443 l3”.
511 416 676 450 Convertere,
705 417 831 451 Domine,
854 427 1006 454 usquequo,
1026 425 1051 447 et

261 461 434 495 deprecabilis
458 467 514 489 esto
528 470 606 497 super
628 471 716 490 seruos
738 468 806 490 tuos.
830 463 931 498 Repleti
960 474 1050 492 sumus

262 516 340 534 mane
354 508 538 535 misericordia
555 514 611 541 tua,
626 514 652 536 et
670 510 860 538 essu/lavimus
883 516 909 538 et
931 511 1052 539 delectati

261 562 352 581 summ
377 555 497 582 omnibus
523 554 616 582 diebus
640 556 749 582 nostris.
766 555 870 584 ,Ltetati
894 566 984 585 sumus
1003 565 1050 592 pro

261 599 352 627 diebus
366 601 460 635 quibus
475 609 522 627 nos
541 600 700 633 lmmiliasti,
717 602 793 628 annis
820 602 915 637 quibus
937 602 1049 630 vidimus

260 645 344 673 mala.
361 644 395 671 Et
411 647 508 679 respice
523 646 550 672 in
559 653 646 672 servos
661 649 718 673 tuos
734 651 758 672 et
773 647 800 673 in
811 654 889 680 opera
901 652 956 679 tua,
969 652 993 674 et
1007 647 1051 674 di-

260 692 315 726 rige
329 691 398 725 ﬁlios
413 699 503 718 eorum
516 699 525 718 :
541 696 565 718 et
583 691 617 718 sit
633 691 756 725 splendor
771 691 879 719 Domini
900 692 948 720 Dei
966 693 1051 720 nostri

258 745 338 771 super
348 746 406 769 nos,
421 742 445 764 et
460 745 538 771 opera
554 745 680 764 manuum
708 742 860 765 nostrarum
874 739 957 774 dirige
971 747 1051 773 super

259 791 318 815 nos,
334 788 359 809 et
370 791 434 817 opus
451 791 574 810 manuum
590 788 743 811 nostrarum
751 783 845 820 dirige.
859 784 925 812 Post
939 785 1048 814 confes-

260 829 364 856 sionem
393 829 421 856 in
449 828 665 863 praecedentibus
697 829 842 863 traditam,
868 834 1051 865 congruenter

1145 418 1355 451 Ἐπίστρεψον,
1371 417 1469 450 Κύριε,
1487 415 1542 449 ἕως
1565 416 1646 446 πότε,
1666 415 1714 442 καὶ
1739 416 1894 449 παρακλή-

1104 466 1169 498 θητι
1192 463 1241 490 ἐπὶ
1257 462 1328 495 τοὺς
1349 462 1479 494 δούλους
1502 470 1569 488 σου.
1591 461 1836 498 Ἑνεπλήσθημεν
1854 462 1894 495 τῷ

1104 510 1178 544 πρωϊ
1199 509 1254 536 τοῦ
1273 508 1379 541 ἐλέους
1403 515 1470 539 σου,
1493 507 1542 534 καὶ
1567 507 1814 542 ἡταλλιασάμεθα
1843 509 1892 535 καὶ

1102 555 1310 591 εὐφράνθημεν
1328 555 1363 581 ἐν
1380 554 1491 587 πάσαις
1510 553 1573 587 ταῖς
1590 553 1712 588 ἡμέραις
1722 554 1817 588 ἡμῶν.
1834 556 1892 582 Εὑ-

1102 602 1274 637 φράνθημεν
1293 600 1358 628 ἀνθ’
1377 597 1420 627 ὧν
1439 598 1554 634 ἡμερῶν
1573 599 1776 633 ἐταπείνωσας
1803 599 1891 634 ἡμᾶς,

1102 648 1177 676 ἐτῶν
1187 646 1231 676 ὦν
1241 648 1359 683 δίδομεν
1371 647 1457 675 κακά.
1474 647 1529 674 Kal
1556 647 1600 673 ιδε
1615 647 1665 674 ἐπὶ
1675 647 1746 680 τοὺς
1762 647 1892 681 δούλους

1103 703 1161 722 σου
1183 695 1232 722 καὶ
1255 694 1303 721 ἐπὶ
1329 693 1365 721 τὰ
1389 694 1461 728 ἔργα
1486 701 1553 725 σου,
1573 693 1623 720 καὶ
1646 692 1800 728 6611mm»-
1823 693 1893 727 τοὺς

1103 740 1187 773 υιοὺς
1201 740 1314 768 αὐτῶν·
1331 740 1381 767 καὶ
1395 740 1472 766 ἔστω
1486 740 1505 773 ὴ
1520 740 1693 773 λαμπρότης
1712 740 1825 774 Κυρίου
1841 739 1893 766 τοῦ

1105 785 1179 813 θεοῦ
1204 785 1288 820 ἡμῶν
1309 785 1354 820 ἐφ’
1371 784 1460 820 ἡμᾶς,
1482 785 1530 812 καὶ
1554 784 1590 812 τὰ
1612 785 1684 820 ἔργα
1705 784 1764 812 τῶν
1787 785 1892 820 χειρῶν

1104 832 1188 866 ἡμῶν
1206 832 1389 859 κατεύθυνον
1412 831 1457 866 ἐφ’
1474 830 1563 865 ἡμᾶς,
1588 830 1639 857 καὶ
1661 830 1694 857 τὸ
1720 831 1810 866 ἔργον
1835 830 1892 858 τῶν

262 874 369 910 Moyses
392 874 488 902 orandi
513 875 623 902 modum
647 876 731 902 tradit
754 875 789 902 iis
811 884 844 903 ex
866 876 977 908 lsraele,
1002 877 1048 912 qui

1105 876 1211 911 χειρῶν
1229 875 1314 911 ἡμῶν
1335 876 1529 902 κατεύθυνον.
1561 873 1726 906 Ἀκολούθως
1752 874 1822 909 μετὰ
1845 873 1892 909 τὴν

260 926 321 955 post
337 920 488 948 Salvatoris
505 921 594 948 nostri
609 921 756 948 adventum
773 921 848 956 lapsi‘
858 926 934 954 sunt,
944 926 974 948 ut
989 926 1051 957 post

260 966 411 1001 praemissa,
429 966 497 999 haec,
522 974 583 1002 quae
603 967 660 1002 jam
675 967 832 999 traduntur,
849 967 988 1003 precando
1009 967 1051 995 di-

258 1016 322 1039 cant
346 1021 354 1039 :
374 1019 493 1046 quorum
525 1012 692 1040 sententiam
718 1013 820 1040 clarius
853 1013 1052 1049 interpretatus

259 1057 440 1094 Symmachus
464 1063 506 1086 est
530 1059 582 1086 hoc
612 1062 716 1094 pacto:
733 1058 899 1092 Convertere,
924 1059 1049 1092 Domine.

258 1112 392 1138 usquequo
404 1112 414 1136 ;
427 1104 598 1139 deprecabilis
614 1109 670 1131 esto
686 1112 763 1138 super
777 1113 863 1132 servos
880 1111 949 1133 tuos.
973 1106 1052 1134 Satist

259 1158 306 1177 nos
325 1151 457 1177 matutina
474 1150 659 1177 misericordia
674 1155 730 1182 tua,
745 1155 774 1177 ut
789 1151 953 1178 dormiamus
968 1156 993 1178 et
1005 1151 1053 1178 la!-

259 1196 473 1223 temuromnibus
487 1195 578 1222 diebus
594 1196 701 1223 nostris.
720 1195 839 1231 Laeti/ica
863 1205 909 1224 nos
929 1197 1051 1225 omnibus

257 1241 361 1274 diebus,
378 1241 471 1276 quibus
484 1250 532 1269 nos
544 1242 673 1277 amisisti.
691 1243 768 1270 annis
784 1243 811 1270 in
828 1242 922 1278 quibus
939 1243 1051 1270 vidimus

258 1287 340 1314 mala.
357 1286 510 1321 Appareant
524 1287 594 1320 apud
612 1295 698 1315 servos
716 1293 774 1315 tuos
792 1295 871 1322 opera
895 1292 951 1320 tua,
966 1292 990 1314 et
1007 1287 1051 1315 di—

257 1333 346 1368 gnitas
368 1340 446 1367 super
469 1333 539 1368 ﬁlios
560 1338 725 1361 nostros:et
747 1335 781 1362 sit
804 1333 974 1369 pulchritudo
997 1334 1052 1362 Do-

257 1378 323 1405 mini
341 1378 389 1405 Dei
403 1379 487 1406 nostri
502 1387 580 1413 super
593 1388 652 1412 nos,
667 1385 693 1407 et
709 1388 788 1415 opera
804 1388 930 1407 manuum
944 1385 1052 1407 nostra-

257 1431 318 1450 rum
335 1424 413 1458 ﬁrma
432 1425 476 1459 fac
499 1433 577 1459 super
593 1433 651 1457 nos.
668 1430 693 1452 et
707 1427 837 1453 actionem
859 1434 986 1453 marmum
1003 1435 1051 1454 no-

257 1476 376 1498 strarum
400 1471 505 1505 perﬁce.
535 1470 584 1499 His
610 1479 692 1507 porro
720 1472 810 1506 docet,
835 1477 864 1499 ut
888 1473 1050 1500 matutinam

258 1515 476 1543 misericordiam
497 1517 629 1552 consequi
646 1518 797 1552 postulent,
823 1521 853 1544 ut
868 1521 931 1545 ortu
954 1517 1051 1545 Salva-

1103 922 1295 958 ἐξομολόγησιν
1311 922 1360 958 τὴν
1373 921 1417 948 διὰ
1431 921 1485 948 τῶν
1503 921 1718 956 προτεινομένων
1732 920 1892 955 παραδοθεῖ-

1104 977 1162 1001 σαν,
1175 969 1214 995 Eu
1221 969 1271 1004 τὴν
1284 967 1437 1003 προσευχὴν
1450 967 1464 993 ὁ
1479 966 1600 1001 Morbo-ip;
1610 966 1729 993 διδάσκει
1746 967 1811 997 τοὺς
1825 965 1892 1000 μετὰ

1101 1014 1150 1049 τὴν
1167 1014 1213 1040 τοῦ
1221 1013 1346 1049 Σωτῆρος
1353 1013 1431 1048 ἡμῶν
1441 1012 1593 1048 παρουσίαν
1603 1011 1836 1043 άποπεπτωκότας
1845 1011 1891 1038 τοῦ

1109 1056 1225 1093 Ἰσραὴλ,
1245 1058 1284 1088 εἰς
1298 1057 1328 1083 τὺ
1342 1056 1432 1091 λέγειν
1449 1056 1546 1088 αὐτοὺς
1563 1056 1806 1092 προσευχομένους,
1825 1056 1892 1091 μετὰ

1102 1101 1156 1128 τῶν
1170 1101 1354 1128 ἀποδοθέντων
1367 1102 1414 1128 καὶ
1425 1101 1460 1129 τὰ
1470 1101 1651 1137 προκείμενα·
1665 1098 1703 1128 ὧν
1716 1101 1766 1136 τὴν
1775 1101 1892 1128 διάνοιαν

1102 1147 1267 1183 σαφέστερον
1279 1148 1446 1183 ἑρμὴνευσεν
1467 1149 1481 1174 ὁ
1501 1148 1658 1183 Σύμμαχος,
1672 1147 1763 1177 τοῦτον
1776 1147 1893 1180 ἀποδοὺς

1100 1193 1146 1220 τὸν
1161 1193 1275 1229 τρόπον·
1304 1193 1524 1228 Ἐπιστράφηθι,
1542 1194 1641 1228 Κύριε,
1659 1193 1714 1226 ἕως
1728 1194 1816 1220 πότε·
1836 1201 1892 1220 πα-

1097 1238 1265 1274 ρακλήθητι
1278 1239 1354 1274 ὑπὲρ
1365 1238 1426 1266 τῶν
1438 1239 1555 1267 δούλων
1565 1247 1634 1266 σου.
1649 1241 1805 1273 Χόρτασοθ·
1816 1238 1893 1274 ἡμᾶς

1102 1284 1238 1319 ὀρθρινώ
1252 1285 1358 1318 ἐλέους
1372 1292 1442 1317 σου,
1457 1285 1507 1312 ἵνα
1522 1285 1707 1320 ὑπνώσωμεν
1719 1285 1770 1312 καὶ
1783 1286 1894 1320 εὐφρα-

1100 1330 1216 1364 ινώμεθα
1229 1330 1264 1357 ἐν
1274 1330 1386 1363 πάσαις
1399 1330 1462 1364 ταῖς
1481 1331 1604 1365 ἡμέραις
1620 1330 1712 1365 ἡμῶν.
1733 1331 1894 1365 Εὔφρανον

1100 1375 1179 1410 ἡμᾶς
1199 1374 1301 1409 πάσας
1313 1375 1426 1410 ἡμέρας
1440 1375 1477 1408 ἀς
1496 1375 1651 1409 ἐκάκωσας
1675 1375 1765 1411 ἡμᾶς,
1787 1376 1839 1409 ἐτη
1859 1376 1894 1403 ὲν

1099 1418 1145 1454 οἷς
1156 1421 1276 1456 ειδομεν
1290 1421 1376 1448 κακά.
1398 1421 1522 1455 Φανήτω
1535 1421 1614 1455 παρὰ
1627 1421 1688 1454 τοῖς
1700 1421 1822 1454 δούλοις
1835 1429 1893 1448 σου

1100 1467 1136 1494 τὰ
1159 1467 1231 1503 ἔργα
1252 1475 1322 1499 σου,
1340 1467 1389 1495 καί
1414 1468 1447 1494 τὸ
1473 1467 1654 1502 ἀξιοπρεπὲς
1673 1468 1722 1494 ἐπὶ
1745 1468 1781 1494 τὰ
1802 1467 1896 1494 τέκνα

1099 1513 1199 1548 ἡμῶν·
1213 1515 1262 1541 καὶ
1281 1514 1359 1541 ἔστω
1372 1515 1406 1541 τὸ
1420 1514 1532 1547 κάλλος
1549 1514 1604 1542 τοῦ
1621 1515 1731 1548 Κυρίου
1746 1514 1800 1541 τοῦ
1819 1514 1892 1542 Θεοῦ

259 1563 330 1590 toris
348 1561 506 1597 dignentur.
530 1562 689 1590 Matutinam
705 1563 807 1599 quippe
830 1564 1048 1592 misericordiam

1100 1560 1184 1596 ἡμῶν
1195 1560 1295 1587 ἐπάνω
1305 1561 1399 1596 ἡμῶν,
1418 1561 1468 1588 καὶ
1483 1560 1518 1587 τὰ
1533 1560 1606 1596 ἔργα
1619 1560 1679 1587 τῶν
1688 1560 1798 1596 χειρῶν
1809 1560 1894 1596 ἡμῶν

257 1608 359 1636 Christi
374 1616 433 1636 eam
447 1608 513 1636 dicit
526 1616 599 1641 esse,
615 1616 674 1644 quae
690 1609 724 1636 ad
738 1617 834 1638 omnes
847 1610 979 1638 homines‘
989 1611 1029 1638 ori
1039 1625 1047 1631 -

258 1657 314 1681 tur.
334 1652 402 1680 Nam
418 1657 447 1680 ut
460 1653 525 1680 olim
543 1653 628 1689 priori
644 1654 745 1689 populo
759 1655 923 1682 matutinum
940 1659 1047 1690 tempus

258 1699 321 1731 l'uit,
347 1707 403 1734 quo
425 1699 453 1726 in
473 1699 593 1735 [Egypto
613 1700 716 1734 degens
742 1701 913 1735 inspectione
928 1701 1047 1730 donatus

257 1751 317 1779 est;
336 1746 376 1774 sic
392 1746 420 1773 in
438 1747 589 1773 n0vissimo
606 1745 712 1773 dierum
732 1747 866 1774 matutina
891 1747 1047 1774 misericor-

256 1791 302 1819 dia
317 1791 445 1820 omnibus
461 1791 587 1827 gentibus
606 1791 713 1820 ellulsitl
727 1800 776 1826 per
789 1793 936 1820 salutarem
955 1793 1048 1820 orien-

258 1844 323 1869 tem.
335 1846 417 1874 quam
432 1839 575 1867 memorati
591 1838 631 1866 illi
648 1839 773 1867 homines
790 1839 929 1874 postulare
945 1839 1047 1867 docen-

256 1888 303 1912 tur
321 1885 349 1912 in
363 1885 505 1918 Oratione;
522 1885 578 1912 imo
593 1885 675 1912 etiam
690 1884 761 1912 inter
777 1885 829 1912 alia
846 1885 947 1916 dicere.
965 1884 998 1912 Et
1011 1886 1046 1912 sit

255 1931 380 1966 splendor
394 1931 501 1958 Domini
516 1931 566 1958 Dei
581 1931 666 1958 nostri
682 1939 760 1966 super
779 1939 837 1964 nos,
861 1936 886 1959 et
899 1936 1045 1966 appareant

255 1977 326 2011 spud
344 1983 431 2004 servos
448 1981 512 2008 tuos,
531 1984 610 2011 opera
632 1981 690 2008 tua.
709 1981 734 2004 et
746 1976 863 2012 dignitas
876 1981 932 2009 tua,
950 1981 976 2004 et
990 1976 1048 2011 pul-

255 2022 376 2049 chritudo
399 2021 507 2049 Domini
521 2021 571 2048 Dei
586 2022 687 2054 nostri;
706 2025 736 2048 ut
752 2026 779 2048 et
802 2022 853 2057 ipsi
871 2021 964 2048 divina
986 2021 1046 2048 Sal-

255 2068 360 2095 vatoris
386 2067 533 2102 praesentia
555 2067 713 2102 dignentur,
738 2075 846 2095 necnon
869 2068 962 2095 divina
984 2068 1045 2102 ejus

255 2114 342 2149 gloria
360 2121 392 2140 ac
407 2112 622 2150 pulchritudine,
636 2113 670 2140 de
686 2119 740 2148 quo
755 2113 859 2140 dictum
870 2119 923 2147 est,
939 2112 1047 2147 Specio-

255 2168 301 2187 sus
316 2159 402 2194 forma
417 2167 473 2194 pra:
492 2159 557 2193 filiis
568 2158 704 2185 hominum
715 2159 749 2190 “,
768 2166 800 2185 ac
814 2158 926 2194 insuper
939 2158 1046 2186 caeteris

255 2205 384 2233 omnibus
397 2205 476 2232 bonis
489 2211 550 2240 qua:
576 2204 605 2231 in
633 2204 745 2232 Christo
761 2203 808 2231 Dei
838 2204 952 2240 intelligi
982 2211 1046 2240 pos-

257 2257 333 2280 δυΙΙΙι.

1099 1607 1200 1641 ἐδραῖα
1223 1607 1351 1640 ποίησον
1368 1607 1444 1641 ὑπὲρ
1460 1607 1554 1642 ἡμῶν,
1575 1607 1624 1635 καὶ
1641 1607 1699 1641 τὴν
1712 1606 1824 1642 πρᾶξιν
1837 1607 1893 1634 τῶν

1099 1651 1206 1687 χειρῶν
1224 1652 1308 1687 ἡμῶν
1321 1652 1507 1680 ἐπιτέλεσον.
1526 1653 1650 1682 Διδάσκει
1672 1653 1700 1680 δὲ
1725 1654 1770 1680 διὰ
1790 1653 1895 1680 τούτων

1098 1698 1231 1725 αἰτεῖσθαι
1253 1699 1344 1734 τυχεῖν
1361 1698 1408 1725 τοῦ
1434 1697 1560 1735 ὀρθρινοῦ
1579 1698 1679 1730 ἐλέους,
1700 1698 1738 1730 ὡς
1760 1699 1794 1726 ἂν
1810 1708 1893 1726 κατα-

1099 1745 1219 1778 ξιωθεῖεν
1233 1746 1283 1781 τῆς
1295 1746 1426 1781 ἀνατολῆς
1440 1746 1486 1773 τοῦ
1501 1746 1636 1783 Σωτῆρος.
1652 1747 1688 1773 Τὸ
1701 1747 1825 1782 ὀρθρινὸν
1839 1746 1892 1782 γὰρ

1098 1791 1172 1823 ἔλεος
1189 1791 1308 1828 Χριστοῦ
1325 1792 1355 1818 τὸ
1372 1793 1418 1819 ἐπὶ
1437 1792 1541 1824 πάντας
1559 1792 1700 1819 άνατεῗλαν
1720 1792 1890 1828 ἀνθρώπους.

1104 1838 1148 1869 Ὧς
1160 1838 1214 1872 γάρ
1227 1837 1309 1865 πάλαι
1325 1838 1422 1873 γέγονε
1446 1840 1536 1874 πρωῖα
1557 1839 1596 1874 τῷ
1609 1838 1734 1875 προτέρῳ
1750 1839 1808 1874 λαῷ
1822 1839 1893 1866 κατὰ

1097 1882 1146 1918 τὴν
1161 1883 1313 1917 ἐπισκοπὴν
1328 1880 1361 1918 ἦς
1376 1883 1584 1919 κατηξιώθησαν
1601 1885 1630 1910 ὲν
1641 1883 1771 1919 Αἰγύπτῳ
1789 1884 1892 1920 διατρί-

1097 1929 1201 1961 ϐοντες,
1220 1929 1306 1962 οὕτως
1330 1930 1374 1957 ἐπ’
1397 1931 1512 1966 ἐσχάτου
1525 1931 1578 1957 τῶν
1594 1930 1706 1966 ἡμερῶν
1723 1930 1753 1956 τδ
1768 1930 1891 1966 όρθρινὸν

1097 1975 1170 2007 ἔλεος
1183 1976 1240 2007 τοῖς
1256 1976 1337 2004 πᾶσιν
1352 1974 1486 2011 ἐξέλαμψε
1506 1978 1561 2008 τοῖς
1577 1976 1664 2003 ἔθνεσι
1677 1976 1722 2003 διὰ
1735 1976 1784 2011 τῆς
1803 1983 1890 2011 σωτη-

1100 2022 1157 2056 ρίου
1170 2021 1312 2057 ἀνατολῆς,
1328 2019 1362 2059 ἧς
1376 2022 1573 2057 καταξιωθῆναι
1587 2022 1755 2049 διδάσκονται
1770 2023 1794 2048 οἱ
1810 2021 1893 2056 δηλω-

1099 2067 1190 2100 θέντες
1215 2067 1258 2095 διὰ
1278 2067 1328 2103 τῆς
1348 2069 1501 2104 προσευχῆς
1523 2070 1622 2098 αἰτεῖνδ
1645 2068 1714 2096 ἀλλὰ
1736 2069 1783 2096 καὶ
1802 2068 1893 2102 λέγειν

1099 2113 1168 2149 μετὰ
1183 2113 1237 2140 τῶν
1258 2113 1360 2140 ἄλλων
1380 2114 1436 2142 Καὶ
1461 2115 1538 2142 ἔστω
1552 2115 1572 2148 ἠ
1585 2115 1760 2149 λαμπρότης
1780 2115 1891 2148 Κυρίου

1097 2159 1152 2186 τοῦ
1172 2159 1246 2187 Θεοῦ
1264 2159 1349 2195 ἡμῶν
1361 2161 1408 2195 ἐφ’
1420 2159 1509 2195 ἡμᾶς,
1530 2161 1579 2189 καὶ
1597 2160 1718 2196 φανήτω
1735 2160 1815 2194 παρὰ
1830 2159 1892 2193 τοῖς

1097 2205 1218 2238 δούλοις
1232 2213 1290 2233 σου
1306 2207 1342 2233 τὰ
1361 2206 1433 2241 ἔργα
1453 2214 1511 2233 σου
1529 2207 1579 2234 καὶ
1599 2206 1632 2234 τὸ
1652 2206 1767 2240 κάλλος
1781 2207 1892 2240 Κυρίου

1061 2242 1084 2271 D
1099 2251 1151 2278 τοῦ
1170 2251 1244 2278 Θεοῦ
1255 2250 1353 2286 ἡμῶν·
1368 2251 1405 2283 ὡς
1426 2251 1459 2278 ἂν
1473 2252 1521 2279 καὶ
1541 2252 1619 2279 αὐτοὶ
1635 2251 1827 2284 καταξιωθεῖεν
1844 2253 1892 2287 τῆς

257 2299 391 2336 σωτηρίου
410 2299 587 2334 θεοφανείας,
609 2298 656 2325 καί
677 2295 727 2332 τῆς
749 2298 839 2325 ἐνθέου
859 2299 938 2335 δόξης
965 2297 1059 2332 αὐτοῦ,
1075 2298 1121 2325 τοῦ
1144 2306 1174 2324 τε
1197 2298 1327 2330 κάλλους,
1351 2299 1415 2334 περὶ
1439 2296 1468 2326 οῦ
1491 2299 1612 2334 εἴρηται,
1651 2298 1762 2333 Ὡραῖος
1786 2298 1891 2325 κάλλει

253 2348 334 2383 παρὰ
348 2348 420 2382 τοὺς
438 2339 525 2382 υἱοὺς
548 2347 608 2375 τῶν
625 2370 627 2372 .
645 2352 798 2383 νομαπων,
822 2348 867 2374 καὶ
886 2347 940 2374 τῶν
956 2347 1057 2375 λοιπῶν
1076 2347 1201 2375 ἁπάντων
1216 2346 1271 2375 τῶι
1287 2346 1357 2374 κατὰ
1379 2346 1424 2375 τὸν
1439 2347 1555 2382 Χριστὸν
1575 2346 1623 2374 τοῦ
1640 2346 1707 2374 Θεοῦ
1734 2346 1891 2381 ἐπινοουμέ-

254 2403 307 2421 νων
320 2395 440 2430 ἀγαθῶν.

624 2453 680 2480 XC.

291 2494 376 2523 Vnus.
401 2497 427 2528 1,
444 2497 472 2523 2.
493 2497 547 2530 Qui
570 2498 673 2525 habitat
691 2499 718 2525 in
739 2498 875 2533 adjutorio
903 2497 1043 2530 Altissimi,

258 2541 288 2568 in
305 2545 450 2576 tegumenta
469 2542 519 2570 Dei
536 2543 594 2571 creti
624 2543 842 2571 commorabitur.
861 2543 911 2570 Hic
924 2544 1046 2579 psalmus

259 2587 440 2622 inscriptione
453 2593 537 2616 caret.
549 2590 592 2617 An
610 2589 680 2618 forte
696 2598 785 2625 neque
800 2590 922 2625 psalmus
935 2595 986 2622 est,
998 2590 1046 2618 sed

257 2633 401 2669 pr0phetia
422 2635 546 2668 quaedam
564 2636 759 2671 profundiores
780 2636 814 2664 de
832 2636 943 2664 Christo
965 2643 997 2663 ac
1011 2636 1046 2664 de

252 2679 298 2711 iis,
314 2686 375 2714 quas
388 2679 417 2706 in
431 2679 491 2715 ipso
510 2688 700 2709 consummata
719 2686 795 2715 sunt,
812 2690 953 2710 sermones
967 2689 1044 2709 com-

252 2724 397 2760 plectens?
420 2724 484 2752 Haec
502 2734 583 2761 porro
599 2736 659 2763 quae
672 2728 729 2763 jam
751 2732 902 2756 tractamus
926 2729 1041 2756 multam

253 2770 355 2798 habent
365 2777 427 2798 cum
442 2771 605 2807 praecedenti
619 2775 724 2808 psalmo
737 2774 959 2810 discrepantiam.
975 2774 1043 2801 Nam

252 2815 299 2843 ille
313 2816 422 2851 quidem
448 2825 496 2851 per
519 2817 621 2855 Moysis
643 2821 807 2852 orationem,
830 2825 981 2850 extremam
996 2820 1045 2849 Ju-

287 2893 306 2910 "‘
329 2892 338 2921 Ι
356 2893 418 2923 Cor.
442 2904 468 2927 ι.
488 2894 531 2924 Ξί.
572 2896 593 2913 "
614 2896 685 2925 Psal.
706 2904 777 2928 xuv,
795 2898 821 2924 5.

1140 2498 1166 2524 Ὀ
1179 2497 1326 2524 κατοικῶν
1334 2498 1369 2524 ἐν
1375 2498 1503 2532 ,βοηθείᾳ
1514 2498 1568 2525 τοῦ
1582 2498 1735 2532 Ὑψίστου,
1744 2498 1780 2524 ἐν
1791 2499 1891 2533 σκέπη

1096 2544 1150 2571 τοῦ
1165 2543 1239 2570 Θεοῦ
1254 2544 1308 2570 τοῦ
1331 2543 1461 2578 οὐρανυῦ
1480 2543 1708 2577 αὑλισθήσεται.
1729 2543 1891 2581 ’Ᾱνεπίγρα-

1097 2598 1147 2624 φος
1159 2591 1173 2616 ὸ
1183 2589 1300 2625 ψαλμός.
1310 2590 1424 2625 Μήποτε
1438 2589 1467 2616 δὲ
1478 2589 1539 2616 οὕτε
1549 2589 1655 2625 ψαλμδς
1668 2590 1809 2625 τυγχάνει,
1823 2590 1890 2617 ἀλλά

1097 2645 1139 2668 τις
1155 2635 1308 2671 προφητεία
1325 2634 1492 2671 βαθυτέρους
1518 2635 1682 2671 περιέχουσα
1705 2635 1802 2670 λόγους
1827 2636 1889 2672 περὶ

1096 2682 1215 2718 Χριστοῦ
1229 2681 1343 2709 καὶτῶν
1360 2682 1389 2708 ὲν
1417 2681 1492 2717 αὑτῷ
1507 2681 1721 2717 τελειουμένων;
1740 2682 1846 2717 Πολλὴν
1862 2682 1889 2708 δὲ

1099 2729 1277 2765 ἀσυμφωνίαν
1300 2728 1404 2764 ἔχειτὰ
1424 2728 1592 2764 προκείμενα
1609 2727 1678 2764 πρὸς
1697 2727 1743 2754 τὸν
1761 2729 1889 2763 ἀνωτέρω

1098 2775 1205 2810 ψαλμὸν
1224 2775 1274 2811 τὴν
1296 2775 1465 2802 ἀκολουθίαν.
1488 2774 1517 2801 '0
1542 2774 1592 2810 μὲν
1613 2775 1668 2810 γὰρ
1693 2775 1744 2810 τὴν
1771 2775 1888 2810 ἐσχάτην

1102 2821 1236 2857 ἀποϐολὴν
1265 2821 1310 2849 τοῦ
1331 2821 1465 2849 Ἰουδαίων
1484 2821 1578 2853 ἔθνους
1604 2819 1647 2849 διὰ
1674 2821 1724 2856 τῆς
1748 2820 1886 2854 Μωῠσέως
