2032 3215
149 187 217 217 ii“

713 188 964 220 COMMENTARIA
980 187 1014 215 ΙΝ
1033 187 1204 217 PSALMOS.

1257 146 1306 186 ης)

1697 188 1773 217 ηιξ

150 247 307 283 προσευχῆς
321 248 476 281 ἐθέσπιζεν·
494 249 508 275 ὀ
528 249 557 276 δὲ
573 250 668 285 παρὼν
684 251 747 283 τοὺς
764 251 871 286 ἀγῶνας
888 251 927 277 κα¹

986 249 1072 278 daicat
1094 249 1183 284 gentis
1207 248 1386 283 abjectionem
1413 247 1628 281 vaticinabatur;
1644 247 1688 276 hic
1704 256 1769 277 vero

148 293 183 320 τὰ
199 294 364 329 πειρατήρια
377 294 423 320 τοῦ
438 294 508 321 κατὰ
524 295 624 331 Κύριον
643 296 828 332 τελειουμένου
847 297 937 331 περιέ-

149 347 205 373 χειο
225 339 294 366 ἀλλὰ
310 340 357 366 καὶ
373 340 455 366 αὑτοῦ
472 340 519 366 τοῦ
536 341 663 376 Σωτῆρος
689 342 767 377 ἡμῶν
790 343 834 369 τὸν
853 343 882 368 ὲν
902 344 935 378 τῇ

148 384 246 420 ἐρήμῳ
267 386 419 421 πειρασμὸν
434 387 617 422 προφητεύει,
632 388 675 414 ὅτε
691 389 794 424 ἀνήχθη
812 389 863 415 ὑπὸ
888 388 936 415 τοῦ

148 429 307 465 Πνεύματος
322 432 361 463 είς
376 432 425 468 τὴν
438 432 539 467 ἔρημον
556 434 735 469 πειρασθῆναι
749 435 802 461 ὑπὸ
815 435 861 461 τοῦ
878 435 936 461 δια-

147 474 237 507 ϐόλου,
251 475 298 503 καὶ
311 476 361 512 τὴν
375 477 422 504 ἐπὶ
437 479 502 505 πᾶσι
517 479 594 514 νίκην
608 480 698 506 αὑτοῦ.
713 480 745 506 Τί
754 481 786 516 δὴ
800 479 846 507 οὖν
855 490 936 517 φησιν

145 519 161 546 ὁ
179 522 347 557 προφητικὸς
361 523 455 557 λόγος;
476 525 504 550 Ὀ
517 525 566 559 μὲν
583 526 714 562 πρότερος
728 526 791 558 λαὸς
803 528 817 554 ὀ
829 527 874 554 διὰ
888 527 936 562 τῆς

147 567 357 603 προηγουμένης
374 569 512 601 Μωῦσέως
529 571 682 607 προσευχῆς
696 572 936 607 ἀποκλαυσάμενος

146 611 274 646 ὁμολογεί
286 613 409 646 φάσκων,
420 615 479 641 Ὅτι
492 615 670 650 ἐξελίπΟμΕν
683 617 717 643 ἐν
728 617 764 651 τῇ
778 617 850 652 ὀργῇ
866 626 933 650 σου,

146 657 193 684 καὶ
208 657 243 684 τὰ
257 657 349 691 λοιπὰ,
366 660 415 686 ὅσα
428 660 554 696 ἐδηλοῦτο
571 661 614 688 διὰ
629 662 682 689 τῶν
695 663 903 698 ἐμφερομένων
921 664 935 689 6

145 702 175 729 δὲ
191 702 296 738 μέλλων
312 705 493 740 συστήσεσθαι
510 707 568 742 μετ’
584 708 686 734 ἐκεῖνον
701 707 739 742 τῷ
754 707 814 743 Θεῴ
828 708 871 735 διὰ
887 708 934 735 τοῦ

144 748 264 783 Χριστοῦ
279 748 352 782 λαὺς,
371 751 416 777 ἐπὶ
437 753 470 787 τῇ
492 751 602 788 βοηθείᾳ
617 753 664 779 τοῦ
691 752 818 787 Ὑψίστου
842 761 934 779 πεποι-

145 792 210 826 θὼς,
224 794 272 821 καὶ
286 795 329 821 ἀεὶ
351 796 379 822 εν
394 796 463 832 αὐτῇ
480 797 625 829 κατοικῶν,
643 798 780 834 ἀτάραχος
798 799 844 825 καὶ
865 799 932 826 ἀσά-

144 838 238 871 λευτος
252 840 389 876 διαμένει·
413 842 451 874 ὡς
468 842 516 875 ἂν,
534 844 586 870 ὑπὸ
600 843 648 879 τὴν
668 844 773 881 σκέπην
798 845 844 871 τοῦ
866 845 932 872 Θεοῦ

143 884 329 920 αὐλιζόμενος,
346 887 440 914 οὐδένα
454 896 484 914 τε
507 888 560 915 τῶν
582 889 742 925 πειρασμῶν
767 891 933 926 ἐπιστραφή-

144 937 231 962 σεται,
247 931 302 957 ἀλλ’
314 932 356 966 ἐφ’
368 932 474 968 ἑκάστῳ
489 935 546 970 ἐρεῖ
556 935 594 970 τῷ
608 935 717 970 Κυρίῳ’
736 935 931 971 Ἀντιλήπτωρ

139 982 200 1008 ,μου
217 975 245 1002 εἷ
272 976 321 1003 καὶ
337 979 492 1013 καταφυγή
513 987 582 1013 μου,
607 980 623 1006 ὁ
649 980 720 1013 Θεός
733 989 810 1014 μου,
836 980 930 1007 ἐλπιῶ

141 1020 189 1047 ἐπ’
205 1022 307 1049 αὐτόν.
329 1023 401 1050 Ἀντὶ
420 1024 448 1050 δὲ
467 1024 524 1056 τοῦ,
542 1025 569 1051 '0
596 1026 740 1052 κατοικῶν
756 1026 792 1052 ἐν
804 1027 930 1060 ,βοηθείᾳ

141 1067 197 1094 τοῦ
219 1068 370 1103 Ὑψίστου,
381 1070 395 1095 6
419 1070 468 1106 μὲν
486 1071 642 1106 Σύμμαχος,
663 1072 692 1098 '0
710 1073 854 1099 κατοικῶν
870 1073 929 1100 ὑπὸ

140 1112 263 1148 σκέπην
277 1114 331 1141 τοῦ
344 1115 484 1149 Ὑψίστου
495 1125 502 1131 ·
519 1117 533 1142 6
547 1117 575 1144 δὲ
590 1117 714 1149 Ἀκύλας,
727 1119 774 1145 καὶ
786 1119 802 1154 ὴ
819 1118 929 1154 πέμπτη

140 1158 262 1192 ἔκδοσις,
282 1160 310 1186 Ὁ
331 1161 499 1196 καθήμενος
524 1163 559 1190 ἐν
585 1164 747 1198 ἀποκρύφῳ
777 1165 928 1198 ἰ’ψίστου,

140 1206 323 1249 ἑκδεδώκασι·
343 1209 519 1244 σημαίνοντος
544 1210 590 1237 τοῦ
614 1211 692 1245 λόγου
717 1211 766 1237 τοῦ
780 1211 850 1238 κατὰ
864 1213 929 1239 Θεὸν

140 1254 171 1280 ἐν
181 1254 292 1290 Χριστῷ
303 1255 504 1294 ἀγωνιζομένου
516 1257 546 1283 τὸ
556 1257 661 1293 ἑδραῖον
675 1258 720 1284 καὶ
732 1259 865 1294 ἀπτόητον
879 1259 929 1294 τῆς

140 1299 278 1333 διανοίας,
298 1301 345 1327 καὶ
362 1302 399 1333 ὡς
427 1303 455 1329 ὲν
482 1303 633 1339 ἀποκρύφῳ
658 1304 709 1339 τῆς
732 1304 814 1330 αὑτοῦ
839 1304 929 1339 ψυχῆς

140 1343 246 1377 ἔνοικος
274 1346 450 1380 ἐγκαθέζεται
466 1349 511 1374 καὶ
536 1347 631 1384 βοηθὸς
654 1349 734 1381 αὐτὸς
754 1351 768 1376 6
786 1350 925 1385 ”Υψιστος.

139 1391 226 1430 Πάλιν
239 1391 268 1419 δὲ
283 1393 342 1419 ἀντὶ
358 1393 417 1426 τοῦ,
439 1394 489 1421 Ἐν
503 1394 601 1429 σκέπῃ
619 1395 671 1422 τοῦ
688 1396 760 1422 Θεοῦ
777 1396 829 1422 τοῦ
841 1397 928 1430 οὐρα-

139 1432 446 1472 νοῦ-αὐλισθήσεται,
473 1441 487 1466 6
515 1441 563 1475 μὲν
586 1441 712 1474 Ἂκύλας,
750 1442 798 1468 Ἐν
829 1442 926 1477 σκέπῃ

140 1483 246 1510 liturae”;
257 1484 489 1518 αὑλισθήσεται·
505 1487 519 1512 6
536 1487 564 1512 δὲ
580 1486 736 1522 Σύμμαχος,
757 1487 823 1514 Ὑπὸ
836 1488 928 1514 σκιὰν

138 1528 194 1556 τοῦ
216 1530 320 1557 ἱκανοῦ
339 1532 539 1565 νυκτερεύων,
556 1533 708 1569 εἰρήκασιν.
740 1533 819 1560 Ἀλλὰ
841 1534 927 1561 ταῦτα

140 1575 192 1611 μὲν
208 1576 246 1608 ὡς
258 1577 287 1603 ὲν
303 1579 456 1614 προοιμίοις
471 1579 501 1605 τὸ
512 1579 587 1612 ἆγιον
600 1579 710 1614 Πνεῦμα
723 1579 861 1615 διελάλησε
871 1589 877 1595 “
891 1580 927 1608 τὰ

137 1622 160 1649 δ’
175 1622 238 1658 ἑξῆς
260 1623 334 1659 αὐτῷ
359 1626 530 1660 προσφωνεῖ,
545 1626 596 1652 και
606 1626 651 1652 τὸν
674 1626 762 1653 πάντα
784 1627 861 1661 λόγον
885 1628 925 1659 είς

135 1667 222 1696 αὑτοῦ
240 1669 385 1704 πρόσωπον
403 1671 586 1704 ἀποτείνεται,
604 1672 664 1707 ἤτοι
687 1672 733 1699 τοῦ
756 1672 794 1708 τῷ
816 1673 926 1709 Χριστῷ

137 1715 340 1751 ἀγωνιζομένου
369 1717 415 1743 καὶ
443 1716 621 1752 νικῶντος,ἢ
648 1717 695 1743 καὶ
719 1716 765 1743 τοῦ
787 1717 855 1744 κατὰ
879 1718 926 1744 τὸν

137 1755 252 1797 Σωτῆρα
266 1762 410 1798 νοουμένου
435 1763 595 1799 ἀνθρώπου,
612 1760 633 1798 ᾧ
650 1764 727 1799 δίκην
747 1764 862 1800 ὀργάνου
881 1764 927 1791 κέ-

137 1816 223 1843 χρητο
237 1809 252 1834 6
269 1807 360 1844 προὼν
379 1808 426 1835 τοῦ
445 1809 513 1835 Θεοῦ
529 1810 613 1844 Λόγος
624 1819 631 1825 ·
653 1811 700 1837 καὶ
723 1810 777 1846 γὰρ
794 1819 880 1842 ουτος,
896 1811 927 1836 ὲν

137 1852 250 1890 βοηθείᾳ
276 1854 410 1881 κατοικῶν
435 1854 482 1881 τοῦ
500 1855 638 1890 Ὑψίστου,
664 1856 715 1883 ὑπὸ
742 1856 792 1892 τὴν
821 1856 926 1892 σκέπην

136 1897 261 1933 ηὐλίζετο
275 1899 321 1926 τοῦ
343 1900 509 1932 ἐνοικοῦντος
536 1901 610 1936 αὐτῷ
637 1901 704 1928 Θεοῦ
727 1902 833 1936 Λόγου,
863 1902 924 1928 ἐπι-

137 1944 295 1978 σκιάζοντος
311 1945 385 1981 αὐτῷ
401 1948 435 1982 τῇ
451 1945 533 1973 αὑτοῦ
551 1946 668 1982 θεότητι,
698 1945 754 1982 εἶχέ
769 1957 798 1973 τε
817 1947 925 1982 ἀντιλή-

135 1994 227 2026 πτορα
246 1991 294 2017 καὶ
318 1992 479 2027 καταφυγὴν
492 1993 539 2019 και
563 1993 672 2025 ἐλπίδας
687 1993 769 2020 αὑτοῦ
793 1994 842 2029 τὴν
857 1994 924 2028 πλη-

137 2034 238 2070 ροῦσαν
263 2036 343 2062 αύτὺν
362 2036 409 2062 τοῦ
438 2034 510 2063 Θεοῦ¹
521 2038 607 2072 Λόγου
631 2038 754 2073 δύναμιν.
771 2039 875 2074 ’Ὠσπερ
895 2039 923 2065 δὲ

137 2080 218 2116 σῶμα
237 2081 356 2117 Χριστοῦ
373 2082 403 2108 τὸ
420 2082 588 2118 ἀνθρώπειον
612 2084 694 2111 αὑτοῦ
709 2085 823 2120 ὄργανον
840 2086 924 2120 ἐχρη-

135 2128 261 2163 μάτισεν,
271 2128 341 2154 οὕτω
352 2129 399 2155 καὶ
412 2130 426 2155 6
441 2130 506 2161 λαὸς
514 2130 596 2157 αὐτοῦ
611 2130 729 2166 Χριστοῦ
748 2131 824 2166 σῶμα
840 2139 924 2166 προσ-

135 2173 281 2209 ηγόρευται
299 2174 351 2200 ὑπὸ
361 2174 407 2201 τοῦ
426 2175 498 2211 ιεροῦ
507 2175 667 2202 Ἀποστὸλου
679 2176 814 2210 λέγοντος·
832 2177 924 2212 Ὑμεῖς

135 2217 169 2245 δέ
179 2218 250 2245 ἐστε
266 2219 351 2254 σῶμα
364 2220 503 2254 Χριστοῦ,
521 2221 570 2247 καὶ
584 2220 662 2255 μέλη
676 2221 709 2247 ἐκ
719 2221 841 2255 μέρους.

987 295 1138 322 certamina
1154 299 1181 323 et
1198 295 1363 323 tentationes
1376 295 1435 330 ejus
1450 296 1497 331 qui
1513 295 1663 324 secundum
1679 294 1769 322 Domi-

987 349 1051 368 num
1070 346 1286 372 consummatur,
1301 341 1509 375 complectitur;
1530 342 1585 368 imo
1606 342 1687 368 etiam
1710 338 1781 372 εριτ

987 387 1089 414 vatoris
1108 387 1195 414 nostri
1224 386 1250 413 in
1276 387 1384 414 deserto
1399 387 1576 414 teutationcm
1594 386 1767 422 praenuntiat,

986 433 1097 468 quando
1118 436 1277 467 assumptus
1305 436 1347 459 est
1362 439 1377 458 a
1399 432 1502 467 Spiritu
1527 433 1554 458 in
1575 431 1722 464 desertum,
1740 435 1769 457 ut

986 481 1139 506 tentaretur
1154 485 1169 504 a
1187 476 1306 509 diabolo,
1326 477 1502 512 praedicitque
1518 477 1576 511 ejus
1592 477 1619 503 in
1640 477 1768 504 omnibus

986 523 1142 552 victoriam.
1175 523 1245 556 Quid
1277 523 1370 558 itaque
1396 523 1435 549 ait
1460 523 1637 558 propheticus
1660 521 1769 550 sermo?

987 570 1064 597 Prior
1088 569 1198 605 quidem
1218 569 1346 603 populus,
1371 564 1462 604 quiin
1486 568 1649 603 praecedenti
1666 567 1769 603 Moysis

986 616 1110 643 oratione
1131 615 1264 650 plorabat,
1291 614 1349 641 haec
1371 614 1562 646 conﬁtebatur,
1581 613 1650 646 Quia
1671 613 1768 648 defecit-

986 670 1044 689 mus
1058 662 1084 688 in
1099 662 1140 688 ira
1155 667 1211 693 tua,
1225 665 1252 688 et
1267 664 1376 692 caetera,
1393 668 1454 696 qua:
1467 660 1566 688 ibidem
1580 660 1766 692 declarantur;

985 708 1102 743 populus
1122 715 1187 734 vero
1210 707 1256 742 qui
1277 711 1338 742 post
1351 707 1427 733 illum
1447 714 1461 732 a
1480 705 1537 734 Deo
1560 714 1608 741 per
1629 706 1770 733 Christum

985 753 1196 781 constituendus
1223 756 1291 785 erat,
1317 751 1454 786 adjutorio
1476 752 1609 779 Altissimi
1636 752 1770 785 conﬁsus,
1817 791 1819 795 Α

987 800 1014 827 in
1030 800 1145 835 ipsoque
1158 806 1266 833 semper
1280 799 1421 830 habitans;
1435 798 1642 833 perturbatione
1656 802 1683 825 et
1693 805 1770 826 com.

986 847 1106 874 motione
1122 853 1225 873 vacuus
1247 849 1354 878 manet;
1374 850 1466 880 utpote
1477 844 1524 880 qui
1547 844 1597 872 sub
1613 849 1770 880 legumento

984 892 1036 919 Dei
1046 892 1124 919 sedes
1142 892 1249 924 habeat,
1278 891 1514 924 tentatiouumque
1538 890 1640 916 nullam
1657 897 1768 917 aversa-

947 929 1074 970 B-bitur,
1100 938 1201 970 sed,in
1233 937 1346 972 singulis
1372 936 1443 964 dicet
1472 935 1610 962 Domino:
1629 934 1769 970 εμπεριον

982 993 1054 1012 meus
1074 993 1100 1012 es
1115 989 1141 1011 tu
1156 989 1181 1011 et
1198 983 1328 1019 refugium
1355 990 1451 1013 meum,
1467 981 1536 1008 Deus
1557 989 1640 1013 meus,
1658 980 1768 1014 sperabo

982 1031 1008 1057 iu
1035 1038 1104 1057 eum.
1123 1029 1176 1057 Pro
1194 1029 1241 1056 illo
1261 1032 1362 1061 autem,
1386 1027 1442 1060 Qui
1463 1021 1564 1053 habitat
1583 1026 1610 1052 in
1632 1025 1767 1060 adjutorio

981 1076 1123 1109 Altissimi,
1144 1075 1335 1111 Symmachus,
1363 1074 1415 1107 Qui
1432 1073 1535 1100 habitat
1556 1072 1603 1099 sub
1620 1075 1765 1107 tegumenta

980 1121 1132 1152 Allissimi;
1155 1120 1251 1156 Aquila
1276 1128 1339 1148 vero
1361 1124 1388 1147 et
1406 1121 1501 1155 quinta
1514 1118 1608 1150 editio,
1627 1118 1678 1151 Qui
1694 1118 1764 1145 sedet

980 1168 1007 1194 in
1023 1166 1174 1194 abscondito
1193 1166 1337 1198 Attiuimi‘,
1355 1166 1509 1195 ediderunt.
1521 1165 1581 1205 Quo
1598 1164 1766 1200 signiﬁcatur

980 1212 1049 1247 ejus,
1076 1213 1121 1247 qui
1145 1212 1297 1240 secundum
1324 1211 1408 1239 Deum
1433 1212 1461 1238 iu
1482 1211 1592 1239 Christo
1613 1214 1764 1246 concertat,

980 1258 1094 1285 ﬁrmitas
1121 1262 1148 1286 et
1169 1258 1372 1293 imperterritus
1397 1249 1515 1289 animus,
1540 1261 1567 1284 et
1583 1256 1719 1291 quomodo
1737 1256 1765 1284 in
1818 1276 1821 1279 -

980 1311 1088 1331 recessu
1106 1304 1201 1331 anima:
1215 1303 1274 1338 ejus
1292 1303 1396 1331 habitet
1412 1302 1559 1337 sedeatque
1582 1302 1691 1336 adjutor
1703 1301 1764 1336 ejus

979 1349 1148 1377 Altissimus.
1165 1349 1351 1384 Rursumque,
1365 1357 1415 1384 pro
1429 1348 1485 1380 illo,
1500 1347 1533 1374 1η
1559 1352 1704 1383 legumento
1714 1347 1764 1375 Dei

979 1395 1037 1422 at“
1048 1395 1263 1429 commorabitur,
1276 1394 1385 1429 Aquiia,
1398 1393 1431 1421 In
1448 1397 1592 1429 legumento
1603 1393 1680 1428 fartis
1693 1402 1765 1420 com-

978 1440 1144 1472 morabitur;
1171 1439 1352 1475 Symmachus
1378 1443 1480 1471 autem,
1506 1438 1561 1465 Sub
1577 1438 1669 1465 umbra
1685 1439 1762 1473 [ortis
1798 1460 1801 1464 .

976 1490 1143 1519 pertractans,
1157 1485 1328 1520 interpretati
1341 1488 1414 1512 sunt.
1429 1483 1482 1511 Sed
1495 1484 1552 1511 haec
1563 1483 1672 1519 quidem
1685 1485 1762 1519 quasi

978 1533 1004 1559 in
1022 1532 1163 1569 prooemiis
1179 1532 1299 1568 Spiritus
1318 1537 1429 1559 sanctus
1447 1532 1553 1558 locutus
1567 1536 1607 1558 cst
1623 1541 1628 1558 :
1645 1538 1705 1566 qua:
1719 1539 1763 1559 se~

979 1582 1100 1613 quuntur
1114 1583 1203 1606 autem
1225 1578 1258 1604 ad
1284 1586 1345 1605 eum
1367 1577 1471 1612 dirigit,
1492 1582 1635 1613 totumque
1658 1587 1762 1606 sermo-
1798 1608 1800 1611 ,

939 1611 966 1642 (1
976 1611 1037 1652 έοηι
1050 1624 1082 1651 ad
1098 1623 1158 1659 ejus
1177 1631 1322 1659 personam
1339 1611 1433 1656 refert,
1449 1624 1496 1659 qui
1509 1632 1558 1663 pro
1571 1611 1681 1652 Christo
1695 1631 1761 1652 cnn-

976 1674 1063 1697 certat
1077 1678 1109 1697 ac
1128 1674 1257 1705 superat;
1284 1670 1342 1697 sive
1361 1670 1441 1697 etiam
1463 1670 1496 1697 ad
1512 1670 1649 1697 hominem
1666 1671 1712 1706 qui
1733 1671 1760 1698 in

977 1715 1119 1743 Salvatore
1145 1724 1206 1743 esse
1230 1715 1402 1751 intelligitur,
1432 1723 1487 1751 quo
1509 1724 1559 1743 ceu
1580 1716 1761 1744 instrumento

976 1770 1055 1790 usum
1075 1765 1117 1789 est
1130 1761 1175 1789 Dei
1191 1761 1310 1789 Verbum
1326 1756 1400 1797 quod
1425 1763 1638 1799 praaexsistehat.
1655 1763 1761 1791 Etenim

976 1808 1021 1835 ille
1036 1808 1062 1835 in
1078 1807 1215 1842 adjutorio
1231 1807 1368 1835 Altissimi‘
1379 1809 1517 1841 habitans,
1540 1809 1591 1836 sub
1606 1813 1761 1844 legumento

976 1853 1155 1880 inhabitantis
1181 1853 1208 1879 in
1233 1861 1261 1881 se
1283 1849 1329 1880 Ι)ἐί
1350 1853 1432 1880 Verbi
1458 1855 1687 1887 commorabatur,
1715 1854 1760 1889 qui

975 1900 1075 1927 deitate
1091 1906 1140 1925 sua
1161 1899 1249 1933 ipsum
1272 1899 1458 1930 inumbrabat;
1475 1904 1554 1934 atque
1569 1901 1592 1926 is
1608 1900 1635 1926 in
1659 1908 1754 1928 susce-

976 1951 1090 1981 ptorcm,
1102 1944 1241 1980 refugium
1257 1948 1283 1971 et
1296 1952 1370 1979 spem
1388 1946 1503 1972 habebat
1518 1947 1605 1981 ipsam
1620 1945 1666 1973 Dei
1678 1946 1760 1975 Verbi

975 1992 1112 2023 virtutem,
1141 1999 1195 2026 qua
1226 1991 1390 2025 replebatur.
1415 1991 1647 2027 Quemadmodum
1670 1997 1760 2020 autem

974 2032 1192 2071 Christi‘corpus
1210 2036 1359 2063 humanum
1375 2037 1449 2065 illius
1463 2037 1672 2065 instrumentum
1685 2043 1758 2072 erat;

975 2082 1014 2109 sic
1026 2086 1054 2110 et
1068 2083 1184 2117 populus
1201 2082 1272 2117 ejus,
1286 2082 1389 2110 Christi
1413 2090 1515 2118 corpus
1539 2091 1554 2110 a
1577 2088 1671 2111 sancto
1686 2084 1758 2119 Apo-

974 2129 1044 2155 stolo
1069 2132 1182 2155 vocatur
1206 2128 1249 2156 his
1267 2128 1377 2155 verbis:
1398 2128 1449 2156 Vos
1470 2134 1555 2156 autaut
1580 2130 1642 2157 estis
1667 2139 1759 2165 corpus

975 2174 1085 2207 Christi,
1102 2179 1127 2201 et
1141 2173 1259 2201 membra
1275 2181 1306 2201 ea:
1319 2178 1394 2209 par-te
1406 2174 1438 2201 ".

170 2276 292 2308 Εἰκότως
310 2277 454 2313 τοιγαροῦν
467 2277 503 2304 τὰ
518 2279 547 2304 ὲν
565 2280 620 2309 τοῖς
641 2278 829 2314 προκειμένοις
844 2279 922 2313 λεγό-

1010 2278 1106 2306 Merito
1122 2278 1206 2314 igitur
1222 2285 1283 2313 quze
1309 2278 1353 2306 hic
1367 2279 1447 2314 quasi
1472 2278 1506 2306 de
1522 2285 1637 2317 corpore
1656 2276 1758 2305 Christi

136 2330 207 2357 μενα
221 2322 259 2354 ὡς
276 2324 340 2359 περὶ
362 2323 408 2350 τοῦ
437 2323 561 2359 σώματος
577 2325 694 2359 Χριστοῦ
716 2325 867 2361 ἁναφέροιτ¹
889 2326 921 2352 ἂν

136 2367 183 2393 καὶ
199 2368 239 2399 εἰς
254 2368 285 2394 τὸ
309 2368 476 2404 ἀνθρώπειον
495 2370 542 2396 τοῦ
563 2370 687 2407 Σωτῆρος
710 2371 797 2406 ἡμῶν,
813 2371 858 2398 καὶ
882 2374 922 2405 είς

133 2413 181 2439 τὸν
203 2414 232 2439 ὲν
259 2413 335 2449 αὐτῷ
354 2414 551 2450 τελειούμενον.
572 2412 622 2442 Ὧν
637 2416 723 2449 οὓτως
751 2418 920 2453 εἰρημένων,

135 2458 198 2494 ἑξῆς
214 2460 228 2485 6
241 2459 318 2494 λόγος
331 2460 496 2497 διεξέρχεται
509 2463 567 2491 ὅσα.
576 2462 650 2498 παρὰ
666 2463 711 2489 τοῦ
727 2463 793 2490 Θεοῦ
807 2465 922 2501 ὑπάρξει

134 2507 175 2543 τῷ
200 2508 371 2536 κατοικοῦντι
387 2510 415 2536 ὲν
438 2510 548 2546 βοηθείᾳ
569 2510 615 2537 τοῦ
636 2510 762 2545 Ὑψίστου
777 2512 823 2538 καὶ
848 2512 923 2539 αὐλι-

135 2552 242 2589 ζομένῳ
259 2554 312 2581 ὑπὸ
335 2554 384 2593 τὴν
406 2556 510 2591 σκέπην
533 2556 579 2583 τοῦ
597 2556 675 2595 Θεοῦ,
702 2556 807 2591 λέγοντι
835 2567 864 2584 τε
884 2559 922 2595 τῷ

134 2599 245 2636 Κυρίῳ·
269 2601 464 2636 Ἀντιλήπτωρ
485 2612 544 2638 μου
559 2602 589 2630 εἴ
608 2603 657 2630 καὶ
677 2604 831 2639 καταφυγή
850 2615 920 2640 μου,

135 2647 153 2673 ὀ
168 2647 240 2679 Θεός
249 2655 320 2681 μου,
332 2648 381 2675 καὶ
397 2648 488 2676 ἐλπιῶ
503 2650 549 2675 ἐπ’
563 2650 665 2677 αὐτόν.
681 2650 747 2677 Τίνα
764 2651 793 2677 δέ
811 2652 867 2677 ἐστι
887 2651 921 2678 τὰ

135 2691 202 2727 περὶ
214 2692 295 2720 αὐτὸν
315 2694 491 2729 γενησόμενα,
508 2695 650 2730 καταλέγει
671 2696 715 2723 διὰ
740 2695 794 2723 τῶν
820 2697 920 2732 ἑπομέ-

134 2746 189 2764 νων
198 2746 205 2753 ο
215 2738 280 2765 Ὅτι
293 2739 383 2773 αὐτὸς
392 2741 518 2774 ῥύσεταί
527 2751 565 2777 με
575 2743 608 2769 ἐκ
620 2743 745 2778 παγίδος
760 2744 919 2778 θηρευτῶν,

135 2782 195 2809 ἀπὸ
222 2785 315 2818 λόγου
339 2785 538 2820 ταραχώδους.
568 2788 615 2814 Ἐν
640 2789 703 2826 τοῖς
724 2790 920 2824 μεταφρένοις

135 2830 228 2858 αὐτοῦ
254 2830 423 2860 ἐπισκιάσει
443 2841 507 2867 σοι,
536 2834 585 2862 καὶ
610 2835 667 2863 ὑπὸ
696 2835 747 2870 τὰς
774 2836 921 2872 πτέρυγας

173 2908 195 2923 ⁸³
215 2907 226 2936 ι
243 2908 306 2937 Cor.
326 2910 446 2943 “1,27.

975 2325 1115 2358 dicuntur,
1131 2326 1211 2353 etiam
1232 2326 1268 2353 ad
1286 2325 1482 2352 humanitatem
1505 2323 1654 2351 Salvatoris
1672 2323 1758 2351 nostri

976 2373 1137 2404 referantur,
1154 2376 1235 2407 atque
1252 2372 1286 2399 ad
1300 2380 1363 2399 eum
1376 2372 1423 2406 qui
1439 2372 1466 2398 in
1479 2371 1539 2406 ipso
1552 2373 1758 2398 consummatus

974 2424 1026 2447 est.
1050 2419 1115 2452 Quae
1139 2426 1201 2446 cum
1226 2419 1277 2446 hac
1304 2419 1411 2446 ratione
1436 2417 1510 2445 dicta
1535 2417 1610 2451 sint,_
1626 2417 1757 2452 deinceps

975 2469 1129 2496 enarratur,
1148 2468 1249 2500 quanta
1270 2472 1285 2491 a
1302 2464 1357 2492 Deo
1376 2462 1540 2491 conferenda
1557 2462 1611 2490 sint
1631 2462 1658 2489 iu
1683 2469 1755 2494 cum,

973 2512 1019 2548 qui
1031 2511 1135 2538 habitat
1150 2512 1177 2538 in
1192 2510 1329 2545 adjutorio
1341 2509 1486 2541 Altissimi,
1499 2512 1526 2536 et
1539 2509 1590 2536 sub
1602 2511 1757 2542 tegumenta

975 2557 1020 2585 Dei
1038 2561 1236 2590 commoratur,
1254 2556 1286 2583 a'c
1307 2555 1374 2583 dicit
1390 2555 1514 2588 Domino,
1531 2554 1670 2588 Susceptor
1685 2561 1756 2581 meus

972 2611 1011 2634 es,
1026 2607 1050 2630 et
1062 2603 1191 2638 refugium
1207 2610 1304 2635 meum,
1324 2601 1394 2631 Deus
1411 2609 1493 2633 meus,
1513 2600 1622 2633 sperabo
1640 2601 1668 2626 in
1685 2608 1754 2626 cum.

973 2648 1102 2681 Quaenam
1120 2654 1208 2676 autem
1229 2649 1268 2676 illi
1284 2648 1449 2677 conferenda
1465 2648 1520 2675 sint
1534 2647 1561 2673 in
1579 2645 1756 2682 sequentibus

974 2698 1068 2722 narrat
1081 2704 1088 2722 :
1101 2710 1135 2715 —
1146 2694 1229 2723 Vens.
1248 2695 1306 2722 '5-9.
1321 2694 1452 2727 Quoniam
1468 2693 1522 2733 ipse
1537 2692 1656 2719 liberabit
1673 2700 1712 2718 me
1725 2691 1757 2719 de

975 2741 1065 2775 laqueo
1082 2741 1240 2774 venantium,
1256 2746 1281 2768 et
1305 2750 1322 2768 ο
1341 2739 1416 2768 verbo
1432 2733 1591 2766 iurbulento.
1610 2738 1643 2765 lu
1662 2746 1757 2771 scapu-

976 2786 1008 2813 lis
1025 2787 1079 2814 suis
1099 2787 1263 2814 obumbrabit
1280 2787 1338 2819 tibi,
1350 2791 1374 2814 et
1386 2785 1432 2813 sub
1450 2785 1540 2820 pennis
1554 2785 1610 2819 ejus
1626 2784 1752 2817 sperabis.

977 2836 1055 2865 Scuto
1073 2835 1244 2863 circumdabit
1261 2839 1284 2863 te
1299 2835 1393 2862 veritas
1410 2833 1476 2868 ejus,
1500 2841 1550 2860 non
1566 2831 1666 2859 timebis
1686 2839 1701 2857 α
1721 2831 1759 2859 tiu
