2032 3215
273 169 344 197 ιιιδ

618 166 754 194 EUSEBII
773 166 1012 199 CESARIENSIS
1030 167 1051 198 0

1102 189 1105 195 .
1127 167 1218 196 PARS
1235 166 1318 196 111-
1328 166 1533 195 EXEGETICA.

1817 168 1830 192 ι
1838 168 1885 194 ιιι

272 232 346 251 more
359 229 496 254 nocturno.
516 232 531 250 a
555 223 655 258 sagitta
676 223 778 250 volante
798 224 826 250 in
845 224 898 257 die,
919 233 935 251 ο
950 225 1051 260 negotio

1103 224 1198 252 αὐτοῦ
1220 224 1342 257 ἐλπιεῖς.
1367 224 1466 257 Ὅπλῳ
1488 221 1635 250 κυκλώσει
1658 223 1696 249 σε
1721 222 1740 256 ἡ
1760 221 1886 256 ἀλήθεια

271 269 470 304 perambulante
484 270 511 296 in
524 269 648 301 tenebris,
663 277 679 296 a
694 270 771 296 ruina
789 275 814 297 et
829 270 958 298 daemonio
974 272 1051 298 meri-

1103 270 1208 301 αὐτοῦ,
1221 271 1257 297 οὐ
1267 270 1423 304 φοϐηθήσῃ
1440 269 1499 297 ἀπὸ
1521 269 1614 303 φόϐου
1630 266 1815 301 νυκτερινοῦ,
1826 267 1888 296 ἀπὸ

271 314 362 341 diano.
378 315 476 342 Cadent
499 323 515 342 a
530 315 612 342 latere
630 319 675 342 tuo
694 316 777 348 mille,
797 321 821 344 et
835 317 923 344 decem
935 318 1020 345 millia
1037 327 1051 344 a

1102 315 1217 348 ,βέαους
1240 314 1402 349 πετομένου
1428 314 1558 356 ἡμέρας,
1579 313 1638 341 ἀπὸ
1663 312 1833 348 πράγματος
1851 312 1888 340 ἐν

271 360 370 388 dextris
395 361 457 392 tuis,
474 361 508 388 ad
532 365 557 388 te
581 366 666 389 autem
686 370 738 389 mm
752 363 979 398 appropinquabit.
1002 363 1052 390 Ve-

271 410 419 433 rumtamen
435 405 519 433 oculis
543 406 594 434 tuis
611 406 800 439 considerabis,
816 413 840 434 et
857 408 1053 437 retributionem

270 455 435 485 peccatorum
452 450 560 479 videbis.
577 451 708 485 Quoniam
726 457 753 480 tu
780 461 834 487 spes
854 462 923 487 mea,
945 454 1050 482 Altissi-

270 505 342 524 mum
354 497 468 531 posuisti
482 497 612 533 refugium
633 503 716 526 tuum.
733 498 852 528 lnsultus
876 500 1007 535 plurimos
1025 500 1053 528 in

269 548 332 569 eum
351 541 408 569 fore
429 543 602 577 pmnuntiat,
619 544 665 578 qui
686 543 712 571 in
737 544 864 572 vaticinio
884 547 1051 577 enuntiatur.

270 585 320 613 Hic
337 594 400 614 vero
415 594 544 622 perrarus
561 592 660 616 eratet
681 589 822 622 mirabilis,
844 590 872 619 in
893 591 1054 618 abscondito

269 631 400 659 Altissimi
423 632 531 666 sedens,
558 634 610 661 sub
626 634 721 662 umbra
735 634 813 663 fortis
835 643 1008 664 commorans
1026 640 1054 664 et

270 677 387 706 Domino
412 679 515 712 dicens,
537 678 680 715 Susceptor
694 689 765 708 meus
781 690 808 709 es
822 687 850 709 tu
873 687 898 710 et
923 683 1054 719 refugium

269 732 365 758 meum,
376 724 447 753 Deus
457 734 539 757 meus,
554 730 578 753 et
589 726 697 760 sperabo
711 727 738 754 in
750 736 821 760 eum;
833 728 890 757 sive
904 730 1053 757 secundum

270 770 407 805 Aquilam,
422 770 494 798 Deus
510 780 596 803 meus,
613 772 743 807 conﬁdam
763 774 791 800 in
807 774 876 806 illo;
892 779 939 802 aut
953 783 1053 803 secun-

269 815 334 842 dum
356 814 559 852 Symmachum,
577 816 647 844 Deus
662 826 744 850 meus,
769 823 794 846 et
817 818 912 846 bonam
927 819 1054 854 ﬁduciam

269 861 367 888 habebo
393 862 420 889 in
444 862 500 890 illo.
521 861 659 891 Adversus
679 871 741 891 eum
762 864 855 899 igitur,
878 866 924 900 qui
944 873 977 892 eo
1000 872 1055 900 quo

269 904 371 932 dictum
386 909 427 932 est
441 906 521 933 modo
534 905 562 934 in
578 905 624 934 Dei
641 907 742 934 auxilio
756 909 891 943 repositus
904 913 973 941 erat,
987 910 1054 937 insi-

268 950 320 978 dia:
333 951 455 986 quautam
465 956 492 980 et
505 953 708 988 conjurationes
728 958 919 982 sexcentorum
934 955 1052 983 hostium

269 997 494 1025 insurrexerunt:
508 1006 568 1034 qua:
589 999 693 1028 scilicet
709 1000 797 1036 laquei
808 1002 976 1034 venantium,
995 1009 1054 1030 ser-

267 1049 362 1070 mones
377 1043 541 1077 turbulenti,
569 1044 651 1072 timor
666 1049 828 1078 nocturnus,
845 1047 943 1083 sagitta
958 1048 1054 1078 volans

267 1090 295 1113 In
323 1086 378 1119 die.
394 1088 532 1122 negotium
561 1090 754 1125 perambulans
786 1091 814 1118 in
831 1093 951 1120 tenebris
973 1094 1052 1122 ruina

267 1131 393 1160 daemonii
408 1133 551 1160 meridiani
562 1138 664 1162 vocata;
672 1140 735 1163 sunt
749 1146 755 1163 :
767 1136 801 1164 ad
813 1136 869 1164 haec
884 1145 959 1170 vero,
968 1139 1053 1167 millia

266 1182 293 1203 et
318 1175 411 1204 decem
435 1177 538 1211 millia;
565 1178 601 1205 ita
626 1184 655 1206 ut
676 1180 759 1207 millia
783 1181 937 1215 sinistram;
959 1183 1052 1211 decem

265 1228 332 1248 vero
356 1221 441 1249 millia
466 1222 604 1250 dexteram
621 1224 681 1259 ejus
705 1230 881 1260 occuparent.
904 1226 971 1254 Nam
994 1227 1052 1256 haec

265 1266 371 1294 dextris
395 1268 530 1303 partibus,
546 1274 640 1304 utpote
655 1270 820 1300 ﬁrmioribus
840 1276 866 1300 et
882 1272 1050 1308 fortioribus,

265 1313 475 1342 insidiabantur.
499 1315 544 1343 Ait
563 1323 626 1344 vero
641 1317 747 1345 nullum
767 1318 864 1346 horum
885 1327 946 1346 eum
963 1321 1010 1355 qui
1024 1320 1051 1348 in

265 1358 395 1387 vaticinio
412 1359 499 1388 fertur
525 1361 657 1397 attingere
682 1371 772 1399 posse.
797 1364 931 1392 Przeterca
951 1366 1052 1394 dicitur

264 1411 327 1432 eum
343 1405 514 1433 incessurum
529 1414 590 1435 esse
605 1415 660 1436 non
680 1410 761 1437 modo
776 1417 858 1445 supra
874 1415 1014 1446 serpentes
1025 1417 1052 1440 et

266 1452 436 1487 scorpiones,
459 1461 523 1482 nam
538 1454 596 1482 haec
610 1455 716 1483 modica
730 1462 808 1484 erant
821 1466 828 1490 ;
843 1458 889 1485 sed
910 1467 991 1494 super
1005 1467 1051 1488 as-

265 1497 354 1532 pidem
368 1503 395 1526 et
406 1498 575 1532 basiliscum,
595 1504 622 1528 et
637 1502 858 1530 conculcaturum
869 1511 929 1531 esse
945 1504 1051 1532 leonem

265 1545 294 1569 et
307 1542 452 1570 draconem
467 1551 473 1569 :
492 1551 552 1579 qum
565 1553 630 1574 sane
645 1546 715 1574 inter
728 1547 801 1575 feras
809 1553 836 1576 et
853 1549 958 1584 reptilia
972 1550 1049 1585 prin-

265 1587 353 1622 cipem
374 1589 498 1621 obtinent
515 1591 615 1618 locum.
631 1592 764 1622 Existimo
784 1597 873 1622 autem
889 1595 932 1622 his
947 1595 1050 1632 princi-

265 1641 313 1670 pes
335 1635 418 1670 htq'us
442 1637 534 1664 saeculi
557 1638 715 1673 signiﬁcari,
736 1647 842 1667 necnon
859 1640 1009 1668 invisibiles
1023 1645 1050 1668 et

266 1681 410 1715 primarius
422 1686 580 1716 potestates.
597 1682 789 1712 Verumtamen
803 1686 849 1720 qui
866 1686 893 1714 in
908 1686 1050 1721 prophetia

266 1725 353 1753 fertur
364 1734 459 1754 omnes
474 1728 555 1755 simul
564 1729 773 1757 conculcaturus
785 1738 845 1759 esse
859 1731 966 1758 dicitur.
982 1730 1050 1758 Nam

266 1780 343 1807 super
367 1772 495 1807 aspidem,
513 1774 610 1808 inquit,
626 1779 651 1801 et
671 1774 824 1802 basiliscum
854 1776 1011 1809 ambulabis,
1024 1781 1050 1804 et

265 1818 429 1850 conculeabis
443 1819 541 1847 leonem
554 1825 578 1847 et
594 1820 744 1849 draconem.

1103 361 1205 387 σκότει
1234 359 1497 394 διαπορευομένου,
1524 358 1582 386 ἀπὸ
1601 357 1818 393 συμπτώματος
1838 357 1888 387 καὶ

1103 405 1257 440 δαιμονίου
1268 404 1479 440 μεσημϐρινοῦ.
1500 403 1635 432 Πεσεῖται
1645 403 1679 430 ἐκ
1694 403 1748 430 τοῦ
1763 403 1888 443 ultor);

1105 459 1162 478 σου
1181 451 1288 485 χιλιὰς,
1306 451 1355 477 καὶ
1370 450 1476 485 μυριὰς
1491 450 1524 476 ἐκ
1540 449 1647 488 δεξιῶν
1660 457 1734 483 σου,
1753 448 1829 484 πρὸς
1849 449 1888 476 σὰ

1104 497 1138 524 δὲ
1156 498 1212 524 οὐκ
1234 497 1333 532 ἑττιεῒ.
1351 496 1438 530 Πλὴν
1457 495 1517 529 τοῖς
1533 495 1695 531 ὀφθαλμοῖς
1715 503 1774 523 σου
1796 503 1888 523 ma—

1103 542 1235 576 νοήσεις,
1249 542 1298 569 καὶ
1311 541 1514 570 ἀνταπόδοσιν
1532 540 1714 576 ἁμαρτωλῶν
1727 541 1806 576 ὕψει.
1828 541 1888 569 ὀτι

1104 588 1145 616 σὺ
1162 589 1181 622 ἠ
1197 588 1285 622 ἐλπίς
1302 596 1373 622 μου,
1386 587 1439 614 τὸν
1456 588 1600 622 Ὕψιστον
1619 587 1689 618 ἔθου
1711 586 1890 623 statava

1104 642 1172 661 σου.
1191 633 1294 666 Πολλὰς
1307 633 1505 665 ἐπαναστάσεις
1519 633 1533 660 ό
1549 633 1592 668 λόγ
1599 642 1627 666 ος
1646 630 1828 670 προαγορεύει
1842 641 1890 668 γττ

1103 679 1232 715 νήσεσθαι
1247 678 1287 714 τῷ
1307 679 1546 715 προφητευομένῳ.
1569 677 1651 712 Οὗτος
1672 679 1701 707 δὲ
1719 676 1753 716 ἦν
1776 679 1890 714 σπάνιος

1104 733 1146 757 τις
1168 725 1214 752 καὶ
1235 725 1400 761 θαυμαστὸς,
1421 726 1449 753 ὲν
1465 725 1615 762 ἀποκρύφῳ
1627 725 1675 753 τοῦ
1693 725 1822 761 Ὑψίστου
1839 734 1891 754 κιρ

1105 771 1239 807 ϐήμενος,
1257 771 1310 798 ὑπὸ
1332 771 1381 808 τὴν
1403 772 1482 799 σκιὰν
1509 771 1556 799 τοῦ
1581 771 1673 799 ἱκανοῦ
1695 771 1890 808 αὐλιζόμενος,

1106 817 1152 844 καὶ
1165 817 1252 852 λέγων
1267 817 1305 853 τῷ
1323 817 1432 854 Κυρίῳ·
1453 818 1649 853 Ἀντιλήπτωρ
1656 827 1717 852 μου
1734 817 1786 846 καὶ
1799 826 1890 860 κατα-

1105 863 1185 898 φυγή
1204 872 1274 898 μου,
1299 864 1316 890 ὁ
1335 865 1406 896 Θεός
1418 873 1488 898 μου,
1507 863 1556 891 καὶ
1571 863 1665 891 ἐλπιῶ
1687 863 1734 891 ἐπ’
1748 864 1858 892 αὐτόν’
1873 863 1891 900 ἢ

1105 909 1175 936 κατὰ
1193 910 1238 936 τὸν
1256 909 1420 943 ’Ᾱκύλαν,¹υ
1436 911 1507 944 Θεός
1518 919 1589 945 μου,
1601 910 1774 945 πεποιθήσω
1789 909 1825 937 ἐν
1835 908 1890 938 αὖ·

1105 955 1158 988 τῷ·
1175 955 1202 992 ἢ.
1218 957 1249 982 'O
1265 957 1336 989 Θεός
1345 965 1415 991 μου,
1428 957 1477 983 καὶ
1485 955 1664 991 εὐθαρσήσω
1674 957 1710 984 ἐν
1721 955 1893 990 αὺτῷ.κατὰ

1104 1000 1149 1027 τὸν
1177 1001 1333 1037 Σύμμαχον.
1361 1002 1454 1038 Τούτῳ
1475 1002 1507 1038 δὴ
1536 1000 1582 1029 οὖν
1599 1002 1638 1037 τῷ
1658 1002 1712 1029 τῶν
1736 1001 1892 1038 εἰρημένων

1103 1046 1196 1081 τρόπῳ
1218 1047 1388 1083 ἀνακειμένῳ
1412 1049 1446 1084 τῇ
1469 1047 1515 1074 τοῦ
1533 1047 1600 1074 Θεοῦ
1618 1047 1728 1084 βοηθείᾳ
1749 1047 1892 1082 ὲπιὸουλαζ

1103 1100 1175 1123 τινες
1186 1092 1232 1118 καὶ
1246 1093 1376 1119 συσκευαὶ
1390 1093 1494 1129 μυρίων
1505 1093 1564 1120 κατ’
1572 1093 1656 1120 αὑτοῦ
1667 1093 1892 1130 στρατευομένων

1103 1137 1289 1172 ἐπανέστησαν
1299 1147 1306 1153 ·
1322 1138 1434 1172 παγίδες
1446 1138 1510 1173 γοῦν
1523 1138 1662 1174 Θηρευτῶν
1678 1137 1889 1174 ὠνομάσθησαν.

1103 1183 1150 1209 καὶ
1175 1182 1247 1217 λόγοι
1272 1184 1456 1219 ταραχώδεις,
1475 1184 1521 1211 καὶ
1542 1184 1624 1219 φόϐος
1646 1184 1820 1220 νυκτερινὸς,
1842 1183 1890 1211 ut

1104 1229 1179 1264 βέλος
1196 1230 1341 1265 πετόμενον
1354 1230 1470 1266 ἡμέρας,
1483 1231 1530 1267 καὶ
1547 1232 1663 1266 πρᾶγμα
1678 1231 1707 1258 ἒν
1719 1231 1812 1258 σκότει
1828 1230 1889 1258 duo.

1103 1275 1294 1310 πορευόμενον,
1310 1275 1357 1302 καὶ
1369 1275 1525 1312 σύμπτωμα
1535 1277 1674 1312 δαιμονίου
1685 1274 1888 1318 μεσημϐριχσῦ”

1102 1321 1149 1349 καὶ
1166 1322 1235 1358 πρὸς
1253 1322 1357 1353 τούτοις
1370 1322 1457 1349 ἆπασι
1483 1322 1600 1358 χιλιάδες
1620 1323 1668 1350 καὶ
1693 1322 1840 1358 μυριάδες·
1858 1321 1890 1353 αἱ

1104 1367 1153 1402 μὲν
1167 1367 1283 1402 χιλιάδες
1296 1367 1331 1394 τὰ
1342 1367 1472 1404 ἀριστερὰ
1484 1367 1566 1395 αὐτοῦ
1588 1367 1839 1403 ἀπολαμωνουσαι,
1859 1365 1892 1396 αἱ

1102 1413 1129 1440 δὲ
1146 1413 1179 1440 τὰ
1194 1413 1267 1446 δεξιὰ
1285 1414 1423 1449 μυριάδες.
1445 1414 1530 1441 Αὐτοὶ
1550 1413 1605 1450 γὰρ
1619 1415 1674 1446 τοῖς
1689 1413 1786 1447 δεξιοῖς
1801 1413 1840 1445 ὡς
1855 1412 1891 1441 ἃν

1103 1460 1306 1495 κραταιοτέροις
1317 1461 1364 1487 καὶ
1378 1460 1560 1496 ἰσχυροτέροις
1576 1460 1686 1496 μέρεσιν
1700 1459 1888 1494 ὲπεϐοὐλευοντ

1101 1505 1208 1532 Τούτων
1225 1506 1253 1532 δὲ
1270 1506 1378 1533 πάντων
1389 1506 1464 1533 οὐδὲν
1478 1506 1645 1542 προσψαὺειν
1657 1505 1696 1542 τῷ
1710 1506 1775 1542 mp!
1781 1501 1812 1533 οὗ
1828 1505 1892 1533 6M-

1102 1561 1149 1587 γος
1163 1552 1339 1588 προφητεύει.
1360 1553 1419 1579 Ἔτι
1439 1552 1466 1579 δὲ
1496 1552 1563 1588 πρὸς
1577 1552 1681 1584 τούτοις
1712 1551 1890 1588 ἐπιϐήσεσθαι

1100 1598 1217 1633 λέγεται,
1244 1599 1281 1634 (l)
1300 1599 1340 1625 ὅτι
1365 1599 1410 1625 καὶ
1438 1598 1530 1625 ἐπάνω
1551 1598 1638 1633 ὃφεων
1673 1598 1719 1625 καὶ
1734 1597 1888 1634 σκορπίων

1105 1643 1191 1679 μικρὰ
1203 1644 1258 1679 γὰρ
1271 1642 1304 1679 ἦν
1313 1643 1398 1670 ταῦτα
1407 1651 1415 1660 ο
1428 1643 1485 1671 ἀλλ’
1500 1643 1543 1670 ἐπ’
1550 1644 1650 1671 ἀσπίδα
1658 1643 1706 1670 καὶ
1723 1642 1890 1678 βαιιιλίσκονι

1101 1689 1302 1724 καταπατήσειν
1316 1698 1346 1716 τε
1358 1689 1453 1715 λέοντα
1473 1689 1520 1716 καὶ
1539 1688 1690 1724 δράκοντα”
1708 1687 1767 1723 ἃδὴ
1784 1687 1891 1724 βασιλί-

1101 1732 1211 1760 κώτατα
1230 1733 1276 1760 καὶ
1289 1732 1463 1769 ἀρχικώτατα
1476 1732 1529 1759 τῶν
1543 1733 1573 1759 ὲν
1586 1732 1691 1768 θηρίοις
1703 1732 1750 1759 καὶ
1764 1732 1890 1768 ἑρπετοῖς

1100 1777 1238 1812 τυγχάνει.
1253 1775 1335 1812 Οἶμαι
1353 1777 1417 1811 γοῦν
1436 1776 1481 1804 διὰ
1494 1776 1595 1804 τούτων
1612 1777 1675 1808 τοὺς
1694 1776 1830 1814 ἄρχοντας
1842 1775 1890 1805 τοῦ

1102 1823 1199 1855 αἰῶνος
1222 1823 1317 1850 τούτου
1338 1823 1535 1858 σημαίνεσθαι,
1552 1822 1664 1856 καὶτὰς
1689 1823 1822 1863 ἀοράτως
1843 1821 1891 1850 καὶ

265 1864 426 1899 ἀρχθντικὰς
440 1865 576 1901 δυνάμεις.
591 1867 662 1904 Πλὴν
681 1868 755 1903 ὅμως
778 1868 792 1895 ὁ
815 1869 1050 1905 προφητευόμενος
1074 1869 1276 1904 καταπατήσειν
1295 1869 1399 1905 ἀθρόως
1416 1869 1523 1903 λέγεται
1545 1869 1595 1909 τὰς
1622 1869 1721 1901 πάσας.
1742 1867 1890 1907 Ἔπισήση

265 1912 328 1947 γάρ,
341 1913 432 1949 φησὶν,
450 1913 499 1941 ἐπὶ
520 1914 634 1941 ἀσπίδα
658 1915 707 1946 καὶ
725 1915 923 1948 βασιλίσκον,
942 1916 992 1943 καὶ
1016 1916 1236 1949 καταπατήσας
1253 1915 1362 1943 λέοντα
1376 1916 1425 1943 καὶ
1440 1915 1599 1949 δράκοντα.

299 1968 365 2001 Quis
375 1969 458 2004 igitur
469 1970 513 1997 hic
525 1970 669 2003 iuerit,cut
683 1973 746 1999 talia
760 1978 915 2008 competere
930 1973 1048 2008 possint;

265 2019 292 2041 et
305 2015 367 2049 quis
380 2017 496 2050 populus
513 2025 593 2052 quem
608 2017 702 2045 decem
723 2019 806 2046 millia
823 2019 995 2046 inimicorum
1016 2019 1050 2046 ad

265 2059 403 2087 dexteram
417 2067 584 2097 oppugnant.
604 2064 637 2090 ad
658 2064 773 2091 alterum
792 2072 856 2092 vero
867 2065 939 2093 latus
953 2065 1049 2097 millia,

266 2113 354 2140 neque
374 2106 474 2134 audent
495 2108 530 2135 ad
546 2116 608 2136 eum
625 2110 764 2141 accedere.
787 2110 835 2139 sed
853 2118 946 2138 coram
958 2119 991 2138 eo
1004 2118 1051 2138 ca-

265 2150 352 2185 dunt;
367 2159 416 2187 age
436 2152 630 2188 disquiramus.
657 2155 722 2183 Dico
742 2160 832 2183 autem
857 2156 948 2191 aliquo
970 2157 1051 2185 modo

266 2205 346 2233 posse
362 2199 417 2225 haec
435 2199 530 2227 referri
545 2201 577 2227 ad
593 2200 729 2228 hominem
755 2202 781 2228 in
799 2202 908 2230 Christo
923 2210 1050 2230 consum-

1136 1973 1183 2005 Τὶς
1199 1972 1245 2000 οὖν
1265 1973 1361 2007 γένοιτ’
1378 1973 1411 1999 ἂν
1431 1972 1560 2004 τοιοῦτος,
1581 1972 1619 2004 ὡς
1635 1971 1800 2008 ἐφαρμόζειν
1814 1970 1892 2007 αὐτῷ

1078 2022 1082 2026 ”
1102 2019 1231 2047 δύνασθαι
1247 2019 1282 2046 τὰ
1295 2019 1417 2050 τοιαῦτα,
1435 2019 1482 2045 καὶ
1493 2018 1522 2050 ὃς
1537 2020 1552 2045 ό
1568 2018 1631 2050 λαὸς
1647 2019 1696 2054 μὲν
1715 2017 1822 2054 ἐχθρῶν
1837 2017 1888 2054 μὲν

1104 2065 1236 2101 μυριάδας
1259 2065 1485 2101 ἐπιστρατεύεται
1499 2064 1581 2092 αὐτοῦ
1593 2066 1649 2098 τοῖς
1664 2064 1772 2097 δεξιοῖς,
1790 2064 1848 2097 τοῖς
1859 2063 1890 2094 δι

1102 2111 1174 2138 κατὰ
1194 2111 1306 2147 θάτερον
1329 2112 1411 2147 μέρος
1424 2112 1554 2148 χιλιάδας,
1579 2111 1617 2148 μὴ
1634 2111 1735 2147 τολμᾷν
1755 2111 1784 2138 δὲ
1805 2109 1889 2138 αὐτοῦ

1103 2157 1280 2194 προσψαύειν,
1299 2158 1480 2185 καταπίπτειν
1496 2158 1523 2184 δὲ
1539 2157 1693 2193 ἔμπροσθεν
1708 2156 1802 2190 αὐτοῦ,
1822 2157 1889 2194 φέρε

1103 2204 1322 2239 κατανοήσωμεν.
1335 2204 1408 2238 Φημὶ
1424 2203 1452 2230 δὲ
1467 2203 1526 2230 καθ’
1539 2203 1588 2236 ἕνα
1598 2203 1697 2239 τρόπον
1707 2202 1897 2239 ἀναφέρεσθαι

265 2247 386 2277 malum;
402 2245 490 2279 qualis
505 2250 563 2273 erat
580 2245 692 2277 Paulus,
713 2247 759 2281 qui
783 2247 901 2278 dicebat,
928 2247 987 2275 Scio
1004 2248 1051 2279 ho-

1102 2249 1188 2276 ταῦτα
1204 2249 1251 2275 ἐπὶ
1265 2249 1310 2276 τὸν
1324 2250 1353 2276 ἐν
1375 2249 1486 2285 Χριστῷ
1500 2249 1707 2284 τετελειωμένον
1728 2248 1887 2285 ἄνθρωπον·

265 2291 360 2318 minem
376 2291 402 2317 in
418 2290 523 2319 Christo
534 2293 556 2308 “
569 2301 578 2320 :
593 2297 619 2320 et
631 2291 665 2319 ad
679 2299 774 2320 onmcs
790 2293 834 2327 qui
848 2293 959 2327 perinde
971 2298 1051 2328 atque

266 2335 312 2364 ille
326 2336 416 2364 dicere
441 2338 556 2372 possint,
583 2338 648 2371 Quis
666 2347 712 2365 nos
728 2338 861 2372 separabit
878 2347 894 2365 ιι
923 2338 1051 2367 charitate

267 2381 334 2410 Dei?
347 2383 495 2416 tribulatio,
508 2392 541 2411 tm
557 2386 690 2420 angustia,
698 2393 732 2412 an
743 2385 899 2419 persecutio,
912 2393 945 2412 an
955 2385 1048 2420 fames.

266 2435 299 2453 an
315 2428 433 2461 nuditas,
449 2437 483 2455 an
499 2429 655 2464 periculum,
686 2439 718 2457 an
734 2430 838 2465 gladius
865 2431 888 2446 ⁶³
901 2431 914 2462 ?_
929 2437 960 2457 ac
988 2438 1049 2457 rur-

266 2480 336 2504 sum,
355 2472 448 2501 Certus
463 2483 521 2501 sum
536 2476 605 2502 enim
621 2477 682 2511 quia
697 2485 777 2510 neque
793 2485 873 2508 mors,
890 2484 969 2511 neque
983 2476 1047 2505 vita.

266 2526 345 2552 neque
359 2519 498 2554 instantia,
520 2530 599 2556 neque
614 2522 716 2556 futura,
733 2531 812 2558 neque
832 2523 952 2553 virtu/es,
969 2530 1049 2557 neque

265 2564 389 2596 altitudo,
406 2574 485 2601 neque
500 2568 670 2602 profundum,
687 2577 766 2602 neque
777 2574 899 2596 creatura
912 2569 966 2596 alia
974 2574 1048 2602 pote-

266 2609 300 2636 rit
316 2618 362 2636 nos
374 2618 496 2644 separare
517 2620 533 2638 a
548 2612 676 2639 cltaritate
694 2611 753 2644 Dei,
771 2621 827 2647 qua
842 2616 881 2639 est
896 2614 923 2639 in
944 2611 1050 2639 Christo

266 2653 328 2682 Iesu
340 2656 362 2671 "
377 2663 386 2682 :
401 2655 436 2682 ad
453 2656 510 2687 haec
525 2665 589 2684 vero
601 2657 728 2693 quisquis
742 2658 832 2685 dicere
847 2662 946 2693 potest,
961 2657 1012 2685 Sed
1021 2658 1048 2684 in

265 2701 305 2727 his
325 2701 444 2729 omnibus
460 2709 613 2736 superamus
627 2703 661 2736 ",
673 2703 773 2738 dignus
794 2711 860 2732 sane
877 2704 958 2732 fuerit
971 2709 1001 2732 ut
1015 2705 1048 2733 de

266 2745 325 2780 ipso
341 2746 382 2773 lue
396 2754 478 2774 voces
495 2746 678 2781 proferantur.
696 2747 770 2776 Talis
787 2752 884 2784 quippe
906 2750 986 2777 homo
1001 2750 1049 2777 ha~

265 2791 353 2822 bilaus
372 2793 400 2819 in
421 2792 558 2828 adjutorio
576 2793 719 2827 Altissimi,
735 2798 762 2820 et
781 2794 808 2821 in
832 2799 985 2829 legumento
1002 2795 1049 2823 Dei

301 2847 323 2862 “
343 2847 363 2873 ll
381 2848 444 2875 Cor.
464 2858 502 2876 xu
516 2870 522 2881 ,
538 2849 564 2876 2.
604 2850 625 2865 ⁸⁵
646 2849 724 2877 Rom.
744 2857 793 2877 vui
810 2850 853 2877 55.

295 2894 333 2931 ιι)
352 2895 412 2922 Ὅτι
438 2895 483 2935 μή·

1102 2292 1157 2326 οἷος
1169 2293 1203 2330 ἦν
1215 2296 1340 2330 ollam—Diog
1351 2296 1437 2330 λέγων
1449 2304 1456 2310 ·
1470 2293 1542 2322 Οἶδα
1551 2296 1707 2330 ἄνθρωπον
1719 2294 1887 2329 ὲνΧριστῷ’

1102 2341 1148 2367 ἐπὶ
1163 2342 1250 2368 πάντα
1265 2350 1294 2368 τε
1319 2342 1365 2368 τὸν
1383 2342 1482 2377 ὁμοίως
1502 2342 1597 2377 ἐκείνῳ
1615 2341 1704 2375 λέγειν
1719 2341 1888 2377 δυνάμενον·

1106 2387 1152 2419 Τίς
1177 2386 1256 2421 ἡμᾶς
1272 2387 1393 2422 χωρίσει
1418 2387 1477 2419 ἀπὸ
1506 2387 1561 2421 τῆς
1579 2387 1696 2422 ἀγάπης
1717 2387 1772 2414 τοῦ
1796 2386 1890 2424 Θεοῦς

1102 2431 1213 2465 θλίψις,
1230 2431 1249 2466 ἣ
1272 2433 1455 2467 στενοχωρία
1467 2452 1474 2464 ,
1497 2432 1516 2466 ἢ
1536 2431 1682 2467 διωγμὸς,
1705 2431 1724 2466 ἧ
1739 2432 1849 2466 λιμὸς,
1869 2431 1890 2468 ἢ

1102 2478 1267 2511 γυμνότης,
1292 2478 1311 2512 ἢ
1328 2474 1487 2511 κίνδυνος,
1508 2478 1527 2512 ἢ
1543 2477 1675 2513 μάχαιρα
1683 2485 1693 2510 ;
1719 2477 1766 2506 καὶ
1790 2477 1886 2506 πάλιν·

1101 2523 1264 2559 Πέπεισμαι
1274 2525 1336 2559 γὰρ,
1354 2525 1399 2551 ὅτι
1414 2525 1483 2552 οὔτε
1494 2524 1631 2558 θάνατος,
1647 2525 1718 2551 οὔτε
1737 2523 1806 2558 ζωὴ,
1820 2523 1888 2551 οὔτε

1101 2570 1260 2603 ἐνεστῶτα,
1281 2571 1350 2598 οὔτε
1370 2571 1540 2606 μέλλοντα,
1553 2570 1623 2597 οὔτε
1645 2569 1798 2604 δυνάμεις,
1819 2569 1888 2597 οὔτε

1103 2615 1221 2650 ὕψωμα,
1239 2616 1307 2643 οὔτε
1319 2617 1424 2650 βάθος,
1438 2617 1508 2644 οὔτε
1523 2625 1568 2650 τις
1582 2616 1681 2649 κτίσις
1693 2615 1780 2650 ἑτέρα
1793 2614 1886 2651 δυνήο

1101 2667 1186 2687 σεται
1208 2661 1286 2695 ἡμᾶς
1302 2662 1427 2696 χωρίσαι
1442 2661 1501 2689 ἀπὸ
1528 2661 1582 2696 τῆς
1596 2660 1714 2696 ἀγάπης
1739 2659 1794 2688 τοῦ
1814 2658 1887 2688 Θεοῦ

1101 2705 1155 2739 τῆς
1169 2706 1204 2733 ἐν
1219 2707 1334 2742 Χριστῷ
1357 2708 1469 2742 Ἰησοῦ’
1490 2708 1505 2735 ὁ
1527 2707 1556 2734 δὲ
1571 2707 1640 2743 πρὸς
1658 2706 1764 2740 τούτοις
1784 2703 1842 2738 οἶός
1855 2712 1885 2736 τε

1101 2751 1139 2777 ὢν
1152 2752 1255 2787 λέγειν·
1277 2754 1352 2781 Ἀλλ’
1377 2755 1411 2781 ἐν
1433 2753 1547 2787 τούτοις
1563 2753 1658 2781 πᾶσιν
1670 2751 1884 2788 ὑπερνικῶμεν,

1103 2797 1176 2830 ἄξιος
1192 2798 1225 2826 ἂν
1237 2799 1341 2833 γένοιτο
1351 2800 1398 2827 τοῦ
1413 2801 1516 2832 καὶ,ὲπ“
1530 2799 1604 2836 αὑτῷ
1617 2798 1744 2836 λεχθῆναι
1753 2797 1804 2834 τὰς

894 2851 915 2866 ⁸⁵
936 2851 1001 2879 ibid.
1021 2852 1064 2886 58,
1083 2854 1126 2881 59.
1166 2855 1186 2871 ⁸⁷
1208 2855 1272 2883 ibid.
1294 2855 1337 2887 37.
