2032 3215
119 215 192 247 tus

703 212 956 242 communem
975 211 1009 242 IN
1028 190 1198 240 PSALMOS.

1246 166 1304 198 σευ

1673 214 1743 244 ιιιι

120 273 250 310 κειμένας
268 271 368 307 φωνάς.
387 272 416 299 '0
436 271 493 308 γὰρ
505 271 633 305 τοιοῦτος,
648 271 783 299 κατοικῶν
802 272 832 299 tv
844 272 904 307 βοη-

955 278 1139 306 commorans,
1160 271 1233 299 dicet
1256 270 1371 300 Domino
1387 279 1394 298 :
1411 271 1554 308 διαέριον
1573 281 1645 301 meus
1662 282 1691 301 es
1716 278 1744 303 et

120 320 181 355 θείᾳ
196 317 245 346 τοῦ
266 318 405 353 Ὑψίστου,
423 317 470 345 καὶ
485 318 516 345 ιν
540 317 629 354 σκέπῃ
644 317 692 344 τοῦ
717 317 784 344 Θεοῦ
799 317 907 349 αὐλιζό-

122 374 212 402 μενος,
229 365 287 400 ὲρεϊ
311 363 350 399 τῷ
373 365 485 399 Κυρίῳ·
509 364 707 398 Ἀπιλτῇπτωρ
728 372 787 398 μου
809 360 838 390 εἴ
857 363 908 390 καί

121 411 278 447 καταφυγή
300 420 381 446 μου,
401 413 417 438 d
438 411 524 444 Θεὸς,
546 411 596 438 καί
616 410 709 438 ὲλπιῶ
733 411 779 437 ἐπ’
803 411 907 440 αὐτόν.

120 458 213 486 Ταῦτα
227 458 255 485 δὲ
269 457 353 484 αὐτοῦ
368 457 486 484 διαθέσει
509 457 601 493 τελεία
618 458 767 493 εἰρηκότος,
785 456 907 489 θεσπίζει

88 519 98 536 ι
119 504 195 541 αὐτῷ
208 505 238 532 τὸ
248 504 319 531 θεῖον
335 504 506 539 Πνεῦμα,ὂτι
517 503 548 539 δὴ
563 503 671 538 ἀσφαλῆ
687 503 776 530 εἵλατο
789 503 906 537 φύλακα,

119 553 167 580 καὶ
181 552 268 588 καλὴν
285 552 418 586 ἐκτήσατο
427 551 588 586 καταφυγὴν
601 551 646 577 τὸν
659 550 769 585 Κύριον.
782 550 907 576 Τοιοῦτον

119 598 174 634 γὰρ
190 597 260 633 ἔχων
276 597 372 632 βοηθὸν
388 597 434 624 καὶ
457 596 598 632 πρόμαχον
614 597 662 623 καί⁸
684 595 906 631 ὑπερασπιστὴν,

119 643 213 670 οὐδένα
232 642 287 670 τῶν
313 642 419 678 ἐχθρῶν
448 642 647 678 φοϐηθήσεται,
676 641 723 668 ars
752 641 834 668 αὑτοῦ
860 641 907 668 τοῦ

118 690 224 726 Κυρίου
247 690 379 725 ῥυομένου
403 689 483 717 αὑτὸν
503 689 533 722 ἐξ
555 688 694 716 ἁπάντων.
718 687 773 714 Καὶ
800 687 853 723 γὰρ
875 688 908 714 ὲκ

118 736 233 771 παγίδος
253 735 393 772 θηρευτῶν
419 734 548 768 testam
567 734 647 760 αὐτὸν
659 754 666 766 ,
690 733 737 760 καὶ
758 733 812 760 ἀπὺ
828 733 907 768 λόγου

117 781 291 818 ταραχώδους
307 782 363 813 τοῖς
387 780 564 816 μεταφρένοις
583 779 663 806 αὑτοῦ
681 779 834 806 ἐπισκιάσει
857 779 906 805 αὐ-

117 828 157 863 τῷ
167 835 174 843 ·
191 828 238 854 καὶ
254 828 342 854 πάντα
352 827 380 853 δὲ
391 826 425 853 τὰ
442 826 504 861 ἑξῆς
516 825 743 861 κατηριθμημένα
761 825 806 851 ἐπὶ
818 825 907 852 πάντα

117 873 165 900 τὸν
176 874 206 900 ὲν
222 872 333 909 Χριστῷ
349 872 451 898 τέλειον
466 871 608 906 ἄνθρωπον
622 869 846 905 ἀνενεχθήσεται,
860 870 907 896 καὶ

117 918 164 945 ἐπὶ
174 918 205 944 τὸ
222 917 300 953 σῶμα
318 917 347 944 δὲ
362 916 489 952 Χριστοῦ,
507 916 565 951 ἦτοι
582 915 629 941 τὸν
643 915 675 942 ὲκ
691 915 800 941 τελείων
813 914 906 950 ψυχῶν

957 317 1088 353 refugium
1100 325 1197 350 meum,
1211 316 1294 351 Deus,
1309 324 1335 346 at
1348 317 1456 352 sperabo
1468 319 1496 345 in
1509 326 1578 347 eum.
1590 318 1652 347 Haec
1662 320 1744 356 quip-

958 372 991 399 pe
1004 372 1038 391 ex
1059 363 1180 399 perfecto
1196 367 1224 391 et
1239 363 1347 392 sincero
1371 363 1468 391 affectu
1485 364 1631 398 dicentem,
1647 366 1743 394 vatici-

958 414 1040 437 natur
1053 410 1163 438 divinus
1184 408 1302 445 Spiritus
1318 413 1406 437 tutum
1422 410 1536 445 elegisse
1552 411 1704 444 custodem.
1715 415 1743 440 et

958 458 1102 494 pulchrum
1121 458 1275 486 obtinuisse
1300 458 1447 493 refugium,
1465 459 1569 486 scilicet
1587 458 1742 488 Dominum.

957 506 1026 533 Cum
1043 506 1123 532 talem
1146 504 1246 540 quippe
1275 504 1438 539 adiutorem,
1463 510 1690 540 propugnatorem
1716 510 1743 534 et

957 554 1140 585 protectorem
1166 553 1265 577 nactus
1289 549 1334 583 sit,
1352 549 1456 577 nullum
1471 550 1642 577 inimicorum
1658 551 1743 586 perti-

958 600 1072 628 mescet,
1086 596 1151 631 quia
1167 596 1254 631 ipsum
1268 594 1400 623 Dominus
1413 604 1447 624 ex
1461 596 1589 624 onmibus
1604 597 1684 624 eruit.
1696 596 1744 624 Et-

957 643 1029 670 enim
1042 650 1075 670 cx
1086 642 1183 677 laqueo
1199 641 1356 669 venantium
1368 642 1496 670 liberabit
1507 650 1580 674 eum.
1596 647 1624 670 et
1633 650 1648 669 a
1661 643 1744 671 verbo

957 688 1127 720 turbulento,
1142 688 1262 724 scapulis
1273 688 1332 716 suis
1341 688 1515 716 obumbrabit
1529 689 1554 716 ei
1568 698 1575 716 ε
1589 690 1744 725 pariterque

957 734 1048 763 omnia
1065 742 1127 770 quae
1151 734 1203 762 sub
1226 735 1284 762 haec
1301 737 1489 766 recensentur,
1513 735 1548 762 ad
1568 736 1694 770 quemvis
1716 737 1744 764 in

957 779 1068 807 Christo
1076 779 1226 814 perfectum
1243 779 1380 807 hominem
1401 779 1566 814 referentur;
1579 781 1745 816 itemquead

957 833 1058 860 corpus
1074 825 1187 857 Christi,
1206 825 1329 853 videlicet
1346 826 1380 853 ad
1399 829 1548 861 martyrum
1574 827 1688 854 chorum
1710 835 1745 855 ex

957 871 1085 906 perfectis
1098 871 1242 899 animabus
1259 871 1456 906 compositum;
1471 871 1530 900 sive
1547 872 1579 899 ad
1597 873 1745 907 perfectam

958 916 1108 944 Ecclesiam
1125 917 1223 952 ipsius,
1234 925 1315 952 quam
1331 918 1389 952 ipse
1406 917 1458 945 sibi
1479 921 1569 945 astare
1585 918 1658 951 fecit,
1668 920 1744 947 nulla

118 963 369 998 κατεσκευασμένον
395 961 542 997 μαρτύρων
567 961 662 996 χορόν·
687 961 704 996 ἢ
729 960 778 996 τὴν
799 960 904 987 τελείαν

958 964 1064 991 macula
1081 967 1128 990 aut
1144 963 1205 991 labe
1220 967 1267 990 aut
1282 965 1409 998 quopiam
1430 963 1512 992 simili
1539 963 1672 991 affectam.
1693 964 1744 997 Qui

124 1010 287 1046 Ἐκκλησίαν
302 1010 394 1041 αὐτοῦ,
409 1010 442 1044 ἢν
452 1008 533 1040 αὐτὸς
548 1008 637 1043 ἑαυτῷ
651 1009 850 1044 παρεστήσατο,
867 1008 904 1043 μὴ

116 1057 231 1092 ἔχουσαν
249 1056 341 1083 σπῖλον
356 1055 372 1090 ἢ
387 1055 490 1090 ῥυτίδα,
503 1054 520 1089 ἦ
536 1063 563 1080 τι
576 1054 631 1081 τῶν
640 1053 778 1080 τοιούτων.
796 1054 826 1080 '0
840 1053 905 1087 γοῦν

116 1103 164 1130 ἐπὶ
179 1103 229 1138 τὴν
245 1102 346 1138 πέτραν
359 1100 545 1136 οἰκοδομήσειν
562 1099 764 1135 ὲπηγγελμένος
773 1099 824 1135 τὴν
843 1099 905 1125 Ἐκ-

117 1148 232 1184 κλησίαν
243 1147 336 1180 αὑτοῦ,
348 1147 385 1179 ὡς
399 1147 435 1182 μὴ
448 1146 535 1178 πύλας
549 1145 612 1181 ᾅδου
625 1144 798 1180 κατισχύσειν
810 1145 904 1180 αὑτῆς,

117 1193 198 1225 αὒτδς
222 1193 307 1228 αὐτῆς
330 1192 376 1219 καὶ
402 1191 488 1227 φύλαξ
513 1192 560 1218 καὶ
585 1191 701 1227 φρουρὸς
723 1190 809 1222 ἔσται,
827 1199 905 1225 περι-

116 1239 244 1275 φράττων
255 1238 340 1274 αὐτὴν
353 1238 400 1265 καὶ
423 1237 637 1272 ἀσφαλιζόμενος
647 1256 654 1269 ,
669 1237 737 1272 πρὸς
751 1237 782 1263 τὸ
801 1236 838 1272 μὴ
855 1236 905 1268 τὰς

116 1285 206 1318 πύλας
220 1278 268 1311 toi}
291 1284 354 1321 ᾅδου
381 1283 539 1319 κατισχύειν
554 1283 649 1318 αὐτῆς.
675 1283 721 1309 Διὺ
743 1284 777 1318 τῇ
793 1282 906 1319 τοιαύτῃ

122 1331 288 1368 Ἐκκλησία,
305 1331 352 1358 καὶ
372 1330 410 1365 τῷ
427 1329 539 1365 τοιούτῳ
560 1330 592 1364 δὴ
609 1329 728 1365 Χριστοῦ
758 1329 904 1365 μαρτύρων

115 1377 207 1415 χορῷ,
223 1377 263 1412 τῷ
278 1376 418 1409 κατοικίαν
437 1376 484 1411 μὲν
506 1375 637 1411 μηδαμῶς
663 1375 751 1410 ἔχοντι
777 1375 824 1401 ἐπὶ
841 1376 903 1410 γῆς,

114 1422 258 1459 δυναμένῳ
273 1422 301 1449 δὲ
318 1422 418 1456 λέγειν,
441 1421 535 1456 Ἠμῶν
563 1420 596 1447 δὲ
624 1420 657 1448 τὸ
682 1421 847 1455 πολίτευμα
870 1420 905 1447 ἐν

115 1467 255 1504 οὐρανοῖς
280 1467 425 1502 ὑπάρχει,
447 1467 622 1502 λεχθήσεται·
648 1466 676 1493 '0
700 1466 847 1494 κατοικῶν
869 1465 905 1493 ἐν

112 1515 240 1550 βοηθείᾳ
255 1514 308 1541 τοῦ
316 1514 468 1548 Ὑψίστου,
481 1513 620 1546 ὲνσκέπῃ
633 1512 685 1539 τοῦ
701 1512 774 1539 Θεοῦ
788 1511 843 1539 τοῦ
852 1512 902 1538 οὺ-

111 1561 209 1597 ρανοῦ
217 1557 575 1595 αὐλισθήσεται.Εἶτ’ὲρεῖ
583 1559 631 1594 μὲν
647 1558 729 1590 αὐτὸς
744 1558 782 1593 τῷ
798 1558 902 1594 Κυρίῳ,

113 1607 144 1636 οὗ
160 1608 250 1636 εἵλατο
273 1608 411 1635 κατοικεῖν
430 1605 483 1632 ὑπὸ
499 1605 548 1641 τὴν
565 1605 668 1641 σκέπην
679 1612 687 1621 ⁸
708 1605 903 1639 Ἀντιλήπτωρ

958 1009 1038 1044 igitur
1049 1009 1199 1037 Ecclesium
1213 1017 1292 1037 suam
1308 1017 1337 1037 se
1349 1017 1431 1044 supra
1445 1013 1549 1044 petram
1567 1009 1745 1037 fundaturum

956 1063 1018 1083 esse
1032 1055 1172 1091 pollicitus
1191 1059 1250 1088 est;
1271 1055 1307 1082 ita
1329 1058 1358 1081 ut
1382 1059 1467 1089 porta:
1496 1054 1577 1082 inferi
1604 1062 1744 1089 nunquam

956 1102 1119 1137 praevaleant
1141 1101 1273 1129 adversus
1293 1108 1363 1132 eam,
1382 1101 1456 1128 illius
1482 1100 1540 1135 ipse
1555 1104 1582 1128 et
1605 1105 1701 1128 custos
1719 1105 1747 1129 et
1782 1120 1785 1122 ι

956 1148 1143 1183 prazsidiarius
1157 1147 1220 1180 erit,
1236 1148 1324 1182 ipsam
1336 1147 1569 1175 circummuniens
1584 1150 1611 1175 et
1627 1148 1743 1180 vallans,

956 1203 990 1222 ne
1006 1200 1090 1230 portae
1105 1194 1184 1222 inferi
1196 1193 1362 1230 praevaleant
1378 1193 1509 1222 adversus
1522 1202 1593 1221 eam.
1608 1194 1746 1227 Quamob-

955 1248 1013 1268 rem
1047 1240 1205 1276 hujusmodi
1231 1239 1375 1274 Ecclesiae,
1404 1245 1432 1268 et
1457 1241 1616 1275 hujusmodi
1642 1240 1747 1269 Christi

955 1290 1106 1322 martyrum
1124 1286 1218 1318 choro.
1244 1287 1291 1322 qui
1316 1286 1503 1314 habitaculum
1520 1287 1631 1322 quidem
1657 1287 1746 1314 nulla—

955 1337 1036 1361 tenus
1051 1334 1079 1361 in
1095 1338 1168 1361 terra
1185 1334 1287 1366 habet,
1303 1334 1350 1362 sed
1369 1334 1426 1361 bmc
1454 1334 1505 1361 fari
1528 1337 1627 1369 potest,
1643 1333 1746 1360 Nostra

956 1385 1043 1407 autem
1058 1381 1220 1407 conversatio
1231 1380 1260 1407 in
1271 1381 1343 1407 cretis
1353 1385 1391 1407 est
1403 1381 1436 1413 ⁸³,
1448 1380 1564 1412 dicetur,
1581 1380 1634 1413 Qui
1643 1380 1745 1407 habitat

954 1425 981 1452 in
992 1425 1126 1460 adjutorio
1147 1425 1288 1457 Altissimi,
1301 1426 1329 1452 in
1345 1430 1491 1461 legumento
1503 1425 1552 1453 Dei
1565 1426 1623 1452 arti
1633 1434 1746 1453 commo-

954 1470 1068 1498 rabitur.
1083 1469 1186 1498 Deinde
1203 1470 1276 1497 dicet
1294 1470 1403 1505 quidem
1418 1471 1477 1505 ipse
1490 1469 1616 1501 Domino,
1635 1469 1687 1497 sub
1697 1477 1746 1496 cu-

951 1516 998 1551 jus
1016 1520 1173 1551 tegumento
1200 1515 1322 1543 habitare
1338 1516 1488 1551 cooptavit,
1501 1509 1650 1550 ’Susceplor
1672 1523 1744 1542 meus

954 1570 981 1589 es
1002 1567 1027 1589 et
1040 1561 1170 1596 refugium
1185 1569 1280 1594 meum,
1298 1560 1368 1589 Deus
1382 1569 1463 1595 meus,
1475 1565 1500 1588 et
1512 1561 1623 1595 sperabo
1636 1561 1664 1588 in
1674 1569 1743 1588 eum.

954 1607 1022 1635 Cum
1038 1611 1128 1635 autem
1157 1608 1239 1635 talem
1265 1606 1406 1635 custodem
1432 1610 1531 1635 nactus
1548 1606 1594 1639 sit,
1620 1610 1645 1634 et
1663 1607 1744 1634 talem

111 1664 172 1693 μου
187 1652 219 1681 εἴ
229 1654 279 1681 καὶ
290 1653 447 1688 καταφυγή
460 1661 530 1686 μου,
544 1653 560 1678 ό
575 1652 647 1683 Θεός
657 1660 728 1685 μου,
747 1651 796 1678 καὶ
810 1652 903 1678 suam

956 1653 1008 1681 sibi
1024 1656 1191 1681 servatorem
1214 1656 1241 1679 et
1261 1651 1412 1687 adjutorem
1426 1651 1597 1687 ascripserit,
1618 1652 1690 1679 dicet
1705 1651 1745 1678 illi

112 1701 160 1730 ἐπ’
175 1700 280 1727 αὐτόν.
293 1698 465 1735 κτησαμένῳ
477 1698 506 1724 δὲ
521 1697 594 1733 αὑτῷ
604 1697 723 1724 τοιοῦτον
737 1697 845 1732 φύλακα
856 1699 903 1724 καὶ

113 1746 235 1782 τοιοῦτον
260 1746 370 1781 σωτῆρα
393 1745 440 1771 καὶ
459 1744 554 1780 βοηθὸν
571 1744 787 1780 ὲπιγραψαμένῳ
804 1744 902 1780 λεχθή-

114 1802 191 1820 σεται
206 1793 258 1820 ὑπὸ
272 1792 319 1819 τοῦ
337 1792 411 1818 θείου
435 1791 603 1827 Πνεύματος,
621 1791 659 1822 ὡς
678 1791 731 1826 ἄρα
748 1790 790 1826 είη
819 1790 902 1826 καλὴν

114 1838 265 1874 εὑράμενος
285 1836 374 1872 ἑαυτῷ
393 1835 489 1871 μερίδα
505 1836 552 1862 καὶ
579 1837 668 1870 τεῖχος
692 1835 804 1870 ὀχυρὸν,
822 1836 903 1862 ὅπλον

113 1893 144 1912 τε
159 1885 266 1920 ἄμαχον
279 1884 324 1910 τὸν
344 1883 440 1910 ἑαυτοῦ
466 1883 578 1918 Κύριον.
595 1882 696 1909 Τοῦτον
711 1882 766 1918 γὰρ
785 1882 854 1917 ἔχων
873 1882 902 1908 ὲν

114 1929 233 1964 ἀσφαλεῖ
255 1929 302 1956 καὶ
325 1929 484 1964 ἀμερίμνως
508 1928 623 1963 οἰκήσει,
645 1928 692 1955 ἆτε
715 1928 849 1954 κατοικῶν
874 1928 902 1954 ὲν

957 1699 1076 1735 Spiritus
1092 1699 1211 1731 divinus,
1228 1699 1358 1734 optimam
1387 1698 1476 1734 ipsum
1493 1698 1645 1733 portionem
1680 1697 1743 1726 ade-

956 1751 1032 1783 ptum
1050 1754 1122 1779 esse,
1137 1754 1247 1773 murum
1258 1745 1453 1779 firmissimum,
1464 1745 1671 1780 inexpugnabile
1683 1752 1746 1772 scu—

956 1796 1025 1824 tum,
1040 1791 1146 1819 scilicet
1161 1791 1304 1818 Dominum
1325 1799 1416 1818 suum.
1433 1790 1512 1818 Hunc
1522 1791 1622 1826 quippe
1635 1794 1743 1821 nactus,

954 1839 982 1866 in
999 1842 1057 1865 tuto
1071 1842 1099 1865 et
1111 1838 1170 1865 sine
1189 1837 1374 1865 sollicitudine
1389 1836 1479 1871 deget,
1496 1839 1590 1871 utpote
1603 1835 1649 1871 qui
1665 1836 1744 1862 habi-

954 1888 993 1912 tct
1016 1884 1043 1911 in
1064 1882 1201 1917 adiutorio
1226 1882 1370 1914 Altissimi,
1385 1886 1412 1910 et
1432 1882 1460 1909 in
1482 1885 1638 1917 legumento
1666 1881 1744 1909 fortis

954 1931 1148 1955 commoretur.

115 1976 226 2013 βοηθείᾳ
238 1975 285 2003 τοῦ
313 1976 448 2011 Ὑψίστου,
478 1976 525 2002 καὶ
542 1976 571 2002 ὲν
591 1975 679 2012 σκέπῃ
701 1975 746 2001 τοῦ
777 1974 869 2002 ἱκανοῦ
891 1974 1074 2010 αὐλιζόμενος.

150 2025 183 2052 Ei
200 2024 265 2059 γοῦν
279 2032 354 2057 ποτε,
375 2024 466 2060 φησὶν,
487 2024 511 2050 οί
531 2022 586 2050 τῶν
608 2022 784 2059 ἀνθρωπείων
809 2021 902 2058 ψυχῶν

115 2071 264 2107 θηρευταὶ,
282 2070 395 2105 ἀφανεῖς
418 2070 465 2096 καὶ
491 2069 600 2106 ἀόρατοι
624 2069 752 2104 δυνάμεις
777 2068 846 2096 κατά
872 2069 904 2095 τὸ

116 2115 231 2152 σύνηθες
256 2115 347 2147 αὐτοῖς
376 2115 492 2149 παγίδας
522 2114 658 2150 λαθραίως
683 2113 901 2148 ὲγκρύπτοντες,

115 2161 314 2198 προσάλλεσθαι
330 2161 400 2188 κατὰ
418 2160 464 2188 σοῦ
477 2161 620 2196 πειρῷντο,
634 2160 709 2186 οὐδὲν
726 2161 816 2192 αὐτοῖς
827 2160 904 2187 ἔσται

115 2207 210 2235 πλέον·
227 2208 267 2235 ὅτι
291 2207 372 2239 αὐτὸς
388 2208 490 2243 Κύριος
504 2201 615 2242 ῥύσεταί
633 2215 663 2232 σε
680 2206 712 2232 ὲκ
727 2206 839 2240 παγίδος
856 2206 904 2241 οη-

117 2254 229 2290 ρευτῶν,
248 2254 279 2281 Ἠ
294 2254 385 2289 παγίς
400 2253 569 2287 συνετρίϐη,
592 2252 643 2279 καὶ
657 2253 742 2287 ἡμεῖς
755 2253 902 2287 ἐῤῥύσθη-

113 2308 180 2335 μεν.
196 2300 228 2326 El
242 2299 272 2326 δὲ
295 2299 343 2325 καὶ
361 2298 450 2333 λόγοις
472 2297 595 2332 θορυϐεῖν
617 2297 779 2331 ἐπιχειροῖεν
817 2296 902 2328 ἱέντες

115 2346 221 2374 ἑαυτῶν
231 2346 276 2372 τδν
286 2346 336 2380 τῆς
346 2344 471 2375 ἀσεϐείας
487 2343 524 2376 ίὸν
535 2343 578 2369 διά
589 2343 639 2378 τῆς
651 2342 754 2369 ἑαυτῶν
766 2342 902 2378 γλώσσης,

114 2393 183 2421 ἀλλά
201 2392 247 2420 καὶ
264 2391 365 2427 τούτων
389 2390 478 2418 αὐτῶν
500 2389 605 2423 πάλινδὸ
623 2388 724 2424 Κύριος
739 2388 844 2423 ἀϐλαϐῆ
858 2388 904 2415 τὸν

115 2439 213 2466 ἑαυτοῦ
222 2438 362 2474 ἄνθρωπον
374 2436 560 2471 φυλάξει.”1να
574 2434 611 2470 μὴ
626 2436 641 2461 ὁ
657 2435 776 2470 φλογμὸς
791 2434 838 2461 τοῦ
850 2434 904 2462 τῶν

114 2484 266 2521 ἀνθρώπων
277 2483 334 2519 βίου
351 2482 399 2509 καὶ
415 2482 429 2508 ὸ
440 2482 490 2517 τῆς
499 2480 597 2512 κακίας
617 2480 737 2513 καύσων,
751 2480 798 2506 ἐπὶ
812 2480 903 2507 πλεῖον

114 2530 278 2562 ἑκκαυθεὶς,
298 2529 385 2566 ἐξάψῃ
399 2528 432 2555 τὰ
456 2528 528 2556 κακὰ
548 2527 618 2554 κατὰ
635 2526 683 2553 τοῦ
705 2526 752 2561 τῆς
765 2525 904 2557 εὐσεϐείας

114 2577 243 2614 ἀθλητοῦ,
251 2576 372 2609 θεσπίζει
379 2576 491 2610 φάσκων
505 2575 517 2602 ὁ
529 2574 608 2609 λόγος
626 2573 698 2608 αύτῴ
706 2582 713 2588 '
723 2573 749 2599 Ὲ
752 2582 770 2599 ν
781 2572 843 2605 τοῖς
850 2581 903 2607 με-

115 2624 272 2659 ταφρένοις
301 2622 393 2651 αὑτοῦ
416 2621 588 2649 ἐπισκιάσει
612 2629 679 2651 σοι,
702 2619 752 2646 καὶ
769 2618 828 2647 ὑπύ
848 2618 903 2652 τὰς

115 2671 266 2705 πτέρυγας
278 2669 371 2697 αὑτοῦ
388 2668 550 2702 ὲλπιεῖςῶὶί
563 2667 591 2693 δὲ
606 2666 653 2697 καὶ
671 2665 807 2701 πολεμίων
821 2664 902 2699 στίφη

114 2716 302 2753 πεπυρωμένα
322 2716 370 2743 καὶ
383 2713 558 2750 θανατηφόρα
569 2713 633 2748 βέλη
645 2712 731 2746 λόγων
741 2711 845 2746 ψευδῶν
856 2710 904 2737 καὶ⁸

115 2764 165 2800 τῆς
175 2763 303 2799 ἀληθείας
313 2762 442 2789 ἐναντίων
450 2760 584 2792 ἀκοντίζοι
593 2758 663 2786 κατὰ
672 2758 719 2785 τοῦ
728 2757 807 2793 δηλου
811 2757 904 2793 μένου,

116 2810 198 2842 αὐτὸς
212 2810 262 2846 μὲν
281 2808 412 2844 ήσυχάσει
429 2807 504 2842 νόμῳ
523 2806 589 2841 θείῳ
614 2805 768 2840 πειθαρχῶν
787 2805 902 2839 λέγοντι·

117 2856 225 2889 Κύριος
243 2852 409 2888 πολεμήσει
426 2852 502 2886 ὑπὲρ
520 2850 620 2885 ὑμῶν,
642 2850 691 2877 καὶ
712 2850 796 2884 ὑμεῖς
816 2849 902 2884 σιγή-

153 2933 178 2951 ⁶⁶
196 2931 295 2972 Philip.
316 2938 362 2964 ιιι,
378 2929 423 2965 20.
461 2929 483 2945 "
504 2927 579 2964 Psal.
598 2934 699 2968 cum,
717 2927 743 2963 7Υ

993 2021 1022 2051 Si
1036 2022 1128 2056 itaque
1138 2021 1188 2053 illi,
1204 2025 1252 2053 ait,
1264 2021 1446 2048 humanarum
1460 2020 1610 2047 animarum
1633 2024 1743 2047 venato-

957 2077 1013 2102 res,
1025 2068 1175 2096 invisibiles
1184 2067 1289 2096 scilicet
1301 2071 1328 2094 et
1342 2066 1457 2094 occulta:
1468 2066 1595 2098 virtutes,
1609 2073 1659 2102 pro
1669 2073 1745 2093 more

957 2116 1039 2144 solito
1052 2115 1164 2150 laqueos
1180 2114 1250 2141 clam
1272 2113 1454 2145 occultantes,
1469 2115 1497 2140 te
1516 2120 1636 2147 unquam
1651 2119 1745 2147 aggre-

956 2161 1078 2193 diantur,
1100 2160 1168 2187 nihil
1195 2159 1315 2195 proderit
1340 2158 1394 2186 illis
1415 2168 1421 2186 :
1445 2158 1508 2193 quia
1532 2158 1590 2194 ipse
1613 2157 1745 2185 Dominus

955 2211 1034 2235 eruet
1049 2211 1075 2235 te
1082 2207 1115 2234 de
1131 2206 1228 2242 laqueo
1242 2205 1411 2237 venantium,
1426 2204 1544 2240 Laqueus
1558 2204 1686 2231 contritus
1694 2207 1743 2236 est,

955 2259 981 2281 et
995 2261 1042 2280 nos
1059 2252 1164 2280 liberati
1178 2259 1269 2279 sumus
1286 2251 1319 2279 ‘9.
1342 2250 1419 2284 Quod
1441 2251 1463 2279 si
1487 2258 1548 2288 eum
1573 2249 1745 2278 sermonibus

956 2307 1066 2335 quoque
1088 2298 1200 2326 turbare
1215 2298 1396 2330 tentaverint,
1419 2296 1566 2332 impietatis
1597 2303 1653 2323 sua:
1670 2295 1745 2322 virus

956 2345 1048 2380 lingua
1076 2345 1248 2375 emittentes,
1280 2343 1324 2370 bis
1352 2343 1433 2370 etiam
1461 2342 1576 2370 illaesum
1606 2340 1743 2368 hominem

956 2398 1035 2418 suum
1051 2389 1183 2417 Dominus
1198 2389 1327 2417 servabit.
1342 2387 1382 2415 Ac
1399 2395 1432 2415 ne
1447 2388 1573 2415 humana:
1590 2386 1651 2413 vitae
1660 2389 1744 2413 aestus

955 2441 982 2465 et
997 2436 1078 2463 ardor
1094 2435 1205 2463 malitia
1220 2434 1306 2470 magis
1330 2434 1472 2469 magisque
1485 2433 1630 2464 incensus,
1647 2435 1744 2459 contra

954 2481 1063 2516 pietatis
1079 2480 1208 2506 athletam
1215 2479 1286 2505 mala
1295 2478 1455 2511 succendat,
1469 2477 1527 2505 hac
1539 2484 1629 2504 sermo
1637 2475 1689 2510 ipsi
1698 2483 1744 2502 va-

954 2526 1095 2553 ticinatur:
1105 2524 1139 2551 In
1153 2523 1268 2557 scapulis
1277 2524 1333 2550 suis
1343 2522 1510 2550 obumbrabit
1521 2522 1580 2554 tibi,
1588 2526 1612 2549 et
1620 2521 1667 2549 sub
1682 2528 1744 2548 uen-

956 2571 996 2598 nis
1008 2571 1064 2605 ejus
1076 2569 1204 2604 sperabis.
1214 2568 1292 2602 Quod
1301 2569 1325 2597 si
1342 2568 1516 2596 inimicorum
1528 2567 1648 2603 agmina,
1658 2566 1743 2602 ignita

955 2621 982 2646 et
1005 2616 1131 2645 letbifera
1155 2615 1328 2643 mendacium
1345 2618 1372 2642 et
1388 2622 1450 2642 cum
1472 2621 1538 2643 vero
1561 2613 1742 2649 pugnantium

956 2670 1113 2692 sermonum
1123 2662 1176 2690 tela
1188 2662 1345 2698 jaculentur
1355 2661 1487 2689 adversus
1497 2663 1676 2688 memoratum
1694 2659 1742 2687 ho-

956 2710 1067 2742 minem,
1082 2709 1128 2738 ille
1142 2709 1252 2746 quidem
1265 2708 1399 2743 quiescet,
1415 2706 1515 2735 divinae
1537 2707 1589 2742 legi
1603 2707 1741 2742 obtempe-

955 2764 1022 2784 rans
1038 2764 1098 2791 qua:
1111 2755 1150 2782 ait
1175 2764 1183 2782 :
1207 2754 1336 2782 Dominus
1351 2761 1398 2788 pro
1413 2752 1484 2781 vobis
1506 2752 1642 2788 pugnabit,
1658 2756 1683 2779 et
1698 2760 1742 2780 vos

957 2801 1076 2829 tacebitis
1105 2809 1115 2828 :
1144 2803 1297 2836 opportune
1325 2804 1416 2828 autem
1447 2799 1500 2834 ipsi
1515 2798 1616 2826 dicitur
1635 2807 1641 2825 :
1660 2797 1742 2825 Scuto

956 2847 1128 2876 circumdabit
1153 2852 1176 2874 te
1191 2847 1287 2875 ueritas
1316 2846 1384 2882 ejus.
1415 2845 1474 2882 ipsa
1501 2852 1619 2881 namque
1640 2843 1740 2873 Christi
