2032 3215
287 201 356 230 ΗΠ

624 203 759 233 EUSEBII
777 202 1017 233 CESARIENSIS
1035 202 1112 233 OPP.
1133 204 1227 234 PARS
1244 204 1289 233 m.
1308 196 1348 228 -ί
1363 204 1569 234 EXEGETICA.

1839 204 1911 232 ιιιδ

287 259 419 288 doctrinm
434 259 546 292 veritas,
559 260 687 288 virtutem
708 268 833 297 magnam
851 261 988 293 obtinens,
1007 268 1070 288 eum

1123 263 1213 289 σεσθε
1224 271 1230 277 ·
1248 262 1408 298 λεχθήσεται
1425 263 1454 289 δὲ
1465 262 1538 296 ἀύτῷ
1548 261 1618 289 κατὰ
1625 261 1726 298 καιρὸν
1737 260 1783 294 τὸ,
1805 260 1915 295 ὀκλῳ

287 307 507 338 circummuniet,
526 308 554 334 in
579 307 696 334 circuitu
712 308 800 342 posita
821 314 853 334 ac
874 311 953 334 scuto
978 311 1073 342 tegens

287 358 348 383 suo,
365 355 394 378 ut
408 359 450 383 ne.
465 352 611 379 accedente
619 356 709 384 nocte,
727 356 755 379 et
773 351 892 379 tenebris
907 351 1013 383 olfusis,
1027 360 1074 379 re-

287 396 414 424 formidet
435 398 490 430 ille,
508 401 554 424 aut
571 405 627 432 pra:
642 401 715 426 metu
730 398 869 431 turbetur;
894 405 982 433 neque
1001 398 1073 433 pari—

287 446 330 470 ter
340 444 368 470 in
388 443 434 471 die
449 444 571 472 immissa
587 445 641 471 tela
659 449 772 471 metuat.
789 444 840 472 Per
855 449 963 472 noctem
982 448 1073 471 autem

286 493 314 517 et
327 489 455 517 tenebras
483 490 648 517 calamitatis
666 494 788 525 tempora
803 490 950 525 signiﬁcat,
970 490 997 516 in
1013 490 1074 525 qui-

287 534 339 563 bus
355 535 423 562 nihil
442 535 683 563 reformidaturum
698 535 736 562 ait
748 543 810 562 eum
825 556 833 569 ,
845 536 891 570 qui
910 539 988 563 scuto
1002 535 1074 562 veri«

287 582 352 609 tatis
368 582 612 610 circummunietur
629 592 635 609 ι
653 589 701 617 per
724 582 796 609 diem
826 589 901 614 vero,
927 582 1073 617 tranquilla

286 628 315 652 et
329 628 426 660 pacata
440 628 562 660 tempora
578 624 687 657 indicat,
704 625 732 652 in
743 625 843 660 quibus
862 625 966 653 inimici
985 625 1073 652 nostri

285 671 402 706 sagittas
417 671 525 699 eminus
541 671 674 704 volantes,
689 671 849 707 blasphema
871 679 969 706 nempe
982 676 1010 699 et
1026 671 1073 698 im-

286 718 333 754 pia
351 718 434 750 dicta,
449 718 477 745 in
494 725 544 746 nos
560 717 686 746 emittere
706 718 805 746 solent.
821 717 888 746 Nam
903 719 1073 754 persecutio-

286 772 354 792 num
369 768 492 800 tempore
507 772 561 792 non
579 765 686 792 eminus
707 764 761 792 tela
779 764 902 797 mittunt,
921 764 969 792 sed
988 765 1073 792 comi-

287 820 340 840 nus
354 812 485 847 impetum
500 812 642 843 facientes,
656 820 707 840 nos
721 812 865 840 universos
875 812 1017 845 devorare,
1029 816 1073 840 ut-

287 862 350 894 pote
374 862 489 886 mortem
515 862 673 892 expetentes
696 862 840 891 nostram,
864 863 1014 891 conantur;
1043 862 1073 886 ut

286 904 434 939 aliquando
455 904 501 931 ille
517 912 580 931 eum
595 904 684 939 potuit
699 903 850 932 devoravit.
869 904 905 931 At
928 912 978 932 nos
993 908 1073 932 scuto

286 950 340 985 iam
352 954 503 978 memorato
517 951 644 985 protecti,
659 950 782 978 dicemus
796 959 804 978 :
819 949 881 977 Nisi
895 951 959 986 quia
980 950 1074 978 Domi-
1088 940 1110 968 Β

285 1005 334 1024 nus
354 1002 408 1024 erat
425 997 452 1024 in
469 997 554 1029 nobis,
571 1005 631 1024 cum
652 1001 822 1032 exsurgerent
839 997 955 1031 homines
972 998 999 1024 in
1012 1006 1071 1031 nos,

284 1042 353 1077 forte
368 1043 436 1070 sivo:
456 1043 627 1078 deglutissent
647 1051 693 1070 nos
707 1043 740 1070 "°.
766 1042 860 1078 Neque
882 1046 963 1071 nocte
990 1043 1074 1079 igitur

284 1093 374 1123 neque
401 1088 521 1116 interdiu
544 1088 611 1124 quid
633 1092 728 1116 contra
747 1096 798 1116 nos
817 1092 947 1124 poterunt
968 1089 1073 1117 inimici

284 1135 372 1162 nostri
386 1138 498 1170 propter
521 1133 666 1161 Dominum
682 1138 912 1170 propugnatorem
935 1138 1072 1163 nostrum.

285 1179 376 1213 Quare
392 1179 496 1207 dictum
516 1183 559 1207 est
573 1189 579 1206 :
597 1178 658 1206 Non
674 1180 775 1207 timebis
793 1188 809 1206 α
825 1181 918 1207 timore
931 1184 1071 1213 nocturno,

285 1235 303 1254 ιι
327 1227 426 1262 sagitta
447 1226 551 1253 volante
564 1226 591 1253 in
605 1226 657 1258 die,
679 1235 696 1253 a
717 1227 817 1261 negotio
834 1227 1031 1261 perambulante
1046 1227 1074 1254 in

285 1272 413 1305 tenebris;
431 1272 487 1300 imo
500 1279 588 1307 neque
602 1281 619 1299 a
634 1273 713 1299 ruina
731 1276 757 1299 et
774 1272 904 1300 damonio
927 1273 1073 1300 meridiano

285 1319 452 1347 timebimus.
470 1319 548 1352 Quod
562 1319 586 1346 si
600 1319 684 1346 millia
698 1323 726 1347 et
739 1319 832 1346 decem
848 1319 944 1350 millia,
958 1320 1015 1347 sive
1031 1319 1074 1347 in-

285 1365 434 1393 tisibilium
457 1372 506 1392 seu
519 1365 669 1392 visibilium
696 1364 871 1391 inimicorum
893 1368 921 1392 et
944 1364 1072 1397 hostium,

285 1414 382 1439 contra
402 1410 505 1438 Christi
523 1411 653 1446 populum
674 1414 702 1438 et
725 1414 820 1437 contra
844 1409 995 1438 Eeclesiam
1013 1410 1073 1445 ejus

285 1456 502 1487 insurrexerint;
516 1464 612 1484 omnes
627 1463 693 1484 sane
705 1464 759 1483 una
773 1456 859 1484 virtus
874 1456 934 1491 ejus
949 1464 1003 1483 uno
1016 1464 1074 1484 mo-

1124 307 1274 335 κυκλώσει
1289 316 1326 335 σε
1341 310 1360 343 ἡ
1374 308 1499 343 ἀλήθεια
1514 307 1616 335 αὐτοῦ.
1652 307 1722 343 Αὕτη
1738 306 1794 343 γὰρ
1807 307 1826 343 ἡ
1842 306 1913 343 ἁλή-

1124 353 1152 380 οε
1158 362 1184 380 ια
1199 354 1253 381 τῶν
1264 354 1381 390 Χριστοῦ
1396 355 1548 390 δογμάτων,
1559 354 1677 390 μεγάλην
1693 352 1850 389 κεκτημένη
1864 352 1913 379 δύ-

1124 409 1224 436 ναμιν,
1254 400 1299 427 τὸν
1327 400 1421 436 ἔχοντα
1448 401 1532 436 αὐτὴν
1558 399 1739 436 περιφράξει,
1774 398 1914 427 κυκλοῦοιι

1124 447 1222 480 αὐτὸν,
1239 447 1286 474 καὶ
1307 447 1506 483 περιϐάλλουσα
1521 446 1561 482 τῷ
1580 446 1678 482 έαυτῆς
1691 445 1766 481 ὅπλῳ
1777 466 1785 479 ,
1803 444 1914 481 πρδςτδ

1126 494 1193 529 μήτε
1207 494 1302 525 νυκτὸς
1316 493 1490 529 ἐπελθούσης,
1505 494 1572 529 μήτε
1583 493 1692 525 σκοτίας
1703 491 1914 527 καταλαϐούσης

1123 539 1249 572 δεδιέναι,
1266 540 1328 575 μηδ’
1343 540 1395 566 ὑπὸ
1409 540 1498 574 φόϐων
1511 538 1708 575 ταράττεσθαι,
1727 539 1796 574 μήτε
1812 538 1868 566 τῶν
1881 538 1914 565 ὲν

1124 585 1216 620 ἡμέρᾳ
1238 585 1421 621 πεμπομένων
1442 585 1526 620 βελῶν
1541 584 1700 621 φροντίζειν.
1731 584 1813 621 Δηλοϊ
1825 583 1855 611 δὲ
1867 583 1914 611 διὰ

1125 631 1174 667 μὲν
1190 631 1240 666 τῆς
1256 631 1352 663 νυκτὸς
1364 631 1412 658 καὶ
1428 631 1477 667 τῆς
1495 632 1605 663 σκοτίας
1619 631 1682 663 τοὺς
1700 629 1914 667 τοεριστατικοῦς

1124 677 1235 713 καιροὺς
1244 697 1252 708 .
1273 678 1332 705 καθ’
1348 678 1395 710 οὕς
1407 687 1474 714 φησι
1488 678 1569 714 μηδὲν
1586 677 1786 714 φοϐηθήσεσθαι
1799 677 1846 705 τδν
1859 677 1915 705 ὑπὸ

1122 723 1170 750 τοῦ
1182 724 1231 759 τῆς
1245 723 1372 759 ἀληθείας
1386 724 1468 751 ὅπλου
1480 724 1736 760 περιπεφραγμένον
1745 733 1753 741 ·
1767 723 1813 751 διὰ
1824 723 1854 751 δὲ
1862 723 1914 760 τῆς

1122 769 1229 804 ἡμέρας
1242 770 1305 801 τοὺς
1319 771 1348 797 ὲν
1358 770 1463 806 γαλήνῃ
1479 772 1526 797 καὶ
1542 770 1617 806 εὐδία
1629 770 1675 797 καὶ
1688 770 1814 806 εἰρηνικῇ
1829 778 1914 799 κατα-

1124 815 1227 848 στάσει,
1245 815 1306 842 καθ’
1315 815 1362 848 οὓς
1377 816 1517 852 πόρρωθεν
1534 816 1597 852 βέλη
1611 816 1747 852 πετόμενα
1761 815 1823 844 καθ’
1834 815 1915 852 ἡμῶν
1957 845 1963 853 ,

1124 861 1242 896 πέμπειν
1268 861 1394 889 εἰώθασιν
1417 864 1441 890 οἱ
1459 863 1569 898 ἐχθροὶ,
1587 863 1648 895 τοὺς
1672 862 1850 899 βλασφήμους
1866 862 1915 890 καὶ

1123 906 1231 939 άσεδεῖς
1247 907 1350 935 ἑαυτῶν
1364 907 1467 942 λόγους.
1482 907 1562 935 Κατὰ
1574 907 1628 944 γὰρ
1639 908 1704 939 τοὺς
1717 907 1771 934 τῶν
1782 906 1915 943 διωγμῶν

1124 953 1245 989 καιροὺς,
1260 955 1291 980 οὺ
1303 954 1443 990 πόρρωθεν
1459 953 1576 985 ἑστῶτες
1591 952 1656 989 βέλη
1669 953 1842 989 πέμπουσιν,
1854 951 1914 979 ἀλλ’

1124 1000 1239 1035 ἐγγύθεν
1255 1000 1412 1037 ὁρμῶντες,
1429 1001 1575 1028 καταπιεῖν
1588 1000 1661 1036 ἡμᾶς
1677 1000 1754 1032 ὅλους
1771 997 1818 1027 οἷα
1830 999 1914 1027 θανάτ-

1123 1054 1170 1072 του
1188 1046 1258 1080 φίλοι
1274 1046 1439 1082 πειρῶνται-
1456 1046 1485 1078 ὃς
1497 1046 1610 1085 κατέπιε
1626 1046 1687 1072 τότε
1700 1046 1823 1081 ἰσχύσας.
1842 1044 1914 1072 ‘m'

1124 1093 1203 1128 ἡμεῖς
1218 1101 1250 1127 γε
1261 1112 1269 1124 ,
1286 1093 1325 1128 τῷ
1340 1093 1484 1129 δηλωθέντι
1503 1088 1577 1128 ὅπλῳ
1596 1092 1818 1128 πεφυλαγμένοι,
1832 1090 1914 1128 ἐροῦ-

1125 1146 1175 1173 μεν
1185 1147 1191 1153 ·
1218 1139 1252 1165 ει
1264 1139 1307 1173 μὴ
1324 1139 1368 1166 ὅτι
1384 1139 1492 1173 Κύριος
1503 1136 1543 1174 ἦν
1555 1139 1591 1166 ὲν
1602 1137 1685 1173 ἡμῖν,
1698 1137 1785 1171 ἐν.τῷ
1799 1137 1915 1166 ἐπανα-

1123 1183 1233 1218 στῆναι
1245 1183 1420 1218 ἀνθρώπους
1431 1184 1477 1218 ἐφ’
1493 1182 1589 1218 ἡμᾶς,
1606 1182 1664 1218 ἆρα
1675 1181 1786 1216 ὄντας
1802 1181 1843 1210 ἂν
1860 1190 1915 1211 κα-

1124 1230 1228 1257 τέπιον
1240 1229 1329 1265 ἡμᾶς.
1345 1230 1407 1258 οὔτ’
1421 1228 1467 1258 οὖν
1483 1231 1590 1266 ἡμέρας
1602 1229 1664 1257 οὔτε
1678 1229 1775 1261 νυκτὸς
1786 1229 1914 1266 summ

1123 1276 1167 1303 ταί
1175 1285 1202 1303 τι
1214 1276 1275 1303 καθ’
1286 1276 1365 1312 ἡμῶν
1374 1277 1398 1303 oi
1406 1277 1498 1313 ἐχθροὶ
1509 1276 1552 1304 διὰ
1561 1277 1606 1303 τὸν
1615 1275 1826 1313 ὑπερμαχοῦντα
1834 1274 1915 1312 ἡμῶν

1123 1321 1235 1358 Κύριον.
1270 1322 1315 1348 Διὸ
1340 1317 1478 1349 λέλεκται·
1504 1323 1545 1349 Οὐ
1569 1323 1727 1357 φοϐηθήσῃ
1741 1321 1803 1349 ἀπὸ
1818 1321 1915 1356 φόϐου

1123 1368 1308 1402 νυκτερινοῦ,
1320 1368 1378 1395 ἀπὸ
1393 1368 1508 1402 ,βέλους
1522 1368 1687 1403 πετομένου
1702 1367 1833 1402 ἡμέρας,
1853 1365 1914 1395 ἀπὸ

1124 1412 1294 1448 πράγματος
1308 1414 1344 1440 ὲν
1357 1415 1459 1441 σκότει
1479 1413 1747 1449 διαπορευομένου·
1773 1412 1832 1440 ἀλλ’
1853 1412 1915 1440 οὐδὲ

1119 1456 1183 1486 ’ἀπὸ
1211 1460 1430 1494 συμπτώματος
1453 1460 1501 1486 καὶ
1527 1459 1682 1495 δαιμονίου
1708 1458 1916 1495 μεσημϐρινοῦ

285 1506 378 1530 mento
397 1502 530 1536 destruet,
547 1506 577 1529 ut
596 1509 647 1530 nos
662 1502 731 1537 ipsis
749 1502 837 1530 oculis
851 1502 999 1530 vindictam
1016 1510 1074 1538 per-

284 1548 447 1584 spiciamus.
469 1547 532 1576 Ideo
556 1548 656 1576 dicitur
675 1557 682 1576 :
709 1547 894 1575 Verumtamen
911 1548 995 1575 oculis
1022 1549 1073 1576 tuis

285 1593 477 1627 considerabis,
497 1594 560 1621 etin
575 1593 771 1621 retributionem
784 1599 950 1628 peccatorum
964 1594 1072 1622 videbis.

1124 1594 1190 1621 λαοῦ
1213 1595 1260 1622 τοῦ
1286 1596 1404 1632 Χριστοῦ
1424 1598 1471 1624 καὶ
1487 1598 1558 1625 κατὰ
1577 1598 1627 1634 τῆς
1646 1597 1810 1634 Ἐκκλησίας
1831 1597 1915 1625 αὑτοῦ

285 1639 341 1667 Nos
364 1643 454 1668 autem
480 1641 615 1668 sermonis
636 1640 778 1668 veritatem
803 1641 863 1676 ipsa
886 1641 1073 1676 exemplorum

1126 1641 1318 1674 ὲπανασταίεν,
1333 1643 1401 1669 ἀλλὰ
1415 1644 1463 1670 καὶ
1482 1644 1586 1676 πάντας
1597 1643 1703 1680 ἀθρόως
1713 1642 1783 1679 όμοῦ
1799 1642 1850 1670 καὶ
1862 1642 1913 1670 πά-

285 1685 511 1719 interpretatione
522 1684 704 1719 percepimus,
715 1689 863 1720 conspecto
876 1685 960 1713 variis
970 1689 1073 1721 tempo-

1127 1695 1177 1718 σας
1190 1687 1206 1722 ἡ
1221 1687 1302 1714 αὐτοῦ
1314 1687 1428 1723 δύναμις
1441 1688 1470 1715 ὲν
1485 1690 1535 1724 μιᾷ
1547 1690 1618 1724 ῥοπῇ
1635 1687 1761 1721 καθελεῖ,
1775 1687 1914 1719 theatrali;

285 1730 361 1757 ribus
371 1728 521 1758 Ecclesiam
534 1729 636 1757 Christi
650 1731 867 1766 impugnantium
875 1731 939 1763 line,
950 1731 996 1766 qui
1005 1739 1072 1759 con-

1124 1731 1272 1768 ὀφθαλμοῖς
1289 1734 1454 1769 ⁴ιιαραλαὸεἴν
1469 1735 1543 1770 ἡμᾶς
1556 1739 1605 1770 την
1619 1734 1770 1768 ἐκδίκησιν.
1813 1733 1861 1760 Διὸ
1872 1732 1912 1760 λθ-

285 1775 387 1807 festim,
397 1783 446 1803 nec
460 1776 540 1811 longo
552 1781 613 1812 post
626 1780 746 1811 tempore
760 1784 776 1804 ο
788 1776 843 1804 Deo
855 1777 982 1805 debellati
996 1781 1069 1805 sunt.

1124 1778 1227 1805 λεχται·
1257 1780 1345 1814 Πλὴν
1358 1780 1419 1814 τοῖς
1438 1781 1603 1816 ὀφθαλμοῖς
1624 1789 1682 1808 σου
1702 1779 1912 1815 κατανοήσεις.

285 1824 336 1851 καὶ
360 1824 566 1852 ἀνταπόδοσιν
589 1824 771 1859 ἁμαρτωλῶν
796 1824 872 1859 ὄψει.
900 1826 995 1861 Ἡμεῖς
1007 1826 1036 1852 δὲ
1056 1826 1102 1853 τοῦ
1122 1827 1200 1861 λόγου
1219 1828 1269 1863 τὴν
1290 1828 1419 1864 ἀλήθειαν
1442 1828 1472 1862 ἐξ
1490 1829 1574 1865 αὐτῆς
1589 1829 1641 1865 τῆς
1655 1828 1804 1865 ἑρμηνείας
1817 1835 1913 1864 mpu-

284 1871 410 1908 λήῴαμεν
421 1891 428 1904 ,
446 1872 516 1899 κατά
531 1873 643 1908 καιροὺς
667 1872 702 1899 τὰ
723 1873 788 1908 τέλη
821 1873 986 1909 συνορῶντες
1002 1874 1057 1901 τῶν
1068 1874 1116 1910 τὴν
1142 1875 1304 1911 Ἐκκλησίαν
1317 1876 1365 1903 τοῦ
1379 1877 1446 1904 Θεοῦ
1462 1877 1684 1912 πολεμησάντων,
1700 1875 1912 1912 παραχρῆμάτε

284 1918 332 1944 καὶ
345 1918 395 1944 οὐκ
413 1919 452 1950 είς
467 1919 571 1954 μακρὸν
587 1918 639 1945 ὑπὸ
649 1919 696 1945 τοῦ
711 1918 778 1946 Θεοῦ
795 1920 1013 1955 πολεμηθέντων.

1125 1503 1345 1540 φοϐηθησόμεθα,
1374 1505 1406 1531 Ei
1421 1505 1449 1532 δὲ
1466 1504 1513 1532 καὶ
1528 1505 1645 1541 χιλιάδες
1660 1505 1707 1537 καὶ
1723 1504 1914 1541 μυριάδιςω-

1125 1550 1214 1584 ράτων
1228 1549 1244 1585 ἢ
1258 1550 1305 1576 καὶ
1323 1551 1427 1586 ὁρατῶν
1442 1551 1547 1587 ἐχθρῶν
1560 1552 1608 1579 καὶ
1625 1551 1762 1587 πολεμίων
1779 1550 1852 1578 κατὰ
1866 1550 1915 1578 τοῦ

1159 1978 1252 2005 Πάντα
1262 1978 1290 2005 δὲ
1297 1977 1381 2005 ταῦτα
1388 1979 1475 2006 καὶτὰ
1488 1977 1592 2010 τούτοις
1603 1977 1666 2014 ἑξῆς
1676 1978 1858 2013 ἐπιλεγόμενα
1868 1978 1917 2006 ὲπὶι

1124 2024 1170 2051 τὸν
1180 2025 1208 2051 ἐν
1216 2024 1326 2060 Χριστῷ
1335 2024 1477 2060 ἄνθρωπον
1487 2024 1703 2060 ἀνενεχθήσεται,
1715 2024 1762 2051 καὶ
1770 2024 1818 2051 ἐπὶ
1825 2023 1912 2052 πάντα

285 2074 393 2094 necnon
413 2066 446 2093 ad
470 2074 565 2095 omnes
579 2068 630 2102 qui
643 2067 734 2095 dicere
750 2068 857 2095 valeant
875 2079 881 2095 :
898 2069 994 2096 Omnia
1009 2077 1072 2104 pos-

1125 2070 1170 2097 τὺν
1193 2067 1248 2097 οἷόν
1272 2079 1301 2096 τε
1321 2070 1426 2104 λέγειν’
1449 2070 1550 2097 Πάντα
1573 2071 1666 2105 ἰσχύω
1683 2070 1719 2097 ὲν
1734 2069 1776 2103 τῷ
1788 2070 1915 2098 Mm

285 2120 344 2140 sum
356 2113 382 2139 in
392 2121 422 2140 eo
433 2113 478 2147 qui
495 2121 534 2140 me
545 2113 676 2147 confortat
692 2113 797 2141 Christo
811 2114 910 2142 Iesu.“
926 2115 976 2142 llic
991 2124 1072 2150 porro

1123 2115 1231 2150 μο¹ῦντι
1242 2124 1280 2150 με
1295 2115 1410 2150 Χριστῷ
1430 2115 1536 2149 Ἰησοῦ.
1573 2111 1656 2148 Οὗτος
1672 2115 1693 2142 δ’
1711 2115 1744 2143 ἂν
1761 2115 1804 2151 εἴη
1818 2116 1834 2143 ὸ
1848 2115 1912 2152 Χρι-

287 2158 368 2185 fuerit
382 2158 485 2185 Christi
496 2158 607 2191 chorus,
622 2158 669 2193 qui
681 2166 713 2185 ex
726 2159 828 2186 sanctis
840 2164 867 2186 et
883 2161 1009 2194 perfectis
1027 2160 1072 2188 Dei

1127 2161 1189 2187 στοῦ
1212 2161 1306 2197 χορὸς,
1326 2162 1339 2188 ὀ
1353 2161 1382 2195 ἐξ
1403 2161 1487 2196 ἁγίων
1503 2162 1550 2188 καὶ
1562 2161 1672 2188 τελείων
1683 2160 1752 2188 Θεοῦ
1767 2160 1913 2198 μαρτύρων

287 2203 453 2239 martyribus
479 2207 598 2237 constat,
614 2204 714 2239 quique
747 2204 780 2231 ad
804 2206 963 2240 sanguinem
988 2214 1073 2241 usque

1127 2207 1270 2239 συνεστὼς,
1288 2209 1301 2234 ό
1313 2207 1409 2243 μέχρις
1424 2207 1540 2243 αἵματος
1553 2206 1752 2243 ἀγωνιζόμενος
1763 2207 1836 2244 ὑπὲρ
1844 2207 1911 2243 ἁλη-

286 2257 337 2286 pro
354 2249 466 2277 veritate
479 2250 640 2282 decertavit,
657 2254 684 2278 et
699 2250 791 2277 bravia
807 2251 927 2278 victoria:
943 2260 1004 2278 cum
1020 2252 1073 2280 Deo

1125 2254 1216 2287 Θείας,
1238 2254 1284 2280 καὶ
1299 2253 1334 2280 τά
1352 2253 1470 2289 βραϐεῖα
1484 2254 1534 2289 τῆς
1557 2255 1586 2280 ὲν
1600 2254 1659 2288 Θεῷ
1678 2254 1756 2289 νίκης
1773 2253 1847 2281 κατὰ
1859 2253 1912 2281 τῶν

285 2298 371 2330 partae
382 2294 514 2323 adversus
530 2295 656 2323 inimicos
670 2295 771 2323 retulit.
790 2295 851 2323 llaec
870 2297 944 2329 item,
961 2306 1021 2333 qua:
1032 2299 1072 2326 di-

1125 2299 1279 2326 ἀντιπάλων
1304 2300 1455 2336 αἰρόμενος.
1479 2300 1535 2327 Καὶ
1549 2300 1595 2327 ἐπὶ
1608 2299 1653 2327 τδν
1668 2300 1814 2336 ἄνθρωπον
1825 2299 1856 2328 δὲ
1867 2299 1917 2327 τοὶ

284 2345 328 2368 cta
343 2345 416 2375 sunt,
429 2340 531 2369 Christi
558 2342 663 2368 homini
681 2342 881 2377 coaplabuntur
901 2352 908 2369 :
932 2343 983 2371 hoc
999 2344 1072 2372 enim

1124 2346 1243 2381 Χριστοῦ
1258 2346 1457 2382 άρμοσθὴσεται
1470 2347 1505 2373 τὰ
1521 2346 1654 2382 λεγόμενα
1664 2355 1671 2362 ”
1681 2345 1761 2373 τοῦτο
1767 2345 1836 2381 γοῦν
1845 2355 1912 2383 παρ-

286 2388 406 2415 declarat
423 2388 560 2416 dictorum
579 2388 673 2416 series.
692 2386 759 2415 Nam
783 2396 845 2415 cum
866 2389 899 2416 ad
917 2390 1072 2425 quempiam

1128 2392 1232 2428 ίατησιν
1248 2392 1316 2428 αὕτη
1343 2393 1360 2427 ἡ
1379 2392 1432 2419 τῶν
1446 2392 1640 2428 ἐμφερομένων
1650 2391 1806 2419 ἀκολουθία.
1823 2391 1912 2419 Εἰπὼν

285 2435 401 2462 dixisset
418 2444 425 2462 :
441 2435 573 2468 Quoniam
589 2436 642 2470 ipse
660 2435 782 2463 liberabit
807 2436 839 2463 de
864 2436 956 2472 laqueo
978 2446 1072 2464 venan-

1125 2438 1179 2474 γὰρ
1193 2439 1207 2465 ὁ
1219 2439 1297 2473 λόγος
1312 2438 1380 2474 πρὸς
1393 2438 1441 2465 ἕνα
1455 2438 1517 2465 τινὰ
1526 2459 1534 2471 ,
1556 2438 1620 2465 ’Ὅτι
1637 2438 1729 2472 αὐτὸς
1739 2434 1871 2472 ,ῥύσεται
1881 2437 1912 2465 ea

286 2481 363 2513 tium,
375 2485 399 2508 et
409 2489 425 2508 a
438 2481 513 2509 verbo
531 2481 692 2513 turbulento.
706 2486 732 2509 et
747 2491 755 2509 :
772 2482 804 2509 In
821 2483 937 2517 scapulis
951 2484 1006 2511 suis
1025 2484 1071 2510 ob-

1126 2485 1250 2519 παγίδος
1259 2484 1407 2519 θηρευτῶν
1417 2485 1466 2512 καὶ
1476 2484 1535 2513 ἀπὸ
1545 2485 1638 2520 λόγου
1646 2483 1849 2520 ταραχώδους,
1857 2485 1912 2516 καὶ.

320 1971 384 2000 Haec
399 1980 480 2008 porro
494 1974 597 2005 omnia,
615 1978 643 2001 et
663 1978 760 2002 caetera
771 1975 822 2002 sub
836 1975 894 2002 haec
909 1979 1069 2010 memorata,

285 2020 320 2047 ad
337 2020 475 2048 hominem
493 2021 574 2048 etiam
592 2021 639 2057 qui
663 2022 690 2048 in
715 2021 826 2050 Christo
843 2028 885 2051 est
907 2023 1071 2057 referentur,

285 2526 417 2552 umbrabit
442 2527 499 2560 tibi,
521 2533 545 2555 et
561 2528 608 2555 sub
624 2529 715 2563 parmis
731 2528 787 2563 ejus
804 2529 942 2563 sperabis;
965 2535 990 2557 cl
1008 2538 1070 2557 cum

285 2571 410 2599 eumdem
426 2573 566 2608 alloquens
581 2574 748 2601 subdidisset
772 2584 778 2601 :
800 2573 880 2601 Scuto
897 2575 1071 2602 circumdabit

287 2624 311 2645 te
326 2618 423 2645 veritas
437 2618 514 2653 ejus;
530 2624 557 2647 et
570 2620 636 2647 illud
654 2630 661 2647 :
681 2619 743 2647 Non
760 2621 861 2648 timebis
883 2630 899 2648 α
920 2622 1012 2649 timore
1027 2630 1072 2649 no-

285 2669 395 2696 cturno;
414 2663 533 2699 itemque
550 2675 557 2692 :
575 2665 675 2694 Cadent
693 2674 709 2693 a
728 2667 810 2694 latere
829 2671 874 2694 tuo
893 2667 1006 2700 mille,et
1026 2667 1072 2695 de-

286 2716 341 2737 cem
359 2708 445 2736 millia
463 2718 480 2736 a
493 2709 593 2737 dextris
617 2711 681 2743 tuis,
703 2711 738 2738 ad
753 2716 777 2739 te
801 2716 888 2738 autem
905 2720 955 2739 non
975 2719 1070 2746 appro-

286 2754 440 2790 pinquabit;
461 2759 489 2782 ct
508 2755 652 2789 adjecisset
673 2766 680 2783 :
707 2756 889 2784 Verumtamen
909 2758 991 2785 oculis
1016 2758 1069 2784 tuis

285 2800 476 2834 considerabis,
499 2805 524 2828 et
545 2801 741 2829 retributionem
759 2808 927 2836 peccatorum
953 2802 1068 2834 videbis;

285 2854 348 2875 cum
371 2848 461 2876 omnia
473 2848 648 2883 singulariter
661 2850 738 2884 quasi
753 2850 785 2877 de
797 2859 852 2877 uno
868 2851 974 2880 locutus
986 2854 1069 2886 esset,

285 2928 299 2957 ζ
322 2925 345 2942 "
365 2924 435 2955 Psal.
453 2933 546 2954 csxni.
566 2926 624 2955 1-5.
662 2927 681 2943 τ¹
703 2926 802 2954 l‘hilin.
824 2936 859 2956 iv.
879 2927 920 2955 l5.

1131 2531 1183 2557 Ἔν
1193 2529 1254 2563 τοῖς
1269 2529 1463 2565 ,ιιετιιφρένοις
1477 2530 1571 2557 αὐτοῦ
1588 2529 1759 2557 ἐπισκιάσει
1776 2536 1829 2557 σοι
1838 2549 1847 2563 ,
1859 2529 1912 2557 ποι

1127 2576 1186 2603 ὑπὸ
1210 2575 1263 2608 τὰς
1283 2575 1426 2611 πτέρυγας
1451 2577 1544 2603 αὐτοῦ
1559 2575 1689 2610 ὲλπιεῖς·
1717 2576 1764 2603 καὶ
1779 2575 1852 2613 προς
1870 2574 1913 2604 τὺν

1127 2623 1208 2649 αὑτὸν
1222 2623 1332 2658 ἐπάγων
1346 2623 1376 2649 τὸ
1385 2644 1393 2657 ,
1415 2623 1517 2657 ’Ὀπλῳ
1538 2622 1689 2650 κυκλώσει
1701 2630 1739 2650 σε
1753 2622 1774 2657 ἠ
1788 2622 1912 2658 ἀλήθεια

1125 2667 1217 2695 αὑτοῦ
1227 2676 1234 2682 ·
1250 2668 1297 2694 καὶ
1315 2667 1346 2694 τὸ
1356 2687 1363 2699 ,
1377 2668 1419 2695 οὐ
1431 2667 1590 2702 φοϐηθήσῃ
1602 2667 1662 2695 ἀπὸ
1673 2667 1912 2702 φόϐου-νυκτερι-

1121 2712 1177 2740 νοῦ
1188 2721 1194 2728 ·
1208 2713 1255 2740 καὶ
1268 2713 1308 2745 τὸ,
1326 2712 1463 2740 Πεσεῖται
1476 2713 1511 2740 ἐκ
1521 2712 1574 2740 τοῦ
1591 2712 1714 2746 ultam;
1727 2719 1787 2740 σου
1801 2712 1912 2753 χιλιὰς,

1122 2758 1171 2785 καὶ
1183 2758 1291 2792 μυριὰς
1302 2758 1336 2785 ἐκ
1347 2757 1454 2790 δεξιῶν
1463 2765 1535 2791 σου,
1552 2757 1628 2792 πρὸς
1637 2756 1676 2785 σὲ
1686 2756 1721 2784 δὲ
1730 2757 1788 2784 οὐκ
1805 2755 1918 2792 ἐπἰοῖκ

1122 2804 1168 2830 καὶ
1179 2803 1281 2836 τούτοις
1292 2803 1446 2839 προστιθεὶς
1459 2803 1499 2837 τὸ,
1511 2803 1599 2838 Πλὴν
1608 2803 1669 2837 τοῖς
1679 2801 1845 2838 ὀφθαλμοῖς
1855 2809 1912 2830 σου

1123 2849 1330 2885 κατανοήσεις,
1348 2850 1395 2878 καὶ
1413 2849 1616 2878 ἀνταπόδοσιν
1627 2847 1810 2884 ἁμαρτωλῶν
1823 2847 1911 2883 δύα·
