2032 3215
115 178 184 202 1149

675 183 927 211 CUMMENI‘ARIA
946 185 978 212 ια
998 166 1168 215 Pssumus.
1210 170 1233 198 ‘4
1249 166 1266 191 ο

1667 194 1738 219 HW

114 231 204 259 πάντα
222 231 251 259 δὲ
263 231 298 259 τὰ
311 232 409 265 ἑνικῶς
422 233 506 261 εἰπὼν
516 233 553 266 ὡς
567 234 636 270 πρὸς
648 236 696 264 ἕνα
707 239 777 272 τινὰ,
793 240 897 267 ἐπισυν-

956 243 995 270 sic
1012 242 1093 271 infert
1110 243 1259 277 :Quoniam
1273 248 1301 271 tu
1315 253 1351 277 es,
1370 245 1489 281 Domine,
1502 254 1558 281 spes
1570 255 1637 279 mea,
1654 248 1737 275 Altis-

113 278 195 305 ἅπτει
215 278 311 313 λέγων,
333 279 393 306 Ὅτι
405 279 456 313 σὺ,
475 282 573 316 Κύριε,
582 283 669 316 ἐλπίς
673 293 742 318 μου,
754 286 806 312 τὸν
817 286 902 321 "rw.

112 331 190 350 στον
201 324 271 351 ἔθου
288 326 465 360 καταφυγήν
474 334 546 354 σου·
560 329 714 363 σαφέστατα
727 330 900 367 παρίσταται,

112 368 154 394 ὅτι
174 367 277 403 Κύριος
295 366 329 404 ἦν
346 369 413 404 πρὸς
426 370 455 396 ὃν
468 371 553 397 ταῦτα
568 372 655 399 πάντα
668 373 785 409 ἐλέγετο.
810 377 901 413 Μηδε-

113 414 179 448 μιᾶς
193 414 250 450 γὰρ
269 413 397 450 διαμέτῖου
412 415 560 453 ἑναλλαγῆς
577 418 722 453 προσώπου
742 422 900 458 γενομένης,

113 459 232 494 συνῆψεν
244 461 258 487 ὁ
281 460 359 495 λόγος
375 462 427 488 ὑπὸ
452 463 515 497 μίαν
531 463 648 491 διάνοιαν
664 465 702 497 ὠς
717 466 784 501 πρὸς
805 467 851 493 ἕνα
868 468 901 495 τὰ

80 532 82 534 τ
112 505 218 532 πάντα’
235 506 392 542 παρέστησε
407 517 435 534 τε
453 508 494 540 τίς
519 517 583 535 ποτε
607 507 640 545 ἦν
654 507 740 543 οὗτος,
764 511 902 546 διασαφῶν

111 551 177 586 ἑξῆς
193 552 240 578 κα)¹
255 552 358 587 λέγων·
377 554 437 580 Ὅτι
457 554 514 587 σὺ,
532 556 634 590 Κύριε,
652 556 740 590 ἐλπίς
756 567 831 592 μου,
849 558 902 585 τὸν

85 628 88 632 η
111 597 266 632 ’Ὕψιστον
281 599 351 626 ἔθου
375 599 551 635 καταφυγήν
572 609 640 629 σου.
665 602 771 639 Ἐπειδὴ
787 603 840 640 γὰρ
858 604 900 636 σὺ,

110 643 212 678 φησιν,
227 640 250 670 ὧ
266 643 368 679 Κύριε,
386 645 427 679 ἐφ’
442 645 471 671 ὃν
485 645 540 680 ἐγὼ
557 646 657 681 ἤλπισα
669 666 676 678 ,
692 647 739 674 τὸν
761 648 900 683 ’Υψιστον,

84 719 89 725 ἱ
110 687 211 724 δηλαδὴ
221 688 266 715 τὸν
279 689 409 716 ἀνωτάτω
418 690 483 717 Θεὸν
491 711 498 722 ,
513 691 560 717 καὶ
573 692 672 718 σαυτοῦ
684 693 802 729 Πατέρα,
817 703 901 721 κατα-

111 734 202 771 φυγὴν
219 734 281 761 ἔθου
297 735 410 762 σεαυτοῦ
420 756 427 768 ,
442 735 487 762 διὰ
499 735 578 763 τοῦτο
593 738 623 763 οὐ
637 738 847 773 προσελεύσεταί
861 750 902 767 σοι

108 778 172 805 οὔτε
182 778 281 814 χιλιὰς,
294 778 356 805 οὔτε
370 779 479 816 μυριὰς,
497 780 557 807 οὒτε
571 782 684 816 παγίδες
696 782 843 819 θηρευτιῖΝ,
858 785 902 811 οὗ·

109 833 139 851 τε
149 833 175 851 τι
191 824 284 861 ἕτερον
295 825 349 852 τῶν
360 826 609 862 κατηριθμημένων
619 837 625 843 ·
640 828 688 855 καὶ
700 830 846 866 ἐπειδήπερ
857 832 900 863 σὺ,

108 867 131 897 ὧ
144 870 241 906 Κύριε,
259 868 286 897 εἴ
297 879 347 906 μου
358 871 404 897 τοῦ
419 871 504 899 ταῦτα
515 872 638 907 λέγοντος
652 874 740 907 ἐλπὶς,
756 876 811 902 Τὸν
819 877 903 911 ’Ὑψι-

108 923 186 943 mor
200 916 271 943 ἔθου
287 917 464 952 καταφυγήν
475 926 533 946 σου
545 927 552 934 ·
570 919 614 946 διὰ
629 919 708 947 τοῦτο
723 922 769 947 καὶ
780 922 897 958 ἀρχόμε-
914 916 937 946 Β

108 970 154 994 νος
175 961 268 996 ἔλεγον
291 963 355 998 περὶ
382 964 440 996 σοῦ,
459 965 486 991 '0
500 965 645 993 κατοικῶν
657 967 691 993 ἐν
703 967 834 1001 ,βοηθείᾳ
845 969 899 996 τοῦ

114 1006 270 1042 Ὑψίστου,
278 1008 306 1044 ἢ,
315 1009 346 1035 '0
354 1009 520 1044 καθήμενος
526 1011 560 1038 ἐν
569 1012 731 1046 ἀποκρύφῳ
738 1013 745 1023 '
751 1014 882 1047 Υψίστου
891 1023 898 1031 ·

107 1053 258 1089 ἐπειδήπερ
280 1055 308 1081 ὲν
326 1055 491 1092 ἀπορρήτοις
514 1057 560 1083 καὶ
581 1058 751 1093 ἁποκρύφοις
774 1059 899 1095 σύνεδρον

107 1107 138 1125 σε
154 1099 203 1126 καὶ
223 1099 366 1136 σύνθρονον
381 1102 396 1128 ὁ
412 1102 540 1137 Ὕψιστος
556 1103 711 1139 ἐποιήσατο,
727 1105 816 1140 φήσας
829 1106 898 1141 πρὸς

108 1145 155 1172 σέ·
183 1145 282 1173 Κάθου
298 1147 332 1173 ἐκ
346 1146 406 1174 τῶν
422 1147 529 1180 δεξιῶν
539 1157 599 1183 μου
609 1170 616 1182 ,
634 1150 690 1183 ἕως
711 1150 750 1177 ἂν
768 1151 808 1178 θῶ
828 1152 899 1185 τοὺς

105 1191 234 1226 ἐχθρούς
247 1200 306 1220 σου
318 1194 485 1221 ὑποπόδιον
500 1195 560 1222 τῶν
576 1196 678 1223 ποδῶν
691 1206 760 1224 σου.

147 1237 275 1272 Ὑψίστου
283 1239 381 1277 δὲμοου
385 1240 464 1275 μένου
472 1241 501 1267 ἐν
511 1242 615 1273 τούτοις
624 1241 671 1268 τοῦ
679 1243 817 1270 ἀνωτάτου
830 1243 897 1270 Θεοῦ

106 1282 161 1310 τῶν
176 1283 246 1310 ὅλων
255 1292 261 1298 ·
275 1284 378 1319 Κυρίου
392 1285 420 1311 δὲ
434 1285 498 1312 Υἱοῠ
514 1286 560 1313 τοῦ
574 1286 651 1320 Θεοῦ,
667 1288 696 1318 ὃς
711 1288 756 1315 τὸν
766 1288 897 1323 Ὕψιστον

106 1327 182 1355 ἔθετο
197 1330 355 1365 καταφυγὴν
368 1330 461 1364 αὑτοῦ,
476 1332 590 1364 εἰκότως
608 1333 655 1359 καὶ
664 1334 783 1369 Μωῡσῆς
795 1334 834 1370 τῷ
850 1335 899 1362 αὺ-

106 1371 145 1407 τῷ
155 1372 219 1408 θείῳ
229 1373 299 1400 Πνεύ
303 1382 367 1409 ματι
376 1375 506 1411 θεοφορού
510 1385 589 1412 μενος
601 1378 740 1405 ἐδίδασκεν
750 1379 778 1405 ὲν
791 1380 897 1416 μεγάλῃ

106 1416 160 1453 ᾠδῇ
174 1417 275 1452 λέγων’
304 1419 373 1446 Ὅτε
389 1419 546 1455 διεμέριζεν
562 1424 578 1449 ό
594 1423 740 1457 ’Ύψιστος
754 1425 825 1458 ἔθνη
837 1445 843 1457 ,
858 1426 897 1458 ὼς

105 1461 275 1497 διέσπειρεν
290 1464 374 1497 υἱοὺς
391 1465 487 1500 Ἀδὰμ,
501 1466 633 1501 ἔστησεν
643 1468 708 1502 ὅρια
717 1469 811 1496 ἐθνῶν
824 1470 898 1497 κατὰ

106 1509 230 1544 ἀριθμὸν
240 1510 374 1545 ἀγγέλων
386 1511 470 1538 Θεοῦ.
482 1512 538 1540 Καὶ
549 1512 675 1548 ἐγενήθη
685 1514 776 1548 μέρος
785 1517 896 1550 Κυρίου

105 1555 179 1589 λαὸς
187 1555 280 1583 αὐτοῦ
298 1556 404 1589 Ἰακὼϐ,
416 1557 580 1592 σχοίνισμα
591 1561 793 1594 κληρονομίας
804 1561 897 1588 αὐτοῦ

112 1599 241 1634 Ἰσραήλ.
255 1600 304 1627 Διὰ
315 1601 416 1628 τούτων
436 1602 501 1636 γοῦν
526 1603 572 1629 καὶ
588 1605 601 1630 ὁ
618 1604 741 1639 Μωῦσῆς
767 1606 896 1640 ⁶Υψιστον

107 1645 200 1681 σαφῶς
209 1647 340 1682 προσεῖπε
361 1647 407 1674 τὸν
422 1648 571 1683 ἀγέννητον
586 1649 652 1676 Θεὸν
664 1670 671 1682 ,
689 1651 848 1686 διανέμοντα
862 1653 896 1679 τὰ

104 1691 151 1718 ἐπὶ
158 1692 210 1727 γῆς
222 1691 285 1727 ἔθνη
293 1694 349 1724 τοῖς
360 1693 456 1719 ἑαυτοῦ
469 1694 594 1728 ἀγγέλοις
603 1704 609 1709 ·
624 1695 727 1731 Κύριον
736 1697 765 1723 δὲ
777 1697 822 1724 τὸν
833 1697 895 1724 Υίδν

104 1737 154 1764 τοῦ
164 1737 295 1770 Θεοῦ,τὸν
308 1739 382 1774 παρὰ
393 1738 440 1765 τοῦ
465 1739 571 1775 Πατρὺς
586 1741 632 1767 τὸν
650 1742 756 1778 Ἰσραὴλ
771 1743 896 1770 ὑποδεδε-

106 1782 220 1818 γμένον.
234 1783 320 1815 Αὐτὸς
331 1784 353 1810 δ’
365 1783 411 1811 οὖν
421 1781 497 1816 οὗτος
514 1786 528 1811 ὁ
540 1786 641 1822 Κύριος
656 1787 702 1813 καὶ
715 1787 758 1814 διὰ
765 1789 819 1815 τῶν
831 1797 896 1824 προ-

105 1828 238 1863 κειμένων
253 1829 282 1855 ἐν
298 1828 407 1864 βοηθείᾳ
418 1829 465 1855 τοῦ
482 1829 611 1864 Ὑψίστου
625 1834 764 1860 κατοικεῖν
776 1834 894 1869 ἐλέγετο,

105 1875 268 1910 καταφυγήν
282 1883 311 1901 τε
328 1875 424 1902 ἑαυτοῦ
437 1876 481 1903 τὸν
493 1877 625 1911 "ripis-10v
636 1878 782 1911 τεθεῖσθαι,
796 1880 897 1917 δηλαδὴ

103 1917 150 1944 τὸν
164 1918 261 1944 ἑαυτοῦ
280 1919 411 1954 ,ΙΙατέρα.
429 1920 474 1946 Διὸ
491 1921 613 1948 λέλεκται
631 1922 698 1958 πρὸς
714 1924 810 1951 αὐτόν’
836 1926 895 1952 Ὅτι

104 1963 147 1990 σὺ
157 1984 165 1997 ,
178 1964 266 1998 Κύριε
276 1985 283 1997 ,
300 1965 388 1998 ἐλπίς
401 1975 477 2000 μου,
492 1967 546 1994 τὸν
562 1968 705 2002 Ὕψιστον
719 1970 788 1997 ἔθου
804 1980 894 1998 κατα-

105 2006 208 2043 φυγήν
221 2015 288 2036 σου.
319 2010 394 2036 Ἐπεὶ
406 2010 434 2037 δὲ
457 2012 670 2048 Ἰουδαῖκώτερον
684 2015 698 2040 ὁ
719 2015 833 2047 Ἀκύλας
849 2017 895 2043 καὶ

105 2053 119 2079 ὑ
131 2053 278 2090 Σύμμαχος
291 2055 341 2090 τὴν
357 2056 503 2091 ἑρμηνείαν
519 2058 688 2086 ἐκτεθείκασι
699 2080 705 2092 ,
724 2061 894 2097 ὑφορώμενοι

105 2100 135 2129 τὸ
152 2101 218 2136 περὶ
239 2101 284 2128 τοῦ
309 2102 433 2136 Ὑψίστου
450 2104 497 2130 καὶ
515 2105 578 2140 περὶ
590 2105 636 2131 τοῦ
651 2106 753 2141 Κυρίου
768 2108 894 2135 ἀποδεδο-

107 2146 187 2182 μένον
202 2148 268 2183 ἡμῖν
289 2148 392 2184 δόγμα·
411 2150 458 2176 καὶ
473 2151 487 2176 ό
511 2151 560 2185 μὲν
588 2151 702 2184 Ἀκύλας
723 2154 894 2188 ἡρμήνευσεν

105 2191 205 2219 εἱπώνε
223 2192 286 2220 Ὅτι
301 2193 351 2225 σὺ,
363 2194 461 2228 Κύριε,
477 2195 565 2228 ἐλπίς
576 2205 651 2231 μου,
678 2198 810 2232 ὕψιστον
831 2199 895 2234 ἐθη-

105 2246 145 2264 κα
170 2238 398 2273 κατοικητήριον
414 2246 487 2266 σουσ
510 2241 524 2266 ὀ
545 2241 573 2267 δὲ
594 2242 754 2278 Σύμμαχος·
773 2244 815 2271 Σὺ
829 2245 893 2280 γὰρ,
910 2267 932 2296 D

107 2283 159 2296 ΩΑ
189 2284 293 2296 Luam
406 2285 538 2296 “nam.”
559 2286 589 2296 η
668 2287 673 2296 ι
797 2289 803 2296 ι
871 2290 875 2296 ι

107 2283 170 2316 Θεέ,
186 2284 294 2318 ἀφοϐἷα
314 2294 386 2319 μου,
402 2285 539 2320 ὺψίστην
555 2286 625 2314 ἔθου
644 2287 701 2321 τὴν
716 2289 895 2323 κατοίκησιν

104 2336 178 2357 σου·
195 2330 328 2366 τηρητέον
347 2330 454 2366 πρῶτον
471 2332 539 2366 μὲν,
561 2332 598 2364 ὡς
620 2333 636 2368 ἡ
656 2333 766 2369 πέμπτη
790 2334 895 2367 ἔκδυσις

105 2376 213 2411 συνᾴδει
229 2377 285 2408 τοῖς
301 2376 516 2412 Ἐΰδομήκοντα,
538 2377 647 2412 φήσασα
663 2377 710 2404 καὶ
721 2379 788 2414 αὐτή
798 2387 805 2394 ·
830 2379 894 2407 Ὅτι

103 2421 156 2453 σὺ,
169 2421 268 2456 Κύριε,
280 2422 366 2454 ἐλπίς
379 2431 448 2456 μου,
461 2422 514 2448 τὸν
528 2423 671 2456 Ὕψιστον
682 2423 753 2451 ἔθου
767 2432 894 2459 καταφυ-

103 2466 163 2502 γήν
177 2473 236 2494 σου
247 2475 253 2482 ·
271 2467 411 2502 δεύτερον,
429 2468 467 2500 ὡς
483 2468 499 2503 ή
520 2468 652 2504 Ἐὃραῖκὴ
670 2469 762 2505 φωνὴ,
787 2470 893 2497 Ἐλιων-

103 2512 269 2548 περιέχουσα
285 2512 330 2539 τὸν
346 2513 475 2547 Ὕψιστον
486 2514 569 2548 δηλοῖ.
586 2513 708 2549 Εὕρομεν
723 2514 789 2549 γοῦν
801 2515 829 2541 ὲν
843 2518 890 2547 νς¹

102 2558 203 2594 ψαλμῷ
218 2559 341 2594 κείμενον
354 2559 384 2586 τὸ
394 2580 400 2591 ,
410 2560 594 2594 Κεκριὶξομαι
606 2560 680 2594 πρὸς
690 2560 744 2587 τὸν
754 2561 827 2590 Θεὸν
839 2561 891 2588 τὸν

102 2604 251 2638 ὕψιστον·
269 2604 334 2632 ἔνθα
350 2605 410 2631 ἀντὶ
424 2605 470 2631 τοῦ
483 2626 490 2637 ,
502 2605 555 2631 τὸν
571 2605 719 2640 ὕψιστον,
735 2606 766 2632 τὸ
783 2606 891 2642 Ἐὃραῖη

103 2650 151 2677 κὺν
184 2650 291 2677 Ἐλιων-
318 2651 449 2686 περιέχει,
474 2652 512 2683 ὡς
534 2652 580 2679 καὶ
611 2653 657 2678 ἐπὶ
682 2652 728 2678 τοῦ
748 2653 889 2689 παρόντος.

104 2696 162 2722 οὐκ
175 2695 229 2731 ἄρα
243 2697 295 2731 χρὴ
311 2695 486 2731 βιαζομένους
505 2697 555 2733 τὴν
568 2697 697 2733 ἀλήθειαν
709 2697 890 2733 διαστρέφειν,

104 2740 161 2768 Καὶ
184 2740 271 2771 ἄλλως
286 2740 330 2772 δὲ,
345 2741 422 2776 εἰπερ
442 2740 511 2767 κατὰ
528 2741 573 2767 τὸν
597 2741 711 2769 ’Διιύλαν
729 2742 797 2778 πρὸς
812 2742 892 2768 αὐτὸν

105 2786 151 2813 τὸν
176 2785 277 2821 Κύριον
303 2785 438 2819 λέλεκται,
492 2787 554 2813 Ὅτι
581 2786 640 2819 σὺ,
674 2788 778 2822 Κύριε,
805 2787 892 2820 ἐλπίς

103 2840 174 2866 μου,
210 2831 341 2865 ὕψιστον
367 2832 459 2867 ἔθηκα
482 2832 653 2867 οἰκητήριον
676 2840 748 2860 σου·
777 2832 793 2868 ἢ
822 2833 891 2859 κατὰ

951 286 1047 311 simum
1068 287 1178 320 posuisti
1201 287 1330 323 refugium
1348 294 1438 322 tuum;
1462 291 1633 326 apertissime
1645 292 1736 320 decla—

951 337 1015 357 rans
1026 330 1169 358 Dominum
1184 339 1244 360 esse
1257 332 1289 358 a'd
1298 341 1376 367 quem
1390 334 1445 361 hrec
1461 336 1551 362 omnia
1563 336 1734 364 dicebantur.

951 373 1019 401 Cum
1037 375 1111 402 nulla
1133 376 1205 403 cnim
1223 377 1251 403 in
1271 377 1361 404 medio
1382 386 1505 412 persona:
1529 382 1643 408 mutatio
1663 381 1735 408 facta

952 420 997 453 sit,
1017 421 1108 448 omnia
1124 429 1177 448 una
1194 423 1337 455 sententia,
1355 425 1431 457 quasi
1456 426 1502 452 uni
1523 426 1606 458 dicta,
1622 427 1736 455 concin-

952 470 1015 493 nata
1029 471 1102 499 sunt,
1118 474 1151 494 ac
1170 468 1212 495 his
1231 468 1322 496 verbis
1339 469 1411 497 clare
1426 470 1594 505 signiﬁcatur
1609 473 1716 500 declara
1726 487 1734 494 -

951 516 1049 547 torque
1065 513 1125 547 quis
1144 513 1189 540 ille
1205 514 1240 541 sit
1257 523 1264 540 :
1278 514 1409 547 Quoniam
1426 520 1453 542 tu
1475 525 1513 549 es,
1535 516 1655 551 Domine,
1676 526 1734 553 spes

952 567 1020 590 mea,
1032 558 1197 586 Altissimum
1213 561 1325 593 posuisti
1335 561 1464 596 refugium
1476 566 1559 590 tuum.
1569 562 1638 596 Quia
1649 564 1732 597 enim,

952 603 1049 638 inquit,
1074 608 1114 636 tu,
1138 604 1260 637 Domine,
1278 605 1306 632 in
1326 613 1407 641 quem
1430 614 1480 642 ego
1498 609 1614 643 speravi,
1627 609 1735 636 Altissi-

951 656 1035 681 mum,
1060 649 1087 678 id
1113 653 1154 677 est
1171 657 1329 685 supremum
1357 650 1443 678 Deum
1465 657 1491 680 et
1519 652 1627 681 Patrem
1645 657 1733 688 tuum,

946 694 1084 729 refugium
1102 700 1176 722 tuum
1200 696 1336 732 posuisti,‘
1348 696 1410 725 ideo
1426 705 1481 726 non
1496 699 1626 727 accedent
1643 699 1677 727 ad
1695 705 1733 732 te,

951 748 1039 775 neque
1055 741 1149 774 millia,
1168 750 1256 777 neque
1271 743 1363 770 decem
1388 744 1483 777 millia,
1507 753 1558 773 nec
1583 746 1672 781 laquei
1687 754 1735 773 ve-

951 787 1085 820 nantium,
1101 796 1188 823 neque
1208 788 1280 815 aliud
1303 789 1440 825 quidpiam
1464 798 1497 818 ex
1514 792 1690 820 memoratis:
1707 796 1736 820 et

951 834 1014 868 quia
1028 837 1067 866 tu,
1082 833 1210 867 Domine,
1227 842 1289 870 spes
1309 836 1361 863 mei
1377 844 1407 864 es
1422 836 1480 864 haec
1494 836 1609 865 dicentis
1626 848 1633 865 :
1650 838 1736 865 Altis-

952 879 1048 905 simum
1061 880 1173 913 posuisti
1188 880 1318 916 refugium
1335 885 1428 913 tuum;
1448 882 1509 910 ideo
1530 882 1608 910 initio
1630 891 1735 911 sermo-

950 924 993 951 nis
1009 924 1041 951 de
1057 928 1083 952 te
1105 925 1228 952 dicebam
1247 935 1254 952 :
1272 926 1324 959 Qui
1336 926 1438 953 habitat
1459 927 1487 954 in
1504 927 1637 962 adjutorio
1651 929 1735 957 Altis-

950 969 1020 1001 simi,
1038 973 1085 997 aut
1100 979 1106 997 :
1124 970 1177 1004 Qui
1187 971 1290 998 habitat
1301 973 1328 998 in
1343 972 1496 1000 abscondito
1511 974 1652 1006 Altissimi,
1669 976 1734 1010 quia

950 1014 978 1041 in
992 1015 1100 1043 arcanis
1116 1020 1142 1044 et
1157 1017 1273 1045 occultis
1292 1022 1319 1045 te
1338 1018 1495 1047 Altissimus
1509 1020 1582 1047 sedis
1601 1024 1627 1048 et
1642 1021 1733 1048 throni

949 1064 1104 1089 consortem
1116 1061 1215 1095 effecit,
1231 1067 1258 1090 te
1277 1064 1317 1092 sic
1338 1064 1479 1099 alloquens
1498 1074 1506 1092 :
1522 1065 1587 1093 Sede
1601 1075 1617 1093 a
1632 1066 1733 1095 dextris

949 1106 1025 1138 meis,
1045 1106 1126 1134 donec
1145 1115 1242 1142 ponam
1263 1110 1383 1137 inimicos
1399 1116 1457 1138 tuos
1482 1111 1623 1140 scabellum
1640 1113 1734 1148 pedum

950 1157 1055 1180 tuorum
1065 1154 1100 1180 τ’.

983 1232 1052 1259 Cum
1074 1237 1163 1262 autem
1179 1235 1335 1264 Altissimus
1346 1235 1392 1264 hic
1407 1244 1457 1271 pro
1471 1245 1600 1273 supremo
1612 1239 1734 1280 omnium

948 1276 1004 1305 Deo
1018 1278 1199 1315 intelligatur;
1226 1280 1357 1309 Dominus
1385 1285 1476 1310 autem
1507 1291 1557 1319 pro
1585 1283 1654 1311 Filio
1675 1276 1733 1317 D-ei,

948 1323 995 1358 qui
1015 1324 1184 1353 Allissimum
1201 1328 1291 1362 posuit
1309 1328 1442 1364 refugium
1464 1336 1543 1356 suum
1555 1339 1563 1363 ;
1575 1330 1638 1365 jure
1661 1330 1743 1366 Μογ-¹

948 1376 993 1396 ses
1003 1369 1125 1403 ejusdem
1142 1370 1261 1405 Spiritus
1269 1373 1381 1400 numine
1391 1373 1497 1401 alllatus
1511 1374 1537 1400 in
1549 1382 1648 1410 magno
1669 1382 1736 1402 can-

948 1416 1000 1443 tico
1018 1416 1074 1444 haec
1094 1417 1186 1445 docuit
1203 1428 1209 1445 :
1227 1419 1338 1451 Quando
1358 1419 1490 1447 dividebat
1506 1421 1658 1448 Altissimus
1672 1429 1736 1457 gen-

948 1466 995 1494 tes,
1011 1467 1040 1490 ut
1051 1463 1241 1491 disseminabat
1257 1465 1328 1499 ﬁlios
1344 1465 1441 1497 Adam,
1458 1466 1593 1493 constituit
1610 1467 1734 1494 terminos

948 1510 1113 1544 populorum,
1130 1511 1272 1538 secundum
1294 1520 1432 1539 numerum
1452 1513 1604 1548 angelorum
1626 1512 1681 1540 Dei.
1699 1512 1734 1539 Et

948 1555 1021 1589 facta
1040 1560 1078 1582 est
1098 1557 1183 1590 portio
1200 1556 1307 1583 Domini
1321 1557 1432 1592 populus
1445 1558 1501 1592 ejus
1515 1557 1610 1590 Iacob,
1629 1558 1735 1592 funicu-

910 1595 930 1622 C
948 1599 988 1628 lus
1012 1601 1174 1628 Itwreditatis
1202 1602 1259 1637 ejus
1292 1602 1378 1630 Israel
1400 1603 1435 1631 ⁷³.
1463 1603 1511 1631 His
1531 1603 1602 1631 enim
1628 1603 1734 1639 Moyses

946 1646 1029 1674 Deum
1045 1647 1195 1682 ingenitum
1209 1648 1313 1683 liquido
1327 1649 1497 1677 Altissimum
1516 1649 1671 1684 appellavit,
1687 1650 1734 1685 qui

945 1698 1038 1728 gentes
1068 1698 1145 1721 terra:
1174 1694 1277 1730 angelis
1306 1695 1364 1723 suis
1394 1695 1551 1728 distribuit;
1590 1695 1735 1723 Dominum

943 1746 1008 1766 vero
1033 1735 1132 1766 Filium
1156 1738 1215 1772 Dei,
1233 1740 1279 1775 qui
1304 1740 1431 1768 lsraelem
1452 1749 1466 1768 a
1493 1740 1574 1769 Patre
1603 1741 1734 1777 suscepit.

944 1784 994 1812 Hic
1018 1793 1083 1821 ergo
1108 1787 1167 1821 ipse
1204 1786 1336 1814 Dominus
1372 1787 1399 1814 in
1431 1786 1568 1821 adjutorio
1600 1787 1735 1814 Altissimi

944 1831 1066 1859 habitare
1102 1831 1295 1864 aﬂirmabatur,
1332 1836 1359 1860 et
1394 1832 1564 1860 Altissimum
1608 1834 1735 1868 posuisse

943 1877 1076 1912 refugium
1100 1885 1190 1910 suum,
1211 1878 1337 1906 videlicet
1359 1878 1467 1906 Patrem
1490 1885 1579 1906 suum.
1597 1878 1735 1912 Quamob-

944 1931 1000 1951 rem
1020 1923 1122 1950 dictum
1152 1928 1194 1952 est
1222 1924 1260 1951 illi
1290 1934 1296 1952 :
1324 1924 1457 1957 Quoniam
1482 1930 1511 1952 tu
1541 1933 1579 1957 es,
1611 1924 1731 1958 Domine,

944 1975 1001 2001 spes
1017 1976 1084 1999 mea,
1100 1968 1266 1996 Altissimum
1281 1969 1395 2003 posuisti
1413 1968 1545 2004 refugium
1563 1975 1646 1996 tuum.
1663 1969 1734 2002 Quia

943 2021 1007 2041 vero
1040 2014 1137 2049 Aquila
1161 2018 1189 2041 et
1212 2014 1391 2049 Symmachus
1418 2014 1500 2042 modo
1527 2015 1561 2042 ad
1589 2014 1733 2042 Iudaicam

944 2059 1107 2087 sententiam
1137 2060 1251 2095 propius
1279 2060 1428 2088 accedente
1457 2060 1627 2096 interpretati
1656 2066 1732 2094 sunt,

945 2101 1099 2131 doctrinam
1116 2111 1131 2130 a
1147 2104 1227 2132 nobis
1242 2104 1275 2131 de
1290 2105 1431 2133 Altissimo
1448 2110 1475 2132 et
1491 2105 1524 2133 de
1541 2105 1656 2133 Domino
1677 2111 1734 2133 tra-

944 2147 1027 2175 ditam
1052 2153 1207 2184 suspectam
1229 2150 1382 2184 habentes;
1400 2150 1498 2186 Aquila
1526 2152 1597 2179 enim
1630 2152 1732 2184 edidit,

945 2193 1075 2226 Quoniam
1088 2199 1126 2228 tu,
1150 2195 1271 2228 Domine,
1289 2204 1347 2231 spes
1377 2205 1445 2228 mea.
1471 2197 1632 2224 altissimum
1655 2198 1733 2231 posui

946 2239 1127 2267 habitaculum
1157 2245 1250 2274 tuum;
1274 2242 1456 2278 Symmachus
1480 2250 1560 2274 vero,
1591 2242 1630 2269 Tu
1651 2242 1731 2274 enim,

946 2285 1027 2315 Deus.
1037 2286 1137 2321 ﬁducia
1151 2296 1219 2320 mea,
1233 2288 1393 2316 altissimam
1415 2289 1528 2323 posuisti
1542 2288 1732 2315 habitationem

945 2337 1033 2363 tuum;
1049 2332 1247 2360 observandum
1264 2334 1352 2369 primo
1361 2338 1413 2366 est,
1427 2335 1553 2369 quintam
1585 2333 1731 2361 editionem

946 2375 1119 2412 Septuaginta
1134 2377 1331 2413 lnterpretibus
1345 2379 1481 2412 accinere,
1497 2386 1559 2406 nam
1574 2384 1601 2406 et
1616 2379 1675 2414 ipsa
1690 2378 1731 2407 sic

943 2422 1035 2455 liabet,
1051 2423 1182 2455 Quoniam
1200 2428 1238 2456 tu,
1263 2423 1383 2457 Domine,
1400 2432 1456 2460 spes
1481 2433 1549 2456 mea,
1569 2424 1729 2452 altissimum

943 2468 1056 2502 posuisti
1079 2469 1210 2504 refugium
1239 2474 1313 2497 tuum
1334 2478 1343 2502 ,'
1362 2470 1493 2503 secundo,
1510 2469 1668 2498 Hebraicam
1682 2478 1730 2498 vo-

944 2521 1013 2546 cem,
1028 2522 1087 2549 qum
1107 2514 1186 2542 Elian
1199 2514 1280 2542 habet
1288 2515 1454 2542 Altissimum
1465 2515 1627 2551 signiﬁcare.
1644 2515 1673 2543 In
1686 2524 1730 2545 LVI

943 2559 1014 2586 enim
1022 2560 1127 2595 psalmo
1134 2560 1174 2588 sic
1181 2568 1340 2596 expressum
1347 2561 1500 2589 invenimus
1508 2562 1530 2577 "
1541 2571 1547 2589 :
1560 2561 1687 2591 Clamabo
1695 2562 1730 2589 ad

943 2604 1027 2636 Deum
1042 2605 1200 2634 altissimum
1216 2614 1225 2633 :
1244 2606 1290 2634 ubi
1303 2614 1352 2641 pro
1364 2606 1422 2639 illo,
1436 2606 1604 2640 altissimum,
1617 2607 1730 2635 Hebrai—

943 2658 1006 2681 cum
1018 2651 1164 2685 exemplar,
1177 2651 1266 2683 Elian,
1283 2650 1449 2684 circumfert,
1461 2656 1491 2679 ut
1504 2655 1531 2682 et
1548 2652 1575 2679 in
1590 2652 1728 2686 praesenti.

941 2695 1001 2726 Non
1018 2701 1125 2731 oportet
1139 2704 1204 2732 ergo
1219 2697 1347 2725 violentia
1363 2701 1471 2725 utentes
1495 2698 1637 2739 veritatem
1652 2706 1730 2727 ever-

943 2745 1010 2769 tere.
1026 2740 1059 2773 Et
1073 2742 1193 2777 alioquin
1203 2742 1227 2769 si
1238 2741 1388 2770 secundum
1402 2742 1528 2780 Aquilam
1545 2743 1597 2778 ipsi
1612 2742 1728 2771 Domino

942 2787 1045 2815 dictum
1062 2788 1107 2822 sit,
1124 2788 1255 2822 Quoniam
1271 2793 1298 2816 tu
1311 2797 1350 2822 es,
1361 2788 1482 2823 Domine,
1499 2797 1555 2824 spes
1571 2797 1639 2821 mea,
1650 2789 1727 2817 alti»

943 2834 1039 2861 simum
1063 2835 1138 2869 posui
1165 2834 1344 2865 habitaculum
1378 2840 1468 2872 tuum;
1499 2838 1545 2862 aut
1577 2834 1726 2865 secundum

141 2909 163 2925 "
183 2907 255 2938 Ptal.
273 2916 334 2941 cxx,
352 2909 377 2937 i.
414 2908 436 2925 "
457 2908 534 2937 Deut.
552 2917 644 2939 xxxii.
664 2911 689 2939 8,
710 2910 735 2938 9.
774 2910 797 2927 "‘
824 2910 895 2939 Psal.
913 2919 956 2940 va
990 2912 1016 2939 5.
