2032 3215
125 215 196 244 “53

685 210 937 241 COMMENTARIA
956 204 989 238 in
1008 203 1179 239 PSALMOS.

1200 180 1252 217 ad
1675 209 1746 239 1154

121 273 183 303 ταῖς
199 271 316 307 ἡμέραις
333 270 443 303 νύκτας.
454 270 566 298 Μέλλων
578 270 632 306 γὰρ
642 271 688 298 ἐπὶ
697 270 728 298 τὸ
741 269 907 306 Εὐαγγέλιον

963 268 1074 297 tandum
1092 267 1249 304 proditurus
1266 271 1348 301 esset,
1366 271 1510 304 antequam
1525 267 1747 304 praedicationem

122 318 172 353 τῆς
185 317 232 345 τοῦ
245 317 312 344 Θεοῦ
327 317 464 352 βασιλείας
480 317 624 353 παριέναι,
639 318 703 353 πρὶν
716 317 847 354 ἄρξασθαι
859 316 906 343 τοῦ

122 363 299 400 κηρύγματος
307 384 316 396 ,
328 364 376 390 καὶ
387 363 440 398 πρὸ
452 364 501 399 τῆς
517 364 557 395 εἰς
568 362 727 398 ἀνθρώπους
737 362 906 398 εὐεργεσίας,

235 396 333 445 ἐχθρὰς
340 410 387 436 καὶ
398 396 528 445 πολεμίας
537 409 584 436 τοῦ
593 396 646 435 τών
654 409 702 435 ἀνθ
708 396 908 445 ρώπωννγένους

121 457 250 491 δυνάμεις
264 456 392 491 ἀνήγετο·
410 456 498 488 ὅπως,
514 455 619 486 ὲκείνας
634 454 743 490 πρώτας
757 463 909 489 καταγωνι-

124 503 240 538 σάμενος
254 502 301 529 καὶ
315 501 446 533 καθελὼν,
457 501 542 533 οὕτως
553 501 599 528 ἐπὶ
609 501 658 536 τὴν
668 501 723 528 τῶν
733 501 815 528 πάλαι
827 510 909 528 κατα-

124 548 297 584 πονουμένων
318 548 451 584 λύτρωσίν
470 557 499 575 τε
519 548 566 574 καὶ
589 547 743 582 ἐλευθερίαν
768 547 908 583 παρέλθοι,

129 595 229 631 Ἐχρῆν
245 594 299 630 γὰρ
316 595 415 626 αὐτοὺς
430 594 462 630 δὴ
479 594 595 630 μάλιστα
610 594 736 630 πρώτους
752 595 814 626 τοὺς
834 594 908 629 παρὰ

125 643 192 669 πᾶσι
205 643 263 673 τοῖς
277 641 364 668 ἔθνεσι
378 641 455 672 θεοὺς
468 638 536 668 εἶναι
552 640 724 676 νομίσαντας,
740 641 786 666 καὶ
797 640 846 671 τὰς
856 639 910 666 τῶν

124 687 173 724 ἀνθ
178 687 277 723 ρώπων
287 687 375 722 ψυχὰς
384 687 429 722 αίχ
433 686 584 722 μαλώτους,
597 686 650 713 ἀπὸ
660 685 710 720 τῆς
723 685 769 711 τοῦ
778 684 831 711 τῶν
842 685 910 711 ὅλων

123 734 192 761 Θεοῦ
204 733 331 768 γνώσεώς
344 742 373 760 τε
385 734 431 760 καὶ
440 731 579 763 εὐσεϐείας
590 731 815 767 ἀφαρπάσαντας,
828 731 911 758 καθυ-

125 779 240 812 ποτάξαι
249 781 296 806 καὶ
307 779 357 814 τῆς
367 779 521 814 τυραννίδος
531 779 667 806 καθελεῖν·
686 777 737 805 εἷθ’
747 775 831 809 οὕτως
844 778 911 804 ἄπα-

125 834 168 853 σιν
184 825 338 861 ἀνθρώποις
348 825 378 852 τὸ
392 826 558 860 Εὐαγγέλιον
571 825 621 860 τῆς
632 825 679 852 τοῦ
693 824 760 851 Θεοῦ
774 823 910 860 βασιλείας

124 872 303 909 παραδοῦναι.
330 872 375 899 Διὸ
392 872 423 907 δὴ
444 870 496 908 πρὸ
517 872 605 908 πάσης
621 870 813 907 ἱστορουμένης
827 870 909 897 αὑτοῦ

124 918 250 954 πράξεως
272 918 387 953 ἀνήγετο
409 918 449 949 είς
464 917 513 953 τὴν
538 917 639 953 ἔρημον
662 916 841 951 πειρασθῆναι
859 914 910 941 ὑπὸ

123 950 170 991 τὲῡ
186 950 335 991 statim)?
348 964 395 991 καὶ
410 961 443 999 ἦν
465 950 532 999 μέτά
547 950 600 989 ἐῶν
614 950 733 998 θηριων,
748 961 785 993 ὥς
802 969 883 996 φησιν
897 962 910 987 δ
927 950 945 977 Β

123 1009 334 1044 εὖαγγελιστὴς,
351 1008 432 1044 θηρία
454 1007 608 1043 προσειπὼν
625 1008 673 1039 τὰς
695 1006 909 1042 ἁπηγριωμένας

123 1054 172 1081 καὶ
184 1052 327 1089 θηριώδεις
340 1054 460 1088 πονηρὰς
473 1053 610 1088 δυνάμεις.
636 1052 711 1078 Auri
721 1051 752 1088 δὴ
766 1050 816 1090 οὖν.
825 1051 911 1078 ταῦτα

123 1094 199 1126 vat'b
220 1098 314 1134 παρὼν
330 1098 436 1133 ψαλμὸς
451 1099 641 1133 προαναφωνεῐ
654 1097 814 1133 προφητικῷ
826 1096 911 1124 Ι]νεὺ-

124 1153 188 1180 ματι
198 1144 360 1178 ἀναγκαίως.
374 1143 429 1179 Χρὴ
439 1143 501 1179 γὰρ,
508 1143 550 1169 διὰ
557 1143 610 1169 τῶν
619 1142 769 1178 ἔμπροσθεν
776 1142 913 1178 διδαχθέν-

122 1199 172 1222 τας
182 1190 216 1217 τά
227 1199 259 1217 πε
265 1190 290 1226 pl
302 1190 351 1225 τῆς
361 1191 400 1221 εἰς
412 1189 571 1225 ἀνθρώπους
583 1189 732 1224 παρουσίας
746 1189 793 1216 τοῦ
806 1197 912 1225 προφη-

122 1235 280 1271 τευομένου,
290 1236 376 1262 καὶτὰ
387 1236 450 1271 περὶ
460 1235 509 1270 τῆς
517 1235 648 1271 ἐνσάρκου
656 1236 808 1271 γεννήσεως
817 1235 910 1268 αὑτοῦ,

122 1281 158 1308 τά
167 1289 198 1307 τε
211 1283 276 1316 περὶ
287 1280 335 1307 τοῦ
353 1281 478 1312 Θανάτου,
491 1281 564 1312 ὅπως
575 1290 604 1307 τε
616 1282 647 1307 ἐκ
665 1281 819 1316 σπέρματος
834 1281 915 1307 Δαυῒδ

122 1326 334 1363 προελεύσεσθαι
342 1326 712 1363 προκεκήρυκτο,ἀκολούθως
719 1327 815 1353 καὶτὸν
821 1326 914 1361 ἀγῶνα

123 1373 220 1409 μαθεῖν
234 1373 306 1408 ἡμᾶς
323 1373 351 1399 ὃν
367 1374 452 1409 ἤρατο
467 1373 538 1400 κατὰ
555 1373 609 1400 τῶν
624 1373 819 1408 ἀντικειμένων
834 1372 914 1399 δυνά-

124 1427 208 1455 μεων,
217 1419 310 1446 Ταῦτα
321 1417 390 1454 οὖνὴ
400 1420 524 1455 παροῦσα
536 1419 682 1455 παρίστησι
693 1418 844 1454 προφητεία
855 1426 916 1453 προ-

123 1465 248 1499 λέγουσα,
255 1466 304 1492 ὅσα
314 1466 383 1492 κατὰ
394 1466 443 1501 τὴν
453 1466 553 1501 ἔρημον
562 1465 705 1501 ὑπέμεινεν
715 1466 756 1499 ἐφ’
767 1464 840 1496 ὅλαις
850 1465 917 1499 ήμέ-

124 1520 186 1548 ραις
195 1515 220 1548 μ’
230 1512 275 1539 καὶ
283 1512 341 1545 νυξὶ
350 1513 410 1544 ταῖς
423 1513 491 1544 ἴσαις
501 1511 695 1548 πειραζόμενος
708 1511 760 1537 ὑπὸ
769 1510 815 1537 τοῦ
829 1509 917 1536 διαϐό·

123 1559 180 1585 λου.
189 1558 325 1594 Θηρευταὶ
336 1558 390 1594 γὰρ
405 1556 474 1593 ἦσαν
489 1558 551 1593 περὶ
563 1558 644 1584 αὑτὸν
655 1558 765 1593 ἀόρατοι
776 1556 915 1592 δυνάμεις,

123 1603 240 1639 παγίδας
266 1603 340 1639 αὑτῷ
356 1603 616 1635 κατασκευάζουσαι.
634 1603 689 1629 Καὶ
706 1603 734 1628 αί
760 1602 809 1637 μὲν
824 1601 913 1635 λόγοις

123 1650 308 1686 ταραχώδεσιν
324 1650 404 1676 αὑτὸν
421 1649 543 1685 θορυϐεῖν
554 1648 730 1685 πειρώμεναι,
747 1648 810 1675 αἰδὲ
825 1647 916 1682 φοϐεῖν

123 1698 195 1726 κατά
215 1698 263 1730 τὰς
287 1697 402 1729 νύκτας,
421 1697 468 1723 καὶ
491 1696 571 1722 πάλιν
593 1695 659 1722 ἄλλα
676 1695 709 1720 δι’
727 1695 833 1730 ἡμέρας
849 1694 912 1728 βέλη

123 1745 208 1782 νοητὰ
227 1745 384 1780 πέμπουσαι
404 1744 464 1770 κατ’
480 1743 577 1770 αὐτοῦ’
601 1742 648 1769 καὶ
665 1740 742 1773 αὖθις
757 1741 848 1776 ἕτεραι
863 1741 914 1766 οὐκ

123 1789 280 1826 ὠνομάσθαι
295 1790 360 1825 ἡμῖν
374 1808 381 1820 ,
406 1788 466 1814 οὐδὲ
490 1787 616 1823 λεχθῆναι
632 1786 779 1822 δυνάμεναι
803 1786 914 1821 θνηταῖς

122 1836 233 1868 ἀκοαῖς,
247 1835 293 1862 τδν
306 1835 366 1862 κατ’
377 1835 459 1862 αὑτοῦ
475 1833 626 1870 πειρασμὸν
639 1833 910 1870 πραγματευόμενοι·

123 1881 137 1908 ὃ
153 1881 186 1917 δὴ
204 1881 331 1916 σημαίνει
348 1880 460 1915 φάσκων
473 1881 487 1906 ὁ
503 1879 590 1913 λόγος,
614 1879 684 1905 Ἀπὸ
697 1878 866 1913 πράγματος
879 1877 913 1904 ἐν

123 1928 226 1954 σκότει
239 1925 504 1960 διαπορευομένου·
515 1924 583 1950 Ἀνθ’
601 1921 630 1951 οὗ
643 1925 656 1950 ὁ
674 1924 722 1959 μὲν
740 1922 853 1954 ’Λκύλας
864 1922 880 1957 ὴ
885 1930 913 1957 ρ-

125 1974 270 2009 μήνευσεν,
279 1971 350 1999 Ἀπὸ
357 1964 489 2007 ῥήματος
497 1971 530 1997 ἐν
538 1970 709 2005 σκοτομήνῃ
718 1968 913 2003 περιπατοῦν-

123 2028 192 2053 τος·
210 2018 224 2045 ὁ
238 2019 266 2045 δὲ
280 2018 440 2054 Σύμμαχος,
458 2017 532 2044 Οὐδὲ
550 2018 657 2052 λοιμὸν
672 2016 747 2050 ζόφῳ
760 2015 912 2043 ὁδεύων-τα.

160 2095 232 2131 Ἤδη
246 2095 274 2122 δὲ
281 2095 328 2121 κού⁴
341 2094 375 2121 τὰ
384 2094 559 2121 ἀναιδέστατα
573 2092 619 2120 καὶ
633 2091 780 2127 ἀρχοντικὰ
792 2090 845 2117 τῶν
854 2090 913 2116 δαι-

125 2141 236 2178 μονίων,
252 2140 286 2167 τὰ
297 2141 324 2167 ὲν
335 2140 403 2175 αὐτῇ
414 2141 446 2175 τῇ
464 2138 620 2174 μεσημϐρίᾳ
635 2139 682 2164 καὶ
696 2139 729 2173 τῇ
743 2136 788 2163 τοῦ
800 2134 912 2172 ἡλιακοῦ

124 2187 214 2223 φωτὸς
237 2187 313 2222 ἀκμῇ
339 2186 479 2221 τολμῶντα
496 2183 733 2220 παραφαινεσθαι,
756 2182 913 2217 προσῄεσαν

124 2233 211 2269 αὐτῷ.
228 2232 289 2258 Τῶν
304 2231 359 2267 γὰρ
385 2232 472 2259 ἄλλων
492 2230 522 2256 τὸ
548 2231 647 2256 οἰκεῖον
664 2229 758 2260 σκότος
781 2227 914 2263 μεταδιω-

124 2279 238 2311 x6me,
255 2280 303 2305 καὶ
321 2279 348 2304 ὲν
365 2278 432 2313 μόνῃ
450 2276 527 2303 νυκτὶ
540 2274 703 2310 φαντασιοῦν
717 2274 861 2306 εἰωθότων,
878 2273 912 2300 τὰ

958 315 1049 347 iniret,
1064 320 1091 343 et
1105 319 1250 350 antequam
1266 313 1396 341 beneﬁcia
1412 314 1570 343 hominibus
1585 315 1747 350 impertiret,

958 361 992 388 ad
1007 361 1133 388 inimicas
1145 365 1173 388 et
1186 360 1357 388 adversarias
1373 360 1467 396 generi
1492 360 1612 388 humano
1631 354 1750 389 virtutes

959 406 1093 434 adductus
1119 410 1175 440 est;
1201 409 1230 432 ut
1246 413 1308 432 cum
1338 405 1399 433 illas
1427 406 1533 440 priores
1544 406 1708 434 debellasset
1721 410 1749 434 et

958 452 1147 485 destruxisset,
1165 452 1205 479 sic
1233 452 1267 478 ad
1290 458 1384 479 eorum
1406 451 1452 486 qui
1476 451 1541 478 olim
1563 451 1750 487 adﬁgebantur

959 498 1171 533 redemptionem
1194 502 1221 525 et
1247 497 1400 525 libertatem
1416 496 1564 524 curandam
1576 498 1746 532 procederet.

958 545 1107 580 Oportebat
1128 544 1201 572 enim
1219 543 1309 579 primo
1326 543 1387 571 illos
1399 543 1445 578 qui
1462 543 1533 578 apud
1546 550 1640 571 omnes
1654 547 1750 579 gentes

959 599 1009 626 pro
1019 591 1072 618 diis
1081 590 1288 626 reputabantur,
1305 590 1501 624 hominumque
1511 589 1617 617 animas
1628 590 1751 624 captivas

960 646 975 665 a
990 637 1146 673 cognitione
1161 636 1209 664 Dei
1226 636 1415 664 universorum
1431 639 1458 662 et
1472 642 1487 661 a
1502 635 1604 670 pietate
1624 635 1751 670 abripue-

960 686 1031 714 rant,
1047 682 1183 716 subigere,
1205 688 1299 708 eorum
1321 680 1492 715 tyrannidem
1509 680 1600 707 delere
1615 689 1622 706 :
1637 679 1749 706 deinde-

960 737 1013 765 que
1028 729 1155 756 omnibus
1171 726 1331 755 hominibus
1348 725 1524 761 Evangelium
1542 725 1619 760 regni
1635 725 1682 753 Dei
1695 729 1751 752 tra—
1780 720 1785 727 “

960 777 1033 804 dere.
1061 775 1234 810 Quapmpter
1257 777 1321 800 ante
1344 780 1439 800 omnes
1455 772 1523 799 alias
1540 771 1600 806 ejus
1615 772 1749 804 actiones,

960 830 1021 858 qua:
1032 823 1059 849 in
1077 821 1191 849 historia
1205 820 1339 851 feruntur,
1355 818 1454 846 ductus
1466 818 1544 845 estin
1555 817 1705 850 desertum,
1719 820 1750 844 ut

960 871 1112 895 tentaretur
1122 875 1137 894 a
1149 867 1269 899 diabolo,
1279 869 1391 900 eratque
1402 872 1463 892 cum
1476 864 1552 896 feris,
1569 867 1599 890 ut
1610 863 1649 890 ait
1666 871 1751 890 evan-

961 915 1068 950 gelista,
1093 913 1164 941 feras
1188 919 1350 947 nuncupans
1374 915 1496 947 agrestes
1523 911 1584 938 illas
1607 915 1634 937 et
1648 909 1751 937 ferinas

961 959 1094 993 malignas
1110 959 1234 986 virtutes.
1252 957 1315 984 llaec
1328 957 1411 992 igitur
1422 956 1480 992 ipsa
1495 963 1615 991 praesens
1627 956 1751 990 psalmus

962 1003 1119 1040 prophetico
1129 1001 1232 1038 Spiritu
1242 1002 1396 1029 necessario
1405 1002 1577 1036 praenuntiat.
1588 999 1641 1027 Par
1651 999 1751 1035 quippe

961 1054 1020 1077 erat
1034 1056 1084 1076 nos
1100 1052 1164 1076 ante
1181 1048 1294 1076 edoctos
1313 1055 1345 1074 ea
1372 1055 1432 1083 qua:
1453 1047 1513 1082 ejus
1529 1046 1575 1081 qui
1592 1046 1618 1073 in
1633 1045 1751 1081 prophe-

962 1097 999 1123 tia
1028 1095 1187 1123 enuntiatur
1218 1094 1363 1122 adventum
1395 1094 1427 1121 ad
1459 1093 1584 1120 homines
1615 1095 1750 1127 spectant.

962 1150 1068 1170 necnon
1086 1149 1147 1177 qua:
1167 1141 1201 1168 ad
1216 1141 1277 1176 ejus
1288 1140 1428 1167 carnalem
1445 1139 1646 1175 generationem
1663 1138 1750 1173 perti-

963 1192 1038 1220 nent,
1055 1187 1088 1214 ad
1116 1189 1230 1214 mortem
1256 1185 1321 1213 item
1335 1185 1405 1220 ejus,
1420 1187 1446 1212 et
1468 1185 1501 1211 ad
1525 1184 1635 1211 modum
1649 1190 1704 1218 quo
1716 1191 1750 1211 ex

964 1233 1068 1261 semine
1081 1232 1164 1260 David
1178 1232 1335 1267 proditurus
1350 1229 1595 1265 praenuntiabatur,
1609 1229 1750 1261 ediscere;

963 1286 996 1306 ac
1011 1282 1209 1314 consequenter
1219 1278 1301 1305 etiam
1314 1277 1348 1304 de
1362 1277 1511 1304 certamine
1523 1276 1593 1311 ejus,
1606 1275 1678 1310 quod
1689 1282 1753 1302 con-

965 1331 1006 1353 tra
1016 1324 1185 1352 adversarias
1198 1327 1347 1359 potestates
1361 1322 1492 1357 suscepit,
1502 1321 1615 1349 erudiri.
1628 1320 1751 1356 11³ιοὶςί-

965 1376 1010 1399 tur
1024 1379 1143 1407 praesens
1158 1370 1299 1406 prophetia
1315 1370 1445 1401 declarat,
1454 1368 1641 1404 praenuntiatus
1649 1371 1751 1403 quanta

966 1419 994 1445 in
1011 1418 1119 1445 deserto
1142 1416 1283 1450 sustinuit,
1301 1416 1398 1443 diebus
1421 1414 1602 1450 quadraginta
1623 1413 1752 1440 totidem-

966 1472 1018 1500 que
1032 1464 1157 1491 noctibus
1184 1466 1302 1490 tentatus
1317 1470 1331 1488 a
1356 1461 1474 1488 diabolo.
1487 1459 1639 1488 Venatores
1652 1459 1752 1494 quippe

967 1511 1043 1538 illum
1064 1508 1283 1541 circumdabant,
1300 1507 1454 1535 invisibiles
1471 1513 1568 1541 nempe
1588 1503 1749 1541 potestates,

966 1557 1078 1592 laqueos
1110 1555 1162 1590 ipsi
1188 1559 1326 1589 parantes.
1364 1552 1398 1579 Et
1433 1552 1492 1579 aliae
1523 1551 1631 1586 quidem
1661 1551 1752 1578 verbis

967 1601 1132 1630 turbulentis
1153 1599 1318 1628 conturbare
1346 1598 1435 1634 ipsum
1459 1598 1616 1631 tentabant;
1638 1596 1698 1623 alia:
1723 1596 1750 1623 in

967 1652 1046 1676 nocte
1062 1645 1282 1683 perterrefacere.
1298 1645 1364 1672 Aliae
1388 1645 1452 1672 item
1477 1643 1505 1670 in
1532 1642 1575 1670 die
1596 1641 1748 1677 spiritualia

963 1695 1016 1723 tela
1039 1693 1222 1721 immittebant
1239 1692 1266 1719 in
1292 1699 1372 1725 cum;
1389 1698 1497 1718 rursum
1523 1689 1593 1721 aliae,
1614 1695 1674 1724 quae
1699 1695 1751 1715 nee

962 1741 1099 1769 nominari
1116 1740 1205 1773 nobis,
1221 1746 1272 1766 nec
1304 1737 1358 1765 dici
1384 1736 1546 1765 mortalibus
1561 1735 1674 1762 auribus
1686 1742 1751 1770 pos-

962 1791 1036 1820 sunt.
1056 1786 1234 1814 tentationem
1253 1785 1281 1811 in
1312 1791 1374 1811 cum
1403 1782 1575 1810 adornabant
1592 1791 1597 1808 :
1615 1781 1688 1816 quod
1709 1780 1752 1808 his

963 1832 1144 1868 signiﬁcatur,
1154 1831 1175 1857 Α
1192 1830 1293 1865 negotio
1308 1828 1507 1863 perambulante
1517 1827 1544 1854 in
1562 1826 1685 1853 tenebris.
1695 1824 1750 1852 Pro

962 1886 1017 1914 quo
1033 1877 1131 1912 Aquila
1156 1876 1264 1911 quidem
1288 1875 1483 1913 interpretatus
1504 1878 1556 1902 est.
1582 1872 1604 1897 Α
1622 1870 1696 1898 verba
1722 1871 1749 1897 in

963 1910 1037 1951 iiocle
1054 1910 1128 1949 illum
1140 1910 1340 1956 perambulante
1353 1927 1361 1950 ;
1378 1910 1559 1954 Symmachus
1571 1923 1646 1950 vero,
1659 1915 1750 1951 Neque

962 1974 1057 2003 pestem
1070 1969 1096 1995 in
1112 1967 1223 2001 caligine
1244 1965 1422 1992 ambulantem

999 2090 1039 2118 Ad
1054 2091 1111 2117 hrec
1125 2096 1190 2117 vero
1204 2088 1285 2117 etiam
1307 2085 1538 2122 impudentissimi
1551 2084 1750 2113 damoniorum

963 2137 1112 2173 principes,
1130 2135 1176 2170 qui
1193 2134 1220 2161 in
1236 2133 1362 2165 meridie,
1379 2132 1486 2167 vigente
1504 2131 1570 2159 solis
1581 2131 1652 2162 luce,
1668 2137 1752 2168 appa-

963 2190 1023 2211 rere
1036 2181 1096 2209 ausi
1112 2184 1185 2211 sunt,
1199 2182 1377 2206 accesserunt
1394 2178 1427 2205 ad
1449 2184 1522 2204 eum.
1539 2175 1607 2204 Nam
1621 2183 1684 2203 cum
1706 2175 1752 2202 alii

963 2228 1088 2265 proprias
1102 2227 1154 2255 sibi
1183 2226 1311 2253 tenebras
1329 2228 1477 2255 sectentur,
1496 2227 1522 2251 et
1544 2223 1571 2250 in
1587 2222 1645 2250 sola
1673 2225 1753 2248 nocte

963 2274 1123 2310 phantasias
1156 2279 1265 2299 movere
1294 2270 1419 2303 soleant;
1451 2269 1498 2304 qui
1522 2265 1753 2303 impudentissimi

124 2325 305 2354 ἀναιδέστατα
321 2312 371 2351 καῖέ
383 2312 533 2358 δι’γὴμέρας
549 2322 636 2357 τολμᾷ
650 2319 802 2355 φαίνεσθαι,
820 2320 867 2346 καὶ
884 2319 912 2345 ὲν

965 2324 1039 2351 sunt.
1053 2318 1135 2346 etiam
1162 2318 1190 2344 in
1205 2317 1249 2344 die
1265 2323 1397 2352 apparere
1414 2314 1526 2346 audent,
1547 2316 1574 2340 et
1601 2313 1627 2340 in
1655 2312 1752 2339 mediis

125 2372 225 2409 μέσαις
237 2371 335 2405 αὐγαῖς
348 2370 434 2406 ἡλίου.
442 2368 560 2395 Τοιαῦτα
569 2367 596 2394 δὲ
608 2365 642 2402 ἦν
652 2366 686 2392 τὰ
700 2367 746 2392 καὶ
757 2366 795 2400 τῷ
805 2365 913 2401 Σωτῆρι

125 2418 252 2445 ἐπιόντα·
273 2417 331 2452 μεθ’
347 2416 454 2451 ἡμέραν
484 2414 532 2450 μὲν
556 2411 602 2440 οὗν
625 2411 739 2439 τοιαῦτα
758 2420 819 2438 τινα
839 2411 913 2446 αὐτῷ

125 2463 252 2501 προσῄει,
267 2462 337 2490 κατὰ
348 2462 376 2489 δὲ
385 2462 435 2493 τὰς
446 2460 544 2492 νύκτας
554 2459 644 2495 ἕτερα,
655 2458 699 2485 Διὸ
713 2457 818 2493 εἴρηται
831 2456 894 2491 ἑξῆς
904 2464 911 2471 ο

127 2510 170 2536 οὐ
187 2507 345 2543 φοϐηθήσῃ
364 2506 424 2533 ἀπὸ
446 2507 540 2541 φόϐου
564 2503 752 2537 νυκτερινοῦ,
778 2503 825 2529 καὶ
851 2502 910 2529 ἀπὸ

125 2553 298 2588 πράγματος
308 2553 342 2579 ἐν
355 2552 457 2578 σκότει
470 2549 730 2585 διαπορευομένου.
751 2548 869 2584 Ὀρῶντα
884 2547 911 2574 δὲ

125 2600 208 2628 αὑτοῦ
221 2600 270 2634 τὴν
282 2599 387 2634 ἄμαχον
401 2599 448 2625 καὶ
464 2598 595 2634 ἀήττητον
608 2596 732 2631 δύναμιν,
747 2594 815 2630 ὁμοῦ
833 2593 913 2620 πάλιν

126 2647 307 2683 ἀθροιζόμενα
335 2645 406 2673 κατὰ
435 2645 517 2680 στίφη
549 2644 696 2680 προσίεσαν
722 2642 795 2677 αὐτῷ
823 2640 912 2676 πλήθη

125 2692 267 2728 δυνάμεων
288 2690 491 2727 ἀντικειμένων.
508 2690 563 2717 Καί
585 2698 630 2725 μοι
643 2687 767 2715 δοκοῦσιν
787 2687 812 2713 οἱ
829 2686 913 2714 πάλαι

127 2739 193 2774 παρ’
208 2738 360 2775 ἀνθρώποις
372 2736 541 2773 νομιζόμενοι
551 2736 617 2767 θεοὶ,
634 2735 681 2762 καὶ
695 2734 728 2761 τὰ
738 2730 913 2770 ἀντικείμεθα

128 2785 290 2820 πνεύματα,
306 2785 384 2819 ξένην
408 2783 469 2809 τινὰ
495 2782 575 2817 φύσιν
595 2782 641 2808 καὶ
666 2780 779 2816 δύναμιν
807 2779 916 2806 πάντων

128 2831 219 2858 αὐτῶν
236 2830 428 2866 καθαιρετικὴν
451 2827 575 2863 θεώμενα
598 2829 627 2854 ὲν
646 2826 686 2862 τῷ
707 2826 842 2862 ἀνθρώπῳ
868 2824 916 2851 τοῦ

130 2877 255 2912 Σωτῆρος
270 2877 346 2911 ἡμῶν
356 2896 363 2906 ,
378 2874 446 2910 ὁμοῦ
464 2873 592 2909 συνῆχθαι
614 2872 808 2907 ἁπανταχόθεν,
831 2870 916 2906 ἀθρόα

129 2931 159 2948 τε
176 2922 316 2949 ποοςιέναι
334 2921 379 2948 καὶ
397 2920 578 2947 ποοσοήσσειν
596 2919 696 2945 ἐθέλειν
710 2917 794 2944 αὑτῶ.
811 2916 867 2943 Καὶ
882 2916 915 2943 τὰ

966 2365 1104 2394 solaribus
1115 2363 1210 2391 radiis.
1228 2362 1308 2389 Tales
1323 2365 1402 2389 erant
1416 2360 1463 2395 qui
1482 2359 1651 2386 Salvatorcm
1664 2357 1753 2385 adorti

965 2412 1085 2444 sunt;in
1103 2410 1147 2437 die
1169 2415 1287 2444 namque
1313 2405 1472 2441 huiusmodi
1499 2404 1614 2439 spiritus
1637 2403 1753 2430 accedes

964 2457 1029 2483 bant
1048 2456 1081 2482 ad
1098 2463 1171 2488 eum,
1188 2455 1216 2481 in
1230 2453 1357 2481 noctibus
1374 2457 1463 2479 autem
1475 2450 1531 2477 alii.
1544 2449 1634 2482 Quare
1652 2448 1754 2476 dicitur

963 2506 1068 2537 postea,
1084 2501 1146 2527 Non
1161 2500 1262 2527 timebit.
1277 2499 1401 2529 atimore
1420 2501 1557 2528 nocturno,
1573 2499 1598 2522 et
1619 2503 1636 2522 a
1650 2495 1753 2530 negotio

962 2547 1163 2583 perambulante
1189 2547 1217 2573 in
1242 2545 1363 2572 tenebris.
1381 2544 1449 2571 Cum
1472 2547 1561 2570 autem
1584 2542 1711 2569 invictam
1727 2546 1755 2568 et

966 2594 1178 2629 insuperabilem
1195 2593 1256 2626 ejus
1272 2591 1399 2618 virtutem
1415 2592 1558 2617 cernerent
1570 2609 1576 2620 ,
1593 2589 1701 2624 agmine
1715 2588 1753 2615 si-

967 2640 1023 2668 mul
1044 2639 1191 2670 instructo,
1219 2636 1365 2664 multitudo
1391 2633 1609 2661 adversariarum
1634 2636 1754 2669 potesta-

967 2690 1025 2713 tum
1054 2686 1143 2720 ipsum
1174 2690 1302 2719 aggressa
1321 2686 1372 2709 cst.
1404 2679 1572 2714 Videturque
1598 2679 1674 2710 mihi,
1690 2678 1752 2705 illos

967 2734 1043 2764 olim,
1065 2732 1111 2767 qui
1133 2731 1204 2766 apud
1220 2729 1344 2756 homines
1359 2727 1396 2755 dii
1418 2726 1656 2758 existimabantur,
1674 2725 1754 2752 item-

969 2787 1023 2814 que
1034 2776 1207 2805 adversarios
1223 2775 1348 2810 spiritus,
1365 2772 1527 2807 stupendam
1549 2770 1695 2807 quamdam
1705 2777 1755 2797 na-

968 2829 1056 2851 turam
1075 2826 1102 2850 et
1116 2822 1245 2848 virtutem
1258 2819 1310 2847 sibi
1322 2819 1450 2846 omnibus
1463 2818 1607 2845 exitiosam
1621 2817 1649 2843 in
1664 2815 1754 2843 lmini-

967 2878 1002 2897 ne
1015 2867 1165 2896 Salvatoris
1180 2866 1268 2894 nostri
1287 2865 1418 2897 videntes,
1432 2872 1486 2891 una
1504 2865 1683 2905 congregatos
1703 2869 1753 2888 un-

967 2915 1048 2945 diuue
1062 2913 1206 2942 confertim
1219 2911 1378 2942 accessisse,
1397 2914 1426 2938 ut
1443 2910 1627 2941 irrumperent
1638 2907 1665 2935 in
1679 2914 1752 2934 eum.
