2032 3215
298 194 369 223 ηδε

650 188 784 218 EUSEBll
803 187 1042 218 CESARIENSIS
1062 186 1137 216 OPP.
1154 186 1245 215 PARS
1261 183 1307 215 lli.
1326 177 1362 208 ἐ-
1380 180 1584 216 EXEGETICA:

1852 188 1922 217 H56

299 253 334 281 Et
346 253 433 288 primo
447 251 556 287 quidem
579 248 718 278 diabolum
735 251 850 278 aliorum
876 249 1082 285 particularium

1141 249 1186 284 μὲν
1202 248 1297 285 πρῶτα
1307 249 1340 275 δι’
1355 249 1456 284 ἐτέρων
1470 249 1590 285 μερικῶν
1605 247 1767 284 πνευμάτων
1780 248 1922 285 πειράζειν

300 300 444 335 spirituum
461 305 543 332 opera
560 298 648 332 ipsum
662 301 783 324 tentasse
797 306 804 323 ι
820 303 904 331 quare
915 296 1016 322 dictum
1030 299 1082 327 est,

299 343 334 370 Et
350 347 407 370 erat
424 351 483 369 cum
499 342 562 376 feris
579 341 611 368 ¹¹.
633 341 803 374 Quibusnam
824 341 904 368 feris?
918 341 943 367 id
956 342 1041 376 aperit
1057 341 1084 367 in

298 390 478 426 sequentibus
493 397 583 417 sermo
603 396 725 424 presens
736 388 780 415 his
796 388 898 419 verbis,
916 387 999 422 Super
1013 388 1083 422 aspi-

296 436 356 464 dem
368 441 394 463 et
406 435 559 462 basiliscum
576 434 740 465 ambulabis,
757 437 781 459 et
802 433 966 459 conculcabis
985 434 1084 460 leonem

296 487 323 510 et
337 483 489 509 draconem.
519 480 636 510 Etenim.
655 483 686 506 ut
701 479 848 506 verisimile
861 483 914 510 est,
929 479 976 505 tali
995 479 1085 514 specie

299 528 403 562 talique
417 527 503 554 forma
519 530 645 560 suscepta
656 545 663 557 ,
677 525 802 559 malignae
823 524 946 559 quaedam
960 525 1084 558 virtutes,

300 572 472 607 principatus
487 575 513 598 et
530 574 678 604 potesuates
689 589 696 600 ,
709 572 831 595 rectores
850 568 942 595 mundi
960 568 1085 595 tenebra-

299 625 361 644 rum
377 617 485 649 harum,
497 623 528 642 ac
547 615 698 650 spiritualia
718 615 856 650 nequitiae,
871 622 920 649 per
931 622 1020 642 aerem
1038 621 1085 641 vo-

298 664 406 695 lantes;
421 662 479 690 sive
493 662 639 697 allegorico
654 668 739 693 more,
753 661 871 695 aspides,
882 661 1012 693 basilisci,
1029 660 1085 687 leo-

298 717 350 736 nes
364 712 391 736 et
416 708 549 735 dracones
564 711 685 740 vocatae;
699 707 756 734 sive
781 707 816 734 ob
833 707 942 733 malitiae
958 706 1086 733 similitu-

298 754 389 782 dinem
408 754 451 781 his
468 758 639 788 comparatae,
656 760 736 780 omne
756 752 938 779 teutationum
953 759 1039 788 genus
1057 752 1086 779 in

300 801 389 835 ipsum
406 803 558 827 moverunt.
574 799 603 826 ln
619 798 672 826 ﬁne
689 802 780 825 autem
792 798 926 829 omnium.
944 798 1088 833 conspica-

300 851 344 873 tus
359 845 482 872 diabolus
505 853 566 872 eum
581 853 663 880 super
676 845 795 880 aspidem
817 849 842 872 et
860 844 1018 872 basiliscum
1031 851 1088 870 am-

300 892 402 922 bulare,
418 899 565 925 omnesque
583 891 634 925 ipsi
651 891 774 918 subditas
790 890 962 925 operationes
976 889 1087 916 concul-

300 945 363 965 care
374 948 379 964 :
389 938 446 973 ipse
460 938 568 965 demum
583 937 698 964 accessit
716 937 827 964 humilis
842 941 869 963 et
882 935 1084 965 formidolosus,
1103 944 1123 972 Β

300 982 406 1017 ipsique
434 982 662 1016 interrogationes
688 981 716 1008 in
754 980 907 1015 Evangeliis
936 980 1087 1014 descriptas

300 1029 452 1064 proposuit,
468 1033 576 1055 tentaus
591 1035 652 1054 eum
667 1034 699 1054 ac
709 1027 803 1054 dicens
818 1036 825 1053 :
844 1026 872 1053 Si
887 1026 971 1053 Filius
984 1026 1030 1053 Dei
1045 1034 1085 1058 es,

303 1074 360 1100 haec
373 1073 468 1105 dicito,
485 1065 531 1099 illa
547 1072 639 1098 facito.
660 1070 791 1106 Impetum
804 1072 895 1106 itaque
909 1071 1052 1098 confertim
1072 1078 1088 1098 a

301 1118 428 1153 malignis
453 1117 595 1152 spiritibus
617 1116 729 1147 factum,
750 1123 900 1150 eorumque
922 1115 1026 1143 cladem
1045 1115 1090 1142 de.

302 1164 397 1191 scribit
412 1164 469 1190 [nec
483 1162 624 1198 prophetia
640 1169 719 1196 τίμιαι
730 1161 791 1188 illos
803 1161 859 1188 ‘una
881 1161 990 1199 quidem
1024 1168 1089 1188 coa-

301 1215 361 1236 ctos
374 1216 435 1236 esse
448 1208 536 1240 docet,
546 1215 632 1242 neque
641 1212 731 1234 tamen
745 1206 847 1242 aliquid
857 1214 936 1241 agere
948 1206 1086 1241 potuisse;

302 1256 351 1283 sed
366 1263 429 1282 cum
445 1255 697 1290 appropinquarent
711 1254 772 1288 ipsi,
784 1253 859 1279 humi
870 1253 1014 1281 decidisse.
1028 1252 1089 1280 Ideo

303 1302 406 1328 dit-tim
423 1307 474 1332 εει,
496 1300 597 1327 Cadent
613 1308 629 1325 a
642 1299 724 1326 latere
736 1304 779 1325 tuo
796 1298 879 1330 mille,
894 1303 919 1325 et
932 1299 1018 1325 decem
1030 1298 1088 1324 mil-

303 1347 341 1373 lia
352 1356 368 1373 α
378 1346 477 1373 dextris
492 1347 554 1372 tuis.
568 1345 675 1377 Proillo
691 1350 790 1376 autem,
801 1345 820 1371 Α
832 1345 912 1371 latere
926 1349 980 1376 tuo,
994 1345 1089 1379 Aquila

303 1398 329 1420 et
353 1391 545 1427 Symmachus,
565 1400 597 1419 ex
617 1395 767 1418 transverso
793 1395 847 1422 tuo,
871 1390 1032 1423 ediderunt;
1049 1391 1090 1418 sic

304 1438 443 1464 sinistram
468 1437 618 1465 Salvatoris
641 1440 816 1471 nuncupante
830 1436 921 1463 divina
937 1435 1088 1471 Scriptura,

304 1484 368 1518 quia
387 1483 500 1511 fortasse
515 1491 597 1518 penes
613 1491 674 1510 eum
690 1482 757 1508 nihil
775 1482 871 1509 laevum
887 1486 933 1508 aut
949 1482 1089 1510 sinistrum

304 1534 357 1558 est.
371 1530 503 1557 Caeterum
515 1530 548 1557 de
560 1529 687 1557 omnibus
704 1528 785 1556 simul
801 1528 965 1555 adversariis
975 1532 1091 1563 potesta—

305 1577 379 1603 tibus
390 1575 492 1603 dictum
510 1580 551 1603 est
572 1576 650 1606 illud,
670 1574 708 1601 Ad
730 1579 753 1601 te
767 1579 854 1601 autem
877 1583 928 1601 non
951 1575 1091 1609 appropin-

1135 294 1215 321 αὑτὸν
1231 296 1378 329 ἐπιχειρεῖν
1390 295 1434 321 τὸν
1451 294 1570 322 διάϐολον
1580 303 1586 310 ·
1601 295 1642 321 διὸ
1655 294 1779 320 λέλεκται
1790 303 1797 309 ·
1813 293 1868 322 Καὶ
1882 292 1924 329 ἦν

1134 342 1207 376 μετὰ
1222 341 1282 368 τῶν
1296 342 1414 375 θηρίων.
1429 341 1517 367 Ποίων
1533 341 1562 367 δὲ
1577 340 1694 376 θηρίων;
1709 341 1724 366 ὸ
1743 339 1813 376 μετά
1827 341 1924 376 χεῖρας

1136 387 1282 423 παρίστησι
1298 387 1377 421 λόγος
1395 386 1494 422 προῖὼν
1513 387 1577 422 ἑξῆς
1588 387 1636 414 καὶ
1645 386 1820 422 λέγων”Ἕί
1832 387 1924 414 ἀσκι-

1136 433 1173 459 δα
1189 433 1239 460 καὶ
1261 434 1449 465 βασιλίσκω·
1464 433 1610 468 ert/6,3011,
1630 433 1680 460 καὶ
1700 433 1924 468 καταπατήσας

1136 478 1243 506 λέοντα
1266 478 1315 505 καὶ
1340 478 1497 512 δράκοντα.
1522 478 1659 510 Τοιούτοις
1684 478 1739 513 γάρ
1766 486 1858 510 τισιν,
1885 477 1924 509 ὼς

1136 524 1219 555 είκὺς,
1237 523 1319 550 εἴδεσί
1335 532 1364 550 τε
1389 524 1435 550 καὶ
1465 526 1582 559 μορφαῖς
1609 523 1856 565 σχηματιζόμεναι,
1877 523 1925 552 tiu

1136 569 1226 604 ἀέριον
1242 569 1322 596 τόπον
1344 569 1517 605 διιπτάμεναί
1543 578 1615 601 τινες
1642 569 1771 605 δυνάμεις
1785 569 1924 605 πονηραὶ,
1975 591 1980 596 .

1136 615 1218 650 ἀρχαί
1231 623 1262 640 τε
1278 615 1324 641 καὶ
1340 614 1469 647 ἐξουσίαι,
1486 615 1533 642 καὶ
1553 615 1774 651 κοσμοκράτορες
1795 614 1843 642 τοῦ
1863 615 1926 642 σκό-

1136 668 1198 691 τους
1221 660 1332 693 τούτου,
1361 661 1408 687 καὶ
1437 661 1609 696 πνευματικά
1637 662 1790 696 πονηρίας,
1812 660 1926 697 τρόποις

1136 706 1299 741 ἀλληγορίας
1321 707 1433 738 ἀσπίδες
1456 707 1501 733 καὶ
1525 706 1675 741 βασιλίσκοι
1701 707 1748 734 καὶ
1777 706 1926 743 δράκοντες

1137 749 1183 774 καὶ
1196 749 1299 780 λέοντες
1319 749 1524 784 ὀνομαζόμεναι,
1541 750 1557 785 ἦ
1571 751 1617 776 καὶ
1632 750 1676 777 διὰ
1691 750 1722 777 τὸ
1737 750 1859 786 ἐμφερὲς
1874 750 1927 787 τῆς

1138 794 1235 826 κακίας
1250 794 1354 825 τούτοις
1378 794 1618 830 παραϐαλλόμεναι
1630 815 1637 828 ,
1655 795 1744 822 πάντα
1771 791 1927 832 πειρασμῶ

1137 839 1241 866 ἐκίνουν
1258 840 1317 865 κατ’
1332 839 1423 866 αὐτοῦ.
1434 840 1495 866 Ἐπὶ
1509 839 1580 866 τέλει
1598 840 1627 866 δέ
1641 841 1759 872 πάντων,
1773 841 1813 873 ὡς
1829 839 1927 868 εῐδενό

1137 883 1257 916 διάϐολος
1269 885 1311 911 ἐπ’
1324 883 1424 912 ἀσπίδα
1434 886 1480 911 καὶ
1489 885 1643 920 βασιλίσκον
1654 886 1839 922 ἐπιϐεϐηκότα
1845 883 1927 914 αὺτδν

1138 930 1184 957 καὶ
1200 930 1449 966 καταπεπατηκότα
1460 931 1549 963 πάσας
1560 931 1608 963 τὰς
1622 932 1665 958 ὑπ’
1678 931 1759 958 αὑτὸν
1772 932 1926 967 ἐνεργείας,

1138 976 1220 1008 αὐτὸς
1235 976 1285 1012 ἤδη
1301 975 1392 1003 λοιπὸν
1410 977 1443 1003 δι’
1467 977 1562 1004 ἑαυτοῦ
1587 978 1701 1014 προσῄει
1728 978 1858 1010 ταπεινὸς
1878 976 1929 1005 καὶ

1139 1020 1325 1053 ὑποδεδοικὼς,
1342 1021 1492 1058 προσέφερέ
1512 1031 1541 1049 τε
1558 1023 1629 1058 αὐτῷ
1647 1023 1696 1054 τὰς
1709 1023 1860 1059 ἐρωτήσεις
1877 1023 1929 1055 τὰς

1138 1068 1166 1094 ὲν
1181 1069 1236 1099 τοῖς
1253 1067 1427 1101 Εὑαγγελίοις
1448 1068 1705 1104 ἀναγεγραμμένας,
1723 1067 1865 1105 πειράζων
1878 1068 1929 1095 αὖ·

1137 1113 1183 1140 τὸν
1200 1114 1247 1140 καὶ
1267 1114 1363 1148 λέγων,
1381 1114 1411 1140 Εί
1425 1114 1485 1145 Υἱὸς
1501 1111 1526 1140 εἷ
1537 1113 1583 1140 τοῦ
1602 1113 1679 1146 Θεοῦ,
1700 1114 1761 1140 εἰπὲ
1779 1114 1856 1146 τάδε.
1881 1114 1929 1140 καὶ

1139 1159 1251 1193 ποίησον
1267 1159 1339 1185 τάδε.
1357 1159 1413 1194 Τὴν
1427 1156 1473 1185 οὖν
1497 1158 1597 1194 ἁθρόαν
1621 1158 1708 1194 ὁρμὴν
1722 1157 1777 1185 τῶν
1800 1158 1929 1195 πονηριῖιν

1139 1205 1300 1240 πνευμάτων
1323 1205 1369 1231 καὶ
1385 1205 1434 1241 τὴν
1451 1203 1535 1241 ἧτταν
1552 1204 1639 1232 αὐτῶν
1670 1205 1687 1240 ἡ
1715 1204 1842 1240 παροῦσα
1858 1213 1930 1240 παρ-

1141 1249 1228 1285 ίστησι
1251 1250 1421 1285 προφητεία·
1446 1249 1513 1285 ὁμοῦ
1531 1250 1579 1285 μὲν
1601 1249 1731 1285 συνῆχθαι
1754 1249 1930 1284 διδάσκουσα,

1141 1295 1178 1331 μὴ
1197 1295 1249 1330 μὴν
1275 1294 1433 1330 δεδυνῆσθαί
1455 1303 1480 1321 τι
1505 1294 1565 1330 μηδ’
1587 1294 1742 1330 ἱσχυκέναι·
1761 1294 1820 1321 ἀλλ’
1842 1295 1872 1322 ἐν
1889 1294 1930 1330 τῷ

1139 1341 1298 1376 πλησιάζειν
1317 1340 1390 1376 αὐτῷ
1411 1341 1592 1367 καταπίπτειν
1607 1340 1702 1376 χαμαί.
1718 1340 1764 1367 Διδ
1786 1340 1929 1369 λέλεκται·

1139 1387 1276 1414 Πεσεῖται
1289 1387 1323 1414 ἐκ
1338 1387 1391 1414 τοῦ
1411 1388 1533 1420 κλίτους
1545 1395 1603 1413 σου
1623 1387 1733 1421 χιλιὰς,
1757 1387 1807 1414 καὶ
1823 1387 1932 1428 μυριὰς

1139 1433 1174 1460 ἐκ
1196 1432 1303 1465 δεξιῶν
1330 1441 1397 1460 σου.
1417 1433 1489 1459 Ἀντὶ
1510 1433 1539 1458 δὲ
1560 1432 1622 1459 τοῦ·
1649 1433 1700 1459 Ἐκ
1727 1431 1781 1459 τοῦ
1806 1429 1932 1466 ultrave

1140 1485 1208 1509 σου,
1227 1478 1340 1509 Ἀκύλας
1353 1478 1399 1504 καὶ
1414 1478 1570 1513 Σύμμαχος,
1589 1479 1639 1505 Ἐκ
1652 1477 1705 1504 τοῦ
1716 1475 1850 1512 πλαγίου
1860 1483 1931 1509 σου.

1141 1523 1337 1550 ἐκδεδώκασινσ
1352 1522 1422 1549 οὕτω
1442 1524 1491 1558 τῆς
1507 1523 1600 1559 θεῖκῆς
1610 1523 1722 1559 Γραφῆς
1737 1522 1772 1549 τὰ
1798 1523 1931 1559 ἀριστερὰ

1141 1569 1187 1596 τοῦ
1207 1570 1331 1605 Σωτῆρος
1346 1569 1532 1605 ὀνομαζούσης
1543 1590 1550 1601 ,
1573 1569 1644 1605 τάχα
1659 1568 1690 1596 τὸ
1705 1569 1787 1605 μηδὲν
1811 1566 1882 1596 εἶναι
1902 1567 1932 1596 ἐν

306 1621 442 1656 ιμιιίιιιηι;
470 1621 588 1655 itemque
608 1620 686 1652 illud,
715 1619 900 1646 Verumtamen
929 1621 1011 1646 oculis
1038 1620 1089 1646 luis

1141 1615 1215 1650 αὐτῷ
1231 1616 1323 1641 σκαιὸν
1341 1615 1406 1650 μηδὲ
1422 1615 1574 1651 ἀριστερόν.
1591 1614 1663 1650 Πλὴν
1674 1614 1741 1641 ἀλλά
1753 1614 1819 1651 περὶ
1833 1614 1930 1642 πασῶν

307 1666 497 1698 considerabis,
514 1672 538 1693 et
551 1667 747 1694 retributionem
758 1671 924 1701 peccatorum
936 1665 1043 1692 videbis.
1058 1665 1090 1692 Et

308 1712 375 1744 hasc,
392 1712 490 1747 inquit,
508 1713 598 1739 omnia
616 1712 665 1739 tibi
682 1712 820 1745 accident;
836 1710 967 1745 quoniam
988 1715 1027 1742 tu,
1043 1710 1091 1737 Do-

308 1759 396 1790 mine,
429 1765 492 1794 spes
521 1765 598 1791 mea,
630 1758 794 1784 ditissimum
822 1757 933 1791 posuisti
961 1756 1090 1792 refugium

309 1810 354 1831 "Ml
358 1813 393 1832 ιη.

344 1953 461 1981 Ᾰίςιὶιῐιο
477 1958 566 1981 autem
584 1953 634 1981 has
651 1952 802 1981 invisibiles
818 1956 845 1979 et
859 1951 1027 1979 adversarias
1045 1958 1093 1986 po—

308 2004 434 2031 testatas,
455 2008 515 2034 qua:
542 2000 594 2026 sub
610 2001 739 2027 universo
766 1999 836 2026 cmlo
857 2002 945 2029 erant.
964 1997 1093 2024 adversus

309 2052 371 2072 cum
396 2044 538 2071 confertim
556 2047 734 2079 congregatas
753 2042 848 2073 fuisse,
865 2042 936 2077 quod
954 2041 1094 2076 perturba-

309 2093 405 2117 rentur
421 2096 455 2116 ex
470 2090 550 2116 allata
566 2090 616 2123 ipsi
632 2097 707 2121 voce,
725 2088 834 2123 quando
847 2090 873 2114 in
885 2088 1017 2115 columbae
1032 2095 1094 2121 spe-

310 2137 352 2164 cie
369 2136 487 2171 Spiritus
506 2141 618 2163 sanctus
639 2136 780 2163 descendit
795 2136 822 2162 in
844 2135 929 2166 illum,
948 2139 974 2162 et
1002 2135 1095 2161 audita

310 2190 362 2209 vox
379 2186 421 2209 est
438 2181 556 2216 desuper
575 2181 669 2209 dicens
687 2190 694 2208 :
713 2181 763 2207 Hic
779 2185 818 2207 est
842 2179 928 2206 Filius
944 2187 1015 2206 meus
1029 2179 1095 2205 dile-

311 2235 379 2261 ctus,
398 2227 425 2255 in
450 2235 500 2262 quo
528 2227 591 2253 mihi
615 2227 762 2261 complacui
776 2227 808 2252 ³⁵.
833 2225 890 2252 Hac
906 2225 987 2260 igitur
1002 2225 1094 2252 audita

1141 1661 1246 1697 ἁθρόως
1261 1659 1314 1687 τῶν
1324 1659 1517 1696 ἀντικειμένων
1534 1661 1670 1695 δυνάμεων
1679 1660 1787 1696 εἴρηται
1799 1661 1840 1692 τὸ,
1851 1658 1931 1695 Πρός

1141 1708 1180 1734 σὲ
1194 1706 1227 1733 δὲ
1241 1708 1296 1734 οὐκ
1310 1707 1453 1742 ἑγγιοῦσι,
1471 1707 1517 1734 καὶ
1534 1707 1573 1739 τὸ,
1589 1706 1674 1737 Πλὴν
1692 1707 1752 1739 τοῖς
1766 1704 1931 1742 ὀφθαλμοῖς

1141 1762 1199 1780 σου
1228 1753 1443 1786 κατανοήσεις,
1456 1753 1505 1780 καὶ
1532 1752 1736 1780 ἀνταπόδοσιν
1748 1749 1930 1787 ἁμαρτωλῶν·

1143 1799 1219 1834 ὄψει.
1238 1800 1293 1826 Καὶ
1313 1799 1408 1832 ταῦτα,
1420 1800 1497 1835 φησὶ,
1524 1799 1612 1826 πάντα
1628 1799 1704 1826 ἐσται
1718 1799 1782 1834 περὶ
1797 1799 1840 1832 σὲ,
1856 1800 1930 1826 ἐπει-

1142 1845 1228 1881 δήπερ
1242 1846 1285 1877 σὺ,
1304 1842 1326 1872 ὦ
1351 1844 1436 1881 Κύριε
1451 1866 1457 1877 ,
1478 1846 1494 1880 ή
1520 1844 1574 1880 ἐμὶι
1598 1844 1691 1876 ἐλπὶς,
1715 1845 1771 1872 τὸν
1785 1845 1930 1880 Ὕψιστον

1143 1892 1211 1918 ἔθου
1226 1890 1401 1926 καταφυγήν
1416 1899 1484 1918 σου.

1185 1948 1318 1984 Ἡγοῦμαι
1339 1949 1367 1974 δὲ
1386 1949 1433 1980 τὰς
1447 1949 1578 1985 ἀοράτους
1591 1949 1691 1980 ταύτας
1707 1947 1753 1974 καὶ
1775 1947 1931 1983 ἀντικειμέ-

1144 2004 1191 2026 νας
1205 1995 1352 2029 δυνάμεις,
1368 1995 1417 2026 τὰς
1439 1995 1491 2021 ὑπὸ
1515 1995 1595 2021 παντὶ
1618 1994 1656 2029 τῷ
1673 1993 1780 2030 οὐρανῷ
1800 1993 1931 2029 συνῆχθαι

1144 2041 1233 2071 πάσας
1258 2041 1363 2076 ἀθρόως
1387 2041 1446 2066 κατ’
1469 2040 1550 2066 αὑτοῦ
1575 2039 1773 2075 Θορυϐηθείσας
1801 2038 1858 2065 ἀπὸ
1882 2035 1932 2072 τῆς

1145 2086 1299 2122 ἐνεχθείσης
1323 2087 1390 2121 πρὸς
1406 2086 1486 2112 αὑτὸν
1499 2085 1601 2120 φωνῆς,
1617 2086 1662 2112 ὅτε
1674 2085 1703 2110 ὲν
1725 2084 1790 2111 εῖδει
1805 2088 1933 2120 περιστε-

1146 2134 1195 2168 ρᾶς
1208 2133 1238 2158 τὸ
1252 2132 1364 2167 Πνεῦμα
1378 2132 1408 2158 τὸ
1424 2132 1501 2165 ἆγιον
1521 2131 1681 2158 κατέὸαινεν
1695 2131 1738 2157 ἐπ’
1758 2130 1852 2162 αὐτὸν,
1868 2130 1887 2165 ἡ
1903 2138 1932 2156 τε

1137 2178 1246 2218 ’ἄνωθεν
1271 2178 1347 2213 φωνὴ
1375 2177 1495 2213 ἠκούσθη
1522 2177 1654 2211 λέγουσα·
1687 2174 1778 2208 οὗτός
1803 2175 1891 2206 ἐστίν
1917 2177 1933 2202 ό

1150 2224 1215 2257 Υἱός
1225 2233 1284 2258 μου
1297 2226 1312 2251 ό
1329 2224 1491 2257 ἀγαπητὸς,
1503 2223 1538 2250 ἐν
1552 2219 1577 2255 ᾧ
1591 2222 1752 2256 εὐδόκησα.
1768 2220 1933 2248 Ἀκαύσασαι

310 2282 389 2308 voce,
403 2274 568 2308 conspicata:
581 2273 646 2299 item
665 2280 678 2299 a
697 2271 800 2307 Spiritu
818 2275 912 2299 sancto
929 2278 976 2305 per
988 2271 1090 2297 colum-

1146 2270 1210 2304 γοῦν
1226 2270 1276 2305 τῆς
1294 2271 1383 2305 φωνῆς
1397 2269 1508 2304 ταύτης,
1522 2271 1570 2296 καί
1585 2269 1749 2309 (ξεασάμεναι
1760 2267 1808 2294 τὸν
1821 2266 1934 2294 ὑπὸτοῦ

309 2322 371 2349 bam
388 2323 633 2348 commonstralum
661 2318 745 2345 fuisse
766 2318 900 2345 hominem
928 2317 1024 2343 Filium
1048 2316 1094 2344 Dei

310 2366 489 2403 appellatum.
507 2372 595 2399 neque
610 2364 668 2391 voci
679 2371 732 2390 non
750 2363 872 2393 credere,
886 2369 984 2396 neque,
1005 2362 1093 2388 homi-

311 2421 374 2440 nem
394 2420 477 2440 carne
494 2411 618 2438 indutum
638 2409 874 2440 cernentes,huuc
890 2408 1019 2435 dilectum
1034 2415 1095 2435 esse

312 2458 358 2486 Dei
379 2466 539 2493 persuasum
555 2457 655 2484 habere
674 2459 809 2490 poterant.
826 2454 916 2487 Quare
931 2453 1094 2488 stupendum

312 2504 460 2538 quidpiam,
477 2509 503 2531 et
525 2511 623 2530 novam
646 2502 763 2529 hominis
786 2505 910 2528 naturam
940 2503 1093 2531 cernentes,

314 2556 392 2576 suam
414 2550 543 2583 operandi
567 2549 620 2575 vim
641 2547 822 2582 prmstanliori
842 2548 941 2574 virtute
954 2545 1095 2573 delendam

313 2602 376 2622 esse
400 2595 604 2629 exspectabant.
627 2593 730 2621 Idcirco
750 2594 825 2620 illum
843 2593 944 2620 adorta:
960 2596 1033 2623 sunt.
1049 2593 1094 2626 qui

315 2647 374 2667 sese
396 2640 480 2666 alacri
511 2640 601 2666 animo
622 2640 746 2667 omnibus
771 2640 966 2666 tentationibus
986 2638 1094 2668 obtulit,

314 2692 382 2719 quas
402 2691 452 2719 pro
464 2684 551 2711 salute
568 2684 706 2711 hominum
723 2687 890 2718 susceperat.
904 2683 971 2710 Nam
987 2687 1098 2715 cum,ut

314 2730 382 2761 dixi.
403 2730 600 2765 praedicaturus
627 2734 699 2757 esset
723 2731 831 2763 captivis
853 2730 1043 2760 dimissionem,
1072 2734 1097 2756 et

314 2777 390 2803 circis
401 2776 470 2802 visus
483 2775 670 2802 restitutionem
681 2795 688 2806 ,
711 2776 860 2802 secundum
884 2775 1052 2811 propheliam
1064 2775 1097 2802 de

314 2821 374 2856 ipso
383 2822 515 2855 prolatam
524 2820 561 2852 B‘;
574 2824 654 2855 atque
664 2821 783 2847 futurum
794 2825 877 2852 esset,
888 2826 917 2847 ut
929 2822 1033 2848 animas
1049 2821 1097 2848 ho—

1146 2316 1223 2351 ἁγίου
1248 2316 1404 2351 Πνεύματος
1426 2315 1471 2342 διὰ
1490 2316 1538 2351 τῆς
1557 2315 1721 2351 περιστερᾶς
1742 2313 1934 2349 ἀναδειχθέντα

1145 2362 1286 2397 ἄνθρωπον
1304 2361 1366 2387 Υἰὺν
1393 2360 1460 2387 Θεοῦ
1488 2360 1692 2396 ὠνομασμένον,
1717 2359 1780 2386 οὗτε
1803 2361 1838 2395 τῇ
1858 2359 1934 2395 φωνῇ

1146 2408 1269 2433 ἀπιστεῖν
1293 2404 1375 2441 εἶχον,
1402 2405 1464 2432 οὔτε
1491 2406 1537 2433 τὸν
1556 2406 1697 2442 ἄνθρωπον
1720 2405 1824 2440 ὁρῶσαι
1847 2405 1935 2441 σάρκα

1145 2452 1332 2487 ἠμφιεσμένον
1345 2451 1481 2478 πιστεύειν
1494 2452 1588 2478 τοῦτον
1599 2449 1667 2478 εἶναι
1677 2451 1723 2477 τὸν
1732 2450 1876 2487 ἀγαπητὸν
1890 2449 1935 2476 τοῦ

1146 2498 1223 2525 Θεοῦ.
1232 2499 1276 2525 Διὸ
1289 2498 1361 2531 ξένον
1378 2507 1404 2524 τι
1419 2498 1513 2533 χρῆμα
1532 2498 1577 2525 καὶ
1588 2498 1683 2533 καινὴν
1695 2496 1840 2532 ἀνθρώπου
1854 2497 1937 2531 φῦσιν

1148 2545 1281 2580 Θεώμεναι
1292 2565 1299 2576 ,
1315 2544 1364 2576 τὰς
1385 2545 1486 2575 οἰκείας
1502 2544 1643 2579 ἐνεργείας
1661 2543 1775 2578 δυνάμει
1801 2541 1938 2578 κρείττονι

1149 2590 1395 2627 καθαιρεθήσεσθαι
1408 2589 1620 2625 προσεδόκησαν.
1629 2589 1675 2616 Διὸ
1683 2588 1715 2624 δὴ
1727 2587 1849 2624 ἐπῄεσαν
1864 2586 1938 2621 αὐτῷ

1149 2636 1263 2662 ἐπιδόντι
1280 2633 1309 2662 εὖ
1332 2634 1403 2671 μάλα
1421 2634 1567 2671 προθύμως
1581 2634 1677 2661 ἐαυτὸν
1693 2634 1733 2665 είς
1754 2632 1861 2665 πάντας
1875 2632 1938 2663 τοὺς

1150 2682 1327 2717 πειρασμοὺς,
1344 2681 1389 2713 οὓς
1401 2681 1470 2716 ὑπὲρ
1483 2680 1533 2715 τῆς
1551 2679 1702 2715 ἀνθρώπων
1718 2678 1857 2714 σωτηρίας
1872 2678 1939 2705 ἁνα-

1149 2728 1264 2754 δέδεκτο.
1274 2727 1385 2755 Μέλλων
1395 2726 1575 2762 γοῦν,·ὢσπερ
1584 2725 1663 2760 ἔφην,
1670 2724 1816 2761 κηρύττειν
1833 2724 1939 2757 alnu-

1148 2774 1254 2806 ,ιώτοις
1266 2773 1385 2808 ἄφεσιν,
1405 2772 1453 2799 καὶ
1469 2771 1594 2806 τυφλοῖς
1609 2770 1786 2804 ἀνάϐλεψιν,
1802 2768 1875 2796 κατὰ
1887 2767 1937 2803 τὴν

1149 2820 1213 2857 περὶ
1230 2819 1311 2847 αὑτοῦ
1328 2819 1506 2856 προφητείαν,
1523 2818 1649 2852 ἀφέλκειν
1663 2813 1753 2848 τετάς
1765 2814 1820 2842 τῶν
1830 2813 1937 2849 ἀνθρώ-

352 2897 374 2915 ³¹
393 2898 476 2926 Harc.
497 2907 520 2930 I,
541 2898 581 2925 l5.
619 2897 642 2914 "
662 2898 756 2925 Matth.
774 2906 822 2931 Ill,
843 2899 884 2927 Π.
919 2900 941 2915 ’³
961 2898 1027 2926 Luc.
1043 2907 1079 2931 Iv,

1141 2907 1145 2932 ;
1165 2898 1218 2926 lsa.
1234 2906 1296 2930 ut.
1315 2901 1341 2927 Ι.
