2032 3215
120 194 190 223 115⁸1

703 188 955 221 COMMENTARIA
974 192 1007 221 lN
1024 189 1194 222 PSALMOS.
1222 170 1239 196 ἢ
1251 173 1263 194 ⁸

1679 196 1749 225 1158

119 262 180 280 πων
192 252 280 288 ψυχὰς
299 250 354 278 ἀπὸ
372 249 426 278 τῶν
447 248 530 279 πάλαι
559 251 788 287 ῂχμαλωτικότων
804 252 890 284 αὐτὰς
901 272 908 285 ,

965 252 1065 280 minum
1086 253 1121 280 ab
1135 252 1180 285 iis,
1194 251 1241 288 qui
1262 252 1335 288 ipsas
1351 253 1416 281 olim
1435 253 1463 282 in
1479 254 1663 291 captivitatem
1686 254 1751 282 abe-

119 297 279 334 ἐλευθεροῦν
295 307 324 324 τε
339 298 423 329 αὑτὰς
440 298 493 324 ἀπὸ
512 297 561 332 τῆς
581 298 775 334 εἰδωλολάτρου
796 299 909 334 πλάνης,

119 344 276 379 ἀναγκαίως
289 343 394 379 πρῶτον
410 343 536 370 ἁπάντων
554 345 614 370 κατ’
629 344 718 370 αὐτῶν
731 343 911 380 ἐστρατεύετο

119 389 173 417 τῶν
199 389 244 415 τὸν
273 388 377 423 μακρὸν
396 387 482 414 αἰῶνα
497 389 746 423 τετυραννηκότων.
780 389 856 415 Ἐπεὶ
882 390 910 416 δὲ

119 435 225 467 τούτοις
243 433 448 470 κατηγωνίσατο
477 433 509 460 δι’
527 434 666 470 ὑπομονῆς
687 435 787 467 παντὸς
817 445 912 472 πειρα-

121 480 201 517 σμοῦ,
215 480 254 507 διό
268 489 348 516 φησιν
362 481 375 506 ὁ
390 480 497 511 Λουκᾶς
511 489 517 495 ⁸
533 480 588 507 Καὶ
609 482 798 514 συντελέσας
814 482 912 509 πάντα

120 528 286 562 πειρασμὸν
303 528 319 554 d
337 526 478 559 διάϐολος
497 526 616 561 ἀπέστη
642 527 692 554 ἀπ’
712 527 814 555 αὑτοῦ.
834 529 910 555 Μετὰ

120 574 207 601 ταῦτα
232 574 277 600 ἐπὶ
301 572 349 608 τὴν
370 572 424 599 τῶν
450 572 601 608 ἀνθρώπων
629 573 778 608 θεραπείαν
795 574 908 610 ἐχώρει·

122 619 197 646 ἔνθεν
221 619 268 646 καὶ
296 619 419 655 ἔφριττον
445 619 526 645 αὐτὸν
541 619 564 645 οἱ
589 618 734 654 δαίμονες,
754 620 911 654 ὡμολόγουν

120 673 150 691 τε
164 664 246 691 αὐτὸν
271 663 368 690 εἰδέναι
395 664 468 695 ὅστις
481 663 539 699 εἴη,
559 663 674 698 βοῶντες
699 665 744 690 καὶ
772 664 909 698 λέγοντες·

123 710 186 742 'Ea,
200 710 229 736 τί
241 710 313 743 ἡμῖν
329 710 379 736 καί
401 717 460 740 σοι,
489 709 542 735 Υἱέο
551 709 603 736 τοῦ
623 710 715 741 Θεσῦ;
739 709 862 744 οἴδαμέν
876 718 913 736 σε

121 756 167 788 τίς
180 753 218 786 εἷ,
233 757 249 782 ὁ
264 755 346 790 ἅγιος
362 755 415 782 τοῦ
428 755 511 782 Θεοῦ.
536 755 601 781 ’Λπο
620 755 674 790 γὰρ
691 755 740 790 τῆς
751 755 818 791 πρὸς
833 756 912 782 αὑτὸν

122 801 277 836 ἐνεχθείσης
292 801 383 836 φωνῆς
401 801 607 836 μεμαθήκεισαν
620 801 694 832 ὅστις
710 799 743 836 ἦν
754 809 760 816 ’
781 800 849 827 ἀλλὰ
865 801 912 827 καὶ

122 846 169 881 ἀφ’
192 842 230 873 ὧν
253 846 400 881 εἰργάσατο
421 845 491 872 κατὰ
510 846 556 872 τὸν
579 845 625 872 τοῦ
645 846 798 882 πειρασμοῦ
818 846 912 882 καιρὸν

122 892 220 928 ᾔδεσαν
240 891 321 919 αὑτοῦ
335 892 383 927 τὴν
397 892 522 926 δύναμιν.

159 947 200 973 οὐ
215 947 449 980 προσελεύσεται
467 946 541 980 πρὸς
563 945 600 973 σὲ
622 946 709 977 κακὰ,
726 947 776 973 καὶ
799 945 911 981 μάστιξ

122 993 177 1018 οὐκ
193 991 286 1026 ἐγγιεῖ
295 992 334 1024 τῷ
351 992 523 1026 σκηνώματί
539 999 609 1019 σου.
621 992 680 1018 Ὅτι
696 992 758 1024 τοῖς
774 991 910 1026 ἀγγέλοις

123 1038 215 1067 αὐτοῦ
243 1038 403 1065 ἐντελεῖται
426 1038 493 1071 περὶ
517 1036 575 1064 σοῦ
603 1038 656 1064 τοῦ
672 1037 852 1072 διαφυλάξαι
875 1046 911 1064 σε

123 1084 157 1111 ἐν
179 1083 291 1116 πάσαις
310 1083 375 1116 ταῖς
394 1083 473 1116 ὁδοῖς
497 1091 565 1110 σου.
592 1083 653 1110 Ἐπὶ
675 1082 781 1117 χειρῶν
803 1082 912 1117 ἀροῦσι

123 1135 170 1162 σε,
180 1130 298 1165 μήποτε
311 1131 488 1163 προσκόψῃς
501 1129 574 1163 πρὸς
587 1129 674 1156 λίθον
688 1130 739 1155 τὸν
752 1129 829 1156 πόδα
841 1136 909 1156 σου.

123 1175 179 1202 Καὶ
190 1174 276 1201 ταῦτα
293 1174 331 1209 τῷ
346 1174 416 1201 κατὰ
428 1174 544 1209 Χριστὸν
559 1174 762 1209 τετελειωμένῳ
773 1174 851 1209 ἀνδρὶ
865 1174 912 1200 καὶ

123 1220 162 1255 τῷ
177 1220 250 1256 χορῷ
270 1220 324 1246 τῶν
341 1220 386 1247 τοῦ
412 1220 529 1255 Χριστοῦ
550 1220 715 1255 μαρτύρων,
739 1221 772 1255 τῇ
796 1228 824 1245 τε
847 1219 912 1255 ἁγίᾳ

124 1265 208 1292 αὑτοῦ
227 1265 383 1301 Ἐκκλησία,
400 1266 444 1292 καὶ
455 1266 487 1301 δὴ
501 1266 548 1292 καὶ
570 1265 644 1301 αὐτῷ
661 1264 699 1300 τῷ
719 1265 836 1301 Χριστοῦ
860 1266 912 1302 σῶς

125 1319 192 1346 ματι
207 1310 350 1346 ἀρμόσειεν
365 1310 397 1336 ἂν
422 1310 565 1344 λέγεσθαι·
585 1310 617 1336 Εἰ
639 1310 694 1346 γὰρ
712 1309 912 1344 παρεμϐάλλει

124 1355 252 1391 ἄγγελος
267 1357 375 1390 Kvplov
390 1357 491 1387 κύκλῳ
514 1355 573 1382 τῶν
599 1355 791 1390 φοϐουμένων
810 1356 912 1388 αὑτὸν,

125 1402 173 1428 καί
182 1402 307 1436 ῥύσεται
324 1402 446 1434 αὐτοὺς,
462 1401 515 1428 τῶν
530 1401 757 1437 ὑπερϐεϐηκότων
772 1401 816 1428 τὸν
833 1401 914 1436 φόϐον

126 1448 173 1475 καὶ
188 1448 217 1474 ἐν
240 1448 294 1480 ἕξει
318 1448 408 1482 τελείᾳ
424 1447 474 1482 τῆς
499 1447 568 1474 κατὰ
584 1447 673 1482 ψυχὴν
691 1448 790 1483 ἀρετῆς
813 1456 913 1482 τυγχα-

125 1495 234 1527 νόντων,
250 1495 340 1526 ὁποῖός
354 1496 425 1520 ἐστιν
440 1496 456 1520 ό
476 1494 647 1527 καθήμενος
662 1494 697 1520 ἐν
709 1494 835 1527 βοηθείᾳ
862 1494 914 1520 τοῦ

131 1540 288 1575 ’Υψι’στου,
304 1539 352 1567 καὶ
366 1539 424 1566 ὑπὸ
438 1539 494 1573 τὴν·
508 1540 600 1565 σκιὰν
607 1539 660 1566 τοῦ
673 1539 777 1565 ἱκανοῦ
800 1538 916 1569 αὐλιζό-

122 1595 231 1622 μενος·
260 1586 313 1612 τῶν
343 1583 386 1612 οὖν
417 1585 542 1611 τοιούτων
567 1585 614 1619 οὐχ
641 1583 681 1616 εἷς
706 1584 829 1619 ἅγγελος,
847 1584 915 1611 ἀλλὰ

126 1632 298 1668 παρεμϐολαὶ
319 1631 426 1662 πλείους
447 1631 622 1657 καθίστανται
642 1630 771 1664 φύλακες,
789 1630 848 1656 ὅσαι
871 1630 916 1656 καὶ

126 1678 236 1709 πλείους
259 1678 284 1704 οἱ
309 1677 348 1712 τῷ
377 1677 447 1703 κατὰ
475 1676 540 1702 Θεὸν
561 1676 654 1710 τελείῳ
685 1674 914 1707 ἐπιϐουλεύοντες.

126 1725 204 1752 Οὕτω
226 1723 291 1758 γοῦν
303 1723 349 1750 καὶ
371 1723 416 1749 τὸν
439 1722 580 1757 προφήτην
614 1721 761 1747 Ἐλισσαῖον
787 1721 916 1747 ὲκύκλουν

126 1768 229 1803 πλῆθος
241 1767 396 1803 δορυφόρων
408 1767 540 1800 ἀγγέλων.
554 1766 599 1792 Διὸ
614 1766 687 1792 οὐδὲν
698 1766 750 1792 τῶν
763 1766 916 1801 βλακικῶν

126 1813 325 1841 ἐπελεύσεσθαι
339 1813 447 1846 λέγεται
464 1812 502 1847 τῷ
516 1812 559 1839 διὰ
570 1811 615 1838 τοῦ
627 1811 734 1847 ψαλμοῦ
750 1820 918 1848 προφητευο-

127 1862 217 1896 μένῳ*
236 1859 291 1886 ἀλλ’
312 1859 371 1885 οὐδὲ
387 1858 484 1893 μάστιξ
498 1858 543 1884 ἐπὶ
554 1858 584 1883 τὸ
600 1857 677 1893 σῶμα
691 1858 845 1892 ἐφάψασθαι
870 1857 915 1884 τοῦ

127 1906 306 1941 σκηνώματος
322 1904 404 1931 αὑτοῦ
415 1913 422 1919 '
444 1905 561 1939 μάστιγα
576 1903 706 1930 νοούντων
725 1904 803 1939 ἡμῶν
822 1904 852 1930 οὑ
868 1905 916 1939 τὴν

127 1952 278 1987 κοινότερον
291 1950 452 1986 λεγομένην·
471 1950 557 1986 ταύτῃ
575 1950 628 1986 γὰρ
644 1950 845 1986 ἐμαστίχθησαν
865 1960 916 1985 μυ-

128 1998 179 2034 ρίοι
187 1997 241 2024 τῶν
250 1997 332 2032 ἁγίων
342 1997 388 2023 τοῦ
396 1996 462 2023 Θεοῦ
471 1996 614 2031 μαρτύρων
624 1996 670 2022 καὶ
681 1996 762 2022 αὐτοῦ
771 1996 799 2022 δὲ
805 1996 850 2022 τοῦ
861 1996 917 2022 Σω-

127 2045 210 2080 τῆρος
218 2043 295 2079 ἡμῶν
305 2043 334 2070 τὸ
341 2043 493 2078 σωματικὸν
502 2043 633 2077 σκήνωμα
642 2042 710 2077 καὶὴ
718 2041 784 2076 σὰρξ
794 2042 916 2076 μάστιξιν

127 2089 228 2125 ᾐκίσθη
257 2089 326 2115 κατὰ
353 2089 398 2115 τὸν
422 2089 516 2124 καιρὸν
541 2088 587 2114 τοῦ
617 2088 736 2120 πάθους,
763 2087 916 2119 ἀκολούθως

128 2136 162 2171 τῇ
193 2134 332 2170 φασκούσῃ
359 2135 422 2170 περὶ
444 2135 525 2161 αὑτοῦ
554 2135 721 2171 προφητείᾳ,
745 2135 800 2161 Τὸν
820 2134 916 2161 νῶτόν

126 2189 186 2215 μου
207 2180 301 2206 ἔδωκα
317 2181 359 2212 εἰς
374 2180 540 2214 μάστιγας,
565 2181 618 2213 τὰς
640 2180 673 2207 δὲ
693 2181 836 2214 σιαγόνας
855 2189 915 2214 μου

129 2228 172 2260 εὶς
182 2227 371 2261 ῥαπίσματα’
388 2226 427 2253 διὸ
443 2227 561 2261 μάστιγα
576 2226 622 2252 νῦν
639 2226 782 2261 δηλοῦσθαι
800 2227 848 2261 τὴν
862 2226 916 2253 ἀπὸ

129 2265 287 2308 ἆιμονικῆς
309 2272 447 2308 ἐνεργείας
471 2272 575 2307 πληγὴν
593 2272 744 2306 νομιστέον,
761 2273 856 2303 ὁποίας
879 2272 916 2298 εί-

131 2323 211 2355 ρήται
229 2319 310 2350 αὐτὸς
331 2319 345 2344 ὁ
372 2319 466 2353 Σωτὴρ
492 2318 616 2344 ἰάσασθαι
642 2318 688 2343 καὶ
711 2317 871 2353 θεραπεύειν
886 2319 915 2344 ὲν

130 2364 283 2401 ἀνθρώποις
300 2364 430 2399 δαιμόνων
444 2363 605 2399 ἀκαθάρτων
624 2364 765 2398 μάστιγας.
783 2363 915 2399 Τοιαύτην

130 2410 176 2438 οὖν
197 2411 315 2447 μάστιγά
339 2419 420 2445 φησιν
440 2411 454 2436 ὁ
479 2409 572 2445 παρὼν
589 2409 665 2443 λόγος
682 2411 719 2445 μὴ
738 2410 856 2443 ἐγγίσειν
877 2409 915 2444 τῷ

131 2456 291 2493 σκηνώματι
304 2456 350 2482 τοῦ
370 2455 619 2491 προφητευομένου,
632 2456 676 2482 διὰ
689 2455 718 2481 τὸ
734 2455 914 2490 φυλάττεσθαι

131 2504 184 2531 ὑπὸ
199 2503 253 2530 τῶν
266 2503 475 2538 καθεσταμένων
490 2503 535 2529 ὲπί
548 2502 578 2528 τὸ
598 2504 726 2538 φρουρεῖν
741 2502 821 2528 αὐτὸν
834 2502 915 2536 ἀγγέ-

131 2549 195 2580 λων,
210 2549 235 2575 οῖ
255 2549 286 2583 δὴ
305 2549 351 2575 καὶ
377 2548 422 2574 ἐπὶ
445 2547 544 2583 χειρῶν
570 2547 650 2574 αὑτὸν
664 2547 799 2582 μετέωρον
818 2547 917 2582 ἀναλή-

131 2595 229 2631 ψεσθαι.
243 2595 375 2628 λέγονται,
391 2593 459 2629 πρὸς
472 2593 501 2620 τὺ
513 2594 549 2629 μὴ
562 2594 744 2629 προσκόπτειν
756 2592 837 2619 αὑτοῦ
851 2592 916 2627 λίθῳ

131 2642 177 2669 τὸν
192 2641 270 2668 πόδα.
291 2642 425 2676 Σκήνωμα
444 2641 472 2666 δὲ
494 2640 574 2667 αὑτοῦ
592 2640 652 2667 καθ’
669 2640 717 2667 ἕνα
743 2639 791 2675 μὲν
817 2638 916 2674 τρόπον

132 2689 204 2725 ἐρεῖς
227 2685 296 2714 εἶναι
320 2687 368 2722 τὴν
386 2686 546 2721 Ἐκκλησίαν
566 2685 658 2717 αὐτοῦ,
684 2686 753 2713 κατὰ
775 2686 805 2712 τὺ
818 2706 824 2717 ,
844 2686 917 2718 Ἕως

132 2733 172 2760 ἄν
196 2732 271 2767 εὕρω
301 2734 394 2759 τόπον
422 2731 462 2764 τῷ
483 2732 594 2766 Κυρίῳ,
626 2731 768 2766 σκήνωμα
791 2730 831 2763 τῷ
857 2730 917 2763 Θεῷ

138 2779 251 2807 Ἰακώϐ·
270 2779 340 2805 οὕτω
363 2779 409 2805 καὶ
426 2777 536 2804 πλείονα
551 2778 716 2813 σκηνώματα
729 2776 777 2808 τὰς
796 2777 917 2803 ἅπαντα·

187 2857 210 2873 “
228 2856 294 2884 Luc.
316 2865 352 2889 tv,
374 2856 416 2883 15.

134 2892 156 2908 ⁸⁸
176 2892 246 2919 Psal.
264 2900 376 2921 unm.
394 2892 421 2919 2,

465 2856 488 2873 ⁸⁸
508 2855 591 2883 Marc.
610 2864 629 2888 ι,
645 2855 694 2888 24;
713 2854 779 2883 Luc.
796 2854 891 2891 ινηὸι.
931 2854 954 2870 ³⁶
973 2854 1044 2883 Psal.
1063 2863 1164 2892 χχχιιι,
1182 2857 1208 2885 8.

963 302 1068 334 gerant,
1085 297 1242 330 abduceret,
1260 299 1441 335 liberaretque
1465 300 1498 327 ab
1519 300 1655 328 idolorum
1671 307 1749 328 erro-

962 353 1008 378 re;
1027 345 1182 372 necessario
1199 345 1299 372 bellum
1331 346 1418 380 primo
1446 347 1556 381 gerebat
1583 347 1611 373 in
1640 354 1688 374 eos
1702 348 1749 382 qui

962 390 1093 417 diuturno
1113 393 1234 424 tempore
1249 391 1422 425 tyrannidem
1443 392 1615 432 obtinebant.
1635 392 1668 419 Et
1685 392 1749 427 quia

961 435 1037 471 ipsos
1055 443 1104 470 per
1123 437 1305 463 tentationum
1330 437 1453 463 omnium
1473 437 1644 465 tolerantiam
1664 446 1750 473 oppu-

962 481 1075 516 gnabat,
1089 481 1149 508 ideo
1161 480 1251 509 Lucas
1269 481 1306 508 ait
1322 491 1328 509 :
1347 481 1382 507 Et
1399 490 1456 508 cum
1468 489 1676 510 consummasset
1693 492 1751 510 om-

962 534 1020 553 nem
1039 528 1210 555 tentationem
1226 527 1359 561 diabolus,
1375 529 1496 556 discessit
1514 529 1546 555 ab
1560 538 1589 556 eo
1605 530 1638 556 ⁸⁵.
1649 529 1751 557 Deinde

961 580 1026 600 vero
1043 573 1077 599 ad
1094 573 1235 601 hominum
1252 574 1420 602 curationem
1438 577 1464 601 et
1483 574 1615 602 medelam
1639 576 1751 603 accede-

962 619 1008 646 bat
1035 628 1040 646 :
1062 627 1146 653 quare
1173 619 1326 646 fremebant
1342 620 1368 646 in
1395 627 1456 647 eum
1476 620 1625 652 daemones,
1639 621 1751 648 conﬁte-

962 665 1116 699 banturque
1133 672 1163 691 se
1179 671 1261 692 nosse
1272 665 1334 700 quis
1355 669 1439 696 esset,
1453 665 1603 693 clamantes
1619 669 1646 692 et
1657 666 1751 693 dicen-

963 716 1003 738 tes
1018 721 1024 738 :
1044 711 1116 743 Sine,
1132 711 1194 746 quid
1212 711 1286 738 nobis
1308 716 1332 738 et
1357 711 1413 744 tibi,
1432 710 1486 738 Fili
1497 711 1567 738 Dei?
1585 711 1714 738 Nouimus
1729 716 1753 739 te

963 758 1020 792 quis
1036 758 1085 790 sis,
1103 763 1209 785 sanctas
1222 757 1270 784 Dei
1286 757 1368 786 ".Ab
1376 758 1451 784 illata
1461 759 1535 785 enim
1548 758 1587 784 illi
1608 766 1673 785 voce
1688 758 1752 785 didi-

963 808 1057 830 cerant
1073 803 1199 837 quisnam
1215 807 1303 836 esset;
1322 803 1377 829 imo
1393 803 1475 830 etiam
1489 810 1523 829 ex
1539 803 1573 830 iis
1589 810 1649 837 quae
1665 806 1752 829 tenta-

963 850 1045 877 tionis
1061 854 1183 885 tempore
1202 853 1335 885 gesserat,
1348 848 1409 883 ejus
1423 848 1553 876 virtutem
1572 853 1716 876 noverant.

997 952 1080 979 Vens.
1089 952 1182 980 10-12.
1195 951 1257 979 Non
1269 950 1390 979 accedent
1402 951 1436 978 ad
1453 956 1476 978 te
1487 950 1570 983 mala,
1582 954 1606 978 et
1617 950 1752 986 ﬂagellum

961 1008 1012 1026 non
1026 998 1246 1033 appropinquabit
1259 998 1427 1025 tabernaculo
1441 1002 1495 1024 tuo.
1506 997 1638 1030 Quoniam
1653 996 1752 1031 angelis

962 1045 1016 1071 suis
1033 1043 1169 1070 mandabit
1184 1044 1215 1070 de
1228 1048 1262 1074 te.
1279 1048 1307 1069 ut
1322 1043 1471 1070 custodiant
1489 1047 1512 1069 te
1528 1043 1555 1069 in
1570 1041 1690 1069 omnibus
1701 1042 1751 1069 viis

963 1091 1025 1118 tuis.
1038 1090 1071 1117 In
1088 1089 1209 1116 manibus
1220 1089 1362 1124 portabunt
1378 1093 1411 1121 te,
1421 1097 1452 1115 ne
1460 1097 1575 1124 unquam
1591 1086 1707 1123 offendas
1717 1088 1752 1114 ad

963 1136 1075 1170 lapidem
1090 1135 1180 1170 pedem
1197 1140 1280 1163 tuum.
1295 1135 1357 1162 Hatc
1373 1135 1406 1162 de
1423 1135 1481 1162 viro
1501 1135 1649 1162 secundum
1673 1134 1753 1161 Chri-

963 1186 1035 1209 stum
1051 1185 1251 1212 consummato,
1263 1180 1296 1208 de
1311 1181 1396 1208 choro
1414 1184 1565 1215 martyrum
1581 1179 1694 1213 Christi,
1709 1179 1752 1206 vel

963 1228 996 1255 de
1013 1232 1109 1255 sancta
1126 1227 1186 1262 ejus
1211 1227 1351 1260 Ecclesia;
1369 1227 1423 1254 imo
1436 1235 1501 1254 vero
1518 1227 1550 1254 de
1572 1227 1632 1262 ipso
1646 1225 1751 1254 Christi

962 1279 1077 1306 corpore
1096 1276 1247 1306 opportune
1264 1272 1317 1298 dici
1335 1275 1458 1306 possunt.
1473 1271 1542 1298 Nam
1563 1271 1587 1298 si
1603 1275 1753 1298 castrame-

965 1321 1036 1343 tatur
1050 1317 1157 1351 angelus
1173 1316 1280 1343 Domini
1296 1317 1323 1342 in
1339 1317 1451 1343 circuitu
1467 1315 1615 1343 timentium
1637 1324 1706 1348 eum,
1724 1319 1750 1342 et

963 1362 1054 1395 eripiet
1069 1370 1112 1388 eos
1124 1362 1157 1393 ⁸⁸,
1171 1362 1216 1396 qui
1229 1361 1402 1388 formidinem
1414 1365 1587 1396 superarunt,
1595 1365 1621 1388 et
1637 1362 1664 1388 in
1678 1361 1753 1388 bono

963 1407 1082 1439 virtutis,
1099 1414 1160 1441 quae
1178 1406 1328 1434 secundum
1346 1407 1470 1434 animam'
1489 1411 1551 1439 est,
1577 1406 1675 1434 aﬂ'ectu
1691 1414 1753 1434 ver-

965 1458 1070 1485 santur,
1085 1453 1174 1487 qualis
1195 1457 1236 1479 est
1251 1453 1296 1487 qui
1321 1452 1390 1479 sedet
1407 1453 1433 1479 in
1448 1452 1581 1487 adjutorio
1608 1451 1752 1485 Altissimi,

965 1504 990 1526 et
1004 1498 1051 1526 sub
1065 1499 1159 1525 umbra
1188 1499 1266 1533 fortis
1288 1503 1483 1530 commoratur;
1508 1499 1541 1526 iis
1562 1506 1628 1526 sane
1643 1499 1689 1534 qui
1714 1499 1754 1526 sic

967 1544 1054 1571 aﬂ‘ecti
1072 1548 1145 1576 sunt,
1163 1551 1218 1571 non
1233 1544 1345 1579 angelus
1358 1552 1440 1575 unus,
1459 1543 1506 1571 sed
1521 1547 1613 1571 castra
1634 1543 1753 1578 plurima

967 1590 994 1617 in
1006 1589 1158 1617 custodiam
1173 1589 1272 1616 tradita
1283 1593 1357 1621 sunt,
1369 1592 1396 1616 et
1415 1592 1492 1616 tanto
1507 1589 1636 1623 plurima,
1648 1592 1753 1623 quanto

967 1635 1012 1670 qui
1030 1635 1087 1661 viro
1102 1632 1251 1661 secundum
1268 1633 1352 1661 Deum
1373 1632 1496 1669 profecto
1510 1633 1688 1661 insidiantur.
1708 1632 1755 1660 Sic

967 1680 1059 1715 itaque
1080 1679 1208 1707 Elisaaum
1235 1679 1395 1714 prophetam
1423 1678 1583 1706 muniebant
1608 1679 1755 1706 satellitum

967 1726 1123 1761 angelorum
1153 1730 1250 1753 turma
1287 1725 1468 1758 Quamobrem
1502 1725 1659 1752 nocumenti
1684 1725 1754 1752 nihil

967 1779 1100 1807 passurus
1114 1780 1175 1800 esse
1187 1771 1287 1799 dicitur
1301 1772 1348 1807 qui
1364 1772 1392 1799 in
1411 1772 1517 1806 psalmo
1532 1771 1734 1806 praenuntiatur
1746 1780 1753 1804 ;

967 1822 1054 1849 neque
1071 1814 1205 1850 ﬂagellum
1221 1815 1329 1849 corpori
1345 1815 1512 1842 tabernaculi
1535 1814 1595 1849 ejus
1619 1814 1755 1841 incutien-

967 1860 1030 1887 dum
1058 1860 1224 1895 prmdicitur.
1249 1860 1299 1887 Per
1314 1860 1447 1895 ﬂagellum
1472 1867 1537 1886 vero
1563 1868 1617 1887 non
1646 1860 1755 1894 vulgare

967 1906 1032 1933 illud
1049 1906 1241 1941 intelligimus;
1259 1913 1322 1932 nam
1338 1912 1369 1932 eo
1384 1905 1447 1932 caesi
1461 1909 1525 1932 sunt
1540 1904 1754 1932 innumerabiles

967 1953 1054 1980 sancti
1072 1952 1118 1979 Dei
1136 1955 1279 1986 martyres,
1296 1954 1378 1985 atque
1398 1951 1487 1986 ipsum
1510 1958 1672 1986 corporeum
1688 1950 1753 1978 Ser-

967 1999 1067 2025 vatoris
1092 1996 1179 2024 nostri
1198 1996 1401 2023 tabernaculum
1426 1998 1453 2022 et
1473 2003 1537 2022 caro
1554 1996 1613 2030 ejus
1630 1999 1754 2031 tempore

966 2043 1102 2078 passionis
1117 2042 1230 2077 ﬂagellis
1244 2042 1380 2068 lancinata
1403 2045 1454 2073 est,
1471 2041 1620 2069 secundum
1637 2042 1754 2077 prophe-

967 2089 1031 2116 tiam
1044 2097 1104 2123 quze
1121 2088 1153 2115 de
1166 2089 1224 2123 ipso
1235 2088 1315 2119 fatur,
1330 2087 1447 2114 Darsum
1471 2096 1555 2114 meum
1567 2087 1627 2115 dedi
1642 2087 1676 2114 ad
1700 2089 1753 2123 [la-

966 2134 1059 2170 gellas,
1069 2139 1092 2161 et
1108 2143 1186 2169 genus
1201 2142 1271 2161 mea:
1285 2133 1319 2160 ad
1335 2134 1428 2168 alapas
1440 2133 1462 2149 ⁸⁷
1477 2142 1483 2160 :
1500 2133 1548 2160 sed
1560 2132 1694 2168 ﬂagellum
1710 2134 1754 2162 hic

967 2181 1071 2215 plagam
1082 2180 1231 2207 dmmonica
1247 2179 1273 2206 vi
1291 2179 1418 2207 inﬂictam
1429 2178 1585 2214 signiﬁcare
1600 2178 1752 2213 putandum

966 2229 1026 2257 est,
1053 2225 1141 2259 qualia
1163 2225 1222 2259 ipse
1249 2224 1376 2251 Sel-valor
1405 2225 1573 2259 impurorum
1599 2223 1752 2251 daemonum

967 2271 1124 2298 hominibus
1140 2271 1249 2298 incussa
1261 2270 1364 2305 ﬂagella
1376 2279 1487 2298 curasse
1499 2274 1638 2298 narratur.
1649 2269 1753 2304 Hujus-

969 2317 1041 2344 modi
1057 2317 1193 2352 ﬂagellum
1210 2317 1311 2343 dicitur
1323 2324 1377 2343 non
1393 2317 1673 2352 appropinquaturum
1694 2323 1754 2343 esse

969 2363 1146 2390 tabernaculo
1170 2363 1241 2397 ejus,
1257 2363 1303 2398 qui
1320 2363 1346 2389 in
1362 2363 1490 2390 vaticinio
1511 2362 1614 2396 fertur;
1641 2363 1705 2397 quia
1720 2363 1754 2390 ab

969 2409 1071 2444 angelis
1086 2408 1119 2435 ad
1137 2408 1288 2436 custodiam
1304 2407 1363 2442 ejus
1378 2408 1514 2442 deputatis
1532 2407 1694 2440 servabitur,
1706 2408 1752 2442 qui

968 2454 1048 2481 etiam
1063 2462 1124 2481 eum
1143 2454 1171 2481 in
1189 2454 1315 2481 manibus
1338 2454 1480 2480 sublimem
1505 2453 1673 2488 assumpturi
1692 2461 1753 2481 esse

971 2499 1108 2531 dicuntur,
1125 2503 1154 2525 ut
1173 2507 1207 2526 ne
1234 2506 1281 2533 pes
1296 2499 1356 2533 ejus
1369 2499 1403 2525 ad
1418 2498 1533 2533 lapidem
1549 2498 1677 2525 oﬂ'endat.
1698 2498 1752 2526 Ta-

970 2546 1147 2573 bernaculum
1163 2554 1244 2580 porro
1268 2545 1327 2580 ejus
1346 2545 1435 2580 aliqua
1459 2545 1564 2572 ratione
1589 2545 1665 2574 dicas
1693 2554 1753 2574 esse

971 2590 1119 2618 Ecclesiam
1134 2592 1231 2625 ipsius,
1248 2590 1396 2618 secundum
1413 2590 1489 2622 illud.
1510 2590 1598 2618 Donec
1622 2592 1752 2619 inveniam

972 2636 1056 2663 locum
1071 2636 1183 2663 Domino
1195 2657 1202 2669 ,
1223 2636 1421 2663 tabernaculum
1437 2636 1492 2663 Deo
1511 2635 1594 2663 Iacob
1609 2636 1647 2670 '3;
1671 2636 1711 2664 sic
1726 2641 1753 2666 ei;

971 2684 1032 2710 illas
1048 2691 1095 2718 per
1110 2683 1202 2710 orbem
1230 2683 1361 2710 ecclesias
1380 2683 1494 2717 plurima
1506 2683 1680 2710 tabernacula
1691 2691 1752 2711 esse

971 2730 1046 2757 novit
1062 2729 1107 2764 qui
1121 2729 1199 2761 dixit,
1214 2729 1299 2761 Quam
1313 2729 1409 2755 dilecta
1424 2729 1595 2756 tabernacula
1615 2735 1674 2761 tua,
1697 2729 1751 2756 Do-

971 2776 1039 2802 mine
1051 2775 1178 2802 uirtutum
1194 2774 1233 2801 “9!
1258 2774 1318 2802 Alio
1332 2778 1421 2802 autem
1439 2775 1529 2809 modo,
1547 2782 1708 2810 corporeum
1722 2775 1753 2803 il-

1261 2854 1282 2870 ⁸⁷
1302 2853 1353 2882 isa.
1370 2862 1396 2888 ι,
1408 2854 1434 2882 6.
1483 2854 1504 2871 ⁸⁸
1524 2853 1595 2882 Psal.
1615 2860 1706 2886 exul,
1724 2853 1749 2879 5.
