2032 3215
299 148 370 178 “59

630 141 1023 184 EUSEBILCESARIENSIS
1039 143 1117 178 ore.
1138 149 1228 178 rans
1243 148 1289 180 ιιι.
1305 167 1339 172 -
1359 146 1562 183 EXEGETICA.

1847 161 1906 186 “(uti

297 209 344 237 lud
360 210 582 240 instrumentum,
598 209 625 236 in
641 217 696 244 quo
723 210 856 237 habitavit
884 209 931 238 Dei
943 210 1062 238 Verbum

1134 212 1182 249 χοῦ
1203 212 1255 248 γῆς
1271 213 1420 249 είρημένας
1437 215 1584 250 ἐκκλησίας
1595 212 1664 242 οῐδεν
1679 217 1694 243 ὁ
1711 217 1800 252 φήσας
1821 217 1906 252 λόγος’

296 254 399 281 dixeris
410 253 614 281 tabernaculum
630 254 690 289 ejus
704 262 775 282 esse.

1141 258 1189 291 Ὧς
1200 259 1337 293 ἀγαπητὰ
1348 259 1384 286 τὰ
1400 260 1581 294 σκηνώματά
1594 268 1663 291 σου,
1679 263 1768 295 Κύριε
1785 262 1844 289 τῶν
1862 264 1907 290 δυ-

296 298 430 346 νάμεων-ί
440 299 507 326 Καθ’
521 299 614 335 ἕτερον
626 299 654 325 δὲ
670 300 770 335 τρόπον
784 300 815 327 τὸ
834 301 990 336 σωματικὸν
1004 302 1128 337 δργανον,
1155 305 1185 331 ὲν
1207 302 1230 339 ᾧ
1259 307 1464 342 κατεσκήνωσεν
1489 307 1504 332 ὁ
1527 307 1573 334 τοῦ
1591 307 1658 334 Θεοῦ
1688 309 1782 343 Λόγος,
1810 309 1906 346 λεχθείη

297 345 330 372 ἂν
343 345 426 372 αὐτοῦ
445 347 587 382 σκήνωμα.

331 392 364 420 Et
378 384 501 428 quidem.
511 393 647 428 praecipua
671 399 697 421 et
714 394 816 429 majora
836 398 911 429 gesta
927 394 1017 429 illius,
1035 396 1081 432 qui

295 435 322 463 in
338 436 479 472 prophetia
491 436 656 468 enuntiatur,
672 444 755 472 opera
775 438 972 472 praestantioris
986 440 1081 474 cujus-

294 483 366 517 piam
383 483 547 516 edebantur;
564 490 626 509 nam
641 483 664 510 is
679 483 724 517 qui
746 483 896 510 secundum
921 491 1031 511 carnem
1046 493 1079 512 ex

294 528 398 556 semine
413 528 522 555 Davidis
536 535 597 556 esse
611 535 625 554 a
646 528 724 556 nobis
740 529 909 564 intelligitur,
922 537 984 556 cum
1001 530 1078 558 sede-v

293 578 335 601 ret
350 574 378 601 in
390 573 525 608 adjutorio
538 573 681 605 Altissimi,
696 578 724 601 et
754 582 816 601 cum
831 575 1002 603 Altissimum
1030 583 1078 612 po-

293 619 393 646 suisset
407 618 540 655 refugium
559 626 649 651 suum,
664 616 726 653 jure
743 619 778 646 ab
794 619 933 648 Altissimo
948 621 1077 649 servaba-

293 667 346 691 tur.
357 663 537 697 Quamobrem
546 664 652 691 diccbat
667 664 716 696 illi,
725 664 867 699 Susceptor
880 674 952 693 meus
966 674 994 694 es
1009 671 1038 694 tu
1051 672 1077 694 et

292 709 422 744 refugium
436 717 531 741 meum,
547 708 614 736 Deus
630 716 713 740 meus,
727 714 752 736 et
764 710 874 744 sperabo
890 711 917 737 in
930 719 999 740 eum.
1017 712 1076 748 Ipse

291 763 409 790 namque
422 755 534 783 eruebat
550 763 612 782 cum
629 755 662 782 de
678 755 774 790 laqueo
791 757 967 789 venantium,
994 761 1022 785 et
1047 758 1075 786 in

291 802 410 836 scapulis
427 802 484 830 suis
495 801 672 829 obumbrabat
703 802 759 834 illi;
775 803 841 837 quin
857 803 937 830 etiam
955 804 1075 832 circu‘m-

290 845 372 873 dabat
388 845 464 873 illum
476 845 599 873 veritatis
627 848 706 873 scuto
730 846 870 881 obtegens.
901 847 934 874 Et
963 848 1020 875 haec
1037 847 1074 875 illi

1137 435 1139 439 π
1167 398 1208 425 Τά
1221 398 1271 433 μὲν
1286 398 1537 435 κεφαλαιωδέστερα
1555 399 1602 425 καὶ
1622 399 1731 435 μείζονα
1749 401 1804 428 τῶν
1816 411 1906 438 κατορ-

1131 441 1264 477 θωμάτων
1273 442 1320 468 τοῦ
1331 441 1375 468 διὰ
1385 442 1435 477 τῆς
1446 444 1611 479 προφητείας
1624 443 1702 479 δηλου
1706 445 1786 481 μένου
1798 446 1840 473 διὰ
1850 456 1906 474 συν-

1132 488 1240 524 εργείας
1254 488 1301 515 τοῦ
1317 489 1438 524 μείζονος
1450 489 1632 525 κατωρθοῦτο.
1647 491 1809 527 Καθήμενος
1821 493 1872 529 γὰρ
1881 495 1907 521 ἐν

1132 533 1242 570 βοηθείᾳ
1258 534 1306 561 τοῦ
1324 535 1451 570 Ὑψίστου
1467 536 1481 562 ὁ
1499 535 1569 562 κατὰ
1583 536 1672 573 σάρκα
1688 537 1831 574 νοούμενος
1848 541 1907 576 ἡμῖν

1129 581 1144 606 ὀ
1169 580 1202 607 ἐκ
1229 581 1386 616 σπέρματος
1414 581 1494 608 Δαυῖδ
1521 582 1657 617 γεγονὼς,
1674 584 1688 610 ὸ
1713 584 1795 617 αὐτὸς
1816 586 1843 612 δὲ
1867 587 1907 613 τὸν

1130 626 1262 661 ’Υψιστον
1279 627 1391 662 θέμενος
1420 628 1503 655 αὑτοῦ
1529 629 1708 665 καταφυγὴν,
1729 631 1841 662 εἰκότως
1859 632 1907 658 ὑπὸ

1128 672 1175 698 τοῦ
1204 668 1331 707 Ὑψίστου
1357 673 1535 707 ἐφυλάττετο·
1563 673 1602 700 διὸ
1626 675 1673 700 καὶ
1696 674 1770 710 αὐτῷ
1800 675 1904 709 ἔλεγεν·

1135 715 1330 750 Ἀντιλήπτωρ
1353 725 1412 751 μου
1430 715 1460 743 εἷ
1477 717 1526 743 καὶ
1540 717 1695 752 καταφυγή
1709 727 1780 752 μου,
1803 719 1820 744 ό
1840 718 1906 751 Θεός

1125 770 1205 797 μου,
1232 762 1282 789 καὶ
1309 761 1402 788 ἐλπιῶ
1428 762 1474 788 ἐπ’
1503 763 1605 789 αὐτόν.
1635 762 1721 794 Αὐτὸς
1746 764 1801 799 γὰρ
1831 763 1906 789 αὑτὸν

1128 808 1239 845 ὲρῤύετο
1254 809 1286 835 ὲκ
1313 808 1424 843 παγίδος
1455 808 1609 844 θηρευτῶν,
1624 808 1671 835 καὶ
1697 808 1726 835 ὲν
1749 809 1805 840 τοῖς
1829 816 1906 843 μετα-

1128 854 1237 891 φρένοις
1250 854 1332 881 αὑτοῦ
1346 855 1508 887 ἐπεσκίαζεν
1526 855 1623 882 αὐτόν’
1645 855 1713 882 ἀλλὰ
1731 855 1778 882 καὶ
1795 855 1904 882 ἑκύκλου

290 892 380 920 omnia
395 891 552 919 Altissimus
562 892 717 927 praestabat,
732 896 763 918 ut
779 899 813 919 ne
835 892 991 920 turbaretur
1009 901 1023 920 a
1039 894 1069 920 ti-

1125 901 1205 928 αὑτὸν
1219 900 1390 936 περιϐάλλων
1405 900 1534 937 ἀληθείας
1549 901 1632 937 ὅπλῳ.
1648 902 1702 929 Καὶ
1717 901 1804 928 ταῦτα
1820 902 1905 928 πάντα

290 945 365 965 more
380 941 524 969 nocturno,
541 937 583 964 vel
600 945 616 964 a
637 937 735 972 sagitta
749 938 856 965 volante
879 938 906 965 in
922 938 977 970 die,
998 943 1044 966 aut
1058 946 1072 966 a

289 983 397 1018 negotio
415 981 621 1017 perambulante
636 981 663 1008 in
679 981 798 1009 tenebris
815 1001 822 1013 ,
848 986 895 1008 aut
921 990 935 1009 a
951 983 1030 1009 ruina
1048 986 1075 1010 et

288 1027 422 1055 daemonio
438 1027 599 1054 meridiano.
617 1026 656 1053 Ad
676 1026 732 1053 haec
748 1034 813 1054 vero
836 1027 994 1055 Altissimus
1021 1035 1072 1054 au-

288 1073 397 1100 xiliatus
411 1072 435 1099 ei
449 1072 482 1099 de
495 1079 549 1106 quo
568 1071 657 1106 agitur
670 1078 765 1098 omnes
789 1071 961 1098 inimicorum
981 1076 1008 1099 et
1027 1071 1074 1098 ho-

288 1117 371 1145 stiun
389 1116 449 1150 ejus
469 1116 583 1143 virtutes
605 1115 639 1142 de
665 1115 754 1142 medio
780 1115 890 1142 tollebat
916 1119 943 1143 et
958 1115 1072 1150 pedibus

287 1162 348 1197 ejus
359 1161 532 1196 subjicicbat.
551 1160 640 1194 Quare
657 1160 759 1188 dictum
774 1164 827 1191 est,
842 1160 943 1188 Cadent
955 1169 971 1188 a
991 1161 1073 1188 latere

288 1214 333 1235 tuo
351 1208 433 1240 mille,
445 1213 469 1234 et
488 1207 574 1234 decem
589 1205 675 1234 millia
693 1215 709 1233 α
733 1206 834 1234 dextris
846 1207 910 1240 tuin,
927 1207 961 1234 ad
982 1212 1005 1235 te
1024 1216 1072 1235 au-

287 1258 338 1282 tem
356 1260 407 1281 non
419 1252 648 1288 appropinquabz't.
665 1252 761 1288 Magna
779 1253 881 1288 itaque,
895 1257 925 1280 ut
946 1254 1003 1281 dixi
1017 1274 1024 1286 ,
1044 1258 1071 1282 et

286 1298 405 1335 perfecta
419 1307 502 1334 opera
516 1298 673 1326 Altissimus
688 1298 757 1333 ipse,
773 1303 922 1326 memorato
933 1299 992 1327 viro
1009 1299 1070 1336 opi-

286 1346 394 1379 tulans,
415 1345 529 1378 edebat;
549 1345 655 1372 minora
671 1349 771 1377 autem,
787 1348 817 1372 ut
832 1345 894 1380 quis
905 1345 1005 1374 dixerit
1015 1365 1023 1379 ,
1043 1349 1070 1374 et

286 1391 388 1418 leviora
403 1397 597 1425 corporeaquc,
617 1389 721 1425 angelis
736 1390 908 1425 procuranda
924 1391 1069 1419 demanda-

284 1438 340 1466 bat.
353 1437 415 1465 Haec
426 1444 507 1472 porro
518 1440 596 1464 erant
608 1444 669 1472 quae
678 1436 712 1463 ad
727 1437 944 1471 tabernaculum,
959 1437 1017 1466 sive
1032 1438 1068 1466 ad

284 1491 446 1520 corporeum
461 1484 674 1511 instrumentum
697 1486 778 1518 atque
794 1483 828 1510 ad
850 1483 936 1518 ipsam
958 1491 1068 1512 carnem

283 1528 470 1564 pertinebant;
485 1531 513 1555 et
532 1528 599 1558 haec.
615 1531 709 1563 utpote
724 1535 784 1563 qum
798 1527 915 1560 modica,
927 1531 1008 1563 atque
1021 1535 1066 1556 su-

1125 947 1255 982 παρεῖχεν
1270 945 1345 982 αὑτῷ
1357 945 1501 980 ⁶¹Υψιστος,
1519 947 1592 978 ὅπως
1614 946 1651 982 μὴ
1668 946 1835 982 ταράττηται
1853 947 1904 974 an?)

1124 992 1206 1027 φόϐου
1221 999 1390 1028 νυκτερινου,
1407 992 1475 1027 μήτε
1493 992 1546 1018 ἀπὸ
1563 991 1656 1026 βέλους
1674 991 1824 1026 πετομένου
1837 992 1903 1026 ἡμέ-

1125 1043 1184 1070 ρας,
1203 1035 1270 1070 μηδὲ
1281 1034 1336 1061 ἀπὸ
1347 1035 1510 1070 πράγματος
1521 1036 1551 1062 ὲν
1568 1035 1658 1062 σκότει
1669 1035 1902 1071 διαπορευομένου,

1125 1079 1192 1115 μηδὲ
1202 1076 1256 1106 ἀπὸ
1273 1079 1475 1115 συμπτώματος
1493 1080 1540 1107 καὶ
1557 1080 1693 1116 δαιμονίου
1708 1081 1902 1116 μεσημῲινοῦ.

1125 1125 1184 1150 Ἔτι
1200 1124 1228 1151 δὲ
1241 1124 1309 1160 πρὸς
1324 1125 1428 1157 τούτοις
1444 1126 1525 1157 αὐτὸς
1540 1127 1555 1153 ὁ
1569 1126 1700 1161 ’Ύψιστος
1716 1126 1854 1161 συνεργῶν
1867 1126 1904 1161 τῷ

1122 1170 1186 1205 περὶ
1201 1167 1231 1197 οὗ
1244 1171 1258 1197 ὁ
1274 1170 1362 1205 λόγος,
1382 1171 1472 1204 πάσας
1486 1172 1535 1203 τὰς
1553 1171 1607 1198 τῶν
1629 1171 1734 1207 ἐχθρῶν
1759 1172 1842 1198 αὐτοῦ
1859 1172 1904 1198 καὶ

1121 1216 1258 1251 πολεμίων
1282 1216 1413 1252 δυνάμεις
1434 1217 1548 1254 καθῄρει
1569 1218 1617 1244 καὶ
1643 1217 1695 1244 ὑπὸ
1716 1217 1801 1250 πόδας
1823 1218 1904 1245 αὑτοῦ

1121 1261 1280 1289 κατέῦαλλε.
1294 1263 1339 1289 Διὸ
1355 1262 1477 1297 ἐλέγετο’
1501 1264 1639 1290 Πεσεῒται
1658 1264 1692 1290 ἐκ
1708 1263 1762 1290 τοῦ
1781 1264 1904 1296 κλῐτους

1120 1315 1178 1334 σου
1199 1307 1297 1342 χιλιὰς
1312 1308 1361 1335 καὶ
1386 1308 1496 1343 μυριὰς
1511 1308 1545 1335 ἐκ
1559 1308 1666 1341 δεξιῶν
1683 1317 1757 1342 σου,
1774 1309 1849 1343 πρὸς
1867 1309 1905 1336 σὲ

1120 1352 1154 1379 δὲ
1167 1354 1221 1380 οὐκ
1233 1353 1333 1388 ἐγγιεῖ.
1355 1354 1396 1381 Τὰ
1422 1354 1471 1390 μὲν
1483 1352 1544 1387 οὖν,
1560 1354 1598 1386 ὡς
1620 1354 1705 1389 ἔφην,
1731 1354 1838 1390 μεγάλα
1859 1355 1904 1381 καὶ

1119 1399 1213 1434 ἐντελῆ
1229 1400 1426 1436 κατορθώματα
1436 1401 1451 1427 ό
1465 1401 1595 1435 Ὕψιστος
1613 1401 1703 1432 αὐτὸς
1712 1400 1850 1436 συνεργῶν
1864 1399 1904 1436 τῷ

1118 1445 1273 1482 δηλουμένῳ
1299 1446 1430 1480 ὲξετέλει·
1443 1446 1479 1474 τὰ
1493 1447 1531 1480 δὲ,
1549 1447 1587 1479 ὡς
1610 1447 1643 1474 ἂν
1660 1447 1730 1473 εἴποι
1743 1455 1796 1480 τις,
1819 1446 1905 1473 limi

1118 1492 1166 1518 καὶ
1200 1485 1415 1528 σωματικιίηερα
1440 1492 1566 1527 ἀγγέλοις
1602 1492 1783 1521 διακονεῖσθαι
1819 1502 1904 1529 προσ-

1118 1536 1222 1563 έταττε.
1244 1536 1335 1563 Ταῦτα
1350 1537 1378 1563 δὲ
1400 1534 1435 1572 ἦν
1452 1536 1487 1564 τὰ
1511 1537 1575 1573 περὶ
1596 1538 1626 1564 τὸ
1652 1539 1783 1574 σκήνωμα
1808 1538 1902 1570 αὑτοῦ,

283 1578 376 1613 perius
390 1577 547 1604 memoratis
569 1576 685 1607 collata,
711 1576 774 1603 vilia
796 1582 905 1607 essent,
933 1576 1068 1604 ministris

1120 1581 1218 1617 δηλαδὴ
1233 1582 1264 1608 τὺ
1280 1571 1433 1618 σωματικδν
1451 1571 1579 1619 δργανον,
1596 1583 1644 1609 καὶ
1668 1571 1703 1610 τά
1729 1571 1794 1619 περὶ
1818 1584 1905 1619 αὐτὴν

283 1624 387 1660 angelis
401 1623 435 1650 ad
450 1622 604 1650 custodiam
615 1623 859 1657 concredebantur,
877 1630 911 1651 ne
931 1622 996 1658 quid
1019 1631 1068 1650 no-

282 1672 403 1700 cumcnti
433 1671 541 1706 corpori
564 1672 625 1706 ejus
647 1671 794 1699 inferretur
809 1691 816 1704 ,
844 1679 911 1700 neve
932 1671 1067 1708 ﬂagellum

282 1717 439 1752 quodpiam,
450 1724 504 1743 non
516 1716 579 1752 ipsi,
589 1716 637 1744 sed
651 1716 825 1745 tabernaculo
848 1716 908 1752 ejus
919 1716 1068 1745 .incutere.

281 1766 328 1790 tur
345 1771 352 1790 :
367 1770 430 1789 nam
447 1762 499 1797 ipsi
526 1769 615 1797 neque
642 1761 726 1789 millia
739 1782 746 1795 ,
763 1770 852 1798 neque
872 1762 966 1791 decem
982 1763 1066 1790 millia

281 1811 462 1847 malimartln
495 1812 626 1839 virtutum
663 1812 883 1847 appropinquare
919 1811 1064 1839 audebant.

280 1858 364 1886 Carni
380 1865 444 1885 vero
455 1863 480 1885 ct
494 1857 602 1892 corpori
612 1857 682 1891 ejus,
699 1857 745 1892 qui
768 1857 795 1884 in
812 1857 954 1893 prophetia
968 1857 1065 1889 fertur,

280 1904 369 1940 angeli
385 1904 577 1931 ministrabant
595 1903 636 1930 vel
652 1902 680 1930 in
702 1902 822 1931 minimis
846 1907 874 1930 et
898 1903 1041 1931 vilissimis
1057 1913 1062 1931 :

279 1949 352 1985 quod
364 1957 429 1977 sane
439 1949 482 1976 bis
497 1948 652 1976 declaratur
663 1968 671 1981 ,
698 1947 739 1975 Ne
760 1948 878 1983 offendas
893 1948 927 1976 ad
951 1948 1066 1984 lapidem

278 1996 369 2031 pedem
387 2000 470 2022 tuum.
488 1995 536 2023 llis
550 1995 650 2030 quippe
669 1994 785 2022 indicari
801 1994 920 2022 arbitror
937 2014 945 2027 ,
970 1995 1010 2022 vel
1037 1995 1066 2023 in

279 2041 400 2069 minimis
423 2045 449 2069 et
465 2041 540 2076 parvi
552 2040 680 2068 momenti
695 2041 777 2068 rebus
791 2048 851 2075 qua:
868 2040 976 2075 corpori
992 2041 1064 2068 acci-

279 2086 344 2114 dere
360 2086 493 2119 solebam,
511 2087 620 2121 angelos
651 2085 704 2120 ipsi
723 2085 904 2113 ministrasse.
926 2084 956 2112 ln
974 2084 1066 2113 Evan-

278 2133 357 2169 geliis
372 2140 453 2168 porro
479 2132 532 2158 hoc
549 2131 582 2159 de
598 2130 738 2158 Salvatore
754 2131 940 2158 testimonium
966 2130 1064 2166 depre-

278 2179 401 2212 hendas;
418 2178 525 2205 Marcus
540 2177 612 2205 enim
633 2177 745 2211 scripsit
760 2181 882 2212 tempore
903 2177 1063 2205 tentationis

278 2223 447 2253 Salvatorem
474 2230 536 2250 cum
565 2221 629 2250 teris
658 2221 754 2254 fuisse,
771 2226 798 2249 et
814 2222 924 2257 angelos
940 2222 964 2250 ei
983 2222 1064 2249 tnini-
1078 2239 1100 2267 Β

278 2276 383 2300 strasse
397 2270 436 2303 9°;
453 2268 595 2296 Mattheus
612 2274 677 2295 vero
692 2267 810 2302 itlipsum
827 2272 935 2302 tempus
957 2267 1062 2303 signina

277 2325 344 2345 cans
357 2316 395 2343 ait
409 2325 416 2343 :
434 2315 506 2342 Tunc
516 2313 625 2340 dimittit
643 2321 701 2340 eum
716 2312 854 2344 diabolus,
867 2317 892 2339 et
905 2321 961 2340 ecce
976 2313 1062 2348 angeli

278 2365 442 2389 accesserunt
456 2365 481 2388 et
495 2358 682 2386 ministrabant
697 2358 721 2385 ei
733 2359 767 2384 “.
784 2357 854 2385 Sane
876 2357 949 2393 quod
974 2357 1062 2393 angeli

279 2408 331 2443 ipsi
348 2406 581 2443 ministraverint,
607 2405 780 2440 evangelista;
804 2404 960 2436 declarant;
990 2403 1060 2439 quod

277 2457 367 2480 autem
385 2452 529 2481 ministerii
539 2459 623 2488 genus
650 2451 702 2486 ipsi
727 2449 910 2488 praestiterint,
928 2457 982 2477 non
1007 2457 1062 2477 me-

277 2502 418 2526 morarunt
435 2499 491 2526 illi:
509 2498 556 2525 sed
579 2497 607 2525 id
634 2504 754 2532 praesens
781 2495 922 2531 prophetia
951 2495 1058 2528 docuit,

277 2545 402 2573 videlicet
417 2545 490 2573 circa
504 2551 634 2580 corporea
650 2549 678 2572 et
692 2544 803 2570 minima
822 2550 917 2570 eorum
937 2543 1061 2570 ministe-

277 2593 347 2619 rium
362 2591 457 2618 l'uisse.
478 2591 546 2619 Nam
563 2591 623 2625 ejus
639 2591 844 2619 tabernaculum
858 2590 1060 2622 custodiebant,

277 2645 312 2665 ne
324 2637 458 2672 ﬂagellum
482 2637 534 2672 ipsi
557 2636 803 2672 appropinquaret;
823 2635 884 2670 ejus
906 2639 995 2663 autem
1011 2643 1058 2670 pc-

277 2683 324 2711 des
338 2683 505 2715 tutabantur,
518 2687 547 2709 ut
559 2691 593 2710 ne
606 2683 648 2710 vel
660 2682 687 2709 in
702 2681 814 2709 minimo
826 2688 858 2708 ac
866 2681 1004 2709 levissimo
1017 2681 1060 2708 ot-

279 2730 405 2757 l'enderen
410 2734 429 2756 ι.

1117 1627 1169 1662 τὴν
1196 1627 1302 1662 σάρκα,
1320 1627 1338 1654 ἂ
1365 1628 1397 1664 δὴ
1420 1628 1458 1660 ὡς
1482 1629 1585 1664 σμικρά
1610 1629 1658 1656 καὶ
1673 1628 1824 1664 παραθέσει
1848 1629 1904 1656 τῶν

1117 1672 1270 1708 ἔμπροσθεν
1305 1673 1556 1709 κατωνομασμένων
1594 1674 1689 1710 εὐτελῆ
1703 1694 1710 1706 ,
1752 1674 1904 1710 ὑπηρέταις

1117 1719 1242 1753 ἀγγέλοις
1255 1719 1412 1754 παρεδίδοτο
1430 1720 1470 1751 είς
1495 1719 1525 1746 τὺ
1542 1719 1695 1753 φυλάττειν,
1712 1721 1749 1755 μή
1772 1729 1800 1747 τι
1820 1729 1904 1747 κακο-

1118 1763 1193 1790 ποιὸν
1213 1764 1321 1790 ἐπέλθοι
1346 1763 1385 1800 τῷ
1403 1763 1508 1800 σώματι
1532 1765 1630 1799 αὐτοῦ,
1654 1766 1720 1801 μηδέ
1743 1774 1786 1798 τις
1803 1766 1904 1802 μάστιξ

1116 1809 1305 1846 ὲγχρίμψειεν,
1323 1810 1373 1836 οὐκ
1385 1809 1469 1845 αὐτῷ,
1486 1810 1554 1837 ἀλλὰ
1575 1810 1615 1846 τῷ
1632 1810 1790 1847 σκηνώματι
1803 1811 1902 1838 αὑτοῦ·

1116 1855 1190 1891 αὐτῷ
1207 1857 1261 1891 γὰρ
1275 1855 1337 1883 οὕτε
1363 1856 1496 1892 χιλιάδες,
1520 1856 1582 1883 οὔτε
1601 1857 1729 1894 μυριάδες
1759 1857 1905 1892 δυνάμεων

1116 1901 1242 1936 πονηρῶν
1259 1901 1417 1937 πλησιάζειν
1423 1902 1739 1938 ὲτόλμων.Διηκονοῦντο
1749 1902 1778 1928 δὲ
1792 1903 1905 1937 ἄγγελοι

1115 1947 1148 1982 τῇ
1166 1948 1247 1982 σαρκὶ
1259 1947 1306 1973 τοῦ
1328 1948 1565 1984 προφητευομένου
1585 1948 1632 1975 xal.
1653 1947 1692 1983 τῷ
1712 1948 1837 1983 σώματι,
1855 1948 1906 1975 καὶ

1114 1991 1198 2027 μέχρι
1217 1991 1264 2018 τοῦ
1286 1992 1466 2027 σμικροτάτου
1488 1993 1534 2019 καὶ
1548 1991 1755 2019 εὑτελεστάτου·
1772 1992 1787 2018 ὃ
1805 1992 1839 2028 δὴ
1854 1993 1905 2019 καὶ

1115 2038 1278 2074 παρίστησιν
1292 2039 1306 2064 ό
1322 2038 1399 2072 λόγος
1414 2038 1524 2072 φάσκων
1533 2046 1540 2053 ·
1554 2039 1649 2072 Ὅπως
1659 2038 1702 2074 μὴ
1718 2040 1906 2073 προσκόψῃς

1115 2083 1190 2117 πρὸς
1216 2084 1303 2111 λίθον
1316 2083 1369 2110 τὸν
1389 2083 1468 2111 πόδα
1485 2092 1552 2111 σου.
1582 2084 1730 2120 Σημαίνειν
1752 2085 1808 2120 γὰρ
1825 2083 1905 2120 οἶμαι

1113 2128 1157 2155 διὰ
1170 2129 1264 2155 τούτου
1277 2129 1306 2156 τὸ
1318 2129 1365 2156 καὶ
1380 2129 1460 2164 μέχρι
1473 2129 1520 2156 τοῦ
1533 2129 1658 2165 τυχόντος
1669 2130 1716 2157 καὶ
1728 2129 1905 2166 βραχυτάτου

1113 2174 1274 2210 συμόαίνειν
1291 2175 1385 2207 εἰωθὸς
1401 2175 1464 2210 περὶ
1483 2174 1530 2201 τοῦ
1546 2175 1670 2210 σώματος
1688 2176 1822 2210 ἀγγέλους
1842 2176 1904 2203 δια-

1114 2221 1251 2247 κονεῖσθαι
1272 2220 1356 2256 αὐτῷ.
1378 2221 1469 2256 Ἔχεις
1492 2220 1520 2248 δὲ
1543 2221 1590 2248 καὶ
1611 2222 1640 2248 ἐν
1655 2222 1831 2256 Εὐαγγελίοις
1856 2223 1906 2249 ἐπὶ

1113 2267 1159 2294 τοῦ
1175 2268 1300 2304 Σωτῆρος
1321 2267 1403 2295 αὑτοῦ
1423 2266 1523 2303 ταύτην
1541 2267 1590 2303 τὴν
1615 2269 1776 2304 μαρτυρίαν.
1799 2269 1829 2295 '0
1852 2269 1906 2304 μὲν

1113 2314 1168 2350 γὰρ
1184 2314 1296 2350 Μάρκος
1318 2313 1455 2350 ἀνέγραψε
1479 2314 1549 2341 κατὰ
1563 2314 1609 2341 τόν
1628 2315 1723 2350 καιρὸν
1738 2315 1787 2341 τοῦ
1803 2323 1906 2350 πειρα-

1114 2360 1183 2394 σμοῦ
1200 2359 1247 2386 τοῦ
1264 2360 1398 2396 Σωτῆρος,
1413 2359 1451 2392 ὡς
1461 2361 1513 2397 ἄρα
1523 2358 1557 2396 ἦν
1572 2360 1703 2396 μετὰτῶν
1715 2361 1830 2396 θηρίων,
1853 2361 1905 2388 καὶ

1113 2405 1137 2431 οἱ
1158 2404 1268 2439 ἄγγελοι
1293 2405 1432 2441 διηκόνουν
1457 2405 1545 2440 αὐτῷ·
1565 2407 1579 2433 ὁ
1593 2405 1728 2437 Ματθαῑος
1755 2406 1840 2432 πάλιν
1856 2406 1905 2433 τὸν

1113 2447 1193 2478 αὺτδν
1207 2451 1300 2487 καιρὸν
1325 2451 1564 2487 έπισημηνάμενός
1576 2459 1658 2487 φησι·
1686 2452 1754 2478 Τότε
1770 2452 1905 2486 ἀφίησιν

1112 2497 1205 2523 αὑτὸν
1224 2498 1240 2524 ό
1255 2497 1407 2532 διάϐολος,
1433 2497 1483 2525 καὶ
1500 2497 1565 2524 ἰδοὺ
1587 2497 1706 2533 ἄγγελοι
1720 2497 1906 2531 προσῆλθον

1113 2544 1162 2571 καὶ
1177 2545 1339 2579 διηκόνουν
1354 2545 1443 2578 αὐτῷ.
1452 2545 1531 2572 Ἀλλὰ
1551 2545 1592 2572 ὅτι
1615 2544 1663 2580 μὲν
1677 2544 1702 2570 οἱ
1715 2543 1827 2578 ἄγγελοι
1841 2542 1905 2578 διη-

1112 2589 1205 2616 κόνουν
1216 2589 1300 2626 αὐτῷ,
1314 2590 1416 2623 ἔδειξαν
1429 2591 1454 2618 οί
1471 2590 1662 2625 εὐαγγελισταί
1672 2598 1678 2605 ·
1695 2589 1774 2620 ποίας
1790 2589 1820 2615 δὲ
1839 2588 1905 2614 δια-

1112 2635 1203 2667 κονίας
1217 2635 1291 2672 αὐτῷ
1307 2637 1445 2673 παρεῖχον,
1464 2633 1537 2664 οὗτοι
1554 2636 1603 2672 μὲν
1615 2636 1664 2662 οὐκ
1672 2633 1903 2670 ἐμνημόνευσαν*

1113 2682 1130 2716 ἡ
1145 2681 1173 2708 δὲ
1189 2683 1356 2719 προκειμένη
1381 2683 1533 2719 προφητεία
1550 2681 1682 2714 ἐδίδαξεν,
1699 2681 1739 2707 ὅτι
1763 2679 1814 2716 τὴν
1834 2678 1906 2714 περὶ

1111 2727 1146 2754 τὰ
1159 2728 1300 2764 σωματικὰ
1317 2730 1363 2756 καὶ
1379 2729 1482 2765 σμικρὰ
1495 2729 1641 2756 διακονίαν.
1664 2726 1828 2762 Ἐφύλαττον
1843 2724 1905 2759 γὰρ

279 2775 361 2803 αὐτοῦ
372 2775 402 2802 τὸ
415 2775 557 2810 σκήνωμα,
566 2774 639 2805 ὃπως
655 2774 693 2809 μὴ
710 2773 809 2809 μάστιξ
818 2773 892 2808 αὺτῷ
904 2772 1054 2808 πλησιάσῃ·
1075 2772 1223 2809 ἐφρούρουν
1239 2774 1266 2801 δὲ
1281 2774 1364 2802 αὑτοῦ
1378 2774 1425 2802 καὶ
1437 2775 1499 2807 τοὺς
1515 2774 1608 2806 πόδας,
1624 2773 1662 2806 ὡς
1675 2773 1708 2800 ἂν
1740 2772 1778 2807 μὴ
1811 2776 1906 2807 προο-

281 2823 389 2858 κόψειαν
405 2822 486 2858 μέχρι
500 2821 547 2848 τοῦ
562 2822 741 2857 σμικροτάτου
758 2821 804 2848 καὶ
819 2821 1019 2850 εὐτελεστάτου,

314 2882 337 2900 ’⁸
357 2883 440 2910 Marc.
459 2881 544 2912 1,15.
582 2882 603 2898 ⁹¹
627 2881 722 2910 Matth.
741 2889 766 2908 tv
781 2900 789 2912 ,
810 2881 852 2907 tl.
