2032 3215
132 179 196 204 “(il

689 178 942 205 (.OMMISN'IAIIIA
961 178 992 204 IN
1014 177 1185 206 PSALMOS.

1209 143 1259 174 ‘Io

1663 179 1746 219 ¹ηοξ

165 234 219 262 Καὶ
244 226 393 270 ταῦταμὲν
419 235 479 261 κατ’
496 233 580 269 αὐτὴν
606 233 654 269 τὴν
681 234 768 267 λέξιν·
795 234 862 269 πρὸς
885 234 913 260 δὲ

1000 233 1032 260 Et
1046 234 1102 260 hzec
1115 234 1389 268 quidem'secundum
1413 235 1512 262 nudam
1533 234 1674 262 lectionem
1693 245 1700 262 :
1720 241 1747 262 at

129 280 247 307 διάνοιαν
263 280 441 315 ἐπισκήνωμα
456 279 503 306 τοῦ
512 279 636 315 Σωτῆρος
651 279 753 314 ἡμῶνὴ
769 279 914 315 Ἐκκλησία

129 324 213 352 αὐτοῦ
235 324 425 352 ἀποδέδεικται
438 333 444 339 ·
473 324 541 351 ἀλλὰ
562 325 608 350 καὶ
624 324 703 359 σῶμα
723 322 806 350 αὑτοῦ
823 325 838 350 6
853 324 914 355 λαὸς

129 370 211 397 αὐτοῦ
224 369 294 396 κατὰ
306 369 351 397 τὸν
369 371 491 405 φήσαντα
503 369 675 396 Ἀττόστολον·
693 369 784 404 Ὑμεῖς
798 369 831 396 δέ
845 370 914 396 ἐστε

129 416 216 451 σῶμα
227 416 370 450 Χριστοῦ,
388 416 436 443 καὶ
451 416 528 450 μέλη
543 416 576 442 ἐκ
595 414 715 450 μέρους.
740 412 801 441 Εἶεν
816 414 849 441 ἂν
862 415 914 440 τῶν

131 459 221 494 μελῶν
237 460 261 486 οἱ
282 459 332 495 μὲν
346 459 487 495 ὀφθαλμοὶ,
498 459 544 486 τοῦ
562 459 680 494 Χριστοῦ
697 459 831 494 σώματος,
847 461 870 486 οἰ
886 460 914 486 δὲ

128 505 176 532 καὶ
183 501 253 536 ὦτοι,
268 506 293 531 οἱ
304 505 332 532 δὲ
347 505 394 531 καὶ
407 507 496 541 χεῖρες
507 513 514 520 ·
529 505 599 531 κατὰ
609 505 694 532 ταῦτα
706 506 795 532 τοίνυν
809 506 915 532 ἔσονται

127 549 210 577 αὑτοῦ
224 550 271 576 καὶ
285 550 364 582 πόδες
374 551 473 586 ἕτεροι⁷
489 551 554 587 περὶ
568 547 606 578 ὧν
618 551 742 587 εἴρηται·
762 552 915 586 Ὡςὼραῖοι

127 597 154 623 οι
171 597 263 629 πόδες
283 595 343 622 τῶν
357 596 625 632 εὐαγγελιζομένων
638 597 752 631 ἀγαθά]
765 598 871 624 Τούτων
883 598 914 633 δὴ

127 637 174 666 οὖν
187 639 241 666 τῶν
253 639 351 671 ποδῶν.
365 640 439 671 ὅπως
455 641 490 676 μή
503 649 543 672 τις
554 641 694 676 προσκάψῃ
709 642 775 677 πρὸς
787 641 859 668 λίθον
870 643 914 668 τὸν

127 685 208 718 πόδα,
226 685 293 721 μηδὲ
310 685 517 720 σκανδαλίζηται
535 687 562 712 ὲν
576 685 615 721 τῷ
639 686 741 722 δρόμῳ,
762 687 870 722 ὁμαλῶς
885 696 914 714 τε

127 731 176 758 καὶ
185 730 332 762 ἀκωλύτως
347 731 475 767 διατρέχῃ
489 731 538 767 τὴν
554 731 601 758 τοῦ
612 732 777 766 Εὐαγγελίου
793 733 914 768 πορείαν,

127 775 240 811 ἀγγελοι
271 776 449 804 καθέστανται
475 777 656 813 φρουροῦντες
679 777 725 804 τοῦ
752 778 915 814 δηλωθέντος

129 821 306 858 οκηνώματος
320 822 447 856 φύλακες.
458 823 542 849 Πάλιν
553 823 641 859 ἕτεροι
653 823 763 857 ἄγγελοι
777 825 801 850 οἱ
810 825 859 856 τὰς
871 825 916 850 ex-

129 867 244 903 πλησίας
259 868 306 894 τοῦ
326 868 443 904 Χριστοῦ
461 868 510 899 τὰς
523 869 680 904 ἁπανταχοῦ
697 869 747 904 γῆς
765 869 914 905 ἱδρυθείσας

128 900 456 948 πεττιστευμένοιίταῦτα
469 913 498 939 δὲ
512 914 548 949 μὴ
563 900 662 946 συνιείς
674 916 688 941 6
702 900 823 946 διάϐολος
832 924 839 930 ·
857 900 915 948 πῶς
932 900 951 929 Β

128 957 183 994 γὰρ
197 958 214 994 ἢ
229 958 309 985 πόθεν
324 958 397 993 αὐτῷ
409 958 456 985 τοῦ
471 958 541 985 θείου
554 959 711 995 Πνεύματος
727 961 844 987 συνιέναι
858 971 914 996 φω-

128 1005 176 1035 νάς
188 1012 196 1036 ;
210 1004 239 1030 ὲν
254 1003 293 1045 τῷ
309 1004 448 1040 πειράζειν
462 1005 508 1031 τὸν
529 1005 653 1041 Σωτῆρα,
665 1007 706 1038 εἰς
726 1006 756 1033 τὸ
771 1007 916 1043 πτερύγιον

129 1047 210 1082 αὑτὸν
224 1047 269 1074 τοῦ
281 1048 353 1084 ἱεροῦ
366 1048 521 1083 ἀναγαγὼν,
534 1046 593 1075 εἷπε
607 1049 674 1085 πρὸς
687 1051 766 1077 αὐτόν
776 1060 782 1066 '
798 1053 833 1078 El
852 1053 916 1084 Υἱὸς

127 1091 158 1121 ετ
169 1093 223 1120 τοῦ
238 1092 322 1126 Θεοῦ,
337 1094 414 1126 ,βάλε
430 1094 560 1121 σεαυτὸν
571 1094 658 1122 κάτω.
674 1097 839 1131 Γέγραπται
850 1099 914 1133 γὰρ,

129 1138 246 1172 ὄτιτοῒς
264 1140 402 1175 ἀγγέλοις
417 1140 511 1167 αὑτοῦ
526 1140 687 1168 ἐντελεῖται
703 1142 769 1176 περὶ
782 1144 850 1175 σοῦ,
868 1144 916 1171 καὶ

129 1183 179 1212 ἐπὶ
196 1184 303 1220 χειρῶν
319 1186 428 1219 ἀροῦσί
445 1193 491 1218 σε,
509 1185 625 1219 μήποτε
645 1188 824 1223 προσκόψῃς
843 1190 916 1223 πρὸς

128 1229 218 1256 λίθον
235 1229 288 1256 τὸν
307 1230 385 1257 πόδα
405 1238 472 1257 σου.
498 1232 613 1259 Συνιδὼν
634 1233 689 1269 γὰρ
712 1233 801 1268 ἔργοις
827 1234 916 1266 αὐτοῖς

128 1276 169 1308 εἰς
185 1275 231 1302 τὸν
248 1275 360 1311 Σωτῆρα
376 1277 595 1313 πεπληρωμένην
611 1279 660 1314 τὴν
681 1280 708 1306 ὲν
730 1281 785 1312 τοῖς
808 1289 917 1315 προκει-

131 1321 223 1357 μένοις
246 1321 423 1358 προφητείαν,
439 1322 509 1358 ὁρῶν
524 1332 552 1349 τε
569 1324 643 1357 ξένον
659 1325 755 1360 θέαμα
770 1327 798 1352 ὲν
816 1325 917 1361 ἀνθρώ-

129 1374 183 1394 που
200 1366 289 1402 φύσει,
307 1367 449 1399 ὠςῆτᾶσαν
469 1369 550 1395 αὑτοῦ
566 1370 615 1406 τὴν
639 1371 781 1406 στρατείαν
797 1371 916 1408 καθῃρῆι

131 1411 204 1445 σθαι,
217 1413 263 1439 καὶ
276 1413 367 1445 πάσας
381 1414 463 1440 αὐτοῦ
481 1415 636 1451 νενικῆσθαι
646 1417 695 1447 τὰς
712 1417 849 1451 δυνάμεις.
865 1417 917 1443 ὑπὸ

129 1457 178 1486 τοῦ
201 1459 375 1494 φαινομένου,
395 1460 517 1495 χιλιάδας
539 1470 568 1488 τε
588 1461 698 1498 ἀθρόας.
722 1463 768 1488 καὶ
786 1463 917 1498 μυριάδας

129 1503 324 1540 ἁπέμπροσθεν
337 1505 420 1532 αὐτοῦ
434 1506 593 1538 πιπτούσας,
608 1507 687 1533 αὐτόν
700 1515 729 1533 τε
745 1507 858 1543 ἀτρεμεὶ
871 1509 917 1534 καὶ

129 1550 357 1598 ἀπαρατιοοίστως
378 1551 421 1577 ἐπ’
440 1551 539 1578 ἀσπίδα
560 1552 607 1578 καὶ
635 1552 788 1587 βασιλίσκον
812 1553 917 1579 ὲπιϐαί-
931 1571 951 1598 C

129 1603 221 1626 νοντα,
235 1594 330 1622 λέοντά
342 1603 372 1621 τε
395 1596 441 1622 καὶ
461 1596 604 1631 δράκοντα,
622 1597 671 1629 τὰς
688 1598 849 1634 ἀρχοντικὰς
870 1599 917 1626 αὐ-

129 1639 177 1667 τοῦ
191 1640 328 1676 δυνάμεις,
341 1642 557 1675 καταπατοῦντα,
571 1643 615 1669 καὶ
626 1643 698 1669 τοῦτ’
712 1644 837 1679 ἐπείραζε
850 1644 918 1677 γνῶ-

130 1694 187 1718 ναι,
201 1687 236 1718 εί,
253 1686 348 1713 ἑαυτὸν
367 1687 421 1713 ἀπὸ
435 1687 480 1713 τοῦ
497 1687 642 1722 πτερυγίου
660 1687 794 1723 ῥίψαντος,
809 1687 917 1721 ἄγγελοι

130 1731 326 1768 προσελθόντες
341 1733 421 1759 αὐτὸν
439 1732 612 1767 βαστάσουσι,
628 1733 697 1768 Πρὸς
718 1733 818 1768 ταύτην
836 1733 917 1760 αὑτοῦ

129 1777 180 1813 τὴν
201 1776 327 1804 ὑπόνοιαν
342 1777 536 1813 διεψευσμένην
556 1777 637 1805 οὖσαν
653 1779 667 1804 6
689 1778 782 1814 Σωτὴρ
804 1779 919 1814 ἀπεκρί-

130 1830 211 1849 νατο·
228 1822 406 1857 Γέγραπται,
422 1823 519 1857 λέγων,
534 1825 594 1850 Οὐκ
611 1824 798 1858 ἐκπειράσεις
811 1825 919 1857 Κύριον

131 1867 186 1895 τὸν
198 1868 273 1895 Θεόν
288 1876 356 1895 σου.
370 1869 407 1895 Τὸ
422 1869 476 1904 γὰρ
495 1869 591 1895 ἑαυτὸν
603 1869 761 1905 κρημνίζειν
777 1870 823 1896 καὶ
837 1879 919 1896 κατα-

132 1913 241 1941 ϐάλλειν
256 1914 310 1941 ἀπὺ
331 1915 386 1942 τῶν
409 1915 593 1950 ὑψηλοτάτων,
612 1916 658 1942 καὶ
675 1915 753 1942 τοῦτο
776 1918 862 1943 ποιεῖν
877 1917 920 1943 ἴνα

133 1958 325 1994 γνῷ.πόιιερόν
347 1967 411 1986 ποτε
434 1959 560 1995 βοηθείας
579 1959 704 1992 τεύξεται
726 1960 775 1995 τῆς
800 1960 844 1987 διὰ
866 1961 920 1987 τῶν

131 2004 266 2038 ἀγγέλων,
281 2004 298 2040 ἢ
317 2005 364 2040 μὴ,
388 2005 562 2040 πειράζοντος
575 2003 609 2041 ἦν
623 2006 668 2032 τὸν
686 2005 751 2032 Θεόν
761 2014 767 2020 ·
784 2006 798 2032 6
814 2006 845 2041 δὴ
860 2015 920 2032 πει-

134 2049 228 2086 ράζειν
252 2050 376 2077 ὲὸούλετο
394 2052 408 2077 ὁ
424 2051 571 2087 πειράζων.
595 2052 700 2078 Οίκεῖον
719 2052 773 2086 γὰρ
799 2051 871 2087 αὑτῷ
887 2050 920 2087 ἦν

133 2097 291 2134 πειράζοντι
301 2098 346 2124 τὸν
365 2097 489 2132 Σωτῆρα,
505 2098 552 2124 καὶ
563 2097 608 2124 τὸν
623 2098 688 2124 Θεὸν
703 2097 840 2132 πειράζειν
859 2098 920 2123 τολ-

136 2144 198 2179 μᾷν.
222 2143 291 2170 Ἀλλ’
306 2144 355 2178 οὐχ
374 2144 389 2170 6
403 2144 498 2179 Σωτήρ
517 2152 549 2177 γε
572 2143 731 2178 ἐπείραζεν·
747 2141 776 2170 εὗ
794 2143 848 2179 γὰρ
864 2143 921 2178 ᾔδει

135 2189 184 2216 καὶ
204 2188 335 2215 πέπειστο
361 2189 425 2224 περὶ
444 2189 492 2223 τῆς
512 2189 558 2215 τοῦ
581 2186 686 2224 [ἰατρὸς
709 2189 848 2224 δυνάμεως
872 2189 920 2224 τῆς

966 278 1132 314 intelligendi
1154 286 1228 306 more
1254 278 1458 306 tabernaculum
1487 279 1640 307 Servatoris
1660 281 1746 307 nostri

966 323 1114 351 Ecclesium
1138 324 1198 358 ejus
1220 331 1282 351 esse
1306 329 1547 352 commonstratum
1566 330 1626 358 est;
1647 333 1748 361 corpus

965 377 1028 397 vero
1044 370 1114 404 ejus.
1131 369 1249 405 populus
1263 370 1324 405 ejus
1343 375 1396 401 est,
1413 371 1562 398 secundum
1575 371 1747 406 Apostolum.

964 414 1011 449 qui
1027 415 1064 441 ait
1080 424 1087 441 :
1102 414 1153 441 Vos
1171 420 1257 442 autem
1269 416 1331 442 estis
1346 423 1437 449 corpus
1458 415 1567 448 Christi,
1593 422 1617 443 et
1632 416 1750 443 menibra

964 467 997 486 ea:
1008 465 1083 492 parte
1097 460 1130 486 ".
1147 459 1186 487 Ex
1197 460 1328 488 membris
1341 465 1430 488 autem
1447 461 1492 487 alii
1507 461 1608 488 fuerint
1625 462 1749 497 corporis

965 506 1065 533 Christi
1078 507 1160 537 oculi,
1179 507 1223 533 alii
1238 513 1329 540 aures,
1349 507 1394 534 alii
1412 515 1526 539 manus;
1542 508 1592 535 hac
1604 516 1685 543 porro
1706 517 1749 536 ra-

964 552 1039 579 tione
1056 552 1100 579 alii
1120 550 1201 587 ped’es
1224 552 1285 587 ejus
1299 556 1389 584 erunt,
1404 553 1437 580 de
1453 553 1553 588 quibus
1569 554 1671 581 dictum
1685 560 1746 583 est:

966 598 1051 631 Quam
1074 599 1183 632 speciosi
1205 598 1282 632 pedes
1310 599 1545 634 euangelizantium
1564 600 1630 626 bona
1644 601 1684 627 "l
1711 601 1750 629 Ne

965 643 1026 677 quis
1042 651 1104 670 vero
1122 643 1253 670 horumce
1271 644 1368 678 pedum
1389 644 1423 671 ad
1451 645 1568 679 lapidem
1584 645 1749 679 offenderet,

965 696 1053 723 neque
1069 688 1096 715 in
1110 696 1192 715 cursu
1208 688 1385 723 impingeret,
1413 689 1459 717 sed
1486 690 1565 724 plana
1580 690 1624 717 via
1640 695 1666 717 et
1691 691 1751 718 sine

965 733 1041 759 obice
1056 733 1107 760 iter
1129 733 1313 767 evangelicum
1339 738 1505 768 permearet,
1534 734 1622 768 angeli
1647 738 1751 762 tutores

965 785 998 804 ac
1027 777 1155 805 custodes
1185 777 1288 812 praefati
1315 778 1482 805 tabernaculi
1507 779 1648 806 constituti
1675 783 1749 805 sunt.

966 822 1084 851 Rursum
1120 830 1184 850 vero
1211 827 1319 850 exstant
1350 823 1395 850 alii
1424 823 1536 858 angeli,
1566 823 1667 858 quibus
1699 823 1751 850 Ec-

966 869 1054 896 clesite
1069 868 1170 896 Christi
1196 869 1297 902 ubique
1313 872 1448 895 terrarum
1467 868 1595 899 fundatae,
1610 868 1752 896 concredi-

966 916 1000 939 tae
1014 916 1086 939 sunt.
1104 911 1181 944 Quod
1198 919 1259 938 cum
1276 919 1330 938 non
1346 911 1508 946 intelligeret
1522 910 1667 938 diabolus:
1683 919 1751 946 quo-

967 956 1046 983 modo
1056 956 1128 983 enim
1142 961 1188 982 aut
1201 956 1272 983 unde
1286 956 1369 983 divini
1382 955 1500 991 Spiritus
1507 963 1588 983 voces
1602 956 1752 991 intelligere

966 1003 1070 1037 possit?
1082 1010 1144 1030 cum
1156 1001 1324 1029 Salvatorem
1340 1006 1465 1034 tentaret,
1477 1003 1564 1037 ipsum
1574 1001 1607 1029 ad
1618 1002 1751 1036 pinnacu-

967 1049 1022 1075 lum
1039 1048 1131 1083 templi
1147 1047 1259 1075 ductum
1274 1047 1314 1074 sic
1328 1047 1514 1082 alloquebatur
1532 1057 1538 1074 :
1555 1047 1585 1074 Si
1601 1046 1688 1074 Filius
1702 1045 1752 1073 Dei

966 1102 1005 1125 es,
1024 1094 1098 1120 mille
1114 1099 1137 1120 te
1148 1093 1281 1121 dwrsum.
1298 1092 1430 1126 Scriptum
1446 1097 1483 1119 est
1500 1093 1580 1124 enim,
1594 1093 1656 1127 quia
1672 1100 1752 1127 ange-

968 1139 1000 1166 lis
1016 1140 1070 1166 suis
1088 1138 1223 1165 mandabit
1240 1138 1271 1165 de
1286 1143 1318 1170 te,
1330 1143 1355 1165 et
1372 1139 1398 1164 in
1420 1139 1540 1166 manibus
1561 1139 1650 1165 tollent
1666 1144 1699 1168 te,
1721 1147 1752 1165 ne

967 1192 1082 1218 unquam
1105 1183 1224 1218 o/fendaa
1245 1182 1280 1210 ad
1303 1182 1417 1217 lapidem
1444 1183 1533 1217 pedem
1556 1184 1670 1211 tuum“.
1684 1184 1751 1210 Nam

967 1237 1028 1256 cum
1050 1237 1082 1256 cx
1100 1229 1165 1264 ipsis
1179 1229 1307 1264 operibus
1330 1229 1505 1264 perspiceret,
1524 1230 1692 1264 prophetiam
1710 1229 1752 1256 his

967 1275 1057 1302 verbis
1074 1274 1201 1301 traditam
1230 1273 1258 1300 in
1284 1273 1425 1301 Salvatore
1452 1275 1568 1309 impleri,
1591 1282 1622 1301 ac
1639 1280 1752 1309 stupen-

967 1320 1031 1347 dum
1056 1320 1083 1347 in
1108 1320 1226 1347 hominis
1242 1325 1338 1347 natura
1354 1320 1541 1355 spectaculum
1557 1326 1696 1353 cerneret;
1715 1321 1752 1348 ita

967 1370 998 1393 ut
1011 1366 1101 1393 omnis
1112 1366 1248 1393 exercitus
1264 1374 1331 1393 suus
1342 1366 1373 1394 de
1385 1365 1474 1393 medio
1494 1366 1629 1399 sublatus,
1643 1374 1752 1394 omnes-

967 1419 1020 1446 que
1040 1412 1153 1439 virtutes
1172 1419 1228 1439 sua:
1250 1411 1285 1438 ab
1305 1419 1338 1438 eo
1357 1411 1404 1446 qui
1418 1415 1581 1447 apparuerat
1606 1417 1751 1447 superatae.

968 1458 1051 1484 millia
1064 1465 1128 1484 vero
1138 1461 1165 1485 et
1175 1457 1268 1484 decem
1285 1457 1367 1484 millia
1384 1458 1410 1484 in
1427 1461 1574 1492 conspectu
1589 1457 1662 1485 illius
1676 1458 1752 1492 lapsa

967 1508 1069 1535 essent,
1088 1503 1131 1530 ille
1148 1507 1237 1530 autem
1254 1503 1313 1530 sine
1327 1502 1471 1530 formidine
1482 1507 1508 1530 et
1519 1503 1596 1531 obice
1612 1511 1694 1538 super
1708 1511 1753 1531 as-

968 1549 1056 1583 pidem
1077 1552 1104 1576 et
1126 1548 1283 1576 basiliscum
1301 1548 1460 1580 ambularet,
1477 1548 1581 1575 leonem
1600 1553 1626 1575 et
1651 1549 1752 1575 ἀπιου-

969 1603 1039 1627 nem.
1056 1595 1194 1630 principes
1210 1595 1269 1630 ejus
1281 1595 1405 1627 virtutes,
1418 1595 1608 1627 couculcaret;
1623 1594 1676 1621 hoc
1689 1595 1751 1622 item

968 1642 1084 1676 experiri
1102 1641 1218 1672 volebat.
1235 1648 1298 1667 num
1315 1641 1403 1675 ipsum
1417 1648 1450 1667 ex
1465 1640 1612 1675 pinnaeulo
1628 1648 1656 1667 se
1669 1640 1754 1675 proji-

969 1688 1096 1717 cientem.
1113 1687 1272 1714 accedentes
1286 1687 1373 1722 angeli
1392 1685 1523 1721 gestaturi
1537 1691 1636 1713 essent.
1653 1685 1753 1721 llujus-

970 1734 1042 1760 modi
1056 1734 1146 1768 itaque
1159 1732 1233 1760 falsae
1245 1733 1394 1768 suspicioni
1406 1734 1442 1759 ita
1456 1732 1597 1767 respondit
1608 1731 1753 1759 Servator:

970 1780 1102 1815 Scriptum
1115 1784 1164 1811 est,
1181 1778 1242 1806 Non
1259 1778 1369 1806 lentabis
1388 1778 1526 1805 Dominum
1544 1778 1623 1805 Deum
1639 1783 1710 1804 tuum
1720 1779 1752 1804 ⁸⁸.

970 1826 1036 1853 Nam
1053 1834 1068 1853 e
1083 1826 1192 1853 sublimi
1210 1833 1269 1853 sese
1284 1825 1453 1860 przecipitare
1476 1832 1507 1851 ac
1527 1824 1655 1858 dejicere,
1674 1823 1755 1858 idque

971 1871 1062 1898 animo
1085 1870 1246 1905 experiundi
1273 1878 1307 1896 an
1322 1870 1479 1905 angelorum
1497 1869 1627 1895 auxilium
1647 1867 1755 1896 adfutu-

971 1925 1031 1944 rum
1050 1922 1132 1947 esset.
1155 1923 1250 1948 necne,
1265 1915 1316 1942 hoc
1330 1923 1396 1942 sane
1411 1918 1515 1942 tentare
1537 1914 1620 1942 Deum
1637 1914 1733 1941 fuisset
1747 1924 1752 1941 :

971 1962 1043 1997 quod
1062 1961 1179 1996 experiri
1206 1964 1324 1988 tentatur
1339 1960 1459 1995 optabat.
1476 1959 1542 1985 Nam
1563 1959 1613 1994 ipsi
1628 1959 1755 1986 Salvato—

971 2016 1028 2035 rem
1041 2009 1165 2037 tentanti,
1176 2006 1314 2041 proprium
1329 2009 1387 2032 erat
1399 2006 1438 2033 vel
1450 2006 1538 2040 ipsum
1555 2004 1637 2032 Deum
1651 2009 1757 2032 tentare

972 2054 1080 2081 audere.
1100 2053 1133 2079 At
1149 2052 1277 2079 Servator
1289 2055 1393 2079 tentare
1412 2051 1499 2078 noluit
1517 2061 1522 2078 :
1540 2059 1642 2086 gnarus
1656 2051 1757 2086 quippe

971 2103 1030 2127 erat
1041 2106 1073 2126 ac
1086 2105 1245 2133 persuasum
1261 2097 1377 2124 habebat
1393 2096 1481 2123 Patris
1493 2097 1621 2124 virtutem
1634 2097 1684 2123 sibi
1696 2099 1758 2131 opim

972 2144 1062 2172 tulari.
1076 2144 1164 2177 Quare
1185 2143 1344 2178 imperantis
1370 2150 1445 2170 more
1459 2142 1567 2170 diabolo
1583 2142 1652 2169 dixit
1666 2153 1672 2170 :
1694 2143 1757 2170 Non

959 2180 1084 2215 'tenlabis
1109 2188 1251 2214 Dominum
1275 2187 1359 2214 l‘eum
1386 2192 1469 2217 tuum,
1488 2187 1586 2214 divina:
1610 2187 1758 2223 Scriptum

136 2232 319 2270 συνεργούσης
337 2232 420 2268 αὐτῷ.
443 2233 487 2258 Διὸ
504 2233 551 2259 καὶ
566 2232 605 2267 τῷ
623 2232 738 2268 διαὸόλῳ
758 2241 918 2268 προστακτι-

973 2234 1074 2260 dictum
1092 2242 1122 2260 ex
1142 2234 1198 2268 lege
1217 2235 1354 2266 sumptum
1374 2231 1455 2265 hujus
1472 2230 1619 2266 Scriptura:
1635 2232 1692 2259 voci
1709 2240 1758 2267 op-

135 2277 192 2310 κῶς
215 2278 414 2314 παρεκελεύετο
438 2277 543 2312 λέγων·
569 2279 629 2305 οὐκ
653 2278 842 2312 ἐκπειράσεις
865 2279 922 2305 Κύ-

132 2331 200 2359 ριον
217 2323 276 2350 τὸν
296 2324 370 2350 Θεόν
389 2331 456 2354 σου,
476 2323 550 2354 θείας
568 2323 679 2358 Γραφῆς
702 2323 773 2356 λέξιν
795 2323 844 2358 τὴν
868 2324 922 2349 ἀπὸ

134 2368 183 2395 τοῦ
203 2368 286 2404 νόμου
309 2369 528 2404 ἀντιπαρατιθεὶς
551 2370 583 2404 τῇ
608 2370 683 2404 φωνῇ
708 2369 758 2404 τῆς
780 2362 921 2404 ἓταρούσης

135 2414 259 2450 Γραφῆς,
273 2415 305 2450 ἢν
324 2415 361 2450 μὴ
377 2416 475 2450 νοήσας
487 2415 502 2440 6
517 2414 638 2446 διάϐολος
661 2416 817 2449 προήγαγεν
836 2414 920 2449 αὐτῷ,

136 2461 175 2497 μὴ
184 2461 295 2493 συνιεὶς,
307 2461 347 2488 ὅτι
359 2461 408 2487 οὐκ
419 2461 502 2487 ἐδεῖτο
515 2461 639 2496 βοηθείας
654 2460 776 2494 ἀγγέλων
790 2461 803 2486 6
817 2460 920 2496 Σωτὴρ.

135 2509 159 2534 εἰ
171 2507 219 2534 καὶ
233 2507 293 2533 καθ’
305 2507 433 2534 ὑπόθεσιν
450 2508 536 2543 οἰκείᾳ
552 2507 709 2542 προαιρέσει
722 2506 843 2533 καθεῖναι
861 2508 922 2532 ἐαυ-

134 2553 180 2580 τδν
201 2552 349 2588 ἐϐουλήθη·
368 2553 428 2579 ἐπεὶ
447 2553 493 2579 καὶ
509 2553 579 2580 κατὰ
594 2553 642 2588 τὴν
660 2553 698 2583 εἰς
715 2552 845 2587 οὐρανοὺς
859 2552 923 2578 ἀνά.-

135 2598 217 2633 ληψιν
241 2598 318 2634 (ὅπερ
336 2595 370 2633 ἧν
394 2598 484 2633 μεῖζον
512 2599 562 2633 τῆς
582 2599 634 2625 ἀπὸ
650 2598 695 2624 τοῦ
719 2597 863 2633 πτερυγίου
875 2597 921 2623 τοῦ

138 2643 211 2679 ἱεροῦ
231 2644 278 2670 ἐπὶ
291 2644 339 2679 τὴν
355 2644 407 2679 γῆν
421 2644 452 2670 δι’
468 2644 547 2679 ἀέρος
561 2644 697 2679 καθόδου),
712 2644 762 2670 οὐκ
775 2643 921 2678 ὰγγελικῆς

137 2688 236 2724 ἐδεήθη
249 2689 350 2724 χειρός.
366 2689 436 2725 Ὅρα
455 2689 492 2722 δὲ,
513 2689 580 2722 πῶς,
601 2689 790 2725 μνημονεύσας
806 2690 819 2715 6
832 2689 923 2716 διάδο-

136 2734 182 2765 λος
194 2733 254 2767 τοῦ,
278 2734 339 2761 Ἐπὶ
352 2734 457 2768 χειρῶν
473 2735 581 2769 ἀροῦσί
599 2744 645 2768 σε,
659 2735 773 2769 μήποτε
795 2734 923 2768 προσχό-

138 2781 200 2814 We
216 2779 290 2814 πρὸς
305 2780 391 2807 λίθον
405 2780 458 2806 τὸν·
473 2780 550 2807 πόδα
565 2789 633 2812 σου,
649 2781 679 2807 τὸ
699 2781 762 2815 ἑξῆς
783 2780 924 2815 συνημμέ-

174 2874 198 2890 ⁹¹
218 2872 227 2900 1
247 2873 311 2901 Cor.
332 2881 385 2903 xu,
402 2873 446 2900 27.
485 2873 507 2888 ’³³
527 2872 606 2899 Rom.
626 2881 660 2903 vr,
682 2872 723 2899 I5.

304 2921 436 2951 ΡΑτῐιυι.
461 2920 518 2950 Gn.
538 2918 654 2949 XXIII.

975 2287 1088 2313 ponens,
1100 2286 1180 2313 quam
1198 2285 1252 2304 non
1267 2277 1419 2311 intelligens
1433 2276 1559 2304 diabolus
1571 2277 1620 2311 ipsi
1636 2277 1758 2311 profere-

975 2324 1031 2356 bat,
1048 2324 1175 2358 ignorans
1186 2322 1356 2350 Servalorem
1372 2322 1528 2356 angelorum
1541 2329 1591 2356 ope
1604 2329 1657 2348 non
1667 2331 1756 2357 egere.

975 2370 1081 2397 etiamsi
1097 2369 1207 2404 proprio
1220 2373 1284 2395 nutu
1301 2368 1430 2395 voluisset
1452 2375 1513 2394 sese
1526 2368 1653 2404 deorsum
1674 2369 1760 2403 proji-

974 2423 1046 2442 cere.
1061 2414 1286 2449 Quandoquidem
1313 2414 1339 2440 in
1362 2421 1410 2439 sua
1431 2412 1465 2438 ad
1486 2413 1570 2439 caelos
1598 2414 1759 2441 aScensioue

976 2461 1057 2495 (quod
1074 2468 1139 2487 sane
1154 2460 1242 2494 majus
1259 2463 1328 2489 erat,
1343 2467 1423 2494 quam
1451 2459 1494 2485 ille
1507 2466 1521 2485 a
1535 2459 1680 2493 pinnaculo
1695 2464 1760 2486 tem-

976 2509 1010 2542 pli
1032 2507 1064 2533 ad
1081 2512 1179 2534 terram
1203 2514 1249 2541 per
1268 2513 1357 2533 aerem
1378 2505 1533 2536 transitus),
1560 2512 1614 2531 non
1638 2505 1758 2539 angelica

977 2560 1056 2579 manu
1075 2559 1143 2586 opus
1168 2552 1271 2578 habuit.
1289 2550 1481 2577 Animadverte
1496 2558 1588 2585 porro,
1605 2558 1660 2585 quo
1681 2555 1760 2586 pauo

977 2597 1101 2624 diabolus
1121 2597 1162 2625 his
1179 2595 1409 2624 commemoratis.
1430 2594 1463 2621 lu
1482 2595 1602 2622 manibus
1619 2595 1708 2622 tollent
1724 2600 1758 2627 le,

978 2652 1008 2670 ne
1030 2651 1145 2677 unquam
1165 2641 1282 2676 o/l'endas
1299 2641 1334 2668 ad
1349 2640 1461 2675 lapidem
1478 2640 1566 2674 pedem
1581 2646 1670 2672 tuum;
1686 2641 1759 2675 quod

977 2689 1142 2724 sequebatur
1155 2696 1207 2715 non
1223 2687 1368 2718 addiderit,
1386 2686 1510 2714 videlicet
1529 2687 1605 2718 illusi,
1622 2695 1700 2721 super
1715 2695 1759 2713 as-

976 2734 1061 2767 pidem
1075 2738 1098 2760 et
1113 2732 1264 2759 basiliscum
1282 2731 1471 2763 ambulabis,et
1483 2732 1647 2758 conculcabis
1662 2732 1759 2758 leonem

978 2784 1001 2805 et
1019 2779 1169 2809 draconem,
1185 2777 1257 2812 quod
1275 2776 1424 2804 Salvatoris
1436 2776 1469 2804 de
1480 2777 1588 2805 diabolo
1610 2781 1636 2804 et
1658 2776 1757 2812 angelir

766 2872 785 2887 ”
807 2871 902 2898 Matth.
924 2879 959 2902 ιν,
980 2871 1005 2897 ii.
1030 2871 1068 2908 ,⁸⁵
1089 2869 1154 2896 ibid.
1174 2869 1198 2896 7.

1565 2914 1605 2943 37
