2032 3215
259 174 329 201 1165

257 231 318 265 ejus
349 232 514 265 reportatam
541 229 684 255 victoriam
707 227 853 254 manifeste
878 225 1043 253 declarabat.

258 277 373 304 Nolebat
393 276 464 303 enim
481 276 523 303 sui
541 274 759 302 confulationem
773 272 907 307 adjicere;
925 270 1045 306 alioquin

259 322 403 351 ratiocinio
417 321 598 357 colligendum
608 324 635 348 et
651 319 884 354 comprobandum
906 317 958 352 ipsi
977 321 1046 349 erat,

258 369 387 397 eumdem
406 369 495 404 ipsum
513 367 559 402 qui
579 374 662 402 super
689 367 758 393 tales
782 365 919 401 principes
935 365 1047 391 virtutes

258 415 422 446 ambularet,
446 414 573 448 ipsasque
598 412 783 444 conculcaret,
814 418 869 438 non
890 417 970 445 posse
990 416 1047 436 non

257 459 395 487 oﬂendcre
413 459 445 486 ad
460 458 575 494 lapidem
593 458 659 492 pede
675 464 742 489 suo;
758 456 795 482 ita
810 459 840 482 ut
852 455 885 481 ad
898 455 948 482 hoc
965 462 1047 489 ange-

259 505 347 531 lorum
360 504 444 530 tutela
455 506 481 530 et
498 501 599 528 auxilio
616 504 716 536 egeret.
732 500 832 527 Verum
853 500 910 526 haec
927 507 981 525 non
997 506 1045 525 ca-

258 550 337 585 piens
370 549 414 576 ille
447 548 530 582 hujus
554 547 702 582 prophetiae
723 553 788 574 voce
811 550 853 573 est
874 553 952 576 usus,
973 545 1046 580 quod

259 600 356 622 caetera
377 595 403 620 in
424 594 469 620 illo
483 594 593 628 impleta
618 600 679 620 esse
701 595 835 620 cerneret.
856 590 985 618 Servatur
997 598 1047 617 au-

259 646 313 668 tem
325 648 382 668 non
400 644 478 674 negat
494 639 527 666 de
539 647 568 666 se
577 639 710 674 prolatum
726 637 866 665 oraculum
887 637 982 668 fuisse,
998 636 1046 664 sed

259 686 395 713 diabolum
412 686 458 720 qui
477 685 536 718 ejus
552 691 663 712 sensum
681 691 735 711 non
750 686 869 719 caperet,
884 682 1045 718 congruenti

260 740 327 760 usus
343 732 530 768 responsione,
542 729 641 766 rejicit.
657 730 799 764 Quomodo
812 734 903 758 autem
918 738 968 757 nos
983 737 1046 765 gra-

259 778 297 804 tia
313 777 461 805 Salvatoris
479 777 566 805 nostri
591 777 698 812 singula
711 777 829 812 propriis
846 777 873 802 in
892 775 959 803 locis
971 783 1046 803 com-

260 823 373 850 mentati
394 823 490 854 simus,
505 822 659 857 legentibus
673 822 815 857 explorare
835 829 917 857 supra
943 822 1044 849 licebit.

259 868 288 895 δὲ
304 867 372 894 αὐτὸ
383 868 427 894 τὸν
443 867 573 899 διάϐολον,
586 867 681 902 ἀφίησι
696 867 857 903 καταλλήλῳ
872 867 1044 904 χρησάμενος

260 913 306 939 τοῦ
328 912 451 948 Σωτῆρος
471 913 559 948 ἡμῶν,
588 913 661 944 ὅπως
689 912 722 939 τὰ
759 912 829 939 κατὰ
856 913 918 944 τοὺς
944 914 1041 944 τόπους

260 959 412 996 εἰρημένων
428 959 624 994 διαγινώσκειν.

296 1017 378 1044 Vens.
391 1016 436 1048 15,
454 1017 496 1044 14.
512 1016 596 1052 Super
614 1018 732 1052 aspidem
746 1024 770 1045 et
785 1018 938 1046 basiliseum
957 1019 1049 1046 ambu-

259 1064 339 1095 labis,
355 1067 380 1090 el
402 1063 569 1090 conculcabis
587 1064 686 1091 leonem
708 1069 733 1091 et
753 1064 906 1092 draconem.
920 1066 1052 1098 Quoniam

259 1111 288 1137 in
304 1118 343 1137 me
355 1110 479 1144 speravit.
495 1114 520 1136 et
535 1109 649 1137 liberabo
662 1118 736 1142 eum;
749 1116 883 1146 protegam
905 1120 974 1145 eum,
990 1121 1054 1147 quo-

259 1156 460 1190 niamcognovit
471 1163 564 1182 nomen
576 1164 671 1184 meum.
680 1155 813 1183 Clamabit
823 1157 858 1183 ad
872 1165 920 1190 me,
933 1163 957 1185 et
970 1166 1054 1185 exua-

260 1203 333 1229 diam
354 1210 424 1233 eum,
441 1210 500 1228 cum
517 1202 574 1236 ipso
596 1210 655 1229 sum
680 1203 707 1230 in
733 1202 902 1231 tribulatione
917 1211 926 1230 :
942 1205 1053 1238 eripiam

258 1257 319 1278 eum
338 1254 364 1276 et
386 1248 540 1284 gloriﬁeaba
558 1257 627 1276 eum.
642 1248 819 1285 Longitudine
835 1250 936 1277 dierum
950 1250 1053 1284 replebo

260 1304 331 1330 eum,
345 1300 369 1324 et
384 1295 522 1323 ostendam
537 1296 580 1322 illi
592 1296 710 1323 salutare
726 1305 823 1324 meum.
839 1297 904 1330 Quae
917 1298 950 1324 ad
963 1298 1055 1325 taber-

261 1342 391 1370 naculum
414 1342 575 1377 spectabant
605 1343 709 1378 angelis
736 1343 934 1374 committebat.
955 1348 984 1370 ut
1007 1352 1054 1372 su-

253 1395 311 1423 .pra
329 1388 459 1421 diximus,
474 1388 643 1424 explicantes
662 1396 717 1424 quo
729 1393 809 1424 pacto
822 1390 911 1424 angeli
924 1394 1054 1417 tueantur

261 1437 289 1460 et
302 1432 457 1460 custodiant
467 1433 555 1460 virum
567 1433 595 1460 in
611 1432 721 1461 Christo
732 1433 894 1469 perfectura,
908 1442 958 1461 seu
970 1435 1053 1461 etiam

261 1478 413 1506 Ecclesium
438 1479 514 1514 ejus;
529 1483 577 1506 aut
604 1486 714 1506 carnem
737 1487 790 1514 qua
809 1480 984 1507 instrumenti
1010 1481 1054 1509 in-

262 1527 319 1551 star
333 1532 383 1560 pro
402 1525 543 1552 hominum
560 1524 648 1553 salute
663 1533 730 1552 usus
744 1530 796 1552 est.
811 1525 871 1552 Haec
887 1526 996 1561 quippe,
1011 1530 1055 1553 ul-

263 1573 326 1605 pote
349 1570 454 1597 minora
478 1570 642 1605 vilioraque,
666 1571 770 1606 angelis
794 1571 942 1598 commissa
973 1575 1053 1604 sunt;

263 1616 512 1649 eadem,varbitror,
530 1616 648 1648 ratione,
662 1623 716 1651 qua
732 1616 867 1651 quispiam
881 1617 990 1645 famulis
1001 1617 1054 1644 cal-

263 1669 376 1689 ceorum
391 1667 438 1689 aut
452 1662 545 1689 vilium
562 1662 677 1697 perinde
701 1668 794 1690 rerum
817 1670 911 1690 curam
926 1668 953 1690 et
973 1664 1054 1691 mini-

264 1707 377 1735 sterium
394 1706 493 1740 tradit;
509 1707 549 1734 sic
568 1715 739 1743 quaecunque
754 1708 861 1736 modica
877 1712 904 1736 et
921 1717 1053 1744 corporea

264 1761 313 1788 per
324 1753 474 1780 Salvatoris
490 1753 576 1780 nostri
588 1761 697 1781 carnem
710 1753 906 1787 etliciebantur,
924 1762 956 1782 ea
973 1762 1056 1790 ange-

264 1799 353 1825 lorum
365 1806 438 1826 curze
450 1799 702 1833 committebantur,
716 1800 764 1835 qui
778 1800 973 1828 ministrabant
985 1801 1035 1836 ipsi
1047 1811 1053 1828 :

264 1844 298 1871 de
311 1844 411 1879 quibus
426 1844 531 1880 angelis
546 1844 604 1872 haec
629 1844 793 1873 testiﬁcatur
816 1842 955 1880 Evangelii
980 1845 1056 1873 Scri-

250 1893 344 1926 ..ptura
352 1890 446 1918 dicens
455 1900 461 1917 :
470 1891 642 1918 Accesserant
655 1891 752 1926 angeli,
761 1896 785 1918 et
794 1892 981 1919 ministrabant
989 1892 1013 1919 ei
1020 1891 1054 1919 ³⁸.

264 1933 467 1963 Prazstabiliora
483 1941 584 1968 autem,
609 1937 713 1972 majora
729 1941 756 1964 et
772 1937 879 1970 altiora,
895 1945 950 1964 non
974 1945 1056 1972 auge-

265 1982 310 2015 Iis,
327 1982 373 2009 sed
389 1982 439 2017 ipsi
462 1982 596 2010 Salvatori
622 1983 744 2011 ascribit.
761 1983 890 2016 Quantam
919 1984 965 2011 illa
988 1984 1054 2016 sint,

266 2028 393 2062 superius
422 2033 667 2057 commonstratum
694 2034 749 2063 est;
778 2030 853 2058 inter
877 2029 935 2057 [nec
963 2035 1055 2058 autem

266 2071 333 2100 illud
344 2078 414 2107 erat,
431 2073 533 2101 Cadent
548 2083 564 2101 a
580 2075 662 2103 latere
677 2081 722 2103 tuo
737 2076 819 2108 mille,
837 2082 861 2104 et
882 2076 970 2104 decem
995 2077 1056 2103 mil-

266 2119 305 2146 lia
328 2128 344 2146 a
368 2119 468 2146 dextris
484 2121 547 2147 tuis.
565 2120 594 2148 In
613 2121 666 2149 [ine
686 2130 749 2149 vero
769 2123 890 2150 omnium
906 2123 1056 2151 Salvatoris

266 2166 354 2193 nostri
368 2166 482 2193 victoria
497 2167 530 2193 de
551 2167 680 2195 omnibus
698 2174 836 2203 reportata
858 2174 996 2204 postrema
1012 2177 1056 2196 re-

266 2215 394 2239 censetur
419 2211 461 2238 his
487 2212 587 2244 verbis,
610 2212 693 2247 Super
711 2215 827 2248 aspidem
849 2220 874 2242 et
902 2215 1056 2242 basiliscum

266 2255 425 2289 arabulabie,
441 2262 466 2284 et
482 2257 647 2285 coneulcabis
674 2257 772 2285 leonem
794 2264 819 2286 el
838 2259 989 2288 draconem.
1007 2260 1056 2288 llis

266 2310 349 2337 porro
371 2302 519 2337 signiﬁcari
542 2303 649 2331 testium
679 2305 860 2340 principatus,
894 2309 1054 2340 potestates,

266 2347 362 2374 mundi
381 2353 503 2375 rectores
521 2352 547 2375 et
568 2349 720 2384 spiritualia
734 2350 871 2385 nequitiae.
888 2350 975 2385 Super
998 2351 1056 2378 haec

266 2397 358 2420 autem
387 2393 537 2426 ambulare,
551 2398 579 2421 et
596 2398 635 2422 tot
661 2395 732 2423 feras
751 2396 851 2423 divinis
868 2396 979 2423 virtutis
1002 2404 1058 2424 sua:

265 2439 408 2473 gressibus
428 2441 592 2469 conculcare
609 2442 707 2470 dicitur
727 2442 785 2477 ipse
811 2441 950 2470 Scrvator.
978 2442 1057 2475 Quod

266 2492 331 2512 vero
347 2485 375 2511 in
389 2486 465 2514 nullo
477 2486 607 2519 offendat,
626 2496 676 2515 nec
690 2489 828 2524 quidpiam
841 2489 980 2524 corporeis
996 2489 1057 2523 ejus

266 2531 472 2565 operationibus
497 2533 691 2569 impedimento
718 2534 765 2567 sit,
782 2536 808 2562 id
831 2537 988 2571 angelorum
1006 2536 1058 2562 mi-

270 2577 389 2604 nisterio
413 2581 599 2608 concreditum
620 2586 669 2609 est.
690 2581 998 2616 Sed_quemadmodum
1024 2582 1058 2610 de

268 2630 401 2658 corporeo
433 2625 493 2659 ejus
518 2627 694 2654 tabernaculo
722 2627 874 2661 dicebatur,
906 2627 1057 2663 Flagellum

269 2674 320 2692 non
348 2668 565 2703 appropinquabit
595 2670 764 2698 tabernaculo
801 2677 854 2704 tuo,
879 2676 906 2700 et
933 2673 992 2708 ejus
1017 2673 1056 2700 rei

269 2719 352 2739 causa
367 2712 423 2740 hac
442 2713 630 2748 adﬁciebatur.
647 2717 779 2750 Quoniam
795 2719 895 2753 angelis
910 2719 965 2746 suis
981 2727 1058 2745 man-

270 2757 342 2785 dabit
357 2757 389 2785 de
404 2763 445 2791 te,
458 2759 495 2786 ita
510 2763 537 2787 et
552 2769 623 2788 nunc
640 2768 701 2796 post
714 2764 791 2796 illud,
804 2764 888 2798 Super
901 2765 1020 2799 aspidem
1033 2770 1057 2791 et

270 2803 420 2830 basiliscum
432 2804 590 2838 ambulabis,
602 2811 626 2833 et
638 2807 802 2836 conculcabis
814 2808 913 2837 leonem
926 2815 950 2837 et
964 2810 1060 2837 draco-

303 2882 327 2897 "
347 2881 429 2909 Matth
458 2891 492 2917 Iv,
512 2883 554 2910 11.

598 169 730 198 EUSEBII
751 167 990 196 CrESARIENSlS
1008 165 1082 194 OPP.
1104 163 1194 192 PARS
1210 163 1255 191 111.
1274 178 1307 183 -
1324 159 1531 188 EXLGETICA.

1814 157 1884 185 1161

1060 227 1083 254 Α
1096 231 1141 249 νον
1157 223 1187 250 οὑ
1213 221 1382 257 προσέθηκε·
1403 219 1482 246 τοῦτο
1504 218 1536 254 δὴ
1553 217 1592 251 τὸ,
1614 217 1672 243 Ἐπ’
1695 213 1811 243 ἀσπίδα
1835 214 1884 241 καὶ

1092 268 1280 301 βασιλίσκω*
1302 266 1442 301 exterior",
1464 266 1512 292 καὶ
1534 263 1752 297 καταπατήσας
1774 261 1886 288 ,λέοντα

1097 316 1145 343 καὶ
1159 315 1318 350 δράκοντα,
1338 313 1431 348 σαφῶς
1449 311 1498 347 τὴν
1517 311 1576 338 κατ’
1590 309 1672 337 αὑτοῦ
1692 307 1740 335 τοῦ
1762 306 1886 334 διαϐόλου

1096 362 1144 389 καὶ
1165 361 1219 388 τῶν
1241 359 1364 394 ἀγγέλων
1381 358 1463 386 αὑτοῦ
1485 358 1564 392 νίκην
1586 355 1633 383 τοῦ
1656 355 1782 390 Σωτῆρος
1806 361 1888 388 παρι-

1098 407 1211 435 στῶντα.
1235 407 1272 434 Οὐ
1294 406 1347 441 γὰρ
1367 404 1491 432 ὲὸούλετο
1514 403 1559 430 τὸν
1581 401 1641 429 καθ’
1663 400 1758 428 ἑαυτοῦ
1777 399 1889 433 ἔλεγχον

1097 453 1303 490 παρατίθεσθαι.
1316 453 1349 478 Et
1365 452 1393 478 δὲ
1405 451 1442 486 μὴ
1452 451 1500 486 τὴν
1509 449 1570 486 (sic)
1581 448 1669 483 ἑαυτῷ
1678 447 1811 477 συνέσεως
1819 445 1889 480 χρῆν

1099 499 1321 534 ἐπιλογίσασθαι,
1339 498 1376 530 ὼς
1399 497 1448 524 οὐκ
1467 495 1501 532 ἦν
1525 495 1573 522 τοῦ
1600 493 1682 521 αὑτοῦ
1703 493 1733 519 τὸ
1757 490 1890 518 δύνασθαι

1100 544 1249 571 ἐπιϐαίνειν
1273 544 1321 571 καὶ
1336 543 1502 570 καταπατεῖν
1516 541 1565 573 τὰς
1584 539 1710 570 τοιαύτας
1725 535 1890 573 ἀρχοντικὰς

1100 590 1239 624 δυνάμεις,
1260 590 1307 616 χαὶ
1325 588 1362 624 μὴ
1377 587 1559 624 προσκόπτειν
1574 586 1644 622 πρὸς
1659 584 1731 610 λίθον
1749 583 1796 609 τὸν
1811 581 1891 610 πόδα,

1099 636 1137 668 ti);
1157 635 1260 663 δεῖσθαι
1283 635 1408 670 φυλακῆς
1429 633 1551 669 ἀγγέλων
1579 633 1626 659 καὶ
1654 630 1791 666 βοηθείας.
1821 627 1892 653 Ἀλλ’

1100 683 1203 714 ἐκεῖνος
1218 682 1268 718 μὲν
1281 683 1310 708 οὐ
1329 681 1428 713 συνιεὶς
1442 681 1575 716 κέχρηται
1638 677 1692 705 ἀπὸ
1708 674 1894 712 προκειμένης

1099 729 1267 766 προφητείας
1296 730 1382 764 φωνῇ,
1404 727 1449 754 διὰ
1473 727 1503 754 τὺ
1527 726 1562 753 τὰ
1586 724 1666 752 λοιπὰ
1688 721 1894 758 συνεωρακέναι

1100 775 1302 812 πεπληρωμένα
1316 776 1356 807 είς
1368 774 1462 801 αὐτόν·
1476 773 1490 799 ὁ
1510 772 1538 799 δὲ
1554 772 1649 806 Σωτὴρ
1660 770 1710 797 οὑκ
1726 767 1894 804 ἀπαρνεῖται

1102 824 1150 858 μὲν
1167 822 1197 849 τὸ
1218 823 1282 858 περὶ
1295 821 1377 848 αὑτοῦ
1399 820 1524 857 εἰρῆσθαι
1538 819 1569 846 τὸ
1584 819 1689 852 λόγιον-
1712 816 1748 852 μὴ
1765 814 1894 841 συνιέντα

1062 869 1095 904 τῇ
1111 869 1179 904 πρὸς
1194 869 1274 895 αὑτὸν
1289 867 1444 904 ἀποκρίσει.
1466 866 1561 901 Ἡμεῖς
1585 865 1624 896 δὲ,
1641 865 1674 899 τῇ
1700 861 1783 890 αὑτοῦ
1800 860 1896 896 χάριτι

1067 913 1294 949 τεθεωρήκαμεν,
1317 913 1459 949 πρόκειται
1478 912 1535 943 τοῖς
1557 910 1768 945 ἐντυγχάνουσιν
1789 908 1822 934 ὲκ
1839 906 1897 934 τῶν

1144 1017 1203 1043 Ἐπ’
1217 1016 1333 1045 ἀσπίδα
1344 1015 1393 1056 καὶ
1407 1015 1595 1048 ,βασιλίσκον
1615 1013 1756 1048 eximiam,
1779 1012 1827 1040 καὶ
1845 1021 1898 1040 κα-

1103 1063 1286 1097 ταπατήσεις
1308 1063 1418 1090 λέοντα
1442 1062 1491 1088 καὶ
1509 1061 1667 1095 δράκοντα.
1691 1061 1751 1086 Ὅτι
1773 1061 1821 1086 ἐπ’
1845 1059 1898 1094 ἐμὲ

1105 1111 1226 1145 ἤλπισε,
1244 1109 1293 1137 καὶ
1302 1110 1433 1144 ῥύσομαι
1448 1108 1556 1135 αὐτόν·
1574 1106 1718 1134 σκεπάσαι)
1731 1106 1836 1139 αὑτὸν,
1853 1106 1898 1133 ὅτι

1067 1023 1089 1052 Β

1103 1157 1179 1191 ἔγνω
1202 1155 1235 1182 τὸ
1263 1155 1355 1190 ὄνομά
1380 1163 1450 1189 μου.
1476 1152 1753 1187 Κεκρὰξεται’πρὸς
1775 1152 1826 1186 μὲ,
1847 1152 1898 1178 καὶ

1103 1203 1308 1236 ἐπακούσομαι
1327 1200 1432 1232 αὐτοῦ,
1450 1200 1514 1235 μετ’
1536 1198 1630 1226 αὐτοῦ
1650 1200 1707 1233 ειμι
1726 1198 1761 1225 ἐν
1775 1199 1896 1232 θλίψει·

1103 1248 1263 1283 ἐξελοῦμαι
1277 1247 1380 1280 αὐτὸν,
1398 1247 1448 1274 καὶ
1465 1246 1584 1279 δοξάσω
1599 1246 1702 1273 αὐτόν.
1719 1245 1899 1278 Μακρότητα

1103 1291 1222 1328 ’ἡμερῶν
1237 1292 1383 1327 ἐμπλήσω
1397 1290 1501 1325 αὑτὸν,
1516 1291 1565 1317 καὶ
1586 1287 1673 1322 δείξω
1689 1289 1770 1322 αὐτῷ
1790 1290 1823 1316 τὸ
1839 1298 1899 1316 σω-

1104 1338 1207 1373 τήριόν
1221 1347 1291 1373 μου.
1309 1337 1349 1364 Τὰ
1371 1338 1420 1374 μὲν
1437 1337 1562 1373 περὶτοῦ
1578 1336 1758 1373 σκηνώματος
1771 1336 1901 1370 ἀγγέλοις

1105 1385 1267 1416 ἐνετέλλετο,
1276 1385 1347 1411 κατὰ
1355 1385 1390 1411 τὰ
1401 1383 1632 1420 προαποδοθέντα,
1643 1384 1718 1415 ὅπως
1726 1383 1839 1417 ἄγγελοι
1849 1391 1900 1418 τη-

1107 1431 1264 1467 μελῶςικαὶ
1277 1430 1432 1466 φυλάττωσι
1450 1430 1496 1456 τοῦ
1516 1431 1544 1457 ὲν
1557 1429 1667 1466 Χριστῷ
1685 1429 1901 1465 τετελειωμένοι»

1105 1478 1210 1514 ἀνδρὸς,
1220 1476 1236 1513 ἢ
1245 1477 1346 1513 καὶτῆς
1360 1477 1525 1512 Ἐκκλησίας
1535 1475 1629 1509 αὑτοῦ,
1639 1476 1656 1511 ἢ
1665 1476 1713 1502 καὶ
1724 1475 1775 1512 τῆς
1787 1475 1901 1511 σαρκὸς,

1104 1521 1121 1561 ᾖ
1129 1523 1244 1559 κέχρητο
1250 1523 1326 1559 δίκην
1333 1523 1447 1559 ὀργάνου
1457 1523 1526 1557 ὑπὲρ
1534 1522 1583 1557 τῆς
1591 1521 1742 1558 ἀνθρώπων
1749 1522 1901 1557 σωτηρίας,

1105 1570 1196 1596 Ταῦτα
1213 1570 1267 1605 γὰρ
1284 1569 1321 1601 ὡς
1337 1568 1492 1604 βραχύτερα
1507 1568 1555 1594 καὶ
1578 1567 1757 1603 εὐτελέστερα
1771 1567 1902 1602 ἀγγέλοις

1104 1616 1300 1652 ἐπετέτραπτο·
1312 1613 1499 1650 καὶοῒμαιὸτι,
1508 1615 1545 1646 ὡς
1554 1615 1586 1642 ἄν
1600 1623 1641 1646 τις
1654 1614 1773 1646 οἰκέταις
1789 1615 1903 1650 ἐπιτρέ-

1103 1662 1179 1698 ψειεν
1199 1662 1380 1697 ὑποδημάτων
1393 1661 1543 1692 διακονίαν,
1557 1659 1573 1696 ἢ
1591 1660 1677 1687 ἄλλων
1694 1659 1776 1686 τινῶν
1793 1660 1902 1686 εὐτελε-

1068 1717 1090 1746 c
1107 1708 1208 1743 στέρων
1233 1707 1394 1743 ὑπηρεσίαν,
1407 1707 1494 1739 οὕτως
1507 1707 1558 1733 ὅσα
1580 1706 1666 1741 μικρὰ
1690 1707 1737 1732 καί
1755 1706 1901 1742 σωματικὰ

1108 1754 1152 1781 διὰ
1171 1754 1221 1789 τῆς
1236 1754 1283 1780 τοῦ
1308 1753 1434 1788 Σωτῆρος
1452 1752 1532 1788 ἡμῶν
1548 1752 1691 1788 ἐνηργεῖτο
1713 1751 1826 1787 σαρκὸς,
1839 1751 1902 1778 τοὺ-

1108 1809 1162 1827 των
1189 1799 1322 1836 ὑπηρέται
1349 1799 1511 1826 καθίσταντο
1537 1798 1658 1833 ἄγγελοι,
1684 1799 1732 1825 καὶ
1759 1799 1902 1833 διηκόνουν

1109 1846 1183 1881 αὐτῷ
1194 1854 1201 1860 ·
1221 1845 1286 1880 περὶ
1301 1842 1338 1872 ὧν
1353 1845 1399 1872 καὶ
1411 1846 1427 1880 ἡ
1440 1844 1486 1872 τοῦ
1502 1844 1669 1879 Εὑαγγελίου
1686 1843 1779 1880 γραφὴ
1797 1852 1903 1879 μαρτυ-

1110 1893 1152 1928 ρεῖ
1172 1892 1299 1926 λέγουσα,
1319 1891 1359 1918 ὅτι
1375 1890 1554 1925 Προσῆλθον
1577 1890 1707 1925 ἄγγελοι,
1725 1890 1774 1916 καὶ
1799 1889 1903 1924 διηκό-

1109 1947 1184 1965 νουν
1200 1937 1288 1971 αὐτῷ.
1306 1937 1346 1964 Τὰ
1361 1937 1390 1964 δὲ
1412 1936 1627 1972 προύργιαίτερα
1650 1937 1697 1962 καὶ
1721 1935 1833 1971 μείζονα
1855 1936 1904 1962 καὶ

1109 1984 1262 2020 ὑψηλότερα
1284 1983 1380 2010 οὐκέτι
1395 1982 1531 2017 ἀγγέλοις,
1556 1982 1613 2009 ἀλλ’
1635 1980 1710 2017 αὑτῷ
1730 1981 1770 2016 τῷ
1795 1982 1906 2017 Σωτῆρι

1109 2031 1262 2066 ἀνατίθησι.
1276 2030 1343 2057 Τίνα
1362 2030 1390 2056 δὲ
1405 2027 1440 2065 ἦν
1453 2029 1550 2061 ταῦτα,
1565 2028 1712 2064 δεδήλωται
1726 2028 1770 2055 διὰ
1785 2027 1840 2055 τῶν
1853 2028 1907 2063 ἒμ-

1109 2077 1227 2113 προσθεν
1239 2085 1245 2092 ·
1263 2078 1291 2104 ἐν
1316 2073 1357 2109 οἷς
1372 2073 1407 2112 ἦν
1425 2076 1472 2102 καὶ
1488 2076 1528 2108 τὸ,
1546 2075 1683 2102 Πεσεῖται
1703 2075 1738 2101 ἐκ
1757 2074 1813 2101 τοῦ
1835 2074 1907 2101 κλι-

1109 2133 1180 2157 τους
1197 2132 1256 2151 σου
1276 2123 1374 2158 χιλιὰς
1393 2123 1443 2150 καὶ
1458 2122 1567 2158 μυριὰς
1585 2123 1619 2149 ἐκ
1633 2121 1692 2148 τῶν
1707 2121 1816 2154 δεξιῶν·
1831 2129 1905 2148 σου.

1109 2171 1192 2202 Τέλος
1209 2171 1237 2197 δὲ
1258 2171 1367 2197 πάντων
1385 2170 1433 2196 καὶ
1454 2169 1556 2205 ὑστάτη
1570 2168 1640 2196 κατὰ
1656 2167 1766 2195 πάντων
1780 2167 1828 2194 τοῦ
1846 2167 1907 2193 ἃν-

1108 2217 1191 2253 τῆρος
1202 2216 1281 2252 ἡμῶν
1306 2216 1368 2251 νίκη
1390 2215 1556 2250 παρίσταται
1576 2215 1620 2241 διὰ
1633 2214 1691 2247 τοῦ,
1712 2214 1771 2240 Ἐπ’
1785 2213 1906 2240 ἀσπίδα

1109 2263 1158 2290 καὶ
1172 2263 1359 2295 βασιλίσκων
1375 2261 1504 2296 ἑπιϐήσῃ
1519 2262 1568 2288 καὶ
1590 2259 1814 2293 καταπατήσας
1832 2258 1905 2293 δρά-

1109 2317 1201 2335 κοντα
1215 2309 1264 2335 καὶ
1277 2308 1396 2335 λέοντα.
1419 2307 1569 2343 Δηλοῦσθαι
1589 2306 1618 2333 δὲ
1641 2306 1685 2332 διὰ
1701 2305 1805 2332 τούτων
1819 2304 1905 2341 ἡγοῦ-

1111 2362 1160 2390 μαι
1178 2353 1265 2389 ἀρχὰς
1281 2354 1328 2380 καὶ
1343 2353 1467 2387 ἐξουσίας
1488 2353 1534 2381 καὶ
1555 2351 1791 2388 κοσμοκράτορας,
1804 2351 1854 2377 καὶ
1868 2350 1905 2376 τὰ

1074 2400 1096 2427 D
1111 2399 1284 2434 πνευματικὰ
1306 2399 1355 2434 τῆς
1374 2400 1517 2435 πονηρίας.
1532 2398 1651 2429 Ταύταις
1673 2398 1722 2433 μὲν
1735 2394 1782 2424 οὖν
1798 2396 1906 2423 ὲπιδαί-

1111 2453 1178 2477 νειν,
1191 2445 1239 2472 καὶ
1252 2444 1286 2471 τὰ
1301 2444 1420 2471 τοσαῦτα
1437 2444 1518 2480 θηρία
1538 2445 1705 2471 καταπατεῖν
1720 2444 1777 2474 τοῖς
1797 2442 1903 2469 θειοτέ-

1110 2499 1167 2527 ροις
1183 2491 1232 2526 τῆς
1244 2490 1335 2517 ἐνθέου
1349 2491 1489 2526 δυνάμεως
1504 2489 1587 2517 αὐτοῦ
1605 2490 1768 2525 βαδίσμασιν
1784 2488 1869 2520 αὐτὸς
1888 2489 1903 2514 ό

1109 2537 1205 2573 Σωτὴρ
1221 2537 1343 2571 λέγεταν
1360 2537 1391 2563 τὸ
1411 2536 1439 2563 δὲ
1462 2537 1491 2562 ὲν
1510 2536 1604 2571 μηδενὶ
1625 2536 1821 2572 προσκόπτειν,
1841 2535 1902 2570 μηδ’

1108 2582 1234 2618 ἐμποδὼν
1255 2581 1378 2617 γίνεσθαί
1399 2591 1460 2608 τινα
1485 2583 1545 2613 ταῖς
1561 2581 1804 2617 σωματικωτέραις
1824 2582 1902 2616 ἑνερ-›

1109 2628 1196 2662 γείαις
1209 2628 1302 2660 αὑτοῦ,
1318 2628 1428 2663 ἄγγελοι
1441 2628 1490 2663 τὴν
1506 2627 1645 2654 διακονίαν
1657 2626 1815 2662 εἰλήφεσαν.
1831 2624 1901 2652 Ἀλλ’

1111 2674 1205 2710 ὥσπερ
1220 2675 1266 2700 ἐπὶ
1288 2673 1336 2700 τοῦ
1359 2673 1514 2710 σωματικοῦ
1539 2672 1717 2709 σκηνώματος
1739 2672 1824 2699 αὑτοῦ
1845 2671 1890 2698 ἑλέ

1111 2727 1186 2753 γετο,
1205 2718 1323 2751 Μάστιξ
1337 2720 1393 2746 οὐκ
1415 2718 1504 2754 ἐγγιεῖ
1519 2718 1555 2745 ἐν
1575 2717 1614 2751 τῷ
1636 2717 1810 2752 σκηνώματι
1823 2724 1902 2755 σου,

1111 2765 1159 2791 καὶ
1174 2765 1204 2791 τὸ
1218 2764 1304 2792 αἴτιον
1325 2766 1443 2800 ἐπήγετο
1457 2764 1502 2791 διὰ
1524 2763 1582 2797 τοῦ,
1600 2765 1660 2791 Ὀτι
1679 2763 1741 2796 τοῖς
1762 2762 1904 2798 ἀγγέλοις

1112 2809 1205 2838 αὑτοῦ
1221 2810 1380 2838 ἐντελεῖται
1396 2810 1463 2845 περὶ
1478 2810 1551 2838 σοῦ’
1567 2809 1638 2837 οὕτω
1653 2809 1700 2837 καὶ
1716 2809 1763 2838 νῦν
1776 2808 1846 2846 μετὰ
1857 2807 1902 2841 τὸ,
