2032 3215
260 178 327 206 “(i7

643 174 778 202 EUSEBII
797 171 1037 201 CrESARlENSlS

1105 171 1129 197 Ρ.
1149 170 1238 197 PARS
1257 169 1303 198 lli.
1322 185 1356 189 “·’
1376 167 1579 195 ΕΧΕΕΕΤΙΟΑ.

1806 163 1872 192 “BS

260 238 352 273 quiem
383 234 619 265 considerandam,
646 240 795 268 verumque
822 232 969 258 Sabbalnm
992 237 1042 266 pro

1105 227 1202 262 ιὺτήν·
1220 228 1302 263 ἐρεῖς,
1320 227 1360 253 ὅτι
1381 227 1513 262 προσήκει
1532 226 1625 260 νοῆσαι
1647 223 1715 250 Θεοῦ
1731 224 1874 249 κατάπαυ-

261 283 392 318 dignitate
407 281 454 308 Dei
474 279 663 315 accipiendum
684 285 756 305 esse.
778 277 813 303 At
834 277 906 304 enim
923 276 1043 303 declarat

261 330 317 361 ille,
334 328 431 363 impios
448 327 572 354 homines
586 333 641 352 non
673 325 848 359 ingressurus
871 330 932 349 esse
957 322 984 348 in
1000 329 1044 348 re-

261 375 351 410 quiem
369 373 466 408 ipsius,
479 372 507 399 in
522 371 634 406 psalmis
650 369 715 396 talia
725 368 795 396 fatus
811 376 818 394 :
835 368 940 401 Semper
954 371 1044 394 errant

262 421 352 448 corde.
370 418 428 454 Ipsi
451 426 510 445 vero
535 425 587 444 non
608 419 780 450 cognoverunt
797 415 852 441 vias
878 421 960 444 meas,
977 413 1044 438 sicut

263 466 350 500 iuravi
364 466 392 492 in
407 465 448 491 ira
464 472 533 495 mea.
551 463 574 490 si
587 461 731 489 introibunt
747 461 774 487 in
790 459 902 494 requiem
918 458 1042 485 meum".

262 512 381 540 Necesse
394 511 475 546 igitur
487 513 529 537 est
544 508 663 536 Sabbata
692 506 739 534 Dei
763 505 911 534 secundum
928 509 1044 533 mentem

264 557 399 592 accipere,
423 561 450 583 et
464 554 519 582 Deo
548 557 741 588 congruentem
769 551 891 586 requiem
914 550 1045 585 cogitare,

263 611 317 639 qua
344 602 421 637 impii
432 608 488 628 non
515 600 662 632 donantur,
687 597 735 626 sed
765 597 816 625 soii
847 596 914 631 justi
938 603 969 623 ac
999 595 1047 622 Dei

264 648 355 676 amici.
374 648 414 674 Ita
433 646 505 674 enim
522 644 671 672 dixerimus
687 642 835 673 Abraham,
854 640 940 672 Isaac.
962 639 1047 667 Iacob

264 698 292 722 et
303 700 398 721 omnes
409 695 542 726 quotquot
559 693 622 716 ante
638 691 665 715 et
690 689 753 722 post
781 686 842 713 illos
865 685 912 713 Dei
928 686 1047 712 cultores

265 739 353 770 fuere,
373 737 542 772 intelligendi
555 743 631 763 more
650 735 739 762 solum
765 734 876 761 novisse
904 739 935 759 ac
956 736 1047 758 custo-

265 785 340 812 disse
363 782 482 811 Sabbata
511 781 568 814 Dei,
586 785 613 808 et
634 780 772 815 ingressos
788 786 849 806 esse
873 777 901 804 in
925 776 1047 810 requiem

265 830 337 865 ejus.
351 828 422 862 Quid
433 829 516 864 igitur
537 827 672 862 signiﬁcet
699 825 861 856 Sabbatum,
882 823 1048 858 perpendere

267 876 454 905 necessarium
484 878 537 902 est.
569 873 717 901 Sabbatum
751 879 812 899 esse
846 870 969 905 requiem
1000 868 1047 896 Dei

268 923 410 957 Scriptura
424 920 557 950 declarat,
583 925 665 953 quam
677 920 739 952 post
768 915 941 944 sensibilium
971 920 1048 940 crea-
1065 908 1085 935 Β

267 969 369 997 tionem
387 966 501 994 inducit.
529 965 577 992 Dei
592 971 657 992 vero
686 962 795 997 requies
810 968 870 996 quae
886 960 939 987 alia
956 959 1048 991 fuerit,

267 1015 321 1042 nisi
335 1012 506 1042 conversatio
528 1011 557 1038 in
585 1009 800 1044 intelligibilibus
828 1011 855 1034 et
881 1005 1048 1033 cmlestibus.

267 1061 335 1089 Nam
361 1066 423 1087 cum
449 1055 627 1086 sensibilibus
655 1053 799 1090 prospicit,
814 1055 843 1080 et
870 1052 945 1079 circa
967 1057 1050 1086 opera

267 1104 446 1142 providentiae
458 1101 554 1130 mundi
576 1104 712 1131 versatur,
726 1102 793 1125 tunc
809 1097 910 1125 dicitur
925 1095 1050 1132 operari;

262 1151 398 1188 atquesic
406 1147 610 1184 intelligendum
618 1147 669 1173 hoc
677 1144 825 1172 Salvatoris
831 1143 918 1170 nostri
929 1142 1032 1169 dictum
1043 1150 1050 1169 ε

269 1198 352 1226 Pater
366 1204 438 1224 meus
460 1202 540 1229 usque
557 1193 634 1220 modo
650 1197 774 1226 operatur
793 1195 817 1217 et
837 1198 883 1225 ego
902 1196 994 1223 operor
1003 1188 1026 1204 "
1044 1198 1050 1214 :

269 1251 332 1272 cum
346 1247 436 1270 autem
451 1241 523 1268 circa
545 1247 627 1274 opera
641 1239 812 1272 incorporea,
826 1240 853 1264 et
866 1235 1052 1266 coelestia..et,

270 1296 301 1318 ut
316 1289 378 1325 quis
398 1287 507 1319 dixerit,
523 1286 595 1314 circa
608 1291 667 1312 eam
683 1290 743 1318 qua:
770 1281 807 1310 ibi
831 1282 935 1317 geritur
962 1286 1053 1307 rerum

271 1333 522 1363 considerationem
544 1335 681 1363 versatur,
702 1333 769 1356 tunc
792 1328 914 1363 requiem
938 1326 1052 1357 habere,

271 1388 299 1410 et
316 1381 465 1409 Sabbalum
487 1386 567 1407 suum
592 1384 672 1413 agere
699 1375 869 1410 intelligitur.
895 1372 995 1400 Eadem
1009 1379 1054 1399 ra-

272 1430 346 1457 tione
360 1427 443 1462 igitur
453 1425 505 1453 viri
521 1431 630 1459 quoque
647 1422 706 1456 Dei,
719 1421 828 1457 quando
853 1420 982 1455 operibus
994 1418 1054 1446 ani-

272 1480 345 1500 mam
359 1470 572 1506 defatigantibus
591 1469 667 1504 (talia
682 1475 748 1495 vero
760 1470 826 1494 sunt
849 1465 941 1493 omnia
955 1471 1054 1497 corpo-

273 1525 331 1550 rea,
345 1520 373 1545 et
387 1520 501 1543 terrente
514 1514 605 1542 carnis
620 1511 720 1548 amica)
733 1511 851 1543 liberati,
877 1510 932 1538 Deo
943 1516 1055 1545 prorsus

1094 284 1145 305 σιν,
1166 275 1212 300 καὶ
1229 273 1260 300 τὺ
1278 273 1402 308 ἀληθινὸν
1423 272 1558 299 Σάδϐατον
1584 269 1740 302 ἐκδέξασθαι
1757 268 1877 300 ἐπαξίως

1091 321 1140 347 τοῦ
1165 319 1241 346 Θεοῦ.
1268 320 1336 350 Τοὺς
1359 318 1413 354 γὰρ
1437 317 1546 348 ἀσεϐεῖς
1569 315 1727 352 ἀνθρώπους
1749 314 1817 349 φησὶ
1839 314 1877 349 μὴ

1092 365 1292 392 εἰσελεύσεσθαι
1315 365 1355 397 εἰς
1373 364 1422 400 τὴν
1441 363 1611 391 κατάπαυσιν
1633 361 1713 388 αὐτοῦ
1736 361 1824 394 λέγων
1849 361 1878 388 ὲν

1093 411 1219 446 ψαλμοῖς,
1241 411 1294 438 Ἀεί
1308 409 1478 437 πλανῶνται
1491 408 1529 443 τῇ
1544 407 1656 442 καρδίᾳ.
1671 406 1760 434 Αὐτοὶ
1773 405 1807 432 δὲ
1822 406 1880 432 οὐκ

1094 458 1231 492 ἔγνωσαν
1252 457 1305 489 τὰς
1322 456 1410 489 ὁδούς
1431 464 1500 490 μου,
1523 455 1562 487 ὡς
1578 453 1680 488 ὤμοσα
1699 453 1734 479 ἐν
1749 451 1786 485 τῇ
1805 450 1879 486 ὀργῆ

1092 513 1163 539 μου,
1176 505 1202 530 εὶ
1223 503 1447 530 εἰσελεύσονται
1462 502 1504 534 εἰς
1528 500 1587 534 τὴν
1605 498 1798 526 κατάπαυσίν
1808 506 1878 531 μου.

1096 550 1199 577 Οὐκοῦν
1219 550 1367 583 ἀναγκαῖον
1386 547 1456 574 κατά
1475 547 1591 574 διάνοιαν
1616 545 1738 572 ἐκλαϐεῖν
1755 543 1882 569 Σάϐϐατα

1096 595 1175 627 Θεοῦ,
1197 595 1244 622 καὶ
1265 594 1418 622 ἀνάπαυσιν
1441 592 1500 627 Θεῷ
1524 592 1692 627 πρέπουσαν,
1713 587 1747 626 ἦς
1773 588 1882 618 ἀσεϐεῖς

1099 641 1148 676 μὲν
1169 640 1218 666 οὐκ
1234 639 1383 672 ἀξιοῦνται,
1400 638 1475 673 μόνοι
1493 637 1521 663 δὲ
1536 637 1561 662 οἱ
1578 636 1673 662 δίκαιοι
1688 634 1793 661 καὶτοῦ
1813 633 1882 660 Θεοῦ

1097 685 1177 720 φίλοι.
1192 685 1268 712 Οὕτω
1284 684 1348 719 γοῦν
1367 685 1490 719 εἰποιμεν
1503 682 1536 710 ἂν
1551 682 1597 708 καὶ
1617 681 1663 708 τὸν
1680 679 1814 716 Ἀϐραὰμ,
1834 678 1882 705 καὶ

1097 732 1142 759 τὸν
1162 732 1262 764 Ἰσαὰκ,
1276 731 1323 758 καὶ
1341 731 1385 758 τὸν
1403 729 1511 761 Ἰακὼϐ,
1529 728 1591 760 τούς
1606 737 1636 754 τε
1653 727 1705 763 πρὸ
1723 726 1812 753 αὐτῶν
1831 725 1880 752 καὶ

1099 779 1157 814 μετ’
1173 779 1270 809 αὐτοὺς
1284 776 1417 811 θεοφιλεῖς
1434 776 1538 807 πάντας
1554 774 1623 801 κατὰ
1638 773 1756 800 διάνοιαν
1768 771 1884 806 ἐγνωκέ-

1097 834 1140 852 ναι
1155 825 1202 860 καί
1215 823 1398 858 πεφυλαχέναι
1411 822 1445 848 τὰ
1465 821 1590 849 Σάϐὗατα
1603 820 1651 847 τοῦ
1663 819 1740 851 Θεοῦ,
1763 819 1811 845 καὶ
1824 819 1882 844 εἰσ-

1099 870 1256 906 εληλυθέναι
1274 870 1313 900 εἰς
1326 868 1373 904 τὴν
1390 868 1560 895 κατάπαυσιν
1572 866 1664 894 αὑτοῦ.
1681 865 1713 892 Τί
1726 864 1758 900 δὴ
1773 862 1819 891 οὖν
1837 873 1886 898 ση-

1101 916 1190 952 μαίνει
1210 915 1240 941 τὺ
1260 913 1407 946 Σάϐϐατον,
1426 913 1572 947 ἀναγκαῖον
1588 911 1740 946 ἐπιστῆσαι.
1762 910 1791 936 ’0
1807 910 1886 943 λόγος

1099 961 1250 988 ἀνάπαυσιν
1269 959 1343 995 δηλοῖ
1362 958 1445 985 Θεοῦ’
1467 958 1570 991 εἰσάγει
1585 965 1615 983 τε
1632 956 1732 991 ταύτην
1755 954 1823 990 μετά
1836 954 1887 989 τὴν

1099 1007 1153 1034 τῶν
1170 1005 1306 1041 αἰσθητῶν
1332 1004 1518 1040 κοσμοποιίαν.
1539 1001 1606 1029 Θεοῦ
1630 1002 1658 1028 δὲ
1680 1001 1833 1032 ἀνάπαυσις
1845 1001 1886 1031 τίς

1101 1053 1134 1080 ἂν
1144 1053 1247 1087 γένοιτο
1262 1052 1342 1086 ἑτέρα
1356 1051 1405 1086 τῆς
1421 1049 1488 1085 πρὸς
1505 1050 1560 1080 τοῖς
1582 1049 1686 1083 νοητοῖς
1697 1047 1744 1074 καὶ
1770 1047 1886 1082 ὑπερκο-

1103 1098 1192 1133 σμίοις
1217 1097 1373 1132 διαγωγῆς;
1403 1095 1466 1122 Ὅτε
1488 1095 1536 1130 μὲν
1557 1094 1611 1130 γὰρ
1635 1094 1699 1129 περὶ
1723 1093 1757 1119 τά
1770 1092 1887 1128 αἰσθητά

1102 1145 1261 1180 περισκοπεῖ
1276 1143 1321 1170 καὶ
1340 1141 1404 1177 περί
1424 1140 1459 1167 τὰ
1474 1141 1542 1175 ἔργα
1562 1140 1611 1175 τῆς
1629 1139 1676 1166 τοῦ
1697 1138 1800 1173 κόσμου
1823 1147 1888 1172 προ-

1102 1189 1175 1221 νοίας
1195 1188 1379 1222 καταγίνεται,
1401 1186 1562 1222 ἐργάζεσθαι
1582 1184 1711 1219 λέγεται”
1733 1184 1780 1209 καὶ
1801 1183 1888 1214 οὕτως

1102 1235 1246 1263 ἀκουστέον
1267 1234 1390 1268 λέγοντος
1411 1233 1458 1259 τοῦ
1479 1232 1604 1267 Σωτῆρος
1625 1230 1724 1266 ἡμῶν,,
1738 1230 1765 1256 '0
1787 1229 1889 1262 Πατήρ

1099 1291 1159 1318 μου
1171 1282 1226 1314 ἕως
1245 1280 1309 1314 ἄρτι
1322 1279 1487 1314 ἐργάζεται,
1512 1277 1593 1312 κάγὼ
1612 1276 1781 1312 ἐργάζομαι·
1799 1276 1844 1302 ὅτε
1859 1275 1889 1301 δὲ

1104 1328 1171 1364 πρὸς
1184 1328 1238 1358 τοῖς
1257 1326 1410 1362 ἀσωμάτοις
1427 1326 1474 1352 καὶ
1488 1324 1682 1360 ὐπερκοσμίοις
1696 1323 1764 1353 ἐστὶ,
1777 1322 1835 1353 καὶ,
1850 1322 1889 1353 ὡς

1103 1373 1135 1401 ἃν
1150 1373 1220 1399 είποι
1239 1381 1291 1405 τις,
1313 1372 1342 1397 ὲν
1353 1373 1387 1407 τῇ
1401 1371 1498 1398 αὐτόσε
1515 1369 1597 1396 αὑτοῦ
1613 1369 1753 1405 περιωιιτῇἰ
1764 1367 1796 1394 τὸ
1815 1376 1892 1404 τηνδ-

1105 1419 1192 1445 καῦτα
1207 1418 1358 1445 ἀνάπαυσιν
1378 1417 1465 1452 ἄγειν,
1477 1416 1524 1444 καὶ
1538 1415 1567 1443 τὸ
1579 1414 1660 1443 αὐτοῦ
1678 1415 1814 1442 Σάϐϐατον
1831 1415 1892 1440 ἐπι-

1104 1465 1190 1493 τελεῖν
1203 1466 1311 1492 νοεῖται.
1333 1464 1411 1492 Κατὰ
1424 1465 1460 1491 τὰ
1481 1463 1550 1490 αὺτά
1568 1462 1711 1498 τοιγαροῦν
1730 1462 1777 1488 καὶ¹
1799 1462 1824 1488 οἱ
1843 1461 1891 1488 τοῦ

1105 1511 1173 1538 Θεοῦ
1187 1511 1292 1547 ἄνδρες,
1311 1509 1430 1542 ἐπειδὰν,
1452 1508 1505 1536 τῶν
1525 1507 1679 1535 κοπούντων
1697 1507 1757 1542 (sic)
1772 1506 1822 1539 τὴν
1842 1507 1894 1541 ψυ-

270 1567 382 1594 vacant,
398 1569 431 1589 ac
445 1560 599 1588 divinorum
623 1557 862 1594 spiritualiumque
889 1554 1055 1589 contempla-

216 1602 219 1606 .
288 1609 291 1610 ,
335 1607 374 1610 ,.
528 1609 531 1610 ,
569 1608 573 1610 _
748 1606 767 1610 .,
800 1601 851 1610 πη
882 1600 995 1610 ιιι-.-
1032 1603 1054 1610 -.

1108 1558 1156 1594 χὴν
1169 1557 1256 1593 ἔργων
1283 1556 1403 1593 (τοιαῦτα
1415 1555 1444 1582 δὲ
1458 1555 1546 1582 πάντα
1559 1554 1594 1581 τὰ
1608 1553 1750 1589 σωματικὰ
1767 1552 1814 1579 καὶ
1827 1552 1893 1586 φίλα

273 1609 342 1636 tioni
359 1606 444 1635 dediti
472 1609 546 1636 sunt,
567 1608 631 1631 tunc
664 1606 774 1637 accepta
800 1601 855 1628 Deo
882 1600 1011 1632 Sabbata,
1029 1603 1056 1626 et

273 1653 397 1689 requiem
413 1652 529 1680 Domino
537 1650 591 1677 Deo
606 1653 700 1685 agunt.
715 1647 753 1675 De
779 1647 823 1674 his
847 1654 912 1674 vero
930 1646 1056 1673 Sabbatis

275 1699 328 1727 hoc
343 1699 382 1725 ait
400 1696 496 1724 :Nunc
506 1695 663 1730 relinquitur
677 1693 853 1720 sabbatismus
864 1691 958 1726 populo
974 1690 1057 1717 Dei‘?

276 1748 304 1772 et
315 1750 426 1770 rursum
441 1752 448 1768 :
461 1741 624 1768 Festinamus
647 1740 729 1774 igitur
753 1737 855 1772 ingredi
878 1737 904 1763 in
920 1737 996 1763 illam
1015 1744 1057 1762 re-

275 1790 387 1826 quicm'.
405 1787 472 1815 Nam
498 1786 647 1822 perfectum
661 1785 810 1813 Sabbatum
823 1787 850 1810 et
864 1782 983 1818 perfecta
994 1783 1056 1809 bea-

275 1835 438 1869 tissimaque
457 1832 567 1867 requies
585 1832 613 1858 in
638 1838 723 1866 regno
746 1829 803 1862 Dei,
827 1837 911 1864 supra
937 1837 985 1856 sex
999 1828 1058 1855 die-

231 1894 234 1897 -
277 1889 340 1909 rum
355 1880 507 1916 opiﬁcium,
521 1878 641 1910 exsistit,
656 1881 683 1906 et
707 1881 786 1905 extra
800 1877 893 1904 omnia
918 1875 1058 1904 sensibilis

278 1929 305 1955 in
335 1926 505 1961 incorporeis
532 1929 559 1952 et
581 1923 742 1951 coelestibus
763 1926 899 1954 versatur,
913 1921 986 1949 unde
1011 1929 1060 1948 au-

277 1972 346 2007 fugit
374 1971 462 2004 dolor,
490 1969 601 1997 tristitia
622 1972 649 1996 et
678 1968 814 2004 gemitus;
839 1967 885 1994 ubi
910 1973 925 1993 a
951 1966 1059 1994 mortali

277 2021 306 2046 et
331 2017 497 2052 corruptioni
524 2016 641 2043 obnoxia
662 2015 719 2042 vita
745 2014 842 2048 erepti,
863 2018 946 2048 atque
973 2013 1059 2040 otium

277 2062 335 2091 Deo
357 2067 465 2098 gratum
482 2069 514 2089 ac
534 2061 642 2089 beatum
658 2065 780 2096 agentes,
790 2064 817 2088 et
832 2067 848 2086 a
873 2059 996 2094 corporis
1013 2066 1060 2086 ac-

278 2108 402 2135 tionibus
429 2110 511 2141 atque
533 2113 548 2133 a
576 2106 707 2133 servitute
740 2104 832 2132 carnis
860 2104 980 2136 liberati,
997 2111 1060 2131 cum

280 2156 343 2190 ipso
359 2152 414 2180 Deo
430 2155 457 2180 et
472 2151 544 2187 apud
570 2152 658 2186 ipsum
684 2155 836 2182 versantes,
865 2149 1013 2177 Sabbatum
1034 2153 1062 2176 et

279 2200 403 2236 requiem
414 2206 535 2234 agemus.
560 2197 740 2230 Quamobrem
763 2197 801 2223 ait
824 2195 970 2231 Apostolus
988 2194 1063 2223 :Fe—

1107 1605 1156 1640 τῆς
1174 1604 1289 1638 γεώδους
1311 1603 1432 1638 σαρκὸς),
1454 1601 1665 1635 ἀπαλλαγέντες.
1683 1600 1740 1627 ὅλοι
1759 1600 1893 1634 γένωνται

1107 1650 1175 1686 πρὸς
1198 1649 1237 1684 τῷ
1262 1649 1321 1685 Θεῷ
1339 1648 1386 1675 καὶ
1412 1647 1480 1684 πρὸς
1504 1649 1537 1683 τῇ
1552 1646 1606 1673 τῶν
1620 1646 1700 1673 Θείων
1720 1646 1768 1672 καὶ
1787 1645 1894 1681 νοητῶν

1108 1695 1187 1731 σχολῇ
1207 1704 1236 1722 τε
1252 1695 1298 1722 καὶ
1321 1693 1432 1730 θεωρίᾳ,
1444 1693 1504 1720 τότε
1516 1693 1550 1720 τὰ
1567 1692 1632 1726 φίλα
1644 1692 1683 1728 τῷ
1694 1691 1754 1727 Θεῷ
1760 1691 1893 1728 ,Σάϐϐατα

1107 1742 1153 1768 καὶ
1165 1741 1316 1769 ἀνάπαυσιν
1333 1740 1427 1776 Κυρίῳ
1440 1739 1479 1775 τῷ
1493 1739 1552 1774 Θεῷ
1566 1738 1672 1773 ἄγουσι.
1689 1738 1743 1765 Καὶ
1758 1738 1822 1773 περὶ
1840 1737 1895 1765 τῶν

1107 1787 1234 1814 τοιούτων
1248 1788 1267 1813 Σ
1272 1787 1393 1814 πῦὸἀτων
1407 1786 1527 1812 διδάσκει
1537 1785 1638 1819 λέγων·
1651 1783 1722 1819 Ἆρα
1735 1784 1896 1811 ἀπολείπε-

1108 1841 1158 1859 ται.
1173 1833 1375 1867 σαϐϐατισμὸς
1395 1831 1435 1864 τῷ
1459 1831 1523 1864 λαῷ
1547 1831 1599 1858 τοῦ
1622 1831 1713 1862 Θεοῦ;
1731 1830 1778 1857 καὶ
1795 1830 1893 1857 πάλιν·

1108 1878 1330 1912 Σπουδάσωμεν
1341 1876 1398 1905 οὖν
1411 1877 1558 1904 εἰσελθεῖν
1571 1878 1614 1909 εἰς
1633 1876 1756 1911 ἐκείνην
1771 1875 1829 1910 τὴν
1843 1883 1896 1902 κα-

1109 1924 1269 1951 τάπαυσιν.
1286 1923 1323 1949 Τὸ
1335 1923 1389 1958 γὰρ
1409 1922 1510 1949 τέλειον
1534 1922 1681 1954 Σάϐϐατον,
1701 1921 1748 1948 καὶ
1766 1922 1782 1956 ἡ
1806 1920 1897 1947 τελεία

1110 1969 1156 1996 καὶ
1172 1970 1189 2005 ἡ
1202 1969 1387 2005 τρισμακαρία
1407 1968 1577 2000 κατάπαυσις
1595 1969 1624 1994 ὲν
1643 1969 1676 2003 τῇ
1694 1967 1741 1994 τοῦ
1757 1967 1827 1993 Θεοῦ
1849 1967 1898 2002 βα-

1111 2015 1196 2050 σιλείᾳ
1217 2014 1354 2050 τυγχάνει,
1375 2015 1445 2050 ὑπὲρ
1467 2014 1516 2049 τὴν
1542 2013 1692 2049 ὲξαήμερον
1716 2013 1899 2048 δημιουργίαν

1110 2062 1158 2088 καὶ
1171 2060 1224 2087 τῶν
1239 2059 1375 2095 αἰσθητῶν
1394 2060 1520 2087 ἁπάντων
1532 2059 1611 2090 ὲκτδς
1632 2059 1660 2085 ἐν
1674 2058 1831 2093 ἀσωμάτοις
1850 2059 1899 2084 καὶ

1111 2106 1321 2142 ὑπερκοσμίοις,
1345 2105 1410 2132 ἔνθα
1434 2104 1540 2140 ἀπέδρα
1564 2103 1642 2138 ὀδύνη
1667 2103 1714 2130 καὶ
1734 2103 1824 2138 λύπη,
1851 2104 1899 2130 καὶ

1112 2151 1277 2187 στεναγμός”
1307 2151 1371 2178 ἔνθα
1396 2150 1445 2185 τῆς
1471 2149 1571 2184 θνητῆς
1597 2149 1644 2176 καὶ
1672 2148 1797 2184 φθαρτῆς
1823 2149 1900 2183 ζωῆς

1112 2198 1324 2232 ἀπαλλαγέντες,
1347 2198 1393 2223 καὶ
1409 2197 1507 2232 ἀργίαν
1527 2196 1698 2231 ἀργήσαντες
1719 2195 1768 2230 τὴν
1785 2195 1900 2230 θεοφιλῆ

280 2248 407 2276 διὶηενηιιδ
421 2245 501 2280 igitur
514 2243 614 2279 ingredi
627 2244 654 2269 in
669 2242 744 2269 illam
764 2242 888 2277 requiem.
912 2241 1055 2277 Imaginem

1112 2244 1158 2272 καὶ
1173 2244 1321 2280 μακαρίαν,
1336 2243 1390 2271 τῶν
1411 2252 1441 2270 τε
1464 2242 1626 2278 σωματικῶν
1643 2241 1767 2277 πράξεων
1787 2242 1837 2268 καὶ
1849 2241 1901 2276 τῆς

281 2300 364 2328 porro
379 2291 453 2319 illius
469 2289 580 2317 Sabbati
602 2296 634 2316 ac
654 2288 781 2324 perfectae
795 2288 1010 2322 beatissimaaque
1022 2295 1064 2315 re-

277 2338 355 2376 quiei
372 2339 400 2365 in
410 2341 483 2365 terra
496 2340 633 2372 gestantes
647 2335 699 2363 viri
715 2334 775 2368 Dei,
798 2335 880 2363 ferias
905 2334 1020 2370 agebant
1036 2338 1063 2362 et

281 2385 464 2413 cessationem
488 2383 522 2410 ab
537 2382 582 2414 iis,
598 2389 658 2416 quae
681 2388 697 2408 a
717 2380 772 2408 Deo
795 2381 889 2416 procul
919 2384 1062 2412 amovent;

281 2431 333 2459 toti
360 2433 452 2457 autem
481 2427 637 2456 divinorum
662 2425 885 2460 contemplationi
911 2425 1006 2457 dediti.
1020 2425 1064 2452 die

280 2480 416 2511 nocteque
429 2477 456 2502 in
471 2482 613 2503 sacrorum
628 2480 785 2502 sermonum
812 2471 988 2500 meditatione
1003 2478 1064 2506 per-

282 2528 452 2554 severantes,
467 2526 561 2549 sancta
585 2520 704 2548 Sabbata
724 2523 751 2546 et
779 2518 833 2545 Deo
860 2521 998 2552 acceptam
1023 2524 1065 2544 re-

283 2568 374 2604 quiem
399 2568 574 2604 agebant;ac
588 2571 655 2593 tunc
676 2573 740 2593 vere
769 2564 918 2591 Sabbatum
944 2563 1065 2591 celebra-

283 2613 362 2641 bant.
379 2612 470 2645 Quare
486 2616 638 2647 opportune
661 2611 762 2647 Moysis
778 2611 832 2642 lex,
845 2609 901 2644 jam
930 2608 1065 2636 dictorum

284 2658 397 2685 umbras
410 2661 436 2685 et
447 2658 568 2692 symbola
578 2657 700 2688 tradens,
713 2655 877 2683 multitudini
890 2655 960 2682 diem
970 2659 1066 2688 quam-

285 2703 348 2730 dam
363 2701 522 2736 assignavit,
534 2706 564 2729 ut
581 2702 676 2728 saltem
691 2701 718 2728 in
733 2708 765 2728 ea
780 2707 795 2727 a
819 2700 960 2727 consuetis
974 2697 1066 2734 operi-

285 2748 337 2776 bus
361 2748 539 2778 abstinerent.
557 2747 656 2774 divina:
680 2751 771 2774 autem
801 2746 868 2780 legis
894 2744 1066 2772 meditationi

286 2799 424 2823 vacarent.
440 2793 563 2822 Praesens
582 2799 654 2822 certe
670 2795 791 2828 psalmus
808 2794 910 2822 diserte
936 2793 1014 2821 docet
1035 2801 1066 2821 ea

1115 2290 1235 2322 δουλείας
1255 2291 1304 2326 τῆς
1328 2289 1426 2326 σαρκος
1446 2287 1680 2324 ἐλευθερωθέντες,
1702 2288 1750 2314 σὺν
1768 2288 1844 2323 αὐτῷ
1859 2288 1902 2323 τῷ

1116 2335 1174 2371 Θεῷ
1194 2336 1239 2362 καὶ
1251 2336 1314 2371 παρ’
1331 2335 1405 2370 αὐτῷ
1423 2334 1573 2369 γενόμενοι,
1588 2333 1785 2368 σαϐϐατίσομέν
1800 2343 1829 2360 τε
1852 2334 1902 2360 xui.

1117 2380 1335 2415 ἀναπαυσόμεθα.
1349 2379 1393 2406 Διό
1407 2388 1488 2416 φησιν
1504 2379 1518 2405 ὁ
1534 2377 1691 2409 ’Δπόστολος
1700 2387 1707 2394 ·
1720 2378 1903 2405 Σπουδάσω-

1114 2435 1171 2461 μεν
1187 2424 1244 2454 οὖν
1260 2425 1408 2453 εἰσελθεῖν
1428 2427 1471 2458 εἰς
1492 2425 1611 2458 ἐκείνην
1626 2425 1683 2458 τὴν
1697 2424 1900 2451 κατάπαυσιν.

1117 2472 1214 2498 mm
1228 2471 1249 2498 δ’
1262 2472 1365 2498 ἐκείνου
1380 2471 1426 2497 τοῦ
1441 2470 1578 2498 Σαϐϐάτου
1593 2471 1639 2497 καὶ
1652 2470 1700 2506 τῆς
1712 2469 1819 2501 τελείας
1832 2471 1903 2497 ὲκεί-

1117 2526 1165 2552 νης
1181 2518 1227 2544 καὶ
1244 2517 1442 2553 τρισμακαρίας
1455 2517 1633 2548 ἀναπαύσεως
1648 2516 1776 2551 φέροντες
1793 2517 1840 2543 ἐπὶ
1851 2517 1902 2551 γῆς

1117 2563 1162 2589 τοῦ
1181 2563 1248 2590 Θεοῦ
1272 2563 1377 2599 ἄνδρες,
1394 2563 1489 2599 σχολὴν
1514 2563 1562 2598 μὲν
1584 2562 1722 2589 ἐποιοῦντο
1740 2563 1787 2590 καὶ
1803 2563 1903 2598 ἀργίαν

1117 2609 1171 2636 τῶν
1195 2609 1302 2645 μακρὰν
1317 2610 1485 2644 ἀφιστάντων
1502 2609 1549 2636 τοῦ
1563 2609 1640 2640 Θεοῦ,
1655 2609 1709 2635 ὅλοι
1726 2609 1754 2635 δὲ
1774 2609 1843 2644 πρὸς
1867 2609 1901 2642 τῇ

1118 2655 1173 2681 τῶν
1190 2654 1270 2681 θείων
1289 2654 1387 2690 θεωρίᾳ
1400 2654 1564 2689 γιγνόμενοι,
1577 2654 1609 2680 δι’
1625 2653 1730 2689 ἡμέρας
1745 2661 1775 2679 τε
1796 2652 1842 2678 καὶ
1857 2661 1902 2677 νυ-

1119 2701 1181 2732 κτὸς
1197 2703 1230 2736 τῇ
1245 2701 1299 2728 τῶν
1316 2701 1339 2727 ia
1344 2701 1397 2736 ρῶν
1411 2701 1496 2735 λόγων
1511 2701 1607 2736 μελέτῃ
1621 2698 1901 2735 προσκαρτεροῦντες,

1119 2749 1183 2782 ἅγια
1203 2748 1328 2775 Σάϐϐατα
1348 2747 1394 2774 καὶ
1413 2747 1565 2774 ἀνάπαυσιν
1582 2746 1660 2782 φίλην
1681 2746 1719 2781 τῷ
1727 2744 1791 2780 ,Θεῷ
1816 2743 1902 2771 δηνέο

1121 2802 1205 2820 παυον
1225 2793 1284 2819 τότε
1303 2794 1349 2820 καὶ
1368 2793 1552 2825 ὲσαῦδάτιζον.
1578 2792 1672 2819 Ἔνθεν
1695 2792 1808 2824 εἰκότως
1825 2792 1870 2818 καὶ
1887 2791 1903 2817 ὁ

321 2887 344 2904 ⁸⁸
361 2887 434 2916 Psal.
453 2895 522 2921 xcrv,
541 2887 590 2921 i0,
609 2887 652 2914 li.
675 2886 713 2924 __"
732 2885 810 2914 Joan.
827 2894 854 2915 ν.
873 2886 916 2914 i7.
957 2887 965 2902 ¹
986 2883 1055 2914 Hebr

1105 2893 1124 2911 ι’.
1145 2885 1172 2911 9.
1211 2885 1220 2900 ¹
1249 2885 1310 2908 ἱΙιὶιί.
1334 2885 1360 2906 Η
