2032 3215
156 194 225 221 H69

716 195 965 224 COMMENTARIA
981 196 1014 224 lN
1032 196 1198 224 PSALMOS.

1235 159 1281 191 αι
1703 191 1765 218 ίΠΙ

154 249 292 281 Μωῦσέως
314 250 404 285 υὸμος,
421 250 499 282 σκιὰς
521 250 574 276 τῶν
589 251 739 286 είρημένων
759 253 803 279 καὶ
820 252 940 288 σύμϐολα

994 253 1024 280 de
1052 260 1134 280 causa
1153 252 1263 279 Subbati
1290 252 1375 279 otium
1397 253 1439 288 agi
1464 253 1573 283 debere,
1596 256 1622 278 et
1645 249 1769 277 inutilem

155 295 328 330 παραδιίοῗις,
354 295 460 331 ἡμέραν
486 296 546 322 τινὰ
574 298 629 327 τοῖς
654 296 781 333 πλήθεσιν
806 297 937 333 ἀψώρισε,

155 341 229 372 ὅπως
240 340 290 367 κᾶν
305 340 390 376 ταύτῃ
403 341 556 376 ἀπέχωνται
572 342 621 378 μὲν
639 343 692 369 τῶν
708 343 827 378 συνήθων
842 344 938 379 ἔργων,

157 387 312 422 σχολάζοιεν
331 387 358 414 δὲ
372 389 405 422 τῇ
420 387 466 414 τοῦ
482 388 552 415 θείου
567 389 648 423 νόμου
667 389 774 424 μελέτῃ.
793 389 827 416 ’⁷0
843 398 874 423 γε
888 389 940 425 μὴν

156 432 251 468 παρὼν
263 432 370 467 «taxat;
386 433 532 468 διαρρήδην
544 433 662 460 διδάσκει
677 434 722 460 ἐπὶ
736 433 812 460 τοῦτο
827 434 882 460 δεῖν
893 434 941 469 τὴν

155 477 202 504 τοῦ
222 477 360 505 Σαδὸἀτου
377 478 473 513 σχολὴν
490 478 622 505 ποιεῖσθαι
642 480 688 505 καὶ
706 480 755 515 τὴν
768 479 820 505 τῶν
837 480 942 514 ἀνωφε-

155 522 210 548 λῶν
232 523 336 558 ἀργιῶν
353 524 398 549 ὲπί
415 524 445 550 τὸ
467 523 536 550 κατὰ
556 524 654 551 ταύτὸν
676 524 886 560 συνερχομένους
902 525 944 560 ἐρ-

156 566 287 602 γάζεσθαι
298 567 332 594 τὰ
343 567 386 594 διὰ
398 567 444 594 τοῦ
461 568 567 604 ψαλμοῦ
579 569 739 604 δηλούμενα.
756 567 810 596 Ἦν
829 570 856 596 δὲ
871 570 943 605 πρῶ-

156 621 201 639 τον
219 612 436 648 ἐξομολογεῖσθαι
449 613 486 649 τῷ
504 614 598 649 Κυρίῳ
610 623 616 631 ·
630 615 755 650 δεύτερον
773 615 883 650 ψάλλειν
900 615 943 642 διὰ

157 658 211 685 τῶν
233 659 369 693 μουσικῶν
392 660 514 695 ὀργάνων
537 659 575 694 τῷ
594 661 703 695 ὀνόματι
728 661 825 688 αὑτοῦ·
852 661 943 696 τρίτον

156 705 331 740 ἁναγγὲλλειν
346 706 416 732 κατὰ
431 706 480 737 τὰς
495 706 607 737 ἑωθινὰς
623 706 697 742 ὧρας
711 708 740 733 τὸ
754 707 826 739 ἕλεος
839 707 921 733 αὑτοῦ
934 716 940 722 ·

991 299 1171 326 cessationem
1188 298 1373 333 depellendam
1386 306 1457 331 esse,
1472 303 1501 326 ut
1512 299 1540 326 in
1557 305 1640 325 unum
1653 303 1770 331 congre-

993 344 1047 379 gati
1068 351 1099 371 ea
1116 352 1176 378 qua:
1200 344 1320 379 psalmus
1349 344 1451 371 indicat
1471 347 1647 379 peragantur.
1669 341 1771 368 Eorum

993 394 1084 416 autem
1106 389 1221 423 primum
1238 393 1291 421 est,
1307 389 1430 416 conﬁteri
1451 389 1583 422 Domino;
1609 386 1771 419 secundum,

994 444 1056 463 cum
1074 437 1188 464 musicis
1217 437 1408 465 instrumentis
1429 437 1544 472 psallere
1569 435 1672 464 nomini
1694 435 1771 470 ejus;

994 482 1116 514 tertium,
1137 482 1279 510 matutinis
1317 482 1393 510 boris
1428 482 1592 510 annuntiare
1615 481 1773 510 misericor-

994 527 1068 554 diam
1084 527 1312 562 ejus;quartum,
1339 527 1482 554 nocturnis
1501 527 1668 561 temporibus
1691 533 1771 553 enar-

995 579 1057 598 rare
1075 572 1216 599 veritatem
1231 572 1312 607 ejus:
1332 576 1359 600 et
1383 573 1441 600 haec
1466 580 1520 599 non
1541 571 1621 599 modo
1642 571 1723 598 labiis
1748 574 1773 598 et

994 625 1071 648 voce.
1089 617 1136 645 sed
1159 618 1241 645 etiam
1265 626 1313 653 per
1335 618 1502 645 musicorum
1531 617 1773 644 instrumentorum

995 662 1174 698 pulsationem
1190 669 1270 697 agere
1287 671 1295 690 :
1313 670 1377 689 nam
1390 663 1428 689 ait
1449 671 1456 688 :
1473 661 1507 689 In
1522 661 1683 689 decachordo
1702 661 1776 696 psalo

997 707 1072 738 tario,
1089 715 1147 733 cum
1159 707 1261 734 cantico
1276 707 1303 734 in
1320 707 1433 734 cithara.

155 754 285 790 τέταρτον
301 754 451 789 διηγεῖσθαι
474 755 522 790 τὴν
538 755 664 790 ἀλήθειαν
686 754 768 781 αὑτοῦ
789 755 859 781 κατά
880 755 942 786 τοὺς
960 755 1131 790 νυκτερινοὺς
1147 753 1274 789 καιρούς·
1296 755 1342 780 καὶ
1363 754 1448 780 ταῦτα
1464 754 1592 790 πράττειν
1627 755 1664 790 μὴ
1697 753 1776 788 μόνον

155 802 257 837 χείλεσι
280 802 326 828 καὶ
343 803 428 837 φωνῇ,
467 802 535 828 ἀλλὰ
557 803 602 829 καὶ
619 802 662 829 διὰ
678 803 727 837 τῆς
747 802 800 828 τῶν
823 803 958 837 μουσικῶν
989 802 1112 838 ὀργάνων
1131 801 1337 837 ἀνακροὺσεως·
1361 802 1408 827 Ἐν
1428 801 1598 836 δεκαχόρδῳ
1612 801 1678 837 γὰρ,
1698 801 1774 837 φησὶ,

155 849 311 883 ψαλττιρίῳ
325 849 375 876 καὶ
383 850 445 883 μετ’
458 849 537 883 ᾠδῆς
550 850 584 875 ὲν
596 849 711 883 κιθάρᾳ.

198 895 278 931 Ὁρᾷς
296 893 342 922 οὖν
359 895 408 922 ὅσα
426 895 555 930 πράττειν
578 897 592 922 ὁ
612 896 704 930 παρὼν
724 896 802 930 λόγος
816 898 942 932 παραινεῖ

1028 894 1110 922 Vides
1127 894 1208 930 igitur
1222 893 1254 921 ad
1270 902 1330 930 quae
1345 894 1372 921 in
1388 894 1432 921 die
1448 893 1657 921 resurrectionis
1672 893 1777 929 agenda

157 941 228 968 κατὰ
250 941 298 976 τὴν
321 942 369 976 τῆς
394 942 567 973 ἀναστάσεως
586 942 708 977 ἡμέραν;
731 942 943 977 Ἐπιγέγραπται

156 986 222 1021 γοῦν
237 987 252 1013 ὁ
285 986 400 1021 ψαλμὺς,
425 988 468 1020 είς
495 986 551 1021 τὴν
571 987 685 1021 ἡμέραν
706 987 758 1014 τοῦ
782 986 943 1014 Σαϐὅάτου.

163 1032 243 1059 Ἀλλὰ
265 1033 312 1059 καὶ
336 1033 360 1059 οἱ
383 1033 465 1068 ἱερεῖς
491 1033 520 1059 ὲν
539 1032 578 1068 τῷ
595 1033 658 1069 ἱερῷ
680 1033 748 1060 κατὰ
765 1033 794 1059 τὸ
808 1033 944 1060 Σάὃϐατον

156 1077 238 1114 ἕτερα
260 1078 372 1104 πλεῖστα
398 1078 530 1114 ἔπραττον
556 1079 626 1105 κατὰ
644 1079 689 1105 τὸν
708 1079 798 1113 νόμον.
819 1079 875 1105 Οὐκ
891 1079 943 1113 ἄρα

156 1122 306 1159 ὁλοσχερῶς
316 1124 410 1159 ἀργεῖν
424 1124 594 1159 προστάττει.
605 1123 673 1150 ’Δλλ”
686 1124 745 1151 οὐδὲ
759 1125 814 1155 τοῖς
829 1123 944 1160 ἱερεῦσιν

156 1170 174 1204 ἡ
188 1169 236 1195 τοῦ
254 1169 392 1196 Σαΰὸἁτου
409 1170 499 1205 ἡμέρα
516 1170 722 1206 νενομοθέτητο·
741 1170 831 1206 μόνοις
848 1170 875 1196 δὲ
890 1171 945 1201 τοῖς

159 1215 197 1251 μὴ
210 1215 276 1246 οἵοις
292 1224 321 1241 τε
338 1213 396 1242 οὖσι
412 1216 458 1241 τὸν
477 1216 563 1242 πάντα
579 1216 673 1251 χρόνον
689 1216 739 1250 τῆς
756 1217 844 1242 αὐτῶν
860 1215 943 1250 ζωῆς,

158 1261 206 1288 καὶ
223 1261 311 1293 πάσας
329 1261 418 1287 αὐτῶν
440 1262 488 1292 τὰς
502 1261 607 1296 ἡμέρας
630 1263 662 1297 τῇ
686 1261 734 1287 τοῦ
753 1261 820 1288 Θεοῦ
834 1261 945 1297 λατρεία

156 1300 206 1333 καὶ
227 1307 283 1337 τοῖς
307 1305 345 1341 τῷ
369 1303 428 1341 Θὲῴ
443 1307 529 1340 φίλοις
553 1307 643 1342 ἔργοις
666 1307 946 1342 σχολάζεινυιτούτοις

158 1351 213 1386 γὰρ
235 1352 268 1378 ὲκ
290 1351 480 1387 διαστημάτων
508 1352 594 1379 ταῦτα
623 1354 751 1389 πράττειν
783 1353 943 1388 ἐνομοθέτει.

159 1397 222 1428 Τοῖς
234 1405 265 1431 γε
282 1397 336 1432 μὴν
353 1398 491 1434 πλησμονῇ
509 1399 626 1434 γαστρὸς
642 1399 689 1426 καὶ
710 1398 787 1435 μέθῃ.
809 1399 856 1425 καὶ
872 1398 944 1433 πάσῃ

156 1442 279 1478 ἀκοσμίᾳ
304 1443 374 1469 κατὰ
399 1445 448 1479 τὴν
470 1444 575 1480 ἡμέραν
598 1444 644 1470 τοῦ
670 1444 808 1471 Σαϐἤάτου
833 1445 946 1475 ἑαυτοὺς

159 1488 333 1524 παρέχουσιν,
350 1490 364 1515 ὀ
377 1489 441 1521 Θεὸς
455 1489 497 1516 διὰ
518 1490 563 1516 τοῦ
583 1491 719 1526 προφήτου
743 1490 944 1516 ὲπανατείνεται

158 1534 259 1569 λέγων·
277 1537 309 1562 Ol
336 1536 533 1570 ἐφαπτόμενοι
563 1536 684 1570 ψευδῶν
703 1536 873 1563 Σαὸϐἀτων-
898 1536 945 1562 καὶ

158 1568 256 1608 πάλιν·
278 1582 333 1614 Τὰς
347 1568 506 1616 νεομηνίας
519 1568 602 1616 ὑμῶν
619 1583 668 1609 καὶ
685 1583 720 1609 τὰ
741 1582 875 1610 Σάΰϐατα
896 1583 944 1608 καὶ
958 1568 979 1597 C

158 1627 272 1661 ἡμέραν
282 1627 419 1662 μεγάλην
432 1629 488 1654 οὐκ
502 1628 652 1662 ἀνέχομαι.
672 1628 718 1654 Διὸ
734 1628 765 1664 δὴ
782 1627 943 1664 παρῃτημέ-

157 1681 210 1701 νων
235 1673 356 1705 ἐκείνων,
370 1673 414 1700 διὰ
430 1673 478 1708 τῆς
494 1673 596 1708 Καινῆς
612 1673 748 1708 Διαθήκης
763 1673 849 1707 Λόγος
864 1674 945 1709 μετή-

156 1726 227 1753 γαγε
240 1718 288 1745 καὶ
305 1717 478 1753 μετατέθεικε
501 1718 549 1753 τὴν
567 1717 614 1744 τοῦ
632 1717 768 1744 Σαόΰάτου
783 1717 878 1753 ἑορτὴν
899 1719 946 1745 ἐπὶ

157 1765 207 1801 τὴν
221 1765 268 1792 τοῦ
283 1765 370 1799 φωτὸς
394 1765 534 1800 ἀνατολὴν,
553 1765 600 1792 καὶ
619 1764 775 1800 παρέδωκεν
792 1765 857 1799 ἡμῖν
880 1765 946 1800 ἀλη-

158 1810 235 1846 θινῆς
253 1811 431 1843 ἀναπαύσεως
451 1811 553 1842 εἰκόνα,
567 1810 615 1846 τὴν
633 1811 768 1847 σωτηρίαν
784 1811 830 1837 καὶ
841 1811 945 1846 Κυρια-

157 1855 210 1892 κὴν
223 1856 269 1883 καὶ
283 1857 393 1891 πρώτην
408 1856 454 1882 τοῦ
469 1857 556 1891 φωτὸς
570 1857 686 1892 ἡμέραν,
701 1856 761 1883 καθ’
776 1857 810 1892 ἢν
825 1857 839 1882 ὁ
852 1857 945 1892 Σωτὴρ

157 1902 205 1930 τοῦ
226 1903 328 1938 κόσμου
349 1902 420 1938 μετά
446 1903 534 1934 πάσας
562 1902 643 1929 αὑτοῦ
670 1903 719 1935 τάς
740 1903 769 1928 ἐν
793 1903 945 1938 ἀνθρώποις

158 1948 282 1984 πράξεις,
298 1950 346 1984 τὴν
360 1948 430 1975 κατὰ
451 1948 496 1976 τοῦ
514 1948 624 1976 θανάτοι.
642 1949 720 1985 νίκην
737 1949 882 1985 ἀράμενος,
896 1949 945 1981 τὰς

158 1993 298 2029 οὐρανίους
328 1993 413 2025 πύλας
436 1994 612 2030 ὑπερέϐαινεν
633 1995 704 2030 ὑπὲρ
724 1995 773 2030 τὴν
795 1994 944 2030 ἑξαήμερον

158 2040 335 2074 κοσμοποιίαν
357 2041 524 2075 γιγνόμενος,
541 2041 571 2067 τό
590 2049 619 2067 τε
641 2041 787 2076 Θεοπρεπὲς
808 2041 945 2068 Σαϐϐατον

158 2085 206 2112 καὶ
221 2085 270 2121 τὴν
284 2087 485 2122 τρισμακαρίαν
507 2087 658 2114 ἀνάπαυσιν
675 2087 881 2122 ὑπολαμϐάνων,
897 2086 943 2113 τοῦ

158 2130 265 2166 Πατρδς
292 2131 431 2166 εἰρηκότος
455 2131 544 2167 αὐτῷ·
573 2131 670 2159 Κάθου
691 2132 724 2158 ἐκ
745 2131 850 2164 δεξιῶν
873 2141 944 2165 μου,

157 2176 213 2209 ἓως
227 2176 266 2203 ἂν
278 2176 318 2203 θῶ
338 2177 406 2209 τοὺς
422 2177 545 2211 ἐχθρούς
562 2186 619 2204 σου
637 2177 801 2204 ὑποπόδιον
817 2177 875 2204 τῶν
890 2186 943 2204 :zo-

994 940 1120 967 hortetur
1149 939 1194 966 hic
1220 939 1351 973 psalmus.
1378 937 1528 973 inscriptus
1555 938 1627 964 enim
1655 937 1778 973 psalmus

993 990 1047 1018 est,
1063 986 1091 1012 in
1112 985 1181 1012 diem
1204 984 1324 1012 Sabbati.
1346 983 1398 1012 Sed
1414 988 1441 1012 et
1460 983 1616 1011 sacerdotes
1633 983 1661 1010 in
1678 984 1778 1018 templo

993 1032 1038 1060 die
1055 1031 1166 1059 Sabbati
1184 1031 1236 1058 alia
1249 1031 1366 1066 plurima
1385 1029 1534 1058 secundum
1547 1029 1632 1065 legem
1651 1029 1778 1063 agebant.

994 1077 1054 1105 Non
1073 1085 1138 1112 ergo
1152 1077 1276 1111 prazcipit
1290 1079 1320 1103 ut
1332 1075 1446 1104 omnino
1460 1078 1582 1102 vacetur.
1598 1074 1692 1110 Neque
1712 1082 1778 1102 vero

994 1123 1183 1151 sacerdotibus
1197 1121 1256 1150 dies
1273 1121 1385 1149 Sabbati
1401 1121 1645 1157 praescribebatur;
1666 1121 1714 1148 sed
1733 1129 1779 1148 so-

995 1169 1050 1196 lum
1065 1169 1106 1196 iis
1116 1169 1164 1204 qui
1178 1175 1230 1196 nec
1252 1171 1310 1195 toto
1326 1167 1389 1195 vitae
1414 1174 1472 1194 suae
1489 1171 1621 1202 tempore.
1647 1175 1698 1195 nec
1720 1167 1780 1195 sin-

994 1215 1064 1249 gulis
1080 1214 1176 1242 diebus
1199 1215 1256 1242 suis
1272 1218 1383 1249 possent
1403 1212 1451 1240 Dei
1467 1213 1550 1240 cultui
1574 1218 1601 1240 et
1622 1212 1676 1240 Deo
1700 1220 1778 1240 acce-

995 1261 1049 1295 ptis
1068 1261 1197 1295 operibus
1219 1267 1316 1288 vacare
1330 1270 1337 1287 :
1350 1267 1413 1286 nam
1430 1259 1475 1292 iis,
1493 1263 1522 1286 ut
1543 1260 1698 1287 intermisso
1718 1259 1782 1287 die-

995 1315 1056 1334 rum
1077 1306 1166 1341 spatio
1190 1305 1218 1333 id
1240 1309 1361 1342 agerent,
1388 1306 1446 1341 lege
1472 1309 1605 1333 statutum
1628 1309 1696 1333 erat.
1723 1305 1777 1332 Eos

995 1359 1078 1388 porro
1091 1352 1139 1387 qui
1156 1352 1284 1388 crapulae,
1297 1352 1433 1383 ebrietati,
1455 1351 1571 1386 aliisque
1593 1352 1721 1379 omnibus
1735 1352 1779 1379 in-

995 1399 1103 1427 decoris
1127 1399 1212 1435 gestis
1240 1399 1284 1426 die
1302 1397 1413 1426 Sabhati
1437 1406 1466 1426 se
1493 1398 1607 1429 dedunt,
1637 1397 1710 1426 Deus
1729 1406 1778 1434 per

996 1445 1156 1481 prophetam
1179 1445 1220 1472 sic
1241 1451 1339 1480 aspere
1365 1444 1536 1479 alloquitur:
1553 1444 1605 1477 Qui
1625 1444 1790 1480 contingunt

995 1491 1066 1526 falsa
1078 1490 1234 1524 Sabbula';
1252 1497 1284 1518 ac
1299 1497 1420 1522 rursum,
1438 1489 1598 1517 Neomenias
1622 1494 1732 1522 vestrae,
1752 1494 1778 1517 et

995 1537 1107 1564 sabbata
1119 1541 1143 1564 et
1154 1537 1223 1564 diem
1235 1544 1358 1572 magnam
1373 1544 1424 1563 non
1435 1536 1492 1570 [era
1503 1536 1524 1562 ⁸.
1540 1534 1630 1569 Quare
1645 1535 1776 1568 Verbum,

996 1583 1063 1618 ipsis
1077 1583 1302 1619 repugnantibus,
1314 1590 1362 1618 per
1373 1581 1478 1610 Novum
1493 1581 1697 1609 Testamentum
1706 1581 1778 1610 Sab-

995 1629 1052 1656 bati
1067 1628 1164 1656 festum
1176 1629 1204 1656 in
1219 1629 1288 1657 lucis
1308 1633 1398 1656 ortum
1413 1629 1564 1661 transtulit,
1580 1629 1715 1665 nobisque
1730 1637 1778 1657 ve-

994 1683 1032 1703 NB
1057 1675 1161 1710 requiei
1187 1676 1332 1711 imaginem
1353 1675 1484 1708 tradidit,
1511 1675 1659 1703 salutarem
1679 1682 1778 1710 nempe

995 1720 1175 1754 Dominicam,
1199 1727 1226 1749 et
1247 1722 1361 1757 primam
1387 1722 1457 1750 lucis
1475 1722 1558 1755 diem,
1577 1729 1631 1757 qua
1654 1721 1779 1749 Salvator

994 1767 1089 1795 mundi
1108 1772 1170 1803 post
1191 1768 1282 1795 omnia
1298 1775 1348 1795 sua
1371 1767 1399 1795 in
1420 1768 1578 1795 hominibus
1592 1767 1665 1796 edita
1680 1775 1777 1802 opera,

995 1813 1111 1840 victoria
1126 1812 1159 1840 de
1175 1816 1263 1840 morte
1278 1817 1427 1848 reportata,
1442 1813 1569 1841 ccelestes
1578 1818 1671 1848 portas
1687 1817 1779 1840 trans-

995 1866 1119 1894 gressus,
1135 1866 1183 1886 sex
1208 1858 1314 1886 dierum
1336 1858 1474 1893 opiﬁcium
1497 1859 1684 1890 transcendit,
1702 1862 1779 1885 tunc-

994 1908 1047 1935 que
1064 1899 1119 1928 Deo
1137 1900 1291 1928 condecens
1313 1899 1460 1927 Sabbatum
1478 1904 1505 1926 et
1521 1899 1707 1927 beatissimam
1731 1906 1785 1926 τοι

994 1945 1084 1980 quiem
1099 1945 1214 1980 accepit,
1234 1945 1342 1972 dicente
1356 1944 1447 1977 Patre,
1464 1944 1531 1972 Sede
1548 1953 1564 1971 ιι
1580 1944 1680 1971 dextris
1699 1945 1774 1976 meis,

994 1991 1075 2018 donec
1098 1998 1195 2025 ponam
1215 1991 1336 2017 inimicas
1357 1995 1414 2017 tuo:
1436 1990 1578 2018 scabellum
1600 1990 1694 2024 pedum
1717 1995 1777 2017 tuo-

995 2045 1054 2063 rum
1065 2037 1087 2064 ⁸.
1109 2036 1148 2063 Ea
1167 2037 1222 2068 die,
1247 2044 1308 2071 quae
1325 2044 1395 2064 vera:
1416 2037 1486 2064 lucis
1505 2040 1532 2064 et
1554 2037 1612 2064 veri
1635 2037 1702 2065 solis
1718 2037 1779 2065 dies

994 2086 1046 2116 est,
1067 2089 1118 2110 nos
1137 2082 1188 2118 ipsi
1212 2083 1380 2118 congregati,
1403 2090 1451 2110 sex
1473 2083 1571 2110 diebus
1597 2082 1777 2118 interpositis,

995 2131 1090 2156 sancta
1103 2132 1130 2155 et
1145 2128 1296 2163 spiritualia
1313 2127 1430 2155 Sabbata
1445 2128 1625 2157 celebrantes.
1646 2132 1777 2163 quotquot

995 2181 1028 2201 ex
1043 2175 1169 2209 gentibus
1184 2174 1212 2202 in
1231 2175 1297 2202 orbe
1319 2178 1376 2201 toto
1396 2182 1444 2209 per
1466 2182 1528 2202 eum
1548 2174 1654 2202 liberati
1670 2182 1777 2206 sumus,

158 2221 219 2248 δῶν
237 2229 304 2248 σου.
326 2223 369 2248 Ἐν
388 2220 415 2259 ᾖ,
443 2223 529 2257 φωτὸς
555 2222 621 2258 οὔσῃ
647 2224 694 2249 καὶ
712 2222 806 2258 πρώτῃ
830 2224 875 2250 καὶ
896 2223 943 2250 τοῦ

995 2228 1055 2255 qua:
1070 2219 1226 2248 sacerdotes
1242 2219 1270 2247 in
1287 2219 1331 2247 die
1353 2219 1464 2247 Sabbati
1479 2227 1559 2255 agere
1577 2219 1605 2246 in
1622 2219 1678 2254 lege
1691 2223 1774 2247 statu-

159 2266 275 2301 ἁληθοῦς
288 2267 363 2301 ἡλίου
384 2267 483 2302 ἡμέρᾳ,
503 2268 550 2293 καὶ
565 2269 645 2302 ἡμεῖς
659 2268 734 2294 αὐτοὶ
754 2269 943 2304 συνερχόμενοι

158 2310 203 2339 διὰ
219 2310 301 2346 μέσου
317 2311 346 2343 ἒξ
358 2311 478 2346 ἡμερῶν,
495 2311 559 2345 ἆγιά
572 2320 600 2338 τε
615 2312 740 2339 Σάϐϐατα
756 2313 802 2339 καὶ
823 2321 944 2348 πνευμα-

159 2357 223 2384 τικὰ
236 2356 407 2392 ἑορτάζοντες
422 2358 445 2383 οἱ
463 2357 490 2390 ἐξ
504 2357 587 2383 ἐθνῶν
600 2358 633 2384 δι’
648 2358 729 2385 αὑτοῦ
749 2358 944 2394 λελυτρωμένοι

160 2402 219 2429 δίαιθ’
236 2402 299 2437 ὅλης
311 2402 359 2437 τῆς
371 2402 541 2437 οἰκουμένης,
559 2402 592 2429 τὰ
612 2403 651 2438 τῷ
667 2404 797 2439 Σαϐϐάτῳ
816 2405 944 2439 πράττειν

163 2450 214 2480 τοῖς
234 2449 334 2484 ἱερεῦσι
349 2449 580 2485 νενομοθετημένα
602 2451 671 2477 κατά
691 2452 736 2478 τὸν
762 2453 943 2487 πνευματικὸν

161 2493 240 2529 νόμον
267 2494 450 2530 ἐπιτελοῦμεν.
477 2496 576 2528 Θυσίας
599 2505 628 2522 τε
653 2496 707 2531 γὰρ
733 2498 780 2523 καὶ
806 2498 943 2533 ἀναφορὰς

162 2539 310 2574 ποιούμεθα
326 2541 521 2576 πνευματικὰς,
539 2541 587 2572 τὰς
606 2542 774 2576 καλουμένας
793 2543 888 2574 θυσίας
902 2545 940 2569 αἱ-

163 2586 269 2617 )έσεως,
293 2586 339 2612 καὶ
361 2586 455 2618 θυσίας
476 2587 648 2622 ἀλαλαγμοῦ·
672 2588 703 2614 τό
723 2596 751 2613 τε
770 2588 892 2623 Θυμίαμα
911 2589 940 2614 το

162 2631 257 2662 ,ὑῶδες
279 2631 485 2666 ἀναπέμπομεν,
504 2634 566 2667 περὶ
589 2631 619 2659 οὗ
643 2633 762 2668 εἴρηται·
786 2633 942 2667 Γενηθήτω

163 2677 179 2712 ἡ
194 2677 347 2711 προσευχή
360 2686 419 2712 μου
434 2678 472 2710 ὡς
489 2679 617 2713 θυμίαμα
637 2679 762 2706 ἐνώπιόν
777 2689 843 2706 σου.
865 2679 943 2705 ’Δλλὰ

163 2722 206 2749 καὶ
229 2723 290 2754 τοὺς
313 2723 408 2758 ἄρτους
432 2723 481 2758 τῆς
504 2724 658 2759 προθέσεως
682 2725 878 2760 προσφέρομεν,
895 2724 942 2759 τὴν

165 2767 293 2801 Σωτήριον
316 2767 424 2802 μνήμην
445 2768 693 2804 ἀναζωπυροῦντες,
710 2770 740 2795 τό
766 2778 795 2795 τε
814 2769 858 2795 τοῦ
881 2770 943 2804 ραν-

165 2811 256 2846 τισμοῦ
276 2810 354 2847 αἷμα,
372 2812 419 2839 τοῦ
439 2813 536 2847 ’Λμνοῦ
556 2813 602 2839 τοῦ
622 2813 698 2845 Θεοῦ,
715 2814 760 2840 τοῦ
777 2814 944 2849 περιελόντος

196 2889 206 2903 ³
227 2888 308 2916 Amos
325 2897 366 2919 νι,
384 2890 410 2917 5.
448 2889 458 2906 ⁸
476 2889 528 2917 lsa.
547 2898 569 2918 ι.
589 2890 631 2917 15.
671 2891 680 2906 ⁸
701 2890 771 2918 l’sal.
788 2898 849 2918 cur.
873 2891 894 2917 I.

996 2270 1055 2292 tum
1070 2270 1139 2298 erat,
1156 2274 1187 2293 ea
1199 2274 1250 2294 nos
1262 2266 1412 2293 secundum
1429 2266 1514 2300 legem
1531 2265 1700 2300 spiritualem
1716 2272 1774 2299 per-

999 2311 1116 2340 ﬁcimus.
1142 2311 1209 2339 Nam
1233 2312 1368 2340 sacriﬁcia
1387 2316 1414 2339 et
1438 2310 1590 2338 oblationes
1609 2310 1777 2345 spirituales.

997 2366 1057 2393 quae
1073 2359 1168 2386 hostiae
1183 2359 1272 2386 laudis
1293 2362 1320 2386 et
1340 2358 1436 2385 hostiae
1447 2355 1619 2391 jubilationis
1633 2359 1776 2389 vocantur,

996 2403 1176 2439 persolvimus
1189 2413 1195 2430 :
1215 2404 1356 2431 incensum
1370 2403 1433 2430 boni
1447 2402 1539 2429 odoris
1567 2402 1729 2434 emittimus,
1743 2402 1777 2429 de

996 2457 1050 2483 quo
1066 2449 1167 2477 dictum
1179 2453 1221 2476 est
1238 2458 1243 2475 :
1260 2448 1323 2475 Fiat
1343 2448 1428 2474 oratio
1437 2456 1495 2474 mea
1515 2447 1582 2474 sicut
1601 2447 1734 2474 incensum
1749 2449 1776 2474 in

995 2499 1132 2528 conspectu
1151 2499 1195 2521 tua
1207 2494 1228 2521 ⁶.
1243 2493 1299 2520 lmo
1312 2494 1392 2521 etiam
1409 2501 1494 2528 panes
1517 2493 1714 2528 propositionis
1733 2494 1776 2521 of-

996 2539 1120 2571 ferimus,
1142 2539 1289 2568 salutarem
1308 2540 1466 2567 memoriam
1484 2539 1662 2573 refricantes;
1682 2547 1775 2575 asper-

994 2585 1099 2613 sionem
1116 2586 1180 2613 item
1200 2585 1340 2620 sanguinis
1355 2585 1425 2621 Agni
1445 2585 1503 2618 Dei,
1525 2586 1572 2620 qui
1595 2586 1666 2613 tollit
1680 2593 1775 2620 pecca<

995 2635 1051 2658 tum
1067 2631 1171 2663 mundi,
1195 2631 1331 2666 piaculum
1350 2631 1502 2658 animarum
1521 2637 1689 2663 nostrarum,
1708 2631 1772 2658 faci-

996 2684 1058 2703 mus
1072 2686 1077 2703 :
1092 2676 1193 2703 lumina
1207 2684 1317 2711 quoque
1330 2676 1495 2711 cognitionis
1509 2677 1602 2705 vultus
1618 2676 1664 2703 Dei
1677 2683 1769 2704 accen'

995 2721 1095 2749 dimus.
1112 2721 1212 2749 Verum
1232 2723 1313 2748 ctiam
1335 2730 1375 2756 ea,
1400 2730 1461 2757 qua:
1483 2722 1510 2750 in
1527 2723 1631 2757 psalmo
1647 2722 1776 2756 praesenti

996 2771 1186 2799 recensentur,
1205 2768 1250 2795 illa
1265 2768 1309 2795 die
1327 2768 1455 2802 perﬁcere
1475 2768 1635 2804 satagimus,
1649 2772 1676 2803 et
1692 2775 1774 2802 opere

997 2817 1024 2840 ct
1038 2812 1126 2839 verbis
1139 2813 1300 2841 confitcntes
1314 2812 1438 2846 Domino,
1453 2817 1479 2840 et
1501 2813 1648 2848 psallentes
1671 2810 1774 2838 u0mini

935 2891 944 2906 ⁶
963 2890 1032 2917 Psul.
1053 2898 1102 2916 cn.
1135 2890 1161 2915 Ξ.
