2032 3215
268 192 332 220 1171

637 192 770 222 EUSEBII
789 192 1025 221 CESARIENSIS
1039 192 1115 220 OPP.
1136 190 1226 219 PARS
1242 190 1282 219 Ill.
1304 207 1337 211 —-
1354 172 1571 218 ΕΧΕΕΕἸΊΕΑ.⁸

1811 188 1883 216 “7?.

266 253 400 281 Altissimi
415 264 420 281 :
436 262 515 282 mane
530 262 637 290 quoque
657 255 690 282 ad
712 255 843 282 orientem
860 256 928 283 lucis
944 260 1039 283 nostra:

1093 254 1141 290 τὴν
1154 254 1288 290 ἁμαρτίαν
1303 253 1349 280 τοῦ
1372 253 1485 288 κόσμου,
1505 250 1650 287 καθάρσιον
1665 249 1719 277 τῶν
1741 248 1885 286 ἡμετέρων

266 299 484 327 misericordiam
501 308 515 328 a
527 300 582 329 Deo
591 301 671 328 nobis
684 302 829 336 praestitam
841 301 1044 333 annuntiamus,

266 347 294 370 ct
311 344 453 372 veritatem
476 346 537 381 ejus
564 347 591 373 in
608 347 734 374 noctibus
755 355 804 382 per
819 347 937 374 sobriam
957 351 983 374 et
1000 354 1047 374 ca-

264 392 334 416 stam
350 392 587 419 conversationem
601 393 777 426 exhibemus;
801 393 828 420 in
845 401 950 421 summa
965 397 1045 428 quot-

263 437 330 467 quot
344 434 396 462 alia
412 435 439 462 in
452 435 569 463 Sabbalo
581 444 709 471 peragere
723 437 856 464 sancitum
868 441 935 470 erat,
951 445 982 464 ea
996 445 1046 465 nos

244 490 247 516 ξ
263 480 290 506 in
310 479 476 508 Dominicam
493 483 693 514 transtulimus,
709 486 801 517 utpote
815 491 876 518 qua:
889 484 976 519 magis
988 484 1046 511 ido-

259 532 314 561 pea
325 530 352 553 et
370 527 490 561 propria,
505 535 536 554 ac
553 528 639 562 prima
662 528 724 556 item
740 529 776 556 sit
798 534 823 556 et
841 537 935 565 agmen
952 530 1043 562 ducat,

262 574 290 598 et
315 570 430 599 Judaico
459 571 576 600 Sabhato
600 573 756 608 pretiosior.
783 574 850 602 Nam
876 575 921 602 illa
946 575 990 603 die
1018 576 1046 603 in

262 617 356 645 mundi
369 617 477 652 opiﬁcio
493 626 554 645 cum
569 619 682 647 dixisset
702 619 783 652 Deus,
800 620 862 647 Fiat
875 621 922 647 lux
934 640 942 653 ,
972 621 1045 649 facta

263 667 304 690 est
322 663 383 690 lux'
394 673 400 691 :
412 663 438 690 in
454 664 500 691 illa
515 672 624 700 quoque
638 666 780 693 animabus
795 667 898 694 nostris
910 672 987 695 ortus
1003 672 1045 696 est

264 707 311 736 Sol
323 709 448 744 justitim.
467 710 557 744 Quare
581 717 611 738 ut
630 719 661 738 ea
680 711 724 739 die
748 713 942 740 conveniamus
960 713 1045 740 tradi-

262 758 320 781 tum
336 755 415 783 nobis
433 761 486 788 est,
502 761 529 785 et
543 765 574 784 ea
585 766 646 792 quae
661 758 688 785 in
701 759 806 793 psalmo
820 759 950 794 jubentur
964 758 1044 787 nobis

262 801 373 836 exsequi
386 807 549 838 praeceptum
565 808 626 838 est;
641 812 757 840 quorum
776 805 894 840 primum
910 809 962 838 est,
978 812 1043 832 con-

262 846 333 876 [lteri
348 856 354 874 :
369 855 431 875 nam
453 849 617 885 principium
647 841 780 878 bonorum
801 854 843 878 est
865 851 1042 886 pristinorum

261 893 395 920 malorum
408 894 543 929 depositio
565 902 613 930 per
628 904 719 923 veram
735 896 922 931 pmnitentiam
938 901 964 923 et
977 903 1044 923 con-

1095 299 1205 335 ψυχῶν·
1227 299 1376 334 ποιούμεθά
1390 308 1419 326 τε
1436 299 1470 325 τὰ
1489 297 1565 333 φῶτα
1587 297 1636 331 τῆς
1654 295 1777 330 γνώσεως
1799 303 1887 332 προσ-

1095 345 1169 372 ώπου
1194 345 1240 372 τοῦ
1264 345 1331 371 Θεοῦ
1358 344 1537 379 ὲξαπτόμενα.
1561 342 1639 369 Ἀλλὰ
1660 341 1707 368 καὶ
1731 341 1765 368 τὰ
1789 342 1818 367 ὲν
1843 342 1888 374 τῷ

1097 391 1165 425 μετὰ
1177 391 1269 426 χεῖρας
1284 390 1382 425 ψαλμῷ
1397 389 1544 424 φιλοτίμως
1558 388 1675 415 ἐκτελεῖν
1690 386 1761 414 κατά
1773 386 1822 422 τὴν
1835 386 1886 412 αὖ·

1094 436 1144 471 τὴν
1159 437 1265 472 ἡμέραν
1282 435 1476 471 σπουδάζομεν,
1496 435 1587 468 ἔργοις
1608 434 1711 464 τούτοις
1728 433 1775 459 καὶ
1793 432 1887 466 λόγοις

1094 480 1332 516 ἐξομολογούμενοι
1355 481 1460 516 Κυρίῳ,
1478 479 1524 506 καὶ
1543 479 1689 513 ψάλλοντες
1707 477 1746 512 τῷ
1769 477 1884 512 ὀνόματι

1094 527 1141 553 τοῦ
1164 526 1306 561 ⁸]’ψίστου-
1329 526 1426 562 ὸρθρου
1438 535 1467 552 τε
1484 526 1552 561 πρὸς
1567 525 1661 556 αὑταῖς
1678 523 1820 554 ἀνατολαῖς
1835 522 1883 548 τοῦ

1095 572 1225 608 ἡμετέρου
1248 571 1334 606 φωτὸς
1357 571 1387 598 τὸ
1408 571 1551 606 γενόμενον
1575 570 1648 602 ἔλεος
1673 571 1715 604 ἐφ’
1737 569 1811 604 ἡμᾶς
1835 567 1882 594 τοῦ

1094 617 1160 645 Θεοῦ
1183 618 1399 652 διαγγέλλοντες,
1419 619 1465 644 καὶ
1488 617 1536 653 τὴν
1559 616 1687 652 ἀλήθειαν
1707 614 1790 642 αὑτοῦ
1812 613 1883 640 κατὰ

1094 664 1142 695 τὰς
1157 663 1257 696 νύκτας
1272 663 1315 691 διὰ
1333 663 1468 699 σώφρονος
1484 663 1530 690 καὶ
1552 662 1638 697 ἁγνῆς
1654 660 1827 696 ἀναστροφῆς
1841 660 1872 685 ἐν

1093 709 1268 744 δεικνύμενοι,
1285 710 1332 735 καὶ
1351 709 1438 735 πάντα
1458 709 1489 744 δὴ
1514 708 1564 735 ὅσα
1585 707 1650 735 ἄλλα
1667 706 1749 742 ἐχρῆν
1766 707 1795 731 ὲν
1813 704 1877 731 Σαε-

1094 754 1167 790 ϐάτῳ
1182 755 1278 787 τελεῖν,
1292 754 1377 781 ταῦτα
1389 756 1469 790 ἡμεῖς
1485 755 1513 782 ὲν
1533 755 1567 789 τῇ
1583 754 1709 789 κυριακῇ
1727 751 1872 788 μετατεθεί

1093 808 1190 836 καμεν,
1206 800 1243 831 ὡς
1260 800 1293 826 ἂν
1306 800 1475 836 κυριωτέρας
1487 799 1570 834 οῠσης
1590 799 1684 834 αὐτῆς,
1697 798 1744 824 καὶ
1762 796 1885 833 ἡγουμέ-

1093 854 1152 881 νης,
1161 847 1206 873 καὶ
1224 845 1344 882 πρώτης,
1355 846 1402 872 καὶ
1409 846 1455 872 τοῦ
1476 844 1619 875 Ἰουδαϊκοῦ
1629 843 1768 871 Σαϐϐἀτου
1783 851 1886 878 τιμιω-

1092 882 1183 928 τέρας.
1198 891 1276 918 Κατὰ
1288 891 1388 926 ταύτην
1404 891 1458 926 γὰρ
1474 891 1503 918 ὲν
1518 892 1550 926 τῇ
1563 889 1725 925 κοσμοποιίᾳ
1741 887 1886 924 εἰρηκότος

262 937 420 971 fessionem,
436 947 495 973 qua:
510 939 543 966 ad
560 939 660 966 bonum
678 940 767 973 ﬁnem,
782 940 886 967 scilicet
901 939 934 966 ad
956 938 1039 966 Deum

1090 939 1138 966 τοῦ
1162 938 1240 970 Θεοῦ,
1264 937 1421 972 Γενηθήτω
1439 937 1512 971 φῶς,
1535 937 1582 963 καὶ
1600 935 1707 970 ἐγένετο
1735 934 1807 968 φῶς·
1835 932 1885 959 καὶ

261 984 351 1019 ipsum
366 984 485 1012 deducit.
508 984 614 1012 Etenim
639 986 660 1013 si
687 993 766 1013 nemo
784 986 872 1014 bonus
891 985 942 1012 nisi
959 985 1040 1017 Deus,

260 1030 369 1065 optimae
384 1030 434 1058 viae
448 1030 480 1057 ad
496 1030 579 1058 Deum
593 1031 718 1059 ducentis
734 1031 909 1066 principium,
932 1031 1041 1058 confes-

261 1075 303 1103 sio
317 1075 408 1103 fuerit.
425 1075 488 1103 ldeo
498 1076 601 1104 dictum
617 1080 668 1108 est,
681 1077 783 1104 Bonum
800 1081 838 1103 est
849 1077 967 1111 conﬁteri
986 1076 1037 1104 Do-

259 1120 341 1147 mino.
353 1120 406 1148 Par
420 1122 520 1157 quippe
540 1127 581 1149 est
597 1130 650 1149 non
671 1122 826 1150 hominibus
842 1121 1041 1150 confessionem

259 1165 353 1198 edere,
370 1166 417 1194 sed
433 1167 485 1201 ipsi
499 1166 615 1194 Domino
635 1167 718 1194 corda
734 1167 878 1194 scrutanti.
894 1166 962 1199 Quia
977 1174 1041 1194 vero

260 1210 398 1238 confessio
415 1219 464 1246 pro
478 1212 628 1246 gratiarum
646 1212 752 1239 actione
771 1212 834 1239 item
852 1212 994 1246 accipitur,
1012 1215 1041 1238 ut

256 1256 313 1290 jam
332 1257 430 1292 saepius
442 1257 571 1290 diximus,
590 1257 652 1291 jure
676 1257 815 1284 Dominica
834 1257 878 1284 die
893 1256 1041 1292 gratiarum

259 1302 382 1330 actiones
396 1302 510 1329 Domino
526 1303 677 1334 reddimus,
693 1302 795 1337 ubique
811 1307 944 1330 terrarum
959 1301 986 1328 in
997 1309 1042 1328 ec-

258 1346 352 1374 clesiis
367 1346 427 1382 ejus
450 1348 615 1383 congregati.
632 1347 700 1374 Cum
717 1351 807 1375 autem
826 1355 874 1382 per
889 1346 1041 1374 confessio-

259 1401 320 1419 nem
336 1400 510 1428 progressum
536 1397 562 1420 et
576 1397 749 1428 augmentum
771 1392 966 1428 acceperimus,
983 1395 1040 1419 tum

256 1438 385 1472 iubemur
400 1439 513 1474 psallere
533 1439 566 1466 ad
582 1439 720 1466 meliorem
738 1439 835 1466 animae
858 1442 959 1466 statum
977 1445 1041 1473 pro-

257 1484 328 1511 vecti
346 1493 353 1511 :
367 1485 440 1512 aucti
455 1493 520 1512 vero
540 1493 571 1512 ac
587 1485 713 1513 meliores
727 1485 826 1517 eﬁ'ecti,
840 1485 897 1512 haec
912 1485 973 1512 aliis
992 1492 1040 1512 an-

257 1529 396 1563 nuntiare,
413 1538 445 1557 ac
460 1538 507 1558 eos
522 1531 567 1566 qui
585 1531 618 1557 ad
640 1538 691 1558 nos
702 1531 825 1565 proxime
839 1530 971 1558 accedunt
987 1531 1039 1558 mi-

257 1575 422 1603 sericordias
455 1575 501 1603 Dei
528 1576 643 1604 edoccre
675 1577 875 1612 praecipimur:
900 1580 981 1612 atque
1011 1577 1038 1603 id

257 1627 337 1655 agere
352 1621 493 1647 matutinis
517 1621 603 1653 horis,
627 1621 705 1657 quasi
725 1622 858 1657 primitias
877 1621 1036 1649 diurnarum

257 1666 394 1693 actionum
410 1667 541 1694 doctrina:
554 1668 587 1695 de
602 1667 648 1694 Dei
668 1667 853 1694 misericordia
867 1667 999 1695 dicantes.

1092 985 1150 1011 κατ’
1164 983 1247 1020 αὐτὴν
1259 985 1318 1015 ταῖς
1337 983 1482 1019 ἡμετέραις
1495 983 1594 1017 ψυγαῖς
1613 982 1628 1007 ὁ
1643 981 1694 1016 τῆς
1710 978 1884 1013 δικαιοσύνης

1091 1031 1270 1058 ἀνατέταλκεν
1284 1030 1390 1062 Ἥλιος·
1402 1029 1441 1056 διὸ
1455 1029 1485 1065 δὴ
1494 1030 1539 1055 καὶ
1553 1029 1617 1064 ἡμῖν
1629 1026 1803 1063 συνέρχεσθαι
1811 1024 1883 1052 κατὰ

1091 1075 1192 1110 ταύτην
1209 1075 1396 1111 παραδέδοται,
1410 1074 1456 1101 καὶ
1476 1074 1510 1100 τὰ
1528 1073 1572 1100 διὰ
1589 1072 1636 1099 τοῦ
1651 1071 1757 1107 ψαλμοῦ
1773 1077 1884 1106 παρηγ-

1092 1121 1209 1156 γελμένα
1228 1121 1274 1148 καὶ
1289 1122 1354 1156 ἡμῖν
1374 1121 1505 1147 ἐπιτελεῖν
1523 1119 1736 1156 προστέτακταγ
1749 1113 1786 1143 ὧν
1805 1115 1882 1152 πρῶ-

1091 1167 1136 1193 τόν
1150 1167 1208 1193 εστι
1220 1167 1252 1193 τὸ
1265 1166 1481 1202 ἐξομολογεῖσθαι
1492 1175 1498 1181 ·
1515 1165 1585 1201 ἀρχὴ
1601 1165 1656 1200 γὰρ
1672 1162 1781 1198 ἀγαθῶν
1796 1163 1814 1197 ὴ
1826 1160 1884 1188 τῶν

1092 1212 1230 1248 προτέρων
1245 1211 1336 1238 κακῶν
1353 1212 1481 1244 ἀπόλυσις
1494 1211 1537 1238 διὰ
1552 1210 1665 1246 γνησίας
1678 1208 1822 1245 μετανοίας
1833 1206 1882 1234 καὶ

1091 1258 1307 1293 ὲξομολογὴσεως
1329 1258 1509 1293 ἐγγιγνομένη
1522 1277 1528 1289 ,
1556 1257 1660 1297 ἄγουσά
1686 1265 1715 1282 τε
1737 1254 1785 1281 ἐπὶ
1804 1253 1883 1286 τέλος

1091 1304 1196 1338 ἀγαθὸν
1204 1303 1285 1331 αὐτὸν
1300 1304 1346 1330 τὸν
1358 1304 1433 1331 Θεόν.
1454 1303 1486 1330 Εἰ
1506 1303 1560 1338 γὰρ
1575 1302 1660 1333 οὐδεὶς
1684 1300 1786 1335 ἀγαθὸς
1800 1300 1826 1326 εἰ
1842 1299 1881 1335 μὴ

1090 1350 1104 1377 ό
1118 1349 1193 1383 Θεὸς,
1210 1350 1312 1384 ἀγαθῆς
1331 1349 1443 1385 πορείας
1458 1349 1508 1383 τῆς
1529 1348 1575 1375 ἐπὶ
1597 1348 1642 1374 τὸν
1661 1347 1726 1374 Θεὸν
1747 1345 1879 1380 ἀγούσης,

1090 1396 1179 1432 ἀγαθὴ
1192 1396 1289 1430 γένοιτ’
1304 1395 1335 1422 ἂν
1349 1395 1419 1431 ἀρχὴ
1432 1395 1448 1430 ἡ
1463 1393 1663 1429 ἐξομολόγησις.
1681 1392 1726 1420 Διὸ
1737 1392 1880 1419 λέλεκταιο

1097 1441 1215 1477 Ἀγαθὸν
1233 1442 1264 1469 τὸ
1283 1440 1525 1476 ἐξομολογεῖσθαι
1549 1439 1589 1472 τῷ
1616 1438 1721 1472 Κιρίῳ.
1748 1437 1805 1464 Καὶ
1823 1436 1880 1472 γὰρ

1090 1489 1222 1525 προσήκει
1241 1488 1277 1524 μὴ
1293 1487 1445 1523 ἀνθρώποις
1465 1485 1666 1512 ἐπιδείκνυσθαι
1684 1483 1735 1519 τὴν
1751 1482 1881 1518 ἐξομολό-

1089 1543 1179 1570 γησιν,
1191 1533 1247 1560 ἀλλ’
1264 1533 1336 1568 αὐτῷ
1351 1532 1388 1568 τῷ
1403 1532 1452 1564 τὰς
1475 1531 1588 1567 καρδίας
1610 1529 1754 1566 ὲρευνῶντι
1771 1527 1879 1564 Κυρίῳ.

1097 1580 1171 1607 Ἐπεὶ
1180 1579 1208 1606 δὲ
1223 1579 1387 1615 λαμϐάνεται
1405 1579 1421 1614 ἡ
1437 1577 1627 1613 ἐξομολόγησις
1644 1575 1692 1603 καὶ
1706 1574 1752 1602 ἐπὶ
1770 1574 1819 1609 τῆς
1834 1573 1882 1600 εῦ-

1089 1623 1241 1659 χαριστίας,
1254 1623 1292 1655 ὡς
1308 1623 1437 1654 πολλάκις
1456 1623 1522 1658 ἡμῖν
1540 1622 1659 1657 εἴρηται,
1676 1620 1789 1651 εἰκότως
1809 1619 1882 1645 κατά

1089 1669 1136 1705 τὴν
1144 1669 1284 1705 Κυριακὴν
1299 1669 1403 1705 ἡμέραν
1415 1668 1462 1695 καὶ
1474 1668 1522 1700 τὰς
1536 1667 1709 1703 εὐχαριστίας
1720 1665 1800 1701 ἡμῶν
1814 1665 1881 1694 ἀπο.

255 1712 362 1747 δίδομεν
378 1712 417 1747 τῷ
431 1713 534 1748 Κυρίῳ,
552 1713 688 1747 πανταχοῦ
702 1713 751 1748 τῆς
763 1713 923 1748 οίκουμένης
938 1714 966 1739 ἐν
981 1714 1039 1745 ταῖς
1053 1714 1208 1750 ἐκκλησίαις
1226 1714 1307 1741 αὑτοῦ
1332 1714 1531 1749 συνερχόμενοι.
1552 1712 1742 1749 Προκόψαντες
1774 1712 1804 1738 δὲ
1835 1711 1880 1739 διὰ

256 1759 305 1794 τῆς
320 1758 545 1795 ἐξομολογήσεως,
561 1760 612 1795 ἡδη
627 1760 673 1786 κα)⁸
688 1759 798 1794 ψάλλειν
814 1759 979 1794 κελευόμεθα
996 1761 1042 1787 ἐπὶ
1057 1761 1196 1796 κρείττονα
1214 1762 1303 1797 ψυχῆς
1330 1761 1495 1788 κατάστασιν
1527 1760 1705 1796 προελθόντες
1715 1768 1721 1775 ·
1741 1759 1880 1790 ἐπιδόντες

255 1806 285 1832 δὲ
301 1805 340 1832 ἔτι
363 1807 410 1832 καὶ
433 1805 550 1841 βελτίους
573 1804 712 1842 γενόμενοι
727 1806 848 1839 ἑαυτῶν,
872 1806 921 1842 ἡδη
944 1807 990 1833 καὶ
1009 1808 1048 1839 εἰς
1061 1807 1170 1840 ἐτέρους
1185 1807 1375 1842 ἀπαγγέλλειν,
1389 1807 1523 1834 διδάσκειν
1538 1814 1567 1832 τε
1580 1806 1642 1837 τοὺς
1667 1806 1732 1840 ἡμῖν
1762 1804 1881 1839 πλησιά-

256 1851 353 1884 ζοντας
375 1853 410 1880 τὰ
434 1852 481 1879 τοῦ
506 1853 608 1889 Κυρίου
634 1853 695 1889 ὲλέη
724 1853 961 1889 προσταττόμεθα·
991 1854 1037 1881 καὶ
1053 1854 1131 1881 τοῦτο
1143 1855 1270 1890 πράττειν
1285 1854 1355 1880 κατὰ
1371 1853 1421 1885 τὰς
1434 1853 1554 1889 πρωῖνὰς
1579 1852 1652 1888 ὧρας
1672 1851 1764 1886 ὥσπερ
1789 1852 1881 1887 ἀπαρ-

256 1897 306 1933 χὰς
319 1898 372 1925 τῶν
386 1898 420 1925 δι’
432 1898 536 1934 ἡμέρας
551 1899 674 1934 πράξεων
687 1899 855 1930 ἀνατιθέντες
871 1901 903 1935 τῇ
917 1899 979 1934 περὶ
993 1899 1040 1925 τοῦ
1054 1899 1143 1931 ἐλέους
1158 1899 1205 1926 τοῦ
1216 1899 1283 1926 Θεοῦ
1298 1898 1465 1934 διδασκαλίᾳ.

293 1952 356 1980 llrec
385 1961 466 1988 porro
499 1953 577 1988 jubet
606 1952 748 1989 Scriptura
779 1962 908 1990 peragere
950 1955 1038 1991 primo

256 1999 395 2032 diluculo,
431 2003 574 2034 postquam
604 1999 710 2027 animas
741 2004 767 2027 et
794 2008 910 2035 corpora
943 2005 1040 2029 nostra

255 2049 392 2072 nocturno
414 2050 534 2080 tempore
561 2050 655 2073 sancta
691 2050 719 2074 et
741 2054 756 2073 a
777 2047 904 2075 sordibus
929 2048 1039 2082 quibus-

257 2099 310 2125 que
338 2098 404 2125 pu'ra
433 2091 650 2123 servaverimus,
680 2092 843 2127 pietatisque
876 2093 1036 2124 veritatem,

255 2136 370 2170 repetita
411 2136 552 2162 nocturnis
588 2135 663 2163 horis
701 2136 791 2163 cultus
828 2135 874 2163 Dei
906 2137 1037 2163 memoria

256 2181 468 2215 susceperimus.
494 2179 564 2207 Olim
590 2180 699 2215 quidem
725 2188 787 2208 cum
815 2181 907 2216 populi
930 2189 964 2209 ex
986 2181 1037 2208 cir-

255 2226 423 2255 cumcisione
445 2234 493 2262 per
523 2226 645 2262 symbola
675 2230 701 2253 et
727 2226 827 2262 ﬁguras
849 2227 933 2254 Dcum
961 2227 1035 2254 cole-

1122 1955 1214 1983 Ταῦτα
1238 1955 1266 1981 δὲ
1286 1955 1415 1991 πράττειν
1437 1957 1451 1982 ό
1479 1955 1557 1990 λόγος
1585 1954 1799 1991 παρακελεύεται
1819 1954 1880 1989 ἄμα

1087 2002 1120 2036 τῇ
1136 2001 1191 2035 ἕῳ,
1215 2000 1438 2036 προφυλάξαντας
1460 2001 1560 2036 δηλαδὴ
1585 2000 1688 2027 ἑαυτῶν
1713 2000 1761 2031 τὰς
1789 1999 1880 2035 ψυχὰς

1087 2046 1134 2072 καὶ
1152 2045 1187 2072 τὰ
1204 2046 1316 2081 σώματα
1333 2045 1402 2073 κατὰ
1422 2046 1484 2077 τοὺς
1501 2046 1550 2081 τῆς
1566 2045 1662 2076 νυκτὸς
1680 2045 1792 2080 καιροὺς
1810 2045 1880 2078 ἆγια

1087 2092 1133 2118 καὶ
1151 2092 1249 2124 παντὸς
1265 2092 1403 2128 μολυσμοῦ
1424 2092 1620 2127 καθαρεύοντα,
1634 2090 1760 2126 ἀλήθειάν
1780 2099 1809 2116 τε
1830 2091 1879 2117 εὐ-

1087 2138 1193 2170 σεϐείας
1205 2138 1435 2174 ὲπιδεδεγμένους,
1450 2138 1494 2164 διὰ
1510 2137 1556 2164 τοῦ
1573 2137 1619 2164 καὶ
1634 2138 1692 2167 ταῖς
1705 2137 1880 2172 νυκτεριναῖς

1090 2184 1175 2220 ὥραις
1199 2185 1248 2220 τῆς
1262 2185 1308 2211 τοῦ
1332 2184 1399 2211 Θεοῦ
1427 2184 1573 2220 θεραπείας
1602 2182 1763 2219 μεμνῆσθαι.
1788 2182 1879 2209 Πάλαι

1090 2229 1139 2264 μὲν
1167 2227 1224 2262 οὖν,
1246 2229 1363 2265 ὁπηνίκα
1389 2229 1433 2256 διὰ
1456 2229 1597 2265 συμϐόλων
1622 2229 1669 2255 καὶ
1694 2228 1787 2254 τύπων
1815 2228 1879 2255 ἐλά-

254 2278 326 2306 rent,
342 2280 394 2300 no"
411 2273 590 2307 incongruum
605 2276 662 2299 erat
673 2280 720 2307 per
733 2273 860 2307 psalteria
877 2277 903 2300 et
917 2273 1036 2301 citharas

1090 2284 1183 2310 τρευον
1199 2275 1223 2302 οἱ
1239 2275 1270 2301 ὲκ
1291 2275 1447 2311 περιτομῆς,
1464 2276 1514 2301 οὐκ
1535 2274 1647 2306 ἀπεικὸς
1663 2272 1696 2309 ἦν
1712 2273 1755 2300 διὰ
1772 2273 1877 2308 ψαλτη-

255 2321 370 2356 hymnos
386 2319 440 2346 Deo
454 2320 587 2350 emittere,
603 2318 683 2353 idque
697 2318 741 2346 die
763 2318 873 2346 Sabbati
898 2324 1036 2354 praestare,

254 2367 339 2395 otium
363 2373 460 2406 qempe
479 2365 626 2396 solventes.
646 2364 716 2392 etin
742 2364 792 2391 hoc
818 2363 902 2399 legem
925 2364 1035 2392 Sabbati

254 2414 495 2450 transgredientes.
516 2413 571 2441 Nos
596 2420 659 2440 vero
679 2411 801 2439 Iudicum
828 2412 855 2439 in
875 2412 1035 2439 abscondito

254 2463 394 2487 servantes
422 2459 571 2487 secundum
599 2458 664 2485 illud
694 2457 814 2493 Apostoli
839 2457 940 2485 dictum
956 2457 1035 2485 :Non

253 2505 322 2532 enim
337 2506 381 2538 qui
407 2506 432 2531 in
457 2505 608 2539 manifesta,
624 2504 734 2532 Judwus
762 2510 811 2538 est,
826 2513 905 2540 neque
929 2513 987 2540 qua:
1008 2506 1035 2532 in

253 2549 404 2583 "mnifesto.
421 2551 448 2576 in
463 2559 551 2582 carne,
561 2555 600 2577 est
614 2551 795 2582 circumcisio;
811 2550 856 2577 sed
868 2551 913 2585 qui
932 2551 958 2577 in
971 2550 1034 2577 abs-

252 2593 356 2620 tomltlo
375 2593 484 2622 luda‘us
503 2600 553 2625 est.
572 2600 596 2622 et
617 2596 780 2622 circumcisio
789 2596 874 2623 cordis
887 2597 913 2623 in
929 2597 1033 2631 spiritu,

253 2647 304 2665 non
318 2639 444 2671 littera“;
461 2640 560 2666 viventi
583 2649 613 2675 ps
623 2641 710 2668 \lterio
724 2645 751 2668 et
772 2641 874 2668 cithara
903 2642 1033 2674 animata,

253 2683 498 2718 spiritualibusque
535 2685 649 2712 canticis
689 2685 819 2720 hymnum
856 2685 1030 2714 etIundimus.

251 2729 332 2756 Omni
349 2730 448 2764 quippe
462 2729 643 2757 instrumento
656 2732 761 2759 musico
781 2732 918 2767 acceptior
930 2736 957 2759 et
968 2740 1033 2760 sua-

251 2775 311 2802 vior
326 2775 380 2802 Deo
395 2775 476 2802 fuerit
496 2775 596 2802 Christi
618 2777 778 2811 populorum
802 2781 962 2810 concentus,
978 2785 1033 2812 quo

250 2821 277 2849 in
301 2821 428 2849 omnibus
450 2821 495 2848 Dei
511 2821 634 2848 ecclesiis
660 2829 713 2848 una
736 2828 833 2857 mente,
852 2831 906 2851 uno
925 2822 1032 2856 allecto,

285 2899 295 2915 ⁷
314 2898 380 2926 Gen.
401 2907 424 2932 ι,
443 2899 469 2928 3,
507 2899 516 2914 ⁸
538 2897 614 2926 Rom.
634 2905 671 2933 ιι,
687 2898 739 2931 28,
757 2898 801 2926 29.

1092 2323 1154 2357 ρίων
1176 2322 1221 2349 καὶ
1241 2322 1354 2358 κιθάρας
1380 2322 1549 2358 ἀναπέμπειν
1571 2321 1644 2353 τινὰς
1664 2321 1702 2356 τῷ
1729 2321 1789 2355 Θεῷ
1813 2321 1878 2352 τοὺς

1090 2368 1200 2403 ὕμνους,
1218 2368 1264 2395 καὶ
1283 2368 1362 2395 τοῦτο
1384 2369 1469 2395 ποιεῖν
1487 2369 1547 2400 ταῖς
1569 2367 1685 2404 ἡμέραις
1702 2366 1749 2393 τοῦ
1769 2366 1876 2393 Σαϐϐά-

1088 2422 1144 2445 του,
1163 2413 1349 2449 παραλύοντας
1369 2413 1466 2449 δηλαδὴ
1484 2413 1533 2449 τὴν
1549 2413 1658 2449 ἀργίαν,
1675 2412 1721 2439 καὶ
1741 2411 1875 2448 παρασαί-

1088 2469 1182 2491 νοντας
1199 2460 1244 2486 τὸν
1259 2460 1339 2495 νόμον
1353 2459 1398 2486 τὸν
1418 2459 1482 2494 περὶ
1500 2458 1547 2485 τοῦ
1567 2457 1719 2485 Σαϐὗάτου·
1739 2458 1819 2492 ἡμεῖς
1835 2457 1874 2488 δὲ,

1087 2506 1133 2532 τὸν
1159 2506 1187 2532 ὲν
1219 2506 1332 2542 κρυπτῷ
1361 2505 1485 2532 Ἰουδαῖον
1513 2504 1699 2536 ἀποσώζοντες
1731 2503 1802 2530 κατὰ
1827 2504 1874 2530 τὸν

1088 2550 1225 2584 φάσκοντα
1243 2551 1416 2578 Ἀπόστειλον·
1436 2552 1477 2577 Οὐ
1493 2550 1547 2586 γὰρ
1561 2550 1595 2576 ἐν
1609 2549 1649 2582 τῷ
1672 2548 1789 2583 φανερῷ
1808 2549 1872 2576 Ἰου-

1087 2596 1169 2629 auio;-
1183 2597 1277 2628 ἐστιν,
1291 2595 1360 2623 οὐδὲ
1374 2596 1392 2629 ἡ
1407 2596 1442 2623 ἐν
1458 2595 1498 2629 τῷ
1516 2594 1633 2629 φανερῷ
1659 2594 1694 2626 ἐν
1715 2594 1803 2628 σαρκὶ
1821 2602 1871 2620 πε-

1083 2641 1200 2676 ριτομὴ,
1213 2642 1280 2668 ἀλλ’
1291 2643 1308 2668 ὁ
1322 2642 1358 2668 ὲν
1370 2641 1410 2674 τῷ
1422 2640 1541 2675 κρυπτῷ
1561 2639 1706 2672 Ἰουδαῖος,
1725 2639 1774 2665 καὶ
1788 2640 1806 2672 ἡ
1817 2646 1869 2665 πε-

1083 2686 1189 2721 ριτομὴ
1206 2686 1328 2721 καρδίας
1343 2687 1377 2713 ἐν
1389 2687 1542 2720 πνεύματι,
1564 2686 1600 2712 οὐ
1618 2685 1770 2720 γράμματι,
1790 2683 1869 2716 ζῶντι

1085 2732 1224 2767 ψαλτηρίῳ
1236 2733 1282 2759 καὶ
1296 2733 1396 2768 κιθάρᾳ,
1409 2732 1532 2768 ἐμψύχῳ,
1545 2731 1740 2766 πνευματικαῖς
1748 2738 1778 2756 τε
1789 2729 1868 2764 ᾠδαῖς

1086 2777 1129 2803 τὸν
1150 2777 1232 2812 ὕμνον
1253 2777 1420 2813 ἀποδίδομεν.
1444 2777 1546 2809 Παντὸς
1560 2776 1582 2802 δ’
1601 2774 1647 2802 οὖν
1666 2774 1782 2810 ὀργάνου
1803 2782 1865 2809 μω-

1088 2823 1161 2850 σικοῦ
1174 2824 1271 2859 γένοιτ’
1281 2823 1313 2851 ὃν
1325 2823 1363 2859 τῷ
1374 2823 1432 2859 Θεῷ
1443 2821 1643 2860 προσηνεστέρα
1657 2821 1673 2856 ἡ
1684 2821 1736 2847 τῶν
1750 2818 1864 2856 Χριστοῦ
