2032 3215
159 188 232 216 9175

706 188 959 218 εοιιιιΕΝτΑιῃΑ
980 189 1013 217 IN
1031 183 1216 217 psamos:
1231 169 1267 206 ιθι
1283 177 1290 207 l

1713 188 1783 216 1174

157 248 229 276 λαῶν
248 248 408 285 συμφωνία,
432 250 542 285 καθ’λῆν
561 252 590 277 ὲν
611 251 712 283 πάσαις
734 252 793 284 ταῖς
814 251 861 278 τοῦ
880 251 939 279 Θεοῐ

1000 253 1058 287 pari
1074 258 1213 280 consensu
1226 253 1253 277 et
1267 256 1320 278 una
1333 250 1466 279 sententia
1477 249 1537 278 ﬁdei
1550 253 1577 279 et
1591 245 1711 286 pietatis,
1727 260 1782 279 una

156 295 326 331 ἐκκλησίαις,
342 295 513 330 ὁμογνώμονι
531 296 603 332 ψυχῇ
618 297 664 323 καὶ
683 297 731 332 μιᾷ
746 296 873 328 διαθέσει,
887 296 948 332 ὁμο-

155 341 277 378 φροσύνῃ
303 350 331 368 τε
358 342 405 368 καὶ
427 342 551 378 ὁμοδοξία
577 342 694 374 πίστεως
717 342 764 369 καὶ
788 342 945 374 εὐσεϐείας,

155 387 295 422 ὁμόφωνον
310 386 389 421 μέλος
405 386 433 412 ἐν
449 387 508 417 ταῖς
529 386 723 421 ψαλμολογίαις
739 387 944 422 ἀναπεμπομέν-

154 432 300 464 Τοιαύταις
323 429 368 459 οὖν
387 432 555 468 ψαλμῳδίαις
582 433 629 459 καὶ
651 432 777 468 κιθάραις
801 441 946 468 πνευματι-

154 479 216 509 καῖς
235 478 351 514 χρῆσθαι
368 478 513 514 εἰώθαμεν,
538 478 599 505 ἐπεὶ
621 478 668 505 καὶ
690 478 768 505 τοῦτο
792 478 910 505 διδάσκει
933 479 946 504 ὁ

160 523 320 555 Ἀπὸστολος
333 525 435 557 λέγων·
454 524 587 558 Ψαλμοῖς
605 524 653 551 καὶ
669 524 757 558 ᾠδαῖς
770 524 820 551 καὶ
842 524 946 558 ὕμνοις

154 570 374 604 πνευματικοῖς.
395 571 443 606 Εἴη
461 570 483 597 δ’
504 570 537 597 ἂν
557 567 643 602 ἄλλως
664 569 764 606 κιθάρα
789 571 837 605 μὲν
850 570 945 601 τέιπᾶν

155 615 245 651 σῶμα,
257 613 287 643 οὗ
303 616 347 643 διὰ
362 616 416 643 τῶν
432 617 565 652 κινήσεων
578 617 625 643 καὶ
637 617 691 643 τῶν
703 615 829 651 πράξεων
843 617 859 651 ἡ
874 616 945 650 ψυχὴ

152 661 198 688 τὸν
216 662 355 697 πρέποντα
374 662 413 697 τῷ
432 662 491 697 Θεῷ
507 662 590 698 ὕμνον
615 662 774 689 ἀποδίδωσι·
797 661 945 696 ψαλτήριον

152 707 180 734 δὲ
194 707 354 743 δεκάχορδον
367 709 387 743 ή·
399 708 445 734 τοῦ
461 708 537 742 ἁγίου
554 709 711 743 Πνεύματος
725 707 768 734 διὰ
784 707 837 734 τῶν
851 707 946 742 αίσθη-

152 754 254 789 τηρίων
275 754 355 780 πέντε
378 754 427 790 μὲν
447 754 493 780 τοῦ
517 754 650 789 σώματος,
672 753 821 789 ἰσαρίθμων
844 753 872 779 δὲ
896 752 946 787 τῆς

151 799 242 835 ψυχῆς
254 800 404 835 δυνάμεων,
417 800 613 835 ἐπιτελουμένη
630 799 742 835 λατρεία
755 808 760 814 ·
774 799 792 826 ἃ
814 799 845 834 δὴ
862 807 944 833 παρι-

151 846 218 878 στὰς
237 847 258 872 δ’
275 846 354 878 αὐτὸς
370 846 531 878 Ἀπόστολός
553 846 619 881 φησι
646 854 713 872 που·
738 845 945 879 Προσεύξομίιι

150 891 191 925 τῷ
207 893 362 927 πνεύματι,
375 893 578 927 προσεύξομαι
599 891 633 918 δὲ
650 892 697 918 καὶ
716 890 755 923 τῷ
779 891 840 917 νοΐ·
855 890 944 925 ψαλῶ

999 306 1075 330 voce,
1094 298 1180 325 melos
1197 298 1224 324 in
1250 297 1408 332 psalmodiis
1436 298 1596 325 emittimus.
1618 296 1781 332 Hujusmodi

997 345 1081 380 igitur
1096 344 1254 380 psalmodiis
1269 347 1295 371 et
1315 344 1427 372 citharis
1447 344 1635 379 spiritualibus
1659 344 1698 371 uti
1715 352 1782 371 eou-

997 390 1159 418 suevitnus:
1186 389 1250 424 quia
1278 389 1304 415 id
1332 389 1411 416 docet
1435 388 1581 423 Aposmlus
1607 388 1650 417 his
1679 389 1781 422 verbis,

998 435 1117 462 Psalmis
1139 439 1164 462 et
1179 434 1290 461 canticis
1307 438 1335 460 et
1354 434 1457 469 hymnis
1481 434 1694 469 spiritualibus‘.
1721 434 1782 461 Alia

996 482 1064 508 item
1091 480 1199 508 ratione
1224 480 1330 507 cithara
1356 479 1438 507 fuerit
1458 482 1545 506 totum
1569 487 1678 515 corpus,
1704 480 1783 514 cujus

996 527 1116 554 motibus
1132 530 1159 554 et
1173 526 1302 561 operibus
1328 525 1419 552 anima
1438 525 1630 553 condecentem
1650 526 1783 561 hymnum

997 571 1051 599 Deo
1064 571 1174 599 emittit.
1195 571 1358 602 Psalteriqu
1380 575 1470 597 autem
1490 570 1582 597 decem
1605 570 1782 599 chordarum.

997 617 1117 652 Spiritus
1139 617 1226 644 sancti
1256 617 1347 644 cultus
1371 620 1424 648 est,
1447 623 1496 651 per
1510 617 1631 651 quinque
1659 616 1783 651 corporis

996 671 1105 694 sensus,
1122 666 1148 690 et
1165 670 1213 698 per
1236 662 1348 690 totidem
1371 662 1467 689 animae
1485 663 1601 690 virtutes
1620 662 1755 690 exhibitus
1775 670 1780 687 :

996 717 1056 745 qua
1077 710 1119 737 his
1145 709 1266 737 declarat
1288 709 1359 736 idem
1385 709 1543 744 Apostolus,
1568 708 1657 737 Orabo
1677 709 1782 743 spiritu,

996 754 1077 781 orabo
1097 760 1183 780 autent
1199 756 1223 780 ἐι
1241 758 1345 785 mente;
1363 753 1478 788 psallam
1495 754 1591 789 spiritu
1602 774 1609 785 ,
1625 753 1739 788 psallam
1758 758 1782 778 et

996 798 1120 825 mente”.
1137 797 1221 830 Quasi
1239 798 1343 825 scilicet
1355 806 1433 826 mens
1448 799 1529 826 etiam
1545 803 1636 826 motus
1657 806 1722 826 suos
1735 798 1784 824 ha-

996 844 1069 877 beat,
1090 843 1189 878 quibus
1205 843 1297 878 pulsat
1315 851 1429 879 corpus;
1446 848 1472 871 ct
1498 845 1610 879 spiritus
1635 844 1699 871 item
1716 851 1783 879 pro-

995 889 1070 924 prios
1088 888 1209 915 obtineat
1224 893 1325 921 motus,
1344 890 1444 924 quibus
1462 890 1579 916 animam
1594 894 1694 918 movet.

150 936 190 970 τῷ
207 938 361 972 πνεύματι,
382 937 469 972 ψαλῶ
492 937 526 964 δὲ
550 937 598 964 καὶ
623 936 663 969 τῷ
690 937 752 964 νοΐε
778 935 815 967 ὠς
835 936 881 962 καὶ
904 934 951 961 τοῦ
970 934 1029 965 νοὸς
1055 933 1121 965 ἰδίας
1141 933 1247 969 ἔχοντος
1273 935 1402 971 κινήσεις,
1426 935 1460 962 δι’
1483 932 1520 962 ὧν
1536 936 1716 971 ἀνακρούεται
1753 937 1784 964 τὺ
1803 942 1804 947 ‘

150 985 241 1021 σῶμα,
260 986 306 1012 καὶ
323 986 369 1012 τοῦ
393 986 547 1021 πνεύματος
564 986 644 1012 πάλιν
660 985 772 1017 οἰκείας,
790 984 823 1010 δι’
837 980 874 1010 ὦν
893 983 940 1019 τὴν
954 982 1042 1018 ψυχὴν
1058 982 1173 1017 ἐνεργεῖ.

186 1044 245 1070 ὀτι
258 1043 408 1078 εὔφρανάς
421 1052 470 1078 με,
485 1044 582 1077 Κύριε,
600 1043 634 1069 ὲν
654 1042 694 1075 τῷ
712 1042 853 1076 ποιήματί
872 1049 939 1072 σου,

1024 1038 1106 1066 Vens.
1126 1039 1152 1067 5.
1170 1039 1240 1072 Quia
1256 1039 1393 1067 delectasli
1415 1049 1465 1073 me,
1493 1040 1613 1074 Domine,
1632 1042 1660 1069 in
1676 1042 1782 1077 {ochra

149 1090 198 1116 καὶ
210 1090 244 1116 ἐν
255 1087 316 1123 τοῖς
330 1090 427 1124 ἔργοις
438 1089 497 1116 τῶν
509 1089 615 1123 χειρῶν
629 1097 686 1116 σου
707 1088 939 1123 ἀγνλλλιάσομαι.

154 1135 185 1162 Ὀ
200 1136 298 1169 νοήσας
319 1135 367 1170 τὴν
390 1135 442 1161 ὑπὸ
461 1134 506 1161 τοῦ
529 1134 596 1160 Θεοῦ
619 1134 806 1170 πεποιημένην
823 1134 939 1169 ἡμέραν,

148 1181 213 1217 περὶ
230 1179 264 1218 ἦς
280 1181 397 1217 εἴρηται,
420 1181 500 1214 Αὕτη
525 1181 544 1214 ὴ
567 1180 671 1215 ἡμέρα,
694 1180 734 1214 ἣν
757 1181 902 1213 ἐποίησεν
925 1181 941 1206 d

147 1229 266 1263 Κύριος,
281 1229 529 1263 ἀγαλλιασώμεθα
551 1228 599 1255 καὶ
615 1228 825 1262 εὐφρανθῶμεν
837 1228 874 1254 ἐν
886 1228 940 1254 αὐ-

147 1273 196 1309 τῇ,
219 1271 296 1306 οὗτος
320 1275 388 1310 ἐρεῖ,
408 1275 467 1301 ’Ὁτι
489 1274 641 1308 dismay-dt;
658 1284 706 1309 με,
726 1275 826 1308 Κύριε,
845 1274 880 1300 ἐν
900 1273 941 1306 τῷ

146 1321 290 1356 ποιήματί
312 1328 380 1348 σου.
402 1321 470 1347 Ἀλλ’
487 1321 579 1356 ἐπειδὴ
606 1322 669 1357 περὶ
690 1321 740 1355 τῆς
763 1321 869 1357 ἡμέρας
893 1320 939 1346 τοῦ

146 1367 287 1395 Σαπαῖου
310 1368 324 1394 ὁ
341 1367 436 1402 παρὼν
459 1367 564 1402 carpe;
581 1367 798 1403 προγέγραπται,
813 1367 940 1402 ζητήσεις

147 1413 207 1445 πῶς
232 1414 260 1440 ἐν
276 1414 366 1449 ἡμέρᾳ
389 1413 528 1440 Σαϐϐάτου
550 1413 702 1449 ηὑφράνϐαι
724 1412 807 1447 λέγει,
823 1412 873 1438 οὐκ
893 1412 940 1438 ἐπὶ

146 1461 179 1496 τῇ
202 1460 372 1486 καταπαύσει
390 1459 437 1486 τοῦ
460 1459 538 1491 Θεοῦ,
554 1460 607 1486 οὐδ’
625 1460 671 1486 ἐπὶ
690 1460 722 1495 τῇ
743 1459 826 1494 ἀργίᾳ
845 1458 938 1490 αὐτοῦ,

145 1506 196 1536 ὡς.
210 1505 243 1532 ἂν
266 1505 425 1531 ὑπολάϐοιεν
451 1505 581 1535 Ἰουδαῖοι,
596 1505 639 1531 διὰ
658 1505 687 1531 τὸ
713 1505 741 1530 ἐν
764 1505 831 1539 αὐτῇ
854 1512 939 1530 κατα-

146 1550 250 1578 παῦσαι
269 1551 323 1577 ἀπὸ
343 1552 451 1578 πάντων
468 1551 520 1577 τῶν
540 1550 627 1586 ἔργων
647 1550 739 1581 αὐτοῦ,
758 1547 795 1576 ὧν
817 1549 937 1585 ἐποίησε.

145 1597 202 1624 Καὶ
216 1596 267 1632 μὴν
281 1597 375 1632 ἐχρῆν,
391 1596 470 1631 εἴπερ
481 1597 533 1632 ἄρα
547 1597 586 1627 εις
597 1596 627 1622 τὸ
645 1596 789 1622 Ἰουδαϊκὸν
803 1595 940 1622 Σάϐϐατον

145 1641 294 1676 ἀνεφέρετο
315 1642 350 1668 τὰ
372 1641 415 1667 διὰ
438 1641 485 1667 τοῦ
509 1640 614 1676 ψαλμοῦ
642 1640 811 1676 δηλούμενα,
838 1641 884 1667 ἐπὶ
905 1642 937 1676 τῇ

147 1686 230 1722 σχολῇ
252 1685 299 1712 τοῦ
324 1685 402 1717 Θεοῦ,
423 1685 470 1713 καὶ
487 1687 529 1721 τῇ,
547 1686 584 1717 ὡς
606 1686 638 1712 ἆν
658 1686 768 1718 εἴποιεν,
788 1685 939 1712 ἀναπαύσει

145 1720 193 1758 καὶ
218 1720 301 1768 ἆργίᾳ
322 1732 404 1758 αὐτοῦ
423 1720 576 1768 ηὑφρόινθαι
602 1731 742 1766 λέγεσθαι’
769 1733 815 1758 νῦν
838 1732 867 1758 δὲ
890 1733 938 1768 οὐχ
953 1720 975 1750 C

142 1776 218 1803 οὕτω
233 1778 324 1812 φησιν,
343 1777 400 1803 ἀλλ’
417 1777 574 1812 Εὔφριινάς
586 1786 634 1812 με,
646 1779 743 1811 Κύριε,
754 1778 788 1805 ἐν
800 1778 840 1811 τῷ
854 1778 933 1811 ποιή-

141 1823 215 1857 ματί
237 1831 305 1854 σου,
333 1824 382 1849 καὶ
410 1823 444 1849 ἐν
467 1823 528 1856 τοῖς
551 1823 649 1857 ἔργοις
674 1823 732 1850 τῶν
752 1824 859 1858 χειρῶν
880 1833 937 1850 σου

144 1868 376 1903 ἀγαλλιάσομαι,
396 1869 523 1904 ἄντικρυς
542 1869 678 1904 παριστὰς
702 1869 773 1901 ίδίως
797 1869 845 1904 μὲν
868 1871 936 1896 νοεῖ-

146 1915 208 1942 σθαι
223 1915 254 1941 τὸ
270 1914 384 1950 ποίημα,
401 1916 447 1941 καὶ
461 1915 540 1942 πάλιν
557 1916 630 1947 ἰδίως
644 1916 678 1941 τὰ
689 1915 757 1951 ἔργα
769 1916 822 1941 τῶν
838 1915 937 1951 χειρῶν

144 1959 191 1986 τοῦ
205 1959 283 1991 Θεοῦ,
298 1960 340 1994 ἐφ’
361 1958 401 1992 οἷς
421 1960 573 1996 ηὐφράνθαι
598 1960 733 1996 ὁμολογεῖ,
747 1960 804 1986 ἀλλ’
821 1961 871 1987 οὐκ
891 1961 937 1986 ἐπὶ

143 2005 177 2040 τῇ
202 2004 294 2040 ἀργίᾳ.
316 2005 365 2039 Εἴη
388 2005 410 2030 δ’
436 2005 468 2031 ἂν
496 2005 602 2041 ποίημα
622 2005 671 2040 μὲν
693 2005 754 2031 καθ’
772 2005 820 2032 ἕνα
837 2005 937 2040 τρόπον

143 2049 213 2086 αὕτη
229 2051 246 2085 ἠ
266 2050 366 2086 ἡμέρα,
385 2052 448 2086 περὶ
463 2049 496 2087 ἧς
515 2051 636 2087 εἴρηται·
652 2051 732 2084 Αὕτη
750 2051 768 2084 ὴ
787 2051 881 2086 ἡμέρα
898 2050 937 2083 ἣν

143 2095 289 2130 ἐποίησεν
307 2097 324 2123 ό
339 2097 455 2130 Κύριος,
471 2097 720 2131 ἀγαλνὶιασώμεθα
741 2097 789 2123 καὶ
810 2098 936 2131 εὐφραν-

144 2141 242 2176 θῶμεν
254 2142 289 2168 ἐν
300 2142 377 2176 αὐτῇ
387 2151 393 2157 ’
415 2142 489 2178 δηλοῖ
504 2143 531 2169 δὲ
547 2142 594 2178 τὴν
611 2143 795 2178 ἀναστάσιμον
820 2143 865 2169 καὶ
879 2143 935 2168 Κυ-

144 2187 243 2223 ριακὴν
264 2188 379 2222 ἡμέραν,
401 2188 438 2219 ὡς
463 2189 491 2214 ἐν
510 2188 612 2223 ἑτέροις
636 2188 832 2220 ἀποδεικτικῶς
851 2197 930 2223 napa-

144 2233 299 2268 στήσαμεν,
326 2234 360 2260 τὰ
385 2234 438 2260 ἀπὸ
462 2233 510 2268 τῆς
534 2234 711 2269 κοσμοποιίας
740 2234 934 2269 παραθέμενοι,

143 2278 204 2305 καθ’
223 2279 257 2314 ἢν
278 2280 292 2306 ὁ
315 2279 444 2314 Μωῦσῆς·
466 2279 512 2304 Ἐν
531 2279 620 2313 ἀρχῇ,
642 2280 733 2315 φησὶν,
757 2281 902 2315 ἐποίησεν
919 2282 935 2306 ὀ

143 2325 217 2358 Θεὸς
229 2325 283 2352 τὸν
297 2325 428 2359 οὐρανὸν
439 2325 487 2351 καὶ
503 2325 559 2359 τὴν
574 2325 646 2359 γῆν·
663 2326 710 2352 καὶ
731 2326 861 2360 ἐπιλέγει,
881 2328 935 2353 Γε-

141 2369 263 2404 νηθήτω
281 2369 354 2404 φῶς,
379 2369 428 2396 καὶ
449 2370 568 2405 ἐγένετο
590 2370 668 2404 φῶς·
694 2371 743 2397 καὶ
757 2371 905 2397 ἐκάλεσεν
919 2372 934 2398 ό

143 2415 216 2448 Θεὸς
237 2416 269 2442 τὸ
291 2415 353 2450 φῶς
373 2415 497 2450 ἡμέραν.
512 2416 592 2451 Ὁρᾷς
616 2415 671 2451 γὰρ
690 2416 727 2447 ὡς
747 2416 823 2442 οὐδὲν
842 2416 935 2451 ἕτερον

141 2462 172 2488 ὲν
194 2461 279 2498 ταύτῃ
293 2462 397 2495 γίνεται
421 2461 625 2497 δημιούργημα,
648 2462 704 2488 ἀλλ’
727 2463 795 2498 αὕτη
826 2463 894 2498 μόνη
919 2464 934 2499 ἡ

140 2506 245 2542 ἡμέρα,
261 2507 298 2539 ὡς
313 2507 477 2543 ἐφαρμόζειν
491 2508 559 2543 αὐτῇ
574 2509 604 2534 τὸ
619 2508 722 2543 φάσκον
738 2509 837 2543 λόγιον,
856 2509 934 2543 Αὕτη

141 2551 161 2584 ἡ
175 2550 272 2585 ἡμέρα
284 2550 324 2584 ἢν
336 2551 480 2585 ἐποίησεν
494 2554 510 2578 ό
525 2553 640 2586 Κύριος.
664 2553 730 2579 Οὐδὲ
753 2554 808 2589 γὰρ
830 2553 893 2580 ἄλλο
909 2562 935 2580 τι

141 2596 199 2623 ἀλλ’
214 2596 301 2632 αὐτὴν
321 2596 369 2632 τὴν
388 2598 495 2633 ἡμέραν
516 2598 652 2633 ἐποίησεν,
673 2600 734 2634 ἥτις
751 2597 785 2634 ἦν
806 2601 822 2635 ή
839 2599 933 2634 πρώτη

141 2642 280 2678 Κυριακὴ,
294 2643 360 2679 περὶ
369 2641 403 2679 ἦς
419 2644 465 2671 καὶ
476 2644 523 2670 νῦν
542 2644 667 2679 λέγεσθαι
685 2645 724 2677 τὸ,
741 2646 800 2672 Ὅτι
810 2646 933 2680 -ηὕφρα-

140 2687 198 2722 κάς
213 2697 262 2723 με,
273 2689 371 2722 Κύριε,
386 2690 420 2716 ἐν
433 2690 473 2723 τῷ
491 2691 632 2725 ποιήματι
651 2699 724 2718 σου·
743 2691 810 2728 ἔργα
833 2692 863 2718 δὲ
877 2701 934 2727 χει-

143 2734 198 2769 ρῶν
211 2735 293 2762 αὑτοῦ
308 2735 342 2762 τὰ
352 2736 380 2763 ὲν
392 2737 452 2767 ταῖς
465 2736 533 2771 μετὰ
544 2737 630 2763 ταῦτα
641 2737 758 2773 ἡμέραις
771 2738 933 2773 γεγενῆσθαι

139 2779 383 2816 ἀναγεγραμμένα.
402 2782 480 2808 Κατὰ
499 2782 527 2808 δὲ
548 2782 640 2817 ἕτερον
657 2783 757 2818 τρόπον
773 2783 881 2819 λεχθείη
901 2784 934 2810 ἂν

141 2825 248 2860 ποίημα
263 2826 312 2861 μὲν
331 2826 365 2853 τὰ
386 2828 468 2862 νοητὰ
490 2828 536 2854 καὶ
557 2828 652 2862 λογικὰ
674 2829 719 2855 καὶ
738 2829 872 2864 ἀσώματα
886 2829 932 2855 τοῦ

177 2904 187 2920 ³
208 2902 306 2939 Ephes.
328 2913 354 2938 ν,
376 2905 417 2933 t9.
459 2906 478 2921 "
500 2904 510 2931 ι
528 2906 589 2934 Cor.
609 2914 664 2941 xtv,
686 2907 727 2935 15.
768 2908 785 2923 ¹¹
808 2907 881 2936 l‘sal.
901 2915 939 2935 (ili

990 2907 1056 2935 ει.
1098 2908 1118 2923 ¹¹
1138 2907 1203 2936 Gt'u.
1226 2908 1297 2941 ι,1.

993 1090 1049 1118 tua,
1069 1090 1093 1112 et
1109 1086 1138 1112 in
1154 1086 1274 1119 operibus
1296 1094 1421 1113 manuum
1438 1091 1545 1113 tuarum
1565 1087 1714 1116 exsultatio.
1730 1089 1783 1121 Qui

992 1132 1063 1159 diem
1080 1139 1095 1158 a
1118 1131 1235 1159 Domino
1256 1132 1356 1159 factam
1384 1133 1526 1165 intellexit,
1546 1134 1580 1161 de
1600 1142 1653 1168 qua
1677 1134 1781 1161 dictum

992 1181 1043 1209 est,
1061 1177 1126 1204 [huc
1142 1177 1208 1210 dies,
1230 1186 1310 1212 quam
1325 1177 1387 1212 fecit
1412 1177 1551 1211 Dominus,
1577 1179 1737 1207 exsultemus
1756 1185 1781 1207 et

993 1225 1113 1252 lwtemur
1126 1226 1153 1252 in
1169 1226 1240 1258 ea“,
1256 1225 1302 1252 hic
1314 1225 1395 1257 dicet,
1413 1225 1482 1258 Qm'a
1499 1225 1638 1253 lleleclasti
1660 1235 1709 1258 me,
1727 1226 1783 1253 Do-

992 1272 1070 1303 mine,
1087 1272 1114 1298 in
1132 1273 1239 1306 [actura
1255 1276 1311 1298 tua.
1332 1271 1384 1298 Sed
1401 1272 1531 1306 quoniam
1551 1272 1584 1299 de
1603 1272 1646 1300 die
1668 1272 1780 1300 Sabbati

992 1318 1035 1344 hic
1048 1319 1169 1353 psalmus
1190 1318 1340 1353 inscriptus
1355 1321 1407 1349 est,
1423 1325 1530 1352 queras
1541 1326 1592 1344 cur
1604 1318 1632 1345 in
1652 1318 1696 1345 die
1711 1318 1781 1346 Sab-

991 1363 1048 1390 bati
1066 1371 1095 1391 se
1119 1364 1285 1391 delectatum
1309 1371 1371 1391 esse
1395 1363 1479 1397 dicat,
1495 1370 1550 1390 non
1567 1363 1600 1390 de
1616 1362 1663 1391 Dei
1674 1365 1780 1400 requie,

992 1417 1081 1444 neque
1095 1409 1129 1437 de
1143 1411 1203 1444 ejus
1220 1409 1383 1441 cessatione,
1398 1412 1427 1435 ut
1442 1407 1528 1436 Judaei
1544 1409 1701 1444 opinentur,
1716 1410 1781 1445 quia

991 1456 1018 1482 in
1045 1455 1105 1490 ipso
1124 1456 1247 1483 eessavit-
1259 1455 1293 1483 ab
1317 1457 1446 1485 omnibus
1470 1458 1600 1493 operibus
1626 1459 1695 1490 suis,
1719 1466 1781 1494 quae

992 1500 1065 1528 fecit.
1084 1500 1118 1527 Et
1132 1509 1197 1528 vero
1212 1502 1235 1529 si
1248 1509 1279 1529 ea
1295 1510 1356 1537 qua:
1370 1504 1397 1529 in
1422 1503 1527 1538 psalmo
1541 1503 1666 1531 feruntur
1686 1504 1781 1532 Judai—

991 1553 1053 1572 cum
1069 1545 1218 1573 Sabbatum
1231 1548 1408 1582 respicerent,
1420 1553 1559 1584 oporteret
1576 1550 1677 1578 dixisse
1691 1550 1778 1583 illum,

991 1591 1064 1618 sede
1089 1591 1145 1618 otio
1162 1591 1220 1623 Dei,
1239 1597 1331 1627 atque,
1349 1596 1379 1620 ut
1396 1593 1432 1620 ita
1452 1593 1555 1626 dicant,
1572 1594 1605 1622 de
1626 1595 1781 1623 cessatione

991 1637 1025 1664 ab
1048 1637 1177 1672 operibus
1197 1637 1359 1665 delectatum
1373 1647 1435 1666 esse
1450 1647 1456 1665 ε
1477 1644 1504 1666 at
1520 1648 1573 1667 non
1593 1640 1630 1667 ita
1648 1640 1779 1676 loquitur,

991 1682 1038 1710 sed
1052 1682 1099 1714 ait,
1119 1682 1263 1710 Delectasli
1288 1692 1338 1716 me,
1360 1684 1482 1716 Domine,
1500 1686 1526 1712 in
1553 1686 1658 1720 factum
1679 1691 1736 1720 tua,
1754 1691 1781 1713 et

991 1730 1018 1756 in
1038 1729 1159 1761 operibus
1176 1738 1301 1757 manuum
1321 1735 1428 1758 tuarum
1448 1732 1598 1765 exsultabo,
1618 1737 1711 1767 aperte
1733 1732 1780 1760 de-

991 1775 1099 1802 clarans
1125 1776 1240 1803 seorsim
1266 1776 1411 1809 facturam,
1435 1785 1466 1805 ac
1485 1778 1600 1805 seorsim
1617 1786 1700 1813 opera
1720 1786 1780 1805 ma-

990 1829 1073 1848 nuum
1090 1821 1136 1849 Dei
1158 1822 1285 1854 indicari,
1305 1822 1332 1849 in
1349 1823 1450 1858 quibus
1473 1831 1507 1851 se—
1527 1823 1692 1851 delectatum
1718 1833 1781 1853 esse

989 1867 1144 1900 conﬁtetur,
1163 1868 1210 1895 sed
1225 1876 1279 1895 non
1311 1869 1339 1896 in
1363 1869 1528 1897 cessatione.
1554 1869 1671 1897 Factura
1688 1875 1779 1901 autem

989 1913 1080 1947 aliquo
1107 1913 1188 1940 modo
1212 1913 1293 1940 fuerit
1308 1914 1366 1949 ipsa
1386 1915 1455 1947 dies,
1469 1915 1503 1943 de
1518 1923 1571 1949 qua
1589 1915 1691 1942 dictum
1715 1921 1756 1943 est
1771 1926 1777 1942 :

990 1958 1055 1985 Marc
1066 1959 1130 1990 dies,
1148 1967 1227 1994 quam
1252 1959 1312 1994 fecit
1330 1959 1468 1993 Dominus,
1488 1961 1649 1988 exsultemus
1665 1966 1689 1987 et
1706 1962 1779 1988 la'te-

988 2014 1048 2032 mur
1063 2006 1091 2032 in
1107 2014 1148 2033 ea.
1164 2005 1305 2041 Signiﬁcat
1323 2015 1387 2034 vero
1405 2007 1619 2035 resurrectionis
1636 2007 1707 2035 diem
1723 2007 1777 2035 Do—

987 2051 1128 2083 minicam,
1142 2055 1171 2078 ut
1195 2052 1257 2080 aliis
1278 2052 1305 2079 in
1324 2053 1393 2080 locis
1413 2057 1506 2088 aperte
1526 2054 1777 2088 comprobavimus,

987 2097 1051 2124 dum
1066 2105 1126 2132 qua;
1139 2098 1174 2125 ad
1189 2098 1282 2125 mundi
1298 2099 1463 2126 creationem
1487 2103 1612 2134 spectant
1627 2100 1777 2135 explicare-

988 2150 1066 2170 mus:
1080 2143 1113 2170 de
1124 2151 1178 2178 qua
1196 2144 1264 2171 dixit
1284 2144 1391 2180 Moyses
1405 2154 1412 2172 :
1424 2145 1457 2172 In
1479 2146 1608 2180 principio
1625 2146 1685 2180 fecit
1708 2146 1777 2173 Deus

987 2188 1079 2215 coelum
1091 2193 1116 2215 et
1134 2189 1280 2222 terram";
1310 2197 1341 2217 ac
1362 2190 1483 2225 subjicit,
1508 2189 1570 2218 Fiat
1587 2191 1644 2223 lux,
1665 2191 1777 2225 olfactu

986 2238 1024 2259 est
1039 2233 1135 2261 [mmet
1150 2234 1289 2269 appellauit
1302 2235 1371 2262 Deus
1382 2235 1476 2269 lucem,
1490 2236 1557 2263 diem
1568 2237 1599 2262 ”.
1611 2236 1692 2263 Vides
1703 2236 1775 2262 enim

987 2279 1094 2306 nullum
1111 2280 1184 2306 aliud
1192 2280 1329 2315 opiticium
1344 2289 1375 2308 ea
1384 2281 1428 2308 die
1438 2281 1507 2308 eﬂici
1524 2281 1576 2308 nisi
1594 2281 1677 2309 Solam
1691 2280 1774 2311 diem.

987 2325 1024 2351 ita
1043 2329 1071 2351 ut
1096 2325 1135 2352 illi
1162 2325 1213 2352 hoc
1230 2326 1332 2353 dictum
1357 2327 1441 2361 probe
1456 2327 1611 2358 conveniat,
1630 2326 1693 2354 Ηιεε
1707 2326 1774 2359 dies,

987 2380 1066 2407 quam
1081 2371 1143 2406 fecit
1160 2372 1298 2399 Dominus.
1311 2372 1384 2399 Nihil
1400 2373 1501 2407 quippe
1526 2372 1599 2399 aliud
1618 2376 1716 2407 prater
1734 2373 1775 2407 ip-

988 2425 1046 2445 sam
1063 2418 1133 2445 diem
1154 2418 1284 2450 condidit,
1303 2425 1363 2452 qum
1386 2422 1444 2445 erat
1464 2418 1553 2452 prima
1575 2417 1726 2450 Dominica,
1742 2419 1775 2450 de

988 2472 1040 2498 qua
1062 2471 1135 2490 nunc
1152 2463 1263 2494 dicitur.
1289 2463 1357 2495 Quia
1378 2463 1515 2489 delectasti
1536 2471 1586 2495 me,
1607 2463 1730 2497 Domine,
1747 2466 1774 2491 in

986 2510 1169 2544 facturatua:
1190 2517 1272 2544 opera
1289 2514 1378 2536 autem
1408 2517 1537 2535 manuum
1554 2509 1614 2544 ejus
1635 2517 1666 2536 ea
1695 2515 1772 2543 sunt,

986 2563 1046 2591 quae
1062 2555 1241 2590 sequentibus
1253 2555 1348 2582 diebus
1364 2555 1434 2581 facta
1447 2555 1616 2583 scribuntur.
1633 2555 1694 2583 Alio
1709 2557 1773 2584 item

987 2601 1068 2629 modo
1090 2601 1195 2629 factura
1214 2601 1342 2628 dicantur
1363 2600 1503 2628 intellectu
1516 2601 1639 2635 praedita,
1654 2602 1774 2633 rationa-

985 2647 1049 2674 bilia
1065 2651 1091 2673 et
1104 2647 1267 2682 incorporea
1291 2646 1337 2673 Dei
1352 2646 1470 2681 opiﬁcia.
1488 2654 1541 2681 qua
1563 2647 1668 2675 ratione
1681 2648 1772 2674 anima

986 2692 1018 2719 ad
1034 2692 1180 2728 imaginem
1197 2692 1245 2719 Dei
1261 2691 1331 2719 facta
1345 2699 1406 2719 esse
1421 2692 1525 2727 scripto
1539 2693 1675 2725 traditur;
1689 2700 1775 2728 opera,

985 2746 1049 2765 vero
1061 2746 1191 2765 manuum
1209 2739 1279 2773 ejus,
1290 2738 1432 2766 scnsibilia
1447 2742 1473 2765 et
1489 2746 1620 2773 corporea
1632 2740 1692 2774 eius
1707 2747 1780 2774 opes.

986 2792 1025 2817 ra,
1047 2784 1080 2811 de
1101 2784 1200 2819 quibus
1221 2784 1324 2811 dictum
1344 2788 1395 2817 est,
1417 2784 1549 2817 Quoniam
1569 2785 1658 2812 ridebo
1682 2785 1771 2817 ctrlos,

986 2837 1065 2864 opera
1087 2832 1230 2864 digitorum
1250 2834 1365 2863 tuorum,
1388 2831 1479 2857 lunam
1499 2836 1523 2858 at
1545 2833 1646 2864 stellas,
1663 2839 1720 2866 qua:
1745 2837 1780 2859 tu.

1339 2909 1360 2924 ”
1381 2908 1444 2936 ibid.
1465 2908 1498 2937 5.
1514 2908 1533 2935 5
