2032 3215
266 171 334 198 H75

617 170 751 199 EUSEBII
770 170 1009 201 CASSARIENSIS
1026 173 1101 203 OPP.
1120 173 1210 202 PARS
1229 173 1271 201 ill.
1291 189 1325 194 —
1346 171 1550 200 EXEGbTiCA.

1816 174 1886 203 “76

263 229 418 258 fundasti".
435 228 517 256 Docet
537 229 621 264 igitur
644 230 701 257 hmc
720 230 871 265 Scriptura,
889 232 917 258 in
933 232 991 259 otio
1004 232 1041 260 di-

1098 232 1165 258 Θεοῦ
1182 233 1329 268 κτίσματα,
1343 231 1401 258 καθ’
1422 231 1436 257 ὃ
1459 231 1505 257 καὶ
1523 232 1539 266 ἡ
1565 231 1624 257 κατ’
1641 231 1731 257 εἰκόνα
1752 230 1799 257 τοῦ
1819 231 1887 258 Θεοῦ

262 275 385 303 vinarum
411 276 648 307 exercitatiOnum.
666 276 749 311 inque
768 278 921 306 cessatione
939 286 954 304 a
981 286 1044 305 cor-

262 322 350 356 poreis
365 325 392 348 et
410 322 571 349 mertalibus
594 321 733 356 operibus.
751 330 832 356 quam
856 321 1003 350 Sabbatum
1020 327 1047 351 et

261 367 381 401 requiem
413 367 554 402 Scriptura
582 372 670 399 vocat,
689 375 736 395 eos
753 368 799 402 qui
822 369 1044 403 contemplationi

260 413 444 447 spiritualium
464 413 587 440 simulet
608 414 777 441 sensibilium
794 413 840 442 Dei
860 422 972 449 operum
997 423 1043 442 va-

261 464 332 490 cant,
344 459 445 490 dicere.
457 460 526 492 Quia
539 458 675 486 delectnsti
690 467 740 490 me,
760 460 882 491 Domine,
897 461 923 487 in
937 460 1044 495 factura

250 499 316 536 ‘tua,
331 505 392 532 etin
405 505 524 538 operibus
544 513 668 532 manuum
682 511 787 532 tuarum
801 506 939 534 ersultalto
957 515 966 533 :
982 515 1043 534 nam

261 558 290 576 ex
310 551 489 585 magnitudine
511 555 536 577 et
558 551 753 585 pulchritudine
779 558 962 578 creaturarum
982 560 1044 586 pro-

260 596 377 628 portione
388 596 502 630 quatiant
512 597 599 631 opifex
611 605 701 624 earum
717 598 877 631 conspicitur
890 599 911 613 ”
924 607 929 624 ί
944 606 976 625 ac
988 599 1043 633 spi—

259 641 379 672 ritualia,
407 641 566 676 incorporea
590 647 617 670 et
634 643 767 674 cmlestia,
790 651 897 671 necnon
922 645 1040 671 visibilia

259 685 328 720 ejus,
346 694 361 712 a
381 686 518 714 creatione
533 687 626 714 mundi
637 688 766 722 operibus
783 688 918 715 intellecta
931 689 1041 724 conspi-

259 731 378 762 ciuntur,
397 732 546 759 secundum
562 736 686 759 sanciunt
701 733 900 767 Apostolum”.

1098 279 1267 313 γεγενημένη
1289 277 1360 313 ψυχὴ
1384 276 1546 312 πεποιῆσθαι
1569 276 1790 311 ἀναγέγραπται·
1820 277 1889 313 ἔργα

1097 322 1246 358 δὲλχειρῶν
1274 323 1354 350 αὑτοῦ
1378 323 1411 350 τὰ
1435 322 1550 358 αἰσθητὰ
1571 322 1616 349 καὶ
1639 323 1781 357 σωματικὰ
1805 322 1888 349 αὑτοῦ

1097 367 1335 402 δημιουργήματα,
1348 368 1410 402 κτεᾴ
1425 364 1462 394 ὧν
1477 367 1597 402 εἴρηται·
1616 367 1677 393 ’Ὁτι
1692 367 1801 401 ὄψομαι
1818 376 1890 400 τους

1098 412 1256 446 οὐρανοὺς,
1268 413 1340 447 ἔργα
1359 413 1417 439 τῶν
1433 412 1591 440 δακτύλων
1601 419 1670 443 σου,
1689 412 1828 446 σελήνην
1841 414 1890 440 καὶ

1097 457 1242 492 ἀστέρας,
1265 458 1284 485 ἃ
1311 458 1351 485 σὺ
1374 458 1581 492 ἐθεμελίωσας.
1607 458 1733 485 Διδάσκει
1760 458 1850 485 τοίνυν
1873 461 1890 494 ἡ

1099 503 1168 538 μετὰ
1184 505 1277 539 χεῖρας
1299 503 1404 539 Γραςιεὴ,
1421 504 1449 530 ὲν
1470 504 1502 538 τῇ
1526 503 1606 538 σχολῇ
1629 503 1682 530 τῶν
1701 502 1780 530 θείων
1804 504 1892 537 ἀσκή-

1098 557 1176 581 σεων,
1189 550 1236 575 καὶ
1247 550 1279 584 τῇ
1291 549 1346 576 τῶν
1358 549 1519 584 σωματικῶν
1536 549 1582 576 καὶ
1595 549 1697 584 θνητῶν
1710 549 1800 585 ἔργων
1810 550 1886 584 ἀσχο-

1097 595 1141 630 λία
1157 603 1186 621 τε
1209 596 1256 622 καὶ
1272 596 1365 632 ἀργίᾳ,
1383 596 1417 630 ἣν
1438 604 1498 622 τινα
1517 595 1653 622 Σάὃὸατον
1668 596 1715 622 καὶ
1738 596 1891 622 ἀνάπαυσιν

1094 642 1108 668 ὁ
1122 641 1199 675 λόγος
1212 641 1352 674 ἀποκαλεῖ,
1372 642 1401 668 ὲν
1413 643 1446 678 τῇ
1458 641 1559 678 θεωρίᾳ
1578 642 1631 668 τῶν
1652 650 1682 668 τε
1700 641 1803 677 νοητῶν
1823 641 1892 677 ὁμοῦ

1095 689 1141 714 καὶ
1149 687 1203 714 τῶν
1215 687 1355 722 αἰσθητῶν
1364 687 1452 723 ἔργῶν
1461 687 1507 714 τοῦ
1516 687 1583 714 θεοῦ
1594 687 1772 723 σχολάζοντας
1789 687 1890 722 λέγειν·

1095 735 1154 760 ’Ὁτι
1174 733 1332 768 ωὔφρανάς
1354 742 1403 769 με,
1423 734 1522 768 Κύριε,
1539 733 1572 760 ἐν
1595 733 1635 766 τῷ
1653 733 1796 768 ποιήματι
1819 741 1890 763 σου.

258 783 306 804 και
318 778 355 804 ἐν
368 777 429 811 ¹ιοῖς
443 779 540 814 ἔργοις
559 779 618 806 τῶν
633 779 739 814 χειρῶν
749 788 807 807 σου
817 781 1047 816 ἀγωλιάσομιιι,
1061 783 1096 809 ἐκ
1106 782 1251 817 μεγέθους
1262 782 1316 817 γὰρ
1329 782 1379 808 καὶ
1389 781 1543 815 καλλονῆς
1556 781 1724 815 κτισμάτων
1736 781 1891 815 ἀναλόγως

259 831 274 856 δ
288 826 493 860 rer-emovpr
511 826 610 854 αὐτῶν
632 829 792 862 θεωρεῖται·
808 830 854 856 καὶ
869 828 903 856 τὰ
917 829 999 865 νοητὰ
1010 830 1038 857 δὲ
1061 832 1107 857 καὶ
1120 831 1251 866 ἀσώματα
1264 831 1310 858 καὶ
1331 830 1512 866 ὑπερκόσμια,
1526 830 1562 857 τά
1579 838 1608 856 τε
1626 830 1711 865 ὁρατὰ
1737 829 1821 857 αὑτοῦ
1839 830 1893 856 ἀπὸ

258 872 370 904 κτίσεως
392 873 492 908 κόσμου
513 874 567 905 τοῖς
590 874 724 910 ποιήμασι
749 875 880 911 νοούμενα
905 876 1064 912 καθορᾶται,
1090 877 1161 904 κατᾶ
1188 878 1234 904 τὸν
1263 877 1334 912 ἱερὸν
1358 877 1528 904 Ἀπόστολον.

295 929 378 957 Vens.
396 930 461 962 6,7.
483 931 569 964 Quam
597 933 768 967 magniﬁcum
793 939 854 961 sunt
882 943 961 969 opera
986 941 1041 968 tua.

1137 937 1184 970 Ὠς
1197 937 1384 971 ἐμεταλύνθη
1405 937 1440 963 τὰ
1464 936 1537 975 ἔργα
1561 943 1629 967 σου,
1651 937 1750 970 Κύριε,
1773 935 1891 970 σφόδρα

257 975 385 1002 Domine!
398 977 476 1003 nimis
487 978 627 1012 profunda:
639 979 717 1013 facta
724 985 784 1006 sunt
794 982 966 1015 cogitationes
979 987 1044 1010 tute.

261 1020 308 1046 Vir
319 1021 446 1056 insipiens
460 1031 512 1049 non
525 1029 673 1058 cognoscet,
693 1030 718 1051 et
735 1026 833 1052 stultus
849 1035 901 1053 non
923 1027 1048 1062 intelliget

256 1065 320 1092 Ιιίιιο.
337 1066 390 1098 Me.
405 1068 503 1102 inquit,
520 1068 669 1101 delectasti,
687 1069 808 1102 Domine.
824 1072 851 1098 in
867 1071 973 1106 factura
990 1078 1046 1105 tua,

255 1117 278 1138 et
295 1112 322 1138 in
336 1113 459 1146 operibus
477 1122 603 1140 manuum
615 1119 741 1147 tuarum;
759 1116 805 1143 seti
827 1125 882 1144 non
896 1119 986 1152 quivis
997 1119 1047 1146 ho-

255 1165 300 1184 mo
314 1158 374 1192 pari
394 1161 477 1192 atque
491 1166 542 1193 ego
558 1160 640 1187 modo
660 1160 773 1189 aiTectus
799 1166 852 1190 est.
875 1163 950 1191 Multi
966 1172 1043 1192 nam-

255 1211 309 1238 que
322 1203 484 1238 insipientes
492 1208 519 1231 ct
531 1204 720 1240 imprudentes
727 1212 802 1239 sunt,
818 1209 864 1243 qui
880 1217 931 1236 nec
944 1215 1045 1238 norunt

255 1255 306 1275 nec
324 1248 479 1284 intelligunt
496 1258 539 1283 ea,
556 1250 582 1277 in
597 1251 697 1286 quibus
713 1260 755 1279 me
769 1253 899 1280 delectari
914 1258 941 1281 et
955 1255 1046 1282 exsul-

256 1297 316 1320 tare
338 1293 481 1321 conﬁteor.
503 1294 687 1328 Quamobrem
713 1297 758 1331 qui
782 1305 845 1326 vere
870 1298 1003 1334 insipiens
1017 1305 1044 1328 et

254 1340 357 1367 stultus
383 1344 435 1370 est,
459 1340 506 1368 Dei
532 1342 702 1376 providentia
724 1348 751 1370 et
777 1345 861 1372 verbo
885 1346 1043 1374 universum

254 1387 414 1414 constitisse
439 1391 537 1422 negat;
553 1388 600 1415 sed
627 1389 682 1416 fato
699 1394 726 1417 et
746 1391 915 1423 necessitati,
930 1393 1042 1420 insano-

254 1440 308 1466 que
328 1431 436 1459 cuidam
456 1433 551 1460 cursui
573 1441 605 1460 ac
629 1434 748 1462 fortuna:
772 1440 846 1463 tanta
867 1436 914 1464 Dei
934 1437 1042 1472 opiﬁcia

256 1479 377 1507 ascribit.
396 1478 496 1507 Verum
514 1480 606 1513 etiam,
630 1486 658 1508 ut
674 1481 798 1513 insanus,
812 1482 840 1509 in
857 1483 976 1510 universi
992 1484 1040 1511 ad-

257 1525 459 1553 ministratione
479 1526 533 1552 ruit
557 1530 584 1553 et
606 1526 705 1554 labitur
729 1527 869 1563 opinione.
891 1529 964 1564 quod
988 1529 1040 1564 ipsi

255 1570 380 1598 videatur
406 1571 522 1598 multum
546 1571 636 1599 inesse
653 1572 680 1599 in
702 1573 808 1600 mortali
828 1573 882 1600 vita
899 1574 1040 1609 inaequali-

1099 983 1309 1016 ἑϐαθύνθησαν
1329 984 1356 1009 οι
1380 982 1569 1016 διαλογισμοί
1588 990 1657 1009 σου.
1678 981 1763 1015 Ἀνὴρ
1790 981 1891 1016 ἄφρων

1099 1029 1135 1055 οὺ
1154 1027 1309 1063 γνώσεται,
1330 1027 1378 1054 καὶ
1402 1027 1549 1060 ἀσύνετος
1575 1028 1611 1054 οὐ
1634 1026 1765 1060 συνήσει
1786 1027 1890 1053 ταῦτα.

1105 1073 1183 1108 Ἐμὲ,
1205 1073 1297 1108 φησὶν,
1309 1073 1473 1107 ηὔφρανας,
1488 1070 1511 1099 ὦ
1523 1073 1621 1107 Κύριε,
1642 1073 1677 1099 ἐν
1697 1072 1737 1105 τῷ
1748 1072 1892 1106 ποιήματι

1097 1129 1165 1151 σου.
1178 1120 1227 1146 καὶ
1237 1119 1272 1146 ἐν
1282 1120 1344 1152 τοῖς
1355 1119 1452 1154 ἔργοις
1463 1118 1521 1145 τῶν
1530 1118 1637 1152 χειρῶν⁴
1644 1126 1702 1145 σου
1711 1127 1717 1133 ·
1727 1118 1784 1145 ἀλλ’
1798 1119 1830 1144 οὐ
1843 1119 1891 1145 καὶ

1097 1167 1151 1197 πᾶς
1163 1166 1231 1201 ἀνὴρ
1243 1166 1294 1201 τὴν
1308 1165 1392 1200 αὐτὴν
1412 1165 1473 1200 ἐμοὶ
1486 1164 1563 1200 φέρει
1579 1164 1709 1192 διάθεσιν.
1727 1164 1827 1190 Πολλοὶ
1837 1164 1891 1199 γάρ

1095 1212 1164 1238 εἰσιν
1178 1211 1294 1247 ἄφρονες
1305 1211 1351 1237 καὶ
1361 1210 1494 1241 ὰσύνετοι,
1508 1211 1538 1236 οὺ
1551 1209 1740 1244 γινώσκοντες,
1752 1210 1813 1236 οὐδὲ
1827 1219 1890 1237 συν-

1097 1257 1182 1289 ιέντες
1205 1257 1274 1283 αὐτὰ
1288 1257 1320 1292 δὴ
1339 1257 1425 1282 ταῦτα
1439 1276 1446 1288 ,
1467 1257 1509 1290 ἐφ’
1534 1253 1574 1288 οἷς
1596 1256 1675 1288 αὐτὸς
1698 1256 1890 1292 εὐφραίνεσθαι

1095 1304 1141 1331 καὶ
1159 1303 1290 1338 ἀγαλλιᾷν
1311 1302 1444 1338 ὁμολογῶ.
1463 1302 1562 1338 Διόπερ
1576 1303 1590 1329 ὁ
1612 1302 1650 1334 ὡς
1665 1302 1774 1337 ἀληθῶς
1795 1301 1891 1338 ἄφρων

1094 1351 1141 1377 καὶ
1156 1350 1284 1381 ἀσύνετος
1299 1350 1406 1384 ἀναιρεῖ
1423 1349 1472 1384 μὲν
1487 1349 1517 1375 τὸ
1531 1348 1645 1384 προνοίᾳ
1664 1348 1713 1375 καὶ
1733 1348 1807 1383 λόγῳ
1821 1348 1891 1375 Θεοῦ

1094 1395 1254 1422 συνεστάναι
1267 1395 1297 1421 τὸ
1311 1395 1376 1426 πᾶν,
1391 1394 1546 1430 εἱμαρμένῃ
1558 1394 1586 1420 δὲ
1605 1393 1654 1420 καὶ
1670 1394 1788 1430 ἀνάγκῃ,
1799 1393 1890 1428 ἀλόγῳ

1092 1450 1122 1468 τε
1138 1441 1209 1476 φορᾷ
1224 1441 1271 1467 καὶ
1283 1440 1353 1475 τύχῃ
1366 1439 1536 1475 προσγραφει
1551 1439 1584 1465 τὰ
1596 1438 1746 1474 τηλικαῦτα
1760 1438 1808 1465 τοῦ
1819 1438 1891 1465 Θεοῦ

1091 1487 1328 1523 δημιουργήματα.
1348 1486 1428 1512 Ἀλλὰ
1448 1486 1496 1512 καὶ
1516 1486 1554 1517 ὡς
1576 1485 1704 1517 ἀσύνετος
1719 1485 1890 1520 προσκόπτει

1091 1534 1124 1569 τῇ
1136 1533 1267 1568 διοικήσει
1285 1531 1333 1558 τοῦ
1349 1532 1460 1564 παντὸς,
1472 1532 1515 1558 διὰ
1537 1532 1567 1558 τὸ
1589 1532 1676 1558 δοκεῖν
1694 1531 1796 1564 πολλὰς
1815 1532 1889 1558 ἀνω-

1093 1578 1192 1614 μαλίας
1207 1580 1236 1605 ὲν
1253 1577 1292 1613 τῷ
1306 1577 1395 1613 θνητῴ
1412 1577 1462 1613 βίῳ
1477 1578 1599 1613 θεωρεῖν.
1616 1578 1646 1604 Ὀ
1667 1577 1716 1612 μὲν
1731 1575 1778 1604 οὖν
1793 1577 1890 1612 ἄφρων

255 1617 331 1644 tatis.
348 1616 483 1651 lnsipiens
508 1617 592 1652 igitur
604 1617 650 1645 ille
665 1622 693 1645 et
709 1618 823 1646 insanus
838 1627 894 1646 rem
916 1628 987 1655 aegre
1002 1620 1040 1647 fe-

1094 1625 1138 1652 καὶ
1153 1625 1283 1656 ἀσύνετος
1298 1624 1479 1660 δυσχεραίνων
1493 1624 1573 1656 εὐθὺς
1590 1624 1636 1651 ἐπὶ
1655 1624 1817 1659 βλάσφημον
1839 1623 1888 1650 καὶ

256 1670 330 1692 rens.
344 1663 435 1690 statim
450 1663 483 1690 ad
497 1663 686 1698 blaspliemum
700 1668 727 1692 et
740 1665 853 1700 impium
864 1666 1038 1693 ratiocinium

256 1707 381 1738 vertitur,
392 1707 491 1734 borum
507 1714 615 1735 causam
629 1708 758 1737 dictitans
771 1717 843 1742 esse,
859 1710 931 1745 quod
949 1711 1041 1739 nullus

257 1753 293 1780 sit
310 1752 391 1784 Deus,
408 1753 483 1780 nulla
509 1753 695 1788 providentia;
718 1754 766 1782 sed
788 1756 879 1782 omnia
900 1760 1000 1784 temere
1015 1762 1042 1784 et

257 1806 323 1826 casu
343 1799 474 1827 ferantur.
494 1799 549 1834 Ego
565 1807 629 1827 vero
642 1799 724 1826 etiam
739 1800 765 1827 in
781 1800 835 1828 illis
849 1801 976 1829 obscuris
992 1810 1042 1829 oc-

256 1844 392 1879 cultisque
412 1845 504 1875 rcbus,
521 1845 564 1880 pia
582 1845 704 1873 imbutus
716 1847 862 1878 sententia,
879 1854 1041 1881 persuasum

256 1891 344 1918 habeo
364 1891 460 1925 judicii
489 1896 517 1919 et
539 1892 788 1920 administrationis
816 1897 869 1921 tuae
896 1895 1042 1927 rationem,

257 1938 416 1972 parvitatem
429 1946 517 1966 meam
530 1939 610 1974 longe
625 1947 764 1974 superare.
774 1938 958 1972 Quamobrem
969 1940 1040 1972 dico.

257 1983 345 2016 Quam
366 1985 536 2019 magniﬁcam
551 1990 612 2012 sunt
627 1993 706 2019 opera
725 1990 782 2015 tua,
804 1985 916 2014 Domine
924 1987 934 2012 .’
950 1986 1042 2013 admo-

257 2029 319 2055 dum
346 2029 455 2056 excelsa:
478 2029 556 2063 facta:
582 2035 643 2056 sunt
669 2030 838 2065 cogitationes
860 2036 923 2059 tum.
943 2033 974 2058 Et
995 2034 1042 2067 qui

257 2075 363 2108 possint
380 2076 506 2102 mortalia
530 2076 684 2109 ratiocinia,
711 2077 846 2111 profunda
873 2076 921 2105 Dei
948 2078 1041 2113 explo-

257 2128 328 2151 rare.
343 2125 370 2147 et
385 2121 565 2156 cogitationes
580 2121 639 2156 ejus
648 2123 724 2157 queis
735 2123 853 2150 humana
867 2123 1041 2150 administrat

257 2165 441 2200 cognoscere?
454 2167 687 2198 Quemadmodum
709 2169 781 2194 enim
797 2169 888 2195 nullus
905 2169 1040 2196 hominum

257 2211 326 2237 novit
340 2219 397 2245 qua:
410 2216 470 2237 sunt
482 2211 605 2243 hominis,
623 2213 674 2239 nisi
693 2214 803 2247 spiritus
819 2214 863 2248 qui
878 2215 904 2240 in
917 2215 973 2248 ipso
988 2220 1038 2247 est;

256 2256 294 2283 sic
308 2264 365 2291 qua:
383 2255 429 2282 Dei
443 2261 504 2283 sunt
518 2257 605 2284 nullus
632 2259 715 2291 novit,
736 2259 788 2285 nisi
811 2258 927 2294 Spiritus
948 2259 996 2287 Dei
1005 2261 1037 2292 ¹⁷,

1093 1670 1178 1706 ἀσεϐῆ
1190 1670 1318 1705 λογισμὸν
1334 1669 1475 1705 τρέπεται,
1495 1669 1629 1704 ἀθεότητα
1647 1678 1677 1696 τε
1692 1670 1738 1696 καὶ
1754 1670 1889 1704 ἀπρονοη-

1093 1717 1153 1742 σιαν
1161 1736 1169 1747 ,
1184 1716 1231 1742 καὶ
1243 1716 1272 1742 τὺ
1284 1714 1358 1749 εἰκῆ,
1369 1715 1416 1741 καὶ
1430 1714 1467 1746 ὡς
1479 1714 1568 1749 ἔτυχε,
1580 1714 1682 1741 τούτων
1695 1711 1764 1740 εἶναι
1775 1714 1889 1748 τρασκων

1092 1762 1181 1788 αἴτια·
1199 1760 1254 1795 ἐγὼ
1279 1760 1318 1793 δὲ,
1342 1761 1387 1786 καὶ
1408 1760 1454 1786 ἐπὶ
1478 1760 1532 1786 τῶν
1555 1759 1762 1795 προειρημένων
1779 1759 1894 1794 ἀδήλων

1093 1807 1212 1834 εὐσεϐεῖν
1240 1806 1446 1842 δεδιδαγμένος,
1472 1805 1642 1841 πέπεισμαι,
1673 1805 1714 1832 ὅτι
1739 1805 1810 1840 ὑπὲρ
1838 1805 1889 1840 τὴν

1092 1853 1162 1888 ὲμὴν
1186 1853 1356 1888 σμικρότητα
1377 1851 1556 1887 τυγχάνουσιν
1577 1852 1601 1878 oi
1621 1851 1671 1887 τῆς
1699 1851 1750 1886 σῆς
1768 1851 1889 1887 κρίσεως

1093 1899 1139 1926 καὶ
1150 1898 1306 1934 διοικήσεως
1319 1898 1403 1932 λόγοι,
1420 1898 1465 1924 Διό
1478 1907 1548 1933 φημι
1558 1906 1564 1912 ·
1584 1898 1633 1930 Ὠς
1646 1897 1834 1932 ἐμεγαλύνοη
1853 1896 1890 1923 τὰ

1091 1944 1164 1979 ἔργα
1180 1951 1249 1976 σου,
1261 1944 1350 1977 Κύριε
1357 1943 1367 1969 .'
1385 1943 1504 1977 σφόδρα
1524 1942 1768 1977 ὑπερυψώοησαν
1779 1944 1807 1968 οἱ
1823 1942 1888 1969 δια-

1092 1990 1231 2024 λογισμοί
1255 1997 1323 2016 σου.
1345 1989 1401 2016 Καὶ
1425 1988 1506 2016 πόθεν
1528 1989 1582 2024 γὰρ
1612 1988 1718 2023 θνητοῖς
1747 1987 1889 2022 λογισμοῖς

1092 2036 1205 2072 ὲρευνᾷν
1226 2035 1260 2062 τὰ
1274 2035 1343 2070 βάθη
1356 2035 1403 2062 τοῦ
1420 2036 1502 2069 Θεοῦ,
1519 2035 1565 2062 καὶ
1583 2033 1726 2068 γινώσκειν
1747 2034 1812 2066 τοὺς
1827 2034 1888 2060 δια-

1091 2083 1236 2117 λογισμοὺς
1251 2081 1334 2108 αὑτοῦ
1351 2081 1460 2113 καθόὓς
1478 2082 1574 2108 διοικεῖ
1592 2080 1626 2107 τὰ
1645 2079 1819 2116 ὰνθρὼπινα;
1843 2080 1888 2112 Ὠς

1091 2129 1146 2165 γὰρ
1156 2129 1244 2160 οὐδεὶς
1259 2129 1329 2163 ἔγνω
1339 2127 1398 2155 τῶν
1411 2127 1574 2162 ἀνθρώπων
1582 2126 1617 2153 τὰ
1627 2126 1679 2153 τοῦ
1689 2125 1848 2159 ἀνθρώπου
1859 2126 1889 2152 ει

1090 2175 1131 2209 μὴ
1144 2174 1175 2201 τὸ
1187 2174 1303 2208 πνεῦμα
1313 2174 1346 2200 τὸ
1355 2174 1389 2200 ὲν
1399 2173 1488 2206 αὐτῷ,
1498 2173 1574 2200 οῦῖω
1585 2172 1634 2200 καὶ
1647 2172 1682 2198 τὰ
1692 2171 1746 2199 τοῦ
1755 2171 1830 2198 Θεοῦ
1840 2172 1876 2198 οὐ

1091 2220 1152 2253 detr;
1170 2221 1245 2255 ἔγνω
1264 2221 1290 2247 εὶ
1306 2220 1349 2254 μὴ
1365 2219 1399 2246 τὸ
1414 2219 1535 2253 Πνεῦμα
1544 2218 1596 2254 τρῦ
1611 2217 1696 2249 Θεοῦ,
1711 2217 1759 2244 καὶ
1769 2217 1818 2252 οὺχ
1831 2213 1887 2248 οἷός

1093 2276 1122 2293 τε
1137 2267 1236 2300 λέγειν.
1253 2266 1347 2301 Ἡμεῖς
1358 2265 1392 2292 δὲ
1403 2266 1438 2292 οὑ
1452 2265 1485 2292 τὸ
1496 2265 1613 2300 πνεῦμα
1624 2264 1676 2290 τοῦ
1691 2264 1809 2297 κόσμου
1820 2261 1885 2289 ἐλά

255 2310 344 2336 neque
357 2302 448 2330 dicere
462 2306 551 2337 potest
563 2312 571 2330 :
582 2302 638 2330 Nos
653 2309 739 2331 autem
748 2313 799 2331 non
812 2305 934 2340 spiritum
950 2307 1040 2333 mundi

1094 2313 1192 2347 ϐομεν,
1210 2300 1286 2338 om
1297 2311 1327 2338 τὸ
1348 2310 1461 2346 Πνεῦμα
1475 2310 1522 2338 τοῦ
1535 2310 1618 2337 Θεοῦ·
1640 2309 1703 2345 περὶ
1717 2306 1748 2336 οὗ
1765 2309 1885 2345 εἴρηται·

256 2348 442 2382 accepimus”,
459 2348 506 2376 sed
523 2347 654 2383 Spiritum
672 2349 730 2381 Dei,
746 2351 779 2378 (ie
794 2359 848 2386 quo
861 2351 963 2379 dictum
975 2358 1017 2380 est
1032 2361 1038 2378 :

257 2393 328 2420 Nam
356 2394 471 2428 Spiritus
502 2395 590 2422 omnia
621 2400 770 2430 scrutatur,
797 2398 876 2424 etiam
907 2398 1039 2433 profunda

256 2438 354 2473 Dei";
369 2447 429 2475 qua:
450 2448 512 2467 cum
533 2441 617 2476 probe
638 2442 738 2475 norim,
758 2443 913 2472 nullatenus
934 2444 967 2472 de
993 2443 1041 2471 ilo-

256 2485 362 2512 minum
386 2486 568 2520 inaequalitate
594 2488 756 2521 perturbor;
776 2489 831 2516 imo
852 2497 917 2516 vero
935 2490 1041 2526 gaudeo

255 2535 283 2557 et
298 2530 385 2563 Letor,
411 2532 591 2566 providentia:
614 2534 748 2561 rationem
776 2543 830 2562 non
853 2536 888 2563 ab
912 2536 1041 2564 humanis

256 2577 378 2608 casibus,
391 2579 438 2604 sed
452 2578 486 2605 ab
509 2579 638 2613 operibus
661 2588 791 2607 manuum
807 2581 853 2609 Dei
875 2585 903 2609 ct
914 2582 947 2610 ab
962 2584 1041 2618 opili-

256 2622 307 2650 ciis
319 2621 379 2656 ejus
393 2628 484 2651 mente
500 2625 669 2660 concipiens.
688 2625 800 2654 Gaudeo
820 2627 884 2655 item
899 2633 927 2656 et
944 2630 1040 2657 admo-

257 2667 322 2694 dum
335 2667 421 2700 laetor,
432 2668 466 2696 iis
477 2669 594 2697 donatus
611 2671 699 2702 bonis.
716 2672 817 2706 quibus
831 2673 962 2708 insipiens
978 2674 1040 2708 qui-

256 2711 323 2739 libet
338 2716 365 2740 et
380 2712 481 2740 stultus
499 2714 634 2748 privatur,
649 2723 699 2743 nec
715 2717 787 2744 valet
805 2720 840 2744 ab
855 2718 983 2752 operibus
991 2718 1039 2746 Dci

256 2757 330 2786 illius
344 2758 521 2794 providentia:
534 2760 562 2787 in
574 2761 665 2787 omnia
683 2762 802 2791 rationes
817 2763 948 2791 ediscere.

310 2868 329 2883 "
350 2867 410 2895 Psai
438 2877 501 2901 vnn,
521 2870 546 2898 ι,
587 2870 608 2885 ’³
630 2869 693 2906 Sap.
709 2879 772 2905 xm,
790 2873 815 2900 5.

866 2875 887 2889 ’λ
906 2873 973 2901 Rm:
1005 2884 1022 2907 ι,
1042 2877 1085 2904 ‘90.

1097 2359 1130 2385 Τὸ
1148 2358 1202 2392 γὰρ
1217 2358 1338 2392 Πνεῦμα
1362 2356 1460 2384 πάντα
1480 2354 1598 2391 ἐρευνᾷ,
1614 2356 1663 2382 καὶ
1679 2355 1715 2382 τὰ
1734 2355 1816 2389 ,βάθη
1833 2354 1887 2381 τοῦ

1095 2404 1185 2431 Θεοῦ·
1200 2404 1271 2439 ἆπερ
1283 2403 1370 2435 εἰδὼς,
1387 2402 1512 2438 οὐδαμῶς
1536 2402 1582 2429 ἐπὶ
1602 2404 1635 2437 τῇ
1658 2401 1712 2428 τῶν
1733 2400 1886 2436 ἀνθρώπων

1093 2450 1235 2486 ἀνωμαλίᾳ
1258 2450 1443 2485 ταράττομαι’
1468 2449 1555 2485 χαίρω
1581 2449 1609 2475 δὲ
1633 2448 1680 2475 καὶ
1704 2447 1886 2482 εὐφραίνοματ

1091 2497 1153 2528 τοὺς
1168 2498 1218 2531 τῆς
1232 2495 1359 2531 προνοίας
1374 2495 1470 2529 λόγους
1491 2494 1540 2521 οὐκ
1561 2494 1616 2521 ἀπὸ
1630 2493 1683 2520 τῶν
1695 2493 1765 2520 κατὰ
1779 2492 1884 2527 ἄνθρω-

1092 2549 1141 2567 πον
1159 2541 1384 2575 συμπτωμάτων,
1404 2539 1457 2566 ἀπὸ
1476 2539 1504 2565 δὲ
1524 2538 1578 2565 τῶν
1597 2538 1684 2574 ἔργων
1705 2537 1760 2564 τῶν
1783 2536 1884 2572 χειρῶν

1091 2587 1136 2614 τοῦ
1151 2586 1219 2613 Θεοῦ
1237 2587 1284 2613 καὶ
1299 2586 1352 2612 ἀπὸ
1364 2585 1418 2612 τῶν
1433 2585 1592 2620 ποιημάτων
1609 2584 1691 2611 αὐτοῦ
1706 2583 1881 2618 καταλαμεά-

1091 2641 1153 2659 νων.
1174 2632 1228 2658 Καὶ
1248 2632 1335 2666 χαίρω
1356 2640 1388 2665 γε
1410 2631 1456 2658 καὶ
1476 2630 1730 2666 ὑπερευφραίνομαι
1755 2627 1883 2655 τοιούτων

1092 2674 1279 2706 καταξιωθεὶς,
1296 2672 1333 2701 ὦν
1347 2675 1490 2710 ἐστέρηται
1505 2676 1558 2706 πᾶς
1574 2674 1668 2709 ἄφρων
1680 2674 1726 2700 καὶ
1741 2673 1880 2704 ὰσὺνετπ,

1091 2720 1122 2746 οὐ
1138 2719 1284 2754 δυνάμενος
1297 2720 1351 2746 ἀπὸ
1365 2720 1418 2746 τῶν
1432 2719 1519 2755 ἔργων
1532 2719 1578 2746 τοῦ
1594 2719 1673 2751 θεοῦ,
1685 2720 1740 2751 τοῖς
1757 2719 1881 2754 περὶτῆς

1093 2765 1206 2793 καθόλου
1224 2767 1350 2801 προνοίας
1363 2766 1451 2801 λόγοις
1467 2766 1676 2802 μαθητεύεσθαι.

1627 2877 1646 2894 "
1669 2877 1732 2904 ilu-l.
1754 2877 1796 2904 10.

1130 2878 1149 2892 ¹τ
1170 2875 1260 2904 iCor.
1280 2885 1314 2911 ll,
1336 2877 1376 2904 il.
1419 2878 1438 2893 ’³
1459 2877 1523 2906 ibid.
1545 2877 1585 2905 12.
