2032 3215
140 196 208 224 “77

701 192 953 223 consumma
971 193 1005 220 ix
1026 193 1194 222 PSALMOS.
1213 184 1250 215 αι

1683 188 1751 216 H78

180 254 228 281 Ἐν
236 253 276 286 τῷ
288 253 441 281 ἀνατεῖλαι
452 253 644 288 ἁμαρτωλοὺς
652 253 725 281 ὡσεὶ
736 254 855 288 χάρη-ν,
872 252 920 280 καί

1011 252 1090 281 Vens.
1105 253 1132 280 8.
1153 252 1219 281 Cum
1239 254 1325 281 exorti
1344 254 1440 288 fuerint
1459 255 1606 287 peccatores
1626 250 1693 277 sicut
1717 247 1742 281 fe

136 300 287 334 διέκυψαν
311 300 422 333 πάντες
447 302 474 327 οι
500 300 686 335 ἐρλιτιζόμενοι
707 300 764 334 τὴν
782 300 920 334 ἀνομίαν,

136 346 217 379 ὅπως
236 346 276 373 ἂν
295 346 549 380 ἑξολοθρευθῶσιν
558 347 601 379 εἰς
613 346 665 373 τὸν
678 345 770 372 αἰῶνα
784 346 836 372 τοῦ
857 345 922 372 ald»

135 397 199 421 νος.
218 389 247 415 '0
263 389 311 424 μὲν
334 389 429 425 ἄφρων
454 391 500 416 καὶ
517 390 653 421 ἀσύνετος,
674 390 744 424 ὁρῶν
758 390 865 422 ἀσεϐεῖς
878 391 924 417 εὐ-

137 433 335 469 θυμουμένους,
352 435 473 466 δικςιίους
496 435 524 462 δὲ
544 436 590 462 καὶ
608 436 727 468 εὐσεϐεῖς
740 436 923 471 κακουμένους

135 479 165 505 οὺ
185 480 290 515 συνίησι
318 481 380 512 τοὺς
396 481 446 515 τῆς
467 481 597 516 Προνοίας
627 481 731 515 λόγους,
762 481 818 507 ἀλλ’
844 482 922 513 εὐθὺς

136 526 181 551 ἐπ’
196 525 305 557 ἀσεϐεῖς
325 526 453 562 τρέπεται
467 527 623 562 λογισμοὺς,
640 528 778 554 ἐκπίπτων
794 529 833 559 είς
846 527 923 554 ἀθεό-

135 579 226 606 τητα’
258 572 313 606 ἐγὼ
340 573 378 604 δὲ,
402 573 440 608 τῷ
466 574 598 609 ποιήματί
619 582 664 600 σου
681 573 792 609 ἐνορῶν,
808 574 923 605 καὶτοῖς

137 617 230 653 ἔργοις
252 618 307 645 τῶν
330 619 430 655 χειρῶν
453 629 510 652 σου,
536 620 605 655 μετὰ
619 620 672 646 τῶν
690 620 775 646 ἄλλων
794 619 922 650 συνεῖδον,

137 664 180 691 ὅτι
195 664 225 690 τὸ
241 664 316 696 τέλος
331 665 385 692 τῶν
398 666 466 691 κατὰ
481 666 524 692 τὸν
543 666 598 700 βίον
614 666 801 701 εὐθυμούντων
817 664 923 691 ἀσεϐῶν

137 709 248 746 ὄλεθρον
265 711 384 745 περιέχει
399 712 444 737 καὶ
458 711 609 738 ἀπώλειαν·
624 712 664 738 διὸ
678 711 744 738 πολὺ
764 711 844 737 πλέον
860 711 922 742 τοὺς

137 755 188 790 τῆς
200 755 274 788 θείας
287 757 403 792 κρίσεως
416 757 511 791 λόγους
532 757 799 793 ὑπερεχπλὴττομαι.
816 757 922 790 Ὥσπερ

137 800 205 834 γοῦν
223 801 317 836 χόρτος
332 801 422 827 καὶτὰ
435 802 488 828 ἀπὸ
500 802 552 837 γῆς
567 802 632 837 ἄνθη
652 802 719 837 πρὸς
731 802 819 836 ὀλίγον
836 801 923 836 ὡραῖα

139 845 273 879 φαίνεται,
292 847 337 872 καὶ
364 846 453 880 θέλγει
472 847 521 882 τὴν
539 848 643 882 ὅρασιν,
669 848 714 873 καὶ
733 847 782 882 τὴν
798 846 923 882 αἴσθησιν

137 891 258 924 ἃπασαν,
272 893 333 918 ὅσον
349 892 377 918 δὲ
405 893 509 919 οὐδέπω
530 893 689 928 μεταϐάλλει
712 893 758 919 καὶ
780 893 920 928 τρέπεται,

140 937 229 971 φθίνει
244 947 273 965 τε
290 940 375 974 ῥᾷστα
391 940 436 966 καὶ
447 939 604 966 ἀπόλλυταιδ
614 939 658 966 τὸν
673 939 754 966 αὑτὸν
764 940 863 974 τρόπον
876 940 924 965 καὶ

137 985 162 1010 οἱ
179 985 254 1020 παρά
275 987 331 1016 τοῖς
347 986 452 1017 πολλοῖς
474 986 673 1021 θαυμαζόμενοι
695 986 849 1022 ἁμαρτωλοὶ
866 985 923 1020 ἅμα

137 1037 166 1055 τε
189 1030 338 1062 ἀνέτειλαν,
357 1031 403 1057 καὶ
434 1031 502 1067 πρὸς
524 1032 611 1065 ὀλίγον
637 1031 812 1067 ἀνθήσαντες,
835 1032 924 1058 διέκυ-

138 1075 202 1110 ψαν,
215 1076 353 1111 ἐφάνησαν
366 1085 395 1102 τε
411 1076 482 1108 τίνες
497 1077 560 1103 ποτέ
575 1078 637 1109 εἰσι,
653 1078 698 1103 καὶ
717 1077 811 1108 ὁποίας
829 1086 924 1112 προαι-

140 1121 240 1157 ρέσεως
250 1130 256 1136 “
277 1120 325 1148 εἶτ’
341 1123 390 1148 οὐκ
406 1123 446 1154 εἰς
461 1123 565 1159 μακρὸν
578 1123 675 1154 αὐτοὺς
690 1123 820 1158 μετῆλθεν
833 1124 923 1150 οὐκέτι

138 1167 242 1204 βραχὺς
256 1170 301 1195 καὶ
315 1170 478 1205 πῴσκαιρος
493 1169 610 1205 ὄλεθρος,
629 1169 696 1196 ἀλλὰ
707 1169 832 1205 διηνεκὴς
850 1170 924 1197 ἀπώ-

137 1214 207 1241 λεια.
233 1215 418 1250 Ἐπειδὴπερὴ
432 1216 465 1251 σὴ
477 1215 658 1250 δικαιοκρισία
673 1207 727 1248 τοῖς
747 1216 924 1252 ἀνθρωπίνοις

139 1260 272 1295 ἐφέστηκε
296 1261 448 1296 πράγμασι,
469 1261 509 1287 διὸ
525 1261 555 1297 δὴ
570 1261 684 1296 μάλιστα
701 1262 924 1298 συγκεχωρῆσθαι

137 1307 195 1336 τοῖς
205 1306 376 1342 ἁμαρτωλοῖς
392 1307 438 1333 καὶ
455 1309 511 1339 τοῖς
533 1307 723 1343 ἐργαζομένοις
738 1309 788 1343 τὴν
811 1309 925 1344 ἀνομίαν

137 1352 169 1378 τὸ
188 1352 325 1379 ἀνατεῖλαι
339 1353 385 1380 καὶ
398 1353 526 1387 διακῦψαι
538 1353 655 1388 ἠγοῦμαι
665 1363 672 1370 ·
686 1354 724 1385 ὼς
738 1354 770 1380 ἂν
784 1354 924 1389 ἐλεγχθείη

138 1399 256 1435 αὑτῶνὴ
276 1400 444 1435 προαίρεσις,
468 1400 498 1426 οὐ
514 1400 603 1431 καλῶς
628 1401 684 1432 τοῖς
697 1400 743 1426 τοῦ
756 1400 822 1426 Θεοῦ
839 1400 926 1436 δωρὴ-

140 1453 207 1480 μασι
234 1446 405 1481 κεχρημένη·
432 1446 525 1481 ὃιόπερ
554 1446 658 1477 ἔκδικος
692 1446 789 1478 αὐτοὺς
817 1446 925 1481 δλεθρος

139 1492 249 1524 αἰώνιος
259 1492 417 1526 διαδέξεται.

176 1537 218 1564 Σὺ
234 1537 268 1564 δὲ
280 1538 422 1572 ’Ὺψιστος
430 1539 472 1571 εις
488 1538 542 1565 xor
558 1539 662 1570 αἰῶνα,
676 1540 772 1573 Κύριε.
786 1539 845 1564 Ὀτι
862 1537 925 1564 ἰδοὺ

140 1586 167 1611 οί
178 1585 354 1619 ἑχθροίσου,
366 1585 465 1618 Κύριε,
482 1584 525 1610 ὅτι
541 1584 604 1610 Ιδοὺ
619 1586 645 1610 ol
664 1584 762 1618 ἐχθροί
781 1591 838 1610 σου
852 1583 924 1610 ἀπο-

139 1631 276 1663 λοῦνται,
304 1631 354 1657 καὶ
374 1630 698 1665 διασκορπισθήσονται
713 1630 822 1661 πάντες
837 1630 863 1654 οὶ
883 1628 926 1662 ἐρ-

141 1677 293 1713 γαζόμενοι
308 1677 365 1711 τὴν
380 1678 515 1712 ἀνομίαν.
529 1676 583 1703 Καὶ
604 1675 794 1709 ὑψωθήσεται
811 1675 850 1707 ὡς
869 1682 925 1708 μο-

138 1723 302 1758 νοκέρωτος
327 1724 358 1750 τὸ
385 1724 474 1757 χέρας
485 1732 554 1757 μου,
582 1722 630 1748 καὶ
652 1721 685 1748 τὸ
707 1720 801 1756 γῆράς
815 1729 873 1755 μου
892 1719 926 1745 ἐν

139 1771 232 1803 ἐλαίῳ
245 1771 337 1798 πίονι.
354 1770 408 1797 Καὶ
424 1770 565 1796 ἐπεῖδενό
581 1769 734 1803 ὀφθαλμός
743 1776 803 1802 μου
816 1767 851 1793 ἐν
865 1765 926 1798 τοῖς

139 1816 259 1850 ἐχθροῖς
272 1825 342 1851 μου,
358 1816 407 1842 καὶ
429 1816 464 1841 ἐν
477 1814 537 1847 τοῖς
551 1812 801 1847 ἐπανισταμένοις
816 1811 861 1838 ἐπ’
875 1810 927 1845 ἐμὲ

140 1861 391 1896 πονηρευομένοις
410 1861 608 1887 ἐπακούσεται
627 1859 660 1886 τὸ
672 1857 725 1891 οὖς
735 1867 801 1893 μου.
818 1858 854 1884 Σὺ
867 1857 926 1892 μὲν,

140 1905 234 1939 φησὶν,
249 1902 272 1931 ὦ
284 1905 379 1940 Κύριε,
395 1906 437 1931 ἀεὶ
454 1904 565 1932 κατὰτὰ
576 1904 644 1931 αὐτὰ
663 1904 709 1930 καὶ
723 1902 851 1934 ὡσαύτως
859 1902 927 1937 ἔχων

146 1950 271 1986 ’Υψιπος
279 1951 308 1976 ὲν
317 1951 426 1986 ὑψηλοῖς
440 1951 574 1986 διαμενεϊς
589 1950 634 1976 τὸν
646 1950 789 1985 σύμπαντα
800 1949 884 1975 αίῶνα
897 1948 927 1974 οὐ

142 1997 319 2033 τρεπόμενος,
336 1998 367 2023 οὐ
383 1996 606 2032 ταπεινούμενος,
623 1997 672 2022 οὐκ
686 1995 884 2030 ἀλλοιούμενος,
898 1993 927 2020 οὺ

141 2040 274 2077 κρείττων
304 2041 402 2067 σαυτοῦ
426 2041 577 2076 γινόμενος,
596 2041 626 2067 οὐ
646 2043 702 2072 τοῖς
722 2041 859 2070 ταπεινοῖς
875 2039 929 2065 τῶν

141 2087 190 2113 ἐπὶ
217 2087 268 2122 γῆς
286 2086 471 2122 ὁμοιούμενος,
493 2087 553 2112 οὐδὲ
580 2086 676 2121 μικρόν
694 2095 720 2112 τι
744 2085 790 2112 καὶ
804 2084 928 2110 ταπεινὸν

141 2132 248 2168 φρονῶν
264 2132 311 2158 καὶ
326 2132 462 2167 πράττων,
477 2132 534 2158 ἀλλ’
551 2133 590 2163 είς
602 2132 713 2166 ἄπειρον
731 2130 822 2165 σαυτῷ
835 2129 929 2164 διαμέ-

142 2187 196 2205 νων
212 2179 302 2214 ὅμοιος
312 2187 320 2194 ο
335 2179 415 2214 ἡμεῖς
426 2179 453 2205 δὲ
467 2179 491 2204 οἱ
507 2178 628 2204 ταπεινοὶ
640 2178 686 2203 καὶ
700 2176 807 2212 μακρὰν
819 2177 867 2211 τῆς
879 2177 928 2210 σῆς

142 2225 292 2259 ἀπέχοντες
318 2224 458 2257 δυνάμεως
481 2223 574 2250 ἄλλοτε
595 2222 681 2254 ἄλλως
708 2221 855 2257 φερόμεθα,
882 2222 928 2247 καὶ

974 307 1046 331 num,
1062 304 1086 326 et
1107 300 1276 334 apparuerint
1299 307 1386 326 omnes
1409 299 1454 334 qui
1472 301 1612 332 operantur
1634 294 1746 329 iniquita

974 351 1023 372 rem
1036 354 1045 377 ;
1061 350 1089 371 ut
1104 345 1234 372 intereant
1250 347 1278 371 in
1293 345 1415 371 strcnlum
1430 343 1528 370 screnti.
1545 342 1677 376 Insipicns
1692 339 1739 374 qui

974 390 1034 417 dem
1052 398 1083 418 ac
1099 391 1199 418 stultus
1216 391 1269 422 ille,
1281 398 1343 416 cum
1358 389 1430 416 videt
1445 389 1541 422 impios
1556 387 1679 414 homines
1696 392 1750 420 pro

974 444 1052 471 spere
1076 444 1166 471 agere,
1181 437 1270 470 justos
1295 439 1385 462 autem
1410 439 1437 461 et
1458 435 1516 469 pios
1537 433 1659 460 homines
1676 431 1753 457 malis

973 482 1100 517 opprimi,
1118 481 1297 509 Providentim
1311 482 1443 508 rationem
1464 487 1518 506 non
1539 478 1683 512 intelligit;
1708 475 1754 503 scd

974 527 1064 554 statim
1082 527 1115 554 ad
1138 527 1219 561 impia
1244 526 1386 553 ratiocinia
1405 525 1531 554 vertitur.
1557 524 1592 550 ita
1617 523 1710 557 lapsus
1726 525 1753 547 ut

974 573 1077 599 nullum
1092 580 1153 600 esse
1169 572 1252 599 Deum
1269 575 1355 607 putet.
1369 571 1424 607 Ego
1439 578 1503 597 vero
1517 568 1651 604 opiﬁcium
1666 571 1755 598 tuum,

973 623 1000 646 et
1016 627 1097 653 opera
1114 626 1242 645 manuum
1261 622 1368 645 tuarum
1395 617 1582 645 considerans,
1599 614 1625 640 in
1647 613 1688 640 his
1707 611 1748 639 (ιθ

974 664 1102 699 prehendi
1120 664 1199 691 linem
1216 663 1371 698 impiorum,
1384 662 1428 696 qui
1446 662 1472 688 in
1488 661 1538 687 hac
1555 659 1609 686 vita
1629 664 1756 692 prospere

975 713 1068 744 agunt,
1089 717 1150 736 esse
1168 709 1306 735 interitum
1326 716 1358 735 ac
1377 707 1522 742 perniciem
1540 715 1547 732 :
1567 711 1652 740 quare
1673 703 1757 729 multo

974 754 1060 788 magis
1076 753 1159 780 divini
1183 753 1276 787 judicii
1299 752 1431 779 rationem
1450 750 1579 778 admiror.
1598 747 1664 775 Nam
1685 747 1757 774 sicut

976 799 1065 825 fenum
1086 803 1113 825 et
1126 798 1205 825 ﬂores
1221 802 1300 825 terra:
1315 797 1348 823 ad
1365 796 1445 823 breve
1456 800 1562 830 tempus
1577 793 1701 828 speciosa
1716 791 1757 817 vi-

974 844 1072 871 dentur
1089 844 1237 879 oculosque
1257 851 1290 870 ac
1313 850 1423 870 sensum
1440 841 1612 872 demulcent,
1632 838 1679 866 sed
1693 844 1756 864 mox

975 894 1115 916 mutantur
1130 897 1161 916 ac
1177 894 1329 919 vertuntur,
1350 887 1530 921 l'acillimeque
1544 887 1716 911 marcescunt
1729 885 1757 908 et

939 935 959 961 Β
975 939 1105 969 pereunt;
1125 935 1220 961 eodem
1243 933 1322 960 modo
1337 936 1505 967 peccatores,
1521 930 1567 965 qui
1590 936 1672 963 penes
1687 927 1756 954 mul-

975 983 1017 1007 tos
1038 980 1064 1006 in
1080 979 1258 1006 admiratione
1284 978 1428 1009 habentur,
1446 984 1508 1003 cum
1530 976 1647 1010 primum
1670 971 1757 1000 exorti

976 1027 1094 1058 fueram,
1112 1026 1185 1052 brevi
1202 1025 1361 1056 ﬂoruerunt,
1377 1031 1408 1050 ac
1431 1021 1569 1057 conspecti
1595 1023 1676 1051 sunt;
1701 1021 1758 1044 sta-

974 1071 1076 1106 timque
1090 1069 1214 1105 apparuit
1228 1069 1321 1103 quales
1335 1068 1446 1098 fuerint,
1460 1071 1486 1093 et
1506 1065 1577 1100 quod
1599 1064 1755 1091 institutum

975 1118 1036 1144 vita:
1054 1117 1200 1151 tenuerint.
1218 1115 1273 1142 Nec
1288 1115 1334 1141 diu
1358 1117 1452 1148 postea
1472 1113 1545 1147 ipsos
1563 1110 1695 1146 pernicies
1714 1108 1759 1134 in-

974 1164 1055 1195 vasil,
1074 1170 1127 1190 non
1146 1162 1201 1197 jam
1225 1161 1316 1188 brevis
1335 1165 1360 1186 et
1385 1164 1568 1194 temporanea,
1587 1155 1634 1183 sed
1659 1161 1756 1190 perpe-

974 1214 1050 1236 tuum
1075 1209 1197 1239 exitium,
1221 1207 1285 1241 quia
1306 1205 1377 1233 enim
1396 1205 1500 1239 justum
1520 1202 1654 1237 judicium
1680 1204 1757 1226 tuum

975 1256 1057 1283 rebus
1071 1255 1195 1281 imminet
1211 1252 1349 1283 humanis,
1371 1251 1473 1278 idcirco
1487 1249 1592 1276 aestimo
1608 1245 1758 1282 peccatori-

974 1302 1025 1329 bus
1039 1305 1065 1329 et
1078 1300 1254 1336 operantibus
1273 1298 1442 1333 iniquitatem
1455 1295 1577 1325 concedi,
1589 1298 1619 1320 ut
1631 1293 1758 1320 exorian-

975 1353 1019 1375 tur
1034 1352 1062 1375 et
1077 1354 1205 1382 prospere
1219 1349 1317 1380 agant;
1339 1348 1368 1370 ut
1394 1350 1487 1370 eorum
1507 1340 1650 1367 consilium
1667 1341 1695 1365 et
1707 1345 1757 1364 vo-

975 1395 1076 1426 luntas,
1095 1393 1140 1420 Dei
1153 1392 1311 1420 muneribus
1329 1397 1382 1417 non
1406 1390 1474 1416 bene
1496 1394 1556 1418 usa,
1571 1388 1733 1420 coarguatur
1748 1392 1756 1410 :

975 1440 1151 1475 quamobrem
1174 1438 1257 1465 ultrix
1284 1444 1331 1464 eos
1358 1439 1385 1463 et
1407 1439 1507 1463 acterna
1535 1432 1670 1468 pernicies
1684 1430 1759 1458 exci-

976 1486 1040 1521 piet.

1011 1533 1093 1560 Vens.
1111 1532 1128 1560 9
1140 1547 1153 1553 -
1168 1532 1210 1559 ιε.
1229 1531 1268 1557 Τιι
1291 1535 1378 1557 autem
1401 1528 1554 1555 Altissimus
1577 1526 1602 1552 in
1619 1530 1757 1554 mentum,

978 1580 1096 1606 Domine.
1126 1578 1258 1611 Quoniam
1283 1584 1339 1602 ecce
1364 1574 1463 1601 inimici
1487 1573 1535 1603 tui,
1562 1571 1683 1600 Domine,
1699 1575 1760 1603 quo-

977 1625 1048 1651 niam
1063 1632 1120 1651 ecce
1137 1623 1237 1650 inimici
1260 1622 1299 1648 tui
1321 1620 1450 1655 peribunt,
1468 1623 1492 1645 et
1511 1618 1690 1651 dispergentur
1702 1622 1760 1641 om-

977 1680 1020 1698 nes
1039 1671 1082 1705 qui
1096 1674 1237 1704 operantur
1261 1667 1436 1702 iniquitatem.
1458 1663 1491 1690 Et
1512 1662 1674 1690 exaltabitur
1692 1660 1760 1686 sicut

976 1717 1110 1743 unicornis
1122 1723 1202 1742 cornu
1213 1722 1309 1745 meum,
1322 1717 1346 1740 et
1359 1716 1475 1739 senectus
1487 1718 1544 1736 mea
1556 1709 1582 1735 in
1594 1707 1648 1734 oleo
1659 1705 1758 1740 pingui.

978 1763 1012 1789 Et
1030 1762 1143 1796 respexit
1158 1760 1249 1788 oculus
1269 1768 1341 1787 meus
1359 1758 1476 1784 inimicos
1488 1763 1568 1786 meos,
1584 1758 1608 1781 et
1626 1753 1653 1780 in
1671 1753 1761 1778 insur-

977 1808 1097 1844 gentibus
1113 1809 1140 1834 in
1155 1815 1194 1834 me
1214 1805 1419 1841 malignantibus
1435 1804 1524 1831 audiet
1544 1801 1616 1828 auris
1633 1807 1700 1827 mea.
1718 1797 1759 1824 Tu

978 1855 1099 1891 quidem,
1123 1853 1170 1884 ait,
1197 1851 1319 1883 Domine,
1339 1851 1384 1885 qui
1406 1854 1589 1883 semper.uno
1611 1844 1760 1877 eodemque

978 1901 1059 1928 modo
1077 1899 1233 1926 Altissimus
1257 1905 1296 1928 es,
1322 1897 1349 1923 in
1366 1895 1482 1922 exoclsis
1503 1899 1596 1919 manes
1619 1897 1667 1925 per
1680 1894 1760 1915 omne

979 1947 1119 1976 saeculum,
1137 1952 1190 1971 non
1202 1942 1328 1973 mutaris,
1339 1948 1392 1967 non
1409 1938 1546 1973 dejiceris,
1566 1944 1619 1963 non
1633 1933 1760 1964 verteris,

980 2000 1034 2019 non
1054 1992 1140 2025 teipso
1152 1989 1247 2016 melior
1262 1987 1366 2017 evadis,
1383 1993 1432 2012 nec
1446 1984 1480 2011 iis
1494 1983 1541 2018 qui
1560 1982 1586 2007 in
1602 1985 1674 2007 terra
1696 1981 1762 2005 sunt

980 2036 1127 2065 humilibus
1141 2033 1238 2061 similis
1250 2040 1290 2064 es,
1303 2039 1356 2059 non
1371 2031 1497 2065 exiguum
1512 2031 1558 2054 aut
1571 2025 1671 2053 humile
1682 2023 1762 2058 quid-

979 2083 1051 2118 piam
1069 2082 1153 2108 sentis
1177 2085 1223 2105 aut
1239 2079 1307 2113 agis,
1334 2076 1381 2104 sed
1401 2075 1428 2101 in
1454 2077 1585 2100 aeternum
1600 2069 1649 2097 tibi
1664 2067 1762 2095 similis

979 2135 1141 2165 permanes;
1162 2133 1213 2153 nos
1226 2129 1314 2151 autem
1335 2121 1462 2153 humiles,
1476 2119 1522 2154 qui
1534 2116 1652 2153 procula
1662 2114 1763 2141 virtute

980 2181 1024 2202 tua
1040 2175 1182 2204 absumus,
1205 2170 1258 2197 alio
1275 2169 1381 2203 alioque
1398 2166 1477 2194 modo
1501 2164 1614 2191 ferimur
1631 2164 1658 2188 et
1673 2162 1762 2186 muta-

979 2228 1050 2247 mur.
1066 2218 1167 2246 Inimici
1182 2212 1272 2251 itaque
1288 2215 1338 2246 tui,
1356 2212 1478 2243 Domine,
1494 2210 1540 2245 qui
1556 2215 1615 2236 sese
1628 2206 1692 2237 vita,
1703 2211 1764 2238 quae

143 2252 420 2304 μετάϐα).λόμεοα.ί)ἰ
440 2252 487 2303 μὲν
504 2266 550 2294 οὖν
566 2267 656 2302 ἐχθροί
673 2252 731 2299 σου,
777 2252 877 2301 Κύριε,
891 2265 926 2297 ὡς

981 2265 1052 2300 apud
1069 2268 1095 2291 te
1108 2268 1159 2294 cst,
1177 2262 1280 2289 alienos
1297 2258 1514 2288 constituerunt;
1532 2262 1564 2281 ac
1582 2252 1764 2288 praaoplarunt

143 2315 176 2341 ἂν
190 2314 302 2346 ἑαυτοὺς
318 2314 471 2349 ἀλλοτρίους
494 2314 711 2348 καταστήσαντες
728 2313 776 2348 τῆς
791 2312 866 2347 παρὰ
889 2312 930 2338 σοὶ

142 2360 227 2394 ζωῆς,
246 2359 345 2396 ἔχθραν
361 2368 389 2386 τε
412 2360 472 2386 ἀντὶ
488 2359 576 2394 φιλίας
594 2359 661 2395 πρὸς
672 2359 701 2384 σὲ
715 2358 760 2385 τὸν
774 2358 852 2393 μόνον
863 2359 931 2392 ἀγα-

143 2407 190 2433 θὸν
215 2406 348 2442 ἑλόμενοι,
377 2405 549 2437 ἀπολοῦνται,
569 2406 674 2437 ἑαυτοῖς
694 2404 774 2431 αἴτιοι
792 2404 931 2439 γενόμενοι

143 2452 291 2484 ἀπωλείας,
316 2452 360 2478 διὰ
387 2452 416 2478 τὸ
431 2451 468 2487 μὴ
491 2451 614 2486 ἐθελῆσαί
636 2459 677 2477 σοι
698 2450 866 2486 παραμένειν
885 2449 932 2476 καί

144 2507 185 2525 σοι
199 2498 365 2533 φιλωθῆναιο
388 2498 488 2534 ἔχθραν
509 2498 536 2524 δὲ
557 2496 670 2533 ἄρασθαι
683 2496 731 2531 τὴν
753 2496 821 2531 πρὸς
841 2496 871 2521 σὲ
887 2494 932 2520 τὸν

144 2544 249 2571 ἑαυτῶν
264 2545 377 2579 ποιητήν
392 2553 421 2570 τε
436 2543 482 2570 καὶ
498 2543 616 2577 σωτῆρα..
629 2542 674 2567 Διὸ
686 2540 736 2567 κᾶν
754 2540 837 2575 μυρία
853 2548 932 2565 συνα-

143 2592 266 2626 γάγωσιν
283 2591 312 2616 ὲν
324 2590 363 2624 τῷ
378 2590 427 2624 βίῳ
437 2589 523 2624 τούτῳ
533 2589 586 2624 χρή
591 2596 673 2623 ματα,
687 2588 733 2613 καὶ
744 2586 869 2617 πλοῦτον,
885 2585 932 2612 καὶ

144 2637 309 2672 Θησαυροὺς,
338 2635 404 2662 ἀλλὰ
426 2636 459 2662 τὰ
487 2635 576 2661 πάντα
593 2635 640 2660 σὺν
657 2634 716 2664 ταῖς
728 2632 818 2659 αὐτῶν
833 2632 932 2667 ψυχαῖς

144 2683 193 2709 καὶ
215 2683 307 2714 αὐτοῖς
336 2682 442 2716 σώμασι
465 2679 764 2715 διασκορπισθήσονται.
793 2677 863 2712 Ἐγὼ
878 2678 906 2704 δὲ
919 2678 933 2703 ὁ

143 2730 195 2765 τὴν
210 2728 278 2764 πρὸς
296 2728 325 2754 σὲ
338 2727 438 2761 γνῶσιν
447 2727 494 2753 καὶ
505 2726 594 2760 φιλίαν
603 2725 807 2760 ἀσπασάμενος,
821 2724 867 2750 καὶ
879 2723 933 2750 τῶν

145 2774 250 2809 ἐχθρῶν
261 2782 307 2800 σου
321 2773 458 2809 ἀλλότριος
471 2771 601 2806 γεγονὼς,
611 2771 770 2805 πέπεισμαι,
780 2771 820 2796 ὃτι
829 2769 877 2804 τῆς
887 2769 932 2795 ἐπὶ

145 2821 176 2847 τὸ
195 2822 314 2856 ιιρεῖττον
341 2819 492 2855 μεταϐολῆς
506 2818 634 2853 τεύξομαι
645 2819 679 2853 τῇ
699 2819 732 2852 σῇ
750 2815 933 2851 δικαιοκρισίᾳ

147 2866 291 2893 πιστεύων·
306 2866 375 2892 ὥστε
391 2867 414 2892 εἰ
431 2865 477 2891 καὶ
494 2864 562 2890 κατὰ
577 2864 622 2889 τὸν
634 2863 755 2898 παρόντα
771 2862 826 2896 βίον
842 2860 932 2892 ἄδοξός

146 2924 187 2947 τις
210 2912 280 2941 εἶναι
307 2913 412 2948 δοκοίην
438 2913 483 2938 καὶ
509 2911 635 2941 tumulo;
657 2909 729 2945 παρᾶ
746 2910 801 2940 τοῖς
817 2907 931 2941 πολλοῖς,

981 2312 1141 2340 inimicitias
1152 2314 1253 2340 tecum,
1269 2308 1315 2343 qui
1329 2306 1404 2334 solus
1419 2305 1507 2331 bonus
1518 2308 1558 2334 es,
1568 2306 1670 2334 gerere,
1681 2303 1764 2333 quam

981 2357 1102 2384 amicitia
1118 2356 1170 2382 frui
1189 2360 1246 2386 tua,
1269 2352 1406 2387 peribunt,
1428 2348 1534 2381 .ibiquc
1561 2343 1612 2378 ipsi
1635 2340 1765 2377 perniciei

981 2408 1108 2431 auctores
1124 2405 1204 2429 erunt
1232 2409 1238 2427 :
1259 2399 1323 2434 quia
1352 2396 1498 2423 noluerqu
1516 2390 1585 2426 apud
1610 2394 1636 2416 te
1656 2394 1766 2416 manere

981 2449 1115 2483 amicique
1137 2447 1175 2473 tui
1195 2452 1274 2476 esse;
1303 2442 1350 2470 sed
1378 2439 1535 2468 inimicitias
1558 2437 1702 2463 adversum
1726 2436 1765 2463 te,

981 2496 1105 2530 opiﬁcem
1120 2497 1147 2520 et
1163 2494 1331 2519 servatorem
1348 2495 1439 2518 suum,
1460 2490 1614 2518 suscepere.
1631 2479 1767 2514 Quamob-

982 2549 1039 2569 rem
1053 2538 1161 2567 etiamsi
1181 2537 1301 2564 inlinitas
1324 2534 1351 2561 in
1366 2534 1416 2560 hac
1430 2532 1485 2558 vita
1500 2529 1640 2565 pecunias,
1656 2526 1767 2554 divitias

981 2592 1008 2614 et
1023 2587 1166 2614 thesauros
1178 2582 1324 2617 colligant;
1341 2579 1387 2608 sed
1405 2578 1495 2606 omnia
1507 2583 1568 2604 cum
1583 2573 1725 2603 animabus
1739 2575 1767 2599 et

982 2632 1143 2667 corporibus
1155 2631 1274 2664 ipsorum
1290 2626 1488 2661 dispergentur.
1499 2622 1553 2658 Ego
1567 2628 1630 2648 vero
1653 2619 1699 2654 qui
1721 2625 1768 2645 co-

983 2678 1130 2713 gnitionem
1148 2662 1174 2702 ei
1188 2672 1334 2700 amicitiam
1353 2676 1425 2698 tuam
1440 2669 1622 2712 amplexatus,
1637 2668 1664 2692 et
1677 2662 1768 2690 inimi-

983 2724 1023 2750 cis
1042 2722 1096 2749 tuis
1110 2721 1215 2748 alienus
1232 2718 1346 2746 ellectus
1357 2722 1429 2747 sum,
1440 2707 1606 2750 persuasum
1626 2710 1712 2737 habeo
1725 2715 1769 2734 me

983 2768 1163 2796 mutationem
1176 2766 1204 2793 in
1219 2764 1316 2792 melius
1331 2767 1474 2790 nacturum
1491 2766 1562 2791 esse,
1575 2757 1651 2792 justo
1665 2753 1769 2790 judicio

983 2820 1030 2842 tuo
1054 2813 1132 2841 tidem
1159 2812 1273 2839 habens.
1294 2809 1387 2844 Itaque
1407 2806 1513 2836 etiamsi
1529 2806 1556 2832 in
1571 2800 1695 2838 prmsenti
1712 2800 1768 2825 vita

985 2860 1118 2896 inglorius
1133 2863 1159 2886 et
1174 2858 1236 2885 vilis
1255 2864 1316 2884 esse
1331 2862 1413 2890 penes
1430 2853 1529 2880 multos
1543 2850 1652 2881 videar;
1672 2845 1719 2874 sed
1741 2845 1769 2870 in

985 2908 1036 2936 line
1051 2914 1141 2934 rerum
1152 2905 1307 2939 vtaltabor;
1320 2904 1373 2931 imo
1386 2902 1476 2937 potius
1491 2905 1575 2926 cornu
1592 2902 1680 2923 meum
1693 2891 1774 2932 cxal-_
