2032 3215
294 182 363 211 H79

646 181 781 209 EUSEBII
799 182 1034 210 CASSARIENSIS
1052 181 1127 211 OPP.
1149 182 1238 209 PARS
1252 181 1294 209 Ill.
1316 198 1351 204 —
1367 182 1571 210 EXEGETICA.

1840 182 1909 210 Ιίθθ

292 239 404 271 tabitur,
419 238 447 266 id
465 241 518 270 est,
536 245 599 273 spes
623 238 698 273 regni
715 238 788 266 illius
803 238 875 273 quod
898 239 969 274 apud
985 244 1011 267 te
1030 247 1073 267 me

1126 239 1180 265 ἀλλ’
1191 240 1221 266 ὲν
1235 239 1274 275 τῷ
1289 239 1359 266 τέλει
1374 239 1428 266 τῶν
1444 239 1613 274 πραγμάτων
1633 237 1822 273 ὑψωθήσομαι,
1839 239 1911 274 μᾶλι

293 287 503 312 consecuturum
529 287 673 319 exspecto;
694 291 756 319 qua“:
785 284 890 312 scilicet
911 285 970 320 pari
995 284 1074 312 modo

292 330 456 359 exaltabitur
470 334 551 366 atque
571 330 723 358 unicornis.
747 330 814 358 Nam
838 332 861 359 si
876 332 938 367 quis
952 336 994 360 est
1013 332 1074 359 uni-

292 377 385 404 cornis
396 377 426 403 in
434 376 630 411 spiritualibus,
642 376 722 410 quite
737 376 842 404 Patrem
856 385 935 406 suum
950 382 978 404 ut
990 385 1073 404 unum

292 431 378 450 cornu
397 422 448 450 sibi
469 422 595 455 ascribit;
620 422 688 449 bene
710 423 772 449 novi
790 431 842 455 me,
860 424 971 457 perinde
993 428 1073 458 atque

294 468 379 498 illum,
399 467 572 494 exaltandum
591 474 660 494 esse.
685 466 752 499 Quia
774 468 846 494 enim
869 468 991 495 lnercdcs
1015 468 1072 500 Dei,

291 514 446 540 cohaeredes
456 518 544 540 autem
556 513 655 540 Christi
666 521 807 545 vocamur;
825 521 904 548 spero
914 522 955 541 mc
967 515 1072 547 eodem,

291 568 346 595 quo
360 559 496 590 Christus,
513 567 595 594 regno
610 560 755 586 fruiturum
778 568 849 592 esse,
868 568 929 587 cum
947 565 1073 588 senectus

291 612 361 636 mea,
376 604 401 631 id
419 609 459 631 est
473 608 593 631 extrema
608 605 669 631 vita:
684 612 758 636 meai,
786 605 949 632 exaltabitnr
966 606 992 632 in
1014 607 1073 633 oleo

291 650 395 684 pingui.
423 649 535 677 Etiamsi
558 650 629 677 enim
649 650 800 684 juvenlutis
813 654 841 677 et
857 651 958 686 vigoris
977 652 1074 679 animae

292 702 358 721 mem
373 698 480 729 templis
499 695 526 721 in
541 695 591 722 bac
608 695 673 727 vita,
695 703 743 722 ceu
767 695 794 722 in
810 697 968 730 certamine,
984 698 1074 724 humi-

292 739 386 766 liatum
407 744 582 773 exerceatur;
612 745 640 766 at
658 746 790 773 extrema,
809 742 950 777 ipsiusque
978 743 1074 770 anirme

292 789 429 816 senectus,
448 786 474 812 id
489 790 530 813 est
546 788 744 820 consummatio
759 787 829 821 ejus,
847 789 1023 815 mutationem
1047 789 1073 815 in

293 831 389 858 melius
413 832 562 865 obtinebit;
591 840 622 858 ac
644 832 704 859 oleo
729 833 930 867 superemuenti
951 834 1026 860 diviti
1048 840 1074 861 cl.

292 877 396 912 pingui,
409 878 479 911 apud
491 882 517 904 te
532 878 687 905 misericors
702 878 782 910 Dens,
795 879 984 907 viviﬁcabitur.
996 880 1073 907 Tunc

292 929 358 948 sane
371 922 465 949 oculus
482 930 557 949 meus
572 923 616 957 qui
634 931 714 957 super
726 929 881 958 peccatores
894 925 1071 957 contabescit,
1090 919 1108 945 Β

291 971 318 994 et
334 967 472 994 mortalem
487 968 568 994 vitam
585 968 717 1003 deplorat.
736 969 770 996 ab
791 970 909 997 inimicis
926 971 993 998 meis
1008 979 1073 998 con-

291 1012 432 1046 spicietur,
449 1020 550 1047 eosque
565 1013 668 1040 debitas
683 1022 776 1048 prunas
796 1016 869 1042 luere
891 1016 1005 1048 videbit;
1026 1017 1071 1051 qui

289 1058 345 1091 jam
371 1057 441 1091 apud
467 1058 567 1085 multos
592 1059 677 1093 gloria
695 1061 877 1093 celebrantur,
902 1069 1073 1096 quorumque

292 1104 353 1131 finis
372 1104 535 1139 dispersioni
553 1105 683 1132 tradetur.
710 1105 785 1133 Tunc
805 1115 857 1133 non
876 1108 957 1134 modo
978 1109 1073 1135 oculus

291 1157 378 1182 meus,
395 1150 442 1177 sed
462 1151 543 1177 etiam
563 1150 637 1177 auris
661 1151 757 1178 anima:
781 1160 856 1182 mere,
876 1152 954 1179 finem
984 1153 1073 1180 audiet

291 1203 396 1225 eorum,
411 1196 456 1229 qui
471 1195 527 1229 jam
544 1195 687 1231 insurgunt
700 1197 843 1224 adversum
858 1205 899 1224 me
914 1202 940 1224 et
958 1199 1074 1234 maligne

292 1246 384 1275 agunt.
400 1241 501 1268 Horum
513 1250 576 1277 ergo
589 1244 710 1269 onminm
724 1251 806 1270 causa
822 1244 1001 1272 admiratione
1013 1253 1074 1280 per-

292 1287 385 1313 culsus
414 1287 447 1314 de
475 1289 653 1322 providenliie
681 1295 731 1316 tuae
753 1291 866 1321 ratione,
885 1295 911 1316 et
937 1291 971 1317 de
999 1291 1074 1324 justo

290 1331 393 1364 judicio
406 1332 454 1359 abs
472 1336 498 1359 te
511 1333 637 1359 omnibus
653 1333 800 1364 reddendo,
811 1342 860 1368 ego
875 1334 983 1369 quidem
1000 1335 1075 1362 lzetor

291 1381 318 1403 et.
331 1379 438 1404 exsulto
452 1378 478 1404 in
497 1379 624 1413 operibus
638 1387 766 1405 mammm
784 1384 909 1413 tuarum;
924 1381 1013 1408 omnis
1027 1389 1075 1408 au-

291 1424 346 1448 tem
362 1422 402 1449 vir
417 1423 547 1457 insipiens
561 1428 586 1451 et
600 1424 700 1451 stultus
719 1433 771 1451 non
787 1425 911 1459 intelligit
924 1426 990 1452 lucc.
1003 1426 1075 1459 Qua-

293 1472 403 1501 propter
427 1468 487 1495 dico
508 1478 515 1496 :
539 1469 624 1501 Quam
650 1471 820 1505 magniﬁcam
839 1477 899 1498 sunt
916 1481 993 1506 opera
1017 1478 1073 1505 tua,

292 1513 421 1540 Domine!
436 1522 485 1541 nec
500 1515 579 1542 modo
594 1515 733 1549 profunda:
749 1516 826 1544 facta:
845 1522 919 1549 sunt,
935 1520 981 1546 sed
998 1520 1075 1546 t-alde

291 1559 430 1593 profunda:
442 1559 519 1594 factm
534 1566 592 1587 sunt
609 1562 778 1596 cogitationes
795 1568 864 1595 tua’,‘
881 1564 981 1598 quibus
1005 1566 1075 1600 cogi-

293 1604 442 1632 tationibus
453 1613 552 1633 arcano
567 1611 594 1633 ct
610 1608 744 1642 profunth
759 1610 839 1636 modo
856 1611 1011 1637 universum
1028 1612 1074 1638 ad-
1089 1597 1109 1624 C

294 1650 432 1677 ministras
451 1660 457 1677 :
473 1659 504 1677 an
520 1651 588 1679 sinis
610 1653 717 1687 quidem
735 1659 760 1681 et
783 1655 920 1686 concedis,
948 1660 978 1682 ut
1000 1656 1075 1690 impii

294 1696 344 1723 hoc
355 1700 473 1730 tempore
489 1698 642 1725 exaltentur
661 1704 686 1726 et
708 1700 889 1733 extollantur;
904 1701 938 1735 pii
954 1709 1016 1728 vero
1026 1702 1076 1728 bu-

294 1743 442 1774 milientnr,
461 1751 575 1777 quorum
598 1749 685 1771 tamen
711 1746 771 1772 linis
789 1746 904 1773 mirabili
925 1751 951 1773 et
969 1748 1076 1782 sapien-

293 1788 405 1815 tissimae
421 1789 617 1823 dispensationi
631 1797 682 1817 tua'
696 1791 880 1818 testimonium
894 1793 1003 1826 praebet,
1017 1802 1076 1827 qua:

294 1835 468 1869 conspicatus
483 1835 593 1862 divinus
611 1836 756 1870 Apostolus
772 1837 811 1863 sic
829 1838 994 1865 vociferatus
1009 1843 1051 1866 cst
1068 1849 1073 1865 :

295 1880 317 1908 0
333 1881 445 1908 altitudo
457 1882 608 1908 divitiarum
620 1883 757 1916 sapientiw
766 1888 790 1909 et
803 1884 918 1910 scientia:
929 1884 984 1916 Dei,
998 1893 1076 1919 quam

294 1927 565 1961 incomprehensibilia
579 1934 639 1954 sunt
650 1928 753 1962 judicia
766 1930 821 1963 ejus
843 1934 866 1956 et
884 1931 1075 1965 int-estigabilcs

294 1973 342 1999 via:
356 1974 411 2005 ejus
424 1974 445 1988 ’θ
458 1975 464 2000 l

1124 284 1168 310 λον
1181 284 1209 310 δὲ
1226 284 1256 310 τὸ
1272 284 1354 320 κέρας
1374 293 1423 319 μου
1445 284 1625 319 ὑψωθήσεται,
1651 283 1788 309 τουτέστιν
1801 284 1817 318 ή
1830 284 1907 315 ἐλπὶς

1123 329 1172 363 τῆς
1197 329 1425 365 προσδοκωμένης
1452 338 1502 365 μου
1517 329 1592 364 παρὰ
1619 329 1661 355 σοὶ
1683 327 1832 362 βασιλείας,
1847 330 1907 364 ἥτις

1124 374 1294 409 ὑψωθήσεται
1317 375 1451 407 τοσοῦτον,
1469 376 1530 401 ὅσον
1545 375 1592 401 καὶ
1608 375 1624 409 ή
1648 374 1694 400 τοῦ
1711 375 1906 409 μονοκέρωτος.

1123 421 1154 446 Εἰ
1170 421 1224 455 γάρ
1234 421 1291 446 ἐστί
1306 429 1346 452 τις
1362 422 1390 447 ἐν
1415 422 1519 454 νοητοῖς
1546 421 1699 456 μονόκερως
1712 420 1739 446 ἓν
1753 420 1837 455 κέρας
1850 421 1908 446 ἐπι-

1123 467 1295 502 γραφόμενος
1309 475 1339 493 σε
1350 467 1393 493 τὸν
1409 467 1491 493 αὐτοῦ
1512 467 1631 502 Πατέρα,
1649 464 1677 492 εὖ
1689 464 1747 493 οἴδα
1763 466 1811 492 καὶ
1829 466 1908 498 αὐτὸς

1122 512 1222 546 ὁμοίως
1241 512 1335 547 ἐκείνῳ
1357 512 1573 547 ὑψωθησόμενος.
1596 512 1672 538 Ἐπεὶ
1683 511 1734 547 γὰρ
1752 511 1908 547 κεκλήμεθα

1124 557 1286 593 κληρονόμοι
1304 556 1372 584 εἶναι
1388 558 1465 590 Θεοῦ,
1491 558 1704 593 συγκληρονόμοι
1729 558 1757 584 δὲ
1777 557 1908 592 Χριστοῦ,

1124 604 1283 639 πέπεισμαι,
1313 604 1389 640 φησι,
1414 605 1462 639 τῆς
1483 605 1567 639 αὐτῆς
1587 604 1625 639 τῷ
1645 603 1752 640 Χριστῷ
1769 612 1816 630 σου
1836 603 1910 638 βασι-

1124 650 1197 681 λείας
1216 649 1389 682 ἀπολαύσειν,
1409 650 1527 684 ὁπηνίκα
1548 649 1578 675 τὺ
1595 649 1683 684 γῆράς
1704 657 1765 683 μου,
1787 648 1908 674 τουτέστι

1123 696 1157 722 τὰ
1168 695 1269 730 ἔσχατα
1281 697 1329 730 τῆς
1342 696 1410 731 ἐμῆς
1422 695 1494 730 ζωῆς
1505 695 1675 730 ὑψωθήσεται
1688 695 1716 721 ὲν
1730 694 1813 729 ἐλαίῳ
1826 694 1908 721 πίονι.

1125 744 1155 770 El
1175 744 1228 779 γὰρ
1248 743 1295 769 καὶ
1320 742 1353 768 τὰ
1371 741 1486 776 μάλιστα
1507 739 1541 766 τὰ
1555 740 1604 774 τῆς
1619 739 1743 774 νεότητος
1758 739 1806 765 καὶ
1817 739 1911 774 τὰτῆς

1124 789 1215 823 ἀκμῆς
1227 788 1276 822 τῆς
1292 787 1362 821 ἐμῆς
1374 786 1461 820 ψυχῆς
1477 785 1514 816 ὡς
1534 785 1564 810 ὲν
1581 784 1665 818 ἀγῶνι
1682 784 1720 819 τῷ
1733 784 1847 819 παρόντι

1124 833 1298 860 ταπεινοῦται
1312 841 1344 866 γυ
1350 831 1517 867 μναςόμενα,
1526 830 1593 857 ἀλλὰ
1602 831 1636 857 τά
1647 839 1678 864 γε
1687 830 1789 865 ἔσχατα
1804 829 1911 864 καὶτῆς

1124 879 1212 914 ψυχῆς
1227 878 1310 912 αὐτῆς
1334 877 1363 903 τὸ
1383 877 1481 911 γῆρας,
1499 876 1636 902 τουτέστιν
1655 877 1672 911 ἡ
1691 876 1831 907 τελείωσις
1848 875 1910 902 τεύ-

1125 925 1198 958 ξεται
1213 924 1260 958 τῆς
1276 923 1321 949 ἐπὶ
1331 922 1360 948 τὸ
1378 923 1499 957 κρεῖττον
1512 921 1671 957 μεταϐολῆς,
1685 922 1713 947 ὲν
1728 921 1809 956 ἐλαίῳ
1818 930 1913 957 περιτ-

1123 971 1227 997 τεύοντι
1252 969 1297 996 καὶ
1327 968 1446 1002 πλουσίῳ
1472 968 1518 994 καὶ
1538 967 1619 999 πίονι,
1633 967 1673 1002 τῷ
1699 967 1774 1002 παρὰ
1798 967 1849 999 σοὶ,
1873 967 1911 1002 τῷ

1124 1018 1183 1052 ὲλεή
1189 1025 1247 1051 μονι
1260 1015 1318 1050 Θεῷ
1332 1015 1363 1050 ζη
1369 1014 1494 1050 σομένης.
1513 1014 1579 1040 Τότε
1593 1013 1624 1048 δὴ
1638 1013 1697 1039 τότε
1713 1013 1759 1039 καὶ
1775 1013 1790 1038 ὁ
1805 1013 1852 1039 νῦν
1866 1013 1911 1040 ἐπὶ

1122 1064 1179 1094 τοῖς
1205 1061 1374 1097 ἁμαρτωλοῖς
1401 1060 1581 1095 ὲκτηκόμενός
1607 1068 1657 1094 μου
1687 1059 1844 1094 ὀφθαλμὸς,
1865 1059 1912 1085 καὶ

1123 1108 1168 1134 τὸν
1185 1107 1278 1141 θνητὸν
1297 1106 1352 1140 βίον
1368 1104 1582 1139 ἀποκλειόμενος,
1595 1103 1724 1138 ἐπόψεται
1734 1105 1790 1135 τοῖς
1806 1103 1912 1138 ἐχθροῖς

1126 1161 1186 1187 μου,
1204 1151 1273 1186 ὁρῶν
1299 1150 1376 1185 δίκην
1398 1150 1448 1185 τὴν
1471 1150 1630 1185 πρέπουσαν
1647 1148 1765 1180 διδόντας
1789 1148 1852 1179 τοὺς
1865 1147 1912 1174 νῦν

1125 1198 1199 1232 παρὰ
1223 1199 1278 1228 τοῖς
1296 1196 1404 1227 πολλοῖς
1428 1195 1633 1230 δοξαζομένους,
1649 1190 1686 1220 ὧν
1709 1194 1739 1219 τί)
1766 1194 1843 1225 τέλος
1855 1194 1913 1221 δια-

1126 1241 1287 1278 σκορπισμῷ
1302 1241 1527 1276 παραδοθήσεται.
1538 1240 1603 1266 Τότε
1612 1239 1640 1266 δὲ
1652 1240 1682 1265 οὐ
1699 1239 1777 1274 μόνον
1788 1241 1803 1266 ὁ
1814 1239 1912 1273 ὀφθαλ-

1126 1288 1174 1323 μός
1187 1297 1249 1323 μου,
1267 1286 1334 1313 ἀλλὰ
1357 1287 1402 1312 καὶ
1426 1286 1492 1312 αὐτὸ
1516 1286 1545 1311 τὸ
1560 1282 1605 1316 οὖς
1619 1286 1668 1319 τῆς
1686 1284 1756 1319 ἐμῆς
1774 1284 1863 1319 ψυχῆς
1883 1285 1915 1310 τὸ

1124 1335 1199 1366 τέλος
1228 1333 1373 1360 ἀκούσεται
1404 1332 1457 1358 τῶν
1484 1332 1602 1366 σήμερον
1628 1331 1852 1366 ἐπανισταμένων
1871 1331 1914 1357 ἐπ’

1125 1380 1175 1415 ἐμὲ
1190 1379 1236 1405 καὶ
1254 1377 1487 1413 πονηρευομένων.
1502 1374 1610 1402 Τούτων
1623 1376 1645 1402 δ’
1655 1373 1700 1402 οὖν
1710 1376 1791 1402 ἕνεκα
1807 1376 1915 1402 πάντων

1126 1423 1414 1461 ὑπερθαυμάζωντοὺς
1424 1425 1472 1458 τῆς
1488 1423 1536 1458 σῆς
1549 1422 1794 1458 προνοίαςλόγους,
1812 1422 1858 1448 καὶ
1867 1421 1920 1456 τὴν

1125 1471 1308 1506 ἀποκειμένην
1329 1471 1384 1500 τοῖς
1401 1470 1467 1495 πᾶσι
1482 1468 1556 1504 παρὰ
1574 1468 1620 1494 σοῦ
1636 1468 1846 1503 δικαιοκρισίαν,
1861 1466 1920 1501 ἐγὼ

1128 1520 1176 1554 μὲν
1202 1519 1453 1554 ὑπερευφραίνομαι
1482 1519 1527 1545 καὶ
1552 1518 1672 1552 ἀγαλλιῶ
1687 1517 1733 1543 ἐπὶ
1753 1518 1810 1548 τοῖς
1825 1516 1918 1551 ἔργοις

1126 1566 1178 1592 τῶν
1196 1567 1294 1602 χειρῶν
1324 1575 1385 1592 σοψ
1405 1567 1459 1597 πᾶς
1479 1566 1507 1592 δὲ
1522 1565 1615 1600 ἄφρων
1636 1564 1705 1600 ἀνὴρ
1726 1564 1772 1590 καὶ
1788 1562 1917 1593 ἀσύνετος

1126 1613 1156 1639 οὺ
1182 1613 1288 1648 συνίησι
1313 1613 1409 1639 ταῦτα,
1428 1613 1472 1638 Διὸ
1489 1612 1520 1647 δή
1544 1620 1630 1646 φημι·
1655 1610 1703 1643 Ὠς
1726 1609 1917 1644 ἐμεττιλύνθη

1126 1658 1161 1685 τὰ
1171 1659 1242 1693 ἔργα
1260 1667 1327 1689 σου,
1350 1660 1438 1692 Κύριε
1449 1659 1459 1684 .'
1476 1659 1523 1685 καὶ
1540 1658 1589 1693 οὑχ
1607 1656 1699 1688 ἁπλῶς
1718 1655 1918 1690 ὲὸαθύνθησαν,

1126 1704 1194 1731 ἀλλὰ
1206 1705 1322 1740 σφόδρα
1346 1701 1554 1737 ἐϐὶιθύνθησαν
1579 1704 1606 1730 οι
1630 1701 1821 1736 διαλογισμοί
1841 1708 1916 1726 σου·

1128 1750 1188 1777 καθ’
1206 1751 1251 1782 οὓς
1262 1751 1452 1785 διαλογισμοὺς
1464 1750 1626 1785 ἀπορρήτους
1635 1749 1682 1775 καὶ
1694 1747 1798 1783 βαθέως
1808 1747 1918 1777 διοικεῖς

1128 1796 1157 1822 τὸ
1172 1797 1235 1827 πᾶν,
1252 1797 1406 1830 ἐπιτρέπων
1425 1796 1470 1822 καὶ
1487 1795 1633 1830 συγχωρῶν
1649 1793 1761 1821 ἀσεϐέσι
1785 1793 1835 1828 μὲν
1848 1791 1920 1818 κατὰ

1129 1842 1174 1867 τὸν
1188 1842 1306 1876 παρόντα
1333 1841 1426 1876 καιρὸν
1451 1841 1612 1876 ἐπαίρεσθαι
1631 1836 1677 1866 καὶ
1693 1838 1837 1873 ὑψοῦσθαι,
1855 1837 1920 1869 τοὺς

1129 1887 1156 1913 δὲ
1172 1887 1291 1917 εὐσεϐεῖς
1313 1886 1516 1918 ταπεινοῦσθαι,
1533 1883 1570 1912 ὧν
1588 1885 1622 1912 τὰ
1639 1885 1702 1920 τέλη
1722 1884 1857 1920 μαρτυρεῖ
1873 1891 1921 1909 σου

1128 1934 1162 1967 τῇ
1183 1933 1325 1967 θαυμαστῇ
1349 1933 1395 1958 καὶ
1411 1932 1539 1966 πανσόφῳ
1550 1931 1694 1965 διοικήσει·
1717 1929 1734 1955 ἃ.
1750 1929 1782 1964 δὴ
1807 1927 1921 1955 συνιδὼν

1130 1978 1177 2003 καί
1190 1979 1204 2003 ὁ
1213 1978 1283 2009 θεῖος
1291 1978 1356 2004 Ἀπό
1362 1977 1452 2008 στολος
1461 1976 1614 2011 ἐξεφώνησε
1624 1976 1665 2007 τὸ,
1676 1975 1705 2001 Ὢ
1720 1974 1816 2007 βάθος
1827 1974 1927 2000 πλού-

293 2029 346 2047 του
370 2021 417 2047 καὶ
438 2022 547 2056 σοφίας
562 2022 611 2049 καὶ
623 2022 754 2058 γνώσεως
776 2024 859 2055 Θεοῦ,
889 2025 929 2056 ὡς
955 2025 1171 2059 ἀνεξερεύνητιι
1193 2027 1228 2053 τὰ
1246 2026 1371 2061 κρίματὰ
1406 2034 1475 2058 σου,
1500 2025 1547 2051 καὶ
1571 2024 1794 2058 ἀνεξιχνίαστοι
1809 2024 1840 2049 al
1856 2021 1923 2049 ὁδοὶ

292 2066 396 2093 αὑτοῦ.

329 2123 412 2152 Vens.
431 2125 474 2157 i3,
489 2125 532 2154 14.
549 2125 644 2154 Justus
659 2132 687 2155 ut
702 2129 791 2162 palma
807 2128 927 2163 ﬂorebit,
942 2130 1009 2157 sicut
1035 2138 1076 2157 ce-

293 2169 368 2202 drus,
381 2178 440 2205 qum
453 2172 480 2197 in
497 2170 597 2199 Libano
612 2178 661 2206 est,
673 2174 902 2208 muliiplicabitur.
915 2175 1077 2204 Peccatores

294 2214 403 2250 quidem
422 2216 493 2242 sicut
518 2215 610 2243 fenum
624 2219 735 2259 exoriri,
753 2223 780 2247 et
797 2220 830 2246 ad
849 2221 1003 2255 exemplum
1022 2221 1076 2248 feni

1130 2220 1226 2255 χόρτος
1255 2220 1379 2254 ἐλέγοντο
1404 2218 1579 2250 ἀνατέλλειν,
1603 2217 1651 2244 καὶ
1679 2216 1926 2266 καταλλήλως-τῷ

294 2269 349 2289 non
363 2262 408 2289 diu
425 2267 517 2295 postea
539 2264 628 2297 perire
651 2264 716 2291 dicti
729 2271 803 2292 sunt.
818 2265 885 2292 Nam
900 2271 1024 2294 exortum
1040 2266 1078 2294 fe-

294 2315 359 2334 num
375 2307 465 2334 statim
481 2308 717 2343 exsiccatumrest,
731 2315 758 2337 et
769 2310 818 2338 llos
832 2311 943 2346 decidit,
954 2320 987 2340 eo
998 2320 1078 2347 pror-

294 2360 342 2382 sus
359 2353 439 2380 modo
455 2360 510 2388 quo
533 2359 704 2389 peccatorum
729 2355 784 2382 vita
807 2359 835 2383 et
858 2357 954 2391 gloria.
983 2357 1078 2386 Justus

294 2402 385 2426 autem
399 2406 453 2426 non
470 2398 541 2426 sicut
562 2398 652 2427 fenum
665 2419 672 2431 ,
692 2400 740 2427 sed
757 2401 853 2435 palma:
868 2402 954 2430 instar
973 2403 1080 2432 ﬂorebit

296 2450 406 2470 sursum
426 2442 532 2470 radices
546 2447 573 2479 et
587 2450 679 2471 comas
691 2443 824 2478 efferens;
841 2453 929 2480 neque
945 2446 1020 2474 humi
1030 2454 1080 2482 po-

296 2489 374 2520 sitas,
391 2488 438 2516 sed
452 2489 486 2516 ad
506 2490 604 2517 coelum
618 2494 753 2517 extensas.
767 2490 826 2523 Qua
841 2491 875 2519 de
888 2499 971 2520 causa
985 2493 1082 2528 palmae

296 2533 405 2569 quidem
416 2534 507 2568 justus
528 2539 721 2570 comparatur;
740 2543 794 2563 non
812 2541 901 2564 autem
917 2538 998 2566 unico
1024 2539 1082 2573 pal-

297 2586 348 2606 mae
360 2583 476 2606 trunco:
494 2587 556 2607 nam
573 2582 601 2607 in
615 2581 698 2609 ramis
721 2582 918 2617 multiplicatur
929 2603 937 2615 ,
959 2584 1006 2619 qui
1023 2592 1079 2612 una

296 2631 360 2651 cum
375 2623 422 2651 illa
440 2629 467 2652 et
492 2633 540 2660 per
555 2625 627 2652 illam
643 2627 758 2654 salutem
778 2633 994 2663 consequuntur.
1021 2629 1081 2663 Qua

298 2670 333 2698 de
341 2677 424 2697 causa
440 2671 639 2705 comparandus
655 2672 719 2700 item
730 2673 822 2706 cedro,
836 2682 891 2702 non
902 2675 1023 2708 cuilibet,
1033 2676 1081 2704 sed

298 2717 324 2745 el
340 2724 402 2752 quae
419 2716 445 2743 in
460 2715 564 2744 Libano
581 2722 632 2745 est.
655 2718 795 2754 Multiplex
812 2725 900 2748 autem
917 2721 962 2748 illa
976 2727 1028 2754 est,
1041 2725 1082 2749 at-

298 2770 354 2798 que
367 2763 513 2790 admodum
531 2771 645 2791 numero
660 2765 869 2800 crescit,utpote
881 2775 942 2802 quae
953 2767 979 2794 in
991 2771 1083 2796 monte

300 2808 495 2845 pinguissimo,
520 2809 568 2844 qui
584 2809 750 2838 celsissimae
766 2811 878 2841 arbores
904 2813 1031 2849 producit
1055 2817 1082 2843 ct

354 2888 376 2903 "
395 2886 475 2916 Rom.
495 2895 520 2915 XI
533 2908 540 2919 ,
558 2887 603 2915 53.

1164 2129 1282 2161 Δίκαιος
1305 2129 1345 2161 ὡς
1365 2127 1466 2163 φοίνιξ
1487 2126 1624 2161 ἀνθήσει,
1643 2126 1684 2158 ὡς
1698 2126 1717 2160 ἠ
1730 2124 1837 2159 κέδρος
1853 2126 1873 2159 ἡ
1887 2126 1925 2152 ἐν

1129 2175 1169 2208 τῷ
1179 2174 1295 2208 Λιϐάνῳ
1308 2172 1563 2208 πληθυνθήσεται.
1576 2172 1607 2198 Οί
1623 2172 1671 2206 μὲν
1682 2170 1841 2206 ἁμαρτωλοὶ
1854 2170 1926 2197 ὡσεὶ

1131 2265 1334 2301 παραδείγματι
1344 2264 1392 2292 τοῦ
1410 2264 1516 2300 χόρτου,
1530 2264 1579 2290 οὐκ
1587 2264 1627 2295 είς
1646 2262 1750 2298 μακρὸν
1765 2261 1925 2297 διαφθείρε-

1130 2311 1202 2338 σθαι·
1220 2311 1278 2346 ἆμα
1291 2319 1322 2337 τε
1336 2310 1391 2346 γὰρ
1407 2309 1543 2336 ἀνέτειλεν
1557 2310 1572 2335 ὀ
1586 2308 1683 2343 χόρτος
1705 2307 1753 2333 καὶ
1771 2307 1925 2343 ἐξηράνθη,

1130 2356 1177 2382 καὶ
1189 2355 1219 2382 τδ
1228 2355 1307 2386 ἄνθος
1314 2354 1453 2387 ἐξέπεσεν,
1468 2353 1562 2389 ὥσπερ
1572 2351 1618 2380 οὖν
1632 2352 1680 2379 καὶ
1691 2353 1708 2388 ἡ
1722 2352 1778 2378 τῶν
1789 2352 1926 2387 ἁμαρτω-

1131 2403 1184 2429 λῶν
1198 2403 1254 2438 ζωή
1269 2411 1299 2429 τε
1312 2403 1359 2429 καὶ
1373 2401 1436 2434 δόξα
1445 2410 1452 2417 ·
1466 2402 1481 2428 ὁ
1503 2401 1532 2428 δὲ
1547 2400 1650 2432 δίκαιος
1665 2400 1696 2427 οὐ
1713 2400 1784 2426 κατὰ
1796 2399 1844 2425 τὸν
1859 2399 1925 2435 χόρ-

1132 2458 1187 2482 τον,
1199 2449 1267 2476 ὰλλὰ
1279 2448 1398 2483 φοίνικος
1408 2447 1484 2482 δίκην
1494 2442 1616 2482 ἀνθήσει,
1631 2446 1687 2473 ἄνω
1703 2454 1755 2472 που
1768 2446 1862 2480 φέρων
1873 2445 1924 2476 τὰς

1133 2495 1221 2532 ῥίζας,
1242 2494 1289 2521 καὶ
1309 2494 1359 2526 τὰς
1378 2493 1477 2529 κομὰς,
1493 2493 1524 2519 οὐ
1544 2493 1631 2528 χαμαὶ
1650 2491 1790 2527 κειμένας,
1807 2490 1865 2517 ἀλλ’
1883 2491 1924 2522 είς

1132 2539 1246 2575 οὐρανὸν
1260 2538 1459 2573 ὲκτεινομένας.
1478 2537 1586 2564 Τούτων
1604 2536 1653 2572 μὲν
1671 2534 1717 2562 οὖν
1727 2536 1809 2562 ἕνεκα
1821 2535 1934 2570 φοίνικι-

1133 2585 1321 2620 παραὸληθείη
1335 2584 1393 2611 avo
1406 2584 1519 2615 δίκαιος,
1537 2583 1587 2610 οὐκ
1610 2582 1650 2609 ἔτι
1674 2582 1702 2608 δὲ
1725 2581 1773 2608 καὶ
1783 2581 1822 2616 τῷ
1845 2589 1924 2616 μονο-

1135 2632 1198 2666 φυεῖ
1213 2630 1332 2665 στελέχει
1353 2630 1400 2657 τοῦ
1425 2630 1545 2665 φοίνικος
1555 2638 1562 2644 ·
1577 2627 1744 2663 πολυπληθεῖ
1755 2626 1809 2662 γὰρ
1821 2627 1851 2653 ὲν
1867 2627 1923 2657 τοῖς

1111 2689 1120 2695 ~
1135 2676 1242 2708 κλάδοις
1255 2677 1311 2708 τοῖς
1324 2675 1386 2711 ἅμα.
1392 2674 1527 2709 αὐτῷ-,καὶ
1538 2674 1572 2701 δι’
1583 2673 1665 2700 αὑτοῦ
1678 2672 1854 2707 σωζομένοις.
1871 2667 1923 2696 Ὧν

1134 2722 1217 2748 ἕνεκα
1231 2720 1417 2757 παραϐλητέον
1432 2721 1500 2755 αὐτῇ
1513 2721 1545 2754 τῇ
1556 2717 1719 2754 κέδρῳνόὺχ
1732 2716 1838 2747 ἁπλῶς,
1853 2714 1923 2742 ἀλλὰ

1134 2769 1168 2803 τῇ
1184 2768 1213 2794 ὲν
1230 2766 1269 2802 τῷ
1299 2767 1420 2802 Λιῦάνῳ·
1437 2764 1525 2800 πολλὴ*
1538 2764 1566 2791 8*.
1585 2763 1654 2799 αὕτη
1672 2763 1721 2790 καὶ
1741 2760 1922 2797 μεγαλοφυῶς

1132 2810 1307 2850 πληθύουσα·
1326 2812 1372 2840 ἅτε
1387 2814 1414 2840 ὲν
1427 2812 1483 2848 δρει
1496 2811 1598 2846 φύουσα
1607 2808 1800 2844 λιπαρωτάτῳ,
1809 2807 1924 2843 φέροντι
