2032 3215
136 183 202 211 “8|

694 183 945 212 οοιιιιΕΝτΑιιιΑ
965 185 999 212 lN
1017 172 1185 214 Psamos.
1231 173 1275 207 Ἥ

1683 189 1751 218 “89

134 241 182 267 καὶ
208 240 335 277 τρέφοντι
360 239 535 276 οὐρανομήκη
557 240 637 275 φυτά.
664 240 741 269 οὕτω
763 242 785 269 δ’
808 239 854 269 οὖν
874 241 920 269 καὶ

971 243 1028 276 alit,
1045 248 1184 272 nascatur.
1211 243 1257 272 Sic
1280 245 1371 280 itaque
1394 244 1496 279 justus,
1512 246 1632 274 infinitos
1659 254 1751 275 secum

132 288 147 313 ὁ
172 288 286 318 δίκαιος,
316 286 428 322 μυρίους
457 286 524 322 ἔχων
547 288 609 319 τοὺς
633 287 667 313 δι’
691 287 772 314 αὐτοῦ
798 288 844 314 καὶ
872 289 919 314 σὺν

133 332 207 367 αὐτῷ
233 331 411 366 σωζομένους,
435 332 504 358 κατὰ
521 333 599 359 τοῦτο
625 334 672 367 μὲν
693 333 725 360 ἂν
746 334 867 369 ἐμφερὴς
885 335 918 369 τῇ

134 378 237 412 κέδρῳ,
264 378 304 413 τῷ
331 378 358 404 δὲ
382 378 481 412 φοίνικι
497 378 566 404 κατὰ
587 379 621 404 τὰ
636 378 722 410 ἄλλως
740 379 918 415 δεδηλωμένα.

140 423 210 449 Ἀλλ’
223 423 254 449 οὐ
268 423 381 449 τοιοῦτοι
392 422 460 458 ἦσαν
469 424 492 449 οἱ
508 423 624 455 ἀσεϐεῖς,
634 425 658 449 οἱ
668 424 733 450 ὡσεὶ
749 425 842 459 χόρτος
853 425 919 451 ἀνα-

133 469 273 500 τέλλοντες
300 470 345 495 καὶ
361 470 528 504 παραχρῆμα
553 470 752 505 ἀφανιζόμενοι.
770 472 919 504 [legum-ru-

130 513 218 548 μένοι
236 515 271 541 ἐν
296 514 335 546 τῷ
361 515 432 547 οἴκῳ
446 514 499 541 τοῦ
518 515 602 546 Θεοῦ,
623 515 657 541 ἐν
674 515 737 548 ταῖς
748 516 854 547 αὐλαῖς
867 515 920 541 τοῦ

135 558 211 585 Θεοῦ
241 558 325 593 ἡμῶν
352 559 565 592 ἐξανθήσοιτσι.
595 560 710 592 Σπάνιος
732 561 779 595 μὲν
800 562 814 587 ὁ
830 561 921 595 ἄκρως

134 605 247 636 τέλειος,
258 605 272 631 ὁ
285 605 331 631 καὶ
338 605 440 636 δίκαιος
453 605 652 640 ὠνομασμένος,
670 607 768 640 φοίνικι
780 606 824 632 καὶ
835 606 921 641 κέδρῳ

136 650 380 686 παραϐεϐλημένος
389 659 396 666 ο
409 652 469 677 ἐπεὶ
484 651 511 677 δὲ
525 651 562 686 μὴ
578 651 676 683 πάντες
688 645 813 684 τοιοῦτοι,
824 651 919 683 ἰστέον,

135 696 177 721 ὃτι
196 696 243 721 καὶ
255 696 308 722 τῶν
322 695 514 731 ἀτελεστέρων,
533 696 601 731 πλὴν
618 696 684 722 ἀλλὰ
696 696 745 731 τῆς
764 697 792 722 ὲν
803 696 842 731 τῷ
854 697 921 731 οἴκῳ

135 740 183 767 τοῦ
194 740 262 766 Θεοῦ
275 741 386 775 φυτείας
403 740 572 776 ἠξιωμένων,
587 741 643 767 ἐστι
660 750 685 767 τι
702 741 803 775 ἀγαθὸν
825 741 918 773 τέλος⁸

135 787 166 812 ὲν
181 786 245 821 γοῦν
267 788 327 817 ταῖς
354 786 449 818 αὐλαῖς
469 786 516 813 τοῦ
542 787 608 813 Θεοῦ
630 787 709 822 ἡμῶν
735 787 919 822 έξανθήσουσι.

135 833 253 868 Νοήσεις
267 833 295 858 δὲ
311 832 444 858 καὶτοῦτο
455 830 527 858 οἷκον
546 832 630 867 μέγαν
643 833 742 867 Κυρίου
756 833 860 859 ἁκούων
873 833 921 868 τὴν

142 878 306 914 Ἐκκλησίαν
329 878 421 908 αὑτοῦ,
447 878 496 913 τὴν
511 878 555 904 ἐπὶ
575 878 634 912 γῆς,
653 879 722 904 κατὰ
735 878 779 904 τὸν
800 879 921 913 φήσαντα

971 289 1073 318 habens
1087 291 1133 325 qui
1151 290 1236 325 ipsius
1258 298 1340 324 opera
1355 291 1469 318 salutem
1498 296 1700 328 assequuntur,
1719 301 1750 320 ea
1783 291 1790 299 “

969 336 1078 369 quidem
1108 337 1212 363 ratione
1234 337 1316 363 cedro
1340 338 1555 372 comparandus,
1584 339 1636 365 alia
1661 343 1750 367 autem

970 382 1045 416 prius
1061 383 1212 414 enuntiata,
1227 383 1332 416 palum.
1362 383 1395 409 At
1411 391 1463 410 non
1493 384 1648 418 huiusmodi
1673 388 1752 412 erant

970 427 1054 462 impii.
1073 428 1129 462 qui,
1141 432 1269 462 tanquam
1286 428 1375 455 fenum
1391 430 1489 460 exorti,
1504 438 1564 457 mox
1578 431 1657 458 deleti
1675 435 1751 458 sunt.

971 474 1089 500 Plantnti
1107 475 1133 500 in
1149 474 1225 500 domo
1237 473 1296 506 Dei,
1317 475 1343 501 in
1360 475 1436 502 atriis
1450 475 1499 502 Dei
1511 477 1594 502 nostri
1609 477 1750 510 florebunt.

971 520 1100 547 Perrarus
1115 519 1223 554 quidem
1239 524 1298 552 est,
1313 521 1358 555 qui
1377 520 1408 547 ad
1427 529 1561 548 summum
1579 522 1753 556 perfectionis

971 565 1116 595 devenerit.
1133 565 1177 600 qui
1193 568 1220 592 et
1231 566 1323 600 justus
1339 570 1452 593 vocatur
1463 586 1470 598 ,
1494 567 1642 602 palmaeque
1664 575 1696 595 ac
1708 576 1753 596 ce-

970 612 1020 638 dro
1044 610 1194 638 confertur.
1230 610 1283 639 Sed
1309 611 1373 646 quia
1400 619 1454 639 non
1477 619 1572 640 omnes
1596 612 1753 647 hujusmodi

971 660 1044 688 sunt,
1057 655 1196 683 sciendum
1212 658 1264 686 est.
1278 655 1359 683 etiam
1383 655 1637 691 imperfectioribus.
1649 658 1694 691 qui
1713 661 1753 683 ta-

969 709 1031 728 men
1046 701 1091 728 illa
1111 702 1136 728 in
1154 701 1235 729 domo
1252 701 1298 728 Dei
1319 701 1486 736 plantatione
1501 702 1604 737 dignati
1633 701 1733 729 fuerint
1745 722 1753 733 ,

971 748 1070 774 bonum
1092 747 1234 782 quemdam
1262 747 1341 773 finem
1363 747 1512 782 repositum
1534 755 1595 776 esse
1613 756 1622 774 ε
1647 756 1709 775 nam
1727 749 1754 775 in

971 792 1047 819 atriis
1063 791 1159 818 domus
1184 791 1230 818 Dei
1255 791 1342 819 nostri
1364 790 1508 819 ﬂorebunt.
1526 791 1554 819 ld
1571 800 1635 819 vero
1654 792 1755 819 intelli-

971 844 1029 870 gas,
1045 836 1066 863 si
1082 844 1130 870 pro
1143 843 1239 871 magna
1251 836 1331 863 domo
1343 835 1460 866 Domini.
1476 837 1624 865 Ecclesiam
1645 837 1705 871 ejus
1726 838 1754 865 in

973 886 1043 908 terra
1059 882 1138 909 sitam
1151 881 1269 915 accipias
1283 881 1433 908 secundum
1447 881 1619 916 Apostolum,
1641 883 1687 917 qui
1704 883 1753 914 ait,

142 925 317 951 Ἀπόστολον·
338 925 399 951 Ἵνα
411 924 478 957 ἴδῃς
491 923 554 955 πῶς
568 923 614 949 δεῖ
628 924 662 949 ἐν
672 925 743 956 οἴκῳ
763 924 835 951 Θεοῦ
850 925 920 951 ἀνα-

977 927 1009 954 Ut
1029 927 1116 954 videas
1131 927 1259 962 quomodo
1273 932 1389 962 oporteat
1401 928 1427 955 in
1443 927 1519 954 domo
1530 928 1580 955 Dei
1594 929 1753 960 conversari,

137 970 328 1004 στρέφεσθαι,
341 969 405 1002 ἣτις
422 969 507 994 ἐστὶν
527 969 688 999 Ἐκκλησία
707 969 779 996 Θεοῦ
796 969 901 1003 ζῶντος
912 978 920 985 ο

137 1015 357 1050 πεφυτευμένους
385 1014 411 1040 δὲ
428 1016 456 1040 ἐν
483 1014 568 1049 ταύτῃ
588 1015 650 1045 τοὺς
663 1014 711 1045 τὰς
727 1014 813 1050 ἀρχὰς
828 1016 876 1050 τῆς
893 1016 921 1042 ἐν

137 1060 279 1095 θεοσεϐείᾳ
306 1060 445 1095 προκοπῆς
468 1059 591 1085 ἐντεῦθεν
610 1060 763 1095 εἰληφότας,
777 1058 826 1086 οἷοι
840 1059 920 1095 ἦσαν,

135 1104 184 1136 οὒς
211 1104 357 1139 ἐφύτευσεν
380 1105 393 1130 ὁ
419 1104 532 1135 Παῦλος,
548 1104 580 1130 δι’
592 1103 637 1135 οὓς
655 1105 701 1130 καὶ
728 1104 829 1138 ἔλεγεν,
853 1105 922 1139 Ἐγὼ

134 1150 298 1184 ἐφύτευσα,
322 1149 468 1182 Ἀπολλὼς
487 1150 636 1181 ἐπότισεν,
652 1149 720 1176 ἀλλ’
740 1151 756 1176 ό
777 1149 849 1182 Θεὸς
870 1150 922 1183 ηὔ-

136 1196 240 1228 ξανεν.
250 1193 328 1222 Οὗτοι
337 1194 382 1221 οὐν
393 1196 416 1221 οἱ
424 1195 452 1220 ἐν
461 1196 492 1229 τῇ
504 1203 535 1220 πε
541 1194 632 1229 ριγείῳ
645 1195 791 1230 Ἐκκλησία
803 1195 848 1221 τοῦ
855 1195 921 1221 Θεοῦ

136 1241 336 1276 πεφυτευμένοι
349 1241 426 1272 ᾶνθος
445 1240 627 1267 ἀποδώσουσιν
641 1240 738 1271 εὐῶδες
756 1241 801 1266 καὶ
813 1240 921 1275 γόνιμον

136 1287 185 1314 καὶ
198 1287 252 1314 τῶν
268 1286 377 1312 τελείων
390 1287 502 1321 καρπῶν
511 1286 639 1317 οἱστικὸν,
651 1286 679 1312 ὲν
691 1288 750 1318 ταῖς
766 1286 861 1317 αὐλαῖς
875 1285 921 1312 τοῦ

134 1332 204 1360 Θεοῦ
222 1333 299 1369 ἡμῶν
316 1332 570 1368 μεταφυτευθέντες,
585 1332 722 1358 τουτέστιν
731 1333 759 1358 ἐν
767 1333 826 1363 ταῖς
840 1333 920 1357 ἐπου-

137 1381 239 1415 ρανίοις
261 1381 372 1414 μοναῖς·
399 1379 462 1412 εἴγε
480 1378 573 1405 πολλαὶ
596 1377 671 1413 παρὰ
693 1378 730 1413 τῷ
747 1378 844 1412 Πατρὶ,
859 1377 921 1403 ἔνθα

136 1426 198 1451 κατ’
224 1425 302 1458 ἀξίαν
327 1423 547 1460 διαμερισθέντες
570 1423 593 1448 οἱ
615 1422 662 1449 νῦν
682 1423 710 1449 ἐν
729 1422 768 1457 τῷ
791 1422 857 1457 οἴκῳ
872 1421 918 1447 τοῦ

137 1469 206 1496 Θεοῦ
237 1470 444 1504 πεφυτευμέναι,
466 1468 535 1495 κατὰ
558 1468 653 1503 καιρὸν
680 1468 724 1494 τὸν
750 1469 921 1503 προσήκοντα

136 1515 341 1551 ὲξανθήσουσιν.

175 1572 235 1598 Ἔτι
262 1570 526 1606 πληθυνθήσοντιιι
555 1572 589 1598 ὲν
610 1571 686 1605 γήρᾳ
704 1572 795 1603 πίονι,
813 1572 862 1599 καὶ
875 1573 920 1599 εὐ·
934 1592 954 1620 C

137 1618 304 1651 παθοῦντες
326 1619 457 1648 ἔσονται,
480 1618 532 1644 τοῦ
557 1618 738 1652 ἀναγγεῖλαι,
767 1618 810 1645 ὅτι
830 1619 921 1652 εὺθὴς

137 1664 245 1697 Κύριος
261 1665 277 1690 ὀ
295 1664 366 1696 Θεὸς
389 1664 482 1698 ἡμῶν,
510 1663 557 1689 καὶ
582 1664 636 1690 οὐκ
664 1663 749 1690 ἐστιν
774 1664 873 1691 ἀδικία
888 1665 922 1691 ἐν

136 1711 228 1744 αὐτῷ.
255 1710 294 1738 Οὐ
321 1712 398 1746 μόνον
422 1712 514 1747 φησιν,
531 1712 571 1738 ὅτι
597 1711 788 1746 ὲξανθὴσουσιν
814 1713 843 1738 ὲν
862 1714 921 1744 ταῖς

136 1758 231 1789 αὐλαῖς
242 1757 288 1784 τοῦ
301 1758 368 1784 Θεοῦ
383 1759 406 1784 οἱ
422 1759 539 1792 σήμερον
555 1758 583 1783 ὲν
600 1757 639 1792 τῷ
655 1758 720 1792 οἴκῳ
740 1759 820 1785 αὐτοῦ
837 1768 922 1793 πεφυ-

135 1803 272 1838 τευμένοι,
299 1803 366 1830 ἀλλὰ
389 1804 435 1829 καὶ
457 1804 533 1830 αὐτοὶ
558 1803 800 1839 πληθυνθήσονται,
829 1804 922 1840 ὥσπερ

137 1849 287 1884 ἀνωτέρωὴ
298 1849 390 1884 κέδρος
398 1851 413 1884 ὴ
428 1851 455 1875 ἐν
465 1849 501 1884 τῷ
510 1849 617 1883 Λιϐάνῳ
625 1849 798 1885 ἐπληθύνετο.
815 1850 882 1876 Πότέ
892 1850 920 1876 δὲ

137 1895 217 1921 τοῦτο
231 1895 321 1926 αὐτοῖς
339 1894 423 1925 ἔσται,
435 1895 514 1929 ἀλλ’ἢ
524 1896 551 1921 ὲν
559 1895 596 1929 τῷ
606 1896 678 1930 γήρα
686 1895 724 1930 τῷ
734 1895 803 1922 πίονι
815 1904 821 1928 ;
831 1896 921 1930 Γῆρας

135 1939 165 1967 δὲ
183 1940 298 1966 ἐνταῦθα
312 1940 359 1974 τὴν
384 1939 520 1967 τελείωσιν
533 1941 646 1967 πέπεισο
668 1941 792 1975 λέγεσθαι
809 1941 859 1976 τῆς
873 1941 922 1976 ψυ-

137 1987 199 2022 χῆς,
217 1988 245 2013 ἐν
292 1987 429 2022 γενόμενοι
457 1987 637 2018 εὐπαθοῦντες
668 1987 774 2013 ἔσονται
796 1988 820 2013 οἰ
833 1987 879 2013 νῦν
893 1988 921 2013 ὲν

135 2032 175 2067 τῷ
195 2032 260 2067 οἴκῳ
283 2033 384 2068 Κυρίου
405 2033 610 2067 πεφυτευμένοι.
631 2032 662 2058 Et
678 2033 732 2067 γὰρ
751 2033 797 2059 καὶ
821 2032 854 2059 τὰ
869 2033 920 2068 μά-

135 2077 214 2104 λιστα
242 2078 311 2104 κατὰ
337 2078 382 2104 τὸν
412 2078 531 2113 παρόντα
545 2078 649 2113 καιρὸν,
676 2079 703 2104 ἐν
721 2075 742 2111 ᾧ
765 2077 921 2111 φυτεύονται

135 2124 166 2150 ἐν
182 2124 221 2158 τῷ
232 2125 298 2159 οίκῳ
317 2124 418 2158 Κυρίου
445 2124 661 2155 κακοπαθοῦντες
683 2123 841 2156 διατελοῦσι,
860 2124 921 2152 τοὺς

136 2170 260 2206 πρώτους
288 2169 336 2204 τῆς
363 2170 496 2204 γεωργίας
524 2170 618 2201 πόνους
646 2169 841 2204 ὑπομένοντες·
864 2169 920 2195 ἀλλ’

136 2214 205 2241 ὲπὰν
221 2214 268 2240 τοῦ
282 2215 372 2249 γήρως
391 2214 437 2240 τοῦ
452 2214 540 2245 πίονος
565 2214 725 2246 ἀξιωθῶσιν,
744 2214 921 2246 εὐπαθοῦντες

974 981 1031 1008 qum
1043 978 1080 1000 est
1095 973 1211 1000 Ecclesia
1223 972 1271 1000 Dei
1284 974 1389 999 viventis
1405 974 1444 1005 ²¹;
1464 979 1490 1001 et
1506 974 1528 1001 si
1540 981 1589 1008 pro
1602 973 1655 1000 illis
1669 974 1714 1008 qui
1726 974 1753 1000 in

974 1027 1004 1046 ea
1019 1020 1131 1054 plantati
1147 1023 1220 1051 sunt,
1235 1027 1282 1046 eos
1297 1019 1342 1053 qui
1356 1018 1494 1053 profectus
1510 1019 1536 1045 in
1550 1019 1679 1053 religione
1697 1018 1754 1053 pri-

975 1063 1078 1090 mordia
1102 1064 1127 1090 in
1149 1063 1192 1090 illa
1218 1069 1398 1098 acceperunt:
1424 1064 1518 1098 quales
1541 1064 1559 1090 ii
1582 1067 1660 1090 erant
1685 1071 1754 1098 quos

975 1109 1104 1143 plantavit
1118 1109 1229 1141 Paulus,
1244 1118 1413 1145 quorumque
1427 1119 1508 1138 causa
1523 1112 1600 1144 dixit,
1615 1111 1668 1147 Ego
1678 1111 1756 1145 plan-

975 1155 1038 1186 1αυὶ,
1051 1154 1144 1189 Apollo
1159 1155 1271 1190 rigavit;
1291 1156 1335 1182 sed
1350 1157 1419 1182 Deus
1437 1158 1621 1183 incrementum
1641 1156 1710 1183 dedit
1721 1158 1753 1183 ".

974 1199 1006 1226 lli
1021 1201 1110 1234 itaque
1123 1201 1168 1235 qui
1185 1201 1211 1228 in
1226 1205 1333 1229 terrena
1350 1202 1396 1229 Dei
1412 1202 1533 1230 Ecclesia
1552 1202 1664 1237 plantati
1680 1205 1753 1234 sunt,

975 1245 1065 1273 ﬂorem
1076 1247 1198 1274 cmittent
1223 1248 1315 1275 suavis
1332 1248 1424 1275 odoris
1441 1256 1473 1275 ac
1491 1256 1650 1283 generosum
1669 1248 1756 1283 perfe-

974 1295 1133 1326 etorulnque
1148 1293 1286 1320 fructuum
1301 1293 1434 1326 feracem;
1454 1294 1481 1321 in
1499 1295 1574 1322 atriis
1587 1294 1632 1322 Dei
1649 1295 1753 1327 nostri,

974 1337 1001 1364 id
1016 1341 1067 1364 est'
1082 1337 1110 1364 in
1136 1338 1292 1366 cmlcstibus
1322 1340 1509 1366 mansionibus
1537 1340 1752 1374 transplantati:

974 1384 1106 1418 siquidem
1127 1385 1218 1411 multae
1240 1389 1304 1411 sunt
1319 1386 1477 1413 mansiones
1492 1385 1562 1420 apud
1576 1385 1694 1419 Patrem,
1708 1387 1754 1414 ubi

974 1438 1023 1464 pro
1040 1430 1137 1458 merito
1153 1431 1293 1458 distributi
1308 1431 1354 1465 qui
1373 1431 1425 1466 iam
1441 1432 1468 1457 in
1484 1431 1566 1458 domo
1577 1431 1623 1458 Dei
1640 1432 1756 1466 plantati

973 1479 1047 1509 sunt,
1059 1477 1217 1512 congruenti
1230 1481 1350 1511 tempore
1364 1477 1508 1505 ﬂorebunt.

1007 1572 1088 1601 Vnus.
1106 1574 1149 1606 15,
1167 1573 1210 1600 16.
1225 1573 1316 1600 Adhuc
1333 1574 1576 1608 multiplicabuntur
1588 1575 1613 1601 in
1627 1580 1756 1602 senectute

971 1619 1070 1652 pingui.
1095 1622 1120 1645 et
1142 1618 1208 1645 bona
1231 1619 1372 1653 accipient;
1395 1624 1424 1645 ut
1443 1621 1612 1651 annuntient,
1632 1620 1755 1655 quoniam

972 1669 1055 1691 rectus
1068 1664 1193 1691 Dominus
1208 1664 1277 1691 Deus
1292 1670 1389 1697 noster,
1403 1670 1428 1692 et
1449 1674 1500 1693 non
1515 1671 1554 1693 est
1576 1666 1702 1701 iniquitas
1726 1667 1754 1692 in

970 1718 1009 1737 eo.
1031 1710 1090 1737 Non
1104 1711 1191 1738 solum
1209 1711 1235 1737 id
1252 1711 1305 1744 ait,
1331 1711 1359 1738 in
1388 1712 1464 1739 atriis
1481 1712 1528 1740 Dei
1549 1712 1684 1740 ﬂorebunt
1708 1713 1755 1748 qui

971 1755 1051 1783 hodie
1067 1756 1094 1783 in
1108 1756 1188 1783 domo
1202 1756 1261 1790 ejus
1278 1756 1389 1790 plantati
1405 1761 1487 1789 sunt;
1505 1757 1552 1784 sed
1574 1761 1600 1784 et
1620 1757 1671 1792 ipsi
1687 1758 1756 1784 Inul-

971 1801 1176 1836 tiplicabuntur,
1193 1802 1263 1829 sicut
1277 1802 1385 1833 cedrus,
1401 1810 1461 1837 qua:
1476 1803 1502 1829 in
1520 1802 1622 1830 Libano
1640 1808 1691 1834 est,
1708 1810 1754 1830 su-

972 1855 1019 1883 pra
1045 1848 1220 1883 multiplicari
1246 1847 1396 1875 dicebatur.
1424 1847 1603 1880 Quandonam
1632 1849 1658 1875 id
1688 1849 1755 1883 ipsis

972 1894 1086 1927 eveniet,
1099 1894 1151 1920 nisi
1167 1894 1194 1920 in
1211 1898 1348 1922 senectute
1363 1894 1475 1928 pingui?
1487 1893 1535 1921 llic
1552 1901 1616 1921 vero
1628 1898 1754 1921 senectu-

972 1944 1024 1967 tem
1042 1948 1089 1974 pro
1104 1939 1341 1967 consummatione
1353 1939 1450 1966 animte
1464 1939 1516 1965 dici
1533 1946 1692 1973 persuasum
1706 1939 1755 1965 lia-

972 1986 1045 2017 beas,
1054 1987 1079 2013 in
1089 1993 1140 2020 qua
1153 1986 1291 2013 constituti
1303 1986 1381 2013 bonis
1389 1985 1521 2016 fruentur,
1529 1986 1573 2019 qui
1584 1993 1654 2011 nunc
1673 1985 1698 2012 in
1706 1985 1755 2012 do-

972 2040 1016 2059 mo
1025 2031 1130 2058 Domini
1140 2032 1251 2066 plantati
1262 2036 1335 2059 sunt.
1345 2031 1410 2058 Nam
1423 2032 1444 2058 si
1454 2032 1510 2066 jam
1521 2032 1547 2058 in
1561 2031 1641 2058 domo
1648 2030 1754 2058 Domini

972 2077 1094 2111 plantati,
1109 2078 1178 2103 mala
1207 2077 1339 2111 patientes
1365 2081 1550 2111 perseverant,
1567 2076 1662 2111 primis
1680 2077 1753 2112 agri-

971 2123 1085 2149 culturm
1100 2123 1237 2150 laboribus
1251 2123 1387 2156 aﬂlictati;
1402 2123 1447 2150 sed
1464 2131 1525 2151 cum
1541 2128 1680 2150 senectute
1695 2123 1754 2157 pin-

971 2168 1014 2204 gui
1036 2168 1126 2195 donati
1147 2168 1256 2200 fuerint,
1271 2169 1350 2196 bonis
1369 2169 1503 2201 fruentur,
1515 2176 1547 2196 ac
1563 2168 1682 2204 requiem
1704 2176 1754 2195 na-

971 2214 1018 2245 cti,
1033 2214 1154 2241 laborum
1175 2215 1409 2249 certaminumque
1430 2215 1540 2249 praemia
1555 2214 1694 2245 referent,
1722 2220 1754 2239 ac

135 2261 292 2296 γενήσονται
304 2262 502 2295 ἀναπαυόμενοι
515 2261 568 2286 τῶν
582 2261 711 2296 καμάτων
726 2262 772 2286 καὶ
781 2261 832 2287 τῶν
848 2261 920 2295 ἁγώ-

971 2260 1181 2292 confitebuntur,
1195 2260 1326 2293 Quoniam
1338 2265 1421 2287 rectus
1437 2260 1564 2287 Dominus
1576 2259 1644 2287 Deus
1655 2262 1751 2289 noster,

134 2315 189 2334 νων
217 2306 251 2332 τὰ
274 2306 376 2332 ἔπαθλα
402 2306 618 2341 ἀποληψόμενοι·
648 2306 859 2341 Ὁμολογήσουσί
881 2316 920 2340 τε,

135 2352 202 2378 Ὀτι
217 2352 308 2385 εὑθὴς
321 2353 428 2385 Κύριος
445 2354 460 2378 ό
476 2351 548 2384 Θεὸς
570 2352 664 2386 ἡμῶν,
688 2353 735 2379 καὶ
755 2354 810 2379 οὐκ
837 2352 921 2379 ἔστιν

134 2398 234 2425 ἀδικία
249 2399 282 2424 ὲν
293 2398 381 2430 αὐτῷ.
395 2399 425 2425 Et
438 2399 491 2434 γὰρ
505 2398 542 2434 μὴ
551 2399 583 2424 τὰ
597 2398 824 2434 κατηριθμημένα
832 2398 921 2432 ἀγαθὰ

134 2442 230 2477 ἔμελλε
251 2442 416 2477 διαδέχεσθαι
439 2444 501 2474 τοὺς
525 2443 562 2478 τῷ
579 2443 637 2478 Θεῷ
656 2444 858 2478 ἀνακειμένους,
875 2444 920 2470 καὶ

132 2489 158 2514 εἰ
178 2488 215 2529 μὴ
230 2488 259 2514 τὸ
271 2488 390 2523 ὀλέθριον
407 2489 482 2520 τέλος
506 2489 649 2524 περιέμενε
675 2491 737 2520 τοὺς
753 2490 858 2521 ἁσεόεῖς
873 2490 920 2516 καὶ

133 2535 197 2566 τοὺς
216 2533 415 2569 ἐργαζομένους
441 2535 489 2570 τὴν
505 2536 629 2570 ἀνομίαν,
644 2533 676 2570 ἦν
686 2536 719 2562 ἂν
731 2535 799 2570 τάχα
813 2536 919 2562 ἀδικίαν

133 2580 295 2606 ἐπικαλέσαι
325 2581 356 2615 τῇ
383 2580 430 2606 τοῦ
453 2580 519 2606 Θεοῦ
543 2581 665 2616 προνοίᾳ.
687 2581 750 2607 Ὅτε
765 2581 792 2606 δὲ
807 2581 919 2608 τοιαῦτα

132 2626 197 2661 τέλη
227 2626 273 2652 καὶ
295 2627 349 2657 τοῖς
375 2626 488 2657 δικαίοις
510 2627 681 2662 ἡτοίμασται,
696 2627 759 2653 οἵων
782 2627 827 2653 καὶ
841 2627 920 2662 ἡμεῖς

133 2671 269 2707 εὐχόμεθα
289 2673 378 2706 τυχεῖν
393 2693 400 2704 ,
426 2672 473 2698 καὶ
490 2673 545 2703 τοῖς
563 2673 671 2699 ἀσεϐέσι
699 2673 820 2700 τοιαῦται
841 2674 919 2708 ἠπεί-

132 2716 227 2751 ληνται
240 2716 377 2752 τιμωρίαι,
394 2716 439 2749 ἀφ’
454 2712 490 2742 ὧν
501 2716 604 2749 γένοιτο
614 2717 686 2751 ἡμᾶς
699 2717 829 2752 ῥυσθῆναι
839 2725 845 2732 ·
859 2717 917 2748 πῶς

131 2762 182 2788 οὐκ
197 2761 341 2788 ἀκόλουθον
354 2761 387 2788 ἂν
399 2760 442 2796 εἴη
464 2761 612 2796 ὁμολογεῖν,
629 2762 688 2788 Ὅτι
704 2762 797 2796 εὐθὺς
810 2762 916 2796 Κύριος

132 2810 149 2835 ό
165 2807 238 2840 Θεὸς
256 2806 350 2842 ἡμῶν,
374 2806 423 2834 καὶ
448 2807 504 2833 οὐκ
527 2806 614 2834 ἐστιν
639 2806 738 2834 ἀδικία
759 2807 794 2835 ἐν
819 2807 916 2841 conp,-

167 2886 189 2922 ξ¹
211 2884 220 2912 l
238 2885 308 2913 Tim.
328 2892 375 2919 nt,
392 2885 436 2913 15.
474 2885 496 2901 ¹¹
516 2883 603 2913 ICor.
622 2892 670 2918 ιιι,
685 2885 712 2912 6.

969 2310 993 2331 et
1009 2314 1060 2332 mm
1077 2310 1115 2333 est
1130 2306 1254 2339 iniquitas
1267 2307 1293 2333 in
1311 2314 1349 2333 eo.
1366 2306 1422 2333 Nisi
1440 2306 1511 2333 enim
1523 2305 1578 2339 jam
1596 2307 1753 2331 enumerata

970 2351 1040 2378 bona
1062 2359 1109 2379 eos
1130 2352 1175 2386 qui
1192 2351 1246 2379 Deo
1263 2351 1363 2378 addicti
1381 2354 1444 2379 sunt
1470 2354 1617 2383 exceptura
1640 2352 1751 2380 essent,

969 2402 995 2424 et
1009 2398 1062 2425 nisi
1075 2399 1175 2432 impios
1189 2403 1215 2426 et
1226 2402 1373 2432 operantes
1390 2397 1560 2431 iniquitatem
1572 2394 1705 2422 exitiosus
1719 2394 1751 2422 Ii-

968 2444 1011 2471 nis
1035 2448 1172 2476 maneret;
1201 2444 1298 2470 divinae
1317 2442 1495 2470 Providentiae
1516 2441 1658 2475 culpandte
1683 2439 1753 2468 forte

968 2496 1051 2516 causa
1064 2488 1197 2516 subesset.
1227 2488 1260 2514 At
1275 2488 1384 2523 quando
1411 2487 1473 2515 finis
1494 2485 1650 2521 hujusmodi
1671 2485 1753 2520 juslis

967 2537 1078 2569 paratus
1096 2537 1147 2565 est,
1164 2534 1270 2568 qualem
1286 2541 1337 2560 nos
1357 2533 1486 2568 consequi
1514 2535 1703 2567 peroptamus;
1719 2538 1751 2558 ac

968 2580 1057 2614 impiis
1070 2580 1132 2606 talia
1147 2580 1342 2607 denuntiantur
1363 2579 1495 2613 supplicia
1508 2600 1515 2611 ,
1536 2586 1551 2605 a
1573 2579 1673 2613 quibus
1702 2585 1752 2605 nos

966 2625 1032 2659 eripi
1052 2625 1213 2659 contingat:
1244 2632 1328 2659 quare
1355 2628 1565 2650 consentaneum
1595 2631 1648 2650 non
1672 2622 1753 2649 fuerit

967 2670 1100 2702 confiteri,
1117 2671 1248 2703 Quoniam
1270 2675 1355 2696 rectus
1376 2669 1506 2695 Dominus
1522 2668 1591 2695 Deus
1606 2672 1707 2698 noster,
1727 2671 1751 2693 et

970 2724 1020 2742 non
1034 2721 1072 2742 est
1084 2716 1208 2751 iniquitas
1228 2716 1254 2742 in
1266 2717 1318 2743 eo?
1336 2717 1370 2742 At
1396 2715 1527 2749 insipiens
1546 2715 1603 2742 haec
1625 2722 1679 2741 non
1705 2721 1752 2740 cn-

968 2766 1098 2797 gnoscet,
1114 2768 1165 2788 nec
1180 2761 1277 2789 stultus
1293 2761 1433 2796 intelliget,
1449 2760 1522 2795 quod
1544 2767 1559 2787 a
1574 2759 1688 2787 stultitia
1702 2766 1753 2786 sua

969 2807 1089 2836 tenebris
1119 2807 1282 2835 oll‘untlatur.
1311 2801 1366 2843 Ego
1393 2814 1457 2835 vero
1479 2806 1526 2841 qui
1553 2805 1753 2840 isthtec‘probe
