2032 3215
299 183 368 212 1185

649 183 783 215 EUSEBII
802 182 1042 211 εΑεερςιιιεΝειε
1060 183 1134 212 OPP.
1153 182 1243 211 PARS
1257 181 1301 210 Ill.
1314 197 1348 203 —
1359 180 1551 209 EXEGETICA

1854 180 1917 208 1181

297 249 460 277 cognoscam
473 245 500 269 et
512 241 670 276 intelligam,
688 242 752 277 quia
768 250 784 269 a
797 241 901 277 Spiritu
915 245 1010 269 sancto
1022 242 1083 269 illu-

1139 241 1207 268 Ἀλλ’
1219 242 1234 268 ὁ
1247 241 1295 276 μὲν
1308 241 1402 277 ἄφρων
1416 239 1503 266 ταῦτα
1517 239 1547 265 οὺ
1558 237 1700 273 γνώσεται,
1717 238 1778 264 οὐδὲ
1791 238 1919 269 ἀσύνετος

297 291 400 315 stratus
424 294 496 319 sum,
508 291 535 314 et
550 287 622 322 quod
648 287 817 314 considerem
833 295 914 322 quam
944 287 1085 322 profundat

298 333 377 359 factm
397 333 452 359 sint
466 333 645 367 cogitationes
669 331 730 365 Dei;
757 332 819 366 jure
843 333 918 359 laetor
933 337 961 359 ct
977 333 1084 360 exsulto

297 378 331 405 de
341 377 431 405 divina
447 377 672 413 dispensatione:
695 378 838 412 praesentia
849 385 913 404 vero
936 378 1005 404 mala
1016 397 1024 409 ,
1049 378 1084 405 ob

298 431 373 458 spem
389 423 542 450 futurorum
559 427 670 450 strenue
681 423 776 450 tolero.
787 423 844 456 Qua
860 423 893 450 de
902 430 985 450 causa
998 427 1083 450 totum

297 470 383 496 otium
400 478 489 497 meum
511 475 539 497 et
560 470 741 497 cessationem
766 477 781 496 a
802 470 881 497 malis
909 469 964 497 Deo
987 477 1085 498 conse-

297 521 388 547 crans,
404 514 574 542 delectabilia
591 515 635 542 illa
649 519 676 542 et
689 518 782 542 sancta
808 514 924 542 Salibata
941 515 1084 543 observare

296 563 403 596 tango,
419 560 586 592 confitendo,
606 561 745 596 psallendo
759 566 787 588 et
803 561 990 589 annuntiando
1004 569 1084 589 mane

274 592 513 634 'Wricordiam
529 605 588 637 Dei,
603 592 630 633 et
644 607 785 634 veritatem
808 607 868 641 ejus
891 615 940 642 per
965 611 1082 635 noctem.

298 649 377 678 Tunc
391 652 463 678 enim
481 652 597 679 maxime
609 660 624 679 a
639 653 765 688 religiosa
783 653 874 679 anima
889 653 988 681 veritas
1007 653 1084 680 exhi-

296 695 386 728 betur,
399 705 461 724 cum
475 697 501 724 in
515 698 635 725 tenebris
645 702 671 726 et
684 699 852 726 obscuritate
865 699 966 734 degens
978 719 986 731 ,
1004 699 1084 734 quasi

297 741 326 769 in
340 742 560 776 splendidissima
577 743 636 771 luce
654 748 681 771 et
695 744 849 771 clarissima
870 744 925 776 die,
941 745 1084 772 conscien-

297 788 342 815 tiae
356 789 499 817 sinceritas
516 793 546 822 et,
556 790 660 824 pun-itas
674 791 838 818 ostenditur.
859 790 933 818 Talis
953 796 994 818 est
1009 792 1084 826 psal-

296 842 358 861 mus
368 842 430 861 cum
444 835 552 863 cantico
566 835 610 863 die
626 835 738 863 Sabbati
753 836 853 869 dictus,
870 837 896 864 id
913 840 955 864 est
973 837 1000 864 in
1015 841 1084 864 tem-

297 887 363 914 pore
379 881 461 912 illius,
478 881 550 915 quod
570 882 720 909 secundum
737 881 821 910 Deum
842 887 901 914 est,
927 883 976 910 otii
991 890 1023 910 ac
1038 891 1082 910 re-

1135 289 1243 323 συνήσει
1258 287 1354 319 ταῦτα,
1368 287 1413 313 διὰ
1428 287 1458 313 τὸ
1485 284 1652 318 σκοτίζεσθαι
1677 285 1728 310 ὑπὸ
1746 285 1796 320 τῆς
1818 284 1919 316 οἰκείας
1934 287 1936 290 ’

1134 333 1290 369 ἀφροσύνης
1300 341 1306 348 ·
1321 332 1376 366 ἑγὼ
1389 333 1416 359 δὲ
1435 333 1449 358 ὀ
1461 332 1542 366 γνοὺς
1556 331 1625 358 αὐτὰ
1640 333 1686 357 καὶ
1706 331 1806 362 συνιεὶς
1826 330 1872 357 διὰ
1890 330 1921 357 τὸ

1135 380 1188 407 ὑπὸ
1199 380 1271 406 θείου
1287 379 1442 414 Πνεῦματος
1453 378 1630 414 πεφωτίσθαι,
1647 379 1693 404 καὶ
1707 377 1750 403 διὰ
1763 377 1795 403 τὸ
1807 377 1921 412 θεωρεῖν

1134 426 1208 457 ὅπως
1231 425 1415 461 ὲὸαθύνθησαν
1440 425 1539 460 σφόδρα
1555 425 1579 451 οἰ
1594 424 1762 459 διαλογισμοὶ
1775 423 1824 450 τοῦ
1837 423 1918 450 Θεοῦο

1134 471 1244 503 εἰκότως
1257 471 1435 507 εὖφραίνομαι
1455 471 1501 497 καὶ
1514 470 1635 504 ἀγαλλιῶ
1656 470 1702 496 ἐπὶ
1723 471 1756 505 τῇ
1776 469 1838 504 θείᾳ
1857 469 1918 495 διοιε

1134 517 1223 552 κήσει,
1251 516 1326 552 φέρω
1344 525 1374 542 τε
1399 515 1434 542 τὰ
1461 516 1581 552 παρόντα
1595 516 1725 550 γενναίως
1742 515 1786 541 διὰ
1800 515 1850 550 τὴν
1868 515 1918 541 τῶν

1136 562 1285 598 μελλόντων
1309 562 1414 589 ἐλπίδα.
1434 558 1484 588 Ὧν
1499 562 1579 588 ἕνεκα
1605 562 1654 596 τὴν
1682 562 1772 588 πᾶσαν
1802 560 1918 596 ἐμαυτοί

1135 607 1242 643 σχολὴν,
1261 608 1306 634 ναὶ
1323 607 1372 643 τὴν
1386 608 1440 634 ἀπὸ
1452 607 1505 634 τῶν
1514 607 1606 634 κακῶν
1618 607 1716 643 ἀργίαν
1732 607 1872 638 ἀνατιθεὶς
1884 607 1918 642 τῷ

1133 654 1202 689 Θεῷ,
1217 654 1250 681 τὰ
1262 654 1384 690 τρυφερὰ
1404 655 1451 681 καὶ
1474 654 1539 688 ἀγια
1558 653 1684 681 Σάὃΰατα
1703 653 1838 680 ἐπιτελεῖν
1865 661 1918 680 πει‹

1136 700 1233 735 ρῶμαι,
1249 699 1293 726 διὰ
1306 699 1352 726 τοῦ
1369 699 1585 735 ἐξομολογεῖσθαι
1597 699 1644 726 καὶ
1657 698 1766 734 ψάλλειν
1777 699 1825 725 καὶ
1841 699 1922 733 ἀναγ-

1133 745 1238 780 γέλλειν
1252 745 1282 771 τὸ
1298 745 1370 781 πρωῒ
1385 745 1415 772 τὸ
1427 745 1500 777 ἕλεος
1509 745 1555 772 τοῦ
1572 745 1651 777 Θεοῦ,
1671 745 1716 772 καὶ
1733 745 1782 781 τὴν
1794 745 1923 780 ἀλήθειαν

1133 791 1215 818 αὑτοῦ
1232 790 1303 817 κατὰ
1315 792 1410 818 νύκτα.
1427 791 1495 817 Τότε
1507 791 1561 827 γὰρ
1577 791 1693 826 μάλιστα
1710 791 1727 826 ἡ
1746 790 1862 825 ἀλήθεια
1874 790 1924 827 τῆς

1134 836 1274 868 θεοσεϐοῦς
1286 836 1421 863 δείκνυται
1437 836 1535 872 ψυχῆς,
1547 837 1648 869 ὄτε,’ὲν
1664 835 1758 872 σκοτίᾳ
1767 836 1816 862 καὶ
1832 835 1922 863 σκάιει

1133 883 1313 918 τυγχάνουσα,
1330 882 1367 914 ὡς
1385 883 1414 908 ὲν
1433 882 1616 918 λαμπροτάτῳ
1638 882 1708 917 φωτὶ
1720 882 1767 909 καὶ
1782 882 1813 908 ὲν

296 926 369 961 quiei
383 936 389 954 ;
407 935 460 961 quo
475 935 525 955 nos
539 928 620 955 etiam
634 928 788 956 divinarum
801 929 1010 964 disciplinarum
1025 937 1083 956 me-

1134 928 1313 963 διαυγεστάτῃ
1329 929 1359 954 τὸ
1375 929 1484 964 γνήσιον
1504 929 1552 955 καὶ
1569 929 1712 965 ειλικρινὲς
1732 929 1784 964 τῆς
1800 928 1924 964 συνειδή-

296 970 421 998 ditationi
434 977 577 1005 vacantes,
599 973 747 1008 gratiarum
765 974 880 1001 actionis
895 974 977 1001 verba
988 974 1043 1002 hoc
1055 974 1083 1001 in

296 1017 406 1044 cantico
420 1018 561 1044 enuntiata
576 1017 631 1045 Deo
645 1019 769 1046 emittere
785 1026 834 1054 par
852 1022 904 1046 est.

1137 983 1205 1006 σεως
1216 975 1406 1002 ἐπιδείκνυται.
1422 975 1547 1007 Τοιοῦτος
1566 976 1613 1002 καὶ
1627 975 1641 1001 ὁ
1656 975 1713 1008 μετ’
1725 974 1798 1010 ᾠδῆς
1812 974 1923 1011 εἰρημέ-

1135 1029 1180 1052 νος
1199 1020 1305 1056 ψαλμὸς
1329 1021 1368 1052 εἰς
1382 1020 1430 1056 τὴν
1444 1021 1549 1056 ἡμέραν
1571 1021 1618 1048 τοῦ
1632 1020 1784 1054 Σαῦὸάτου,
1799 1020 1923 1047 τοιπέστι

295 1061 341 1088 τὸν
353 1063 402 1097 τῆς
413 1063 484 1090 κατά
496 1063 561 1090 Θεὸν
572 1065 669 1100 σχολῆς
685 1074 715 1092 τε
727 1066 774 1092 καὶ
783 1066 963 1098 ἀναπαύσεως
974 1067 1079 1102 καιρὸν,
1094 1067 1123 1094 ὲν
1135 1064 1157 1102 ᾧ
1170 1069 1218 1095 καὶ
1230 1069 1304 1104 ἡμᾶς
1329 1070 1363 1104 τῇ
1385 1068 1482 1104 μελέτῃ
1504 1068 1557 1095 τῶν
1568 1068 1647 1096 θείων
1673 1069 1843 1104 μαθημάτων
1862 1075 1923 1103 σχο-

295 1107 436 1141 λάζοντας,
460 1110 523 1141 τοὺς
545 1111 770 1147 εὐχαριστηρίους
794 1113 889 1147 λόγους
910 1114 961 1149 τῆς
981 1115 1163 1152 προκειμένης
1174 1116 1245 1152 ᾠδῆς
1260 1117 1432 1152 ἀναπέμπειν
1446 1118 1579 1154 προσήκει
1594 1117 1634 1153 τῷ
1648 1116 1718 1152 Θεῷ.

384 1166 475 1194 LAUS
496 1168 632 1197 CANTlCl
655 1169 719 1197 IPSI
738 1170 840 1198 omo
857 1172 906 1208 (ι).
945 1173 1023 1202 xcu.

332 1211 417 1241 Vens.
437 1214 462 1240 1.
482 1214 611 1242 Dominus
632 1217 766 1251 regnauit,
778 1217 897 1245 decorem
913 1219 1020 1256 indutus
1032 1226 1082 1248 est.

296 1257 378 1292 Quia,
407 1260 559 1287 secundum
585 1261 766 1296 Apostolum,
795 1265 919 1299 regnavit
949 1273 1023 1294 mors
1049 1267 1084 1294 ab

296 1305 382 1332 Adam
397 1313 483 1341 usque
493 1306 527 1333 ad
543 1306 662 1343 Moysem
675 1309 709 1341 ’³,
726 1309 752 1336 id
763 1314 804 1338 est
817 1318 832 1337 a
847 1311 933 1346 prima
942 1311 1084 1339 hominum

297 1351 435 1380 creatione
461 1361 548 1388 usque
564 1354 597 1381 ad
613 1362 774 1390 corporeum
792 1357 942 1385 secundum
963 1357 1083 1394 Moysem

297 1398 415 1431 cultum,
429 1399 477 1434 qui
490 1399 516 1426 in
537 1404 646 1428 terrena
662 1401 814 1430 Jerusalem
831 1403 982 1439 antiquitus
999 1413 1085 1440 usque

298 1443 332 1471 ad
349 1443 500 1474 Salvatoris
512 1447 601 1474 nostri
614 1446 678 1476 Jesu
695 1447 797 1477 Christi
811 1449 956 1478 adventum
965 1451 1086 1486 perlicie-

297 1490 394 1525 batur;
406 1499 472 1519 sane
486 1500 548 1520 cum
564 1501 639 1521 mors
656 1498 792 1530 regnaret,
806 1499 833 1522 et
846 1496 869 1523 is
880 1496 927 1531 qui
942 1497 1084 1532 imperium

297 1537 394 1564 mortis
409 1537 499 1571 habet,
515 1539 645 1566 nimirum
656 1540 792 1574 diabolus,
805 1540 1001 1575 dominaretur,
1010 1547 1084 1577 tunc,

1298 1176 1397 1202 ΣιΝοΣ
1412 1175 1498 1202 om:
1511 1175 1554 1202 Tn
1572 1175 1684 1203 ΔΑΥΙΔ.
1702 1174 1759 1209 ιιΒκ

1175 1222 1206 1249 '0
1236 1221 1344 1255 Κύριος
1368 1222 1585 1253 ἐϐασίλευσεν,
1615 1221 1797 1255 εὐπρέπειαν
1820 1221 1923 1249 ἐνεδύ-

1135 1276 1220 1296 σατο.
1243 1268 1318 1294 Ἐπεὶ
1333 1267 1404 1294 κατὰ
1417 1268 1466 1294 τὸν
1487 1267 1647 1294 Ἀπόστολον
1661 1267 1837 1294 ἐϐασίλευσεν
1849 1269 1863 1294 ὸ
1878 1267 1926 1296 θά-

1135 1322 1213 1345 νατος
1224 1314 1278 1341 ἀπὸ
1299 1314 1382 1350 ’Δδάμ
1398 1314 1477 1350 μέχρι
1487 1314 1636 1346 Μωῡσέως,
1651 1313 1791 1340 τουτέστιν
1807 1313 1862 1340 ἀπὸ
1874 1313 1926 1350 τῆς

1137 1358 1247 1394 πρώτης
1260 1359 1409 1394 ἀνθρώπων
1420 1359 1552 1394 γενέσεως
1568 1359 1647 1394 μέχρι
1658 1359 1707 1394 τῆς
1719 1359 1790 1385 κατά
1804 1359 1926 1387 Μωῦσέα

1138 1406 1297 1441 σωματικῆς
1314 1404 1451 1440 λατρείας,
1469 1405 1529 1440 ἥτις
1540 1404 1660 1438 ἐπιγείου
1681 1404 1860 1440 Ἰερουσαλὴμ
1874 1404 1925 1431 πά-

1137 1449 1183 1475 λαι
1203 1449 1335 1485 πρότερον
1355 1449 1434 1485 μέχρι
1458 1450 1507 1484 τῆς
1520 1449 1567 1475 τοῦ
1589 1449 1715 1484 Σωτῆρος
1730 1449 1808 1484 ἡμῶν
1836 1448 1924 1483 Ἰησοῦ

1137 1495 1255 1531 Χριστοῦ
1272 1495 1421 1531 παρουσίας
1438 1495 1603 1521 συνετελεῖτο
1614 1503 1621 1509 ”
1639 1495 1751 1526 εἰκότως
1763 1495 1807 1521 ὅτε
1822 1495 1837 1521 ὁ
1848 1494 1926 1521 θάνα-

1137 1550 1182 1574 τος
1196 1541 1347 1574 έὸασίλευε,
1370 1542 1416 1568 καὶ
1435 1543 1449 1568 ὁ
1472 1541 1503 1568 τὸ
1524 1541 1623 1577 κράτος
1640 1540 1709 1576 έχων
1731 1540 1779 1567 τοῦ
1796 1540 1924 1571 θανάτου,

297 1587 329 1610 ιιι
346 1591 519 1620 consequens
533 1589 610 1618 erat,
623 1585 755 1614 Dominus
774 1595 827 1614 non
840 1588 971 1623 regnabat
988 1589 1015 1616 in
1036 1590 1083 1616 ho-

1135 1589 1272 1616 τουτέστιν
1286 1590 1299 1616 ὁ
1314 1587 1435 1619 διάϐολος
1449 1587 1622 1623 κατεκράτει,
1636 1587 1686 1613 οὐκ
1701 1584 1735 1622 ἦν
1750 1586 1810 1613 τότε
1825 1586 1926 1624 ἀνθρὼ-

298 1629 429 1662 minibus,
447 1631 495 1658 sed
508 1631 618 1665 quidam
632 1633 782 1660 multorum
798 1632 911 1660 deorum
928 1638 955 1661 ct
969 1635 1086 1662 diaboli-

299 1681 349 1701 cus
361 1682 448 1703 error.
468 1677 528 1711 ipse
542 1681 632 1704 autem
655 1678 803 1713 Apostolus
818 1679 875 1707 haec
898 1679 932 1707 de
945 1679 1086 1708 Salvatore

299 1724 395 1747 nostro
406 1719 485 1748 docet
497 1731 504 1748 :
515 1721 584 1754 Quia
594 1730 654 1757 ergo
660 1725 733 1757 pueri
744 1725 1000 1753 communicaverunt
1012 1719 1087 1753 carni

298 1771 324 1793 et
338 1767 471 1802 sanguini,
489 1773 513 1795 el
529 1769 584 1803 ipse
595 1769 718 1797 similiter
730 1771 900 1806 participaui!
911 1772 1008 1800 eisdem
1023 1782 1086 1808 pas-

299 1810 418 1838 tionibus
431 1819 440 1843 ,'
452 1817 480 1838 ul
491 1821 537 1847 per
548 1818 658 1841 mortem
677 1814 824 1843 destrueret
837 1817 959 1852 eum,qui
975 1817 1086 1844 [iubebat

299 1857 393 1883 mortis
408 1857 557 1891 imperium,
569 1859 596 1885 id
608 1864 647 1886 est
659 1859 795 1886 diabolum
811 1860 843 1889 “.
855 1860 920 1889 Jure
937 1862 1028 1897 itaque
1039 1861 1085 1890 Dei

299 1900 429 1936 Verbum,
445 1903 517 1938 quod
527 1905 603 1939 prius
615 1905 778 1938 exsistebat,
792 1913 855 1933 cum
870 1907 925 1934 vita
935 1908 992 1943 ipsa
1003 1914 1085 1941 esset,

299 1948 333 1975 ad
354 1950 451 1977 mortis
475 1950 700 1984 destructionem,
717 1953 832 1980 mortale
861 1953 1083 1987 instrumentum,

299 2001 400 2028 00rpus
431 1996 537 2023 scilicet
562 1997 711 2023 humanum
748 2005 908 2031 assumens,
941 1999 1087 2035 ipsumque

298 2039 380 2065 morti
399 2039 520 2071 tradens,
538 2040 572 2067 ad
602 2046 705 2069 naturae
733 2049 789 2070 sum
809 2042 1084 2079 demonstrationem;

297 2083 424 2119 idemque
435 2089 529 2120 postea
544 2094 559 2113 a
570 2091 657 2115 morte
673 2096 815 2116 resumens
827 2088 860 2116 ad
876 2089 995 2117 divinam
1008 2098 1086 2118 suam

296 2129 428 2157 virtutem
447 2131 649 2165 declarandam,
665 2134 729 2161 dum
758 2135 855 2162 mortis
873 2135 983 2170 quidem
1001 2136 1086 2171 impe-

296 2175 368 2202 rium
391 2176 483 2208 solvit,
495 2177 595 2205 diaboli
618 2179 711 2207 itidem
725 2179 752 2206 in
768 2180 892 2208 homines
913 2181 1085 2216 tyrannidem

295 2220 430 2255 destruit;
447 2222 501 2248 imo
516 2222 598 2249 etiam
615 2223 767 2251 dmmonum
790 2225 971 2260 malignorum
987 2234 1019 2254 ac
1029 2227 1085 2261 spi-

1136 1644 1195 1662 πων
1209 1634 1357 1671 βασιλεύων
1373 1635 1388 1661 ὁ
1404 1634 1516 1669 Κύριος,
1533 1632 1600 1660 ἀλλά
1611 1642 1653 1664 τις
1669 1632 1797 1664 πολύθεος
1812 1633 1860 1660 καὶ
1870 1633 1927 1660 δαι-

1138 1681 1233 1717 μονικὴ
1249 1681 1347 1718 πλάνη.
1363 1680 1486 1707 Διδάσκει
1505 1679 1532 1706 δὲ
1545 1681 1559 1708 ὁ
1581 1679 1660 1712 αὐτὸς
1684 1679 1846 1712 ’Δπόστολος
1861 1680 1926 1715 περὶ

1135 1726 1182 1754 τοῦ
1205 1727 1330 1764 Σωτῆρος
1349 1727 1426 1763 ἡμῶν
1449 1727 1554 1761 λέγων·
1587 1726 1664 1753 Ἐπεὶ
1686 1724 1742 1753 οὗ)⁸
1766 1726 1802 1752 τὰ
1821 1725 1926 1752 παιδΙα

1136 1774 1351 1808 κεκοινώνηκεν
1375 1774 1499 1808 αἵματος
1526 1773 1576 1800 καὶ
1603 1772 1726 1806 σαρκὸς,
1757 1772 1807 1799 καὶ
1834 1771 1925 1804 αὐτὸς

1135 1820 1353 1855 παραπλησίως
1377 1819 1507 1854 μετέσχε
1531 1818 1589 1846 τῶν
1607 1818 1707 1845 αὐτῶν
1730 1817 1924 1852 παθημάτων,

1135 1867 1185 1893 ἵνα
1201 1866 1250 1893 διὰ
1269 1866 1321 1893 τοῦ
1337 1865 1467 1893 θανάτου
1489 1864 1664 1900 καταργήσῃ
1683 1863 1737 1891 τὸν
1760 1864 1792 1890 τὸ
1817 1863 1927 1897 κράτος

1135 1911 1245 1946 ἔχοντα
1260 1911 1313 1938 τοῦ
1331 1911 1471 1951 θανάτου,
1491 1911 1629 1938 τουτέστι
1645 1910 1697 1937 τὸν
1711 1909 1864 1936 διάϐολον.
1885 1909 1927 1935 Ei-

1135 1957 1221 1989 κότως
1237 1955 1283 1984 οὖν
1295 1959 1308 1984 ὁ
1327 1957 1417 1994 προὼν
1431 1957 1477 1984 τοῦ
1489 1957 1557 1984 Θεοῦ
1569 1957 1664 1991 Λόγος,
1683 1956 1764 1988 αὑτὸς
1777 1955 1815 1982 ὢν
1826 1957 1842 1990 ἡ
1856 1954 1926 1990 ζωὴ,

1135 2004 1181 2029 ἐπὶ
1198 2003 1357 2038 καθαιρέσει
1371 2004 1417 2030 τοῦ
1433 2003 1549 2030 θανάτου
1565 2002 1659 2038 θνητὸν
1674 2001 1790 2038 ἧργανον
1802 2001 1832 2028 τὸ
1843 2001 1928 2036 σῶμα.

1134 2049 1164 2076 τὸ
1179 2049 1346 2085 ἀνθρώπειον
1363 2049 1516 2080 ἀναλαῦὼν,
1538 2048 1586 2075 καὶ
1602 2047 1681 2074 τοῦτο
1698 2047 1736 2082 τῷ
1751 2047 1858 2082 θανάτῳ
1872 2055 1929 2073 πα-

1137 2095 1231 2131 ραδοὺς
1257 2096 1296 2126 εἰς
1318 2094 1428 2127 ἔνδειξιν
1457 2095 1507 2130 τῆς
1531 2093 1633 2125 οἰκείας
1661 2092 1778 2127 φύσεως,
1806 2093 1928 2119 κᾶπειτα

1134 2140 1199 2167 αὐτὸ
1213 2140 1260 2167 τοῦ
1273 2140 1386 2166 Θανάτου
1411 2139 1508 2172 ἐξελὼν
1525 2140 1565 2171 εἰς
1579 2137 1752 2175 παράστασιν
1769 2137 1820 2172 τῆς
1832 2137 1928 2164 ἐνθέου

1134 2186 1284 2221 δυνάμεως,
1309 2185 1366 2212 λύει
1386 2185 1435 2221 μὲν
1450 2185 1496 2212 τοῦ
1511 2185 1626 2212 θανάτου
1643 2184 1674 2210 τὸ
1692 2184 1803 2219 κράτος,
1817 2183 1878 2209 λύει
1899 2183 1928 2210 δὲ

1135 2232 1183 2258 καὶ
1206 2231 1254 2258 τοῦ
1273 2231 1394 2258 διαϐόλου
1417 2231 1467 2266 τὴν
1487 2231 1557 2258 κατά
1575 2230 1629 2258 τῶν
1650 2229 1802 2266 ἀνθρώπων
1823 2238 1929 2264 109cm-

295 2267 397 2294 rituum
423 2267 604 2302 impurorum,
624 2269 671 2303 qui
687 2269 750 2295 olim
772 2270 799 2296 in
830 2269 978 2297 humanum
997 2278 1082 2305 genus

1134 2277 1200 2304 νίδα·
1213 2277 1280 2305 ἀλλά
1295 2277 1404 2304 καὶτῶν
1416 2277 1500 2304 πάλαι
1512 2276 1757 2313 κατακρατούντων
1765 2275 1814 2302 τοῦ
1823 2276 1873 2302 ἀνθ
1879 2285 1929 2310 ρω-

296 2313 439 2347 imperium
469 2313 645 2346 obtinebant,
667 2314 798 2349 operandi
828 2315 882 2342 vim
913 2316 1078 2352 exstinguit,

294 2359 402 2386 sublata
425 2366 474 2394 per
488 2359 670 2393 evangelicum
692 2361 911 2395 praedicationem
933 2362 1007 2389 omni
1034 2362 1082 2388 ad-

295 2404 415 2431 versaria
427 2409 454 2432 et
466 2405 575 2431 inimica
592 2405 646 2433 Deo
658 2409 804 2440 potestate,
823 2410 966 2441 paternum
979 2407 1034 2435 Deo
1054 2408 1080 2435 in

294 2457 390 2477 omnes
405 2455 500 2486 gentes
518 2459 632 2487 regnum
653 2456 792 2487 procurat.
805 2452 976 2489 Quapropter
991 2455 1080 2482 soluta

295 2496 392 2523 mortis
411 2501 554 2531 potestate,
582 2505 614 2525 ac
637 2498 777 2526 destructo
800 2507 843 2530 eo,
857 2500 904 2536 qui
935 2501 1078 2535 imperiunm

295 2541 391 2568 mortis
409 2542 537 2574 habebat,
555 2543 581 2570 id
608 2548 661 2576 est,
678 2544 804 2579 diabolo;
818 2545 873 2580 jam
898 2552 1028 2582 regnante
1050 2547 1078 2574 in

294 2586 421 2613 omnibus
438 2589 564 2622 gentibus
581 2589 710 2620 Domino.
728 2595 860 2625 regnante
877 2592 941 2619 item
953 2600 1016 2620 cum
1033 2594 1079 2621 illo

294 2640 320 2658 in
340 2631 494 2661 hominibus
517 2635 570 2661 vita
591 2635 646 2668 illa,
662 2644 722 2671 qua:
745 2637 895 2664 secundum
916 2638 1000 2666 Deum
1018 2643 1079 2673 est;

295 2678 390 2705 merito
409 2678 527 2713 Spiritus
538 2686 651 2710 sanctus
665 2691 714 2718 pro
729 2687 805 2711 tanto
823 2683 946 2712 facinore
965 2687 1079 2714 choreas

295 2730 388 2759 agens,
398 2732 504 2760 nosque
528 2734 624 2755 omnes
648 2729 682 2755 ad
703 2729 817 2757 choreas
843 2738 1008 2764 convocans,
1023 2732 1080 2759 haec

295 2769 481 2798 vociferatur:
505 2771 634 2800 Dominus
666 2777 799 2810 regnavit,
831 2779 950 2804 decorem
979 2779 1076 2806 induit.

329 2847 352 2863 ³³
372 2847 451 2876 Rom.
470 2858 497 2883 ν,
524 2851 567 2877 11.
605 2851 628 2866 ’⁸
648 2851 729 2880 llebr.
751 2861 786 2883 ll.
807 2854 850 2882 14,

1135 2323 1211 2350 πείου
1237 2324 1332 2358 γένους
1364 2324 1498 2359 δαιμόνων
1531 2322 1656 2359 πονηρῶν
1683 2321 1731 2348 καὶ
1759 2321 1929 2357 πνευμάτων

1135 2368 1298 2404 ἀκαθάρτων
1313 2368 1360 2404 τὴν
1375 2369 1513 2404 ἐνέργειαν
1532 2368 1666 2400 σϐέννυσι,
1686 2367 1776 2394 πᾶσάν
1794 2376 1824 2393 τε
1845 2368 1927 2394 καθε-

1134 2414 1186 2441 λὼν
1200 2415 1250 2451 τὴν
1268 2415 1458 2451 ἀντικειμένην
1479 2415 1525 2441 καὶ
1544 2414 1643 2451 ἐχθρὰν
1660 2413 1699 2449 τῷ
1718 2413 1779 2448 θεῷ
1799 2413 1926 2448 δύναμιν,

1133 2460 1181 2496 τὴν
1194 2461 1329 2496 πατρικὴν
1342 2460 1380 2495 τῷ
1392 2460 1451 2496 Θεῷ
1471 2460 1611 2496 βασιλείαν
1623 2459 1667 2486 διὰ
1682 2459 1728 2486 τοῦ
1744 2458 1927 2493 εὖαγγελικοῦ

1133 2507 1310 2542 κηρύγματος
1327 2507 1394 2533 πᾶσι
1415 2508 1471 2538 τοῖς
1490 2506 1579 2533 ἔθνεσι
1597 2505 1731 2542 προξενεῖ.
1755 2504 1801 2531 Διὸ
1824 2504 1856 2540 δὴ
1877 2512 1927 2531 κα-

1132 2553 1294 2587 ταλυθείσης
1305 2553 1354 2588 τῆς
1369 2552 1416 2579 τοῦ
1433 2553 1547 2580 θανάτου
1570 2552 1739 2583 δυναστείας,
1757 2552 1806 2578 καὶ
1821 2560 1926 2587 καταρ-

1132 2598 1262 2634 γηθέντος
1283 2599 1331 2625 τοῦ
1346 2599 1375 2625 τὸ
1401 2599 1501 2634 κράτος
1516 2598 1624 2634 ἔχοντος
1638 2598 1686 2624 τοῦ
1708 2597 1837 2627 θανάτου,
1863 2605 1926 2623 του-

1130 2644 1205 2671 τέστι
1221 2644 1268 2670 τοῦ
1283 2644 1418 2677 διαϐόλου,
1435 2645 1622 2680 βασιλεύοντος
1634 2644 1663 2671 δὲ
1682 2643 1734 2679 ἤδη
1760 2643 1855 2670 λοιπὴν
1869 2643 1924 2669 τῶν

1130 2689 1177 2715 ἐπὶ
1195 2690 1246 2724 γῆς
1259 2690 1387 2716 ἁπάντων
1404 2690 1488 2718 ἐθνῶν
1504 2689 1551 2716 τοῦ
1560 2689 1676 2725 Κυρίου,
1691 2689 1738 2715 σὺν
1755 2687 1830 2724 αὐτῷ
1847 2688 1925 2722 βασι-

1130 2733 1261 2770 λευούσης
1278 2735 1429 2772 ἀνθρώπων
1452 2737 1501 2771 τῆς
1525 2735 1595 2762 κατὰ
1609 2734 1676 2762 Θεὸν
1702 2733 1791 2768 ζωῆς,
1809 2734 1923 2763 sinam;

1129 2780 1160 2806 τὸ
1176 2780 1247 2807 θεῖον
1264 2781 1386 2817 Πνεῦμα,
1404 2781 1516 2818 χορεῦον
1538 2782 1584 2808 ἐπὶ
1600 2780 1639 2816 τῷ
1662 2779 1854 2816 κατορθώματι
1875 2777 1920 2806 καὶ

332 2905 369 2940 (1)
389 2905 500 2943 Vulgata
521 2907 614 2944 adjicit
631 2908 662 2936 In
681 2909 723 2936 die
738 2915 797 2937 ante
809 2910 963 2946 Sabbalum,
980 2912 1084 2947 quando
1101 2911 1212 2947 fur-diua
1224 2918 1261 2940 ρει
1277 2917 1356 2940 terra.
