2032 3215
107 186 177 216 “85

668 179 920 211 COMMENTARIA
939 179 973 207 IN
993 179 1161 209 PSALMOS.
1200 151 1221 192 Ἰ
1235 156 1265 178 ν

1658 183 1670 207 1
1679 182 1725 210 186

113 241 214 272 πάντας
227 240 302 275 ἡμᾶς
313 239 359 266 ἐπὶ
375 240 424 274 τὴν
438 239 546 275 χορείαν
564 239 689 274 συνάγον,
700 239 836 274 ἀναφωνεῖ
847 239 893 265 καὶ

955 238 1049 274 tegnat
1066 246 1147 273 porro
1167 237 1307 271 Dominus,
1319 238 1366 273 qui
1386 237 1446 273 ipsa
1457 237 1511 266 vita
1527 242 1579 269 est,
1595 241 1622 265 et
1637 238 1724 273 ipsum

112 286 183 320 λέγει
192 294 198 300 ·
219 285 250 311 '0
264 286 366 319 Κύριος
381 285 589 317 ἐϐασίλευσεν,
603 285 782 319 εὐπρέπειαν
794 284 892 311 ἐνεδύ-

112 339 193 358 σατο.
210 331 351 358 Βασιλεύει
367 332 396 357 δὲ
412 333 426 358 6
446 331 556 366 Κύριος,
577 331 656 362 αὐτὸς
671 331 709 358 ὢν
726 332 742 366 ἡ
758 331 824 366 ζωὴ,
845 331 891 357 καὶ

112 368 195 408 αὐτὸς.
211 375 249 403 ὢν
272 378 286 403 6
309 376 355 402 τοῦ
376 377 442 403 Θεοῦ
459 377 554 410 Λόγος,
576 377 666 411 πάσης
679 377 783 411 ψυχῆς,
806 375 840 412 ἧς
856 376 892 412 μὴ

111 421 276 449 καθάπτεται
300 421 394 455 ἀλογία
415 422 460 448 καὶ
478 421 626 457 deponam,
649 422 695 448 καὶ
713 420 746 457 ἧς
765 421 801 457 μὴ
818 422 892 456 βασι-

112 466 182 493 λεύει
200 466 331 502 ἁμαρτία,
350 467 397 492 καὶ
409 464 441 502 ἧς
456 467 492 502 μὴ
510 468 604 501 κρατεῖ
618 467 632 492 ὁ
649 466 779 498 διάϐολος,
796 466 842 492 καὶ
859 464 893 501 ἦς

111 512 148 548 μὴ
165 511 392 539 καταδυναστεύει
418 511 544 543 θάνατος,
561 512 718 548 τιτρώσκων
740 512 823 547 αὐτὴν
846 512 893 537 καὶ

111 558 230 594 ἀναιρῶν
247 558 290 584 διὰ
309 558 362 584 τῶν
388 557 458 583 ἰδίων
478 557 607 592 κέντρων.
625 558 661 583 Τὸ
675 558 704 584 δὲ
721 557 831 592 κέντρον
845 556 892 583 τοῦ

112 603 226 631 θανάτου
243 604 291 638 τὴν
314 602 449 638 ἁμαρτίαν
467 600 534 628 εἶναι
551 603 670 629 διδάσκει
691 603 704 629 6
723 601 893 633 ’Λπόστολος,

112 649 144 675 δι’
158 647 192 685 ἦς
206 650 357 684 ἀναιρεῖται
373 648 445 684 ψυχὴ
463 648 533 675 κατὰ
552 649 601 683 τὴν
617 640 773 682 φάσκουσαν
789 657 895 683 προφη-

113 695 204 722 τείαν·
224 694 310 729 Ψυχὴ
324 695 342 728 ή
357 694 581 729 ἁμαρτάνουσα,
601 694 676 727 αὐτὴ
692 694 893 721 ἀποθανεῖται.

113 741 158 768 Διὺ
173 741 305 775 ἀσκητέον
321 740 350 766 τὸ
362 740 430 775 μήτε
446 739 568 773 ἀλογίαν,
585 740 653 774 μήτε
665 739 809 775 ἁμαρτίαν,
826 740 894 774 μήτε

113 779 297 816 τὺνδίάϐολον,
316 786 383 820 μήτε
399 785 443 811 τὸν
456 785 569 811 θάνατον
587 785 663 820 ἡμῶν
681 785 724 811 διὰ
744 785 793 820 τῆς
808 786 896 820 ἁμαρ-

113 832 173 864 τίας
190 833 316 867 κρατεῖν·
341 831 419 866 μόνον
437 831 464 857 δὲ
485 831 622 866 κυριεύειν
648 830 726 866 ἡμῶν
750 831 794 857 τὸν
810 831 895 865 Λόγον

944 284 991 312 Dei
1011 284 1139 317 Verbum,
1166 284 1194 310 itt
1216 291 1323 310 omnem
1351 284 1481 315 animam,
1498 284 1540 311 cui
1572 292 1627 311 non
1657 284 1722 311 ines'

945 330 1061 358 amentia
1076 334 1102 357 et
1114 330 1241 361 stultitia.
1254 330 1280 356 in
1296 337 1377 364 quam
1390 338 1444 357 non
1461 333 1557 365 regnat
1571 334 1724 365 peccatum.

945 376 990 403 cui
1005 384 1059 403 non
1078 376 1192 411 imperat
1204 375 1340 407 diabolus.
1356 376 1399 402 cui
1416 384 1469 402 non
1478 376 1633 402 dominatur
1642 383 1727 407 mors,

946 422 1064 456 propriis
1080 421 1153 448 illam
1169 421 1289 448 stimulis
1304 420 1465 448 confodieris
1480 425 1506 448 et
1521 422 1658 449 occidens.
1674 421 1726 448 Stiv

946 467 1048 494 mulum
1066 474 1148 502 porro
1173 466 1272 494 mortis
1287 470 1430 502 peccatum
1447 475 1507 494 esse
1519 467 1597 494 docet
1613 468 1728 502 Aposto-

946 513 988 539 lus
1003 512 1051 540 “:
1074 519 1129 546 quo
1154 512 1266 539 stimulo
1290 512 1423 539 occiditur
1452 513 1553 543 anima.
1580 508 1729 540 secundum

947 558 1116 593 prophetiam
1131 566 1191 593 quae
1206 559 1244 585 ait
1264 567 1272 586 :
1296 558 1393 585 Anima
1423 566 1481 593 quw
1505 559 1657 592 peccaverit,
1673 559 1731 593 ipsa

948 605 1074 631 morietur
1086 605 1120 631 ’⁸.
1136 604 1226 637 Quare
1240 604 1416 632 adnitendum
1431 608 1483 637 est.
1501 608 1529 631 ut
1541 611 1628 638 neque
1643 594 1733 632 amci-

948 651 1094 686 tia,neque
1120 655 1271 685 peccatum,
1286 658 1374 685 neque
1397 650 1531 681 diabolus,
1557 657 1645 684 neque
1659 655 1732 676 mors

927 709 933 714 -
949 705 996 731 per
1022 697 1111 731 ipsum
1134 700 1277 731 peccatum
1294 696 1321 723 in
1342 696 1422 723 nobis
1438 696 1610 729 dominetur;
1627 696 1674 723 sed
1688 704 1733 723 so-

949 743 1086 770 lummodo
1102 742 1218 770 Verbum
1235 743 1338 773 etvita,
1354 742 1380 769 id
1395 745 1448 775 est,
1463 741 1605 773 Dominus,
1622 743 1668 777 qui
1686 749 1734 776 per

948 797 1028 816 omne
1041 788 1171 815 virtutum
1186 796 1271 824 genus
1283 792 1378 824 regnat
1390 789 1417 815 in
1432 795 1490 820 eos,
1506 788 1552 823 qui
1568 788 1628 823 ejus
1645 788 1733 822 impe-

949 832 989 857 rio
999 832 1073 867 digni
1087 832 1231 859 habentur.

114 879 159 906 καὶ
174 879 222 914 τὴν
240 877 321 914 ζωὴν,
338 878 460 904 τουτέστι
481 878 527 904 τὸν
548 878 659 913 Κύριον,
683 877 726 904 διὰ
744 877 834 912 πάσης
860 877 961 912 ἀρετῆς
993 878 1171 912 βασιλεύοντα
1197 878 1252 905 τῶν
1273 877 1486 914 κατηξιωμένων
1508 878 1557 913 τῆς
1574 878 1619 904 ὑπ’
1648 876 1734 903 αὑτοῦ

115 924 262 959 βασιλείας.

156 980 233 1007 Ἐπεὶ
254 980 283 1007 δὲ
307 980 410 1015 μέλλων
429 979 579 1014 βασιλεύειν
592 999 599 1010 ,
621 979 652 1005 οὐ
680 979 759 1013 μόνον
781 979 898 1011 ζώντων,

987 977 1055 1010 Quia
1070 985 1136 1004 vero
1156 977 1203 1018 Dei
1218 977 1350 1009 Verbum,
1366 978 1425 1012 ipse
1450 977 1582 1006 Dominus
1604 983 1734 1013 regnatu-

115 1026 182 1053 ἀλλὰ
198 1027 245 1053 καὶ
260 1027 363 1061 νεκρῶν
380 1027 393 1052 6
408 1026 453 1052 τοῦ
471 1026 537 1052 Θεοῦ
554 1026 639 1059 Λόγος
656 1025 736 1056 αὐτὸς
749 1024 787 1051 ὣν
806 1025 819 1050 6
841 1024 897 1050 Κύ-

117 1081 183 1108 ριος,
207 1073 255 1099 καὶ
277 1073 306 1099 οὺ
327 1073 405 1107 μόνον
429 1073 481 1098 τῶν
499 1073 526 1098 ὲν
544 1073 666 1108 οὐρανοῖς
689 1071 757 1098 ἀλλὰ
783 1070 899 1098 καὶτῶν

116 1118 163 1146 ἐπὶ
177 1119 241 1153 γῆς,
261 1118 352 1151 καθὼς
377 1118 457 1149 αὐτὸς
472 1118 592 1144 διδάσκει
606 1118 702 1151 λέγων,
729 1117 832 1150 Ἐδόθη
851 1126 901 1151 μοι

116 1164 201 1191 πᾶσα
219 1164 344 1196 ἐξουσία
360 1164 395 1190 ἐν·
414 1163 529 1197 οὐρανῷ
545 1164 594 1190 καὶ
614 1163 662 1189 ἐπὶ
678 1163 732 1197 τῆς
751 1163 823 1197 γῆς’
842 1163 902 1189 ἐκέ-

116 1215 202 1234 νωσεν
229 1207 334 1240 ἑαυτὸν,
361 1208 466 1243 μορφὴν
489 1208 580 1233 δούλου
605 1207 703 1238 λαϐὼν,
729 1208 852 1234 τουτέστι
873 1207 902 1233 τὺ

117 1253 215 1289 θνητὸν
241 1253 319 1288 σῶμα
347 1253 394 1280 καὶ
419 1252 449 1279 τὸ
478 1252 647 1287 ἀνθρώπειον
667 1253 798 1288 δργανον·
824 1252 903 1279 τοῦτο

117 1300 172 1335 γὰρ
197 1297 231 1334 ἧν
248 1300 264 1334 ἡ
283 1298 373 1334 μορφὴ
397 1298 444 1324 τοῦ
472 1298 581 1325 δούλου·
597 1299 657 1324 τότε
681 1299 739 1333 μὲν,
761 1299 805 1325 ὅτε
827 1297 909 1325 ταῦτί

118 1345 263 1380 ἔπραττεν,
281 1344 432 1379 ἀπρέπειαν
445 1344 644 1380 περιεϐάλλετο,
659 1344 729 1371 ὥστε
744 1344 807 1379 περὶ
823 1343 904 1370 αὑτοῦ

117 1390 217 1425 λέγειν,
230 1390 356 1425 Εἵδομεν
370 1390 471 1421 αὑτὸν,
486 1390 534 1416 καὶ
554 1391 609 1417 οὐκ
623 1390 704 1424 εἶχεν
719 1388 813 1422 εἶδος,
835 1388 905 1415 οὐδὲ

118 1436 233 1469 κάλλος
243 1444 249 1450 “
270 1437 338 1463 ἀλλ’
353 1434 392 1471 ἦν
402 1436 433 1462 τὸ
447 1434 526 1468 εἶδος
538 1435 631 1462 αὑτοῦ
641 1435 745 1470 ἄτιμον
755 1435 802 1461 καὶ
815 1434 906 1461 ἐκλεῖ-

119 1489 178 1509 πον
193 1482 271 1516 παρὰ
284 1482 356 1514 τοὺς
374 1482 458 1515 υἱοὺς
473 1481 532 1508 τῶν
547 1481 723 1515 ἀνθρώπων·
741 1481 784 1507 ὅτε
797 1481 824 1506 δὲ
839 1481 906 1507 ἀπο-

119 1526 209 1553 λαϐὼν
229 1526 278 1562 τὴν
299 1526 387 1558 δόξαν,
415 1528 447 1562 ἣν
473 1526 520 1552 καὶ
544 1526 674 1561 πρότερον
696 1523 751 1560 εἶχε
774 1525 849 1560 παρά
868 1525 906 1560 τῷ

120 1572 218 1608 Πατρὶ,
248 1572 296 1607 τὴν
328 1572 375 1598 τοῦ
398 1571 490 1598 δούλου
521 1571 627 1607 μορφὴν
656 1571 700 1597 ἐπὶ
731 1571 760 1597 τὺ
787 1572 907 1606 κρεῖττον

122 1616 352 1652 μετεσχημάτισε,
375 1616 445 1642 κατὰ
467 1616 515 1651 τὴν
539 1616 720 1651 ἀποστολικὴν
744 1615 905 1651 μαρτυρίαν,

950 1032 998 1052 rus
1013 1028 1133 1051 eratnon
1148 1024 1236 1050 solum
1253 1024 1418 1055 viventibus,
1434 1023 1480 1050 sed
1497 1024 1580 1050 etiam
1599 1025 1733 1058 mortuis;

950 1078 1000 1097 nec
1018 1071 1105 1097 solum
1129 1070 1298 1101 caelestibus,
1312 1069 1359 1097 sed
1376 1070 1456 1096 etiam
1483 1071 1609 1101 terrenis,
1627 1074 1657 1098 ut
1677 1072 1735 1106 ipsc

951 1116 1073 1143 declarat
1090 1116 1132 1143 his
1148 1116 1237 1143 verbis
1250 1115 1331 1142 :Data
1346 1119 1385 1142 est
1402 1116 1465 1142 mihi
1480 1116 1565 1143 omnis
1577 1122 1692 1150 potestas
1708 1117 1735 1144 in

952 1162 1014 1190 caelo
1031 1167 1055 1190 et
1068 1163 1095 1189 in
1107 1167 1176 1189 terra
1184 1163 1223 1195 ‘7;
1240 1162 1300 1189 ideo
1318 1162 1436 1197 seipsum
1452 1162 1602 1189 exinanivit
1620 1163 1735 1190 turmam

953 1210 1025 1236 servi
1044 1209 1191 1243 accipiens,
1204 1208 1229 1235 id
1243 1212 1294 1240 est,
1306 1209 1420 1236 mortale
1435 1216 1535 1243 corpus
1548 1214 1573 1236 et
1588 1209 1736 1236 humanum

954 1255 1185 1287 instrumentum;
1210 1261 1273 1281 nam
1307 1254 1425 1289 idipsum
1453 1259 1512 1281 erat
1544 1254 1631 1282 forma
1653 1255 1736 1282 servi.

953 1302 1020 1328 Cum
1039 1305 1128 1328 autem
1141 1300 1198 1327 haec
1214 1304 1316 1336 ageret,
1328 1304 1393 1326 tunc
1408 1300 1532 1327 dedecus
1551 1300 1664 1327 indutus
1676 1304 1736 1334 est;

954 1346 991 1372 ita
1009 1350 1039 1372 ut
1059 1346 1092 1372 de
1110 1346 1168 1380 ipso
1184 1345 1308 1372 dicatur:
1327 1344 1444 1371 Vidimus
1467 1353 1536 1377 eum,
1555 1350 1579 1372 et
1594 1354 1645 1372 non
1660 1346 1740 1372 Imbe-

955 1390 998 1416 bat
1010 1390 1130 1424 speciem,
1147 1398 1227 1424 neque
1245 1389 1488 1424 pulchritudinem;
1501 1389 1545 1416 sed
1559 1395 1617 1417 erat
1639 1391 1738 1425 species

954 1435 1010 1470 ejus
1035 1435 1204 1467 inhonorata,
1222 1440 1246 1461 et
1261 1435 1383 1469 deﬁciens
1398 1442 1453 1469 pra:
1476 1435 1540 1470 ﬁliis
1555 1436 1690 1462 hominum
1703 1436 1736 1462 ".

955 1481 1023 1507 Cum
1037 1486 1137 1511 autem,
1149 1484 1257 1514 recepta
1265 1488 1307 1512 ea,
1320 1488 1400 1515 quam
1416 1481 1533 1516 primum
1545 1481 1616 1516 apud
1631 1481 1738 1509 Patrem

956 1527 1098 1558 habuerat,
1113 1526 1209 1561 gloria,
1228 1526 1340 1552 formam
1357 1527 1428 1553 servi
1441 1527 1467 1553 in
1483 1527 1579 1554 melius
1588 1527 1738 1558 transtulit.

957 1571 1105 1599 secundum
1121 1571 1248 1606 lApostoli
1273 1571 1459 1599 testimonium
1481 1572 1521 1599 sic
1541 1572 1644 1600 habens
1661 1582 1668 1600 :
1686 1573 1739 1605 Qui

959 1614 1160 1649 transformabit
1186 1622 1278 1648 corpus
1293 1614 1451 1643 humilitatis
1479 1621 1587 1650 nastrre,
1607 1617 1741 1651 conforme

120 1663 138 1698 ἡ
155 1671 248 1698 φησιν,
273 1664 321 1695 Ὃς
341 1662 596 1697 μετασχηματίσει
617 1662 650 1688 τὸ
671 1661 756 1696 σῶμα
776 1661 830 1695 τῆς
854 1670 904 1688 τα-

957 1661 1061 1694 corpori
1087 1660 1178 1695 gloria:
1204 1659 1353 1692 Christi”,
1384 1665 1449 1687 tunc
1473 1661 1598 1689 decorem
1628 1662 1739 1689 induit:

121 1708 289 1741 πεινώσεως
303 1707 398 1743 ἡμῶν,
417 1709 594 1743 σύμμορφον
611 1707 649 1740 τῷ
665 1707 776 1742 σώματι
788 1707 844 1742 τῆς
857 1707 905 1734 δό-

122 1753 178 1787 ξης
197 1754 250 1781 τοῦ
267 1754 411 1788 Χριστοῦ,
438 1753 467 1779 τὸ
491 1753 640 1788 τηνικαῦτα
660 1753 826 1788 εὐπρέπειαν
849 1754 906 1779 ἐνε-

121 1799 220 1827 δύσατο
231 1808 238 1814 ·
259 1800 302 1825 ὅτε
318 1800 364 1825 καὶ
380 1800 428 1834 τὴν
450 1799 496 1825 τοῦ
521 1799 627 1834 Πατρὸς
644 1799 790 1832 βασιλείαν,
812 1799 859 1825 καὶ⁴
873 1799 906 1825 τὰ

122 1846 243 1877 πάντων,
267 1845 297 1871 οὺ
324 1845 402 1880 μόνον
424 1845 476 1872 τῶν
493 1846 521 1871 ἐν
542 1846 676 1880 οὐρανοῖς,
696 1845 764 1872 ἀλλά
784 1845 829 1871 καὶ
853 1844 906 1871 τῶν

123 1892 183 1918 καθ’
201 1891 264 1926 ὅλης
286 1891 334 1926 τῆς
356 1891 516 1926 οἰκουμένης
541 1890 623 1917 ἐθνῶν
648 1891 797 1926 ἐκράτυνε,
818 1890 907 1916 πᾶσαν

123 1937 172 1973 τὴν
193 1936 321 1964 πολύθεον
346 1935 467 1962 καθελὼν
486 1936 599 1971 πλάνην.
627 1937 671 1962 Διὸ
695 1936 832 1963 λέλεκται·
850 1937 908 1962 Κύ-

120 1992 186 2017 ριος
214 1982 434 2013 ἐϐασίλευσεν,
462 1982 640 2015 εὐπρέπειαν
671 1982 850 2008 ἐνεδύσατο·
878 1980 908 2006 τὸ

125 2028 190 2062 γοῦν
207 2027 381 2059 ἐνεδύσατο,
395 2026 432 2058 ὡς
448 2026 518 2053 κατά
530 2035 589 2052 τινα
601 2026 694 2061 καιρὸν
706 2024 907 2060 ἀποδυσαμένου

125 2075 174 2110 τὴν
191 2074 367 2109 εὐπρέπειαν,
394 2072 532 2098 λέλεκται·
551 2073 597 2099 καὶ
612 2073 655 2098 ὅτε
680 2072 728 2107 μὲν
745 2071 861 2105 ὑπέμενε
875 2070 910 2096 τὰ

126 2118 198 2146 κατὰ
219 2119 249 2145 τὸ
271 2117 365 2150 πάθος,
391 2116 560 2150 ἐσταυρὼοη
573 2136 580 2147 ,
601 2116 682 2150 φησιν
704 2117 718 2142 6
741 2114 908 2145 Ἀπόστολος,

126 2164 160 2197 ἐξ
179 2163 353 2195 ἀσθενείας·
371 2163 415 2189 ὅτε
434 2162 462 2188 δὲ
485 2161 633 2197 νενικηκὼς
646 2162 691 2187 τὸν
714 2161 844 2192 Θάνατον,
861 2160 909 2194 τὴν

128 2209 199 2236 κατὰ
215 2209 323 2236 πάντων
338 2207 510 2243 ἀπελάμϐανε
529 2207 677 2241 βασιλείαν,
697 2206 777 2232 πάλιν
792 2205 909 2240 ἐπλήρου

127 2255 168 2288 τὺ,
192 2255 367 2282 Ἐνεδύσατο
383 2255 491 2288 Κύριος
505 2253 631 2287 δύναμιν
644 2253 691 2279 καὶ
707 2251 909 2286 περιεζώσατο.
935 2252 938 2254 ’

128 2301 244 2337 Χριστὸς
258 2300 311 2336 γὰρ
334 2300 402 2326 Θεοῦ
419 2300 531 2335 δύναμις
545 2296 578 2334 ἦν
600 2299 645 2325 καὶ
657 2298 723 2324 Θεοῦ
739 2298 829 2332 σοφία.
854 2295 910 2323 Εἴθ’

128 2347 176 2374 ᾶτε
201 2346 251 2382 τὴν
269 2346 372 2373 οἰκείαν
395 2345 508 2381 δύναμιν
531 2345 727 2379 ἐνδυσάμενος,
752 2344 799 2369 καὶ
824 2342 910 2379 ταύτῃ
927 2335 937 2351 ¹

128 2392 360 2429 περιζωσάμενος,
382 2392 490 2428 μεγάλῳ
507 2390 696 2426 κατορθώματι
714 2389 807 2417 ἑαυτὸν
823 2389 909 2415 ἐπιδί-

128 2439 203 2466 δωσι.
221 2440 253 2465 Τί
270 2440 297 2466 δὲ
306 2437 340 2475 ἦν
353 2439 442 2470 τοῦτο,
456 2438 519 2472 ἑξῆς
531 2439 545 2463 6
560 2437 635 2470 λόγος
647 2436 766 2462 διδάσκει
781 2436 892 2469 φάσκων
904 2442 909 2449 ³

128 2485 183 2512 Καὶ
201 2484 254 2518 γὰρ
270 2483 432 2517 ἑστερέωσε
451 2482 507 2516 τὴν
519 2481 711 2515 οικουμένην,
729 2481 794 2514 ἥτις
806 2481 840 2506 οὐ
861 2488 911 2507 σα-

128 2530 316 2563 λευθιξσεται.
337 2529 442 2565 Μικροῦ
467 2528 521 2564 γὰρ
549 2528 602 2554 δεῖν
631 2527 694 2562 ὅλην
715 2526 798 2562 αὐτὴν
823 2526 909 2552 διόλου

129 2577 201 2605 κατὰ
218 2576 361 2612 βαράθρων
377 2576 539 2611 ἐνεχθεῖσαν,
563 2575 681 2610 ὁπηνίκα
701 2574 734 2602 τὰ
753 2574 802 2610 τῆς
818 2574 911 2609 δαιμο-

129 2621 208 2656 νιιῆς
222 2620 359 2656 ἐνεργείας
375 2620 446 2647 κατά
467 2621 573 2646 πάντων
594 2620 693 2655 ἴσχυεν,
717 2620 845 2655 ἀνήγειρε
865 2619 911 2645 καὶ

129 2664 313 2701 διωρθώσατο,
326 2665 415 2691 πᾶσαν
430 2664 479 2700 τὴν
496 2664 595 2700 ἐχθρὰν
609 2664 656 2690 καὶ
667 2664 823 2699 δαιμονικὴν
838 2663 913 2689 δύνα-

132 2719 188 2746 μιν,
208 2712 256 2746 τήν
270 2719 300 2736 τε
318 2710 446 2736 πολύθεΟν
461 2710 563 2745 πλάνην
579 2710 740 2745 ἀνατρέψας.
758 2709 835 2736 Οὕτω
849 2709 914 2743 γοῦν

130 2757 279 2793 ὲστερέωσε
303 2756 351 2792 τὴν
377 2756 554 2792 οἰκουμένην,
579 2756 617 2788 ὠς
644 2756 737 2792 μηκέτ’
762 2756 846 2791 αὐτὴν
866 2764 914 2782 σα-

167 2846 189 2861 ¹⁵
207 2846 215 2872 1
233 2845 295 2872 Cor.
313 2853 358 2877 xv,
376 2844 420 2871 56.
457 2844 479 2859 ¹⁶
499 2843 597 2871 Ezech.
615 2851 695 2877 xvm,
712 2844 757 2872 20.

133 2880 155 2896 "
176 2880 196 2907 ll
214 2880 277 2909 Cor.
291 2888 354 2912 xm,
372 2880 398 2907 4.
436 2879 456 2895 ⁸¹
478 2878 487 2904 l
504 2879 567 2906 Cor.
587 2886 612 2912 ι,
629 2879 674 2906 ‘24.

797 2843 817 2859 ³⁷
838 2842 933 2871 Matth.

956 1706 1064 1741 quando
1078 1706 1186 1741 penitus
1200 1707 1307 1734 sublato
1319 1707 1465 1733 multorum
1481 1708 1623 1734 numinum
1636 1716 1740 1740 errore,

955 1757 982 1780 et
1010 1752 1099 1780 Patris
1122 1760 1247 1787 regnum,
1274 1756 1301 1779 et
1328 1761 1381 1780 non
1404 1753 1485 1780 modo
1508 1753 1671 1787 cmlestium,
1693 1754 1741 1781 sed

956 1799 1037 1825 etiam
1061 1799 1181 1825 omnium
1211 1806 1258 1832 per
1275 1798 1367 1825 orbem
1395 1799 1515 1833 gentium
1542 1807 1585 1826 res
1614 1800 1742 1827 ﬁrmavit.

957 1844 1046 1877 Quare
1062 1844 1161 1871 dicitur
1179 1853 1185 1871 :
1202 1843 1331 1870 Dominus
1351 1845 1478 1878 regnavit,
1496 1844 1615 1871 decorem
1634 1844 1742 1871 indutus

957 1894 1016 1916 est:
1031 1890 1096 1916 illud
1112 1890 1194 1921 enim,
1211 1889 1318 1916 indutus
1341 1894 1390 1921 est,
1405 1891 1482 1924 quasi
1508 1891 1600 1924 aliquo
1623 1895 1743 1925 tempore

958 1935 1083 1963 decorem
1105 1935 1221 1968 exuerit,
1239 1935 1387 1970 profertur.
1405 1934 1543 1970 Siquidem
1558 1937 1667 1970 quando
1681 1943 1744 1970 pas-

958 1981 1042 2008 sionis
1069 1985 1203 2008 tormenta
1231 1981 1372 2011 sustinuit,
1402 1981 1546 2015 cruri/imus
1573 1985 1621 2012 est,
1653 1981 1743 2015 inquit

959 2027 1115 2061 Apostolus,
1138 2033 1170 2053 ea;
1198 2026 1404 2060 inﬁrmitate";
1431 2033 1493 2052 cum
1521 2030 1612 2053 autem
1636 2026 1743 2053 devicta

959 2077 1056 2104 morte,
1071 2080 1184 2108 regnum
1200 2072 1227 2098 in
1239 2080 1334 2099 omnes
1345 2072 1566 2106 accepit,rursus
1582 2073 1633 2099 hoc
1649 2073 1744 2107 imple-

959 2125 1015 2147 tttm
1033 2122 1073 2146 est
1093 2127 1100 2144 :
1119 2118 1211 2146 Induit
1228 2118 1354 2145 Dominus
1366 2118 1548 2152 fortitudinem
1569 2122 1593 2145 et
1605 2118 1745 2152 prn’cinxit

960 2173 996 2192 se.
1012 2164 1079 2191 Nam
1094 2164 1221 2191 Christus
1232 2164 1278 2191 Dei
1293 2164 1378 2191 virtus
1390 2166 1449 2191 erat
1463 2167 1489 2190 et
1505 2163 1550 2190 Dei
1569 2164 1701 2198 sapientia
1709 2163 1744 2190 ³¹.

960 2210 1075 2243 Deinde,
1094 2214 1187 2244 utpote
1203 2210 1312 2244 propria
1329 2210 1440 2236 indutus
1454 2209 1554 2235 virtute
1575 2216 1660 2243 caque
1675 2216 1742 2242 pm:-

961 2256 1078 2288 cinctus,
1088 2263 1215 2291 magnum
1230 2256 1335 2283 facinus
1346 2254 1512 2290 aggreditur.
1522 2254 1663 2287 Quodnam
1671 2257 1745 2280 esset

962 2301 1040 2333 illud,
1059 2302 1180 2328 declarat
1208 2305 1303 2335 postea
1324 2299 1466 2334 Scriptura
1493 2300 1612 2326 dicens:
1639 2298 1744 2324 Etenim

963 2347 1077 2381 firmavit
1093 2347 1180 2373 orbem
1196 2351 1283 2378 terrm,
1298 2346 1342 2380 qui
1357 2354 1408 2372 non
1431 2344 1643 2371 commovebitur.
1670 2342 1746 2369 illam

962 2393 1072 2427 quippe,
1088 2400 1150 2419 cum
1161 2395 1266 2418 tantum
1283 2399 1336 2418 non
1354 2392 1381 2417 in
1402 2390 1529 2417 barathra
1554 2389 1660 2423 penitus
1678 2389 1742 2416 ruisr

963 2443 1014 2468 set,
1037 2436 1145 2471 quando
1168 2436 1320 2463 daemonum
1346 2437 1388 2462 vis
1415 2438 1442 2461 et
1472 2435 1590 2461 eﬂicacia
1619 2433 1745 2462 omnibus

963 2481 1133 2516 prmvalcbat,
1146 2481 1232 2507 erexit
1253 2489 1284 2507 ac
1301 2480 1431 2511 restituit,
1448 2487 1509 2506 cum
1526 2487 1633 2506 omnem
1659 2479 1736 2505 inimi

963 2535 1022 2554 cam
1035 2531 1061 2555 et
1077 2527 1270 2554 dtemoniacam
1287 2527 1425 2557 virtutem,
1438 2529 1464 2552 et
1485 2526 1631 2552 multorum
1655 2525 1746 2552 numi-

964 2580 1028 2599 num
1043 2579 1163 2599 errorem
1185 2572 1338 2598 evertisset.
1364 2569 1403 2596 Ita
1419 2570 1491 2596 enim
1519 2569 1638 2596 ﬁrmavit
1652 2569 1746 2595 orbem

965 2622 1053 2649 terrae,
1070 2621 1099 2644 ut
1112 2625 1199 2652 neque
1218 2625 1232 2643 a
1247 2618 1346 2651 pietate
1360 2624 1423 2652 erga
1434 2615 1518 2642 Deum
1536 2615 1720 2642 dimoveretur
1739 2624 1745 2640 :

965 2662 1112 2690 Ecclesiam
1130 2671 1195 2690 vero
1209 2663 1306 2697 ipsius,
1321 2670 1381 2697 qua:
1394 2669 1476 2697 supra
1500 2666 1604 2696 petram
1618 2660 1745 2687 fundatul

964 2713 990 2736 et
1011 2709 1143 2737 adversus
1158 2717 1238 2744 quam
1259 2713 1344 2743 portae
1368 2708 1447 2735 inferi
1473 2715 1528 2734 non
1553 2705 1747 2741 praevalebunt,

966 2756 1010 2782 hic
1032 2763 1080 2790 per
1107 2755 1199 2782 orbem
1214 2759 1294 2782 terrae
1308 2755 1466 2787 indicatam,
1483 2754 1520 2780 ita
1536 2753 1669 2780 ﬁrmatam
1688 2757 1746 2778 esse

967 2850 1069 2877 xxvm,
1102 2843 1142 2870 i8.
1192 2843 1213 2859 ’⁸
1234 2843 1286 2870 isa.
1305 2850 1368 2876 Llll,
1383 2842 1410 2870 2.
1457 2843 1478 2859 '°
1498 2841 1613 2876 Philipp.
1633 2847 1681 2872 ιιι,
1702 2838 1745 2865 2!.
