2032 3215
278 173 349 201 “87

632 170 764 198 EESEBII
783 168 1020 198 C/ESARlENSlS
1038 166 1114 195 OPP.
1134 165 1224 192 PARS
1243 164 1287 192 III.
1307 180 1341 185 —
1361 162 1564 192 EXEGETICA.

1855 163 1899 191 188

277 233 355 264 dicit,
367 236 397 259 nt
412 239 466 259 non
477 231 548 259 ultra
559 230 661 258 moveri
672 230 768 265 possit.
781 229 848 256 Nam
859 228 931 264 quod
944 229 970 255 in
988 232 1054 263 petr:

1115 224 1239 252 λεύεσθαι
1255 224 1305 260 τῆς
1317 224 1387 250 κατὰ
1402 223 1467 250 Θεὸν
1484 222 1637 254 εὐσεϐείας·
1659 222 1706 249 καὶ
1721 221 1769 258 τὴν
1791 221 1901 257 Ἐκκλη-

276 277 417 309 fundetur,
433 282 518 313 portae
541 277 621 304 inferi
648 285 703 303 non
722 276 907 310 praevalebunt
935 275 1067 302 adversus

276 331 348 351 eam.

1116 272 1177 298 σίαν
1189 272 1218 298 δὲ
1234 271 1316 298 αὐτοῦ
1331 271 1379 306 τὴν
1395 270 1442 296 ἐπὶ
1462 269 1512 305 τὴν
1534 269 1637 305 πέτραν
1657 268 1898 304 τεθεμελιωμένην,

1115 317 1148 354 ἦς
1161 317 1242 344 πύλαι
1262 317 1324 353 ᾅδου
1340 316 1370 343 οὑ
1391 315 1595 350 κατισχύσουσι,
1616 315 1660 341 διὰ
1674 315 1723 350 τῆς
1742 314 1900 349 οἰκουμένης

276 370 290 394 ὁ
304 370 383 403 λόγος
400 370 533 405 σημήνας,
555 369 601 396 καὶ
619 368 721 403 ταύτην
743 367 850 402 ἀληθῶς
875 365 1057 402 ἂστερεῶσθαί
1082 374 1175 400 φησιν,
1192 365 1254 400 ἥτις
1270 364 1300 390 οὺ
1314 362 1520 398 σαλενθὴσεται.
1538 361 1624 388 Πύλαι
1646 361 1701 397 γὰρ
1732 361 1797 397 ᾅδου
1819 360 1901 396 αὐτῆς

275 415 306 441 οὺ
320 415 528 451 κατισχύσουσι,
545 414 589 440 διὰ
609 413 639 440 τὸ
655 412 868 448 τεθεμελιῶσθαι
888 411 934 437 ἐπὶ
951 411 1000 446 τὴν
1014 410 1128 446 πέτραν,

311 470 396 497 Vens.
406 471 434 502 Ξ,
445 471 472 497 5.
484 470 600 496 Paratus
614 469 722 496 thronus
739 474 798 496 tuus
808 476 840 495 ea:
852 473 925 499 tunc,
935 476 951 494 a
966 467 1062 494 sa’culo

276 523 306 544 ιι
318 526 355 545 es.
373 517 545 544 Elevaverunt
559 516 682 550 ﬂumina,
700 515 820 546 Domine,
833 515 994 542 elevat-erunt
1009 514 1061 548 ﬂu-

274 564 347 591 mina
361 571 445 590 vocem
460 571 547 590 suam.
568 562 695 589 Thronus
721 565 795 592 tuus,
819 561 919 595 inquit,
935 559 1058 591 Domine,

274 617 329 636 non
344 609 556 643 nuneprimum,
575 615 636 635 eum
655 612 716 643 post
739 607 956 634 incarnationem
972 605 999 632 in
1010 612 1063 632 coa-

274 656 330 682 lum
348 655 510 686 :nscemhsti,
527 660 693 689 praeparatus
709 658 750 681 est
764 654 832 687 tibi;
853 654 908 681 imo
923 660 986 680 vero
1006 652 1062 686 jam

273 701 337 729 olim
351 705 378 728 et
392 705 456 728 ante
466 701 556 728 omnia
571 701 670 728 saecula
685 699 748 727 tuus
763 703 831 731 erat,
845 707 877 726 ac
892 707 999 734 semper
1014 698 1062 726 tibi

273 751 385 783 paratus
411 747 471 778 fuit,
496 747 623 782 quoniam
652 747 709 781 ipse
737 753 751 772 a
783 745 892 775 saculo.
917 745 972 772 imo
999 750 1063 772 ante

272 793 362 821 omnia
380 793 478 820 sacula
494 792 615 823 exsistis,
629 797 658 818 ut
675 792 732 826 ipse
752 791 867 818 docuisti
884 791 928 818 his
944 791 1034 818 verbis
1052 799 1058 817 ;

272 837 400 864 Dominus
411 838 506 864 creavit
522 845 561 864 me
574 837 677 863 initium
693 837 796 863 viarum
810 844 920 863 suarum
942 836 969 862 in
981 843 1060 869 opera

272 891 332 911 sua.
342 883 407 909 Ante
423 882 548 909 saxulum
561 882 680 916 [undavit
698 890 748 912 me,
763 886 788 908 et
800 885 940 915 antequam
960 885 1059 906 montes

1154 465 1292 499 Ἔτοιμος
1306 464 1322 490 ὁ
1341 463 1445 496 θρόνος
1461 470 1519 490 σου
1534 462 1592 490 ἀπὸ
1607 463 1683 494 τότε,
1697 462 1756 490 ἀπὸ
1771 463 1825 490 τοῦ
1841 464 1902 490 αἰῶ-

1115 520 1169 545 νος
1184 511 1224 537 σὺ
1247 508 1283 537 εἴ.
1305 508 1435 543 Ἐπῆραν
1456 510 1483 535 ot
1502 509 1646 543 ποταμοὶ,
1667 510 1765 543 Κύριε,
1786 509 1901 545 ἐπῆραν

1113 559 1141 584 οἱ
1164 557 1288 591 ποταμοὶ
1317 556 1374 590 τὴν
1401 555 1506 590 φωνὴν
1528 555 1635 582 αὐτῶν.
1671 556 1699 582 '0
1726 556 1820 592 θρόνος
1846 566 1900 590 σου,

1114 604 1206 638 φησιν,
1219 600 1242 629 ὧ
1260 602 1355 638 Κύριε,
1371 603 1401 628 οὺ
1419 602 1465 629 νῦν
1482 602 1600 638 πρῶτον,
1622 601 1665 628 ὅτε
1682 602 1750 637 μετὰ
1766 603 1815 638 τὴν
1829 605 1901 631 ἐναν-

1103 647 1254 683 ,θρὼπησιν
1271 649 1310 679 εἰς
1331 647 1462 682 οὐρανοὺς
1490 646 1668 682 ἀνελήλυθας,
1692 649 1899 685 παρεσκευάσθη

1115 702 1170 720 σοι·
1191 693 1258 720 ἀλλὰ
1276 693 1323 720 καὶ
1338 693 1420 719 πάλαι
1437 693 1484 719 καὶ
1498 692 1646 728 πρόπαλαι,
1661 694 1708 720 καὶ
1726 694 1778 729 πρὸ
1794 696 1900 722 πάντων

1113 739 1219 766 αἰώνων
1239 741 1284 771 σὸς
1304 737 1349 775 ἦν,
1367 738 1411 766 ἀει
1436 747 1466 765 τε
1488 739 1535 765 καὶ
1564 739 1608 766 διὰ
1637 740 1736 772 παντὸς
1752 742 1900 777 ήτοίμαστό

1115 794 1166 817 σοι,
1195 785 1287 821 ἐπειδὴ
1314 785 1361 812 καὶ
1385 785 1466 817 αὐτὸς
1498 785 1551 812 ἀπὸ
1582 785 1629 811 τοῦ
1664 786 1771 818 αἰῶνος,
1802 788 1901 823 μᾶλλον

1114 831 1142 857 δὲ
1158 831 1210 866 πρὸ
1229 831 1336 857 πάντων
1359 829 1466 857 αἰώνων
1496 831 1638 866 ὑπάρχεις,
1659 831 1696 863 ὡς
1715 833 1795 865 αὐτὸς
1817 833 1900 861 ἐδίδα-

1115 876 1163 910 ξας
1180 876 1279 903 εἰπών’
1297 877 1405 910 Κύριος
1416 875 1517 903 ἐκτισέ
1535 885 1574 911 με
1597 877 1696 911 ἀρχὴν
1713 878 1792 904 ὁδῶν
1808 879 1899 907 αὐτοῦ

272 928 453 963 ﬁrmarentur,
470 932 495 955 et
509 933 569 955 ante
581 936 668 954 omnes
693 927 773 954 colles
787 927 870 962 gignit
888 927 967 954 me".
985 926 1054 954 Tuus

1111 924 1155 955 εἰς
1169 922 1241 957 ἔργα
1257 922 1361 949 αὐτοῦ.
1381 922 1442 956 Πρὸ
1460 921 1514 948 τοῦ
1533 922 1640 956 αἰῶνος
1656 924 1840 958 ἑθεμελίωσέ
1852 935 1899 960 με,

270 974 362 1008 itaque
379 974 495 1000 thronus
510 978 569 1001 erat
586 974 666 1000 etiam
680 977 742 1000 ante
756 973 848 999 omnia
864 973 963 1000 saecula
983 982 989 999 :
1006 973 1061 999 imo

269 1024 297 1046 et
310 1017 418 1053 quando
426 1018 600 1045 exinanivisti
614 1018 798 1053 temetipsum,
812 1025 844 1045 ae
858 1018 930 1046 servi
945 1017 1060 1044 formam

269 1063 409 1098 accepisti,
426 1063 476 1089 tibi
496 1063 594 1090 iterum
608 1067 720 1097 paratus
736 1062 914 1094 servabatur,
928 1063 991 1098 quia
1011 1062 1060 1089 tibi

268 1109 319 1136 soli
344 1116 377 1135 ac
400 1108 501 1135 nemini
525 1109 571 1135 alii
588 1116 601 1134 a
618 1107 699 1134 Patre
715 1107 819 1134 dictum
839 1107 938 1137 fuerat,
959 1107 1025 1135 Sede
1043 1116 1060 1134 ιι

267 1153 367 1180 dextris
394 1154 468 1184 meis,
485 1154 569 1180 donec
586 1161 683 1188 ponam
702 1153 823 1179 inimicos
840 1157 898 1179 tuos
915 1153 1059 1180 scobe/lum

265 1200 359 1234 pedum
373 1199 516 1226 tuarum”.
525 1198 571 1226 Sic
581 1199 665 1234 igitur
679 1203 790 1234 paratus
803 1199 851 1225 tibi
862 1199 978 1226 thronus
989 1203 1058 1230 erat,

265 1246 294 1273 in
309 1253 364 1281 quo
378 1249 408 1272 ut
422 1253 514 1272 secum
539 1246 659 1276 sederes,
676 1245 722 1280 qui
739 1248 765 1271 te
780 1245 884 1279 genuit,
897 1243 977 1272 Pater
988 1253 1058 1280 pra:-

265 1292 347 1327 cepit.
360 1291 529 1326 l'aratusque
541 1295 599 1318 erat
615 1300 648 1319 ex
662 1296 738 1325 tunc,
755 1300 770 1319 a
787 1291 889 1320 saeculo
906 1301 912 1318 ε
929 1291 1058 1326 quoniam

266 1341 294 1364 tu
311 1337 369 1371 ipse
386 1344 400 1363 a
412 1337 512 1364 saeculo
526 1344 566 1364 es.
578 1335 638 1363 Non
653 1337 692 1364 ait
706 1357 714 1369 ,
729 1345 805 1369 eras;
820 1337 879 1369 sed,
892 1345 930 1364 es.
942 1336 1009 1364 Nam
1024 1337 1058 1365 de

266 1388 291 1411 le
306 1383 364 1411 solo
380 1383 434 1410 dici
452 1383 592 1416 convenit,
607 1391 645 1411 es.
663 1383 753 1415 Quare
769 1383 834 1410 alibi
850 1391 960 1418 quoque
986 1383 1058 1410 dici-

263 1433 319 1460 tur,
344 1429 383 1456 Tu
410 1434 497 1456 autem
522 1429 576 1464 ipse
587 1437 623 1460 es.
636 1434 662 1456 et
677 1430 740 1456 anni
761 1430 800 1456 tui
825 1438 877 1457 non
893 1429 1055 1464 deﬁcient".

264 1473 342 1502 Hunc
356 1483 438 1510 porro
456 1476 584 1502 thronum
601 1475 629 1502 in
648 1476 703 1502 alio
717 1484 827 1511 quoque
844 1477 950 1511 psalmo
970 1476 1058 1511 Spiri-

262 1523 308 1548 tus
327 1525 440 1548 sanclus
454 1520 557 1547 indicat
570 1520 663 1548 dicens
680 1530 687 1547 :
707 1520 826 1548 Thronus
844 1526 917 1554 tuus,
933 1521 1016 1553 Deus,
1029 1522 1056 1549 in

262 1567 389 1593 sarculum
406 1567 497 1594 διεσαιὶ
511 1575 520 1594 ;
537 1568 610 1602 m'rga
633 1567 800 1594 rectitudinis
823 1568 896 1603 virga
911 1569 985 1603 regni
1004 1569 1054 1595 tui.

1110 968 1159 994 καὶ
1173 968 1230 1002 πρὸ
1241 967 1294 994 τοῦ
1309 967 1362 1002 ὅρη
1372 967 1555 1002 ἑδρασθῆναι
1565 977 1571 983 ·
1590 968 1646 1002 πρὸ
1655 968 1689 995 δὲ
1697 970 1820 997 πάντων
1831 972 1900 1003 βου-

1110 1013 1172 1040 νῶν
1187 1012 1278 1048 γεννᾷ
1296 1022 1345 1048 με.
1361 1011 1415 1040 Ἦν
1433 1013 1482 1048 μὲν
1500 1010 1547 1039 οὖν
1567 1013 1613 1045 σὸς
1631 1015 1645 1040 ὁ
1662 1013 1757 1050 θρόνος
1779 1016 1826 1042 καὶ
1849 1016 1900 1052 πρὸ

1110 1060 1217 1087 πάντων
1232 1060 1347 1087 αἰώνων·
1361 1060 1390 1086 οὺ
1401 1060 1455 1096 μὴν
1469 1060 1536 1087 ἀλλὰ
1553 1061 1600 1087 καὶ
1614 1061 1657 1087 ὅτε
1670 1062 1808 1094 ὲκένωσας
1824 1071 1900 1090 σεσω-

1109 1107 1165 1137 τδν,
1183 1107 1230 1132 καὶ
1255 1107 1304 1142 τὴν
1320 1106 1414 1133 δούλου
1440 1106 1546 1142 μορφὴν
1572 1107 1728 1143 ἀνείληφας,
1755 1109 1798 1135 σοὶ
1820 1110 1899 1137 πάλιν

1109 1153 1215 1188 ἕτοιμος
1227 1152 1407 1186 ὲφυλάττετο-
1435 1153 1528 1188 ἐπειδή
1542 1161 1582 1179 σοι
1598 1153 1681 1188 μόνῳ,
1703 1154 1750 1181 καὶ
1766 1155 1899 1191 οὐδετέρῳ

1110 1199 1177 1236 πρὸς
1193 1199 1240 1226 τοῦ
1257 1198 1304 1226 σοῦ
1317 1199 1424 1235 Πατρδς
1437 1200 1541 1235 εἴρητο·
1554 1199 1652 1226 Κάθου
1660 1200 1695 1226 ἐκ
1709 1200 1817 1233 δεξιῶν
1828 1211 1898 1236 μου,

1108 1244 1163 1277 ἕως
1174 1244 1212 1271 ἂν
1223 1244 1264 1271 θῶ
1278 1245 1349 1278 τοὺς
1365 1245 1491 1279 ἐχθρούς
1510 1252 1570 1271 σου
1583 1245 1751 1272 ὑποπόδιον
1770 1245 1830 1273 τῶν
1845 1255 1898 1273 πο-

1108 1289 1169 1316 δῶν
1187 1298 1255 1317 σου.
1273 1290 1350 1317 οὕτω
1369 1290 1434 1324 γοῦν
1456 1288 1489 1326 ἧν
1511 1290 1619 1326 ἕτοιμος
1637 1292 1651 1317 ὁ
1668 1291 1762 1327 θρόνος
1782 1301 1842 1324 σου,
1856 1294 1898 1328 ἐφ’

1110 1336 1140 1362 ὂν
1163 1336 1212 1363 σὺν
1229 1335 1304 1372 αὑτῷ
1321 1335 1484 1367 καθέζεσθαι
1499 1337 1513 1362 ό
1527 1337 1661 1372 γεννήσας
1683 1345 1712 1363 σε
1729 1338 1826 1373 Πατὴρ
1845 1347 1898 1365 πα-

1109 1381 1276 1418 ρεκελεύετο.
1304 1382 1359 1408 Καὶ
1386 1382 1495 1417 ἕτοιμος
1520 1380 1555 1417 ἦν
1581 1382 1636 1408 ἀπὸ
1660 1383 1738 1415 τότε,
1767 1383 1824 1410 ἀπὸ
1850 1384 1897 1410 τοῦ

1108 1427 1216 1460 αἰῶνος,
1234 1427 1295 1454 ἐπεὶ
1314 1428 1362 1454 καὶ
1376 1428 1457 1458 αὐτὸς
1474 1428 1527 1454 ἀπὸ
1547 1427 1594 1455 τοῦ
1610 1429 1707 1461 αἰῶνος
1723 1430 1754 1456 σὺ
1768 1427 1804 1456 εἷ.
1827 1430 1897 1456 Ἀλλ’

1107 1473 1167 1506 οὐκ,
1184 1474 1231 1508 ἧς,
1247 1474 1341 1510 φησὶν,
1356 1473 1423 1506 ἀλλ’,
1439 1471 1477 1501 εἴ.
1493 1475 1581 1501 Μόνον
1595 1475 1649 1510 γὰρ
1660 1475 1733 1510 αὐτῷ
1747 1476 1788 1508 τὸ,
1806 1477 1847 1503 σὺ
1859 1475 1897 1509 εἶ,

1107 1518 1234 1554 λέγεσθαι
1251 1520 1391 1556 ἁρμόττει.
1410 1521 1455 1547 Διὸ
1471 1521 1518 1548 καὶ
1536 1521 1565 1547 ὲν
1581 1521 1685 1556 ἑτέροις
1704 1522 1829 1558 εἴρηταιο
1852 1524 1895 1550 Σὺ

1106 1564 1140 1591 δὲ
1162 1567 1178 1592 ὀ
1197 1566 1289 1600 αὺτῶς
1307 1564 1343 1598 εἶ,
1360 1567 1408 1594 καὶ
1429 1567 1465 1593 τὰ
1480 1567 1532 1601 ἐτη
1557 1574 1615 1594 σου
1630 1569 1686 1594 οὐκ
1703 1569 1893 1603 ἐκλείψουσι.

262 1612 387 1640 Dilext'su'
402 1613 539 1647 justitiam
560 1618 584 1640 et
612 1613 692 1641 odisti
708 1614 880 1648 iniquitatem
896 1619 1054 1649 :propterea

1106 1610 1206 1638 Τοῦτον
1216 1612 1244 1638 δὲ
1261 1612 1306 1639 τὸν
1325 1612 1419 1648 Θρόνον
1436 1613 1483 1639 καὶ
1501 1614 1529 1640 ἐν
1545 1615 1631 1656 ἑτέρῳ
1652 1614 1683 1641 τὸ
1697 1614 1767 1641 θεῖον
1783 1615 1895 1651 Πνεῦμα

261 1659 339 1684 unxit
356 1663 380 1684 te
391 1658 471 1689 Deus,
484 1659 551 1685 Deus
566 1664 636 1690 tuus,
654 1660 710 1686 oleo
723 1660 909 1686 exsultationis
923 1668 979 1694 pro:
989 1669 1052 1688 σοι·

261 1704 377 1731 sortibus
395 1705 445 1731 tuis
458 1704 491 1732 ³⁵.
505 1705 620 1732 Paratus
635 1705 726 1740 itaque
737 1710 798 1733 erat
814 1705 929 1733 thronus
943 1710 1006 1733 tuus
1019 1714 1052 1733 ex

260 1754 347 1781 tunc;
372 1757 405 1776 ex
429 1757 484 1784 quo
503 1749 608 1777 scilicet
634 1751 704 1785 apud
720 1750 828 1778 Patrem
855 1759 928 1783 eras,
943 1752 1006 1786 quia
1023 1756 1052 1779 tu

260 1794 319 1828 ipse
338 1802 354 1821 a
367 1796 468 1822 stnculo
482 1803 522 1823 es.
539 1795 674 1823 Cmterum
688 1796 769 1823 etiam
791 1805 865 1824 nunc
887 1797 1051 1825 elevaverunt

258 1842 382 1876 ﬂumina,
406 1841 526 1869 Domine.
551 1843 621 1876 Quid
645 1843 822 1875 elevaverint,
849 1844 965 1878 repetito
994 1852 1052 1872 ser-

259 1895 341 1915 mone
363 1892 457 1922 postea
479 1888 601 1916 declarat
617 1889 658 1917 his
684 1889 776 1917 verbis
791 1899 797 1916 :
813 1889 987 1917 Elevaverunt
1002 1890 1053 1925 ﬂu-

258 1934 331 1960 mina
346 1942 432 1961 vocem
443 1943 529 1963 suam.
548 1934 610 1962 Haec
622 1935 694 1962 enim
709 1943 772 1962 cum
787 1935 939 1972 antiquitus
955 1936 1051 1964 latuis-

258 1983 331 2011 sent,
357 1987 430 2007 nunc
454 1981 546 2008 audita
575 1980 686 2008 fuerunt
720 1980 859 2014 omnibus,
888 1982 934 2017 qui
956 1981 1051 2010 divino

258 2024 363 2061 Spiritu
378 2026 482 2060 dignati
498 2031 572 2060 sunt,
591 2027 741 2062 prophetis,
755 2029 886 2062 apostolis
899 2033 926 2056 et
935 2036 1051 2065 evange-

258 2071 341 2105 listis,
357 2072 526 2108 inﬁnitisque
551 2073 670 2108 populis,
682 2074 729 2109 qui
744 2081 792 2109 per
808 2078 895 2101 totum
911 2075 1005 2103 orbem
1022 2077 1050 2102 i'n

258 2117 385 2146 ecclesiis
400 2118 519 2146 salutare
530 2126 642 2154 regnum
659 2119 835 2152 annuntiant,
849 2120 896 2156 qui
916 2121 980 2148 item
996 2121 1052 2149 ele-

258 2166 392 2190 vaverunt
402 2170 495 2191 vocem
511 2171 600 2195 suam,
612 2163 725 2191 eﬂ'usam
735 2164 762 2192 in
771 2172 868 2192 omnes
880 2165 925 2192 Dei
933 2166 1049 2200 gratiam

257 2215 356 2242 magna
371 2215 436 2235 voce
453 2208 641 2243 praedicantes.
659 2208 713 2236 Sed
729 2209 811 2236 etiam
823 2209 930 2238 aestimo
941 2210 1049 2239 divinas

256 2253 373 2281 virtutes
399 2257 427 2281 et
453 2253 656 2282 multitudinem
678 2255 904 2290 angelorum,qui
928 2256 956 2283 in
978 2257 1050 2284 caelo

1105 1657 1233 1692 σημαίνει
1252 1657 1349 1692 λέγον·
1370 1658 1398 1684 ’0
1414 1659 1519 1693 θρόνος
1534 1668 1602 1691 σου,
1623 1661 1640 1686 ό
1665 1660 1750 1693 Θεὸς,
1776 1662 1820 1694 εἰς
1841 1662 1896 1688 τὸν

1102 1701 1194 1729 αἰῶνα
1206 1704 1258 1731 τοῦ
1269 1704 1385 1737 αἰῶνος·
1395 1704 1505 1738 ῥάϐδος
1514 1705 1676 1739 εὐθύτητος
1689 1706 1707 1739 ὴ
1718 1705 1832 1740 ῥάϐδος
1842 1707 1896 1741 τῆς

1099 1748 1260 1782 βασιλείας
1278 1756 1346 1776 σου.
1360 1749 1531 1784 Ἠγάπησας
1542 1750 1749 1784 δικαιοσύνην,
1769 1753 1818 1778 καὶ
1839 1753 1898 1788 ἐμι-

1101 1802 1203 1828 σησας
1222 1795 1350 1830 ἀνομίαν
1362 1804 1368 1810 ·
1392 1795 1441 1822 διὰ
1460 1796 1548 1823 τοῦτο
1563 1796 1668 1831 ἐχρισέ
1689 1805 1726 1824 σε
1741 1800 1757 1825 ὁ
1771 1798 1856 1832 Θεὸς,
1879 1801 1897 1826 ό

1104 1841 1175 1873 Θεός
1186 1848 1254 1868 σου.
1261 1842 1352 1874 ἐλαίῳ
1364 1841 1569 1876 ἀγαλλιάσεως
1579 1842 1659 1877 παρὰ
1667 1843 1738 1876 τοὺς
1745 1845 1897 1879 μετόχους

1101 1893 1170 1914 σου.
1187 1883 1242 1913 Ἦν
1260 1887 1309 1922 μὲν
1321 1886 1367 1914 οὖν
1378 1887 1486 1923 ἕτοιμος
1501 1888 1515 1914 ὁ
1525 1887 1619 1923 θρόνος
1634 1898 1681 1915 σου
1692 1890 1746 1916 ἀπὸ
1761 1890 1834 1923 τότε,
1847 1891 1896 1928 ἀφ’

1102 1929 1132 1958 οὗ
1146 1931 1247 1968 δηλαδὴ
1261 1932 1338 1969 παρὰ
1359 1933 1398 1968 τῷ
1418 1934 1506 1969 Πατρὶ
1524 1932 1568 1969 ἦς,
1594 1935 1655 1962 ἐπεὶ
1674 1936 1721 1962 καὶ
1741 1936 1824 1970 αὐτὸς
1839 1937 1896 1965 ἀπὸ

1101 1977 1146 2004 τοῦ
1161 1978 1259 2010 αἰῶνος
1270 1978 1302 2005 σὺ
1317 1976 1352 2005 εἴ.
1370 1979 1443 2015 Πλὴν
1461 1979 1529 2006 ἀλλὰ
1540 1980 1587 2006 καὶ
1601 1980 1647 2008 νῦν
1660 1981 1778 2017 ἐπῆραν
1792 1984 1820 2010 οὶ
1836 1991 1895 2010 ποι

1101 2022 1198 2057 ταμοι,
1224 2023 1321 2058 Κύριε.
1342 2023 1374 2050 Τί
1387 2024 1415 2050 δὲ
1431 2024 1549 2060 ἐπῆραν,
1566 2026 1746 2063 ὲπιδευτερῶν
1768 2028 1832 2064 ἑξῆς
1845 2029 1896 2056 τὸν

1101 2068 1179 2102 λόγον
1196 2070 1361 2106 παρίστησιν
1373 2069 1459 2098 εἰπών
1469 2078 1476 2085 '
1498 2071 1631 2106 Ἐπῆραν
1647 2075 1673 2100 οι
1688 2074 1814 2108 ποταμοὶ
1830 2083 1897 2108 φω-

1101 2113 1161 2148 νὴν
1171 2114 1272 2142 αὐτῶν
1281 2124 1287 2130 ·
1303 2115 1390 2143 ταῦτα
1401 2117 1456 2154 γὰρ
1470 2118 1635 2146 λανθάνοντα
1645 2119 1729 2146 πάλαι
1747 2120 1896 2156 πρότερον,

1100 2160 1148 2188 νῦν
1163 2162 1202 2193 εἰς
1216 2161 1378 2194 ἐξάκουστον
1401 2164 1530 2192 ἁπάντων
1545 2165 1640 2200 γέγονε
1666 2165 1721 2192 τῶν
1743 2166 1791 2192 τοῦ
1818 2166 1898 2206 θείου

1101 2207 1259 2243 Πνεύματος
1275 2208 1433 2246 ἠξιωμένων
1448 2212 1606 2248 προφητῶν,
1626 2212 1782 2240 ἀποστόλων
1798 2221 1829 2239 τε
1844 2214 1898 2240 καὶ

1100 2254 1312 2289 εὐαγγελισπῶν,
1341 2257 1514 2293 μυριάνδρων
1537 2267 1568 2285 τε
1588 2258 1661 2285 λαῶν
1676 2258 1729 2285 τῶν
1747 2259 1809 2285 καθ’
1827 2260 1897 2295 ὅλης
1933 2268 1937 2271 ·

255 2304 332 2332 sunt,
355 2307 429 2328 nunc
458 2299 570 2327 ﬂumina
595 2301 699 2328 vocari.
713 2299 766 2334 Qui
791 2301 855 2329 item
874 2302 1050 2330 elevaverunt

1105 2299 1149 2334 τῆς
1168 2299 1331 2336 οἰκουμένης
1343 2301 1372 2326 ὲν
1395 2303 1453 2333 ταῖς
1475 2303 1633 2338 ἐκκλησίαις
1650 2303 1897 2338 καταγγελλόντων

255 2352 349 2372 vocem
367 2352 457 2376 suam,
473 2345 583 2380 quando
594 2353 628 2373 ex
641 2346 780 2374 hominum
796 2348 936 2375 consortio
949 2348 976 2375 in
992 2355 1049 2375 coe-

256 2390 297 2418 los
321 2391 513 2418 ascendentem
533 2391 717 2424 Servatorem,
739 2392 839 2420 decore
861 2393 972 2421 deitatis
992 2400 1048 2421 sum

256 2434 393 2467 indutum,
403 2440 516 2470 paterna
525 2436 627 2463 virtute
638 2437 824 2472 praecinctum,
835 2437 1047 2473 propriumques

256 2478 293 2505 ibi
323 2480 400 2514 regni
425 2480 553 2507 thronum
579 2485 761 2516 repetentem,
781 2483 1045 2518 eontemplabantur.

255 2523 319 2551 llaec
339 2532 421 2558 porro
440 2525 566 2553 dicebant
583 2526 637 2554 alta
660 2535 725 2555 voce
739 2528 889 2556 clamantes
905 2538 911 2556 :
926 2529 1046 2557 Attotlite

254 2571 503 2604 portas.principes,
519 2577 629 2605 vestras,
639 2578 663 2600 et
678 2573 825 2606 elevamini,
838 2579 920 2608 porta:
929 2581 1044 2607 wternw,

255 2620 280 2643 et
294 2615 414 2642 introibit
429 2624 476 2642 rea:
482 2617 586 2652 glorite.
598 2619 665 2651 Quis
674 2626 713 2646 est
725 2619 778 2653 ipse
786 2627 831 2647 rex
839 2621 946 2655 gloriw?
953 2620 1045 2648 Domi-

255 2669 304 2689 nus
314 2661 390 2696 fortis
399 2667 530 2695 etpolens,
541 2663 668 2692 Dominus
674 2670 764 2700 potens
772 2665 798 2692 in
806 2665 934 2699 prwlio";
945 2673 976 2692 ac
986 2674 1044 2693 rur-

255 2716 327 2739 sum,
336 2707 466 2735 Dominus
475 2709 611 2742 virtutum,
621 2711 675 2745 ipse
681 2716 720 2738 est
729 2719 774 2738 rem
783 2711 875 2746 gloria:
884 2711 916 2738 ³⁷.
925 2711 1045 2739 Multitu-

254 2754 333 2782 dines
340 2755 401 2782 item
407 2755 582 2783 ecclesiarum
589 2755 742 2786 Servatoris
750 2758 914 2793 nostriIapud
923 2758 1049 2786 homines

290 2832 312 2847 "
331 2830 412 2858 Prov.
446 2840 512 2866 vui,
539 2832 634 2861 22-25.

674 2834 700 2858 ³³ι
715 2834 798 2870 Psal._
814 2843 873 2870 ctx,
892 2836 918 2863 l.

254 2867 276 2884 ³⁷
296 2866 360 2894 ibid.
383 2867 426 2895 10.
796 2868 799 2871 ’

969 2836 992 2852 ⁸⁸
1012 2835 1084 2864 Psal.
1102 2844 1145 2870 ct,
1164 2837 1209 2865 δε.
1249 2838 1271 2856 ⁸⁸
1289 2837 1361 2867 Psal.
1381 2847 1453 2873 xuv,
1473 2839 1497 2873 7,
1519 2839 1543 2867 8.

1099 2344 1149 2380 τὴν
1166 2345 1298 2381 σωτήριον
1316 2346 1472 2380 βασιλείαν,
1488 2348 1512 2374 οἳ
1534 2348 1581 2375 καὶ
1608 2350 1713 2384 ἐπῆραν
1731 2349 1781 2384 τὴν
1798 2350 1898 2386 φωνὴν

1099 2391 1200 2424 αὐτῶν,
1220 2391 1268 2427 τὴν
1286 2393 1447 2428 ἐκχυθεῖσαν
1473 2395 1513 2426 εἰς
1535 2395 1639 2427 πάντας
1655 2396 1702 2422 τοῦ
1721 2396 1789 2423 Θεοῦ
1811 2397 1898 2433 χάριν

1102 2437 1207 2473 μεγάλῃ
1232 2439 1265 2474 τῇ
1287 2440 1362 2474 φωνῇ
1391 2439 1638 2475 εὐαγγελιζόμενοι.
1660 2441 1739 2468 Ἀλλὰ
1768 2442 1817 2468 καὶ
1840 2442 1895 2474 τὰς

1100 2483 1175 2516 θείας
1199 2484 1327 2520 δυνάμεις
1355 2485 1402 2511 καὶ
1427 2486 1458 2512 τὸ
1485 2486 1588 2521 πλῆθος
1615 2487 1670 2514 τῶν
1694 2489 1753 2514 κατ’
1770 2489 1893 2524 οὐρανὸν

1099 2529 1222 2563 ἀγγέλων
1237 2528 1312 2565 οἶμαι
1327 2530 1375 2557 νῦν
1391 2532 1531 2566 ποταμοὺς
1543 2533 1734 2567 ὀνομάζεσθαι.
1748 2533 1780 2559 Οἳ
1792 2534 1825 2570 δὴ
1840 2534 1893 2561 καὶ

1099 2575 1178 2601 αὐτοὶ
1189 2576 1295 2611 ἐπῆραν
1311 2576 1360 2612 τὴν
1377 2577 1469 2613 φωνὴν
1485 2578 1586 2610 αὐτῶν,
1600 2579 1719 2614 ὁπηνίκα
1733 2579 1766 2606 ὲκ
1778 2580 1828 2615 τῆς
1841 2581 1896 2606 σὺν

1098 2620 1250 2656 ἀνθρώποις
1258 2621 1398 2657 διατριϐῆς
1408 2623 1516 2649 ἀνιόντα
1525 2625 1566 2654 εἰς
1577 2623 1706 2659 οὐρανοὺς
1717 2625 1761 2651 τὸν
1774 2625 1895 2661 Σωτῆρα

1097 2668 1145 2694 καὶ
1158 2669 1207 2703 τὴν
1218 2668 1267 2704 τῆς
1279 2668 1361 2695 αὑτοῦ
1377 2668 1503 2705 θεότητος
1525 2670 1691 2704 εὐπρέπειαν
1709 2670 1873 2706 ἐνδυόμενον
1883 2691 1892 2704 ,

1098 2713 1212 2749 δυνάμει
1235 2716 1355 2751 πατρικῇ
1377 2714 1612 2751 περιζωννύμενον
1625 2737 1632 2748 ,
1653 2716 1699 2742 καὶ
1717 2716 1763 2742 τὸν
1787 2718 1892 2743 οἰκεῖον

1101 2759 1329 2795 ἀπολαμϐάνοντα
1345 2760 1395 2796 τῆς
1416 2760 1553 2796 βασιλείας
1574 2761 1668 2797 θρόνον
1689 2761 1817 2789 ἐθεῶντο.
1831 2762 1891 2788 Καὶ

1597 2839 1620 2856 ³⁸
1639 2839 1784 2868 Psal.:mn
1794 2860 1802 2873 ,
1823 2839 1887 2867 7-9.
