2032 3215
129 171 200 201 "39

730 165 981 196 COMMEMnma
1002 166 1034 190 rs
1055 166 1223 194 PSALMOS.
1249 152 1313 183 αν

1683 168 1753 198 “)0

127 230 179 265 τῆς
198 238 231 264 γι
251 228 343 265 φωνῆς
357 227 446 256 αὐτῶν
460 227 551 255 ἐκεῖνα
566 224 611 263 ἦν,
625 227 658 255 δι’
670 222 707 254 ὧν
726 227 811 254 ἐϐόων
823 227 915 262 λέγον-

968 226 1130 259 eonstitut'e,
1145 225 1345 255 conﬂuentibus
1365 227 1402 255 ibi
1418 226 1540 257 ﬂuminis
1559 227 1646 256 instar
1662 228 1754 264 genti-

127 284 190 307 τεςο
209 276 315 311 Ἄρατε
333 275 442 307 πύλας,
456 275 483 300 οἱ
494 273 638 308 ἄρχοντες
652 272 747 308 ὑμῶν,
761 273 810 300 καὶ
826 272 915 306 ἐπάρ-

129 324 201 356 (Mrs
214 321 308 348 πύλαι
321 319 443 351 ultimm,
456 319 505 345 ml
519 318 723 346 εἰσελεύσεται
737 319 754 346 ὁ
765 318 915 351 ,βασιλεὺς

129 368 186 401 τῆς
198 367 300 400 δόξης.
322 367 370 398 Τίς
386 366 470 392 ἐστιν
487 363 576 397 οὗτος
589 366 605 391 ὀ
622 364 772 397 βασιλεὺς
786 363 840 397 τῆς
863 363 913 390 δό-

130 413 205 446 ξης;
219 413 327 446 Κύριος
338 411 477 446 κραταιὸς
488 411 536 437 καὶ
551 410 690 442 δυνατὸς,
708 410 815 443 Κύριος
826 409 915 435 δυνα-

129 460 182 493 τὸς
193 461 228 486 ἐν
242 460 360 494 πολέμῳ
369 468 375 474 '
394 459 440 486 καὶ
458 459 551 485 πάλιν·
571 458 677 491 Κύριος
688 457 748 483 τῶν
762 456 916 490 δυνάμεων

129 506 222 538 αὐτός
238 506 323 532 ἐστιν
339 507 355 531 ὀ
368 504 518 536 ,βασιλεὺς
532 503 586 537 τῆς
598 503 700 537 δόξης,
710 503 764 529 Καὶ
778 501 812 528 τὰ
826 501 913 536 πλήθη

129 551 157 577 δὲ
173 551 227 577 τῶν
247 552 274 578 ἐν
290 550 440 586 ἀνθρώποις
456 549 502 576 τοῦ
522 550 647 585 Σωτῆρος
663 548 741 584 ήμῶν
763 546 915 582 ἐκκλησιῶν

130 597 285 632 ποταμηδὸν
301 598 330 623 ἐν
350 597 444 627 αὑταῖς
464 595 517 622 τῶν
538 596 567 628 ἐξ
590 594 674 621 ἐθνῶν
695 593 915 620 πεπιστευκότων

967 272 1018 300 bus
1033 280 1093 308 quae
1107 272 1292 305 crediderunt,
1305 274 1528 309 elevantibusque
1537 282 1632 302 vocem
1646 274 1674 301 in
1689 281 1753 302 ora-

967 318 1087 346 tionibus
1102 318 1135 346 ad
1150 316 1235 346 Deum
1246 318 1364 351 emissis,
1375 319 1457 355 inque
1470 320 1597 348 laudibus
1609 328 1657 355 per
1673 320 1756 356 hym-

966 371 1017 390 nos
1041 368 1068 391 et
1091 364 1211 398 psalmos
1230 363 1312 390 editis
1327 383 1334 395 ,
1363 369 1478 399 possunt
1502 364 1614 391 ﬂumina
1634 364 1751 391 vocari:

967 408 1075 443 quando
1103 409 1161 443 ipse
1183 407 1315 436 Dominus
1339 412 1432 436 noster
1458 417 1515 441 eos,
1529 418 1597 444 quos
1614 417 1646 436 ex
1661 417 1710 437 sua
1724 414 1752 437 et

967 453 1057 480 divina
1068 452 1193 480 doctrina
1203 452 1323 486 haurire,
1339 457 1366 480 et
1377 461 1410 480 ex
1428 453 1531 488 Spiritu
1549 460 1643 481 sancto
1659 454 1753 481 bibere

969 498 1088 525 futurum
1113 503 1187 531 erat,
1216 498 1374 526 ﬂuminibus
1398 504 1538 533 comparat
1562 499 1656 527 dicens
1674 509 1680 527 :
1699 500 1752 532 Qui

968 545 1059 572 biberit
1075 553 1108 572 ex
1124 553 1202 580 aqua,
1213 554 1289 580 quant
1301 554 1345 581 ego
1360 545 1428 572 dabo
1443 546 1481 579 ei,
1493 546 1604 580 [lumina
1622 546 1654 573 de
1666 552 1754 579 nemo

967 591 1023 623 eius
1038 591 1118 625 ﬂuent
1133 599 1208 626 aqua:
1226 592 1298 624 υἱυω,
1315 592 1434 619 salientis
1446 592 1472 618 in
1489 593 1568 619 vitam
1582 586 1758 629 Memmi”;

131 644 298 675 ωρὁὀντων
319 644 372 674 ἀεὶ,
389 643 556 678 ἐπαιρόντων
570 650 598 668 τε
617 640 707 676 φωνὴν
727 641 756 666 ἐν
772 641 833 670 ταῖς
867 639 933 673 πρὸς
952 638 997 664 τὸν
1014 638 1078 664 Θεὸν
1103 638 1205 673 εὐχαῖς,
1221 637 1249 664 ἓν
1266 646 1295 664 τε
1308 639 1366 669 ταῖς
1391 638 1424 664 δι’
1454 637 1545 673 ὕμνων
1571 638 1618 665 καὶ
1639 635 1754 672 ψαλμῶν

129 689 302 722 δοξολογίαις,
324 689 449 715 δύνανται
475 687 602 721 λέγεσθαι
628 686 761 721 ποταμοί’
790 686 850 712 ἐπεὶ
872 686 918 712 καὶ
936 686 1017 717 αὐτὸς
1033 686 1046 712 ὁ
1062 683 1164 719 Κύριος
1195 683 1274 719 ἡμῶν
1289 683 1352 715 τοὺς
1371 683 1516 718 μέλλοντας
1547 685 1579 710 ὲκ
1598 684 1648 719 τῆς
1669 684 1753 709 αὑτοῦ

129 737 176 763 καί
189 735 264 767 θείας
276 735 448 766 διδασκαλίας
462 734 604 770 ἀρύεσθαι,
623 733 728 760 καὶτοῦ
755 733 832 767 ἁγίου
853 732 1010 768 [Ινεύματος
1039 731 1137 763 πίνειν,
1160 732 1291 765 ποταμοῖς
1314 730 1482 766 παραῦὰλλει
1517 730 1613 765 λέγων·
1635 731 1684 763 ’⁸ος
1716 730 1754 756 ἂν

129 782 182 815 πίῃ
201 782 234 808 ἐκ
254 781 305 808 τοῦ
324 782 432 814 ὕδατος
447 779 482 809 οὗ
499 781 555 814 ἐγὼ
574 780 659 807 δώσω
679 779 769 812 αὐτῷ,
787 779 910 814 ποταμοὶ
924 779 957 806 ἐκ
975 779 1029 813 τῆς
1046 778 1160 810 κειλίας
1178 777 1270 804 αὑτοῦ
1292 778 1459 811 ῥεύσουσιν
1491 777 1599 810 ὕδατος
1634 776 1753 812 ζῶντος,

128 826 302 861 ἁλλομένου
318 828 360 859 εἰς
375 826 588 860 ζὶυὴναίώνιον.

170 887 286 922 Ἇροῦσι
302 887 427 921 ποταμοὶ
441 886 606 920 ἐπιτρίψῃς
617 886 715 912 αὐτῶν
731 886 789 913 ἀπὸ
808 885 914 920 φωνῶν

999 883 1121 915 νων,
1139 882 1165 909 5.
1185 882 1286 910 Tollent
1303 882 1415 916 ﬂumina
1438 881 1534 915 ﬂuctus
1558 889 1620 908 suos
1642 890 1658 908 a
1683 883 1754 909 voci-

128 931 246 959 ὑδάτων
265 931 396 959 πολλῶν.
415 931 583 965 Θαινμίιστοὶ
605 933 631 958 οὶ
647 932 838 966 μετεωρισμοὶ
861 931 915 964 τῆς

129 978 298 1012 θαλάσσης,
316 977 486 1012 θαυμαστὸς
503 978 538 1004 ἐν
556 978 697 1011 ὑψίστοις
716 980 732 1004 ὀ
751 979 864 1012 Κύριος.
885 978 914 1004 Εἰ

128 1023 268 1058 νενόηνται
283 1024 307 1049 οἰ
324 1024 439 1058 ποταμοὶ
455 1023 480 1049 οί
495 1023 540 1049 ἐπὶ
558 1024 590 1058 τῇ
606 1022 667 1057 δόξῃ
680 1023 727 1058 τῆς
745 1023 792 1049 τοῦ
813 1023 914 1058 Κυρίου

130 1069 267 1104 βασιλείας
281 1069 330 1104 τὴν
346 1068 435 1096 αὐτῶν
448 1069 539 1103 φωνὴν
554 1068 722 1104 ἐπαίροντες,
733 1069 765 1094 ἐκ
776 1068 823 1094 τοῦ
838 1070 914 1095 ἐναν-

128 1115 188 1141 τίου
208 1114 384 1150 νοηθήτωσαν
403 1114 491 1149 ἕτεροι
512 1114 628 1148 ποταμοὶ
649 1113 848 1148 ἐπιτριϐόμενοι
870 1114 916 1139 καὶ

128 1161 358 1196 κατεπαιρόμενοι
371 1161 420 1195 τῆς
432 1159 558 1194 γνώσεως
569 1159 615 1185 τοῦ
628 1159 706 1191 Θεοῦ,
715 1158 841 1190 ἐναντίως
851 1158 879 1184 δέ
887 1167 915 1185 τε

129 1204 297 1240 διακείμενοι
326 1206 380 1236 τοῖς
407 1205 550 1240 ἐπαίρουσι
578 1204 626 1238 τὴν
652 1204 743 1239 φωνὴν
773 1204 860 1230 αὐτῶν
878 1203 916 1238 τῷ

129 1250 199 1287 Θεῷ.
217 1247 296 1276 Οὗτοι
315 1250 346 1286 δὴ
356 1248 401 1276 οὖν
418 1251 442 1276 οί
459 1249 573 1276 ἐναντίοι
586 1249 702 1284 ποταμοὶ
712 1250 826 1284 αἴρουσι,
840 1249 915 1284 φησι,

129 1295 179 1327 τὰς
202 1296 354 1331 ὲπιτρίψεις
377 1296 477 1329 αὐτῶν,
500 1294 637 1321 τουτέστιν
659 1294 840 1329 ἁποθήσονται
864 1294 916 1320 πᾶν

129 1342 243 1378 ἔπαρμα
255 1343 302 1369 καὶ
315 1342 405 1368 πάντα
420 1342 514 1376 τῦφον,
533 1342 579 1368 καὶ
592 1342 681 1368 πᾶσαν
696 1339 853 1375 ἐπιτριὸήψ
871 1339 917 1366 καὶ

129 1388 212 1415 τοῦτο
227 1389 386 1424 ποιήσουσιν
399 1388 452 1414 ἀπὸ
467 1388 515 1423 τῆς
530 1387 620 1423 φωνῆς
633 1386 687 1412 τῶν
702 1385 786 1419 ἁγίων
802 1384 914 1410 ὑδάτων.

130 1435 247 1470 Νοήσεις
263 1435 290 1461 δὲ
311 1434 340 1461 τὸ
361 1434 503 1470 εἰρημένον
524 1433 682 1468 ἐπιστήσας,
701 1431 738 1462 ὡς
761 1430 842 1457 πάλαι
867 1429 916 1464 μὲν

130 1482 161 1507 ἐν
181 1479 334 1516 ἀνθρώποις
362 1479 491 1511 πολλάκις
515 1477 548 1514 ἦν
570 1477 718 1512 ἐπαγγελία
750 1476 844 1511 σοφίας
869 1475 916 1501 τοῦ

130 1526 229 1557 αἰῶνος
242 1525 350 1557 τούτου,
364 1525 410 1551 καὶ
423 1525 581 1559 φιλοσοφίας
591 1522 762 1559 ἀνθρωπίνης
777 1521 914 1556 ἐπιτριϐἡ⁹

966 929 1013 955 bus
1032 936 1159 964 aquarum
1176 928 1330 954 multarum.
1353 926 1492 953 Mirabiles
1506 926 1632 954 elationes
1658 928 1753 960 muris,

965 975 1134 1002 mirabiliain
1151 974 1289 1002 altissimis
1316 973 1455 1000 Dominus.
1485 972 1513 1000 Si
1538 974 1647 1001 ﬂumina
1676 974 1755 1001 intel-

966 1021 1089 1052 leximus,
1122 1027 1182 1056 quae
1209 1027 1292 1055 super
1316 1020 1401 1055 gloria
1424 1020 1500 1055 regni
1527 1019 1633 1046 Domini
1657 1027 1752 1047 vocem

966 1074 1042 1093 suam
1075 1066 1265 1098 elevaverunt;
1302 1064 1455 1091 eeontrario
1479 1064 1667 1099 intelligantur
1698 1065 1753 1091 alia

966 1111 1075 1137 ﬂumina
1093 1118 1152 1145 qua:
1171 1109 1269 1137 ﬂuctus
1280 1109 1400 1137 excitant
1411 1112 1437 1136 et
1454 1110 1580 1136 attollunt
1595 1115 1690 1137 contra
1702 1116 1751 1137 co-

966 1157 1113 1191 gnitionem
1131 1155 1187 1187 Dei,
1203 1160 1284 1191 atque
1305 1156 1338 1184 iis
1349 1156 1475 1191 opposita
1490 1163 1549 1190 quae
1567 1163 1659 1183 vocem
1673 1163 1752 1183 suam

968 1202 1022 1230 Deo
1036 1202 1151 1229 elevant.
1170 1201 1233 1229 Haec
1244 1202 1335 1237 itaque
1350 1194 1487 1229 eontriria
1503 1201 1625 1234 ﬂumina,
1639 1201 1755 1230 ﬂuctus,

967 1247 1065 1281 inquit,
1090 1254 1154 1274 suos
1181 1246 1298 1280 tollunt;
1315 1247 1341 1274 id
1356 1251 1398 1275 est
1413 1254 1520 1273 omnem
1536 1247 1692 1278 elationem,
1710 1251 1756 1274 tu-

967 1300 1070 1319 morem
1094 1295 1121 1319 et
1149 1292 1301 1320 allisionem
1327 1292 1464 1327 deponent
1480 1302 1486 1319 :
1502 1292 1584 1327 idque
1611 1293 1712 1320 facient
1738 1300 1754 1319 a

967 1345 1033 1365 voce
1049 1341 1205 1365 sanctarum
1223 1345 1366 1373 aquarum.
1383 1337 1439 1366 Hoc
1457 1346 1537 1373 porro
1557 1339 1659 1366 dictum
1672 1339 1755 1366 intel-

967 1384 1046 1418 ligas,
1059 1384 1081 1410 si
1095 1383 1258 1419 perpendas,
1274 1384 1339 1411 olim
1359 1384 1429 1418 apud
1451 1384 1575 1412 homines
1595 1385 1756 1419 plerumque

967 1430 1107 1458 exstitisse
1125 1431 1262 1465 specimen
1280 1430 1419 1465 sapientiae
1445 1430 1526 1465 hujus
1542 1431 1644 1462 sazculi.
1664 1436 1690 1458 et
1705 1431 1756 1458 hu-

969 1483 1055 1502 mana:
1069 1476 1247 1522 philosophiae
1263 1475 1460 1511 arrogantiam,
1472 1484 1525 1511 qua
1544 1475 1630 1503 inﬂati
1643 1476 1756 1504 extollea

967 1521 1077 1552 bantur,
1089 1521 1121 1548 ’et
1142 1528 1158 1548 a
1185 1525 1275 1548 mente
1288 1522 1380 1549 carnis
1396 1529 1453 1548 sua:
1474 1522 1659 1556 erigebantur,
1675 1521 1755 1556 quasi

130 1572 175 1606 ἐφ’
209 1572 255 1598 καὶ
267 1572 399 1606 ἐπήροντο
407 1571 580 1606 φυσιούμενοι
591 1570 637 1596 καὶ
652 1568 853 1603 ὲπιτριῦόμενοι
863 1567 914 1594 ὑπὸ

968 1573 1080 1601 magnas
1105 1571 1133 1594 et
1159 1566 1296 1602 sapientes
1320 1566 1480 1601 disciplinas
1495 1567 1601 1594 adirent
1619 1567 1756 1602 sapientes

129 1617 177 1644 τοῦ
190 1617 247 1649 νοὸς
255 1617 304 1652 τῆς
313 1616 411 1652 σαρκὸς
419 1616 516 1642 αὐτῶν·
528 1615 565 1647 ὠς
576 1615 607 1650 δὴ
617 1615 722 1650 μεγάλα
729 1614 788 1641 τινὰ
795 1615 841 1641 καὶ
849 1614 919 1648 σοφὰ

132 1662 281 1698 μαθήματα
298 1661 490 1697 μετερχόμενοι
505 1662 529 1687 οἱ
546 1661 621 1694 σοφοὶ
635 1660 681 1686 τοῦ
696 1660 791 1691 αἰῶνος
812 1659 916 1686 τούτου.

131 1708 196 1734 Ὅτε
211 1716 242 1742 γε
260 1708 312 1743 μὴν
329 1708 368 1738 εἰς
385 1708 474 1733 πᾶσαν
495 1706 544 1741 τὴν
561 1706 612 1741 γῆν
627 1705 690 1740 παρ’
702 1704 813 1739 Ἕλλησί
827 1712 856 1730 τε
872 1704 919 1730 καὶ

130 1754 207 1789 παρὰ
219 1753 366 1789 βαρῦάροις
378 1751 592 1787 ἐκκλησίαιθεοῦ
610 1751 784 1786 συνέστησαν,
798 1749 845 1785 τὴν
853 1749 918 1785 ἀλη-

130 1799 165 1835 θῆ
180 1799 275 1833 σοφίαν
291 1798 439 1834 μετιοῦσαι,
449 1798 552 1829 καὶτὰς
567 1796 721 1832 πρεπούσας
734 1796 772 1831 τῷ
778 1796 837 1831 Θεῷ
850 1795 920 1828 δοξο-

130 1845 223 1879 λογίας
231 1853 260 1871 τε
268 1846 314 1871 καὶ
323 1844 483 1880 ὑμνολογίας
492 1852 558 1870 ποτα
562 1843 644 1879 μηδὸν
651 1844 697 1869 καὶ
708 1843 775 1878 μετὰ
798 1842 919 1878 μείζονος

130 1892 178 1919 καὶ
189 1900 221 1918 πε
226 1893 280 1927 παῤ
284 1893 317 1927 ρη
321 1900 383 1918 σιασ
386 1891 469 1926 μένης
478 1890 540 1925 βοῆς
547 1891 597 1916 ἀνα
601 1890 707 1925 πέμπου
711 1898 765 1921 σαι,
774 1895 821 1915 και
826 1888 919 1924 ὥσπερ

131 1936 236 1963 ὑδάτων
252 1936 355 1962 πολλῶν
380 1935 471 1971 φωνὴν
492 1934 578 1961 διὰτὸ
599 1934 700 1968 πλῆθος
723 1932 918 1960 θεοσεὸούντων

131 1982 262 2017 ἀφιεῖσαι,
279 1981 308 2008 τὸ
319 1980 467 2016 τηνικαῦτα
480 1979 618 2015 καθῃρέθη
635 1980 650 2005 ὁ
664 1978 748 2012 τῦφος
768 1978 822 2004 τῶν
835 1978 918 2004 πάλαι

133 2028 316 2064 νομιζομένων
330 2027 428 2062 σοφῶν,
443 2027 489 2053 καὶ
504 2027 579 2053 πᾶσα
594 2024 681 2052 αὐτῶν
699 2023 825 2059 ὲπιτριϐὴ
841 2031 918 2049 τετα-

132 2074 273 2106 πείνωται,
297 2073 348 2108 τῆς
369 2073 464 2107 σοφίας
480 2071 569 2098 αὐτῶν
589 2071 630 2102 εἰς
644 2070 720 2097 οὐδὲν
737 2068 916 2104 λογισθείσης.

134 2120 164 2147 El
177 2119 206 2147 δέ
220 2128 262 2151 τις
280 2119 390 2145 πώποτε
404 2118 543 2153 ἐθαύμασε
563 2117 610 2143 καὶ
630 2116 680 2151 τῆς
705 2115 842 2149 θαλάσσης
855 2114 918 2146 τοὺς

134 2165 348 2201 μετεωρισμοὺς,
360 2165 406 2191 τοῦ
424 2164 480 2199 βίου
496 2161 594 2198 δηλαδὴ
615 2161 661 2188 τοῦ
679 2160 776 2196 θνητοῦ
795 2160 844 2192 τὰς
859 2168 918 2194 τρι-

134 2211 235 2246 ιιυμίας
248 2210 295 2236 καὶ
311 2210 373 2241 τοὺς
388 2208 525 2238 κλύδωνας
545 2207 608 2238 τοῦς
629 2205 827 2241 ἐπαιρομένους
849 2203 919 2230 κατὰ

970 1611 1052 1646 hujus
1067 1612 1170 1639 saeculi.
1187 1612 1221 1638 At
1237 1612 1346 1647 quando
1359 1619 1407 1647 per
1419 1612 1511 1640 orbem
1525 1613 1594 1647 apud
1612 1613 1720 1640 Graecos
1729 1617 1757 1641 et

969 1657 1100 1685 barbaros
1114 1658 1238 1686 ecclesia:
1254 1658 1301 1685 Dei
1317 1659 1473 1685 constituta:
1494 1662 1568 1689 sunt,
1584 1665 1645 1693 quae
1663 1666 1754 1685 veram

969 1703 1130 1738 sapientiam
1144 1703 1260 1735 adirent,
1274 1711 1306 1731 ae
1323 1703 1376 1731 Deo
1389 1704 1514 1731 decentes
1530 1703 1624 1731 laudes
1639 1708 1666 1731 et
1678 1704 1757 1738 hym-

969 1756 1020 1776 nos
1045 1748 1119 1776 ﬂuxu
1141 1749 1258 1784 quodam
1275 1756 1307 1776 ac
1331 1756 1393 1776 cum
1421 1749 1524 1784 majore
1544 1754 1571 1777 et
1585 1749 1683 1777 ﬁducia
1699 1749 1756 1784 pluo

969 1794 1047 1821 niore
1063 1801 1128 1822 voce
1141 1794 1307 1827 emitterent,
1321 1798 1358 1827 et,
1373 1794 1408 1821 ob
1423 1794 1622 1821 multitudinem
1643 1794 1756 1829 religio—

969 1848 1062 1867 sorum
1085 1840 1236 1873 hominum,
1254 1840 1332 1875 quasi
1353 1847 1485 1874 aquarum
1501 1840 1647 1866 multarum
1662 1847 1756 1867 vocem

969 1887 1095 1919 ederent;
1114 1890 1180 1914 tunc
1196 1887 1320 1914 sublatus
1334 1890 1377 1914 est
1390 1894 1484 1914 eorum
1503 1886 1550 1921 qui
1569 1886 1633 1913 olim
1648 1885 1757 1920 sapien-

969 1935 1010 1959 tes
1032 1932 1238 1959 mstimabantur
1267 1935 1368 1964 tumor,
1391 1932 1536 1967 omnisque
1554 1931 1661 1958 illorum
1677 1937 1757 1958 arroo

969 1978 1061 2012 gantia
1075 1977 1205 2012 depressa
1217 1982 1269 2009 est,
1285 1977 1359 2012 quod
1373 1977 1505 2012 sapientia
1530 1985 1624 2005 eorum
1643 1984 1692 2011 pro
1714 1976 1758 2003 ni-

968 2024 1025 2050 hilo
1051 2023 1205 2051 haberetur.
1228 2022 1307 2056 Quod
1333 2023 1357 2050 si
1385 2023 1448 2058 quis
1474 2031 1594 2058 unquam
1620 2023 1755 2052 elationes

968 2069 1053 2096 maris
1079 2068 1230 2096 admiratus
1259 2069 1305 2101 sit,
1323 2068 1450 2096 videlicet
1473 2069 1598 2097 mortalis
1614 2068 1678 2096 vita:
1692 2076 1758 2104 pro-

968 2114 1052 2142 cellas
1077 2117 1104 2142 et
1125 2114 1233 2147 ﬂuctus,
1253 2115 1300 2149 qui
1311 2118 1407 2142 contra
1419 2114 1463 2142 Dei
1475 2114 1657 2149 cognitionem
1669 2114 1758 2149 erige-

968 2159 1085 2193 bantur;
1105 2159 1174 2188 sciat
1189 2159 1235 2186 ille
1252 2167 1308 2195 prae
1329 2159 1457 2187 omnibus
1472 2159 1623 2187 mirabilem
1638 2159 1665 2186 in
1679 2159 1757 2187 altis-

969 2206 1047 2233 simis
1061 2213 1122 2233 esse
1146 2205 1308 2239 Dominum;
1325 2206 1362 2233 ita
1376 2210 1405 2232 ut
1418 2205 1436 2232 ii
1453 2205 1501 2240 qui
1516 2205 1544 2232 in
1560 2205 1674 2232 Domino
1689 2212 1756 2232 con-

137 2245 184 2292 ςῆς
200 2255 326 2290 γνώσεως
341 2255 388 2282 τοῦ
404 2254 481 2280 Θεοῦ·
500 2253 557 2279 ἀλλ’
573 2252 652 2284 ἵστω,
672 2251 713 2277 ὅτι
730 2251 799 2286 ὑπὲρ
815 2250 917 2280 πάντας

972 2251 1068 2283 ﬁdunt,
1084 2258 1138 2278 non
1154 2251 1224 2278 ultra
1243 2251 1376 2278 elationes
1391 2251 1474 2278 maris
1486 2250 1549 2285 jure
1563 2250 1756 2284 pertimescere

133 2302 290 2338 θαυμαστός
304 2302 377 2327 ἐστιν
397 2300 425 2326 ἐν
441 2299 553 2334 ὑψηλοῖς
566 2299 580 2324 ὁ
596 2297 707 2333 Κύριος·
715 2297 752 2328 ὡς
767 2296 861 2332 μηκέτ’
876 2295 919 2321 εὑ-

133 2350 219 2384 λὸγως
239 2349 302 2379 τοὺς
328 2346 532 2383 μετεωρισμοὺς
553 2344 602 2379 τῆς
620 2343 757 2378 θαλάσσης
780 2341 920 2376 φοϐεῖσθαι

133 2396 188 2422 δεῖν
201 2395 264 2426 τοὺς
278 2394 323 2420 ἐπὶ
339 2393 377 2428 τῷ
389 2392 484 2428 Κυρίῳ
500 2390 671 2421 πεποιθότας.
685 2389 765 2420 Εἰκὸς
779 2388 807 2415 δὲ
821 2387 921 2414 θαλάσ-

133 2450 183 2476 σης
198 2439 267 2467 εἶναι
284 2439 485 2475 μετεωρισμοὺς
496 2437 558 2468 τοὺς
570 2435 800 2470 ἐπανισταμένους
817 2435 849 2469 τῇ
865 2434 921 2459 Ἐκ-

133 2487 235 2523 κλησία
263 2485 310 2512 τοῦ
334 2484 401 2511 θεοῦ
427 2482 583 2518 διωγμούςο
609 2481 655 2513 οὓς
678 2482 692 2508 ὁ
712 2481 762 2516 τὴν
785 2480 920 2507 θάλασσαν

134 2531 270 2559 κατοικῶν
285 2531 392 2566 δράκων
406 2530 526 2565 ἐνεργεῖν
542 2528 645 2559 εἴωθεν,
661 2529 675 2553 ὁ
690 2526 860 2562 μετεωρίζων
872 2526 921 2552 κύ-

135 2587 208 2614 ματα
220 2577 313 2612 αὐτῆς,
330 2575 437 2611 βομϐῶν
452 2583 481 2601 τε
493 2575 539 2601 καὶ
553 2573 626 2609 ἠχῶν
640 2572 687 2599 καὶ
706 2573 857 2607 ταράττων,
874 2570 921 2597 καὶ

135 2623 277 2660 μονονουχὶ
290 2621 408 2649 ἀπειλῶν
424 2622 512 2648 πᾶσαν
527 2620 611 2656 ἄρδην
628 2618 806 2645 κατακλύσειν
824 2626 852 2644 τε
873 2618 920 2645 καὶ

134 2669 276 2704 ἀφανίσειν
287 2668 335 2704 τὴν
351 2667 513 2702 Ἐκκλησίαν
526 2666 572 2692 τοῦ
588 2665 665 2692 Θεοῦ.
682 2666 775 2696 Εἵποις
789 2664 810 2690 δ’
825 2664 858 2691 ἂν
874 2664 921 2690 καὶ

137 2715 221 2747 Ξλλως
230 2715 298 2751 πρὸς
305 2714 376 2746 λέξιν
383 2713 469 2740 ταῦτα
476 2712 663 2748 διηγούμενος,
671 2711 794 2747 ἐπαίρειν
802 2710 865 2741 τοὺς
873 2718 920 2736 πο-

137 2761 250 2797 ταμοὺς,
261 2761 359 2792 αὐτοὺς
368 2759 399 2795 δὴ
407 2759 516 2790 τούτους
525 2759 588 2789 τοὺς
596 2757 750 2792 αἰσθητοὺς,
766 2756 814 2792 τὴν
831 2755 920 2791 φωνὴν

137 2804 224 2833 ιύτῶν
239 2805 277 2841 τῷ
290 2805 359 2840 Θεῷ,
379 2805 425 2832 τοῦ
439 2805 471 2840 δη
476 2813 535 2840 μιου
540 2802 663 2840 ργοῦ-τοῦ
672 2803 703 2838 δὴ
717 2802 763 2828 καὶ
780 2802 920 2833 κτίσαντος

171 2885 194 2902 ³·
214 2885 293 2913 Joan.
311 2893 359 2917 vn,
384 2885 428 2912 58.

970 2296 1096 2324 debeant.
1117 2295 1271 2323 Verisimile
1293 2300 1383 2323 autem
1398 2300 1440 2322 est
1454 2295 1586 2322 elationes
1601 2294 1685 2321 maris
1695 2301 1758 2321 esse

970 2340 1174 2376 persecutiones
1202 2341 1229 2367 in
1246 2339 1396 2367 Ecclesiam
1420 2339 1467 2367 Dei
1490 2339 1673 2374 insurgentes,
1686 2345 1757 2372 quas

970 2386 1089 2412 excitare
1105 2386 1174 2413 solet
1189 2385 1271 2412 draco
1288 2385 1331 2412 ille
1358 2385 1384 2411 in
1403 2384 1471 2411 mari
1492 2384 1629 2415 habitans,
1645 2382 1690 2418 qui
1705 2381 1757 2410 llu-

970 2436 1031 2459 ctus
1047 2432 1107 2467 ejus
1133 2432 1160 2458 in
1175 2431 1290 2459 sublime
1307 2432 1387 2462 tollit.
1413 2430 1487 2462 boat,
1510 2433 1589 2457 sonat
1601 2433 1629 2456 et
1646 2432 1757 2456 contur-

971 2478 1027 2510 bat,
1051 2482 1156 2504 tantum
1184 2486 1238 2504 non
1264 2478 1446 2504 interminans
1471 2483 1500 2503 se
1528 2475 1678 2502 Ecclesiam
1707 2474 1756 2502 Dei

971 2522 1166 2550 inundaturum
1195 2529 1227 2549 ac
1260 2521 1383 2548 funditus
1411 2515 1564 2548 delettirum
1592 2527 1664 2547 esse.
1694 2519 1756 2546 Alio

970 2570 1034 2596 item
1061 2567 1140 2595 modo
1158 2567 1213 2595 haec
1229 2568 1262 2594 ad
1280 2567 1397 2593 litteram
1426 2572 1560 2593 enarrans
1587 2564 1689 2592 dixeris
1708 2564 1756 2591 liti-

971 2615 1044 2642 minn
1060 2614 1117 2641 lia‘c
1134 2613 1273 2641 sensibilia
1287 2613 1394 2640 elevare
1410 2619 1502 2639 vocem
1523 2616 1599 2639 suam
1616 2609 1681 2640 Deo,
1694 2609 1755 2643 opi-

971 2661 1013 2688 ﬁci
1028 2668 1134 2695 nempe,
1148 2660 1193 2695 qui
1208 2666 1238 2687 se
1248 2658 1350 2686 ereavit
1363 2662 1390 2685 et
1406 2658 1537 2685 exsistere
1556 2655 1629 2688 fecit,
1641 2654 1756 2690 gloriam

970 2706 1123 2733 eﬂerentes.
1137 2704 1372 2738 Quemadmodum
1388 2703 1460 2730 enim
1472 2709 1505 2729 ex
1521 2699 1708 2736 magnitudine
1728 2701 1757 2725 et

968 2752 1173 2788 pulchritudine
1198 2755 1384 2779 creaturarum
1404 2748 1495 2785 opifex
1516 2746 1700 2782 conspicitur;
1715 2743 1756 2771 sic

971 2807 1003 2827 ex
1029 2799 1152 2835 partibus
1165 2798 1270 2832 mundi,
1287 2797 1448 2826 miraculum
1472 2794 1562 2831 magni
1587 2793 1634 2821 Dei
1654 2789 1756 2826 opiﬂcii
