2032 3215
263 177 326 205 1191

598 175 730 202 EUSEBII
747 174 986 203 CAESARIENSIS
1003 174 1078 202 OPP.
1099 174 1189 202 PARS
1207 174 1250 201 Ill.
1270 189 1303 194 —
1322 173 1526 202 EXEGETICA.

1816 172 1884 199 H92

263 236 308 268 iis,
327 235 373 270 qui
389 234 498 262 videndi
521 235 650 262 l'acultate
672 234 776 269 praaliti
792 238 866 265 sunt,
884 234 1048 261 declaratur.

1109 234 1200 266 ιὺτοὺς
1219 234 1266 261 καὶ
1288 232 1512 268 ὑποστησαμένου
1526 232 1574 267 τὴν
1595 231 1673 265 δόξαν
1690 229 1882 266 ἐμφαίνοντας.

264 281 292 308 Si
307 282 370 316 quis
385 282 457 308 enim
474 289 566 309 secum
593 285 710 315 reputet.
729 281 800 307 unde
822 281 882 307 talis
907 279 1048 306 ﬂuminum

263 328 352 354 ﬂuxus
379 327 491 357 feratur.
508 327 579 354 unde
607 330 682 353 tanta
701 326 818 353 humidae
837 318 995 353 substantia:
1010 326 1050 352 vis

263 378 290 401 et
302 373 390 408 copia,
401 374 471 400 unde
495 373 583 399 fontes
598 373 635 399 il'i
648 372 718 407 quia
731 372 831 399 seculo
851 379 989 406 nunquam
1007 371 1051 398 dc—

265 419 400 451 fecerunt,
421 419 469 454 qui
489 418 618 453 perennia
634 424 661 445 et
677 418 846 452 amplissima
865 417 977 443 ﬁumina
993 424 1050 443 sca-

264 466 382 498 turiunt,
397 473 428 492 ex
448 465 548 500 quibus
573 464 680 500 abyssis
702 464 836 493 oriantur,
865 471 897 490 ex
916 470 967 497 qua
985 462 1051 488 sub-

264 512 373 539 stantia).
389 511 468 546 copia
484 518 531 545 per
561 518 642 537 omne
664 510 793 537 smculum
818 510 917 541 ﬂuant;
939 509 960 536 si
977 509 1049 543 quis,

266 558 388 597 imm,
409 558 465 584 inec
485 555 650 586 consideret,
667 556 691 582 is
708 563 773 582 sane
795 555 898 582 videbit
916 555 972 581 hanc
991 558 1052 581 tan-

271 598 404 637 ῐύῆττῐιοιι
420 610 515 629 vocem
538 601 672 633 emittere,
693 609 764 635 quae,
788 608 835 635 per
851 600 909 635 ipsa
928 599 1050 631 ﬁumina,

265 650 399 678 ereatoris
423 653 450 676 et
470 649 577 684 opiﬁcis
604 648 795 675 universorum
821 646 1050 682 magniﬁcentiam

266 697 396 729 declaret,
418 699 446 723 et
471 696 530 730 ejus
551 695 680 721 deitatem
708 694 880 721 testiﬁcetur.
905 691 950 719 Sic
971 699 1052 728 porro

266 743 398 771 elationes
420 741 503 769 maris
529 739 708 768 considerans
731 739 877 774 quispiam,
895 745 949 772 quo
974 743 1053 772 pacto

267 789 373 817 scilicet
396 788 494 815 ﬂuctus
517 788 576 821 ejus
602 786 698 814 tumidi
717 786 745 812 in
767 785 883 812 sublime
903 784 1051 818 erigantur,

268 842 355 869 usque
371 841 480 860 rursum
496 832 653 862 decidentes
670 831 699 858 in
715 829 814 864 seipsis
831 827 1002 863 frangantur,
1026 831 1053 854 et

267 880 405 916 quomodo
423 887 472 906 nec
486 878 593 913 possint
608 885 659 905 nec
677 876 796 903 audeant
808 875 955 902 terminum
971 877 998 900 et
1015 873 1054 900 le-

1106 280 1151 311 Ὢς
1170 280 1224 315 γὰρ
1238 281 1270 306 ἐκ
1285 279 1416 314 μεγέθους
1428 279 1476 306 καὶ
1493 278 1622 313 καλλονῆς
1644 277 1800 312 κτισμάτων
1813 278 1828 302 ὁ
1839 285 1884 310 γε-

1101 325 1256 360 νεσιουργδς
1264 324 1415 360 θεωρεῖται,
1423 323 1468 350 τὸν
1483 323 1563 349 αὐτὸν
1576 323 1675 357 τρόπον
1686 323 1716 348 ἐκ
1729 322 1784 348 τῶν
1795 321 1887 357 μερῶν

1102 370 1151 397 τοῦ
1169 371 1271 406 κόσμου
1295 370 1325 396 τὸ
1344 369 1435 406 θαῦμα
1456 369 1506 404 τῆς
1527 368 1574 395 τοῦ
1599 367 1667 395 Θεοῦ
1686 368 1888 403 μεγαλουργίας

1101 418 1157 448 τοῖς
1174 417 1240 452 ὸρᾷν
1260 416 1419 451 δυναμένοις
1443 415 1616 450 παρίσταται.
1631 415 1663 441 El
1677 413 1742 448 γοῦν
1757 422 1800 445 τις
1821 414 1887 449 παρ’

1102 463 1190 498 ἐαυτῷ
1200 463 1346 497 λογίσαιτο,
1356 462 1436 489 πόθεν
1448 462 1501 497 ἄρα
1511 461 1621 496 φέρεται
1629 462 1645 496 ἡ
1654 460 1771 495 τοσαύτη
1777 460 1833 486 τῶν
1841 468 1888 486 πο-

1102 509 1196 545 ταμῶν
1209 509 1288 544 φορὰ,
1301 509 1381 535 πόθεν
1395 508 1430 534 τὰ
1442 507 1559 534 τοσαῦτα
1571 507 1674 543 μεγέθη
1687 506 1734 533 καὶ
1749 506 1784 533 τὰ
1797 506 1887 542 πλήθη

1101 555 1151 589 τῆς
1162 556 1248 590 ὑγρᾶς
1256 555 1359 586 οὐσίας,
1371 554 1452 581 πόθεν
1463 554 1491 580 αἱ
1501 553 1567 589 μηδέ
1578 553 1683 580 πώποτε
1694 552 1891 586 ἐξαίὦνοςδια-

1102 601 1227 636 λείψασαι
1246 601 1345 635 πηγαὶ,
1361 600 1389 627 αἱ
1403 600 1465 631 τοὺς
1485 599 1613 630 ἀεννάους
1629 599 1676 626 καὶ
1697 597 1891 634 παμμεγέθεις

1104 647 1232 682 βρύουσαι
1254 646 1409 682 ποταμούς⁸
1429 646 1482 673 ἀπὸ
1504 645 1587 672 ποίων
1602 643 1656 681 ἆρα
1675 644 1763 680 βυθῶν
1779 644 1888 680 ὁρμῶν-

1102 703 1157 726 ται,
1175 694 1222 720 καὶ
1234 695 1266 720 ὲκ
1279 694 1358 724 ποίας
1372 693 1544 723 ὑποστάσεως
1557 692 1603 718 τὸν
1620 692 1766 726 σύμπαντα
1781 691 1892 728 ῥέουσιν

1103 740 1204 769 αἰῶνα·
1227 742 1253 767 ετ
1273 749 1315 772 τις
1337 739 1423 767 ταῦτα
1447 739 1609 774 ἐννοήσειεν,
1635 738 1728 773 ὄψεται
1744 737 1782 770 ὡς
1810 746 1891 773 μονο-

1103 790 1178 824 νουχὶ
1194 789 1285 823 φωνὴν
1301 787 1407 822 ἀφίησι,
1429 786 1476 813 καὶ
1489 787 1505 821 ή
1522 785 1565 812 διὰ
1578 785 1632 811 τῶν
1647 784 1777 819 ποταμῶν
1799 782 1892 810 αὐτῶν

1103 835 1134 870 δὴ
1149 834 1250 860 τούτων
1271 832 1459 869 παρισταμένη
1477 830 1523 858 τοῦ
1540 830 1648 856 κτίστου
1665 828 1711 855 καὶ
1723 827 1892 863 δημιουργοῦ

1103 878 1156 905 τῶν
1180 879 1248 905 ὅλων
1271 876 1466 914 μεγαλουργία,
1483 874 1659 911 μαρτυροῦσα
1676 875 1709 910 τῇ
1732 873 1818 900 αὑτοῦ
1834 872 1893 899 θεό-

267 934 329 961 gem
343 925 396 952 sibi
411 924 550 952 deﬁnitam
563 921 753 958 praetergredi;
770 921 833 948 hinc
849 927 916 948 sane
929 919 975 946 Dei
993 926 1051 945 ma—

1109 934 1172 961 τητι.
1187 924 1264 951 Οὕτω
1285 924 1313 949 δὲ
1328 923 1374 949 καὶ
1390 923 1452 954 τοὺς
1468 921 1673 958 μετεωρισμοὺς
1688 920 1737 954 τῆς
1752 919 1894 953 θαλάσσης

272 972 436 1010 gniﬁcentize
452 972 506 998 vim
522 969 716 1005 deprehendet.
734 968 800 995 Nam
822 967 860 994 illi
883 966 976 997 edixit,
999 965 1054 992 Hu—

266 1025 372 1052 cusque
387 1016 492 1047 venies,
517 1019 544 1042 ct
565 1015 592 1041 in
608 1018 634 1041 te
657 1016 835 1041 conterentur
858 1011 957 1038 ﬂuctus
974 1011 1053 1043 tui”,

267 1063 470 1097 terminumque
487 1061 539 1096 ipsi
560 1060 662 1094 posuit,
681 1067 761 1094 quem
780 1066 834 1084 non
850 1057 1055 1092 praetergredie-

267 1113 324 1140 tur,
351 1115 439 1142 neque
461 1110 637 1133 convertetur
659 1104 691 1131 ad
713 1103 888 1138 operiendam
912 1101 1011 1129 térram
1020 1102 1053 1130 ⁸ο,

268 1155 370 1182 Praeter
390 1162 422 1181 ea
435 1160 501 1181 vero
525 1155 586 1187 quin
612 1157 693 1186 supra
715 1149 937 1181 memoravimus,
957 1148 1056 1175 dixerit

267 1202 416 1237 quispiam,
445 1204 510 1226 tunc
538 1197 677 1224 mirabiles
703 1195 788 1222 fuisse
815 1195 947 1222 elationes
972 1194 1056 1221 maris

268 1255 332 1275 cum
347 1246 507 1273 accedentes
519 1243 645 1278 discipuli
660 1241 788 1269 dixerunt
798 1241 834 1271 ei.
845 1240 966 1271 Domine,
982 1240 1056 1267 salva

270 1301 329 1325 nos,
341 1292 456 1326 perimus
469 1290 490 1305 “
505 1296 512 1316 :
527 1287 637 1324 quando
654 1287 797 1322 imperavit
812 1286 874 1321 ipsi,
893 1290 919 1312 et
930 1285 1002 1312 facta
1015 1289 1057 1312 est

270 1338 457 1373 tranquillitas
477 1343 584 1371 magna.
612 1333 645 1360 Et
660 1333 727 1360 alias
750 1333 848 1359 iterum
872 1339 934 1358 cum
950 1331 1058 1357 Domini

267 1385 348 1420 jussu
369 1383 487 1410 divisum
512 1381 539 1408 in
571 1387 654 1414 seque
679 1380 737 1414 ipso
755 1378 884 1405 secedens
906 1384 938 1403 ac
958 1377 1059 1404 distra-

273 1437 359 1463 ctum,
383 1430 526 1457 transitum
552 1427 667 1463 praebuit
691 1426 753 1453 ﬁliis
768 1425 867 1456 Israel,
881 1428 909 1451 ut
929 1431 977 1459 per
992 1422 1058 1450 illud

272 1479 351 1514 quasi
374 1486 423 1514 per
440 1477 546 1504 aridam
569 1480 670 1502 terram
687 1474 858 1510 praeterirent
875 1482 881 1499 :
898 1476 965 1514 tunc
985 1471 1058 1499 enim

272 1526 413 1554 mirabiles
427 1524 539 1551 fuerunt
552 1522 685 1549 elationes
701 1521 770 1555 ejus.
788 1520 845 1546 lmo
855 1508 1060 1546 etiam'l‘lumina

270 1572 326 1598 alio
339 1570 420 1597 modo
436 1576 531 1596 vocem
548 1568 733 1596 elevaverunt,
748 1565 858 1600 quando
870 1571 934 1590 arca
947 1571 994 1597 per
1002 1562 1061 1589 Jor-

270 1617 371 1644 danem
390 1619 562 1645 transeunte,
580 1613 744 1640 secedebant
759 1619 835 1646 aqua:
849 1614 876 1638 et
893 1610 1013 1640 stabant,
1030 1616 1059 1635 re

271 1662 332 1696 ipsa
347 1661 460 1696 gloriam
480 1659 526 1687 Dei
548 1659 707 1688 clamantes,
737 1662 764 1684 et
788 1656 897 1691 quando
919 1656 978 1690 ipso
995 1655 1059 1682 Ser-

272 1710 368 1733 vatore
386 1706 413 1732 in
438 1705 533 1732 eodem
556 1703 666 1730 ﬂumine
690 1702 839 1736 baptizata,
865 1700 985 1728 caelestis
1008 1708 1059 1727 vox

273 1754 364 1788 ipsum
383 1750 483 1778 Filium
499 1757 560 1778 esse
567 1749 697 1775 dilectum
714 1747 748 1774 ad
761 1747 882 1773 omnium
894 1753 975 1773 aures
990 1753 1059 1780 pra:-

273 1800 389 1826 dicaret.

1104 970 1174 1005 ὁρῶν
1187 978 1239 1000 τις,
1261 969 1298 1000 ὡς
1319 968 1460 1003 ἐπαίρεται
1482 966 1654 1002 κυρτούμενα
1668 966 1753 1001 αὐτῆς
1767 967 1809 997 εις
1825 965 1894 1000 ὕψος

1103 1016 1138 1042 τὰ
1154 1016 1273 1050 κύματα,
1287 1015 1333 1040 καὶ
1346 1014 1383 1046 ὠς
1397 1014 1477 1040 πάλιν
1489 1013 1576 1040 ταῦτα
1591 1012 1781 1048 συμπίπτοντα
1799 1011 1830 1039 ὲν
1843 1011 1892 1037 αὑ-

1104 1063 1159 1093 τοῖς
1177 1060 1323 1096 θραύεται,
1349 1060 1396 1086 καὶ
1423 1059 1461 1090 ὡς
1477 1059 1508 1085 οὐ
1531 1058 1641 1086 δύναται
1659 1058 1719 1084 οὐδὲ
1736 1057 1826 1093 τολμᾷ
1847 1056 1893 1084 τὸν

1105 1108 1166 1143 ὅρον
1185 1107 1232 1133 καὶ
1253 1107 1298 1132 τὸν
1325 1106 1406 1141 νόμον
1427 1105 1575 1141 ὑπερϐῆναι
1596 1105 1642 1131 τὸν
1657 1104 1749 1135 αὐτοῖς
1769 1103 1894 1130 διατετα-

1105 1152 1216 1188 γμένον,
1230 1152 1323 1186 ὄψεται
1341 1152 1388 1178 καὶ
1401 1151 1444 1178 διὰ
1456 1151 1557 1178 τούτων
1565 1152 1614 1186 τῆς
1633 1150 1679 1177 τοῦ
1690 1149 1757 1176 Θεοῦ
1775 1149 1894 1185 μεγαλο-

1106 1198 1238 1235 πρεπείας
1248 1198 1296 1233 τὴν
1311 1197 1433 1233 δύναμιν.
1448 1195 1516 1224 Εἶπε
1526 1196 1591 1231 γοῦν
1603 1196 1683 1232 αὐτῇ,
1697 1196 1787 1231 Μέχρι
1798 1195 1895 1223 τούτου

1106 1243 1214 1278 ἐλεύσῃ,
1239 1244 1285 1270 καὶ
1302 1243 1330 1268 ὲν
1348 1243 1389 1269 σοὶ
1407 1242 1632 1278 συντριϐήσονταί
1653 1250 1699 1268 σου
1721 1241 1757 1268 τὰ
1772 1241 1894 1278 κύματα.

1107 1290 1153 1316 καὶ
1177 1290 1249 1324 ὃριον
1272 1289 1340 1324 αὐτῇ
1367 1288 1451 1319 ἔθετο,
1479 1289 1526 1314 καὶ
1543 1288 1592 1322 οὐχ
1617 1287 1815 1323 ὑπερϐήσεται,
1834 1286 1896 1314 οὐδὲ

1109 1336 1266 1370 ἐπιστρέψει
1284 1335 1458 1369 καλῦψαιτὴν
1478 1334 1541 1369 γῆν.
1563 1334 1617 1360 Kal.
1627 1332 1765 1369 ἐτέρωςδέ
1777 1333 1897 1370 mpera

1108 1382 1239 1418 εἰρημένα
1258 1381 1328 1407 εἴποι
1342 1381 1374 1407 ἄν
1384 1389 1426 1412 τις
1439 1380 1613 1415 θαυμαστοὺς
1630 1377 1772 1411 εἶναιτοὺς
1793 1388 1898 1416 μετεω-

1109 1429 1223 1465 ρισμοὺς
1230 1428 1278 1464 τῆς
1289 1427 1435 1462 θαλάσσης,
1448 1426 1565 1462 ὁπηνίκα
1576 1425 1769 1462 προσελθόντες
1775 1427 1800 1452 οἱ
1810 1426 1899 1461 μαθη-

1109 1475 1153 1500 ταὶ
1163 1472 1242 1500 εἶπαν
1256 1473 1339 1508 αὐτῷ,
1350 1473 1449 1506 Κύριε.
1466 1471 1571 1499 σῶσον
1585 1470 1673 1506 ἡμᾶς,
1683 1471 1881 1506 ἀπολλύμεθα
1889 1479 1896 1486 ·

1109 1519 1153 1545 ὅτε
1165 1519 1211 1545 καὶ
1219 1518 1382 1553 ἐπετίμησεν
1393 1518 1473 1553 αὐτῇ,
1485 1517 1532 1543 καὶ
1554 1516 1650 1550 γέγονε
1661 1516 1764 1552 γαλήνη
1781 1515 1897 1551 μεγάλη,

1111 1564 1167 1591 Καὶ
1191 1564 1283 1591 ἄλλοτε
1303 1563 1393 1595 πάλιν,
1418 1564 1462 1589 ὅτε
1484 1563 1523 1598 τῷ
1544 1562 1591 1589 τοῦ
1612 1561 1714 1597 Κυρίου
1732 1560 1900 1596 κελεύσματι

1110 1610 1284 1646 διαιρεθεῖσα,
1307 1611 1353 1637 καὶ
1368 1611 1407 1641 εἰς
1423 1609 1520 1645 ἑαυτὴν
1537 1609 1667 1635 διαστᾶσα
1687 1607 1735 1635 καλ⁸
1753 1607 1900 1642 ἀναχωρή-

1114 1665 1199 1687 σασα,
1220 1655 1339 1690 παρέσχε
1355 1655 1438 1681 δίοδον
1454 1655 1509 1686 τοῖς
1525 1655 1592 1686 υἱοῖς
1609 1653 1717 1689 Ἰσραὴλ
1737 1652 1850 1679 διελθεῖν
1865 1651 1900 1678 δι’

1113 1702 1197 1737 αὐτῆς
1213 1702 1249 1733 ὼς
1274 1702 1316 1728 διὰ
1334 1701 1418 1737 ξηρᾶς
1440 1701 1501 1735 γῆς.
1520 1701 1574 1727 Καὶ
1595 1700 1654 1726 τότε
1669 1699 1723 1734 γὰρ
1748 1696 1903 1733 θαυμαστοὶ

1114 1748 1257 1782 γεγόνασιν
1273 1748 1356 1782 αὐτῆς
1374 1748 1398 1773 οἱ
1417 1745 1607 1782 μετεωρισμοί.
1631 1745 1668 1771 Οὐ
1696 1744 1748 1779 μὴν
1764 1743 1834 1770 ἀλλὰ
1853 1747 1902 1770 και

1112 1794 1137 1819 οἱ
1161 1794 1279 1828 ποταμοὶ
1302 1793 1408 1829 ἐπῆραν
1430 1792 1520 1828 φωνὴν
1541 1792 1656 1827 ἑτέρως,
1677 1791 1722 1817 ὅτε
1743 1791 1761 1825 ἡ
1785 1787 1902 1818 κιϐωτὸς

273 1844 343 1880 διῄει
369 1844 414 1870 τὸν
448 1841 593 1877 Ἰορδάνην,
629 1839 798 1874 ὑπανεχώρει
823 1848 853 1865 τε
874 1839 919 1865 καὶ
943 1839 1033 1865 ἵστατο
1055 1838 1089 1864 τὰ
1109 1838 1191 1865 ὕδατα
1215 1839 1306 1874 ἔργοις
1332 1839 1380 1873 τὴν
1408 1838 1485 1870 δόξαν
1511 1837 1649 1864 ἐκϐοῶντα
1671 1836 1718 1863 τοῦ
1745 1834 1830 1862 Θεοῦ·
1853 1832 1903 1861 καὶ

271 1893 329 1924 ὅτε,
349 1890 432 1918 αὐτοῦ
453 1889 500 1916 τοῦ
517 1889 642 1924 Σωτῆρος
659 1886 851 1922 βαπτισθέντος
876 1887 904 1913 ἐν
925 1886 964 1921 τῷ
988 1885 1061 1920 αὐτῷ
1081 1886 1204 1921 ποταμῷ,
1221 1887 1237 1921 ἡ
1270 1886 1393 1922 οὐράνιος
1407 1885 1482 1920 φωνὴ
1499 1885 1563 1911 Υἱὺν
1582 1884 1661 1911 αὑτὸν
1688 1881 1829 1918 ἀγαπητὸν
1861 1880 1903 1911 εἰς

275 1940 324 1969 τὰς
341 1937 447 1963 πάντων
461 1934 545 1966 ἀκοὰς
557 1935 733 1970 ἀνεκήρυττε.

311 1983 396 2011 Vens.
412 1983 439 2010 5.
461 1980 624 2008 Teslimom‘u
641 1979 777 2006 credibilia
795 1979 867 2013 facta
885 1983 946 2006 sunt
963 1980 1037 2007 valde
1052 1987 1062 2006 ε

273 2032 384 2057 domum
397 2033 470 2055 luam
481 2027 552 2055 decet
566 2026 728 2057 sanctitudo,
743 2025 864 2057 Domine,
880 2026 907 2051 in
919 2025 1063 2061 longitudi-

276 2083 336 2103 nem
349 2075 462 2101 dierum.
477 2073 630 2108 Prophetize
647 2072 814 2103 futurorum,
831 2072 858 2098 in
873 2071 973 2106 quibus
989 2072 1065 2098 testi-

277 2121 370 2148 monia
395 2120 428 2147 de
448 2127 533 2154 regno
558 2119 664 2145 Domini
692 2118 861 2147 ferebantur,
887 2121 949 2144 ante
973 2125 1065 2144 rerum

277 2170 417 2197 e‘Ventum,
439 2172 593 2192 sermonum
609 2163 817 2191 credibilitatem
833 2163 953 2190 nondum
972 2163 1066 2189 videre

278 2214 415 2242 sinebant.
446 2211 512 2238 Nam
541 2214 602 2246 post
632 2213 771 2240 eventum,
804 2214 831 2236 et
859 2212 921 2243 post
947 2208 1065 2243 perlecta

277 2267 373 2295 opera,
397 2261 462 2284 tunc
490 2263 556 2284 sane
577 2254 734 2283 testimonia
753 2253 800 2281 Dei
824 2253 965 2280 credibilia
993 2252 1064 2280 facta

281 2310 355 2334 sunt.
372 2303 511 2339 Siquidem
526 2302 581 2337 jam
598 2301 662 2328 olim
677 2299 748 2327 dicta
764 2304 792 2327 et
809 2299 988 2334 praanuntiata
1007 2298 1064 2325 fue-

280 2357 353 2383 rant,
370 2357 395 2379 et
406 2350 511 2386 jamdiu
528 2347 757 2383 exspectabantur
780 2354 823 2376 ea,
839 2353 898 2380 qur.
916 2345 949 2372 ad
970 2344 1016 2371 Dei
1036 2345 1063 2371 in

277 2405 377 2425 omnes
405 2401 498 2431 gentes
525 2389 639 2429 regnum
664 2392 835 2428 spectabant.
865 2390 1063 2417 Testimonium

281 2451 346 2470 vero
370 2442 436 2469 illud
459 2447 532 2468 nunc
555 2438 687 2467 credibile
715 2437 817 2464 factum
844 2440 896 2467 est,
913 2443 974 2463 cum
995 2435 1063 2470 ipsis

280 2489 410 2524 operibus
421 2487 562 2522 impletum
577 2485 716 2512 oraculum
730 2483 863 2511 cernitur.
880 2481 913 2509 Et
927 2482 991 2508 olim
1004 2481 1065 2516 qui-

280 2534 344 2560 dem
366 2533 399 2560 de
415 2532 529 2559 Domino
548 2531 699 2561 dicebatur,
717 2529 789 2564 quod
813 2528 938 2555 decorem
960 2526 1065 2554 induis-

282 2582 340 2610 set;
358 2585 431 2604 nunc
451 2581 540 2604 autem
559 2576 721 2603 conﬁrmato
732 2582 765 2602 ex
785 2573 914 2609 operibus
928 2579 1066 2604 sermone,

282 2623 386 2651 veritas
401 2622 586 2657 praedictionis
601 2621 736 2656 apparuit,
755 2627 817 2647 cum
841 2622 924 2646 exuta
945 2617 1002 2649 Dei,
1024 2618 1067 2644 in-

281 2670 351 2697 duta
368 2669 438 2695 servi
455 2668 553 2699 forma.
572 2675 603 2694 ac
617 2674 704 2701 usque
726 2665 760 2692 ad
775 2669 883 2700 turpem
904 2670 1067 2698 progressus

283 2718 411 2744 mortem,
433 2717 525 2747 postea
543 2711 660 2739 dedecus
683 2710 749 2737 illud
772 2709 900 2744 deposuit
925 2708 1067 2742 iuduitque

283 2762 404 2793 paterna:
424 2756 517 2791 gloria:
541 2755 678 2786 decorem,
700 2762 784 2789 regno
801 2753 905 2781 scilicet
925 2754 951 2779 in
976 2753 1068 2779 omnia

283 2810 348 2830 cum
369 2801 490 2829 caelestia
507 2804 565 2827 tum
587 2804 694 2827 terrena
709 2804 868 2826 coronatus.
891 2797 1069 2835 Rursumque

1151 1975 1188 2003 Τὰ
1198 1975 1343 2010 μαρτύρια
1368 1973 1578 2007 ἐπιστώθησαν
1603 1971 1736 2006 σφόδρα·
1762 1970 1803 2003 τῷ
1830 1971 1903 2004 οἴκῳ

1114 2029 1171 2048 σου
1188 2020 1291 2054 πρέπει
1305 2019 1446 2053 ἁγίασμα,
1461 2018 1561 2051 Κύριε,
1580 2018 1623 2049 εἰς
1639 2016 1811 2050 μακρότητα
1828 2016 1901 2050 iure-

1111 2065 1182 2100 ρῶν.
1209 2066 1241 2091 Αἱ
1266 2064 1330 2100 περὶ
1351 2063 1404 2090 τῶν
1423 2062 1572 2098 μελλόντων
1597 2062 1772 2096 προφητεῖαι,
1793 2060 1854 2086 καθ’
1870 2059 1905 2093 ἃς

1113 2111 1241 2147 ἐφέροντο
1253 2110 1299 2136 καὶ⁴
1312 2109 1339 2135 αἱ
1355 2109 1418 2144 περὶ
1431 2108 1479 2144 τῆς
1492 2106 1537 2133 τοῦ
1557 2106 1660 2141 Κυρίου
1677 2105 1814 2140 βασιλείας
1833 2113 1906 2140 μαρο

1113 2157 1215 2193 τυρίαι,
1240 2155 1294 2192 πρὸ
1314 2155 1364 2190 τῆς
1383 2154 1436 2180 τῶν
1453 2153 1623 2189 πραγμάτιον
1646 2151 1800 2182 ἐκὸάσεως,
1827 2149 1906 2176 οΰπω

1115 2201 1244 2235 παρεῖχον
1260 2199 1325 2234 ὀρᾷν
1347 2198 1377 2224 τδ
1396 2197 1491 2223 πιστὸν
1513 2196 1567 2223 τῶν
1592 2195 1688 2229 λόγων.
1708 2195 1783 2221 Mati
1803 2195 1833 2221 δέ
1853 2194 1906 2230 τὴν

1081 2244 1101 2271 1)
1116 2246 1237 2277 ἑκϐασιν,
1246 2245 1292 2271 καὶ
1299 2243 1333 2270 τὰ
1340 2243 1384 2269 διὰ
1394 2243 1448 2269 τῶν
1459 2242 1546 2278 ἔργων
1558 2240 1758 2275 ἐπιτελέσματα
1767 2239 1907 2275 ἐπιστώθη

1118 2292 1151 2318 τὰ
1167 2290 1303 2327 μαρτύρια
1326 2288 1372 2315 τοῦ
1394 2288 1471 2315 Θεοῦ.
1498 2287 1584 2314 Πάλαι
1610 2287 1658 2322 μὲν
1675 2286 1729 2320 γὰρ
1746 2286 1839 2321 εἴρητο
1858 2286 1907 2311 καὶ

1118 2337 1336 2374 προπεφήτευτο,
1351 2335 1383 2361 ἐκ
1403 2333 1507 2371 μακροῦ
1523 2342 1553 2360 τε
1577 2333 1759 2368 προσεδοκᾶτο
1783 2332 1818 2358 τὰ
1842 2333 1908 2367 περ)⁵

1116 2385 1164 2419 τῆς
1189 2384 1229 2414 εἰς
1245 2382 1353 2409 ἅπαντα
1368 2381 1403 2408 τὰ
1425 2381 1487 2416 ἔθνη
1513 2380 1559 2407 τοῦ
1580 2379 1646 2406 Θεοῦ
1669 2378 1808 2414 βασιλείας
1821 2387 1827 2393 ·
1847 2379 1908 2404 ἐπι-

1118 2429 1206 2464 στώθη
1221 2428 1248 2454 δέ
1264 2428 1294 2454 τὸ
1311 2428 1401 2462 φῆσαν
1419 2426 1496 2452 τοῦτο
1509 2425 1657 2461 μαρτύριον
1677 2424 1736 2455 νῦν,
1749 2425 1795 2450 ὅτε
1813 2423 1906 2459 ἔργοις

1117 2476 1212 2511 ὁρᾶται
1234 2473 1446 2508 πεπληρωμένον
1455 2471 1485 2498 τὸ
1501 2471 1601 2505 λόγιον.
1615 2471 1670 2498 Καὶ
1685 2470 1770 2496 πάλαι
1786 2470 1837 2505 μέν
1849 2469 1907 2495 su-

1118 2529 1181 2556 γετο
1207 2518 1332 2555 περὶτοῦ
1358 2518 1472 2554 Κυρίου.
1494 2516 1531 2549 ὡς
1553 2517 1606 2552 ἄρα
1633 2516 1802 2551 εὐπρέπειαν
1819 2514 1909 2541 ἐνεδύ-

1120 2574 1199 2594 σατο·
1217 2565 1264 2592 νῦν
1284 2565 1323 2596 δὲ,
1336 2563 1514 2598 πιστουμένου
1535 2562 1581 2588 τοῦ
1599 2562 1678 2597 λόγου
1700 2561 1732 2588 δι’
1747 2561 1838 2587 αὐτῶν
1854 2561 1908 2586 τῶν

1120 2612 1208 2648 ἔργων
1218 2632 1224 2643 ,
1237 2611 1355 2646 πέφηνεν
1369 2608 1507 2645 ἠάλήθεια
1518 2609 1567 2644 τῆς
1582 2608 1761 2644 προρρήσεως
1771 2627 1778 2638 ,
1788 2607 1832 2633 ὅτε
1841 2607 1909 2632 ἁπο-

1119 2657 1267 2692 δυσάμενος
1278 2656 1327 2691 τὴν
1345 2655 1390 2681 τοῦ
1408 2653 1475 2681 Θεοῦ
1494 2653 1610 2689 μορφὴν,
1628 2654 1673 2680 καὶ
1688 2652 1736 2688 τὴν
1751 2652 1799 2679 τοῦ
1813 2652 1907 2678 δούλου

1120 2702 1306 2740 περιθέμενος,
1316 2701 1362 2728 καὶ
1375 2700 1454 2736 μέχρι
1462 2708 1492 2734 γε
1501 2699 1547 2725 τοῦ
1559 2698 1699 2735 ἀπρεποῦς
1710 2698 1826 2725 θανάτου
1839 2697 1908 2731 φθά-

1122 2757 1181 2780 σας,
1201 2747 1269 2783 μετὰ
1288 2747 1373 2774 ταῦτα
1395 2746 1444 2782 τὴν
1459 2745 1508 2781 μὲν
1525 2745 1678 2781 ἀπρέπειαν
1695 2745 1798 2779 ταύτην
1812 2744 1909 2770 ἀποτέ-

1122 2795 1217 2826 θειται,
1233 2793 1376 2821 ἐνεδύσατο
1388 2792 1417 2821 δὲ
1434 2793 1483 2829 τῆς
1504 2792 1640 2827 πατρικῆς
1657 2790 1737 2826 δόξης
1748 2791 1798 2826 τὴν
1815 2790 1911 2826 εὖπρέ-

337 2879 360 2894 ³⁰
373 2877 423 2905 Job
442 2885 555 2910 xxxviii,
575 2876 618 2904 11.
656 2876 678 2892 ⁸ο
709 2875 782 2903 Psal.
799 2883 856 2908 Clll,
872 2875 899 2903 9.
937 2874 958 2890 “
998 2872 1091 2900 Matth.
1111 2871 1225 2907 vui,25.
