2032 3215
167 196 236 225 H95

165 259 257 282 πειαν,
270 250 318 286 τὴν
333 249 403 277 κατὰ
424 249 530 276 πάντων
548 248 693 284 βασιλείαν,
708 248 761 274 τῶν
781 257 809 274 τε
823 248 852 273 ἐν
866 248 949 282 οὐρα·
967 254 986 280 Α

166 297 222 327 νοῖς
236 294 350 321 καὶτῶν
372 294 417 320 ἐπὶ
439 294 490 328 γῆς
503 293 717 328 ἀναδησάμενος,
741 293 795 318 Καὶ
818 292 897 318 πάλιν
917 291 952 317 τὰ

168 342 218 377 μὲν
232 340 388 376 προφητικὰ
406 339 542 375 μαρτύρια
561 340 707 374 περιεῖχεν,
720 338 757 369 ὡς
774 338 952 372 ἐνδυσάμενος

165 387 282 422 δύναμιν
303 387 317 412 ὁ
340 386 449 421 Κύριος,
465 384 614 420 έστερέωσε
635 384 684 420 τὴν
705 383 878 418 οἰκουμένην,
891 383 952 417 ἥτις

166 433 197 460 οὐ
212 432 417 467 σαλευθήσεται.
442 430 593 465 Ἐπιστώοη
610 429 636 455 δὲ
652 428 807 459 καὶταῦτα,
824 428 867 454 ὅτε
884 427 952 463 μετὰ

165 479 196 505 τὸ
208 477 304 509 πάθος,
317 477 365 512 τὴν
379 476 479 503 οἰκείαν
496 475 637 502 ἀπολαϐὼν
651 475 772 510 δύναμιν,
788 476 816 501 ὲν
832 475 904 509 πάσῃ
919 476 952 509 τῇ

166 525 222 551 τῶν
252 523 402 559 ἀνθρώπων
431 522 576 557 οἰκουμένῃ
607 522 655 557 τὴν
685 522 848 556 ’Ἐκκλησίαν
870 520 952 547 αὑτοῦ

169 571 346 606 ἐστερέωσεν,
363 571 401 600 εἰς
416 569 447 595 τὸ
470 568 568 603 μηκέτι
592 567 751 594 σαλεύεσθαι
777 565 828 594 ὧδε
841 568 953 594 κάκεῖσε

166 616 216 647 τὰς
236 616 289 642 τῶν
306 615 456 651 ἀνθρώπων
475 613 564 648 ψυχὰς
580 613 644 648 περὶ
661 613 708 649 τὴν
732 613 810 639 ἄθεον
832 613 954 639 δεισιδαι-

168 662 263 697 μονίαν
278 661 464 696 πλανωμένας.
478 661 533 686 Καὶ
548 660 627 686 πάλιν
642 660 676 686 τὰ
694 660 742 694 μὲν
758 659 802 686 διὰ
820 659 874 685 τῶν
889 667 955 694 προ-

168 707 260 743 φητῶν
282 706 418 743 μαρτύρια
442 706 636 741 προεφήτευον,
653 706 690 736 ὡς
714 706 766 740 ἄρα
791 706 815 731 οἱ
839 705 954 739 ποταμοὶ

167 753 299 790 ὲπαροῦσι
317 753 406 788 φωνὴν
429 751 528 784 αὐτῶν,
553 752 599 778 καὶ
622 751 694 778 ἄλλοι
718 751 836 786 ποταμοὶ
859 751 954 785 ἀροῦσι

166 799 215 831 τὰς
241 798 391 832 ἐπιτρίψεις
407 797 511 824 αὐτῶν
539 796 585 823 καὶ
605 797 689 823 ταῦτα
709 796 737 822 δὲ
762 795 795 822 τὰ
819 795 955 831 μαρτύρια

166 843 314 878 ἑπιστώθη,
335 843 378 869 ὅτε
389 842 458 869 κατὰ
471 842 560 873 πάσας
576 842 625 873 τὰς
648 841 810 876 Ἐκκλησίας
826 841 872 867 τοῦ
887 841 954 867 Θεοῦ

166 891 213 917 καὶ
233 890 293 916 καθ’
306 890 369 924 ὅλης
389 890 438 928 τῆς
461 889 620 923 οἰκουμένης
640 888 673 914 τὲι
697 887 785 923 πλήθη
803 887 855 913 τῶν
877 888 954 914 εὐσε-

711 189 959 219 CGMMENTARIA
979 189 1012 217 ΙΝ
1032 188 1198 217 PSALMOS.
1212 168 1284 210 ηδ

1716 190 1783 218 ΗΜ

1003 245 1158 281 prophetica
1182 245 1336 272 testimonia
1352 245 1542 276 enuntiabant.
1565 245 1706 272 Dominutn
1726 246 1784 273 vir-

1003 296 1060 318 tute
1075 291 1200 318 indutum
1215 293 1339 319 lirmasse
1359 292 1452 319 orbem
1469 296 1559 323 terrae,
1573 291 1620 326 qui
1641 299 1696 318 non
1712 291 1784 319 ultra

1002 337 1215 365 commovendus
1243 342 1325 364 esset.
1355 337 1456 364 llorum
1481 345 1562 372 porro
1588 338 1688 365 veritas
1708 346 1784 364 com-

1002 382 1115 417 probata
1128 387 1180 414 est,
1201 391 1262 409 cum
1282 387 1342 417 post
1363 383 1528 418 passionem,
1549 383 1658 418 propria
1676 388 1784 418 recepta

1002 432 1112 459 virtute.
1130 436 1178 463 per
1193 433 1278 455 totntu
1293 429 1385 456 orbem
1402 429 1549 456 Ecclesiam
1569 430 1683 456 firmavit
1695 437 1784 460 suam,

1003 480 1033 502 ιιι
1050 483 1103 502 ιιοιι
1117 475 1187 501 ultra
1201 479 1439 502 commoverentur
1450 475 1573 502 humana:
1585 475 1691 507 animm,
1704 477 1785 511 impia
1805 500 1807 502 .

1004 521 1198 554 superstitione
1215 520 1269 546 huc
1287 520 1352 547 illuc
1369 520 1539 547 erralaun'lte.
1558 520 1710 555 lterumque
1723 528 1785 556 prov

1005 566 1147 600 phetarnm
1172 565 1330 592 testimonia
1354 566 1583 600 pramuntiabant,
1606 565 1787 598 ﬂumiM-vo-

1004 619 1062 638 cem
1079 612 1227 642 elevatura,
1250 611 1358 646 aliaque
1379 610 1490 638 ﬂumina
1511 611 1609 638 ﬂuctus
1626 618 1691 638 suos
1709 611 1787 638 exal—

1005 661 1094 683 tatura
1111 665 1179 684 esse.
1207 656 1269 683 Haec
1295 661 1386 683 autem
1414 656 1571 683 testimonia
1596 663 1660 683 vera
1679 660 1786 690 reperta

1005 707 1079 733 sunt,
1095 710 1156 729 cum
1174 703 1201 729 in
1217 703 1343 729 omnibus
1364 701 1412 729 Dei
1434 701 1564 730 Ecclesiis
1587 709 1618 729 ac
1635 709 1682 736 per
1699 705 1787 728 totum

1005 749 1109 780 orbem,
1129 748 1278 775 secundum
1297 747 1485 783 Evangelium,
1507 752 1594 774 cmtus
1612 749 1718 782 piarunt
1739 754 1788 774 vo-

1005 802 1051 821 ces
1063 794 1211 829 gratiarum
1227 794 1353 826 actionis,
1371 801 1418 828 per
1435 794 1574 820 orationes
1588 798 1614 821 et
1626 794 1742 829 hymnos
1754 794 1788 820 ad

1004 838 1088 866 Deum
1103 839 1231 866 emittunt
1244 849 1250 866 :
1263 839 1341 874 queis
1358 839 1395 865 illi
1411 840 1475 865 olitn
1491 843 1661 874 arrogantes,
1680 840 1790 874 sapien-

1007 889 1047 912 tes
1067 885 1148 918 hujus
1166 885 1268 917 szecnli,
1289 885 1400 917 sublati,
1419 889 1446 911 et
1464 888 1555 911 tutnor
1569 892 1664 911 eorum
1679 885 1790 912 destru-

167 935 286 962 ϐούντων
309 934 378 961 ’κατὰ
403 934 432 960 τὸ
445 934 608 968 Εὑαγγέλιον
631 934 738 968 ἐπαίρει
762 934 851 967 φωνὰς
875 934 955 968 εὐχα-

1007 935 1066 958 ctus
1081 935 1122 957 est
1134 940 1142 964 ;
1156 931 1191 957 ita
1208 935 1237 957 ut
1251 939 1345 958 eorum
1362 931 1535 966 philosophia
1552 938 1665 966 prorsus
1684 932 1790 958 exstin~

170 981 335 1017 ριστηρίους,
352 980 400 1012 τὰς
414 980 446 1006 δι’
467 980 552 1015 εὐχῶν
567 980 613 1006 καὶ
634 979 801 1014 ὑμνολογιῶν
821 979 874 1005 τῶν
888 979 954 1015 πρὸς

166 1024 214 1052 τὸν
229 1024 295 1051 Θεὸν
310 1024 550 1059 ἀναπεμπομένας,
566 1024 609 1058 ὑφ’
620 1021 656 1050 ὧν
672 1024 696 1049 οἱ
713 1024 795 1050 πάλαι
819 1024 956 1059 ἐπιτριϐό-

170 1079 246 1107 μενοι
261 1071 337 1105 σοφοὶ
353 1070 399 1096 τοῦ
419 1070 516 1101 αἰῶνος
530 1070 625 1096 τούτου
646 1069 824 1105 κατῄρηνται,
846 1070 893 1096 καὶ
906 1069 955 1102 τὰς

166 1117 320 1152 ἔπιτρίιᾲεις
350 1116 439 1143 αὐτῶν
461 1116 605 1151 περιεῖλον,
623 1117 660 1148 ὼς
678 1117 766 1142 πᾶσαν
788 1115 877 1142 αὐτῶν
892 1116 955 1141 661-:-

167 1163 265 1198 σθῆναι
284 1161 333 1198 τὴν
359 1162 524 1196 φιλοσοφίαν.
541 1163 617 1189 Κατὰ
633 1162 666 1188 τὰ
693 1161 763 1188 αὐτὰ
783 1161 811 1188 δὲ
837 1161 884 1187 καὶ
907 1161 956 1192 τὰς

167 1207 264 1239 λοιπὰς
289 1208 343 1234 τῶν
373 1207 545 1243 προφητειῶν
577 1208 741 1243 προρρήσεις
768 1205 882 1238 διεξιὼν,
913 1206 955 1240 ἐφ’

169 1254 276 1288 ἑκάστῳ
289 1253 419 1288 ἁρμόσεις
440 1254 479 1285 τὺ,
499 1254 536 1280 Τὰ
551 1253 696 1288 nupti-prd
712 1261 770 1280 σου
791 1252 955 1285 ἐπιστώθη-

168 1308 230 1327 σαν
249 1299 374 1334 σφόδρα.
394 1301 424 1325 Al
451 1299 500 1334 μὲν
523 1297 568 1326 οὖν
591 1298 644 1326 ἀπὸ
666 1298 719 1325 τῶν
740 1298 819 1325 Θείων
840 1297 956 1333 Γραφῶν

170 1343 328 1380 μαρτυρίαι,
354 1343 455 1379 σφόδρα
480 1343 510 1369 τὸ
537 1343 632 1369 πιστὸν
659 1342 784 1378 εἰλήφασι
800 1341 842 1368 διὰ
866 1342 913 1377 τῆς
928 1342 955 1367 ὲν

168 1392 229 1422 ταῖς
241 1390 383 1416 ἐκϐάσει-τιν
398 1389 538 1424 ὁρωμένης
554 1388 682 1423 ἀληθείας
692 1396 698 1402 ·
717 1387 755 1422 τῷ
767 1387 795 1414 δὲ
814 1387 881 1422 οἴκῳ
898 1395 954 1418 σου,

167 1436 293 1463 τουτέστι
312 1436 345 1470 τῇ
375 1435 521 1470 Ἐκκλησία
536 1443 592 1465 σου,
617 1433 691 1460 οὐδὲν
712 1432 783 1459 οὕτω
799 1432 898 1468 πρέπει
917 1433 956 1463 εις

169 1481 200 1507 τὸ
223 1480 403 1515 φυλάττεσθαι
426 1480 509 1515 αὐτὴν
536 1481 574 1511 είς
602 1480 759 1514 μακρότητα
779 1479 898 1514 ἡμερῶν,
919 1478 957 1509 ὡς

170 1526 318 1561 ἁγιωσύνῃ.
341 1526 383 1557 Ὠς
396 1525 449 1561 γὰρ
465 1527 520 1557 τοῖς
541 1525 699 1560 μαρτυρίοις
713 1533 760 1550 σου
775 1523 863 1550 οἰκεία
883 1523 956 1549 ἐστὶν

171 1574 187 1609 ἡ
204 1572 318 1608 ἀλήθεια
334 1572 381 1598 xui.
395 1573 411 1607 ἡ
430 1572 529 1602 πίστις,
545 1570 616 1597 οὕτω
632 1571 678 1596 καὶ
692 1570 730 1605 τῷ
745 1570 811 1604 οἴκῳ
828 1578 874 1595 σου
890 1569 956 1604 πρὲ-

1006 979 1049 1001 cta
1066 975 1157 1001 fuerit.
1181 975 1208 1001 Si
1227 979 1316 1001 autem
1337 976 1394 1009 pari
1412 975 1493 1002 modo
1509 975 1614 1010 reliqua
1635 976 1790 1010 prophetia-

1006 1028 1065 1048 rum
1079 1021 1206 1048 vaticinia
1224 1028 1377 1055 percurras.
1396 1021 1510 1056 singulis
1522 1021 1627 1056 aptabis
1645 1021 1723 1054 illud,
1740 1021 1790 1047 Te-

1006 1067 1131 1094 stimonia
1150 1072 1197 1093 tua
1224 1067 1360 1094 credibilia
1384 1069 1456 1102 [acta
1483 1072 1544 1094 sunt
1577 1067 1661 1094 ualde.
1694 1067 1790 1103 Itaque

1007 1113 1159 1140 divinarum
1189 1113 1393 1148 Scripturarum
1419 1114 1595 1147 testimonia,
1629 1122 1644 1141 ιι
1674 1114 1790 1141 veritate

1007 1164 1163 1192 eventuum,
1183 1159 1328 1186 admodum
1346 1159 1485 1186 credibilia
1500 1163 1655 1187 evaserunt.
1675 1159 1790 1186 Domum

1008 1214 1073 1232 vero
1094 1210 1179 1237 tuam,
1199 1205 1224 1232 id
1244 1209 1298 1237 est,
1313 1204 1462 1232 Ecclesiam
1483 1210 1568 1238 tuam,
1585 1206 1653 1232 nihil
1672 1210 1727 1232 tam
1743 1205 1790 1232 de-

1007 1255 1060 1283 cet,
1087 1255 1115 1277 nt
1141 1253 1169 1277 in
1196 1251 1393 1285 longitudinem
1420 1251 1525 1278 dierum
1548 1257 1681 1284 servetur,
1708 1260 1790 1287 quam

1008 1297 1172 1324 sanctitudo.
1186 1296 1263 1324 Sicut
1280 1298 1352 1324 enim
1369 1297 1533 1324 testimoniis
1547 1299 1601 1326 tuis
1618 1299 1727 1334 propria
1745 1306 1791 1326 ve-

1006 1344 1073 1370 ritas
1085 1347 1127 1370 est
1137 1348 1163 1370 et
1177 1343 1242 1370 ﬁdes
1253 1352 1260 1376 ;
1273 1343 1310 1370 ita
1324 1344 1433 1370 domtnn
1445 1348 1517 1370 tuam
1529 1344 1605 1371 decet
1615 1345 1789 1372 sanctitudo:

1007 1389 1058 1416 sub
1074 1389 1154 1423 cujus
1168 1390 1253 1416 tutela
1267 1393 1359 1416 manet
1375 1393 1575 1424 et‘perscverat
1598 1391 1624 1417 in
1642 1390 1791 1425 longitudi—

1007 1442 1069 1462 nem
1084 1434 1200 1462 dierum.
1220 1434 1286 1461 Nam
1303 1435 1325 1461 si
1344 1435 1452 1469 quando
1472 1436 1611 1470 contingat
1627 1435 1747 1463 dedecus
1763 1436 1791 1463 in

1007 1480 1089 1507 domo
1110 1484 1155 1506 tua
1175 1480 1300 1515 reperiri,
1318 1487 1349 1506 ac
1373 1481 1433 1507 loco
1449 1481 1614 1512 sanctitatis,
1630 1481 1789 1516 profanum.

1008 1526 1143 1560 impurum
1177 1533 1207 1552 ac
1246 1526 1442 1553 exsecrandum
1470 1526 1576 1554 facinus
1609 1526 1790 1562 deprehendi;

1008 1572 1066 1599 fieri
1083 1578 1171 1599 tamen
1188 1573 1281 1607 nequit
1297 1576 1326 1598 ιιι
1340 1573 1406 1600 illud
1420 1573 1450 1599 in
1467 1573 1665 1608 longitudinem
1685 1573 1791 1601 diertnn

171 1626 216 1646 πει
236 1618 391 1653 ἁγιωσύνηο
407 1618 451 1652 ὑφ’
466 1614 500 1652 ἦς
517 1617 715 1658 φυλαςτόμενος
742 1616 817 1651 μένει
840 1615 887 1641 καὶ
907 1623 955 1641 πα-

1011 1622 1176 1652 perseveret.
1194 1617 1300 1644 Etenim
1316 1617 1350 1649 si,
1366 1618 1438 1652 quod
1457 1618 1547 1645 absit!
1565 1618 1694 1646 indecens
1715 1619 1792 1654 quid-

171 1666 285 1702 ραμενετ
305 1665 344 1695 εἰς
361 1663 517 1699 μακρὸτητα
533 1662 652 1698 ἡμερῶν.
676 1663 707 1688 Εἰ
732 1662 786 1697 γάρ
803 1669 867 1688 ποτε
887 1670 956 1695 συμ-

169 1711 234 1746 ϐαίη
264 1711 415 1746 ἀπρέπειαν
437 1710 466 1735 ἐν
493 1709 531 1745 τῷ
561 1709 629 1744 οἴκῳ
658 1718 703 1735 σου
730 1708 883 1744 εὑρεθῆναι,
910 1709 956 1734 καὶ

169 1758 231 1784 ἀντὶ
246 1758 415 1792 ἀγιάσματος
433 1756 554 1791 βέϐηλον,
569 1756 615 1781 καὶ
630 1754 794 1790 ἀκάθαρτον.
806 1753 853 1779 καὶ
871 1762 956 1788 μυσα-

172 1804 221 1840 ρὰν
237 1802 345 1838 πρᾶξιν,
360 1802 449 1828 οὐκέθ’
460 1801 513 1828 οἷόν
528 1810 557 1827 τε
576 1801 641 1827 αὐτὸ
658 1802 696 1831 είς
718 1800 875 1837 μακρότητα
888 1801 956 1836 ἡμε-

172 1848 227 1884 ρῶν
241 1847 386 1883 διαμένειν.
409 1848 482 1882 Ἐρεῖ
503 1846 557 1882 γὰρ
576 1847 590 1872 ὁ
604 1847 632 1872 ὲν
649 1845 722 1881 αὐτῷ
739 1845 874 1872 κατοικῶν
890 1845 955 1876 Θεὸς

171 1894 248 1928 ἆγιος
263 1893 300 1920 ὢν
310 1894 355 1920 καὶ
366 1894 394 1920 ἐν
404 1893 489 1927 ἁγίοις
499 1891 713 1926 ἀναπαυόμενος,
728 1891 755 1926 ἢ,
770 1891 784 1917 ὃ
794 1891 830 1926 μὴ
838 1891 952 1925 γένοιτο,

1011 1664 1083 1698 piam
1096 1668 1123 1691 ct
1139 1664 1257 1691 alienum
1271 1664 1298 1690 in
1319 1663 1400 1691 domo
1416 1663 1463 1691 Dei
1480 1664 1710 1700 deprehendatur,
1725 1673 1792 1693 sane

1010 1708 1082 1736 Deus
1095 1710 1121 1736 in
1135 1709 1193 1744 ipsa
1207 1709 1345 1742 habitans,
1361 1710 1407 1745 qui
1422 1715 1535 1738 sanctus
1550 1715 1592 1738 est
1608 1717 1633 1739 et
1647 1712 1674 1739 in
1689 1712 1792 1740 sanctis

1011 1755 1169 1790 requiescit,
1187 1755 1270 1787 dicet,
1293 1755 1359 1783 Ecce
1379 1756 1541 1791 relinquetur
1552 1757 1622 1784 vobis
1638 1757 1731 1785 domus
1750 1766 1793 1785 ve—

1009 1805 1067 1827 stra
1086 1801 1189 1828 deserta
1199 1801 1231 1829 δ’.
1249 1803 1432 1834 Quamobrem
1447 1811 1498 1830 nos
1509 1803 1543 1838 _in
1559 1804 1668 1831 domum
1685 1804 1731 1831 Dei
1751 1805 1793 1831 in-

1008 1854 1128 1881 gressos,
1143 1855 1197 1882 prae
1211 1848 1338 1875 omnibus
1358 1852 1384 1875 et
1403 1856 1487 1883 super
1505 1849 1596 1876 omnia
1612 1850 1751 1878 sanctitati
1765 1854 1793 1878 et

1007 1896 1193 1927 temperantur:
1207 1893 1318 1920 studere
1334 1898 1451 1929 oportet.

169 1940 294 1977 ἀπρεπές
310 1949 336 1967 τι
350 1942 397 1967 καὶ
413 1940 550 1975 ἀλλότριον
565 1940 732 1975 ἀγιάσματος
747 1940 810 1975 περὶ
826 1940 871 1965 τὸν
882 1938 955 1966 οἶκον
974 1940 1055 1966 αὑτοῦ
1073 1941 1200 1976 εὑρηθείη
1223 1942 1297 1974 ποτὲ,
1320 1942 1358 1974 τὸ,
1378 1942 1456 1969 Ἰδοὺ
1477 1943 1593 1977 ἀφίεται
1617 1944 1688 1979 ὑμῖν
1716 1946 1733 1972 ὁ
1751 1943 1794 1971 οἴ-

170 1997 223 2022 κος
240 1988 323 2023 ὑμῶν
341 1988 458 2023 ἕρημος,
475 1988 518 2014 Διὸ
533 1988 621 2024 δεήσει
633 1989 705 2023 ἡμᾶς
721 1988 773 2023 πρὸ
786 1987 894 2013 πάντων
908 1988 954 2014 καὶ
968 1988 1037 2023 ὑπὲρ
1054 1988 1160 2015 πάντων
1185 1988 1347 2024 φροντίζειν,
1372 1990 1503 2022 εἰσιόντας
1521 1991 1558 2021 εἰς
1591 1990 1635 2017 τὸν
1656 1988 1729 2017 οἶκον
1747 1990 1792 2018 τοῦ

168 2036 250 2069 Θεοῦ,
266 2036 400 2072 ἁγιασμοῦ
414 2038 460 2063 καὶ
474 2037 657 2072 σωφροσύνης.

196 2096 343 2124 ΨΔΛΜΟΣ
369 2097 412 2132 Τῼ
439 2096 546 2165 AATIAH
554 2096 715 2157 ΓῖιῈΤΡΑΔΙ
746 2095 933 2122 ΣΑΒΒΑΤΩΝ.

207 2190 280 2224 Θεὸς
306 2189 490 2223 ὲκδικήσεων
516 2190 642 2223 Κύριος,
673 2188 741 2221 Θεὸς
772 2187 958 2223 ἐκδικήσεω-

169 2235 425 2271 ἑπαρῤησιάσατο.
470 2235 666 2270 ’Λνεπίγραφος
703 2234 752 2270 μέν
789 2236 846 2261 ἐστι
890 2235 956 2269 παρ’

176 2282 312 2318 Ἑϐραίοις
336 2282 350 2308 ὁ
376 2281 492 2316 ψαλμὸς,
519 2281 638 2316 περιέχει
663 2281 691 2307 δὲ
715 2281 885 2316 παράκλησιν
909 2280 956 2307 καὶ

173 2328 348 2363 παραμυθίαν
366 2327 419 2353 τῶν
438 2327 507 2353 κατὰ
524 2326 568 2353 τὸν
590 2327 645 2361 βίον
659 2327 703 2353 τὸν
718 2327 852 2353 ἐνεστῶτα
863 2326 957 2352 διωκο-

175 2373 262 2408 μένων
278 2373 325 2399 xui.
340 2372 580 2406 καταπονουμένων
597 2371 737 2403 εὐσεϐείας
751 2372 841 2403 ἕνεκα,
861 2368 898 2397 ὧν
912 2372 958 2397 καὶ

174 2418 223 2454 τὴν
248 2418 329 2454 εὐχὴν
356 2418 528 2449 ὑποκαταϐὰς
560 2417 659 2452 τίθησι.
685 2418 832 2453 Προτὰττει
857 2417 885 2443 δὲ
910 2417 959 2452 τῆς

175 2463 258 2498 εὺχῆς
275 2464 323 2498 τὴν
337 2463 507 2498 παράκλησιν
524 2462 569 2488 καὶ
582 2461 630 2497 τὴν
646 2461 820 2497 παραμυθίαν
835 2461 957 2497 προλαμ-

175 2509 263 2536 ϐάνων
274 2509 322 2545 τὴν
332 2509 421 2544 δέησιν
433 2510 486 2535 τῶν
501 2509 669 2544 διωκομένων
684 2509 730 2535 καὶ
745 2508 957 2544 προθεραπεύων

172 2555 263 2582 αὐτῶν
282 2555 344 2586 τοὺς
358 2555 464 2586 πόνους.
478 2555 567 2590 ἔργοις
583 2563 611 2580 τε
624 2554 756 2591 παριστὰς
770 2554 957 2590 πληρούμενον

173 2602 217 2628 ἐπ’
235 2602 326 2633 αὐτοῖς
350 2601 391 2633 τὸ,
418 2602 482 2628 Ἔτι
505 2601 673 2634 λαλοῦντός
696 2609 753 2627 σου
773 2600 846 2634 ἐρῶ·
880 2600 955 2627 Ἰδοὺ

173 2648 302 2682 πάρειμι.
318 2647 448 2683 Θαρσεῖτε
466 2648 618 2683 τοιγαροῦν,
636 2645 658 2673 ὦ
680 2645 761 2678 οὗτοι,
783 2647 864 2682 φησίν
875 2655 881 2662 ·
899 2647 956 2673 ἐστι

173 2694 228 2729 γὰρ
243 2695 258 2721 ὁ
274 2694 385 2729 Κύριος,
403 2694 444 2728 ἐφ’
455 2694 484 2720 ὃν
497 2693 639 2728 ἠλπίσατε,
655 2693 748 2729 ὥσπερ
764 2693 829 2724 Θεὸς
844 2693 956 2728 ποιητὴς

174 2741 221 2767 καὶ
249 2740 315 2772 Θεὸς
341 2739 515 2776 δημιουργὸς,
540 2741 586 2767 καὶ
611 2740 676 2772 Θεὸς
703 2740 803 2775 σωτὴρ,
829 2740 875 2766 καὶ
891 2739 956 2771 Θεὸς

174 2785 330 2822 εὐεργέτης,
353 2786 399 2812 καὶ
422 2786 486 2817 Θεὸς
511 2786 616 2820 κριτὴς,
644 2786 691 2812 καὶ
711 2785 776 2817 Θεὸς
797 2785 887 2820 πατὴρ
903 2785 956 2811 τῶν

174 2832 332 2867 οἰκτιρμῶν,
348 2832 394 2859 καλ¹
410 2831 475 2863 Θεὸς
490 2831 578 2863 πάσης
594 2831 801 2866 παρακλήσεως,
820 2831 955 2867 μακρόθυ-

211 2911 234 2928 ⁸¹
253 2910 319 2940 Luc.
336 2919 386 2939 xnt
400 2932 407 2944 ,
423 2912 471 2940 ‘55.
508 2911 530 2927 ⁸³
551 2911 602 2940 lsa.
620 2920 704 2946 Lvm,
723 2912 750 2941 9.

318 2960 451 2990 ΡΑτιιοι..
468 2959 526 2990 Gn.
549 2960 665 2991 XXIII.

1012 2094 1171 2122 l‘SALMUS
1208 2095 1339 2130 DAVlDl,
1360 2096 1515 2160 Χὲιρίῗῐὶτιὶ
1550 2097 1792 2128 SABBATORUM.

1046 2186 1128 2215 Vens.
1146 2187 1171 2214 L
1193 2187 1262 2214 Deus
1277 2188 1409 2215 ullianum
1424 2188 1564 2223 Dominus,
1580 2190 1648 2218 Deus
1662 2191 1794 2218 ullionum

1009 2232 1089 2259 libere
1105 2232 1226 2267 cginlic
1245 2234 1368 2268 psalmus
1384 2235 1454 2269 apud
1469 2235 1596 2263 Hebraeos
1617 2237 1794 2272 inscriptione

1009 2283 1094 2311 caret,
1111 2279 1325 2308 consolationem
1349 2284 1439 2308 autem
1457 2284 1484 2308 et
1499 2281 1620 2308 levamen
1635 2283 1795 2317 complecti-

1009 2329 1055 2352 tur
1070 2333 1118 2360 pro
1129 2325 1162 2353 iis
1176 2327 1222 2361 qui
1235 2326 1261 2353 in
1271 2327 1395 2361 praesenti
1409 2329 1464 2354 vita
1476 2328 1583 2362 pietatis
1594 2335 1677 2355 causa
1689 2336 1793 2356 vexan-

1011 2376 1055 2398 tur
1071 2376 1098 2398 et
1113 2371 1279 2407 allliguntur,
1295 2380 1411 2407 quorum
1433 2372 1495 2399 item
1510 2373 1661 2401 orationem
1677 2373 1793 2402 inferius

1011 2418 1164 2453 consignat.
1182 2418 1306 2446 Orationi
1321 2427 1385 2446 vero
1398 2419 1613 2446 consolationem
1627 2425 1655 2447 et
1669 2420 1793 2448 levamen

1011 2464 1161 2498 praemittit,
1191 2473 1205 2491 a
1222 2464 1422 2499 Supplicatione
1444 2472 1537 2491 eorum
1550 2465 1596 2500 qui
1622 2467 1792 2500 persecutio-

1010 2517 1071 2536 nem
1081 2510 1222 2544 patiuntur
1230 2517 1321 2541 orsus,
1333 2518 1482 2544 eorumque
1497 2510 1575 2538 malis
1587 2512 1734 2539 remedium
1745 2513 1793 2540 ad-

1013 2562 1123 2582 movere
1135 2562 1284 2590 occupans,
1297 2555 1493 2591 declaransque
1504 2564 1585 2591 opere
1604 2557 1743 2592 impletum
1759 2560 1792 2586 it-

1010 2600 1056 2627 lud
1064 2608 1134 2632 esse,
1146 2601 1237 2627 Adhuc
1249 2606 1272 2628 te
1280 2602 1398 2636 loquente
1406 2602 1492 2629 dicam
1502 2601 1586 2630 :Ecce
1599 2603 1693 2630 adsum
1700 2604 1734 2631 ".
1746 2605 1792 2631 Ait

1010 2646 1112 2681 itaque,
1130 2646 1202 2674 Heus
1209 2655 1268 2678 vos.
1285 2648 1429 2675 conlidite:
1444 2648 1521 2677 adest
1535 2649 1635 2684 quippe
1648 2649 1791 2681 Dominus.

1009 2693 1038 2719 in
1055 2700 1136 2727 quem
1159 2693 1301 2728 sperastis,
1318 2698 1411 2728 utpote
1427 2693 1497 2722 Deus
1512 2695 1613 2730 opifex.
1631 2695 1702 2724 Deus
1714 2703 1792 2723 crea-

1009 2742 1063 2771 tor,
1087 2738 1159 2766 Deus
1178 2745 1310 2772 servator,
1337 2739 1408 2767 Deus
1433 2740 1582 2773 beneﬁcus,
1606 2741 1678 2769 Deus
1695 2742 1791 2777 judex,

1012 2784 1082 2812 Deus
1097 2791 1173 2820 pater
1191 2786 1453 2821 misericordiarum,
1467 2787 1538 2815 Deus
1555 2789 1639 2815 totius
1664 2789 1791 2816 consola-

1011 2831 1103 2865 tionis,
1129 2832 1247 2860 tolerans
1270 2837 1297 2861 et
1321 2833 1436 2861 multum
1459 2830 1631 2866 misericors,"
1649 2834 1792 2869 placabilis

1593 2961 1633 2992 38
