2044 3212
253 144 322 175 1227

586 148 720 178 EUSEBII
731 148 971 179 CESABIENSIS
989 148 1042 177 0P!

1093 149 1175 177 PARS
1194 148 1239 177 ιιι.
1255 148 1513 177 -—-EXEGETIC;\.

1803 146 1868 173 £228

251 212 284 232 ex
297 206 455 241 splendente
473 215 535 235 aere
547 207 661 236 radians
681 212 709 236 et
724 207 886 236 tenuissima
897 206 1034 242 compasio

1093 208 1135 234 ιέν
1148 208 1222 235 ἐστιν
1235 208 1268 235 ὲκ
1276 206 1437 242 φωτοειδοῦς
1450 205 1529 241 ἀέρος
1541 204 1702 240 φεγγοδὸλον
1714 203 1762 230 καὶ
1772 202 1863 229 λεπτό-

251 252 410 288 tio;caligo
429 257 531 286 autem,
543 254 651 282 turbida
667 259 693 282 et
718 254 836 282 obscura
859 253 1034 281 tenebrarum

253 295 362 325 oﬂusio.
376 297 429 326 Per
443 303 589 334 utrumque
604 307 669 328 vero
684 299 783 327 divina:
810 303 916 327 naturae
941 298 1036 325 invisi-

253 341 384 371 hilitatem
423 352 513 373 sermo
547 345 675 373 declarat.
703 345 938 379 Quemadmodum
963 344 1035 371 enim

252 395 326 421 eum,
338 391 384 425 qui
398 391 470 420 nube
485 391 602 427 quadam
614 396 640 420 et
659 393 775 427 caligine
789 392 953 423 obvolvitur.
969 398 1037 418 con-

253 436 358 469 spicere
372 437 452 472 plane
465 445 519 465 non
537 438 616 471 licet;
644 438 685 466 sic
712 442 739 465 et
765 437 912 465 invisibilis
937 439 1036 463 natura

252 481 338 509 videri
350 490 464 517 prorsus
478 484 582 518 nequit.
600 483 741 519 Signilicat
754 484 818 511 item
843 483 970 511 latentem
984 481 1037 509 Do-

253 526 320 554 mini
332 527 365 554 ad
383 528 507 556 homines
525 529 682 563 adventum,
700 528 809 564 quando
825 529 853 556 in
866 528 936 556 servi
950 527 1036 554 forma

253 576 336 600 natus
351 577 410 606 est;
426 574 464 601 ita
478 579 507 601 ut
521 575 607 602 nubes
628 578 655 602 et
683 575 770 610 caligo
785 582 850 602 caro
865 582 938 605 esse.
954 580 1036 608 quam

253 618 414 653 assumpsit,
438 618 625 654 intelligatur;
643 623 735 654 utpote
751 627 812 654 qua:
827 619 956 646 deitatem
972 626 1037 653 ope-

254 664 319 697 riat,
336 665 486 693 secundum
518 667 582 694 illud
602 676 608 694 :
626 667 719 695 Posuit
750 669 869 695 tenebras
897 668 1037 694 latibulum

253 719 331 738 suum
346 719 355 738 .'
370 711 397 739 in
414 712 529 739 circuitu
543 714 600 748 ejus
613 714 811 741 tabernaculum
833 714 890 749 ejus
900 714 933 741 ".
949 713 1038 740 Monet

253 755 336 782 etiam
351 756 438 791 ipsum
454 765 516 786 esse
530 759 577 793 qui
593 759 618 785 in
635 764 727 787 monte
743 759 808 787 Sina
825 760 853 787 in
865 760 936 787 nube
949 763 975 786 et
991 767 1037 786 ca-

254 799 338 835 ligine
347 808 377 829 se
387 801 511 830 exhibuit
526 812 532 829 :
547 810 579 831 ac
591 805 680 837 docet,
697 805 804 832 etiamsi
828 805 919 832 divina
941 809 1037 832 natura

255 845 340 873 videri
356 851 483 882 nequeat,
498 856 578 883 posse
591 853 681 877 tamen
693 857 726 877 ex
740 851 898 886 operatione
912 851 972 885 ejus
983 850 1038 877 vir-

255 895 340 919 tutem
367 894 497 929 conspici.
517 895 656 930 Siquidem
679 896 814 931 justitiam
837 896 961 923 homines
987 896 1038 923 do-

254 939 328 973 cuit;
343 947 374 967 ac
385 947 432 968 eos
443 941 489 975 qui
505 942 597 969 omnia
614 942 674 970 sine
694 943 800 970 delectu
826 948 853 971 et
876 942 1039 970 discretione

255 985 430 1020 peragebant.
450 991 479 1013 ut
508 995 570 1014 cum
594 988 783 1023 rectojudicio
807 989 889 1016 vitam
918 993 1038 1023 agerent,

255 1030 384 1058 instituit.
411 1030 467 1059 Hoc
496 1033 583 1067 ipsius
603 1033 718 1062 thronus
746 1042 778 1061 ac
804 1041 917 1069 regnum
943 1034 1039 1067 ellicit;

255 1083 340 1110 quare
362 1076 585 1105 additzlustitia
609 1084 634 1106 et
646 1079 779 1113 judicium
806 1080 930 1107 correctio
955 1079 1041 1106 throni

255 1123 322 1157 ejus.
334 1122 395 1150 Ilaac
406 1123 464 1156 luit,
479 1125 577 1159 inquit,
591 1125 724 1152 adventus
738 1126 810 1152 illius
823 1132 916 1156 causa.
933 1129 961 1152 ut
971 1125 1042 1159 judi-

255 1172 331 1195 carct
339 1168 414 1203 justo
429 1176 541 1197 causam
554 1175 686 1201 nostram.
704 1179 784 1206 quam
798 1175 893 1198 contra
909 1171 1041 1206 malignas

255 1218 283 1241 et
298 1213 470 1242 adversarias
485 1219 634 1250 potestates
657 1217 800 1245 habemus.
829 1217 859 1245 ln
873 1225 922 1245 nos
941 1218 1042 1252 quippe

258 1261 381 1296 regnavit
390 1261 529 1294 Christus,
553 1268 582 1291 ut
610 1263 662 1292 ﬁde
693 1265 858 1299 justiticaret
881 1273 930 1293 eos
953 1266 998 1300 qui
1014 1266 1042 1292 in

257 1312 369 1342 peccato
379 1312 467 1336 erant.
487 1308 595 1337 iudicio
606 1314 695 1337 autem
707 1314 749 1337 est
765 1318 830 1338 usus
843 1311 922 1346 plane
936 1310 1041 1343 divino,

256 1361 289 1380 ac
305 1354 503 1382 humanissimo
517 1362 525 1381 :
540 1355 672 1390 judicavit
687 1356 770 1387 enim.
788 1364 842 1383 non
867 1364 898 1384 ex
914 1357 1043 1392 operibus

254 1399 380 1434 justitiaa,
397 1399 444 1428 sed
468 1401 618 1428 secundum
648 1401 863 1428 misericordiam
889 1409 966 1430 suam
986 1409 1044 1429 ma-

256 1452 360 1480 gnam:
380 1453 485 1481 nosque
509 1454 556 1481 per
577 1453 675 1482 aquam
699 1451 822 1475 sanctam
849 1452 876 1475 et
900 1447 1042 1483 mysticam

257 1491 348 1518 salvos
363 1491 462 1524 etTecit,
479 1491 507 1519 in
521 1499 574 1527 qua
591 1492 726 1520 contritus
742 1497 765 1519 et
779 1493 957 1520 conculcatus
980 1492 1043 1524 fuit,

1086 261 1165 279 τατον
1181 253 1307 288 ὕφασμα·
1323 252 1421 287 γνόφος
1446 251 1475 278 δὲ
1489 250 1628 286 ἀχλυώδης
1651 249 1698 275 καὶ
1717 246 1870 284 ὁμιχλώδης

1087 299 1249 334 σκοτασμός.
1266 299 1304 325 Δι’
1327 298 1488 334 ἀμφοτέρων
1505 297 1536 323 τὸ
1555 295 1709 331 ἀθεώρητον
1729 294 1778 330 τῆς
1794 292 1871 324 θείας

1087 346 1195 380 φύσεως
1211 345 1393 381 ἀποσεμνύνει
1405 346 1420 372 ὁ
1430 344 1517 378 λόγος.
1527 343 1632 378 Ὥσπερ
1642 341 1697 377 γὰρ
1711 340 1757 367 τὸν
1769 338 1871 376 νεφέλῃ

1086 393 1140 419 τινὶ
1157 392 1204 419 καὶ
1219 392 1310 427 γνόφῳ
1327 390 1583 425 σιιγκαλυπτόμενον
1596 387 1725 415 ἀδύνατον
1739 385 1872 417 κατιδεῖν,

1086 438 1157 464 οὕτω
1172 438 1287 473 πάμπαν
1311 437 1440 464 ἀδύνατον
1459 435 1606 463 θεάσασθαι
1625 433 1673 469 τὴν
1689 432 1804 469 ἀόρατον
1821 430 1872 466 φύ-

1088 490 1140 509 σιν.
1154 482 1284 517 Σημαίνει
1297 481 1324 508 δὲ
1341 481 1388 508 καὶ
1401 481 1449 516 τὴν
1465 479 1606 516 λεληθυῖαν
1619 480 1647 506 ὲν
1660 476 1812 514 ἀνθρώποις
1823 475 1872 502 τοῦ

1087 528 1190 563 Κυρίου
1213 527 1342 559 κάθοδον,
1367 527 1410 554 ὅτε
1439 527 1560 561 πέφυκεν
1584 526 1612 552 ὲν
1635 525 1668 560 τῇ
1698 523 1746 550 τοῦ
1775 521 1872 549 δούλου

1089 575 1191 610 μορφῇ,
1215 574 1253 606 ὡς
1268 573 1385 600 νοεῖσθαι
1409 572 1522 608 νεφέλην
1537 572 1584 599 καὶ
1602 571 1700 606 γνόφου
1717 569 1768 605 τὴν
1787 576 1874 604 προσ-

1087 619 1235 655 ληφθεῖσαν
1253 620 1353 655 σάρκα,
1371 620 1418 646 ἀτε
1434 619 1483 655 τὴν
1502 618 1615 653 θεότητα
1634 615 1874 652 ὺποκρύπτουσαν,

1088 664 1160 692 κατὰ
1169 664 1209 691 τό·
1221 665 1321 692 Ἕθετο
1336 665 1446 698 σκότος
1461 662 1642 697 ἁποκρυφὴν
1652 661 1756 693 αὐτοῦ,
1771 660 1877 692 κύκλῳ

1088 711 1180 738 αὑτοῦ
1204 711 1223 744 ἠ
1246 710 1348 745 σκηνὴ
1364 710 1467 738 αὑτοῦ.
1489 709 1702 745 Ἀναμιμνήσκιι
1719 706 1749 734 δὲ
1774 706 1876 739 καλῶς

1088 757 1170 788 αὑτός
1186 757 1243 783 ἐστι
1267 757 1313 783 καὶ
1329 758 1342 783 ὁ
1358 757 1388 783 ἐν
1410 756 1450 792 τῷ
1470 756 1535 792 Σινᾷ
1559 755 1617 791 δρει
1633 754 1676 781 διὰ
1691 753 1806 789 νεφέλης
1828 752 1877 780 καὶ

1089 803 1188 837 γνόφου
1217 803 1266 838 τὴν
1291 803 1393 830 οἰκείαν
1416 803 1598 837 ποιησάμενος
1621 800 1799 835 ἐπιφάνειαν,
1827 798 1876 825 καὶ

1089 849 1220 879 διδάσκει,
1236 849 1288 879 ὅτι,
1306 850 1330 874 εἰ
1344 848 1391 875 καὶ
1406 847 1454 883 τὴν
1472 847 1546 874 θείαν
1566 846 1646 881 φύσιν
1663 845 1794 872 ἀδύνατον
1810 852 1877 870 κατ-

1092 889 1172 925 ιδέῖν,
1197 893 1253 920 ἀλλ’
1274 891 1319 919 οὖν
1343 893 1387 919 διὰ
1405 893 1453 928 τῆς
1478 892 1616 928 ἐνεργείας
1639 891 1689 927 τὴν
1711 889 1815 926 ταύτης
1830 888 1878 916 δύο

1090 948 1171 975 ναμιν
1194 931 1283 966 ’ἔνεστι
1301 939 1447 975 θεωρῆσαι.
1472 937 1648 973 Δικαιοσύνην
1661 937 1715 974 γὰρ
1743 937 1807 968 τοὺς
1826 936 1875 963 dv-

1090 985 1214 1021 θρώπους
1235 986 1396 1018 ἐπαίδευσε,
1414 986 1460 1012 καὶ
1488 986 1550 1017 τοὺς
1576 983 1740 1020 ἀδιακρίτως
1767 983 1877 1010 ἃπαντα

1089 1031 1210 1067 δρῶντας
1229 1031 1297 1067 μετά
1319 1032 1435 1068 κρίσεως
1453 1031 1535 1067 ὀρθῆς
1553 1029 1654 1062 ἐδίδαξε
1675 1027 1877 1056 πολιτεύεσθαι.

1091 1077 1182 1105 Ταῦτα
1201 1078 1283 1104 αὑτοῦ
1304 1079 1317 1104 ὁ
1337 1077 1430 1113 θρόνος
1449 1078 1495 1104 καὶ
1511 1077 1537 1112 ή”
1553 1075 1675 1111 βασιλεία
1693 1074 1876 1111 κατώρθωσε·

1090 1124 1129 1151 διὸ
1142 1124 1252 1158 ἐπάγειο
1266 1124 1444 1157 Δικαιοσύνη
1460 1123 1508 1149 καὶ
1526 1122 1614 1157 κρῖμα
1628 1122 1810 1156 κατόρθωσις
1823 1119 1879 1148 τσῦ

1091 1170 1198 1204 θρόνου
1217 1169 1320 1196 αὑτοῦ.
1342 1168 1427 1203 Αὕτη,
1444 1168 1524 1203 φησὶ,
1543 1168 1637 1202 γέγονε
1659 1167 1710 1202 τῆς
1727 1166 1879 1202 παρουσίας

1092 1216 1108 1250 ὴ
1121 1215 1204 1246 αἰτία,
1219 1216 1250 1241 τὸ
1264 1217 1353 1250 κρῖναι
1370 1215 1481 1246 δικαίως
1496 1214 1544 1249 τὴν
1561 1215 1650 1250 κρίσιν
1666 1213 1755 1249 ἡμῶν,
1774 1214 1807 1249 ἢν
1818 1212 1880 1249 Exo—

1094 1271 1143 1298 μεν
1160 1261 1258 1297 δηλαδὴ
1275 1261 1342 1297 πρὸς
1358 1260 1407 1292 τὰς
1429 1260 1550 1295 πονηρὰς
1565 1260 1612 1286 καὶ
1631 1259 1821 1295 ἀντικειμένας
1833 1257 1879 1285 δυ-

1093 1308 1197 1343 νάμεις.
1222 1306 1401 1334 Βεὸασίλευκε
1428 1306 1482 1341 γὰρ
1503 1305 1581 1341 ἡμῶν
1594 1306 1608 1332 ὁ
1627 1305 1756 1341 Χριστὸς,
1773 1304 1817 1331 ἶνα
1836 1303 1879 1331 δι-

1093 1353 1199 1389 καιώσῃ
1210 1354 1243 1388 τῇ
1259 1353 1346 1379 πίστει
1362 1352 1424 1383 τοὺς
1432 1353 1460 1378 ὲν
1476 1352 1607 1388 ἁμαρτίᾳ.
1625 1350 1812 1387 Ἐχρήσατοᾶ
1830 1351 1880 1378 καὶ

1094 1400 1240 1435 θεοπρεπεί
1263 1398 1309 1425 καὶ
1335 1397 1477 1433 φιλαγάθῳ
1493 1398 1623 1434 κρίματι·
1650 1396 1807 1424 δεδικαίωκε
1824 1396 1879 1432 γὰρ

1094 1443 1144 1470 οὐκ
1158 1443 1187 1474 ἐξ
1201 1442 1289 1478 ἔργων
1302 1442 1485 1477 δικαιοσύνης,
1500 1442 1567 1469 ἀλλά
1581 1441 1652 1468 κατὰ
1667 1441 1697 1468 τὸ
1713 1441 1781 1468 ⁴πολὺ
1795 1441 1877 1468 αὐτοῦ

1095 1489 1177 1520 ἔλεος·
1194 1488 1296 1514 σέσωκε
1311 1487 1339 1513 δὲ
1357 1488 1430 1523 ἡμᾶς
1441 1488 1487 1513 καὶ
1503 1487 1537 1513 δι’
1551 1487 1647 1519 ὓδατος
1665 1487 1712 1514 τοῦ
1732 1486 1812 1521 ἁγίου
1831 1487 1878 1513 καὶ

258 1535 313 1562 imo
326 1536 418 1571 potius
442 1537 523 1571 periit
553 1537 636 1564 draco
665 1538 710 1564 ille
725 1537 819 1565 multis
849 1538 985 1572 capitibus
1001 1538 1042 1564 in-

1097 1534 1237 1569 μυστικοῦ,
1250 1534 1278 1559 ὲν
1292 1529 1314 1566 ᾧ
1326 1532 1469 1569 συνετρίὸη
1486 1534 1532 1559 καὶ
1547 1533 1711 1568 πεπάτηται,
1731 1531 1831 1567 μᾶλλον
1849 1531 1878 1558 δὲ

257 1584 391 1613 structus,
420 1588 453 1609 ac
480 1588 542 1608 cum
564 1589 596 1609 eo
609 1582 727 1610 virtutes
741 1582 802 1616 ejus
822 1582 956 1617 malignae.
980 1581 1042 1610 Htec

257 1626 377 1652 correxit
397 1625 500 1653 Christi
514 1633 638 1661 regnum.
662 1626 691 1654 Id
715 1634 781 1654 sane
807 1626 870 1654 hinc
886 1627 974 1661 palam
989 1632 1042 1659 est,

257 1671 331 1707 quod
344 1679 394 1698 nos
404 1671 514 1706 quidem
529 1671 563 1698 ab
578 1672 612 1699 iis
623 1672 670 1706 qui
686 1679 736 1699 nos
753 1672 854 1706 injuste
875 1672 902 1698 in
926 1672 1043 1699 servitu-

257 1722 312 1745 tem
327 1717 488 1752 redegerant
499 1718 604 1745 liberati
627 1718 730 1749 simus,
747 1717 784 1743 illi
797 1724 860 1744 vero
871 1717 1042 1744 condemnati

259 1765 325 1791 sint.
342 1762 405 1791 Haac
417 1764 517 1798 quippe
531 1771 594 1791 vera
607 1763 714 1798 justitia
733 1767 785 1796 est,
802 1768 830 1790 ut
848 1764 871 1791 is
886 1764 932 1798 qui
951 1768 1044 1799 tyran-

258 1810 350 1838 nidem
379 1810 526 1837 exercebat
559 1809 683 1837 diabolus
717 1809 891 1843 destruatur,
919 1810 1044 1837 homines

258 1863 324 1883 vero
338 1855 385 1891 qui
413 1855 465 1883 sub
481 1855 624 1890 tyrannide
651 1854 786 1890 degebant
811 1855 970 1882 liberentur.
986 1854 1044 1882 Cte-

259 1907 348 1929 terum
369 1902 397 1929 id
413 1909 522 1937 quoque
537 1909 552 1928 a
570 1901 649 1929 nobis
675 1901 788 1937 expetit,
804 1906 832 1929 ut
857 1900 993 1936 justitiam
1018 1906 1045 1929 et

257 1949 390 1984 judicium
403 1952 477 1975 recte
492 1955 680 1975 exerceamus.

295 1995 378 2023 Vens.
395 1995 454 2022 5-7.
475 1994 549 2029 Ignis
561 1995 588 2020 in
605 1999 743 2029 conspectu
757 1994 813 2029 ejus
835 1993 1004 2025 exardescet,
1020 1997 1046 2020 et

259 2041 434 2076 iuﬂammabil
457 2042 485 2067 in
510 2042 621 2068 circuitu
647 2041 767 2068 inimicos
796 2040 863 2075 ejus.
895 2040 1045 2067 “luxerunt

260 2087 367 2124 fulgura
380 2087 436 2122 ejus
453 2086 510 2113 orbi
528 2092 605 2114 terra
617 2095 626 2113 :
642 2087 706 2113 vidit
721 2092 745 2113 et
764 2091 894 2113 commota
909 2091 947 2112 est
963 2091 1043 2113 terra.

260 2133 364 2161 Monte:
378 2133 446 2159 sicut
462 2140 523 2159 cera
539 2133 672 2167 liquefacti
686 2137 746 2159 sunt
767 2141 783 2159 α
803 2133 871 2167 facie
883 2132 1009 2167 Domini,
1030 2142 1045 2160 α

261 2179 329 2216 [acie
356 2178 463 2206 Domini
493 2179 577 2205 omnis
612 2183 698 2205 terra.
731 2180 959 2207 Annuutiaverunt
989 2181 1047 2206 cmi

1094 1580 1141 1607 καὶ
1161 1578 1298 1606 ἀπόλωλεν
1320 1579 1335 1605 ὸ
1358 1579 1541 1613 πολυκέφαλος
1565 1579 1689 1614 δράκων,
1704 1579 1752 1606 καὶ
1775 1579 1803 1605 αί
1830 1578 1878 1605 σὺν

1094 1627 1167 1662 αὺτῷ
1177 1626 1304 1662 δυνάμεις
1322 1626 1448 1662 πονηραί.
1462 1626 1553 1652 Ταῦτα
1570 1627 1586 1661 ἡ
1603 1625 1649 1652 τοῦ
1665 1625 1784 1662 Χριστοῦ
1802 1625 1879 1661 βασι-

1094 1672 1152 1699 λεία
1169 1672 1342 1708 κατώρθωσε.
1360 1672 1443 1707 Δῆλον
1463 1671 1491 1698 δὲ
1519 1672 1565 1706 ἀφ’
1587 1669 1624 1698 ὦν
1643 1673 1723 1708 ἡμεῖς
1752 1672 1801 1708 μὲν
1825 1671 1879 1699 τῶν

1095 1717 1353 1744 καταδουλωσάντων
1368 1717 1466 1748 ἀδίκως
1483 1717 1718 1753 ἠλευθερώθημεν,
1737 1717 1836 1744 ἐκεῖνοι
1851 1716 1879 1744 ἃ

1096 1763 1306 1799 κατεκρίθησαν.
1322 1763 1407 1790 Τοῦτο
1423 1763 1476 1798 γὰρ
1498 1764 1587 1799 κρίσις
1605 1763 1711 1796 δικαία,
1724 1763 1755 1791 τὸ
1767 1763 1813 1790 τὸν
1831 1763 1879 1799 μὲν

1094 1809 1276 1846 τυραννοῦντα
1296 1809 1417 1835 διάϐολον
1431 1808 1563 1840 καθελεῖν,
1577 1809 1640 1841 τοὺς
1653 1809 1680 1835 δὲ
1699 1807 1878 1844 τυραννουμέ-

1095 1863 1157 1886 νους
1174 1853 1332 1890 ἀνθρώπους
1355 1853 1544 1889 ἐλευθερῶσαι.
1561 1854 1633 1890 Πλὴν
1649 1853 1717 1880 ἀλλά
1742 1854 1791 1881 καὶ
1805 1854 1878 1889 inde

1096 1900 1206 1927 ἀπαιτεῖ
1222 1899 1396 1934 δικαιοσύνην
1413 1899 1459 1926 καὶ
1473 1899 1563 1935 κρίσιν
1579 1899 1737 1936 κατορθῶν.

1133 1992 1194 2025 Πῦρ
1211 1991 1338 2018 ἐνώπιον
1356 1990 1449 2018 αὑτοῦ
1472 1991 1672 2024 καυθήσεται,
1695 1992 1746 2017 και
1764 1989 1881 2026 φλοτιεΐ

1096 2038 1199 2069 κύκλῳ
1213 2038 1284 2070 τοὺς
1297 2037 1422 2072 ἐχθροὺς
1433 2037 1674 2072 αὺτοῦ.Ἕς;αγ-αν
1687 2039 1717 2064 at
1730 2037 1880 2072 ἀστραπαὶ

1097 2083 1188 2110 αὑτοῦ
1201 2083 1238 2116 τῇ
1252 2083 1410 2117 οίκοιπμένῃ
1423 2091 1429 2098 ·
1445 2081 1506 2109 εἶδε
1521 2083 1568 2109 καὶ
1584 2083 1734 2117 ἐσαλεύθη
1747 2083 1767 2117 ἠ
1780 2082 1830 2118 τῆ,
1844 2082 1880 2110 Τὰ

1097 2131 1152 2165 ὄρη
1163 2129 1235 2157 ὡσεὶ
1247 2130 1339 2164 κηρὸς
1350 2129 1502 2163 enitamur
1511 2129 1571 2156 ἀπὸ
1583 2129 1744 2163 προσώπου
1759 2130 1878 2164 Κυρίου.

1097 2176 1155 2203 ἀπὸ
1173 2175 1340 2209 πρωσώπου
1354 2176 1463 2209 Κυρίου
1476 2175 1578 2209 πάσης
1593 2174 1648 2209 τῆς
1665 2174 1731 2210 τῆς.
1741 2175 1880 2211 Ἀνήττει-

261 2226 391 2253 δαειῖιίωη
401 2225 501 2259 ejus,”
516 2224 635 2252 viderunt
645 2233 733 2251 omne:
746 2225 836 2259 populi
850 2225 960 2260 gloriam
976 2227 1042 2260 ejus.

1096 2224 1155 2249 λαν
1170 2224 1195 2248 ot
1214 2222 1334 2256 οὐρανοὶ
1346 2221 1403 2255 τὴν
1415 2220 1610 2255 δικαιοσύνην
1627 2221 1731 2253 αὑτοῦ,
1745 2221 1796 2248 και
1807 2221 1881 2249 emo.

262 2269 465 2306 Confundantur
479 2277 566 2296 omnes
578 2269 622 2303 qui
636 2269 750 2295 adorant
772 2269 916 2303 sculptilia,
929 2271 972 2305 qui
989 2271 1046 2305 glo-

262 2316 405 2344 rianturin
422 2315 501 2343 idolis
514 2316 581 2343 suis.
606 2315 657 2342 Hic
684 2315 816 2343 terribilia
841 2316 947 2343 ultricis
973 2318 1046 2344 Illius

264 2363 370 2391 virtutis
378 2363 523 2398 perignem
533 2366 560 2390 et
571 2362 685 2397 fulguris
698 2362 948 2397 splendoremque
962 2363 988 2389 in
1004 2371 1047 2390 se-

262 2409 353 2437 cundo
365 2409 469 2437 Christi
485 2409 601 2436 adventu
623 2408 736 2435 videnda
752 2413 816 2435 sunt
825 2409 996 2442 subindicat;
1016 2418 1047 2436 ac

262 2453 447 2487 evangelieam
462 2452 688 2480 illuminationem
715 2453 835 2486 revelat,
860 2453 959 2482 divina:
980 2463 1048 2490 prae—

264 2497 409 2525 dieationis
427 2506 577 2530 sermones,
592 2499 640 2534 qui
654 2506 702 2534 per
716 2502 802 2526 totum
817 2500 911 2529 orbem
925 2501 1048 2534 resplen-

265 2542 340 2576 dent,
356 2543 463 2578 fulgura
479 2551 650 2579 nuncupans.
681 2543 774 2580 Neque
798 2545 870 2573 enim
898 2545 1048 2573 dixerimus

265 2595 327 2615 eum
340 2587 466 2623 fulguris,
483 2589 581 2623 pluviae
606 2589 703 2616 indicis
715 2608 723 2621 ,
744 2589 909 2617 mentionem
938 2590 1047 2624 facere;

265 2630 313 2661 sed
331 2633 416 2661 divini
429 2637 457 2660 et
471 2634 624 2668 spiritualis
644 2634 756 2662 luminis
773 2634 916 2670 fulgorem,
933 2635 1048 2670 fulguris

266 2678 377 2707 nomine
392 2678 544 2713 signiﬁcat;
561 2684 608 2707 aut
623 2680 739 2709 fortasse
753 2680 860 2717 fulgura
881 2681 983 2709 Christi
1002 2690 1049 2709 vo-

266 2729 311 2752 cat
325 2733 383 2757 eos,
395 2725 442 2761 qui
459 2732 567 2753 sacrum
583 2727 681 2755 divine
695 2732 722 2755 et
736 2728 898 2763 evangelica:
918 2728 1050 2764 praedica-

267 2771 350 2799 tionis
365 2779 464 2799 munus
479 2771 623 2807 obierunt,
639 2773 665 2801 id
683 2777 726 2802 est
739 2774 878 2810 apostolos
888 2778 915 2803 et
932 2782 1051 2811 evange-

281 2861 324 2893 ηδ’
342 2861 416 2890 Psal.
435 2870 509 2897 xvu,
530 2862 562 2890 i2

1097 2275 1157 2294 σαν
1169 2267 1279 2300 πάντες
1291 2268 1317 2294 οί
1329 2267 1397 2294 λαοὶ
1410 2267 1467 2301 τὴν
1482 2267 1576 2299 δόξαν
1589 2267 1692 2295 αὐτοῦ.
1710 2268 1881 2302 Αισχυνθή-

1097 2322 1196 2340 τωσαν
1211 2313 1321 2346 πάντες·
1339 2314 1366 2339 ol
1385 2313 1627 2347 προσκυνοῦντες
1645 2313 1708 2346 τοῖς
1729 2314 1880 2349 γλυπτοῖς,

1097 2361 1124 2386 οἱ
1139 2359 1356 2394 ἐγκαυχώμενοι
1376 2359 1410 2385 ἐν
1430 2359 1491 2392 τοῖς
1504 2359 1637 2393 εἰδώλοις
1648 2359 1757 2387 αὐτῶν.
1766 2360 1811 2387 Ἐν
1823 2361 1882 2388 τού-

1097 2414 1153 2437 τοις
1163 2405 1198 2432 τὰ
1210 2405 1312 2441 φοϐερά
1321 2406 1370 2441 τῆς
1382 2406 1595 2441 ἀνταποδοτικῆς
1603 2406 1744 2442 δυνάμεως
1758 2406 1882 2434 ὑποδείκ-

1098 2459 1167 2482 νυσι,
1185 2451 1228 2477 διὰ
1241 2451 1287 2477 τοῦ
1305 2451 1390 2487 πυρὸς
1404 2453 1451 2478 καὶ
1463 2453 1512 2488 τῆς
1528 2451 1688 2488 διαττούσης
1701 2453 1844 2489 ἀστραπῆς
1854 2453 1882 2480 ἣν

1098 2497 1129 2530 τῇ
1144 2495 1255 2531 δευτέρᾳ
1269 2496 1386 2531 Χριστοῦ
1397 2496 1533 2532 παρουσίᾳ
1542 2505 1548 2511 ·
1562 2496 1724 2523 ὲκκαλῠπτει
1738 2497 1766 2523 δὲ
1781 2497 1883 2534 atatth

1099 2541 1276 2577 εὐαγγελικὴν
1292 2542 1481 2575 φωταγωγίαν,
1495 2542 1638 2578 ἀστραπὰς
1654 2542 1740 2576 λέγων
1758 2543 1823 2574 τοὺς
1837 2542 1881 2570 τοῦ

1099 2585 1170 2611 θείου
1188 2586 1361 2621 κηρύγματος
1374 2586 1480 2620 λόγους,
1497 2588 1521 2614 οἳ
1537 2587 1607 2614 κατά
1622 2588 1713 2624 πάσης
1730 2588 1782 2623 τῆς
1793 2589 1882 2616 οἰκον-

1101 2632 1184 2667 μένης
1197 2632 1391 2668 ὲκλάμπουσιν.
1405 2633 1442 2659 οὐ
1454 2633 1507 2669 γὰρ
1519 2633 1605 2669 δήπου
1619 2635 1718 2670 φαμὲν,
1729 2635 1770 2662 ὅτι
1784 2635 1834 2671 τῆς
1844 2635 1883 2666 είς

1100 2679 1193 2710 ὑετοὺς
1206 2679 1391 2715 γεγενημένης
1403 2680 1545 2715 ἀστραπῆς
1558 2681 1807 2718 ἐποιεῖτογμνήμην,
1817 2680 1882 2708 ἀλλά

1100 2723 1149 2758 τὴν
1160 2722 1211 2749 τοῦ
1230 2723 1302 2750 θείου
1320 2726 1367 2750 καὶ
1391 2724 1487 2760 νοητοῦ
1504 2725 1592 2760 φωτὸς
1613 2726 1766 2762 ἀνάλαμψιν
1781 2726 1822 2763 τῷ
1835 2727 1882 2762 τῆς

1101 2769 1242 2805 ἀστραπῆς
1255 2771 1452 2807 κατασημαίνει
1467 2772 1592 2807 ὀνόματι·
1605 2772 1622 2808 ἢ
1636 2773 1776 2809 ἀστραπὰς
1788 2773 1881 2808 ὀνομά-
