2044 3212
267 133 333 162 1931

603 128 734 158 EUSEBII
754 129 992 158 CIESARIENSIS
1012 129 1086 157 ΟΡΡ.
1103 128 1192 157 PARS
1215 128 1258 157 111.
1276 144 1311 150 --
1324 128 1528 158 EXEGETICA.

1814 130 1881 158 {25%

265 189 342 216 vobis
353 188 491 224 continget
506 187 551 216 Dei
564 187 692 222 praesidio
716 187 827 220 muniri,
840 192 921 222 atque
935 195 950 214 a
966 194 1047 214 manu

1099 187 1202 218 τωλῶν
1218 188 1343 222 ῥύσεται
1365 188 1485 221 αὐτούς.
1513 189 1544 214 Εἰ
1559 188 1788 224 ἀποττραφέντες,
1806 195 1881 223 φησι.

265 234 365 261 diaboli
381 233 489 261 liberari
504 243 511 260 :
528 233 551 260 is
565 233 637 261 enim
654 233 764 268 proprie
788 237 916 267 peccator
936 233 1046 261 dicitur.

268 278 363 306 Modus
378 278 468 312 itaque
481 278 635 305 dilectionis
651 285 715 312 erga
730 277 873 305 Dominum
898 281 940 305 est
957 277 1048 306 odisse

268 324 338 352 mala
351 332 358 355 ;
374 331 478 351 merces
490 328 580 351 autem
596 323 669 350 illius
683 326 736 354 est,
753 322 840 357 ipsum
855 323 884 350 in
902 323 963 350 vitae
979 330 1048 358 prae-

268 370 366 397 sidium
382 369 520 401 obtinere,
538 373 619 404 atque
639 369 841 403 insurgentibus
857 369 976 397 inimicis
1004 377 1049 396 su-

267 415 400 449 periorem
419 415 544 445 evadere.
557 413 651 441 Viden‘
664 417 764 448 quanta
778 421 827 448 pro
843 413 889 441 Dei
902 414 1047 442 dilectione

266 463 432 498 accipimus?
448 462 540 489 Sancti
556 469 619 489 vero
642 461 784 493 efﬁcimur,
809 468 872 488 cum
884 459 935 495 ipsi
947 459 1045 486 addicti

265 517 370 541 sumus,
387 513 466 544 atque
483 508 566 535 Deum
585 507 728 535 custodem
744 506 835 542 magni
852 506 925 534 illius
941 505 1044 541 praedii,

265 554 362 582 animae
379 554 483 582 scilicet
499 558 616 585 nostrae,
643 552 843 584 nanciscimur;
870 552 909 578 ita
933 554 963 578 ut
990 557 1044 577 non

264 601 335 628 ultra
359 601 412 629 sub
427 607 509 627 manu
533 603 560 627 et
583 603 716 634 potestate
737 598 841 626 inimici
863 605 1023 625 maneamus
1037 618 1045 630 ,

264 654 326 674 nam
341 646 398 673 Lua:
410 651 469 673 orta
479 651 516 672 est
529 645 613 679 justo,
628 650 652 671 et
661 645 737 671 rectis
746 644 823 671 corde
845 644 949 671 laetitia.
975 642 1046 670 ια’(-

264 693 358 725 animi,
369 692 448 726 justi,
457 692 483 718 in
495 691 615 724 Domino,
625 695 648 718 et
660 690 819 724 conﬁtemini
829 689 959 716 memoria:
969 697 1046 716 sanc-

265 739 416 773 tiﬁcationis
429 738 496 772 ejus.

1100 233 1130 259 τὸ
1148 233 1264 268 πονηρὸν
1280 233 1347 259 ὅσιοι
1367 233 1492 269 γένησθε,
1512 234 1572 261 τότε
1585 234 1617 269 δὴ
1635 233 1802 270 συμϐήσεται
1819 233 1884 268 ὑμῖν

1101 279 1148 305 καὶ
1161 278 1211 313 τῆς
1226 278 1347 314 φυλακῆς
1361 279 1410 313 τῆς
1428 279 1502 315 παρὰ
1516 280 1564 305 τοῦ
1575 279 1640 306 Θεοῦ
1654 281 1754 314 τυχεῖν,
1771 279 1820 306 καὶ
1833 279 1884 313 τῆς

1100 323 1148 350 τοῦ
1169 323 1289 350 διαὸόλου
1310 324 1440 360 ῥωσθῆναι
1463 325 1568 360 χειρός·
1586 322 1661 356 οὗτος
1684 324 1738 359 γὰρ
1752 324 1766 350 ό
1783 324 1884 359 κυρίως

1102 369 1270 405 ἁμαρτωλός.
1280 370 1308 396 '0
1327 370 1374 405 μὲν
1387 368 1432 397 οὖν
1445 370 1546 405 τρόπος
1566 371 1616 405 τῆς
1632 370 1700 405 πρὸς
1721 370 1766 396 τὸν
1783 369 1884 404 Κύριον

1100 414 1209 450 ἀγάπης
1219 415 1250 441 τὸ
1267 417 1354 450 μισεῖν
1372 416 1478 451 πονηρά
1487 425 1493 431 ·
1510 415 1604 451 μισθὸς
1615 415 1644 442 δὲ
1659 416 1753 442 τούτου
1767 415 1797 442 τὸ
1811 415 1884 450 ἔχειν

1099 461 1180 488 αὐτὸν
1190 461 1312 498 φυλακὴν
1327 462 1375 496 τῆς
1388 462 1469 496 ζωῆς,
1484 462 1531 489 καὶ
1545 462 1661 497 κρείττω
1675 461 1729 488 τῶν
1743 462 1883 488 ἐπανιστα-

1100 507 1186 542 μένων
1198 507 1336 543 δυσμενῶν
1350 508 1480 542 γίνεσθαι.
1494 505 1568 538 Εἶδες
1583 507 1662 543 ἡλίκα
1675 507 1724 542 τῆς
1740 506 1808 542 πρὸς
1818 506 1885 533 Θεὸν

1097 553 1207 590 ἀγάπης
1227 553 1417 589 ἀπολάϐομεν;
1439 553 1570 588 Γινόμεθα
1583 553 1611 579 δὲ
1627 553 1695 579 ὅσιοι
1711 552 1884 588 ἀνακείμενοι

1098 599 1183 634 αὐτῷ,
1200 600 1247 626 καὶ
1267 600 1374 634 φύλακα
1394 600 1438 627 τὸν
1460 600 1524 626 Θεὸν
1537 598 1584 626 τοῦ
1600 599 1726 634 μεγίστου
1746 599 1885 633 κτήματος

1099 645 1148 680 τῆς
1161 645 1298 682 ἡμετέρας
1310 646 1399 681 ψυχῆς
1415 646 1512 681 ἔχομεν
1522 655 1528 661 ·
1544 646 1613 672 ὥστε
1628 645 1665 681 μὴ
1680 645 1732 672 ὑπὸ
1742 645 1792 680 τὴν
1804 646 1885 680 χεῖρα

1099 690 1146 717 καὶ
1169 691 1218 725 τὴν
1243 691 1364 723 ἐξουσίαν
1389 692 1514 726 γενέσθαι
1541 691 1588 718 τοῦ
1611 691 1725 728 ἐχθροῦ·
1745 691 1810 724 Φῶς
1828 691 1884 726 γὰρ

1098 736 1233 763 ἀνέτειλε
1255 737 1295 770 τῷ
1315 737 1428 771 δικαίῳ,
1444 738 1492 764 καὶ
1515 737 1578 770 τοῖς
1595 737 1696 765 εὐθέσι
1718 735 1756 771 τῇ
1774 736 1884 771 καρδίᾳ

263 786 445 820 εὐφροσύνη.
468 785 672 818 Εὐφράνθητε,
695 784 813 816 δίκαιοι,
839 783 874 810 ἐν
892 782 932 815 τῷ
953 782 1059 816 Iit-plet,
1075 783 1121 810 καὶ
1135 784 1360 820 ἐξομολογεῖσθε
1379 785 1415 820 τῇ
1432 786 1535 821 μνήμῃ
1556 785 1611 820 τῆς
1638 786 1808 820 ἁγιωσύνης
1831 784 1884 811 a6-

264 839 327 858 του.

416 889 576 917 PSALMUS
589 888 653 916 lPSl
668 888 770 915 DAVID
787 887 890 915 XCVII.

299 936 382 964 Vens.
399 937 424 963 Ι.
451 937 562 964 Cantute
585 935 699 962 Domino
712 935 843 961 canticum
860 941 966 963 norum,
983 931 1046 966 quia

264 981 398 1009 mirabilia
410 981 481 1016 fecit.
505 980 553 1008 Hic
571 981 634 1007 item
664 979 786 1014 psalmus
800 978 888 1006 eidem
904 976 1046 1005 sententiae

263 1028 382 1056 insistit:
399 1035 461 1054 nam
476 1031 622 1061 utrumque
633 1020 937 1052 Sulvatorisadventum
951 1022 1046 1049 vatici-

262 1078 355 1105 natur,
373 1072 426 1101 sed
443 1073 527 1100 multo
543 1072 628 1106 magis
641 1071 675 1098 de
694 1070 814 1097 secundo
829 1068 966 1096 edisserit.
981 1067 1046 1094 Jure

262 1125 353 1148 autem
370 1119 509 1147 canticum
524 1125 624 1144 novum
641 1116 696 1143 Deo
711 1115 810 1143 oﬂ‘crre
834 1115 966 1149 praecipit,
983 1113 1046 1148 quia

262 1165 442 1202 pristinarum
464 1171 554 1190 rerum
571 1163 749 1189 mutationem
766 1161 906 1195 prtedicat,
921 1167 1046 1194 praenun-

262 1212 367 1246 tiatque
383 1216 483 1236 novum
507 1209 569 1235 vita:
587 1208 754 1234 institutum.
778 1206 885 1234 Etenim
903 1213 934 1232 ea
956 1211 1016 1240 quae
1032 1211 1046 1231 a

265 1257 319 1284 Deo
338 1256 531 1283 universorum
546 1261 594 1289 pro
620 1254 708 1280 salute
729 1257 825 1280 nostra
845 1255 954 1286 peracta
971 1254 1046 1281 sunt,

263 1301 484 1338 supernaturalia
509 1307 577 1327 sane
604 1303 668 1326 sunt
693 1306 724 1326 ac
748 1297 892 1333 stupenda.
918 1295 1046 1323 Servator

263 1348 364 1383 quippe
375 1352 469 1374 noster
489 1346 590 1373 mundo
603 1344 760 1375 adveniens,
777 1350 809 1370 ac
826 1342 873 1370 Dei
893 1342 980 1377 gratia
997 1349 1046 1376 pro

262 1392 389 1419 omnibus
402 1395 516 1418 mortem
540 1391 699 1424 degustans,
722 1392 752 1416 ut
774 1388 880 1415 tollerct
905 1391 1046 1421 peccatum

264 1438 368 1469 mundi,
385 1441 415 1464 ut
436 1444 471 1464 ex
490 1436 668 1470 sequentibus
691 1433 835 1462 versiculis
847 1432 1047 1460 demonstrabi-

262 1487 319 1515 tur,
336 1482 440 1517 magnis
454 1486 482 1508 et
496 1481 604 1508 arcanis
621 1487 670 1508 nos
694 1480 821 1515 dignatus
841 1483 884 1506 est
899 1479 1046 1513 mysteriis.

263 1529 381 1557 Saloavit
396 1528 448 1555 sibi
460 1527 567 1554 dextera
576 1527 644 1561 ejus,
659 1532 683 1553 et
697 1525 833 1552 brachium
848 1528 967 1551 sanctum
982 1523 1049 1558 ejus.
1064 1518 1087 1548 C

263 1574 432 1602 Salvatorem
451 1580 513 1600 esse
537 1572 676 1599 dexteram
698 1575 726 1599 et
749 1570 891 1598 brachium
911 1569 969 1601 Dei,
987 1569 1045 1603 jam

262 1623 388 1659 pluribus
401 1629 433 1648 ex
450 1621 569 1648 dexterte
586 1626 613 1648 et
630 1620 738 1647 brachii
757 1618 956 1654 significatione
972 1625 1047 1644 com-

262 1671 445 1696 monstratum
470 1671 524 1694 est.
545 1659 661 1693 D'extera
684 1667 776 1700 itaque
799 1665 845 1692 Dei
869 1672 928 1696 eos,
946 1663 992 1698 qui
1012 1663 1046 1690 ad

263 1713 458 1743 beatitudinem
475 1712 558 1740 erecti
574 1715 648 1743 sunt,
663 1711 754 1738 salvas
779 1710 832 1745 ipsi
846 1709 972 1737 custodit.
988 1708 1046 1735 Non

263 1760 334 1788 enim
351 1760 440 1787 omnis
458 1759 505 1794 qui
521 1758 614 1786 salvus
630 1762 682 1789 est,
699 1757 816 1784 Domino
829 1755 885 1783 Deo
900 1754 1045 1788 Servatur;

263 1807 310 1834 sed
326 1806 401 1834 solus
413 1809 441 1833 et
455 1803 544 1832 omnis
558 1804 604 1832 ille
620 1804 666 1839 qui
681 1802 832 1830 secundum
847 1805 949 1829 rectam
962 1800 1047 1828 ratio-

263 1860 324 1880 nem
337 1860 352 1878 a
366 1851 446 1879 malis
462 1855 489 1878 ct
499 1850 603 1878 morbis
617 1850 762 1881 liberatur,
777 1852 804 1876 et
820 1848 942 1876 veritatis
953 1847 1048 1882 cogni-

263 1900 364 1927 tionem
382 1905 444 1926 cum
459 1899 558 1933 pietate
570 1900 714 1925 assecutus
726 1900 777 1923 est.
789 1893 857 1922 Nam
869 1894 916 1929 qui
926 1902 958 1921 ex
975 1902 1048 1921 mor-

262 1945 305 1972 bis
319 1948 347 1972 et
360 1943 520 1981 vulneribus
537 1946 674 1974 servatur,
687 1949 740 1968 non
759 1941 869 1976 penitus
889 1940 945 1968 Deo
955 1940 1047 1968 salvus

262 1995 315 2024 est,
330 1991 449 2018 maxime
465 1998 529 2018 vero
551 1997 613 2017 cum
631 1989 738 2025 ignorat
753 1995 783 2016 se
803 1995 818 2014 a
832 1987 888 2015 Deo
903 1987 1048 2014 incolumi-

262 2042 318 2066 tate
334 2037 473 2064 donatum.
500 2035 631 2064 Sanctum
654 2042 751 2070 porro.
761 2033 807 2061 Dei
827 2033 970 2061 brachium
995 2039 1046 2064 est,

263 2090 319 2109 non
341 2081 552 2117 participatione
576 2079 748 2111 sanctitatis;
769 2078 816 2106 sed
837 2078 901 2113 quia
929 2077 1048 2113 Spiritus

262 2129 350 2155 sancti
359 2127 502 2154 brachium
514 2131 565 2154 est.
574 2127 608 2153 Et
619 2126 737 2153 fortasse
744 2124 856 2152 dextera
865 2124 987 2159 quidem,
1000 2124 1047 2151 Dei

259 2173 304 2200 vis
317 2172 461 2208 operandi,
473 2179 533 2206 quae
549 2178 602 2198 non
620 2171 671 2197 alia
686 2177 767 2205 quam
780 2169 851 2197 Deus
867 2168 985 2196 Verbum
994 2172 1046 2201 est,

1287 886 1433 913 ΨΑΛΜΟΣ
1453 887 1496 922 Tt)
1515 887 1615 914 ΔΑΥΙΔ
1635 886 1688 920 ῑςζκ

1132 933 1241 967 ’ᾼσιιτε
1261 932 1300 965 τῷ
1320 933 1417 966 Κυρίῳ
1435 930 1517 967 ᾆσμα
1534 933 1646 965 καινὸν,
1664 932 1707 960 ὅτι
1727 934 1883 968 θαυμαστὰ

1095 977 1229 1011 ἐποίησε.
1240 978 1293 1005 Καὶ
1306 974 1383 1010 οὗτος
1393 979 1407 1005 ό
1416 979 1521 1014 ψαλμὸς
1532 978 1580 1014 τὴν
1591 979 1675 1014 αὐτὴν
1687 979 1742 1014 ἔχει
1753 979 1880 1006 διάνοιαν-

1097 1024 1228 1059 ἑκατέραν
1240 1024 1294 1060 γὰρ
1310 1024 1357 1050 τοῦ
1373 1025 1496 1059 Σωτῆρος
1516 1025 1677 1058 ἐπιφάνειαν
1692 1025 1880 1060 προθεσπίζει,

1096 1069 1164 1096 ἀλλὰ
1177 1070 1211 1096 τὰ
1227 1070 1337 1096 πλείονα
1346 1071 1409 1106 περὶ
1418 1071 1466 1105 τῆς
1477 1071 1603 1106 δευτέρας
1616 1071 1749 1104 διέξεισιν.
1762 1072 1883 1104 Εἰκότως

1096 1114 1123 1141 δὲ
1138 1113 1212 1150 ᾆσμα
1224 1116 1315 1142 καινὸν
1325 1115 1429 1142 κελεύει
1444 1117 1633 1152 προσενεγκεῖν
1647 1117 1686 1151 τῷ
1697 1116 1755 1151 Θεῷ
1765 1125 1771 1130 ·
1788 1117 1882 1152 amat;

1096 1161 1149 1187 τῶν
1166 1161 1309 1202 προτέρων.
1321 1163 1490 1197 πραγμάτων
1507 1161 1633 1197 κηρύττει
1652 1161 1811 1197 μεταϐολὴν,
1835 1163 1884 1189 καὶ⁵

1097 1205 1190 1242 καινὴν
1202 1207 1337 1233 πολιτείαν
1353 1207 1540 1243 προαγορεύει.
1550 1207 1691 1242 Ὑπερφυᾶ
1703 1207 1757 1242 γὰρ
1772 1209 1818 1234 καὶ
1829 1216 1882 1234 πα-

1098 1251 1195 1288 ράδοξα
1211 1252 1244 1279 τὰ
1261 1253 1313 1279 ὑπὸ
1328 1252 1372 1279 τοῦ
1390 1252 1456 1280 Θεοῦ
1474 1253 1527 1279 τῶν
1544 1253 1612 1280 ὅλων
1624 1253 1757 1288 γενόμενα
1773 1254 1820 1279 ἐπὶ
1831 1262 1884 1280 σω-

1097 1299 1179 1335 τηρίᾳ
1190 1299 1321 1335 ἡμετέρα.
1331 1300 1359 1326 'O
1373 1299 1425 1335 γὰρ
1435 1300 1539 1335 Σωτὴρ,
1554 1301 1723 1335 ἐπιδημήσας
1737 1300 1776 1335 τῷ
1787 1300 1883 1335 κόσμῳ

1099 1344 1145 1371 καὶ
1160 1345 1248 1381 χάριτι
1259 1344 1326 1371 Θεοῦ
1337 1345 1407 1379 ὑπὲρ
1420 1345 1519 1377 παντὸς
1531 1346 1698 1380 γευσάμενος
1712 1346 1826 1372 Θανάτου
1838 1346 1884 1371 ἐπὶ

1098 1388 1137 1423 τῷ
1153 1387 1217 1424 ᾇραι
1239 1389 1288 1425 τὴν
1307 1390 1442 1426 ἁμαρτίαν
1455 1389 1501 1416 τοῦ
1517 1390 1629 1426 κόσμου,
1648 1391 1685 1422 ὡς
1701 1391 1743 1417 διὰ
1754 1391 1809 1417 τῶν
1822 1392 1884 1417 ἑπο-

1101 1437 1188 1471 μένων
1203 1436 1385 1472 δηλωθήσεται
1402 1437 1510 1472 στίχων,
1524 1437 1576 1463 τῶν
1594 1437 1718 1472 μεγάλων
1736 1438 1782 1464 καὶ
1799 1439 1882 1473 ἀτεοῄ-

1101 1482 1189 1516 pf,me
1203 1482 1276 1517 ἡμᾶς
1293 1481 1443 1516 κατηξίωσε
1467 1482 1753 1517 μυστηρίων.Ἕσωο-ε
1768 1483 1848 1515 αὐτῷ
1862 1483 1881 1516 ἠ

1101 1525 1186 1558 δεξιὰ
1204 1527 1309 1559 αὑτοῦ,
1324 1527 1372 1554 καὶ
1387 1528 1404 1554 ό
1418 1527 1553 1562 ,ϐραχίων
1564 1529 1580 1554 ὀ
1592 1527 1674 1562 ἅγιος
1688 1528 1791 1555 αὐτοῦ.
1804 1528 1883 1561 Δεξιὰ

1099 1573 1145 1599 καὶ
1160 1573 1279 1608 βραχίων
1292 1573 1358 1600 Θεοῦ
1369 1573 1412 1600 διὰ
1424 1574 1553 1600 πλειόνων
1563 1574 1748 1601 ἀποδέδεικται
1763 1576 1776 1601 ὁ
1789 1575 1883 1611 Σωτὴρ

1099 1617 1165 1646 εἶναι
1176 1620 1245 1646 κατὰ
1254 1620 1300 1646 τοῦ
1311 1621 1360 1655 τῆς
1376 1620 1464 1652 δεξιᾶς
1477 1622 1524 1646 καὶ
1537 1621 1582 1647 τοῦ
1595 1621 1733 1656 βραχίονος
1745 1621 1881 1656 κειμένου.

1098 1664 1182 1696 Σώζει
1201 1662 1247 1691 οὖν
1261 1665 1333 1700 αὐτῷ
1349 1664 1387 1700 τῷ
1403 1665 1490 1700 Θεῷή
1506 1665 1580 1697 δεξιὰ
1593 1664 1675 1692 αὑτοῦ
1696 1666 1760 1697 τοὺς
1775 1667 1815 1697 είς
1833 1674 1883 1701 μα-

1099 1711 1248 1746 καριότητα
1263 1711 1408 1745 ὴρμένους.
1425 1712 1462 1737 Οὐ
1479 1711 1533 1746 γὰρ
1549 1712 1602 1742 πᾶς
1617 1711 1768 1745 σωζόμενος
1790 1712 1883 1746 Κυρίῳ

1099 1755 1137 1790 τῷ
1159 1755 1218 1790 Θεῷ
1242 1755 1370 1787 σώζεται·
1387 1756 1454 1783 ἀλλὰ
1470 1757 1548 1790 μόνος
1564 1756 1612 1782 καὶ
1634 1757 1688 1788 πᾶς
1700 1757 1714 1782 ὁ
1728 1756 1820 1783 κακῶν
1837 1757 1883 1783 καὶ

1099 1800 1192 1828 παθῶν
1204 1801 1274 1828 κατὰ
1284 1802 1329 1828 τὸν
1345 1801 1423 1836 ὀρθὸν
1435 1802 1512 1836 λόγον
1524 1802 1768 1838 ἀπαλλαττόμενος,
1781 1803 1827 1829 καὶ
1836 1803 1883 1838 τὴν

1097 1846 1146 1882 τῆς
1158 1847 1284 1882 ἀληθείας
1297 1848 1396 1882 γνῶσιν
1408 1849 1464 1883 μετ’
1476 1848 1613 1880 εὐσεϐείας
1623 1849 1783 1884 ἀνειληφώς.
1793 1850 1821 1876 ’0
1831 1849 1884 1885 γὰρ

1099 1894 1130 1920 ὲκ
1142 1894 1225 1920 νόσων
1239 1894 1285 1920 καὶ
1297 1895 1461 1929 τραυμάτων
1475 1895 1570 1927 σωθεὶς
1586 1896 1616 1921 οὐ
1633 1896 1741 1927 πάντως
1758 1896 1816 1930 Θεῷ
1830 1895 1881 1922 σώ-

1099 1939 1183 1971 ζεται,
1197 1939 1312 1975 μάλιστα
1323 1941 1367 1967 ὅτε
1382 1941 1431 1966 οὐκ
1445 1941 1628 1976 ἐπίσταται-ὲκ
1638 1941 1705 1969 Θεοῦ
1716 1941 1764 1977 τὴν
1779 1943 1883 1976 ὑγίειαν

1098 1986 1172 2022 αὐτῷ
1191 1986 1418 2022 δεδόσθαι.”Αγιος
1433 1988 1461 2015 δὲ
1479 1989 1493 2015 ὁ
1509 1988 1627 2025 βραχίων
1646 1989 1692 2015 τοῦ
1710 1989 1777 2016 Θεοῦ
1797 1990 1882 2020 ἐστιν,

1097 2033 1129 2059 οὺ
1155 2032 1224 2059 κατὰ
1246 2033 1360 2069 μετοχὴν
1385 2034 1526 2070 ἁγιότητος
1551 2035 1702 2070 τυγχάνων,
1727 2035 1785 2062 ἀλλ’
1806 2035 1883 2070 ἁγίου

1099 2078 1256 2113 [It/stipato;
1269 2079 1307 2105 ὢν
1324 2079 1452 2115 βραχίων.
1466 2081 1522 2107 Καὶ
1536 2080 1607 2116 τάχα
1620 2080 1694 2112 δεξιὰ
1710 2081 1759 2116 μὲν
1774 2082 1791 2116 ἡ
1810 2082 1884 2118 ἐνερ-

1098 2125 1198 2159 γητικὴ
1222 2124 1268 2152 τοῦ
1289 2125 1356 2152 Θεοῦ
1377 2126 1498 2161 δύναμις,
1514 2127 1564 2154 οὐκ
1575 2127 1641 2161 ἄλλη
1653 2128 1699 2154 τοῦ
1715 2127 1783 2154 Θεοῦ
1797 2128 1882 2162 Λόγου

1098 2171 1279 2206 τυγχάνουσα,
1291 2172 1422 2204 καλεῖται,
1433 2172 1477 2199 διὰ
1486 2173 1516 2199 τὸ
1525 2173 1631 2206 δεξιῶς,
1639 2173 1777 2200 τουτέστιν
1787 2174 1880 2208 ἁγίως,

263 2221 394 2251 vocatur;
420 2217 485 2252 quia
503 2216 624 2246 dextere,
646 2215 672 2242 id
695 2219 747 2246 est,
771 2218 877 2245 sancte,
899 2214 1045 2249 sapienter,

1099 2217 1198 2251 σοφῶς,
1212 2218 1373 2253 ἀμέμπτως,
1385 2217 1533 2250 ὲπαινετῶς
1547 2219 1634 2246 πάντα
1646 2221 1732 2246 ποιεῖν
1742 2228 1749 2234 ·
1766 2219 1882 2255 βραχίων

263 2263 413 2298 inculpale,
440 2261 615 2289 laudabiliter
651 2260 742 2287 omnia
777 2259 874 2292 ellicit;
904 2259 1048 2286 brachium

263 2318 328 2338 vero
349 2310 384 2337 ob
404 2307 593 2336 fortitudinem
618 2315 650 2334 ac
676 2306 760 2334 robur
780 2306 1047 2341 prmslautissimum.

301 2355 382 2384 Vnus.
393 2355 421 2387 2,
437 2355 463 2383 5.
483 2354 584 2382 Notum
600 2354 661 2388 fecit
679 2353 804 2380 Dominus
820 2352 945 2379 Salutare
959 2359 1046 2384 suum,

263 2403 291 2429 in
305 2406 444 2436 conspectu
467 2401 583 2436 gentium
603 2399 724 2427 reuelauit
736 2399 871 2433 justitiam
894 2406 981 2424 suam.
1000 2397 1048 2424 lte-

263 2448 389 2475 cordxmts
412 2451 451 2474 eat
477 2446 667 2474 misericordiw
689 2453 743 2471 sua:
760 2444 862 2475 Iacob,
887 2449 910 2470 et
931 2444 1047 2470 ueritatis

264 2502 320 2521 nuc
343 2493 433 2520 domui
458 2493 553 2520 Israel.
577 2492 705 2519 Viderunt
729 2499 818 2518 omnes
842 2490 946 2517 termini
971 2494 1048 2516 terra

265 2539 390 2567 Salutare
405 2538 452 2566 Dei
469 2539 563 2566 nostri.
580 2538 649 2566 Olim
676 2537 831 2564 Abrahamo
853 2536 999 2570 pollicitus,
1020 2535 1048 2562 in

265 2586 368 2613 semine
383 2585 470 2620 ipsius
481 2584 681 2613 benedicendas
691 2591 753 2612 esse
763 2590 858 2610 omnes
870 2585 975 2618 gentes,
988 2589 1048 2609 ver-

264 2632 362 2659 borum
379 2631 521 2658 veritatem
536 2639 584 2665 per
597 2637 689 2658 rerum
711 2632 838 2657 eventum
851 2629 1024 2656 conﬁrmavit
1038 2636 1046 2656 τ

264 2683 291 2705 et
307 2676 534 2708 misericordiam,
556 2684 637 2711 quam
655 2684 685 2704 se
699 2676 886 2704 exhibiturum
908 2683 970 2704 esse
984 2683 1047 2703 cum

264 2725 419 2760 iuramento
434 2722 571 2757 promisit,
586 2721 619 2749 ad
633 2730 690 2750 rem
703 2722 848 2750 deductam
865 2729 927 2749 esse
938 2722 1049 2750 demon-

263 2770 372 2798 stravit.
390 2769 451 2796 Haec
468 2774 549 2804 porro
565 2767 680 2797 multum
696 2768 786 2795 aliinia
805 2768 934 2795 videntur
951 2767 1048 2795 vatici-

263 2816 318 2844 niis
330 2815 415 2846 lsaiaa,
429 2822 476 2849 per
492 2821 572 2849 quem
591 2812 670 2840 Pater
686 2812 829 2848 Unigenito
843 2821 893 2840 suo
905 2813 942 2840 ait
957 2822 962 2839 :
982 2812 1048 2839 Dedi

264 2866 288 2887 te
302 2862 329 2887 in
345 2864 529 2887 testamentum
550 2859 663 2894 generis,
678 2858 705 2887 in
726 2858 806 2885 lucem
818 2859 946 2893 gentium,
963 2863 990 2885 ut
1010 2859 1046 2885 sis

1095 2263 1126 2289 δὲ
1141 2263 1185 2290 διὰ
1199 2264 1230 2290 τὺ
1245 2264 1354 2299 ἰσχυρὸν
1368 2265 1414 2290 καὶ
1431 2265 1599 2300 ὑπερϐάλλον
1611 2267 1643 2301 τῇ
1661 2267 1846 2302 κραταιότητι.

1139 2351 1297 2386 Ἐγνώρισε
1308 2351 1416 2385 Κύριος
1429 2351 1461 2378 τὸ
1473 2351 1621 2386 Σωτήριον
1631 2352 1734 2385 αὑτοῦ,
1746 2353 1884 2380 ἐναντίον

1096 2396 1156 2423 τῶν
1175 2396 1270 2423 ἐθνῶν
1291 2396 1468 2431 ἀπεκάλυψε
1489 2397 1546 2431 τὴν
1559 2397 1758 2431 δικαιοσύνην
1779 2399 1881 2426 αὑτοῦ.

1104 2443 1251 2477 Ἐμνήσθη
1265 2443 1317 2469 τοῦ
1328 2443 1434 2476 ἐλέγους
1453 2443 1547 2470 αὺτοῦ
1566 2444 1606 2476 τῷ
1627 2445 1738 2476 Ἰακὼϐ,
1756 2446 1805 2472 καὶ
1828 2445 1883 2479 τῆς

1097 2490 1239 2524 ἀληθείας
1249 2489 1341 2517 αὑτοῦ
1359 2490 1398 2523 τῷ
1410 2491 1481 2523 οἴκῳ
1497 2490 1629 2524 Ἰσραήλ.
1642 2491 1777 2518 Ειδοσαν
1787 2491 1882 2518 πάντα

1096 2537 1133 2563 τὰ
1151 2535 1262 2570 πέρατα
1281 2536 1336 2570 τῆς
1358 2536 1414 2571 γῆς
1430 2536 1463 2562 τὸ
1477 2535 1626 2569 Σωτήρων
1636 2536 1690 2563 τοῦ
1704 2536 1779 2563 Θεοῦ
1789 2536 1880 2571 ἡμῶν.

1096 2583 1185 2609 Πάλαι
1197 2583 1242 2609 τὸν
1250 2583 1373 2618 Ἀϐραὰμ
1383 2584 1412 2609 ὲν
1419 2582 1457 2618 τῷ
1467 2582 1603 2618 σπέρματι
1613 2582 1694 2609 αὑτοῦ
1707 2582 1882 2618 ἐνευλογηθῆι

1096 2637 1140 2655 ναι
1155 2628 1188 2655 τὰ
1204 2628 1266 2664 ἔθνη
1283 2628 1522 2663 ἐπαγγειλάμενος,
1533 2628 1582 2664 τὴν
1596 2629 1650 2655 τῶν
1659 2628 1745 2662 λόγων
1755 2628 1881 2663 ἀλήθειαν

1096 2673 1140 2700 διὰ
1153 2673 1202 2708 τῆς
1211 2673 1265 2700 τῶν
1276 2674 1445 2709 πραγμάτων
1459 2674 1596 2706 ἐκσάσεως
1611 2674 1780 2701 ἐπιστώσατο
1790 2683 1796 2690 ~
1812 2675 1857 2701 teat
1867 2673 1882 2700 ὃ

1096 2718 1216 2755 δι’δρκου
1226 2718 1406 2753 ἐπηγγείλατο
1415 2718 1543 2754 παρέξειν
1551 2718 1635 2751 ἕλεος,
1644 2718 1724 2746 τοῦτο
1733 2719 1832 2751 ἔδειξεν
1843 2720 1880 2750 εἰς

1097 2766 1176 2802 ἔργον
1189 2765 1281 2794 ἐκὸάν.
1297 2766 1402 2802 Κομιδῆ
1418 2766 1446 2792 δὲ
1461 2765 1546 2793 ταῦτα
1561 2766 1632 2792 ἔοικε
1646 2768 1704 2798 τοῖς
1711 2766 1824 2793 ιἮσαῖου
1839 2765 1880 2791 θε-

1099 2813 1242 2848 σπίσμασι,
1258 2812 1291 2838 δι’
1305 2809 1335 2838 οὗ
1358 2812 1373 2838 ό
1394 2811 1488 2847 Πατὴρ
1503 2811 1553 2846 ἔφη
1577 2812 1643 2847 πρὸς
1663 2812 1707 2838 τὸν
1724 2810 1876 2844 Μονογενῆ·

1100 2853 1213 2885 Ἔδωκά
1224 2866 1259 2885 σε
1272 2859 1315 2891 εἰς
1322 2857 1591 2892 διαθήκηντένουςθ
1600 2858 1644 2889 εἰς
1653 2855 1715 2892 φῶς
1723 2854 1878 2887 ἐθνῶν,τώ
