2044 3212
249 231 317 258 1233

621 232 754 261 EUSEBII
774 230 1013 260 CESARIENSIS
1032 229 1107 260 OPP.
1129 229 1218 258 PARS
1236 230 1278 258 lli.
1299 246 1330 251 —
1350 229 1554 259 EXEGETICA.

1803 229 1816 256 1
1821 228 1873 257 236

245 291 339 319 dicere
349 292 506 320 universum
526 292 629 321 Christi
642 293 783 329 populum,
797 301 830 321 ex
843 292 961 321 diversis
977 292 1031 319 aui-

1082 291 1167 328 θάραν
1191 292 1220 318 δὲ
1244 291 1330 324 ἄλλως
1357 291 1393 327 μὴ
1417 291 1488 318 ὖκνει
1498 289 1586 325 λέγειν
1602 289 1647 316 τὸν
1664 289 1811 325 σύμπαντα
1826 288 1872 315 τοῦ

247 337 359 369 mabns,
384 342 514 373 tanquam
541 346 573 366 ex
598 338 724 374 pluribus
739 338 859 372 chordis,
883 339 1032 366 concinna-

247 386 316 414 tum,
334 387 415 418 atque
432 384 542 412 unicam
563 385 715 415 oralionem
732 388 759 412 et
775 385 925 420 gratiarum
948 384 1034 412 actio-

247 436 308 455 nem
323 428 378 457 Deo
389 429 558 457 olicrentem.

370 484 531 512 PSALMUS
559 485 625 514 lPSl
657 485 771 514 DAVID.
804 486 918 514 XCVIII.

283 528 413 568 VEBS.IL
428 531 455 557 ‘2.
470 530 600 558 Dominus
619 532 748 567 regnavit.
763 532 916 559 irascantur
931 533 1033 567 populi,

246 574 292 614 qui
302 575 373 602 sedet
392 584 471 610 super
486 576 630 608 cherubim,
647 581 783 604 moueatur
797 582 879 604 terra.
895 577 945 605 ilic
961 579 1035 613 psal-

247 626 310 646 mus
332 620 405 655 apud
431 619 558 648 Hebraeos
578 622 657 649 titulo
672 626 771 650 caret:
789 626 886 658 estque
910 631 981 652 unus
1001 631 1033 651 ex

247 665 282 692 iis
292 665 339 700 qui
351 665 454 693 Christi
470 674 584 702 regnum
600 667 775 696 annuntiant.
787 668 855 696 Cum
866 668 939 696 enim
954 677 1034 697 nemo

247 710 331 738 irasci
356 718 386 739 se
400 711 473 739 dicat
488 712 561 747 quod
584 712 657 741 Deus
671 713 863 741 universorum
890 714 917 741 in
938 722 1034 744 omnes

247 764 362 792 regnum
377 757 516 791 obtineat;
534 757 568 786 de
580 758 683 786 Christi
696 763 788 786 tamen
813 767 897 795 regno
912 760 950 787 ait
964 768 1034 796 prae-

247 809 312 829 sens
338 810 428 830 sermo
457 804 573 839 populos
593 804 686 837 irasci,
711 805 839 833 videlicet
866 806 981 841 populos
1001 815 1034 834 ex

247 847 458 876 circumcisione
479 853 506 877 et
531 857 563 877 ex
586 850 725 886 gentibus,
743 851 790 886 qui
811 851 839 878 in
865 852 954 887 ipsum
979 859 1034 879 non

246 893 373 921 credunt.
394 893 460 927 Quis
478 895 514 922 sit
541 899 631 923 autem
656 895 800 930 Dominus,
826 905 887 925 mox
913 898 1035 926 declarat

245 938 341 967 dicens
360 950 366 967 :
396 941 449 974 Qui
472 941 541 969 sedet
558 950 636 977 super
659 943 803 971 cherubim.
830 943 935 972 Mordet
960 945 1033 973 enim

246 984 380 1017 inﬁdeles,
404 986 525 1022 ipsisque
554 987 629 1015 dolet
655 990 777 1024 gentium
803 997 853 1024 pro
873 990 961 1017 salute
977 994 1035 1017 stu-

245 1031 341 1059 dium:
361 1032 494 1067 siquidem
517 1034 689 1069 prophetica‘s
709 1035 850 1071 de'regno
871 1036 931 1070 ejus
954 1044 1034 1065 voces

246 1083 301 1105 non
322 1077 525 1106 intellexerunt.
546 1078 685 1107 Moventur
696 1085 776 1108 terra.
793 1080 933 1108 Daemones
949 1082 1033 1114 enim,

245 1123 292 1158 qui
309 1123 374 1150 olim
389 1123 538 1159 plurimum
553 1125 694 1158 valebant,
708 1125 836 1153 inﬁrmati
854 1130 933 1160 sunt;
949 1126 985 1153 ita
1005 1132 1035 1154 ut

245 1175 341 1195 omnes
355 1175 449 1195 eorum
471 1169 587 1198 virtutes
605 1165 749 1198 commota:
771 1171 837 1205 sint,
853 1176 879 1199 et
896 1172 1034 1206 operatio.

244 1219 294 1240 nes
305 1212 484 1241 cessaverint.
497 1212 627 1242 Homines
637 1222 746 1250 quoque
755 1220 855 1243 terram
870 1215 1032 1250 incolentes,

244 1258 449 1293 resipiscentes,
460 1260 566 1294 paterni
579 1260 682 1289 erroris
695 1262 842 1297 perniciem
852 1266 1032 1297 agnoverunt,

245 1303 329 1332 Deum
348 1303 464 1333 Verbum
482 1306 534 1333 sibi
549 1305 693 1335 Dominum
709 1307 884 1335 ascribeutes.
898 1307 954 1336 imo
970 1316 1034 1337 vero

244 1350 290 1384 qui
301 1349 329 1377 in
348 1358 410 1377 eum
429 1351 561 1379 increduli
577 1351 699 1387 fuerunt,
716 1354 891 1382 vehementer
903 1355 1032 1383 commoti

245 1400 320 1427 sunt,
337 1396 362 1423 vi
374 1396 507 1425 doctrina:
525 1397 585 1433 ejus
597 1399 724 1429 concussi
747 1404 828 1436 atque
851 1403 983 1436 percussi.
999 1401 1034 1429 ll-

246 1444 292 1472 Iud
309 1449 412 1478 autem.
432 1447 477 1482 qui
492 1446 574 1479 sedet,
590 1448 669 1482 quasi
688 1448 812 1476 homines
827 1449 968 1485 alloquens
983 1449 1031 1476 ait.

244 1490 348 1519 Natura
363 1491 465 1527 quippe
481 1492 641 1527 incorporea
661 1492 887 1529 incomprehensa
905 1497 932 1521 et
945 1494 1032 1522 incir-

244 1538 412 1574 cumscripta
426 1543 478 1566 est.
498 1538 627 1566 Dominus
643 1539 670 1566 in
686 1538 751 1566 Sion
769 1548 890 1575 magnus,
911 1545 935 1568 et
947 1540 1033 1568 excel-

244 1592 290 1612 sus
306 1592 383 1619 super
394 1592 483 1611 omnes
497 1584 617 1619 populos.
639 1584 705 1612 Sion
727 1584 862 1620 signiﬁcat
881 1587 1032 1620 speculam;

1085 337 1203 373 Χριστοῦ
1226 337 1290 364 λαὸν
1313 338 1345 364 ὲκ
1365 337 1499 373 διαφόρων
1522 335 1615 371 ψυχῶν
1635 335 1673 367 ὡς
1694 335 1726 362 ὲκ
1743 334 1873 361 πλειόνων

1085 383 1187 420 χορδῶν
1201 383 1384 419 ἡρμοσμένον,
1401 383 1466 418 μίαν
1487 391 1518 409 τε
1542 381 1624 418 εὐχὴν
1641 381 1687 409 καὶ
1699 380 1873 416 εὐχαριστίαν

1084 429 1123 465 τῷ
1136 429 1195 465 Θεῴ
1210 429 1418 465 ἀναπέμποντα.

1276 484 1423 511 ΨΑΛΜΟΣ
1439 484 1481 520 Τῼ
1491 483 1600 511 ΔΔΥΙΔ.
1616 484 1677 517 ι-ιῐν,

1125 531 1152 557 Ὀ
1174 531 1280 565 Κύριος
1300 531 1517 562 ἐϐασίλευσεν.
1548 530 1765 565 ὀργιζέσθωσαν
1787 530 1872 563 .laol.

1085 579 1101 604 ὀ
1109 576 1273 612 καθήμενος
1285 577 1332 603 ἐπὶ
1353 577 1504 611 χερουϐὶμ,
1513 576 1688 610 σαλευθήτω
1701 578 1719 611 ἡ
1731 577 1779 611 γῆ.
1799 578 1872 604 Ἀνε-

1085 624 1222 659 πίγραφος
1235 623 1300 659 παρ’
1323 623 1459 659 Ἑϐραίοις
1472 624 1486 650 6
1498 623 1605 658 ψαλμός
1616 631 1624 638 ·
1639 620 1679 655 εἷς
1690 624 1719 650 δὲ
1735 624 1782 650 καὶ
1794 623 1873 656 αὐτὸς

1084 668 1211 704 τυγχάνει
1220 667 1274 695 τῶν
1285 667 1536 704 εὐαγγελιζομένων
1549 668 1598 704 τὴν
1611 668 1658 694 τοῦ
1665 668 1783 704 Χριστοῦ
1795 669 1874 703 βασι-

1084 715 1167 742 λείαν.
1197 715 1273 741 Ἐπεὶ
1301 714 1350 750 μὲν
1380 714 1433 750 γὰρ
1447 714 1486 749 τῷ
1503 713 1654 749 βασιλεύειν
1674 715 1800 742 ἁπάντων
1820 715 1873 741 τῶν

1084 762 1152 788 ὅλων
1167 761 1243 793 Θεὸν,
1273 761 1368 788 οὐδένα
1395 761 1428 788 ἄν
1438 769 1481 793 τις
1508 761 1665 796 ὀργίζεσθαι
1689 762 1765 796 φαίη.
1788 762 1834 787 ἐπὶ
1847 762 1874 788 δὲ

1084 809 1117 843 τῇ
1131 807 1179 834 τοῦ
1196 807 1313 843 Χριστοῦ
1326 806 1449 842 βασιλείᾳ
1467 807 1548 842 φησιν
1562 808 1575 833 6
1589 805 1684 842 παρὼν
1699 807 1778 841 λόγος
1795 806 1873 843 ρργί-

1084 852 1178 886 ζεσθαι
1199 853 1295 885 λαούς·
1321 853 1388 888 φησὶ
1401 853 1430 879 δὲ
1445 853 1508 883 τοὺς
1527 853 1559 879 ὲκ
1573 852 1727 888 περιτομῆς
1749 853 1794 879 καὶ
1810 853 1873 885 τοὺς

1084 898 1114 932 ἐξ
1139 899 1224 926 ὲθνῶν
1245 898 1426 930 ἀπιστοῦντας
1449 898 1532 934 αὐτῷ.
1548 899 1597 930 Τίς
1609 898 1638 925 δέ
1654 899 1728 925 ἐστιν
1743 900 1756 925 6
1773 899 1874 934 Κύριος

1084 945 1210 979 διασαφεῖ
1224 944 1310 979 λέγων
1326 943 1389 979 ἑξῆς
1400 951 1406 958 ·
1428 943 1455 970 '0
1482 944 1650 978 καθήμενος
1668 943 1745 977 ὑπὲρ
1772 952 1873 978 χερον-

1085 991 1143 1025 ϐίμ.
1171 989 1267 1016 Δάκνει
1296 989 1349 1025 γὰρ
1364 989 1427 1021 τοὺς
1446 989 1579 1021 ἀπίστους
1589 989 1637 1016 καὶ
1651 989 1731 1015 λυπεῖ
1747 990 1760 1016 6
1781 989 1826 1015 ἐπὶ
1841 990 1873 1024 τῇ

1085 1035 1207 1070 σωτηρίᾳ
1219 1035 1272 1061 τῶν
1285 1034 1368 1062 ὲθνῶν
1384 1033 1464 1070 ζῆλος
1474 1042 1482 1050 ’
1499 1034 1530 1060 οὺ
1545 1033 1599 1070 γὰρ
1616 1035 1735 1069 συνῆκαν
1746 1034 1795 1066 τὰς
1812 1034 1873 1070 περὶ

1085 1080 1132 1113 τῆς
1151 1078 1288 1113 βασιλείας
1301 1079 1384 1106 αὑτοῦ
1391 1078 1563 1114 προφητιχὰς
1577 1078 1668 1113 φωνάς
1678 1088 1684 1094 ·
1696 1079 1874 1111 Σαλευθήτω

1084 1127 1103 1161 ἡ
1117 1126 1164 1162 γῆ.
1183 1126 1217 1153 Οἵ
1231 1134 1261 1152 τε
1281 1125 1335 1161 γὰρ
1358 1125 1441 1152 πάλαι
1466 1124 1551 1151 πολλὰ
1583 1124 1726 1160 δυνάμενοι
1749 1124 1873 1160 δαίμονες

1083 1173 1276 1209 ὲξησθένησαν,
1295 1172 1332 1204 ὡς
1350 1172 1439 1203 πάσας
1461 1171 1551 1198 αὐτῶν
1568 1170 1618 1202 τὰς
1634 1170 1762 1206 δυνάμεις
1776 1170 1874 1197 σαλευ-

1084 1220 1174 1256 θῆναι,
1189 1220 1236 1246 καὶ
1257 1218 1409 1254 παυσθῆναι
1426 1217 1475 1249 τὰς
1495 1217 1634 1253 ἐνεργείας
1646 1225 1653 1232 ⁸
1674 1217 1701 1243 οἴ
1714 1225 1744 1243 τε
1758 1216 1808 1252 τὴν
1823 1216 1874 1251 γῆν

1083 1265 1221 1297 οἰκοῦντες
1231 1265 1278 1292 ἄνθ
1283 1273 1378 1301 ρωποι,
1389 1263 1597 1299 μεταϐαλόντες,
1607 1263 1657 1298 τῆς
1668 1262 1797 1298 πατρῴας
1806 1262 1874 1289 πλά-

1083 1320 1132 1347 νης
1151 1311 1196 1337 τὸν
1216 1310 1325 1345 ὄλεθρον
1348 1309 1518 1343 ἐπέγνωσαν,
1540 1308 1585 1334 τὸν
1601 1308 1667 1334 Θεὸν
1682 1308 1768 1342 Λόγον
1784 1307 1874 1334 αὐτῶν

1083 1357 1185 1392 Κύριον
1216 1354 1444 1390 ἐπιγραψάμενοι.
1464 1354 1502 1380 Οὐ
1531 1352 1584 1389 μὴν
1610 1352 1678 1379 ἀλλὰ
1695 1352 1742 1380 καὶ¹
1763 1353 1787 1379 οἱ
1806 1353 1873 1379 ἀπι-

1084 1403 1207 1433 στοῦντες
1223 1400 1314 1436 αὐτῷ,
1341 1400 1466 1436 μεγάλως
1491 1399 1691 1434 ὲσαλεύθησαν,
1718 1399 1873 1434 κινούμενοι

1083 1449 1130 1476 καὶ
1145 1446 1394 1482 καταπληττόμενοι
1407 1445 1457 1480 τῆς
1478 1444 1651 1477 διδασκαλίας
1671 1443 1754 1471 αὑτοῦ
1768 1444 1818 1479 τὴν
1832 1443 1873 1470 δύ-

1082 1500 1174 1527 ναμιν.
1190 1491 1227 1518 Τὸ
1239 1491 1278 1523 δὶ,
1290 1489 1466 1525 καθήμενος,
1480 1490 1518 1521 ὼς
1531 1489 1599 1525 πρὸς
1613 1488 1772 1524 ἀνθρώπους
1786 1488 1873 1515 διαλε-

1082 1539 1195 1574 γόμενος
1225 1538 1346 1573 εἴρηκεν.
1373 1537 1405 1563 'H
1429 1536 1483 1572 γὰρ
1504 1536 1650 1572 ἀσώματος
1671 1535 1751 1570 φύσις
1777 1535 1873 1571 ἀπερί-

1080 1585 1185 1620 ληπτος
1210 1584 1258 1611 καὶ
1284 1583 1482 1619 ἀπερίγραφος.
1506 1583 1612 1616 Κύριος
1630 1582 1663 1609 ἐν
1678 1581 1755 1608 Σιὼν
1766 1581 1872 1618 μένας.

245 1630 286 1658 sic
304 1634 394 1658 autem
420 1630 557 1666 appellare
575 1630 668 1658 divina
697 1631 840 1667 Scriptura
864 1633 932 1660 solet
951 1640 1031 1660 omne

1084 1630 1132 1658 καί
1147 1630 1266 1664 ὑψηλός
1285 1629 1371 1656 ἐστιν
1389 1628 1439 1655 ἐπὶ
1459 1628 1574 1661 πάντας
1588 1627 1658 1661 τοὺς
1679 1628 1784 1661 λαούς.
1803 1627 1873 1654 Σιὼν

245 1675 403 1712 religiosum
421 1676 588 1708 institutum,
604 1679 687 1712 atque
706 1677 758 1704 hoc
776 1677 856 1705 modo
872 1678 1032 1706 indicantur

245 1722 263 1749 ii
280 1722 328 1757 qui
353 1723 475 1750 caelestia
491 1723 678 1759 speculantur.
694 1723 784 1758 qualis
809 1728 868 1751 erat
883 1724 1031 1759 Apostolus

244 1767 290 1802 qui
303 1767 362 1795 ait:
385 1766 447 1794 Non
469 1766 666 1802 speculantibus
687 1766 763 1794 nobis
789 1772 905 1798 terrena.
923 1768 968 1795 sed
980 1776 1030 1795 ote-

244 1811 322 1841 luliu
336 1811 370 1839 '°.
385 1812 463 1850 Apud
481 1812 541 1841 illos
555 1812 628 1840 enim
643 1820 759 1848 magnus
772 1816 814 1840 est
829 1812 971 1842 Dominus.

278 1946 361 1975 Vens.
388 1947 414 1974 5.
433 1947 615 1982 Conﬂtetmtur
638 1948 739 1975 nomini
767 1953 812 1975 tuo
838 1956 944 1983 magno,
969 1957 1031 1984 quo-

241 1992 314 2020 niam
326 1992 442 2020 terribile
455 1998 481 2020 et
492 1999 613 2020 sanctum
624 1998 674 2021 est.
692 1993 771 2022 Nunc
783 1993 893 2030 quidem
905 1994 1030 2022 irascun-

241 2043 288 2066 tur
298 2039 391 2074 populi
404 2039 536 2067 adversus
550 2047 664 2075 regnum
685 2039 836 2068 Salvatoris
851 2040 938 2069 nostri
953 2050 959 2068 :
977 2041 1030 2069 erit

243 2091 325 2120 porro
340 2087 446 2118 tempus
460 2092 515 2120 quo
534 2085 585 2119 ipsi
599 2093 708 2121 quoque
725 2085 828 2114 nomini
852 2093 951 2120 magno
969 2086 1029 2121 ejus

241 2129 455 2162 conﬁtebuntur.
466 2130 571 2165 quando
580 2139 655 2158 omne
666 2139 732 2166 genu
742 2131 862 2165 [lectetur
872 2131 1026 2165 caelestium,

242 2181 321 2210 atque
336 2176 510 2208 terrestrium,
524 2181 548 2204 et
564 2177 649 2204 omnis
665 2177 756 2212 lingua
775 2177 953 2212 conﬁtebitur,
965 2178 1028 2213 quia

242 2222 372 2250 Dominus
395 2223 474 2250 Iesus
490 2223 516 2250 in
530 2223 616 2258 gloria
640 2223 732 2250 Patris
743 2224 778 2250 "'.
793 2237 828 2244 —-
854 2222 939 2251 Vens.
951 2223 978 2251 4.
995 2223 1029 2250 Et

243 2270 325 2297 honor
340 2270 406 2305 regis
426 2269 557 2304 judicium
578 2269 677 2305 diligit.
696 2268 790 2297 Honor
809 2274 836 2297 et
851 2270 938 2297 virtus
955 2269 1028 2305 regis

1082 1675 1261 1712 ἑρμηνεύεται
1278 1675 1514 1709 σκοπευτήριον·
1534 1674 1605 1701 οὕτω
1620 1673 1647 1700 δὲ
1660 1673 1802 1709 ὀνομάζειν
1813 1673 1872 1705 ἔθος

1082 1722 1131 1758 τὴν
1148 1722 1221 1749 θείαν
1245 1723 1265 1748 Γ
1267 1722 1356 1758 ραφὴν
1376 1722 1429 1748 πᾶν
1444 1721 1474 1748 τὸ
1496 1720 1619 1752 θεοσεϐὲς
1643 1720 1805 1756 πολίτευμα,
1819 1719 1873 1746 τῶν

1081 1768 1116 1797 τὰ
1142 1768 1291 1804 ἐπουράνια
1317 1767 1490 1794 σκοπούντων
1512 1762 1607 1794 τοῦτον
1629 1765 1802 1802 δηλουμένων
1828 1765 1872 1792 τὸν

1081 1814 1179 1851 τρόπον
1209 1815 1299 1845 ὁποῖος
1330 1811 1364 1849 ἦν
1380 1813 1467 1848 λέγων
1485 1814 1500 1840 6
1519 1812 1677 1844 Ἀπόστολος
1691 1820 1697 1827 ·
1725 1812 1873 1839 Summi?»

1082 1868 1141 1886 των
1156 1859 1280 1894 ἡμῶν-οὺ
1289 1860 1324 1886 τὰ
1334 1860 1458 1894 ἐπίγεια,
1470 1858 1551 1887 ἀλλὰ
1560 1859 1596 1886 τὰ
1605 1857 1779 1894 ἑποιφὰνια.
1793 1857 1872 1894 Παρὰ

1081 1904 1184 1937 τούτοις
1198 1902 1244 1931 οὖν
1260 1905 1346 1940 μέγας
1360 1906 1432 1932 ἐστὶν
1445 1906 1458 1932 6
1472 1904 1583 1940 Κύριος.

1124 1950 1473 1985 Ἐξομολογησάσθωσαν
1490 1949 1529 1982 τῷ
1546 1949 1669 1985 ὀνόματί
1690 1957 1748 1976 σου
1765 1948 1805 1981 τῷ
1820 1957 1871 1983 με-

1081 1996 1171 2032 γάλῳ,
1186 1996 1229 2023 ὅτι
1244 1997 1373 2032 φοϐερὸν
1391 1997 1440 2024 καὶ
1461 1997 1546 2031 ἅγιόν
1563 1996 1638 2023 ἐστι.
1661 1995 1719 2022 Νῦν
1734 1995 1783 2031 μὲν
1798 1994 1871 2030 ὀργί-

1080 2042 1171 2075 ζονται
1192 2042 1251 2069 λαοὶ
1273 2043 1320 2069 ἐπὶ
1337 2043 1383 2069 τοῦ
1400 2043 1525 2078 Σωτῆρος
1544 2042 1623 2078 ήμῶν
1642 2041 1780 2076 βασιλεία·
1795 2040 1871 2067 ἔσται

1079 2089 1108 2116 δέ
1127 2098 1168 2121 τις
1190 2089 1284 2124 καιρὸς
1307 2090 1335 2116 ὲν
1354 2086 1376 2123 ᾧ
1389 2083 1436 2116 παὶ
1464 2089 1541 2115 αὐτοὶ
1567 2087 1810 2123 ἐξομολογήσονται
1832 2085 1870 2120 τῷ

1080 2135 1192 2170 ὀνόματι
1205 2134 1288 2162 αὑτοῦ
1303 2134 1341 2171 τῷ
1369 2134 1490 2171 μεγάλῳ,
1507 2135 1572 2162 'Ot‘s
1588 2133 1650 2161 πᾶν
1668 2134 1743 2168 γόνυ
1759 2131 1838 2167 attigi;
1845 2140 1870 2158 ει

1078 2181 1265 2215 ἐπουρανίων
1277 2181 1325 2208 καί
1344 2181 1490 2216 ἐπιγείων,
1507 2180 1556 2207 καὶ
1570 2179 1653 2207 πᾶσα
1665 2178 1792 2214 γλῶσσα
1807 2178 1870 2209 ἑξοο

1076 2227 1288 2263 μολογήσεται,
1304 2227 1348 2254 ὅτι
1364 2227 1471 2260 Κύριος
1493 2225 1606 2259 Ἰησοῦς
1632 2225 1675 2257 είς
1699 2223 1794 2256 δόξαν·
1811 2224 1871 2249 Ila-

1079 2274 1157 2307 τρός.
1177 2273 1232 2300 Καὶ
1252 2272 1321 2308 τιμὴ
1338 2271 1492 2305 ,βασιλέως
1513 2271 1616 2306 κρίσιν
1625 2270 1736 2306 ἀγαπᾷ.
1767 2269 1801 2296 Ἥ
1825 2267 1870 2295 τοῦ

241 2323 304 2342 eum
323 2314 438 2350 judicio.
462 2315 523 2343 aliis
547 2315 658 2350 quidem
688 2322 787 2343 nomen
812 2315 872 2348 ejus
897 2315 1027 2348 terribile,

1082 2319 1213 2354 βασιλέως
1229 2319 1295 2354 τιμὴ
1325 2327 1355 2345 τε
1378 2319 1426 2346 καὶ
1437 2317 1521 2354 ἀρετὴ
1542 2318 1653 2348 εἰκότως
1668 2315 1737 2352 μετὰ
1755 2315 1871 2351 κρίσεως

241 2360 303 2388 aliis
316 2369 379 2388 vero
394 2365 518 2389 sant-tum
537 2361 633 2389 merito
644 2361 735 2388 eliicit.
749 2360 778 2389 Si
790 2362 863 2389 enim
880 2362 927 2397 qui
942 2362 1028 2397 legem

241 2403 301 2438 ejus
329 2406 578 2441 transgrediuntur.
599 2413 647 2441 per
671 2406 759 2441 ipsam
782 2407 1028 2443 transgressionem

242 2449 317 2476 illum
333 2450 497 2479 inhonorant
510 2460 517 2484 ;
532 2451 579 2486 qui
595 2451 714 2480 divinam
730 2452 817 2488 legem
830 2457 1027 2489 exsequuntur,

243 2494 302 2521 vice
317 2503 407 2528 versa,
428 2504 476 2530 per
499 2497 560 2532 ejus
587 2497 793 2526 exsecutionem
820 2506 910 2534 regem
939 2499 1027 2535 ipsum

241 2540 287 2575 qui
315 2540 402 2576 legem
425 2541 500 2570 dedit
524 2543 628 2571 honore
654 2543 785 2576 alliciunt,
808 2544 942 2579 judicium
969 2545 1030 2581 ejus

241 2586 386 2621 diligentes
401 2597 407 2614 :
423 2589 541 2617 scientes
558 2589 664 2624 justum
680 2598 742 2618 esse
755 2590 888 2625 judicium
903 2592 974 2627 ejus,
996 2600 1029 2620 ac

241 2640 272 2660 se
280 2632 371 2660 divina
382 2634 491 2668 praemia
503 2640 700 2664 consecutqu
715 2644 787 2669 esse,
800 2638 865 2673 quia
876 2638 1028 2666 secundum

240 2678 409 2707 voluntatem
427 2679 487 2714 ejus
503 2680 547 2716 pie
561 2685 589 2708 et
601 2681 675 2716 juste
686 2686 810 2718 egerunt.

276 2769 359 2798 Vens.
375 2771 401 2798 5.
416 2770 455 2798 Tu
470 2772 573 2805 parasti
584 2772 751 2804 directiones,
763 2774 896 2808 judicium
910 2779 937 2802 et
945 2775 1030 2811 justi-

243 2817 306 2843 tiam
327 2817 353 2843 in
368 2816 451 2844 Iacob
467 2822 494 2844 tu
510 2817 604 2852 fecisti.
631 2818 756 2847 Ezallate
775 2821 918 2848 Dominum
945 2820 1029 2848 Deum

240 2868 370 2894 nocti-unt,
397 2867 450 2890 etc.
484 2863 580 2896 Nemo.
602 2864 702 2900 inquit,
717 2866 855 2894 existimet
878 2867 921 2894 hic
946 2867 1030 2895 alium

292 2941 313 2958 "
335 2942 354 2969 ll
371 2939 434 2969 Cor.
453 2951 494 2976 ιν,
514 2942 555 2970 l8.
593 2944 616 2961 "
635 2942 752 2974 Philipp.
771 2951 806 2974 ιι.
829 2945 877 2974 to.
898 2946 940 2972 ii.

1079 2366 1136 2396 τοῖς
1149 2365 1198 2400 μὲν
1218 2364 1346 2399 ἐπίφοϐον
1361 2365 1476 2390 ποιεῖται
1489 2363 1520 2390 τὸ
1538 2363 1624 2398 ὄνομα
1644 2361 1737 2394 αὑτοῦ,
1763 2361 1820 2392 τοῖς
1843 2358 1871 2386 δὲ

1081 2410 1168 2445 ἅγιον.
1194 2410 1225 2437 El
1243 2410 1298 2446 γὰρ
1323 2410 1348 2436 οἱ
1374 2408 1585 2445 παραϐαίνοντες
1605 2407 1686 2434 αὐτοῦ
1702 2407 1748 2433 τὸν
1779 2406 1869 2443 νόμον,

1079 2457 1112 2483 δι’
1125 2457 1206 2483 αὑτοῦ
1216 2455 1263 2482 τοῦ
1278 2455 1455 2491 παραϐαίνειν
1469 2453 1646 2490 ἀτιμάζουσιν
1664 2453 1762 2480 αὐτόν·
1780 2453 1805 2479 oi
1821 2461 1869 2479 κα-

1079 2502 1239 2538 τορθοῦντες
1264 2502 1310 2529 τὸν
1325 2501 1396 2529 θεῖον
1407 2501 1488 2537 νόμον
1513 2500 1548 2527 δι⁶
1573 2499 1656 2531 αὑτοῦ
1679 2499 1727 2526 τοῦ
1749 2499 1869 2535 ἐνεργεῖν

1083 2549 1152 2576 κατὰ
1168 2548 1265 2576 ταύτὸν
1279 2547 1379 2584 τιμῶσι
1398 2547 1444 2574 τὸν
1468 2546 1685 2582 νομοθετήσαντα
1698 2544 1780 2572 αὑτὸν
1794 2544 1869 2581 βασι-

1082 2594 1141 2627 λέα,
1154 2593 1313 2628 ἀγαπῶντες
1327 2593 1376 2628 τὴν
1392 2593 1458 2628 παρ’
1469 2591 1552 2620 αὐτοῦ
1575 2591 1676 2627 κρίσιν,
1695 2591 1869 2626 ἐπιστάμενοι

1080 2625 1184 2666 δίκαιον
1207 2639 1239 2665 τὸ
1261 2625 1361 2675 ’κρῖμα-
1384 2625 1477 2669 αὐτοῦ,
1499 2638 1546 2665 καὶ
1568 2625 1609 2664 ὅτι
1629 2636 1768 2670 τεύξονται
1790 2625 1868 2663 θείων

1080 2684 1219 2720 ἁμοισῶν,.
1231 2685 1301 2712 κατὰ
1327 2685 1355 2711 τὸ
1371 2684 1494 2721 βούλημα
1521 2683 1615 2716 αὐτοῦ,
1633 2682 1753 2715 εὐσεϐῶς
1768 2682 1816 2709 καὶ
1830 2682 1868 2708 δι-

1082 2729 1166 2760 καίως
1184 2729 1419 2765 πολιτευσάμενοι.

1115 2775 1157 2803 Σὺ
1175 2776 1342 2810 ἡτοίμασας
1369 2776 1544 2810 about-qtae,
1560 2775 1662 2809 κρίσιν
1678 2775 1728 2801 καὶ
1757 2774 1866 2800 δικαιο-

1080 2822 1180 2855 σύνην
1187 2821 1221 2848 ὲν
1234 2821 1335 2849 Ἰακὼϐ
1340 2821 1381 2848 σὺ
1396 2821 1554 2856 ἐποίησας.
1563 2821 1686 2855 ’Υψοῦτε
1694 2820 1806 2854 Κύριον
1815 2818 1867 2845 τόν

1083 2865 1158 2893 Θεὸν
1179 2865 1274 2901 ἡμῶν,
1305 2866 1352 2894 καὶ
1378 2865 1413 2893 τὰ
1432 2865 1504 2902 ἑξῆς.
1523 2865 1635 2902 Μηδεὶς,
1645 2865 1721 2901 φησὶ,
1730 2863 1866 2900 νομίζοιτο
