2044 3212
249 205 320 235 1259

580 207 714 236 EUSEBII
728 208 967 239 CASSARIENSIS
983 211 1058 242 OPP.
1076 211 1164 241 PARS
1181 211 1224 240 ΙΙΙ.
1246 227 1280 232 -
1300 212 1504 242 EXEGETICA.

1802 216 1870 244 1250

249 267 368 302 cognitio
389 271 481 301 aperta
507 267 635 296 omnibus
652 269 713 296 erit.
741 268 807 296 Nam
840 271 898 305 ipse
922 279 1022 308 quequt

1082 273 1220 300 τουτέστιν
1239 273 1256 308 ὴ
1270 273 1317 300 τοῦ
1335 273 1402 301 Θεοῦ
1424 275 1525 308 γνῶσις
1540 276 1607 302 πᾶσι
1627 275 1692 312 δήλη
1714 277 1870 312 γενήσεται.

248 313 396 347 A-postolus
419 316 539 341 montem
567 313 632 341 Sion
655 315 826 350 spiritualem
852 319 977 352 agnovit;
994 320 1032 347 ait

247 359 348 393 quippe
365 366 372 384 :
390 360 547 387 decessisti:
561 360 596 387 ad
622 366 736 388 montem
759 361 835 394 Sion,
852 368 876 390 et
899 364 1032 392 civitatem

249 404 297 431 Dei
308 405 424 437 viventis,
450 405 599 433 Jerusalem
620 407 776 434 caelestem'.
796 407 927 436 Jubemur
942 411 1032 446 itaque

247 457 297 485 pro
310 450 408 478 collata
423 451 503 480 nobis
517 459 533 479 a
547 451 603 480 Deo
613 454 769 488 cognitione
780 454 830 490 ipsi
843 456 1029 486 adorationem

246 492 367 523 oiierre:
388 495 434 530 qui
464 495 598 525 Dominus
610 503 704 525 noster
727 503 778 532 est,
796 501 858 534 quia
886 509 936 530 nos
959 504 1029 532 servi

246 540 307 575 ejus
321 548 431 575 sumus;
448 546 476 569 et
493 542 565 570 Deus
595 543 658 571 item
679 548 730 577 est,
749 549 841 580 utpote
858 547 958 582 opifex.
981 552 1030 576 At-

245 595 300 622 que
311 587 348 615 ita
362 587 497 624 spirituali
511 596 587 616 more
599 589 733 624 psalmum
747 591 940 628 intelligamus.

326 633 488 670 PSALMUS
506 642 539 670 lN
560 643 833 675 consessxonnn.
854 647 947 676 xcux.

281 686 364 716 Vens.
383 687 410 721 2,
427 689 454 716 5.
484 689 602 716 Jubilale
639 689 761 725 Domino,
783 694 866 721 omnis
898 700 977 722 terra.
1001 696 1028 724 Id

244 738 404 770 est.gentcs
419 742 480 769 quae
503 735 530 762 in
553 740 624 762 terra
648 741 731 763 sunt:
748 745 808 772 quae
826 739 868 766 liis
883 740 974 768 verbis
994 741 1028 769 ad

244 780 423 816 pristinorum
445 784 618 815 peccatorum
644 782 845 811 confessionem
866 790 1026 819 evocantur,

245 826 273 852 in
288 825 388 860 quibus
406 825 515 860 quando
539 827 673 855 idolorum
697 830 784 857 errori
815 831 913 860 dedita:
938 839 1027 865 erant,

242 870 445 898 volutabantur.
462 871 644 904 Quamobrem
673 875 795 909 psalmus
815 876 964 912 inscriptus
987 883 1029 906 est

244 915 279 943 In
294 917 492 951 confessionem.
513 917 615 947 Seruite
639 919 752 948 Domino
771 922 799 949 in
817 921 923 955 (milia,
941 924 1028 959 ipsius

242 962 308 998 jugo
319 970 367 990 vos
386 963 586 992 submittentes.
603 964 719 994 Perinde
738 975 855 1003 namque
872 974 914 996 est
925 971 1027 997 servire

243 1008 306 1044 ipsi,
321 1012 403 1043 atque
429 1009 531 1037 servire
546 1009 613 1042 luci,
636 1015 663 1038 et
686 1013 789 1040 servire
810 1013 883 1046 vitae,
907 1015 1025 1047 veritati,

241 1054 354 1090 justitite
368 1059 394 1082 et
412 1055 550 1082 sanctitati
567 1064 574 1082 ι
593 1057 649 1084 haec
660 1058 760 1093 quippe
777 1060 868 1086 omnia
893 1060 1026 1089 Dominus

241 1105 293 1127 est.
311 1100 422 1128 Introite
436 1102 463 1128 in
484 1106 623 1136 conspectu
647 1103 703 1137 ejus
725 1105 751 1131 in
782 1106 967 1134 exsultatione.
996 1107 1025 1134 Si

241 1148 304 1182 quis
319 1151 410 1175 autent
424 1155 479 1175 non
508 1149 609 1177 serviat
628 1149 678 1185 ipsi
704 1150 730 1177 in
759 1151 861 1183 la-titin,
878 1161 912 1180 ne
928 1154 1026 1181 amicat

239 1194 397 1228 conspectui
412 1194 472 1229 ejus
487 1202 516 1222 se
528 1195 636 1227 sistere,
653 1196 735 1224 illotis
750 1197 865 1232 pedibus
883 1199 915 1226 ad
934 1199 1027 1228 Eccle-

241 1239 311 1266 sium
322 1238 383 1273 ejus
400 1239 545 1267 accedens.
567 1239 665 1268 Scitote
680 1241 804 1276 quoniam
825 1241 953 1270 Dominus
969 1244 1025 1278 ipse

240 1283 359 1311 est‘Deus
374 1292 384 1311 :
397 1285 452 1319 ipse
467 1285 528 1320 fecit
538 1295 596 1319 nos.
610 1291 635 1314 et
646 1295 697 1314 non
712 1287 761 1322 ipsi
774 1296 831 1320 nos,
843 1289 954 1323 populus
966 1291 1024 1326 ejus

239 1335 446 1366 etonespascuw
468 1340 535 1367 ejus.
551 1332 619 1360 Cum
648 1333 720 1361 enim
749 1335 905 1363 neverimus
934 1338 1023 1372 ipsum

239 1374 335 1409 Deum,
350 1377 438 1410 ipsum
452 1376 595 1405 Dominum
608 1386 679 1412 esse,
695 1382 760 1406 tunc
777 1387 824 1414 per
841 1380 914 1407 illam
930 1382 1025 1417 cogni-

238 1422 339 1449 tionem
351 1423 379 1450 in
393 1427 568 1459 conspectum
582 1425 642 1459 ejus
657 1425 783 1460 ingressi,
795 1427 885 1462 ipsum
898 1427 1022 1462 opiﬁcem

238 1472 363 1496 nostrum
384 1477 446 1498 esse
468 1470 668 1498 conﬁtebimur.
689 1471 766 1505 Quod
796 1473 868 1500 enim
900 1481 954 1502 non
972 1482 1023 1502 nos

237 1515 289 1549 ipsi
313 1523 363 1543 nos
384 1515 537 1549 faciamus.
560 1518 613 1544 etsi
639 1521 767 1546 auctores
793 1518 935 1546 videamur
961 1527 1023 1548 esse

237 1561 422 1596 generationis
442 1561 601 1594 liberorum,
628 1563 692 1591 hinc
717 1564 807 1599 palam
828 1569 882 1599 est,
896 1565 970 1600 quod
988 1574 1021 1593 ex

1043 958 1064 985 Β

238 1610 315 1642 patre
324 1611 351 1634 et
364 1611 450 1635 matre
462 1608 546 1643 geniti
556 1608 607 1636 Job
620 1613 646 1636 et
658 1608 754 1642 David,
779 1610 859 1637 ambo
874 1615 965 1637 tamen
980 1610 1022 1638 di-
1035 1626 1056 1655 ο

236 1655 302 1679 cant
316 1661 323 1679 :
339 1651 436 1679 Manus
452 1659 504 1681 tua:
514 1653 630 1688 fecerunt
644 1663 684 1682 me
701 1660 726 1682 et
739 1655 935 1689 plasmauerunt
952 1665 990 1684 me
1000 1657 1020 1689 ',

237 1705 268 1724 ac
279 1696 402 1725 Jeremize
416 1698 474 1733 ipse
497 1698 568 1727 Deus
584 1700 621 1726 ait
635 1708 641 1725 ε
657 1700 804 1734 Antequam
831 1706 855 1728 te
879 1702 1023 1736 formarem

235 1741 263 1769 in
275 1746 360 1776 utero,
372 1744 431 1770 noui
449 1747 472 1771 te
481 1744 501 1771 ³.
518 1743 583 1771 Nam
602 1752 724 1776 uxorem.
738 1754 798 1780 qua:
824 1755 919 1775 errore
942 1748 1022 1775 ducta

234 1787 295 1814 viro
308 1795 359 1815 suo
377 1788 485 1816 dicebat
501 1798 508 1816 :
523 1790 576 1816 Aut
601 1789 635 1816 da
655 1790 718 1817 mihi
731 1790 840 1823 liberos,
863 1793 905 1819 sin
922 1793 1021 1825 minus,

236 1832 324 1859 occide
335 1841 374 1860 me
384 1833 404 1866 ⁵,
422 1834 475 1867 vir,
489 1841 551 1862 cum
566 1835 677 1870 sapiens
689 1840 773 1869 esset,
791 1837 872 1865 docte
897 1837 1022 1873 increpat

235 1877 279 1904 his
293 1879 384 1907 verbis
401 1887 407 1904 :
427 1878 555 1915 Nunquid
573 1887 620 1914 pro
632 1880 687 1908 Deo
698 1889 744 1916 ego
761 1881 807 1908 tibi
822 1890 890 1915 sum,
910 1884 955 1918 qui
967 1884 1023 1918 pri-

234 1923 303 1948 vavit
323 1925 346 1948 te
361 1921 450 1955 fructu
472 1922 609 1949 uentris“?
625 1923 738 1951 Etiamsi
763 1924 835 1951 enim
869 1929 960 1960 patres
985 1926 1024 1953 vi-

234 1967 350 1995 dcantur
365 1967 466 1995 liberos
489 1976 651 2004 procreare,
664 1974 692 1996 at
707 1969 778 1997 Deus
796 1970 858 1998 illos
870 1971 951 1998 eﬂicit
967 1980 973 1998 ε
989 1980 1021 2000 ac

234 2011 280 2039 ille
290 2012 398 2047 quidem
415 2021 498 2041 causa
509 2018 560 2045 est.
576 2015 614 2042 illi
636 2023 702 2043 vero
721 2022 914 2052 cooperantur,
928 2023 1021 2053 utpote

234 2057 379 2092 quijussui
390 2058 451 2092 ejus
468 2059 595 2093 primitus
610 2060 675 2088 dato
694 2061 894 2090 obsecundent.
918 2063 1021 2096 Quam-

233 2103 328 2130 obrem
344 2103 422 2130 multi
439 2104 489 2130 etsi
502 2104 603 2132 liberos
624 2106 766 2140 suscipere
790 2111 944 2143 peroptent,
964 2116 1019 2136 non

233 2152 348 2183 possunt
371 2153 473 2176 tamen.
503 2149 684 2186 Symmachus
707 2160 772 2179 vero
796 2153 854 2179 ait:
873 2153 932 2187 Ipse
957 2155 1020 2188 fecit

231 2202 292 2227 nos,
306 2203 357 2222 non
368 2196 533 2223 exsistentes.
547 2196 604 2223 Nos
614 2202 699 2224 autem
715 2199 826 2232 populus
840 2208 947 2234 pascua:
961 2201 1018 2235 ejus

231 2246 256 2268 et
267 2249 324 2269 aues
340 2250 433 2270 manus
448 2243 532 2270 illius.
549 2243 597 2270 His
610 2252 674 2271 vero
690 2252 744 2270 non
754 2245 921 2272 dominatum
938 2247 1019 2275 modo

232 2295 328 2321 suum;
357 2288 405 2316 sed
429 2289 512 2316 etiam
538 2289 735 2323 providentiam
767 2298 843 2318 suam
865 2291 1013 2319 indicavit:

230 2342 286 2362 non
308 2335 396 2362 solum
419 2335 492 2362 enim
519 2335 651 2364 Dominus
683 2341 775 2364 noster
798 2337 918 2369 est;sed
933 2339 1015 2365 etiam

229 2385 324 2415 pastor
336 2389 398 2410 cum
414 2383 461 2412 sit.
488 2382 559 2409 bona
573 2382 653 2409 nobis
667 2390 770 2417 pascua
783 2382 871 2410 oil‘ert.
893 2382 949 2411 Nos
964 2392 1015 2410 au-

229 2432 281 2454 tem
303 2429 416 2462 populus
439 2428 507 2464 ejus,
531 2432 625 2463 utpote
639 2429 807 2464 regis;oves
836 2435 926 2457 autem
942 2430 1014 2465 ejus,

229 2478 323 2509 utpote
337 2475 456 2509 pastoris
475 2483 481 2501 :
502 2475 618 2510 populus
634 2481 709 2508 sunt,
726 2476 773 2511 qui
788 2477 915 2504 meliores
925 2481 952 2504 et
967 2484 1012 2504 ra-

228 2518 433 2552 tionabiliores;
447 2527 511 2547 oves
536 2524 639 2554 autem,
655 2521 702 2556 qui
729 2521 763 2548 iis
780 2521 924 2550 inferiores
936 2526 1011 2557 sunt,

227 2568 255 2591 et
270 2563 528 2593 irrationabiliorem
544 2566 667 2594 ordinem
679 2566 815 2600 obtinent,
836 2575 924 2603 neque
940 2568 1013 2597 divi-

227 2618 325 2638 norum
351 2611 524 2638 oraculorum
549 2613 628 2647 periti
652 2617 734 2647 sunt;
752 2615 903 2643 secundum
920 2615 1007 2643 illud:

226 2655 324 2683 ΕΠαυὶ
338 2655 405 2682 sicut
416 2656 471 2683 ouis
484 2665 542 2692 quae
554 2658 658 2692 periit".
671 2658 803 2687 Caeterum
814 2668 876 2688 cum
886 2655 1008 2689 omnium

227 2699 308 2728 Deus.
316 2705 343 2728 et
359 2703 485 2729 conditor
499 2703 545 2735 sit,
563 2704 654 2732 omnia
671 2710 761 2738 vocat,
779 2707 869 2734 omnia
881 2706 933 2734 sibi
946 2715 1011 2742 pro-

229 2745 287 2782 pria
297 2745 386 2774 elIicit.
401 2746 526 2775 Homines
535 2750 635 2785 quippe
648 2755 673 2777 et
683 2751 805 2786 jumenta
815 2753 900 2780 salvat
909 2753 980 2781 Deus
989 2754 1010 2787 ";

229 2793 291 2821 illos
301 2794 422 2830 quidem,
435 2800 464 2823 ut
483 2797 612 2832 populum
632 2805 730 2832 suum;
749 2800 795 2827 illa
812 2808 886 2832 vero.
907 2805 935 2828 ut
945 2809 1011 2829 oves

229 2846 326 2868 manus
339 2847 406 2868 sum.

1030 2312 1055 2342 D

1083 317 1145 347 Οἵδε
1156 320 1210 356 γὰρ
1225 321 1271 347 καὶ
1283 320 1298 347 ὁ
1318 320 1477 352 ’Δπόατολος
1490 321 1583 357 νοητὸν
1595 321 1656 357 ὅρος
1672 322 1740 349 Σιών
1750 331 1756 337 ·
1772 325 1870 356 Προσ-

1082 366 1250 399 εληλύθατε
1263 365 1317 402 γὰρ
1327 366 1387 400 ὄρει
1411 366 1488 394 Σιὼν
1504 367 1553 394 καὶ
1568 368 1653 395 πόλει
1675 368 1748 395 Θεοῦ
1763 368 1872 404 ζῶντος

1089 410 1282 445 Ἰερουσωιὴιι
1309 411 1487 446 ἐπουρανίῳ.
1519 413 1749 448 Προστετάγμεθα
1780 414 1871 441 τοίνυν

1082 457 1153 483 κατὰ
1169 457 1217 492 τὴν
1230 457 1351 484 δοθεῖσαν
1359 458 1424 493 ἡμῖν
1437 458 1488 484 ὑπὸ
1506 457 1573 484 θεοῦ
1589 457 1689 492 γνῶσιν
1707 459 1872 495 προσφέρειν

1081 502 1155 536 αὑτῷ
1173 502 1372 538 προσκύνησιν·
1395 503 1424 535 ὃς
1443 504 1489 530 καὶ
1514 503 1615 538 Κύριος
1637 504 1716 539 ἡμῶν
1742 505 1816 532 ἐστιν
1831 505 1869 537 ὡς

1081 547 1191 577 δούλων,
1207 548 1252 574 καὶ
1266 548 1332 580 Θεὸς
1343 549 1380 580 ὡς
1399 549 1529 584 πλάστης.
1551 549 1620 576 Ἀλλ’
1635 549 1705 577 οὕτω
1725 550 1776 587 μὲν
1788 560 1868 579 πνευ-

1082 591 1219 626 ματικώτε
1224 601 1270 628 ρον
1281 592 1327 619 τὸν
1338 593 1443 628 ψαλμὸν
1460 594 1616 630 νοήσαιμεν.

1187 651 1334 677 ΨΑΛΜΟΣ
1350 651 1404 677 ΕΙΣ
1416 651 1687 679 ΕΞΟΜΟΛΟΙἮΣΙΝ.
1705 652 1762 686 ιθ.

1121 695 1305 728 Ἀλαλάξατε
1319 695 1358 729 τῷ
1376 698 1473 730 Κυρίῳ
1492 697 1575 725 πᾶσα
1589 699 1606 732 ἡ
1625 698 1674 733 γῆ.
1691 699 1821 727 Τουτέστι
1834 701 1869 728 τὰ

1080 741 1127 767 ἐπὶ
1137 742 1188 776 γῆς
1205 740 1266 777 seu,
1277 750 1284 756 ο
1301 742 1348 768 καὶ
1364 742 1408 768 διὰ
1420 743 1521 769 τούτων
1536 743 1665 778 κέκληται
1682 743 1728 770 ἐπὶ
1742 743 1870 778 ἐξομολό-

1079 794 1160 822 γησιν
1174 787 1228 813 τῶν
1246 787 1384 822 προτέρων
1412 789 1629 823 ἁμαρτημάτων,
1654 789 1683 815 ὲν
1702 786 1743 820 οἷς
1762 788 1871 817 ἐκαλιν-

1079 831 1172 859 δοῦντο
1196 833 1240 859 ὅτε
1268 834 1301 868 τῇ
1327 833 1512 870 εἰδωλολάτρῳ
1539 836 1683 870 προσεῖχον
1705 835 1804 871 πλάνῃ.
1824 835 1870 862 Διὸ

1079 877 1281 913 ἐπιγέγραπται
1308 878 1414 913 ψαλμὸς
1426 881 1478 913 Εἰς
1496 880 1725 916 ἐξομολόγησιν.
1740 881 1869 909 Δουλεύ-

1079 930 1153 948 σατε
1170 922 1209 955 τῷ
1225 924 1324 956 Κυρίῳ
1342 923 1377 950 ἐν
1404 925 1588 958 εὐφροσύνῃ,
1610 925 1790 958 ὑποϐαλόντες
1806 926 1869 952 caui

1078 968 1141 1000 τοὺς
1153 968 1192 1004 τῷ
1207 969 1290 996 αὑτοῦ
1314 969 1399 1005 ζυγῷ.
1419 971 1531 1006 Ὅμοιον
1545 971 1598 1007 γάρ
1617 972 1676 998 ἐστι
1689 972 1720 998 τὸ
1734 971 1869 1000 δουλεύειν

1077 1013 1151 1050 αὺτῷ
1167 1015 1205 1050 τῷ
1235 1015 1370 1042 δουλεύειν
1396 1016 1482 1050 φωτὶ,
1514 1016 1560 1042 καὶ
1584 1016 1718 1044 δουλεύειν
1740 1016 1796 1054 ζωῇ
1821 1018 1868 1046 καὶ

1076 1059 1200 1095 ἀληθείᾳ,
1223 1061 1269 1086 καὶ
1289 1061 1446 1098 δικαιοσύνῃ
1468 1062 1514 1088 καὶ
1537 1062 1683 1097 ἁγιασμῷ’
1702 1063 1791 1090 πάντα
1812 1061 1868 1100 γὰρ

1075 1105 1162 1132 ταῦτα
1178 1107 1252 1133 ἐστιν
1271 1107 1286 1133 ὁ
1314 1107 1424 1142 Κύριος.
1450 1108 1608 1135 Εἰσέλυετε
1628 1108 1754 1136 ἐνώπιον
1773 1109 1868 1137 αὑτοῦ

1075 1151 1111 1178 ἐν
1122 1151 1309 1186 ἀγαλλιάσει.
1334 1154 1364 1180 Εἰ
1386 1154 1415 1180 δέ
1439 1163 1480 1185 τις
1500 1154 1536 1190 μὴ
1551 1154 1670 1182 δουλεύοι
1686 1155 1759 1192 αὐτῷ
1780 1157 1809 1183 ὲν
1823 1158 1868 1184 εὐ-

1076 1197 1207 1232 φροσύνῃ,
1225 1197 1263 1232 μὴ
1277 1197 1403 1233 τολμάτω
1422 1199 1548 1234 παριέναι
1569 1198 1684 1226 ἐνώπιον
1702 1199 1795 1232 αὐτοῦ,
1810 1200 1868 1228 ἀνί-

1075 1250 1153 1273 πτοις
1180 1243 1243 1268 ποσὶ
1262 1242 1441 1277 παραϐάλλων
1460 1245 1498 1274 εἰς
1516 1244 1564 1279 τὴν
1585 1245 1748 1280 Ἐκκλησίαν
1772 1245 1865 1273 αὑτοῦ.

1075 1286 1175 1313 Γνῶτε
1195 1287 1240 1314 ὅτι
1264 1289 1373 1321 Κύριος
1393 1289 1485 1322 αὑτός
1508 1289 1593 1316 ἐστιν
1616 1291 1633 1316 ὁ
1665 1291 1754 1323 Θεός·
1774 1291 1868 1325 αὐτὸς

1074 1329 1218 1364 ἐποίησεν
1243 1331 1331 1365 ἡμᾶς,
1356 1332 1406 1358 καὶ
1427 1334 1483 1367 οὐχ
1499 1333 1593 1367 ἡμεῖς,
1616 1335 1691 1368 λαὸς
1704 1335 1797 1362 αὑτοῦ
1816 1335 1865 1363 καὶ

1074 1376 1205 1409 πρόϐατα
1219 1377 1313 1411 νομῆς
1323 1378 1425 1405 αὐτοῦ.
1442 1379 1525 1406 Ὅταν
1541 1379 1595 1416 γὰρ
1606 1380 1713 1415 γνῶμεν
1728 1380 1769 1407 ὅτι
1786 1381 1866 1414 αὐτὸς

1074 1422 1139 1454 Θεός
1155 1423 1238 1456 ἐστιν,
1252 1425 1333 1456 αὐτὸς
1345 1426 1359 1452 ὁ
1377 1425 1487 1461 Κύριος,
1509 1427 1539 1452 τὸ
1555 1426 1680 1461 τηνικάδε
1713 1425 1796 1454 αὑτοῦ
1817 1426 1864 1455 τοῦ

1073 1469 1216 1503 γινώσκειν
1229 1469 1342 1497 ἐνώπιον
1356 1471 1437 1497 αὐτοῦ
1452 1471 1669 1507 εἰσεληλυθότες.
1686 1472 1734 1499 καὶ
1750 1471 1866 1509 ποιητὴν

1073 1515 1177 1541 ἑαυτῶν
1186 1515 1387 1551 ὁμολογήσομεν
1396 1517 1484 1543 αὐτόν.
1499 1517 1559 1544 ’Ὁτι
1567 1517 1595 1544 δὲ
1604 1518 1651 1553 οὐχ
1662 1519 1741 1553 ἡμεῖς
1753 1519 1865 1551 ἑαυτοὺς

1074 1561 1215 1596 ποιοῦμεν,
1225 1562 1275 1588 κᾶν
1289 1563 1369 1588 αἴτιοι
1382 1563 1503 1598 δοκῶμεν
1515 1563 1657 1599 τυγχάνειν
1671 1564 1722 1600 τῆς
1735 1564 1789 1592 τῶν
1802 1565 1865 1593 παί-

1072 1607 1124 1634 δων
1139 1608 1279 1641 γενέσεως,
1306 1608 1384 1643 δῆλον
1413 1609 1536 1636 ἐντεῦθεν
1547 1616 1554 1623 ·
1570 1611 1601 1637 ἐκ
1623 1610 1726 1647 πατρὸς
1744 1611 1799 1647 γὰρ
1817 1611 1864 1639 καὶ

1076 1654 1178 1690 μητρὸς
1199 1655 1339 1689 γενόμενοι
1359 1654 1417 1680 Ἰὼϐ
1441 1655 1487 1681 καὶ
1512 1655 1603 1687 Δαυῒδ,
1626 1657 1706 1690 φασὶν
1726 1656 1862 1693 ἑκάτεροι,

1072 1702 1106 1726 Αἰ
1120 1699 1216 1733 χεῖρές
1229 1708 1287 1726 σου
1311 1700 1460 1734 ἐποίησάν
1473 1710 1511 1735 με
1534 1701 1583 1728 καὶ
1597 1701 1736 1729 ἕπλασάν
1749 1711 1802 1738 με·
1816 1703 1864 1731 καὶ

1072 1746 1139 1780 πρὸς
1161 1745 1294 1781 Ἰερεμίαν
1311 1745 1391 1778 αὐτὸς
1404 1747 1418 1772 ὀ
1433 1746 1508 1778 Θεὸς,
1536 1746 1595 1780 Πρὸ
1619 1747 1672 1774 τοῦ
1691 1756 1731 1782 με
1747 1747 1864 1775 πλάσαι

1072 1799 1109 1816 σε
1123 1791 1158 1816 ἐν
1169 1792 1276 1824 κοιλίᾳ,
1301 1791 1464 1825 ἐπίσταμαί
1481 1801 1528 1819 σε.
1547 1793 1586 1829 Τῇ
1602 1792 1667 1827 γοῦν
1685 1794 1864 1830 ὲαφαλμένως

1071 1835 1185 1872 λεγούσῃ
1196 1837 1235 1872 τῷ
1246 1837 1374 1873 ἀνδρὶ,”Ἡ
1382 1837 1433 1870 δός
1447 1847 1497 1872 μοι
1514 1838 1612 1871 τέκνα,
1628 1840 1654 1866 εὶ
1671 1838 1706 1866 δὲ
1717 1839 1773 1875 μὴ,
1787 1840 1859 1868 ἀπὸ·

1071 1884 1188 1910 πτειν-όν
1197 1892 1245 1918 με,
1263 1884 1341 1918 σοφὸς
1350 1884 1387 1910 ὢν
1407 1885 1420 1910 ὁ
1444 1885 1524 1921 ἀνὴρ,
1545 1885 1716 1920 δογματικῶς
1735 1887 1860 1923 ἐπιτιμᾷ,

1069 1929 1119 1963 Μὴ
1131 1929 1197 1956 ἀντὶ
1218 1928 1290 1956 Θεοῦ
1313 1938 1362 1956 σοι
1380 1930 1437 1964 εἰμὶ
1453 1930 1520 1965 ἐγὼ,
1537 1931 1571 1964 ὃς
1580 1931 1726 1966 ἐστέρησὲ
1739 1940 1776 1959 σε
1793 1941 1862 1967 καρ-

1071 1973 1130 1999 πὸν
1140 1974 1275 2004 κοηίίας;
1288 1974 1318 1999 Εἰ
1333 1974 1386 2010 γὰρ
1399 1975 1446 2001 καὶ
1460 1975 1583 2003 δοκοῦσιν
1595 1977 1620 2003 οἱ
1641 1977 1758 2012 πατέρες
1775 1978 1861 2006 nouat

1070 2019 1103 2045 τὰ
1115 2019 1206 2049 τέκνα,
1225 2019 1282 2046 ἀλλ’
1299 2017 1345 2046 οὖν
1365 2021 1379 2046 ὁ
1403 2020 1468 2052 Θεὸς
1493 2020 1578 2048 ταῦτα
1594 2023 1678 2048 ποιεῖ·
1697 2023 1745 2049 καὶ
1769 2023 1784 2049 ὁ
1809 2022 1861 2058 μὲν

1069 2065 1164 2096 αἴτιος,
1182 2066 1205 2091 oi
1217 2065 1244 2092 δὲ
1258 2066 1398 2099 συναίτιοι,
1416 2066 1454 2098 ὡς
1469 2067 1508 2102 τῷ
1522 2067 1550 2100 ἐξ
1565 2068 1651 2103 ἀρχῆς
1667 2067 1749 2095 αὐτοῦ
1766 2068 1859 2097 διακο-

1069 2111 1176 2142 νοῦντες
1191 2112 1390 2147 προστάγματι.
1406 2112 1454 2139 Διὰ
1470 2112 1549 2139 τοῦτο
1574 2113 1674 2146 πολλοὶ,
1692 2114 1780 2141 καίτοι
1800 2115 1859 2143 ἐπι-

1069 2156 1217 2192 θυμοῦντες
1235 2157 1411 2190 παιδοποιεῖν,
1426 2159 1455 2184 οὐ
1471 2158 1607 2186 δύνανται.
1627 2159 1655 2186 Ὀ
1669 2160 1698 2186 δὲ
1712 2160 1857 2197 Σύμμαχος

1069 2212 1163 2239 φησιν,
1190 2203 1287 2237 Αὐτὸς
1305 2204 1448 2238 ἐποίησεν
1470 2205 1549 2240 ἡμᾶς
1570 2208 1625 2233 οὐκ
1652 2206 1755 2240 ὄντας·
1772 2206 1857 2242 ἡμεῖς

1068 2249 1101 2275 δὲ
1119 2249 1194 2283 λαὸς
1208 2249 1303 2284 νομῆς
1319 2250 1412 2278 αὐτοῦ
1431 2251 1480 2277 καὶ
1497 2251 1628 2285 πρόϐατα
1640 2252 1739 2287 χειρὸς
1753 2252 1855 2281 αὐτοῦ.

1068 2295 1117 2322 Διὰ
1141 2295 1243 2322 τούτων
1264 2296 1294 2322 οὐ
1317 2296 1396 2331 μόνον
1410 2296 1459 2332 τὴν
1480 2296 1647 2329 δεσποτείαν,
1667 2298 1735 2325 ἀλλὰ
1750 2298 1856 2335 καὶτὴν

1045 2337 1051 2374 ξ
1068 2337 1230 2376 κηδεμονίαν
1247 2341 1409 2377 ἐγνώρισεν·
1422 2343 1452 2369 οὐ
1468 2343 1547 2378 μόνον
1564 2342 1617 2379 γὰρ
1632 2343 1710 2379 ἡμῶν
1725 2344 1856 2382 δεσπότης

1068 2388 1152 2419 ἐστὶν,
1169 2387 1236 2414 ἀλλὰ
1249 2388 1294 2414 καὶ
1305 2388 1416 2424 ποιμὴν,
1427 2388 1475 2424 τὴν
1489 2389 1592 2424 ἀγαθὴν
1605 2391 1620 2424 ἡ
1626 2390 1682 2425 μῶν
1695 2391 1856 2427 προσφέρων

1067 2435 1163 2469 νομήν.
1191 2434 1285 2468 Ἡμεῖς
1305 2434 1424 2468 suam;
1445 2435 1549 2468 αὑτοῦ,
1569 2436 1606 2468 ὡς
1626 2436 1769 2472 βασιλέως,
1794 2437 1856 2473 πρό-

1067 2480 1136 2506 ϐατα
1155 2479 1182 2506 δὲ
1195 2480 1232 2511 ὡς
1247 2480 1374 2515 ποιμένος
1385 2489 1391 2496 ·
1406 2481 1470 2512 λαὸς
1484 2482 1508 2507 οἱ
1526 2482 1664 2517 κρείττους
1677 2483 1725 2509 καὶ
1742 2482 1856 2518 λογικώ-

1065 2534 1139 2561 τεροι
1149 2535 1155 2540 ’
1172 2525 1325 2562 πρόϐαταοί
1336 2526 1546 2562 ὑποϐεϐηκότες,
1559 2528 1605 2554 καὶ
1618 2528 1668 2563 τὴν
1684 2528 1854 2566 ἀλογωτέραν

1066 2572 1141 2604 τάξιν
1165 2572 1320 2606 ἐπέχοντες,
1341 2573 1387 2598 καὶ
1403 2573 1439 2607 μὴ
1469 2574 1498 2599 ὲν
1511 2573 1594 2608 πείρᾳ
1615 2574 1668 2601 τῶν
1681 2574 1761 2601 οείων
1779 2575 1855 2607 ὄντες

1065 2617 1177 2650 λογίων·
1197 2617 1267 2644 κατὰ
1287 2618 1327 2649 τὸ,
1350 2619 1540 2653 Ἐπλανήθην
1563 2620 1603 2652 ὡς
1612 2620 1760 2654 πρόϐατον
1779 2620 1853 2648 ἀπο-

1064 2665 1171 2697 λωλός.
1202 2664 1275 2700 Πλὴν
1299 2664 1366 2692 ἀλλὰ
1394 2665 1502 2691 πάντων
1528 2665 1594 2696 Θεὸς
1610 2665 1647 2692 ὢν
1664 2666 1710 2693 καὶ
1727 2666 1850 2702 ποιητὴς,

1065 2710 1154 2736 πάντα
1164 2710 1240 2736 καλεῖ
1259 2710 1306 2738 καὶ
1324 2710 1511 2742 ὲξοικειοῦται.
1532 2710 1717 2745 Ἀνθρώπους
1735 2711 1789 2748 γὰρ
1803 2712 1851 2739 καὶ

1064 2756 1159 2789 κτήνη
1188 2755 1272 2786 σώζει
1293 2757 1308 2783 ὁ
1326 2757 1412 2789 Θεός·
1433 2757 1495 2788 τοὺς
1511 2757 1571 2792 μὲν,
1586 2757 1624 2789 ὡς
1638 2758 1701 2785 λαὸν
1711 2758 1806 2792 αὑτοῦ,
1818 2758 1852 2791 τὰ

1064 2802 1102 2834 δὲ,
1118 2802 1155 2834 ὡς
1170 2802 1294 2838 πρόϐατα
1310 2802 1400 2838 χειρὸς
1413 2802 1506 2829 αὐτοῦ.

265 2896 507 2943 ξκέιμὺγλκιιιιμιὲεξ
547 2902 564 2943 ἰ
576 2901 648 2943 Ξξεοὶτ
664 2910 747 2930 οινιιι
759 2924 766 2936 ,
781 2903 834 2943 λῖς
851 2904 984 2943 Job_vni,
1001 2905 1022 2932 14

1083 2905 1210 2943 "larem.
1229 2915 1257 2941 ι,
1278 2906 1303 2934 5.
1344 2907 1355 2924 ἰ
1374 2907 1441 2935 Gen.
1470 2916 1537 2941 xu,
1560 2909 1582 2935 t.
1608 2908 1700 2943 Vuig.,
1731 2907 1847 2943 alioquin

230 2935 337 2963 moriar.
377 2935 387 2950 ⁵
406 2935 470 2964 ibid.
489 2937 515 2964 ‘2.
555 2937 564 2952 ‘
584 2936 654 2967 Psal.
673 2946 756 2966 cum
777 2939 837 2968 176.
875 2941 890 2974 ⁷μ
906 2935 983 2968 ΡείιΙῘ
997 2949 1085 2969 xxxv.
1105 2941 1127 2969 7.
