2044 3212
314 217 384 246 1245

683 218 817 248 EUSEBII
830 217 1068 247 CESARIENSIS
1086 218 1160 246 OPP.
1179 218 1269 246 PARS
1288 217 1331 247 Ill.
1351 234 1385 241 —-
1403 218 1607 247 EXEGETICA.

1872 217 1942 246 HM

314 276 460 312 peccabam
475 277 542 306 :sed
562 277 585 306 si
608 278 674 314 quid
696 279 763 306 mihi
780 279 940 307 humanitus
956 277 1099 312 acciderit,

1152 278 1175 304 εί
1187 278 1215 304 δὲ
1230 278 1277 305 καί
1293 287 1320 305 τι
1334 278 1432 315 συνέϐη
1456 278 1634 313 ἀνθρώπινον,
1655 277 1710 303 ἀλλ’
1727 277 1757 303 οὐ
1771 276 1942 312 προθεμένου

314 322 342 350 id
355 331 408 350 non
421 331 455 351 ex
469 325 609 360 proposito
623 333 683 353 meo
701 325 803 352 factum
818 329 870 353 est.

350 368 432 396 Vens.
451 370 478 397 4.
500 369 560 398 Non
584 371 696 399 adhmit
714 371 778 398 mihi
795 380 840 398 cor
857 379 976 406 pravum.
995 372 1099 400 Diaboli

314 415 440 448 consilia,
464 420 560 452 utpote
571 425 632 452 quas
653 422 758 445 rectum
782 418 851 445 nihil
866 418 994 451 habeant,
1016 426 1099 454 prava

314 468 380 489 sane
391 466 418 489 et
430 469 556 497 perversa
569 467 645 496 sunt,
665 471 726 498 quae
740 471 893 499 nunquam.
911 464 960 495 ait,
980 463 1007 490 in
1019 463 1100 492 corde

315 507 413 535 admisi
428 517 434 535 :
449 515 551 543 gnarus
574 516 649 542 vero,
673 517 735 537 eum
759 510 807 545 qui
832 509 951 537 adhaeret
965 509 1041 545 justo
1054 510 1100 545 ju-

314 558 387 581 slum
413 553 480 586 fore,
498 562 605 583 omnem
628 563 786 591 perversum
814 564 857 584 me
884 557 1042 592 contingere
1067 564 1099 584 ac

314 599 380 626 mihi
400 599 537 627 adlmrere
551 601 713 629 abnueham.
729 601 796 628 Nam
817 607 921 629 rectum
939 609 1023 629 curvo
1036 610 1099 630 coa-

313 645 383 678 ptari
404 646 509 680 nequit,
524 650 619 682 utpote
634 647 706 682 quod
716 647 853 682 quadrare
870 652 997 683 nequeat.
1014 648 1100 676 Decli—

314 694 393 716 nante
408 699 425 717 ιι
436 699 476 718 me
486 692 602 727 maligno
616 701 667 720 non
678 692 874 727 cognoscebam.
890 692 939 720 Vir
950 693 1097 729 perfectus,

313 738 359 772 qui
373 746 422 765 cor
441 746 598 773 perversum
618 747 672 767 non
693 740 774 767 habet
790 741 817 767 in
832 741 904 775 quod
917 741 1004 775 possit
1021 742 1100 769 mali-

312 791 383 818 gnus
397 785 515 819 operari,
532 784 588 812 Deo
607 786 746 821 repletur;
761 787 798 813 ita
814 790 844 813 ut
869 788 1016 822 malignus,
1035 796 1097 815 cum

313 829 402 856 locum
417 829 488 864 apud
501 838 563 857 eum
578 837 632 857 non
654 831 783 865 reperiat,
797 830 916 859 declinet
929 832 964 860 ab
976 840 1008 860 eo
1025 843 1032 860 :
1049 833 1098 861 de-i

312 874 432 902 clinanle
447 880 538 903 autem
551 876 609 908 illo,
625 876 724 911 inquit,
739 884 793 904 non
805 870 1014 912 cognoscebam,
1034 879 1097 914 quia

312 920 463 955 prmsentize
485 921 544 956 ejus
561 929 643 949 sensu
667 921 813 950 destitutus
832 930 918 957 eram,
934 924 980 959 qui
997 932 1047 952 nec
1064 924 1098 952 de

313 966 360 993 illo
374 967 538 1002 cogitabam,
561 975 612 996 nec
635 976 706 1003 opus
729 977 791 997 cum
809 969 856 997 illo
876 969 1021 998 habebam.
1036 970 1100 999 Haec
1116 959 1137 988 Β

313 1018 395 1046 porro
417 1012 551 1048 intelliges
567 1020 676 1048 quoque
696 1013 730 1041 de
753 1013 865 1041 homine
884 1015 1014 1051 maligno,
1036 1016 1100 1051 quia

311 1065 363 1085 nec
376 1065 438 1085 cum
453 1058 606 1091 accederet,
619 1067 669 1086 nec
681 1067 743 1087 cum
758 1060 922 1092 discederet.
938 1061 1099 1096 sentiebam,

311 1103 350 1129 ita
367 1103 512 1138 pestiferos
529 1103 655 1132 homines
672 1104 884 1140 vilipendebam,
902 1114 933 1133 ac
950 1114 1003 1134 non
1019 1115 1101 1135 nosse

311 1149 473 1176 simulabam
496 1159 503 1177 :
531 1157 581 1177 nec
611 1150 684 1178 enim
715 1151 848 1186 dignabar
875 1152 980 1180 amicus
1005 1161 1099 1181 eorum

311 1201 382 1221 esse.
398 1194 466 1221 Num
483 1195 546 1230 quia
560 1195 695 1230 superbus
710 1196 761 1223 es?
777 1195 965 1232 Nequaquam,
982 1198 1039 1232 ait;
1052 1199 1099 1226 scd

312 1240 404 1267 sciens
419 1240 496 1272 illud,
509 1240 686 1275 Corrumpunt
701 1249 785 1269 more:
798 1241 878 1270 bonos
892 1243 1024 1279 colloquia
1040 1252 1101 1277 pra-

312 1293 343 1312 ua
353 1285 375 1317 ⁸,
393 1294 454 1313 cum
471 1287 548 1313 malis
562 1287 720 1315 societatem
736 1295 790 1315 non
805 1288 917 1316 inibam.

346 1371 429 1400 Vens.
451 1373 478 1401 5.
499 1373 682 1402 Detrahentem
705 1380 802 1403 secreto
820 1377 941 1411 proximo
957 1386 1015 1412 tuo,
1031 1379 1100 1406 hunc

310 1418 491 1454 persequebar.
507 1419 575 1447 Cum
591 1421 739 1454 hominem,
759 1422 858 1458 inquit,
882 1427 939 1451 tum
960 1425 1099 1460 cogitatio-

311 1472 372 1492 nem
388 1465 455 1492 milii
475 1466 578 1501 aliquid
591 1467 654 1494 mali
666 1473 762 1496 contra
775 1469 931 1504 quempiam
946 1478 1097 1506 suggeren-

309 1513 376 1552 tem,
389 1519 422 1538 ex
437 1511 519 1539 corde
534 1512 667 1547 pellebam
682 1518 712 1540 ut
723 1521 819 1541 canem
833 1514 903 1542 clam
913 1516 1095 1544 mordentem.

309 1555 378 1584 Nam
391 1558 432 1584 vir
443 1558 557 1593 probus,
573 1559 618 1595 qui
637 1559 664 1587 in
679 1560 809 1589 omnibus
825 1561 940 1589 ﬁdenter
959 1571 1040 1598 agere
1056 1572 1098 1591 so-

311 1603 357 1635 let,
378 1604 450 1631 sicut
462 1612 494 1631 ea
511 1613 572 1639 quae
586 1605 656 1632 clam
673 1610 803 1641 aguntur,
823 1611 917 1642 utpote
932 1609 1097 1637 confusione

311 1648 402 1683 digna,
418 1654 575 1684 aversatur;
598 1651 635 1678 ita
653 1655 760 1680 secreto
774 1657 871 1679 contra
888 1655 1042 1690 quempiam
1055 1656 1097 1683 vel

311 1694 401 1722 dicere
416 1695 518 1730 aliquid
532 1696 573 1724 vel
592 1697 687 1725 audire
701 1705 757 1725 non
773 1698 890 1726 sustinet
904 1708 910 1726 :
928 1707 989 1726 nam
1006 1701 1032 1727 id
1050 1701 1098 1728 im-

312 1739 389 1775 probi
404 1744 432 1767 et
445 1740 584 1770 illiberalis
599 1746 672 1770 esset
686 1752 693 1770 :
708 1751 758 1772 nec
768 1743 903 1778 ejusmodi
915 1752 959 1773 res
975 1746 1097 1781 periculo

311 1790 400 1819 vacat,
417 1795 479 1814 cum
495 1787 637 1822 Scriptura
654 1788 747 1818 dicat:
762 1788 803 1817 Ne
814 1799 885 1818 ames
902 1793 1050 1827 aetraherr,
1067 1803 1098 1822 ne

311 1831 342 1860 de
368 1833 452 1860 medio
477 1834 619 1868 Iollaris';
637 1839 674 1868 et,
699 1835 790 1864 Nolite
813 1837 950 1866 detrahere
974 1841 1095 1875 invicem,

311 1879 418 1913 fratres,
441 1889 472 1907 ne
486 1880 534 1907 sub
546 1881 677 1916 judicium
698 1883 802 1911 collatis
813 1885 845 1913 ¹⁰.
864 1884 936 1918 Quid
951 1887 987 1914 sit
1003 1887 1097 1915 detra-

311 1926 472 1961 here,quasi
485 1928 608 1963 exemplo
617 1929 812 1958 declarandum
823 1935 879 1959 est:
894 1940 949 1960 non
964 1934 1051 1968 enim,
1065 1935 1099 1963 de

311 1971 404 2006 aliquo
416 1972 486 2000 clam
501 1974 611 2008 obloqui
631 1982 740 2010 quoque
755 1975 847 2010 modo,
867 1977 935 2005 illud
949 1982 992 2007 est
1004 1979 1098 2008 detra-

311 2017 388 2045 here.
402 2017 563 2054 Plerumque
581 2018 653 2046 enim
668 2019 702 2047 de
713 2021 807 2056 aliquo
821 2027 888 2050 tunc
902 2023 1017 2052 absente
1027 2026 1098 2053 male

312 2062 461 2097 loquimur,
482 2071 537 2091 non
562 2065 634 2100 quod
662 2066 807 2095 detrahere
829 2068 881 2104 ipsi
897 2069 1033 2106 velimus,
1049 2073 1098 2100 sed

311 2108 435 2137 dolentes
450 2110 523 2145 quod
540 2110 563 2138 is
582 2110 699 2140 fortasse
713 2112 855 2148 improbus
872 2115 929 2143 sit:
942 2120 1024 2152 atque
1041 2118 1099 2146 brec

312 2162 424 2195 narrare
439 2155 582 2184 studemus
593 2157 638 2188 iis,
653 2158 701 2193 qui
718 2159 832 2194 perinde
847 2164 929 2196 atque
944 2170 993 2190 nos
1009 2170 1042 2190 ex
1055 2163 1098 2190 di-

312 2193 438 2228 lectionis
455 2199 555 2228 aﬂ‘ectu
571 2201 605 2229 de
616 2202 662 2229 illo
676 2193 774 2231 curant
785 2207 812 2232 et
830 2193 940 2233 solliciti
956 2211 1029 2235 sunt.
1046 2208 1098 2242 Qui

314 2247 396 2282 igitur
419 2247 459 2275 sic
480 2251 576 2275 contra
603 2248 741 2277 absentem
766 2250 898 2286 loquitur,
926 2260 1097 2289 nequaquam

1154 332 1205 359 μου
1219 324 1298 351 τοῦτο
1309 324 1424 358 ἐγένετο.
1566 339 1569 342 -

1189 372 1249 398 οὐκ
1264 371 1416 405 ἐκολλήθη
1430 379 1480 405 μοι
1497 369 1603 405 καρδία
1621 368 1750 403 σκαμϐή.
1766 368 1806 395 Τὰ
1822 367 1870 394 τοῦ
1884 367 1943 394 δια-

1153 416 1230 444 ϐόλου
1248 417 1428 452 βουλεύματα,
1446 417 1493 443 ἅτε
1511 416 1594 452 μηδὲν
1611 415 1688 447 εὑθὲς
1708 415 1814 450 ἔχοντα,
1829 412 1943 449 σωμὸἆ

1152 463 1182 490 τέ
1208 464 1266 490 ἐστι
1289 463 1336 490 καὶ
1359 462 1572 499 διεστραμμένα,
1598 462 1671 497 ἅπερ
1697 461 1825 488 οὐδέποτε
1852 461 1882 486 ὲν
1907 461 1941 496 τῇ

1153 509 1250 545 καρδίᾳ
1261 509 1440 544 εισδέδεγμαι,
1456 509 1548 545 φησιν’
1564 507 1641 539 εἰδὼς
1659 502 1696 540 δὲ,
1711 507 1752 534 ὅτι
1767 507 1781 532 ὁ
1801 505 1941 541 κολλώμε-

1152 562 1197 586 νος
1219 553 1314 589 δικαίῳ
1336 554 1438 586 δίκαιος
1461 553 1547 586 ἐσται,
1569 553 1656 579 πάντα
1672 552 1833 586 διάστροφον
1856 551 1942 586 ἄνδρα

1153 600 1333 636 παρῃτούμην
1347 599 1527 627 σννάπτεσθαί
1541 607 1586 634 μοι
1605 598 1652 624 καὶ
1665 597 1811 624 κολλᾶσθαί
1832 605 1887 632 μοι.
1906 596 1943 622 Τὸ

1152 646 1206 682 γὰρ
1231 645 1294 673 εὐθὺ
1317 645 1356 681 τῷ
1380 644 1502 681 στρεϐλῷ
1530 643 1696 679 συναφθῆναι
1721 643 1752 669 ού
1775 642 1888 669 δύναται
1905 642 1942 674 ὡς

1151 692 1332 728 ἀνάρμοστον.
1355 691 1563 723 Ἐκκλινοντος
1579 690 1629 717 ἀπ’
1647 689 1720 724 ἐμοῦ
1738 688 1791 715 τοῦ
1807 687 1942 722 πονηροῦ

1152 740 1207 765 οὐκ
1227 738 1402 773 ἐγίνωσκον.
1422 737 1451 764 '0
1472 736 1582 768 τέλειος,
1605 735 1716 772 καρδίαν
1740 734 1869 770 οκαμὸὴν
1893 733 1942 760 οὐκ

1151 783 1231 818 ἔχων,
1248 784 1288 815 εἱς
1312 783 1344 818 ἢν
1359 783 1478 818 ἐνεργεῖν
1498 783 1513 809 ὁ
1531 781 1648 817 πονηρὸς
1669 780 1790 810 δύναται,
1810 779 1858 805 τοῦ
1873 777 1941 805 Θεοῦ

1152 829 1346 864 πεπλήρωται·
1365 828 1434 854 ὥστε
1458 827 1503 854 τὸν
1526 827 1653 862 πονηρὸν,
1679 826 1716 862 μὴ
1738 826 1835 860 ἔχοντα
1859 826 1940 851 τόπον

1152 875 1217 910 παρ’
1239 873 1324 909 αὐτῷ,
1346 873 1479 900 ἐκκλίνειν
1505 872 1553 899 ἀπ’
1580 871 1680 898 αὐτοῦ·
1709 871 1880 902 ἐκκλίνοντος
1903 869 1939 901 δὲ,

1152 920 1243 955 φησὶν,
1261 920 1311 946 οὑκ
1333 919 1498 954 ἐγίνωσκον
1517 918 1556 954 τῷ
1581 917 1618 953 μὴ
1641 917 1767 953 αἴσθησιν
1787 916 1941 952 παρουσίας

1151 966 1233 992 αὐτοῦ
1249 965 1393 1001 ἐσχηκέναι
1404 973 1410 980 ·
1426 965 1456 992 οὺ
1467 965 1521 1000 γὰρ
1535 963 1680 999 ἐνθύμημα
1693 963 1709 999 ἢ
1725 963 1805 998 ἔργον
1821 962 1875 988 τῶν
1893 961 1941 989 αὖ·

1151 1012 1198 1039 τοῦ
1211 1011 1288 1047 ἔσχον
1303 1012 1368 1047 παρ’
1384 1011 1455 1046 ὲμοί.
1470 1010 1586 1045 Νοήσεις
1601 1009 1629 1035 δε
1647 1009 1734 1036 ταῦτα
1748 1008 1795 1034 καὶ
1811 1008 1877 1044 περὶ
1891 1007 1939 1034 ἀν-

1152 1058 1262 1094 θρώπου
1281 1056 1410 1093 πονηροῦ,
1434 1057 1474 1083 ὅτι
1497 1055 1552 1082 οὐδ’
1575 1056 1619 1082 ὅτε
1643 1054 1806 1091 προσῆλθεν,
1819 1053 1874 1080 οὐδ’
1894 1054 1939 1080 ὅτε

1151 1104 1283 1139 ἀνεχώρει
1299 1103 1423 1138 αἴσθησιν
1437 1101 1598 1137 ἐλάμϐανον,
1616 1100 1702 1132 οὕτως
1714 1101 1742 1126 ὲν
1758 1100 1847 1126 οὐδενὶ
1863 1099 1939 1135 μέρει

1151 1150 1300 1185 ἐποιούμην
1323 1149 1385 1180 τοὺς
1408 1147 1528 1183 λοιμοὺς,
1564 1146 1611 1174 καὶ
1633 1146 1708 1173 οὐδὲν
1732 1146 1831 1172 ειδέναι
1856 1153 1931 1181 προσ·

1151 1195 1315 1230 εποιούμην·
1334 1194 1363 1221 οὐ
1381 1194 1435 1228 γὰρ
1455 1193 1547 1228 ἠξίουν
1562 1191 1630 1220 εἶναι
1651 1192 1725 1227 φίλον
1748 1192 1850 1218 αὐτῶν.
1867 1189 1938 1226 Ἃρα

1150 1242 1188 1274 ὡς
1209 1242 1398 1277 ὑπερήφανος;
1422 1239 1566 1276 Οὐδαμῶς,
1590 1238 1689 1274 φησίν·
1717 1237 1773 1265 ἀλλ’
1795 1237 1884 1269 2166);,
1900 1237 1938 1264 δτι

1151 1288 1327 1322 Φθείρουσιν
1347 1286 1404 1321 ἤθη
1417 1285 1534 1321 χρηστὰ
1550 1285 1661 1320 ὁμιλίαι
1675 1284 1774 1316 κακαὶ,
1789 1283 1820 1310 οὐ
1838 1283 1938 1310 συνδιε-

1150 1334 1264 1369 τιθέμην
1279 1334 1334 1365 τοῖς
1349 1342 1415 1368 πονη
1420 1334 1487 1368 ροίς.

1188 1380 1244 1407 Τόν
1258 1378 1487 1407 καταλωῑοῦντα
1502 1377 1598 1412 λάθρα
1611 1376 1665 1404 τὸν
1685 1376 1819 1411 πλησίον
1835 1374 1937 1407 αὐτοῦ.

1150 1426 1258 1453 τοῦτον
1269 1425 1437 1458 ὲξεδίωκον.
1461 1424 1517 1451 Καὶ
1531 1422 1686 1459 ἄνθρωπον,
1705 1423 1782 1458 φησὶ,
1798 1422 1847 1449 καὶ
1867 1422 1938 1457 λογι-

1151 1472 1219 1507 σμὸν
1231 1470 1418 1498 ὑποϐάλλοντα
1434 1479 1460 1497 τι
1479 1469 1595 1506 πονηρόν
1615 1478 1660 1505 μοι
1683 1469 1753 1496 κατά
1764 1477 1838 1500 τινος
1849 1467 1939 1500 ἐξέϐα-

1149 1518 1194 1544 λον
1209 1519 1241 1544 ὲκ
1261 1518 1311 1552 τῆς
1332 1517 1444 1552 καρδίας
1462 1525 1523 1551 μου,
1544 1516 1581 1548 ὡς
1602 1515 1672 1542 κύνα
1691 1515 1888 1551 λαθροδήκτην.
1909 1514 1938 1541 Ὀ

1149 1563 1203 1600 γὰρ
1225 1563 1376 1594 σπουδαῖος,
1396 1563 1424 1589 ὲν
1444 1561 1524 1588 παντί
1540 1570 1579 1597 τῳ
1600 1561 1758 1597 παρρησίαν
1777 1560 1851 1596 ἔχειν
1874 1561 1937 1594 ἀγα-

1150 1610 1221 1643 πῶν,
1235 1609 1329 1644 ὥσπερ
1349 1609 1383 1635 τὰ
1405 1608 1493 1644 λάθρα
1516 1606 1641 1643 δρώμενα
1662 1607 1701 1642 τῷ
1724 1606 1857 1642 αἰσχύνης
1874 1605 1938 1633 εἶναι

1149 1656 1222 1690 ἄξια,
1243 1656 1434 1691 παραιτεῖται·
1457 1653 1528 1681 οὓτω
1549 1654 1596 1680 καὶ
1620 1653 1651 1680 τὸ
1673 1653 1763 1688 λέγειν
1787 1653 1804 1688 ἢ
1831 1653 1940 1680 ἀκούειν

1148 1702 1221 1729 κατά
1239 1710 1312 1732 τινος
1336 1700 1456 1737 κρύϐδην
1477 1700 1527 1727 οὐκ
1550 1699 1690 1735 ἀνέχεται·
1711 1699 1865 1735 κακοήθους
1887 1699 1938 1735 γὰρ

1148 1749 1196 1774 καὶ
1214 1746 1388 1782 ἀνελευθέρου
1412 1745 1442 1772 τὸ
1461 1746 1573 1782 χρῆμα,
1594 1746 1747 1781 ἐπήρτηται
1767 1745 1796 1772 δὲ
1819 1745 1938 1777 κίνδυνος

1147 1792 1186 1829 τῷ
1206 1793 1366 1829 πράγματι,
1385 1793 1434 1828 τῆς
1456 1792 1567 1828 Γραφῆς
1592 1791 1741 1827 λεγούσης·
1764 1792 1813 1826 Μὴ
1838 1791 1937 1826 ἀγάπα

1148 1838 1339 1871 καταλαλεῐν,
1364 1838 1413 1865 ἵνα
1434 1838 1476 1873 μὴ
1498 1837 1642 1872 ἐξαρθῇς·
1667 1838 1724 1870 καὶ,
1737 1837 1785 1872 Μὴ
1809 1839 1938 1865 καταλα-

1147 1885 1227 1912 λεῖτε
1242 1884 1396 1917 ἀλλήλων,
1419 1884 1555 1919 ἀδελφοὶ,
1569 1885 1619 1912 ἵνα
1635 1884 1679 1919 μὴ
1695 1884 1754 1912 ὑπὸ
1770 1885 1876 1918 κρίσιν
1891 1883 1939 1911 πέ-

1148 1938 1231 1965 σητε.
1249 1930 1321 1957 Τίδέ
1337 1931 1394 1956 ἐστι
1409 1930 1438 1956 τὸ
1452 1930 1612 1957 καταλαλεῖν
1625 1930 1663 1962 ὡς
1680 1931 1708 1957 ὲν
1727 1930 1806 1965 τύπῳ
1823 1930 1938 1966 παραδο-

1148 1978 1224 2005 τέον·
1241 1977 1271 2003 οὒ
1294 1976 1348 2013 γὰρ
1363 1977 1394 2003 τὸ
1410 1976 1533 2004 ὁπωσοῦν
1549 1977 1637 2011 λέγειν
1658 1977 1721 2012 περί
1733 1986 1805 2009 τινος
1827 1978 1877 2004 καὶ
1892 1976 1937 2003 λά-

1149 2024 1202 2061 θρα
1213 2024 1317 2051 ἐκείνου
1333 2023 1492 2050 καταλαλεῐν
1503 2024 1561 2050 ἐστι
1569 2032 1576 2039 ⁸
1590 2023 1719 2055 πολλάκις
1731 2023 1795 2058 γοῦν
1810 2023 1937 2060 ἀγορεύο-

1151 2070 1201 2105 μὲν
1216 2078 1278 2097 τινα
1294 2069 1386 2101 κακῶς
1407 2070 1520 2103 ἀπόντα,
1540 2070 1570 2096 οὐ
1594 2070 1757 2097 καταλαλείν
1776 2069 1859 2097 αὐτοῦ
1879 2069 1938 2105 βου-

1149 2116 1265 2151 λόμενοι,
1282 2115 1350 2142 ἀλλὰ
1373 2115 1535 2151 λυπούμενοι
1559 2115 1603 2141 διὰ
1621 2115 1652 2142 τὸ
1677 2113 1745 2142 εἶναι
1769 2115 1851 2142 αὑτὸν
1876 2115 1936 2147 ἴσως

1149 2161 1250 2195 φαῦλον
1262 2169 1270 2176 ·
1297 2159 1458 2196 πειρώμεθα
1478 2160 1506 2187 δὲ
1527 2160 1618 2194 λέγειν
1639 2160 1673 2186 τὰ
1693 2160 1757 2196 περὶ
1781 2160 1865 2187 αὑτοῦ
1884 2161 1937 2191 τοῖς

1148 2207 1278 2239 ὡσαύτως
1301 2209 1367 2244 ἡμῖν
1389 2207 1549 2243 κηδομένοις
1574 2206 1654 2234 αὐτοῦ
1677 2207 1724 2234 καὶ
1752 2207 1937 2242 φροντίζουσιν

1149 2254 1203 2281 ἀπὸ
1222 2253 1368 2285 διαθέσεως
1391 2253 1510 2289 φιλικῆς.
1537 2253 1566 2280 '0
1593 2252 1638 2280 οὖν
1663 2253 1735 2280 οὕτω
1757 2253 1846 2287 λέγων
1870 2253 1936 2279 κατὰ

313 2293 464 2321 maledicus
478 2296 541 2321 est:
557 2294 636 2329 (nam
653 2294 803 2324 maledicus
825 2304 879 2323 non
896 2297 933 2324 ita
944 2299 999 2333 agit
1013 2301 1033 2334 ),
1051 2300 1098 2327 sed

1151 2301 1271 2333 ἀπόντος,
1282 2301 1312 2328 οὐ
1328 2299 1478 2331 κατάλαλὸς
1491 2300 1564 2326 ἐστιν
1576 2308 1582 2314 '
1601 2298 1669 2325 ἀλλὰ
1683 2299 1800 2334 σπουδὴν
1817 2299 1874 2334 ἔχει
1893 2299 1936 2325 σὺν

313 2347 376 2367 cum
397 2340 538 2375 voluptate
555 2344 651 2369 contra
667 2343 813 2377 quemdam
829 2343 959 2379 loquitur,
974 2352 1029 2372 non
1044 2353 1100 2374 mo-

315 2385 382 2413 leste
400 2385 492 2414 ferens
506 2387 580 2422 quod
597 2387 643 2414 ille
661 2387 725 2415 talia
740 2389 872 2424 patrarit;
895 2390 943 2417 sed
964 2390 998 2417 de
1022 2398 1054 2418 ea
1070 2398 1100 2418 re

313 2431 428 2460 laatatur.
456 2431 522 2468 Ejus
548 2440 667 2468 namque
690 2437 766 2469 gesta
794 2428 934 2463 malevolis
963 2441 1099 2469 recenset.

313 2478 359 2513 qui
385 2487 416 2506 ea
438 2484 559 2515 relegere
582 2484 610 2508 et
636 2481 795 2510 renuntiem
817 2486 933 2517 possunt
954 2483 1016 2511 aliis
1032 2483 1100 2512 bene

313 2525 418 2553 multis.
443 2526 512 2559 Quid
531 2527 583 2555 sibi
602 2527 659 2554 vult
678 2532 768 2556 autem
785 2528 851 2556 illud
871 2529 944 2564 quod
960 2531 1098 2566 adjicitur,

313 2575 422 2604 secreto,
456 2580 516 2600 cum
539 2574 628 2608 palam
647 2574 681 2602 sit
701 2575 851 2610 quamlibet
872 2575 1098 2606 obtrectationem

314 2622 420 2646 secreto
436 2618 515 2646 ﬁeri?
530 2619 577 2648 Vel
590 2620 616 2648 id
634 2620 702 2652 dicit
721 2621 795 2657 quod
810 2622 917 2658 agitur;
936 2627 983 2650 aut
1007 2624 1043 2651 ita
1059 2624 1099 2651 di-

313 2664 505 2700 stinguendum
532 2671 574 2694 est
592 2667 826 2697 :ol-trectatoruin
849 2669 981 2704 quosdam
1003 2674 1098 2697 contra

313 2714 462 2745 praesentes
472 2718 566 2739 coram
580 2713 706 2749 obloqui;
719 2714 747 2741 hi
761 2722 844 2749 porro
858 2715 1059 2743 conviciatores
1071 2720 1099 2742 et

314 2757 505 2785 contumeliosi
531 2763 642 2786 assueto
664 2768 740 2788 more
763 2764 914 2795 vocantur;
941 2762 987 2789 sed
1009 2767 1098 2790 tamen

314 2803 379 2838 quia
397 2808 492 2831 contra
508 2805 662 2840 quempiam
676 2807 837 2842 IOquuntur,
860 2807 1029 2835 detractores
1043 2807 1100 2835 fue-

315 2849 387 2884 rint;
404 2851 450 2878 alii
466 2859 529 2878 vem
543 2851 612 2879 clam
628 2855 653 2879 et
669 2853 827 2882 absentibus
841 2854 886 2887 iis,
899 2854 1000 2889 quibus
1014 2854 1099 2882 male-

347 2940 362 2959 ⁸
380 2940 389 2968 Ι
407 2942 470 2970 Cor.
490 2951 535 2976 av,
552 2941 615 2974 33..
667 2942 676 2957 ’
696 2941 776 2969 Prov.
797 2950 842 2977 xx,
871 2943 912 2975 l5,
931 2951 982 2970 sec.
1001 2941 1082 2970 LXX.

1151 2346 1248 2382 ἡδονῆς
1268 2347 1326 2373 κατ’
1343 2346 1447 2373 ἐκείνου
1466 2346 1565 2380 λέγειν,
1585 2346 1635 2371 οὐκ
1654 2345 1804 2381 ἀχθόμενος
1830 2346 1877 2371 ὲπί
1900 2344 1935 2379 τῷ

1150 2392 1262 2419 τοιαῦτα
1273 2394 1376 2419 ἐκεῖνον
1390 2391 1578 2427 πεποιηκέναι,
1591 2391 1659 2418 ἀλλὰ
1670 2393 1715 2418 καὶ
1730 2392 1844 2427 χαίρων.
1858 2391 1935 2425 Λέγει

1151 2437 1215 2471 γοῦν
1227 2438 1342 2470 ἐκείνοις
1352 2438 1387 2464 τὰ
1403 2437 1467 2472 περὶ
1482 2436 1563 2463 αὐτοῦ
1579 2439 1636 2469 τοῖς
1653 2437 1776 2473 μισοῦσιν
1786 2437 1880 2469 αὑτὸν,
1893 2437 1936 2464 καὶ

1151 2484 1306 2520 φανερῶσαι
1319 2484 1477 2517 δυναμένοις
1490 2484 1524 2510 δι’
1537 2483 1701 2518 ἐπαγγελίας
1719 2483 1823 2518 ἑτέροις
1835 2484 1934 2511 πλείοσι

1150 2530 1184 2557 τὰ
1205 2531 1269 2566 περὶ
1283 2530 1375 2557 αὐτοῦ.
1389 2530 1422 2557 Τί
1436 2530 1465 2557 δὲ
1482 2529 1604 2565 βούλεται
1621 2529 1817 2565 προσκείμενον
1832 2529 1873 2560 τὸ,
1886 2528 1935 2556 λά·

1150 2577 1214 2610 θρα,
1233 2576 1350 2613 φανεροῦ
1362 2576 1447 2609 ὄντος,
1462 2576 1502 2602 ὅτι
1515 2577 1588 2603 πᾶσα
1605 2575 1755 2611 κατηγορία
1765 2575 1854 2611 λάθρα
1867 2576 1935 2609 γίνεο

1149 2631 1208 2655 ται;
1226 2623 1261 2650 Ἦ
1278 2623 1343 2649 αὐτὸ
1356 2622 1429 2657 λέγει
1440 2623 1470 2649 τὸ
1481 2622 1520 2654 ὃν,
1536 2622 1552 2658 ἢ
1565 2621 1713 2657 διαιρετέον
1728 2621 1810 2653 οὕτω.
1827 2622 1869 2648 δτι
1882 2622 1935 2648 τῶν
1956 2630 1959 2635 λ

1150 2671 1374 2707 κατηγορούντων
1390 2671 1476 2703 τινὰς,
1496 2671 1520 2697 οι
1542 2670 1590 2705 μὲν
1608 2669 1678 2697 κατὰ
1698 2669 1843 2705 πρόσωπον
1868 2677 1935 2704 παρ-

1149 2718 1228 2749 όντας
1251 2718 1446 2753 κακηγοροῦσι,
1468 2717 1583 2752 λοίδοροι
1602 2716 1630 2743 δὲ
1651 2713 1723 2742 οὗτοι
1740 2715 1786 2741 καὶ
1812 2714 1933 2750 ὑϐρισταὶ

1151 2761 1272 2796 συνήθως
1293 2761 1438 2789 καλοῦνται
1447 2771 1453 2777 ·
1469 2762 1543 2797 ὅμως
1560 2759 1605 2788 οὖν
1627 2760 1665 2796 τῷ
1678 2760 1749 2787 κατὰ
1762 2769 1834 2792 τινος
1848 2760 1932 2794 λέγειν

1150 2807 1294 2835 κατάλαλοι
1313 2808 1347 2835 ἂν
1364 2806 1435 2836 εἷεν·
1451 2807 1475 2834 οι
1498 2807 1526 2834 δὲ
1551 2806 1636 2841 λάθρα
1661 2806 1706 2833 καὶ
1732 2806 1857 2833 ἀπόντων
1880 2804 1933 2832 τῶν

1150 2854 1394 2890 κατηγορουμένων
1419 2854 1527 2888 λέγουσι
1549 2853 1608 2881 κατ’
1632 2852 1729 2879 αὐτῶν.
1758 2852 1809 2879 Τὸν
1835 2851 1932 2888 ταύτην

1155 2943 1175 2960 ἀ
1194 2942 1250 2971 Jac.
1269 2952 1305 2977 tv,
1326 2944 1366 2971 ll.
