2044 3212
124 220 194 250 1285

704 222 958 253 COMMENTABIA
975 224 1009 252 IN
1028 223 1196 253 PSALMOS.

1252 218 1300 248 Ιοο
1678 225 1748 255 tm

120 280 169 309 οὖν
183 281 279 317 ἔχοντα
290 281 340 318 τὴν
353 280 430 315 τάξιν
443 281 584 310 ὶκδιώκιιν
598 283 612 310 ό
624 282 700 317 αγιοέ
711 283 795 318 λέγει.
809 283 840 310 οὑ
851 284 915 316 τοὺς

965 284 1079 317 dicitur,
1093 285 1292 321 obloquuntur.
1305 284 1384 326 _Eum
1396 293 1463 314 vero
1478 285 1526 321 qui
1542 284 1624 320 hujus
1634 283 1748 313 ’ordinis

120 330 164 359 εις
177 327 323 363 πρόσωπον
345 327 621 364 διαλοιδορουμένους.
643 329 762 361 Ἐκεῖνος
776 329 831 365 γὰρ
851 328 912 356 καθ’

120 370 153 400 αὖ
165 374 193 400 αι
206 372 376 409 βλασφημίαι
387 373 403 409 ἢ
417 373 511 411 παρὼν
522 374 732 411 ἀπολογήσεται,
744 376 760 411 ἦ
775 375 913 411 ἐλεγχθεὶς

120 419 170 445 ἐπὶ
183 418 223 454 τῷ
235 419 355 451 τοιοῦτος
371 417 451 451 εἶναι,
469 420 689 457 αἰσχυνθήσεται.
709 421 825 448 Δυνατὸν
840 421 913 448 ἀντι-

121 465 326 491 διαστέλλεσοαι
339 466 388 501 τὴν
403 465 491 500 λάθρα
507 467 651 502 γινομένην
664 467 829 494 καταλαλιὰν
845 468 912 502 πρὸς

122 511 172 546 τὴν
189 512 235 537 ἐπὶ
250 512 350 547 κριτῶν
367 512 545 548 κατηγορίαν.
564 513 619 539 Καὶ
635 513 689 549 γὰρ
706 514 775 549 αὕτη
787 513 826 549 τῷ
839 514 912 548 γένει

124 556 284 589 καταλαλιὰ,
297 557 354 584 ἀλλ’
368 558 398 584 οὑ
414 558 502 593 λάθρα
517 559 660 594 γινομένη.
675 559 787 595 Καρπὺς
801 560 850 595 μὲν
866 558 912 586 οὖν

122 602 242 634 διανοίας
266 604 448 640 ἁγιοπρεποῦς
473 604 504 630 τὸ
525 605 716 640 παραιτεῖσθαι
740 606 802 637 τοὺς
829 614 912 640 πονη-

124 648 201 684 ρούς·
217 650 335 685 ἐσχάτης
353 650 381 677 δὲ
399 651 532 686 πονηρίας
549 652 685 684 ἀπόδειξις
700 652 729 678 τὸ
752 652 911 679 καταλαλεῖν

123 695 249 730 ἀδελφοῦ,
266 696 311 723 καὶ
328 697 414 724 ταῦτα
435 698 531 734 λάθρα,
547 699 615 725 ἀλλὰ
639 699 675 734 μὴ
693 700 732 730 εὶς
756 699 909 734 πρόσωπον,

124 742 166 768 ῐνα
182 743 219 778 μὴ
236 743 330 778 παρὼν
343 744 546 780 ἀπολογήσηται
567 747 580 772 ὁ
605 745 856 781 κατηγορούμενος·
873 745 910 777 ὡς

123 788 137 814 ὅ
150 796 181 820 γε
206 789 250 822 ἐφ’
265 789 342 824 ἡμῶν
360 790 453 826 ἐτέρου
471 791 639 822 καταλαλῶν,
659 787 735 822 οὗτος
756 791 815 817 οὑδὲ
833 791 911 826 ἡμῶν

124 834 283 860 καταλαλεῇ
296 835 337 869 ἐφ’
353 836 453 871 ἑτέρων
469 836 607 871 ἀςςέξεται.
624 837 703 864 Ὅθεν
719 837 771 872 χρὴ
788 837 834 863 τὸν
854 845 910 863 τοι-

122 880 200 907 οῦτον
215 880 252 911 ὡς
273 882 361 908 κοινὸν
380 881 476 918 ἐχθρὸν
497 883 608 914 εἰκότως
624 882 794 913 ἐλαύνεσθαι,
809 882 846 913 ὡς
866 882 910 909 τὸν

123 925 152 951 ἐν
167 926 322 961 παραδείσῳ
342 927 509 962 μιμούμενον
522 927 664 963 δράκοντα,
678 927 706 959 ὃς
719 927 765 954 τοῦ
782 927 848 953 Θεοῦ
864 936 910 953 κα-

124 972 277 1008 ταλαλήσας
294 959 348 1009 την.
364 959 436 1000 the
450 959 599 1009 ἠπάτησεν.
620 974 714 1009 Ἡμεῖς
728 973 755 1000 δὲ
778 974 847 1009 μήτε
866 973 910 999 λέ·
928 959 949 986 Β

123 1019 331 1053 γωμεν·κακῶς,
348 1020 394 1046 καὶ
410 1021 465 1051 τοῖς
479 1020 601 1053 λέγουσιν
617 1020 700 1055 ἀκοὴν
717 1020 753 1055 μὴ
770 1019 912 1055 παράσχω-

125 1073 184 1099 μεν.
205 1064 307 1098 Ὰκοίιν
322 1065 365 1097 δὲ,
383 1066 458 1101 φησὶ,
480 1066 609 1100 ματαίαν
622 1065 664 1100 μὴ
679 1065 846 1100 παραδέξῃ·
862 1065 913 1091 οὐκ

123 1109 195 1143 εἷπε,
215 1111 252 1147 μὴ
267 1112 427 1148 πιστεύσῃς,
451 1113 528 1142 ἀλλὰ,
542 1112 585 1147 μὴ
598 1112 762 1146 παραδέξῃ.
779 1111 824 1138 Διδ
838 1111 885 1138 καὶ
899 1111 913 1137 ὁ

124 1158 282 1194 Προφήτης,
308 1158 491 1190 Ἐξεδίωκον,
508 1159 586 1194 φησὶ,
602 1158 654 1185 τὸν
667 1158 912 1186 καταλαλῶν-ω’

123 1204 173 1230 οὑκ
190 1202 275 1231 εἶπεν·
291 1205 346 1232 Οὔκ
359 1206 509 1237 ἐπίστευον,
525 1206 553 1241 ἦ,
569 1206 605 1232 Οὑ
621 1205 810 1241 παρεδεχόμην
823 1205 857 1231 τὰ
871 1205 915 1231 λε-

123 1250 244 1285 γόμενα·
261 1250 329 1277 ἀλλὰ
346 1251 393 1278 καὶ
408 1251 446 1283 ὡς
465 1251 560 1286 ἐχθρὸν
579 1250 744 1286 ἀπήλαυνον.
761 1250 826 1276 Εἰπὲ
847 1249 915 1284 πρὸς

123 1295 168 1321 τὸν
196 1295 408 1329 καταλαλοῦντα,
434 1297 525 1331 Ἔχεις
548 1296 690 1323 ἐπαινέσαι
719 1296 788 1328 τινὰ,
815 1295 914 1329 ἀνοίγω

123 1341 172 1373 τὰς
184 1341 278 1374 ἀκοὰς,
295 1342 338 1369 ἵνα
355 1342 473 1378 δέξωμαι
495 1342 529 1368 τὰ
547 1343 621 1378 μύρα
632 1352 638 1357 -
660 1342 753 1374 κακῶς
769 1341 856 1373 θέλεις
877 1341 915 1367 εί-

125 1389 195 1420 πεῐν,
211 1388 377 1423 ἀποφράττω
395 1389 444 1424 τὴν
462 1389 562 1414 εἴσοδον
584 1390 640 1420 τοῖς
663 1389 798 1423 ῥήμασιν·
817 1388 846 1414 οὑ
861 1387 915 1422 γὰρ

124 1433 256 1468 ἀνέχομαι
271 1434 372 1469 κόπρον
389 1435 434 1460 καὶ
449 1434 577 1470 βόρϐορον
588 1435 720 1469 δέχεσθαι.
742 1434 914 1469 Ἐπιστόμιςε

124 1478 169 1505 τὸν
184 1479 384 1506 καταλαλοῦντα
395 1481 423 1506 ὲν
436 1480 530 1512 ἀκοαῖς
544 1489 599 1511 σου,
615 1480 657 1507 ἵνα
670 1480 707 1515 μὴ
718 1480 812 1515 διπλῆν
827 1480 916 1515 ἁμαρ-

125 1525 186 1551 τίαν
202 1526 251 1552 σὺν
266 1525 340 1560 αὑτῷ
362 1526 532 1561 ὰμαρτάνῃς,
556 1526 602 1552 καὶ
620 1526 715 1552 σαυτὸν
732 1524 845 1560 ὀλεθρίῳ
861 1524 915 1550 πά-

126 1571 166 1597 θει
180 1570 288 1603 ἐθίζων,
303 1572 428 1598 κάκεῖνον
442 1571 512 1598 κατὰ
527 1571 573 1598 τοῦ
593 1571 706 1607 πλησίον
723 1570 850 1606 φλυαρεῖν
866 1570 916 1596 οὐκ

125 1617 295 1645 ἀνακόπτων.
312 1617 358 1652 Μὴ
371 1617 442 1652 δῴης
461 1617 509 1652 τὴν
525 1617 609 1653 ἀκοήν
624 1625 670 1644 σου
691 1618 723 1652 τῇ
741 1616 850 1652 γλώσσῃ
868 1614 915 1642 τοῦ

125 1664 286 1695 καταλάλου,
306 1663 372 1699 μηδὲ
388 1664 437 1699 τὴν
451 1664 575 1698 γλῶσσάν
592 1672 638 1690 σου
652 1665 684 1698 τῇ
700 1665 767 1699 ἀκοῇ
779 1662 826 1690 τοῦ
842 1662 916 1697 φιλο-

123 1710 220 1745 ψὰγου,
240 1711 325 1746 ἡδέως
340 1710 428 1737 λαλῶν
445 1711 461 1746 ἢ
485 1711 592 1737 ἀκούων
608 1710 679 1737 κατὰ
695 1710 741 1736 τοῦ
761 1709 855 1743 πέλας,
873 1709 916 1735 ἵνα

127 1757 164 1793 μὴ
178 1757 296 1792 ὲκπέσης
311 1757 361 1791 τῆς
380 1756 500 1792 ἀγάπης,
520 1757 566 1783 καὶ
580 1757 719 1791 ἀλλότριος
738 1756 852 1791 εὑρεθῇς
867 1756 916 1791 τῆς

124 1804 234 1831 αἰωνίου
244 1803 324 1838 ζωῆς.
339 1803 500 1839 Διαφέρειδὲ
512 1803 542 1829 τὸ
554 1806 739 1837 καταχρῖναι,
757 1803 787 1829 τὸ
797 1803 917 1832 ἐξουδε-

124 1849 231 1881 νῶσαι,
246 1850 293 1876 καὶ
304 1850 334 1875 τὸ
344 1851 479 1876 καταλαλ
484 1849 564 1883 ἧσαι.
574 1849 850 1885 Καταλαλῆσαιγάρ
859 1850 916 1875 εστι

125 1895 155 1922 τὺ
178 1896 265 1921 εἰπεῖν
284 1895 353 1922 κατά
373 1903 454 1927 τινος,
477 1893 542 1927 οἷον,
565 1895 606 1921 ὅτι
629 1895 777 1929 Ἑψεύσατο
801 1896 815 1921 ὸ
832 1895 915 1926 δεξνα,

125 1942 152 1978 ἢ,
170 1941 337 1978 ὼργίσθη,ἣ
360 1941 532 1976 ὲπόρνευσεν,
554 1942 570 1976 ἦ
595 1950 622 1968 τι
648 1941 779 1968 τοιοῦτον·
803 1941 916 1975 ὲλάλησε

125 1988 180 2023 γὰρ
188 1987 319 2022 ἐμπαθῶς
334 1988 363 2013 τὸ
377 1987 528 2023 ἁμάρτημα
540 1987 587 2014 τοῦ
600 1987 726 2021 ἀδελφοῦ.
735 1987 917 2020 Κατακρῖναι

123 2034 153 2061 δέ
167 2035 225 2060 ἐστι
240 2034 270 2060 τὸ
283 2034 379 2066 εἰπεῖν,
397 2034 437 2059 ὅτι
461 2034 489 2060 ’0
502 2033 575 2060 δεῖνα
590 2033 709 2068 ψεύστης
724 2034 791 2065 ἐστὶ,
808 2033 915 2068 πόρνος,

124 2081 233 2117 ὀργίλος
243 2089 249 2095 ·
266 2079 319 2106 ldo-‘4
333 2080 386 2115 γὰρ
401 2080 560 2115 κατέκρινεν
575 2081 659 2115 αὑτὴν
675 2080 723 2114 τὴν
736 2080 854 2107 διάθεσιν
868 2080 916 2114 τῆς

125 2126 216 2162 ψυχῆς
235 2126 329 2157 αὑτοῦ,
344 2126 390 2151 καὶ
404 2126 562 2160 ἀπεφήνατο
576 2125 635 2152 καθ’
652 2125 711 2153 ὅλου
727 2126 774 2151 τοῦ
791 2125 846 2160 βίου
866 2127 915 2153 αὑ-

125 2174 174 2201 τοῦ
192 2173 289 2207 λέγων,
311 2173 351 2199 ὅτι
367 2172 469 2198 τοιόσδε
489 2172 579 2198 ἐστίν·
598 2171 661 2198 ἄλλο
684 2172 737 2207 γάρ
751 2172 809 2198 ἐστι
830 2171 860 2198 τὸ
879 2172 916 2198 εί-

128 2221 198 2251 πεῖν,
219 2218 356 2254 Ὡργίσθη,
367 2218 414 2245 καὶ
430 2218 493 2244 ἄλλο
510 2218 550 2249 τὸ,
573 2218 694 2253 Ὀργίλος
705 2218 789 2245 ἐστίν.
811 2218 915 2250 Ὲξου-

126 2265 291 2292 (mammae
301 2265 357 2290 ἐστι
377 2264 407 2290 τὸ
420 2264 500 2290 οἱονεὶ
521 2263 709 2298 βδελύσσεσθαι
731 2264 775 2290 τὸν
791 2264 912 2300 πλησίον,

964 331 1012 364 sit,
1027 339 1057 360 se
1066 331 1166 367 pellere
1182 335 1297 360 sanctus
1309 331 1356 360 ille
1368 332 1412 359 vir
1429 331 1507 366 dicit,
1526 339 1580 359 non
1594 334 1685 359 autem
1699 338 1749 360 eos

962 377 1010 413 qui
1023 377 1331 406 coram‘conviciantur.
1350 376 1375 405 Is
1387 377 1459 405 enim
1474 377 1502 404 In
1514 385 1594 414 quem
1606 376 1749 405 maledicta

962 424 1161 460 conjiciuntur,
1175 424 1219 452 vel
1234 431 1355 460 praesens
1371 431 1432 452 sese
1447 423 1588 459 purgabit;
1602 424 1646 451 vel
1666 431 1696 451 se
1710 426 1749 450 ta-

963 471 1015 498 lem
1031 478 1093 498 esse
1109 471 1262 503 convictus,
1282 470 1385 506 pudore
1411 470 1552 498 aﬂicietur.
1577 469 1669 497 Potest
1684 469 1749 496 item

962 515 1093 551 distingui
1107 515 1270 543 obtrectatio
1284 515 1355 542 clam
1370 514 1442 543 edita
1461 514 1495 541 ab
1511 515 1687 542 accusatione
1705 521 1749 541 co-

963 570 1019 589 ram
1029 561 1122 597 judice
1131 561 1213 589 facta.
1226 561 1332 589 Etenim
1344 561 1402 597 ipsa
1413 569 1522 597 quoque
1532 560 1558 588 in
1571 568 1668 596 genere
1678 561 1751 588 oblo-

962 609 1036 636 cutio
1058 608 1112 636 dici
1129 612 1237 643 potest;
1257 607 1304 635 sed
1320 615 1381 643 quae
1400 608 1470 634 clam
1492 615 1547 634 non
1564 607 1618 634 ﬁat.
1634 606 1750 634 Fructus

962 657 1054 691 itaque
1064 659 1166 683 sanctae
1176 655 1275 683 mentis
1285 654 1366 682 fuerit
1375 655 1508 689 malignos
1518 655 1653 687 aversari;
1665 657 1753 681 extre-

962 710 1012 729 ma:
1030 709 1094 729 vero
1111 701 1219 728 malitiae
1233 704 1423 736 argumentum
1435 703 1531 727 contra
1550 699 1661 726 fratrem
1679 699 1753 726 oblo-

961 748 1007 783 qui
1019 756 1025 781 ;
1035 747 1116 782 idque
1125 746 1194 773 clam
1204 754 1291 781 neque
1300 745 1326 772 in
1337 749 1495 781 conspectu,
1510 744 1599 780 nequi
1608 746 1753 771 accusatur

962 802 1021 822 sese
1035 801 1150 829 purgare
1166 793 1270 826 valeat;
1297 793 1333 819 ita
1354 795 1383 818 ut
1408 791 1455 827 qui
1481 799 1574 819 coram
1600 791 1679 818 nobis
1705 790 1751 817 alii

961 839 1108 871 maledicit.
1122 847 1155 866 ne
1165 838 1275 874 quidem
1288 846 1303 865 a
1315 837 1397 865 nobis
1410 837 1570 865 vellicaudis
1581 844 1673 864 coram
1689 835 1753 863 aliis

962 885 1107 913 abstineat.
1141 885 1323 917 Quamobrem
1362 882 1519 919 hujusmodi
1557 882 1693 909 hominem
1722 884 1753 909 ut

962 939 1134 959 communem
1150 931 1255 958 hostem
1272 930 1404 965 repellere
1420 932 1634 956 consentaneum
1652 925 1750 958 fuerit;

963 979 1057 1011 utpote
1073 976 1120 1011 qui
1141 976 1216 1002 illum
1231 976 1296 1003 olim
1314 976 1339 1002 in
1357 975 1484 1010 paradiso
1499 974 1644 1000 draconem
1663 971 1752 998 imite-

962 1025 1017 1054 tur,
1034 1022 1079 1056 qui
1098 1025 1194 1048 contra
1220 1020 1304 1048 Deum
1330 1021 1497 1054 obloquens,
1527 1018 1608 1044 Evam
1632 1015 1751 1044 seduxit.

962 1067 1018 1094 Nos
1042 1071 1133 1094 autem
1158 1074 1207 1094 nec
1223 1066 1431 1097 maledicamus,
1459 1072 1510 1091 nec
1527 1060 1753 1090 maledicentibus

963 1121 1055 1141 aurem
1072 1112 1251 1147 praebeamus.
1267 1111 1412 1143 Auditum,
1432 1110 1529 1145 inquit,
1544 1117 1640 1135 vanum
1660 1115 1691 1134 ne
1704 1114 1754 1134 ex~

964 1159 1047 1193 cipias
1059 1166 1068 1184 :
1085 1165 1140 1184 non
1157 1158 1212 1188 ait,
1228 1165 1262 1184 ne
1277 1156 1392 1189 credas;
1419 1155 1477 1187 sed,
1491 1163 1522 1182 ne
1535 1153 1663 1188 excipias.
1691 1151 1754 1180 Ideo

964 1204 1099 1239 Propheta
1110 1204 1186 1237 dicit,
1196 1203 1381 1230 Detrahemem
1397 1200 1585 1237 persequebar;
1599 1207 1686 1234 neque
1699 1198 1752 1225 ait:

964 1250 1023 1278 Non
1039 1250 1181 1278 credebam
1191 1250 1227 1282 ei,
1241 1249 1284 1277 vel
1297 1259 1302 1276 :
1320 1248 1395 1275 Dicta
1411 1248 1472 1282 ejus
1488 1255 1542 1274 non
1555 1245 1731 1273 admittebant
1746 1244 1754 1277 ξ

965 1297 1012 1325 sed
1041 1301 1070 1323 ut
1098 1297 1239 1323 inimicum
1266 1295 1409 1330 pellebam.
1439 1293 1487 1320 Dic
1518 1291 1694 1320 detrahenti:
1724 1289 1754 1316 Si

965 1343 1119 1379 quempiam
1132 1342 1244 1370 laudare
1260 1342 1313 1374 vis,
1330 1348 1411 1368 aures
1426 1339 1557 1375 aperiam,
1572 1340 1603 1364 ut
1616 1339 1753 1371 unguenta

966 1389 1115 1424 excipiam;
1131 1388 1172 1416 sin
1188 1388 1352 1415 maledicere
1367 1387 1450 1419 velis,
1473 1385 1564 1412 verbis
1580 1384 1634 1410 tuis
1649 1382 1754 1410 aditum

966 1434 1157 1466 iutercludam,
1172 1441 1260 1468 neque
1272 1434 1345 1461 enim
1362 1433 1453 1460 ﬁmum
1477 1436 1504 1458 et
1525 1431 1612 1458 lutum
1630 1428 1755 1463 excipere

966 1481 1117 1509 sustinebo.
1133 1480 1170 1508 Os
1189 1480 1264 1508 frena
1280 1479 1433 1507 detrahenti
1465 1477 1499 1504 ad
1523 1484 1605 1504 aures
1629 1480 1702 1507 tuas,
1721 1481 1754 1501 ne

966 1535 1029 1555 cum
1042 1528 1089 1555 illo
1105 1526 1222 1562 duplicis
1240 1526 1343 1561 peccati
1372 1532 1435 1552 reus
1455 1523 1555 1551 evadas
1567 1542 1575 1555 ,
1601 1528 1663 1549 cum
1681 1523 1708 1548 et
1725 1523 1754 1546 tu

966 1574 1082 1602 exitioso
1095 1574 1163 1601 mori
1181 1579 1336 1604 assuescas,
1355 1576 1381 1599 et
1398 1571 1473 1598 illum
1490 1577 1504 1596 a
1522 1568 1644 1596 susurris
1659 1569 1754 1594 contra

968 1620 1120 1656 proximum
1139 1626 1193 1646 non
1207 1619 1373 1646 absterreas.
1390 1616 1429 1644 Ne
1452 1623 1546 1643 aurem
1563 1619 1638 1641 tuam
1655 1612 1755 1648 lingua

968 1665 1135 1694 detrahentis
1150 1665 1282 1700 praebeas,
1302 1671 1390 1698 neque
1404 1662 1526 1697 linguam
1548 1665 1623 1687 tuam
1641 1658 1756 1685 auribus

966 1712 1100 1747 viluperia
1130 1712 1270 1738 amantis:
1295 1710 1385 1738 dulcia
1410 1709 1522 1744 loquare
1547 1710 1575 1734 et
1603 1704 1699 1733 audias
1722 1704 1756 1732 de

967 1760 1102 1795 proximo,
1123 1766 1156 1785 ne
1170 1766 1185 1784 a
1200 1757 1333 1784 eharitate
1347 1755 1459 1783 excidas
1471 1776 1479 1788 ,
1493 1757 1518 1781 et
1547 1761 1560 1780 a
1578 1752 1633 1780 vita
1652 1753 1754 1779 acterna

967 1807 1071 1833 alienus
1095 1805 1244 1832 inveniare.
1272 1803 1404 1830 Dill‘erunt
1430 1805 1520 1828 autem
1548 1800 1619 1827 inter
1642 1805 1672 1826 se
1697 1805 1756 1824 con-

966 1852 1101 1883 demnare,
1130 1850 1261 1885 despicere
1288 1853 1315 1876 et
1338 1847 1485 1875 detrahere.
1516 1845 1582 1874 Nam
1619 1842 1756 1870 detrahere

966 1901 1008 1925 est
1023 1900 1118 1925 contra
1136 1896 1254 1931 aliquem
1271 1895 1352 1922 verba
1380 1893 1470 1920 facere
1482 1912 1489 1923 ,
1515 1891 1591 1919 verbi
1608 1891 1694 1925 gratia
1715 1889 1756 1916 div

967 1951 1029 1970 cere
1041 1951 1047 1969 :
1061 1941 1107 1968 Ille
1119 1941 1200 1968 homo
1215 1940 1346 1967 mentitus
1358 1943 1410 1969 est,
1421 1941 1479 1968 aut,
1493 1936 1521 1962 in
1536 1936 1604 1962 iram
1618 1932 1754 1968 prorupit,

967 1993 1013 2016 aut
1028 1988 1181 2015 mmehatus
1196 1990 1237 2014 est
1248 2006 1255 2019 ,
1272 1989 1318 2012 aut
1333 1984 1399 2019 quid
1418 1983 1524 2015 simile;
1555 1981 1578 2008 is
1602 1980 1675 2008 enim
1691 1985 1756 2014 pec-

966 2040 1056 2062 catum
1074 2033 1164 2061 fratris
1178 2032 1220 2060 sui
1236 2039 1269 2059 ex
1284 2030 1368 2058 animi
1385 2032 1459 2057 motu
1469 2027 1608 2055 revelavit.
1624 2024 1755 2053 Condam-

966 2089 1041 2113 nare,
1058 2080 1084 2107 id
1098 2084 1140 2106 est
1156 2078 1248 2106 dicere
1264 2086 1271 2104 :
1290 2075 1364 2103 Talis
1380 2075 1462 2102 homo
1475 2071 1591 2100 mendax
1606 2075 1665 2104 est,
1686 2076 1756 2097 mte-

965 2128 1045 2158 chus,
1063 2124 1233 2157 iracundus;
1247 2130 1321 2155 nam.
1336 2126 1366 2149 ut
1383 2120 1470 2152 vides,
1490 2119 1580 2154 ipsum
1597 2116 1682 2144 animi
1696 2115 1757 2150 ejus

966 2174 1091 2203 allectum
1103 2176 1130 2199 et
1140 2178 1221 2198 usum
1237 2168 1387 2198 damnavit.
1408 2174 1440 2193 ac
1459 2169 1553 2192 contra
1569 2167 1654 2191 totam
1674 2161 1756 2189 vitam

964 2221 1024 2256 ejus
1041 2218 1203 2247 sententiam
1212 2216 1284 2247 tulit,
1297 2215 1391 2242 dicens
1404 2221 1465 2241 eum
1476 2212 1522 2239 illo
1530 2210 1611 2238 modo
1623 2208 1748 2256 allectum

964 2252 1034 2295 esse.
1051 2264 1133 2292 Aliud
1146 2263 1246 2299 quippe
1268 2266 1310 2289 est
1335 2261 1445 2288 dicere:
1469 2257 1499 2285 In
1523 2257 1591 2284 iram
1616 2252 1755 2290 prorupit:

128 2311 175 2339 καὶ
187 2310 371 2346 σικχαίνεσθαι
386 2309 423 2341 ὡς
437 2309 504 2344 αηδῆ
516 2318 590 2335 τινα’
607 2308 621 2335 ὃ
634 2309 679 2335 καὶ
693 2308 739 2336 τοῦ
753 2311 915 2345 κατακρίναι

969 2311 1043 2338 aliud
1064 2317 1148 2338 vero:
1180 2307 1331 2335 Iracundus
1361 2309 1414 2333 est.
1439 2303 1578 2337 Despicere
1601 2303 1692 2327 autem
1715 2301 1757 2325 est

127 2355 189 2383 ὸλεθ
193 2355 271 2391 ριὼτε
276 2364 332 2390 ρον.

167 2498 208 2523 Οὐ
235 2494 358 2527 κατῴκει
380 2495 414 2521 ἐν
431 2494 515 2530 μέσῳ
544 2493 595 2528 τῆς
620 2495 716 2527 οἰκίας
740 2503 799 2528 μου
826 2493 918 2520 ποιῶν

129 2542 346 2577 ὑπερηφανίαν.
374 2542 448 2567 ’Δνω
475 2541 523 2577 μὲν
549 2540 612 2576 περὶ
639 2540 716 2575 φίλου
744 2540 917 2575 ὑπερηφάνου

129 2589 223 2623 ἔλεγεν
232 2596 239 2603 ⁸
255 2586 373 2614 ἐνταῦθα
386 2587 414 2613 δὲ
429 2587 493 2623 περὶ
507 2587 642 2622 ὑπηρέτου
656 2586 748 2621 φησὶν,
765 2587 805 2613 ὃτι
817 2586 919 2613 υὺδένα

131 2636 185 2662 τῶν
209 2634 344 2669 ὑπεροψίᾳ
370 2634 518 2670 χρωμένων
542 2633 663 2660 σύνοικον
689 2634 761 2668 ἔχειν
783 2632 917 2669 ᾑρούμην,

131 2681 190 2708 οὑδὲ
206 2680 348 2716 πρωτείων
363 2680 408 2706 καὶ
424 2680 579 2715 παρρησίας
596 2679 704 2715 ἠξιοῦτο
719 2680 782 2715 παρ’
798 2679 869 2714 ἐμοὶ,
882 2679 917 2711 ὡς

130 2726 177 2754 τοῦ
199 2728 227 2753 ὲν
249 2726 323 2761 μέσῳ
342 2727 391 2760 τῆς
413 2726 499 2757 οἰκίας
520 2726 676 2762 παρρησίαν
699 2726 745 2752 καὶ
764 2725 919 2761 ἐλευθερίαν

131 2772 252 2808 ἔχοντος”
271 2773 298 2798 ὲν
311 2772 387 2806 ὂψεσι
402 2772 456 2806 γὰρ
471 2772 599 2798 δεσπότου
617 2773 630 2798 ὀ
643 2772 771 2804 τοιοῦτος.
788 2773 877 2799 Ποιεῖν
891 2772 919 2799 δὲ

132 2818 322 2854 ὑπερηφανίαν
338 2818 396 2844 ἐστὶ
414 2819 444 2845 τὸ
463 2818 530 2853 μετὰ
547 2817 704 2850 ἀλαζονείας
721 2819 849 2854 ἐνεργεῖν.
874 2818 920 2845 as.

131 2872 175 2900 γοι
189 2864 212 2891 δ’
229 2864 271 2895 ἂν,
289 2865 334 2891 καὶ
348 2865 388 2891 ὃτι
401 2873 407 2879 θ
421 2864 457 2891 Οὐ
474 2864 591 2899 κατῴκει
605 2866 632 2891 ὲν
695 2865 792 2900 καρδίᾳ
807 2874 856 2900 μου
877 2864 919 2890 λο-

132 2911 230 2946 γισμὸς
251 2910 408 2937 ὑποϐάλλων
431 2910 624 2945 ὑπερηφανίαν.
652 2911 757 2937 Λίιλώι·
780 2911 867 2937 ἄδικα
884 2912 919 2937 οιῖν

133 2957 317 2984 aiant-avreu-
339 2956 467 2983 ἐγώπιιν
488 2955 545 2983 τῶν
562 2955 804 2987 ἐξθιι.ῑιιῶνμ.,υου.
824 2956 920 2984 Συντύ-

968 2357 1047 2393 quasi
1066 2355 1198 2383 detestari
1220 2352 1385 2389 proximum,
1402 2353 1430 2378 et
1445 2348 1523 2384 quasi
1538 2346 1664 2374 odiosum
1681 2344 1755 2371 illum

968 2389 1105 2431 exsecrari
1120 2411 1127 2428 :
1143 2401 1216 2436 quod
1241 2399 1322 2427 etiam
1342 2398 1400 2432 ipsa
1414 2392 1639 2423 conulemnatione
1666 2389 1757 2426 perni-

968 2449 1072 2477 ciosius
1087 2454 1138 2476 est.

1007 2494 1089 2522 Vens.
1111 2488 1219 2530 ἶίΝοη
1235 2490 1371 2519 habitabat
1387 2490 1413 2517 in
1431 2481 1622 2516 medio-domus
1637 2490 1699 2530 mea
1712 2481 1758 2517 qui

971 2541 1068 2576 faceret
1085 2529 1247 2575 superbiam.
1271 2537 1404 2573 Superius
1414 2534 1524 2571 quidem
1547 2532 1580 2560 de
1604 2529 1693 2557 amico
1708 2535 1756 2556 su-

971 2587 1056 2622 perbo
1071 2586 1179 2613 locutus
1196 2588 1256 2618 est;
1273 2584 1316 2611 hic
1328 2586 1418 2610 autem
1438 2581 1472 2608 de
1491 2579 1593 2607 famulo
1615 2576 1736 2612 loquitur
1748 2594 1756 2606 .

972 2634 1063 2669 aitque
1078 2643 1084 2660 :
1101 2631 1241 2660 Neminem
1258 2638 1353 2658 eorum
1367 2628 1414 2665 qui
1436 2626 1553 2663 superbe
1574 2628 1685 2660 agerent
1708 2622 1758 2649 do-

972 2679 1116 2707 mesticum
1133 2678 1199 2705 mihi
1214 2676 1363 2712 deligebam
1377 2694 1384 2706 .
1407 2681 1496 2709 neque
1521 2669 1702 2699 concedebant
1729 2671 1759 2694 ut

972 2725 1043 2762 apud
1056 2732 1098 2752 me
1116 2725 1218 2759 primas
1233 2725 1358 2750 tenerent
1370 2724 1398 2749 et
1415 2720 1529 2747 ﬁdenter
1544 2722 1656 2753 agerent
1666 2735 1675 2749 ,
1693 2714 1757 2750 quia

972 2771 1076 2799 scilicet
1091 2770 1115 2798 is
1129 2771 1175 2805 qui
1186 2770 1214 2797 in
1227 2768 1315 2796 medio
1327 2768 1425 2795 domus
1438 2770 1481 2794 est
1495 2765 1623 2793 ﬁduciam
1637 2767 1664 2790 et
1674 2762 1758 2789 liber-

972 2821 1055 2845 tatem
1073 2817 1196 2844 obtinet:
1218 2822 1280 2843 nam
1299 2813 1455 2850 hujusmodi
1469 2813 1551 2840 homo
1564 2811 1592 2839 in
1608 2809 1695 2838 oculis
1709 2808 1760 2835 do-

973 2864 1040 2892 mini
1055 2867 1189 2892 versatur.
1205 2862 1366 2898 Superbiam
1381 2869 1447 2889 vero
1465 2860 1565 2889 facere,
1581 2863 1623 2886 est
1636 2864 1698 2884 cum
1714 2863 1759 2882 ar-

972 2911 1096 2947 rogantia
1112 2919 1141 2938 se
1155 2917 1256 2946 gerere.
1272 2909 1371 2937 Dixerit
1388 2908 1451 2936 item
1465 2917 1471 2934 :
1492 2906 1550 2932 Non
1566 2903 1706 2931 habitabat
1731 2901 1758 2928 in

973 2957 1055 2986 corde
1070 2964 1132 2985 meo
1146 2955 1275 2994 cogitatio
1291 2955 1446 2986 superbiant
1463 2958 1621 2984 sumemus.
1638 2949 1695 2992 ρκι
1718 2947 1759 2975 lo-
